4018 6156
470 258 591 317 ’³83

485 388 660 432 tamen
692 373 758 430 ad
789 388 882 428 eos
906 387 964 427 se
992 369 1331 436 contulerat;
1362 369 1488 438 quin
1520 369 1716 438 potius,
1748 380 1868 420 cum
1911 379 2048 433 pnn-

482 469 725 521 stitutttm
758 474 968 532 tempus
991 461 1102 530 jam
1132 458 1442 524 efﬂuxisset,
1473 458 1645 512 adhuc
1672 467 1849 510 tamen
1899 471 2058 510 cunc-

485 561 695 614 tabatur
735 571 800 611 ac
847 569 1026 608 moras
1070 553 1346 618 trahebat;
1395 550 1536 620 quod
1583 550 1789 605 scilicet
1829 549 2058 618 Spiritus

481 666 606 706 cum
647 651 698 702 in
727 648 847 701 aliis
879 647 1033 715 longe
1060 644 1225 714 magis
1251 642 1570 698 necessariis
1599 640 1824 711 negotiis
1859 639 2060 694 retine-

481 753 580 796 ret.
615 741 724 796 Hac
754 739 823 794 de
849 753 1008 794 causa
1035 736 1321 792 secundam
1348 735 1630 804 epistolam
1670 733 1912 788 scribere
1961 747 2057 786 ne-

483 847 633 886 cesse
666 830 869 892 habuit,
901 845 1004 882 non
1034 841 1254 882 necesse
1285 825 1558 880 habiturus
1581 865 1599 893 ,
1632 824 1674 877 si
1703 824 1878 877 minus
1907 821 2056 878 tarde

481 922 737 978 venisset.
767 921 873 974 Nec
905 935 1032 974 vero
1073 917 1174 972 hoc
1211 917 1487 971 dumtaxat
1516 915 1755 979 nomine,
1784 914 1877 969 sed
1904 913 1974 968 ob
2004 913 2054 968 id

482 1017 642 1070 etiam
669 1056 684 1080 ,
733 1013 874 1084 quod
920 1029 986 1067 ex
1015 1011 1291 1081 superiore
1331 1009 1556 1079 epistola
1586 1009 1832 1064 meliores
1859 1007 2054 1062 redditi

483 1105 714 1160 fuerant.
747 1105 876 1158 Nam
911 1103 1285 1158 furnicatorem
1315 1115 1471 1168 eum,
1500 1115 1657 1169 quem
1687 1100 1830 1168 prius
1875 1097 2056 1153 faVOre

483 1197 992 1267 complectebantur,
1017 1203 1071 1248 et
1089 1193 1158 1247 ob
1177 1206 1333 1262 quem
1357 1191 1650 1245 insolenter
1667 1205 1724 1244 se
1744 1189 2052 1256 efferebant,

485 1288 825 1343 absciderant
851 1301 913 1340 ac
944 1299 1159 1354 prorsus
1188 1283 1477 1353 ejecerant.
1513 1280 1566 1336 ld
1597 1281 1736 1352 quod
1769 1280 1848 1335 his
1876 1281 2055 1335 verbis

487 1378 735 1433 iudicavit
767 1396 780 1431 τ
811 1377 872 1433 Si
909 1379 1019 1446 quis
1045 1387 1209 1430 autem
1235 1375 1564 1438 contristavit,
1605 1391 1705 1428 non
1749 1391 1825 1427 nte
1865 1373 2057 1427 contri-

485 1471 653 1535 stavit,
677 1471 764 1524 sed
789 1485 852 1524 ea:
877 1476 1018 1539 parte
1041 1507 1056 1531 ,
1084 1477 1138 1520 ut
1167 1484 1266 1520 non
1296 1482 1498 1520 onerem
1523 1482 1691 1519 omnes
1720 1481 1805 1518 vos
1832 1465 1907 1534 (2.
1937 1463 2054 1519 Cor.

483 1563 539 1615 2.
570 1561 652 1634 5).
676 1560 880 1614 Sufﬁcit
904 1561 974 1625 ei,
1007 1558 1094 1629 qui
1122 1556 1380 1627 ejusmodi
1405 1565 1506 1620 est,
1538 1556 1832 1625 objurgatio
1857 1571 1918 1608 ea
1939 1569 2057 1624 qua:

487 1653 599 1707 ﬁta
641 1653 901 1722 pluribus.
942 1653 1020 1705 Ac
1053 1665 1265 1704 rursum
1309 1649 1572 1704 sermonis
1602 1662 1884 1717 progressu
1916 1646 2053 1701 idem

483 1745 676 1811 innuit,
701 1761 820 1798 cum
847 1743 919 1796 ait
950 1761 962 1796 :
995 1741 1126 1795 Ecce
1145 1743 1276 1795 enint
1298 1741 1392 1794 hoc
1413 1741 1598 1811 ipsum,
1623 1740 1756 1810 quod
1785 1740 2055 1794 secundum

486 1837 649 1891 Deum
681 1836 959 1890 contristati
1000 1835 1135 1900 estis,
1173 1843 1413 1904 quantam
1437 1834 1488 1886 in
1515 1833 1650 1886 vobis
1670 1832 2056 1886 sollicitudinem

479 1927 684 1995 eﬂ'ecit;
713 1929 814 1980 imo
856 1927 1256 1989 excusationem,
1284 1925 1384 1978 into
1410 1924 1825 1994 indignationem,
1857 1924 1956 1976 imo
1987 1925 2054 1976 ti-

483 2037 690 2078 morem.
716 2021 817 2073 imo
844 2018 1170 2083 desiderium,
1199 2017 1300 2070 imo
1327 2015 1700 2070 temulationem
1723 2057 1738 2082 ,
1768 2014 1869 2068 imo
1894 2015 2053 2068 vindi-

475 2124 633 2168 ctam.
665 2110 731 2165 In
758 2111 986 2165 omnibus
1013 2108 1306 2163 exhibuistis
1333 2124 1417 2161 vos
1439 2107 1859 2160 incontaminatos
1879 2121 1984 2160 esse
2002 2106 2056 2159 in

477 2205 677 2276 negotio
707 2203 780 2275 (2.
814 2201 932 2256 Cor.
976 2201 1028 2252 7.
1071 2201 1182 2267 11).
1231 2197 1367 2265 Quin
1407 2198 1679 2266 pecuniam
1711 2212 1850 2262 eam,
1895 2212 2055 2267 quam

483 2299 867 2366 imperaverat,
898 2305 1107 2346 summo
1135 2289 1311 2342 studio
1333 2289 1658 2358 collegerant
1683 2301 1699 2342 :
1729 2288 1869 2344 unde
1894 2289 2052 2344 etiam

479 2387 712 2448 dicebat,
742 2384 863 2439 Scio
893 2383 1024 2436 enim
1049 2381 1361 2434 alacritatem
1380 2390 1619 2447 vestram,
1658 2381 1720 2434 de
1747 2397 1845 2452 qua
1863 2382 2054 2452 glorior

477 2479 618 2549 apud
648 2475 950 2530 Macedones
975 2489 993 2528 :
1020 2474 1260 2543 quoniam
1283 2473 1477 2526 Achaia
1508 2483 1687 2541 parata
1713 2483 1785 2527 est
1820 2474 1882 2527 ab
1918 2491 2052 2529 anno

479 2567 727 2639 superiori
775 2565 865 2638 (2.
898 2566 1017 2621 Cor.
1049 2565 1103 2620 9.
1145 2563 1239 2629 2).
1286 2564 1400 2619 Huc
1426 2565 1631 2619 accedit
1667 2565 1807 2634 quod
1848 2565 2048 2632 Titum,

478 2676 639 2730 quem
663 2659 774 2726 ipse
802 2657 1040 2723 miserat,
1069 2657 1298 2711 maxima
1322 2671 1441 2709 cum
1471 2655 1837 2711 benevolentia
1865 2671 2052 2712 susce-

481 2759 685 2820 Itt’l'aﬂl.
718 2749 773 2804 ld
801 2748 942 2820 quod
971 2748 1132 2804 etiam
1161 2747 1475 2802 ostendebat
1499 2788 1513 2814 ,
1551 2763 1669 2801 cum
1699 2763 1884 2802 rursus
1911 2748 2052 2804 dice-

475 2850 598 2895 rct:
642 2839 847 2896 Viscera
880 2841 989 2911 ejus
1031 2839 1374 2894 abundantius
1409 2851 1526 2893 sunt
1564 2839 1616 2893 in
1655 2840 1812 2906 vobis,
1843 2841 2048 2895 remini-

476 2933 660 2987 scentis
684 2933 910 2986 omnium
938 2941 1152 2986 vestrum
1183 2931 1512 2983 obedientiam
1537 2971 1551 2996 ,
1573 2932 1823 3000 quomodo
1849 2949 1962 2985 cum
1988 2935 2053 2984 ti-

477 3042 615 3080 more
638 3035 684 3079 et
711 3035 923 3079 tremore
948 3039 1059 3078 eum
1086 3023 1374 3092 suscepistis
1404 3021 1501 3092 (2.
1533 3021 1651 3078 Cor.
1693 3024 1748 3078 7.
1776 3023 1840 3078 15
1867 3024 1908 3092 ).
1955 3023 2049 3078 His

477 3115 724 3171 Omnibus
743 3115 919 3169 causis
939 3113 1217 3179 adductus,
1240 3111 1525 3168 secundam
1547 3113 1826 3183 epistolam
1843 3113 2045 3170 scribit.

479 3207 690 3262 Etenim
712 3221 807 3277 par
827 3215 962 3270 erat,
996 3213 1053 3259 ut
1079 3202 1528 3273 quemadmodum
1559 3204 1702 3271 illos,
1723 3219 1843 3259 cum
1864 3221 2051 3275 pecca-

477 3310 616 3364 rent,
665 3297 1017 3369 objurgabat;
1069 3298 1147 3352 sic
1197 3297 1355 3352 etiam
1401 3297 1618 3352 eosdem
1661 3298 1727 3352 ad
1775 3298 2051 3354 meliorem

478 3403 708 3448 mentem
741 3405 988 3448 reversos
1013 3389 1386 3460 comprobaret
1418 3407 1483 3446 ac
1517 3392 1760 3448 laudibus
1790 3392 2047 3450 afﬁceret.

476 3487 554 3540 Ac
579 3483 800 3554 proinde
838 3498 939 3538 nec
976 3497 1153 3538 acrem
1183 3496 1242 3537 se
1271 3496 1333 3537 ac
1359 3481 1729 3538 vehementem
1757 3498 1851 3552 per
1885 3492 2048 3538 totam

476 3579 756 3649 epistolam
789 3577 1008 3647 praebet,
1042 3577 1136 3632 sed
1167 3577 1219 3631 in
1253 3579 1434 3647 paucis
1461 3579 1735 3635 dumtaxat
1760 3579 1860 3635 sub
1887 3581 2051 3652 ipsius

479 3672 635 3724 finem
660 3671 914 3738 partibus.
943 3669 1074 3723 Nam
1099 3677 1154 3724 ct
1173 3669 1312 3738 apud
1338 3684 1431 3725 eos
1452 3667 1618 3725 Judaei
1645 3670 1857 3742 quidam
1879 3681 2049 3737 erant,

477 3767 568 3834 qui
597 3764 874 3832 magniﬁce
900 3762 968 3816 de
988 3777 1048 3817 se
1075 3763 1355 3829 sentirent,
1385 3778 1449 3818 ac
1476 3763 1697 3818 Paulum
1728 3774 1785 3818 ut
1809 3779 2055 3834 arrogan-

477 3864 586 3906 tem
616 3853 914 3922 nulliusque
943 3853 1096 3920 pretii
1125 3853 1393 3906 hominem
1425 3855 1835 3910 criminarentur
1866 3872 1880 3910 :
1915 3855 2055 3910 ideo-

480 3959 585 4014 que
601 3943 868 4008 dicebant,
896 3941 1138 4012 Epistoloz
1156 3944 1357 4012 quidem
1383 3959 1577 4014 graves,
1602 3948 1866 4015 prwsentia
1885 3956 2054 4000 autem

479 4036 706 4106 corporis
725 4035 947 4105 inﬁrma,
969 4042 1015 4088 et
1039 4051 1201 4088 sermo
1224 4035 1604 4104 contemptibilis
1625 4037 1699 4106 (2.
1720 4037 2052 4110 Cor.10.10).

480 4129 719 4197 Quorum
757 4125 1042 4180 verborum
1085 4125 1199 4180 hare
1240 4133 1357 4181 erat
1397 4129 1657 4182 sententia
1688 4145 1704 4184 :
1730 4128 1860 4184 Cum
1903 4131 2057 4186 adest

483 4220 594 4287 ille,
627 4219 823 4273 nullius
856 4218 1012 4288 pretii
1037 4233 1157 4273 esse
1180 4218 1422 4286 videtur;
1453 4219 1554 4276 hoc
1580 4222 1724 4277 enim
1751 4223 1802 4278 in
1835 4225 1916 4278 his
1937 4241 2056 4282 ver-

479 4313 564 4368 bis
591 4311 939 4383 signiﬁcatur,
969 4309 1249 4364 Praesentia
1283 4313 1508 4383 corporis
1534 4313 1779 4381 inﬁrma:
1807 4331 1926 4371 cum
1955 4333 2052 4372 au-

477 4416 587 4460 tcm
618 4404 879 4460 abscessit
903 4445 918 4469 ,
947 4419 1042 4474 per
1068 4403 1252 4458 literas
1278 4418 1600 4475 magnopere
1628 4421 1685 4461 se
1709 4407 1911 4477 jactat;
1943 4410 2056 4466 tunc

485 4499 627 4553 enim
654 4497 844 4551 horum
870 4495 1160 4550 verborum
1192 4495 1510 4566 signiﬁcatio
1539 4506 1640 4563 est,
1675 4497 1920 4568 Epistola:
1937 4518 2054 4574 gra-

477 4605 582 4642 ves.
597 4587 706 4642 hno
722 4596 778 4642 ut
799 4587 1055 4641 honorem
1081 4587 1180 4642 sibi
1203 4587 1564 4653 conciliarent,
1589 4603 1647 4643 se
1667 4589 1794 4645 nihil
1816 4593 2057 4663 accipere

480 4678 824 4732 simulabant.
863 4678 1013 4745 Quod
1044 4679 1204 4732 etiam
1235 4680 1406 4748 ipsum
1436 4678 1708 4746 innucbat,
1747 4696 1866 4735 cum
1905 4683 2054 4740 dice-

479 4779 607 4824 ret:
643 4767 710 4824 Ut
747 4770 801 4822 in
843 4784 942 4838 quo
981 4769 1294 4839 gloriantur,
1341 4770 1662 4824 inveniantur
1707 4773 1836 4825 sicut
1881 4783 1928 4827 et
1965 4791 2056 4830 nos

484 4865 565 4934 (2.
593 4862 711 4918 Cor.
747 4863 834 4917 11.
869 4861 978 4932 12).
1021 4864 1098 4917 Ac
1139 4871 1419 4932 pra-terea,
1461 4861 1716 4933 quoniam
1744 4865 1952 4921 dicendi
1979 4867 2058 4922 fa-

483 4957 682 5013 cultate
711 4956 981 5027 pollebant
1010 4955 1114 5020 ibi,
1142 4970 1207 5009 eo
1238 4957 1452 5011 nomine
1477 4956 1685 5012 animos
1708 4959 1961 5029 majorem
2002 4959 2053 5014 in

488 5052 702 5107 modum
732 5051 1070 5106 attollebant.
1095 5049 1298 5104 Idcirco
1328 5048 1441 5119 ipse
1479 5065 1598 5106 sese
1625 5053 1925 5121 imperitum
1963 5070 2057 5125 ap-

485 5144 684 5212 pellat,
714 5153 771 5197 ttt
796 5142 1042 5198 Ostendat
1077 5141 1126 5197 id
1153 5142 1252 5196 sibi
1282 5142 1500 5197 minime
1541 5143 1729 5214 pudori
1768 5161 1887 5201 esse
1911 5187 1926 5213 ,
1954 5162 2055 5202 nec

485 5249 597 5288 rem
631 5234 805 5303 magni
847 5249 965 5289 esse
1005 5233 1197 5304 pretii;
1231 5233 1336 5289 imo
1365 5235 1558 5289 nullius
1601 5236 1876 5291 momenti.
1914 5239 2058 5304 Quo-

484 5324 626 5378 niam
667 5324 821 5394 igitur
849 5325 1136 5380 verisimile
1164 5335 1278 5379 crat
1305 5325 1562 5393 quosdam
1603 5342 1787 5382 eorum
1814 5328 2056 5384 oratione

489 5431 520 5470 a
547 5423 689 5471 recta
718 5415 980 5469 sententia
1009 5415 1194 5469 deduci
1219 5457 1234 5480 ,
1268 5415 1465 5470 idcirco
1489 5432 1606 5471 cum
1639 5420 1785 5488 prius
1813 5421 1955 5488 ipsos
1986 5421 2055 5475 ob

484 5507 560 5574 id,
593 5505 734 5578 quod
757 5515 902 5562 recte
942 5505 1208 5572 fecerant,
1245 5507 1484 5562 laudibus
1510 5510 1821 5574 extulisset;
1853 5525 1915 5564 ac
1939 5526 2057 5565 rur-

485 5617 577 5658 sus
618 5601 828 5657 illorum
876 5601 1231 5672 arrogantiam
1279 5602 1347 5655 ob
1393 5600 1638 5656 Judaicas
1681 5604 2051 5668 ceremonias,

481 5709 613 5764 quas
648 5693 1015 5766 intempesﬁve
1039 5691 1148 5764 jam
1181 5691 1468 5750 observare
1497 5691 1799 5760 studebant,
1828 5694 2054 5751 retudis-

1219 255 1275 312 S.
1315 251 1589 311 JOANNIS
1624 247 2090 307 CIIRYSOSTOMI
2139 247 2994 305 ARClllEP.CO.\'ST.-1NTZNOP.

3633 255 3734 308 384

2163 373 2246 418 set
2274 382 2288 419 :
2319 374 2426 417 tum
2458 363 2686 432 denique
2719 365 2818 419 hoc
2845 379 2938 419 eos
2966 364 3179 419 nomine
3205 364 3442 419 nonnihil
3466 365 3729 437 ohjurgat.

2159 457 2336 526 Atque
2361 457 2684 526 hujusmodi,
2705 467 2757 509 ut
2777 458 3076 510 summatim
3099 471 3161 511 ac
3180 457 3325 513 velut
3343 458 3515 512 obiter
3534 458 3729 526 dicam,

2159 548 2403 617 epistola:
2448 558 2818 618 argumentum
2864 549 2994 603 mihi
3041 564 3161 605 esse
3209 549 3437 604 videtur.
3482 549 3731 620 Sequitur

2154 637 2264 708 jam
2297 647 2351 692 ut
2373 639 2612 707 epistolae
2644 639 2848 693 initiqu
2876 639 3216 711 attingamus,
3247 640 3619 712 dicamusque,
3640 658 3731 698 cur

2159 742 2277 802 post
2307 733 2721 797 salutationem,
2754 749 2911 802 quam
2941 749 3038 804 pro
3085 748 3182 788 suo
3225 749 3377 789 more
3422 734 3724 802 adhibebat,

2157 827 2235 878 sic
2283 839 2312 877 a
2361 825 2451 879 Dei
2497 825 2925 879 miserationibus
2973 838 3198 879 exorsus
3239 825 3326 879 sit.
3370 824 3527 880 Prius
3555 835 3728 883 tamen

2159 914 2474 985 principium
2504 915 2676 984 ipsum
2718 915 2987 984 explicare
3024 930 3160 985 opus
3187 925 3307 982 est,
3338 930 3403 970 ac
3445 932 3688 986 quaerere
3709 958 3724 984 ,

2158 1018 2322 1074 quare
2363 1004 2703 1060 Timotheum
2749 1006 2849 1060 hoc
2899 1005 3018 1061 loco
3059 1007 3158 1060 sibi
3206 1007 3489 1078 cOpularit.
3534 1006 3728 1064 Paulus

2158 1098 2322 1163 enim,
2365 1099 2566 1168 inquit,
2599 1099 2856 1168 apostolus
2894 1097 3019 1153 Iesu
3059 1098 3246 1153 Christi
3288 1117 3378 1169 per
3422 1101 3728 1156 voluntatem

2158 1187 2276 1250 Dei,
2304 1197 2351 1242 et
2377 1187 2664 1244 Timotheus
2697 1193 2874 1262 frater.
2903 1191 3108 1245 Etenim
3137 1191 3190 1244 in
3217 1191 3397 1259 priore
3421 1192 3643 1261 epistola
3672 1209 3730 1250 se

2159 1279 2309 1333 illum
2348 1294 2467 1335 esse
2499 1281 2782 1337 missurum
2823 1281 3174 1352 pollicebatur
3214 1292 3269 1338 et
3310 1283 3621 1340 hortabatur
3649 1286 3729 1342 his

2158 1369 2336 1424 verbis
2365 1387 2380 1425 :
2409 1370 2470 1425 Si
2494 1381 2659 1424 autem
2685 1372 2869 1426 venerit
2889 1370 3196 1438 Timotheus,
3219 1373 3378 1427 videte
3399 1384 3452 1427 ut
3472 1376 3582 1429 sine
3600 1387 3729 1431 metu

2157 1460 2221 1513 sit
2249 1459 2386 1532 apud
2412 1476 2496 1516 vos
2528 1463 2606 1529 (1.
2636 1462 2750 1517 Cor.
2785 1462 2872 1518 16.
2905 1462 2996 1534 10)
3026 1480 3038 1517 :
3066 1479 3162 1519 cur
3181 1479 3306 1534 ergo
3330 1480 3451 1519 eum
3481 1465 3586 1521 hoc
3615 1465 3727 1521 loco

2160 1552 2211 1606 in
2240 1553 2500 1622 prooemio
2527 1569 2710 1610 secum
2736 1556 3046 1628 conjungit?
3073 1556 3224 1624 Cum,
3252 1566 3308 1611 ut
3333 1559 3584 1628 magister
3611 1574 3730 1629 pro-

2159 1644 2396 1712 miserat,
2419 1644 2486 1699 ad
2511 1659 2606 1700 eos
2637 1660 2696 1700 se
2719 1647 3032 1700 contulisset
3059 1647 3201 1718 (Misi
3223 1649 3364 1703 enim
3383 1689 3398 1712 ,
3427 1649 3600 1718 inquit
3623 1690 3636 1714 ,
3665 1651 3728 1704 ad

2157 1753 2243 1791 vos
2267 1736 2601 1806 Timotheum,
2631 1739 2716 1808 qui
2743 1755 2828 1793 vos
2853 1739 3265 1810 commonefaciet
3294 1741 3399 1794 vias
3421 1757 3559 1794 meas
3583 1783 3599 1807 ,
3622 1757 3729 1809 qua:

2157 1838 2273 1882 sunt
2299 1831 2351 1882 in
2368 1828 2562 1883 Christo
2587 1828 2659 1903 [1.
2678 1829 2792 1885 Cor.
2807 1829 2964 1902 4.17]
2989 1830 3199 1901 ),atque
3227 1830 3314 1886 ttbi
3341 1831 3517 1886 omnia
3533 1833 3730 1888 rectius

2159 1923 2557 1990 constituisset,
2587 1923 2652 1977 ad
2683 1923 2902 1978 Paulum
2945 1939 3004 1979 se
3031 1935 3325 1993 receperat.
3361 1925 3564 1980 Etenim
3606 1941 3727 1981 cum

2159 2027 2280 2066 eum
2312 2013 2568 2076 mitteret,
2600 2012 2830 2079 dicebat,
2855 2011 3102 2068 Deducite
3126 2031 3238 2068 eum
3264 2016 3314 2068 in
3337 2031 3474 2084 pace.
3494 2024 3548 2068 ut
3564 2016 3729 2069 veniat

2158 2103 2226 2156 ad
2247 2119 2324 2156 me
2342 2113 2602 2173 :exspecto
2624 2104 2756 2158 enim
2776 2121 2886 2158 eum
2907 2121 3022 2159 cum
3042 2105 3281 2175 fratribus
3299 2104 3502 2176 (1.Cor.
3519 2106 3726 2178 16.11).

2227 2194 2280 2248 2.
2307 2195 2656 2266 Posteaquam
2690 2197 2847 2266 igitur
2871 2197 2938 2251 ad
2970 2200 3280 2269 magistrum
3311 2213 3370 2253 se
3395 2200 3724 2269 recepisset,

2156 2301 2219 2342 ac
2247 2287 2508 2342 restitutis
2545 2290 2909 2358 correctisqne
2947 2306 3048 2344 una
3078 2306 3198 2344 cum
3225 2306 3291 2346 eo
3331 2292 3474 2346 Asiae
3501 2293 3728 2363 negotiis

2157 2380 2396 2452 (Manebo
2423 2383 2563 2436 enim
2585 2421 2601 2447 ,
2645 2383 2848 2452 inquit,
2881 2381 3069 2453 Ephesi
3106 2399 3262 2453 usque
3302 2383 3370 2436 ad
3401 2381 3728 2439 Pentecosten

2157 2470 2233 2544 [1.
2265 2470 2381 2526 Cor.
2413 2472 2499 2528 16.
2532 2471 2642 2546 8]),
2673 2488 2858 2529 rursus
2887 2476 2938 2528 in
2966 2473 3330 2530 Macedoniam
3357 2475 3726 2532 transivisset:

2151 2564 2260 2632 jam
2298 2580 2404 2618 non
2445 2564 2711 2620 immerito
2754 2581 2876 2621 eum
2907 2575 2964 2621 ut
2994 2576 3307 2638 prmsentem
3352 2568 3452 2622 sibi
3495 2569 3726 2639 copulat.

2156 2655 2364 2712 Etenim
2398 2665 2524 2712 tunc
2548 2672 2614 2712 ex
2644 2657 2792 2723 Asia,
2824 2675 2965 2714 nunc
2994 2669 3168 2714 autem
3199 2677 3230 2715 e
3255 2660 3571 2716 Macedonia
3595 2664 3728 2717 scri-

2155 2747 2250 2802 bit.
2278 2749 2449 2818 Ipsum
2478 2763 2637 2818 porro
2663 2750 2761 2804 sibi
2787 2751 3083 2822 conjunxit,
3116 2760 3227 2805 tum
3260 2759 3318 2806 ut
3344 2768 3468 2813 eum
3497 2752 3729 2808 honora—

2154 2838 2399 2894 biliorem
2429 2839 2707 2906 redderet,
2741 2849 2848 2896 tum
2892 2851 2951 2897 ut
2980 2843 3211 2912 ingentis
3255 2843 3572 2898 humilitatis
3622 2859 3731 2899 sua:

2153 2933 2422 3002 specimen
2449 2932 2740 2988 exhiberet.
2771 2934 2898 2988 Erat
2923 2936 3065 2989 enim
3097 2935 3184 2991 ille
3212 2935 3429 2992 inferior
3455 2937 3610 3006 ipso;
3636 2937 3731 2992 sed

2153 3025 2347 3080 caritas
2385 3027 2561 3081 omnia
2590 3028 2880 3082 connectit.
2915 3029 3098 3098 quue
3141 3029 3301 3084 etiam
3342 3029 3438 3098 tit,
3489 3037 3546 3084 ut
3577 3031 3728 3086 illum

2155 3120 2350 3190 ubique
2389 3121 2490 3176 sibi
2539 3129 2779 3191 exaequet
2804 3161 2817 3185 ,
2858 3137 2998 3176 nunc
3040 3122 3107 3176 ita
3159 3123 3396 3192 loquens,
3439 3121 3729 3196 Tamquam

2154 3213 2286 3282 patri
2307 3211 2466 3282 ﬁlius,
2494 3213 2619 3266 mihi
2639 3213 2890 3268 inservivit
2921 3211 3174 3284 (Philipp.
3205 3214 3258 3268 2.
3284 3213 3373 3286 22)
3403 3230 3417 3267 :
3445 3230 3585 3270 nunc
3604 3230 3726 3269 rur-

2152 3321 2266 3373 sus,
2298 3305 2438 3377 Opus
2461 3308 2596 3360 enim
2617 3305 2829 3360 Domini
2857 3315 3115 3378 aperatur,
3146 3309 3272 3362 sicut
3294 3317 3338 3361 et
3365 3322 3454 3378 ego
3481 3305 3576 3378 (1.
3603 3305 3726 3363 Cor.

2154 3397 2244 3452 16.
2278 3397 2370 3468 10)
2405 3415 2420 3453 :
2449 3412 2510 3452 ac
2538 3397 2767 3468 denique
2811 3397 2911 3452 hoc
2960 3398 3078 3454 loco
3122 3398 3339 3452 fratrem
3371 3412 3582 3468 quoque
3608 3414 3731 3452 eum

2153 3488 2390 3559 appellat
2416 3505 2431 3544 :
2461 3489 2710 3543 nimirum
2741 3498 2799 3543 ut
2823 3489 3072 3544 omnibus
3102 3489 3279 3544 modis
3304 3490 3353 3543 ei
3385 3489 3526 3558 apud
3553 3488 3735 3545 Corin-

2157 3578 2293 3634 thios
2323 3578 2720 3634 venerationem
2751 3590 3040 3649 comparet.
3073 3579 3205 3633 Nam
3230 3595 3297 3634 eo
3316 3621 3331 3643 ,
3362 3589 3420 3634 ut
3441 3579 3553 3649 jam
3583 3579 3691 3634 dixi
3715 3620 3730 3643 ,

2156 3679 2485 3740 perrexerat,
2517 3685 2736 3741 suaeque
2764 3672 2976 3725 virtutis
3003 3671 3386 3726 documentum
3409 3670 3728 3741 praebuerat.

2156 3763 2396 3822 Ecclesia:
2427 3763 2521 3820 Dei
2547 3780 2660 3836 qua
2683 3776 2754 3818 est
2790 3763 3035 3818 Corinthi.
3068 3764 3274 3822 Rursus
3312 3778 3406 3819 eos
3432 3761 3727 3817 Ecclesiam

2155 3867 2331 3925 vocat,
2362 3866 2422 3912 ut
2447 3872 2633 3911 omnes
2662 3858 2712 3910 in
2747 3873 2908 3912 unum
2943 3857 3194 3914 conciliet
3221 3871 3284 3912 ac
3310 3855 3589 3911 devinciat.
3615 3852 3727 3909 Ne-

2157 3966 2259 4021 que
2283 3950 2424 4005 enim
2455 3949 2689 4004 Ecclesia
2719 3965 2821 4004 una
2852 3964 2971 4005 esse
2997 3959 3176 4021 queat,
3205 3949 3422 4006 divulsis
3447 3949 3541 4013 iis,
3564 3958 3729 4017 atque

2158 4042 2297 4096 inter
2331 4057 2390 4096 se
2419 4040 2797 4095 dissidentibus
2821 4082 2834 4102 ,
2883 4042 2972 4112 qui
3016 4043 3068 4096 in
3110 4057 3172 4097 ea
3202 4051 3345 4096 sunt.
3376 4040 3501 4096 Cum
3542 4040 3731 4094 sanctis

2157 4135 2386 4187 omnibus
2416 4134 2502 4204 qui
2531 4143 2645 4187 sunt
2670 4132 2721 4186 in
2751 4134 2981 4187 universa
3006 4133 3216 4187 Achaia.
3258 4132 3458 4188 Eadem
3488 4147 3652 4200 opera
3677 4141 3731 4187 et

2157 4223 2464 4279 Corinthios
2492 4223 2697 4279 honore
2722 4224 2902 4288 afﬁcit,
2935 4223 3061 4278 dum
3099 4238 3196 4292 per
3221 4238 3337 4278 eam
3365 4237 3523 4293 quam
3546 4221 3611 4276 ad
3636 4236 3729 4276 eos

2158 4315 2342 4375 scribit
2367 4315 2644 4384 epistolam
2669 4329 2854 4370 omnes
2883 4315 3202 4382 consalutat,
3224 4324 3276 4369 et
3305 4314 3610 4368 universam
3639 4327 3732 4367 na-

2162 4407 2358 4462 tionem
2391 4406 2528 4463 inter
2554 4421 2613 4462 se
2641 4407 2905 4460 conciliat.
2936 4407 3162 4462 Sanctos
3189 4415 3365 4460 autem
3404 4421 3500 4461 eos
3540 4414 3727 4472 vocat,

2159 4509 2217 4552 ut
2243 4497 2487 4552 ostendat
2522 4497 2589 4551 ab
2620 4497 2717 4552 hac
2742 4498 3096 4567 appellatione
3133 4497 3364 4553 alienum
3395 4511 3517 4552 esse
3536 4537 3551 4561 ,
3580 4498 3729 4569 quis-

2159 4590 2278 4660 quis
2327 4589 2546 4659 impuris
2593 4599 2676 4644 est
2717 4590 2972 4644 moribus.
3025 4589 3094 4645 Et
3137 4605 3232 4645 cur
3273 4589 3341 4643 ad
3390 4590 3727 4660 metmpolitn

2159 4679 2418 4748 scribens,
2465 4682 2711 4736 omnibus
2754 4697 2849 4751 per
2892 4697 3008 4735 eam
3053 4681 3258 4748 scribit,
3299 4696 3418 4737 cum
3457 4681 3509 4735 id
3535 4681 3729 4751 ubique

2159 4774 2375 4826 minime
2417 4771 2606 4825 faciat?
2643 4770 2916 4840 Siquidem
2955 4787 3075 4826 cum
3116 4771 3183 4825 ad
3223 4769 3728 4826 Thessalonicenses

2159 4866 2343 4919 literas
2378 4863 2563 4928 daret,
2596 4878 2699 4917 non
2732 4862 2798 4917 ad
2827 4861 3143 4918 Macedones
3189 4877 3399 4933 quoque
3425 4861 3727 4925 scribebat;

2159 4972 2257 5012 nec
2297 4957 2423 5012 item
2475 4956 2719 5025 Ephesiis
2763 4955 3021 5022 scribens,
3070 4955 3371 5009 universam
3417 4955 3596 5008 Asiam
3629 4967 3729 5006 una

2159 5049 2468 5119 complexus
2511 5058 2621 5110 est;
2669 5062 2768 5101 nec
2815 5039 3048 5116 denique
3079 5047 3314 5116 Epistola
3351 5045 3420 5099 ad
3460 5045 3730 5099 Romanos

2163 5144 2228 5198 iis
2267 5142 2447 5208 etiam,
2483 5142 2571 5211 qui
2615 5140 2668 5195 in
2709 5139 2857 5194 italia
2896 5139 3266 5205 versabantur,
3300 5139 3460 5192 missa
3503 5146 3602 5192 est.
3637 5135 3731 5189 llic

2160 5247 2337 5294 autem
2367 5235 2467 5290 hoc
2493 5234 2648 5298 facit,
2685 5243 2844 5304 atque
2883 5234 3006 5288 item
3047 5234 3098 5288 in
3141 5231 3372 5302 Epistola
3400 5230 3464 5285 ad
3496 5229 3728 5285 Galatas.

2162 5327 2341 5397 Neque
2369 5326 2511 5381 enim
2541 5324 2647 5378 illic
2675 5325 2766 5380 uni
2794 5323 3089 5389 dumtaxat,
3128 5333 3219 5377 aut
3247 5322 3475 5385 duabus,
3515 5329 3608 5375 aut
3636 5318 3730 5372 tri-

2161 5417 2262 5471 bus
2307 5416 2632 5482 civitatibus,
2683 5415 2776 5470 sed
2823 5415 2888 5470 iis
2931 5416 3021 5486 qui
3066 5415 3259 5484 passim
3301 5412 3530 5482 dispersi
3579 5416 3729 5464 erant

2163 5509 2384 5572 scribit,
2418 5507 2499 5562 his
2537 5505 2714 5560 verbis
2752 5514 2946 5561 utens:
2982 5504 3173 5558 Paulus
3207 5504 3499 5573 apostolus,
3543 5517 3644 5554 non
3672 5497 3733 5550 ab

2163 5600 2444 5654 hominibus
2468 5615 2556 5653 nec
2583 5615 2670 5670 per
2690 5599 2962 5665 hominem,
2989 5599 3078 5654 sed
3106 5613 3192 5666 per
3215 5597 3394 5650 Iesum
3415 5592 3670 5651 Christum
3684 5601 3732 5644 et

2164 5691 2324 5746 Deum
2349 5691 2572 5760 Patrem,
2599 5692 2684 5763 qui
2709 5691 2962 5747 suscitavit
2980 5707 3088 5746 eum
3104 5704 3165 5744 ex
3179 5687 3414 5754 mortuis,
3447 5695 3493 5742 et
3519 5685 3603 5757 qui
3629 5699 3731 5735 me-
