4018 6156
311 256 414 312 385

314 378 730 450 παρακλήσεως.
770 381 924 444 Τίνος
953 376 1046 434 οὖν
1073 380 1257 433 ἕνεκεν
1291 379 1548 450 δευτέραν
1580 377 1870 449 προστίθη-

313 489 436 540 σιν;
469 471 652 525 Εἰπὼν
678 473 735 525 ἐν
761 475 825 542 τῇ
858 473 1096 544 προτέρα
1137 472 1442 542 Ἐπιστολῇ,
1476 472 1556 524 ὅτι
1598 471 1874 524 Ἐλεύσο-

312 577 416 630 μαι
438 561 588 630 πρὸς
614 559 785 629 ὑμᾶς,
814 562 910 615 καὶ
943 568 1266 631 γνώσομαι,
1301 564 1372 616 οὐ
1404 561 1510 614 τὸν
1536 562 1722 630 λόγον
1757 559 1876 613 τῶν

315 651 802 721 πεφυσιωμένων,
847 653 1008 706 ἀλλὰ
1038 652 1153 721 τὴν
1193 652 1468 722 δύναμιν,
1513 653 1607 705 καὶ
1638 649 1769 721 πρὸς
1798 649 1876 719 τῷ

315 743 456 798 τέλει
486 744 644 798 πάλιν
668 744 1096 816 προσηνέστερον
1123 743 1254 797 αὐτὸ
1288 742 1448 796 τοῦτο
1473 741 1836 811 ὑποσχόμενος
1857 758 1872 772 ο

326 835 670 905 Ἐλεύσομαι
701 835 828 906 γὰρ,
863 835 1018 905 φησι,
1065 836 1216 904 πρὸς
1240 834 1415 903 ὑμᾶς,
1446 833 1591 887 ὅταν
1616 831 1878 886 Μακεδο-

315 929 452 982 νίαν
487 927 699 982 διέλθω
721 941 736 956 ο
773 927 1150 980 Μακεδονίαν
1185 926 1296 996 γὰρ
1339 925 1641 994 διέρχομαι
1677 939 1694 956 ο
1728 922 1877 990 πρὸς

315 1017 466 1090 ὑμᾶς
491 1018 560 1072 δὲ
599 1020 790 1088 τυχὸν
825 1016 1162 1088 παραμενῶ,
1201 1017 1237 1085 ἢ
1276 1017 1372 1072 καί
1416 1013 1874 1086 παραχειμάσω·

313 1109 508 1165 πολλοῦ
569 1109 772 1182 μεταξὺ
823 1109 1115 1180 γενομένου
1170 1109 1362 1180 χρόνου
1405 1109 1465 1162 οὑ
1525 1106 1874 1178 παρεγένετο,

314 1195 450 1249 ἀλλὰ
473 1195 568 1249 καὶ
595 1196 696 1264 τῆς
731 1193 1068 1264 προθεσμίας
1097 1191 1486 1263 παρελθούσης,
1533 1189 1754 1262 ἔμελλεν
1797 1189 1878 1242 ἔτι

315 1288 408 1342 καὶ
443 1287 724 1361 ἐϐράδυνε,
764 1284 858 1339 τοῦ
905 1284 1216 1354 Πνεῦματος
1266 1283 1423 1337 αὐτὸν
1461 1282 1784 1351 κατέχοντος
1821 1281 1878 1336 ἐν

315 1380 522 1452 ἑτέροις
564 1378 742 1450 πολλῷ
799 1377 999 1433 τούτων
1057 1376 1516 1446 ἀναγκαιοτέροις.
1566 1373 1665 1427 Διά
1721 1371 1880 1426 τοῦτο

313 1471 600 1542 ἐπιστολῆς
628 1469 816 1542 ἐδεήθη
854 1468 1125 1538 δευτέρας,
1165 1467 1262 1522 οὐκ
1287 1466 1352 1520 ἂν
1372 1465 1602 1538 δεηθεὶς,
1633 1467 1682 1519 εί
1730 1463 1881 1536 παρά

317 1562 514 1634 μικρὸν
540 1561 853 1634 ὑστέρησεν.
904 1561 978 1614 Οὐ
1009 1558 1098 1614 διὰ
1130 1558 1287 1613 τοῦτο
1331 1558 1389 1612 δέ
1432 1559 1612 1630 μόνον,
1647 1558 1760 1612 ἀλλ’
1799 1558 1880 1610 ὅτι

314 1654 408 1708 καὶ
442 1652 684 1722 βελτίους
719 1648 858 1724 ἦσαν
893 1651 1000 1705 ἀπὸ
1031 1649 1182 1724 [ωε]
1213 1649 1314 1719 τῆς
1342 1649 1616 1722 προτέρας
1658 1665 1883 1720 γεγενη-

319 1743 494 1814 μένοι.
537 1744 647 1796 Kal
670 1743 776 1814 γάρ
799 1743 888 1797 τὸν
928 1742 1355 1814 πεπορνευκότα,
1385 1742 1446 1795 δν
1477 1743 1739 1814 πρότερον
1769 1759 1884 1794 συνο

318 1834 593 1905 εκρότουν,
622 1834 717 1887 καὶ
745 1834 831 1903 ἐφ’
863 1825 906 1900 ᾧ
933 1833 1074 1905 μέγα
1099 1833 1378 1904 ἐφρόνουν,
1403 1833 1591 1887 τοῦτον
1623 1833 1882 1902 ἐξέκοψαν

319 1925 410 1978 καὶ
438 1923 718 1993 ἀφώρισαν
741 1923 1038 1988 παντελῶς.
1061 1925 1172 1978 Kal
1201 1924 1357 1978 τοῦτο
1376 1923 1642 1992 ἐδήλωσεν
1675 1924 1842 1978 είπών
1864 1939 1878 1954 ·

315 2018 383 2077 Εἰ
417 2014 487 2069 δέ
517 2031 607 2081 τις
635 2016 1002 2084 λελύπηκεν,
1042 2017 1153 2070 οὐκ
1183 2015 1288 2084 ἐμὲ
1315 2018 1679 2082 λελύπηκεν,
1722 2015 1884 2070 ἀλλὰ

314 2103 433 2158 ἀπὸ
455 2104 701 2173 μέρους,
733 2105 833 2159 ἵνα
852 2105 937 2174 μὴ
971 2103 1227 2174 ἐπιϐαρῶ
1262 2104 1494 2171 πάντας
1521 2103 1694 2174 ὑμᾶς.
1737 2105 1881 2158 Ἱκα-

311 2197 402 2250 νὸν
429 2197 505 2269 τῷ
531 2195 754 2267 τοιούτῳ
784 2197 817 2268 ἡ
843 2197 1090 2268 ἐπιτιμία
1113 2196 1250 2268 αὕτη
1274 2199 1306 2268 ἡ
1331 2196 1434 2250 ὑπὸ
1463 2197 1572 2250 τῶν
1600 2196 1881 2251 πλειόνων.

312 2288 424 2343 Kal
459 2287 664 2360 προῖὼν
696 2287 854 2343 πάλιν
883 2288 944 2342 τὸ
989 2288 1121 2343 αὐτὸ
1162 2288 1451 2342 αἰνίττεται
1480 2287 1675 2354 λέγων·
1727 2287 1883 2342 Ἰδοὺ

312 2381 425 2452 γὰρ
457 2381 524 2434 τὸ
552 2380 704 2434 κατὰ
751 2379 900 2435 Θεὸν
924 2379 1271 2449 λυπηθῆναι
1307 2380 1481 2449 ὑμᾶς,
1510 2379 1714 2445 πόσην
1745 2394 1884 2431 κατ-

307 2470 632 2542 ειργάσατο
676 2471 746 2526 ἐν
781 2471 924 2540 ὑμῖν
961 2471 1247 2540 σπουδήν
1285 2487 1300 2502 ο
1333 2471 1495 2526 ἀλλὰ
1531 2470 1882 2540 ἀπολογίαν,

308 2564 479 2619 ἀλλὰ
514 2562 949 2633 ἀγανάκτησιν,
995 2562 1156 2617 ἀλλὰ
1179 2563 1386 2631 φόϐον,
1420 2562 1579 2616 ἀλλὰ
1608 2561 1887 2627 ἐπιπόθη-

305 2669 441 2722 σιν,
465 2655 627 2710 ἀλλὰ
649 2653 854 2724 ζῆλον,
869 2654 1028 2709 ἀλλὰ
1049 2652 1380 2721 ἐκδίκησιν.
1418 2653 1519 2707 Ἐν
1538 2651 1716 2704 παντί
1740 2666 1886 2704 συν-

306 2745 616 2814 εστήσατε
645 2743 901 2811 ἑαυτοὺς
922 2743 1143 2814 ἁγνοὺς
1173 2740 1325 2798 εἶναι
1365 2744 1434 2798 ἐν
1462 2743 1541 2808 τῷ
1566 2742 1880 2812 πράγματι.

307 2839 428 2895 Kal
462 2837 561 2909 τὴν
581 2836 834 2905 εὐλογίαν
862 2834 937 2900 δέ,
973 2831 1042 2903 ἢν
1069 2835 1339 2901 ἐκέλευσε,
1371 2835 1508 2906 μετά
1533 2833 1734 2903 πολλῆς
1764 2850 1886 2886 συν-

305 2933 521 3004 ήγαγον
545 2929 644 3000 τῆς
674 2927 911 2998 σπουδῆς
942 2943 959 2959 ·
985 2926 1066 2979 διὸ
1101 2927 1196 2980 καὶ
1234 2926 1437 2994 ἔλεγεν·
1469 2922 1608 2978 Οἶδα
1635 2927 1742 2994 γὰρ
1772 2924 1887 2993 τὴν

305 3021 652 3090 προθυμίαν
679 3016 865 3088 ὑμῶν,
893 3016 974 3085 ἢν
995 3016 1147 3086 ὑπὲρ
1174 3015 1341 3086 ὑμῶν
1363 3015 1672 3085 καυχῶμαι
1696 3019 1886 3069 Μακε-

305 3113 513 3179 δόσιν,
543 3111 634 3165 ὅτι
669 3110 866 3180 Ἀχαΐα
887 3108 1368 3177 παρεσκεύασται
1391 3106 1750 3178 ἀποπέρυσι.
1777 3109 1887 3162 Καὶ

307 3204 407 3259 τὸν
453 3203 610 3257 Τίτον
640 3213 690 3266 ⁸,
733 3200 794 3254 ὃν
835 3199 1068 3270 έπεμψε,
1114 3197 1251 3269 μετά
1291 3197 1469 3268 πάσης
1506 3197 1754 3264 ἐδέξαντο
1785 3199 1886 3269 τῆς

310 3294 550 3358 εὐνοίας.
591 3292 703 3347 Kal
747 3291 906 3345 τοῦτο
941 3291 1074 3345 αὐτὸ
1104 3290 1318 3353 δεικνὺς
1357 3291 1519 3344 πάλιν
1551 3290 1734 3359 ἔλεγεν
1755 3329 1771 3356 ,
1801 3292 1885 3345 ὅτι

321 3385 404 3443 Τὰ
448 3383 776 3454 σπλάγχνα
819 3382 1006 3436 αὑτοῦ
1069 3383 1508 3450 περισσοτέρως
1570 3381 1742 3434 ἐστίν
1799 3385 1886 3448 εις

315 3475 498 3546 ὑμᾶς,
522 3471 1122 3542 ἀναμιμνησκομένου
1157 3472 1272 3539 τὴν
1306 3473 1549 3525 πάντων
1575 3471 1744 3540 ὑμῶν
1773 3475 1888 3528 ὑπ..

317 3566 536 3634 ιικοὴν,
568 3563 722 3618 ὥστε
749 3565 776 3605 δ
803 3565 950 3634 μετὰ
981 3564 1170 3634 φόϐου
1213 3564 1312 3618 καὶ
1339 3565 1556 3632 τρόμου
1598 3563 1888 3628 ἐδέξασθε

313 3657 528 3712 αὐτόν.
558 3655 657 3710 Διά
689 3654 857 3710 ταῦτα
892 3657 1068 3710 πάντα
1097 3655 1298 3726 γράφει
1323 3655 1422 3725 τὴν
1452 3653 1710 3726 δευτέραν
1742 3655 1889 3708 Ἐπι-

315 3749 536 3821 στολήν.
566 3749 677 3804 Kal
706 3747 812 3821 γὰρ
838 3749 1025 3820 ἐχρῆν,
1053 3748 1242 3816 ὥσπερ
1271 3747 1429 3817 ἡνίκα
1463 3746 1772 3818 ἡμάρτανον
1798 3749 1883 3800 ἐν-

314 3841 526 3908 εκάλει,
555 3841 695 3894 οὕτω
726 3840 1118 3914 διορθωθέντας
1149 3838 1509 3904 ἀποδέξασθαι
1535 3838 1629 3892 καὶ
1667 3839 1886 3892 ἐπαινέ-

314 3951 428 3989 σαι.
460 3933 664 4006 Διόπερ
686 3933 807 3986 οὐδὲ
841 3931 1320 4002 καταφορικωτέρα
1343 3929 1460 3983 ἐστὶ
1497 3931 1700 4002 πᾶσαή
1736 3931 1886 3984 Ἐπι-

314 4030 502 4100 στολὴ,
533 4027 645 4082 ἀλλ’
675 4025 832 4093 ὀλίγα
863 4023 956 4076 τοῦ
1005 4022 1188 4084 τέλους
1217 4021 1389 4091 αὐτῆς
1432 4021 1594 4092 μέρη.
1628 4019 1736 4073 Kal
1778 4021 1887 4091 γὰρ

309 4120 457 4196 ἦσαν
487 4122 580 4174 καὶ
612 4119 740 4188 παρ’
770 4119 952 4180 αὐτοῖς
979 4116 1040 4181 ἐξ
1078 4114 1342 4169 Ἰουδαίων
1367 4113 1510 4184 μέγα
1540 4112 1884 4184 φρονοῦντες,

313 4214 418 4269 καὶ
466 4212 676 4266 Παῦλον
720 4210 1093 4272 διαϐάλλοντες
1132 4209 1206 4270 ὡς
1253 4205 1488 4269 ἀλαζόνα
1533 4207 1626 4260 καί
1675 4206 1887 4270 οὐδενὸς

312 4306 469 4371 ἄξιον
496 4305 657 4373 λόγου
684 4319 700 4335 ⁸
729 4302 809 4357 διὸ
837 4303 933 4356 καὶ
961 4301 1168 4368 ἔλεγον⁶
1204 4301 1272 4352 Αἱ
1293 4299 1412 4367 μὲν
1434 4297 1750 4352 ἐπιστολαὶ
1774 4301 1886 4362 ,ϐα-

307 4397 491 4468 ρεῖαι,
527 4398 566 4466 ἠ
597 4397 666 4450 δὲ
693 4395 996 4464 παρουσία
1023 4391 1131 4446 τοῦ
1155 4391 1428 4460 σώματος
1455 4391 1740 4458 ἀσθενὴς,
1787 4390 1884 4444 καὶ

315 4493 354 4545 ό
395 4491 580 4559 λόγος
615 4484 1107 4555 ἐξουθενημένος.
1164 4484 1229 4536 Ὃ
1267 4483 1324 4535 δέ
1369 4481 1552 4550 ἔλεγον
1586 4481 1742 4534 τοῦτο
1770 4477 1836 4550 ἦν
1865 4495 1881 4512 ⁶

316 4575 490 4635 ’Ὅταν
517 4580 613 4650 μὲν
643 4581 810 4648 παρῇ,
833 4579 1017 4646 φησὶν,
1038 4573 1244 4637 οὐδενὸς
1262 4572 1408 4637 ἄξιος
1430 4572 1698 4641 φαίνεται·
1729 4571 1886 4624 τοῦτο

315 4671 426 4743 γάρ
458 4673 628 4735 ἐστιν,
669 4671 730 4724 Ἡ
775 4668 1074 4736 παρουσία
1120 4666 1225 4721 τοῦ
1263 4665 1535 4734 σώματος
1567 4663 1834 4732 ἀσθενής
1867 4679 1881 4693 ο

314 4762 572 4819 ἀπελθὼν
598 4760 656 4814 δέ
685 4759 956 4830 κομπάζει
987 4758 1216 4828 μεγάλα,
1253 4757 1318 4810 δι’
1348 4749 1422 4810 ὧν
1456 4754 1758 4808 ἐπιστέλλει
1783 4770 1796 4783 ·
1823 4753 1886 4806 τὸ

316 4856 451 4928 γάρ,
481 4857 553 4909 Al
603 4852 914 4907 ἐπιστολαὶ
954 4850 1210 4918 βαρεῖαι,
1253 4848 1409 4900 τοῦτο
1455 4847 1729 4916 σημαίνει.
1777 4847 1886 4899 Καὶ

322 4949 410 4999 ἵνα
431 4944 624 5008 δόξωσι
647 4944 717 4996 τὰ
739 4943 862 4996 καθ’
891 4942 1114 5002 ἑαυτοὺς
1146 4939 1502 5007 σεμνοποιεῖν,
1532 4938 1884 5008 ὑπεκρίνοντο

325 5037 400 5107 μὴ
451 5034 771 5106 λαμϐάνειν.
823 5033 999 5102 Ὅπερ
1053 5025 1144 5084 οὖν
1197 5028 1292 5080 καὶ
1338 5027 1466 5081 αὐτὸ
1519 5027 1884 5098 αἰνιττόμενος

323 5128 507 5196 ἔλεγεν
531 5143 544 5156 ·
574 5127 699 5179 Ἵνα
720 5125 790 5178 ὲν
809 5116 857 5189 ᾧ
885 5121 1241 5188 καυχῶνται,
1265 5115 1547 5186 εὐρεθῶσι
1571 5116 1763 5182 καθὼς
1783 5120 1880 5172 καὶ

320 5220 513 5290 ἡμεῖς.
542 5217 698 5273 Μετά
719 5217 775 5270 δὲ
805 5214 1008 5268 τούτων
1035 5213 1128 5264 καὶ
1158 5212 1256 5282 τὴν
1284 5209 1390 5263 ἀπὸ
1422 5207 1514 5262 τοῦ
1537 5208 1692 5276 λόγου
1723 5208 1881 5262 δύνα-

327 5332 417 5382 μιν
441 5314 654 5386 ἔχοντες
676 5309 882 5372 αὐτόθι,
907 5307 1110 5377 σφόδρα
1135 5306 1412 5376 ἐπῄροντο.
1441 5302 1530 5356 Διὸ
1549 5303 1642 5356 καὶ
1665 5303 1882 5374 ἰδιώτην

323 5407 512 5463 ἑαυτὸν
533 5405 711 5467 καλεῖ,
739 5400 950 5457 δεικνὺς
975 5399 1056 5451 ὅτι
1080 5397 1178 5449 οὐκ
1199 5393 1509 5465 αἰσχύνεται
1539 5393 1733 5464 τούτῳ,
1760 5395 1880 5448 οὑδέ

328 5497 465 5567 μέγα
512 5515 566 5550 τι
605 5495 809 5566 κτῆμα,
852 5487 1151 5544 τούναντίον
1202 5485 1298 5556 μὲν
1342 5480 1432 5538 οῦν
1462 5485 1692 5554 ἡγεῖται.
1733 5485 1883 5538 Ἐπεὶ

323 5588 413 5645 οὖν
446 5591 592 5654 εἰκὸς
620 5585 687 5660 ἦν
722 5601 873 5647 τινας
902 5581 1004 5635 ὑπὸ
1042 5577 1241 5632 τούτων
1267 5574 1717 5646 παραπείθεσθαι,
1746 5577 1881 5646 πρό-

385 5721 408 5747 ³
433 5718 519 5766 Ms.
563 5717 598 5765 Α
625 5723 676 5762 et
701 5725 852 5773 marg.
876 5705 1220 5773 ςσινῇιητίτον.
1268 5701 1418 5765 Ειιίιὶ,
1462 5703 1607 5764 male,
1633 5703 1874 5766 Τιμόθεον.

389 5780 412 5816 δ
433 5779 513 5832 Sic
539 5791 628 5825 ms.
657 5768 936 5829 Edilifcum
964 5768 1084 5819 Bibl.
1095 5805 1107 5829 ,
1131 5770 1211 5822 ὡς.

1323 258 1389 314 ΙΝ
1426 257 1641 316 EPIST.
1684 257 1727 314 ll
1760 257 1852 314 AD
1889 257 2048 316 COR.
2092 256 2324 315 HOMIL.
2360 258 2403 314 l.

3431 257 3537 313 584

1975 395 2134 451 τερον
2155 379 2349 442 αὐτοὺς
2375 375 2725 448 ἐγκωμιάσας
2757 375 2893 448 ὑπὲρ
2923 369 2996 431 ὧν
3018 374 3406 447 κατώρθωσαν,
3446 379 3540 431 καὶ

1978 473 2076 541 τὴν
2104 469 2359 524 ἀπόνοιαν
2388 468 2610 522 ἐκείνων
2637 470 2736 536 τὴν
2763 470 2853 521 ἐπὶ⁵
2875 471 2985 531 τοῖς
3031 466 3336 530 Ἰουδαϊκοῖς
3370 485 3538 521 κατα-

1979 561 2176 624 ϐαλὼν,
2224 561 2409 632 ἐπειδὴ
2446 559 2595 631 παρὰ
2643 559 2830 630 καιρὸν
2878 559 3016 613 αὐτὰ
3047 561 3232 629 τηρεῖν
3280 559 3539 629 ἐφιλονεί-

1979 671 2127 717 κουν,
2158 653 2276 706 τότε
2305 651 2630 722 συμμέτρως
2659 650 2751 702 καὶ
2779 649 2876 721 τὴν
2906 649 3044 721 ὑπὲρ
3067 649 3270 702 τούτων
3305 651 3540 702 ποιεῖται

1979 748 2286 818 ἐπίπληξιν.
2333 747 2396 800 Ἡ
2440 746 2538 818 μὲν
2575 741 2668 799 οὖν
2689 745 2941 808 ὑπόθεσις
2981 745 3079 816 τῆς
3103 745 3439 815 Ἐπιστολῆς,
3465 743 3542 808 ὡς

1979 839 2044 893 ἀν
2066 857 2149 902 τις
2167 840 2224 891 ἐν
2262 837 2544 908 κεφαλαίῳ
2570 838 2665 890 καὶ
2704 837 3062 908 παρατρέχων
3089 838 3251 897 εἴποι,
3277 835 3413 907 αὕτη
3451 853 3540 906 μοι

1980 925 2116 984 εἶναι
2134 930 2300 984 δοκεῖ.
2324 931 2416 982 Δεῖ
2432 929 2488 982 δὲ
2511 929 2675 983 αὐτοῦ
2698 930 2788 983 τοῦ
2806 929 3090 1001 προοιμίου
3111 929 3208 996 τῆς
3225 926 3542 996 Ἐπιστολῆς

1982 1020 2129 1094 [419]
2151 1020 2392 1090 ἅψασθαι
2419 1022 2624 1087 λοιπὸν,
2655 1023 2748 1076 καὶ
2778 1024 2916 1093 μετά
2958 1022 3056 1093 τὴν
3097 1021 3348 1074 εἰωθυῖαν
3377 1020 3541 1072 αὑτοῦ

1982 1109 2284 1182 πρόσρησιν
2328 1112 2522 1177 εἰπεῖν,
2567 1112 2711 1176 τίνος
2763 1113 2948 1165 ἕνεκεν
2993 1111 3162 1174 οὕτως
3195 1109 3396 1182 ἤρξατο
3435 1108 3546 1162 ἀπὸ

1980 1203 2089 1256 τῶν
2137 1203 2434 1274 οἰκτιρμῶν
2472 1203 2563 1258 τοῦ
2604 1203 2758 1258 Θεοῦ.
2809 1205 2958 1266 Τέως
2997 1201 3182 1273 μέντοι
3228 1202 3399 1271 αὐτὴν
3446 1202 3546 1272 τὴν

1983 1294 2157 1365 ἀρχὴν
2191 1295 2482 1363 ἀναγκαῖον
2509 1297 2702 1358 εἰπεῖν,
2742 1295 2831 1348 κα¹ι
2859 1295 3090 1366 ζητῆσαι
3118 1293 3235 1356 πῶς
3258 1293 3349 1346 τὸν
3380 1293 3543 1364 Τιμό-

1984 1384 2104 1439 θεον
2126 1385 2354 1440 ἐνταῦθα
2384 1385 2559 1458 ἐαυτῷ
2591 1387 2892 1441 συντάττει.
2933 1386 3174 1450 Παῦλος
3199 1385 3330 1457 γὰρ,
3360 1386 3547 1455 φησὶν,

1982 1479 2324 1546 ἀπόστολος
2360 1479 2564 1546 Ἰησοῦ
2611 1479 2861 1548 Χριστοῦ
2889 1480 2986 1534 διὰ
3011 1477 3346 1548 θελήματος
3375 1477 3546 1541 Θεοῦ,

1984 1571 2084 1624 καί
2132 1570 2402 1638 Τιμόθεος
2429 1574 2462 1626 ό
2495 1571 2775 1641 ἀδελφός.
2819 1572 2927 1626 Καὶ
2961 1573 3070 1645 γὰρ
3112 1573 3169 1626 ἐν
3199 1575 3264 1644 τῇ
3313 1571 3550 1642 προτέρᾳ.

1997 1663 2280 1734 Ἐπιστολῇ
2316 1663 2681 1733 ἐπηγγέλλετο
2724 1665 2884 1717 αὑτὸν
2913 1664 3168 1734 πέμπειν,
3211 1663 3305 1718 καὶ
3330 1664 3548 1734 παρήγ-

1985 1753 2141 1822 γελλε
2175 1753 2348 1822 λέγων
2371 1771 2384 1784 ·
2426 1754 2560 1808 Ἐὰν
2585 1755 2653 1806 δὲ
2679 1756 2825 1822 ἔλθῃ
2855 1745 3146 1823 Τιμόθεος,
3159 1752 3426 1818 βλέπετε
3451 1753 3551 1806 ἵνα

1987 1843 2218 1913 ἀφόϐως
2243 1855 2266 1883 ο
2307 1843 2548 1912 γένηται
2592 1845 2744 1911 πρὸς
2785 1843 2977 1912 ὑμᾶς·
3025 1844 3143 1907 πῶς
3177 1839 3268 1897 οὖν
3319 1842 3552 1896 ἐνταῦθα

1986 1931 2149 1986 αὑτὸν
2179 1931 2359 2003 ἐαυτῷ
2391 1933 2447 1984 ἐν
2482 1931 2560 2002 τῷ
2593 1933 2866 2004 προοιμίῳ
2893 1933 3202 1997 συντάττει;
3240 1931 3551 2004 Παραγενό-

1991 2041 2149 2096 μενος
2178 2023 2316 2078 κατά
2347 2023 2445 2095 τὴν
2472 2024 2760 2093 ὑπόσχεσιν
2790 2023 2884 2077 τοῦ
2914 2023 3230 2078 διδασκάλου
3253 2025 3554 2093 (Ἐπεμψα

1987 2116 2095 2188 γὰρ
2119 2115 2258 2185 ὑμῖν
2284 2115 2582 2184 Τιμόθεον,
2606 2114 2791 2184 φησὶν,
2819 2114 2884 2181 ὃς
2917 2114 3070 2184 ὑμᾶς
3093 2115 3428 2185 ἀναμνήσει
3448 2115 3554 2180 τὰς

1987 2207 2166 2274 ὁδούς
2186 2224 2305 2276 μου
2333 2206 2438 2272 τὰς
2465 2208 2534 2259 ἐν
2553 2204 2826 2276 Χριστῷ),
2861 2209 2954 2260 καὶ
2981 2205 3280 2277 διορθώσας
3313 2207 3551 2271 ἅπαντα,

1985 2298 2278 2369 ἐπανῆλθε.
2311 2298 2420 2351 Kal
2462 2297 2571 2368 γὰρ
2598 2297 2835 2368 πέμπων
2864 2297 3025 2351 αὑτὸν
3059 2297 3210 2366 ἔλεγε
3237 2313 3250 2326 ⁸
3287 2297 3554 2366 Προπέμ-

1987 2393 2141 2460 ψατε
2166 2389 2355 2445 αὐτὸν
2389 2390 2456 2444 ἐν
2487 2389 2716 2458 εἰρήνῃ,
2747 2391 2848 2442 ἵνα
2883 2389 3030 2458 ἔλθῃ
3071 2391 3218 2457 πρός
3243 2406 3351 2460 με’
3391 2387 3555 2444 ἐκδέ-

1989 2499 2164 2552 χομαι
2191 2482 2301 2552 γὰρ
2324 2481 2510 2536 αὑτὸν
2527 2482 2676 2552 μετὰ
2704 2480 2823 2536 τῶν
2847 2481 3146 2550 ἀδελφῶν.

2063 2657 2130 2730 β’.
2178 2658 2328 2712 Ἐπεὶ
2363 2654 2456 2712 οὖν
2488 2656 2728 2711 ἀπέλαϐε
2771 2656 2864 2709 τὸν
2893 2656 3240 2724 διδάσκαλον,
3272 2657 3369 2711 καὶ
3395 2657 3464 2711 τὰ
3497 2659 3556 2712 ἐν

2001 2747 2158 2818 Ἀσίᾳ
2188 2745 2486 2818 διορθώσας
2512 2748 2629 2817 μετ’
2660 2747 2826 2800 αὑτοῦ
2853 2747 2870 2816 (
2901 2747 3189 2817 Ἑπιμενῶ
3209 2749 3337 2820 γὰρ,
3368 2751 3553 2819 φησὶν,

1988 2837 2060 2891 ἐν
2098 2836 2328 2905 Ἐφέσῳ
2355 2836 2466 2902 ἕως
2494 2835 2604 2904 τῆς
2629 2836 3105 2908 Πεντηκοστῆς),
3137 2841 3298 2893 πάλιν
3326 2843 3406 2904 είς
3439 2845 3558 2896 Μα-

1990 2928 2232 2982 κεδονίαν
2268 2927 2440 3000 διέϐη,
2479 2929 2701 2991 εἰκότως
2749 2929 2910 2983 αὑτὸν
2939 2929 3034 2984 ἆτε
3083 2933 3326 3000 παρόντα
3379 2933 3557 3003 ἐαυτῷ

1991 3018 2274 3075 συντάττει
2317 3017 2522 3072 λοιπόν.
2562 3019 2670 3072 Kal
2701 3018 2808 3088 γὰρ
2835 3018 2956 3072 τότε
2999 3019 3098 3090 μὲν
3128 3020 3187 3086 ἐξ
3233 3020 3434 3086 Ἀσίας,
3461 3021 3555 3075 νῦν

1989 3107 2197 3162 δὲ’ἀπὸ
2225 3107 2561 3173 Μακεδονίας
2609 3109 2928 3163 ἐπιστέλλει.
2982 3111 3245 3178 Συνέταξε
3273 3112 3329 3164 δὲ
3369 3113 3553 3177 αὑτὸν,

1990 3200 2197 3255 ἐκεῖνόν
2225 3218 2285 3255 τε
2319 3204 2641 3274 σεμνότερον
2676 3200 2846 3272 ταύτῃ
2879 3204 3068 3269 ποιῶν,
3100 3205 3195 3257 καὶ
3224 3206 3324 3274 τὴν
3354 3205 3556 3277 πολλὴν

1991 3291 2185 3346 ἐαυτοῦ
2235 3291 2735 3363 ταπεινοφροσύνην
2797 3293 3236 3365 ἐνδεικνύμενοςο
3295 3298 3389 3350 καὶ
3445 3298 3555 3370 γὰρ

1989 3385 2410 3456 καταδεέστερος
2457 3385 2620 3438 αὑτοῦ
2659 3380 2747 3455 ἦν,
2788 3384 2904 3438 ἀλλ’
2941 3387 2974 3455 ἡ
3003 3386 3193 3456 ἀγάπη
3221 3387 3394 3440 πάντα
3429 3405 3554 3440 συν-

1991 3476 2136 3544 άγει.
2157 3477 2246 3530 Διὸ
2272 3477 2365 3529 καὶ
2385 3475 2660 3546 πανταχοῦ
2683 3475 2845 3530 αὑτὸν
2861 3477 3037 3548 ἐαυτῷ
3061 3475 3317 3542 ὲξισάζει,
3337 3478 3430 3532 νῦν
3455 3479 3556 3550 μὲν

1991 3568 2162 3637 λέγων
2180 3584 2194 3598 ·
2236 3568 2330 3632 Ὠς
2371 3565 2547 3634 πατρὶ
2586 3566 2822 3632 τέκνον,
2869 3566 2991 3620 σὺν
3025 3567 3152 3634 ἐμοὶ
3197 3568 3553 3622 ἐδούλευσε·

1991 3660 2086 3713 νῦν
2116 3659 2196 3722 δὲ,
2225 3658 2296 3712 Τὸ
2318 3657 2427 3727 γὰρ
2456 3657 2634 3727 ἔργον
2653 3658 2874 3725 Κυρίου
2910 3656 3222 3726 ἐργάζεται,
3254 3659 3334 3724 ὠς
3366 3659 3554 3728 κάγώ’

1992 3749 2226 3802 ἐνταῦθα
2253 3748 2310 3802 δὲ
2333 3749 2425 3800 καὶ
2459 3747 2683 3816 ἀδελφὸν
2705 3745 2877 3807 καλεῖ,
2908 3746 2997 3799 διὰ
3027 3747 3242 3799 πάντων
3275 3747 3557 3818 αἰδέσιμον

1992 3840 2154 3895 αὐτὸν
2194 3839 2498 3912 Κορινθίοις
2541 3837 2822 3902 καθιστάς.
2869 3839 2978 3891 Kal
3022 3837 3129 3910 γὰρ
3155 3833 3223 3910 ἦν
3246 3856 3558 3910 παραγεγο-

1991 3932 2118 3997 νὼς,
2169 3931 2356 4004 ὥσπερ
2406 3932 2562 4002 ἔφην,
2613 3929 2822 3994 αὐτόθι,
2877 3931 2971 3983 καὶ
3017 3933 3211 4002 πεῖραν
3243 3933 3342 4002 τῆς
3389 3933 3553 3986 αὑτοῦ

1989 4024 2234 4087 δεδωκὼς
2257 4023 2479 4097 ἀρετῆς.
2518 4021 2596 4091 Τῇ
2636 4023 2964 4089 Ἐκκλησία
2989 4022 3094 4076 τοῦ
3125 4024 3270 4078 Θεοῦ
3299 4023 3375 4094 τῇ
3396 4025 3551 4096 οὔσῃ

1989 4118 2059 4170 ἐν
2084 4117 2363 4186 Κορίνθῳ.
2401 4115 2568 4168 Πάλιν
2600 4115 2793 4178 αὐτοὺς
2854 4113 3177 4182 Ἐκκλησίαν
3219 4114 3392 4180 καλεῖ,
3429 4135 3553 4172 συν-

1991 4209 2138 4276 άγων
2172 4208 2379 4268 πάντας
2407 4207 2486 4268 είς
2519 4204 2578 4257 ἓν
2603 4205 2695 4257 καὶ
2727 4205 2978 4257 συνδέων.
3014 4205 3087 4257 Οὐ
3119 4205 3224 4275 γὰρ
3251 4205 3317 4258 ἂν
3345 4206 3554 4274 γένοιτο

2003 4298 2297 4366 Ἐκκλησία
2347 4295 2463 4366 μία,
2506 4295 2914 4364 διεσπασμένων
2974 4294 3082 4347 τῶν
3133 4296 3190 4346 ἐν
3242 4297 3402 4366 αὐτῇ,
3459 4299 3552 4350 καὶ

1992 4389 2110 4442 κατ’
2141 4387 2384 4458 ἀλλήλων
2427 4385 2697 4442 ἑστώτων.
2734 4387 2858 4438 Σὺν
2884 4385 3006 4450 τοῖς
3037 4386 3224 4455 ἁγίοις
3249 4388 3399 4442 πᾶσι
3429 4388 3554 4454 τοῖς

1991 4477 2172 4533 οὖσιν
2205 4478 2275 4530 ἐν
2327 4476 2437 4545 ὅλη
2485 4475 2559 4544 τῇ
2603 4478 2817 4545 Ἀχαΐᾳ.
2857 4476 3009 4546 Ἀμα
3044 4477 3134 4529 καὶ
3177 4479 3312 4549 τιμᾷ
3360 4481 3553 4551 Κοριν-

1993 4569 2162 4634 θίους,
2203 4567 2292 4622 διὰ
2321 4568 2418 4638 τῆς
2453 4567 2654 4621 τούτων
2686 4567 3004 4636 Ἐπιστολῆς
3045 4567 3254 4631 πάντας
3282 4587 3552 4640 προσαγο-

1996 4661 2186 4732 ρεύων,
2216 4660 2311 4714 καὶ
2347 4660 2637 4731 ὁλόκληρον
2669 4661 2888 4728 συνάγει
2931 4658 2991 4712 τὸ
3019 4659 3190 4724 ἔθνος.
3245 4661 3455 4732 Ἀγίους
3493 4663 3550 4716 δὲ

1991 4752 2168 4818 καλεῖ,
2206 4753 2415 4814 δεικνὺς
2454 4753 2535 4805 ὃτι
2565 4751 2617 4804 εί
2641 4769 2723 4814 τις
2761 4751 3089 4822 ἀκάθαρτος,
3113 4753 3268 4818 ἐκτός
3302 4755 3418 4808 ἐστι
3450 4755 3548 4826 τῆς

1989 4845 2358 4916 προσηγορίας
2401 4845 2621 4913 ταύτης.
2657 4843 2751 4897 Διά
2792 4844 2844 4898 τί
2873 4845 2930 4898 δέ
2953 4847 3017 4915 τῇ
3053 4847 3379 4916 μητροπόλει
3411 4848 3548 4916 γρά-

1989 4955 2126 5006 φων,
2161 4938 2294 4989 πᾶσι
2332 4935 2398 4988 δι’
2426 4935 2594 5003 αὐτῆς
2620 4935 2936 5002 ἐπιστέλλει,
2981 4938 3042 4990 οὐ
3070 4937 3344 5008 πανταχοῦ
3391 4937 3552 4991 τοῦτο

1988 5030 2196 5095 ποιῶν;
2228 5025 2677 5081 Θεσσαλονικεῦσι
2721 5027 2851 5094 γοῦν
2917 5028 3246 5082 ἐπιστέλλων
3277 5031 3337 5083 οὐ
3377 5029 3548 5100 δήπου

1988 5121 2082 5174 καὶ
2128 5118 2433 5173 Μακεδόσιν
2478 5116 2790 5170 ἐπέστελλε·
2827 5119 2920 5171 καὶ
2984 5118 3253 5186 Ἐφεσίοις
3298 5119 3546 5188 γράφων,

1987 5211 2184 5282 ὁμοίως
2210 5211 2270 5262 οὐ
2298 5208 2584 5279 περιέλαϐε
2609 5208 2706 5278 τὴν
2744 5209 2925 5261 Ἀσίαν
2952 5209 3168 5262 ἃπασαν
3186 5225 3200 5239 '
3236 5211 3329 5263 καὶ
3354 5213 3387 5280 ἡ
3415 5212 3550 5282 πρὸς

1999 5302 2300 5372 Ῥωμαίους
2334 5301 2389 5354 δὲ
2434 5299 2738 5368 Ἐπιστολὴ,
2787 5301 2906 5369 οὐχὶ
2933 5301 3026 5353 καὶ
3054 5303 3163 5364 τοῖς
3180 5301 3279 5372 τὴν
3322 5302 3550 5355 Ἰταλίαν

1988 5394 2225 5449 οἰκοῦσίν
2249 5395 2392 5446 ἐστιν
2409 5391 2800 5463 ἐπεσταλμένη.
2820 5392 2955 5445 Ἀλλ’
2976 5393 3207 5447 ἐνταῦθα
3237 5394 3367 5448 αὐτὸ
3384 5397 3546 5456 ποιεῖ,

1989 5484 2083 5538 καὶ
2121 5485 2178 5536 ἐν
2225 5486 2288 5554 τῇ
2324 5483 2458 5554 πρὸς
2494 5483 2531 5534 Γ
2535 5482 2756 5546 αλάτας.
2788 5482 2925 5537 Οὐδὲ
2951 5485 3059 5556 γὰρ
3099 5488 3214 5538 ἐκεῖ
3241 5486 3340 5554 μιᾷ
3374 5482 3547 5545 πόλει,

1990 5575 2190 5629 καὶδύο
2215 5577 2308 5628 καὶ
2328 5576 2522 5645 τρισὶν,
2548 5575 2683 5629 ἀλλά
2704 5579 2812 5640 τοῖς
2834 5579 3105 5648 πανταχοῦ
3127 5572 3547 5644 διεσπαρμένοις

2056 5765 2075 5792 ε
2103 5762 2210 5823 Μςη
2230 5763 2419 5826 ἄφοϐος,
2449 5777 2542 5811 unn
2565 5765 2706 5812 male.
