4018 6156
498 245 603 301 ⁸5θέν

495 360 817 424 ἐπιστέλλει,
865 359 1037 426 λέγων
1057 373 1070 387 ³
1121 356 1361 420 Παῦλος
1397 354 1739 417 ἀπόστολος
1769 350 1919 423 [420]
1951 352 2062 404 οὐκ

494 455 596 508 ἀπ’
625 451 966 519 ἀνθρώπων,
997 447 1138 501 οὐδὲ
1173 447 1246 500 δι’
1273 444 1607 514 ἀνθρώπου,
1636 444 1795 497 ἀλλὰ
1823 441 1920 495 διὰ
1955 444 2066 508 ’1η-

494 545 612 598 σοῦ
661 541 915 611 Χριστοῦ
961 539 1058 593 καί
1102 539 1248 592 Θεοῦ
1304 535 1527 603 Πατρός
1571 535 1677 588 τοῦ
1729 533 2065 604 ἐγείραντος

495 633 683 687 αὑτὸν
705 632 774 684 ἐκ
815 627 1064 697 νεκρῶν,
1101 626 1199 680 καὶ
1227 629 1282 679 οὶ
1315 624 1436 678 σὺν
1471 623 1598 692 ἐμοὶ
1633 621 1853 688 πάντες
1897 620 2070 675 ἀδελ-

493 722 614 792 φοὶ,
644 721 771 786 ταῖς
809 719 1192 786 Ἐκκλησίαις
1230 716 1342 783 τῆς
1373 714 1690 778 Γαλατίας,
1723 712 1892 781 χάρις
1927 709 2069 779 ὑμῖν

497 815 592 867 καί
639 811 864 880 εἰρήνη.
903 811 1012 863 Καὶ
1056 808 1326 879 Ἑϐραίοις
1359 807 1414 859 δὲ
1447 807 1572 876 μίαν
1599 803 1800 857 ἅπασιν
1834 803 2069 880 ἔγραψεν

516 877 857 972 Ἐπιστολὴν,
885 901 1002 954 οὐδὲ
1029 877 1249 962 τούτους
1263 897 1451 952 διελὼν
1481 896 1620 950 κατά
1638 897 1839 958 πόλεις.
1864 895 1928 946 Τί
1951 877 2067 945 ποτ’

493 991 588 1048 οὖν
621 997 737 1046 ἐστι
773 993 834 1046 τὸ
884 990 1085 1057 αῐτιον;
1138 993 1292 1062 Ἐμοὶ
1327 991 1474 1044 δοκεῖ
1518 988 1580 1041 τὸ
1626 987 1778 1041 κοινά
1811 986 1877 1039 τά
1908 985 2068 1055 νοσή-

500 1102 645 1155 ματα
674 1079 811 1137 εἶναι
838 1081 1090 1135 ἐνταῦθα·
1110 1082 1190 1134 διὸ
1212 1083 1305 1134 καὶ
1327 1081 1507 1152 κοινὴν
1529 1081 1760 1132 ποιεῖται
1787 1077 1884 1148 τὴν
1918 1076 2070 1128 Ἐπι-

497 1176 709 1246 στολὴν,
749 1174 935 1244 ἐπειδὴ
983 1174 1078 1226 καὶ
1122 1173 1310 1242 κοινῆς
1341 1173 1546 1226 ἐδέοντο
1578 1176 1679 1243 τῆς
1707 1171 2064 1243 διορθώσεως.

495 1267 608 1320 Καὶ
652 1265 760 1336 γὰρ
816 1265 1053 1318 Γαλάται
1109 1265 1306 1326 πάντες
1347 1264 1583 1330 ἐνόσουν,
1634 1265 1729 1316 καὶ
1795 1261 2065 1332 Ἑϐραῖοι*

494 1356 646 1429 οἶμαι
674 1358 729 1411 δὲ
756 1358 847 1411 καὶ
879 1350 1045 1412 οὗτοι.
1078 1356 1406 1424 Συναγαγὼν
1433 1356 1611 1408 τοίνυν
1640 1355 1784 1408 ἅπαν
1805 1354 1865 1408 τὸ
1894 1354 2064 1417 ἔθνος,

497 1449 592 1502 καὶ
625 1445 935 1518 προσειπὼν
983 1447 1201 1509 αὐτοὺς,
1249 1445 1324 1508 ὡς
1358 1445 1564 1508 πάντας
1611 1444 1756 1515 αύτῷ
1802 1459 2069 1515 προσαγο-

501 1539 680 1610 ρεύειν
706 1539 868 1609 νόμος
891 1534 976 1608 ἧν·
1002 1540 1180 1604 Χάρις
1205 1538 1312 1606 γὰρ
1339 1537 1478 1605 ὑμῖν
1505 1537 1602 1589 καὶ
1626 1535 1852 1604 εἰρήνη,
1886 1535 2066 1605 φησὶν,

495 1629 616 1681 ἀπὸ
649 1626 796 1680 Θεοῦ
827 1624 1056 1692 Πατρός
1085 1624 1274 1693 ἡμῶν,
1309 1625 1404 1678 καὶ
1439 1625 1661 1693 Κυρίου
1704 1625 1905 1691 Ἰησοῦ
1939 1627 2071 1692 Χρι-

496 1717 684 1772 στοῦο
731 1717 960 1770 ἄκουσον
1007 1715 1128 1777 πῶς
1173 1714 1521 1786 καταλλήλως
1565 1715 1792 1786 ἄρχεται
1820 1719 1887 1786 τῇ
1937 1733 2070 1787 προ-

497 1810 722 1881 κειμένῃ
770 1809 1044 1862 ὑποθέσει·
1092 1809 1435 1878 Εὐλογητὸς
1478 1812 1511 1862 ὀ
1545 1808 1689 1874 Θεὸς
1720 1809 1818 1864 καὶ
1868 1809 2070 1878 Πατὴρ

496 1901 604 1955 τοῦ
632 1901 852 1968 Kvplou
885 1899 1052 1968 ἡμῶν
1107 1898 1300 1966 Ἰησοῦ
1331 1901 1608 1967 Χριστοῦ,
1659 1905 1690 1955 ὁ
1724 1901 1924 1970 Πατὴρ
1953 1900 2072 1954 τῶν

495 1991 832 2062 οἰκτιρμῶν,
887 1992 983 2045 καὶ
1028 1992 1170 2058 Θεὸς
1217 1990 1420 2059 πάσης
1462 1991 1914 2062 παρακλήσεως.
1960 1993 2070 2047 Καὶ

497 2087 602 2140 ποῦ
656 2086 814 2138 τοῦτο
876 2084 1212 2154 κατάλληλον
1269 2088 1334 2154 τῇ
1396 2085 1733 2157 προκειμένῃ
1774 2087 2066 2151 ὑποθέσει,

496 2177 662 2248 φησί;
697 2177 806 2229 Καὶ
836 2176 1039 2245 σφόδρα
1073 2176 1170 2245 μὲν
1193 2170 1304 2229 οὖν.
1340 2177 1540 2229 Σκόπει
1585 2176 1671 2228 δέ·
1712 2177 1926 2229 Ἐλύπει
1951 2177 2070 2230 λίαν

496 2266 692 2330 αὐτοὺς
712 2268 805 2319 καὶ
823 2265 1068 2336 ἐθορύϐει
1089 2266 1148 2317 τὸ
1167 2265 1242 2335 μὴ
1261 2265 1664 2335 παραγενέσθαι
1687 2266 1904 2318 ἐκεῖτὸν
1920 2266 2073 2318 Ἀπό-

503 2359 714 2421 στολον,
747 2357 842 2410 καὶ
882 2357 1050 2410 ταῦτα
1075 2356 1558 2425 ἐπαγγειλάμενον,
1586 2358 1721 2411 ἀλλά
1744 2358 1834 2411 τὸν
1857 2358 2072 2413 ἅπαντα

499 2451 558 2502 ἐν
607 2447 916 2519 Μακεδονίᾳ
956 2447 1233 2502 ἀναλῶσαι
1285 2449 1497 2519 χρόνον,
1543 2450 1638 2501 καὶ
1665 2448 1842 2502 δοκεῖν
1891 2451 2070 2503 αὐτῶν

499 2541 718 2612 ἐτέρους
742 2540 1222 2610 προτετιμηκέναι.
1258 2540 1356 2593 Διὰ
1383 2539 1541 2593 τοῦτο
1571 2541 1706 2611 πρὸς
1730 2541 1886 2594 τοῦτο
1921 2542 2069 2594 ἱστά-

503 2607 753 2703 μενοςχτὸ
788 2607 1075 2703 θορυϐοῦν,
1105 2631 1253 2701 λέγει
1281 2631 1377 2702 τὴν
1413 2633 1593 2686 αἰτίαν
1614 2607 1686 2686 δι’
1727 2632 1794 2704 ἣν
1830 2634 1890 2686 οὑ
1926 2649 2071 2705 παρ-

502 2723 749 2791 εγένετοο
777 2723 837 2776 οὑ
867 2721 975 2794 μὴν
998 2721 1056 2787 ἐξ
1079 2723 1295 2786 εὐθείας
1318 2723 1487 2793 αὑτὴν
1512 2724 1744 2794 τίθησιν,
1768 2724 1888 2778 οὐδὲ
1902 2725 2068 2794 λέγει,

501 2817 583 2868 ὃτι
633 2809 762 2868 Οἶδα
811 2815 909 2885 μὲν
950 2815 1319 2886 ὑποσχόμενος
1352 2812 1522 2885 ἥξειν,
1555 2815 1821 2884 ἐπειδὴδὲ
1845 2815 1932 2868 διὰ
1972 2816 2071 2880 τὰς

503 2905 709 2976 θλίψεις
754 2906 1122 2976 ἐνεποδίσθην,
1171 2907 1470 2975 σύγγνωτε.
1517 2908 1608 2960 καὶ
1650 2909 1724 2980 μὴ
1756 2909 2071 2978 καταγνῶτέ

502 3017 620 3052 τινα
647 2998 944 3066 ὑπεροψίαν
974 2998 1006 3068 ἦ
1036 2997 1306 3068 ρᾳθυμίαν
1339 2997 1494 3068 ἡμῶν
1516 3014 1529 3028 ·
1560 2998 1677 3051 ἀλλ’
1713 2999 1914 3070 ἑτέρως
1941 3000 2070 3053 αὐτὸ

503 3090 598 3141 καὶ
655 3088 1230 3159 μεγαλοπρεπέστερον
1275 3089 1369 3142 καὶ
1413 3089 1847 3162 ἀξιοπιστότερον
1899 3108 2070 3144 κατα-

504 3180 780 3244 σκευάζει,
827 3179 1067 3249 ἐπαίρων
1118 3183 1183 3249 τῇ
1219 3181 1543 3253 παραμυθίᾳ
1585 3182 1646 3236 τὸ
1685 3185 1936 3254 πρᾶγμα,
1983 3184 2071 3238 ἵνα

507 3270 640 3340 μηδὲ
685 3271 926 3342 ἐρωτῶσι
967 3271 1148 3324 λοιπὸν
1190 3273 1288 3342 τὴν
1331 3273 1534 3339 αἰτίαν,
1578 3274 1644 3327 δι’
1677 3274 1746 3344 ἢν
1782 3276 2066 3347 ὑστέρησε.

503 3363 613 3415 Καὶ
641 3362 832 3415 ταυτὸν
863 3363 1026 3427 ποιεῖ,
1055 3358 1166 3417 οἷον
1200 3366 1250 3418 εί
1280 3382 1362 3428 τις
1389 3365 1855 3435 ἐπαγγειλάμενος
1899 3366 2072 3420 ἐλθεῖν

500 3455 638 3523 πρός
672 3470 792 3506 τινα
818 3453 1167 3525 ποθούμενον,
1208 3451 1326 3509 εἶτα
1356 3457 1497 3522 μετὰ
1532 3457 1756 3528 μυρίους
1796 3458 2072 3523 κινδύνους

500 3545 670 3598 ἐλθὼν
697 3545 861 3614 λέγοι·
887 3546 1022 3610 Δόξα
1053 3564 1155 3613 σοι,
1200 3549 1228 3600 6
1256 3547 1407 3614 Θεὸς,
1431 3549 1512 3602 ὃτι
1543 3567 1632 3620 μοι
1654 3550 1715 3603 τὸ
1743 3550 2072 3622 ποθούμενον

498 3637 705 3701 ἔδειξας
740 3636 1026 3707 πρόσωπον
1046 3655 1059 3666 ’
1097 3638 1383 3710 εὐλογητὸς
1411 3642 1439 3692 6
1462 3639 1615 3707 Θεὸς,
1647 3642 1772 3696 οἵων
1808 3660 1874 3713 με
1897 3644 2074 3698 κινδύ-

501 3743 606 3777 νων
649 3724 984 3793 ἁπήλλαξας.
1039 3713 1108 3778 Ἦ
1157 3727 1264 3796 γάρ
1310 3728 1585 3797 δοξολογία
1629 3731 1765 3803 αὕτη
1811 3733 2072 3802 ἀπολογία

500 3812 710 3880 γίνεται
739 3811 815 3881 τῷ
851 3813 1096 3881 μέλλοντι
1125 3815 1398 3883 ἐγκαλεῖν,
1432 3819 1525 3871 καὶ
1550 3819 1669 3872 οὐδὲ
1699 3822 1890 3889 ἀφίησι
1934 3824 2072 3894 μέμ-

498 3901 709 3970 ψασθαι
739 3905 805 3972 τῇ
860 3903 1136 3973 μελλήσει.
1182 3906 1439 3977 Ἐρυθριᾷ
1469 3909 1576 3978 γάρ
1605 3910 1697 3962 τὸν
1735 3912 1826 3964 ἐπὶ
1859 3917 1925 3984 τῇ
1964 3915 2072 3968 τῶν

504 3991 772 4043 τοσούτων
820 3991 1105 4062 ἀπαλλαγῇ
1151 3994 1335 4046 κακῶν
1383 3997 1801 4064 εύχαριστοῦντα
1842 4001 1917 4072 τῷ
1955 4003 2074 4073 Θεῷ

502 4083 586 4145 εἰς
613 4081 965 4151 δικαστήριον
1005 4082 1206 4146 ἕλκειν,
1262 4085 1357 4138 καὶ
1410 4087 1636 4153 εὐθύνας
1679 4091 1928 4145 ἀπαιτεῖν
1972 4095 2074 4166 τῆς

505 4171 856 4243 βραδύτητος.
897 4173 996 4227 Διά
1046 4171 1204 4226 τοῦτο
1247 4177 1339 4228 καὶ
1376 4176 1548 4242 οὕτως
1589 4180 1848 4252 ἄρχεταιυ
1886 4189 2075 4241 E1110-

501 4265 680 4334 τητὸς
715 4267 748 4318 ό
792 4261 935 4331 Θεὸς
980 4264 1099 4318 τῶν
1137 4267 1479 4336 οἰκτιρμῶνο
1524 4272 1771 4342 μεγάλων
1817 4278 2074 4334 κινδύνων

504 4356 754 4410 ἐντεῦθεν
787 4359 1084 4428 ἐπαγωγὴν
1115 4376 1174 4411 τε
1207 4361 1303 4414 καὶ
1333 4363 1650 4436 ἀπαλλαγὴν
1683 4369 2069 4442 αἰνιττόμενος.

516 4447 734 4516 Ἐπειδὴ
789 4449 880 4501 καὶ
931 4449 959 4501 6
1006 4448 1167 4502 Δαυῒδ
1206 4452 1302 4522 οὑχ
1345 4455 1543 4524 ὁμοίως
1587 4457 1748 4512 αὑτὸν
1801 4465 2071 4534 πανταχοῦ

504 4537 680 4598 καλεῖ,
717 4538 838 4590 οὐδὲ
863 4537 970 4591 ἀπὸ
992 4540 1096 4594 τῶν
1118 4541 1299 4595 αὑτῶν
1317 4560 1330 4573 ο
1358 4545 1471 4597 ἀλλ’
1493 4547 1619 4599 ὅταν
1645 4549 1744 4618 μὲν
1771 4555 1897 4623 περὶ
1918 4555 2072 4608 πολέ-

506 4645 609 4696 μου
649 4627 960 4699 διαλέγηται
990 4631 1084 4682 καί
1114 4632 1290 4702 νίκης,
1341 4635 1646 4703 Ἆγαπήσω
1683 4657 1774 4706 σε,
1805 4643 1999 4712 Κύριε,
2032 4647 2071 4714 ἡ

508 4719 686 4786 ὶσχύς
733 4737 882 4785 μου,
945 4721 1098 4789 φησὶ,
1154 4725 1366 4791 Κύριος
1409 4728 1864 4798 ὑπερασπιστὴς
1915 4753 2070 4804 μου*

505 4807 632 4859 ὅταν
661 4808 716 4860 δὲ
757 4809 884 4879 περὶ
923 4809 1153 4878 θλίψεως
1181 4815 1502 4886 ἀπαλλαγῆς
1530 4819 1621 4870 καὶ
1660 4820 1752 4873 τοῦ
1781 4823 1942 4891 ζόφου
1981 4827 2072 4878 τοῦ

507 4899 904 4970 κατεσχηκότος
942 4902 1126 4966 αὑτὸν,
1174 4907 1388 4974 Κύριος
1426 4913 1726 4980 φωτισμός
1769 4912 1918 4986 [42η
1954 4935 2073 4985 μου

506 4989 607 5041 καὶ
647 4989 850 5058 Σωτήρ
889 5009 1041 5059 μου·
1078 4994 1172 5045 καλ⁵
1214 4994 1308 5048 νῦν
1357 4998 1454 5066 μὲν
1497 5001 1604 5052 άπὸ
1644 5003 2070 5076 φιλανθρωπίας,

507 5081 602 5134 νῦν
631 5081 687 5135 δὲ
720 5083 828 5136 ἀπὸ
853 5083 1222 5156 δικαιοσύνης,
1249 5086 1343 5140 νῦν
1372 5088 1428 5142 δὲ
1465 5090 1575 5144 ἀπὸ
1615 5094 1844 5164 κρίσεως
1885 5099 2075 5154 ἀδεκά-

509 5190 633 5227 στου
678 5175 836 5228 αὑτὸν
881 5178 1132 5249 ὀνομάζει
1175 5180 1522 5254 καταλλήλως
1546 5189 1657 5248 τοῖς
1700 5189 2074 5260 ὑποκειμένοις

507 5267 734 5334 καιροῖς.
771 5266 926 5321 Οὕτω
963 5267 1026 5339 δὴ
1060 5271 1152 5322 καὶ
1194 5273 1221 5323 6
1256 5272 1464 5337 Παῦλος
1497 5276 1729 5332 ἐνταῦθα
1753 5281 2071 5350 ἀρχόμενος,

505 5352 614 5406 ἀπὸ
639 5353 1044 5425 φιλανθρωπίας
1071 5359 1231 5410 αὐτὸν
1260 5361 1434 5426 καλεῖ,
1474 5365 1535 5416 '0
1559 5365 1702 5431 Θεὸς
1725 5368 1841 5421 τῶν
1860 5373 2073 5439 οἰκτιρ-

505 5439 653 5509 μῶν,
689 5441 865 5510 λέγων
884 5460 896 5472 ·
935 5447 1231 5510 τουτέστιν,
1262 5449 1290 5499 6
1311 5451 1624 5522 οίκτιρμοὺς
1647 5457 1928 5523 τοσούτους
1949 5462 2072 5513 ἐπι-

506 5532 839 5603 δειξάμενος,
888 5535 962 5597 ὡς
1008 5535 1066 5602 ἐξ
1116 5537 1294 5591 αὐτῶν
1331 5541 1477 5608 ἡμᾶς
1522 5544 1815 5616 ἀναγαγεῖν
1842 5552 1948 5604 τῶν
1980 5551 2071 5606 τοῦ

507 5625 736 5678 θανάτου
764 5625 965 5680 πυλῶν.

575 5721 644 5786 γ’.
681 5716 850 5774 Τοῦτο
883 5718 989 5790 γὰρ
1024 5717 1259 5791 μάλιστα
1309 5722 1436 5779 ἴδιον
1469 5725 1603 5782 Θεοῦ
1652 5731 1744 5785 καὶ
1773 5733 2066 5804 ἐξαίρετον,

1197 241 1254 296 S.
1293 236 1572 295 JOANNIS
1609 231 2094 292 CIIRYSOSTOMI
2141 194 2460 289 ARCHIEP.
2497 231 3038 289 CONSTANTINOP.

3625 233 3729 290 386

2169 349 2263 404 καὶ
2290 351 2353 420 τῇ
2382 347 2539 417 φύσει
2568 347 3114 418 συγκεκληρωμένον,
3134 344 3198 399 τὸ
3215 343 3387 407 οὕτως
3417 344 3609 401 ἐλεεῖν.
3633 350 3732 403 Διά

2165 440 2320 492 τοῦτο
2343 439 2473 491 Θεὸν
2502 438 2798 510 οἰκτιρμῶν
2834 438 3005 491 καλεῖ.
3047 438 3119 490 Σὺ
3160 437 3216 489 δέ
3251 453 3340 506 μοι
3376 436 3567 490 σκόπει
3605 441 3734 494 κάν-

2162 531 2351 584 τεῦθεν
2375 531 2472 600 τὴν
2498 529 2996 600 ταπεινοφροσύνην
3036 529 3248 582 Παύλου
3267 545 3280 557 ·
3310 528 3450 599 ὑπὲρ
3494 532 3606 600 γὰρ
3640 531 3734 584 τοῦ

2163 622 2510 694 κηρύγματος
2538 620 2876 688 κινδυνεύων,
2900 619 2960 673 οὑ
3001 636 3133 691 φησι
3172 617 3258 671 διὰ
3297 619 3397 688 τὴν
3433 618 3592 683 ἀξίαν
3628 621 3734 674 σώ-

2161 714 2370 779 ζεσθαι,
2417 714 2551 767 ἀλλά
2595 713 2684 767 διά
2722 715 2848 776 τοὺς
2889 712 3207 782 οἰκτιρμοὺς
3247 709 3342 762 τοῦ
3379 709 3536 765 Θεοῦ.
3577 713 3736 767 Ἀλλά

2160 805 2316 858 τοῦτο
2357 805 2454 876 μὲν
2497 803 2722 875 ὔστερον
2764 803 3098 874 σαφέστερόν
3137 819 3289 873 φησι,
3325 801 3419 854 νῦν
3446 801 3501 855 δὲ
3538 804 3735 872 ἐπάγει

2161 895 2334 962 λέγων
2354 911 2369 924 '
2419 895 2481 949 Ὀ
2511 895 2872 963 παρακαλῶν
2891 893 3048 964 ἡμᾶς
3079 895 3148 947 ἐν
3168 893 3334 962 πάσῃ
3365 895 3588 962 θλίψει.
3623 898 3737 950 οὑκ

2163 981 2336 1049 εἶπεν,
2389 984 2446 1038 '0
2497 984 2571 1055 μὴ
2611 984 2713 1036 ἐῶν
2765 985 2910 1053 ἡμᾶς
2949 982 3249 1046 θλίϐεσθαι,
3277 980 3420 1046 ἀλλ’,
3462 980 3524 1035 ’0
3560 983 3629 1036 ἐν
3655 981 3737 1048 τῷ

2163 1078 2466 1132 θλίϐεσθαι
2489 1075 2869 1145 παρακαλῶν.
2902 1075 3069 1128 Τοῦτο
3098 1075 3206 1146 γὰρ
3235 1075 3329 1128 καὶ⁵
3357 1072 3450 1127 τοῦ
3475 1075 3610 1127 Θεοῦ
3633 1075 3735 1146 τὴν

2161 1167 2389 1238 δύναμιν
2406 1166 2670 1229 δείκνυσι,
2691 1166 2785 1220 καὶ
2817 1165 2924 1219 τῶν
2947 1165 3276 1235 θλιϐομένων
3296 1161 3447 1228 αὔξει
3479 1163 3580 1234 τὴν
3602 1165 3736 1217 ὑποο

2165 1258 2366 1329 μονήνο
2411 1257 2480 1311 Ἡ
2521 1257 2631 1328 γὰρ
2673 1257 2900 1326 θλῖψις,
2945 1256 3127 1328 φησὶν,
3169 1255 3486 1326 ὑπομονὴν
3530 1273 3736 1324 κατερ-

2163 1349 2408 1420 γάζεται.
2454 1349 2624 1402 Τοῦτο
2651 1349 2745 1403 καὶ
2783 1350 2812 1401 6
2835 1349 3120 1420 προφήτης
3149 1349 3352 1417 ἔλεγεν·
3402 1349 3496 1402 Ἐν
3534 1351 3736 1418 θλίψει

2163 1440 2506 1507 ἐπλάτυνάς
2528 1457 2624 1510 με.
2656 1442 2770 1493 Οὑκ
2796 1435 2968 1506 εἶπεν,
2999 1442 3078 1494 ὅτι
3111 1441 3224 1494 Οὑκ
3255 1440 3444 1504 είασάς
3471 1458 3538 1512 με
3567 1443 3737 1510 ἐμπε-

2166 1535 2275 1585 σεῖν
2307 1533 2386 1595 είς
2420 1531 2620 1602 θλῖψιν,
2649 1532 2757 1585 οὐδ’
2789 1532 2869 1584 ὅτι
2907 1533 3231 1603 Παρήγαγες
3263 1531 3474 1602 ταχέως
3503 1533 3601 1604 τὴν
3628 1532 3738 1585 θλῖ-

2161 1623 2275 1694 ψιν,
2318 1624 2433 1676 ἀλλ’
2471 1625 2554 1677 ὃτι
2595 1623 2874 1695 Μενούσης
2920 1623 3089 1694 αὐτῆς
3115 1623 3417 1686 ἐπλάτυνάς
3453 1640 3541 1694 με,
3576 1641 3735 1678 τουτ-

2165 1717 2301 1783 έστι,
2340 1716 2540 1788 πολλὴν
2583 1715 2684 1787 τὴν
2729 1717 3068 1788 εὐρυχωρίαν
3097 1718 3192 1771 καὶ
3222 1717 3320 1788 τὴν
3369 1716 3551 1769 ἄνεσιν
3599 1733 3739 1788 παρ-

2165 1808 2351 1878 έσχες·
2396 1808 2424 1860 6
2457 1808 2521 1878 δὴ
2555 1810 2649 1861 καὶ
2669 1808 2763 1861 ἐπὶ
2789 1808 2897 1862 τῶν
2925 1809 3130 1862 παίδων
3155 1808 3264 1862 τῶν
3291 1808 3460 1880 τριῶν
3492 1808 3736 1877 γέγονεν.

2166 1900 2304 1954 Οὑτε
2335 1901 2444 1972 γὰρ
2470 1899 2742 1954 ἐκώλυσεν
2783 1901 2977 1964 αὑτοὺς
3003 1902 3286 1970 ἐμπεσεῖν,
3318 1899 3439 1954 οὔτε
3465 1901 3737 1970 ἐμπεσόν-

2163 2005 2290 2052 των,
2330 1989 2429 2060 τὴν
2463 1989 2638 2058 φλόγα
2667 1988 2906 2053 ἔσϐεσεν,
2940 1988 3074 2042 ἀλλὰ
3106 1989 3398 2061 καιομένης
3430 1992 3525 2060 τῆς
3565 1989 3738 2059 καμί-

2165 2098 2280 2150 νου,
2309 2082 2409 2152 τὴν
2439 2080 2782 2153 εὐρυχωρίαν
2807 2081 3067 2153 παρέσχε.

2234 2261 2404 2316 Τοῦτο
2442 2261 2536 2316 καὶ
2570 2261 2656 2315 ἀεὶ
2699 2263 2872 2315 ποιεῖν
2921 2260 3109 2315 εἴωθεν
3140 2263 3168 2315 6
3203 2260 3368 2326 Θεός·
3403 2263 3542 2335 ὅπερ
3570 2265 3738 2318 αἰνιτ-

2163 2353 2390 2425 τόμενος
2419 2355 2512 2408 καὶ
2544 2356 2572 2407 6
2602 2353 2812 2417 Παῦλος
2839 2354 3043 2424 ἔλεγεν·
3088 2355 3149 2408 ’0
3189 2355 3556 2423 παρακαλῶν
3580 2356 3738 2428 ἡμᾶς

2163 2445 2232 2498 ἐν
2263 2447 2429 2513 πάσῃ
2473 2446 2696 2513 θλίψει.
2746 2447 2856 2500 Καὶ
2896 2447 3081 2518 ἕτερον
3110 2445 3167 2499 δέ
3205 2464 3257 2500 τι
3282 2447 3372 2502 διὰ
3397 2448 3606 2503 τούτων
3633 2450 3737 2503 δεί-

2165 2553 2341 2591 κνυσι.
2369 2539 2529 2590 Ποῖον
2552 2537 2617 2607 δὴ
2642 2537 2832 2603 τοῦτο;
2859 2538 2980 2592 Ὀτι
3006 2538 3102 2608 οὑχ
3130 2536 3296 2602 ἅπαξ,
3323 2538 3446 2592 οὑδὲ
3471 2539 3572 2606 δὶς,
3605 2540 3736 2594 ἀλλά

2164 2629 2429 2700 διηνεκῶς
2470 2629 2628 2683 τοῦτο
2657 2632 2821 2683 ποιεῖ.
2855 2630 2989 2684 Οὐδὲ
3010 2631 3118 2700 γὰρ
3148 2629 3240 2683 νῦν
3272 2629 3375 2698 μὲν
3408 2630 3730 2703 παρακαλεῖ,

2165 2721 2258 2777 νῦν
2289 2722 2345 2774 δὲ
2388 2722 2633 2793 ἀφίησιν,
2663 2723 2777 2776 ἀλλ’
2807 2725 2896 2778 ἀεὶ
2925 2723 3018 2776 καὶ
3049 2723 3341 2787 διαπαντὸς
3377 2723 3537 2778 τοῦτο
3573 2725 3735 2795 ἐργά-

2167 2814 2336 2878 ζεται.
2363 2815 2454 2868 Διὸ
2485 2811 2658 2880 εἶπεν,
2701 2815 2762 2870 '0
2806 2815 3186 2884 παρακαλῶν,
3236 2817 3357 2888 οὐχ,
3402 2817 3462 2871 '0
3492 2835 3737 2890 παρακα-

2165 2903 2344 2968 λέσας,
2395 2903 2508 2970 καὶ,
2557 2905 2652 2956 Ἐν
2687 2903 2854 2971 πάσῃ
2901 2905 3122 2972 θλίψει,
3174 2906 3296 2971 οὐκ,
3339 2907 3426 2959 Ἐν
3469 2907 3593 2978 τῇδε
3642 2910 3736 2962 καὶ

2165 2995 2312 3064 τῇδε,
2339 2994 2474 3061 ἀλλ’,
2494 2995 2595 3049 Ἐν
2617 2996 2784 3066 πάσῃ
2803 3011 2817 3026 ⁶
2839 2998 2926 3061 είς
2955 2997 3023 3051 τὸ
3051 2996 3344 3053 δύνασθαι
3371 2998 3527 3068 ἡμᾶς
3550 3014 3736 3068 παρα-

2165 3086 2375 3140 καλεῖν
2398 3086 2541 3154 τοὺς
2570 3088 2639 3142 ἐν
2689 3088 2855 3155 πάσῃ
2901 3089 3124 3158 θλίψει,
3157 3090 3254 3144 διὰ
3284 3089 3389 3158 τῆς
3422 3092 3734 3159 παρακλή-

2164 3192 2318 3242 σεως
2361 3172 2436 3247 ἧς
2478 3179 2980 3247 παρακαλούμεθα
3015 3181 3183 3235 αὐτοὶ
3233 3181 3351 3236 ὑπὸ
3397 3181 3502 3236 τοῦ
3557 3183 3728 3236 Θεοῦ.

2165 3265 2316 3331 Εἶδες
2347 3268 2464 3333 πῶς
2486 3270 2956 3342 προανακρούεται
2982 3271 3078 3343 τὴν
3107 3272 3419 3342 ἀπολογίαν,
3442 3274 3536 3327 καὶ
3564 3274 3731 3344 μεγά·

2165 3363 2263 3434 λης
2293 3362 2525 3432 θλίψεως
2563 3363 2818 3416 ὑπόνοιαν
2844 3364 3071 3435 παρέχει
3100 3365 3178 3434 τῷ
3209 3366 3492 3438 ἀκροατῇς
3524 3366 3635 3420 Καὶ
3670 3367 3734 3420 δι’

2165 3453 2344 3506 αὑτῶν
2382 3453 2539 3506 πάλιν
2587 3453 2865 3522 μετριάζει
2896 3454 3101 3507 τούτων
3131 3453 3328 3522 λέγων,
3355 3457 3440 3509 ὅτι
3467 3457 3562 3510 καὶ
3581 3457 3737 3520 αὑτὸς

2166 3547 2194 3598 6
2223 3545 2504 3616 οίκτιρμὸς
2533 3537 2688 3609 οὗτος
2719 3546 2954 3613 ἐγένετο,
2999 3547 3059 3598 οὑ
3097 3546 3183 3599 διὰ
3213 3546 3310 3617 τὴν
3342 3547 3525 3601 αὐτῶν
3565 3549 3736 3614 ἀξίαν,

2166 3634 2301 3689 ἀλλὰ
2321 3635 2410 3689 διὰ
2435 3636 2562 3700 τοὺς
2591 3636 2683 3689 ὑπ’
2713 3636 2891 3689 αὑτῶν
2917 3636 3256 3708 ὠφεληθῆναι
3286 3639 3619 3707 ὀφείλοντας.
3644 3641 3737 3694 Διά

2167 3729 2324 3782 τοῦτο
2344 3728 2452 3801 γὰρ
2475 3729 2845 3800 παρεκάλεσεν
2872 3730 3038 3799 ἡμᾶς,
3068 3730 3250 3800 φησὶν,
3281 3731 3366 3784 ἵνα
3387 3733 3548 3801 ἡμεῖς
3572 3731 3735 3802 ἀλλή-

2170 3819 2294 3884 λους
2321 3819 2745 3891 παρακαλῶμεν.
2777 3819 2875 3871 Διά
2897 3818 3085 3873 τούτου
3114 3820 3169 3872 δέ
3193 3821 3287 3874 καὶ
3313 3821 3370 3872 τὸ
3383 3819 3598 3890 ἀξίωμα
3625 3820 3734 3874 δεί-

2175 3928 2334 3963 κνυσι
2367 3912 2472 3963 τῶν
2493 3910 2823 3975 ἀποστόλων,
2849 3911 3124 3981 ἐμφαίνων
3144 3913 3226 3964 ὅτι
3254 3911 3617 3982 παρακληθεὶς
3641 3913 3736 3967 καὶ

2170 4001 2536 4067 άναπνεύσας,
2554 4003 2652 4056 οὐκ
2665 4003 2957 4056 άναπίπτει
2984 4003 3232 4074 καθάπερ
3254 4007 3430 4075 ἡμεῖς,
3449 4004 3563 4058 ἀλλ’
3581 4007 3662 4069 είς
3674 4005 3736 4059 τὸ

2168 4095 2388 4164 ἐτέρους
2411 4094 2650 4163 ἀλείφειν
2672 4095 2886 4165 πρόεισι
2924 4097 3015 4148 καὶ
3037 4096 3260 4168 νευροῦν
3301 4096 3397 4150 καὶ
3426 4096 3732 4168 διεγείρειν.

2170 4183 2324 4245 Τινὲς
2349 4183 2405 4236 δὲ
2434 4183 2593 4237 αὑτὸν
2623 4184 2716 4237 καὶ
2749 4183 2898 4255 [422]
2930 4184 3087 4237 τοῦτο
3118 4184 3297 4254 λέγειν
3331 4185 3517 4254 φασὶν,
3555 4187 3638 4240 ὅτι
3677 4186 3737 4239 Ἡ

2170 4273 2513 4346 παράκλησις
2539 4273 2695 4344 ἡμῶν
2725 4275 2818 4327 καὶ
2846 4275 3018 4328 ἀλλων
3050 4275 3396 4346 παράκλησίς
3424 4277 3562 4329 ἐστι.
3586 4276 3740 4329 Δοκεῖ

2169 4367 2224 4420 δέ
2250 4384 2338 4438 μοι
2365 4367 2458 4421 καὶ
2495 4367 2629 4439 πρὸς
2657 4369 2781 4431 τοὺς
2811 4368 3271 4438 ψευδαποστὸλους
3295 4371 3422 4432 τοὺς
3453 4371 3580 4441 εἰκῆ
3603 4389 3737 4425 καυ-

2169 4459 2465 4528 χωμένους,
2525 4460 2620 4513 καὶ
2663 4459 2798 4512 οἴκοι
2851 4459 3189 4530 καθημένους
3247 4461 3338 4514 καὶ¹
3394 4462 3734 4532 τρυφῶντας,

2169 4550 2550 4602 ἀποτείνεσθαι
2587 4549 2674 4602 διὰ
2717 4549 2810 4603 τοῦ
2854 4552 3164 4624 προοιμίου.
3231 4551 3390 4605 Ἀλλά
3442 4552 3601 4607 τοῦτο
3643 4554 3739 4624 μὲν

2172 4643 2608 4713 αἰνιγματωδῶς,
2635 4645 2729 4697 καὶ
2772 4644 2847 4709 ὡς
2867 4647 2923 4698 ἐν
2949 4646 3212 4718 παρέργῳ
3232 4663 3244 4675 ·
3299 4647 3358 4700 τὸ
3384 4647 3441 4701 δέ
3471 4649 3742 4719 προηγού-

2173 4751 2331 4804 μενον
2351 4733 2509 4786 τοῦτο
2538 4730 2625 4806 ἦν,
2648 4735 3087 4808 ἀπολογήσασθαι
3113 4737 3250 4810 ὑπὲρ
3283 4741 3381 4808 τῆς
3407 4739 3736 4810 μελλήσεως.

2169 4826 2232 4877 El
2265 4824 2373 4894 γάρ
2410 4824 2497 4877 διὰ
2538 4824 2695 4878 τοῦτο
2744 4827 3227 4898 παρακαλούμεθα,
3277 4829 3364 4882 ῖνα
3404 4830 3498 4882 καὶ
3551 4830 3742 4892 ἄλλους

2169 4917 2600 4989 παρακαλῶμεν,
2631 4920 2705 4990 μὴ
2730 4920 2993 4991 ἐγκαλῆτε
3028 4921 3104 4983 ὡς
3148 4923 3223 4994 μὴ
3257 4924 3735 4994 παραγενομένοις.

2169 5009 2263 5071 Εἰς
2294 5008 2400 5080 γὰρ
2429 5009 2586 5062 τοῦτο
2615 5009 2759 5073 ἄπας
2790 5012 2920 5082 ἡμῖν
2956 5013 2984 5063 6
3016 5014 3208 5083 χρόνος
3245 5015 3503 5086 ἐτρίϐετο,
3538 5017 3618 5080 εἰς
3642 5017 3738 5078 τάς

2169 5103 2478 5167 ἐπιϐουλὰς,
2518 5107 2597 5166 εἰς
2638 5105 2734 5168 τάς
2783 5106 3098 5173 ἐπαγωγὰς,
3149 5107 3228 5170 είς
3284 5108 3345 5160 τὸ
3383 5107 3628 5161 διαλῦσαι
3671 5107 3741 5160 τὰ

2170 5195 2391 5247 ἐπιόντα
2435 5194 2602 5248 δεινά.
2649 5194 2775 5247 Ὅτι
2819 5195 3012 5261 καθὼς
3046 5198 3389 5265 περισσεύει
3433 5198 3506 5252 τὰ
3551 5196 3741 5263 παθή-

2165 5304 2325 5355 ματα
2364 5285 2471 5339 τοῦ
2518 5286 2776 5352 Χριστοῦ
2819 5288 2904 5352 είς
2937 5285 3115 5355 ἡμᾶς,
3162 5288 3315 5341 οὕτω
3342 5287 3439 5342 διὰ
3466 5288 3572 5343 τοῦ
3603 5291 3738 5360 Χρι-

2170 5379 2321 5433 στοῦ
2361 5378 2705 5447 περισσεύει
2759 5377 2857 5430 καὶ
2902 5378 2940 5445 ἠ
2976 5377 3355 5446 παράκλησις
3400 5379 3593 5449 ἡμῶν.
3625 5381 3740 5433 Ἰνα

2170 5473 2278 5542 γὰρ
2311 5472 2385 5542 μὴ
2416 5470 2698 5542 καταϐάλῃ
2715 5471 2842 5532 τοὺς
2878 5469 3124 5540 μαθητάς
3153 5470 3230 5540 τῷ
3259 5470 3466 5541 σφόδρα
3493 5471 3742 5542 ἐπαίρειν

2168 5563 2267 5626 τὰς
2305 5560 2606 5632 συμφοράς,
2631 5560 2870 5613 δείκνυσι
2894 5559 3056 5613 πάλιν
3077 5559 3274 5630 πολλὴν
3299 5562 3400 5631 τὴν
3424 5563 3739 5633 περιουσίαν

2172 5655 2262 5706 καὶ
2298 5654 2395 5722 τῆς
2451 5653 2845 5725 παρακλήσεως
2877 5647 3063 5718 οὖσαν,
3109 5653 3202 5706 καὶ
3229 5653 3514 5724 ἀνίστησιν
3560 5656 3740 5710 αὐτῶν

2171 5745 2268 5811 τὴν
2294 5743 2548 5811 διάνοιαν,
2577 5746 2636 5799 οὑ
2657 5743 2823 5814 ταύτῃ
2850 5743 3028 5815 μόνον,
3052 5744 3182 5798 ἀλλά
3205 5744 3297 5800 καὶ
3323 5745 3400 5816 τῷ
3422 5749 3740 5821 ἀναμνῆσαι
