4018 6156
359 299 464 354 385

359 501 434 555 bis
463 511 508 555 et
535 519 637 571 pas:
674 501 814 569 (Gal.
852 504 901 558 l.
945 504 994 556 1.
1037 503 1110 572 5).
1141 503 1275 568 Quin
1313 502 1380 556 ad
1423 503 1672 558 Hebra'os
1709 519 1918 573 quoque

367 607 525 646 unam
564 594 854 662 generatim
892 593 1170 663 epismlam
1204 593 1412 662 scripsit
1433 634 1448 659 ,
1482 608 1579 648 nec
1607 609 1700 648 eos
1727 608 1818 663 per
1844 594 1918 648 ci-

359 683 548 737 vitates
591 683 846 738 distinxit.
887 683 1138 749 Quarnam
1181 683 1337 754 igitur
1377 682 1596 752 hujusce
1643 685 1718 738 rei
1757 698 1916 738 causa

357 772 481 826 est?
525 771 636 826 Mea
680 772 888 842 quidem
934 774 1235 835 sententia,
1282 773 1421 842 quod
1472 789 1784 828 communes
1832 774 1916 829 hic

359 861 527 916 morbi
556 871 767 926 essent;
803 862 921 916 ideo
948 878 1284 917 communem
1311 879 1518 934 quoque
1543 866 1818 934 epistolam
1842 866 1918 921 fa-

354 950 445 1015 cit,
490 952 608 1020 quia
651 953 918 1007 communi
948 955 1286 1008 correctione
1329 954 1654 1024 indigebant.
1706 957 1914 1010 Etenim

355 1040 550 1096 Galata:
580 1056 767 1096 omnes
797 1042 983 1098 morbo
1013 1044 1323 1097 laborabant
1359 1053 1412 1099 et
1441 1045 1678 1111 Hebraei,
1716 1055 1910 1115 atque,

355 1141 410 1184 ut
434 1147 549 1186 mea
575 1131 756 1200 opinio
783 1131 903 1198 fert,
934 1129 988 1185 hi
1012 1147 1239 1204 quoque.
1267 1133 1619 1202 Quamobrem
1649 1151 1766 1191 cum
1791 1137 1910 1190 uni-

355 1238 558 1277 versam
578 1223 847 1277 nationem
877 1235 1264 1294 congregasset,
1289 1237 1444 1294 atque
1471 1241 1582 1292 eos,
1605 1235 1662 1280 ut
1681 1226 1912 1298 reliquos

351 1327 536 1367 omnes
563 1321 946 1377 consueverat,
975 1315 1287 1379 salutasset;
1322 1313 1494 1368 Gratia
1526 1315 1666 1369 enim
1705 1325 1750 1369 et
1786 1334 1907 1385 pax,

350 1403 541 1472 inquit,
588 1418 619 1456 a
658 1400 764 1456 Deo
804 1401 960 1458 Patre
987 1415 1156 1459 nostro
1194 1415 1241 1459 et
1266 1403 1484 1460 Domino
1512 1405 1635 1462 Jesu
1671 1405 1910 1473 Christo;

347 1494 472 1547 audi
490 1495 603 1562 jam
620 1493 882 1562 quomodo
908 1493 1301 1552 accommodate
1329 1495 1396 1550 ad
1429 1498 1723 1551 institutum
1750 1513 1908 1568 argu-

350 1595 592 1640 mentum
620 1585 932 1640 exordiatur.
971 1586 1266 1641 Benedictus
1298 1587 1431 1642 Deus
1458 1601 1504 1644 et
1532 1588 1688 1644 Pater
1708 1589 1909 1643 Domini

349 1675 510 1729 nostri
557 1673 683 1730 Jesu
727 1674 931 1744 Christi,
979 1675 1133 1730 Pater
1172 1679 1655 1746 misericordiarum,
1689 1691 1734 1734 et
1777 1680 1908 1735 Deus

350 1767 502 1820 totius
549 1767 918 1821 consolationis.
964 1769 1200 1834 Quonam
1244 1780 1418 1826 autem
1463 1772 1641 1839 modo,
1680 1773 1904 1842 inquies,

352 1855 453 1909 hoc
479 1857 720 1925 presenti
742 1870 1052 1926 argumento
1078 1861 1358 1930 congruit?
1385 1860 1606 1916 Maxime
1630 1877 1758 1917 sane
1789 1881 1801 1917 :
1829 1863 1907 1918 sic

349 1947 488 2000 enim
529 1947 767 2016 expende
799 1967 812 2002 :
841 1964 1027 2020 magna
1072 1953 1171 2005 hoc
1199 1967 1294 2007 eos
1330 1954 1568 2008 molestia
1599 1962 1653 2009 et
1691 1967 1904 2026 pertur-

346 2035 557 2091 batione
599 2037 891 2106 alliciebat,
919 2039 1057 2110 quod
1083 2042 1354 2110 apostolus
1381 2043 1503 2097 illuc
1532 2045 1748 2102 minime
1776 2061 1902 2116 pro-

345 2126 512 2180 fectus
540 2128 757 2195 fuisset,
781 2143 900 2184 cum
931 2130 984 2184 id
1006 2147 1063 2186 se
1094 2134 1349 2187 facturum
1378 2137 1774 2206 spopondisset,
1803 2153 1899 2192 ve-

343 2233 460 2271 rum
485 2219 784 2274 universum
817 2229 1020 2290 tempus
1047 2225 1098 2276 in
1127 2224 1431 2282 Macedonia
1460 2231 1899 2300 consumpsisset,

339 2309 580 2379 aliosque
622 2310 749 2380 ipsis
791 2312 1053 2369 anteferre
1109 2315 1397 2372 videretur.
1449 2318 1622 2386 Quare
1669 2329 1726 2375 ut
1768 2321 1903 2376 hanc

340 2405 786 2472 perturbationem
808 2408 1139 2478 comprimat,
1161 2425 1372 2465 causam
1395 2415 1626 2481 exponit,
1655 2415 1723 2468 ob
1744 2430 1903 2485 quam

337 2495 558 2550 minime
585 2495 650 2549 ad
681 2511 775 2550 eos
799 2499 1109 2566 porrexerit.
1149 2499 1255 2555 Nec
1280 2511 1455 2556 tamen
1485 2513 1630 2558 recta
1658 2519 1774 2559 eam
1805 2520 1900 2574 po-

335 2586 442 2651 nit,
474 2601 571 2641 nec
597 2586 690 2653 ait,
732 2585 854 2642 Scio
879 2588 1090 2657 quidem
1115 2589 1255 2660 quod
1285 2592 1550 2662 pollicitus
1580 2608 1696 2648 sum
1727 2611 1809 2649 me
1835 2596 1899 2650 ad

342 2691 440 2731 vos
468 2686 768 2745 venturum,
799 2679 912 2746 sed,
961 2680 1082 2751 quia
1126 2683 1454 2740 calamitates
1494 2685 1620 2738 mihi
1663 2687 1901 2756 impedi—

336 2778 521 2824 mento
562 2768 733 2836 fuere,
787 2771 1061 2841 ignoscite,
1108 2789 1320 2843 quaeso,
1368 2791 1467 2832 nec
1510 2793 1594 2832 me
1638 2781 1899 2848 superbia:

335 2861 610 2929 cujusdam
654 2871 746 2916 aut
785 2862 1112 2934 negligentia:
1137 2865 1487 2921 condcmnate
1532 2884 1545 2919 :
1588 2883 1769 2923 verum
1797 2871 1896 2924 alia

335 2956 546 3010 ratione
569 2969 635 3010 ac
663 2955 1083 3024 magnificentius
1111 2967 1269 3027 atque
1311 2958 1378 3012 ad
1422 2959 1576 3013 fidem
1607 2960 1896 3015 faciendam

333 3046 788 3101 accommodatius
817 3048 916 3102 boc
939 3047 1079 3103 idem
1109 3050 1290 3116 efficit,
1321 3066 1429 3104 rem
1456 3065 1553 3120 per
1581 3053 1899 3107 consolatio-

335 3155 459 3193 nem
484 3139 814 3210 amplificans
845 3156 858 3194 :
887 3155 990 3209 quo
1016 3141 1266 3210 deinceps
1293 3143 1390 3210 ipsi
1423 3158 1526 3196 non
1559 3144 1898 3199 sciscitentur

331 3245 433 3284 cur
470 3229 535 3284 ad
565 3245 655 3285 eos
684 3231 862 3285 venire
889 3241 1163 3286 cunctatus
1187 3233 1272 3286 sit.
1308 3237 1383 3287 Ac
1412 3235 1628 3303 perinde
1665 3237 1810 3302 facit,
1841 3245 1897 3291 ut

334 3321 384 3374 si
420 3320 557 3389 quis,
593 3337 712 3375 cum
744 3337 802 3376 se
841 3322 906 3376 ad
949 3323 1214 3392 aliquem,
1257 3341 1411 3395 quem
1452 3341 1633 3381 earum
1682 3329 1892 3397 habeat,

335 3421 620 3464 venturum
649 3426 765 3467 esse
803 3415 1106 3482 recepisset,
1139 3429 1202 3468 ac
1230 3425 1410 3485 postea
1440 3418 1728 3472 innumeris
1753 3422 1896 3488 pori-

337 3501 478 3554 culis
503 3501 799 3569 perfunctus
819 3506 1012 3570 veniat,
1030 3520 1090 3558 ac
1118 3506 1287 3559 dicat:
1310 3505 1486 3561 Gloria
1509 3509 1599 3562 tibi
1621 3511 1710 3574 sit,
1737 3511 1893 3576 Deus,

335 3591 484 3661 quod
529 3592 712 3647 faciem
757 3593 882 3648 mihi
925 3612 1098 3650 caram
1141 3612 1204 3651 ac
1255 3597 1605 3654 desideratam
1667 3603 1899 3656 ostendi-

331 3687 403 3738 sti
436 3703 451 3737 :
479 3684 786 3741 benedictus
819 3688 986 3754 Deus,
1018 3691 1210 3758 quibus
1239 3690 1484 3759 periculis
1511 3707 1597 3747 me
1628 3694 1892 3750 liberastil

329 3775 606 3846 Siquidem
649 3776 947 3848 hujusmodi
989 3779 1182 3833 divinae
1210 3779 1392 3849 gloria:
1437 3782 1740 3851 prmdicatio
1771 3799 1896 3853 pur-

329 3867 560 3938 gationis
585 3868 699 3923 vice
725 3869 863 3938 apud
891 3885 1009 3924 eum
1037 3879 1116 3924 est
1137 3910 1151 3934 ,
1184 3871 1270 3941 qui
1311 3875 1738 3942 expostulaturus
1778 3875 1892 3932 fue-

332 3970 418 4015 rat
441 4000 456 4026 ,
488 3977 585 4016 nec
611 3977 732 4016 eum
761 3961 830 4016 de
866 3964 1200 4018 cunctatione
1224 3980 1286 4019 ac
1314 3981 1460 4020 mora
1488 3969 1740 4037 conqueri
1771 3984 1893 4038 per-

331 4054 515 4108 mittit.
549 4055 824 4110 Ernbescit
849 4057 992 4110 enim
1018 4071 1160 4124 eum,
1188 4057 1276 4127 qui
1303 4060 1371 4113 ob
1397 4067 1473 4112 tot
1498 4074 1559 4113 ac
1586 4069 1724 4114 tanta
1759 4062 1894 4116 mala

331 4163 405 4200 ex
431 4147 619 4215 quibus
641 4155 853 4215 ereptus
882 4157 964 4201 est
990 4147 1099 4202 Deo
1126 4149 1319 4218 gratias
1347 4150 1471 4218 agit,
1497 4150 1548 4202 in
1569 4150 1655 4218 jus
1682 4166 1889 4217 vocare,

333 4251 628 4307 pamasque
658 4237 918 4291 tarditatis
957 4237 1025 4292 ab
1054 4254 1118 4292 eo
1148 4249 1413 4307 expetere.
1445 4239 1568 4294 Ideo
1600 4241 1676 4293 sic
1717 4243 1896 4310 auspi-

334 4339 508 4395 catur,
532 4327 824 4382 Benedictus
848 4327 984 4382 Deus
1008 4329 1476 4383 misericordiarum.
1504 4331 1705 4396 Quibus
1725 4333 1898 4387 verbis

338 4422 444 4476 hoc
479 4422 806 4488 subindicat,
840 4435 899 4477 se
947 4422 1109 4492 ipsius
1150 4437 1251 4492 ope
1297 4438 1359 4476 ex
1408 4424 1708 4494 ingentibus
1757 4427 1898 4494 peri-

337 4515 475 4570 culis
503 4515 748 4571 eductum
797 4531 859 4571 ac
903 4516 1182 4571 liberatum
1230 4515 1409 4571 fuisse.
1463 4517 1899 4587 Quandoquidem

341 4607 504 4660 David
531 4623 633 4661 non
657 4607 850 4678 ubique
875 4608 1062 4665 eodem
1092 4609 1269 4674 modo,
1299 4624 1397 4663 nec
1427 4609 1492 4662 ab
1521 4609 1704 4663 iisdem
1736 4611 1900 4664 rebus

340 4698 512 4768 ipsum
553 4699 828 4768 appellat;
874 4715 1054 4753 verum
1099 4714 1218 4754 cum
1266 4700 1334 4755 de
1379 4700 1520 4755 bello
1569 4717 1632 4755 ac
1679 4701 1898 4756 victoria

339 4789 500 4844 verba
530 4790 673 4856 facit,
718 4789 936 4861 Diligam
981 4802 1046 4855 te,
1090 4792 1324 4858 Domine,
1354 4794 1508 4846 virtus
1545 4810 1672 4859 mea,
1706 4795 1894 4864 inquit,

341 4883 586 4937 Dominus
613 4892 858 4952 protector
885 4899 1020 4936 meus
1047 4881 1211 4955 (Psal.
1241 4884 1327 4938 17.
1361 4884 1413 4954 1)
1445 4901 1458 4935 :
1490 4899 1608 4939 cum
1635 4895 1810 4941 autem
1833 4887 1900 4942 de

339 4975 660 5040 calamitate,
706 4988 808 5043 qua
853 4975 1102 5029 liberatus
1131 4983 1232 5040 cst,
1263 4988 1327 5027 ac
1352 4974 1418 5027 de
1442 4977 1604 5029 animi
1633 4979 1856 5047 caligine
1881 5019 1894 5042 ,

341 5083 460 5138 qua
487 5069 658 5138 ipsum
691 5068 1079 5132 circumdabat,
1113 5067 1356 5121 Dominus
1385 5067 1688 5123 illuminatio
1725 5087 1833 5124 mea
1855 5081 1899 5126 et

342 5163 478 5214 salus
508 5177 618 5212 utea
651 5158 819 5231 (Psal.
848 5159 936 5213 26.
972 5159 1025 5229 l}
1053 5176 1066 5211 :
1096 5169 1252 5229 atque
1281 5175 1418 5214 nunc
1445 5174 1476 5214 a
1506 5160 1826 5230 benignitate
1847 5174 1900 5218 et

343 5252 647 5318 clementia,
678 5266 816 5306 nunc
844 5267 872 5303 a
895 5250 1126 5320 justitia,
1161 5265 1299 5304 nunc
1324 5251 1391 5305 ab
1415 5253 1720 5322 incorrupto
1755 5254 1898 5322 judi-

344 5343 445 5410 cio,
477 5351 634 5413 prout
660 5342 768 5409 illa,
801 5342 854 5395 in
887 5340 1078 5411 quibus
1103 5342 1428 5404 versabatur,
1459 5351 1691 5411 tempora
1719 5354 1902 5413 postu-

346 5433 541 5500 labant,
569 5443 979 5504 eognomentum
1007 5433 1101 5500 ipsi
1123 5433 1324 5488 tribuit.
1345 5435 1426 5488 Ad
1456 5436 1697 5490 eumdem
1727 5439 1902 5508 itaque

350 5527 560 5580 modum
608 5525 710 5579 hoc
739 5524 858 5579 loco
889 5524 1081 5578 l‘aulus
1112 5526 1365 5594 incipiens
1410 5542 1439 5580 a
1487 5527 1806 5598 benignitate
1849 5540 1902 5585 et

348 5613 626 5671 clementia
653 5616 822 5687 ipsum
853 5616 1101 5686 appellat,
1131 5614 1268 5670 Deus
1291 5618 1742 5672 misericordiarum
1764 5662 1780 5687 ,
1814 5621 1900 5674 in-

355 5709 560 5773 quiens,
613 5707 716 5763 hoc
756 5717 856 5777 est,
903 5709 988 5779 qui
1037 5716 1191 5764 tanta:
1239 5710 1591 5766 miserationis
1633 5712 1898 5782 specimen

1433 299 1497 354 IN
1539 301 1748 357 EPlST.
1793 301 1833 355 ll
1899 303 1987 358 AD
2023 302 2176 361 COR.
2213 306 2438 364 llOMlL.
2481 310 2521 365 l.

360 429 474 465 cum
497 421 612 466 sunt
637 428 806 467 omnes
831 412 1033 482 fratres,
1063 410 1299 466 Ecclesiis
1329 411 1543 469 Galatia:
1572 430 1591 468 :
1635 413 1809 467 Gratia
1831 430 1916 468 υο-
1961 403 1966 416 ’

3484 326 3586 383 586

2022 418 2222 478 edidit.
2282 431 2338 474 ut
2389 439 2486 477 nos
2538 438 2602 479 ex
2658 427 2783 496 ipsis
2833 431 3018 486 mortis
3073 433 3238 502 portis
3295 435 3552 493 eduxerit.

2088 507 2142 562 3.
2184 509 2340 565 Pauli
2367 514 2642 570 humilitas.
2697 519 2804 572 lfoc
2846 521 2988 576 cnim
3039 525 3272 579 maxime
3324 529 3431 582 Deo
3459 545 3582 598 pro-

2020 597 2192 664 prium
2238 617 2300 655 ac
2342 605 2606 671 peculiare
2648 619 2730 662 est
2771 611 3038 682 ipsiusque
3085 626 3285 670 natura:
3332 597 3579 686 insitum,

2021 685 2266 740 nimirum
2295 691 2360 744 ad
2401 691 2540 748 hunc
2569 696 2782 751 modum
2825 700 3087 756 misereri.
3123 703 3246 759 Ideo
3282 685 3582 763 misericor?

2016 772 2218 830 diarum
2251 779 2410 833 Deum
2440 784 2608 850 ipsum
2633 796 2803 841 vocat.
2835 791 3006 858 Atque
3045 792 3167 848 hinc
3196 811 3404 864 quoque
3432 798 3580 854 Pauli

2016 862 2362 922 humilitatem
2391 872 2544 946 velim
2572 877 2900 933 consideres.
2927 880 3055 934 Nam
3082 862 3330 951 quamvis
3348 901 3577 957 evange-

2017 955 2129 1012 lica:
2173 961 2562 1027 praedicationis
2604 982 2761 1022 causa
2803 970 3218 1038 periclitaretur,
3266 992 3369 1031 non
3403 955 3578 1035 tamen

2015 1051 2203 1105 merito
2237 1067 2363 1119 suo,
2396 1055 2488 1110 sed
2523 1071 2619 1127 per
2643 1059 2731 1114 Dei
2757 1061 3121 1118 miserationes
3147 1067 3368 1122 salutem
3394 1085 3580 1126 conseo

2014 1150 2232 1208 quutum
2283 1158 2341 1196 se
2395 1158 2514 1199 esse
2561 1146 2654 1202 ait.
2713 1148 2908 1204 Verum
2959 1151 3058 1207 hoc
3097 1155 3304 1224 quidem
3344 1163 3577 1228 apertius

2014 1239 2194 1299 postea
2234 1232 2365 1288 dixit
2391 1253 2406 1300 ;
2436 1252 2574 1292 nunc
2607 1251 2780 1295 autem
2811 1241 2922 1298 lucc
2947 1247 3104 1299 verba
3145 1249 3410 1320 subjungit
3432 1272 3453 1321 :_
3476 1255 3576 1321 Qui

2011 1322 2294 1376 consolatur
2339 1342 2428 1379 nos
2465 1327 2516 1380 in
2544 1329 2679 1383 omni
2715 1332 3050 1389 tribulatione.
3100 1336 3213 1392 Non
3260 1319 3390 1394 dixit
3414 1319 3453 1406 ,Ι
3477 1319 3574 1411 Qui

2011 1424 2114 1464 non
2157 1414 2282 1468 sinit
2307 1430 2402 1470 nos
2428 1418 2729 1476 calamitate
2757 1423 2892 1478 affici
2916 1465 2934 1492 ,
2971 1426 3063 1480 sed
3091 1467 3107 1493 ,
3150 1428 3250 1496 Qui
3285 1432 3335 1484 in
3362 1435 3575 1489 calami-

2010 1508 2108 1555 late
2155 1519 2246 1557 nos
2289 1509 2598 1566 consolatur.
2660 1511 2791 1567 Nam
2841 1513 2943 1570 hoc
2989 1527 3096 1572 tum
3151 1521 3240 1574 Dei
3287 1526 3574 1592 potentiam

2008 1591 2240 1648 declarat
2259 1636 2273 1661 ,
2313 1607 2420 1652 tum
2447 1616 2628 1656 eorum
2647 1643 2664 1669 ,
2699 1606 2788 1674 qui
2815 1607 3202 1666 calamitatibus
3225 1591 3569 1686 premuntur,

2008 1683 2312 1750 patientiam
2351 1697 2547 1757 auget:
2580 1690 2858 1748 Tribulatio
2909 1699 3084 1762 enim,
3133 1701 3333 1770 inquit,
3382 1683 3575 1774 patien-

2009 1772 2128 1868 tiam
2157 1785 2393 1868 operatur
2418 1779 2602 1852 (Rom.
2631 1783 2685 1838 5.
2712 1785 2800 1855 ὅ).
2833 1785 2885 1840 ld
2914 1790 3050 1856 quod
3083 1793 3336 1860 propheta
3365 1772 3573 1868 quoque

2009 1861 2089 1915 his
2134 1867 2312 1922 verbis
2361 1869 2674 1928 indicabat:
2724 1875 2790 1930 In
2843 1881 3162 1936 tribulatione
3224 1861 3448 1941 dilatasti
3487 1861 3573 1944 ine

2007 1954 2175 2023 (l’sal.
2217 1959 2270 2013 4.
2310 1961 2343 2013 2
2363 1962 2405 2032 ).
2439 1963 2551 2018 Non
2580 1966 2714 2021 dixit
2736 2008 2750 2032 ,
2780 1969 2893 2024 Non
2923 1987 3106 2042 passus
3128 1991 3184 2029 es
3213 1994 3296 2033 me
3323 1981 3373 2033 in
3403 1983 3571 2038 tribu-

2005 2046 2252 2104 lationem
2300 2053 2444 2120 labi,
2495 2065 2617 2122 aut,
2667 2059 3081 2120 Tribulationem
3127 2074 3404 2127 confestim
3442 2077 3570 2131 sub-

2006 2139 2251 2207 movisti,
2281 2144 2371 2198 sed
2397 2186 2411 2210 ,
2462 2145 2535 2200 Ea
2578 2161 2824 2207 manente
2871 2153 3103 2211 dilatasti
3146 2177 3270 2215 me:
3305 2163 3404 2220 hoc
3446 2176 3566 2234 est,

2006 2227 2270 2297 ingentem
2319 2235 2494 2291 cordis
2558 2238 2888 2297 latitudinem
2954 2255 3007 2300 et
3062 2249 3383 2320 voluptatem
3441 2227 3567 2312 mihi

2002 2321 2239 2375 attulisti.
2293 2323 2342 2377 Id
2392 2327 2532 2396 quod
2573 2331 2730 2386 etiam
2777 2333 2829 2387 in
2878 2337 3045 2392 tribus
3093 2343 3272 2409 pueris
3315 2347 3554 2418 contigit.

2003 2409 2181 2481 Neque
2227 2417 2406 2482 enim,
2453 2434 2558 2488 quo
2600 2424 2776 2479 minus
2822 2427 2872 2480 in
2917 2429 3183 2488 fornacem
3237 2435 3560 2507 inciderent,

2003 2502 2305 2571 prohibuit,
2336 2522 2433 2562 nec
2461 2524 2579 2565 cum
2608 2514 2947 2586 incidissent,
2979 2520 3241 2578 flammam
3273 2502 3563 2598 exstinxit,

2003 2607 2182 2646 verum
2207 2595 2458 2666 flagrante
2483 2599 2698 2658 fornace
2725 2605 3052 2665 latitudinem
3082 2613 3208 2684 ipsis
3237 2620 3479 2686 pra'buit.

2072 2679 2207 2736 Deus
2232 2701 2425 2749 semper
2449 2693 2750 2747 consolatur.
2774 2726 2844 2736 —
2865 2698 2973 2754 Hoc
3004 2679 3180 2758 autem
3214 2679 3349 2763 Deus
3381 2726 3566 2781 perpe-

2001 2779 2092 2825 tuo
2130 2772 2304 2829 facere
2329 2781 2602 2834 consuevit
2635 2799 2648 2836 :
2677 2786 2815 2852 quod
2845 2788 3002 2842 etiam
3036 2790 3226 2847 Paulus
3265 2772 3565 2855 sultindica-

2000 2861 2121 2929 bat,
2176 2880 2294 2918 cum
2357 2867 2561 2926 diceret
2603 2891 2615 2927 :
2666 2873 2765 2940 Qui
2825 2882 3114 2936 consolatur
3177 2902 3269 2940 nos
3325 2889 3379 2942 in
3431 2895 3567 2947 omni

2001 2954 2332 3011 tribulatione.
2362 2960 2496 3026 Quin
2523 2962 2664 3018 aliud
2690 2982 2896 3038 quoque
2921 2971 3003 3026 his
3025 2975 3198 3030 verbis
3217 2978 3560 3037 demonstrat.

1998 3043 2255 3110 Quidnam
2283 3051 2490 3104 tandem
2523 3053 2706 3111 istud?
2735 3058 2934 3130 Nempe
2961 3065 3097 3133 quod
3130 3083 3234 3121 non
3272 3074 3434 3127 semel
3474 3085 3565 3129 aut

2000 3134 2219 3200 iterum.
2271 3141 2364 3194 sed
2415 3157 2628 3214 semper
2681 3147 2782 3203 hoc
2802 3147 2975 3207 faciat.
3018 3154 3198 3226 Neque
3240 3161 3381 3216 enim
3423 3179 3563 3219 nunc

1997 3229 2328 3298 consolatur,
2389 3249 2530 3291 nunc
2587 3254 2772 3296 rursus
2817 3242 3049 3313 deserit,
3105 3251 3200 3304 sed
3243 3269 3455 3324 semper
3501 3273 3563 3312 ac

1998 3333 2252 3415 perpetuo
2282 3321 2380 3377 hoc
2422 3326 2549 3394 agit.
2582 3327 2661 3383 Ob
2684 3329 2840 3400 idque
2886 3333 3054 3402 dixit,
3107 3339 3204 3406 Qui
3238 3321 3558 3415 consolatur,

1999 3427 2135 3478 non,
2171 3414 2269 3480 Qui
2313 3420 2597 3474 consolatus
2635 3433 2753 3486 est;
2793 3434 2874 3491 et,
2927 3426 2992 3480 In
3031 3432 3169 3484 omni
3199 3414 3550 3504 tribulatione,

1999 3520 2102 3558 non
2142 3507 2193 3560 in
2233 3506 2331 3562 hac
2365 3519 2523 3578 atque
2553 3512 2636 3567 illa
2658 3555 2674 3578 ,
2713 3517 2827 3578 sed,
2847 3516 2911 3570 In
2953 3523 3086 3572 omni
3111 3538 3129 3584 ;
3156 3535 3210 3576 ut
3239 3528 3484 3594 possimus
3513 3541 3562 3584 et

1996 3597 2094 3664 ipsi
2149 3599 2401 3652 consolari
2457 3619 2579 3669 eos,
2620 3605 2707 3673 qui
2745 3607 2797 3658 in
2834 3608 2970 3661 omni
3015 3626 3246 3678 pressura
3285 3627 3435 3684 sunt,
3475 3637 3566 3689 per

1997 3688 2384 3743 consolationem
2411 3733 2424 3757 ,
2452 3709 2551 3761 qua
2580 3698 2898 3752 consolamur
2921 3710 2967 3754 et
2990 3701 3088 3770 ipsi
3113 3720 3143 3756 a
3170 3705 3296 3760 Deo.
3331 3688 3558 3768 Videsne

1997 3777 2259 3845 quomodo
2322 3784 2714 3840 excusationem
2777 3800 3106 3858 praestruat,
3155 3795 3280 3850 dum
3343 3814 3548 3871 magna:

1997 3870 2268 3938 cujusdam
2317 3871 2619 3932 afflictionis
2665 3881 3015 3948 suspicionem
3060 3885 3282 3943 auditori
3325 3870 3562 3958 praebet?

1997 3964 2170 4032 Atque
2215 3967 2374 4020 etiam
2406 3982 2499 4037 per
2527 3969 2638 4025 haec
2679 3971 2790 4040 ipsa
2819 3974 2977 4028 verba
3009 3977 3321 4053 modestiam
3365 3998 3474 4053 prae
3501 4000 3558 4042 se

1997 4052 2134 4122 fert,
2185 4071 2304 4110 cum
2350 4057 2421 4112 ait
2469 4060 2604 4116 hanc
2649 4078 2858 4134 quoque
2905 4051 3082 4135 ipsam!
3125 4051 3556 4144 miserationem,

1998 4163 2102 4202 non
2131 4149 2198 4203 ob
2229 4149 2458 4220 ipsorum
2489 4154 2731 4208 meritum
2758 4169 2821 4210 ac
2849 4156 3186 4227 dignitatem,
3218 4165 3310 4218 sed
3338 4177 3554 4235 prepter

1998 4254 2118 4305 eos,
2147 4242 2234 4310 qui
2275 4242 2341 4295 ab
2370 4243 2498 4311 ipsis
2523 4244 2805 4315 adjuvandi
2831 4259 3010 4313 erant,
3039 4253 3342 4321 contigisse.
3394 4257 3472 4311 0b
3502 4259 3555 4314 id

1999 4328 2169 4392 enim,
2215 4330 2411 4398 inquit,
2461 4346 2556 4385 nos
2593 4335 2900 4388 consolatus
2942 4347 3055 4399 est,
3093 4349 3149 4392 ut
3187 4355 3285 4395 nos
3317 4353 3548 4400 mutuam

1999 4419 2415 4473 consolationem
2479 4421 2567 4474 alii
2619 4423 2737 4476 aliis
2792 4425 3154 4481 adhibeamus.
3221 4432 3392 4501 Atque
3431 4435 3551 4490 hinc

2001 4525 2206 4579 quoque
2236 4511 2601 4580 apostolorum
2646 4513 2952 4584 dignitatem
2995 4516 3260 4587 declarat,
3301 4523 3424 4579 dum
3457 4526 3557 4583 hoc

2001 4601 2195 4656 indicat
2213 4642 2226 4666 .
2259 4603 2398 4672 quod
2426 4614 2768 4675 posteaquam
2798 4608 2987 4662 solatio
3013 4609 3231 4668 allectus
3258 4629 3320 4669 ac
3348 4631 3557 4674 recrea-

2002 4703 2085 4749 tus
2127 4693 2256 4762 fuit,
2305 4711 2410 4750 non
2442 4697 2579 4752 sicut
2606 4713 2702 4752 nos
2745 4700 2989 4768 supinum
3032 4717 3091 4758 se
3115 4713 3273 4777 atque
3309 4708 3554 4778 ignavum

2003 4786 2233 4854 praebeat
2252 4826 2267 4850 ,
2300 4801 2482 4841 verum
2513 4788 2577 4843 ad
2600 4789 2954 4845 cohortandos
2980 4803 3136 4863 atque
3165 4796 3558 4857 confirmandos

2002 4878 2382 4933 etexcitandos
2402 4879 2537 4932 alios
2553 4879 2934 4949 progrediatur.
2963 4883 3276 4942 Sunt-etiam
3303 4891 3390 4960 qui
3421 4891 3560 4948 hunc

2001 4969 2173 5023 locum
2221 4971 2298 5023 sic
2335 4979 2635 5038 exponant,
2659 4983 2724 5024 ac
2743 4969 2789 5026 si
2819 4973 3102 5043 Apostolus
3145 4978 3284 5033 dicat
3316 4999 3330 5034 :
3362 4983 3560 5038 Conso-

2003 5058 2130 5114 latio
2175 5069 2353 5114 nostra
2410 5061 2633 5115 aliorum
2690 5079 2896 5133 quoque
2952 5068 3244 5123 consolatio
3281 5080 3381 5125 est.
3421 5074 3556 5140 Quin

2003 5149 2131 5204 mihi
2157 5150 2314 5204 etiam
2339 5151 2454 5220 ipse
2487 5151 2537 5204 in
2567 5150 2724 5208 falsos
2763 5155 3032 5222 apostolos
3054 5198 3067 5221 ,
3099 5159 3185 5227 qui
3213 5160 3474 5218 incassum
3502 5180 3563 5220 se

2000 5240 2304 5310 jactahant,
2350 5240 2600 5309 domique
2645 5241 2959 5298 desidebant
2991 5260 3053 5300 ac
3095 5247 3298 5305 deliciis
3345 5268 3558 5324 operam

2005 5331 2234 5395 dabant,
2277 5347 2370 5400 per
2412 5331 2714 5400 hujusmodi
2761 5336 3074 5402 prooemium
3104 5339 3279 5395 invehi
3317 5345 3560 5409 videtur;

2005 5436 2187 5475 verum
2214 5420 2471 5486 obscure,
2518 5436 2580 5476 ac
2620 5422 2764 5477 velut
2791 5423 2981 5480 obiter.
3011 5426 3276 5484 Cancrum
3305 5434 3565 5500 praecipue

2007 5511 2058 5564 id
2083 5513 2306 5582 agebat,
2356 5522 2413 5566 ut
2461 5514 2812 5569 cunctationis
2856 5531 2918 5571 ac
2961 5519 3294 5590 negligentiae
3333 5527 3505 5572 notam
3534 5536 3564 5572 a

2008 5617 2064 5657 se
2093 5604 2400 5674 depelleret.
2451 5603 2582 5658 Nam
2611 5605 2655 5659 si
2687 5617 2966 5676 propterea
3013 5611 3371 5663 consolatione
3399 5606 3567 5660 altici-

2012 5712 2167 5762 mur,
2227 5705 2287 5752 ut
2340 5697 2457 5750 aliis
2512 5712 2723 5768 quoque
2778 5699 3194 5754 consolationem
3245 5694 3564 5761 offeramus,
