4018 6156
477 313 582 368 581

479 437 693 492 crimini
735 451 802 493 ne
832 437 1022 492 vertite
1041 477 1055 500 ,
1095 433 1237 505 quod
1268 433 1333 487 ad
1365 448 1462 487 vos
1487 447 1593 485 non
1618 427 2002 485 accesserimus
2032 441 2050 480 :

477 533 523 588 si
560 529 772 600 quidem
810 527 967 583 nobis
997 541 1157 581 omne
1186 534 1394 595 tempus
1425 524 1479 577 in
1508 520 1717 577 insidiis
1743 528 1798 574 et
1822 518 2053 574 invasio-

478 623 635 678 nibus
656 663 672 689 ,
702 618 1140 690 depellendisqne
1171 614 1539 686 ingruentibus
1564 611 1818 684 periculis
1845 610 2052 665 tereba-

480 724 583 768 tttr.
615 713 666 767 5.
718 709 969 777 Quoniam
1013 709 1142 762 sicut
1187 706 1448 762 abundant
1495 705 1680 760 Christi
1714 704 1970 775 passiones
1998 701 2051 754 in

475 803 637 869 nobis,
661 803 729 855 ita
747 801 897 854 etiam
922 815 1010 869 per
1028 796 1281 854 Christum
1304 795 1528 850 abundat
1557 795 1838 848 consolatio
1860 801 2048 846 nostra.

475 893 682 948 Etenim
735 907 802 945 ue
860 889 1244 959 discipulorum
1288 888 1497 943 animos
1547 885 1878 942 calamitates
1925 897 2050 938 suas

475 985 700 1039 nimium
725 980 1099 1053 exaggerando
1129 986 1503 1036 consternaret
1521 1019 1538 1045 ,
1565 977 1798 1034 ostendit
1838 989 2049 1030 rursum

473 1079 742 1149 ingentem
770 1091 982 1148 quoque
1007 1072 1396 1129 consolationis
1423 1071 1633 1144 copiam
1674 1085 1795 1126 esse
1823 1087 1837 1124 :
1867 1068 2049 1138 sicque

473 1169 682 1223 animos
710 1181 893 1222 eorum
920 1166 1095 1236 erigit.
1122 1163 1308 1234 Neque
1337 1163 1440 1218 hac
1467 1172 1670 1217 tantum
1693 1161 1922 1226 ratione,
1953 1156 2049 1213 sed

474 1276 542 1316 eo
585 1260 781 1323 etiam,
833 1256 973 1328 quod
1002 1271 1094 1311 eos
1124 1253 1324 1312 Christi
1377 1253 1728 1318 submoneat,
1781 1251 2050 1320 ipsiusque

472 1352 752 1423 passiones
805 1363 926 1404 esse
970 1357 1216 1402 asserat:
1249 1356 1409 1414 atque
1454 1353 1582 1398 ante
1627 1341 2046 1397 consolationem

472 1445 540 1500 ab
568 1444 696 1514 ipsis
719 1455 931 1512 quoque
959 1437 1348 1495 calamitatibus
1373 1433 1791 1491 consolationem
1822 1431 2044 1487 inducit.

469 1537 606 1607 Quid
648 1537 788 1591 enim
820 1533 1033 1589 suavius
1077 1545 1141 1586 ac
1178 1529 1500 1600 jucundius,
1547 1543 1707 1598 quam
1735 1542 1820 1582 me
1846 1525 2049 1582 Christi

468 1630 672 1685 socium
701 1625 871 1690 efﬁci,
902 1633 1062 1694 atque
1092 1623 1256 1693 ipsius
1294 1635 1453 1676 causa
1483 1620 1596 1674 hate
1621 1617 1865 1690 perpeti?
1911 1616 2049 1686 Quid

469 1737 590 1777 cum
623 1719 722 1774 hac
750 1716 1115 1773 consolatione
1139 1710 1603 1784 comparandum?
1633 1710 1742 1766 Nec
1765 1725 1895 1764 vero
1925 1708 2050 1763 hinc

469 1823 708 1876 tantum,
739 1808 833 1866 sed
875 1806 1098 1862 aliunde
1145 1819 1358 1876 quoque
1385 1818 1604 1870 eorum,
1653 1801 1745 1872 qui
1771 1800 2047 1856 calamita-

469 1907 610 1961 tibus
651 1902 1060 1967 eonllictautur,
1108 1899 1319 1954 animos
1363 1896 1578 1952 attollit.
1631 1895 1784 1950 Unde
1833 1894 2046 1949 tandem

465 1995 724 2052 aliunde?
771 1995 904 2050 lliue
956 2007 1184 2063 nempe,
1237 1990 1381 2062 quod
1428 1991 1536 2056 ait,
1593 1989 1886 2043 Abundant.
1929 1987 2046 2043 Non

467 2090 611 2146 enim
642 2086 812 2155 dixit,
843 2083 1305 2153 Quemadmodum
1351 2079 1548 2136 Christi
1579 2081 1858 2152 passiones
1893 2081 2048 2136 nobis

468 2181 755 2252 ingruunt,
803 2177 931 2243 sed,
981 2176 1127 2231 Sicut
1169 2173 1453 2228 abundant.
1481 2172 1688 2240 Quibus
1715 2173 1890 2228 verbis
1919 2172 2046 2226 illud

467 2270 734 2335 ostendit,
763 2265 905 2338 quod
948 2281 1054 2321 non
1103 2265 1263 2320 modo
1310 2264 1452 2318 illius
1496 2263 1795 2330 cruciatus,
1841 2263 1936 2318 sed
1964 2263 2049 2318 his

467 2377 680 2432 quoque
737 2360 914 2429 plures
961 2356 1256 2428 perferant.
1313 2355 1428 2410 Non
1478 2356 1662 2421 enim,
1721 2355 1924 2426 inquit,
1982 2371 2046 2411 ea

470 2451 876 2516 tantummodo,
907 2465 1027 2521 quae
1056 2451 1170 2520 ipse
1199 2464 1389 2521 passus
1415 2457 1528 2514 est,
1573 2448 1884 2518 pertulimus
1905 2488 1920 2514 ,
1949 2463 2048 2503 ve-

466 2560 585 2599 rum
615 2543 698 2598 his
717 2542 874 2597 etiam
898 2541 1178 2612 ampliora.
1205 2539 1293 2595 Sic
1316 2540 1460 2596 enim
1480 2538 1762 2594 considera
1791 2556 1804 2593 :
1828 2549 2050 2594 vexatus

467 2645 588 2703 est,
640 2633 1104 2707 persequutionem
1162 2646 1348 2702 passus
1398 2641 1480 2687 est
1525 2630 1770 2686 Christus
1799 2671 1815 2697 ,
1869 2629 2049 2700 ﬂagris

465 2743 637 2783 caesus
667 2735 750 2782 est
769 2767 783 2791 ,
831 2734 1074 2780 mortuus
1101 2731 1205 2778 est.
1235 2724 1303 2778 At
1333 2737 1433 2778 nos
1455 2763 1472 2790 ,
1517 2723 1690 2792 inquit
1716 2763 1733 2790 ,
1784 2720 1869 2777 his
1897 2723 2048 2793 plura

467 2822 738 2892 patimur:
766 2817 909 2890 quod
953 2816 1170 2888 quidem
1195 2816 1282 2871 vel
1310 2814 1484 2870 solum
1513 2814 1581 2870 ad
1622 2815 2048 2872 consolationem

468 2915 598 2970 satis
625 2927 748 2969 esse
776 2919 956 2982 queat.
983 2908 1092 2964 Nec
1120 2908 1400 2978 quisquam
1429 2906 1571 2962 hunc
1606 2921 1911 2962 sermonem
1955 2921 2044 2962 ar—

468 3004 723 3077 rogantia:
765 3018 829 3058 ac
869 3000 1184 3057 temeritatis
1227 2997 1445 3053 damnet
1478 3016 1492 3052 :
1527 3013 1648 3052 nam
1698 3007 1753 3054 et
1795 2999 1900 3054 alio
1930 2999 2049 3055 loco

467 3095 583 3148 ait:
621 3093 773 3145 Nunc
819 3090 1013 3161 gaudeo
1041 3094 1093 3142 in
1137 3087 1455 3160 passionibus
1503 3088 1626 3143 meis
1649 3130 1664 3156 ,
1712 3099 1862 3160 atque
1885 3091 2050 3144 adiut-

470 3186 582 3254 pleo
625 3201 686 3238 ea
711 3197 823 3254 qua:
861 3181 1040 3236 desunt
1084 3177 1401 3252 passionibus
1441 3179 1629 3235 Christi
1656 3182 1709 3236 in
1756 3199 1908 3237 carne
1941 3199 2051 3238 mea

470 3275 706 3347 (Coloss.
739 3275 790 3329 1.
819 3273 852 3329 4
877 3273 924 3344 ).
957 3274 1025 3326 At
1053 3281 1296 3327 neutrum
1329 3271 1519 3327 horum
1551 3274 1867 3328 temeritatis
1891 3275 2050 3331 ullius

468 3379 523 3424 et
556 3369 872 3440 arrogantia:
896 3375 997 3422 est.
1022 3365 1165 3422 Sicut
1195 3366 1334 3421 enim
1363 3365 1607 3435 discipuli
1639 3367 1862 3436 majora,
1892 3383 2051 3438 quam

470 3465 614 3533 ipse,
661 3461 912 3516 miracula
966 3460 1245 3526 fecerunt;
1305 3458 1405 3526 Qui
1457 3461 1590 3515 enim
1633 3462 1791 3516 credit
1838 3461 1892 3515 in
1936 3478 2047 3528 me,

470 3554 661 3625 inquit,
685 3555 882 3624 majora
904 3553 981 3606 his
1001 3553 1154 3625 faciet
1180 3551 1359 3626 (Joan.
1380 3553 1469 3607 M.
1496 3551 1620 3624 12);
1667 3562 1838 3610 totum
1867 3563 2048 3610 autem

471 3647 566 3714 ipsi
587 3645 927 3710 adscribitur,
946 3645 1034 3715 qui
1052 3645 1104 3698 in
1125 3644 1253 3714 ipsis
1273 3645 1625 3714 operabatur:
1646 3645 1723 3700 sic
1744 3646 1903 3701 etiam
1931 3646 2050 3718 plu-

472 3756 548 3804 ra,
567 3754 725 3808 quam
757 3739 890 3804 ipse,
914 3737 1152 3806 perpessi
1181 3746 1304 3790 sunt
1329 3753 1345 3802 ;
1374 3746 1425 3791 at
1451 3737 1762 3792 universum
1796 3737 1896 3792 hoc
1927 3754 2050 3792 rur-

470 3845 563 3882 sus
585 3827 685 3896 ipsi
709 3826 941 3880 adscribi
959 3826 1137 3889 debet,
1155 3826 1358 3896 quieos
1380 3826 1782 3894 consolabatur,
1805 3838 1960 3899 atque
1979 3831 2050 3884 ita

471 3920 834 3990 comparabat,
851 3929 907 3972 ut
920 3919 1216 3986 ingruentia
1240 3919 1377 3972 mala
1397 3918 1516 3974 forti
1539 3921 1716 3974 animo
1729 3920 2046 3990 perferrent.

543 4011 598 4067 4.
639 4009 793 4066 Unde
823 4009 984 4064 etiam
1013 4009 1227 4076 Paulus,
1254 4023 1413 4079 quam
1438 4011 1650 4065 excelse
1675 4010 1926 4080 loquutus
1956 4027 2047 4066 es-

472 4113 575 4170 set,
607 4115 937 4173 agnoscens,
970 4099 1093 4155 vide
1121 4099 1390 4169 quomodo
1417 4100 1519 4156 hoc
1547 4115 1732 4156 rursus
1761 4100 1844 4157 his
1872 4101 2050 4158 verbis

475 4201 698 4268 mitiget,
718 4197 806 4250 Ita
833 4203 877 4249 et
906 4211 994 4266 per
1016 4193 1272 4249 Christum
1297 4193 1520 4248 abundat
1545 4194 1824 4250 consolatio
1853 4205 2051 4262 nostra;

473 4302 640 4348 totum
672 4291 772 4345 hoc
809 4297 1084 4359 acceptum
1111 4286 1186 4341 illi
1211 4284 1475 4354 referens,
1506 4294 1666 4356 atque
1697 4287 1863 4358 ipsius
1893 4287 2049 4343 beni-

471 4384 728 4455 gnitatem
770 4379 1084 4452 prtedicans.
1113 4376 1234 4435 Non
1264 4379 1429 4445 enim,
1462 4377 1653 4449 inquit,
1682 4388 1880 4449 quanta
1909 4379 2052 4435 cala-

473 4478 695 4543 mitate,
745 4483 890 4530 tanta
943 4487 1156 4544 quoque
1190 4460 1553 4526 Consolatione
1603 4471 1900 4539 afﬁcimur,
1954 4471 2050 4528 sed

475 4571 642 4625 tuulto
666 4568 886 4638 majore.
931 4565 1114 4637 Neque
1141 4566 1282 4620 enim
1311 4565 1461 4631 dixit,
1490 4564 1799 4621 Consolatio
1827 4567 2050 4622 calami-

475 4669 612 4716 tates
640 4667 836 4728 azquat,
864 4656 981 4724 sed,
1013 4656 1250 4711 Abundat
1269 4655 1583 4720 consolatio;
1605 4656 1674 4710 ita
1715 4665 1775 4710 ut
1797 4657 2050 4713 certami-

476 4766 600 4807 num
630 4758 872 4819 tempus,
901 4747 1124 4802 aliarum
1151 4761 1335 4802 rursus
1377 4760 1697 4802 coronarum
1723 4753 1932 4817 tempus
1956 4749 2046 4803 sit.

473 4843 610 4911 Quid
626 4839 791 4908 enim,
809 4853 1013 4911 quaeso,
1036 4847 1142 4894 tam
1163 4840 1398 4911 amplum
1427 4853 1492 4894 ac
1531 4839 1866 4909 prmclarum,
1890 4856 2048 4912 quam

473 4934 544 4989 ob
561 4931 832 4988 Christum
857 4930 1036 5002 ﬂagris
1056 4931 1210 4997 caedi,
1233 4941 1426 4986 etcum
1452 4931 1563 4987 Deo
1591 4930 1842 5003 colloqui,
1871 4933 2049 4988 omni-

471 5027 679 5096 basque
707 5024 903 5080 robore
937 5031 1215 5094 praestare,
1245 5037 1310 5078 ac
1347 5034 1756 5095 persequutores
1796 5024 2044 5093 vincere,

474 5132 647 5189 neque
670 5117 738 5172 ab
765 5117 1015 5172 universo
1040 5122 1303 5169 terrarum
1329 5115 1459 5170 orbe
1485 5115 1654 5186 subigi
1679 5125 1729 5172 et
1759 5116 2048 5188 expugnari

475 5223 654 5280 posse,
684 5218 840 5279 atque
859 5207 1123 5280 ejusmodi
1145 5209 1281 5264 bona
1311 5209 1432 5265 hinc
1453 5220 1786 5281 exspectare,
1809 5227 1927 5282 quae
1951 5227 2049 5268 nec

473 5298 659 5353 oculus
687 5298 857 5365 vidit,
890 5315 989 5355 nec
1036 5300 1184 5354 auris
1207 5299 1444 5364 audivit,
1477 5315 1578 5356 nec
1619 5302 1672 5356 in
1699 5316 1793 5356 cor
1817 5302 2048 5357 hominis

471 5389 862 5446 ascenderunt?
880 5389 1008 5460 quid
1029 5398 1134 5444 tam
1160 5391 1626 5462 egregium,quam
1653 5392 1865 5463 pietatis
1890 5407 2047 5447 causa

474 5485 666 5553 premi,
705 5491 864 5553 atque
906 5484 1198 5538 innumeris
1252 5485 1342 5539 Dei
1397 5485 1852 5540 consolationibus
1901 5485 2045 5553 frui,

471 5591 535 5632 ac
576 5585 656 5632 tot
694 5577 964 5647 tantisque
991 5576 1223 5646 peccatis
1248 5575 1495 5642 liberari,
1537 5585 1592 5631 ct
1621 5577 1822 5646 Spiritu
1860 5586 2047 5632 sancto

469 5679 527 5722 et
570 5669 853 5726 sanctitate
891 5676 1052 5740 atque
1097 5667 1295 5737 justitia
1342 5667 1548 5734 donari,
1582 5684 1681 5723 nec
1725 5685 2044 5740 quemquam

475 5766 707 5815 metuere
735 5774 800 5820 ac.
824 5761 1256 5832 perhorrescere,
1290 5767 1448 5830 atque
1479 5759 1529 5814 in
1563 5760 1802 5830 ipsismet
1829 5760 2041 5830 pericu-

1186 317 1240 376 S.
1280 315 1554 374 JOANNIS
1589 309 2058 371 CHRYSOSTOMI
2096 308 2410 365 ARCHIEP.
2449 307 2976 366 CONSTANTINOP.

3633 312 3734 364 383

2161 421 2228 477 lis
2267 423 2454 494 quovis
2492 405 2911 492 splendidiorem
2955 420 3165 480 videri?
3193 421 3269 492 Nc
3293 422 3453 493 igitur
3482 424 3537 478 in
3567 433 3735 481 tenta-

2159 515 2389 570 tionibus
2433 516 2612 570 animo
2661 515 2993 586 dejiciamur.
3014 515 3184 572 Nemo
3213 518 3357 571 enim
3387 516 3600 572 deliciis
3625 528 3735 572 stu—

2157 606 2290 663 dens
2306 618 2359 664 et
2378 608 2650 664 dormiens
2671 623 2732 662 ac
2751 607 3031 679 languens,
3045 623 3165 662 cum
3183 608 3399 664 Christo
3422 610 3733 666 societatem

2156 699 2348 766 habet;
2377 716 2535 756 nemo
2555 716 2763 766 eorum,
2790 701 2880 772 qui
2910 702 3143 758 molliter
3167 717 3230 757 ac
3257 703 3483 759 remisse
3510 704 3693 758 vivunt
3717 723 3734 765 :

2157 811 2338 851 verum
2362 797 2405 852 is
2435 796 2648 852 demum
2676 797 2752 852 illi
2773 797 2978 853 vicinus
3005 806 3105 864 est,
3138 797 3225 868 qui
3255 796 3307 851 in
3339 799 3644 854 calamitate
3671 815 3735 856 ac

2157 887 2450 943 tentatione
2478 899 2759 952 versatur,
2805 896 2963 958 atque
3005 897 3210 943 arctum
3258 888 3382 942 vita:
3436 891 3538 945 iter
3568 901 3732 948 tenet.

2154 977 2284 1033 Nam
2316 979 2430 1049 ipse
2468 995 2679 1051 quoque
2725 979 2825 1033 hac
2848 981 2931 1033 via
2960 979 3176 1035 incessit
3201 997 3215 1034 :
3248 995 3477 1050 eamque
3506 982 3574 1036 ob
3602 998 3733 1038 cau-

2154 1085 2268 1126 sam
2289 1071 2519 1136 dicebat,
2540 1070 2704 1126 Filius
2721 1071 2938 1126 hominis
2957 1088 3057 1125 non
3079 1070 3223 1125 habet
3249 1072 3333 1125 ubi
3353 1082 3505 1142 caput
3527 1074 3738 1128 reclinet

2156 1160 2367 1234 (Matth.
2399 1163 2452 1216 s.
2488 1161 2602 1235 ελθ).

2226 1252 2292 1308 In
2319 1254 2688 1310 calamitatibus
2716 1255 2964 1328 quomodo
3003 1255 3271 1326 agendum.
3302 1287 3374 1297 —
3405 1256 3637 1313 Proinde
3667 1274 3735 1317 ne

2153 1345 2332 1400 animo
2359 1345 2698 1402 discrucieris
2722 1387 2737 1410 ,
2765 1361 2885 1401 cum
2909 1345 3213 1403 calamitate
3238 1349 3500 1418 premeris
3519 1388 3535 1414 ,
3564 1350 3736 1404 anim-

2152 1434 2441 1494 advertens
2467 1438 2551 1493 cui
2577 1439 2960 1502 eommuniees,
2983 1447 3034 1494 et
3062 1454 3291 1510 quonam
3317 1439 3476 1495 modo
3503 1457 3599 1511 per
3625 1450 3734 1498 teu-

2153 1530 2381 1585 tationes
2408 1531 2673 1586 scelerum
2725 1530 2960 1586 maculas
2997 1531 3181 1599 eluas,
3214 1542 3579 1604 quantumque
3609 1536 3730 1592 inde

2153 1620 2383 1678 fructum
2413 1623 2633 1679 referas.
2662 1623 2804 1679 Nihil
2825 1627 2969 1680 enim
2999 1625 3141 1681 aliud
3177 1641 3340 1697 grave
3381 1638 3540 1697 atque
3578 1644 3727 1685 acer-

2154 1711 2279 1767 bum
2309 1725 2428 1783 est,
2460 1731 2617 1786 quam
2667 1716 2717 1770 in
2766 1717 2857 1772 Dei
2901 1717 3246 1773 oﬂ‘ensionem
3302 1719 3594 1776 incurrere.
3623 1722 3730 1778 Hoc

2153 1797 2384 1866 sublato,
2414 1815 2519 1854 non
2560 1799 2799 1867 afﬂictio,
2830 1818 2935 1856 non
2965 1802 3167 1858 insidiae
3197 1845 3212 1868 ,
3242 1819 3350 1858 non
3390 1805 3534 1860 aliud
3579 1807 3729 1878 quid-

2153 1904 2311 1959 quam
2355 1891 2674 1961 prudentem
2721 1894 2952 1948 animam
3002 1895 3244 1950 molestia
3289 1895 3504 1953 afficere
3547 1908 3722 1968 queat.

2153 1980 2290 2048 Quin
2326 1984 2518 2050 potius,
2539 1985 2989 2054 quemadmodum
3019 1987 3064 2041 si
3092 1987 3339 2057 exiguam
3363 1989 3646 2046 scintillam
3674 1992 3728 2046 in

2151 2092 2405 2150 magnum
2436 2080 2653 2150 pelagus
2691 2080 2916 2150 injicias,
2944 2096 3061 2136 eam
3090 2083 3335 2152 protinus
3361 2084 3678 2139 exstinxeris
3713 2102 3726 2139 :

2150 2181 2341 2231 eodem
2371 2173 2528 2229 modo
2555 2173 2797 2228 molestia
2827 2176 3020 2239 omnis,
3055 2176 3348 2246 quamlibet
3369 2177 3578 2248 ingens.
3603 2179 3650 2234 si
3677 2179 3731 2234 in

2151 2263 2390 2320 animum
2419 2265 2554 2321 bene
2577 2265 2678 2320 sibi
2699 2267 2971 2320 conscium
3000 2267 3264 2331 inciderit,
3283 2268 3564 2323 confestim
3595 2271 3733 2340 perit

2151 2365 2206 2412 et
2250 2357 2541 2412 evanescit.
2572 2357 2697 2412 ideo
2741 2357 2936 2412 Paulus
2983 2359 3142 2413 etiam
3191 2374 3405 2429 semper
3445 2360 3729 2431 gaudebat,

2151 2447 2579 2518 quandoquidem
2629 2447 2683 2502 in
2731 2449 2796 2503 iis
2839 2449 3179 2522 rebus,qu:e
3231 2450 3430 2507 divinae
3474 2453 3730 2509 voluntati

2151 2549 2527 2595 consentaneae
2573 2549 2766 2607 erant,
2806 2539 3058 2597 ﬁdentem
3100 2543 3338 2598 animum
3384 2545 3640 2614 gerebat;
3671 2562 3732 2602 ae

2153 2637 2229 2684 tot
2269 2630 2405 2685 mala
2457 2645 2526 2686 ne
2566 2630 2781 2701 quidem
2825 2633 3122 2699 sentiebat,
3147 2649 3332 2689 verum
3363 2637 3611 2706 quamvis
3635 2680 3648 2704 ,
3677 2648 3732 2693 ut

2153 2722 2336 2785 homo,
2365 2723 2548 2780 dolore
2579 2733 2906 2794 tangeretur,
2933 2741 3039 2781 non
3069 2738 3244 2782 tamen
3273 2729 3456 2784 animo
3480 2731 3734 2786 concide-

2152 2814 2260 2871 bat.
2283 2816 2374 2871 διο
2415 2817 2713 2887 patriarcha
2733 2833 2944 2888 quoque
2978 2819 3068 2874 ille
3098 2820 3150 2874 in
3181 2821 3378 2891 gaudio
3400 2823 3730 2890 versabatur,

2153 2910 2362 2965 tametsi
2391 2911 2575 2981 gravia
2607 2916 2768 2965 multa
2790 2913 3098 2968 sustineret.
3129 2913 3218 2968 Sic
3243 2914 3387 2969 enim
3419 2917 3690 2985 perpende
3716 2935 3730 2970 :

2151 3001 2321 3071 patria
2369 3001 2604 3067 excidit,
2631 3001 2814 3073 longas
2871 3019 2933 3058 ac
2977 3004 3230 3060 molestas
3278 3007 3734 3076 peregrinationes

2152 3091 2350 3158 subiit;
2381 3103 2562 3162 atque,
2595 3108 2714 3147 cum
2769 3094 2820 3148 in
2871 3094 3099 3149 alienam
3151 3096 3418 3166 regionem
3466 3098 3727 3165 venisset,

2152 3198 2220 3238 ne
2245 3183 2396 3256 pedis
2421 3183 2636 3254 quidem
2665 3185 2943 3255 vestigium
2967 3185 3214 3241 habebat.
3237 3187 3368 3242 Hinc
3395 3203 3576 3242 rursus
3601 3203 3726 3243 eum

2153 3274 2322 3332 fames
2347 3277 2576 3344 excepit,
2606 3292 2669 3331 ac
2695 3277 2866 3332 solum
2897 3289 3108 3334 vertere
3150 3280 3363 3349 coegit;
3393 3278 3582 3334 famem
3606 3296 3728 3334 rur-

2153 3384 2269 3424 sum
2300 3370 2482 3424 uxoris
2521 3371 2728 3438 ereptio
2769 3381 2990 3440 sequuta
3017 3381 3138 3436 est,
3171 3386 3235 3427 ac
3263 3372 3453 3426 mortis
3482 3381 3655 3428 metus
3681 3383 3735 3427 et

2153 3462 2406 3517 sterilitas
2429 3470 2484 3516 et
2503 3460 2700 3516 bellum
2731 3471 2784 3515 et
2807 3462 3040 3532 pericula
3063 3471 3116 3517 et
3141 3461 3370 3530 insidiae,
3396 3478 3458 3518 ac
3483 3463 3733 3534 denique,

2152 3553 2295 3624 quod
2311 3569 2670 3608 mrumnarum
2691 3564 2851 3623 caput
2871 3563 3004 3621 erat,
3030 3554 3288 3626 unigeniti
3305 3566 3359 3611 et
3375 3559 3486 3611 cari
3509 3557 3603 3610 lilii
3627 3572 3737 3611 ma-

2153 3644 2340 3713 ctatio,
2364 3646 2474 3712 illa,
2502 3645 2738 3716 inquam,
2758 3646 3160 3701 acerbissimum
3180 3656 3342 3718 atque
3370 3647 3733 3704 immedicabi-

2153 3739 2256 3794 lem
2277 3738 2515 3794 dolorem
2539 3738 2788 3794 afferens.
2812 3737 2992 3808 Neque
3013 3741 3154 3793 enim
3177 3739 3468 3806 existimes,
3483 3743 3730 3811 quoniam

2155 3842 2402 3904 prompto
2422 3848 2485 3887 ac
2509 3832 2692 3887 libenti
2719 3832 2900 3886 animo
2921 3831 3034 3886 Deo
3063 3833 3255 3902 paruit,
3273 3833 3464 3887 idcirco
3484 3833 3614 3886 citra
3643 3835 3730 3888 ul-

2154 3923 2264 3978 lum
2285 3922 2487 3978 doloris
2508 3935 2725 3976 sensum
2749 3922 2834 3975 illa
2857 3923 3033 3977 omnia
3063 3924 3360 3992 pertulisse.
3384 3923 3512 3977 Nam
3536 3924 3733 3978 etiam-

2153 4017 2199 4072 si
2232 4017 2430 4071 millies
2451 4016 2631 4086 justus
2656 4014 2860 4079 fuisset,
2893 4024 2949 4069 ut
2975 4032 3162 4071 revera
3202 4026 3336 4083 erat,
3362 4024 3538 4071 tamen
3570 4017 3734 4072 homo

2154 4118 2290 4177 erat,
2321 4125 2490 4181 eaque
2537 4124 2656 4179 qua:
2701 4119 2887 4164 natura
2918 4110 3060 4176 fert,
3087 4110 3405 4178 patiebatur.
3439 4113 3506 4164 At
3555 4109 3731 4179 ipsum

2157 4210 2330 4256 tamen
2355 4201 2486 4255 nihil
2515 4201 2702 4255 horum
2734 4202 2996 4271 perculit;
3025 4202 3117 4256 sed
3148 4203 3299 4257 fortis
3325 4201 3542 4257 athleta:
3571 4202 3736 4257 instar

2153 4294 2413 4362 constitit,
2445 4303 2602 4365 atque
2633 4295 2684 4347 in
2713 4307 2816 4347 uno
2840 4308 3050 4364 quoque
3080 4293 3270 4349 horum
3310 4293 3586 4348 victoriam
3609 4295 3734 4349 ade-

2156 4394 2276 4456 ptus
2303 4394 2405 4440 est.
2431 4384 2513 4439 Ad
2541 4384 2786 4439 eumdem
2817 4384 3030 4439 modum
3059 4385 3243 4441 beatus
3270 4401 3482 4456 quoque
3513 4385 3727 4450 Paulus,

2153 4493 2273 4532 cum
2295 4475 2599 4546 frequentes
2615 4475 2932 4532 afﬂictiones
2951 4477 3189 4546 quolibet
3208 4477 3292 4532 die
3313 4477 3365 4532 in
3387 4492 3448 4532 se
3469 4479 3731 4533 irruentes

2155 4569 2503 4638 perspiceret,
2529 4567 2667 4622 haud
2699 4581 2854 4623 secus
2879 4583 2942 4622 ac
2967 4568 3010 4622 si
3041 4569 3092 4622 in
3139 4568 3318 4623 medio
3347 4569 3599 4639 paradiso
3641 4569 3730 4624 de-

2153 4669 2322 4730 geret,
2354 4658 2423 4713 ita
2464 4659 2727 4728 gaudebat
2772 4667 2827 4713 et
2876 4659 3194 4714 exsultabat.
3217 4658 3288 4715 Ut
3329 4661 3490 4730 igitur
3529 4661 3610 4726 is,
3643 4661 3729 4730 qui

2156 4749 2457 4820 hujusmodi
2483 4747 2677 4819 gaudio
2701 4749 2913 4814 fruitur,
2942 4765 2970 4802 a
2999 4765 3232 4806 maerore
3281 4751 3446 4822 arripi
3493 4767 3597 4806 non
3641 4767 3732 4820 po—

2156 4846 2258 4890 test
2289 4851 2302 4890 :
2334 4835 2412 4889 sic
2431 4833 2521 4905 qui
2548 4834 2674 4889 illud
2705 4834 2925 4889 minime
2953 4836 3232 4906 amplexus
3270 4848 3371 4902 est,
3400 4853 3429 4891 a
3461 4838 3730 4908 quibusvis

2153 4925 2316 4997 arripi
2346 4936 2400 4981 et
2428 4928 2716 4996 expugnari
2745 4937 2920 4996 potest
2955 4941 3055 4982 :ac
3095 4928 3319 4999 perinde
3346 4931 3396 4985 ei
3424 4930 3640 4996 accidit,
3674 4941 3730 4984 ut

2153 5020 2204 5077 ei
2229 5020 2318 5091 qui
2347 5018 2701 5074 imbecillibus
2737 5018 2902 5074 armis
2929 5019 3218 5076 instructus
3245 5031 3346 5087 est,
3371 5038 3434 5078 ac
3462 5024 3544 5079 vel
3577 5023 3724 5078 levis-

2154 5113 2289 5168 simo
2315 5113 2418 5166 ictu
2445 5111 2742 5178 sauciatur;
2766 5127 2886 5166 cum
2913 5123 3098 5168 contra
3125 5115 3171 5170 is
3190 5116 3279 5185 qui
3306 5116 3474 5187 probe
3499 5117 3730 5185 undique

2153 5211 2389 5259 armatus
2415 5212 2518 5267 est,
2543 5202 2842 5273 ingruentia
2870 5205 3047 5272 omnia
3074 5205 3177 5261 tela
3208 5208 3497 5277 prepulset.
3518 5207 3730 5265 Etenim

2150 5294 2428 5366 quibusvis
2452 5293 2614 5348 armis
2641 5293 2845 5348 firmior
2871 5310 2936 5349 ae
2963 5297 3228 5352 valentior
3266 5309 3347 5353 est
3373 5299 3621 5371 voluptas
3647 5316 3732 5366 ea,

2152 5402 2271 5458 quae
2295 5385 2588 5442 secundum
2621 5387 2786 5442 Deum
2819 5388 3151 5460 percipitur:
3185 5406 3283 5446 nuc
3307 5391 3598 5463 quidquam
3628 5403 3729 5459 est,

2153 5481 2294 5550 quod
2317 5480 2622 5551 hujusmodi
2640 5482 2808 5536 virum
2837 5480 2891 5536 i'n
2920 5485 3184 5538 tristitiam
3213 5500 3276 5540 ac
3301 5500 3590 5542 maerorem
3615 5502 3733 5541 cono

2149 5573 2316 5644 jicere
2344 5583 2540 5644 queat,
2573 5589 2755 5628 verum
2795 5575 2974 5629 omnia
3004 5576 3123 5629 forti
3169 5591 3231 5630 ac
3259 5592 3526 5646 generoso
3555 5579 3732 5632 animo

2155 5664 2372 5736 perfert.
2403 5664 2537 5733 Quid
2563 5665 2703 5719 enim
2731 5665 2852 5735 igne
2876 5667 3133 5735 gravius?
3156 5666 3275 5738 quid
3304 5670 3584 5737 perpetuis
3622 5683 3735 5723 cru-

2158 5761 2386 5818 ciatibus
2411 5759 2688 5816 acerbius?
2725 5759 2854 5815 Nam
2895 5770 2950 5816 ut
2985 5760 3146 5817 etiam
3189 5775 3315 5830 opes
3343 5771 3398 5815 et
3428 5761 3650 5830 liberos,
3675 5773 3735 5814 ac
