4018 6156
311 256 415 318 58⁸1

308 377 402 434 τοῦ
445 375 684 448 Χριστοῦ
721 374 816 428 καὶ
849 369 1012 428 αὑτοῦ
1048 372 1220 425 εἰπεῖν
1258 364 1398 423 εἶναι
1430 369 1500 423 τὰ
1537 368 1869 439 παθήματα·

310 472 405 528 καὶ
436 471 544 544 πρὸ
581 471 677 541 τῆς
715 465 1107 539 παρακλήσεως
1139 462 1232 516 ἀπ’
1278 460 1456 516 αὐτῶν
1501 461 1610 515 τῶν
1643 459 1874 528 θλίψεων

310 567 409 637 τὴν
431 561 784 636 παραμυθίαν
829 559 1052 626 εἰσάγει.
1085 554 1149 609 Τί
1185 555 1290 627 γὰρ
1323 553 1474 624 ἣδιον
1499 551 1594 605 τοῦ
1627 550 1704 621 τῷ
1737 552 1872 622 Χρι-

313 657 424 728 στῷ
455 673 524 729 με
561 652 800 723 γίνεσθαι
833 648 1106 710 κοινωνὸν,
1149 645 1244 699 xc).
1270 645 1339 698 δι’
1371 642 1533 697 αὐτὸν
1570 641 1742 695 ταῦτα
1768 640 1874 694 πά-

311 767 462 821 σχειν
482 765 497 814 ;
519 757 572 801 τι
597 745 795 816 ταύτης
835 743 946 796 ἴσον
971 741 1068 810 τῆς
1094 738 1523 809 παρακλήσεωςς
1555 737 1668 789 Ούκ
1694 734 1875 789 ἐντεῦο

310 843 400 896 θεν
439 841 495 894 δὲ
543 840 722 910 μόνον,
755 833 889 888 ἀλλὰ
918 832 1012 886 καὶ
1055 829 1319 902 ἑτέρωθεν
1341 827 1557 898 ἐπαίρει
1585 825 1654 879 τὰ
1677 826 1876 897 φρονή-

311 948 456 1003 ματα
501 929 607 982 τῶν
639 926 992 997 θλιϐομένων.
1044 922 1213 975 Πόθεν
1251 918 1546 991 ἑτέρωθενς
1609 917 1740 970 Ἀπὸ
1779 916 1873 969 τοῦ

306 1025 498 1087 εἰπεῖν,
535 1021 617 1075 ὄτι
665 1017 1036 1086 Περισσεύει.
1084 1014 1158 1068 Οὐ
1200 1013 1307 1085 γὰρ
1341 1007 1512 1073 εἶπεν,
1563 1011 1641 1063 ὅτι
1679 1007 1875 1072 Καθὼς

308 1119 514 1172 ἔπεισιν
568 1118 700 1188 ἡμῖν
750 1113 820 1166 τὰ
871 1112 1172 1183 παθήματα
1232 1107 1327 1162 τοῦ
1381 1106 1652 1178 Χριστοῦ,
1714 1105 1872 1170 ἀλλά,

308 1210 509 1275 Καθὼς
531 1207 878 1276 περισσεύει
898 1222 912 1234 ·
935 1203 1146 1265 δεικνὺς
1171 1203 1252 1254 ὅτι
1277 1201 1336 1252 00
1365 1200 1522 1270 μόνον
1551 1199 1617 1250 τὰ
1641 1197 1870 1260 ἐκείνου,

307 1298 440 1352 ἀλλὰ
477 1297 574 1350 καὶ
611 1295 832 1348 πλείονα
866 1292 1067 1347 τούτων
1099 1291 1424 1360 ὑπομένουσι
1454 1289 1622 1359 πάθη.
1652 1285 1732 1341 Οὐ
1764 1287 1874 1359 γὰρ

305 1390 405 1443 ὅσα
434 1386 623 1450 ἔπαθε,
650 1385 830 1456 φησιν,
862 1383 1134 1452 ἐπάθομεν
1151 1381 1318 1452 πάθη,
1341 1380 1477 1434 ἀλλά
1503 1381 1598 1434 καὶ
1613 1379 1869 1450 περισσά.

308 1481 509 1534 Σκόπει
530 1477 587 1531 δέ
609 1495 624 1509 ·
666 1476 888 1546 Ἥλάθη,
920 1473 1150 1545 ἐδιώχθη
1172 1476 1200 1528 ό
1225 1473 1478 1545 Χριστὸς,
1501 1471 1871 1544 έμαστιγώθη,

307 1573 600 1628 ἀπέθανεν.
650 1569 785 1623 Ἀλλ’
811 1570 970 1639 ἡμεῖς
1014 1568 1174 1620 πλέον
1226 1566 1452 1632 τούτων,
1497 1565 1662 1637 φησίν
1683 1580 1698 1596 ·
1737 1565 1874 1635 ὅπερ

309 1663 406 1717 καὶ
442 1662 602 1732 μόνον
647 1659 828 1714 ἰκανὸν
871 1660 949 1722 εἰς
996 1657 1346 1729 παραμυθίαν
1383 1658 1655 1728 ἀρκέσεις.
1715 1653 1874 1709 Ἀλλά

313 1755 503 1827 μηδεὶς
549 1752 751 1823 τόλμαν
801 1750 1260 1818 καταγινωσκέτω
1299 1749 1392 1802 τοῦ
1419 1749 1612 1816 λόγον’
1648 1746 1874 1816 καὶγὰρ

309 1845 408 1898 καὶ
449 1841 680 1912 ἀλλαχοῦ
726 1857 878 1910 φησι·
913 1839 1043 1894 Νῦν
1073 1839 1255 1907 χαίρω
1298 1838 1368 1891 ἐν
1405 1838 1528 1903 τοῖς
1566 1835 1874 1905 παθήμασί

304 1953 444 2006 μου,
475 1935 574 1989 καί
605 1930 1044 2000 ἀνταναπληρῶ
1079 1933 1148 1984 τὰ
1191 1930 1572 1999 ὑστερήματα
1602 1927 1719 1982 τῶν
1746 1931 1874 1983 θλί-

305 2028 472 2094 ψεων
516 2022 623 2076 τοῦ
666 2019 919 2089 Χριστοῦ
962 2020 1032 2072 ἐν
1061 2018 1136 2088 τῇ
1169 2021 1348 2086 σαρκί
1363 2037 1505 2088 μου.
1553 2018 1692 2071 Ἀλλ’
1723 2017 1873 2072 οὐδέ-

302 2133 459 2187 τερον
509 2114 711 2186 τόλμης
762 2111 884 2167 οὐδὲ
928 2112 1186 2174 ἀπονοίας
1227 2112 1390 2174 τινός.
1445 2111 1710 2181 Καθάπερ
1762 2110 1870 2181 γάρ

307 2207 529 2278 μείζονα
552 2206 716 2259 αὑτοῦ
737 2205 1062 2276 εἰργάσαντο
1084 2206 1283 2274 σημεῖα
1305 2205 1400 2274 ('0
1419 2201 1528 2273 γὰρ
1547 2202 1868 2266 πιστεύων,

302 2297 492 2368 φησὶν,
533 2299 620 2363 εἰς
661 2296 786 2366 ἐμὲ,
832 2294 1071 2364 μείζονα
1127 2297 1354 2350 τούτων
1399 2294 1686 2363 ποιήσει),
1716 2296 1776 2348 τὸ
1813 2295 1871 2348 δὲ

301 2391 411 2443 πᾶν
446 2388 612 2442 αὐτοῦ
653 2387 862 2457 γίνεται
898 2386 992 2439 τοῦ
1021 2387 1366 2457 ἐνεργοῦντος
1396 2387 1454 2438 ὲν
1482 2386 1697 2448 αὐτοῖς·
1730 2384 1872 2439 οῦτω

299 2479 394 2532 καὶ
438 2477 663 2533 πλείονα
704 2476 867 2532 αὑτοῦ
913 2476 1144 2530 έπαθονο
1179 2476 1238 2530 τὸ
1267 2477 1324 2529 δὲ
1362 2478 1467 2529 πᾶν
1503 2475 1666 2529 αὑτοῦ
1713 2475 1874 2529 πάλιν

300 2571 416 2624 ἐστὶ
451 2569 548 2624 τοῦ
581 2569 1022 2641 παρακαλοῦντος
1056 2567 1272 2633 αὐτοὺς,
1303 2567 1397 2622 καὶ
1435 2567 1874 2638 παρασκευάζον.

297 2678 387 2727 τος
416 2660 612 2732 φέρειν
642 2660 713 2714 τὰ
735 2658 1115 2730 συμπίπτοντα
1147 2658 1314 2712 δεινά.

363 2846 425 2900 δ’.
474 2842 564 2896 Διὸ
590 2841 656 2914 δὴ
695 2841 789 2895 καὶ
817 2841 845 2893 0
871 2838 1082 2902 Παῦλος
1123 2837 1442 2907 αἰσθόμενος
1483 2835 1669 2907 ἡλίκον
1714 2834 1873 2906 ἐφθέ-

295 2935 492 3006 γξατο,
506 2935 607 3006 ὅρα
625 2933 742 2995 πῶς
757 2932 889 2984 αὐτὸ
908 2928 1185 2983 συστέλλει
1204 2928 1364 2982 πάλιν
1379 2927 1572 2996 λέγων’
1597 2927 1759 2980 Οὕτω
1775 2927 1875 2981 διὰ

294 3029 398 3085 τοῦ
421 3023 696 3096 Χριστοῦ
725 3023 1072 3094 περισσεύει
1089 3021 1187 3074 καί
1219 3021 1257 3088 ἡ
1277 3018 1660 3089 παράκλησις
1683 3017 1871 3086 ἡμῶνο

295 3120 386 3174 καὶ
413 3118 490 3173 τὸ
527 3119 635 3171 πᾶν
665 3114 815 3186 αύτῷ
843 3113 1136 3178 ἀνατιθεὶς,
1169 3113 1260 3166 καί¹
1289 3110 1681 3182 ἀνακηρύττων
1708 3107 1872 3164 αὐτοῦ

295 3211 388 3264 καὶ
424 3207 690 3265 ἐντεῦθεν
714 3206 812 3278 τὴν
851 3204 1278 3274 φιλανθρωπίαν.
1313 3203 1386 3255 00
1417 3201 1523 3272 γὰρ
1550 3203 1671 3254 ὅσον
1697 3200 1875 3254 θλιϐό-

299 3304 470 3373 μεθα,
510 3301 763 3354 τοσοῦτον
791 3295 1281 3369 παρακαλούμεθα,
1317 3297 1504 3365 φησιν,
1536 3294 1673 3349 ἀλλά
1697 3291 1874 3364 πολλῷ

300 3395 492 3448 πλέον.
555 3394 628 3445 00
688 3392 796 3464 γὰρ
848 3387 1020 3452 εἶπεν,
1055 3388 1402 3460 Ἀντίρῤοπος
1449 3388 1482 3457 ἡ
1530 3384 1875 3456 παράκλησις

304 3485 414 3540 τῶν
451 3482 812 3553 παθημάτων,
840 3481 989 3554 [4‘25]
1023 3481 1178 3543 ἀλλὰ,
1210 3478 1564 3546 Περισσεύει
1613 3479 1650 3543 ἡ
1685 3475 1873 3544 παρά-

306 3579 567 3643 κλησις’
621 3573 695 3636 ώς
737 3571 828 3626 τὸν
871 3574 1060 3643 καιρὸν
1085 3571 1196 3624 τῶν
1239 3568 1484 3637 ἀγώνων,
1526 3568 1729 3638 ἐτέρων
1757 3583 1876 3619 στε-

306 3666 490 3737 φάνων
524 3665 689 3720 πάλιν
720 3661 854 3720 εἶναι
903 3665 1113 3738 καιρόν.
1165 3662 1230 3716 Τί
1276 3661 1382 3734 γὰρ
1433 3660 1712 3722 ῐσον,είπέ
1761 3677 1873 3729 μοι,

303 3761 396 3815 τοῦ
423 3760 515 3814 διὰ
545 3759 635 3812 τὸν
677 3758 907 3830 Χριστὸν
938 3755 1319 3828 μαστίζεσθαι,
1359 3753 1454 3828 καὶ
1487 3751 1605 3821 Θεῷ
1630 3751 1875 3820 διαλέγε-

306 3849 447 3912 σθαι,
481 3850 584 3903 καὶ
609 3850 824 3902 πάντων
852 3843 989 3900 εἶναι
1017 3833 1413 3914 δυνατώτερον,
1433 3841 1528 3896 καὶ
1566 3841 1676 3896 τῶν
1713 3843 1874 3895 ἐλαυ-

304 3939 500 3996 νόντων
552 3938 950 4012 περιγίνεσθαι,
995 3937 1090 3990 καὶ
1122 3938 1188 4007 τῇ
1240 3934 1531 4005 οἰκουμένῃ
1578 3934 1875 4004 ἀχείρωτον

305 4024 462 4095 εἶναι,
513 4029 616 4083 καὶ
655 4026 880 4082 τοιαῦτα
933 4025 1238 4096 προσδοκᾷν
1287 4021 1540 4075 ἐντεῦθεν
1595 4020 1797 4089 ἀγαθὰ,
1837 4019 1874 4074 0

310 4120 443 4190 μήτε
475 4119 760 4190 ὀφθαλμὸς
815 4113 946 4182 εἶδε,
997 4116 1135 4186 μὴτε
1186 4109 1276 4176 οῦς
1325 4113 1546 4183 ἤκουσε,
1599 4113 1733 4182 μήτε
1781 4111 1874 4163 ἐπὶ

306 4209 534 4280 καρδίαν
568 4206 853 4279 ἀνθρώπου
889 4203 1096 4273 ἀνέϐη;
1137 4201 1189 4253 τί
1231 4199 1285 4253 δὲ
1333 4201 1444 4252 ῐσον
1472 4196 1568 4250 τοῦ
1600 4196 1875 4250 θλίϐεσθαι

303 4299 370 4354 δι’
399 4299 709 4364 εὐσέϐειαν,
749 4299 844 4351 καὶ
875 4296 1082 4367 μυρίων
1107 4289 1401 4346 ἀπολαύειν
1434 4287 1586 4360 παρὰ
1610 4287 1701 4340 τοῦ
1739 4285 1875 4340 Θεοῦ

305 4393 732 4464 παρακλήσεων,
755 4390 849 4443 καὶ
878 4384 1293 4458 ἁμαρτημάτων
1319 4379 1661 4452 ἀπηλλάχθαι
1691 4379 1878 4431 τοσού-

303 4501 434 4551 των,
461 4485 566 4538 xu".
603 4481 743 4536 Πνεύ
753 4497 922 4552 ματος
944 4474 1330 4540 καταξιοῦσθαι
1359 4473 1454 4527 καλ⁵
1480 4469 1750 4541 ἀγιασμοῦ
1781 4471 1876 4522 καὶ

304 4573 678 4644 δικαιοσύνης,
733 4571 828 4625 καὶ
883 4569 1087 4641 μηδένα
1137 4566 1432 4621 δεδοικέναι
1483 4564 1580 4619 καὶ
1629 4564 1874 4634 τρέμειν,

307 4665 402 4717 καί⁵
433 4665 658 4719 πάντων
685 4661 1061 4731 λαμπρότερον
1088 4656 1374 4728 φαίνεσθαι
1399 4658 1455 4709 ὲν
1476 4655 1624 4727 αὑτῷ
1648 4655 1725 4725 τῷ
1756 4671 1874 4708 κιν-

307 4754 581 4820 δυνεύειν;
618 4752 712 4822 Μὴ
742 4753 807 4824 δὴ
841 4752 1271 4820 καταπίπτωμεν
1301 4751 1357 4802 ὲν
1378 4750 1489 4812 τοῖς
1523 4747 1873 4818 πειρασμοῖς.

307 4845 495 4909 υύδεὶς
525 4845 638 4916 γὰρ
674 4845 919 4896 κοινωνεί
957 4841 1033 4912 τῷ
1060 4839 1279 4912 Χριστῷ
1306 4837 1527 4909 τρυφῶν
1552 4837 1646 4890 καὶ
1677 4835 1875 4891 καθεύ-

304 4935 409 4989 δων
444 4937 540 4990 καὶ
565 4934 909 5002 ἀναπίπτων,
938 4933 1109 4996 οὐδεὶς
1131 4930 1237 4984 τῶν
1265 4932 1354 4983 τὸν
1383 4928 1546 5000 ὑγρὸν
1570 4927 1754 4981 τοῦτον
1780 4927 1875 4981 καὶ

305 5026 688 5098 διαλελυμένον
716 5025 934 5091 ζώντων
968 5025 1099 5094 βίον·
1136 5024 1250 5078 ἀλλ’
1275 5025 1302 5075 0
1340 5023 1396 5076 ἐν
1428 5020 1602 5088 θλίψει
1629 5019 1722 5071 καὶ
1749 5037 1872 5070 πειο

310 5121 526 5192 ρασμῷ,
557 5114 713 5184 οὗτος
739 5121 905 5188 ἐγγὺς
935 5118 1166 5188 ἕστηκεν
1195 5115 1426 5179 ἐκείνου,
1473 5115 1500 5166 0
1547 5111 1646 5182 τὴν
1685 5111 1874 5181 στενὴν

308 5211 503 5266 ὁδεύων
532 5213 671 5266 ὀδόν.
703 5212 815 5267 Καὶ
843 5210 952 5284 γὰρ
985 5211 1078 5288 καί
1105 5209 1263 5272 αὐτὸς
1288 5207 1490 5276 ταύτην
1515 5202 1731 5256 ἐϐάδισε
1750 5215 1763 5228 ’
1795 5201 1875 5254 διὸ

309 5303 404 5355 καὶ
434 5304 643 5372 ἐλεγενο
678 5304 742 5357 '0
786 5303 919 5368 Υἱὸς
960 5301 1064 5355 τοῦ
1097 5299 1409 5368 ἀνθρώπου
1447 5297 1559 5350 οὐκ
1593 5293 1718 5362 ἔχει
1756 5292 1874 5346 ποῦ

310 5392 422 5461 τὴν
449 5394 731 5464 κεφαλὴν
757 5393 982 5449 κλῖναι.

380 5611 472 5681 Μὴ
523 5612 703 5666 τοίνυν
739 5613 890 5682 ἀλγει
931 5608 1266 5680 θλιϐόμενος,
1303 5605 1499 5659 ἐννοῶν
1529 5603 1634 5659 τίνι
1679 5620 1876 5656 κοινω-

313 5703 442 5766 νεῖς,
489 5704 585 5756 καὶ
637 5705 752 5768 πῶς
789 5703 1085 5772 ἐκκαθαίρῃ
1124 5698 1211 5754 διὰ
1249 5698 1356 5751 τῶν
1393 5693 1731 5764 πειρασμῶν,
1775 5693 1869 5748 καὶ

1355 256 1422 312 ΙΝ
1463 253 1676 312 EPIST.
1715 254 1757 309 ll
1797 255 1884 308 AD
1912 253 2070 310 COR.
2127 253 2358 312 HOMIL.
2400 258 2443 314 Ι.

3431 269 3534 324 388

1980 367 2080 421 ὅσα
2119 369 2441 439 κερδαίνεις.
2471 369 2634 424 Οὐδὲν
2663 372 2770 442 γάρ
2800 373 2946 426 ἐστιν
2971 374 3212 446 ἀνιαρὸν,
3249 375 3362 430 ἀλλ’
3409 381 3442 450 ἢ
3483 381 3544 434 τὸ

1979 459 2056 529 τῷ
2100 460 2220 531 Θεῷ
2267 461 2650 533 προσκρούειν.
2686 463 2888 518 Τούτου
2917 467 2972 519 δὲ
2999 468 3098 520 οὐκ
3131 467 3304 533 ὄντος,
3337 470 3399 523 00
3431 471 3543 525 θλίο

1979 550 2120 621 ψεις,
2157 553 2256 607 ούκ
2280 555 2581 617 ἐπιϐουλαὶ,
2618 557 2716 610 ούκ
2757 557 2885 611 ἄλλο
2924 559 3076 614 οὐδὲν
3119 560 3338 616 δυνατὸν
3367 562 3541 633 λυπῆ-

1981 659 2072 695 σαι
2099 643 2196 714 τὴν
2216 642 2273 697 εὖ
2297 644 2596 714 φρονοῦσαν
2617 645 2816 717 ψυχήν
2848 648 2982 702 ἀλλά
3003 649 3251 720 καθάπερ
3272 652 3541 724 σπινθῆρα

1985 734 2176 804 μικρὸν
2225 737 2304 798 εἰς
2359 735 2592 792 ἄϐυσσον
2637 738 2838 810 πολλὴν
2876 740 3130 810 ἐμϐαλὼν
3169 741 3371 806 εὐθέως
3409 763 3541 798 κατ-

1981 825 2242 890 έσϐεσας·
2278 825 2419 880 οὕτω
2468 829 2561 882 καὶ
2607 829 2845 900 ἀθυμίας
2889 831 3110 903 ἁπάσης
3153 834 3426 907 ὑπερϐολὴ
3463 837 3544 900 είς

1983 917 2220 980 συνειδὸς
2251 918 2565 988 ἐμπεσοῦσα
2596 921 2798 987 ἀγαθὸν
2828 923 3124 978 ἀπόλλυται
3152 925 3244 978 καὶ
3285 926 3543 994 ἀφανίζε-

1981 1027 2067 1064 ται
2102 1011 2318 1083 ῥᾳδίως.
2354 1011 2452 1064 Διά
2491 1012 2554 1083 δὴ
2581 1012 2737 1066 τοῦτο
2769 1015 2863 1067 καὶ
2889 1015 2918 1066 0
2946 1015 3155 1079 Παῦλος
3188 1016 3404 1089 ἔχαιρεν
3431 1018 3542 1082 ἀεὶ,

1982 1103 2168 1173 ἐπειδὴ
2198 1105 2256 1156 ὲν
2293 1107 2405 1167 τοῖς
2439 1105 2580 1158 κατά
2614 1103 2745 1158 Θεὸν
2792 1106 3030 1176 ἐθάρρει,
3062 1109 3155 1162 καὶ
3193 1109 3312 1162 ούδὲ
3349 1109 3541 1182 αἴσθη-

1984 1211 2067 1248 σιν
2093 1196 2201 1249 τῶν
2224 1196 2492 1249 τοσούτων
2524 1195 2710 1250 κακῶν
2740 1197 3064 1267 ἐλάμϐανεν·
3100 1199 3213 1251 ἀλλ’
3244 1200 3397 1270 ἤλγει
3443 1201 3542 1271 μὲν

1980 1283 2055 1346 ὼς
2086 1285 2389 1355 ἄνθρωπος,
2422 1286 2483 1337 o0
2521 1285 2626 1354 μὴν
2661 1285 3014 1340 κατέπιπτεν.
3051 1287 3208 1340 Οὕτω
3253 1291 3344 1342 καὶ
3379 1293 3406 1342 0
3440 1307 3543 1344 πα-

1981 1375 2247 1445 τριάρχης
2281 1376 2485 1440 ἐκεῖνος
2529 1379 2586 1430 ὲν
2612 1377 2772 1448 ἡδονῇ
2807 1373 2897 1449 ἦν,
2930 1377 3098 1431 πολλὰ
3141 1379 3329 1434 παθὼν
3356 1380 3543 1450 ὀδυνη-

1985 1466 2070 1538 ρά.
2094 1466 2292 1518 Σκόπει
2319 1466 2394 1519 δέ·
2420 1467 2682 1538 Πατρίδος
2705 1467 2983 1533 ἐξέπεσεν,
3010 1470 3314 1540 ὁδοιπορίας
3335 1473 3541 1545 ὑπέστη

1984 1558 2198 1629 μακρὰς
2229 1559 2322 1612 καὶ
2349 1558 2612 1630 χαλεπὰς,
2658 1561 2748 1613 ἐπὶ
2778 1561 2875 1631 τῆς
2904 1562 3188 1632 ἀλλοτρίας
3221 1563 3389 1616 ἐλθὼν
3423 1565 3544 1618 οὐδὲ

1983 1651 2131 1721 βῆμα
2172 1645 2282 1720 εἶχε
2337 1650 2512 1714 ποδός.
2549 1649 2823 1704 Ἐντεῦθεν
2860 1651 3020 1705 πάλιν
3062 1652 3216 1723 λιμὸς
3258 1653 3419 1706 αὐτὸν
3466 1654 3545 1708 δι-

1981 1743 2199 1808 εδέξατο
2227 1742 2322 1795 καὶ
2345 1743 2684 1812 μετανάστην
2717 1742 2961 1813 ἐποίησε,
2995 1745 3088 1798 καὶ
3121 1745 3211 1797 τὸν
3245 1745 3401 1816 λιμὸν
3424 1746 3541 1800 δια-

1980 1833 2192 1902 δέχεται
2225 1835 2386 1886 πάλιν
2407 1832 2650 1904 ’ἁρπαγὴ
2692 1833 2970 1901 γυναικὸς,
2999 1835 3093 1888 καὶ
3117 1836 3346 1890 θανάτου
3380 1836 3544 1906 φόϐος

1980 1925 2076 1978 καὶ
2105 1925 2330 1978 ἀπαιδία
2353 1926 2448 1978 καὶ
2471 1925 2706 1996 πόλεμος
2729 1925 2823 1978 καὶ
2854 1925 3088 1980 κίνδυνοι
3113 1928 3207 1981 καὶ
3237 1926 3541 1993 ἐπιϐουλαὶ,

1980 2017 2074 2069 καὶ
2105 2015 2166 2069 τὸ
2197 2016 2499 2069 τελευταῖον
2521 2017 2550 2068 0
2580 2014 2821 2085 κολοφὼν
2847 2015 2955 2070 τῶν
2988 2017 3184 2079 ἄθλων,
3229 2020 3262 2088 ἡ
3297 2018 3391 2072 τοῦ
3443 2036 3544 2089 μο-

1979 2110 2229 2179 νογενοῦς
2249 2110 2342 2163 καὶ
2363 2108 2588 2180 γνησίου
2615 2109 2799 2172 παιδὸς
2819 2111 3021 2182 σφαγὴ,
3045 2113 3079 2181 ἡ
3105 2111 3338 2182 ὀδυνηρά
3359 2112 3540 2183 ἐκείνη

1979 2203 2074 2257 καὶ
2101 2203 2418 2273 ἀνήκεστος.
2447 2199 2537 2271 Μὴ
2558 2199 2623 2272 δὴ
2644 2201 2772 2272 γὰρ,
2791 2202 2978 2272 ἐπειδὴ
2993 2203 3226 2265 εὐκόλως
3243 2203 3542 2273 ὑπήκουσε,

1980 2297 2207 2367 νομίσῃς
2240 2294 2401 2348 αὐτὸν
2429 2295 2524 2348 καὶ
2553 2294 2781 2358 ἀπαθῶς
2821 2296 2998 2348 πάντα
3031 2296 3214 2350 ἐκεῖνα
3245 2297 3547 2368 ὑφεστηκέ-

1980 2406 2090 2443 ναι.
2118 2388 2182 2440 Εἰ
2213 2386 2321 2458 γὰρ
2346 2386 2438 2439 καί⁵
2477 2384 2738 2456 μυριάκις
2770 2385 2977 2450 δίκαιος
3005 2381 3096 2457 ῆν,
3122 2384 3308 2456 ὥσπερ
3335 2382 3426 2440 οὖν
3450 2389 3546 2440 καὶ

1979 2475 2068 2552 ῆν,
2094 2478 2209 2534 ἀλλ’
2246 2478 2529 2549 ἄνθρωπος
2555 2472 2646 2547 ἦν,
2680 2476 2774 2530 καὶ
2804 2477 2872 2530 τὰ
2905 2477 3004 2546 τῆς
3040 2477 3252 2546 φύσεως
3285 2478 3542 2550 ἔπασχεν.

1993 2572 2133 2625 Ἀλλ’
2157 2573 2304 2642 ὅμως
2328 2569 2482 2623 οὐδὲν
2503 2570 2666 2623 αὑτὸν
2687 2569 2893 2622 τούτων
2915 2569 3235 2636 κατέϐαλεν,
3257 2570 3407 2643 [424]
3431 2571 3546 2624 ἀλλ’

1981 2665 2223 2726 εἱστήκει
2251 2664 2504 2734 καθάπερ
2528 2663 2765 2733 ἀθλητὴς
2790 2665 3058 2731 γενναῖος,
3095 2667 3188 2717 καὶ
3221 2666 3546 2737 στεφανίτης

1983 2757 2068 2826 ἐφ’
2097 2755 2312 2825 ἑκάστῳ
2357 2753 2561 2807 τούτων
2607 2754 3134 2823 ἀνακηρυττόμενος.
3194 2755 3355 2831 Οὓτω,
3394 2757 3488 2809 καὶ
3517 2760 3548 2811 0

1985 2849 2254 2919 μακάριος
2310 2845 2519 2909 Παῦλος
2565 2845 2790 2916 νιφάδας
2855 2847 3177 2919 πειρασμῶν
3229 2847 3369 2918 ὁρῶν
3418 2848 3545 2903 καθ’

1982 2939 2219 3007 ἑκάστην
2263 2937 2522 3000 ἐπιούσας
2567 2937 2801 3007 ἡμέραν,
2849 2938 2924 3001 ὡς
2965 2940 3022 2991 ὲν
3057 2940 3205 3010 μέσῳ
3235 2940 3548 3012 παραδείσῳ

1979 3030 2223 3103 τρυφῶν,
2255 3029 2427 3092 οὕτως
2456 3028 2641 3099 ἔχαιρε
2682 3031 2776 3083 καὶ
2829 3029 3118 3100 ἠγάλλετο.
3161 3030 3372 3102 Ὥσπερ
3405 3027 3497 3086 οῦν
3519 3035 3548 3086 0

1979 3120 2186 3189 ταύτην
2216 3119 2420 3189 χαίρων
2463 3117 2561 3190 τὴν
2602 3119 2778 3191 χαρὰν
2809 3119 2908 3173 οὐκ
2939 3119 3085 3174 ἐστιν
3117 3120 3391 3191 ἁλώσιμος
3417 3121 3548 3175 ἀθυ-

1986 3212 2106 3283 μία,
2136 3210 2308 3275 οὕτως
2356 3213 2383 3264 0
2441 3210 2514 3281 μὴ
2556 3211 2762 3282 ταύτην
2793 3212 3046 3283 ἑλόμενος
3087 3213 3254 3266 πᾶσίν
3283 3214 3430 3266 ἐστιν
3457 3213 3549 3266 εύ-

1982 3302 2265 3373 χείρωτος,
2295 3301 2390 3355 καὶ
2418 3301 2619 3371 πάσχει
2642 3302 2860 3366 ταυτὸν,
2883 3298 2994 3357 οἷον
3021 3304 3075 3356 εἰ
3104 3321 3189 3366 τις
3226 3304 3366 3357 ὅπλα
3409 3303 3550 3374 ἔχων

1986 3393 2184 3464 σαθρὰ,
2213 3393 2307 3446 καὶ
2334 3391 2438 3446 ὑπὸ
2481 3393 2577 3462 τῆς
2618 3391 2884 3463 τυχούσης
2925 3393 3275 3464 τιτρώσκοιτο
3311 3395 3544 3466 πληγῆς.

1996 3485 2134 3539 Ἀλλ’
2161 3486 2258 3554 οὐχ
2286 3486 2316 3537 0
2350 3483 2528 3546 καλῶς
2558 3483 2822 3536 πάντοθεν
2864 3487 3399 3556 περιπεφραγμένος,
3433 3486 3548 3540 ἀλλ’

1986 3578 2132 3632 ἅπαν
2176 3577 2427 3629 ἀκόντιον
2473 3573 2624 3628 ὲπιὸν
2672 3573 3037 3644 διακρούεται.
3085 3575 3192 3626 Καὶ
3230 3575 3338 3645 γὰρ
3381 3575 3548 3628 ὅπλου

1985 3668 2186 3730 παντὸς
2243 3664 2589 3736 ἰσχυρότερον
2631 3665 2664 3736 ἡ
2701 3665 2841 3718 κατὰ
2881 3664 3014 3717 Θεὸν
3060 3664 3240 3736 ἡδονή·
3273 3667 3367 3719 καὶ
3397 3667 3550 3720 οὐδὲν

1983 3760 2073 3814 τὸν
2101 3757 2340 3811 τοιοῦτον
2369 3757 2591 3826 ποιῆσαι
2625 3757 2847 3826 κατηφῆ
2874 3756 2968 3809 καὶ
2991 3756 3312 3826 σκυθρωπὸν
3345 3757 3550 3810 δύναιτ’

1984 3851 2072 3916 ἂν,
2102 3848 2240 3902 ἀλλά
2267 3848 2446 3901 πάντα
2474 3847 2630 3918 φέρει
2660 3846 2942 3916 γενναίως.
2983 3846 3049 3899 Τί
3087 3849 3195 3918 γὰρ
3239 3847 3410 3918 πυρὸς
3431 3850 3549 3918 ’χεῖ-

1987 3957 2113 4014 ρον;
2145 3940 2196 3993 τί
2248 3938 2496 4010 βασάνων
2537 3936 2801 4009 διηνεκῶν
2838 3937 3224 4009 ὀδυνηρότερον
3228 3957 3257 4007 ,ς
3286 3939 3405 3993 Κᾶν
3437 3939 3549 4011 γὰρ

1986 4029 2154 4102 μυρία
2177 4045 2260 4092 τις
2288 4027 2528 4098 ἀπολέσῃ
2553 4028 2830 4097 κτήματα,
2855 4026 2954 4081 κᾶν
2980 4029 3196 4094 παῖδας,
3217 4029 3318 4083 κᾶν
3345 4030 3546 4097 ὁτιοῦν,

1981 4121 2141 4176 τοῦτο
2168 4121 2383 4174 πάντων
2413 4118 2875 4190 τυραννικώτερον
2905 4121 2984 4180 είς
3007 4119 3200 4189 ὀδύνης
3223 4120 3380 4189 λόγον
3407 4121 3545 4176 ἐστι.

1983 4212 2170 4282 Δέρμα
2199 4212 2328 4282 γὰρ,
2352 4213 2536 4282 φησιν,
2563 4210 2713 4278 ὑπὲρ
2733 4210 3042 4279 δέρματος,
3078 4210 3175 4264 καὶ
3209 4210 3405 4264 πάντα
3431 4213 3550 4266 ὅσα

1983 4305 2232 4372 ὑπάρχει
2283 4300 2590 4368 ἀνθρώπῳ,
2643 4299 2822 4352 δώσει
2855 4299 3009 4367 ὑπὲρ
3050 4299 3160 4368 τῆς
3197 4300 3404 4369 ψυχῆς
3443 4307 3550 4357 αὺ-

1983 4393 2109 4448 τοῦ.
2169 4392 2282 4446 Καὶ
2329 4391 2481 4444 οὐδὲν
2534 4391 2600 4444 ἂν
2652 4391 2862 4457 γένοιτο
2904 4390 3103 4444 ὀδυνῶν
3147 4391 3546 4464 χαλεπώτερον.

1996 4492 2137 4545 Ἀλλ’
2166 4491 2314 4562 ὅμως
2348 4490 2444 4545 καὶ
2485 4491 2552 4544 τὰ
2579 4493 2644 4562 τῇ
2679 4491 2814 4562 ἀκοῇ
2847 4490 3118 4563 ἀφόρητα,
3147 4491 3323 4547 ταῦτα
3339 4496 3553 4566 φορητά

1984 4594 2080 4647 καὶ
2108 4591 2332 4646 ποθεινὰ
2364 4589 2453 4645 διὰ
2488 4591 2586 4663 τὴν
2623 4591 2765 4645 κατά
2789 4592 2919 4646 θεὸν
2949 4593 3139 4666 ἡδονὴν
3166 4594 3395 4664 γίνεται.
3427 4596 3551 4650 Κᾶν

1983 4694 2199 4766 ἀγάγῃς
2225 4693 2316 4746 τὸν
2364 4693 2615 4764 μάρτυρα
2645 4693 2726 4747 ἔτι
2760 4694 3062 4765 ἐμπνέοντα
3097 4697 3293 4768 μικρὸν
3323 4696 3430 4751 ἀπὸ
3453 4698 3549 4752 τοῦ

1985 4794 2166 4863 ξύλου,
2206 4793 2240 4865 ἢ
2287 4795 2395 4848 ἀπὸ
2429 4795 2538 4847 τῶν
2571 4793 2846 4864 τηγάνων,
2876 4795 3144 4866 τοσαύτην
3172 4797 3424 4869 εὑρήσεις
3448 4798 3552 4870 τὴν

1984 4893 2354 4965 ἀποκειμένην
2403 4905 2430 4933 ιι
2463 4891 2610 4962 αὐτῷ
2665 4893 2862 4962 χαράν,
2910 4895 3042 4965 ὅσην
3087 4895 3208 4949 οὐδὲ
3237 4898 3414 4949 εἰπεῖν
3444 4897 3550 4952 ἔνι.

1983 4993 2094 5045 Καὶ
2118 4991 2170 5044 τί
2196 4990 2374 5053 πάθω,
2410 4990 2594 5060 φησιν,
2625 4990 2705 5043 ὅτι
2743 4993 3044 5065 μαρτυρίου
3083 4995 3273 5065 καιρὸς
3303 4995 3362 5047 00
3407 4996 3552 5066 πάρ-

1985 5111 2100 5147 εστι
2149 5092 2280 5158 νῦν;
2335 5092 2400 5143 Τί
2428 5092 2566 5162 φήςς
2604 5091 2666 5144 οὗ
2711 5093 2942 5163 πάρεστι
2988 5095 3287 5165 μαρτυρίου
3321 5096 3548 5166 καιροςς

1985 5192 2254 5246 Οὐδέποτε
2287 5191 2384 5262 μὲν
2411 5187 2505 5244 οῦν
2555 5184 2710 5254 οὗτος
2740 5191 2988 5258 ἄπεστιν,
3036 5193 3151 5246 ἀλλ’
3187 5194 3272 5246 ἀεὶ¹
3305 5194 3409 5266 πρὸ
3439 5197 3552 5250 τῶν

1983 5291 2278 5362 ὀφθαλμῶν
2327 5293 2443 5346 ἐστι
2475 5291 2584 5346 τῶν
2613 5292 2914 5362 ἡμετέρων,
2964 5293 3058 5346 ἐὰν
3097 5296 3378 5366 νήφωμεν,
3416 5299 3555 5351 Οὐδὲ

1985 5393 2094 5463 γὰρ
2123 5392 2184 5445 τὸ
2209 5392 2298 5444 ἐπὶ
2321 5391 2480 5459 ξύλου
2510 5391 2821 5463 κρέμασθαι
2853 5393 3034 5464 μόνον,
3062 5395 3218 5450 τοῦτο
3241 5400 3385 5451 ποιεῖ
3415 5399 3556 5466 μάρο

1984 5509 2139 5566 τυρα’
2174 5495 2295 5547 ἐπεὶ
2335 5495 2382 5546 εἰ
2411 5493 2564 5547 τοῦτο
2589 5489 2678 5565 ἦν,
2712 5495 2867 5558 ἐκτὸς
2888 5494 2996 5551 τῶν
3025 5498 3303 5568 στεφάνων
3346 5495 3553 5549 τούτων

2048 5696 2066 5721 ⁸
2095 5697 2176 5746 Sic
2203 5709 2317 5746 mss.
2342 5693 2473 5747 Edili
2497 5709 2632 5756 vero,
2653 5702 2886 5761 κειμένην.
