4018 6156
490 243 598 303 339

494 375 529 427 6
561 368 682 425 Ἰὼϐ
707 363 796 441 ἦν.
828 367 964 422 Οῦτε
1013 365 1126 438 γάρ
1154 365 1493 436 δικαστηρίῳ
1533 363 1806 434 παρέστη,
1842 362 1963 417 οὐτε
1995 364 2070 416 δι·-

499 467 702 525 καστοῦ
737 466 923 536 φωνῆς
946 465 1198 535 ήκουσεν,
1229 462 1290 514 οὐ
1321 461 1517 532 δήμιον
1551 456 1710 514 εἶδεν·
1747 461 1809 513 οὐ
1845 461 1955 531 γὰρ
1980 463 2075 514 ἀν-

502 567 807 640 ηρτημένος
841 565 932 617 ἐπὶ
970 562 1127 630 ξύλου
1159 563 1253 616 καὶ
1299 560 1573 633 μετέωρος
1596 561 1693 624 ὣν,
1722 561 2075 626 κατεξαίνετο

499 673 600 736 τάς
631 669 868 740 πλευράς
888 685 901 698 ·
935 666 1048 720 ἀλλ’
1077 667 1225 735 ὅμως
1255 663 1467 716 πολλῶν
1506 662 1801 734 μαρτύρων
1834 661 2077 734 χαλεπώ-

499 789 633 844 τερα
661 767 849 830 ἔπαθε,
880 766 977 821 καὶ
1009 766 1062 820 αἶ
1104 765 1281 834 φωναὶ
1329 764 1436 817 τῶν
1467 764 1784 836 ἐπαλλήλων
1827 763 2076 832 ἀγγέλων

500 871 723 927 ἐκείνων
774 869 957 938 πάσης
1020 866 1232 937 πληγῆς
1288 865 1619 938 δριμύτερον
1673 865 1938 937 ἔπληττον
1983 866 2076 918 καὶ

501 969 754 1024 ἐκέντουν
785 965 1051 1020 πάντοθεν
1090 965 1272 1030 αὐτὸν,
1297 965 1391 1018 καὶ
1422 964 1629 1036 μυρίων
1651 964 1861 1036 δημίων
1889 965 2077 1036 πικρό-

499 1085 657 1140 τερον
686 1065 795 1120 τῶν
826 1065 1124 1136 σκωλήκων
1148 1062 1372 1117 ἐκείνων
1412 1061 1480 1116 τὰ
1513 1063 1760 1134 στόματα
1803 1062 2070 1117 πάντοθεν

502 1174 666 1227 αὐτὸν
697 1171 976 1242 κατήσθιε.

575 1401 640 1450 ε.’
667 1393 830 1456 Τίνος
845 1388 936 1446 οὖν
955 1392 1054 1445 οὐκ
1078 1391 1144 1445 ἂν
1164 1389 1409 1455 ἀντάξιος
1439 1390 1717 1462 μάρτυρος
1739 1383 1892 1454 οὗτος
1913 1408 1930 1458 ;
1957 1392 2077 1444 Μυ-

509 1497 639 1567 ρίων
671 1496 769 1567 μὲν
797 1489 909 1549 οῦν.
951 1495 1064 1547 Καὶ
1094 1493 1204 1565 γὰρ
1238 1493 1324 1547 διὰ
1355 1493 1573 1546 πάντων
1603 1494 1697 1547 καὶ
1729 1494 1956 1548 ἐπάλαιε
1981 1493 2076 1547 καὶ

507 1597 888 1668 ἐστεφανοῦτο,
944 1595 1031 1651 διὰ
1063 1595 1378 1667 χρημάτων,
1403 1595 1490 1650 διὰ
1521 1597 1746 1661 παίδων,
1775 1595 1861 1652 διὰ
1892 1597 2080 1666 σῶμα·

505 1715 620 1764 τος,
644 1697 730 1750 διὰ
764 1697 1044 1766 γυναικὸς,
1082 1695 1168 1748 διὰ
1217 1695 1405 1764 φίλων,
1452 1696 1520 1749 δι’
1569 1695 1800 1766 ἐχθρῶν,
1832 1695 1899 1749 δι’
1931 1698 2078 1749 οἰκε-

507 1799 636 1854 τῶν·
671 1797 768 1852 καὶ⁵
792 1797 900 1867 γάρ
930 1797 1025 1850 καὶ
1054 1787 1200 1849 οὗτοι
1234 1796 1312 1859 είς
1341 1794 1402 1848 τὸ
1451 1795 1742 1866 πρόσωπον
1775 1795 1940 1849 αὐτοῦ
1987 1797 2075 1848 ἐν·

510 1897 738 1952 έπτυον·
779 1896 871 1950 διὰ
917 1894 1101 1966 λιμοῦ,
1132 1894 1198 1948 δι’
1247 1893 1561 1966 ὀνειράτων,
1604 1893 1670 1946 δι’
1719 1893 1940 1956 ὀδυνῶν,
1992 1894 2079 1948 διὰ

509 1995 790 2058 δυσωδίας.
830 1994 929 2048 Διά
971 1994 1036 2065 δὴ
1072 1995 1232 2048 τοῦτο
1256 1993 1416 2064 ἔφην,
1461 1995 1542 2048 ὅτι
1579 1995 1679 2064 οὐχ
1710 1994 1832 2058 ἐνὸς
1869 1996 2081 2050 καὶδύο

511 2099 606 2153 καὶ
635 2095 826 2168 τριῶν,
856 2095 991 2149 ἀλλὰ
1023 2094 1230 2165 μυρίων
1260 2094 1510 2161 ἀντάξιος
1539 2093 1605 2148 ἂν
1635 2095 1720 2166 εῐη
1763 2097 2078 2166 μαρτύρων.

510 2198 666 2255 Μετά
693 2197 802 2269 γὰρ
826 2195 935 2250 τῶν
975 2195 1283 2268 εἰρημένων
1313 2196 1407 2249 καὶ
1433 2192 1680 2266 δ’χρόνος
1703 2197 1902 2267 πολλὴν
1931 2199 2083 2252 δίδω-

515 2314 600 2350 σιν
649 2294 814 2348 αὐτοῦ
852 2295 966 2357 τοῖς
1014 2294 1300 2362 στεφάνοις
1348 2294 1697 2363 προσθήκην·
1747 2289 1861 2348 οἷον
1891 2297 1951 2349 τὸ
1977 2298 2082 2369 πρὸ

512 2398 606 2452 τοῦ
640 2396 828 2467 νόμου,
849 2393 1000 2466 [425]
1029 2392 1136 2465 πρὸ
1159 2393 1258 2464 τῆς
1293 2393 1514 2464 χάριτος
1541 2393 1713 2448 ταῦτα
1743 2396 1958 2465 παθεῖν,
1989 2399 2083 2453 καὶ

516 2499 693 2569 μῆνας
729 2493 980 2558 πολλοὺς,
1015 2492 1110 2545 καὶ
1156 2491 1334 2546 πάντα
1379 2491 1497 2563 μεθ’
1539 2493 1865 2566 ὑπερϐολῆς,
1905 2499 1998 2551 καὶ
2024 2499 2084 2554 τὸ

517 2597 693 2650 πάντα
740 2591 875 2665 ὁμοῦ
915 2592 1200 2646 ἐπιθέσθαι
1245 2591 1394 2664 αὐτῷ
1432 2592 1500 2646 τά
1541 2593 1722 2648 δεινά·
1774 2593 1951 2650 καίτοι
1990 2600 2086 2654 καὶ

516 2698 635 2752 καθ’
670 2697 833 2751 ἑαυτὸ
880 2696 1110 2749 ἕκαστον
1139 2694 1319 2748 αὐτῶν
1353 2694 1648 2765 ἀφόρητον,
1691 2696 1786 2750 καὶ
1811 2697 1872 2751 τδ
1895 2698 2086 2752 δοκοῦν

518 2797 886 2871 φορητότερον
923 2789 1144 2866 εἷναι,ή
1199 2793 1307 2848 τῶν
1339 2795 1634 2865 χρημάτων
1665 2796 1856 2869 ζημία.
1894 2799 2086 2852 Πολλοὶ

516 2899 649 2969 γοῦν
672 2898 884 2968 πληγὰς
921 2898 1018 2967 μὲν
1047 2898 1304 2968 ἤνεγκαν,
1337 2898 1540 2969 ζημίαν
1575 2899 1632 2952 δὲ
1663 2900 1959 2970 χρημάτων
1987 2901 2087 2953 οὐκ

516 3001 778 3072 ήνεγκαν,
795 2998 934 3052 ἀλλά
953 2999 1045 3052 καὶ
1072 2999 1429 3069 μαστίζεσθαι
1455 3001 1595 3072 ὐπέρ
1620 3002 1798 3055 αὐτῶν
1817 3002 2020 3056 εἴλοντο
2042 3013 2083 3069 ⁸,

519 3099 612 3150 καὶ¹
656 3098 828 3169 μυρία
873 3099 1103 3168 πάσχειν
1134 3098 1284 3152 δεινά
1315 3099 1514 3169 μᾶλλον
1545 3101 1579 3171 ἦ
1617 3101 1840 3155 ἐκείνων
1873 3120 1925 3156 τι
1957 3121 2088 3175 προ-

518 3196 707 3251 έσθαι*
761 3199 857 3256 καὶ
909 3198 1113 3268 μείζων
1147 3199 1334 3262 αὐτοῖς
1362 3198 1536 3270 ἐφάνη
1579 3201 1612 3270 ή
1652 3199 1835 3272 πληγὴ
1863 3201 2022 3275 αὕτη,
2052 3205 2086 3274 ή

515 3297 617 3369 τῆς
644 3297 846 3368 ζημίας
875 3297 983 3351 τῶν
1027 3297 1349 3371 χρημάτων.
1379 3298 1542 3350 Ὥστε
1587 3298 1685 3351 καὶ
1721 3291 1876 3363 οὗτος
1901 3299 2088 3371 ἔτερος

520 3397 682 3453 πάλιν
715 3397 1019 3469 μαρτυρίου
1069 3397 1271 3467 τρόπος
1308 3396 1385 3468 τῷ
1430 3397 1646 3467 φέροντι
1693 3398 1952 3466 γενναίως
1989 3399 2088 3472 τὴν

515 3499 721 3553 τούτων
746 3497 1038 3555 ἀπώλειαν.
1063 3500 1174 3552 Καὶ
1204 3498 1320 3562 πῶς
1346 3499 1563 3570 οἴσομεν
1591 3500 1875 3568 γενναίως,
1899 3501 2082 3572 φησίν;

517 3602 690 3657 Ὅταν
739 3601 914 3674 μάθῃς
953 3602 1033 3656 ’ότι
1089 3600 1310 3654 πλείονα
1361 3603 1640 3673 κερδανεῖς
1685 3593 1760 3655 ὧν
1800 3602 2088 3668 ἀπώλεσας

515 3700 582 3753 δι’
617 3699 734 3762 ένδς
766 3701 1010 3770 ῥήματος
1031 3699 1126 3753 τοῦ
1159 3701 1259 3770 τῆς
1285 3699 1653 3771 εὐχαριστίας.
1677 3699 1773 3753 Ἃν
1796 3700 1904 3772 γὰρ
1931 3701 2090 3754 ἀκού-

521 3817 714 3860 σαντες
744 3799 842 3869 τὴν
867 3799 1142 3853 ἀπώλειαν
1168 3799 1244 3869 μὴ
1274 3801 1654 3872 ταραχθῶμεν,
1683 3800 1797 3854 ἀλλ’
1822 3802 2086 3874 εἴπωμεν,

520 3898 830 3968 Εὐλογητὸς
872 3899 901 3950 6
949 3897 1102 3961 Θεός-
1135 3898 1316 3969 πολλῷ
1345 3898 1564 3954 πλείονα
1593 3901 1823 3957 πλοῦτον
1849 3905 2088 3977 εὑρήκα-

522 4015 643 4067 μεν.
683 3997 758 4050 Οὐ
795 3998 902 4069 γάρ
927 3997 992 4067 δὴ
1019 3997 1254 4050 τοσαῦτα
1281 3999 1568 4073 καρπώσῃ,
1594 4002 1686 4056 τὸν
1703 4003 1929 4058 πλοῦτον
1958 4008 2089 4060 ἀνα-

518 4095 725 4151 λίσκων
761 4098 839 4159 είς
871 4096 998 4160 τοὺς
1032 4095 1340 4164 δεομένους,
1375 4098 1468 4150 καὶ
1501 4100 1748 4170 περιιὼν,
1802 4103 1897 4155 καὶ
1926 4104 2090 4176 πένη-

519 4216 620 4261 τας
647 4195 946 4267 ἐπιζητῶν,
975 4197 1067 4250 καὶ
1098 4197 1406 4267 σκορπίζων
1427 4197 1494 4252 τὰ
1522 4198 1650 4252 ὄντα
1669 4203 1784 4266 τοῖς
1809 4204 2084 4260 πεινῶσιν·

515 4300 618 4352 ὅσα
643 4297 730 4352 διά
755 4296 947 4350 τούτου
978 4295 1072 4350 τοῦ
1102 4297 1346 4368 ῥήματος
1377 4301 1676 4373 κερδανεῖς.
1708 4303 1860 4358 Ἐπεὶ
1885 4305 1976 4359 καὶ
1997 4305 2087 4359 τὸν

533 4397 651 4452 Ἰὼϐ
685 4399 784 4468 οὐχ
816 4397 960 4451 οῦτω
989 4397 1256 4470 θαυμάζω
1303 4401 1401 4472 τὴν
1441 4403 1616 4456 οίκίαν
1657 4404 1940 4474 ἀνοίγοντα
1973 4409 2087 4473 τοῖς

516 4497 813 4568 δεομένοις,
870 4497 946 4559 ὡς
997 4497 1393 4570 ἐκπλήττομαι,
1447 4501 1542 4554 καὶ
1597 4503 1956 4575 ἀνακηρύττω
1987 4507 2084 4578 τήν

519 4598 774 4669 ἁρπαγὴν
819 4598 926 4650 τῶν
979 4598 1274 4669 χρημάτων
1327 4601 1663 4671 εὐχαρίστως
1707 4605 1959 4674 φέροντα.
2009 4609 2082 4661 Τδ

520 4695 653 4750 αὐτὸ
695 4695 753 4747 δὲ
797 4693 954 4747 τοῦτο
998 4697 1092 4748 καὶ
1121 4697 1214 4751 ἐπὶ
1247 4696 1454 4750 παίδων
1487 4699 1758 4770 ἀποϐολῆς
1789 4702 1904 4757 ἔστι
1945 4722 2084 4776 συμ-

519 4797 704 4849 ϐαῖνον
738 4795 885 4849 ίδεῖν.
923 4797 1054 4850 Οὐδὲ
1084 4797 1194 4869 γὰρ
1221 4798 1454 4852 ἐνταῦθα
1499 4798 1754 4855 ἐλάττονα
1799 4803 1942 4876 λήψῃ
1980 4825 2084 4877 ,μι-

523 4896 650 4950 σθδν
694 4894 787 4949 τοῦ
820 4895 910 4948 τὸν
942 4895 1056 4949 υίδν
1100 4897 1467 4968 ἀναγαγόντος
1514 4901 1608 4956 καὶ
1661 4905 2082 4976 καταθύσαντος,

520 5002 568 5053 εί
598 4999 938 5053 τελευτῶντα
976 4997 1101 5052 ἰδὼν
1155 5001 1566 5073 ηὐχαρίστησας
1596 5003 1676 5076 τῷ
1719 5005 2084 5082 φιλανθρώπῳ

518 5099 660 5170 Θεῷ.
690 5101 755 5153 Τί
786 5101 892 5172 γὰρ
921 5102 948 5155 6
976 5099 1214 5166 τοιοῦτος
1240 5101 1336 5155 τοῦ
1365 5104 1614 5176 Ἀϐραὰμ
1653 5105 1804 5160 ἔσται
1851 5109 2081 5180 χείρωη

535 5203 772 5266 Ἐκεῖνος
804 5203 913 5276 γὰρ
942 5203 1042 5258 οὐκ
1075 5199 1180 5258 εἶδε
1226 5205 1474 5276 κείμενον
1503 5207 1714 5279 νεκρδν,
1750 5206 1888 5262 ἀλλὰ
1916 5227 2085 5279 προσ-

521 5299 750 5368 εδόκησε
827 5273 1017 5370 μόνον·
1084 5303 1224 5357 ὥστε
1278 5273 1327 5358 εί
1383 5273 1695 5360 πλεονεκτεῖ
1738 5307 1817 5378 τῷ
1871 5273 2085 5378 μέλλειν

521 5395 832 5464 καταθύειν,
865 5400 959 5453 καὶ
1009 5400 1108 5472 τὴν
1161 5405 1318 5473 χεῖρα
1368 5403 1612 5469 ἐκτείνας
1664 5405 1763 5476 τὴν
1811 5407 2084 5481 μάχαιραν

583 5655 602 5681 '
631 5656 715 5710 Ila.
725 5696 739 5720 ,
769 5659 971 5712 είλαντο.

1243 245 1306 302 S.
1339 239 1626 298 JOANNIS
1661 235 2082 295 CHRYSOSTO‘

2201 235 2518 294 ARCHIEP.
2559 235 3106 294 CONSTANTINOP.

3639 235 3738 290 500

2174 362 2442 432 ἁρπάσαι,
2477 364 2885 418 πλεονεκτεῖται
2936 364 3012 435 τῷ
3046 361 3262 418 κεῖσθαι
3303 360 3362 414 τὸ
3394 357 3606 412 παιδίον
3652 372 3738 411 νε-

2174 463 2303 534 κρὸν
2331 464 2584 520 ἐνταῦθα.
2609 466 2717 518 Καὶ
2733 465 2905 528 ἄλλως
2924 465 3000 530 δὲ,
3032 463 3220 533 ἐκείνῳ
3241 461 3336 531 μὲν
3357 461 3390 531 ή
3418 459 3512 512 τοῦ
3542 475 3740 530 κατορ-

2174 561 2422 630 θώματος
2452 563 2602 628 ἐλπὶς
2636 563 2798 636 ἔφερε
2839 562 3214 636 παραμυθίαν,
3248 561 3342 615 καὶ
3389 559 3452 612 τὸ
3474 559 3575 630 τῆς
3608 559 3743 623 ἰδίας

2174 663 2424 733 ἀνδρείας
2469 663 2631 735 ἔργον
2659 661 2800 718 εἶναι
2833 663 2932 734 τὴν
2963 660 3242 735 ἀριστείαν
3272 659 3510 729 ἐκείνην,
3545 659 3641 712 καὶ
3684 659 3745 712 τὸ

2175 757 2357 825 φωνῆς
2424 754 2629 808 ἀνωθεν
2694 755 3000 826 φερομένης
3068 753 3292 808 ἀκοῦσαι
3339 750 3745 823 προθυμότερον

2174 853 2344 906 ἐποίει
2371 869 2385 883 ·
2425 852 2661 907 ἐνταῦθα
2690 855 2747 908 δὲ
2786 854 2938 907 οὐδὲν
2969 851 3209 906 τοιοῦτόν
3232 853 3398 904 ἐστιν.
3422 849 3586 904 Ὅθεν
3615 849 3744 903 ἀδα-

2179 952 2442 1024 μαντίνης
2467 952 2548 1006 δεῖ
2577 953 2756 1024 ψυχῆς
2778 953 2856 1026 τῷ
2891 952 3154 1026 μονογενῆ
3185 951 3370 1018 παῖδα,
3394 949 3489 1004 καὶ
3504 950 3563 1004 ἐν
3583 949 3749 1002 πλού-

2175 1071 2252 1124 τῳ
2274 1057 2572 1127 τραφέντα,
2605 1058 2700 1110 καὶ¹
2729 1055 2970 1128 χρηστὰς
3002 1052 3369 1123 ὑποφαίνοντα
3393 1051 3631 1114 ἐλπίδας,
3652 1049 3749 1102 ἐπὶ

2177 1155 2268 1210 τοῦ
2329 1156 2522 1228 βόθρου
2561 1159 2812 1229 κείμενον
2863 1156 3058 1230 ὁρῶντι
3104 1156 3197 1208 καὶ
3247 1152 3566 1223 τεταμένον,
3602 1152 3746 1206 ὥστε

2182 1257 2373 1328 πράως
2399 1260 2642 1327 ἐνεγκεῖν
2677 1259 2739 1312 τὸ
2791 1258 3028 1330 συμϐάν.
3066 1257 3124 1310 '0
3149 1255 3392 1319 τοιοῦτος
3425 1255 3492 1309 ἂν
3520 1253 3746 1325 δυνηθῇ,

2177 1358 2276 1426 τῆς
2317 1357 2533 1426 φύσεως
2562 1356 2631 1410 τὰ
2673 1355 2895 1426 κύματα
2949 1353 3309 1417 κατευνάσας,
3349 1353 3523 1404 εἰπεῖν
3560 1350 3620 1403 τὸ
3649 1350 3746 1404 τοῦ

2191 1458 2311 1515 Ἰὼϐ
2345 1457 2628 1529 ἀδακρυτὶ,
2663 1457 2716 1509 '0
2755 1457 2968 1524 Κύριος
2995 1454 3236 1518 ἔδωκεν,
3273 1455 3305 1506 ὁ
3334 1451 3552 1519 Κύριος
3585 1450 3748 1520 dgna!-

2177 1562 2338 1622 λετο,
2387 1557 2525 1629 μετά
2570 1557 2664 1637 τοῦ
2693 1555 2945 1626 ’Δϐραάμ
2972 1552 3136 1608 αὐτοῦ
3174 1551 3452 1622 στήσεται,
3490 1548 3628 1619 μετά
3655 1547 3743 1601 τοῦ

2192 1659 2312 1714 Ἰὼϐ
2343 1658 2856 1729 ἀνακηρυχθήσεται
2892 1655 3000 1710 ἀπὸ
3029 1654 3124 1708 τοῦ
3157 1653 3403 1724 ῥήματος
3426 1649 3618 1702 τούτου
3654 1647 3745 1720 μό⁴

2179 1777 2290 1813 νον.
2322 1757 2442 1812 Κᾶν
2472 1758 2598 1820 τοὺς
2627 1755 2909 1819 κωκυτούς
2935 1753 3043 1806 τῶν
3073 1750 3350 1822 γυναικῶν
3380 1745 3621 1813 παύσας,
3657 1747 3746 1800 καὶ

2179 1859 2304 1921 τοὺς
2337 1857 2532 1929 χοροὺς
2581 1855 2691 1909 τῶν
2737 1852 3052 1926 θρηνουσῶν
3081 1851 3361 1917 διαλύσας,
3414 1852 3496 1914 είς
3536 1848 3744 1914 δοξολοσ

2181 1960 2304 2031 γίαν
2330 1959 2576 2022 ἅπαντας
2601 1957 2866 2029 διεγείρῃ,
2901 1955 3071 2027 μυρία
3108 1953 3337 2016 ἀνωθεν,
3374 1951 3534 2024 μυρία
3563 1949 3745 2004 κάτω-

2183 2063 2275 2117 θεν
2296 2061 2504 2126 δέξεται
2535 2058 2684 2132 [426]
2716 2058 2785 2113 τὰ
2827 2057 3074 2129 βραϐεῖα,
3099 2053 3401 2128 ἀνθρώπων
3430 2051 3588 2106 αὐτὸν
3615 2050 3748 2103 θαυο

2186 2163 2496 2240 μαζόντων,
2546 2160 2793 2231 ἀγγέλων
2851 2157 3215 2232 κροτούντων,
3261 2153 3354 2210 τοῦ
3392 2153 3525 2208 Θεοῦ
3552 2168 3750 2221 στεφα-

2183 2279 2426 2326 νουντος.

2257 2445 2330 2506 ς’·
2367 2437 2479 2492 Καὶ
2506 2435 2623 2501 πῶς
2648 2432 2871 2489 δυνατὸν
2910 2430 2986 2504 μὴ
3018 2429 3233 2484 πενθεῖν
3261 2427 3547 2499 ἄνθρωπον
3585 2425 3712 2478 δντα
3731 2465 3747 2490 ,

2186 2539 2355 2611 φησίν
2378 2557 2394 2606 ;
2417 2540 2515 2591 Ἂν
2540 2537 2802 2608 ἐννοήσῃς
2822 2533 2938 2598 πῶς
2958 2534 2987 2586 6
3009 2532 3373 2604 πατριάρχης,
3403 2529 3521 2592 πῶς
3550 2531 3578 2580 ό
3611 2525 3748 2590 Ἰὼϐ,

2184 2640 2460 2712 ἄνθρωποι
2486 2638 2637 2700 ὄντες
2658 2639 2705 2689 οί
2735 2635 3055 2706 ἀμφότεροι,
3085 2633 3234 2686 οὐδὲν
3257 2631 3499 2685 τοιοῦτον
3533 2629 3749 2695 ἔπαθον,

2184 2741 2279 2793 καὶ
2308 2738 2482 2793 ταῦτα
2513 2738 2618 2810 πρὸ
2651 2737 2816 2808 νόμου
2859 2737 2953 2790 καὶ¹
2985 2736 3206 2807 χάριτος
3232 2733 3328 2787 καὶ
3360 2733 3461 2804 τῆς
3490 2730 3752 2800 τοσαύτης

2183 2839 2292 2894 τῶν
2321 2838 2500 2910 νόμων
2527 2818 2843 2906 φιλοσοφίας
2865 2837 3122 2907 ἑκάτερος
3147 2833 3326 2887 αὐτῶν
3354 2833 3666 2903 γενόμενος,
3690 2831 3754 2886 ἂν

2185 2939 2398 3010 λογίσῃ,
2431 2938 2513 2991 ὅτι
2542 2938 2621 3000 είς
2648 2935 2895 3006 βελτίονα
2919 2935 3104 3006 χώραν
3139 2933 3379 3005 μετέστη
3411 2941 3462 3000 ι),
3493 2934 3590 2988 καὶ
3625 2934 3756 3006 πρὸς

2185 3039 2393 3110 ἀμείνω
2411 3038 2563 3108 λῆξιν
2593 3036 2942 3108 ἀπεπήδησεν
2977 3036 3005 3088 6
3033 3034 3383 3106 τελευτήσας,
3409 3036 3500 3088 καὶ
3524 3035 3626 3086 οὐκ
3653 3035 3758 3086 ἀπ-

2185 3139 2393 3202 ώλεσας
2419 3138 2510 3191 τὸν
2533 3141 2664 3204 υἱδν,
2693 3136 2806 3191 ἀλλ’
2829 3136 2886 3189 ἐν
2910 3135 3092 3206 ἀσύλῳ
3110 3135 3295 3189 λοιπὸν
3319 3133 3516 3188 ἀπέθου
3543 3133 3751 3204 χωρίῳ.

2187 3239 2280 3310 Μὴ
2316 3239 2493 3292 τοίνυν
2523 3235 2671 3306 λέγε,
2709 3237 2789 3290 ὃτι
2827 3235 3024 3290 Οὐκέτι
3049 3233 3320 3303 καλοῦμαι
3351 3235 3548 3305 πατήρ.
3575 3233 3677 3285 Διά
3699 3233 3752 3284 τί

2187 3339 2296 3410 γὰρ
2329 3338 2511 3390 οὐκέτι
2540 3337 2678 3407 καλῇ
2715 3335 2809 3388 τοῦ
2841 3336 2955 3388 υἱοῦ
2981 3337 3268 3405 μένοντος;
3305 3335 3381 3404 μὴ
3411 3333 3516 3404 γὰρ
3546 3332 3754 3386 ἀπέϐα-

2191 3438 2280 3502 λες
2303 3438 2363 3491 τὸ
2395 3436 2603 3489 παιδίον
2628 3452 2642 3503 ;
2681 3433 2756 3506 μὴ
2793 3433 2900 3506 γάρ
2938 3433 3222 3496 ἀπώλεσας
3252 3433 3343 3486 τὸν
3369 3432 3512 3498 υίόν;
3545 3431 3758 3485 Μᾶλλον

2193 3539 2429 3609 ἐκτήσω,
2464 3537 2559 3590 καὶ
2585 3535 2991 3606 ἀσφαλέστερον
3029 3534 3204 3605 ἔσχες.
3241 3533 3341 3588 Διά
3377 3534 3539 3588 τοῦτο
3581 3535 3760 3588 οὐκέτι

2191 3635 2426 3692 ἐνταῦθα
2459 3636 2617 3706 μόνον
2638 3633 2776 3706 καλῇ
2804 3635 3006 3704 πατὴρ,
3033 3631 3167 3686 ἀλλὰ.
3196 3632 3291 3684 καὶ
3326 3629 3385 3682 ὲν
3416 3630 3494 3701 τῷ
3527 3627 3756 3700 οὐρανῷ·

2188 3739 2329 3792 ὥστε
2363 3737 2424 3790 οὐ
2453 3737 2513 3790 τὸ
2543 3735 2723 3807 πατὴρ
2752 3733 3033 3788 καλεῖσθαι
3056 3731 3364 3798 ἀπώλεσας,
3400 3730 3538 3783 ἀλλά
3558 3727 3619 3780 τὸ
3640 3746 3758 3798 μει-

2188 3839 2358 3902 ζόνως
2395 3836 2674 3890 καλεῖσθαι
2706 3834 3057 3906 προσέλαϐες·
3088 3834 3146 3888 οὐ
3181 3833 3288 3903 γὰρ
3316 3829 3506 3901 θνητοῦ
3539 3829 3754 3883 παιδίου

2186 3938 2391 4002 λοιπὸν,
2423 3937 2539 3990 ἀλλ’
2577 3935 2844 3989 ἀθανάτου
2877 3933 3125 4005 κληθήσῃ
3172 3931 3368 4002 πατὴρ,
3417 3928 3757 4002 στρατιώτου

2186 4037 2456 4106 γενναίου,
2513 4035 2608 4088 καὶ
2661 4033 2808 4087 ἔνδον
2868 4033 3101 4097 ἑστῶτος
3143 4031 3425 4104 διηνεκῶς.
3480 4030 3577 4101 Μὴ
3625 4030 3757 4101 γὰρ,

2187 4136 2376 4208 ἐπειδὴ
2409 4135 2486 4207 μὴ
2520 4133 2773 4206 πάρεστι,
2825 4134 2919 4186 καὶ
2962 4132 3301 4187 ἀπολωλέναι
3347 4132 3507 4187 αὐτὸν
3546 4130 3755 4201 νόμιζε.

2188 4239 2321 4294 Οὐδὲ
2349 4236 2477 4310 γὰρ,
2513 4238 2561 4290 εἰ
2605 4234 2902 4306 ἀποδημῶν
2946 4234 3262 4306 ἐτύγχανεν,
3299 4232 3513 4304 ἀπέστη
3560 4232 3624 4286 ἀν
3665 4247 3756 4282 σου

2186 4340 2280 4394 καὶ
2307 4337 2546 4409 τοῦνομα
2580 4337 2680 4409 τῆς
2719 4335 3036 4405 συγγενείας
3067 4335 3205 4407 μετὰ
3236 4334 3331 4388 τοῦ
3362 4333 3634 4404 σώματος.
3668 4330 3755 4400 Μὴ

2185 4443 2250 4514 δὴ
2274 4445 2342 4514 τῇ
2374 4441 2494 4511 ὄψει
2530 4439 2625 4494 τοῦ
2656 4436 2913 4511 κειμένου
2939 4439 3195 4511 πρόσεχε,
3221 4438 3343 4492 ἐπεὶ
3376 4435 3757 4508 ἀναῤῥιπίζεις

2187 4542 2251 4594 τὸ
2289 4541 2478 4605 πάθος,
2511 4539 2626 4593 ἀλλ’
2651 4538 2832 4607 ἄπαγε
2857 4539 2954 4609 τὴν
2974 4539 3212 4593 διάνοιαν
3235 4538 3343 4591 ἀπὸ
3368 4537 3463 4590 τοῦ
3501 4536 3755 4606 κειμένου

2194 4640 2329 4713 πρὸς
2365 4640 2456 4694 τὸν
2477 4638 2720 4709 οὐρανόν.
2749 4639 2860 4708 Οὐχ
2883 4631 3036 4702 οὗτός
3065 4639 3181 4692 ἐστι
3209 4636 3270 4691 τδ
3305 4637 3516 4690 παιδίον
3549 4635 3610 4688 τὸ
3643 4632 3754 4689 κεί-

2197 4745 2377 4814 μένον,
2404 4741 2518 4797 ἀλλ’
2567 4741 2772 4804 ἐκεῖνος
2817 4743 2845 4795 6
2883 4739 3136 4804 ἀποπτάς
3176 4741 3272 4796 καὶ
3302 4736 3634 4810 ἀναδραμὼν
3679 4737 3756 4798 εἰς

2181 4847 2315 4920 ὕψος
2339 4849 2582 4920 ἄπειρον.
2614 4847 2782 4901 Ὅταν
2809 4845 2985 4899 τοίνυν
3011 4845 3124 4916 ἴδῃς
3145 4845 3271 4906 τοὺς
3293 4842 3604 4912 ὀφθαλμοὺς
3633 4838 3758 4894 καθο

2182 4951 2511 5025 ῃρημένους,
2539 4947 2632 5002 καὶ
2659 4948 2718 5000 τὸ
2749 4947 2924 5017 στόμα
2955 4945 3354 5017 συνῃρημένον,
3391 4943 3484 4996 καὶ
3509 4941 3572 4994 τὸ
3598 4941 3752 5012 σῶμα

2183 5051 2458 5123 ἀκίνητον,
2497 5048 2571 5121 μὴ
2598 5049 2754 5102 τοῦτο
2781 5048 2970 5114 ἐννόει,
2996 5048 3078 5099 ὄτι
3101 5046 3257 5099 τοῦτο
3289 5046 3349 5098 τδ
3375 5046 3549 5114 στόμα
3571 5045 3754 5099 οὐκέτι

2185 5153 2500 5225 φθέγγεται,
2523 5145 2666 5203 οὗτοι
2697 5149 2744 5201 οἱ
2774 5147 3042 5219 ὀφθαλμοὶ
3067 5149 3249 5202 οὐκέτι
3273 5147 3584 5217 βλέπουσιν,
3609 5140 3752 5199 οὗτοι

2183 5257 2231 5307 οί
2264 5253 2427 5316 πόδες
2477 5249 2660 5304 οὐκέτι
2707 5248 3032 5321 βαδίζουσιν,
3063 5249 3177 5303 ἀλλ’
3216 5250 3296 5312 είς
3340 5247 3547 5319 φθορὰν
3581 5246 3754 5300 πάντα

2182 5355 2409 5424 οἴχεται·
2444 5351 2520 5422 μὴ
2548 5350 2719 5404 ταῦτα
2745 5350 2890 5418 λέγε,
2928 5350 3061 5404 ἀλλά
3093 5349 3350 5404 τάναντία
3397 5348 3625 5415 τούτων,
3671 5347 3752 5400 ὅτι

2181 5453 2353 5508 Τοῦτο
2376 5452 2474 5524 μὲν
2497 5451 2558 5505 τὸ
2590 5450 2765 5522 στόμα
2787 5449 3007 5522 ἄμεινον
3033 5449 3339 5519 φθέγξεται,
3369 5449 3463 5503 καὶ
3489 5450 3538 5504 οί
3558 5447 3750 5519 ὀφθαλ-

2251 5670 2278 5702 ⁸
2303 5668 2385 5720 Sic
2404 5682 2494 5719 ms.
2522 5667 2654 5720 Editl
2687 5679 2823 5728 vero,
2843 5669 2997 5730 χῶρον
3019 5667 3222 5729 μέτεστι,
3248 5666 3396 5717 male.
