4018 6156
324 379 430 437 389

327 493 563 565 denique
590 489 800 562 quidvis
841 485 1082 548 amittat,
1114 481 1214 533 hoc
1237 485 1416 531 tamen
1441 473 1508 528 ad
1552 469 1798 525 ciendum
1824 465 1914 520 do-

330 559 504 643 lorem
535 559 782 639 erunibus
819 585 904 634 est
939 573 1246 629 violentius.
1283 567 1475 622 Pellem
1526 563 1693 628 enim,
1720 559 1908 632 inquit,

331 695 428 749 pro
467 675 621 750 pelle,
649 681 697 728 et
719 670 889 727 omnia
916 681 1033 737 qua:
1071 663 1218 722 habet
1245 661 1417 722 homo,
1445 655 1583 712 dabit
1621 669 1714 723 pro
1742 653 1913 705 anima

328 743 428 825 sua
451 743 479 838 ('
494 767 614 822 Job.
641 765 697 818 2.
724 765 759 819 4
783 763 823 831 ).
852 760 962 816 Nec
1001 756 1291 828 quidquam
1339 747 1585 819 corporis
1635 743 1916 800 tormentis

330 836 582 920 acerbius
609 857 731 927 ﬁngi
762 862 956 927 potest.
986 851 1092 907 Sed
1139 857 1319 903 tamen
1361 859 1482 912 qua:
1511 841 1592 896 vel
1621 838 1804 892 auditu
1830 836 1916 890 in-

333 950 609 1009 toleranda
635 955 764 1004 sunt
788 987 805 1014 ,
835 960 897 1000 ea
925 945 995 997 ob
1020 939 1270 1012 gaudium
1316 933 1468 998 illud,
1498 929 1636 1002 quod
1665 928 1914 984 divinitus

332 1043 634 1113 concipitur
657 1083 675 1108 ,
715 1035 1015 1094 tolerabilia
1061 1041 1222 1102 atque
1248 1030 1410 1085 etiam
1435 1021 1730 1095 expetenda
1763 1019 1916 1073 fiunt.

337 1140 414 1194 Ac
436 1136 482 1192 si
508 1152 538 1191 a
569 1135 736 1205 ligno,
763 1131 848 1186 vel
873 1145 902 1184 a
931 1127 1219 1196 sartagine,
1251 1119 1488 1176 nonnihil
1515 1115 1688 1170 adhuc
1715 1115 1920 1182 spiram

338 1241 446 1286 tem
473 1237 768 1298 martyrem
785 1221 1052 1286 eduxeris,
1083 1227 1284 1272 tantum
1312 1211 1558 1284 gaudium
1583 1208 1634 1263 in
1665 1219 1732 1262 eo
1758 1205 1918 1260 situm

337 1296 644 1391 comperies
663 1359 681 1383 ,
708 1321 965 1386 quantum
995 1327 1061 1366 ne
1085 1307 1264 1364 verbis
1289 1304 1506 1377 quidem
1537 1300 1663 1356 ullis
1689 1296 1917 1368 exprimi

338 1387 530 1485 possit.
575 1408 649 1464 Et
691 1406 818 1476 quid
872 1401 1079 1465 faciam,
1134 1399 1364 1470 inquies,
1418 1393 1630 1465 quando
1681 1387 1922 1458 martyrii

341 1482 556 1574 tempus
585 1514 727 1555 nunc
766 1513 872 1552 non
917 1494 1038 1550 est?
1063 1491 1200 1560 Quid
1239 1487 1418 1544 dicis?
1447 1482 1687 1554 martyrii
1714 1490 1925 1548 tempus

343 1611 490 1653 nunc
518 1609 624 1649 non
659 1590 808 1646 adest
832 1588 855 1642 f
885 1587 1179 1656 Numquam
1206 1580 1338 1636 illud
1367 1579 1549 1640 abest,
1576 1574 1670 1630 sed
1715 1585 1927 1639 semper

343 1689 417 1744 ob
440 1687 626 1744 oculos
655 1691 866 1738 nostros
891 1686 1153 1742 versatur,
1177 1675 1223 1728 si
1264 1670 1504 1743 vigilanti
1534 1669 1714 1722 animo
1737 1665 1923 1719 simus.

344 1779 533 1847 Neque
575 1773 721 1830 enim
771 1772 826 1827 in
875 1771 1018 1840 ligno
1069 1775 1273 1823 tantum
1328 1761 1583 1834 pendere,
1639 1766 1927 1828 martyrem

348 1871 514 1926 facit:
543 1867 792 1938 quoniam
814 1864 859 1918 si
885 1863 960 1919 ita
987 1876 1075 1916 res
1097 1859 1338 1922 haberet,
1369 1868 1692 1910 coronarum
1737 1849 1926 1918 hujus-

349 1962 494 2018 modi
519 1960 622 2016 Job
649 1971 844 2027 expers
871 1963 1031 2011 esset.
1067 1952 1252 2023 Neque
1287 1950 1432 2005 enim
1460 1947 1525 2002 ad
1558 1944 1788 2000 tribunal
1835 1941 1925 1997 ad.

343 2052 538 2107 ductus
565 2058 669 2114 est,
701 2062 800 2102 nec
818 2044 1015 2116 judicis
1043 2057 1228 2098 vocem
1251 2038 1474 2104 audivit,
1503 2050 1601 2090 nec
1624 2032 1930 2089 carniﬁcem

344 2145 513 2207 vidit;
542 2157 650 2197 non
675 2140 818 2196 enim
847 2154 880 2194 e
906 2138 1051 2209 ligno
1077 2133 1324 2190 sublimis
1362 2129 1600 2202 pendens
1641 2123 1935 2182 excarniﬁ.

341 2237 610 2293 cabatur:
636 2242 690 2288 et
730 2240 904 2286 tamen
947 2227 1127 2284 multis
1152 2213 1478 2295 martyribus
1507 2218 1784 2274 acerbiora
1812 2231 1934 2287 pas-

344 2341 442 2382 sus
466 2331 582 2392 est;
603 2338 668 2379 ac
692 2335 852 2378 voces
881 2320 986 2375 illa:
1006 2317 1342 2380 nuntiorum,
1362 2311 1456 2384 qui
1485 2311 1577 2366 alii
1603 2309 1723 2365 aliis
1747 2322 1935 2363 succe—

340 2418 564 2483 debant,
594 2431 716 2471 eum
754 2413 943 2485 quavis
967 2411 1120 2481 plaga
1145 2408 1322 2464 acrius
1349 2404 1698 2471 acerbiusque
1725 2398 1934 2455 convul-

345 2510 631 2576 nerabant,
677 2515 836 2578 atque
875 2503 1114 2573 undique
1163 2498 1542 2561 lancinabant,
1567 2494 1934 2560 vermiumque

344 2602 566 2658 illorum
611 2614 705 2655 ora
748 2597 893 2652 omni
939 2611 1006 2652 ex
1037 2602 1187 2664 parte
1214 2592 1388 2662 ipsum
1433 2586 1743 2649 immanius,
1771 2598 1931 2654 quam

344 2691 590 2747 sexcenti
625 2687 926 2747 carniﬁces.
954 2682 1334 2740 corrodebant.

423 2785 479 2840 5.
520 2782 759 2852 Ecquem
800 2778 964 2850 igitur
1006 2783 1295 2846 martyrem
1327 2771 1414 2826 hic
1457 2784 1560 2825 non
1585 2765 1797 2838 a'quet?
1825 2765 1937 2820 imo

343 2893 484 2934 vero
510 2882 814 2931 sexcentos.
841 2870 974 2925 Nam
1025 2882 1119 2938 per
1159 2865 1336 2920 omnia
1383 2877 1560 2919 rerum
1589 2874 1785 2933 genera
1822 2868 1934 2914 tum

344 2969 673 3034 luctabatur,
695 2975 809 3020 tum
836 2963 1068 3034 palmam
1093 2958 1386 3025 obtinebat,
1416 2957 1663 3013 nimirum
1686 2969 1783 3026 per
1793 2969 1944 3026 opes.

342 3078 452 3136 per
476 3061 680 3116 liberos
705 3100 721 3126 ,
748 3071 847 3128 per
867 3069 1067 3125 corpus
1091 3092 1106 3118 ,
1134 3066 1233 3122 per
1281 3063 1502 3105 uxorem
1531 3090 1546 3116 ,
1575 3063 1673 3118 per
1697 3049 1932 3109 amicos,

344 3135 453 3225 per
479 3153 682 3217 hostes,
733 3164 830 3220 per
878 3159 1103 3210 servos;
1133 3158 1253 3198 nam
1301 3141 1355 3195 bi
1381 3154 1592 3210 quoque
1632 3139 1686 3193 in
1733 3151 1796 3192 os
1821 3135 1937 3205 ejus

344 3243 709 3313 inspuehant;
742 3254 838 3309 per
884 3237 1099 3300 famem,
1148 3249 1243 3302 per
1292 3230 1520 3293 somnia.
1563 3244 1658 3299 per
1695 3227 1932 3292 dolores,

347 3352 454 3404 per
480 3334 742 3390 fetorem.
771 3328 857 3384 0b
882 3339 1109 3395 eamque
1139 3337 1354 3378 causam
1380 3320 1512 3386 dixi,
1541 3335 1664 3374 cum
1711 3334 1815 3373 non
1841 3315 1936 3372 uni

348 3433 455 3480 aut
501 3422 705 3477 duobus
745 3431 836 3475 aut
882 3419 1089 3481 trihus,
1137 3415 1232 3470 sed
1285 3413 1554 3470 sexcentis
1615 3410 1935 3480 martyribus

350 3511 680 3585 aquandum
702 3525 839 3567 esse.
867 3507 1076 3564 Etenim
1103 3520 1208 3560 una
1233 3520 1353 3561 cum
1375 3505 1442 3559 iis
1465 3517 1585 3574 quae
1611 3516 1936 3557 commemo-

353 3613 478 3660 rata
525 3610 668 3667 sunt,
697 3609 902 3672 tempus
949 3613 1161 3670 quoque
1213 3611 1461 3667 magnum
1511 3594 1678 3664 ipsius
1723 3594 1936 3648 coronis

353 3695 631 3751 cumulum
664 3691 810 3747 addit
837 3709 851 3746 :
879 3691 1076 3762 quippe
1102 3689 1246 3760 quod
1284 3698 1409 3742 ante
1437 3687 1608 3756 legem
1635 3693 1690 3740 et
1712 3685 1936 3756 gratiam

355 3786 478 3843 haec
503 3799 787 3857 perpessus
811 3786 900 3852 sit,
929 3784 1070 3855 quod
1100 3782 1298 3836 multos
1322 3794 1562 3845 menses,
1589 3778 1730 3850 quod
1757 3777 1933 3832 omnia

352 3893 518 3949 supra
546 3876 792 3943 modum,
820 3875 960 3947 quod
988 3873 1304 3929 acerbitates
1329 3885 1517 3926 omnes
1548 3868 1706 3924 simul
1733 3869 1784 3922 in
1812 3883 1934 3922 eum

355 3969 618 4039 impetum
647 3966 874 4022 fecerint
901 3984 916 4020 :
945 3979 1266 4036 quamquam
1293 3961 1705 4034 unumquodque
1750 3975 1936 4016 eorum

357 4061 444 4116 vel
468 4059 645 4114 solum
673 4055 1007 4112 intolerabile
1033 4063 1148 4110 erat
1170 4095 1186 4120 ,
1227 4054 1447 4124 ipsaque
1469 4054 1604 4110 adeo
1627 4053 1934 4110 divitiarum

354 4153 586 4221 jactura,
611 4163 729 4219 qua:
748 4146 969 4217 reliquis
987 4145 1312 4200 tolerabilior
1331 4160 1452 4201 esse
1471 4145 1768 4200 videbatur.
1790 4145 1938 4200 Multi

355 4241 559 4311 quippe
588 4239 767 4309 plagas
792 4237 1008 4309 quidem
1051 4251 1206 4306 aequo
1233 4236 1412 4290 animo
1459 4236 1713 4300 tulerunt,
1739 4236 1828 4306 qui
1859 4245 1938 4290 ta-

359 4347 489 4387 men
521 4345 683 4400 opum
709 4331 970 4399 jacturam
1001 4328 1224 4382 minime
1251 4327 1620 4397 pertulerunt;
1651 4342 1834 4382 verum
1861 4343 1944 4382 ea-

363 4435 486 4475 rum
533 4433 694 4475 causa
749 4418 930 4489 flagris
981 4419 1158 4488 potius
1201 4416 1428 4482 concidi,
1464 4426 1623 4487 atque
1649 4416 1943 4472 innumeris

361 4508 760 4566 calamitatibus
807 4510 988 4577 afﬁci,
1017 4525 1175 4580 quam
1227 4509 1458 4578 aliquam
1507 4524 1692 4563 carum
1741 4517 1942 4578 partem

365 4600 634 4670 projicere
704 4601 1046 4666 maluerunt,
1096 4601 1503 4671 gravioremque
1567 4614 1686 4654 eam
1738 4600 1944 4670 plagam

363 4693 747 4748 existimarunt
770 4735 784 4755 ,
817 4709 934 4763 qum
959 4708 1021 4747 ex
1060 4707 1220 4762 opum
1249 4692 1570 4746 detrimento
1591 4692 1816 4760 capitur.
1848 4692 1950 4746 lla-

364 4798 477 4854 que
505 4785 605 4840 hoc
634 4801 844 4856 quoque
873 4784 1014 4839 aliud
1061 4783 1302 4855 martyrii
1327 4799 1495 4854 genus
1523 4793 1605 4839 est
1629 4825 1646 4847 ,
1679 4801 1798 4839 cum
1831 4787 1949 4855 quis

367 4893 556 4932 canum
597 4877 939 4932 amissionem
983 4875 1106 4930 forti
1156 4875 1336 4929 animo
1363 4875 1580 4944 perfert.
1615 4875 1680 4930 Et
1719 4891 1948 4944 quonam

371 4969 538 5024 modo
560 5010 576 5035 ,
604 4969 809 5039 inquiet
835 4968 1046 5038 aliquis,
1079 4983 1195 5022 eam
1223 4966 1344 5020 forti
1371 4967 1549 5021 animo
1580 4967 1951 5036 perferemus?

371 5063 510 5117 Cum
533 5059 788 5115 didiceris
818 5072 868 5114 te
903 5075 997 5129 per
1017 5060 1225 5113 unicam
1255 5072 1459 5122 vocem,
1485 5074 1589 5127 qua
1621 5059 1728 5112 Deo
1754 5061 1954 5128 gratias

372 5168 523 5223 agas,
555 5153 674 5221 plus
714 5153 844 5208 lucri
887 5152 1168 5216 facturum,
1192 5165 1350 5220 quam
1374 5150 1555 5204 damni
1583 5148 1792 5206 feceris.
1822 5151 1952 5206 Nam

376 5247 419 5300 si
450 5245 628 5300 audita
653 5261 839 5300 earum
869 5244 1154 5299 amissione
1181 5243 1397 5298 minime
1418 5244 1801 5298 eonturhcmnr
1823 5285 1839 5309 ,
1861 5246 1954 5301 sed

377 5336 641 5400 dicamus,
669 5337 987 5392 Benedictus
1033 5335 1204 5396 Deus;
1234 5335 1390 5404 longe
1433 5335 1708 5390 uberiores
1749 5337 1958 5392 divitias

379 5425 704 5482 invenimus.
729 5428 912 5497 Neque
961 5426 1101 5482 enim
1153 5435 1352 5480 tantum
1399 5428 1639 5482 utilitatis
1687 5429 1886 5498 capies,
1916 5433 1959 5486 si

381 5533 514 5587 opes
561 5528 679 5574 tuas
727 5519 780 5574 in
832 5527 1050 5588 egentes
1093 5531 1395 5578 consumas.
1425 5528 1480 5574 et
1522 5519 1851 5586 obambules,
1900 5537 1963 5576 ac

383 5621 646 5680 pauperes
697 5608 1004 5679 conquiras,
1032 5607 1413 5678 facultatesque
1466 5619 1582 5664 tuas
1627 5612 1680 5666 in
1731 5627 1826 5667 eos
1873 5612 1964 5682 qui

389 5701 531 5754 fame
554 5703 799 5756 laborant
827 5716 1065 5770 spargas,
1094 5710 1349 5769 quantum
1395 5717 1490 5770 per
1528 5702 1626 5757 hoc
1655 5720 1814 5758 unum
1839 5721 1964 5758 ver-

391 5791 520 5849 bum
544 5797 889 5852 emolumenti
919 5795 1079 5850 feres.
1105 5795 1542 5867 Quandoquidem
1566 5809 1616 5874 et
1642 5797 1831 5851 .lobum
1859 5814 1962 5851 non

717 5885 984 5949 PATROL.
1017 5889 1134 5951 Gn.
1179 5890 1336 5953 LXI.

1418 357 1482 412 lN
1521 353 1730 411 El‘IST.
1775 351 1814 405 11
1880 350 1972 404 AD
2010 348 2165 408 COR.
2209 351 2438 409 HOMIL.
2482 355 2522 408 l.

3494 360 3600 415 390

2023 476 2132 522 tam
2161 466 2418 536 admiror,
2437 485 2558 524 cum
2586 471 2805 531 domum
2831 487 2984 532 suam
3018 474 3336 545 pauperibus
3364 486 3604 544 apertam

2021 554 2199 621 habet,
2225 573 2385 628 quant
2413 560 2662 615 eumdem
2706 563 2940 632 suspicio
2965 579 3029 618 ac
3058 564 3310 632 prmdico,
3344 581 3465 619 cum
3504 565 3604 617 bo-

2021 661 2208 702 norum
2255 651 2586 718 ereptionem
2643 652 2716 706 ita
2764 651 2888 721 fert,
2915 665 2972 708 ut
3007 655 3208 725 gratias
3251 658 3411 710 etiam
3460 666 3602 726 agat.

2018 737 2169 804 Quod
2196 738 2356 793 etiam
2385 740 2557 810 ipsum
2608 741 2660 796 in
2709 743 2995 808 liberorum
3026 746 3316 801 amissione
3361 743 3607 800 accidere

2017 845 2241 884 cernere
2268 830 2411 886 licet.
2438 831 2621 904 Neque
2650 835 2792 897 enim
2823 836 2920 891 hac
2948 838 3002 892 in
3029 853 3088 892 rc
3116 838 3378 893 minorem
3410 852 3615 892 mercc-

2022 917 2141 974 tlcm
2169 919 2369 988 capies,
2395 937 2552 992 quam
2585 924 2794 995 illc,qni
2825 926 2990 980 ﬁlium
3019 940 3172 982 suum
3201 926 3421 984 adduxit
3447 938 3606 997 atque

2022 1007 2340 1078 immolavit,
2370 1011 2415 1066 si
2467 1030 2588 1070 cum
2647 1017 2810 1072 ﬁlium
2864 1019 3179 1076 morientem
3228 1019 3605 1088 conspexeris,

2024 1100 2256 1172 benigno
2286 1105 2394 1160 Deo
2425 1108 2624 1176 gratias
2653 1123 2801 1178 agas.
2833 1109 2887 1164 In
2918 1125 3024 1178 quo
3053 1110 3198 1166 enim
3228 1111 3273 1166 is
3301 1112 3394 1181 qui
3424 1112 3612 1180 hujus-

2025 1195 2170 1250 tuodi
2213 1197 2394 1252 animo
2439 1200 2692 1268 praeditus
2741 1212 2843 1267 est,
2875 1203 3179 1265 Abrahamo
3229 1202 3448 1259 inferior
3491 1205 3610 1258 sit?

2029 1283 2118 1342 ille
2144 1289 2286 1344 enim
2319 1303 2424 1349 non
2457 1301 2723 1353 mortuum
2755 1293 2901 1352 humi
2931 1303 3154 1354 stratum
3187 1294 3342 1359 vidit,
3373 1296 3468 1349 sed
3496 1305 3613 1349 tan.-

2029 1388 2137 1439 ιιηη
2167 1381 2540 1450 exspectavit:
2574 1383 2825 1452 quocirca
2873 1388 2915 1438 si
2966 1385 3064 1440 hac
3108 1386 3315 1440 ratione
3365 1387 3611 1456 superior

2027 1476 2129 1532 est,
2152 1469 2292 1538 quod
2323 1470 2487 1526 ﬁlium
2512 1484 2746 1532 macta-re
2769 1473 3184 1546 parabat,atque
3209 1483 3422 1531 extenta
3451 1491 3610 1530 manu

2029 1562 2262 1632 gladium
2290 1565 2586 1635 arripuerat
2610 1608 2623 1627 .
2653 1568 2704 1622 in
2736 1566 2840 1623 hoc
2862 1584 3074 1623 rursum
3105 1568 3320 1624 inferior
3339 1579 3440 1634 est,
3469 1571 3612 1641 quod

2030 1651 2116 1706 hic
2144 1669 2274 1722 puer
2313 1665 2555 1710 mortuus
2588 1657 2782 1724 jaceat.
2807 1660 3103 1725 Quinetiam
3146 1660 3340 1729 alioqui
3371 1662 3612 1728 praeclari

2031 1746 2279 1808 facinoris
2317 1763 2445 1821 spes
2470 1751 2887 1811 consolationem
2921 1751 3017 1820 ipsi
3041 1751 3329 1807 afferebat:
3362 1761 3520 1823 atque
3552 1755 3611 1805 il—

2032 1839 2121 1899 lud
2151 1842 2300 1907 item,
2342 1844 2482 1912 quod
2513 1853 2787 1908 strenuum
2819 1845 3116 1913 hnjnsmodi
3149 1846 3353 1901 facinus
3382 1850 3612 1917 propria:

2033 1930 2198 2000 ipsius
2241 1933 2562 1992 fortitudinis
2590 1951 2784 1993 munus
2825 1948 2976 2002 erat;
3003 1953 3067 1993 ac
3098 1949 3353 2008 praeterea
3382 1955 3482 1994 vox
3509 1956 3570 1994 ea
3594 1982 3610 2000 .

2033 2039 2152 2093 qum
2175 2026 2380 2088 melius
2409 2029 2736 2093 mittebatur,
2770 2031 2838 2083 ah
2883 2045 2948 2084 eo
2996 2031 3197 2096 audita,
3230 2033 3612 2103 promptiorem

2032 2128 2154 2178 eum
2185 2116 2460 2176 reddebat.
2491 2118 2590 2174 llic
2614 2133 2792 2182 autem
2822 2121 2950 2176 nihil
2980 2123 3241 2191 ejusmodi
3271 2134 3372 2180 est.
3403 2125 3480 2180 Ex
3509 2142 3612 2196 quo

2035 2209 2368 2280 intelligitur,
2395 2211 2736 2272 adamantina
2762 2214 2992 2284 quadam
3022 2216 3196 2271 anima
3225 2232 3364 2287 opus
3385 2233 3527 2283 csse,
3558 2229 3614 2274 ut

2033 2302 2296 2373 quispiam
2319 2305 2537 2362 unicum
2567 2304 2756 2370 ﬁlium,
2780 2309 2869 2376 qui
2903 2307 2954 2362 in
2984 2309 3184 2365 divitiis
3213 2310 3471 2366 educatus
3501 2313 3614 2367 fne-

2035 2403 2138 2461 rat,
2166 2395 2450 2466 lmtamque
2475 2397 2544 2452 de
2569 2411 2628 2453 se
2654 2411 2801 2469 spem
2827 2400 3106 2464 atl‘erchat,
3133 2401 3184 2456 in
3211 2404 3413 2462 tumulo
3434 2405 3611 2473 jacen-

2037 2496 2143 2541 tem
2172 2497 2229 2542 et
2253 2497 2529 2552 extentum
2550 2492 2888 2560 conspiciens
2909 2532 2927 2558 ,
2954 2507 3136 2547 casum
3168 2493 3308 2549 hunc
3338 2495 3530 2550 leniter
3554 2513 3618 2551 ac

2037 2577 2242 2648 placide
2267 2579 2426 2636 ferat.
2456 2581 2556 2647 Qui
2597 2581 2700 2638 huc
2741 2584 2921 2643 animo
2945 2593 3056 2650 est,
3083 2585 3130 2639 si
3172 2587 3373 2642 sedatis
3413 2599 3617 2643 natura:

2036 2669 2282 2725 ﬂuetibus
2321 2672 2448 2726 illud
2479 2671 2598 2727 Jobi
2627 2674 2783 2728 siccis
2810 2675 2978 2728 oculis
3020 2675 3202 2730 dicere
3225 2687 3404 2747 queat,
3434 2678 3617 2732 Domi-

2036 2779 2131 2817 nus
2169 2764 2345 2827 dedit,
2380 2764 2630 2818 Dominus
2681 2765 2887 2819 abstulit
2916 2763 2934 2835 (
2960 2765 3061 2819 Job
3091 2767 3143 2821 1.
3187 2766 3250 2822 9-1
3293 2771 3369 2837 );-
3398 2771 3468 2823 ob
3516 2769 3618 2837 hoc

2036 2852 2313 2908 dumtaxat
2341 2855 2560 2910 verbum
2591 2872 2693 2910 una
2731 2872 2855 2912 cum
2902 2857 3206 2912 Abrahamo
3244 2831 3614 2924 collocahitur.

2035 2961 2140 3001 una
2161 2962 2287 3002 cum
2312 2947 2412 3002 Joh
2439 2949 2608 3004 victor
2629 2949 3024 3020 praedicabitur.
3056 2949 3207 3017 Quod
3249 2950 3317 3017 si,
3345 2965 3618 3021 compres-

2035 3040 2113 3094 sis
2138 3041 2418 3096 mulierum
2462 3041 2778 3112 singultibus
2804 3042 3089 3114 chorisque
3121 3043 3413 3114 lugentium
3445 3045 3618 3100 disso-

2035 3129 2182 3198 lutis,
2225 3146 2413 3187 omnes
2461 3132 2529 3187 ad
2579 3133 2930 3189 celebrandas
2980 3133 3072 3189 Dei
3129 3134 3316 3190 laudes
3345 3134 3614 3196 excitarit.

2036 3223 2313 3279 innumera
2343 3227 2393 3279 in
2421 3227 2555 3281 crelo
2579 3269 2593 3290 ,
2624 3227 2900 3283 innumera
2931 3228 2983 3282 in
3022 3236 3160 3284 terra
3187 3232 3404 3300 prrcmia
3433 3248 3618 3287 cense:

2033 3324 2245 3384 quetur,
2272 3318 2575 3375 hominibus
2618 3335 2740 3374 eum
2793 3319 3202 3388 admirantibus,
3231 3323 3434 3394 angelis
3469 3326 3617 3395 plau-

2032 3409 2303 3473 dentibus,
2334 3410 2445 3465 Dco
2468 3421 2786 3468 coronante.

2103 3501 2160 3556 6.
2192 3502 2261 3556 Et
2289 3503 2376 3572 qui
2407 3502 2521 3557 ﬁeri
2550 3511 2745 3573 queat,
2788 3503 2931 3560 dicet
2958 3505 3181 3575 aliquis,
3226 3515 3287 3562 ut
3319 3510 3408 3578 qui
3450 3509 3610 3566 homo

2034 3601 2119 3648 est
2137 3632 2152 3655 ,
2184 3608 2292 3646 non
2321 3592 2539 3661 lugeat?
2567 3593 2830 3648 Nimirum
2857 3595 2902 3648 si
2923 3596 3146 3665 cogites,
3182 3612 3279 3652 nec
3303 3600 3617 3666 patriarchte

2037 3701 2137 3740 nec
2160 3685 2319 3750 Jobo,
2350 3700 2472 3740 cum
2507 3685 2668 3739 homo
2706 3696 2929 3756 uterque
2969 3696 3147 3754 esset,
3193 3689 3480 3758 quidquam
3514 3693 3619 3747 tale

2036 3778 2298 3832 accidisse
2319 3817 2335 3839 ,
2369 3776 2528 3846 idque
2551 3792 2676 3831 cum
2703 3786 2927 3848 uterque
2954 3787 3080 3834 ante
3110 3780 3279 3850 legem
3311 3790 3366 3835 et
3391 3784 3616 3851 gratiam

2036 3885 2100 3924 ac
2116 3879 2316 3924 tantam
2335 3869 2508 3940 legum
2530 3869 2921 3940 philosomtiam
2943 3871 3234 3926 exstitisset
3259 3893 3271 3928 :
3294 3873 3336 3927 si
3360 3884 3617 3942 praui-rea

2038 3961 2168 4018 illud
2195 3961 2525 4028 consideres,
2555 3976 2700 4023 eum.
2731 3961 2819 4031 qui
2846 3961 3007 4016 vitam
3033 3976 3155 4017 cum
3184 3973 3356 4018 morte
3381 3979 3621 4019 commu-

2039 4056 2190 4120 tavit,
2217 4054 2282 4110 ad
2312 4054 2590 4110 meliorem
2612 4052 2888 4124 regionem
2909 4053 3189 4126 migrasse,
3212 4065 3370 4127 atque
3389 4057 3455 4112 ad
3479 4073 3620 4128 prae-

2037 4148 2350 4202 stantiorem
2372 4155 2572 4200 sortem
2603 4146 2942 4212 transiliisse,
2973 4155 3129 4217 teque
3155 4162 3260 4202 non
3293 4148 3457 4203 ﬁlium
3489 4151 3623 4205 ami-

2039 4240 2211 4303 sisse,
2241 4237 2337 4294 sed
2377 4238 2432 4292 in
2463 4246 2578 4298 tuto
2613 4238 2722 4305 jam
2755 4239 2877 4292 loco
2905 4237 3220 4292 collocasse.
3261 4239 3619 4304 Quamobrem

2041 4348 2111 4387 ne
2133 4332 2333 4386 dixeris
2353 4372 2369 4397 ,
2400 4329 2518 4385 1am
2547 4339 2698 4398 pater
2727 4345 2834 4386 non
2858 4345 3043 4385 vocor.
3071 4329 3178 4385 Cur
3206 4332 3347 4386 enim
3383 4349 3488 4388 non
3512 4335 3620 4404 jam

2044 4425 2254 4479 voceris
2273 4465 2288 4488 ,
2317 4437 2439 4477 eum
2479 4421 2621 4475 filius
2652 4431 2772 4475 tuus
2795 4429 3068 4489 superstes
3107 4421 3218 4476 sit?
3247 4439 3372 4478 num
3399 4440 3618 4494 puerum

2045 4515 2309 4570 amisisti?
2340 4529 2463 4568 num
2511 4512 2678 4567 ﬁlium
2712 4512 3022 4582 perdidisti?
3051 4513 3164 4568 lmo
3193 4516 3369 4584 potius
3397 4519 3618 4590 adeptus

2047 4622 2127 4670 es.
2158 4606 2428 4675 tutiusque
2459 4604 2721 4673 possides.
2754 4603 2878 4660 [deo
2904 4619 3011 4658 non
3033 4604 3143 4674 jam
3174 4605 3258 4660 hic
3279 4607 3451 4664 solum
3479 4621 3630 4679 pater

2049 4699 2276 4763 vocaris,
2300 4698 2394 4752 sed
2415 4697 2572 4752 etiam
2594 4697 2646 4750 in
2669 4699 2822 4751 caelo.
2847 4695 3222 4764 Quamobrem,
3252 4707 3454 4757 tantum
3477 4705 3630 4758 abest

2051 4803 2109 4848 ut
2137 4792 2301 4863 patris
2343 4805 2538 4846 nonten
2581 4789 2856 4852 amiseris,
2889 4796 2950 4842 ut
2991 4789 3258 4861 copiosius
3297 4796 3457 4849 etiam
3498 4796 3627 4851 illud

2053 4886 2145 4940 tibi
2174 4884 2463 4939 accesserit
2492 4900 2506 4936 :
2538 4895 2713 4950 neque
2749 4880 2892 4934 enim
2931 4880 3041 4951 jam
3081 4885 3357 4949 mortalis,
3403 4887 3495 4942 scd
3525 4890 3626 4942 im-

2054 4974 2296 5029 mortalis
2325 4972 2418 5027 ﬁlii
2446 4979 2596 5041 pater
2624 4970 2924 5038 vocaberis,
2954 4974 3263 5044 strenuiqne
3294 4975 3478 5031 militis
3499 5019 3515 5044 ,
3548 4989 3632 5032 at-

2054 5082 2156 5136 que
2187 5067 2326 5118 intus
2358 5071 2615 5130 perpetuo
2653 5062 2866 5124 stantis.
2911 5063 3095 5133 Neque
3137 5065 3280 5118 enim
3320 5075 3438 5132 est,
3489 5071 3630 5138 quod

2057 5173 2179 5212 cum
2206 5155 2405 5209 idcirco
2428 5152 2522 5207 tibi
2552 5152 2776 5222 periisse
2817 5162 2972 5224 putes
2991 5196 3005 5218 ,
3036 5156 3157 5224 quia
3185 5172 3288 5210 non
3317 5158 3486 5214 adest.
3539 5163 3630 5216 Et-

2059 5250 2199 5303 enim
2231 5248 2276 5302 si
2309 5261 2532 5317 peregre
2561 5246 2830 5316 profectus
2863 5247 3194 5312 fuisset,non
3227 5260 3504 5322 propterea
3526 5273 3627 5310 una

2061 5357 2181 5398 cum
2223 5354 2450 5408 corpore
2496 5337 2905 5409 prOpinquitatis
2943 5354 3156 5410 quoque
3195 5357 3387 5398 nomen
3418 5345 3635 5400 absces.

2061 5436 2238 5490 sisset.
2268 5430 2527 5500 Quocirca
2556 5446 2625 5486 ne
2651 5430 2877 5501 jacentis
2906 5431 3108 5487 vultum
3127 5436 3372 5502 attende;
3402 5436 3478 5490 sic
3498 5437 3638 5492 enim

2063 5523 2434 5595 aegritudinem
2461 5523 2778 5588 exsuscitas,
2812 5538 2994 5577 verum
3025 5523 3090 5577 da
3121 5539 3362 5595 operam,
3402 5534 3459 5578 ut
3489 5540 3641 5577 tueo-

2068 5626 2172 5671 tem
2202 5617 2269 5671 ab
2293 5631 2380 5680 eo,
2411 5615 2501 5686 qui
2535 5615 2697 5686 jacet,
2727 5615 2790 5670 ad
2821 5617 3012 5671 etclnm
3041 5616 3327 5674 subducas.
3355 5616 3470 5672 Non
3499 5620 3642 5668 enim

2067 5708 2295 5763 cadaver
2335 5706 2472 5773 hoc,
2503 5707 2643 5778 quod
2689 5707 2834 5762 humi
2860 5709 3032 5777 jacet,
3067 5706 3207 5761 ﬁlius
3237 5716 3358 5760 tuus
3399 5711 3517 5766 est,
3549 5707 3642 5757 sed

2071 5800 2192 5860 ille.
2224 5798 2313 5867 qui
2351 5800 2615 5859 avolavit,
2662 5808 2817 5864 atque
2860 5797 2912 5850 in
2947 5797 3260 5849 immensam
3306 5788 3640 5847 altitudinem

3241 5895 3318 5951 ΞΕ)
