4018 6156
451 340 549 395 39f

453 455 712 512 ascendit.
742 451 876 507 Cum
898 448 1072 516 itaque
1101 444 1392 514 depresses
1420 441 1606 496 oculos
1635 447 1796 508 alque
1823 445 2041 493 eontra-

453 559 599 602 ctum
628 558 690 598 os
719 553 772 597 et
795 543 992 608 corpus
1020 544 1166 590 metu
1187 547 1380 589 carens
1407 532 1626 596 videris,
1659 545 1790 584 cave
1821 529 1921 604 hoc
1943 528 2034 582 tihi

456 641 508 693 in
555 646 785 692 mentem
814 631 1024 697 veniat,
1057 629 1198 698 quod
1226 642 1288 683 os
1319 627 1460 681 istud
1493 641 1599 679 non
1635 625 1745 695 jam
1778 623 2033 694 loquitur,

455 729 594 782 oculi
621 726 706 780 isti
740 739 842 778 non
866 721 976 792 jam
1006 728 1256 783 cernunt,
1286 719 1450 788 pedes
1474 719 1559 772 isti
1586 732 1689 770 non
1715 716 1824 786 jam
1852 716 2039 770 ambo-

452 822 582 883 lant,
617 816 710 872 Sed
736 815 916 870 omnia
945 814 1000 867 in
1027 811 1426 882 corruptionem
1454 809 1702 864 abierunt
1729 826 1743 862 :
1777 821 1926 873 cave,
1957 806 2038 860 iu-

449 925 608 982 quam
631 951 649 978 ,
686 909 786 963 ista
816 907 998 971 dicas;
1031 919 1214 959 verum
1249 903 1331 957 his
1366 901 1634 956 contraria
1655 943 1670 968 ,
1701 914 1894 968 nempe
1920 941 1933 962 ,
1965 898 2037 952 Os

451 1002 591 1060 istud
621 1001 812 1055 melius
843 1000 1108 1069 loquetur,
1141 995 1281 1049 oculi
1314 994 1398 1048 ἧς»ιί
1445 993 1665 1047 meliora
1693 1000 1914 1047 cernent
1935 1032 1950 1058 ,
1983 997 2038 1044 et

453 1094 616 1165 pedes
647 1093 698 1146 in
728 1091 955 1146 nuhihus
985 1087 1245 1144 sublimes
1276 1085 1551 1146 tolleratur,
1583 1098 1646 1138 ae
1667 1083 1896 1152 denique
1921 1097 2038 1134 cor-

450 1199 551 1253 pus
592 1182 731 1237 istud
755 1223 770 1247 ,
803 1179 944 1251 quod
984 1193 1126 1233 nunc
1171 1175 1550 1244 corrumpitur,
1585 1168 2034 1228 immortalitatem

451 1275 656 1341 induet,
688 1273 1141 1340 illustriorcmque
1169 1267 1333 1321 filium
1366 1281 1544 1320 meum
1577 1265 1848 1334 recipiam.
1881 1261 2035 1329 Quod

449 1369 494 1426 si
537 1381 827 1423 maerorem
867 1364 957 1418 tibi
1000 1378 1060 1417 ea
1083 1403 1097 1427 ,
1131 1378 1251 1432 qua:
1281 1359 1459 1415 cernis
1480 1399 1494 1423 ,
1527 1357 1795 1422 afferunt,-
1820 1353 2034 1409 interim

449 1472 624 1518 tecum
673 1462 787 1530 ipse
821 1460 934 1513 hate
973 1457 1232 1526 loquere:
1269 1453 1655 1508 Vestimentum
1687 1449 1792 1504 hoc
1831 1458 1949 1511 est;
1984 1446 2035 1501 id

450 1555 616 1615 exuit,
649 1561 704 1605 ut
737 1553 908 1621 ipsum
939 1549 1246 1618 prwclarius
1271 1545 1493 1613 recipiat
1520 1563 1533 1598 :
1564 1543 1753 1596 domus
1779 1542 1893 1594 hsce
1917 1548 2039 1602 est;

449 1662 510 1698 ea
555 1657 740 1697 eversa
789 1652 900 1704 est,
951 1647 1010 1693 ut
1054 1636 1376 1692 luculentior
1421 1633 1532 1687 tiat.
1577 1628 2036 1698 Quemadmodum

448 1737 593 1792 ettim
623 1750 742 1800 nos,
775 1747 895 1788 cum
924 1731 1142 1786 domum
1177 1725 1450 1799 purgaturi
1481 1739 1688 1790 sumus,
1720 1738 1814 1778 eos
1841 1723 1927 1790 qui
1952 1722 2036 1776 in-

448 1839 534 1885 tus
564 1828 834 1886 habitant.
867 1841 973 1881 non
1005 1824 1231 1880 sinimus
1257 1833 1478 1876 manere
1497 1860 1511 1882 ,
1540 1817 1634 1872 sed
1672 1831 1738 1871 ne
1763 1814 1888 1886 quid
1916 1814 2037 1884 pul-

449 1921 591 1977 veris
613 1919 934 1976 contrahant
960 1931 1022 1972 ac
1045 1916 1271 1970 tumultu
1293 1910 1652 1974 ofiendantur,
1685 1907 1828 1962 foras
1854 1921 2038 1960 aman-

448 2016 641 2068 damus
669 2026 731 2066 ac
771 2010 1041 2081 paulisper
1079 2005 1636 2074 secederejubemus;
1693 2009 2036 2068 posteaquam

447 2116 627 2160 autem
657 2103 876 2158 dommn
905 2109 1070 2154 tutam
1104 2096 1460 2162 reddidimus,
1494 2101 1602 2146 tum
1632 2090 1863 2160 denique
1895 2089 2036 2159 ipsos

449 2200 617 2254 libere
644 2197 868 2252 introire
903 2192 1132 2248 sinimus
1163 2207 1176 2244 :
1209 2187 1399 2243 eodem
1437 2184 1596 2240 modo
1639 2183 1780 2238 Deus
1823 2196 2037 2252 quoque

449 2290 603 2354 facit;
632 2301 823 2343 everso
859 2284 1004 2341 enim
1050 2280 1190 2352 putri
1224 2279 1390 2349 ipsius
1418 2274 1784 2340 tabernaculo,
1820 2273 2034 2327 interim

448 2395 572 2436 eum
605 2381 658 2432 in
689 2388 966 2447 paternam
994 2373 1214 2428 domum
1241 2380 1402 2438 atque
1429 2366 1496 2422 ad
1535 2381 1594 2420 se
1633 2362 1951 2430 introducit,
1981 2372 2038 2418 ut

451 2482 798 2544 posteaquam
829 2469 956 2524 illud
979 2465 1223 2532 diruerit,
1252 2472 1411 2533 atque
1436 2457 1766 2524 instaurarit,
1799 2465 1909 2510 tum
1940 2455 2033 2510 de-

451 2584 598 2624 mum
626 2565 957 2637 splendidius
985 2562 1035 2618 id
1079 2561 1130 2618 ei
1165 2557 1371 2616 reddat.
1405 2553 1667 2621 Quocirca
1696 2566 1764 2607 ne
1791 2551 1993 2606 dixeris
2015 2591 2029 2615 ,

1185 331 1240 385 S.
1282 325 1559 384 JOANNIS
1593 319 2064 380 CHRYSOSTOMI
2103 317 2416 379 ARCIllEP.
2455 321 2992 378 CONS'I'ANTINOP.

3620 322 3727 380 582

2153 436 2350 502 Periit,
2398 451 2497 491 nec
2535 438 2644 506 jam
2686 446 2802 500 est;
2833 452 3017 492 eorum
3048 435 3220 503 enim,
3258 436 3347 506 qui
3378 435 3483 492 fide
3511 451 3724 506 carent,

2149 528 2264 584 haec
2298 529 2461 584 verba
2490 536 2645 593 sunt;
2675 544 2861 584 verum
2893 527 2994 583 hoc
3023 529 3231 598 potius,
3277 525 3520 594 Dormit,
3550 544 3614 584 ac
3641 546 3728 584 re-

2147 631 2363 691 surget;
2396 635 2616 691 peregre
2646 621 2812 685 abiit,
2841 630 3001 692 atque
3026 636 3147 676 cum
3173 621 3318 691 Rege
3343 632 3600 676 venturus
3625 634 3728 677 est.

2144 714 2274 781 Quis
2300 712 2400 767 hoc
2425 726 2675 767 sermone
2696 712 2900 767 utitur?
2929 711 2977 767 Is
3009 726 3235 781 nempe,
3263 712 3352 782 qui
3381 711 3648 766 Christum
3678 713 3729 766 iu

2145 819 2204 858 se
2235 803 2540 874 loquentem
2575 802 2756 858 habet.
2787 802 2848 857 Si
2879 803 3008 856 enim
3035 802 3314 868 credimus,
3357 802 3564 872 inquit,
3596 805 3731 870 quod

2143 892 2296 947 Jesns
2325 902 2554 947 mortuus
2577 902 2649 948 est
2677 903 2723 947 et
2749 894 3027 946 resurrexit
3055 909 3115 946 ac
3143 894 3291 958 vivit;
3314 894 3385 946 ita
3412 894 3563 948 etiam
3596 893 3733 949 Dens

2144 1005 2257 1053 eos,
2287 987 2372 1058 qui
2400 987 2778 1041 obdormierunt
2801 1028 2816 1050 ,
2849 1003 2935 1054 per
2958 986 3134 1040 Iesum
3165 985 3378 1039 adducet
3419 1002 3537 1039 cum
3565 1002 3622 1038 eo
3653 987 3729 1055 (Ι.

2144 1079 2323 1134 Thess.
2352 1079 2405 1134 4.
2431 1079 2542 1150 14).
2572 1077 2750 1146 Quare
2775 1079 2820 1132 si
2853 1077 3019 1132 filium
3047 1077 3266 1148 quaeris,
3296 1075 3405 1131 illic
3424 1091 3548 1130 eum
3577 1091 3728 1145 qtta:~

2143 1189 2202 1227 re
2221 1214 2233 1233 .
2268 1172 2358 1226 ubi
2389 1171 2498 1226 Rex
2528 1179 2641 1238 est,
2660 1171 2746 1224 ubi
2773 1170 3085 1238 angelorum
3113 1169 3401 1232 exercitus,
3432 1184 3534 1220 non
3564 1168 3614 1220 iu
3642 1183 3732 1221 se-

2144 1266 2348 1334 pulcro,
2377 1279 2481 1319 non
2521 1263 2575 1317 in
2620 1272 2759 1317 terra
2783 1303 2798 1329 ,
2841 1276 2909 1316 ne
2937 1261 3169 1330 alioqui,
3199 1275 3264 1314 eo
3303 1274 3472 1329 usque
3498 1259 3633 1313 adeo
3667 1260 3726 1313 in

2143 1357 2310 1412 altum
2349 1365 2530 1412 erecto
2554 1396 2569 1423 ,
2617 1356 2732 1425 ipse
2763 1355 2907 1410 humi
2955 1353 3266 1424 provolutus
3304 1367 3544 1407 maneas.
3575 1352 3632 1408 Si
3662 1353 3732 1408 ad

2143 1448 2288 1504 hunc
2333 1448 2548 1502 modum
2586 1446 3047 1518 philosophenmr,
3080 1459 3294 1499 omnem
3340 1444 3601 1514 ejusmodi
3631 1446 3729 1498 do-

2145 1542 2311 1596 lorem
2345 1541 2489 1595 nullo
2521 1541 2736 1610 negotio
2769 1539 3155 1608 propellemus.
3190 1538 3330 1592 Deus
3353 1547 3535 1592 autem
3568 1539 3732 1592 mise-

2144 1635 2410 1690 ratiouum
2447 1646 2502 1687 et
2550 1634 2708 1687 Pater
2737 1632 2899 1686 totius
2940 1630 3322 1686 consolationis
3352 1615 3592 1684 omnium
3633 1647 3729 1683 no-

2144 1736 2313 1782 strum
2353 1725 2516 1781 corda
2547 1724 2876 1788 consoletur,
2923 1732 2978 1779 et
3018 1737 3206 1778 eorum
3255 1722 3344 1791 qui
3387 1721 3439 1776 in
3467 1722 3732 1791 ejusmodi

2141 1818 2421 1875 doloribus
2456 1825 2758 1882 versantur,
2789 1825 2844 1870 et
2867 1829 3054 1870 eorum
3083 1814 3174 1884 qui
3218 1813 3325 1869 alio
3359 1814 3610 1868 maeroris
3633 1829 3731 1884 ge-

2143 1925 2272 1966 nere
2301 1918 2568 1975 tenentur,
2595 1908 2865 1977 donetque
2888 1913 2945 1960 ut
2969 1905 3116 1959 omni
3141 1904 3395 1960 mmstitia
3419 1905 3730 1968 liberemur,

2141 2017 2206 2057 ac
2234 2001 2513 2072 spirituale
2541 1999 2788 2071 gaudium
2822 1997 3177 2068 percipiamus
3200 2038 3218 2063 ,
3265 1997 3542 2065 futuraque
3588 1996 3730 2052 bona

2141 2108 2531 2162 consequamur
2565 2109 2579 2146 :
2609 2105 2729 2160 qua:
2779 2088 2936 2144 detur
2978 2087 3232 2142 omnibus
3282 2086 3435 2142 nobis
3477 2089 3728 2157 assequi,

2140 2185 2310 2256 gratia
2337 2192 2390 2238 et
2416 2181 2743 2252 benignitate
2770 2181 2978 2234 Domini
3009 2180 3178 2234 nostri
3207 2178 3336 2234 Jesu
3355 2178 3578 2246 Christi,
3606 2195 3730 2234 cum

2141 2291 2248 2346 quo
2292 2274 2434 2329 Patri
2462 2273 2727 2342 simulque
2755 2280 2940 2326 sancto
2973 2269 3194 2340 Spiritui
3224 2271 3424 2342 gloria,
3462 2281 3727 2340 poteStas,

2144 2368 2349 2434 honor,
2399 2379 2540 2422 nunc
2577 2374 2632 2420 et
2668 2378 2902 2433 semper,
2947 2370 3003 2418 et
3047 2362 3102 2417 in
3144 2363 3342 2418 sarcula
3386 2364 3727 2419 surculorum.

2143 2463 2334 2516 Amen.

459 2691 3721 2735 ΝΜ

927 2776 933 2781 ’
1861 2777 2211 2842 HOMILlA
2254 2777 2335 2838 Il.

451 2951 579 3006 CAP.
614 2950 665 3004 1.
699 2964 748 3002 v.
776 2946 826 3002 6.
861 2946 982 3001 Sive
1000 2952 1166 2996 autem
1198 2939 1516 2997 tributuinur,
1551 2948 1644 3004 pro
1663 2939 1824 2985 vestra
1851 2942 2029 2982 conso-

521 3041 710 3096 latione
737 3047 782 3091 et
808 3037 970 3090 salute
989 3077 1003 3099 ,
1037 3048 1149 3104 ante
1177 3038 1416 3100 Operer
1449 3027 1501 3079 in
1539 3021 1806 3078 tolerantia
1829 3033 2033 3073 earum-

522 3131 636 3184 dem
657 3128 969 3197 passionum,
990 3139 1116 3193 quas
1139 3132 1184 3174 et
1207 3135 1297 3172 nos
1316 3117 1570 3192 patimur:
1589 3115 1641 3168 7.
1668 3122 1714 3166 et
1734 3127 1847 3182 spes
1867 3118 2036 3162 nostra

522 3222 671 3290 ﬁrma
699 3227 770 3273 est
797 3233 886 3288 pro
911 3214 1068 3268 vobis.

523 3316 577 3368 1.
609 3312 900 3379 Postquam
931 3319 1092 3360 uuam
1123 3317 1183 3356 ac
1212 3299 1506 3372 principem
1531 3293 1926 3352 exhortationis
1951 3299 2037 3344 at-

453 3421 556 3478 que
573 3399 954 3459 consolationis
970 3410 1186 3453 causam
1207 3390 1444 3464 protulit,
1464 3401 1654 3458 nempe
1668 3380 1808 3458 quod
1825 3384 2039 3440 Christo

452 3476 936 3557 communicentns,
983 3487 1272 3544 secundum
1306 3496 1520 3556 quoque
1563 3482 1697 3534 hanc
1729 3478 1909 3549 ponit,
1951 3476 2038 3531 ni-

455 3593 644 3645 mirum
673 3584 815 3656 quod
857 3580 1139 3652 discipulis
1167 3577 1298 3647 ipsis
1329 3576 1452 3628 hinc
1496 3571 1639 3626 salus
1677 3575 2036 3638 comparetur.

452 3681 532 3738 Ne
558 3681 716 3750 igitur
744 3675 938 3731 animis
963 3669 1278 3730 concidatis,
1308 3665 1498 3735 inquit,
1529 3677 1628 3717 nec
1659 3658 2037 3730 perturbemini

454 3789 518 3828 ac
548 3749 798 3826 metuatis
819 3807 832 3830 ,
861 3771 1144 3835 propterea
1174 3758 1318 3829 quod
1348 3757 1638 3825 afﬂigimur
1662 3770 1675 3806 :
1704 3749 2038 3821 quandoqui-

457 3865 578 3919 dem
610 3863 710 3915 hoc
731 3859 848 3928 ipso
871 3854 1085 3908 nomine
1108 3849 1312 3920 atquius
1340 3847 1499 3901 fuerit
1523 3860 1618 3898 vos
1646 3842 1888 3896 fiduciam
1911 3854 2040 3894 con.

457 3957 656 4024 cipere.
690 3950 821 4004 Nam
851 3946 952 4000 nisi
979 3943 1360 4012 afﬂigerentur,
1394 3938 1509 3992 haec
1539 3934 1716 3990 omnia
1749 3934 1895 3987 vobis
1921 3932 2036 3988 exi-

458 4049 592 4103 tium
613 4043 936 4100 attulissent.
955 4037 1055 4105 Qui
1077 4033 1291 4090 tandem
1315 4031 1453 4086 istud
1468 4032 1491 4070 ν
1511 4028 1771 4097 Quoniam
1791 4028 1834 4081 si
1851 4026 2041 4080 animis

456 4137 608 4196 fracti
646 4148 713 4190 ac
753 4130 1107 4204 periculorum
1149 4133 1295 4180 metu
1337 4119 1635 4194 perterriti,
1682 4117 1803 4171 fidei
1845 4115 2043 4171 doctri-

457 4248 581 4288 nam
610 4228 765 4286 vobis
792 4222 1014 4280 minime
1038 4214 1556 4290 praxdicavissemus,
1591 4219 1646 4264 ut
1668 4223 1846 4263 veram
1869 4207 2042 4262 scien-

457 4328 584 4382 tiam
614 4313 980 4388 intélligeretis
1003 4353 1019 4380 ,
1048 4319 1291 4366 extremo
1321 4306 1374 4360 in
1402 4301 1710 4359 discrimine
1737 4315 1823 4354 res
1849 4307 2042 4353 vestrae

457 4422 574 4475 sita:
601 4423 802 4472 essent.
838 4407 998 4464 Vides
1029 4417 1216 4460 rursus
1257 4408 1455 4472 quanta
1487 4395 1634 4451 Pauli
1664 4395 1744 4449 vis
1784 4393 1856 4448 sit
1881 4402 2042 4463 atque

456 4506 774 4566 contentio?
801 4502 868 4556 ab
895 4501 978 4555 his
1003 4498 1132 4568 ipsis
1161 4492 1345 4557 rebus,
1374 4505 1493 4562 qua:
1519 4499 1718 4544 metum
1743 4501 1806 4542 ac
1831 4495 2040 4557 pertur-

459 4603 731 4658 bationem
760 4596 886 4665 ipsis
911 4590 1224 4650 afl'erebant,
1247 4600 1340 4641 eos
1361 4581 1686 4638 consolatur.
1710 4579 1826 4645 Quo
1847 4577 2041 4632 etenim

462 4688 905 4768 persequutioues
932 4691 1126 4757 nostra:
1149 4679 1316 4748 magis
1343 4675 1737 4744 ingravescunt,
1764 4669 1952 4738 inquit,
1977 4682 2044 4722 eo

459 4759 630 4855 magis
658 4780 796 4835 bona
834 4779 1009 4829 vestra
1045 4786 1166 4840 spes
1205 4769 1593 4823 incrementum
1622 4775 1816 4829 capere
1845 4759 2039 4820 debet,

459 4852 892 4948 quandoquidem
931 4864 1089 4920 ’tanto
1137 4861 1310 4930 major
1361 4857 1520 4913 saluti
1557 4852 2043 4921 .cousolationique

463 4943 656 5026 vestra:
696 4943 946 5021 cumulus
989 4954 1212 5011 accedit.
1239 4952 1502 5023 Quidnam
1540 4950 1681 5005 enim
1733 4955 1931 5001 tantam
1975 4943 2040 4998 ad

463 5055 846 5116 consolandum
869 5051 974 5106 vim
1007 5046 1256 5106 habebat,
1288 5059 1446 5113 quam
1477 5041 1617 5112 quod
1652 5037 2041 5109 praedicationis

462 5147 722 5205 beneflcio
749 5153 825 5200 tot
863 5143 1001 5198 bona
1043 5134 1542 5206 consequebantur?
1573 5133 1760 5188 Postea
1783 5171 1797 5196 ,
1829 5145 1894 5184 ne
1925 5129 2043 5182 uni-

462 5253 672 5300 versam
722 5234 931 5290 laudem
975 5232 1125 5287 solus
1172 5229 1286 5299 ipse
1333 5225 1434 5280 sibi
1481 5235 1732 5292 arrogare
1778 5220 2038 5282 videatur,

463 5330 586 5386 vide
615 5324 881 5398 quomodo
909 5337 1003 5377 eos
1049 5334 1263 5390 quoque
1309 5318 1362 5370 in
1393 5315 1567 5370 laudis
1609 5311 1920 5366 societatem
1951 5309 2044 5361 ad-

463 5424 676 5480 sciscat.
730 5417 1013 5482 Postquam
1041 5411 1182 5466 euim
1223 5408 1400 5470 dixit,
1445 5406 1563 5460 Sive
1603 5403 1922 5466 tribulamur,
1953 5415 2044 5469 pro

462 5523 628 5570 uestra
653 5504 995 5564 consolatione
1022 5510 1068 5556 et
1092 5501 1283 5566 salute,
1316 5497 1619 5567 subjuuxit,
1655 5495 1782 5560 Qua:
1807 5499 2046 5562 operatur

461 5611 515 5662 in
539 5600 807 5660 tolerantia
831 5597 1120 5654 earumdem
1145 5592 1454 5663 passionum,
1479 5605 1603 5656 quas
1622 5597 1669 5641 et
1691 5604 1782 5641 nos
1803 5583 2040 5652 patimur.

463 5700 535 5752 Ac
570 5693 852 5752 dilucidius
880 5691 980 5745 hoc
999 5687 1212 5760 quidem
1245 5693 1424 5754 postea
1455 5680 1704 5751 exprimit
1733 5678 1813 5732 his
1843 5675 2042 5741 verbis,

466 5786 608 5841 Sicut
635 5785 755 5842 socii
787 5784 907 5841 estis
936 5780 1261 5852 passionum,
1291 5777 1364 5830 sic
1389 5772 1528 5829 eritis
1569 5779 1614 5824 et
1643 5766 1998 5822 consolationis
2028 5779 2045 5818 :

2145 2922 2360 2977 interim
2391 2929 2568 2975 autem
2601 2920 2702 2974 hoc
2747 2919 2863 2974 loco
2905 2918 2954 2974 id
2987 2918 3375 2986 subiudicavit,
3409 2935 3530 2975 cum
3565 2921 3729 2986 dixit,

2144 3013 2452 3068 Earumdem
2478 3012 2802 3082 passionum,
2836 3020 2996 3080 atque
3038 3010 3105 3063 ita
3135 3024 3440 3065 sermonem
3475 3027 3596 3066 cum
3627 3011 3731 3066 illis

2142 3104 2576 3160 communicavit.
2607 3101 2760 3167 Quod
2789 3111 2967 3154 autem
2995 3101 3089 3164 ait,
3127 3100 3263 3154 hanc
3288 3102 3602 3156 sententiam
3634 3101 3729 3154 ha-

2144 3197 2236 3251 bet
2263 3212 2276 3249 :
2320 3195 2437 3250 Non
2468 3209 2565 3248 nos
2603 3194 2701 3248 soli
2733 3205 2923 3246 vestrae
2965 3191 3152 3246 salutis
3183 3191 3448 3262 negotium
3475 3191 3684 3260 agimus
3707 3232 3725 3254 ,

2143 3286 2237 3342 sed
2259 3295 2313 3341 et
2339 3298 2434 3341 vos
2463 3299 2694 3355 quoque.
2721 3283 2992 3352 Siquidem
3017 3293 3072 3338 et
3096 3299 3216 3351 nos,
3245 3283 3373 3339 dum
3400 3284 3726 3352 praedicatio-

2145 3379 2226 3432 nis
2246 3391 2440 3430 munus
2467 3375 2698 3439 obimus,
2737 3372 3054 3443 afﬂigimur;
3087 3383 3140 3428 et
3165 3389 3280 3440 vos,
3313 3375 3404 3444 qui
3431 3390 3728 3429 sermonem

2145 3471 2408 3541 excipitis,
2440 3470 2492 3524 in
2522 3468 2710 3524 iisdem
2739 3467 3131 3522 calamitatibus
3163 3469 3451 3522 versamini
3481 3487 3495 3523 ι
3532 3484 3633 3522 nos
3661 3468 3734 3520 vi-

2144 3565 2360 3630 delicet,
2389 3574 2446 3618 ut
2466 3578 2585 3633 qua:
2605 3561 2911 3630 accepimus
2933 3560 3085 3613 vobis
3105 3560 3510 3628 impertiamus;
3540 3576 3654 3623 vos,
3684 3568 3735 3612 ut

2144 3657 2287 3728 quod
2317 3656 2475 3710 datur
2515 3653 2788 3723 accipiatis
2827 3667 2926 3706 nec
2954 3650 3233 3704 amittatis.
3277 3650 3542 3717 Quidnam
3577 3650 3736 3719 igitur

2145 3759 2263 3814 est,
2313 3747 2453 3818 quod
2499 3761 2622 3800 cum
2673 3745 2772 3799 hac
2821 3743 3119 3798 humilitate
3167 3743 3465 3812 comparari
3523 3743 3727 3810 possit;

2145 3843 2340 3909 quippe
2368 3854 2489 3894 cum
2537 3853 2670 3902 eos,
2718 3835 2807 3906 qui
2856 3844 3002 3890 tanto
3041 3835 3320 3890 intervallo
3359 3835 3422 3886 ab
3460 3848 3524 3886 eo
3553 3833 3728 3886 diSsitt

2146 3940 2331 3993 erant,
2377 3931 2430 3985 in
2461 3929 2702 3984 eamdem
2748 3927 3014 3998 patientiae
3059 3926 3269 3980 laudem
3309 3924 3732 3993 dignitatemque

2146 4021 2446 4078 sobvehat"
2481 4020 2647 4090 inquit
2691 4018 2832 4073 enim
2858 4059 2873 4084 ,
2925 4019 3049 4083 Qua:
3087 4027 3323 4087 aperutur
3363 4017 3414 4067 in
3461 4015 3733 4069 tolerantia

2147 4113 2434 4167 earumdem
2452 4111 2762 4180 passionum.
2783 4107 2966 4178 Neque
2987 4108 3128 4162 enim
3154 4122 3250 4176 per
3272 4106 3430 4160 tidem
3453 4105 3735 4160 dumtaxat

2146 4206 2292 4260 salus
2319 4204 2470 4258 vobis
2495 4211 2851 4271 comparatur,
2887 4217 3068 4255 verum
3117 4217 3211 4269 per
3253 4199 3302 4252 id
3345 4199 3546 4265 etiam,
3591 4199 3732 4270 quod

2147 4296 2364 4354 easdem
2397 4310 2529 4366 quas
2554 4309 2652 4348 nos
2681 4293 3012 4348 calamitates
3042 4292 3299 4346 sollertis.

2215 4389 2355 4445 Justi
2371 4390 2526 4443 virtus
2549 4389 2601 4441 in
2621 4387 2859 4441 arrunmis
2875 4387 3006 4440 lucet
3019 4397 3062 4438 et
3075 4383 3735 4456 angelum—Quemadmo-

2146 4480 2274 4536 dum
2291 4479 2537 4550 egregius
2552 4477 2753 4532 athleta
2772 4477 2842 4530 ob
2863 4476 3202 4546 splendorem
3224 4486 3279 4532 et
3301 4476 3523 4544 probam
3545 4489 3734 4543 corpu-

2149 4574 2226 4628 ris
2247 4571 2634 4636 habitudinem,
2664 4571 2826 4624 etiam
2848 4583 2969 4622 cum
2992 4577 3158 4623 artem
3187 4569 3239 4622 in
3267 4568 3448 4636 seipse
3472 4567 3730 4628 continet,

2150 4664 2397 4719 homines
2427 4663 2478 4715 in
2508 4661 2916 4716 admirationem
2946 4659 3142 4725 trahit;
3169 4668 3223 4714 at
3253 4675 3373 4714 cum
3404 4669 3660 4729 operatur
3682 4668 3734 4710 ct

2151 4755 2331 4824 plagas
2365 4753 2569 4823 perfert
2595 4763 2754 4822 atque
2777 4751 3141 4806 adversarium
3173 4749 3330 4815 ferit,
3365 4759 3477 4804 tum
3505 4750 3734 4818 denique

2150 4845 2482 4916 potissimum
2503 4844 2697 4909 elucet,
2730 4846 2982 4914 quoniam
3011 4852 3120 4897 tum
3144 4843 3375 4913 denique
3401 4842 3541 4896 bona
3573 4841 3736 4909 ipsius

2150 4935 2405 4992 habitudo
2436 4936 2540 4990 vim
2570 4950 2718 4989 suam
2750 4935 2986 4998 exserit,
3028 4934 3266 5003 artisque
3302 4934 3606 5002 praestantia
3635 4931 3735 4985 de-

2148 5029 2422 5084 claratur:
2455 5027 2642 5082 eodem
2675 5027 2834 5080 modo
2877 5027 3022 5080 salus
3062 5037 3243 5080 nostra
3277 5033 3384 5079 tum
3414 5023 3735 5079 luculentius

2149 5124 2342 5190 agitur,
2369 5120 2470 5175 hoc
2489 5129 2589 5184 est,
2609 5117 2929 5182 ostenditur,
2947 5127 3192 5188 augetur,
3215 5117 3591 5186 amplificatur,
3613 5129 3734 5168 cum

2155 5214 2348 5268 tolerat
2376 5223 2430 5267 et
2470 5212 2688 5281 patitur,
2717 5226 2781 5264 ac
2815 5219 3007 5264 cuncta
3036 5210 3158 5264 forti
3198 5221 3252 5264 et
3294 5222 3517 5262 strenuo
3557 5209 3738 5261 animo

2152 5308 2316 5359 subit.
2349 5305 2424 5358 Ex
2451 5321 2556 5373 quo
2579 5304 2866 5369 Colligitur,
2897 5303 3084 5357 salutis
3114 5301 3383 5372 negotiqu
3417 5316 3522 5353 non
3552 5301 3602 5352 in
3637 5297 3740 5352 hoc

2151 5396 2479 5458 consistere,
2530 5402 2587 5447 ut
2614 5393 2876 5462 quispiam
2906 5393 3068 5446 aliutu
3101 5393 3241 5445 malo
3270 5390 3502 5455 afticiat,
3547 5389 3640 5442 sed
3685 5399 3739 5440 ut

2150 5487 2264 5555 ipse
2293 5483 2574 5539 aﬂiciatur.
2604 5483 2713 5539 Nec
2738 5483 2891 5549 dixit,
2918 5488 3180 5554 ἐνεργούσης
3198 5522 3213 5548 ,
3243 5481 3344 5535 hoc
3368 5489 3478 5544 est,
3512 5494 3632 5548 qua:
3656 5476 3739 5532 ef-

2151 5579 2280 5635 ficit.
2309 5577 2426 5642 sed,
2457 5582 2796 5647 δνιρνουμένης,
2831 5576 2880 5630 id
2905 5587 3008 5640 est,
3032 5591 3148 5645 quae
3171 5573 3402 5628 efficitur
3426 5589 3440 5625 :
3473 5582 3532 5625 ut
3554 5570 3741 5624 videli-

2149 5679 2234 5724 cct
2273 5667 2401 5722 illud
2441 5666 2725 5732 ostendat,
2755 5670 2898 5738 quod
2941 5667 3008 5721 ad
3037 5680 3220 5721 eorum
3261 5661 3742 5732 promptitudinem

2153 5772 2312 5834 atque
2339 5761 2501 5817 animi
2529 5745 2860 5817 alacritatem
2887 5759 3066 5815 divina
3108 5771 3322 5828 quoque
3344 5757 3515 5826 gratia
3545 5753 3741 5824 adjun-
