4018 6156
341 381 443 439 391

341 495 437 569 μοὶ
471 492 689 568 μείζονα
722 466 963 563 ﬂown:
1009 495 1103 549 καὶ
1140 496 1191 548 οἱ
1219 495 1379 561 πόδες
1411 496 1507 550 ἐπὶ
1539 494 1778 564 νεφελῶν
1810 494 1914 565 ἀρ-

338 586 622 657 θήσονται,
644 585 816 640 καὶτὸ
841 586 1285 658 διαφθειρόμενον
1320 587 1480 643 τοῦτο
1515 587 1678 658 σῶμα
1710 584 1915 645 ἀθανα-

340 678 465 732 σίαν
494 678 793 744 ἐνδύσεται,
827 679 919 732 καί
946 679 1327 753 λαμπρότερον
1362 680 1455 734 τὸν
1493 679 1609 733 υἱὸν
1639 677 1916 749 ἀπολήψοο

339 784 463 841 μαι.
488 769 549 823 Εἰ
570 769 626 822 δὲ
648 768 807 822 λυπεῖ
828 787 887 822 σε
916 771 985 824 τά
1009 770 1288 842 ὁρώμενα,
1314 771 1452 835 τέως
1472 771 1597 825 εἰπὲ
1625 771 1762 842 πρὸς
1789 772 1915 825 ἐαυ-

337 860 449 914 τόν·
486 860 719 930 Ίμάτιον
751 858 908 914 τοῦτό
939 863 1077 927 ἐστι,
1114 862 1211 916 καὶ
1239 861 1573 927 ἀπεδύσατο,
1603 862 1747 916 ῶστε
1782 862 1916 917 αὐτὸ

337 947 787 1020 πολυτελέστερον
810 949 1128 1004 ἀπολαϐεῖν·
1153 950 1300 1005 οἰκία
1324 949 1463 1023 αὕτη
1500 952 1640 1014 ἐστὶ,
1671 952 1767 1005 καὶ
1790 951 1919 1005 καο-

335 1036 528 1109 ῃρέθη,
558 1037 700 1093 ὥστε
728 1040 984 1108 γενέσθαι
1012 1041 1181 1112 αὐτὴν
1223 1041 1604 1115 φαιδροτέραν.
1646 1042 1915 1114 Καθάπερ

334 1127 446 1201 7&9
476 1131 661 1201 ἡμεῖς,
691 1131 914 1186 ἐπειδὰν
956 1133 1241 1204 μέλλωμεν
1273 1133 1559 1205 καθαιρεῖν
1584 1134 1782 1199 οἰκίας,
1814 1135 1916 1189 οὐκ

335 1222 571 1294 ἀφίεμεν
596 1223 725 1286 τοὺς
759 1223 912 1279 ἔνδον
937 1225 1220 1291 οἰκοῦντας
1249 1227 1451 1298 μένειν,
1480 1227 1596 1281 ἀλλ’
1620 1225 1762 1282 ὥστε
1804 1228 1913 1282 ἀπ-

335 1311 644 1384 αλλαγῆναι
684 1314 787 1385 τῆς
819 1315 1019 1381 κόνεως
1057 1318 1153 1372 κε.ιί⁸
1184 1320 1279 1372 τοῦ
1310 1317 1561 1390 θορύϐου,
1603 1317 1787 1392 [ἀλλά]
1821 1337 1915 1374 κε·

333 1405 631 1472 λεύσαντες
682 1409 820 1480 πρὸς
871 1410 1050 1482 βραχὺ
1089 1411 1443 1483 μεταστῆναι,
1481 1412 1702 1468 ἐπειδάν
1742 1430 1915 1468 κατα-

338 1499 697 1570 σκευάσωμεν
724 1500 962 1569 ἀσφαλὲς
989 1502 1052 1556 τὺ
1072 1502 1363 1574 δωμάτιον,
1391 1503 1514 1558 τότε
1546 1505 1746 1569 αὐτοὺς
1777 1504 1918 1576 μετά

336 1591 521 1656 ἀδείας
555 1591 869 1664 εἰσάγομενο
919 1593 1063 1648 οὕτω
1108 1595 1204 1649 καὶ
1237 1598 1267 1649 ὀ
1293 1595 1428 1660 θεὸς
1472 1598 1638 1659 ποιεῖ,
1669 1595 1916 1652 καθελὼν

339 1679 504 1735 αὐτοῦ
526 1680 626 1753 τὴν
647 1681 852 1752 σαθρὰν
878 1685 1105 1754 σκηνὴν,
1135 1683 1275 1748 τέως
1300 1687 1381 1749 εἰς
1399 1684 1500 1756 τὴν
1519 1686 1793 1758 πατρικὴν
1813 1687 1915 1741 a6-

336 1770 429 1825 τὸν
458 1770 649 1826 ἐλαϐεν
674 1772 851 1826 οἰκίαν
880 1773 978 1827 καὶ
1002 1772 1138 1845 πρὸς
1163 1774 1376 1839 ἐαυτὸν,
1403 1773 1469 1828 ἶν’
1497 1775 1628 1829 ὅταν
1660 1776 1916 1847 καθαιρε-

336 1861 407 1934 θῇ
440 1860 579 1934 αῦτη
625 1862 720 1918 καὶ
758 1863 1110 1935 οἰκοδομηθῇ,
1158 1863 1552 1938 λαμπροτέραν
1592 1866 1762 1935 αὐτὴν
1790 1866 1913 1919 τότε

336 1956 494 2027 αύτῷ
533 1954 736 2027 ἀποδῷ.
773 1955 864 2028 Μὴ
915 1956 1092 2012 τοίνυν
1145 1957 1326 2030 εἴπῃς,
1377 1957 1462 2011 ὅτι
1507 1956 1777 2012 Ἀπόλωλε
1817 1958 1914 2012 καὶ

334 2048 517 2102 οὐκέτι
562 2046 738 2101 ἔσται·
776 2049 872 2102 καὶ
911 2048 1018 2121 γὰρ
1063 2048 1311 2104 ἀπίστων
1340 2049 1408 2103 τά
1441 2048 1664 2119 ῥήματα
1715 2048 1909 2103 ταῦτα⁸

329 2136 487 2212 [427]
521 2138 636 2194 ἀλλ’
669 2139 811 2208 εἰπέ,
842 2139 1112 2195 Καθεύδει
1149 2140 1244 2195 καὶ
1276 2140 1662 2211 ἀναστήσεται,
1700 2140 1909 2213 ἀπεδήο

327 2249 476 2304 μησε
498 2233 592 2287 καὶ
614 2232 734 2303 ἥξει
764 2233 901 2305 μετά
923 2232 1019 2286 τοῦ
1053 2232 1348 2295 Βασιλέως.
1375 2232 1472 2297 Τίς
1500 2232 1674 2286 ταῦτά
1706 2249 1906 2304 (manv;

336 2326 401 2377 '0
438 2324 531 2379 τδν
552 2325 785 2395 Χριστὸν
817 2324 957 2396 ἔχων
980 2326 1038 2379 ἐν
1064 2324 1243 2394 ἐαυτῷ
1264 2323 1550 2381 λαλοῦντα.
1580 2327 1647 2380 El
1671 2324 1781 2395 γὰρ
1811 2341 1907 2378 πι-

1468 380 1532 436 IN
1576 375 1792 437 EP‘IST.
1814 377 1858 433 Il
1893 376 1985 432 AD
2019 376 2179 439 COR.
2213 375 2451 434 HOMIL.
2493 378 2558 433 ll.

3489 384 3598 439 ﬁt?!

2017 494 2333 563 στεύομεν,
2354 494 2542 565 φησὶν,
2566 492 2658 547 ὅτι
2693 494 2935 562 Ἰησοῦς
2965 494 3228 550 ἀπέθανε
3256 494 3354 549 καί
3369 495 3596 564 ἀνέστη

2016 583 2116 641 καί
2134 583 2367 653 ἔζησεν,
2414 584 2601 651 οὕτως
2630 586 2664 638 ὁ
2696 584 2840 650 Θεὸς
2883 585 2986 640 καί
3027 585 3172 653 τοὺς
3205 585 3597 655 κοιμηθέντας

2016 675 2115 731 διὰ
2145 676 2253 732 τοῦ
2291 674 2498 743 Ἰησοῦ
2547 675 2681 740 ἄξει
2717 676 2841 730 σὺν
2866 676 3049 741 αὐτῷ.
3104 678 3167 731 Εἰ
3200 677 3377 732 τοίνυν
3412 679 3597 749 ζητεῖς

2016 766 2109 819 τὸν
2136 765 2274 831 υἱὸν,
2309 767 2428 820 ἐκεῖ
2468 764 2622 836 ζήτει
2650 765 2781 821 ἔνθα
2814 769 2843 820 ὁ
2887 768 3172 832 Βασιλεὺς,
3201 767 3328 823 ἔνθα
3382 769 3443 823 τὸ
3487 768 3598 836 τῶν

2017 856 2267 926 ἀγγέλων
2293 856 2673 928 στρατόπεδον·
2702 858 2777 929 μὴ
2802 858 2861 912 ἐν
2893 858 2968 929 τῷ
2989 857 3145 929 τάφῳ
3168 859 3306 930 μηδέ
3332 860 3390 912 ἐν
3410 863 3478 932 τῇ
3500 863 3596 930 γῇ,

2018 949 2108 1003 ίνα
2139 948 2235 1020 μὴ,
2273 948 2486 1003 ἐκείνου
2536 949 2788 1004 τοσοῦτον
2838 949 3166 1020 ὑψωθέντος,
3215 951 3378 1016 αὐτὸς
3428 952 3597 1024 μένῃς

2016 1038 2112 1093 ἐπὶ
2143 1038 2244 1109 τῆς
2276 1039 2379 1109 γῆς
2410 1036 2728 1112 συρόμενος.
2765 1041 2866 1095 Ἂν
2901 1042 3083 1096 τοίνυν
3117 1042 3262 1098 οὕτω
3293 1045 3598 1114 φιλοσοφῶ-

2021 1148 2141 1203 μεν,
2166 1132 2348 1186 πᾶσαν
2375 1131 2632 1204 τοιαύτην
2658 1131 2851 1204 ὀδύνην
2871 1133 3110 1199 εὐκόλως
3135 1135 3593 1209 διακρουσόμεθα.

2029 1224 2088 1279 ’0
2111 1223 2169 1279 δὲ
2197 1224 2330 1289 Θεὸς
2367 1222 2477 1289 τῶν
2514 1226 2818 1299 οἰκτιρμῶν
2860 1225 2956 1280 καὶ
2992 1224 3183 1298 Πατὴρ
3212 1228 3393 1298 πάσης
3419 1246 3599 1299 παρα-

2017 1316 2282 1388 κλήσεως,
2332 1316 2703 1388 παρακαλέσει
2741 1318 2844 1382 τὰς
2876 1317 3108 1387 καρδίας
3153 1318 3373 1373 πάντων
3416 1320 3594 1391 ήμῶν,

2016 1407 2113 1462 καὶ
2151 1408 2264 1462 τῶν
2308 1407 2380 1462 τὰ
2418 1406 2648 1463 τοιαῦτα
2679 1408 3032 1478 δδυνωμένων
3058 1422 3109 1472 ι,
3154 1410 3251 1462 καὶ
3296 1409 3403 1464 τῶν
3431 1412 3598 1484 ἑτέρᾳ

2015 1498 2163 1571 λύπῃ
2192 1499 2598 1570 κατεχομένων,
2632 1501 2728 1553 καὶ
2777 1498 3017 1570 ἀθυμίας
3066 1499 3446 1571 ἀπαλλαγῆναι
3484 1501 3596 1572 δῴη

2019 1592 2224 1664 πάσης,
2260 1593 2356 1645 καὶ
2387 1592 2766 1663 πνευματικὴν
2800 1589 3200 1663 καρπώσασθαι
3253 1592 3456 1665 χαρὰν,
3499 1591 3597 1647 καὶ

2018 1684 2129 1740 τῶν
2206 1684 2510 1757 μελλόντων
2576 1683 2802 1753 ἀγαθῶν
2866 1684 3145 1754 ἐπιτυχεῖν
3168 1700 3184 1715 ο
3244 1676 3322 1737 ὧν
3384 1684 3597 1753 γένοιτο

2018 1773 2231 1838 πάντας
2280 1775 2429 1845 ἡμᾶς
2479 1776 2779 1846 ἐπιτυχεῖν,
2833 1773 3019 1844 χάριτι
3065 1774 3161 1828 καὶ
3215 1773 3598 1848 φιλανθρωπίᾳ

2015 1863 2113 1918 τοῦ
2171 1863 2379 1935 Κυρίου
2445 1864 2606 1937 ἡμῶν
2669 1866 2849 1938 Ἰησοῦ
2906 1866 3171 1938 Χριστοῦ,
3226 1868 3349 1938 μεθ’
3404 1863 3466 1923 οὗ
3517 1869 3596 1939 τῷ

2016 1956 2191 2028 Πατρὶ
2244 1959 2362 2027 ἅμα
2403 1957 2481 2029 τῷ
2508 1957 2650 2028 ἁγίῳ
2676 1957 2956 2029 Πνεύματι
2994 1959 3144 2026 δόξα,
3177 1959 3399 2031 κράτος,
3434 1960 3591 2031 τιμὴ,

2013 2048 2110 2103 νῦν
2160 2050 2256 2103 καὶ
2308 2049 2419 2116 ἀεὶ,
2468 2052 2565 2104 καὶ
2612 2051 2694 2114 είς
2750 2051 2880 2115 τοὺς
2934 2049 3141 2115 αἰῶνας
3197 2050 3308 2105 τῶν
3357 2050 3589 2107 αἰώνων.

2030 2140 2168 2211 ’Λμή
2175 2159 2222 2193 ν.

2080 2333 2106 2359 ³
2134 2330 2244 2393 “3.,
2278 2333 2607 2396 ὀδυρωμένων.

2657 2525 3463 2535 mm—w
3471 2524 3580 2534 ...ε-ι.

1837 2698 2078 2754 OMIAIA
2137 2699 2211 2756 B'.

316 2870 471 2927 Εἰτε
493 2869 563 2923 δὲ
583 2870 921 2938 θλιϐόμεθα,
945 2868 1098 2938 ὑπὲρ
1127 2867 1241 2938 τῆς
1277 2865 1446 2938 ὑμῶν
1465 2865 1908 2938 παρακλήσεως

389 2941 501 3022 ἰρι
539 2933 858 3026 “mpian
886 2933 1475 3026 300890ch
1500 2933 1910 3026 ,έῆὺθξομξννῇ

385 3009 520 3065 τῶν
550 3009 748 3064 αὐτῶν
792 3009 1174 3078 παθημάτων,
1208 3009 1297 3063 ὧν
1330 3009 1430 3064 καὶ
1481 3009 1650 3078 ἡμεῖς
1678 3009 1911 3078 πάσχο-

379 3098 529 3153 μεν·
557 3080 656 3135 καί
688 3081 727 3148 ἡ
757 3079 933 3145 ἐλπὶς
954 3076 1130 3150 ήμῶν
1146 3078 1366 3144 ,ϐεϐαία
1396 3076 1550 3146 ὑπὲρ
1582 3076 1765 3147 ὑμῶν.

382 3244 475 3294 α’-
500 3234 682 3289 Εἰπὼν
715 3233 847 3306 μίαν
875 3234 971 3288 καὶ⁵
1000 3232 1223 3306 πρώτην
1240 3232 1640 3304 παρακλήσεως
1668 3230 1762 3285 καὶ
1790 3245 1910 3284 πα-

312 3326 604 3402 ραμυθίας
631 3324 886 3397 ἀφορμὴν
903 3323 1065 3396 (αῦτη
1092 3323 1150 3376 δέ
1179 3319 1247 3396 ἦν
1265 3324 1326 3377 τὸ
1355 3321 1435 3393 τῷ
1465 3321 1688 3396 Χριστῷ
1717 3338 1909 3375 κοινω-

313 3419 483 3490 νεῖν),
512 3416 696 3487 τίθησι
735 3415 829 3469 καί
855 3415 1110 3487 δευτέραν
1140 3413 1343 3485 ταύτην
1370 3414 1439 3485 ἦν
1459 3431 1642 3484 φησιν.
1665 3413 1820 3466 Ἐστι
1852 3412 1911 3465 δὲ

319 3509 493 3579 αῦτη,
526 3508 590 3562 τδ
631 3506 808 3562 αὐτῶν
836 3507 945 3561 τῶν
968 3505 1421 3578 μαθητευομένων
1459 3504 1708 3558 ἐντεῦθεν
1743 3521 1912 3558 κατα-

326 3597 703 3661 σκευάζεσθαι
737 3596 834 3667 τὴν
858 3596 1150 3667 σωτηρίαν.
1191 3595 1284 3665 Μὴ
1316 3593 1496 3647 τοίνυν
1541 3593 1906 3661 καταπέσητε,

322 3692 521 3763 φησὶν,
569 3689 755 3758 ἐπειδὴ
788 3687 1098 3759 θλιὸόμεθα,
1139 3686 1273 3758 μηδὲ
1303 3683 1639 3756 θορυϐηθῆτε
1681 3684 1774 3737 καὶ
1802 3682 1910 3736 δεί-

320 3801 479 3856 σητε·
505 3781 605 3836 καὶ
635 3780 744 3852 γάρ
774 3780 842 3834 δι’
869 3780 1000 3832 αὐτὸ
1031 3777 1190 3832 τοῦτο
1229 3777 1429 3848 μᾶλλον
1466 3774 1531 3829 ἂν
1578 3774 1663 3847 εἴη
1706 3774 1909 3828 δίκαιον

317 3874 469 3946 ὑμᾶς
492 3873 739 3944 θαρρεῖν.
765 3870 826 3923 Εἰ
849 3868 957 3941 γὰρ
983 3868 1057 3939 μὴ
1079 3865 1424 3937 ἐθλιϐόμεθα,
1445 3864 1651 3929 πάντας
1677 3862 1742 3917 ἂν
1767 3864 1910 3935 ὑμᾶς

316 3966 494 4021 ταῦτα
521 3962 798 4019 ἀπώλεσε.
825 3961 952 4023 Πῶς
980 3961 1074 4013 καὶ
1095 3961 1218 4014 τίνα
1240 3958 1441 4031 τρόπον
1463 3973 1480 4024 ;
1512 3956 1635 4009 Ὀτι
1661 3957 1715 4009 εί·
1744 3954 1911 4025 μαλα-

316 4059 610 4121 κισθέντες
660 4054 756 4108 καὶ
804 4053 875 4106 τὰ
915 4051 1061 4106 δεινά
1108 4052 1405 4116 δείσαντες,
1448 4049 1524 4121 μὴ
1556 4046 1908 4120 ἐκηρύξαμεν

315 4152 451 4222 ὑμῖν
482 4149 583 4204 τὸν
611 4147 791 4217 λόγον,
826 4143 969 4198 ὥστε
1015 4143 1207 4213 μαθεῖν
1247 4141 1347 4213 τὴν
1379 4140 1557 4212 ἀληθῆ
1585 4138 1808 4209 γνῶσιν,
1849 4141 1906 4192 ἐν

315 4241 581 4312 ἐσχάτοις
618 4233 687 4310 ἦν
733 4239 803 4292 τά
853 4235 1114 4306 ὑμέτερα.
1156 4228 1310 4296 Εῐδες
1355 4231 1519 4285 πάλιν
1559 4230 1772 4285 Παύλου
1805 4229 1908 4300 τὴν

314 4333 440 4405 βίαν
469 4335 577 4389 καὶ
605 4333 705 4404 τὴν
732 4327 1066 4401 φιλονεικίαν
1089 4343 1104 4391 ;
1135 4326 1227 4395 ἀφ’
1253 4318 1330 4379 ὧν
1355 4322 1773 4394 ἐθορυϐοῦντοι,
1800 4319 1909 4374 ἀπὸ

312 4426 523 4482 τούτων
549 4425 751 4487 αὐτοὺς
782 4419 1209 4492 παραμυθεῖται.
1242 4417 1389 4486 Ὄσῳ
1413 4414 1523 4483 γὰρ
1548 4411 1614 4466 ἂν
1639 4410 1910 4480 ἐπιτείνη·

311 4535 403 4573 ται
435 4519 509 4573 τά
545 4515 661 4571 τῶν
694 4512 954 4584 διωγμῶν
986 4510 1095 4565 τῶν
1123 4507 1426 4581 ἡμετέρων,
1469 4504 1625 4575 φησὶ,
1669 4501 1909 4570 τοσούτῳ

313 4612 524 4684 μᾶλλον
573 4608 867 4663 ἐπιδιδόναι
908 4606 991 4660 δεῖ
1014 4603 1082 4657 τά
1113 4602 1214 4672 τῆς
1239 4597 1484 4672 χρηστῆς
1512 4594 1728 4659 ἐλπίδος
1756 4595 1905 4664 ὑμῖνο

310 4698 506 4770 ἐπειδὴ
534 4697 638 4752 καὶ
665 4693 906 4764 τοσούτῳ
938 4692 1137 4764 μᾶλλον
1165 4688 1387 4755 αὔξεται
1416 4685 1487 4741 τά
1508 4687 1609 4757 τῆς
1635 4684 1911 4755 σωτηρίας

310 4791 414 4862 τῆς
436 4789 744 4862 ὑμετέρας,
767 4787 863 4840 καὶ
889 4783 960 4839 τὰ
986 4787 1084 4857 τῆς
1117 4782 1535 4856 παρακλήσεως.
1560 4777 1626 4833 Τί
1658 4777 1767 4849 7&9
1797 4775 1909 4829 ἴσον

315 4882 398 4946 εἰς
430 4880 843 4952 παρακλήσεως
867 4877 1025 4947 λόγον
1047 4875 1140 4929 τοῦ
1174 4872 1444 4929 τοσούτων
1473 4872 1749 4942 ἐπιτυχεῖν
1775 4870 1910 4937 ἀγα⁶

315 4969 429 5025 θῶν
457 4972 552 5025 διὰ
579 4968 679 5025 τοῦ
711 4967 1096 5041 κηρύγματος;
1130 4963 1261 5019 Εἰτα
1291 4965 1382 5018 ῖνα
1409 4962 1484 5033 μὴ
1514 4962 1640 5034 δόξῃ
1672 4963 1752 5026 εἰς
1783 4961 1909 5014 ἐαυο

314 5063 408 5118 τὸν
432 5064 603 5135 μόνον
642 5062 705 5115 τὸ
728 5059 1004 5132 ἐγκώμιον
1034 5058 1341 5131 περιιστᾷν,
1372 5056 1473 5125 δρα
1500 5053 1617 5115 πῶς
1643 5051 1738 5105 καὶ
1767 5048 1911 5105 ἐκεί-

314 5173 445 5219 νους
503 5155 657 5209 ποιεῖ
706 5151 816 5206 τῶν
867 5151 1104 5205 ἐπαίνων
1156 5146 1361 5201 τούτων
1397 5141 1549 5216 [428]
1598 5138 1911 5203 κοινωνούς.

315 5246 509 5303 Εἰπὼν
559 5247 694 5317 7&9,
741 5244 881 5299 Εῑτε
930 5241 999 5296 δὲ
1044 5241 1378 5308 θλιϐόμεθα,
1418 5234 1570 5302 ὑπὲρ
1606 5230 1715 5301 τῆς
1743 5231 1911 5301 ὑμῶν

316 5334 775 5406 παρακλήσεως
806 5333 904 5386 καὶ
935 5330 1251 5396 σωτηρίας,
1282 5325 1558 5396 ἐπήγαγε.
1594 5320 1717 5390 Τῆς
1744 5321 1897 5406 ἐνερ-

318 5429 630 5502 γουμένης
649 5426 719 5479 ἐν
742 5420 1020 5492 ὑπομονῇ
1047 5418 1167 5473 τῶν
1187 5416 1385 5471 αὐτῶν
1409 5413 1789 5502 παθημάτων,
1821 5405 1909 5502 ὧν

321 5498 420 5572 καί
445 5515 628 5586 ἡμεῖς
661 5511 999 5581 πάσχομεν.
1043 5508 1381 5577 Σαφέστερον
1413 5505 1510 5575 μέν
1539 5498 1632 5556 οὖν
1662 5499 1795 5555 αύτδ
1829 5498 1910 5552 τί-

320 5607 482 5680 θησιν
521 5606 757 5676 ὕστερον
802 5601 976 5670 λέγων
1010 5596 1203 5660 οὕτως·
1231 5597 1312 5649 ὅτι
1351 5593 1582 5660 ’Ὠσπερ
1636 5588 1911 5645 κοινωνοί

383 5792 415 5823 ⁸
440 5790 530 5841 Αιε.
558 5791 617 5839 οι
651 5801 806 5851 marg.
823 5786 993 5846 Savil.,
1018 5779 1338 5847 ἐθορυϐοῦντο.
1368 5776 1496 5828 Edili
1517 5772 1805 5838 ἐφοϐοῦντο.-

2014 2866 2158 2919 ἐστε
2201 2860 2320 2917 τῶν
2353 2859 2736 2930 παθημάτων,
2799 2861 2953 2915 οὕτω
3004 2860 3100 2914 καί
3147 2858 3251 2929 τῆς
3288 2868 3599 2934 παρακλή-

2011 2971 2188 3021 σεως’
2216 2954 2452 3010 ἐνταῦθα
2470 2954 2527 3007 δέ
2554 2954 2692 3017 τέως
2719 2953 2850 3007 αὐτὸ
2872 2952 3091 3027 ᾐνίξατο
3119 2953 3314 3021 εἰπὼν,
3349 2955 3472 3010 Τῶν
3490 2961 3596 3013 αὑ-

2010 3043 2532 3114 τῶνπαθημάτων,
2567 3044 2665 3097 καί
2696 3042 2964 3107 κοινώσας
2990 3043 3082 3098 τὸν
3110 3043 3291 3113 λόγον.
3322 3046 3387 3099 Ὅ
3418 3046 3476 3100 δέ
3510 3047 3597 3101 λέ-

2011 3155 2120 3207 γει,
2152 3138 2312 3193 τοῦτό
2334 3138 2504 3192 ἐστιν·
2561 3136 2673 3206 Ούχ
2696 3136 2857 3208 ἡμῶν
2890 3136 3051 3208 ἔργον
3079 3139 3115 3210 ἡ
3146 3136 3388 3209 ὓμετέρα
3416 3156 3594 3210 σωτη-

2013 3232 2107 3305 ρία
2130 3233 2312 3305 μόνον.
2337 3229 2473 3286 ἀλλά
2502 3230 2598 3286 καὶ
2626 3229 2782 3301 ὑμῶν
2808 3230 3011 3285 αὐτῶν.
3034 3230 3146 3284 Καὶ
3174 3229 3283 3303 γὰρ
3305 3233 3400 3285 καὶ
3434 3234 3595 3304 ἡμεῖς

2012 3323 2373 3396 κηρύττοντες
2408 3321 2725 3392 θλιϐόμεθα,
2766 3320 2862 3374 καὶ
2892 3321 3054 3391 ὑμεῖς
3081 3321 3358 3392 δεχόμενοι
3387 3322 3480 3375 τὸν
3507 3322 3596 3376 λό-

2011 3433 2126 3486 γον,
2169 3418 2240 3472 τά
2288 3415 2428 3471 αύτά
2475 3414 2734 3483 πάσχετε·
2784 3414 2949 3482 ἡμεῖς
2995 3413 3113 3482 μὲν,
3144 3412 3231 3465 ἵνα
3275 3412 3595 3483 μεταθῶμεν

2011 3509 2157 3580 ἅπερ
2187 3507 2477 3577 ἐλάϐομενο
2514 3505 2676 3575 ὑμεῖς
2716 3503 2797 3567 δέ,
2832 3502 2919 3555 ἵνα
2955 3501 3017 3554 τὺ
3044 3502 3319 3571 διδόμενον
3344 3502 3590 3574 δέξησθε,

2013 3602 2108 3655 καὶ
2136 3601 2211 3671 μὴ
2239 3599 2571 3670 ἀποϐάλητε.
2601 3597 2668 3650 Τί
2700 3596 2878 3651 τοίνυν
2905 3594 3020 3649 ίσον
3043 3595 3145 3665 τῆς
3172 3596 3597 3667 ταπεινοφροσύ-

2013 3709 2112 3763 νης
2147 3689 2355 3761 ταύτης
2378 3689 2575 3757 γένοιτ’
2607 3688 2695 3752 ἂν,
2723 3687 2852 3740 ὅταν
2874 3685 2969 3739 καὶ
2998 3686 3124 3749 τοὺς
3145 3684 3398 3740 τοσοῦτον
3423 3687 3591 3741 αὑτοῦ

2010 3784 2359 3847 ἀποδέοντας,
2381 3784 2463 3844 είς
2485 3780 2547 3835 τὸ
2569 3778 2700 3833 αὐτὸ
2720 3777 2940 3849 ἀξίωμα
2958 3780 3057 3847 τῆς
3080 3777 3358 3849 ὑπομονῆς
3383 3779 3594 3850 ἀνάγῃς

2014 3875 2134 3944 Τῆς
2161 3872 2597 3946 ἐνεργουμένης
2639 3871 2770 3943 7&9,
2815 3869 3001 3939 φησὶν,
3035 3870 3106 3923 ἐν
3151 3868 3434 3939 ὑπομονῇ
3478 3869 3593 3939 τῶν

2009 3966 2209 4022 αὐτῶν
2229 3964 2610 4034 παθημάτων.
2632 3963 2707 4017 Οὐ
2743 3962 2853 4032 γὰρ
2881 3958 2973 4014 διά
2995 3959 3090 4015 τοῦ
3119 3960 3407 4015 πιστεῦσαι
3436 3963 3597 4031 μόνον

2010 4062 2045 4131 ἠ
2098 4057 2342 4131 σωτηρία
2371 4056 2526 4128 ὑμῶν
2553 4055 2786 4125 γίνεται,
2821 4054 2959 4109 ἀλλά
2987 4054 3083 4108 καὶ
3109 4053 3196 4110 διά
3228 4053 3325 4108 τοῦ
3363 4056 3595 4127 πάσχειν

2009 4151 2082 4207 τὰ
2114 4150 2255 4206 αύτά
2281 4152 2415 4222 ἡμῖν
2447 4149 2541 4203 καὶ
2569 4148 2883 4221 ὑπομένειν.

2077 4309 2346 4379 Καθάπερ
2374 4307 2483 4379 γάρ
2514 4305 2965 4379 παγκρατιαστὴς
2988 4304 3304 4375 θαυμαστὸς
3328 4303 3430 4376 μέν
3454 4304 3592 4360 ἔστι.

2014 4400 2110 4454 καὶ
2135 4397 2463 4468 φαινόμενος
2495 4397 2591 4449 καὶ
2624 4394 2863 4447 εύεκτῶν
2894 4393 2987 4448 καὶ
3014 4393 3115 4464 τὴν
3142 4393 3334 4464 τέχνην
3368 4393 3506 4465 ἔχων
3537 4395 3594 4447 ὲν

2010 4488 2217 4559 ἐαυτῷ,
2247 4488 2377 4542 ὅταν
2404 4487 2462 4541 δέ
2497 4488 2696 4558 ἐνεργῇ
2728 4484 2825 4538 καὶ
2849 4484 2991 4556 φέρῃ
3019 4483 3232 4554 πληγὰς
3263 4484 3358 4537 καὶ
3384 4485 3593 4557 πλήττῃ

2008 4582 2102 4635 τὸν
2124 4578 2438 4645 ἀντίπαλον,
2467 4577 2590 4630 τότε
2629 4576 2864 4647 μάλιστα
2905 4574 3243 4645 ἀπολάμπει,
3278 4574 3463 4645 ἐπειδὴ
3501 4579 3595 4629 καὶ

2008 4671 2131 4725 τότε
2164 4669 2399 4741 μάλιστα
2431 4669 2736 4739 ἐνεργεῖται
2779 4665 2944 4720 αὑτοῦ
2975 4667 3009 4737 ἡ
3043 4664 3246 4731 εὐεξία,
3279 4665 3372 4718 καὶ
3392 4664 3595 4720 διαδεί-

2010 4783 2202 4820 κνυται
2226 4763 2328 4834 τῆς
2359 4763 2555 4834 τέχνης
2589 4763 2623 4832 ἠ
2654 4760 2871 4830 δοκιμή-
2900 4758 3044 4813 οῦτω
3069 4759 3135 4829 δὴ
3161 4758 3255 4812 καὶ
3279 4761 3313 4830 ἠ
3349 4760 3593 4829 σωτηρία

2010 4856 2164 4928 ὑμῶν
2191 4856 2314 4909 τότε
2350 4855 2655 4926 ἐνεργεῖται
2687 4850 2966 4921 μειζόνως,
3000 4849 3265 4912 τουτέστι,
3297 4849 3591 4912 δείκνυται,

2009 4946 2256 5014 αὔξεται,
2284 4946 2636 5008 ἐπιτείνεται,
2663 4943 2793 4997 ὅταν
2814 4942 3092 5013 ὑπομονὴν
3114 4941 3233 5013 ἔχῃ,
3257 4943 3387 4995 ὅταν
3409 4942 3593 5015 πάσχῃ

2011 5042 2104 5095 καὶ
2125 5039 2387 5110 γενναίως
2415 5036 2630 5091 ἅπαντα
2655 5033 2817 5105 φέρῃ.
2847 5035 2992 5106 ’Ἄρα
3012 5033 3265 5104 ἐνέργεια
3293 5032 3591 5102 σωτηρίας,

2011 5135 2072 5188 ού
2099 5133 2160 5185 τὸ
2189 5132 2361 5185 ποιεῖν
2385 5127 2593 5193 κακῶς,
2617 5125 2754 5180 ἀλλά
2776 5125 2838 5179 τὸ
2864 5126 3095 5195 πάσχειν
3116 5122 3322 5186 κακῶς.
3356 5123 3467 5176 Καὶ
3495 5124 3596 5177 οὐκ

2013 5224 2155 5289 εἷπε,
2179 5222 2293 5292 Τῆς
2311 5219 2662 5293 ἐνεργούσης,
2680 5217 2835 5280 ἀλλὰ,
2860 5216 2976 5285 Τῆς
3000 5215 3460 5284 ἐνεργουμένης,
3487 5215 3594 5270 δει..

2015 5317 2146 5380 κνὺς
2190 5315 2271 5368 ὅτι
2320 5311 2460 5383 μετά
2504 5311 2604 5382 τῆς
2652 5308 2833 5364 αὐτῶν
2875 5306 3183 5380 προθυμίας
3220 5307 3313 5360 καὶ
3358 5310 3390 5378 ἡ
3432 5308 3595 5381 χάρις

2010 5402 2178 5458 πολλά
2207 5403 2489 5473 εἰσέφερεν
2534 5398 2834 5471 ἐνεργοῦσα
2873 5399 2931 5451 ἐν
2971 5396 3176 5461 αὐτοῖς.
3205 5396 3317 5452 Καὶ
3344 5401 3383 5467 ή
3415 5398 3593 5461 ἐλπὶς

2011 5494 2179 5564 ἡμῶν
2196 5494 2416 5558 βεϐαία
2445 5490 2599 5560 ὑπὲρ
2622 5487 2809 5560 ὑμῶν.
2843 5488 3154 5554 Τουτέστιν,
3175 5491 3257 5543 ὅτι
3280 5489 3399 5543 Κᾶν
3422 5486 3595 5557 μυρία

2012 5585 2262 5655 πάσχητε
2299 5583 2471 5648 δεινά,
2514 5581 2826 5654 θαρροῦμεν
2872 5580 2955 5634 ὅτι
2986 5580 3049 5634 ού
3089 5576 3589 5651 περιτραπήσεσθε,

2012 5678 2137 5733 οὔτε
2172 5678 2262 5730 ἐπὶ
2283 5679 2395 5740 τοῖς
2429 5676 2716 5747 ὑμετέροις
2744 5675 3027 5745 διωγμοῖς.
3056 5672 3322 5727 Τοσοῦτον
3351 5669 3460 5736 γὰρ
3485 5669 3594 5720 ἀπα

2016 5775 2211 5846 έχομεν
2239 5771 2566 5828 ὑποπτεύειν
2597 5770 2760 5842 ὑμᾶς,
2790 5770 2876 5838 ἐφ’
2898 5762 2980 5831 οἷς
3005 5765 3156 5819 αύτοί
3191 5762 3487 5828 πάσχομεν.
3515 5756 3592 5819 ὡς
