4018 6156
477 356 581 412 503

475 471 926 544 θορυϐουμένους,
971 469 1051 522 ὅτι
1091 471 1253 541 ἡνίκα
1280 470 1346 528 ἂν
1380 470 1533 523 αὐτοὶ
1563 469 1928 541 γινδυνεύητε,
1952 467 2047 522 καὶ

474 571 595 622 τότε
625 566 954 638 θαρροῦμεν.
987 561 1140 630 Εἶδες
1177 566 1276 638 ὅση
1319 566 1541 634 γέγονεν
1587 565 1765 619 αὐτῶν
1813 564 2051 628 ἐπίδοσις

476 664 586 718 ἀπὸ
613 666 708 733 τῆς
737 660 1008 733 προτέρας
1039 661 1392 732 Ἐπιστολῆς;
1423 661 1563 714 Πολὺ
1584 661 1693 733 γὰρ
1711 661 1929 732 μείζονα
1958 660 2053 712 αὑ-

476 764 587 825 τοῖς
611 758 958 830 ἐμαρτύρησε
985 757 1327 826 Μακεδόνων,
1358 758 1449 822 οὓς
1491 759 1710 830 ἐπαίρει
1747 757 1841 811 καὶ
1876 759 2052 824 ἐγκω-

478 856 661 928 μιάζει
704 853 1040 925 Ἐπανταχοῦ
1063 854 1163 925 τῆς
1179 855 1467 924 ἐπιστολῆς
1485 855 1718 925 ἐκείνης.
1750 853 1922 924 ’Υπὲρ
1954 853 2050 922 μὲν

471 955 584 1025 7&9
612 953 834 1008 ἐκείνων
864 954 1091 1016 δέδοικε,
1126 953 1220 1006 καί
1266 969 1451 1023 φησιν·
1493 953 1878 1023 Ἐπέμψαμεν
1909 951 2052 1018 ὑμῖν

477 1051 762 1120 Τιμόθεον
789 1055 876 1117 εἰς
898 1052 965 1106 τὸ
991 1051 1267 1120 στηρίξαι
1292 1051 1469 1122 ὑμᾶς,
1504 1050 1600 1104 καὶ
1628 1050 2048 1119 παρακαλέσαι

471 1147 626 1217 ὑπὲρ
666 1148 777 1217 τῆς
805 1149 1082 1214 πίστεως.
1121 1151 1208 1214 είς
1246 1152 1312 1202 τὸ
1353 1149 1589 1218 μηδένα
1623 1149 1942 1203 σαίνεσθαι
1979 1149 2050 1202 ἐν

471 1243 603 1310 ταῖς
649 1246 897 1313 θλίψεσι
935 1246 1196 1311 ταύταις·
1228 1246 1398 1300 αὐτοὶ
1442 1246 1552 1314 γὰρ
1597 1246 1818 1306 οἴδατε,
1848 1246 1936 1298 ὅτι
1961 1248 2048 1313 είς
2094 1293 2098 1296 .

471 1341 649 1395 τοῦτο
686 1341 948 1410 κείμεθα·
984 1343 1080 1396 καὶ
1120 1342 1304 1404 πάλιν,
1337 1342 1440 1396 Διά
1473 1343 1648 1396 τοῦτο
1675 1342 1888 1411 μηκέτι
1913 1343 2049 1396 στέ-

470 1453 612 1504 γων,
648 1436 891 1506 ἔπεμψα
915 1439 1003 1504 είς
1028 1438 1094 1492 τὸ
1123 1439 1344 1508 γνῶναι
1369 1438 1481 1506 τήν
1503 1439 1714 1492 πίστιν
1745 1437 1932 1508 ὑμῶν,
1957 1440 2043 1509 μή

470 1551 596 1600 πως
629 1534 950 1602 ἐπείρασεν
989 1535 1145 1603 ὑμᾶς
1189 1539 1222 1591 ὀ
1261 1537 1567 1604 πειράζων,
1602 1537 1700 1590 καί
1747 1539 1835 1603 εἰς
1867 1537 2049 1592 κενὸν

469 1632 709 1696 γένηται
738 1635 772 1687 ὁ
802 1635 990 1699 κόπος
1013 1632 1200 1702 ἡμῶν.
1236 1633 1386 1705 [429]
1413 1635 1550 1704 Περὶ
1577 1634 1634 1688 δὲ
1659 1635 1865 1689 τούτων
1895 1637 2046 1690 οὐδὲν

469 1725 708 1781 τοιοῦτόν
733 1744 921 1798 φησιν,
961 1729 1097 1782 άλλά
1137 1729 1232 1783 καὶ
1280 1729 1607 1795 τούναντίον,
1638 1732 1718 1785 ὅτι
1763 1730 1835 1786 'II
1869 1731 2044 1799 ἐλπὶς

468 1821 640 1891 ήμῶν
679 1823 896 1888 ,ϐεϐαία
926 1824 1081 1893 ὑπὲρ
1120 1823 1308 1894 ὑμῶν.
1346 1826 1485 1880 Εἴτε
1514 1829 2042 1897 παρακαλούμεθα,

469 1916 622 1986 ὑπὲρ
659 1918 769 1986 τῆς
795 1919 964 1988 ὑμῶν
992 1921 1428 1990 παρακλήσεως
1470 1923 1567 1974 καὶ
1609 1923 1928 1991 σωτηρίας·
1960 1926 2044 1977 εὶ-

469 2009 642 2081 δότες
671 2014 761 2069 ὅτι
793 2013 996 2084 ὥσπερ
1031 2017 1308 2070 κοινωνοί
1341 2017 1481 2072 ἐστε
1507 2016 1627 2070 τῶν
1655 2017 2042 2088 παθημάτων,

470 2111 624 2164 οὕτω
648 2111 745 2164 καί
774 2109 881 2180 τῆς
906 2113 1364 2181 παρακλήσεως.
1394 2114 1516 2166 Ὅτι
1561 2113 1658 2184 μὲν
1702 2113 1812 2184 7&9
1851 2114 1918 2167 δι’
1945 2115 2043 2167 αὑ·-

469 2209 597 2270 τοὺς
649 2207 921 2261 ἐθλίϐοντο
971 2207 1020 2259 οί
1059 2207 1360 2270 ἀπόστολοι,
1408 2207 1688 2272 ἀπέδειξεν
1733 2209 1923 2273 εἰπὼν,
1963 2209 2044 2262 ὅτι

472 2301 608 2355 Elu-
639 2301 976 2370 θλιϐόμεθα,
1009 2302 1160 2371 ὑπὲρ
1177 2302 1288 2372 τῆς
1302 2303 1470 2373 ὑμῶν
1493 2302 1928 2373 παρακλήσεως
1947 2304 2045 2357 καί

471 2398 789 2464 σωτηρίας.
818 2397 1074 2450 Βούλεται
1093 2398 1151 2451 δὲ
1176 2398 1365 2466 δεῖξαι,
1380 2401 1462 2454 ὅτι
1487 2401 1581 2453 καὶ⁷
1601 2401 1669 2454 δι’
1689 2399 1885 2463 αὐτοὺς
1907 2417 2047 2471 παρ-

471 2491 782 2546 εκαλοῦντο.
810 2488 946 2548 Εἷπε
990 2495 1088 2565 μὲν
1120 2491 1214 2548 οὖν
1252 2496 1385 2554 αὐτὸ
1419 2496 1512 2549 καὶ
1541 2495 1820 2567 ἀνωτέρω,
1862 2499 1910 2549 εί
1954 2498 2046 2550 καὶ

471 2588 807 2658 ἀδιορίστως·
841 2591 1187 2661 Εὐλογητὸς
1213 2592 1344 2663 γὰρ,
1366 2593 1551 2663 φησὶν,
1580 2594 1614 2646 ό
1638 2592 1782 2658 Θεὸς
1803 2595 1837 2646 ὀ
1862 2594 2046 2662 napa-

474 2685 677 2740 καλῶν
716 2686 875 2757 ἡμᾶς
921 2687 992 2742 ἐν
1029 2689 1199 2757 πάσῃ
1247 2690 1466 2759 θλίψει,
1513 2691 1600 2756 εἰς
1644 2689 1713 2743 τὸ
1751 2689 2045 2744 δύνασθαι

474 2780 633 2852 ἡμᾶς
662 2785 1037 2852 παρακαλεῖν
1070 2785 1215 2852 τοὺς
1235 2785 1306 2838 ἐν
1330 2784 1496 2855 πάσῃ
1526 2788 1751 2855 θλίψει.
1798 2787 1962 2856 Λέγει
1990 2785 2046 2842 δὲ

475 2879 604 2932 αὐτὸ
637 2880 730 2934 καὶ
767 2880 1000 2934 ἐνταῦθα
1040 2881 1202 2934 πάλιν
1233 2880 1457 2952 ἑτέρως,
1497 2880 1831 2952 σαφέστερόν
1863 2899 1922 2936 τε
1952 2883 2048 2937 καὶ

471 2975 1032 3048 θεραπευτικώτερον.
1072 2976 1213 3029 Εῑτε
1249 2975 1358 3046 γὰρ
1387 2979 1910 3048 παρακαλούμεθα,
1941 2997 2047 3054 φη-

476 3071 582 3128 σὶν.
632 3069 784 3138 ὑπὲρ
821 3069 932 3138 τῆς
975 3068 1145 3140 ὑμῶν
1179 3069 1634 3139 παρακλήσεως.
1673 3075 1738 3127 Ὃ
1779 3074 1836 3128 δέ
1877 3071 2042 3146 λέγει,

473 3163 632 3218 τοῦτό
683 3166 853 3218 ἐστιν·
908 3165 974 3218 'H
1029 3165 1374 3237 παράκλησις
1427 3166 1604 3238 ήμῶν,
1642 3168 1796 3239 ὑμῶν
1838 3170 2046 3239 γίνεται

475 3259 796 3331 παραψυχὴ,
846 3259 942 3314 καὶ
1003 3262 1171 3333 χωρὶς
1218 3261 1308 3316 τοῦ
1358 3262 1447 3317 διὰ
1494 3263 1653 3332 λόγου
1708 3268 2047 3336 παρακαλεῖν

475 3354 640 3425 ὑμᾶς.
674 3355 772 3409 Ἂν
799 3356 992 3428 μικρὸν
1023 3356 1451 3430 ἀναπνεύσωμεν
1482 3359 1644 3431 μόνον
1671 3363 1853 3432 ἡμεῖς,
1885 3363 2049 3432 ἀρκεῖ

473 3450 632 3506 τοῦτο
665 3453 746 3515 εἰς
783 3451 1137 3524 παραμυθίαν
1167 3453 1316 3524 ὑμῖν·
1349 3453 1452 3509 κᾶν
1491 3455 1646 3510 αὐτοὶ
1682 3457 2049 3529 παρακληθῶ-

475 3565 596 3619 μεν,
623 3549 867 3622 ὑμετέρα
897 3548 1056 3605 τοῦτο
1083 3550 1430 3622 παράκλησις
1448 3552 1679 3622 γίνεται.
1705 3553 1914 3627 Ὠσπερ
1939 3554 2049 3627 γὰρ

472 3643 542 3696 τὰ
574 3643 873 3716 παθήματα
916 3645 987 3700 τὰ
1023 3646 1269 3718 ἡμέτερα
1309 3645 1550 3719 ὑμέτερα
1587 3643 1727 3702 εἶναι
1773 3649 2048 3720 νομίζετε·

473 3737 618 3791 οὕτω
660 3739 755 3792 καὶ
793 3739 893 3809 τὴν
931 3741 1278 3812 παράκλησιν
1316 3742 1417 3814 την
1453 3743 1730 3816 ἡμετέραν
1778 3745 2050 3818 ὑμετέραν

475 3830 717 3900 ἡγεῖσθε.
757 3834 833 3887 Οὐ
864 3833 970 3904 γὰρ
993 3834 1164 3904 δήπου
1194 3839 1254 3890 ἐν
1279 3840 1392 3900 τοῖς
1413 3838 1701 3909 δυσχερέσι
1728 3842 2049 3896 κοινωνοῦν-

474 3939 584 3987 τες,
618 3926 676 3977 ἐν
709 3929 823 3989 τοῖς
857 3929 1240 4000 χρηστοτέροις
1272 3931 1332 3984 οὑ
1366 3935 1745 4006 κοινωνήσετε.
1780 3938 1843 3991 Εἰ
1870 3939 2050 3993 τοίνυν

476 4020 534 4073 ἐν
563 4024 695 4074 πᾶσι
725 4025 1048 4089 κοινωνεῖτε,
1074 4025 1169 4078 καὶ
1193 4027 1252 4079 ἐν
1279 4026 1456 4097 θλίψει
1478 4029 1574 4082 καί
1604 4033 1662 4085 ἐν
1686 4035 2046 4106 παρακλήσει·

475 4117 628 4170 οὐδὲν
660 4119 792 4188 ἡμῖν
824 4119 1148 4187 ἐγκαλέσετε
1180 4121 1319 4194 ὑπὲρ
1354 4127 1453 4195 τῆς
1487 4125 1797 4198 μελλήσεως
1830 4132 1922 4184 καὶ
1951 4131 2051 4202 τῆς

477 4212 806 4286 βραδύτητος
835 4213 1056 4285 ταύτης·
1097 4216 1193 4270 καὶ
1237 4218 1344 4289 γὰρ
1375 4218 1666 4292 θλιϐόμεθα
1702 4225 1844 4297 ὑπὲρ
1874 4227 2048 4298 ὑμῶν,

474 4313 570 4365 καὶ
596 4310 1062 4382 παρακαλούμεθα
1082 4312 1149 4366 δι’
1171 4314 1332 4385 ὑμᾶς.
1369 4316 1486 4371 Ἵνα
1516 4318 1625 4390 γὰρ
1647 4321 1722 4392 μή
1745 4339 1830 4387 τις
1854 4325 2050 4398 νομίσῃ

477 4409 544 4478 βα
557 4407 624 4478 (λὺ
648 4410 708 4462 τὸ
739 4410 934 4477 εἰπεῖν,
959 4410 1041 4465 ὅτι
1069 4413 1145 4465 Δι’
1179 4412 1323 4484 ὑμᾶς
1361 4413 1532 4469 ταῦτα
1569 4417 1872 4490 πάσχομεν,
1905 4420 2052 4492 λέγει

475 4507 558 4560 δτι
585 4504 695 4561 Καὶ
713 4507 779 4561 δι’
805 4507 950 4579 ὑμᾶς
978 4508 1468 4580 παρακαλούμεθα·
1499 4514 1592 4568 καὶ
1612 4513 1737 4569 οὔτε
1765 4517 1915 4587 μόνοι
1937 4535 2052 4574 κιν-

476 4601 770 4673 δυνεύομεν
803 4604 986 4674 ⁴ἡμεῖς·
1018 4606 1114 4659 καὶ
1159 4607 1270 4679 γὰρ
1313 4609 1410 4662 καὶ
1453 4610 1611 4681 ὑμεῖς
1649 4616 1898 4668 κοινωνοί
1929 4617 2050 4670 ἐστε

478 4698 591 4753 τῶν
612 4697 793 4752 αὐτῶν
821 4698 1184 4771 παθημάτων,
1213 4702 1400 4774 φησίν.

552 4889 788 4960 β’.”Ωστε
810 4891 906 4947 καὶ
930 4891 992 4946 τὸ
1014 4896 1301 4961 κοινωνοὺς
1323 4895 1522 4961 αὐτοὺς
1541 4897 1724 4953 λαϐεῖν
1749 4899 1859 4954 τῶν
1881 4902 2050 4957 κινδύ·

480 5012 607 5062 νων,
640 4997 734 5051 καὶ
775 4999 878 5071 τῆς
908 4999 1307 5072 παρακλήσεως
1335 5003 1515 5058 αὐτῶν
1547 5005 1729 5072 αὑτοῖς
1772 5009 2052 5066 ἀναθεῖναι

479 5102 579 5173 τὴν
613 5101 812 5167 αἰτίαν,
843 5104 1251 5175 καταπραΰνειν
1282 5107 1372 5161 τὸν
1397 5109 1575 5180 λόγον.
1602 5112 1704 5166 Ἂν
1726 5131 1784 5167 τε
1813 5111 1907 5170 οὖν
1933 5117 2054 5169 ἐπι-

482 5205 886 5278 ὼυλευὼμεθα,
905 5209 1176 5283 θαρρεῖτε·
1209 5211 1297 5268 ἵνα
1321 5213 1430 5288 7&9
1455 5217 1489 5289 ἠ
1513 5215 1694 5283 πίστις
1719 5219 1872 5290 ὑμῶν
1897 5222 2054 5275 δυνα-

480 5312 694 5384 τωτέρα
723 5311 960 5385 γίνηται,
994 5318 1152 5372 τοῦτο
1185 5319 1550 5392 ὑπομένομεν·
1586 5323 1690 5378 κᾶν
1723 5327 2054 5398 παρακαλῶ-

483 5418 645 5490 μεθα,
671 5419 824 5490 ὑμεῖς
850 5419 1211 5492 ἐναϐρύνεσθε
1237 5424 1330 5478 καὶ
1353 5425 1545 5498 τούτῳ·
1570 5430 1665 5483 καὶ
1689 5429 1797 5500 γάρ
1819 5430 1887 5484 δι’
1911 5431 2054 5502 ὑμᾶς

479 5525 688 5581 ¹ιούτων
722 5525 1092 5598 ἀπολαύομεν,
1124 5527 1266 5582 ὥστε
1303 5529 1596 5586 κάντεῦθεν
1635 5535 1762 5607 ὑμῖν
1801 5537 2056 5606 γενέσθαι

477 5629 603 5686 τινὰ
635 5631 990 5704 παραμυθίαν
1032 5633 1380 5690 κοινωνοῦσιν
1407 5637 1539 5709 ἡμῖν
1567 5639 1668 5709 τῆς
1703 5639 1916 5711 ἡδονῆς.
1946 5643 2056 5697 Καὶ

481 5732 564 5788 ὅτι
586 5737 773 5793 τοῦτον
792 5737 938 5810 λέγει
970 5739 1062 5796 τὸν
1083 5740 1286 5810 τρόπον
1319 5741 1418 5814 τῆς
1443 5744 1834 5816 παρακλήσεως
1851 5745 1968 5816 νῦν,
1994 5746 2053 5800 ὃν

1061 353 1121 409 S.
1154 349 1443 409 JOANNIS
1477 347 1966 406 CHRYSOSTOMI
2001 343 2324 404 ARCHIEP.
2364 341 2912 401 CONSTAN'I‘INOP.

3623 344 3728 404 595

2158 464 2484 538 ἐκαρποῦτο,
2531 463 2592 516 οὐ
2639 463 2726 516 διὰ
2765 461 2860 515 τοῦ
2896 458 3329 532 παρακαλεῖσθαι
3373 462 3505 533 παρ’
3548 461 3730 517 αὐτῶν

2158 565 2340 635 μόνον,
2377 560 2511 615 ἀλλὰ
2535 560 2629 614 καὶ
2657 561 2744 614 διὰ
2774 559 2867 613 τοῦ
2907 559 3198 630 μανθάνειν
3225 558 3422 621 αὐτοὺς
3459 559 3518 612 ἐν
3547 559 3727 614 ἀνέσει

2151 661 2332 725 ὄντας,
2363 661 2596 713 ἄκουσον
2614 659 2723 711 τῶν
2757 657 2906 729 ἑξῆς,
2941 659 3010 710 δι’
3039 651 3112 710 ὧν
3141 657 3274 710 αὐτὸ
3297 656 3627 726 ἐξεκάλυψεν
3654 660 3728 711 εί-

2152 763 2290 815 πών·
2318 759 2559 825 Είδότες
2585 758 2674 811 ὅτι
2694 757 2895 824 ὥσπερ
2922 755 3197 809 κοινωνοί
3223 755 3363 808 ἐστε
3389 753 3508 808 τῶν
3535 761 3728 823 παθη·-

2145 855 2369 926 μάτων,
2408 855 2561 908 οὕτω
2603 854 2702 907 καί
2732 850 2844 920 τῆς
2871 849 3329 919 παρακλήσεως.
3375 852 3590 922 Ὠσπερ
3619 853 3732 924 γάρ

2149 952 2493 1022 διωκομένων
2517 949 2671 1021 ἡμῶν
2694 949 2932 1014 άλγεῖτε,
2955 947 3028 1006 ὡς
3051 949 3202 1001 αὐτοὶ
3227 947 3384 1001 τοῦτο
3405 949 3728 1019 πάσχοντες·

2149 1047 2322 1109 οὕτως
2353 1048 2510 1116 ίσμεν
2545 1047 2624 1099 ὅτι
2655 1045 2750 1098 καὶ
2777 1044 3302 1114 παρακαλουμένων,
3336 1044 3492 1098 αὑτοί
3523 1046 3733 1098 τούτων

2150 1143 2558 1218 παραπολαύειν
2592 1141 2860 1212 νομίζετε.
2893 1141 2957 1194 Τί
2981 1141 3186 1211 ταύτης
3210 1142 3735 1212 ταπεινοφρονέστε-

2151 1260 2244 1314 ρον
2263 1243 2362 1312 τῆς
2413 1241 2620 1312 ψυχῆςς
2649 1240 2707 1304 ὃς
2737 1242 2796 1292 ἐν
2843 1239 2942 1309 μέν
2983 1241 3094 1301 τοῖς
3155 1238 3421 1301 κινδύνοις
3471 1240 3731 1293 τοσοῦτον

2149 1337 2511 1401 πλεονεκτῶν,
2547 1337 2837 1398 κοινωνοὺς
2867 1335 3020 1388 καλεῖ
3040 1335 3167 1398 τοὺς
3195 1334 3316 1387 οὐδὲ
3347 1336 3408 1387 τὸ
3436 1335 3730 1389 πολλοστδν

2148 1436 2328 1490 αὐτῶν
2354 1434 2741 1505 ὑπομένοντας·
2773 1436 2832 1486 ἐν
2856 1433 2912 1486 δὲ
2941 1435 3006 1502 τῇ
3042 1431 3387 1502 παρακλήσει
3407 1431 3507 1502 τὴν
3545 1433 3728 1486 αἰτίαν

2149 1535 2367 1589 ἃπασαν
2396 1533 2623 1594 ἐκείνοις
2651 1517 2946 1600 λογίζεται,
2979 1532 3040 1584 οὗ
3088 1534 3204 1595 τοῖς
3245 1532 3467 1595 οἰκείοις
3519 1534 3723 1596 πόνοις.

2147 1628 2306 1695 Εἶτα,
2341 1628 2529 1699 ἐπειδὴ
2577 1629 2706 1698 περί
2749 1627 2982 1697 θλίψεων
3021 1627 3341 1698 ἀδιορίστως
3367 1628 3543 1699 ἔλεγε,
3576 1632 3726 1699 λέγει

2150 1726 2302 1800 [450]
2333 1726 2520 1780 λοιπὸν
2552 1725 2644 1780 καὶ
2667 1725 2757 1778 τὸν
2786 1725 2973 1790 τόπον,
3001 1725 3120 1778 καθ’
3150 1724 3208 1777 ὃν
3236 1725 3408 1780 ταῦτα
3431 1727 3725 1798 ὑπέμενον·

2150 1825 2233 1877 οὐ
2261 1824 2372 1892 γὰρ
2399 1821 2653 1890 θέλομεν
2679 1819 2836 1888 ὑμᾶς
2873 1821 3135 1890 ἀγνοεῖν,
3161 1821 3433 1891 ἀδελφοί,
3461 1823 3597 1891 περὶ
3621 1823 3730 1892 τῆς

2147 1921 2409 1988 θλίψεως
2444 1918 2613 1989 ἡμῶν
2640 1917 2752 1987 τῆς
2786 1919 3115 1989 γενομένης
3139 1921 3286 1988 ἡμῖν
3322 1921 3393 1972 ἐν
3421 1919 3495 1988 τῇ
3531 1921 3723 1987 Ἀσίᾳ.

2146 2020 2334 2076 Ταῦτα
2379 2020 2437 2074 δέ
2489 2021 2741 2091 λέγομεν,
2783 2021 2966 2091 φησὶν,
3003 2022 3087 2074 ἵνα
3125 2020 3199 2093 μὴ
3235 2023 3461 2093 ἀγνοῆτε
3494 2023 3559 2076 τά
3585 2041 3727 2095 συμ-

2147 2117 2320 2171 ϐάντα
2345 2119 2500 2186 ήμῖν.
2553 2118 2664 2170 Καὶ
2710 2117 2818 2186 7&9
2873 2115 3174 2186 βουλόμεθα
3214 2117 3358 2188 ὑμᾶς
3410 2118 3605 2173 εἰδέναι
3658 2120 3728 2174 τὰ

2145 2213 2412 2284 ἡμέτερα,
2437 2212 2531 2265 καὶ
2567 2212 2770 2282 σφόδρα
2798 2213 2955 2264 τοῦτο
2987 2213 3426 2283 ἐσπουδάκαμεν·
3462 2216 3602 2286 ὅπερ
3627 2217 3725 2286 μέ-

2146 2327 2331 2378 γιστον
2361 2310 2581 2380 ἀγάπης
2606 2309 2829 2380 σημεῖόν
2849 2310 2983 2363 ἐστι.
3013 2309 3181 2361 Τοῦτο
3213 2310 3269 2362 δὲ
3297 2311 3392 2363 καὶ
3416 2312 3474 2362 ἐν
3494 2315 3559 2382 τῇ
3592 2330 3724 2383 προ-

2144 2407 2279 2480 τέρᾳ
2300 2402 2368 2477 ἦν
2403 2406 2690 2478 Ἐπιστολῇ
2718 2405 3094 2476 προμηνύσας,
3125 2408 3216 2461 καὶ
3249 2407 3440 2469 εἰπὼν,
3463 2410 3544 2462 ὅτι
3568 2413 3724 2478 Θύρα

2144 2506 2254 2576 γάρ
2276 2523 2378 2574 μοι
2409 2503 2630 2572 ἀνέῳγε
2663 2503 2894 2572 μεγάλη
2928 2505 3026 2558 καί
3059 2505 3330 2575 ἐνεργὴς,
3353 2508 3454 2561 καί
3488 2512 3543 2562 οἱ
3571 2511 3724 2564 ἀντι-

2146 2602 2409 2670 κείμενοι
2464 2598 2684 2653 πολλοί
2716 2600 2784 2652 ἐν
2814 2598 2889 2668 τῇ
2935 2599 3183 2668 Ἐφέσῳ.
3223 2601 3477 2658 Ἐκείνων
3509 2601 3603 2659 οὖν
3631 2608 3722 2660 αὐ-

2144 2697 2271 2758 τοὺς
2326 2697 2778 2767 ἀναμιμνήσκων,
2831 2696 2925 2748 καὶ
2979 2696 3332 2766 διηγούμενος
3384 2700 3486 2754 ὅσα
3534 2703 3718 2767 ἔπαθε,

2147 2793 2332 2865 φησίν·
2362 2793 2438 2846 Οὐ
2471 2791 2612 2844 θέλω
2640 2791 2784 2861 ὑμᾶς
2815 2793 3026 2860 ἀγνοεῖν
3059 2793 3197 2865 ὑπὲρ
3234 2795 3334 2866 τῆς
3360 2796 3596 2867 θλίψεως
3628 2803 3724 2868 τῆς

2146 2892 2446 2958 γενομένης
2481 2888 2614 2957 ἡμῖν
2638 2887 2698 2939 ἐν
2721 2889 2786 2957 τῇ
2817 2887 2991 2959 Ἀσίᾳ.
3025 2887 3195 2943 Τοῦτο
3220 2889 3278 2943 δὲ
3322 2892 3418 2944 καὶ
3457 2894 3720 2963 Ἐφεσίοις

2146 2984 2477 3039 ἐπιστέλλων
2505 2983 2679 3053 ἔλεγε·
2709 2981 2942 3054 Τυχικδν
2964 2983 3072 3057 γὰρ
3099 2977 3428 3052 ἀποστείλας
3463 2991 3597 3059 πρὸς
3625 2991 3719 3044 αὑ-

2146 3083 2293 3146 τοὺς,
2337 3080 2542 3152 ταύτην
2590 3079 2693 3152 ἔφη
2743 3080 2844 3151 τῆς
2887 3081 3196 3152 ἀποδημίας
3234 3079 3500 3156 εἶναιτὴν
3538 3085 3714 3138 αίτίαν

2146 3176 2314 3247 αὐτῷ·
2347 3176 2428 3228 διδ
2459 3177 2555 3229 καὶ
2587 3175 2793 3244 ἔλεγεν·
2827 3176 2952 3231 Ἵνα
2981 3177 3049 3230 δὲ
3078 3177 3276 3247 εἰδῆτε
3311 3180 3406 3234 καί
3441 3181 3605 3248 ὑμεῖς
3639 3182 3711 3236 τὰ

2147 3276 2276 3331 κατ’
2307 3275 2432 3343 ἐμὲ,
2462 3274 2520 3328 τί
2547 3275 2821 3342 πράσσω,
2849 3275 3211 3352 πάηαςὺμῖν
3239 3280 3510 3348 γνωρίσει
3547 3283 3710 3350 Τυχι-

2149 3373 2274 3440 κὸς,
2306 3375 2339 3426 ὁ
2360 3371 2666 3438 ἀγαπητὸς
2687 3371 2948 3442 ἀδελφὸς
2973 3375 3072 3428 καὶ
3107 3377 3323 3444 πιστὸς
3349 3377 3620 3446 διάκονος
3649 3379 3719 3434 ἐν

2149 3469 2365 3540 Κυρίῳ,
2400 3470 2472 3522 ὃν
2496 3469 2737 3538 ἔπεμψα
2766 3470 2916 3539 πρὸς
2936 3470 3092 3540 ὑμᾶς
3121 3475 3208 3538 είς
3229 3475 3378 3528 αὐτὸ
3407 3477 3601 3545 τοῦτο,
3623 3477 3720 3534 ἵνα

2148 3569 2336 3639 γνῶτε
2383 3569 2455 3622 τὰ
2489 3567 2620 3637 περὶ
2651 3565 2842 3637 ἡμῶν,
2874 3568 2972 3622 καὶ
3006 3574 3403 3642 παρακαλέσῃ
3438 3575 3545 3642 τὰς
3584 3592 3722 3644 xop-

2149 3665 2280 3732 δίας
2310 3665 2494 3735 ὑμῶν.
2527 3665 2637 3718 Καὶ
2663 3665 2720 3716 ἐν
2745 3664 2930 3729 ἄλλαις
2952 3665 3009 3718 δὲ
3043 3666 3386 3732 Ἐπιστολαῖς
3415 3672 3543 3724 αὐτὸ
3567 3669 3720 3724 τοῦτο

2149 3767 2313 3820 ποιεῖ.
2367 3764 2475 3817 Καὶ
2520 3764 2622 3817 οὑκ
2673 3762 2791 3815 ἔστι
2833 3762 3126 3833 παρέλκον,
3184 3764 3320 3818 ἀλλά
3372 3767 3466 3821 καὶ
3516 3766 3713 3837 σφόδρα

2149 3861 2467 3929 ἀναγκαῖον·
2519 3859 2676 3913 τοῦτο
2724 3861 2824 3927 μὲν
2869 3859 2956 3914 διὰ
2998 3859 3095 3929 τὴν
3136 3863 3373 3933 ἀγάπην,
3405 3863 3471 3934 ἦν
3511 3861 3716 3934 σφόδρα

2151 3958 2282 4027 περί
2305 3956 2433 4018 τοὺς
2463 3954 2712 4026 μαθητὰς
2745 3951 2878 4025 εἶχε,
2915 3955 3072 4012 τοῦτο
3115 3957 3174 4010 δὲ
3211 3957 3296 4012 διὰ
3322 3957 3448 4020 τοὺς
3474 3961 3718 4030 συνεχεῖς

2152 4053 2513 4124 πειρασμοὺς,
2550 4053 2608 4104 ἐν
2633 4047 2714 4114 οἷς
2747 4052 2978 4123 μεγίστη
3004 4047 3073 4124 ἦν
3099 4053 3420 4125 παραμυθία
3447 4053 3507 4108 τδ
3530 4054 3600 4110 τὰ
3624 4055 3722 4110 ἀλ-

2150 4151 2327 4224 λήλων
2355 4148 2572 4212 εἰδέναι,
2603 4147 2742 4202 ὥστε
2767 4149 2859 4202 καὶ
2889 4147 3146 4220 λυπηρῶν
3176 4151 3346 4206 ὄντων
3375 4153 3727 4223 παρασκευάο

2153 4255 2341 4322 ζεσθαι
2372 4255 2466 4308 καὶ
2493 4253 2816 4323 ἐναγωνίους
2839 4248 2979 4308 εἶναι
3013 4255 3110 4308 καὶ
3130 4255 3599 4328 ἀσφαλεστέρους,
3635 4257 3730 4312 καὶ

2153 4360 2402 4433 χρηστῶν
2422 4359 2592 4413 ὄντων
2621 4356 2963 4430 συνήδεσθαι.
3000 4359 3262 4415 Ἐνταῦθα
3293 4362 3480 4432 μέντοι
3511 4364 3610 4419 καὶ
3628 4363 3732 4417 ἀπ.

2151 4467 2394 4538 ἀλλαγὴν
2441 4463 2541 4520 καὶ
2573 4464 2868 4536 ἐπαγωγὴν
2924 4465 3120 4535 μηνύει
3169 4466 3497 4537 πειρασμῶν
3537 4468 3730 4538 λέγων·

2155 4574 2277 4626 Ὅτι
2325 4571 2454 4626 καθ’
2494 4569 2840 4638 ὑπερϐολὴν
2864 4569 3239 4641 ἐϐαρήθημεν
3263 4571 3418 4640 ὑπὲρ
3453 4573 3732 4645 δύναμιν·

2153 4679 2405 4749 καθάπερ
2445 4676 2650 4748 φορτίῳ
2685 4675 2792 4730 τινὶ
2846 4676 3065 4748 μεγάλῳ
3091 4677 3492 4750 βαπτιζόμενον
3527 4681 3735 4736 πλοῖον.

2151 4785 2261 4840 Καὶ
2289 4783 2435 4837 δοκεί
2465 4781 2564 4852 μέν
2601 4781 2661 4835 ἐν
2687 4799 2740 4836 τι
2761 4783 3064 4854 είρηκέναι,
3097 4783 3290 4852 εἰπὼν,
3313 4788 3461 4842 Καθ’
3487 4788 3739 4857 ὑπερδο-

2152 4890 2297 4959 λήν,
2333 4890 2449 4956 καὶ,
2485 4887 2668 4958 ’Υπὲρ
2698 4889 2976 4960 δύναμιν·
3011 4889 3113 4943 οὐκ
3137 4890 3254 4944 ἔστι
3284 4891 3341 4944 δὲ
3371 4892 3456 4960 ἓν,
3487 4895 3627 4948 ἀλλά
3648 4895 3741 4949 δύο

2153 4997 2350 5052 ταῦτα.
2385 4996 2504 5050 ’Ίνα
2529 4994 2638 5068 γὰρ
2667 4995 2744 5066 μή
2773 5012 2855 5058 τις
2875 4993 3028 5066 λέγῃ,
3063 4995 3130 5049 Τί
3169 4997 3301 5069 γὰρ,
3332 4998 3381 5050 εἰ
3409 4999 3541 5053 καθ’
3568 5001 3740 5071 ὑπερι

2154 5102 2316 5173 δολὴν
2350 5101 2450 5172 μὲν
2477 5101 2508 5153 ό
2540 5099 2784 5164 κίνδυνος
2815 5096 2904 5173 ἦν,
2943 5103 3070 5172 ὑμῖν
3101 5101 3158 5154 δὲ
3198 5103 3258 5157 οὐ
3301 5100 3483 5173 μέγας
3513 5099 3615 5175 ἧν;
3644 5104 3740 5156 ἐπ-

2153 5208 2381 5279 ήγαγεν,
2409 5207 2491 5260 ὅτι
2520 5206 2630 5260 Καὶ
2663 5205 2837 5276 μέγας
2860 5203 2929 5278 ἦν
2951 5209 3046 5262 καὶ
3079 5209 3178 5280 τὴν
3201 5208 3433 5280 δύναμιν
3461 5211 3619 5266 ἐνίκα
3647 5209 3744 5282 τὴν

2156 5314 2449 5384 ἡμετέραν,
2492 5313 2584 5366 καὶ
2619 5311 2793 5378 οὕτως
2827 5313 3006 5382 ἐνίκα,
3031 5315 3107 5379 ὼς
3135 5315 3556 5388 ἐξαπορηθῆναι
3595 5317 3744 5388 ἡμᾶς

2157 5420 2251 5472 καὶ
2298 5419 2393 5472 τοῦ
2451 5420 2570 5490 ζῇν,
2613 5419 2882 5487 τουτέστι,
2942 5419 3077 5490 μηδὲ
3127 5421 3504 5492 προσδοκῆσαι
3558 5423 3745 5476 λοιπὸν

2157 5527 2304 5596 ἡμᾶς
2337 5526 2456 5596 ζῇν.
2494 5527 2672 5596 Ὅπερ
2695 5528 2724 5580 ὁ
2745 5526 2908 5581 Δαυῒδ
2943 5527 3116 5592 πύλας
3143 5528 3269 5599 ᾅδου
3295 5527 3475 5593 καλεῖ,
3502 5531 3599 5584 καὶ
3629 5529 3748 5584 ὠδῖο

2155 5648 2253 5695 νας
2299 5631 2392 5686 καὶ
2441 5631 2600 5686 σκιάν
2636 5633 2888 5699 θανάτου,
2919 5634 3076 5689 τοῦτο
3117 5635 3179 5704 δὴ
3215 5636 3309 5689 καί
3347 5635 3524 5701 αὑτός
3556 5653 3747 5709 φησιν,

2157 5743 2241 5794 ὅτι
2271 5740 2568 5801 Κίνδυνον
2608 5743 3010 5813 ὑπεμείναμεν
3043 5742 3278 5808 πάντως
3334 5741 3608 5800 θάνατον
3666 5743 3750 5798 τι-
