4018 6156
329 235 430 291 593

324 369 408 412 cla
426 397 440 419 ,
468 355 664 411 multas
687 354 940 411 utilitates
963 352 1251 419 afferebat,
1281 348 1409 406 dum
1439 350 1492 406 in
1521 350 1624 406 illis
1648 364 1905 421 operare.-

325 459 432 504 tur.
460 446 530 502 Et
546 464 660 518 spes
678 456 850 502 nostra
869 447 1018 514 ﬁrma
1037 454 1110 498 est
1131 460 1224 513 pro
1249 442 1404 497 vobis.
1428 442 1541 497 Hoc
1564 451 1667 509 est,
1695 440 1903 497 etiamsi

324 541 634 594 innumeras
663 553 839 594 rerum
881 535 1204 592 acerbitates
1231 533 1606 605 perpetiamini
1626 573 1643 601 ,
1672 531 1902 587 conlidi-

323 648 447 688 mus
476 641 651 688 tamen
677 630 821 696 fore,
855 639 913 686 ut
938 644 1008 685 ne
1034 629 1105 684 ob
1131 637 1339 684 vestras
1365 625 1580 698 quidem
1608 639 1902 696 persequu-

322 727 497 780 tiones
540 724 852 781 concidatis.
898 723 1125 780 Tantum
1166 721 1313 777 enim
1358 721 1544 787 abest,
1595 726 1654 775 ut
1698 717 1903 774 sinistri

318 820 601 890 quicquam
633 819 701 874 de
725 818 880 875 vobis
917 817 988 873 ob
1021 831 1085 874 ea
1121 832 1241 888 quae
1279 815 1512 887 patimur
1536 813 1898 884 suspicemur,

321 921 376 966 ut
404 927 524 967 cum
554 911 652 982 ipsi
685 911 1098 982 periclitamini,
1145 917 1259 964 tum
1287 922 1502 979 quoque
1539 905 1682 962 bono
1721 905 1902 962 animo

317 1005 503 1058 simus.
534 1002 699 1059 Vides
721 1012 980 1074 quantum
1006 1001 1082 1058 illi
1109 1017 1176 1057 ex
1201 1000 1382 1071 priore
1405 997 1628 1069 epistola
1653 996 1900 1068 profece-

319 1096 461 1151 rint?
491 1096 702 1152 Etenim
737 1096 909 1150 multo
937 1095 1142 1165 majora
1171 1093 1303 1164 ipsis
1329 1107 1428 1163 pro
1466 1092 1775 1148 testimonio
1804 1090 1900 1147 tri-

313 1187 430 1244 buit
446 1231 462 1255 ,
491 1203 650 1259 quam
675 1188 1084 1254 Macedonibus,
1109 1201 1248 1259 quos
1269 1195 1443 1241 tamen
1477 1185 1674 1255 alioqui
1697 1185 1896 1255 passim

315 1298 410 1350 per
442 1291 608 1336 totam
629 1281 913 1349 epistolam
933 1280 1176 1336 laudibus
1199 1279 1356 1334 tollit.
1385 1277 1517 1334 Nam
1543 1277 1752 1332 illorum
1775 1276 1896 1346 qui-

312 1373 434 1427 dem
463 1387 620 1427 causa
649 1372 701 1426 in
731 1380 875 1427 metu
901 1379 1044 1438 erat,
1075 1379 1234 1440 atque
1275 1368 1455 1430 aiebat
1483 1387 1498 1423 :
1533 1367 1770 1424 Misimus
1801 1383 1892 1422 vo-

313 1466 388 1518 bis
420 1462 734 1517 Timotheum
760 1462 830 1516 ad
852 1461 1226 1530 conﬁrmandos
1247 1477 1334 1515 vos
1357 1468 1406 1514 et
1432 1459 1774 1515 exhortandos
1800 1474 1893 1528 pro

311 1557 417 1623 ﬁde
453 1565 642 1620 vestra,
674 1564 727 1609 ut
755 1572 900 1610 nemo
929 1564 1188 1610 moveatur
1225 1555 1281 1609 in
1311 1551 1718 1608 tribulationibus
1745 1551 1892 1616 istis;

309 1649 410 1720 ipsi
435 1650 572 1703 enim
596 1648 734 1702 scitis
757 1648 893 1718 quod
921 1647 976 1702 in
1002 1648 1097 1703 hoc
1127 1647 1282 1718 positi
1305 1663 1480 1702 smnus
1513 1646 1590 1716 (l.
1623 1643 1799 1700 Thess.
1836 1645 1888 1700 5.

307 1741 362 1794 Ξ.
389 1742 446 1810 5)
471 1761 482 1792 :
513 1754 577 1794 ac
597 1755 782 1795 rursus
805 1757 819 1793 :
848 1737 1132 1809 Propterea
1161 1748 1209 1793 et
1235 1755 1326 1810 ego
1350 1738 1571 1808 amplius
1604 1753 1704 1791 non
1733 1735 1888 1790 susti-

309 1850 433 1887 nens
451 1874 466 1897 ,
509 1832 624 1886 misi
659 1832 726 1884 ad
763 1832 1165 1903 cognoscendam
1189 1829 1344 1899 ﬁdem
1383 1841 1595 1884 vestram
1615 1869 1630 1896 ,
1661 1845 1723 1882 ne
1757 1831 1890 1897 forte

306 1925 562 1979 tentaverit
602 1941 687 1979 vos
719 1924 763 1978 is
794 1925 883 1995 qui
920 1934 1077 1979 tentat
1095 1964 1111 1991 ,
1151 1934 1200 1978 et
1225 1925 1391 1978 inanis
1417 1923 1509 1993 ﬁat
1542 1923 1686 1977 labor
1718 1931 1887 1975 noster

302 2014 464 2083 (Ibid.
494 2031 542 2070 υ.
565 2015 646 2086 5).
676 2015 750 2070 De
775 2015 860 2070 bis
881 2024 1060 2070 autem
1097 2017 1169 2070 nil
1198 2016 1303 2071 tale
1329 2015 1583 2085 loquitur,
1605 2014 1701 2069 sed
1729 2014 1884 2084 plane

298 2117 484 2162 contra
508 2122 522 2159 :
559 2106 690 2176 Spes
714 2115 887 2162 nostra
912 2107 1063 2176 firma
1095 2115 1168 2160 est
1194 2122 1288 2175 pro
1320 2107 1475 2160 vobis.
1505 2106 1624 2162 Sive
1649 2105 1886 2160 consola-

297 2216 432 2261 mur,
467 2216 562 2268 pro
601 2209 764 2254 uestra
805 2199 1149 2254 consolatione
1188 2208 1236 2254 et
1277 2200 1474 2264 salute;
1515 2200 1723 2254 scientes
1747 2194 1881 2269 quod

294 2291 424 2344 sicut
453 2291 570 2345 estis
595 2291 724 2345 socii
750 2292 1063 2360 passionum,
1085 2291 1159 2345 ita
1177 2292 1320 2346 eritis
1341 2291 1720 2346 consolationis.
1746 2289 1880 2348 Nam

293 2382 432 2451 quod
465 2398 651 2438 eorum
687 2398 846 2438 causa
879 2383 1107 2452 apostoli
1150 2391 1544 2452 premerentur,
1578 2381 1663 2437 liis
1703 2383 1880 2438 verbis

294 2474 576 2537 indicavit,
611 2474 730 2528 Sive
773 2475 1097 2541 tribulamur,
1131 2490 1224 2545 pro
1262 2482 1424 2528 vestra
1451 2473 1793 2528 consolatione
1831 2483 1880 2527 et

291 2565 472 2619 salute.
510 2564 631 2619 Vult
657 2565 782 2620 item
804 2564 1114 2628 ostendere,
1143 2564 1285 2635 quod
1315 2579 1503 2620 eorum
1530 2565 1690 2619 etiam
1716 2578 1877 2620 causa

290 2657 658 2713 consolatione
683 2656 1048 2713 aflicereutur.
1071 2658 1246 2727 Atque
1265 2657 1604 2728 liocquidem
1631 2657 1876 2727 superius

289 2763 502 2818 quoque
531 2747 704 2814 dixit,
749 2748 964 2803 tametsi
1007 2747 1284 2803 indelinite
1312 2764 1326 2802 :
1358 2746 1658 2803 Benedictus
1691 2748 1872 2814 enim,

291 2838 481 2906 inquit,
509 2835 654 2891 Deus
678 2839 764 2907 qui
793 2837 1086 2893 consolatur
1107 2854 1198 2892 nos
1217 2839 1268 2892 in
1289 2838 1428 2892 omni
1445 2839 1786 2905 tribulatione,
1817 2849 1876 2894 ut

288 2933 538 3001 possimus
573 2942 620 2986 et
654 2933 756 3002 ipsi
791 2931 1047 2986 consolari
1086 2948 1200 2997 eos,
1248 2932 1336 3001 qui
1362 2932 1416 2986 in
1458 2932 1596 2985 omm'
1636 2948 1874 3002 pressura

287 3032 422 3076 sunt.
449 3023 536 3076 Ait
557 3037 742 3076 rursus
765 3022 906 3077 idem
934 3021 1035 3076 hoc
1055 3037 1267 3092 quoque
1293 3021 1414 3078 loco
1434 3023 1690 3092 apertius,
1712 3030 1873 3093 atque

285 3115 350 3169 ad
376 3130 561 3170 eorum
583 3116 791 3171 animos
812 3115 1079 3172 curandos
1105 3116 1372 3172 cflicacius
1398 3135 1411 3168 :
1443 3116 1564 3172 Sive
1582 3116 1725 3170 enim
1749 3131 1872 3169 con-

285 3209 529 3267 solamur.
562 3209 760 3277 inquit,
792 3225 884 3278 pro
905 3217 1068 3262 vestra
1095 3208 1459 3263 consolatione.
1486 3208 1722 3275 Quorum
1749 3222 1869 3262 ver—

285 3299 476 3352 borum
510 3299 594 3352 liic
621 3313 812 3355 sensus
844 3309 928 3354 est
952 3317 964 3354 :
993 3297 1303 3354 Consolatio
1332 3309 1544 3366 nostra,
1573 3297 1869 3354 consolatio

286 3398 465 3444 vestra
491 3390 719 3455 exsistit,
751 3391 962 3446 etiamsi
985 3405 1078 3446 vos
1101 3391 1323 3446 minime
1350 3404 1602 3446 sermone
1625 3389 1869 3445 console-

285 3497 430 3536 mur.
479 3480 608 3534 Nam
649 3481 694 3536 si
728 3483 938 3552 paulum
979 3483 1079 3553 ipsi
1120 3483 1480 3552 respiremus,
1527 3481 1581 3535 id
1619 3479 1772 3535 vobis
1798 3479 1866 3534 ad

282 3571 706 3627 consolationem
735 3575 863 3629 satis
888 3582 1007 3638 est;
1037 3588 1102 3628 ac
1127 3573 1174 3628 si
1204 3587 1303 3628 nos
1331 3572 1523 3627 solatio
1545 3571 1861 3639 alﬂciamur,

282 3665 335 3717 in
369 3664 788 3720 consolationem
815 3659 1045 3721 vestram
1074 3664 1177 3719 hoc
1214 3664 1377 3718 cedit.
1405 3661 1863 3729 Quemadmodum

281 3757 426 3811 enim
472 3757 805 3812 calamitates
842 3766 1054 3812 nostras
1105 3766 1309 3812 vestras
1356 3769 1476 3810 esse
1519 3753 1754 3809 ducitis:
1786 3754 1863 3809 sic

281 3851 440 3904 etiam
475 3860 711 3905 nostram
741 3850 1160 3906 consolationem
1189 3858 1420 3906 vestram
1455 3863 1579 3904 esse
1605 3847 1860 3904 censetis.

279 3941 460 4011 Neque
500 3943 640 3997 enim
667 3951 848 4009 certe,
877 3957 997 3997 cum
1029 3942 1081 3996 in
1108 3941 1351 3998 adversis
1376 3941 1537 3998 rebus
1569 3939 1699 3996 socii
1728 3937 1862 3994 mibi

279 4035 396 4088 sitis
416 4073 432 4100 ,
464 4035 514 4088 iu
543 4034 678 4090 laetis
705 4034 832 4089 item
860 4049 924 4089 ac
947 4032 1198 4090 secundis
1226 4034 1358 4089 socii
1379 4048 1486 4089 non
1510 4033 1680 4089 eritis.
1712 4031 1861 4100 Quo-

278 4128 420 4180 circa
449 4141 567 4179 cum
594 4127 645 4180 in
666 4125 916 4180 omnibus
945 4125 1106 4180 rebus
1133 4125 1310 4181 socios
1337 4140 1432 4179 vos
1461 4123 1707 4189 habeam,
1730 4123 1858 4178 etin

280 4219 620 4275 tribulatione
647 4228 702 4275 et
728 4220 778 4274 in
799 4219 1192 4286 consolatione,
1220 4235 1326 4274 non
1356 4227 1440 4274 est
1466 4218 1609 4287 quod
1637 4233 1724 4273 me
1754 4218 1855 4273 liu-

273 4311 426 4380 jusce
458 4312 720 4368 tarditatis
747 4328 811 4367 ac
840 4327 1006 4367 morae
1035 4310 1253 4366 nomine
1277 4310 1577 4366 accusatis:
1607 4324 1730 4364 nam
1763 4322 1860 4378 pro

278 4401 433 4456 vobis
478 4403 782 4474 affligimur,
827 4412 884 4459 et
921 4411 1138 4474 propter
1163 4417 1261 4457 vos
1298 4401 1664 4458 conslilatione
1695 4400 1860 4456 allici—

278 4509 417 4547 mur.
451 4493 526 4548 Ne
555 4495 675 4564 quis
700 4497 841 4549 enim
864 4509 1025 4565 grave
1050 4508 1115 4549 ac
1143 4494 1427 4548 molestum
1455 4493 1508 4548 id
1531 4506 1650 4547 esse
1669 4490 1857 4547 existi-

277 4593 468 4651 maret,
502 4585 644 4653 quod
673 4586 901 4652 dixerat,
929 4587 1154 4657 Propter
1181 4602 1276 4642 vos
1303 4588 1418 4642 haec
1445 4586 1696 4657 patimur,
1727 4583 1857 4640 illud

275 4681 437 4732 etiam
476 4678 651 4744 addit,
679 4679 749 4734 Et
781 4689 998 4750 propter
1027 4694 1124 4735 vos
1161 4680 1531 4736 consolatione
1556 4677 1853 4742 al'licimur;

273 4786 337 4825 ac
367 4787 435 4827 ne
464 4787 561 4826 nos
579 4772 793 4844 quidem
822 4773 922 4829 soli
964 4773 1347 4844 periclitamur,
1374 4787 1494 4828 cum
1518 4772 1618 4845 ipsi
1644 4786 1858 4843 quoque

273 4863 327 4918 in
357 4863 668 4920 earumdem
697 4865 1058 4919 calamitatum
1086 4872 1291 4934 partem
1321 4863 1569 4920 veniatis.

341 4955 398 5009 2.
427 4956 610 5026 itaque
629 4966 741 5012 tum
761 4971 828 5012 ex
857 4971 924 5013 eo
947 4955 1089 5027 quod
1109 4954 1475 5026 periculorum
1508 4953 1684 5008 socios
1709 4953 1856 5023 ipsos

272 5047 585 5116 assumpsit,
613 5057 724 5103 tum
745 5064 810 5104 ex
836 5064 900 5104 eo
930 5047 1075 5119 quod
1099 5045 1485 5103 consolationis
1510 5058 1619 5098 suae
1638 5058 1855 5099 causam

274 5137 404 5207 ipsis
441 5139 732 5208 adscribit,
762 5140 1062 5195 orationem
1103 5139 1253 5194 lenit.
1283 5137 1364 5192 Ac
1389 5145 1676 5206 propterea
1697 5175 1712 5200 ,
1744 5137 1856 5190 sive

273 5230 483 5286 insidiis
502 5239 843 5302 appetamur,
874 5231 1030 5286 firmo
1051 5232 1234 5286 animo
1258 5239 1464 5294 estote;
1491 5245 1615 5285 nam
1647 5236 1704 5282 ut
1724 5227 1857 5282 fides

271 5334 450 5379 vestra
478 5325 599 5394 plus
624 5325 833 5380 roboris
854 5323 1107 5394 colligat,
1139 5323 1244 5378 hoc
1269 5323 1538 5392 patimur;
1566 5321 1682 5376 sive
1711 5319 1855 5375 sola-

276 5417 404 5470 tium
449 5417 780 5488 accipimus,
836 5415 939 5471 boc
987 5431 1202 5486 quoque
1251 5417 1470 5471 nomine
1515 5412 1852 5485 gloriamini:

275 5522 397 5562 nam
432 5517 655 5578 propter
681 5523 780 5564 vos
811 5522 877 5563 eo
906 5507 1160 5573 fruimur,
1192 5515 1248 5560 ut
1271 5504 1396 5560 hinc
1417 5505 1579 5561 etiam
1602 5504 1854 5560 consola-

274 5599 436 5654 tionis
483 5600 728 5656 nonnihil
779 5599 847 5655 ad
879 5615 976 5656 vos
1004 5597 1221 5662 redeat,
1261 5597 1388 5652 dum
1431 5596 1630 5652 laetitiae
1659 5606 1856 5652 nostra:

271 5693 562 5766 participes
581 5695 734 5752 estis.
761 5697 932 5766 Atque
959 5703 1014 5752 ut
1043 5691 1320 5762 intelligas
1343 5691 1485 5765 quod
1510 5691 1576 5748 de
1598 5689 1699 5748 hoc
1724 5705 1854 5749 cou-

1421 235 1488 292 IN
1515 232 1727 289 EPIST.
1769 231 1810 286 ll
1879 229 1970 288 AD
2005 233 2162 292 COR.
2203 237 2432 296 llOMlL.
2475 240 2537 298 ll.

3499 255 3604 314 31H

2015 351 2296 442 solutionis
2325 357 2486 413 modo
2517 373 2657 414 nunc
2688 359 2935 432 loquatur
2954 405 2970 432 ,
3001 381 3160 436 quem
3191 374 3244 439 ip
3274 384 3306 425 e
3334 372 3600 442 percipie-

2011 441 2140 512 bat,
2183 461 2290 504 non
2322 445 2448 504 hinc
2497 458 2700 507 tantum
2744 454 2887 524 quod
2934 459 3306 518 consolatione
3348 463 3418 518 ab
3465 441 3599 534 ipsis

2010 535 2351 607 afficeretur,
2385 555 2575 598 verum
2605 545 2765 600 etiam
2807 548 2930 619 quia
2981 566 3078 608 eos
3102 552 3170 608 ab
3209 553 3502 612 amictione
3530 557 3596 614 li-

2008 626 2166 682 beros
2193 643 2315 723 esse
2337 631 2678 706 intelligeret,
2701 637 2825 694 andi
2846 655 2964 710 quze
2986 641 3239 716 deinceps
3260 660 3589 723 sequuntur,

2007 733 2104 787 per
2131 735 2250 790 quae
2279 721 2380 778 hoc
2414 737 2601 796 aperte
2626 728 2954 800 declaravit,
2983 750 3106 792 cum
3149 737 3317 808 dixit,
3361 721 3594 802 Scieutes

2005 810 2141 877 quod
2165 811 2296 866 sicut
2333 815 2460 869 socii
2484 819 2603 874 estis
2644 823 2977 892 passionum,
3003 829 3076 882 ita
3104 829 3245 886 eritis
3271 841 3319 892 et
3348 836 3589 892 consola-

2006 901 2176 957 tionis.
2197 903 2350 962 Sicut
2368 908 2534 978 enim,
2557 926 2680 967 cum
2705 929 2807 970 nos
2826 920 3300 994 perscquutioncm
3328 926 3583 997 patimur,

2004 1009 2100 1050 vos
2129 997 2355 1066 perinde
2381 999 2576 1058 doletis
2605 1020 2669 1060 ac
2698 1007 2742 1061 si
2775 1006 2876 1078 ipsi
2905 1023 3025 1066 eam
3049 1011 3340 1072 subirctis:
3371 1017 3450 1074 sic
3473 1035 3583 1076 nou

2003 1084 2342 1155 dubitamus,
2374 1092 2535 1162 quin,
2577 1110 2698 1150 cum
2746 1098 2998 1156 solatium
3042 1105 3366 1174 accipimus,
3395 1124 3492 1166 vos
3517 1126 3590 1166 eo

2003 1175 2102 1271 frui
2133 1181 2473 1238 existimetis.
2501 1185 2642 1252 Quid
2674 1187 2779 1244 hoc
2806 1191 2990 1247 animo
3015 1192 3276 1252 humilius
3303 1196 3428 1270 fingi
3461 1216 3588 1271 pos-

2002 1267 2109 1323 sit?
2132 1271 2327 1341 quippe
2370 1275 2460 1344 qui
2507 1278 2759 1346 periculis
2789 1288 2938 1336 tanto
2983 1299 3078 1340 eos
3107 1267 3585 1362 intervallovsupe-

2002 1375 2128 1455 rans
2146 1403 2159 1426 ,
2191 1364 2370 1421 socios
2399 1375 2578 1424 tamen
2605 1384 2701 1426 eos
2723 1382 2914 1442 vocat,
2945 1375 3035 1446 qui
3063 1390 3132 1432 ne
3160 1380 3436 1438 minimam
3466 1386 3587 1455 qui-

1999 1449 2121 1506 dem
2137 1469 2322 1510 corum
2340 1469 2547 1527 partem
2561 1463 2900 1521 sustinebant
2917 1483 2934 1533 ;
2955 1468 3011 1525 in
3025 1473 3393 1531 consolatione
3403 1449 3583 1536 autem

1998 1544 2302 1602 universam
2331 1548 2460 1618 ipsis
2485 1567 2701 1610 causam
2721 1596 2737 1621 ,
2775 1572 2883 1613 non
2911 1559 3026 1616 suis
3051 1563 3328 1624 laboribus
3369 1569 3582 1632 adscri-

1996 1635 2093 1693 bit.
2131 1638 2331 1697 Deinde
2355 1645 2608 1713 quoniam
2644 1646 2714 1704 de
2737 1647 3119 1712 afflictionibus
3155 1662 3454 1729 generatim
3495 1665 3580 1720 lo-

1995 1729 2287 1798 quebatur,
2330 1733 2444 1803 jam
2487 1737 2665 1794 locum
2707 1756 2920 1814 quoque
2965 1756 3182 1814 narrat,
3228 1750 3283 1806 in
3323 1768 3432 1822 quo
3455 1753 3577 1814 lucc

1994 1833 2284 1915 perpessus
2322 1824 2412 1880 sit.
2442 1826 2496 1881 8.
2547 1827 2672 1884 Non
2713 1832 2848 1886 enim
2893 1834 3126 1894 volumus
3171 1855 3258 1897 vos
3300 1838 3611 1915 ignoraref

1991 1912 2174 1982 fratres
2195 1952 2209 1977 ,
2250 1913 2314 1968 de
2355 1916 2678 1976 tribulatione
2721 1933 2894 1980 nostra
2920 1942 3034 1997 quae
3079 1929 3220 2001 facta
3247 1912 3336 1990 est—
3348 1937 3489 1994 nobis

1989 2001 2130 2099 cisia.
2165 2002 2316 2099 Haec,
2347 2006 2552 2080 inquit,
2582 2011 2783 2070 idcirco
2812 2014 3040 2075 dicimus
3055 2061 3079 2088 ,,
3101 2037 3170 2079 ne
3198 2038 3262 2080 ea
3282 2067 3300 2094 ,
3319 2043 3441 2099 quae
3474 2043 3572 2087 no-

1989 2092 2070 2148 bis
2115 2095 2459 2166 acciderunt,
2510 2101 2789 2174 ignoretis.
2837 2107 3114 2180 Siquidem
3145 2092 3569 2184 rerum'nostra-

1986 2198 2106 2287 rum
2141 2196 2338 2242 statum
2367 2190 2519 2287 vobis
2566 2197 2906 2266 exploratum
2949 2217 3072 2260 esse
3098 2209 3377 2279 cupimus,
3409 2223 3570 2287 atque

1986 2273 2038 2328 id
2067 2291 2279 2366 summo
2303 2281 2484 2337 studio
2513 2299 2765 2344 curamus
2789 2307 2802 2344 :
2829 2292 2974 2362 quod
3020 2273 3238 2366 quidem
3274 2273 3566 2364 maximum

1985 2374 2066 2421 est
2089 2365 2398 2428 dilectionis
2421 2389 2818 2446 argumentum.
2851 2382 2964 2440 lloc
2989 2365 3170 2445 autem
3204 2391 3257 2447 in
3287 2397 3570 2465 superiore

1983 2471 2194 2530 quoque
2219 2463 2447 2532 epistola
2477 2468 2559 2524 liis
2584 2472 2762 2528 verbis
2793 2475 2942 2543 prius
2967 2479 3298 2550 signiticarat
3321 2504 3334 2542 :
3357 2463 3568 2548 Ostium

1981 2551 2106 2640 mihi
2132 2564 2364 2621 apertum
2383 2567 2457 2612 est
2481 2576 2725 2632 magnum
2744 2575 2790 2620 et
2813 2568 3034 2636 evidens,
3058 2582 3102 2627 et
3123 2575 3402 2634 adversarii
3428 2585 3564 2640 mul-

1982 2640 2021 2732 ti
2044 2638 2243 2711 Ephesi
2273 2643 2363 2718 (l.
2404 2647 2522 2704 Cor.
2557 2651 2645 2708 l6.
2673 2653 2762 2726 9).
2791 2655 2920 2713 Haec
2949 2659 3108 2730 igitur
3149 2665 3202 2721 in
3249 2638 3562 2732 memoriam

1979 2729 2110 2832 ipsis
2139 2735 2421 2832 redigens,
2467 2749 2629 2812 atque
2673 2760 2954 2816 exponens
2976 2729 3112 2822 qua:
3141 2757 3417 2829 subicrat,

1978 2820 2114 2921 l‘iolo
2146 2827 2305 2882 vobis
2331 2830 2565 2900 ignotam
2596 2849 2718 2892 esse
2747 2820 3092 2898 afﬂictionem
3124 2862 3244 2905 eam
3271 2820 3564 2921 αυείὲᾱιιέ

1978 2913 2031 2971 in
2055 2919 2182 3016 asia
2202 2922 2451 3016 contigit.
2465 2924 2617 2994 Quod
2641 2930 2802 2987 etiam
2830 2933 3027 3003 ipsum,
3050 2952 3173 2996 cum
3198 2941 3266 2998 ad
3288 2913 3561 3016 Ephesios

1976 3009 2272 3079 scriberet,
2319 3014 2548 3072 diccbat.
2594 3019 2727 3077 Nam
2757 3039 2877 3082 cum
2924 3026 3216 3101 Tychicum
3241 3035 3310 3096 ad
3335 3009 3432 3095 eos
3459 3042 3564 3100 sni-

1974 3103 2166 3169 sisset,
2194 3105 2332 3163 ltauc
2361 3109 2458 3180 ipsi
2495 3112 2845 3183 profectionis
2870 3134 3087 3180 causam
3111 3124 3283 3188 fuisse
3309 3145 3554 3192 comme-

1974 3207 2183 3296 morat:
2219 3199 2446 3272 ideoque
2473 3205 2722 3264 diccbat:
2758 3210 2826 3266 Ut
2852 3225 3022 3270 autent
3058 3219 3228 3278 sciatis
3255 3231 3303 3278 et
3331 3241 3416 3282 vos
3441 3245 3558 3296 qua

1973 3295 2107 3390 circa
2133 3305 2211 3343 me
2229 3303 2343 3390 sunt
2362 3334 2376 3358 ,
2401 3295 2522 3364 quid
2544 3299 2730 3367 faciam
2745 3342 2761 3369 ,
2786 3305 2957 3358 omnia
2979 3308 3117 3362 vobis
3139 3321 3259 3365 nota
3277 3316 3427 3384 faciet
3454 3295 3560 3390 Ty-

1971 3377 2162 3444 chicus,
2193 3383 2484 3440 carissimus
2510 3393 2673 3458 frater
2695 3401 2742 3445 et
2763 3393 2931 3456 ﬁdelis
2955 3399 3185 3456 ministcr
3208 3405 3260 3460 in
3278 3377 3522 3464 'Domim;
3540 3455 3554 3466 .
3598 3400 3600 3402 V

1969 3484 2117 3570 quem
2163 3473 2278 3526 misi
2319 3477 2387 3528 ad
2429 3493 2514 3532 vos
2540 3480 2596 3534 in
2645 3483 2740 3537 hoc
2766 3486 2956 3556 ipsum,
2999 3502 3054 3545 ut
3083 3500 3398 3563 cognoscatis
3437 3515 3556 3572 qua:

1970 3576 2220 3662 circaﬂpos
2261 3578 2401 3633 sunt,
2429 3581 2476 3625 et
2505 3575 2796 3630 consoletur
2823 3580 2980 3636 corda
3027 3595 3189 3641 vestra
3219 3587 3455 3662 (Ep/tes.
3493 3595 3582 3653 6..

1968 3650 2057 3751 3|.
2086 3653 2302 3751 22)._ln
2332 3660 2452 3716 aliis
2499 3679 2714 3736 quoque
2765 3671 3009 3741 epistolis
3049 3675 3154 3733 hoc
3182 3650 3359 3751 ipsum
3402 3650 3553 3746 facit.

1967 3740 2151 3816 Neque
2190 3746 2242 3849 id
2287 3763 2742 3821 supervacaneum
2771 3740 2888 3829 est,
2933 3765 3030 3822 sed

1967 3839 2368 3938 necessarium:
2422 3845 2616 3914 partim
2668 3850 2739 3908 ob
2787 3851 3061 3926 ingentem
3110 3839 3389 3930 caritatem
3441 3885 3553 3938 qua

1967 3926 2257 4020 discipulos
2283 3938 2710 4008 prosequebatur
2729 3985 2746 4011 ,
2779 3947 2971 4020 partim
2997 3950 3072 4006 ob
3097 3954 3342 4012 assiduas
3370 3926 3552 4017 tenta?

1970 4018 2179 4103 tiones,
2208 4022 2509 4116 inquibus
2561 4045 2848 4104 permagna
2889 4018 3189 4100 (unusolatio
3233 4057 3550 4116 erantcum-

1969 4119 2174 4202 pertum
2207 4112 2404 4170 habere
2428 4133 2658 4186 quonam
2679 4133 2822 4179 statu
2842 4135 3068 4200 utraque
3095 4146 3160 4185 ex
3187 4112 3455 4202 partc'rcs
3478 4155 3548 4198 se

1967 4198 2262 4258 haberent:
2295 4222 2400 4275 quo
2426 4209 2699 4279 nimirum,
2731 4215 2776 4269 si
2806 4198 2993 4272 tristes
3009 4229 3064 4276 et
3089 4198 3300 4282 accrbte
3323 4241 3506 4284 essent
3528 4273 3544 4297 ,

1965 4293 2032 4348 ad
2061 4310 2152 4350 eas
2194 4297 2541 4366 perferendas
2583 4317 2643 4358 se
2683 4319 3090 4380 compararent,
3121 4323 3285 4384 atque
3314 4316 3368 4374 in
3399 4293 3552 4377 solli-

1965 4387 2204 4486 citudine
2227 4391 2604 4462 cautioresque
2629 4407 2844 4466 essent;
2884 4401 2967 4456 sin
2996 4412 3180 4462 autem
3207 4406 3342 4468 lanae
3367 4426 3434 4468 ac
3458 4414 3552 4486 ju-

1965 4477 2176 4545 cundae,
2205 4479 2364 4537 simul
2387 4482 2704 4554 gauderent.
2733 4487 3000 4548 Caeterum
3023 4494 3123 4552 hoc
3153 4497 3273 4556 loco
3295 4512 3348 4558 et
3376 4477 3545 4568 tenta.-

1965 4569 2166 4668 ti-onum
2199 4570 2556 4668 invectionem
2577 4615 2594 4644 ,
2621 4587 2678 4633 et
2704 4594 2811 4650 quo
2836 4592 2992 4652 pacto
3033 4585 3117 4642 Itis
3140 4587 3397 4652 liberatus
3434 4600 3545 4668 sit,

1965 4662 2123 4717 simul
2148 4666 2387 4734 exponit.
2419 4667 2674 4736 Quoniam
2700 4688 2858 4743 supra
2897 4677 3102 4733 modum
3124 4685 3326 4752 gravati
3372 4662 3551 4748 sumus

1965 4771 2121 4826 supra
2151 4758 2382 4853 virtutem
2396 4776 2422 4824 ;
2441 4777 2557 4853 non
2597 4777 2753 4820 secus
2782 4765 3031 4825 videlicet
3056 4786 3120 4828 ac
3147 4777 3296 4834 navis
3331 4780 3547 4853 aliqua,

1962 4862 2084 4918 quae
2113 4850 2262 4920 gravi
2311 4852 2546 4921 quodam
2573 4869 2739 4911 onere
2781 4857 3128 4932 demergitur.
3176 4867 3352 4939 Atque
3382 4850 3545 4933 unam

1963 4940 2177 5010 quidem
2209 4952 2262 4997 et
2284 4944 2528 5000 eamdem
2556 4961 2671 5002 rem
2701 4947 2786 5004 bis
2816 4952 2992 5008 verbis
3033 4953 3340 5027 intelligere
3383 4961 3536 5020 vide-

1965 5041 2082 5100 tur,
2112 5049 2233 5090 cum
2261 5034 2429 5103 dixit,
2466 5035 2644 5108 Supra
2666 5041 2872 5096 modum
2891 5082 2908 5110 ,
2939 5051 3030 5112 et,
3061 5044 3238 5116 Supra
3275 5049 3509 5108 virtutem
3524 5072 3547 5124 ;

1968 5141 2074 5179 non
2108 5134 2283 5182 tamen
2318 5143 2420 5183 una
2441 5137 2528 5184 est
2549 5170 2566 5197 ,
2597 5129 2694 5188 sed
2723 5131 2864 5189 dum.
2894 5133 3106 5192 Etenim
3135 5152 3205 5193 ne
3229 5140 3350 5211 quis
3379 5142 3546 5212 dicat,

1963 5219 2104 5286 Quid
2130 5221 2272 5276 enim
2289 5261 2309 5294 ,
2339 5221 2385 5280 si
2405 5237 2568 5296 supra
2591 5223 2811 5286 modum
2839 5226 3054 5302 quidem
3076 5239 3192 5290 erat
3218 5233 3545 5308 periculum,

1963 5316 2115 5372 vobis
2143 5325 2319 5371 autem
2349 5331 2457 5378 non
2484 5331 2736 5388 magnum
2759 5318 2916 5376 erat?
2940 5319 3144 5380 idcirco
3172 5326 3445 5396 subdidit,
3476 5329 3548 5386 Et

1963 5423 2215 5480 magnum
2239 5417 2431 5465 eratet
2451 5408 2596 5464 vires
2621 5419 2836 5466 nostras
2855 5413 3172 5484 superabat,
3193 5424 3355 5487 atque
3375 5432 3547 5487 usque

1964 5499 2101 5557 adeo
2144 5501 2463 5571 superabat,
2496 5508 2556 5556 ut
2583 5501 2747 5558 etiam
2792 5502 2974 5561 vivere
3023 5519 3123 5560 nos
3153 5505 3412 5562 taederet:
3445 5506 3547 5562 hoc

1965 5603 2046 5650 est
2065 5632 2082 5659 ,
2109 5593 2306 5648 nullam
2343 5608 2496 5664 spem
2521 5603 2576 5651 et
2604 5596 3054 5666 exspectationem
3098 5593 3421 5652 haberemus
3447 5609 3549 5650 nos

1971 5687 2200 5762 aniplips
2229 5688 2485 5747 victuros.
2528 5687 2614 5747 ld-
2637 5689 2778 5760 quod
2812 5689 2976 5746 David
3021 5688 3308 5746 inferorum
3339 5694 3538 5759 portas.
