4018 6156
488 283 592 339 51ιό

479 401 560 448 'ac
588 403 774 467 partus
806 394 1019 448 dolores
1043 431 1055 449 .
1088 401 1138 445 ct
1173 389 1360 443 mortis
1395 387 1640 443 umbram
1675 384 1940 456 appellat,
1972 383 2075 438 hoc

497 487 747 540 nimirum
776 485 862 539 hic
891 499 1102 553 quoque
1131 481 1330 536 Paulus
1360 478 1525 543 dicit,
1558 475 1837 547 Ejusmodi
1862 475 2072 545 pericu-

497 580 600 633 lum
646 579 938 644 subiimus,
982 574 1125 646 quod
1176 573 1398 628 omnino
1443 579 1672 626 mortem
1723 568 1940 623 afferret
1970 607 1982 620 .
2015 565 2071 622 9.

496 671 602 726 Sed
630 671 730 740 ipsi
757 672 810 724 in
837 669 977 722 nobis
1005 668 1132 738 ipsis
1155 680 1452 736 responsum
1487 662 1661 716 mortis
1692 660 1989 725 habuimus,
2019 668 2074 710 ut

495 779 591 815 non
621 762 779 816 simus
828 759 1038 828 ﬁdentes
1065 759 1117 812 in
1168 755 1310 811 nobis
1331 747 1460 821 ,sed
1490 755 1544 807 in
1573 751 1681 806 Deo
1727 752 1810 820 qui
1863 749 2073 804 suscitat

494 863 733 906 mortuos.
761 851 897 919 Quid
925 860 1008 906 est
1025 892 1038 915 ,
1075 850 1390 920 Responsum
1413 844 1588 900 mortis
1611 842 1920 897 habuimus?
1940 840 2074 896 Scu-

493 943 748 1007 tentiam,
776 940 1072 1010 judicium,
1105 938 1578 1008 ess-pectationem.
1609 933 1792 988 Talem
1821 931 1961 986 enim
1985 945 2071 985 res
2111 1012 2124 1017 -

492 1037 621 1105 ipsa:
664 1048 848 1088 vocem
892 1032 1207 1095 mittebant,
1250 1029 1357 1084 tale
1403 1041 1721 1097 responsum
1773 1023 1970 1079 dabant
2009 1037 2071 1077 ea

491 1142 607 1197 qua:
638 1132 962 1188 evenerant,
997 1137 1193 1192 nempe
1217 1121 1358 1191 quod
1390 1119 1692 1175 certissime
1721 1116 1963 1170 morituri
1986 1129 2076 1170 es-

492 1233 691 1272 semus.
727 1217 921 1271 Verum
959 1215 1008 1270 id
1042 1227 1208 1285 ttSqne
1237 1214 1303 1268 ad
1350 1227 1464 1267 rem
1493 1213 1665 1282 ipsam
1692 1209 1912 1264 minime
1945 1221 2072 1277 pro-

491 1311 680 1373 cessit,
738 1309 832 1364 sed
885 1309 1020 1363 intra
1073 1305 1432 1377 suspicionem
1499 1312 1738 1358 nostram
1803 1299 2064 1355 substitit.

491 1403 818 1470 Quamquam
850 1400 990 1454 enim
1022 1413 1200 1452 rerum
1228 1405 1414 1449 natura
1447 1394 1548 1448 hoc
1593 1390 2068 1463 pronuntiaverat,

491 1502 667 1546 tantcn
716 1492 807 1546 Dei
854 1493 1085 1560 potentia
1126 1489 1447 1543 sententiam
1497 1487 1549 1538 in
1595 1497 1730 1554 Opus
1773 1483 1924 1538 exire
1965 1496 2070 1535 non

491 1597 646 1654 passa
673 1589 777 1648 est,
807 1581 902 1636 sed
932 1581 986 1634 in
1011 1581 1125 1635 sola
1155 1587 1338 1634 nostra
1362 1578 1684 1648 cogitatione
1711 1584 1873 1645 atque
1898 1575 1949 1629 itt
1975 1589 2071 1628 ex—

490 1677 820 1744 spectatione
851 1674 953 1730 hoc
981 1674 1298 1743 contingere
1346 1672 1589 1742 permisit
1625 1689 1638 1725 :
1689 1669 1919 1740 ideoque
1961 1669 2071 1734 ait,

489 1766 557 1822 In
597 1766 741 1822 nobis
773 1767 899 1836 ipsis
941 1781 1238 1835 responsum
1266 1764 1441 1817 mortis
1468 1762 1768 1828 habuimus,
1803 1761 1985 1815 nonin
2015 1775 2074 1815 re

489 1863 625 1929 ipsa.
656 1859 766 1913 Cur
791 1867 966 1913 autem
996 1869 1199 1911 tantum
1229 1855 1523 1925 periculum
1553 1853 1707 1908 nobis
1739 1852 1912 1907 creari
1944 1865 2072 1920 per—

489 1951 725 2014 miserit,
757 1958 813 2002 ut
842 1951 963 2002 vitae
989 1963 1112 2016 spes
1141 1947 1316 2001 omnis
1346 1947 1500 2000 nobis
1527 1955 1709 2014 erepta
1741 1944 1922 1999 esset?
1951 1940 2034 1996 Ne
2053 1982 2071 2008 ,

489 2043 694 2112 inquit,
728 2043 941 2110 ﬁdentes
967 2043 1123 2094 simus
1150 2041 1203 2092 in
1230 2040 1372 2092 nobis
1390 2079 1403 2103 ,
1435 2041 1522 2091 sed
1549 2039 1601 2090 in
1631 2037 1760 2091 Deo.

558 2135 613 2188 5.
639 2134 733 2188 llis
768 2143 945 2188 autem
973 2132 1150 2186 verbis
1185 2131 1380 2185 Paulus
1405 2171 1420 2197 ,
1451 2146 1556 2184 non
1590 2130 1731 2200 quod
1762 2129 1874 2199 ipse
1905 2129 1976 2183 ita
1998 2128 2076 2183 af-

489 2226 659 2280 fectus
685 2235 860 2288 esset,
895 2224 1034 2278 absit
1057 2223 1160 2276 hoc
1183 2263 1198 2286 ,
1238 2222 1333 2277 scd
1368 2231 1423 2275 ut
1452 2223 1585 2276 alios
1625 2237 1718 2292 per
1741 2237 1827 2288 ea,
1857 2237 1975 2291 qum
2005 2220 2074 2276 de

489 2318 670 2385 seipso
697 2315 929 2381 dicebat,
957 2315 1279 2376 institueret,
1313 2313 1575 2382 simulque
1605 2314 1764 2367 etiam
1796 2313 2072 2369 modestia:

487 2406 668 2460 studio
688 2405 901 2471 ductus,
927 2405 1175 2459 utebatur
1205 2422 1217 2456 :
1244 2404 1677 2474 quandoquidem
1706 2405 1758 2458 in
1787 2420 2072 2475 progressu

488 2513 701 2569 quoque
726 2498 820 2563 ait,
870 2497 1039 2550 Datus
1074 2505 1146 2551 est
1189 2497 1314 2550 mihi
1360 2495 1595 2550 stimulus
1621 2497 1788 2551 carnis
1841 2497 1917 2569 (2.
1950 2497 2067 2554 Cor.

488 2590 577 2645 12.
628 2591 708 2661 7),
757 2589 860 2644 hoc
903 2597 1006 2655 est,
1059 2587 1402 2656 tentationes,
1433 2596 1490 2642 ut
1524 2603 1592 2644 ne
1621 2589 1872 2644 extollar.
1911 2591 2072 2661 Atqui

485 2681 630 2737 Deus
660 2697 766 2735 non
797 2681 919 2736 ideo
959 2694 1019 2735 se
1050 2679 1361 2749 permisisse
1385 2679 1478 2746 ait,
1509 2679 1602 2736 sed
1625 2681 1844 2736 alteram
1868 2681 1937 2737 ob
1956 2696 2073 2737 cau-

482 2790 624 2830 sam.
670 2774 839 2843 Quam
891 2773 1160 2829 tandem?
1211 2773 1470 2828 Nimirum
1517 2784 1575 2828 ιιι
1622 2775 1789 2845 ipsius
1833 2777 2072 2848 potentia

487 2868 656 2937 magis
683 2868 919 2922 eluceret
949 2885 961 2920 :
986 2865 1186 2937 Sufﬁcit
1213 2866 1357 2921 enim
1381 2866 1486 2930 tibi,
1517 2866 1708 2936 inquit,
1738 2867 1905 2937 gratia
1925 2881 2071 2932 mea;

489 2976 606 3012 nam
636 2959 793 3013 virtus
835 2973 945 3011 mea
989 2957 1040 3010 in
1072 2957 1367 3025 inﬁrmitate
1404 2957 1668 3026 per/icitur
1703 2956 1864 3029 (Ibid.
1897 2973 1946 3010 v.
1988 2959 2069 3028 7).

487 3049 727 3114 Verum,
758 3057 816 3102 ut
857 3063 885 3101 a
917 3062 1003 3101 mc
1047 3047 1247 3101 dictum
1287 3057 1390 3115 est,
1439 3062 1701 3117 nusquam
1729 3063 1907 3103 n‘tores
1944 3064 2071 3104 suos

486 3141 839 3205 obliviscitur,
871 3141 1105 3210 scipsutn
1138 3141 1277 3194 inter
1305 3155 1399 3195 eos
1419 3181 1435 3208 ,
1473 3142 1563 3210 qui
1590 3140 1752 3210 longe
1787 3141 2068 3198 inferiores

485 3244 639 3290 erant
675 3248 738 3289 ac
777 3232 944 3288 multa
983 3233 1263 3301 disciplina
1295 3241 1350 3288 et
1382 3232 1718 3287 correctione
1743 3247 1877 3303 opus
1906 3233 2072 3289 habe-

482 3330 633 3394 bant,
685 3341 996 3383 acccnsens.
1049 3327 1181 3380 Nam
1240 3325 1458 3397 alioqui,
1509 3340 1632 3380 cum
1678 3326 1747 3382 ad
1791 3326 2067 3382 meliorem

484 3432 717 3476 mentem
741 3419 1072 3475 revocandos
1099 3420 1260 3474 etiam
1284 3420 1534 3490 vulgares
1554 3418 1820 3487 homines,
1853 3435 1956 3474 una
1978 3430 2071 3476 aut

481 3517 646 3570 altera
713 3513 935 3570 tentatio
987 3522 1170 3568 coorta
1225 3512 1514 3578 sufficiat;
1563 3529 1795 3583 quonam
1853 3513 2066 3570 tandem

482 3608 642 3661 modo
666 3606 732 3672 is,
758 3606 848 3675 qui
873 3619 1036 3674 supra
1077 3606 1334 3660 mortales
1363 3619 1552 3660 omnes
1578 3603 1932 3660 humilitatem
1973 3621 2069 3675 per

481 3712 696 3750 omnem
735 3697 860 3750 vita:
905 3710 1121 3749 cursum
1149 3696 1411 3762 coluerat,
1445 3696 1702 3766 pluraque
1728 3711 1888 3766 quam
1920 3697 2070 3765 quis-

484 3803 643 3856 quam
672 3787 805 3840 alius
835 3801 1114 3855 perpessus
1152 3786 1344 3850 fuerat,
1379 3797 1500 3856 post
1527 3797 1604 3840 tot
1637 3803 1806 3841 annos
1832 3803 1896 3843 ac
1920 3787 2066 3842 cmlis

481 3880 695 3947 dignam
724 3875 1134 3946 philosophiam,
1151 3876 1252 3931 hac
1271 3877 1634 3932 admonitione
1658 3895 1791 3948 opus
1807 3879 2068 3935 haberet?

490 3969 563 4023 Ex
594 3983 700 4038 quo
727 3967 1068 4038 perspicuum
1099 3967 1228 4022 illud
1271 3979 1353 4022 est
1375 4010 1391 4036 ,
1422 3984 1544 4023 cum
1582 3971 1684 4025 hoc
1722 3971 1840 4027 loco
1871 3971 2064 4042 partim

486 4061 760 4117 modestia:
786 4061 986 4127 studio,
1016 4061 1206 4131 partim
1230 4071 1414 4128 uteos,
1444 4063 1531 4133 qui
1561 4062 1626 4118 de
1648 4063 1840 4133 seipsis
1862 4067 2065 4132 magni-

483 4156 580 4210 tlce
607 4153 909 4210 sentiebant
937 4163 1095 4224 atque
1133 4161 1445 4222 arroganter
1474 4168 1531 4207 se
1553 4153 1846 4222 jactabant,
1879 4155 2062 4224 depri-

480 4257 655 4302 meret
676 4262 738 4301 ac
767 4255 1065 4311 coerceret,
1101 4245 1183 4298 his
1222 4244 1400 4298 verbis
1441 4260 1594 4298 usum
1620 4245 1819 4311 fuisse,
1864 4246 1932 4302 Ut
1961 4265 2061 4302 non

477 4342 635 4394 simus
666 4339 877 4408 ﬁdentes
905 4338 957 4392 in
987 4337 1148 4402 nobis,
1179 4337 1269 4391 sed
1292 4337 1344 4390 in
1375 4335 1498 4410 Deo.
1531 4339 1609 4393 Ac
1634 4337 1753 4393 vide
1792 4339 2062 4409 quomodo

480 4434 581 4486 hac
621 4446 832 4501 quoque
862 4430 1068 4485 ratione
1108 4430 1316 4484 animos
1356 4444 1542 4484 eorum
1580 4426 1819 4484 deliniat.
1862 4431 2062 4487 Tenta-

477 4528 654 4579 tiones
682 4527 824 4578 enim
849 4565 864 4588 ,
897 4523 1103 4593 inquit,
1137 4533 1312 4578 vestra
1339 4539 1498 4577 causa
1531 4523 1684 4577 nobis
1712 4524 1896 4579 inferri
1933 4541 2059 4595 per-

479 4617 659 4671 missa:
685 4627 839 4680 sunt;
869 4626 1014 4670 tanto
1041 4616 1091 4669 in
1117 4616 1289 4686 pretio
1315 4630 1410 4670 vos
1441 4616 1580 4670 Deus
1606 4615 1767 4672 habet
1797 4636 1808 4669 :
1839 4619 1904 4674 Si
1926 4621 2059 4676 enim

476 4707 780 4761 tribulamur
799 4749 814 4772 ,
845 4707 1036 4777 inquit,
1066 4724 1158 4776 pro
1186 4716 1350 4761 vestra
1388 4707 1734 4762 consolatione
1762 4718 1808 4762 et
1845 4711 2010 4765 salute
2038 4727 2058 4766 :

477 4809 534 4852 at
581 4797 862 4852 immodica
921 4797 1278 4852 calamitatum
1336 4797 1645 4868 magnitudo
1697 4811 1915 4871 prepter
1955 4819 2057 4859 nos

475 4891 697 4962 contigit
719 4932 734 4957 ,
781 4905 848 4945 ne
894 4889 1172 4960 magnifice
1204 4891 1497 4946 sentiamus
1529 4909 1544 4945 :
1575 4891 1714 4946 Nam
1747 4911 1904 4964 supra
1928 4897 2056 4951 vires

473 4985 732 5056 aggravati
762 5000 954 5048 sumus,
984 4992 1039 5036 ut
1069 4998 1130 5035 ne
1157 4984 1367 5049 ﬁdentes
1396 4983 1554 5037 simus
1580 4986 1634 5037 in
1657 4986 1946 5055 nobisipsis,
1965 4989 2055 5043 sed

470 5078 524 5129 in
553 5075 658 5129 Deo
694 5076 782 5146 qui
810 5075 1019 5129 suscitat
1057 5083 1300 5128 mortuos.
1329 5074 1536 5130 Rursus
1564 5075 1861 5132 doctrinam
1883 5077 1950 5133 de
1971 5096 2056 5136 re-

472 5169 821 5233 surrectione,
850 5167 917 5223 de
943 5183 1047 5237 qua
1077 5177 1153 5221 tot
1183 5168 1235 5221 in
1261 5167 1426 5238 priori
1460 5168 1686 5238 epistola
1722 5171 1883 5225 verba
1911 5171 2053 5226 fece-

470 5267 576 5321 rat,
618 5257 670 5311 in
710 5259 1022 5312 memoriam
1064 5257 1193 5326 ipsis
1229 5267 1478 5323 revocat,
1521 5267 1684 5328 atque
1712 5275 1743 5313 a
1771 5261 2053 5329 praesenti-

469 5351 571 5405 bus
589 5348 751 5404 rebus
795 5349 844 5402 ei
887 5347 1049 5403 ﬁdem
1073 5348 1342 5402 adstruit:
1375 5348 1518 5404 unde
1543 5350 1704 5404 etiam
1748 5350 2045 5419 subjunsit,

466 5442 555 5498 10.
590 5440 690 5507 Qui
710 5441 773 5494 de
799 5440 953 5494 tantis
998 5439 1239 5494 mortibus
1262 5456 1353 5494 nos
1377 5441 1585 5511 eripuit.
1617 5440 1732 5497 Non
1769 5441 1933 5510 dixit,
1964 5441 2046 5498 Ex

465 5545 542 5592 tot
568 5535 820 5608 periculis
852 5551 865 5588 :
895 5547 1003 5605 quo
1029 5532 1186 5587 simul
1212 5542 1266 5588 et
1286 5532 1674 5589 intolerandam
1693 5533 2043 5589 tentationum

462 5629 806 5683 acerbitatem
847 5624 1116 5690 ostendat,
1145 5633 1201 5679 et
1226 5624 1374 5679 illum
1403 5639 1562 5694 quem
1593 5625 1703 5680 dixi
1734 5641 2038 5682 sermonem

463 5718 761 5778 conﬁrmet.
809 5719 1066 5790 Quoniam
1102 5717 1278 5775 futura
1310 5732 1397 5774 res
1427 5727 1541 5772 erat
1571 5719 1895 5776 resurrectio
1915 5759 1929 5786 ,
1960 5719 2039 5775 id-

1199 279 1256 334 S.
1294 275 1572 332 JOANNIS
1609 269 2078 328 CHRYSOSTOM!
2116 269 2429 326 AllCHIEP.
2469 270 2997 332 CONSTANTINOP.

2181 384 2324 438 circo
2351 382 2490 441 hanc
2519 386 2755 456 quotidie
2781 388 2894 444 ﬂeri
2923 387 3175 444 ostendit.
3200 386 3334 444 Nam
3359 403 3482 444 cum
3507 389 3653 445 Deus
3675 391 3771 447 lto—

2183 476 2407 541 minem,
2437 474 2505 532 de
2531 492 2638 547 quo
2666 493 2791 548 spes
2815 480 2997 535 omnis
3018 480 3128 550 jam
3155 479 3364 551 abjecta
3392 489 3529 548 erat,
3572 484 3771 554 quique

2181 567 2247 621 ad
2275 569 2415 637 ipsas
2439 584 2606 639 usque
2637 573 2824 626 mortis
2867 581 3052 643 portas
3074 581 3411 639 accesserat,
3441 573 3495 628 in
3536 574 3770 631 sublime

2181 668 2417 724 revocat,
2460 659 2594 714 nihil
2639 661 2782 716 aliud
2826 677 2984 731 quam
3034 663 3450 718 resurrectionis
3495 666 3768 734 specimen

2181 751 2414 820 przebet,
2446 751 2514 808 ab
2542 753 2672 822 ipsis
2701 755 2890 810 mortis
2918 754 3159 810 faucibus
3179 771 3302 811 eum
3342 757 3647 823 retrahens,
3677 758 3768 829 qui

2180 845 2233 898 in
2281 859 2373 900 eas
2418 845 2696 901 inciderat.
2749 847 2870 914 Quo
2907 849 3067 904 etiam
3106 848 3185 916 lit,
3240 857 3298 903 ut
3347 849 3417 904 de
3439 849 3645 914 multis,
3675 852 3769 920 qui

2178 951 2299 991 cum
2331 936 2399 990 ab
2422 939 2670 992 omnibus
2691 938 2956 1008 deplorati
2978 939 3198 1006 fuerint,
3221 954 3285 994 ac
3304 939 3502 996 deinde
3521 956 3591 996 ex
3618 942 3770 1012 gravi

2178 1028 2368 1083 morbo
2387 1037 2478 1083 aut
2499 1029 2850 1085 intolerandis
2867 1031 3180 1100 quibusdam
3199 1031 3585 1087 tentationibus
3598 1048 3772 1089 emer-

2179 1119 2370 1187 serint,
2402 1120 2532 1175 illud
2574 1123 2818 1191 usurpari
2860 1122 3032 1178 soleat
3060 1141 3076 1178 :
3107 1122 3439 1179 Morinorum
3487 1141 3769 1182 resurrec-

2178 1211 2376 1265 tionem
2424 1212 2476 1265 in
2508 1211 2610 1267 hoc
2653 1212 2873 1268 homine
2914 1213 3166 1268 vidimus.
3197 1213 3277 1268 1η-
3306 1232 3454 1286 quem
3499 1233 3769 1286 speramus

2176 1305 2416 1373 quoniam
2443 1315 2492 1360 et
2519 1306 2688 1360 adhuc
2710 1307 2920 1378 eripiet,
2960 1309 3048 1364 Η.
3073 1308 3435 1379 adjuvantibus
3454 1310 3609 1364 etiam
3630 1310 3767 1366 vobis

2176 1394 2231 1448 in
2268 1397 2496 1450 oratione
2541 1414 2634 1468 pro
2663 1397 2804 1454 nobis
2833 1414 2854 1452 :
2881 1407 2935 1452 ut
2965 1415 3028 1452 ex
3056 1399 3332 1452 multorum
3365 1403 3596 1470 personis
3629 1402 3763 1472 ejus,

2177 1503 2290 1556 quae
2315 1488 2368 1541 in
2398 1489 2541 1543 nobis
2562 1499 2668 1555 est,
2698 1491 2988 1544 donationis
3021 1507 3112 1559 per
3138 1491 3320 1544 multos
3339 1491 3521 1561 gratia:
3541 1502 3765 1563 agantur

2177 1595 2270 1646 pro
2301 1579 2460 1632 nobis.
2506 1577 2768 1647 Quoniam
2799 1579 2853 1636 id
2881 1580 3022 1650 quod
3068 1580 3296 1647 dixerat,
3333 1579 3401 1635 Ut
3427 1598 3492 1635 ne
3511 1583 3672 1637 simus
3704 1583 3767 1652 [i-

2177 1667 2350 1722 dentes
2391 1670 2444 1722 in
2482 1670 2772 1739 nobisipsis,
2813 1686 3099 1727 commune
3142 1672 3346 1727 crimen
3397 1680 3456 1727 et
3493 1673 3767 1728 accusatio

2176 1774 2297 1815 esse
2327 1761 2628 1830 videbatur,
2657 1780 2778 1835 qua:
2807 1765 3095 1821 nonnullos
3135 1781 3322 1821 eorum
3351 1769 3764 1838 perstringere;

2176 1854 2383 1924 mitigat
2407 1871 2596 1911 rursus
2620 1856 2670 1910 id
2698 1857 2839 1926 quod
2867 1857 3022 1921 dixit,
3048 1873 3238 1928 preces
3267 1859 3506 1928 ipsorum
3534 1862 3766 1932 ingentis

2181 1945 2412 2012 praesidii
2442 1946 2562 2000 loco
2591 1947 2905 2016 implorans,
2936 1948 3170 2018 illudque
3199 1949 3362 2004 simul
3389 1950 3654 2016 indicans,
3685 1953 3765 2007 vi-

2179 2045 2284 2090 tam
2325 2046 2564 2091 nostram
2606 2039 2657 2092 in
2692 2050 2944 2108 perpetua
2988 2055 3115 2094 cura
3155 2050 3208 2095 et
3249 2041 3604 2097 sollicitudine
3637 2058 3765 2099 esse

2176 2139 2446 2198 oportere.
2479 2131 2610 2186 Nam
2639 2131 2761 2185 dum
2790 2133 2885 2198 ait,
2921 2132 3202 2204 Speramus
3245 2143 3412 2187 autem
3437 2136 3678 2204 quoniam
3717 2145 3765 2190 et

2179 2223 2347 2278 adhuc
2374 2225 2571 2292 eripiet,
2606 2225 2893 2278 multarum
2925 2226 3274 2279 tentatioutun
3300 2241 3490 2297 agnten
3520 2243 3763 2298 prtenun-

2177 2315 2292 2381 tiat,
2321 2331 2419 2370 nec
2450 2325 2625 2372 tamen
2654 2331 2875 2386 usquam
2907 2316 3311 2372 derelictiOnem
3333 2358 3348 2382 ,
3377 2317 3473 2373 sed
3503 2319 3759 2375 auxilium

2175 2423 2238 2462 ac
2263 2409 2554 2478 suppetias.
2586 2408 2788 2463 Deinde
2806 2449 2822 2473 ,
2850 2423 2918 2463 ne
2947 2407 3067 2464 ideo
3091 2408 3287 2462 animis
3312 2419 3758 2478 consternantur,

2173 2499 2316 2570 quod
2333 2499 2553 2554 audiant
2574 2499 2712 2565 fore,
2735 2509 2792 2554 ut
2813 2500 2864 2554 in
2889 2500 3167 2570 perpetuis
3187 2499 3436 2569 periculis
3455 2511 3758 2567 versentur,

2173 2594 2322 2662 prius
2358 2592 2609 2663 quidnam
2636 2592 2872 2661 pericula
2903 2591 3146 2646 uti-litatis
3171 2591 3399 2646 all'eraat
3421 2591 3758 2648 demonstra-

2174 2684 2268 2749 vit,
2299 2699 2511 2754 nempe,
2546 2682 2627 2737 Ne
2671 2684 2828 2737 simus
2847 2683 3058 2751 ﬁdentes
3096 2682 3151 2734 in
3187 2681 3478 2750 nobisipsis,
3521 2681 3626 2738 hoc
3653 2694 3755 2750 est,

2173 2786 2232 2829 ut
2261 2777 2403 2830 Deus
2434 2789 2534 2830 nos
2578 2775 2631 2829 in
2660 2783 2913 2844 perpetua
2941 2774 3244 2828 humilitate
3265 2775 3576 2842 contineat;
3616 2786 3670 2832 et
3701 2785 3757 2830 ut

2171 2866 2318 2920 salus
2372 2880 2557 2921 eorum
2612 2877 2966 2936 procuretur,
3021 2877 3188 2935 atque
3233 2866 3342 2921 alia
3390 2868 3555 2924 etiam
3605 2869 3754 2940 plura

2171 2959 2466 3026 exsistant,
2523 2959 2669 3014 velut
2729 2957 2944 3013 Christo
2998 2958 3432 3024 communicare;
3483 2960 3754 3015 Abundans

2169 3051 2312 3106 enim
2331 3093 2346 3119 ,
2379 3051 2572 3121 inquit,
2617 3052 2876 3121 passiones
2910 3048 3099 3104 Christi
3127 3052 3181 3104 in
3208 3051 3352 3106 nobis
3372 3067 3394 3116 ,'
3417 3059 3472 3107 et
3495 3067 3594 3121 pro
3619 3053 3750 3108 lide-

2173 3144 2308 3199 libus
2340 3143 2475 3213 pati;
2509 3142 2628 3198 Sive
2652 3143 2797 3198 enim
2835 3144 3162 3210 tribulamur,
3209 3144 3412 3214 inquit,
3442 3159 3536 3214 pro
3579 3154 3745 3198 vestra

2169 3236 2512 3290 consolatione
2535 3252 2594 3290 ac
2617 3234 2815 3302 salute;
2835 3247 2943 3292 tum
2963 3238 3126 3292 etiam
3141 3237 3285 3308 quod
3308 3237 3420 3293 hxcc
3438 3237 3557 3308 ipsa
3577 3237 3746 3308 magis

2168 3328 2408 3393 eluceat;
2456 3327 2533 3382 sic
2577 3327 2720 3382 enim
2770 3326 2864 3393 ait,
2920 3328 3046 3394 Qua:
3099 3338 3341 3400 operatur
3385 3328 3440 3382 in
3482 3328 3748 3382 tolerantia

2169 3419 2458 3474 earumdem
2482 3420 2811 3489 passionum;
2839 3419 2966 3474 illud
3000 3420 3147 3484 item,
3172 3419 3314 3489 quod
3343 3419 3469 3474 hinc
3498 3418 3658 3475 fortes
3685 3434 3752 3474 ac

2170 3513 2458 3566 tolerantes
2495 3510 2830 3576 elﬁciantur;
2877 3525 2940 3564 ac
2986 3520 3269 3580 praeterea,
3322 3511 3467 3582 quod
3517 3525 3751 3568 resurre-

2167 3603 2400 3658 ctionem
2450 3612 2575 3656 ante
2625 3603 2810 3656 oculos
2853 3617 2979 3656 suos
3009 3602 3354 3673 eﬂulgentem
3378 3616 3634 3670 cernant;
3667 3602 3754 3657 Es

2169 3696 2321 3750 tantis
2349 3695 2515 3760 enim,
2573 3695 2774 3764 inquit,
2823 3696 3066 3748 mortibus
3112 3712 3203 3749 nos
3247 3697 3469 3764 eripuit;
3513 3697 3581 3752 ad
3631 3696 3752 3750 hrrc

2165 3787 2308 3858 quod
2343 3803 2407 3843 ea
2450 3787 2657 3843 ratione
2707 3787 2919 3842 solliciti
2964 3787 3274 3852 reddantur,
3319 3795 3480 3856 atque
3528 3786 3580 3840 in
3617 3801 3744 3840 eum

2165 3895 2379 3949 semper
2431 3879 2719 3949 respiciant
2753 3897 2766 3933 :
2799 3879 3079 3948 Speremus
3133 3879 3297 3942 enim,
3355 3876 3559 3946 inquit,
3604 3877 3745 3946 quod

2165 3972 2383 4040 eripiet;
2423 3986 2486 4024 ac
2535 3970 2802 4039 denique,
2868 3969 3011 4041 quod
3085 3970 3326 4040 precibus
3386 3967 3531 4023 aflixi
3594 3968 3742 4033 sint;

2166 4061 2534 4132 Adjuvantibus
2559 4063 2727 4126 enim,
2758 4062 2948 4132 inquit,
2972 4062 3106 4116 vobis
3131 4062 3186 4116 in
3215 4061 3439 4117 oratione
3459 4078 3552 4130 pro
3577 4061 3746 4117 nobis.

2165 4153 2516 4222 Posteaquam
2559 4153 2715 4223 igitur
2752 4151 3101 4207 alﬂictionum
3147 4153 3430 4208 utilitatem
3471 4151 3746 4218 ostendit,

2163 4262 2227 4300 ac
2255 4245 2446 4300 deinde
2472 4245 2885 4300 sollicitudinem
2915 4246 3044 4314 ipsis
3073 4245 3286 4314 injecit,
3330 4259 3519 4301 rursus
3555 4261 3746 4300 eorum

2162 4339 2370 4392 animos
2416 4338 2559 4391 acuit
2600 4346 2760 4404 atque
2793 4335 2859 4390 ad
2891 4337 3136 4392 virtutem
3166 4338 3526 4407 promptiores
3554 4337 3748 4404 efticit,

2163 4445 2411 4498 maguum
2444 4429 2680 4498 ipsorum
2720 4429 2967 4498 precibus
2994 4429 3356 4483 testimoniutn
3385 4429 3672 4496 tribuens,
3703 4430 3749 4484 si

2159 4522 2373 4592 quidem
2420 4521 2491 4575 ob
2524 4535 2616 4575 eas
2647 4521 2870 4574 Paulum
2902 4520 3030 4591 ipsis
3056 4519 3306 4575 donarint
3332 4538 3345 4577 ε
3374 4519 3752 4591 Adjuvantibus

2159 4615 2325 4679 enim,
2355 4613 2546 4682 inquit,
2575 4613 2712 4666 vobis
2736 4614 2786 4666 in
2815 4614 3058 4667 oratione.
3090 4611 3227 4680 Qttid
3254 4623 3433 4667 autem
3463 4622 3572 4681 est,
3607 4614 3676 4669 Ut
3697 4615 3752 4668 in

2159 4706 2328 4760 multis
2368 4705 2594 4774 personis
2638 4707 2769 4774 ejus,
2796 4721 2908 4773 qua:
2931 4707 2984 4758 in
3027 4706 3170 4760 nobis
3197 4716 3300 4771 est,
3333 4706 3632 4762 donationis
3661 4725 3753 4778 per

2158 4797 2342 4852 multos
2379 4797 2558 4866 gratiae
2589 4807 2808 4867 agantur
2849 4814 2941 4866 pro
2986 4798 3175 4851 nobis?
3204 4798 3281 4852 Ex
3325 4798 3594 4853 mortibus
3643 4800 3752 4853 illis

2158 4907 2255 4946 nos
2283 4891 2506 4961 eripuit,
2552 4891 2931 4959 adjuvantibus
2970 4893 3131 4945 etiam
3177 4891 3328 4946 vobis
3371 4891 3424 4946 in
3465 4893 3748 4958 oratione,

2157 4983 2330 5052 inquit
2360 4997 2374 5034 :
2409 4981 2512 5036 hoc
2539 4993 2643 5048 est,
2675 4983 2830 5037 vobis
2859 4982 3110 5037 omnibus
3142 4992 3324 5037 nostra
3350 4996 3511 5038 causa
3540 4983 3752 5056 depre-

2155 5077 2422 5132 cantibus.
2454 5076 2777 5131 Benelicium
2802 5075 2944 5130 enim
2972 5076 3025 5130 itt
3055 5091 3154 5130 nos
3182 5076 3436 5130 collatum
3460 5118 3475 5142 ,
3503 5074 3615 5132 hoc
3637 5087 3750 5144 est,

2155 5170 2381 5223 salutem
2425 5179 2685 5234 nostram,
2725 5168 2877 5222 vobis
2916 5169 3167 5224 omnibus
3207 5167 3386 5238 largiri
3430 5169 3655 5226 voluit:
3691 5181 3754 5227 ut

2155 5261 2335 5315 multa:
2385 5275 2630 5329 persome
2680 5260 2880 5328 gratias
2927 5260 3026 5328 ipsi
3068 5268 3248 5329 agant,
3299 5259 3748 5329 quandoquidem

2152 5353 2333 5405 multa:
2357 5366 2571 5422 quoque
2590 5353 2815 5422 gratiam
2841 5360 3182 5421 acceperunt.

2219 5445 2271 5497 4.
2301 5444 2426 5498 Haec
2449 5459 2607 5513 porro
2633 5459 2699 5499 eo
2728 5445 2959 5510 dicebat,
2981 5445 3170 5512 partim
3199 5452 3256 5497 ut
3277 5443 3424 5514 ipsos
3448 5443 3518 5499 ad
3545 5459 3750 5515 preces

2147 5535 2370 5588 aliorum
2399 5549 2611 5604 quoque
2651 5551 2809 5590 causa
2866 5534 3160 5589 fundendas
3197 5535 3484 5599 excitaret,
3534 5538 3747 5606 partim

2147 5627 2272 5680 itent
2301 5635 2358 5679 ut
2381 5641 2478 5696 pro
2506 5625 2571 5680 iis
2600 5627 2760 5680 etiam
2807 5625 3231 5689 calamitatibus,
3262 5626 3460 5696 quibus
3490 5626 3582 5680 alii
3616 5629 3746 5682 alti-

2142 5731 2425 5790 cercntur,
2456 5723 2640 5794 gratiis
2670 5721 2782 5778 Deo
2801 5733 3013 5791 semper
3036 5714 3258 5786 agendis
3303 5718 3452 5788 ipsos
3490 5718 3745 5776 assuefa-
