4018 6156
351 269 459 327 395

347 402 588 439 κτον-τα.
628 383 780 438 Ἀλλ’
812 383 980 438 αὐτοί
1019 384 1089 436 ὲν
1115 382 1346 448 ἑαυτοῖς
1386 383 1450 435 τὸ
1486 383 1786 450 ἀπόκριμα
1818 381 1924 433 τοῦ

345 481 608 534 Θανάτου
639 478 1006 549 ἐσχήκαμεν,
1033 480 1132 532 ἶνα
1157 478 1243 547 μὴ
1275 478 1628 542 πεποιθότες
1647 472 1809 546 ὦμεν
1833 474 1926 543 ἐφ’

346 575 608 642 ἑαυτοῖς,
642 577 779 630 ἀλλ’
807 575 905 628 ἐπὶ
937 574 1014 638 τῷ
1044 573 1166 638 Θεῷ
1216 573 1296 639 τῷ
1339 573 1626 642 ἐγείροντι
1660 571 1801 638 τοὺς
1827 588 1928 625 νε-

348 671 555 738 κρούς.
617 672 681 723 Τί
733 672 870 735 ἐστι,
924 670 991 724 Τὸ
1025 670 1323 738 ἀπόκριμα
1355 668 1465 722 τοῦ
1498 667 1758 722 θανάτου
1771 684 1788 732 ;
1819 666 1928 738 Τὴν

354 766 558 836 ψῆφον,
607 767 703 836 τὴν
747 765 950 833 κρίσιν,
991 765 1089 836 τὴν
1130 765 1476 835 προσδοκίαν.
1517 762 1789 834 Τοιαύτην
1821 762 1930 834 γὰρ

303 861 500 931 νὴφίει
535 861 602 914 τά
631 861 933 932 πράγματα
961 862 1168 928 φωνὴν,
1196 860 1452 922 τοιαύτην
1494 859 1784 928 ἀπόκρισιν
1824 856 1929 910 ἐδί-

347 954 441 1008 δου
502 955 569 1008 τά
623 955 930 1026 συμϐάντα,
982 955 1066 1009 ὃτι
1111 955 1531 1023 ἀποθανούμεθα
1575 954 1811 1016 πάντως.
1855 953 1928 1005 Οὐ

356 1053 464 1124 μὴν
509 1053 672 1123 μέχρι
714 1053 813 1121 τῆς
843 1052 1040 1120 πείρας
1071 1041 1246 1123 ἐξέϐη
1265 1052 1443 1116 τοῦτο,
1471 1051 1606 1105 ἀλλά
1634 1050 1796 1122 μέχρι
1830 1049 1930 1120 τῆς

347 1149 600 1211 ὑπονοίας
650 1148 779 1218 ἔστη
812 1150 913 1218 τῆς
941 1149 1238 1219 ἡμετέρας.
1275 1147 1340 1200 Ἦ
1373 1148 1474 1218 μὲν
1512 1148 1625 1218 γὰρ
1648 1147 1760 1200 τῶν
1788 1163 1931 1216 πρα-

345 1245 572 1315 γμάτων
598 1244 760 1314 φύσις
794 1243 953 1296 τοῦτο
975 1245 1307 1315 ἀπεφήνατοο
1339 1245 1372 1312 ἡ
1391 1244 1449 1296 δὲ
1480 1241 1574 1295 τοῦ
1609 1240 1745 1294 Θεοῦ
1768 1241 1930 1294 δύνα-

347 1358 438 1412 μις
467 1341 568 1393 οὐκ
591 1339 772 1410 ἀφῆκε
795 1339 895 1410 τὴν
924 1338 1198 1406 ἀπόφασιν
1229 1341 1309 1402 είς
1329 1337 1488 1408 ἔργον
1519 1337 1782 1404 ἐξελθεῖν,
1813 1336 1930 1390 ἀλλ’

343 1436 402 1488 ἐν
436 1438 503 1505 τῇ
540 1433 750 1504 διανοίᾳ
786 1434 921 1506 μόνῃ
946 1436 1008 1502 τῇ
1038 1433 1284 1504 ἡμετέρᾳ
1322 1433 1415 1485 καὶ
1449 1435 1506 1485 ὲν
1531 1435 1598 1503 τῇ
1628 1431 1930 1503 προσδοκίᾳ

342 1531 503 1584 τοῦτο
540 1531 812 1600 συμϐῆναι
845 1529 1224 1599 συνεχώρησε*
1274 1528 1352 1581 διό
1400 1526 1551 1600 [δΰί]
1590 1543 1776 1599 φησιν·
1829 1528 1932 1582 Ἐν

341 1627 584 1693 ἑαυτοῖς
606 1627 669 1679 τὸ
696 1625 994 1694 ἀπόκριμα
1016 1625 1123 1678 τοῦ
1150 1623 1412 1681 θανάτου
1439 1623 1806 1692 ἐσχήκαμεν,
1833 1623 1932 1677 οὐκ

343 1725 404 1776 ἐν
433 1725 501 1794 τῇ
539 1722 722 1793 πείρα.
758 1721 870 1775 Καὶ
893 1720 1039 1784 τίνος
1077 1720 1266 1775 ἕνεκεν
1297 1719 1648 1791 συνεχώρησε
1679 1720 1931 1775 τοσοῦτον

342 1815 612 1880 κίνδυνον,
647 1813 722 1877 ὡς
748 1811 1046 1866 ἀπελπίσαι
1093 1813 1242 1882 ἡμᾶς
1286 1811 1380 1865 καὶ
1422 1811 1736 1880 ἀπογνῶναι
1763 1829 1776 1877 ;
1805 1812 1932 1867 Ἵνα

339 1909 425 1978 μὴ
457 1909 803 1976 πεποιθότες
836 1903 995 1979 ὦμεν
1028 1908 1122 1979 ἐφ’
1145 1907 1404 1975 ἑαυτοῖς,
1447 1908 1636 1978 φησὶν,
1660 1907 1800 1962 ἀλλ’
1829 1909 1928 1963 ἐπὶ

341 2005 422 2070 τῷ
448 2005 596 2069 Θεῷ.

323 2241 328 2246 -
409 2213 673 2284 γ’.Ταῦτα
688 2214 745 2267 δέ
762 2213 945 2283 ἔλεγεν
959 2215 988 2267 6
1006 2214 1237 2282 Παῦλος,
1262 2215 1364 2270 οὐκ
1389 2215 1580 2286 ἐπειδὴ
1594 2214 1758 2280 αὐτὸς
1785 2214 1929 2269 οὕτω

329 2312 593 2377 διέκειτο,
617 2311 821 2378 ἄπαγε,
846 2310 982 2364 ἀλλά
1003 2313 1130 2375 τοὺς
1158 2311 1352 2376 ἄλλους
1379 2313 1437 2365 ἐν
1460 2314 1574 2377 τοῖς
1603 2313 1732 2384 περὶ
1758 2311 1928 2366 αὐτοῦ

331 2405 652 2476 λεγομένοις
681 2405 984 2477 ῥυθμίζων,
1010 2408 1132 2478 ἅμα
1166 2408 1223 2460 δὲ
1258 2409 1354 2461 καὶ
1385 2407 1703 2480 μετριάζειν
1732 2409 1931 2460 ἐσπου-

326 2502 536 2567 δακώς⁶
571 2504 692 2556 ἐπεὶ
733 2503 826 2556 καὶ
846 2502 1050 2572 προϊών
1083 2519 1268 2574 φησιν·
1310 2503 1523 2573 Ἐδόθη
1548 2521 1651 2574 μοι
1679 2505 1926 2571 σκόλοψ

329 2599 410 2667 τῇ
458 2599 664 2668 σαρκὶ,
695 2601 823 2664 τοὺς
862 2602 1205 2672 πειρασμοὺς
1238 2599 1435 2669 λέγων,
1489 2601 1591 2654 ἵνα
1621 2600 1708 2671 μὴ
1753 2604 1957 2670 ὑπερ-⁸

329 2698 608 2764 αι’ρωμαι.
658 2695 853 2749 Καίτοι
886 2697 914 2748 ό
951 2694 1086 2759 Θεὸς
1133 2695 1195 2748 οὐ
1231 2695 1322 2749 διά
1352 2696 1510 2750 τοῦτό
1543 2714 1709 2767 φησιν
1732 2698 1930 2763 αὐτοὺς

331 2791 848 2861 συγκεχωρηκέναι,
889 2789 1029 2844 ἀλλά
1072 2790 1139 2843 δι’
1173 2790 1369 2862 ἑτέραν
1419 2792 1622 2848 αἰτίαν.
1655 2793 1822 2848 Ποίαν
1863 2792 1929 2865 δὴ

329 2886 578 2957 ταύτην;
610 2887 791 2956 Ἴναή
829 2885 1058 2956 δύναμις
1101 2886 1267 2940 αὐτοῦ
1311 2885 1592 2960 διαλάμψῃ
1639 2887 1925 2960 μειζόνως

343 2982 553 3052 Ἀρκεῖ
571 2983 679 3054 γάρ
709 2998 828 3047 σοι,
856 2981 1047 3053 φησὶν,
1079 2983 1118 3050 ἡ
1154 2981 1327 3051 χάρις
1362 2999 1505 3053 μου*
1541 2985 1580 3053 ἡ
1611 2985 1719 3054 γὰρ
1749 2984 1930 3039 δύναο

328 3081 436 3151 μίς
457 3097 578 3148 μου
599 3078 668 3132 ἐν
695 3078 982 3146 ἀσθενείᾳ
1003 3078 1358 3133 τελειοῦται.
1399 3078 1564 3143 Ἀλλ’,
1591 3079 1731 3149 ὅπερ
1762 3079 1926 3150 ἔφην,

329 3175 580 3246 οὐδαμοῦ
632 3174 1054 3228 ἐπιλανθάνεται
1107 3172 1202 3227 τοῦ
1251 3173 1455 3228 οἰκείου
1494 3174 1682 3246 ἧθους,
1718 3175 1774 3229 ἐν
1817 3178 1928 3241 τοῖς

333 3272 550 3341 σφόδρα
586 3269 1035 3340 καταδεεστέρως
1059 3269 1255 3323 ἑαυτὸν
1278 3270 1548 3340 ἀριθμῶν,
1583 3271 1762 3324 καίτοι
1802 3271 1930 3325 πολ-

333 3368 436 3439 λῆς
477 3367 763 3437 δεομένοις¹
786 3367 1170 3436 παιδαγωγίας
1202 3367 1296 3419 καὶ
1326 3366 1686 3438 διορθώσεως.
1725 3370 1789 3423 Ei
1820 3371 1930 3441 γὰρ

337 3465 438 3516 καὶ
468 3464 593 3525 τοὺς
617 3463 876 3534 τυχόντας
907 3458 987 3528 εἷς
1011 3464 1108 3516 κα)¹
1128 3462 1382 3533 δεύτερος
1408 3465 1716 3536 πειρασμὸς
1748 3466 1934 3529 ἱκανὸς

335 3558 592 3613 ἐπελθὼν
630 3559 979 3631 σωφρονίσαι
1018 3559 1138 3623 πῶς
1173 3561 1380 3622 ἐκεῖνος
1407 3562 1436 3612 6
1464 3560 1684 3615 πάντων
1717 3560 1931 3632 ἀνθρὼ-

340 3672 464 3709 πων
509 3653 746 3725 μάλιστα
781 3655 1285 3726 ταπεινοφροσύνην
1315 3657 1565 3726 ἀσκήσας
1607 3657 1698 3712 διὰ
1731 3658 1932 3722 παντὸς

337 3751 434 3804 τοῦ
472 3750 614 3821 βίου,
651 3751 744 3804 καὶ
781 3751 1018 3806 τοσαῦτα
1047 3749 1239 3806 παθὼν
1267 3752 1342 3816 ὡς
1380 3751 1570 3822 μηδεὶς
1605 3752 1929 3824 ἀνθρώπων,

337 3847 484 3914 μετά
504 3846 743 3900 τοσαῦτα
764 3848 860 3917 ἐτη
893 3849 989 3901 καὶ
1011 3847 1334 3917 φιλοσοφίαν
1357 3846 1466 3900 τῶν
1487 3846 1730 3916 οὐρανῶν
1753 3846 1930 3914 ἀξίαν,

335 3943 548 4014 ταύτης
582 3944 751 3997 ἐδεῖτο
794 3945 895 4014 τῆς
933 3943 1262 4011 νουθεσίας;
1302 3943 1464 3997 Ὅθεν
1507 3943 1666 4014 δῆλον
1709 3943 1791 3997 ὅτι
1837 3946 1933 3999 καὶ

343 4041 658 4113 μετριάζων
695 4041 953 4106 ἐνταῦθα,
986 4042 1081 4094 καὶ
1109 4042 1237 4106 τοὺς
1271 4042 1356 4110 ἐφ’
1381 4042 1595 4105 ἑαυτοῖς
1623 4042 1768 4112 μέγα
1796 4060 1931 4114 φρο-

340 4139 570 4202 νοῦντας
625 4139 718 4192 καὶ
775 4138 1276 4209 ὰλαζονευομένους
1331 4137 1710 4192 καταστέλλων
1757 4139 1928 4208 λέγει·

343 4235 482 4290 Ἵνα
519 4236 606 4304 μὴ
646 4236 998 4300 πεποιθότες
1034 4230 1194 4304 ὦμεν
1237 4235 1331 4304 ἐφ’
1359 4235 1620 4301 ἑαυτοῖς,
1667 4237 1803 4290 ἀλλ’
1831 4236 1931 4291 ἐπὶ

341 4332 420 4398 τῷ
443 4331 590 4397 Θεῷ.
623 4333 735 4386 Καὶ
755 4334 858 4402 ὅρα
887 4331 1006 4396 πῶς
1041 4331 1241 4394 αὐτοὺς
1277 4331 1373 4383 καὶ
1410 4331 1584 4404 ταύτῃ
1618 4332 1929 4403 θεραπεύει.

343 4431 405 4482 υἱ
475 4429 574 4498 μὲν
616 4429 725 4498 γὰρ
785 4428 1107 4499 πειρασμοὶ,
1163 4426 1323 4496 φησὶ,
1365 4427 1432 4479 δι’
1479 4429 1621 4497 ὑμᾶς
1670 4429 1800 4498 ἡμῖν
1833 4431 1933 4480 ἐπ-

343 4526 634 4598 ενεχθῆναι
659 4525 1138 4595 συνεχωρήθησαν·
1169 4523 1431 4577 τοσούτου
1464 4526 1694 4594 τιμᾶται
1729 4526 1873 4596 ὑμᾶς
1907 4530 1935 4578 ὁ

344 4624 496 4688 θεὸς·
524 4624 665 4677 Εῖτε
702 4623 810 4693 γὰρ
839 4625 1176 4694 θλιϐόμεθα,
1212 4624 1400 4694 φησὶν,
1430 4622 1584 4692 ὑπὲρ
1618 4622 1727 4692 τῆς
1770 4621 1936 4692 ὑμῶν

346 4720 786 4789 παρακλήσεως
840 4720 937 4775 καί
987 4720 1308 4788 σωτηρίας*
1369 4723 1402 4791 η
1436 4721 1493 4774 δὲ
1541 4721 1816 4793 ὑπερδολὴ
1865 4720 1935 4773 δι’

347 4818 515 4888 ἡμᾶς,
552 4818 639 4870 ἵνα
672 4817 746 4888 μὴ
776 4817 917 4887 μέγα
944 4817 1254 4887 φρονῶμεν⁹
1281 4818 1422 4872 Καθ’
1446 4818 1794 4886 ὑπερϐολὴν
1823 4819 1934 4888 γὰρ

347 4913 720 4983 ἐϐαρήθημεν
759 4914 853 4966 καὶ
886 4913 1039 4981 ὑπὲρ
1075 4913 1360 4983 δύναμιν,
1388 4914 1489 4967 ἵνα
1530 4914 1616 4984 μὴ
1651 4915 1933 4970 πεποιθό-

351 5027 446 5076 τες
487 5007 646 5079 ὦμεν
682 5011 774 5079 ἐφ’
815 5009 1231 5075 ἐαυτοῖς,ἀλλ’
1265 5009 1364 5062 ἐπὶ
1408 5007 1487 5074 τῷ
1515 5009 1636 5074 Θεῷ
1673 5011 1753 5075 τῷ
1779 5011 1933 5080 ἐγεί-

344 5125 513 5176 ροντι
552 5110 695 5174 τοὺς
719 5109 990 5176 νεκρούς.
1041 5106 1214 5160 Πάλιν
1254 5104 1349 5158 τοῦ
1409 5105 1539 5176 περὶ
1583 5108 1934 5172 ἀναστάσεως

355 5207 757 5278 ἀναμιμνήσκει
790 5206 975 5274 λόγου,
1013 5204 1155 5274 ὑπὲρ
1203 5196 1265 5256 οὗ
1306 5203 1546 5257 τοσαῦτα
1585 5198 1738 5255 εἶπεν
1777 5205 1834 5257 ἐν
1863 5207 1933 5277 τῇ

356 5305 593 5377 προτέρᾳ
627 5303 934 5373 Ἐπιστολῇ,
961 5302 1055 5355 καὶ
1075 5302 1181 5354 ἀπὸ
1202 5301 1314 5354 τῶν
1342 5301 1625 5373 παρόντων
1646 5300 1816 5374 αὐτὴν
1838 5302 1929 5372 βε-

418 5549 442 5575 ⁸
466 5548 574 5606 Μεη
593 5548 942 5604 ἀνεστηκότων.

417 5608 444 5647 b
469 5611 518 5682 In:
561 5605 710 5659 editis
755 5612 938 5660 ercis
970 5606 1092 5657 Novi
1131 5605 1439 5656 Testamenli
1467 5605 1649 5668 legitur
1676 5606 1730 5655 ἐκ
1748 5607 1939 5657 πολλῶν

369 5684 651 5730 πςροτωπων.

1383 266 1446 320 ΙΝ
1490 266 1712 324 EPIST.
1757 265 1799 320 II
1840 264 1930 320 AD
1961 263 2122 321 (ΞΟΠ.
2159 263 2394 321 ΙΙΟΜΗ..
2443 262 2518 316 ΙΙ.

3493 277 3599 333 396
3624 317 3627 319 -

2036 379 2225 434 σαιῶν·
2255 379 2336 434 διὸ
2364 383 2458 436 καὶ
2491 383 2787 453 ἐπήγαγεν·
2828 384 2922 449 Ὃς
2948 385 3017 438 ἐκ
3038 388 3403 452 τηλικούτων
3432 392 3611 445 θανά-

2035 492 2152 528 των
2182 477 2476 544 ἐρρύσατο
2500 478 2676 546 ἡμᾶς.
2714 480 2827 532 Οὐκ
2853 476 3026 544 εἶπεν,
3069 481 3163 534 Ἐκ
3191 482 3458 536 τοσούτων
3490 502 3612 539 κιν-

2035 569 2227 634 δύνων,
2262 569 2402 640 ὁμοῦ
2444 572 2546 642 μὲν
2596 574 2810 638 δεικνὺς
2835 575 2896 628 τὸ
2943 576 3221 647 ἀφόρητον
3263 566 3369 632 τῶν
3413 597 3610 652 πειρα-

2039 664 2209 736 σμῶν,
2241 667 2376 736 ὁμοῦ
2408 668 2462 722 δὲ
2491 672 2718 735 ἐκεῖνον,
2754 672 2921 742 ὅνπερ
2943 672 3101 742 ἔφην,
3129 673 3494 745 πιστούμενος
3519 675 3610 730 τὸν

2035 761 2212 829 λόγον.
2256 763 2472 836 Ἐπειδὴ
2510 765 2617 837 γὰρ
2653 766 2845 836 μέλλον
2868 770 3100 839 πρᾶγμα
3129 772 3162 840 ἡ
3187 769 3491 835 ’ἀνάστασις
3517 767 3608 843 ἦν,

2034 857 2310 912 δείκνυσιν
2343 859 2423 912 ὄτι
2458 860 2615 914 τοῦτο
2649 863 2771 916 καθ’
2808 865 3043 936 ἑκάστην
3087 865 3293 933 γίνεται
3335 867 3434 939 τὴν
3471 870 3612 940 ἠμέ-

2038 970 2159 1024 ραν.
2191 955 2361 1009 Ὅταν
2391 956 2500 1028 γὰρ
2534 957 2822 1029 ἄνθρωπον
2865 961 3308 1029 ἀπογνωσθέντα,
3347 967 3441 1018 καὶ
3473 967 3611 1037 πρὸς

2037 1051 2205 1115 αὐτὰς
2252 1052 2474 1106 ἐλθόντα
2505 1055 2600 1107 τοῦ
2632 1055 2757 1125 ᾅδου
2797 1060 2895 1122 τὰς
2931 1058 3107 1122 πύλας
3140 1061 3431 1137 ἀνελκύσῃ,
3460 1063 3612 1118 οὐδὲν

2035 1145 2222 1216 ἕτερον
2248 1147 2280 1218 ἢ
2308 1147 2606 1203 ἀνάστασιν
2639 1146 3027 1216 ἐπιδείκνυται,
3057 1154 3151 1207 ἀπ’
3178 1155 3342 1209 αὐτοῦ
3373 1156 3465 1210 τοῦ
3495 1159 3614 1212 στό-

2039 1261 2204 1312 ματος
2238 1244 2497 1296 ἀνασπῶν
2535 1244 2630 1300 τοῦ
2660 1245 2889 1301 θανάτου
2918 1248 3008 1302 τὸν
3032 1249 3360 1320 ἐμπεσόντα.
3405 1254 3496 1308 Διὸ
3518 1256 3613 1309 καὶ

2036 1341 2148 1400 τοῖς
2173 1338 2384 1403 πολλοῖς
2410 1340 2505 1392 ἐπὶ⁵
2527 1339 2636 1394 τῶν
2657 1342 3142 1410 ἀπογνωσθέντων,
3159 1341 3276 1399 εἶτα
3297 1347 3614 1417 ἀνενεγκόν-

2036 1450 2142 1486 των
2182 1447 2208 1475 α
2238 1434 2299 1498 ἐξ
2329 1437 2643 1506 ἀρρωστίας
2666 1440 2934 1508 χαλεπῆς,
2967 1426 2998 1511 ἢ
3036 1441 3101 1494 ἐκ
3135 1444 3456 1516 πειρασμῶν
3478 1447 3613 1516 ἀφο-

2039 1529 2242 1599 ρήτων,
2271 1531 2392 1594 ἔθος
2423 1537 2585 1586 τοῦτο
2607 1533 2806 1603 λέγειν’
2843 1537 3170 1593 Ἀνάστασιν
3193 1540 3402 1612 νεκρῶν
3436 1543 3612 1614 ἐωρά-

2039 1641 2214 1695 καμεν
2248 1627 2340 1679 ἐπὶ
2366 1627 2536 1682 τοῦδε.
2555 1629 2940 1700 ἺΙλπίκιιμεν
2969 1633 3036 1686 δὲ
3065 1634 3157 1688 ὅτι
3189 1637 3286 1689 καί
3317 1639 3406 1690 ἔτι
3425 1640 3614 1705 ῥύσε-

2035 1739 2152 1787 ται,
2181 1727 2771 1798 συνυπουργούντων
2795 1730 2893 1783 καί
2929 1729 3096 1799 ὑμῶν
3119 1732 3192 1800 τῇ
3227 1733 3376 1807 [452]
3409 1736 3616 1804 δεήσει

2035 1818 2188 1887 ὑπὲρ
2213 1819 2401 1888 ἡμῶν·
2428 1821 2529 1876 ῖνα
2553 1823 2622 1875 ἐν
2645 1823 2856 1890 πολλῷ
2882 1827 3181 1894 προσώπῳ
3207 1830 3234 1870 b
3260 1831 3327 1883 τὸ
3348 1834 3435 1899 είς
3457 1833 3617 1903 ἡμᾶς

2035 1913 2302 1984 χάρισμα
2339 1916 2440 1970 διὰ
2485 1916 2733 1972 πολλῶν
2769 1922 3178 1992 εὐχαριστηθῇ
3221 1926 3374 1994 ὑπὲρ
3422 1929 3612 1998 ήμῶν.

2050 2011 2265 2082 Ἐπειδὴ
2303 2011 2384 2076 τὸ,
2429 2014 2562 2068 Ἵνα
2583 2014 2670 2082 μὴ
2695 2019 3044 2085 πεποιθότες
3061 2015 3220 2089 ὦμεν
3243 2023 3334 2092 ἐφ’
3356 2025 3613 2094 ἑαυτοῖς.

2036 2107 2215 2160 κοινὸν
2250 2109 2423 2162 ἐδόκει
2447 2105 2587 2162 εἶναι
2615 2110 2868 2182 ἔγκλημα
2897 2115 2991 2167 καὶ
3021 2117 3325 2189 κατηγορία
3358 2121 3450 2174 καὶ
3475 2122 3617 2174 ὲκεί-

2036 2219 2141 2255 νων
2170 2202 2343 2266 ἐνίους
2370 2205 2736 2276 αίνιττομένη,
2767 2208 3170 2278 παραμυθεῖται
3204 2213 3366 2267 πάλιν
3387 2215 3448 2268 τὸ
3465 2217 3616 2288 εἰρη-

2039 2297 2220 2367 μένον,
2253 2299 2355 2363 τὰς
2401 2300 2569 2370 εὐχὰς
2597 2302 2696 2364 τὰς
2724 2303 2953 2357 ἐκείνων.
2988 2307 3111 2359 ἀντὶ
3145 2313 3484 2378 προστασίας
3518 2331 3616 2384 με·

2035 2394 2208 2466 γάλης
2243 2396 2423 2450 καλῶν
2451 2398 2546 2452 καὶ
2572 2399 2787 2465 δεικνὺς
2819 2403 2956 2473 ἅμα,
2987 2403 3075 2456 ὅτι
3103 2405 3391 2474 διαπαντὸς
3414 2410 3618 2480 ἐναγώι

2034 2508 2146 2546 νιον
2167 2487 2304 2546 εἶναι
2328 2493 2434 2565 χρη
2459 2494 2550 2548 τὸν
2581 2495 2696 2566 βίον
2725 2496 2817 2550 τὸν
2841 2498 3133 2569 ἡμέτερον.
3169 2503 3262 2575 Τῷ
3281 2505 3391 2576 γάρ
3417 2507 3615 2575 εἰπεῖν,

2047 2587 2406 2658 Ὴλπίκαμεν
2428 2588 2496 2642 δὲ
2523 2590 2613 2644 ὅτι
2635 2587 2736 2646 καί
2755 2593 3028 2661 ῥύσεται,
3056 2597 3266 2653 πολλῶν
3292 2617 3618 2674 προαναφω-

2034 2685 2116 2737 νεῖ
2153 2687 2476 2756 πειρασμῶν
2515 2687 2766 2756 νιφάδας,
2796 2689 2858 2743 οὐ
2897 2690 3004 2762 μὴν
3030 2692 3420 2767 ἐγκατάλειψιν
3460 2699 3619 2756 οὐδα-

2037 2779 2162 2851 μοῦ,
2191 2779 2327 2833 ἀλλά
2354 2779 2608 2850 βοήθειαν
2638 2781 2801 2838 πάλιν
2840 2785 2934 2838 καὶ
2969 2789 3307 2860 συμμαχίαν.
3341 2789 3495 2862 Εἶτα,
3529 2795 3618 2850 ῖνα

2038 2875 2135 2947 μὴ,
2160 2876 2451 2941 ἀκούοντες
2507 2878 2589 2931 ὅτι
2631 2878 2897 2950 διηνεκῶς
2952 2882 3208 2952 μέλλουσι
3264 2887 3616 2957 κινδυνεύειν,

2035 2973 2441 3039 καταπέσωσιν,
2477 2973 2646 3039 ἔδειξε
2674 2976 2942 3050 πρότερον
2981 2979 3090 3033 τῶν
3121 2982 3384 3038 κινδύνων
3408 2985 3470 3040 :6
3491 2987 3620 3058 δφε-

2034 3068 2146 3134 λος,
2178 3065 2290 3123 οἷον
2310 3068 2393 3134 τὸ,
2420 3069 2554 3124 Ἵνα
2571 3069 2659 3141 μὴ
2687 3074 3038 3143 πεποιθότες
3062 3070 3220 3146 ὦμεν
3247 3079 3342 3149 ἐφ’
3359 3061 3614 3150 ἑαυτοῖς·

2039 3165 2333 3232 τουτέστιν,
2366 3166 2482 3220 Ἵνα
2527 3168 2585 3220 ἐν
2621 3166 2860 3237 διηνεκεῖ
2902 3175 3368 3248 ταπεινοφροσύνῃ
3414 3178 3619 3250 κατέχῃ

2035 3264 2203 3332 ἡμᾶς·
2233 3262 2327 3317 καὶ
2353 3262 2439 3316 ἵνα
2463 3264 2495 3333 ἡ
2531 3265 2776 3334 σωτηρία
2797 3265 2978 3320 αὐτῶν
3000 3268 3313 3339 ἐνεργῆται,
3340 3273 3434 3325 καὶ
3458 3273 3622 3344 ἕτερα

2037 3356 2170 3425 γοῦν
2201 3357 2442 3413 πλείονα·
2479 3359 2540 3412 τὸ
2570 3358 2650 3428 τῷ
2687 3360 2910 3430 Χριστῷ
2941 3367 3239 3417 κοινωνεῖν·
3264 3369 3622 3435 Περισσεύει

2037 3453 2167 3523 γὰρ,
2199 3455 2352 3524 φησὶ,
2387 3454 2459 3508 τὰ
2489 3453 2811 3522 παθήματα
2844 3456 2951 3510 τοῦ
2984 3459 3245 3526 Χριστοῦ
3272 3462 3343 3515 ἐν
3371 3463 3534 3533 ἰρμῶ
3559 3465 3624 3517 τὸ

2040 3549 2180 3619 ὑπὲρ
2210 3549 2318 3602 τῶν
2354 3549 2560 3602 πιστῶν
2604 3551 2832 3620 πάσχειν
2857 3566 2872 3582 ·
2902 3553 3044 3606 Εἴτε
3077 3553 3208 3626 γάρ,
3240 3558 3393 3628 φησὶ,
3426 3561 3622 3614 θλιϐό-

2033 3650 2205 3714 μεθα,
2244 3643 2397 3712 ὑπὲρ
2432 3643 2542 3712 τῆς
2589 3643 2760 3712 ὑμῶν
2805 3647 3247 3717 παρακλήσεως
3297 3652 3395 3705 καί
3425 3670 3618 3722 σωτη-

2030 3743 2188 3810 ρίας·
2220 3741 2281 3794 τὸ
2300 3739 2396 3794 καὶ
2421 3739 2591 3810 αὐτὴν
2611 3739 2814 3812 ταύτην
2834 3742 3163 3814 διαλάμπειν
3187 3747 3473 3816 μειζόνως*
3505 3749 3621 3819 Τῆς

2037 3838 2473 3910 ἐνεργουμένης
2499 3839 2629 3910 γὰρ,
2665 3841 2849 3911 φησὶν,
2877 3843 2944 3896 ἐν
2966 3845 3246 3914 ὑπομονῇ
3280 3845 3397 3900 τῶν
3423 3845 3623 3903 αὐτῶν

2039 3935 2420 4005 παθημάτων·
2454 3936 2515 3988 τὸ
2544 3938 2908 4008 καρτερικούς
2936 3938 3206 4007 γίνεσθαι·
3244 3943 3339 3997 καὶ
3368 3941 3450 3998 ἔτι
3484 3945 3622 4016 πρὸς

2039 4037 2268 4103 τούτοις,
2308 4037 2370 4091 τὸ
2408 4037 2507 4110 τὴν
2540 4037 2840 4092 ἀνάστασιν
2875 4040 3008 4111 όρᾷν
3049 4040 3156 4113 πρὸ
3185 4043 3294 4098 τῶν
3325 4045 3622 4119 ὀφθαλμῶν

2038 4143 2472 4215 διαλάμπουσαν
2511 4145 2616 4199 Ἕκ
2655 4147 3026 4214 τηλικούτων
3074 4149 3182 4220 γὰρ
3217 4153 3489 4207 θανάτων
3523 4157 3621 4224 ἐῤ-

2039 4249 2267 4314 ῥύσατο
2311 4245 2491 4315 ἡμᾶς’
2521 4246 2581 4299 τὸ
2610 4247 2939 4314 ἐναγωνίους
2973 4243 3114 4300 εἶναι
3159 4249 3252 4300 καὶ
3290 4251 3428 4320 πρὸς
3458 4250 3622 4306 αὐτὸν

2039 4348 2299 4420 διηνεκῶς
2322 4350 2470 4419 όρᾷν·
2513 4348 2882 4416 Ἦλπίκαμεν
2903 4347 3031 4420 γὰρ,
3054 4350 3238 4419 φησὶν,
3268 4350 3359 4404 ὅτι
3390 4354 3487 4406 καί
3513 4356 3620 4422 ῥύ-

2041 4464 2234 4501 σεται·
2269 4446 2329 4499 τὸ
2361 4446 2548 4516 εὐχαῖς
2579 4445 2986 4517 προσηλῶσθαν
3028 4450 3623 4522 Συνυπουργούντων

2040 4543 2168 4614 γὰρ,
2202 4542 2355 4614 φησὶ,
2385 4541 2484 4595 καὶ
2511 4541 2680 4608 ὑμῶν
2710 4540 2783 4611 τῇ
2814 4540 3020 4610 δεήσει
3041 4543 3193 4612 ὑπὲρ
3216 4545 3401 4620 ἡμῶν.
3430 4549 3623 4622 Δείξας

2041 4640 2219 4692 τοίνυν
2270 4639 2329 4692 τὸ
2387 4638 2577 4709 κέρδος
2629 4637 2738 4692 τῶν
2795 4637 3053 4708 θλίψεων,
3111 4637 3229 4700 εἶτα
3294 4647 3622 4716 ἐναγωνίους

2042 4742 2290 4812 ποιήσας,
2325 4741 2534 4812 ἀλείφει
2587 4740 2751 4795 πάλιν
2799 4741 2980 4794 αὐτῶν
3027 4741 3098 4796 τὰ
3147 4747 3494 4818 φρονήματα,
3527 4753 3621 4806 καὶ

2041 4845 2486 4916 προθυμοτέρους
2512 4845 2592 4908 εἰς
2617 4843 2816 4915 ἀρετὴν
2840 4846 3004 4911 ποιεῖ,
3035 4845 3248 4916 μεγάλα
3271 4849 3450 4904 αὐτῶν
3482 4870 3622 4923 μαρ-

2039 4948 2219 5019 τυρῶν
2243 4950 2359 5010 ταῖς
2391 4949 2598 5016 εὐχαῖς,
2631 4949 2685 5000 εί
2705 4965 2768 5016 γε
2789 4947 3014 5012 ταύταις
3038 4951 3256 5005 Παῦλον.
3275 4954 3619 5025 ἐχαρίσαντο·

2041 5051 2632 5118 Συνυπουργούντων
2667 5054 2776 5122 γὰρ
2799 5052 2969 5121 ὑμῶν
2992 5054 3146 5122 ὑπὲρ
3177 5054 3346 5123 ἡμῶν
3378 5056 3454 5124 τῇ
3486 5058 3622 5125 δεή-

2041 5171 2156 5219 σει,
2187 5153 2336 5222 φησί.
2369 5152 2434 5204 Τί
2465 5152 2521 5204 δέ
2550 5153 2718 5221 ἐστιν,
2743 5157 2876 5208 "Ira
2897 5157 2968 5209 ἐν
2995 5152 3205 5224 πολλῷ
3229 5157 3524 5224 προσώπῳ
3553 5161 3619 5214 τὸ

2040 5252 2127 5316 είς
2151 5246 2307 5319 ἡμᾶς
2337 5248 2601 5317 χάρισμα
2626 5249 2722 5303 διὰ
2751 5251 3000 5304 πολλῶν
3031 5255 3440 5324 εὐχαριστηθῇ
3468 5256 3622 5326 ὑπὲρ

2042 5346 2250 5416 ἡμῶν;
2283 5345 2586 5416 Ἐρρύσατο
2631 5348 2778 5418 ἡμᾶς
2822 5349 2885 5401 ἐκ
2934 5349 3042 5402 τῶν
3091 5350 3338 5407 θανάτων
3371 5353 3619 5418 ἐκείνων,

2044 5452 2562 5526 συνυπουργούντων
2591 5453 2685 5507 καὶ
2731 5454 2886 5525 ὐμῶν
2927 5458 2993 5526 τῇ
3030 5456 3232 5528 δεήσει,
3270 5458 3430 5528 φησί·
3465 5472 3622 5508 του-ια

2045 5558 2210 5623 ἐστιν,
2238 5557 2560 5628 Εὐχομὲνων
2589 5558 2809 5613 πάντων
2844 5561 2996 5633 ὑμῶν
3026 5563 3164 5633 ὑπὲρ
3197 5562 3372 5633 ἡμῶν.
3403 5558 3475 5610 Τὸ
3510 5558 3620 5626 γὰρ

2044 5662 2122 5724 εἰς
2153 5661 2298 5731 ἡμᾶς
2328 5662 2592 5733 χάρισμα.
2629 5663 2894 5721 τουτέστι.
2919 5663 3015 5734 τὴν
3049 5663 3319 5732 σωτηρίαν
3348 5660 3444 5727 τὴν
3479 5659 3617 5722 mm-
