4018 6156
510 250 617 309 397

509 363 672 433 τέραν
697 360 959 432 ἐϐουλήθη
990 361 1156 413 πᾶσιν
1188 359 1317 428 ὑμῖν
1341 357 1694 428 χαρίσασθαι,
1711 359 1799 412 ἵνα
1824 359 1896 411 τὰ
1915 357 2084 412 πολλὰ

511 455 778 510 πρόσωπα
819 450 972 520 αὐτῷ
1007 449 1399 522 εὐχαριστήσῃ,
1445 449 1635 520 ἐπειδὴ
1673 449 1767 504 καὶ
1811 449 1882 504 τά
1913 449 2082 505 πολλά

505 545 606 619 τὴν
639 547 804 618 χάριν
827 543 1011 597 ἔλασε.

571 723 637 775 δ’.
653 718 840 774 Ταῦτα
851 718 908 772 δὲ
929 717 1135 787 ἔλεγεν,
1147 716 1282 788 όμοῦ
1296 719 1394 787 μὲν
1406 715 1500 768 καὶ
1514 717 1593 779 είς
1605 716 1702 780 τὰς
1723 717 1863 788 ὐπέρ
1879 717 2081 788 ἐτέρων

503 811 669 882 εὐχὰς
695 809 893 874 αὐτοὺς
921 809 1226 879 διεγείρων,
1262 807 1398 879 ὁμοῦ
1419 809 1476 862 δὲ
1500 809 1694 874 ἐθίζων
1725 810 1818 864 καὶ
1838 809 1979 881 ὐπέρ
2005 803 2080 863 ὧν

501 903 566 957 ἂν
601 901 778 973 ἕτεροι
813 899 1083 965 πάθωσιν,
1116 899 1458 971 εὐχαριστεῖν
1487 900 1574 954 ἀεὶ
1605 900 1681 972 τῷ
1704 900 1846 972 Θεῷ,
1867 901 2077 966 δεικνὺς

500 996 583 1049 ὅτι
620 993 857 1065 μάλιστα
880 993 1037 1046 τοῦτο
1069 991 1315 1064 βούλεται
1345 993 1440 1046 καὶ
1473 992 1655 1058 αὐτός.
1689 994 1754 1048 Ol
1783 993 1892 1064 7&9
1921 994 2079 1066 μελε-

499 1089 764 1160 τήσαντες
805 1085 945 1157 ὑπὲρ
979 1084 1183 1155 ἐτέρων
1220 1081 1396 1136 ταῦτα
1435 1087 1632 1150 ποιεῖν,
1666 1084 1848 1156 πολλῷ
1879 1085 2078 1157 μᾶλλον

502 1180 642 1252 ὑπὲρ
675 1176 882 1234 ἐαυτῶν
910 1173 1265 1240 ἐπιδείξονται
1297 1175 1474 1230 ταῦτα
1510 1176 1816 1247 ἀμφότερα.
1847 1175 1992 1247 Πρδς
2021 1175 2078 1228 δέ

497 1272 731 1336 τούτοις,
767 1270 863 1324 καὶ
904 1266 1411 1338 ταπεινοφροσύνην
1447 1267 1645 1332 αὐτοὺς
1691 1267 1952 1333 διδάσκει,
1982 1268 2077 1320 καὶ

499 1365 580 1428 είς
609 1362 828 1432 ἀγάπην
857 1361 981 1430 ἀγει
1004 1359 1364 1431 θερμοτέραν.
1395 1359 1458 1412 EE
1487 1359 1596 1432 7&9
1635 1358 1798 1423 αὐτὸς
1827 1359 1856 1412 ό
1891 1359 2077 1412 τοσοῦ-

497 1470 590 1507 τον
616 1452 794 1506 αὐτῶν
824 1451 1152 1522 ὑψηλότερος
1177 1450 1369 1515 ῶν,-ἐκ
1394 1449 1502 1504 τῶν
1530 1451 1705 1521 εὐχῶν
1733 1450 1956 1504 ἐκείνων
1987 1467 2076 1502 σε·

501 1543 707 1598 σῶσθαί
743 1559 895 1614 φησι,
927 1542 1019 1595 καὶ
1044 1541 1287 1614 χάρισμα
1313 1541 1490 1594 αὐτῶν
1526 1543 1646 1606 ταῖς
1680 1540 1898 1612 δεήσεσι
1931 1539 2076 1594 δεδό-

500 1640 627 1690 σθαι
657 1631 808 1706 [455]
842 1632 992 1704 αὐτῷ
1017 1631 1169 1704 παρὰ
1197 1631 1290 1686 τοῦ
1321 1631 1479 1698 Θεοῦ,
1508 1632 1760 1704 ἐννόησον
1783 1632 1900 1697 πῶς
1931 1633 2073 1686 ἐκεί-

497 1745 623 1791 νους
671 1727 776 1780 ἔδει
829 1724 1134 1779 διακεῖσθαι
1189 1724 1288 1778 καὶ¹
1348 1725 1680 1796 μετριάζειν.
1743 1725 1816 1779 Σὺ
1863 1723 1920 1778 δέ
1984 1742 2074 1796 μοι

498 1819 722 1873 κάκεῖνο
779 1815 991 1882 σκόπει,
1031 1815 1113 1868 ὅτι
1148 1813 1252 1870 κᾶν
1289 1815 1398 1868 ἀπὸ
1439 1814 1738 1887 οἰκτιρμῶν
1775 1817 1803 1869 ό
1847 1815 1982 1879 Θεός
2020 1832 2074 1869 τι

497 1911 647 1981 ποιῇ,
690 1906 902 1981 μεγάλα
960 1906 1196 1962 ἐνταῦθα
1253 1907 1350 1961 καὶ
1395 1909 1428 1977 ἡ
1491 1909 1625 1980 εὐχὴ
1680 1909 2070 1979 συμϐάλλεται.

508 2000 836 2073 Ἀρχόμενος
872 2000 972 2071 μέν
999 1998 1131 2070 7&9,
1161 1999 1275 2061 τοῖς
1299 1999 1606 2070 οίκτιρμοῖς
1638 1999 1804 2053 αὐτοῦ
1838 2000 1935 2072 τὴν
1971 2018 2074 2054 σω-

494 2091 692 2166 τηρίαν
737 2091 1039 2160 ἐλογίσατοτ
1083 2090 1148 2142 '0
1187 2087 1335 2156 Θεὸς
1373 2089 1504 2160 γὰρ,
1529 2091 1685 2161 φησὶ,
1707 2089 1827 2144 τῶν
1861 2093 2073 2158 οἰκτιρ-

491 2183 644 2256 μῶν,
678 2183 862 2250 αὐτὸς
900 2181 1060 2252 ἡμᾶς
1097 2181 1415 2250 ἐρῤύσατο·
1445 2181 1683 2235 ἐνταῦθα
1727 2183 1784 2234 δέ
1821 2183 1914 2236 καὶ
1950 2185 2073 2246 ταῖς

496 2279 686 2349 ἐύχαίς
713 2294 729 2309 ’
762 2277 886 2332 ἐπεὶ
921 2277 1174 2330 κάκεῖνον
1222 2275 1316 2328 τὸν
1353 2275 1423 2330 τά
1462 2276 1632 2346 μύρια
1663 2275 1950 2346 ὀφείλοντα
1979 2278 2074 2330 τά-

495 2372 685 2437 λαντα,
717 2370 856 2440 μετά
890 2369 953 2424 τὸ
995 2370 1326 2439 προσπεσεῖν
1357 2367 1582 2438 ἠλέησε,
1621 2367 1802 2420 καίτοι
1831 2385 1896 2436 γε
1924 2369 2074 2440 είρη-

495 2482 608 2530 ται,
656 2465 738 2518 ὅτι
781 2459 1268 2532 indunt-(0081c
1298 2460 1612 2515 ἀπέλυσεν
1633 2459 1848 2513 αὐτόν·
1879 2459 1972 2512 καὶ
2005 2461 2070 2530 τῇ

495 2553 776 2626 Χαναναία
802 2565 829 2596 α
861 2553 918 2608 δὲ
949 2551 1087 2625 μετὰ
1116 2550 1214 2622 τὴν
1243 2550 1442 2622 πολλὴν
1490 2549 1814 2621 προσεδρίαν
1853 2550 2072 2621 ἐκείνην

498 2646 590 2700 καὶ
618 2644 910 2717 καρτερίαν
933 2643 1056 2697 τότε
1087 2642 1380 2713 ἐχαρίσατο
1405 2640 1503 2712 τῆς
1530 2641 1800 2712 θυγατρὸς
1842 2641 1940 2713 τὴν
1969 2658 2073 2694 σω-

495 2735 711 2806 τηρίαν,
745 2733 923 2789 καίτοι
951 2751 1014 2803 γε
1039 2734 1146 2788 ἀπὸ
1174 2731 1326 2786 ἐλέου
1353 2731 1523 2804 αὐτὴν
1543 2730 1769 2786 ἐσωσεν.
1805 2731 1939 2784 Ἀπὸ
1959 2729 2074 2783 τού-

497 2845 591 2880 του
617 2828 794 2882 τοίνυν
823 2827 1187 2898 μανθάνομεν,
1221 2827 1304 2879 ὅτι
1331 2825 1430 2879 κᾶν
1458 2823 1724 2878 ἐλεεῖσθαι
1761 2823 2071 2895 μέλλωμεν,

496 2919 680 2984 ἀξίους
717 2919 810 2971 τοῦ
850 2919 1002 2971 ἐλέου
1050 2918 1313 2988 πρότερον
1360 2917 1624 2989 παρέχειν
1657 2917 1805 2989 ἡμᾶς
1846 2917 2074 2980 ἑαυτοὺς

498 3012 626 3081 χρή.
661 3009 780 3063 Κᾶν
805 3009 915 3081 7&9
949 3009 1094 3073 ἔλεος
1122 3005 1178 3081 ᾗ,
1206 3011 1332 3074 τούς
1359 3008 1542 3074 ἀξίους
1578 3008 1847 3082 ἐπιζητεῖ·
1873 3010 1934 3062 οὐ
1963 3009 2073 3081 7&9

500 3099 685 3162 ἁπλῶς
713 3099 922 3152 ἔπεισιν
952 3098 1148 3164 άπάσι,
1175 3100 1269 3153 καὶ
1296 3089 1410 3164 τοῖς
1432 3100 1772 3172 ἀναισθήτως
1795 3100 2074 3172 διακειμέ-

499 3207 631 3254 νοις·
677 3190 946 3258 Ἐλεήσω
1003 3189 1132 3262 γάρ,
1173 3191 1360 3260 φησὶν,
1416 3190 1490 3246 ὃν
1535 3191 1611 3247 ἃν
1648 3191 1818 3259 ἐλεῶ,
1867 3193 1963 3248 καὶ
1997 3195 2075 3247 ol-

499 3284 810 3354 κτειρήσω,
851 3284 924 3338 ὃν
961 3284 1037 3338 ἂν
1065 3285 1350 3353 οἰκτείρω.
1381 3285 1525 3355 Ὅρα
1553 3284 1684 3354 γοῦν
1719 3287 1813 3340 καὶ
1838 3286 2073 3340 ἐνταῦθα

497 3377 550 3431 τί
598 3393 749 3448 φησι⁹
785 3377 1375 3446 Συνυπουργούντων
1400 3375 1501 3430 καὶ
1543 3375 1712 3446 ὑμῶν
1739 3375 1814 3446 τῇ
1843 3376 2068 3442 δεήσει.

497 3470 606 3524 Καὶ
630 3469 751 3523 οὐτε
769 3470 828 3523 τὸ
851 3471 960 3524 πᾶν
983 3468 1165 3534 αὐτοῖς
1188 3467 1408 3533 ἔδωκεν,
1432 3468 1520 3522 ἵνα
1549 3468 1624 3541 μὴ
1647 3469 1843 3534 αὐτοὺς
1868 3470 2067 3541 ἐπάρῃ,

496 3559 620 3614 οὕτε
652 3561 828 3631 πάντη
860 3559 1221 3630 ἡλλοτρίωσεν
1255 3558 1452 3624 αὐτοὺς
1487 3559 1580 3612 τοῦ
1620 3549 2069 3632 κατορθώματος,

496 3655 582 3708 ἵνα
608 3651 887 3725 προτρέψῃ
914 3651 1008 3704 καὶ
1037 3650 1474 3722 προθυμοτέρους
1501 3651 1802 3724 ἐργάσηται
1829 3653 1923 3706 καὶ
1949 3669 2074 3705 συν-

496 3744 680 3815 αγάγῃ
736 3743 874 3813 πρὸς
917 3742 1184 3812 ἀλλήλους
1226 3741 1444 3805 αὐτούς.
1477 3742 1568 3794 Διὸ
1613 3743 1708 3796 καὶ
1753 3741 1958 3812 ἔλεγεν,
1987 3745 2070 3797 ὅτι

508 3835 667 3900 Ὑμῖν
687 3832 1009 3901 ἐχαρίσατό
1039 3849 1161 3899 μου
1191 3832 1308 3899 τὴν
1335 3832 1656 3900 σωτηρίαν.
1690 3833 1800 3887 Καὶ
1832 3834 1942 3904 7&9
1976 3836 2071 3889 καὶ

497 3922 700 3992 πλῆθος
732 3923 1059 3975 δυσωπεῖται
1099 3921 1361 3987 πολλάκις
1412 3925 1442 3976 ὁ
1494 3922 1627 3986 Θεὸς
1678 3924 1936 3993 όμονοοῦν
1973 3926 2070 3980 καὶ

498 4010 825 4082 συμφωνοῦν
874 4013 954 4074 εἰς
984 4011 1176 4082 εὐχήν·
1215 4011 1294 4064 διὸ
1334 4013 1428 4066 καὶ
1477 4013 1615 4083 πρὸς
1642 4013 1736 4067 τὸν
1779 4018 2069 4090 προφήτην

496 4107 701 4174 ἔλεγεν·
737 4103 885 4174 Ἐγὼ
915 4103 983 4157 δὲ
1015 4106 1088 4158 οὐ
1115 4103 1398 4173 φείσομαι
1425 4103 1535 4172 τῆς
1563 4107 1795 4173 πόλεως
1823 4110 2064 4178 ταύτης,

494 4200 566 4253 ἐν
602 4197 640 4266 ᾖ
669 4196 1016 4251 κατοικοῦσι
1039 4196 1294 4262 πλείους
1323 4195 1360 4264 ἢ
1394 4195 1624 4250 δώδεκα
1643 4198 1932 4266 μυριάδες
1960 4201 2066 4256 ἀν.

495 4289 775 4358 ορώπων;
803 4283 935 4342 Εἶτα
967 4288 1054 4342 ἵνα
1094 4287 1170 4358 μὴ
1204 4287 1454 4362 νομίσῃς,
1480 4289 1560 4341 ὅτι
1601 4289 1803 4360 πλῆθος
1837 4292 2067 4347 αἰδεῖται

496 4380 679 4451 μόνον,
709 4377 892 4450 φησίν’
941 4378 1083 4433 Ἐὰν
1113 4373 1152 4448 ᾖ
1188 4379 1220 4432 ὀ
1251 4377 1495 4446 ἀριθμὸς
1536 4378 1644 4431 τοῦ
1689 4379 1937 4449 Ἰσραὴλ
1985 4382 2066 4448 ὠς

495 4472 531 4539 ἡ
561 4471 753 4539 ἅμμος
785 4468 894 4536 τῆς
923 4468 1264 4536 θαλάσσης,
1298 4467 1366 4521 τὸ
1392 4469 1762 4539 κατάλειμμα
1791 4472 2065 4542 σωθήσε-

494 4578 607 4614 ται.
645 4560 768 4622 Πῶς
799 4554 892 4613 οὗν
916 4559 1202 4623 Νινευῖτας
1224 4559 1463 4624 ἐσωσεν;
1492 4561 1613 4614 Ὀτι
1637 4562 1698 4614 οὐ
1731 4562 1932 4632 πλῆθος
1969 4565 2066 4636 μό·

495 4668 583 4702 νον
625 4645 715 4718 ἦν,
749 4649 885 4702 άλλά
932 4649 1133 4720 πλῆθος
1177 4649 1314 4720 μετά
1353 4651 1582 4720 ἀρετῆς⁹
1620 4656 1913 4726 μετενόησε
1955 4657 2062 4730 7&9

493 4741 723 4802 ἕκαστος
748 4740 854 4792 άπδ
879 4741 978 4809 τῆς
997 4741 1117 4795 ὀδοῦ
1145 4740 1308 4795 αὐτοῦ
1328 4741 1425 4810 τῆς
1449 4744 1709 4814 πονηρᾶς.
1741 4746 1850 4800 Καὶ
1877 4747 2062 4812 σώζων

492 4834 550 4886 δέ
577 4833 773 4895 αὐτοὺς
804 4831 1008 4899 ἔλεγεν,
1037 4834 1121 4886 ὅτι
1157 4836 1277 4887 Οὐκ
1312 4834 1590 4902 ἔγνωσαν
1626 4835 1836 4900 δεξιὰν
1867 4838 1904 4908 ἢ
1934 4841 2061 4910 ἀρι-

492 4924 735 4994 στεράν.
775 4923 935 4976 Ὅθεν
963 4924 1142 4994 δῆλον,
1170 4925 1252 4978 ὃτι
1285 4927 1378 4980 καὶ
1425 4926 1502 4980 τά
1537 4927 1782 4999 πρότερα
1827 4928 1888 4994 ἐξ
1929 4932 2063 5000 ἀφε-

493 5017 640 5080 λείας
678 5016 880 5087 μᾶλλον
917 5015 1160 5082 ἐπταιον,
1191 5018 1226 5089 ἢ
1261 5019 1544 5090 πονηρίας·
1575 5020 1670 5074 καὶ⁵
1699 5020 1878 5092 δῆλον,
1905 5023 1964 5090 ἐξ
1985 5017 2062 5077 ὧν

495 5105 904 5176 μετεϐάλλοντο,
928 5105 1124 5175 ὀλίγων
1149 5107 1408 5178 ῥημάτων
1435 5111 1788 5172 ἀκούσαντες.
1821 5111 1883 5164 Εἰ
1909 5111 1966 5164 δέ
2003 5114 2061 5166 τὸ

490 5195 695 5248 δώδεκα
727 5197 991 5267 μυριάδας
1021 5192 1162 5251 εἶναι
1209 5197 1368 5268 μόνον
1413 5198 1631 5270 ῐσχυσεν
1673 5201 1753 5262 είς
1789 5201 1850 5252 τὸ
1889 5199 2060 5254 σῶσαι

490 5286 707 5350 αὐτοὺς,
739 5288 790 5338 τί
819 5289 912 5340 καὶ
945 5287 1052 5358 πρὸ
1072 5288 1262 5341 τούτου
1288 5291 1484 5355 αὐτοὺς
1519 5291 1756 5362 σωθῆναι
1783 5292 2056 5361 ἐκώλυσε;

490 5377 600 5431 Καὶ
629 5376 773 5440 τίνος
802 5377 988 5431 ἕνεκεν
1018 5379 1119 5431 οὐκ
1157 5374 1278 5430 εἷπε
1309 5379 1444 5450 πρὸς
1479 5382 1664 5447 αὐτὸν,
1708 5382 1850 5450 Ἐγὼ
1886 5383 1943 5437 δέ
1996 5386 2058 5438 οὐ

489 5467 746 5539 φείσομαι
775 5467 872 5538 τῆς
910 5467 1116 5533 πόλεως
1153 5470 1358 5540 ταύτης
1400 5471 1500 5542 τῆς
1542 5473 1684 5530 οῦτω
1733 5478 2060 5547 μεταϐαλλο-

1655 5683 1690 5697 ,..

550 5711 569 5737 ⁸
602 5709 712 5772 35.,
737 5712 819 5769 τήν
846 5709 1128 5760 Χαναναίαν.

1183 248 1239 301 S.
1274 245 1558 302 JOANNIS
1593 243 2079 304 CHRYSOSTOIII
2115 243 2438 302 ARCHIEP.
2479 241 3029 300 CONSTANTINOP.

3655 247 3762 305 398

2196 355 2403 426 μένης;
2453 353 2591 408 ἀλλὰ
2637 353 2736 418 τάς
2793 353 3059 425 μυριάδας
3117 353 3392 424 παράγει;
3450 352 3547 406 Ἐκ
3613 369 3764 424 περιν-

2191 447 2376 510 ουσίας
2428 446 2524 500 καὶ
2583 444 2740 498 τοῦτο
2791 445 2979 508 τιθείς.
3027 444 3099 498 Τὸ
3137 443 3236 515 μὲν
3274 443 3382 515 7&9
3413 438 3482 514 ἦν
3516 443 3696 514 δῆλον,
3724 447 3761 516 η

2194 537 2488 610 μεταὸολή·
2537 537 2566 590 ὀ
2594 536 2653 590 δὲ
2686 535 2916 608 ἀριθμὸς
2959 535 3054 590 καὶ
3099 536 3136 606 η
3181 535 3431 605 ἀφέλεια,
3465 536 3637 605 ἄδηλα
3685 537 3763 609 τῷ

2191 629 2464 699 προφήτῃ.
2499 625 2772 681 Πάντοθεν
2798 625 2976 681 τοίνυν
3003 625 3198 690 αὐτοὺς
3227 627 3610 697 καταμαλάξαι
3639 629 3761 698 βού·

2189 719 2375 772 λεταιο
2430 719 2605 790 ίσχύει
2662 717 2772 790 γάρ
2838 719 2934 773 καὶ
2992 718 3229 790 πλῆθος,
3285 719 3417 774 ὅταν
3470 719 3567 774 καὶ
3631 721 3759 792 ἁρε-

2188 813 2254 883 τὴ

2262 923 2411 1000 [454]
2456 925 2627 979 Τοῦτο
2667 925 2799 995 γοῦν
2854 927 2949 980 καὶ
2984 923 3217 996 ἀλλαχοῦ
3261 924 3414 996 δηλοῖ
3455 924 3694 994 λέγουσα
3727 929 3762 997 ἡ

2187 1017 2398 1089 Γραφή’
2424 1018 2742 1088 Προσευχὴ
2770 1017 2840 1070 δὲ
2864 1013 2944 1088 ἦν
2964 1016 3216 1086 ἐκτενής
3236 1016 3360 1073 ὑπὸ
3387 1015 3501 1086 τῆς
3527 1018 3766 1088 Ἐκκλη-

2186 1111 2329 1177 σίας
2377 1109 2530 1178 πρὸς
2567 1111 2674 1165 τόν
2718 1109 2866 1164 Θεὸν
2895 1109 3174 1181 γινομένη
3223 1107 3376 1177 ὑπὲρ
3409 1108 3598 1164 αὐτοῦ
3621 1125 3636 1141 ·
3667 1109 3766 1164 καὶ

2185 1200 2438 1254 τοσοῦτον
2470 1200 2713 1272 ἴσχυσεν,
2737 1201 2834 1266 ὼς,
2866 1199 3271 1271 κεκλεισμένων
3295 1199 3403 1254 τῶν
3432 1198 3636 1270 θυρῶν,
3667 1200 3765 1254 καὶ

2185 1291 2430 1346 ἁλύσεων
2449 1291 2833 1363 ἐπικειμένων,
2853 1292 2948 1346 καὶ
2966 1290 3221 1360 φυλάκων
3237 1289 3579 1362 ἑκατέρωθεν
3593 1307 3766 1362 παρα·

2187 1383 2576 1452 καθευδόντων,
2612 1383 2903 1453 ἐξαγαγεῖν
2932 1383 3024 1437 τὸν
3053 1383 3376 1438 Ἀπόστολον
3399 1384 3495 1437 καὶ
3521 1383 3766 1440 ἀπαλλά-

2185 1477 2274 1544 ξαι
2327 1477 2546 1530 πάντων
2595 1476 2839 1530 ἐκείνων.
2879 1475 3021 1529 Ἀλλ’
3061 1475 3272 1547 ῶσπερ,
3319 1476 3524 1546 ἀρετῆς
3572 1473 3764 1546 οὔσης,

2188 1569 2331 1639 μέγα
2357 1569 2599 1622 δύναται·
2630 1568 2794 1632 οὕτω,
2827 1569 3029 1632 κακίας
3055 1567 3242 1638 οὐσης,
3265 1568 3419 1621 οὐδὲν
3451 1568 3663 1639 ὀνίνησι
3698 1568 3764 1622 τὸ

2185 1659 2410 1731 πλῆθος.
2444 1659 2552 1712 Καὶ
2581 1659 2689 1730 γὰρ
2730 1661 2778 1712 οἱ
2818 1659 3170 1730 Ἰσραηλῖται,
3204 1658 3334 1730 περί
3365 1652 3441 1713 ὧν
3467 1675 3656 1729 φησιν,
3678 1661 3762 1714 ὅτι

2183 1753 2211 1805 ό
2241 1751 2472 1824 ἀριθμὸς
2498 1751 2675 1806 αὐτῶν
2699 1747 2767 1823 ἦν
2794 1751 2868 1815 ὡς
2896 1753 2930 1823 ἡ
2961 1751 3143 1823 άμμος
3171 1747 3273 1821 τῆς
3302 1749 3600 1822 θαλάσσης,
3625 1752 3764 1806 πάν-

2183 1857 2274 1905 τες
2303 1839 2599 1894 ἀπώλοντο·
2626 1840 2720 1894 καὶ
2764 1842 2813 1894 οἱ
2846 1839 2939 1893 ἐπὶ
2975 1838 3099 1894 Νῶε
3126 1839 3184 1893 δέ
3211 1838 3395 1893 πολλοὶ
3421 1841 3518 1894 καὶ
3541 1839 3764 1913 ἄπειροι

2182 1925 2345 2001 ἦσαν,
2393 1929 2490 1983 καὶ
2549 1928 2703 1984 οὐδὲν
2755 1929 2951 1992 αὐτοὺς
2988 1927 3143 1982 τοῦτο
3175 1927 3354 2001 ὢνησε
3378 1946 3393 1960 ο
3438 1927 3562 1983 καθ’
3597 1929 3767 1986 ἐαυτδ

2183 2021 2292 2092 7&9
2319 2020 2470 2073 οὐδὲν
2491 2020 2714 2074 δύναται
2743 2019 2968 2090 πλῆθος,
2995 2021 3108 2075 ἀλλ’
3139 2022 3197 2075 ἐν
3232 2021 3548 2093 προσθήκης
3571 2022 3759 2094 μέρει.

2184 2111 2580 2182 Σπουδάζωμεν
2607 2107 2699 2165 οὖν
2725 2111 2965 2164 συνιέναι
2995 2113 3054 2167 ἐν
3087 2114 3208 2176 ταῖς
3236 2113 3470 2184 δεήσεσι,
3497 2114 3590 2166 καὶ
3615 2113 3764 2186 ὑπὲρ

2181 2202 2428 2273 ἀλλήλων
2459 2202 2768 2274 εὐχώμεθα,
2804 2201 3055 2275 καθάπερ
3103 2202 3246 2276 ὑπὲρ
3291 2201 3402 2256 τῶν
3443 2203 3761 2260 ἀποστόλων

2181 2297 2402 2350 ἐκεῖνοι.
2435 2296 2546 2348 Καὶ⁸
2571 2295 2680 2366 7&9
2700 2295 2920 2366 ἐντολὴν
2944 2295 3284 2367 πληροῦμεν,
3313 2295 3409 2349 καὶ
3435 2295 3517 2358 είς
3536 2295 3761 2366 ἀγάπην

2181 2387 2536 2459 ἀλειφόμεθα’
2577 2388 2710 2441 ὅταν
2755 2387 2813 2440 δέ
2855 2386 3078 2458 ἀγάπην
3110 2387 3268 2452 εῐπω,
3306 2385 3484 2441 πάντα
3517 2385 3662 2455 λέγω
3686 2386 3758 2442 τά

2180 2478 2382 2548 ἀγαθά·
2415 2478 2509 2532 καὶ
2538 2479 2880 2549 εὐχαριστεῖν
2921 2478 3340 2548 σπουδαιότερον
3372 2477 3754 2548 μανθάνωμεν.

2182 2571 2246 2624 Οί
2284 2569 2394 2641 7&9
2423 2568 2565 2640 ὑπὲρ
2596 2568 2705 2621 τῶν
2740 2567 3037 2638 ἀλλοτρίων
3071 2567 3543 2638 εὐχαριστοῦντες,
3576 2568 3758 2641 πολλῷ

2184 2662 2384 2734 μᾶλλον
2413 2661 2550 2732 ὑπὲρ
2572 2660 2680 2714 τῶν
2715 2659 2882 2714 ἰδίων.
2905 2659 3075 2714 Τοῦτο
3101 2660 3194 2714 καὶ
3225 2662 3254 2714 ό
3283 2659 3449 2713 Δαυῒδ
3472 2661 3645 2715 ἐποίει
3668 2661 3755 2716 λέ-

2180 2772 2312 2824 γων·
2371 2755 2761 2823 Μεγαλύνατε
2815 2752 2925 2806 τὸν
2978 2753 3201 2818 Κύριον
3255 2751 3380 2806 σὺν
3437 2751 3592 2821 ἐμοὶ,
3659 2752 3755 2807 καὶ

2180 2843 2519 2913 ὺψώσωμεν
2568 2841 2632 2896 τὸ
2687 2842 2875 2910 ὄνομα
2921 2840 3107 2896 αὐτοῦ
3145 2839 3246 2894 ἐπὶ
3285 2841 3353 2894 τὸ
3385 2843 3566 2896 αὐτό·
3603 2842 3758 2896 τοῦτο

2183 2936 2278 2989 καὶ
2315 2936 2344 2988 ό
2383 2931 2704 2996 Ἀπόστολος
2735 2928 3012 3002 πανταχοῦ
3043 2929 3215 3002 ζητεῖο
3261 2929 3423 2985 τοῦτο
3473 2931 3569 2985 καὶ
3596 2933 3755 3003 ἡμεῖς

2183 3023 2567 3099 ἐργαζώμεθα,
2601 3023 2697 3076 καὶ
2741 3024 2820 3087 είς
2865 3022 3074 3087 πάντας
3110 3021 3205 3076 τοῦ
3234 3021 3372 3076 Θεοῦ
3400 3023 3499 3095 τὴν
3529 3023 3753 3093 εὐεργε-

2183 3116 2304 3168 σίαν
2345 3112 2688 3184 ἐκφέρωμεν,
2719 3111 2807 3165 ἴνα
2835 3112 3124 3173 κοινωνοὺς
3154 3109 3408 3181 λάϐωμεν
3445 3111 3545 3181 τῆς
3584 3110 3752 3182 εὐφη-

2185 3205 2333 3276 μίας.
2375 3203 2438 3256 Εί
2487 3202 2598 3274 γάρ
2635 3201 2788 3273 παρά
2823 3201 3126 3273 ἀνθρώπων
3156 3219 3210 3254 τι
3237 3202 3492 3264 παθόντες
3523 3198 3751 3270 ἀγαθδν,

2181 3297 2310 3351 ὅταν
2349 3294 2804 3366 άνακηρύξωμεν,
2852 3291 3293 3364 προθυμοτέρους
3333 3292 3527 3356 αὐτοὺς
3567 3290 3752 3346 ποιοῦ-

2185 3402 2304 3461 μενο
2337 3385 2522 3458 πολλῷ
2563 3385 2762 3457 μᾶλλον
2793 3385 2887 3439 τοῦ
2914 3384 3050 3439 Θεοῦ
3077 3385 3176 3449 τὰς
3211 3385 3535 3457 εὐεργεσίας
3561 3386 3757 3456 ἀναγο-

2183 3479 2454 3552 ρεύοντες,
2496 3480 2576 3541 εἰς
2617 3476 2837 3531 πλείονα
2867 3475 3031 3530 αὐτὸν
3065 3477 3489 3548 ἐπισπασόμεθα
3522 3476 3754 3534 εὐνοιαν.

2181 3573 2292 3626 Καὶ
2323 3573 2372 3624 εί
2414 3569 2564 3642 παρά
2587 3569 2890 3640 ἀνθρώπων
2918 3568 3391 3641 εὐεργετηθέντες,
3442 3571 3542 3625 καὶ
3569 3571 3758 3636 ἄλλους

2179 3661 2524 3734 διεγείρομεν
2572 3661 2654 3724 είς
2715 3659 2816 3730 τὴν
2877 3659 3163 3714 κοινωνίαν
3222 3660 3325 3730 τῆς
3381 3661 3754 3733 εὐχαριστίαςο

2179 3754 2362 3824 πολλῷ
2401 3753 2601 3825 μᾶλλον
2627 3751 2707 3822 τῷ
2739 3750 2857 3822 Θεῷ
2894 3750 3123 3815 πολλοὺς
3167 3752 3463 3823 προσάγειν
3487 3752 3594 3824 χρὴ
3627 3755 3755 3818 τοὺς

2179 3844 2333 3914 ὑπὲρ
2355 3841 2514 3913 ἡμῶν
2547 3842 3064 3912 εὐχαριστήσοντας.
3099 3841 3162 3894 Ei
3196 3841 3304 3912 7&9
3341 3841 3550 3904 Παῦλος
3591 3841 3756 3895 τοῦτο

2178 3938 2343 3998 ποιεῖ,
2376 3932 2646 4002 τοσαύτην
2676 3931 2814 4002 ἔχων
2844 3933 2942 4006 τὴν
2966 3933 3296 4005 παρρησίαν,
3324 3931 3504 4004 πολλῷ
3544 3932 3755 4004 μᾶλλον

2178 4029 2326 4099 ἡμᾶς
2349 4025 2646 4094 ἀναγκαῖον
2671 4022 2827 4076 τοῦτο
2853 4026 3048 4080 ποιεῖν.

2246 4158 2308 4206 ε’.
2339 4149 2754 4222 Παρακαλῶμεν
2769 4149 2946 4205 τοίνυν
2963 4150 3091 4216 τοὺς
3117 4152 3307 4220 ἁγίους
3330 4152 3470 4224 ὑπὲρ
3489 4153 3648 4224 ἡμῶν
3664 4154 3752 4207 εὐ·

2173 4246 2456 4314 χαριστεῖν
2476 4283 2490 4308 ,
2532 4241 2625 4297 καὶ
2653 4241 2810 4296 αὐτοὶ
2849 4243 2989 4315 ὑπὲρ
3016 4243 3263 4314 ἀλλήλων
3293 4243 3452 4299 τοῦτο
3484 4245 3748 4316 ποιῶμεν.

2174 4336 2346 4392 Τοῦτο
2369 4335 2560 4408 ίερέων
2588 4335 2826 4406 μάλιστά
2854 4336 2971 4389 ἐστι
2997 4337 3352 4408 κατόρθωμα,
3379 4336 3568 4408 ἐπειδὴ
3596 4338 3751 4408 μέγι-

2176 4446 2299 4482 στον
2329 4427 2555 4497 ἀγαθόν.
2583 4428 2910 4499 Προσιόντες
2931 4430 3061 4501 γάρ,
3091 4429 3360 4500 πρότερον
3386 4429 3530 4498 ὐπέρ
3552 4430 3649 4499 τῆς
3672 4428 3749 4485 ol-

2173 4535 2270 4572 κου
2279 4518 2448 4588 μένης
2479 4516 2709 4571 καὶτῶν
2731 4517 2924 4570 κοινῶν
2947 4517 3382 4588 εὐχαριστοῦμεν
3409 4515 3654 4585 ἀγαθῶν.
3683 4516 3749 4571 Εἰ

2171 4611 2281 4680 γάρ
2311 4609 2406 4662 καὶ
2437 4606 2618 4662 κοιναὶ
2644 4608 2702 4662 αί
2733 4608 3046 4682 εὐεργεσίαι
3073 4608 3169 4662 τοῦ
3201 4607 3361 4671 Θεοῦ,
3397 4607 3537 4662 ἀλλά
3565 4607 3658 4661 καὶ
3682 4607 3747 4660 σύ

2171 4701 2226 4754 ἐν
2255 4699 2332 4768 τῷ
2354 4698 2520 4770 κοινῷ
2545 4698 2776 4770 ἐσώθης.
2803 4700 2964 4753 Ὥστε
2991 4699 3086 4753 καὶ
3109 4700 3251 4768 ὑπὲρ
3271 4700 3372 4768 τῆς
3402 4699 3540 4764 ίδίας
3567 4698 3746 4770 κοινὴν

2169 4792 2409 4861 ὀφείλεις
2438 4791 2634 4862 χάριν,
2666 4792 2762 4846 καὶ⁵
2795 4791 2936 4863 ὑπὲρ
2963 4791 3064 4862 τῆς
3101 4791 3287 4861 κοινῆς
3323 4789 3630 4856 ἰδιάζουσαν
3665 4789 3744 4843 δί-

2171 4902 2324 4948 καιος
2345 4884 2414 4938 ἂν
2439 4883 2557 4955 εἴης
2581 4885 2871 4955 ἀναφέρειν
2897 4885 3194 4954 εὐφημίαν.
3223 4884 3331 4938 Καὶ
3353 4884 3464 4955 7&9
3486 4883 3578 4936 τὸν
3596 4883 3748 4953 ἥλιον

2169 4977 2374 5047 ἀνῆψεν
2403 4976 2465 5030 οὐ
2507 4977 2592 5030 σοὶ⁸
2626 4977 2794 5047 μόνῳ,
2827 4975 2967 5029 ἀλλά
2994 4977 3089 5030 καὶ
3119 4974 3198 5046 τῷ
3235 4974 3416 5046 κοινῷ’
3452 4974 3568 5028 ἀλλ’
3596 4975 3745 5045 ὅμως

2169 5073 2226 5123 ἐν
2256 5069 2332 5139 τῷ
2367 5069 2524 5141 μέρει
2552 5069 2613 5122 τὸ
2641 5069 2762 5123 ὅλον
2805 5068 2950 5138 ἔχεις
2969 5085 2982 5099 ·
3012 5068 3108 5122 καὶ
3140 5070 3246 5140 7&9
3271 5066 3524 5130 τοσοῦτος
3554 5066 3744 5135 γέγονε

2167 5159 2254 5212 διὰ
2279 5159 2340 5213 τὸ
2369 5159 2568 5213 κοινόν·
2598 5159 2690 5213 καὶ
2718 5160 2848 5230 ὁρᾷς
2879 5161 2942 5212 σὺ
2973 5159 3132 5230 μόνος
3160 5158 3437 5224 τοσοῦτον,
3458 5159 3582 5212 ὅσον
3606 5153 3746 5210 εἶδον

2170 5252 2371 5315 πάντες
2425 5251 2726 5322 άνθρωποι.
2762 5253 2926 5306 Ὥστε
2953 5252 3220 5323 τοσαύτην
3252 5250 3489 5321 ὀφείλεις
3521 5251 3744 5321 εὐχαρι-

2169 5343 2343 5406 στίαν,
2360 5344 2492 5415 ὅσην
2515 5345 2774 5408 ἅπαντεςε
2793 5346 2888 5398 καὶ
2902 5346 3040 5414 ὑπὲρ
3061 5345 3168 5398 τῶν
3190 5341 3386 5398 κοινῶν
3406 5341 3747 5412 εὐχαριστεῖν

2167 5435 2234 5488 ἂν
2262 5435 2379 5505 εἴης
2401 5435 2628 5498 δίκαιος,
2663 5436 2757 5489 καὶ
2785 5435 2920 5506 ὑπὲρ
2954 5435 3053 5505 τῆς
3079 5435 3281 5504 ἐτέρων
3309 5433 3532 5505 ἀρετῆς.
3568 5427 3745 5485 Πολλά

2167 5527 2274 5595 γάρ
2311 5527 2407 5579 καὶ
2448 5527 2515 5580 δι’
2563 5527 2754 5591 ἄλλους
2797 5528 3081 5596 πάσχομεν
3125 5525 3328 5588 καλῶς.
3380 5525 3494 5578 Καὶ
3541 5523 3647 5594 7&9
3694 5521 3744 5573 εί

2165 5616 2298 5669 δέκα
2346 5618 2504 5684 μόνον
2550 5620 2608 5669 ἐν
2644 5619 2894 5688 Σοδόμοις
2933 5616 3237 5687 εὑρέθησαν
3266 5615 3500 5676 δίκαιοι,
3541 5615 3643 5667 οὐκ
3678 5609 3744 5664 ἂν

2169 5707 2405 5777 ἔπαθον,
2458 5707 2612 5782 H55}
2652 5710 2791 5781 άπερ
2840 5709 3056 5764 ἔπαθον.
3099 5709 3257 5760 Ὥστε
3316 5709 3412 5761 καὶ
3464 5706 3605 5781 ὑπὲρ
3650 5702 3744 5774 τῆς
