4018 6156
381 293 481 349 597

378 411 531 462 ceret
561 419 577 458 :
608 398 898 459 ostendens
923 396 1194 464 videlicet,
1226 393 1280 449 id
1301 392 1401 464 ipsi
1411 405 1625 463 quoque
1647 403 1806 460 quam
1832 401 1955 458 gra-

379 496 648 552 tissimum
693 506 833 548 esse.
879 490 1010 544 Nam
1052 487 1142 558 qui
1193 485 1311 541 haec
1338 483 1564 538 aliorum
1590 495 1752 536 causa
1778 477 1957 534 facere

380 583 778 648 consueverint,
806 581 974 637 multo
998 593 1129 633 sane
1147 575 1314 646 magis
1340 583 1567 644 utraque
1593 571 1708 626 haec
1734 569 1834 639 ipsi
1862 581 1955 622 sua

381 691 543 732 causa
574 671 872 747 prrestaturi
897 678 1038 724 sinit.
1065 666 1370 737 Quinetiam
1397 679 1492 720 eos
1515 663 1583 718 ad
1605 660 1957 715 humilitatem

379 766 578 828 erudit.
606 774 764 834 atque
790 761 857 817 ad
884 760 1267 817 ierventiorem
1310 755 1589 810 caritatem
1630 753 1796 808 ducit.
1826 751 1958 806 Nam

379 874 502 913 eum
525 856 658 926 ipse,
690 852 781 924 qui
809 861 891 907 tot
917 852 1158 923 partibus
1177 848 1458 904 sublimior
1483 845 1587 900 illis
1609 852 1745 912 erat,
1773 856 1958 898 eorum

379 949 629 1022 precibus
670 946 900 1001 salutem
945 959 1005 999 se
1051 949 1440 1011 consequutum
1463 951 1582 993 esse
1605 977 1621 1002 ,
1654 951 1716 990 ac
1745 942 1961 1006 prOpter

381 1044 618 1113 ipsorum
641 1037 919 1094 orationes
940 1035 1256 1091 beneficiqu
1283 1032 1556 1102 accepisse
1595 1028 1774 1092 dicat,
1803 1027 1960 1080 velim

381 1143 557 1189 tecum
584 1141 821 1202 reputes,
849 1143 957 1199 quo
980 1141 1074 1181 eos
1091 1124 1272 1179 animo
1292 1135 1556 1194 quamque
1578 1118 1821 1174 modesto
1841 1131 1963 1171 esse

381 1222 685 1294 oportebat.
740 1220 881 1288 Quin
940 1217 1069 1273 illud
1113 1231 1325 1286 quoque
1376 1208 1762 1273 animadverte,
1819 1208 1962 1278 quod

382 1316 594 1372 etiamsi
625 1315 766 1369 Deus
804 1309 1171 1367 misericordia
1217 1315 1491 1379 permotus
1536 1302 1738 1373 aliquid
1781 1301 1961 1365 faciat,

387 1416 564 1462 tamen
593 1405 681 1460 hic
710 1418 921 1474 quoque
957 1401 1193 1472 precatio
1217 1399 1439 1454 multum
1470 1394 1766 1466 adiumenti
1789 1392 1961 1447 all‘ert.

387 1499 600 1554 Etenim
622 1497 675 1552 iu
702 1495 958 1567 principio
975 1494 1198 1548 salutem
1230 1507 1380 1546 suam
1409 1490 1502 1544 Dei
1529 1485 1965 1543 miserationibus

386 1601 660 1661 acceptam
689 1589 896 1654 retulit;
937 1586 1076 1641 Deus
1120 1586 1262 1640 enim
1310 1583 1726 1647 miserationum,
1773 1578 1963 1648 inquit,

388 1698 481 1735 nos
509 1681 718 1751 eripuit;
743 1679 829 1735 hic
865 1685 1042 1732 autem
1069 1675 1313 1732 eamdem
1345 1675 1580 1744 ipsorum
1607 1685 1820 1742 quoque
1847 1674 1966 1739 pre—

388 1772 541 1826 cibus
584 1769 886 1841 adscripsit.
918 1766 1049 1822 Nam
1098 1767 1258 1821 etiam
1289 1765 1459 1828 illum,
1501 1763 1594 1834 qui
1645 1763 1964 1816 talentorum

390 1863 578 1919 decem
612 1861 776 1916 millia
806 1857 1053 1922 debebat,
1084 1866 1362 1927 postquam
1385 1854 1451 1908 ad
1485 1855 1650 1924 ipsius
1687 1850 1848 1922 pedes
1873 1865 1966 1903 ac-

390 1956 664 2021 cessisset,
698 1955 980 2008 miseratus
1017 1958 1102 2004 est
1129 1965 1143 2002 :
1171 1957 1226 2004 et
1255 1957 1434 2002 tamen
1456 1944 1652 1999 dictum
1679 1952 1784 2009 est,
1814 1941 1969 1995 Mise-

387 2045 610 2100 ricordia
657 2051 822 2098 motus
864 2041 1051 2094 dimisit
1080 2055 1214 2092 eum.
1253 2040 1428 2108 Atque
1475 2036 1602 2090 item
1651 2033 1969 2088 Chanatnezc

388 2146 508 2210 post
541 2137 759 2191 ruultam
787 2133 930 2188 illam
962 2130 1328 2184 assiduitatem
1370 2143 1432 2181 ac
1467 2125 1825 2186 tolerantiam,
1857 2131 1966 2176 tum

385 2229 620 2298 denique
664 2226 785 2280 filiae
835 2223 1062 2278 salutem
1114 2219 1380 2276 concessit
1429 2216 1646 2289 (Matth.
1696 2216 1783 2271 l5.
1832 2212 1966 2286 28):

385 2319 602 2377 etiamsi
629 2317 826 2386 alioqui
869 2313 1238 2370 misericordia
1278 2311 1468 2366 ductus
1504 2309 1604 2381 ipsi
1640 2309 1862 2364 salutem
1890 2318 1974 2362 at-

387 2413 591 2471 tulerit.
617 2412 695 2466 Ex
722 2425 826 2480 quo
851 2409 1102 2464 nimirum
1133 2405 1408 2472 discimus,
1439 2403 1683 2473 quamvis
1713 2404 1854 2456 Deus
1881 2399 1974 2454 mi-

385 2505 735 2564 sericordiam
779 2518 904 2573 erga
946 2517 1046 2556 nos
1087 2499 1424 2556 adhibiturus
1466 2497 1570 2564 sit,
1599 2495 1753 2551 nobis
1796 2504 1972 2549 tamen

386 2597 534 2654 istud
560 2598 709 2667 prius
740 2594 1056 2654 faciendum.
1084 2607 1226 2656 esse,
1271 2600 1326 2646 ut
1368 2587 1737 2645 misericordia
1785 2587 1974 2658 dignos

388 2690 644 2758 nosipsos
674 2694 1008 2757 praestemus.
1037 2683 1292 2753 Quamvis
1320 2682 1461 2738 enim
1489 2678 1850 2734 misericordia
1881 2679 1971 2746 sit,

384 2781 586 2849 dignos
619 2788 795 2832 tamen
827 2775 1051 2846 requirit
1094 2794 1107 2830 :
1155 2789 1260 2829 non
1289 2773 1430 2828 enim
1463 2780 1664 2827 temere
1702 2771 1976 2841 quibusvis

383 2869 660 2941 obtingit,
727 2867 887 2923 etiam
941 2875 1160 2935 stupore
1211 2863 1577 2920 laborantibus
1624 2879 1637 2916 :
1699 2861 1978 2916 Μίδαι-εὐοῖ

384 2961 536 3015 enim
565 3001 581 3025 ,
642 2958 856 3027 inquit,
903 2956 1048 3025 cujus
1107 2954 1410 3017 miserebor;
1465 2963 1515 3006 et
1580 2952 1977 3006 misericordiam

386 3048 644 3122 praestabo
673 3050 739 3114 ei,
768 3046 850 3101 cui
879 3044 1147 3100 miserebor
1187 3043 1378 3116 (Exod.
1406 3044 1495 3099 5'5.
1525 3043 1637 3112 19).
1677 3042 1808 3097 Vide
1831 3041 1978 3111 quip-

385 3160 463 3215 pe
503 3142 753 3213 quidnam
784 3140 871 3196 hic
898 3154 1108 3211 quoque
1136 3138 1280 3192 dicat
1310 3155 1323 3190 :
1353 3135 1722 3202 Adiuuantibus
1768 3145 1816 3190 et
1842 3134 1977 3188 vobis

388 3239 447 3293 in
476 3236 724 3290 oratione.
769 3232 902 3288 Nam
935 3246 1034 3287 nec
1071 3240 1236 3285 totum
1266 3230 1394 3301 ipsis
1426 3229 1640 3293 tribuit,
1686 3243 1753 3282 ne
1789 3241 1978 3282 eorum

390 3330 606 3385 animos
632 3327 849 3392 efferat;
878 3342 978 3382 nec
1007 3341 1190 3380 rursus
1219 3339 1311 3379 eos
1336 3324 1481 3377 omni
1518 3339 1584 3378 ex
1612 3330 1762 3392 parte
1790 3321 1858 3376 ab
1881 3319 1979 3374 hu-

389 3425 485 3494 jus
507 3422 746 3477 beneﬁcii
773 3421 927 3475 laude
953 3419 1240 3482 submovit,
1271 3429 1328 3472 ut
1348 3433 1440 3473 eos
1463 3417 1647 3470 incitet
1665 3415 1981 3469 alacriores-

398 3529 508 3584 que
538 3511 750 3577 efﬁciat,
784 3521 940 3582 atque
968 3513 1109 3567 inter
1131 3527 1189 3564 se
1213 3509 1498 3566 devinciat.
1531 3507 1684 3564 Unde
1710 3507 1870 3562 etiam
1899 3505 1980 3560 di-

399 3607 593 3671 cebat,
620 3605 856 3661 Salutem
897 3619 1070 3661 meam
1114 3603 1266 3657 vobis
1305 3602 1542 3656 donavit.
1573 3601 1704 3655 Nam
1741 3615 1980 3669 pers:epe

400 3711 616 3768 quoque
646 3695 786 3749 Deus
805 3695 953 3765 quasi
989 3695 1190 3764 pudore
1233 3702 1620 3756 commovetur,
1648 3706 1768 3745 eum
1797 3687 1945 3743 multi
1965 3718 1984 3728 -

399 3787 644 3843 tudinem
689 3785 755 3840 ad
802 3788 1161 3856 precationem
1208 3782 1528 3838 concordem
1576 3791 1736 3852 atque
1763 3780 1982 3850 conspi—

397 3887 609 3934 rantem
630 3878 801 3932 cernit
831 3895 846 3932 :
877 3878 1103 3947 ideoque
1126 3876 1398 3946 prepheta:
1420 3873 1653 3939 dicebat,
1680 3873 1791 3945 Ego
1815 3883 1982 3927 autem

399 3988 503 4024 non
533 3986 742 4040 parcant
785 3970 904 4021 ltuit:
950 3968 1136 4021 civitati
1161 4009 1176 4032 ,
1206 3969 1257 4021 in
1295 3984 1394 4036 qua
1423 3966 1649 4019 habitant
1678 3966 1794 4036 plus
1832 3981 1982 4035 quam

400 4071 603 4116 centum
631 4061 806 4132 uiginti
848 4059 1008 4113 millia
1038 4059 1299 4112 hominum
1321 4056 1493 4127 (Iona:
1527 4057 1582 4110 4.
1615 4058 1725 4126 il).
1758 4055 1978 4118 Deinde,

402 4168 473 4207 nc
504 4162 654 4221 putes
680 4152 843 4206 Deum
871 4149 938 4205 ob
967 4150 1358 4205 multitudinem
1391 4148 1662 4202 dumtaxat
1687 4148 1752 4201 ad
1776 4148 1982 4202 miseri-

401 4243 641 4297 cordiam
678 4241 900 4307 inﬂecti,
933 4240 1016 4294 his
1043 4241 1218 4295 verbis
1244 4241 1409 4294 utitur
1436 4256 1449 4291 :
1480 4237 1542 4294 Si
1570 4239 1718 4309 fuerit
1746 4256 1983 4294 numerus

406 4333 571 4387 Israel
625 4342 882 4401 tamquam
934 4348 1089 4384 arena
1136 4332 1290 4384 maris
1312 4371 1328 4394 ,
1388 4331 1612 4400 reliquiae
1661 4330 1815 4384 salva:
1865 4332 1984 4396 ﬁent

404 4423 557 4494 (Isai.
588 4423 676 4476 10.
696 4421 810 4496 22).
841 4421 941 4490 Qui
970 4421 1166 4477 factum
1193 4420 1476 4492 estigitur,
1510 4432 1565 4474 ut
1587 4419 1847 4474 Ninivitas
1872 4435 1984 4476 ser-

404 4515 581 4569 varit?
611 4513 813 4586 Nempe
852 4515 976 4586 quia
1017 4531 1123 4569 non
1172 4513 1455 4569 multitudo
1497 4514 1669 4569 solum
1716 4523 1852 4580 erat,
1891 4514 1982 4568 sed

405 4607 693 4662 multitudo
725 4610 919 4662 virtute
949 4608 1170 4678 prtedita
1199 4626 1212 4661 :
1242 4608 1609 4679 paenitentiam
1647 4606 1789 4662 enim
1822 4623 1985 4661 unus-

402 4699 633 4767 quisque
653 4697 780 4768 cgit,
814 4709 866 4753 et
897 4714 926 4752 a
955 4699 1037 4753 via
1059 4713 1154 4753 sua
1179 4714 1336 4767 prava
1363 4698 1602 4753 recessit.
1628 4697 1804 4766 Atque
1825 4697 1985 4751 etiam

405 4788 540 4856 ipse,
579 4789 705 4842 dum
749 4789 974 4844 salutem
1021 4790 1150 4857 ipsis
1193 4789 1428 4854 ati'errct,
1462 4789 1639 4844 aiebat
1679 4806 1693 4842 :
1741 4787 1985 4841 Nesciunt

404 4881 524 4945 quid
573 4881 637 4933 sit
689 4881 819 4933 inter
867 4880 1096 4934 dextram
1139 4891 1186 4933 et
1223 4882 1480 4933 sinistram
1509 4880 1656 4945 (Jon.
1701 4880 1736 4932 Ι.
1781 4877 1875 4950 c.).
1908 4877 1986 4932 Ex

404 4986 511 5040 quo
535 4971 875 5042 perSpicuum
896 4979 999 5035 est,
1024 4986 1117 5025 eos
1141 4971 1192 5023 iu
1213 4972 1386 5039 priora
1413 4977 1628 5036 pecea’ta
1647 4969 1986 5038 simplicitate

406 5064 587 5134 potius
618 5078 778 5133 quam
800 5063 962 5117 animi
986 5063 1333 5133 perversitate
1372 5061 1550 5130 lapsos
1593 5062 1796 5116 fuisse:
1827 5061 1986 5131 idque

409 5172 468 5208 ex
495 5170 562 5210 eo
588 5162 820 5222 constat,
843 5153 983 5225 quod
1004 5154 1186 5224 paucis
1210 5154 1385 5210 verbis
1406 5153 1601 5208 auditis
1620 5153 1686 5207 ad
1708 5153 1985 5208 meliorem

404 5257 640 5302 mentem
669 5262 728 5302 se
757 5255 1095 5316 receperunt.
1125 5246 1275 5314 Quod
1296 5246 1338 5301 si
1370 5246 1435 5301 ad
1461 5261 1554 5302 eos
1574 5245 1866 5303 servandos
1889 5247 1988 5303 hoc

406 5338 537 5390 satis
564 5338 756 5393 virium
783 5337 1078 5401 habuisset,
1101 5337 1241 5408 quod
1267 5347 1478 5394 centum
1506 5338 1689 5409 viginti
1712 5336 1986 5394 hominum

407 5431 569 5485 millia
617 5439 794 5496 erant,
841 5431 1092 5501 quidnam
1144 5431 1290 5500 prius
1338 5446 1549 5501 quoque
1602 5429 1982 5500 prohibuisset,

409 5522 534 5588 quin
561 5521 790 5577 salutem
821 5521 1278 5591 adipiscerentur?
1308 5520 1413 5575 Cur
1441 5522 1596 5592 igitur
1624 5537 1728 5576 non
1753 5521 1887 5576 dixit
1912 5522 1982 5584 ei,

412 5610 521 5679 Ego
546 5621 726 5668 autent
766 5628 870 5668 non
903 5628 1115 5682 parcam
1156 5612 1353 5686 civitati
1399 5611 1520 5668 huic
1557 5612 1628 5666 ita
1673 5612 1982 5678 immutatw,

415 5700 507 5756 sed
540 5713 615 5760 tot
649 5705 812 5761 millia
841 5704 1083 5777 profert?
1109 5705 1186 5762 Ex
1213 5704 1501 5762 abundanti
1534 5704 1636 5765 hoc
1661 5705 1787 5764 facit
1819 5726 1832 5763 :
1865 5723 1984 5764 nam

1433 277 1500 335 IN
1537 275 1750 334 EPIST.
1793 266 1836 331 ιι
1897 271 1991 328 AD
2025 271 2182 328 COR.
2225 271 2455 330 HOMIL.
2497 273 2564 334 Il.

3536 286 3641 346 398

2078 387 2304 440 mutatio
2339 387 2555 458 quidem
2596 387 2875 446 manifesta
2915 399 3051 457 erat,
3093 406 3349 447 numerus
3384 403 3561 450 autem
3591 405 3646 450 et

2064 477 2378 546 simplicitas
2423 479 2620 534 civium
2650 480 2928 552 propheta:
2958 483 3136 554 ignota
3184 493 3355 538 erant.
3402 484 3646 556 Undique

2066 567 2226 636 igitur
2243 583 2429 624 eorum
2448 569 2650 625 animos
2671 571 2914 628 emollire
2935 573 3114 628 studet
3133 590 3147 626 :
3166 589 3288 628 nam
3307 584 3416 628 tum
3440 575 3647 631 viribus

2066 661 2230 728 pollet
2256 662 2558 728 multitudo,
2588 679 2708 717 cum
2736 663 2903 718 virtus
2930 665 3146 734 insuper
3172 665 3395 720 accedit.

2139 750 2397 805 Orationis
2425 754 2518 807 vis.
2541 785 2613 794 —
2643 755 2753 810 Hoc
2791 756 2951 810 etiam
2980 757 3086 811 alio
3115 758 3232 812 loco
3266 757 3538 830 Scriptura
3565 759 3650 815 bis

2067 843 2243 895 verbis
2273 841 2508 897 declarat
2537 863 2551 898 :
2578 843 2756 900 Oratio
2782 857 2949 900 autem
2976 848 3126 914 ﬁebat
3153 849 3262 902 sine
3284 850 3652 906 intermissione

2067 934 2129 987 ab
2164 931 2389 987 Ecclesia
2415 935 2483 989 ad
2511 934 2672 990 Deum
2699 955 2790 1006 pro
2816 954 2873 991 eo
2903 938 3055 1004 (Act.
3086 938 3170 994 12.
3200 940 3270 1010 5)
3297 957 3309 994 :
3344 950 3651 1014 tantamque

2068 1027 2173 1080 vim
2207 1025 2408 1092 habuit,
2433 1036 2491 1082 ut
2517 1030 2758 1097 quamvis
2783 1032 2945 1084 etiam
2975 1029 3116 1085 fores
3146 1032 3340 1087 clausze
3367 1043 3565 1097 essent,
3595 1043 3651 1089 et

2069 1129 2270 1173 catenae
2300 1121 2598 1188 apostolum
2625 1121 2966 1190 stringerent,
2999 1124 3354 1194 custodesque
3385 1126 3652 1196 utrimque

2068 1210 2133 1264 ad
2158 1211 2324 1280 ipsius
2356 1212 2493 1266 latus
2521 1212 2836 1279 dormirent,
2871 1230 2994 1269 eum
3023 1224 3197 1270 tamen
3224 1219 3467 1273 eduxerit
3492 1228 3654 1290 atque

2069 1320 2137 1359 ex
2153 1304 2402 1359 omnibus
2423 1305 2527 1359 illis
2547 1305 2944 1362 difﬁcultatibus
2967 1308 3227 1364 liberarii.
3247 1309 3447 1366 Verum
3469 1329 3656 1383 quem-

2070 1397 2380 1464 admodum,
2411 1400 2456 1453 si
2487 1400 2655 1454 virtus
2684 1400 2845 1467 adsit,
2872 1417 3118 1471 magnam
3148 1403 3253 1458 vim
3284 1402 3443 1458 habet
3465 1405 3655 1467 multi-

2073 1491 2199 1544 tudo
2231 1509 2245 1546 :
2276 1491 2344 1545 ita
2383 1491 2427 1546 si
2475 1492 2658 1548 vitium
2706 1493 2864 1558 adsit,
2917 1495 3114 1550 nullam
3159 1497 3440 1552 utilitatem
3480 1496 3654 1553 aﬁ'ert.

2072 1580 2347 1652 Siquidem
2393 1593 2449 1637 et
2492 1584 2767 1648 Israelitze,
2805 1601 2938 1656 quos
2973 1590 3345 1644 arente'maris
3373 1605 3655 1645 numerum

2071 1672 2382 1743 adaequasse
2409 1675 2680 1745 Scriptura
2712 1677 2910 1744 refert,
2941 1694 3129 1736 omnes
3159 1681 3467 1750 perierunt;
3499 1693 3658 1754 atque

2072 1765 2230 1819 etiam
2258 1776 2498 1836 tempore
2521 1766 2632 1822 Noe
2654 1770 2920 1837 permulti,
2943 1771 3050 1826 imo
3071 1772 3336 1828 innumeri
3361 1782 3534 1840 erant,
3557 1791 3658 1830 nec

2076 1866 2250 1914 tamen
2279 1875 2372 1914 eos
2401 1859 2685 1932 quidquam
2720 1861 2974 1932 bocjuvit
2998 1881 3011 1916 :
3035 1865 3146 1919 sola
3183 1867 3326 1921 enim
3371 1868 3661 1923 multitudo

2073 1950 2204 2005 nihil
2237 1961 2430 2021 potest,
2457 1969 2637 2009 verum
2662 1963 2771 2009 tum
2794 1955 3006 2010 demum
3037 1971 3155 2010 cum
3184 1957 3511 2014 accessionis
3539 1959 3660 2014 loco

2075 2052 2178 2097 est.
2228 2042 2423 2098 Demus
2453 2043 2609 2114 igitur
2636 2061 2852 2115 operam
2871 2086 2887 2111 ,
2920 2055 2976 2100 ut
3005 2046 3057 2100 in
3091 2047 3338 2115 precibus
3367 2063 3656 2115 coeamus,

2074 2133 2162 2187 alii
2194 2149 2288 2202 pro
2316 2133 2432 2188 aliis
2462 2151 2746 2205 precemur
2768 2178 2783 2202 ,
2815 2137 3261 2206 quemadmodum
3292 2138 3366 2193 illi
3400 2155 3496 2208 pro
3523 2155 3658 2210 apo-

2075 2225 2243 2279 stolis.
2275 2224 2364 2279 Sic
2389 2226 2530 2279 enim
2561 2237 2615 2282 et
2640 2227 2948 2283 mandatum
2976 2229 3280 2298 explemus,
3303 2239 3356 2285 et
3375 2231 3440 2284 ad
3468 2232 3661 2285 carita-

2079 2329 2183 2371 tem
2229 2316 2508 2375 incitamur
2539 2337 2552 2372 :
2584 2334 2702 2373 cum
2751 2331 2929 2375 autem
2970 2321 3250 2376 caritatem
3294 2322 3449 2389 dico,
3478 2324 3658 2377 omnia

2077 2407 2213 2462 bona
2243 2406 2347 2462 hoc
2381 2409 2640 2464 vocabulo
2674 2413 3001 2481 complector
3031 2431 3046 2468 :
3078 2423 3238 2484 atque
3265 2413 3426 2469 etiam
3457 2414 3661 2484 majore

2075 2499 2254 2554 studio
2296 2501 2495 2571 gratias
2536 2518 2696 2572 agere
2736 2503 3024 2561 discamus.
3068 2506 3199 2562 Nam
3225 2509 3314 2578 qui
3345 2523 3442 2578 pro
3471 2508 3662 2564 alienis

2076 2591 2274 2662 gratias
2313 2592 2424 2648 Deo
2459 2605 2644 2663 agunt,
2671 2596 2839 2651 multo
2869 2598 3036 2668 magis
3079 2598 3128 2653 id
3170 2614 3266 2670 pro
3287 2600 3399 2656 suis
3436 2599 3658 2655 faciunt.

2077 2682 2191 2740 Hoc
2218 2685 2383 2741 David
2411 2703 2622 2758 quoque
2652 2687 2897 2757 faciebat,
2928 2707 3047 2746 cum
3078 2693 3302 2762 diceret,
3332 2693 3664 2766 Magni/ictus

2078 2775 2355 2830 Dominum
2385 2795 2599 2846 mecum,
2623 2790 2670 2833 et
2692 2782 2970 2837 exaltemus
2995 2800 3174 2837 nomen
3199 2785 3310 2854 ejus
3349 2789 3403 2841 in
3437 2787 3663 2858 idipsum

2080 2866 2250 2939 (Psal.
2277 2870 2367 2925 55.
2395 2869 2450 2940 4)
2483 2888 2498 2925 :
2527 2871 2629 2926 hoc
2652 2880 2708 2925 et
2731 2873 3004 2940 apostolus
3036 2875 3230 2943 passim
3252 2877 3529 2946 exposcit:
3559 2877 3662 2934 hoc

2079 2974 2180 3014 nos
2205 2959 2330 3014 item
2358 2959 2632 3027 faciamus,
2664 2971 2822 3033 atque
2847 2965 2986 3034 apud
3014 2981 3202 3020 omnes
3229 2967 3321 3022 Dei
3344 2968 3661 3025 beneﬁcium

2080 3050 2452 3121 przcdicemus,
2490 3060 2549 3106 ttt
2586 3068 2678 3108 eos
2721 3054 3040 3110 laudationis
3088 3058 3264 3113 socios
3303 3073 3660 3114 assumamus.

2078 3141 2213 3198 Nam
2241 3143 2307 3210 si,
2338 3159 2461 3200 cum
2492 3144 2808 3202 beneﬁcium
2837 3147 3052 3218 aliquod
3079 3149 3146 3204 ab
3177 3149 3482 3206 hominibus
3507 3167 3665 3209 acce-

2081 3239 2254 3309 pimus
2273 3248 2432 3309 atque
2453 3240 2504 3295 id
2521 3240 2870 3307 celebramus,
2886 3245 3240 3313 promptiores
3252 3260 3347 3302 eos
3363 3246 3428 3301 ad
3448 3245 3584 3302 bene
3594 3245 3664 3302 de

2081 3329 2237 3384 nobis
2261 3330 2579 3386 merendum
2609 3331 2884 3388 reddimus
2915 3351 2930 3388 :
2957 3336 3125 3390 multo
3151 3337 3339 3406 magis,
3372 3337 3466 3392 Dei
3496 3338 3661 3392 bene-

2080 3421 2202 3479 ficia
2232 3421 2606 3490 praedicantes,
2629 3423 2695 3478 ad
2727 3423 2982 3493 majorem
3022 3426 3450 3482 benevolentiam
3488 3429 3662 3496 ipsum

2083 3512 2434 3567 attrahemus.
2463 3513 2527 3566 Et
2551 3513 2618 3578 si,
2650 3528 2770 3567 cum
2801 3514 3116 3568 beneﬁcium
3146 3516 3358 3584 aliquod
3389 3517 3457 3570 ab
3489 3517 3662 3572 homi-

2085 3603 2243 3656 nibus
2269 3603 2583 3671 consequuti
2614 3619 2798 3658 sumus
2819 3645 2835 3670 ,
2867 3605 2932 3658 ad
2962 3606 3161 3674 gratias
3187 3607 3466 3661 nobiscqu
3496 3623 3662 3678 agen-

2084 3691 2181 3746 das
2212 3691 2345 3745 alios
2369 3692 2530 3746 etiam
2555 3694 2870 3760 excitamus,
2904 3695 3074 3750 multo
3103 3697 3343 3766 profecto
3373 3700 3539 3769 magis
3569 3713 3666 3754 no-

2085 3781 2168 3836 bis
2205 3781 2498 3836 curandum
2537 3793 2639 3850 est,
2668 3793 2724 3837 ut
2753 3785 2968 3854 multos,
3009 3786 3098 3856 qui
3135 3788 3336 3857 gratias
3373 3803 3470 3858 pro
3513 3789 3666 3844 nobis

2085 3881 2264 3942 agant,
2306 3872 2374 3926 ad
2419 3873 2586 3928 Deum
2631 3875 2997 3931 adhibeamus.
3042 3877 3282 3950 Cumque
3324 3880 3538 3944 Paulus,
3571 3885 3660 3949 qui

2089 3973 2286 4019 tantam
2331 3963 2575 4020 ﬁduciam
2623 3966 2916 4035 obtinebat,
2949 3968 3048 4024 hoc
3097 3970 3275 4044 iaciat,
3307 3980 3453 4027 tanto
3497 3975 3663 4044 magis

2087 4054 2190 4111 hoc
2241 4070 2272 4109 a
2317 4057 2473 4111 nobis
2529 4057 2644 4112 ﬁeri
2703 4073 2924 4116 necesse
2979 4070 3081 4114 est.

2157 4145 2213 4202 5.
2241 4143 2508 4210 Quocirca
2537 4151 2754 4199 sanctos
2794 4145 2940 4198 viros
2983 4143 3147 4197 etiam
3179 4149 3345 4211 atque
3366 4141 3528 4196 etiam
3560 4141 3660 4196 ob-

2090 4253 2387 4299 secremus,
2419 4244 2477 4290 ut
2506 4250 2604 4305 pro
2644 4234 2805 4288 nobis
2834 4233 3040 4303 gratias
3070 4240 3268 4301 agant,
3297 4240 3463 4301 atque
3493 4231 3659 4285 etiam

2087 4331 2189 4399 ipsi
2223 4345 2319 4397 pro
2345 4328 2500 4383 nobis
2529 4327 2632 4380 hoc
2656 4326 2887 4379 invicem
2925 4323 3213 4377 faciamus.
3253 4319 3403 4376 Istud
3430 4334 3661 4390 praeser-

2092 4421 2187 4474 tim
2230 4419 2572 4474 sacerdotum
2611 4432 2811 4471 munus
2839 4425 2942 4480 est,
2974 4423 3156 4484 utpote
3185 4414 3386 4468 bonum
3416 4411 3663 4466 omnium

2092 4511 2631 4583 praestantissimum.
2682 4509 3017 4564 Accedentes
3063 4507 3241 4570 enim,
3297 4505 3531 4575 primum
3567 4518 3666 4571 pro

2093 4605 2182 4661 uni
2194 4619 2351 4660 verso
2369 4603 2501 4658 orbe
2516 4596 3005 4668 communibusque
3021 4595 3323 4652 connuodis
3340 4593 3541 4666 gratias
3558 4591 3668 4662 agi-

2093 4713 2234 4751 mus.
2253 4695 2386 4752 Nam
2404 4695 2505 4750 etsi
2522 4692 2835 4749 communia
2851 4691 2941 4746 Dei
2958 4690 3218 4745 beneﬁcia
3238 4700 3384 4753 sunt,
3406 4699 3585 4742 tamen
3607 4695 3667 4741 tu

2089 4800 2302 4856 quoque
2343 4787 2395 4840 in
2440 4786 2710 4841 communi
2739 4786 2964 4840 salutem
2990 4800 3050 4840 es
3077 4795 3459 4856 consequutus.
3489 4785 3673 4858 itaque

2094 4887 2203 4932 tum
2218 4893 2315 4949 pro
2329 4880 2531 4948 privata
2548 4887 2632 4933 tua
2645 4891 2982 4932 communem
2996 4877 3283 4947 gratiarqu
3296 4879 3557 4933 actionem
3579 4877 3670 4933 de-

2089 4969 2207 5034 bes,
2228 4979 2337 5024 tum
2358 4985 2454 5040 pro
2468 4969 2736 5024 communi
2756 4968 3016 5038 privatam
3040 4969 3146 5024 Deo
3165 4969 3378 5025 laudem
3399 4970 3492 5025 abs
3511 4980 3563 5026 te
3582 4969 3680 5026 οι-.

2090 5055 2218 5116 ferri
2242 5076 2452 5130 aequum
2477 5059 2655 5116 fuerit.
2679 5060 2889 5115 Etenim
2909 5061 3074 5116 solem
3100 5076 3205 5115 non
3230 5060 3324 5114 tibi
3353 5060 3443 5116 uni
3472 5077 3675 5117 accen¢

2092 5155 2188 5216 dit.
2204 5155 2300 5209 sed
2317 5155 2474 5208 etiam
2491 5147 2850 5208 communiter
2869 5154 3144 5218 omnibus;
3169 5163 3220 5207 et
3240 5161 3415 5208 tamen
3445 5154 3495 5209 in
3519 5165 3670 5226 parte

2093 5255 2262 5300 totum
2291 5244 2455 5300 habes
2483 5262 2496 5298 :
2528 5259 2650 5298 nam
2677 5244 2747 5299 ob
2765 5259 3105 5298 communem
3128 5243 3364 5300 omnium
3391 5246 3668 5301 utilitatem

2095 5345 2238 5392 tanta
2261 5335 2623 5406 magnitudine
2640 5346 2853 5391 creatus
2877 5346 2991 5401 est;
3022 5345 3075 5390 tu
3095 5345 3271 5391 tamen
3294 5338 3442 5393 solus
3465 5349 3668 5392 tantum

2093 5429 2264 5496 vides,
2297 5437 2550 5498 quantum
2590 5429 2820 5484 universi
2865 5429 3117 5486 mortales
3141 5430 3322 5486 videre
3348 5438 3564 5500 queant.
3593 5429 3670 5483 Ex

2093 5535 2200 5590 quo
2225 5519 2473 5584 efﬁcitur,
2507 5527 2564 5574 ut
2591 5530 2788 5574 tantam
2819 5521 3108 5586 gratiarum
3137 5524 3404 5575 actionem
3432 5517 3627 5572 debeas
3650 5555 3667 5584 ,

2092 5619 2344 5682 quantam
2373 5612 2640 5676 universi;
2683 5629 2745 5666 ac
2776 5620 2825 5667 te
2857 5622 2910 5667 et
2942 5627 3041 5682 pro
3065 5608 3437 5667 corutnunibus
3459 5605 3668 5659 beneﬁ-

2093 5703 2190 5760 ciis
2228 5702 2426 5774 gratias
2471 5717 2628 5774 agere
2675 5719 2770 5775 par
2805 5714 2908 5772 est,
2952 5711 3006 5760 et
3049 5716 3143 5773 pro
3183 5699 3409 5755 aliorum
3452 5696 3664 5752 virtute.
