4018 6156
434 269 542 325 399

435 407 612 462 Multis
668 411 812 463 enim
865 407 1024 462 etiam
1070 412 1286 475 propter
1333 404 1469 460 alios
1517 403 1794 459 beneﬁciis
1841 403 2012 459 afﬁci-

434 515 575 553 mur.
621 498 830 552 Etenim
858 497 902 551 si
931 496 1015 550 vel
1055 496 1238 551 decem
1270 495 1368 549 soli
1396 493 1524 564 justi
1562 493 1660 548 viri
1689 495 1742 548 in
1770 493 2018 551 Sodomis

439 591 640 646 inventi
668 588 910 653 fuissent,
941 603 1047 642 non
1079 588 1129 642 in
1159 602 1254 643 eas
1275 628 1290 654 ,
1320 601 1454 656 quas
1485 587 1838 656 pertulerunt,
1870 587 2017 642 cala-

438 685 650 738 mitates
677 680 1008 736 incidissent.
1041 679 1397 748 Quamobrem
1427 693 1523 748 pro
1549 678 1775 733 aliorum
1806 693 2018 748 quoque

437 775 574 843 apud
619 773 788 828 Deum
835 771 1078 827 libertate
1105 786 1169 825 ac
1197 770 1388 824 ﬁducia
1429 769 1626 840 gratias
1656 784 1872 839 agamus
1905 786 1917 821 :
1948 769 2019 824 si-

434 867 647 934 quidem
691 865 862 934 prisca
903 863 990 919 lex
1036 863 1151 918 haec
1194 870 1297 929 est,
1326 871 1485 932 atque
1511 861 1803 931 antiquitus
1831 862 1883 916 in
1917 860 2019 917 Ec-

440 955 600 1010 rlesia
628 955 890 1011 instituta.
917 954 1008 1009 Sic
1037 953 1232 1008 Paulus
1264 967 1359 1022 pro
1385 952 1670 1017 Romanis,
1703 969 1798 1022 pro
1822 951 2017 1006 Corin-

438 1043 564 1099 thiis
584 1086 600 1111 ,
643 1060 741 1114 pro
781 1046 1030 1100 universo
1058 1044 1188 1098 orbe
1211 1043 1412 1114 gratias
1439 1045 1567 1114 agit.
1596 1041 1706 1098 Nec
1727 1059 1856 1100 vero
1889 1043 2017 1098 illud

435 1134 568 1189 mihi
593 1134 790 1190 dixeris
815 1154 828 1190 :
858 1134 971 1190 lloc
1001 1134 1314 1204 praeclarum
1345 1133 1547 1187 facinus
1571 1148 1748 1188 meum
1779 1150 1883 1187 non
1912 1143 2014 1187 est.

436 1225 690 1294 Quamvis
717 1228 861 1284 enim
893 1237 1042 1282 tuum
1069 1243 1173 1281 non
1204 1227 1307 1294 sit,
1341 1225 1419 1281 sic
1448 1241 1660 1296 quoque
1692 1235 1868 1280 tamen
1893 1211 2016 1296 gra-

461 1321 539 1374 ias
566 1335 724 1390 agere
750 1319 931 1386 debes,
957 1321 1098 1391 quod
1128 1321 1428 1375 membrum
1455 1331 1604 1374 tuum
1628 1320 1730 1375 tale
1756 1321 1846 1375 sit.
1871 1322 2018 1375 Alio-

357 1427 366 1435 κ
436 1412 564 1478 quin
595 1411 753 1465 etiam
785 1420 937 1466 tuum
967 1411 1094 1466 illud
1121 1410 1249 1466 facis
1271 1453 1286 1477 ,
1319 1427 1439 1465 cum
1471 1410 1656 1466 laudas
1684 1423 1738 1466 et
1776 1412 1828 1466 in
1864 1427 2017 1466 coro-

437 1518 628 1557 narum
681 1511 886 1573 partem
939 1503 1056 1573 ipse
1108 1503 1267 1558 etiam
1319 1503 1508 1570 venis,
1561 1513 1722 1575 atque
1773 1503 2016 1559 eamdem

434 1595 660 1665 gratiam
695 1595 978 1665 percipies.

508 1683 692 1739 Preces
719 1702 809 1754 pro
834 1686 1217 1740 catechumenis.
1241 1716 1310 1726 -—-
1334 1685 1414 1741 Ob
1442 1701 1559 1740 eam
1590 1701 1804 1741 causam
1831 1686 2018 1743 Eccle-

434 1779 529 1832 siae
560 1779 702 1848 leges
723 1777 951 1833 adhunc
975 1779 1187 1833 modum
1211 1793 1396 1847 preces
1418 1777 1530 1834 ﬁeri
1551 1778 1738 1848 jubent
1764 1797 1776 1831 :
1802 1795 1906 1833 non
1928 1793 2020 1834 cas

435 1869 713 1925 dumtaxat
756 1887 872 1940 qua:
913 1885 1012 1941 pro
1051 1871 1316 1935 ﬁdelibus,
1346 1870 1441 1926 sed
1469 1886 1560 1926 eas
1588 1872 1749 1926 etiam
1773 1887 1892 1942 qua:
1923 1887 2018 1942 pro

434 1963 832 2018 cateclmmenis
871 1962 1193 2019 adhibentur
1223 1981 1236 2018 :
1262 1963 1523 2032 siquidem
1575 1964 1658 2019 lex
1702 1963 1768 2018 ad
1817 1964 2020 2034 suppli-

433 2054 663 2108 candum
711 2069 805 2121 pro
847 2054 950 2120 bis,
996 2056 1085 2124 qui
1135 2054 1370 2109 nomium
1422 2055 1611 2110 initiati
1655 2065 1800 2120 sunt,
1835 2055 2019 2110 ﬁdeles

434 2145 648 2200 excitat.
678 2144 811 2199 Nam
839 2160 960 2200 cum
989 2144 1246 2200 diaconus
1273 2146 1368 2210 ait,
1397 2144 1504 2199 Pro
1528 2145 1905 2200 catechumenis
1933 2146 2017 2198 in-

433 2249 564 2293 tente
599 2256 814 2305 oremus,
857 2238 986 2292 nihil
1029 2239 1171 2292 aliud
1219 2238 1364 2302 facit,
1411 2255 1567 2308 quam
1614 2248 1671 2293 ut
1714 2240 2016 2293 universam

434 2329 671 2384 ﬁdelium
703 2329 1096 2384 multitudinem
1137 2330 1203 2384 ad
1246 2345 1434 2399 preces
1469 2345 1565 2399 pro
1596 2330 1705 2385 illis
1745 2329 2019 2385 obeundas

434 2422 648 2476 excitet.
684 2421 844 2490 Atqui
875 2420 1034 2475 alieni
1065 2421 1242 2476 adhuc
1272 2430 1394 2475 sunt
1429 2420 1799 2475 catechumeni
1835 2438 1849 2474 :
1879 2436 2017 2474 non-

433 2515 562 2569 dum
587 2515 728 2570 enim
760 2514 972 2583 corpori
1014 2512 1208 2568 Christi
1251 2515 1392 2568 insiti
1431 2523 1577 2581 sunt,
1611 2528 1708 2568 nec
1737 2514 2021 2584 mysterio-

435 2622 553 2661 rum
584 2606 870 2676 participes
895 2604 1091 2672 ell‘ecti,
1111 2621 1293 2661 verum
1316 2621 1344 2658 a
1369 2604 1628 2674 spirituali
1659 2620 1818 2674 grege
1843 2603 2019 2659 adhuc

434 2697 612 2751 divisi.
637 2697 790 2763 Quod
817 2696 860 2751 si
891 2711 1020 2768 ergo
1049 2711 1147 2767 pro
1175 2696 1257 2751 his
1284 2695 1544 2751 orandum
1567 2705 1670 2762 est,
1699 2695 1868 2749 multo
1891 2709 2020 2750 sane

433 2791 606 2860 magis
638 2805 734 2860 pro
761 2791 959 2845 nostris
988 2789 1262 2845 membris.
1294 2787 1376 2844 Ob
1407 2787 1564 2858 idque
1593 2787 1754 2844 etiam
1783 2787 1894 2853 ait,
1931 2784 2020 2841 ln-

436 2891 567 2935 tente
596 2897 816 2948 oremus,
845 2897 911 2935 ne
940 2881 1190 2937 videlicet
1216 2896 1309 2935 eos
1338 2888 1605 2950 tamquam
1632 2879 1838 2934 alienos
1866 2877 2021 2934 abdi-

433 2986 527 3026 ces
547 2987 609 3028 ac
639 2971 869 3039 rejicias,
897 2988 962 3026 ne
986 2983 1252 3040 tamquam
1278 2971 1589 3041 peregrinos
1610 2985 1712 3025 non
1736 2983 2016 3039 agnoscas.

437 3063 684 3117 Nondum
716 3064 857 3117 enim
900 3064 1015 3133 lege
1052 3064 1344 3130 sancitam,
1374 3071 1532 3129 atque
1565 3077 1593 3116 a
1622 3061 1836 3118 Christo
1871 3063 2018 3118 inve-

434 3164 575 3210 ctam
612 3155 976 3224 precationem
1018 3155 1249 3222 habent;
1297 3154 1534 3209 nondum
1573 3154 1791 3210 liberius
1829 3153 2017 3210 orandi

435 3253 753 3315 potestatem
800 3245 940 3300 nacti
985 3253 1134 3310 sunt,
1179 3243 1276 3300 sed
1323 3245 1570 3313 aliorum,
1612 3247 1702 3316 qui
1750 3247 2019 3317 mysteriis

437 3338 627 3393 initiati
656 3339 785 3405 sint,
808 3352 910 3408 ope
938 3337 1198 3408 indigent.
1225 3337 1441 3394 Etenim
1468 3347 1620 3394 extra
1642 3339 1906 3394 vestibula
1934 3353 2018 3394 re-

433 3431 516 3502 gia
549 3441 710 3496 stant,
743 3432 1004 3503 longeque
1044 3449 1072 3487 a
1115 3431 1281 3486 sacris
1323 3432 1616 3488 cancellis:
1646 3447 1814 3502 eaque
1855 3431 2016 3487 etiam

433 3523 503 3578 de
541 3540 721 3590 causa,
753 3539 874 3580 eum
919 3525 1212 3580 tremenda:
1256 3539 1444 3594 preces
1485 3523 1637 3590 ﬁunt,
1681 3525 2013 3593 ablegautur.

433 3615 550 3682 Quo
581 3617 658 3679 ﬁt,
688 3626 746 3670 ut
775 3626 826 3671 te
850 3633 1062 3688 quoque
1089 3616 1333 3672 hortetur
1356 3658 1371 3680 ,
1403 3623 1461 3671 ut
1486 3631 1582 3686 pro
1609 3615 1714 3671 illis
1743 3631 1886 3680 ores,
1909 3633 2016 3686 quo

433 3707 671 3763 membra
697 3718 785 3762 tua
812 3709 960 3775 liant,
985 3723 1085 3763 nec
1105 3708 1217 3777 jam
1239 3707 1504 3778 peregrini
1527 3718 1688 3778 atque
1707 3708 1865 3763 alieni
1887 3707 2014 3763 sint.

434 3799 567 3854 Illud
592 3801 734 3854 enim
756 3841 771 3865 ,
806 3800 1048 3866 Oremus,
1082 3816 1186 3854 non
1217 3801 1282 3854 ad
1310 3799 1618 3855 sacerdotes
1649 3809 1855 3856 tantum
1875 3841 1891 3867 ,
1921 3800 2016 3856 sed

433 3891 593 3944 etiam
614 3891 679 3944 ad
705 3890 956 3959 populum
979 3900 1200 3959 spectat.
1225 3890 1355 3944 Nam
1376 3905 1498 3944 cum
1519 3892 1610 3957 ait,
1634 3890 1787 3945 Recte
1806 3903 2014 3959 stemus,

435 3998 653 4046 oremus,
683 3996 871 4037 omnes
901 3981 968 4036 ad
997 3981 1322 4051 precandum
1356 3981 1634 4047 hortatur;
1667 3998 1729 4037 ac
1753 3992 1863 4037 tum
1895 3999 2018 4052 pre-

433 4074 696 4129 cationem
728 4072 1030 4142 auspicans,
1056 4073 1150 4135 ait,
1177 4070 1243 4126 Ut
1272 4072 1761 4126 misericordissimus
1785 4090 1844 4127 ac
1870 4074 2017 4128 mise-

434 4176 574 4219 rator
605 4163 738 4220 Deus
763 4165 1016 4220 orationes
1043 4181 1217 4218 eorum
1237 4164 1498 4221 exaudiat.
1526 4163 1733 4219 Etenim
1758 4180 1825 4220 ne
1845 4165 2009 4231 dicas,

433 4258 569 4328 Quid
591 4268 672 4314 est
691 4257 831 4329 quod
853 4257 1105 4313 oremus?
1131 4257 1290 4312 alieni
1311 4265 1456 4322 sunt,
1480 4257 1715 4312 nondum
1737 4257 2013 4313 nobiscum

435 4351 702 4420 conjuncti
751 4368 764 4404 :
810 4349 951 4405 unde
997 4351 1163 4404 Deum
1205 4364 1525 4419 permovere
1571 4349 1826 4418 possum?
1874 4349 2014 4405 unde

433 4460 554 4499 eum
580 4443 870 4508 adducere,
901 4453 956 4497 ut
999 4441 1419 4498 misericordiam
1447 4458 1509 4498 ac
1537 4443 1746 4498 veniam
1776 4442 1879 4497 illis
1911 4443 2010 4498 im-

438 4535 668 4603 pertiat?
697 4550 784 4598 ne,
813 4535 1052 4603 inquam,
1076 4533 1191 4589 haec
1219 4548 1466 4604 quaerens
1490 4534 1714 4598 hacreas,
1738 4533 1858 4588 vide
1881 4549 2015 4604 quo-

435 4626 594 4682 modo
643 4625 725 4678 his
769 4624 944 4679 verbis
981 4623 1362 4680 dubitationem
1413 4633 1556 4678 tuam
1597 4623 1846 4678 discutiat
1891 4642 1905 4679 :
1945 4623 2014 4678 Ut

436 4717 927 4771 misericordissimus
956 4733 1016 4770 ac
1045 4719 1309 4773 miserator
1337 4715 1495 4771 Deus.
1525 4716 1772 4782 Audisti,
1809 4715 2014 4772 Miseri-

401 4809 782 4880 ,cordissimus
813 4810 987 4866 Deus?
1014 4811 1399 4882 Perplexojam
1425 4811 1606 4866 animo
1631 4825 1752 4866 esse
1781 4809 1966 4866 desine
1995 4827 2009 4863 :

436 4903 970 4959 misericordissimus
998 4905 1141 4958 enim
1172 4905 1294 4972 ille,
1324 4904 1559 4958 omnium
1581 4946 1597 4970 ,
1626 4903 1727 4957 hoc
1757 4911 1840 4959 est
1863 4944 1878 4968 ,
1906 4913 2010 4957 tam

434 5006 771 5070 peccatorum
803 5012 962 5068 quam
987 4996 1303 5064 amicorum,
1325 4997 1630 5052 miseretur.
1658 4995 1919 5063 Quocirca
1945 5012 2014 5052 ne

430 5091 632 5146 dixeris
655 5132 671 5158 ,
702 5090 945 5160 Quonam
985 5089 1145 5144 modo
1189 5103 1375 5145 eorum
1411 5105 1570 5145 causa
1613 5089 1778 5145 Deum
1817 5088 2013 5144 adibo?

431 5183 550 5255 ipse
579 5184 720 5238 extim
744 5199 928 5240 eorum
957 5198 1142 5254 preces
1170 5182 1438 5238 exaudiet.
1462 5183 1715 5251 Quaenam
1734 5197 1892 5254 porro
1910 5183 2011 5237 alia

432 5273 936 5331 catechumenorum
954 5276 1187 5344 precatio
1215 5276 1394 5341 fuerit,
1412 5291 1568 5344 quam
1591 5284 1648 5330 ut
1677 5291 1744 5331 ne
1763 5275 2013 5330 catechu-

430 5367 575 5423 meni
616 5367 902 5422 maneant?
940 5367 1059 5422 Mox
1103 5369 1506 5437 supplicationis
1546 5383 1757 5438 quoque
1796 5368 2013 5423 modum

425 5460 616 5516 dictat.
661 5457 913 5526 Quisnam
942 5467 1120 5515 autem
1147 5460 1234 5516 ille
1261 5460 1384 5514 est?
1436 5458 1504 5514 Ut
1532 5460 1760 5515 cordium
1783 5460 2014 5531 ipsorum

426 5569 579 5608 cum
603 5552 818 5624 aperiat.
850 5549 1090 5608 Occlusa:
1117 5551 1261 5607 enim
1289 5560 1346 5608 et
1371 5552 1634 5607 obturatas
1661 5551 1837 5607 adhuc
1863 5559 2010 5607 sunt.

431 5646 606 5700 Aures
636 5659 796 5715 porro
826 5660 932 5699 non
961 5651 1211 5699 externas
1240 5643 1433 5707 hasce,
1465 5643 1560 5699 sed
1587 5643 1782 5699 mentis
1809 5642 2010 5697 intelli-

427 5735 523 5807 git.
559 5735 630 5796 Ul
651 5738 862 5794 audiant
887 5753 997 5810 qute
1025 5736 1198 5794 oculus
1223 5753 1326 5792 non
1355 5735 1496 5806 vidit,
1516 5752 1602 5791 nec
1634 5735 1771 5790 auris
1794 5735 2007 5803 audivit,

1257 267 1312 323 S.
1352 263 1627 321 JOANNIS
1651 259 2123 319 CllﬂYSOSTOMl
2163 262 2474 320 AliClllEP.
2517 263 3046 322 CONSTANTINOP.

3603 272 3706 328 400

2125 401 2214 439 nec
2251 383 2304 439 in
2342 399 2428 438 cor
2466 383 2683 439 hominis
2721 385 3076 440 ascenderunt.
3116 383 3301 455 Neque
3327 382 3470 440 enim
3509 400 3707 439 arcana

2123 477 2375 550 mysteria
2394 477 2694 544 audierunt,
2715 479 2808 534 sed
2833 478 3013 547 procul
3030 485 3082 533 et
3103 478 3313 533 eminus
3331 487 3494 533 stant.
3528 481 3705 550 Atque

2122 571 2282 626 etiam
2305 571 2348 625 si
2374 570 2612 636 audiant,
2631 570 2771 625 haud
2794 578 2971 630 tamen
2993 570 3118 640 quid
3140 569 3349 624 dicatur
3372 570 3703 641 intelligunt:

2122 666 2384 737 siquidem
2423 681 2485 722 ea
2528 666 2795 737 ingentem
2838 669 3181 739 sagacitatem
3212 677 3266 721 et
3295 668 3704 739 intelligentiam

2124 761 2417 831 requirunt,
2448 775 2554 816 non
2595 771 2771 817 autem
2817 772 2878 818 ut
2920 761 3205 818 dumtaxat
3249 761 3572 826 audiantur;
3605 761 3702 831 ipsi

2121 867 2248 908 vero
2273 855 2511 910 internas
2533 869 2689 910 aures
2715 855 2949 910 nondum
2974 864 3317 924 acceperunt.
3362 854 3516 910 Unde
3543 854 3706 909 etiam

2124 944 2414 1015 prophetia:
2460 947 2685 1017 gratiam
2735 947 2870 1017 ipsis,
2907 955 3057 1017 optat
3089 966 3102 1002 :
3132 946 3397 1016 siquidem
3441 944 3708 1016 propheta

2121 1037 2186 1090 ad
2218 1035 2360 1091 hunc
2387 1037 2602 1092 modum
2631 1038 2949 1110 loquebatur
2979 1053 2994 1094 :
3027 1037 3271 1093 Dominus
3307 1038 3396 1092 dat
3433 1039 3559 1091 mihi
3601 1038 3707 1091 lin-

2120 1147 2272 1200 guam
2292 1129 2565 1195 eruditam,
2597 1140 2654 1184 ut
2681 1131 2839 1185 sciam
2867 1131 3069 1202 quando
3097 1139 3325 1201 oporteat
3347 1131 3575 1200 proferre
3600 1145 3711 1184 ser-

2122 1240 2317 1277 monem
2350 1239 2367 1277 .'
2389 1225 2626 1294 quoniam
2648 1223 2756 1294 ipse
2774 1224 2938 1293 aperit
2962 1240 3019 1279 os
3046 1238 3233 1287 meum,
3251 1223 3418 1292 posuit
3437 1238 3516 1276 me
3535 1238 3706 1287 mane,

2121 1318 2354 1385 apposuit
2379 1315 2502 1368 mihi
2522 1332 2698 1370 aurem
2721 1315 3004 1371 audientem
3031 1313 3185 1386 (Isai.
3210 1313 3298 1370 50.
3317 1314 3370 1368 4.
3401 1312 3479 1382 5).
3507 1311 3710 1380 Quem-

2120 1407 2404 1462 admodum
2427 1409 2568 1462 enim
2598 1408 2874 1479 pmphetaa
2903 1409 3008 1463 alio
3035 1407 3194 1462 modo
3220 1422 3284 1462 ac
3307 1407 3500 1476 reliqui
3529 1405 3707 1460 homi-

2123 1516 2218 1556 nes
2263 1499 2591 1557 audiebant:
2617 1501 2695 1556 sic
2740 1501 2912 1557 ﬁdelis
2953 1515 3166 1571 quoque
3203 1499 3308 1554 alio
3347 1499 3510 1554 modo
3545 1513 3705 1569 quam

2121 1591 2510 1646 eateehumeui.
2561 1593 2734 1662 Atque
2765 1591 2890 1647 hinc
2917 1591 3078 1646 etiam
3111 1591 3334 1646 docetur
3363 1589 3710 1646 catechume-

2122 1699 2245 1749 nus,
2278 1699 2337 1739 se
2363 1683 2431 1738 ab
2459 1683 2766 1740 hominibus
2791 1683 2906 1740 haec
2928 1699 3034 1739 non
3057 1683 3285 1750 discere,
3319 1698 3494 1754 neque
3519 1682 3710 1738 audire

2123 1773 2322 1843 (Nolite
2347 1775 2488 1830 enim
2512 1816 2529 1842 ,
2562 1776 2765 1846 inquit,
2793 1791 2969 1831 vocare
2994 1777 3130 1832 vobis
3160 1777 3456 1848 magistrum
3490 1776 3544 1830 in
3572 1785 3711 1830 terra

2124 1864 2334 1937 [Matth.
2363 1865 2453 1922 25.
2479 1865 2596 1937 8|),
2626 1867 2722 1922 sed
2755 1867 3055 1922 sublimitas
3085 1878 3245 1937 atque
3269 1883 3301 1923 e
3325 1867 3471 1923 caalis
3497 1885 3511 1922 :
3535 1866 3708 1921 Erunt

2122 1959 2264 2012 enim
2293 1975 2488 2025 omnes,
2512 1959 2682 2028 inquit
2709 1959 3007 2030 Scriptura,
3035 1960 3273 2014 docibilcs
3300 1957 3399 2013 Dei
3427 1958 3579 2029 (lsai.
3608 1959 3706 2014 54.

2125 2056 2235 2125 l5).
2272 2057 2444 2126 Atque
2473 2055 2671 2111 idcirco
2695 2060 2786 2121 ait,
2820 2055 2887 2110 Et
2912 2056 3121 2110 instillet
3146 2055 3269 2126 ipsis
3291 2054 3490 2110 verbum
3513 2053 3706 2108 verita-

2122 2153 2184 2202 tis
2210 2166 2228 2202 :
2258 2149 2328 2204 ita
2359 2159 2415 2204 ut
2445 2149 2652 2204 interne
2679 2149 2731 2204 in
2762 2149 2907 2219 ipsos
2933 2148 3257 2203 infundatur.
3279 2147 3516 2203 Necdum
3537 2146 3706 2214 enim,

2123 2251 2179 2294 ut
2201 2255 2298 2310 par
2322 2250 2424 2305 est,
2447 2239 2685 2295 veritatis
2711 2239 2931 2294 verbum
2956 2246 3171 2293 norunt.
3208 2237 3274 2292 Ut
3297 2238 3527 2292 timorem
3557 2254 3709 2291 suum

2121 2329 2174 2383 in
2221 2330 2344 2400 ipsis
2390 2331 2617 2385 seminet.
2664 2329 2734 2384 At
2772 2329 2876 2385 hoc
2919 2329 3137 2384 minime
3177 2328 3538 2385 sufﬁcitzalia
3562 2328 3707 2384 enim

2121 2424 2431 2478 ceciderunt
2455 2437 2612 2478 secus
2640 2423 2799 2488 viam,
2829 2422 2931 2477 alia
2961 2437 3122 2492 super
3151 2431 3349 2492 petras.

2195 2516 2248 2571 6.
2278 2515 2478 2571 Verum
2510 2530 2608 2570 nos
2637 2531 2743 2570 non
2783 2515 2854 2569 ad
2892 2517 3036 2570 hunc
3075 2513 3291 2570 modum
3332 2514 3705 2584 postulamus;

2121 2606 2216 2662 sed
2247 2606 2386 2662 sicut
2413 2616 2650 2660 aratrum
2696 2607 2749 2660 in
2793 2606 2969 2677 pingui
3015 2603 3154 2661 ierra
3193 2606 3374 2661 sulcos
3408 2606 3603 2676 aperit,
3627 2605 3708 2661 sic

2119 2699 2280 2755 etiam
2312 2698 2399 2754 hie
2426 2708 2485 2753 ut
2517 2699 2606 2753 ﬁat
2636 2714 2946 2769 precamur,
2983 2713 3176 2768 nempe
3202 2705 3261 2752 ut
3293 2698 3345 2752 in
3373 2699 3572 2752 mentis
3599 2698 3707 2753 imo

2123 2789 2380 2856 innovati,
2404 2791 2607 2846 semina
2636 2790 2828 2860 injecta
2849 2790 3134 2860 excipiant,
3157 2805 3221 2844 ac
3241 2789 3496 2859 quidquid
3518 2789 3705 2845 audie-

2122 2883 2231 2938 rint
2263 2892 2510 2938 accurate
2547 2885 2834 2938 retineant.
2879 2881 3032 2938 Unde
3059 2882 3220 2938 etiam
3249 2882 3363 2938 haec
3387 2882 3552 2938 verba
3576 2883 3704 2938 sub-

2123 2975 2326 3041 nectit,
2355 2975 2422 3029 Et
2450 2976 2711 3044 conﬁrmet
2731 2974 2886 3044 [idem
2907 2991 3052 3029 suam
3077 2975 3130 3028 in
3153 2975 3338 3028 animis
3367 2991 3562 3030 eorum.
3593 2975 3704 3031 Hoc

2121 3076 2204 3123 est
2242 3075 2301 3122 ut
2338 3081 2406 3121 ne
2445 3067 2498 3121 in
2538 3067 2820 3137 superﬁcie
2847 3066 3042 3136 jaceat,
3072 3066 3165 3122 sed
3189 3065 3298 3122 alte
3327 3066 3534 3122 radices
3557 3075 3698 3137 agat.

2125 3156 2195 3214 Ut
2222 3159 2440 3229 justitite
2469 3159 2781 3230 evangelium
2817 3158 2940 3229 ipsis
2979 3158 3180 3212 revelet.
3225 3157 3428 3229 Duplex
3454 3159 3697 3214 velamen

2122 3265 2242 3305 esse
2285 3249 2552 3316 ostendit;
2599 3251 2824 3305 altermn
2865 3249 2989 3321 quia
3033 3251 3228 3306 mentis
3277 3251 3512 3321 ipsorum
3557 3249 3697 3306 oculi

2121 3339 2289 3395 clausi
2316 3350 2460 3405 sunt,
2489 3339 2717 3395 alterum
2756 3340 2878 3410 quia
2916 3349 3160 3409 Opertum
3211 3341 3316 3396 illis
3357 3349 3442 3396 est
3478 3356 3704 3412 evange-

2121 3431 2270 3486 lium.
2299 3433 2376 3486 Ac
2398 3430 2622 3497 proinde
2649 3431 2894 3500 superius
2920 3430 3135 3502 quidem
3157 3430 3390 3495 dicebat,
3420 3431 3489 3487 Ut
3511 3432 3702 3503 aperiat

2121 3542 2268 3579 aures
2297 3525 2462 3579 cordis
2488 3525 2746 3596 ipsorum;
2776 3523 2862 3579 hic
2899 3535 3105 3589 autem,
3142 3523 3211 3580 Ut
3242 3525 3463 3596 justitite
3497 3543 3704 3598 evange-

2121 3618 2244 3671 lium
2264 3617 2386 3687 ipsi:
2415 3616 2646 3687 detegat;
2673 3616 2776 3672 hoc
2800 3625 2902 3683 est,
2928 3625 2984 3671 ut
3004 3616 3277 3686 sapientes
3295 3631 3392 3673 eos
3411 3627 3466 3673 et
3485 3617 3552 3673 ad
3576 3617 3701 3672 illud

2125 3707 2492 3777 excipiendum
2539 3707 2759 3764 idoneos
2787 3707 3005 3775 reddat,
3036 3717 3196 3779 atque
3229 3717 3286 3764 ut
3311 3707 3502 3764 doceat
3528 3724 3593 3764 ac
3615 3724 3697 3762 se-

2121 3803 2262 3856 mina
2282 3802 2464 3872 jaciat.
2493 3801 2623 3856 Nam
2646 3803 2764 3857 sive
2793 3801 2970 3856 idonei
2994 3801 3121 3865 sint,
3143 3801 3275 3856 nihil
3297 3810 3470 3855 tamen
3494 3799 3545 3854 id
3566 3799 3693 3868 ipsis

2120 3893 2464 3948 emolumenti
2494 3892 2766 3958 attulerit,
2805 3893 2909 3947 nisi
2941 3893 3078 3948 Deus
3097 3891 3354 3948 detexerit
3376 3907 3390 3944 :
3413 3890 3528 3945 sive
3553 3891 3695 3946 Deus

2119 3983 2353 4054 detegat,
2384 3985 2481 4055 ipsi
2511 3994 2689 4040 autem
2711 3985 3027 4057 repudient,
3066 3987 3118 4041 in
3151 3986 3288 4042 idem
3314 4000 3500 4041 rursus
3523 3985 3692 4042 detri-

2121 4086 2357 4131 mentum
2389 4077 2751 4146 prolabentur.
2797 4077 2906 4132 Hac
2940 4077 3008 4133 de
3047 4093 3207 4135 causa
3239 4088 3516 4147 utrumque
3558 4079 3691 4148 peti-

2119 4185 2259 4234 mus,
2291 4184 2483 4238 nempe
2511 4177 2643 4225 utet
2669 4156 2830 4224 corda
2856 4170 3078 4240 aperiat,
3105 4179 3162 4226 et
3185 4170 3522 4240 evangelium
3556 4179 3701 4240 pate-

2119 4260 2296 4317 faciat.
2327 4261 2509 4332 Neque
2538 4260 2680 4316 enim
2703 4261 2747 4316 si
2774 4264 2978 4332 regium
3008 4261 3450 4330 paludamentum
3469 4261 3702 4332 superje-

2117 4362 2206 4407 eto
2250 4355 2370 4408 velo
2417 4361 2612 4408 tectum
2653 4352 2867 4423 jaceat,
2913 4353 3196 4421 quicquam
3238 4351 3343 4406 hoc
3381 4351 3700 4406 intuentium

2117 4445 2288 4499 oculis
2311 4443 2568 4514 profuerit
2591 4460 2604 4496 :
2627 4442 3073 4512 quemadmodum
3102 4457 3314 4497 rursum
3335 4441 3412 4496 nil
3433 4441 3699 4498 detectum

2119 4537 2250 4592 illud
2297 4551 2418 4592 esse
2455 4535 2691 4606 juverit,
2737 4536 2783 4590 si
2828 4535 2968 4589 oculi
3006 4535 3229 4590 minime
3258 4533 3497 4604 vigilent.
3528 4533 3700 4588 Ambo

2120 4643 2280 4699 porro
2306 4628 2404 4682 ista
2427 4627 2756 4698 contingent,
2786 4627 2830 4682 si
2861 4626 2936 4682 illi
2962 4627 3110 4696 prius
3131 4626 3418 4682 voluerint.
3436 4624 3699 4692 Quidnam

2118 4730 2295 4776 autem
2324 4729 2426 4785 est,
2453 4719 2676 4774 Justitite
2696 4713 3048 4793 euangelium?
3071 4719 3336 4775 Nimirum
3361 4719 3504 4792 quod
3528 4719 3704 4789 iustos

2117 4814 2302 4869 efﬁcit.
2346 4812 2442 4868 His
2479 4812 2620 4868 enim
2653 4813 2830 4868 verbis
2856 4813 3104 4882 baptismi
3130 4811 3454 4868 desiderium
3487 4812 3543 4866 in
3574 4812 3702 4882 ipsis

2116 4909 2241 4972 eiet,
2265 4906 2392 4962 dum
2419 4905 2546 4960 illud
2569 4905 2825 4972 ostendit,
2845 4905 3176 4975 evangelium
3206 4919 3312 4959 non
3343 4913 3548 4958 tantum
3576 4918 3702 4972 pee-

2116 5009 2235 5054 cata
2266 4998 2562 5064 remittere,
2581 4997 2675 5052 sed
2693 4996 2951 5067 justitiam
2975 4996 3137 5051 etiam
3159 4994 3373 5050 aiferre.
3407 4992 3475 5049 Ut
3496 4995 3579 5048 det
3600 4994 3701 5047 illis

2118 5099 2331 5142 mentem
2350 5088 2594 5155 divinam,
2613 5097 2802 5142 castam
2821 5087 3195 5157 cogitationem,
3215 5086 3369 5139 vitam
3387 5101 3502 5138 cum
3522 5084 3703 5138 virtute

2116 5182 2456 5251 conjunctam.
2487 5180 2720 5234 Audiant
2745 5179 2860 5234 iure
2883 5177 3090 5244 ﬁdeles,
3113 5179 3203 5248 qui
3226 5179 3347 5232 vita.
3369 5176 3592 5245 hujusce
3615 5190 3703 5229 ne-

2116 5274 2275 5344 gotiis
2297 5271 2443 5327 afﬁxi
2465 5281 2607 5326 sunt.
2632 5270 2766 5326 Nam
2790 5270 2837 5325 si
2863 5269 2948 5336 iis,
2975 5269 3068 5340 qui
3091 5269 3314 5324 minime
3335 5267 3527 5322 initiati
3552 5275 3697 5328 sunt,

2119 5365 2236 5421 hac
2265 5365 2536 5436 postulare
2561 5363 2813 5434 iubemur
2832 5405 2848 5430 ,
2879 5360 3276 5417 animadvertas
3303 5359 3486 5426 velim,
3515 5359 3700 5432 quales

2117 5459 2366 5528 nosipsos
2393 5471 2515 5513 esse
2538 5464 2784 5527 oporteat
2807 5455 2900 5526 qui
2928 5454 3044 5509 haec
3070 5452 3189 5508 aliis
3221 5451 3553 5522 postulamus
3583 5467 3597 5503 :
3631 5449 3696 5504 si-

2117 5547 2333 5618 quidem
2361 5548 2414 5603 id
2434 5547 2702 5618 agendum
2727 5555 2810 5604 est
2827 5587 2842 5614 ,
2872 5555 2930 5602 ut
2957 5545 3065 5601 vita
3090 5551 3274 5599 nostra
3302 5543 3587 5614 evangelio
3618 5556 3693 5597 re-

2117 5638 2394 5710 spondeat.
2430 5640 2547 5707 Quo
2570 5640 2731 5696 etiam
2761 5639 2837 5704 ﬁt,
2867 5647 2926 5692 ut
2952 5633 3269 5707 precationis
3292 5631 3382 5688 lex
3405 5649 3434 5687 a
3460 5633 3696 5688 doctrina

2122 5733 2187 5789 ad
2219 5734 2377 5788 vitam
2408 5741 2659 5791 transeat.
2702 5732 2989 5802 Postquam
3018 5727 3158 5783 enim
3194 5722 3326 5776 dixit
3352 5763 3366 5785 ,
3403 5722 3472 5778 Ut
3500 5725 3700 5789 iustitia:
