4018 6156
371 272 474 332 399

374 387 579 460 ἐτέρων
611 386 924 459 παρρησίας
953 381 1386 455 εὐχαριστῶμεν.
1419 380 1529 434 Καὶ
1565 378 1674 450 7&9
1712 379 1938 449 ἀρχαῖος

373 472 530 541 οὗτος
543 479 573 531 6
594 478 757 548 νόμος
773 477 939 540 ἐστὶν,
965 473 1170 528 ἄνωθεν
1192 474 1250 525 ὲν
1269 473 1336 540 τῇ
1365 469 1664 539 Ἐκκλησία
1683 483 1947 536 πεφυτευ-

380 569 558 641 μένος.
589 567 743 622 Οῦτω
769 569 859 620 καὶ
885 565 1094 627 Παῦλος
1122 563 1434 633 εὐχαριστεῖ
1459 560 1600 630 ὑπὲρ
1635 558 1943 628 Ῥωμαίων,

378 661 524 732 ὑπὲρ
548 659 866 731 Κορινθίων,
904 657 1044 727 ὑπὲρ
1075 656 1174 725 τῆς
1207 652 1536 722 οἰκουμένης
1565 649 1803 719 ἀπάσης.
1837 647 1949 700 Καὶ

383 752 459 822 μή
502 768 591 821 μοι
621 749 763 816 λέγε’
819 748 933 800 Οὐκ
977 746 1122 798 ἐστιν
1161 743 1293 811 ἐμὸν
1338 741 1400 793 τὸ
1437 737 1791 810 κατόρθωμα.
1831 734 1949 790 Κᾶν

379 843 490 912 7&9
523 841 596 912 μὴ
629 840 718 893 σὺν
749 836 804 914 ᾖ,
841 839 935 891 καὶ
973 836 1148 900 οὕτως
1186 835 1528 904 εὐχαριστεῖν
1565 830 1835 900 ὀφείλεις,
1869 829 1950 882 ὅτι

379 935 442 987 τὸ
468 933 628 1004 μέλος
654 949 747 984 σου
778 929 1016 984 τοιοῦτόν
1041 931 1210 982 ἐστιν.
1251 926 1463 988 Ἄλλως
1489 924 1543 977 δὲ
1576 924 1670 977 καὶ
1699 922 1792 975 σὺν
1819 919 1953 974 αὐτὸ

381 1026 552 1086 ποιεῖς
577 1021 664 1074 διὰ
683 1020 784 1090 τῆς
802 1018 1100 1090 εὐφημίας,
1115 1017 1209 1071 καὶ
1232 1012 1626 1077 κοινωνεῖςτῶν
1647 1011 1949 1081 στεφάνων,

381 1117 472 1170 καὶ
503 1113 647 1184 λήψῃ
681 1114 776 1165 καὶ
800 1111 963 1174 αὐτὸς
994 1109 1056 1163 τὸ
1085 1109 1352 1180 χάρισμα.

451 1205 550 1258 Διά
585 1220 668 1256 τοι
710 1201 987 1254 τοῦτοκαὶ
1016 1200 1118 1263 τὰς
1152 1197 1319 1269 εὐχάς
1359 1194 1501 1250 οὕτω
1534 1191 1819 1262 γίνεσθαι·
1863 1207 1956 1243 κε-

381 1296 629 1350 λεύουσιν
657 1296 708 1347 οί
746 1294 846 1362 τῆς
892 1290 1217 1361 Ἐκκλησίας
1241 1289 1414 1357 νόμοι,
1445 1287 1504 1340 οὐ
1535 1287 1633 1348 τάς
1663 1284 1805 1355 ὑπὲρ
1845 1281 1954 1337 τῶν

383 1385 593 1441 πιστῶν
636 1385 818 1454 μόνον,
856 1380 994 1436 ἀλλὰ
1019 1382 1113 1434 καὶ
1145 1379 1244 1442 τάς
1273 1379 1415 1450 ὑπὲρ
1450 1377 1558 1430 τῶν
1606 1373 1956 1445 κατηχουμέ-

383 1494 510 1531 νων.
551 1476 688 1538 Τοὺς
719 1473 827 1544 γὰρ
867 1473 1086 1534 πιστοὺς
1119 1473 1148 1523 6
1183 1471 1346 1539 νόμος
1389 1467 1648 1537 διεγείρει
1694 1465 1831 1536 πρὸς
1858 1463 1956 1534 τὴν

385 1568 494 1622 τῶν
517 1567 780 1637 ἀμυήτων
809 1563 1107 1635 ἱκετηρίαν.
1144 1562 1312 1614 Ὅταν
1339 1560 1448 1632 γάρ
1473 1561 1502 1612 6
1527 1560 1775 1621 διάκονος
1799 1556 1954 1627 λέγῃ,

396 1661 577 1728 ’Υπὲρ
609 1657 727 1712 τῶν
748 1659 1210 1726 κατηχουμένων
1223 1652 1477 1718 ἐκτενῶς
1507 1650 1828 1719 δεηθῶμεν,
1867 1647 1959 1700 οὐ-

385 1754 474 1808 δὲν
501 1752 628 1807 ἄλλο
660 1751 692 1820 ἢ
728 1749 820 1802 τὸν
852 1748 1023 1818 δῆμον
1053 1746 1268 1800 ἀπαντα
1310 1744 1419 1798 τῶν
1448 1742 1656 1797 πιστῶν
1691 1739 1960 1807 διανίστη-

389 1856 474 1894 σιν
513 1840 593 1900 είς
620 1839 718 1899 τάς
744 1836 882 1902 ὑπὲρ
910 1833 1134 1888 ἐκείνων
1159 1833 1346 1903 εὐχάς.
1379 1832 1573 1885 Καίτοι
1599 1847 1664 1900 γε
1691 1828 1959 1898 ἀλλότριοι

385 1930 522 1993 τέως
552 1928 688 1980 εἰσὶν
717 1929 765 1979 oi
799 1925 1221 1996 κατηχούμενοι.
1253 1923 1481 1978 Οὐδέπω
1509 1924 1615 1993 7&9
1642 1919 1736 1975 τοῦ
1770 1918 1960 1989 σῶμα·

382 2023 475 2085 τός
507 2023 612 2074 είσι
641 2020 736 2072 τοῦ
770 2018 1034 2089 Χριστοῦ,
1066 2017 1281 2070 οὐδέπω
1313 2017 1626 2088 μυστηρίων
1664 2011 1962 2082 ἐκοινώνη-

385 2132 508 2179 σαν,
539 2112 654 2166 ἀλλ’
683 2111 764 2164 ἐτι
791 2109 1113 2180 διῃρημένοι
1143 2107 1472 2178 τυγχάνουσι
1499 2106 1601 2176 τῆς
1631 2104 1835 2173 ἀγέλης
1862 2102 1963 2172 τῆς

353 2204 784 2276 ·πνευματικῆς.
825 2204 890 2256 Εἰ
935 2202 991 2254 δὲ
1039 2201 1181 2272 ὑπὲρ
1225 2199 1430 2254 τούτων
1482 2198 1818 2269 παρακαλεῖν
1861 2195 1962 2259 δεῖ,

385 2298 566 2369 πολλῷ
601 2296 799 2368 μᾶλλον
835 2294 973 2364 ὑπὲρ
1015 2292 1124 2346 τῶν
1161 2291 1339 2363 μελῶν
1370 2290 1477 2344 τῶν
1514 2289 1822 2362 ἡμετέρων.
1865 2285 1966 2339 Διά

384 2391 495 2462 γὰρ
520 2389 680 2443 τοῦτο
710 2388 828 2452 καὶ,
872 2381 1187 2451 Ἑκτενῶς,
1218 2382 1376 2454 φησι,
1403 2381 1734 2450 δεηθῶμεν,
1765 2379 1854 2431 ἵνα
1891 2375 1965 2448 μὴ

385 2482 461 2546 ῶς
482 2479 800 2551 ἀλλοτρίους
825 2475 1162 2546 ἀποποιήσῃ,
1185 2473 1273 2527 ἶνα
1297 2474 1372 2544 μὴ
1394 2473 1469 2535 ὡς
1495 2472 1678 2535 ξένους
1703 2469 1963 2541 ἀγνοήσῃ.

385 2572 612 2628 Οὐδέπω
639 2568 750 2640 γάρ
779 2567 944 2637 εὐχὴν
978 2565 1163 2635 έχουσι
1189 2562 1288 2633 τὴν
1323 2559 1718 2631 νενομισμένην
1736 2558 1833 2612 καὶ
1859 2559 1969 2610 εἰσ-

380 2663 697 2732 ενεχθεῖσαν
762 2659 867 2712 ὑπὸ
913 2657 1006 2710 τοῦ
1062 2652 1300 2725 Χριστοῦ
1325 2671 1340 2686 ·
1393 2652 1605 2707 οὐδέπω
1652 2651 1969 2722 παρρησίαν

381 2755 708 2824 κέκτηνται,
747 2750 864 2805 ἀλλ’
898 2749 1102 2822 ἑτέρων
1133 2747 1342 2800 δέονται
1373 2745 1481 2798 τῶν
1515 2741 1971 2816 μυσταγωγηθέν-

379 2866 518 2905 των.
570 2847 718 2912 Ἐξω
767 2842 877 2915 γάρ
923 2840 1033 2895 τῶν
1084 2836 1380 2910 βασιλικῶν
1425 2837 1723 2907 ἑστήκασιν
1760 2832 1964 2897 αὐλῶν,

381 2942 582 3012 πόρρω
603 2940 710 2992 τῶν
737 2935 899 3008 ίερῶν
929 2931 1255 3005 περιϐόλων.
1290 2927 1391 2982 Διά
1416 2927 1577 2981 τοῦτο
1602 2927 1699 2980 καὶ
1731 2923 1972 2980 ἀπελαύ-

381 3050 596 3096 νονται,
637 3030 747 3083 τῶν
781 3025 1024 3098 φρικτῶν
1059 3021 1236 3093 εὐχῶν
1266 3021 1492 3074 ἐκείνων
1519 3017 1841 3087 γινομένων.
1871 3013 1972 3068 Διά

381 3127 551 3181 τοῦτο
581 3123 676 3178 καὶ
727 3122 788 3174 σὲ
838 3116 1151 3190 παρακαλεῖ
1187 3112 1396 3168 δεῖσθαι
1446 3111 1586 3181 ὑπὲρ
1624 3107 1835 3172 αὐτῶν,
1886 3107 1972 3161 ἵνα

388 3218 536 3290 μέλη
574 3215 839 3282 γένωνται
883 3210 974 3276 σά,
1011 3209 1096 3261 ἵνα
1133 3207 1208 3277 μὴ
1250 3205 1331 3258 ἔτι
1364 3197 1466 3258 ὦσι
1506 3201 1645 3266 ξένοι
1690 3201 1785 3254 καὶ
1815 3199 1974 3269 ἠλλο-

381 3308 710 3380 τριωμένοι.
739 3305 814 3357 T6
846 3302 986 3376 7&9,
1017 3298 1328 3368 Δεηθῶμεν
1348 3338 1362 3359 ,
1397 3297 1458 3349 οὐ
1500 3298 1614 3358 τοῖς
1646 3293 1852 3364 ἱερεῦσι
1884 3293 1973 3346 λέ-

387 3417 555 3470 γεται
588 3398 768 3469 μόνον,
796 3395 935 3450 ἀλλά
964 3394 1057 3448 καὶ
1085 3394 1198 3455 τοῖς
1228 3392 1308 3454 είς
1331 3390 1424 3443 τὸν
1446 3388 1576 3442 λαὸν
1602 3386 1969 3440 συντελοῦσιν.

395 3492 573 3542 Ὅταν
603 3479 710 3556 γὰρ
732 3484 1131 3557 εῖπῃ,Στῶμεν
1155 3480 1377 3545 καλῶς,
1395 3477 1717 3546 δεηθῶμεν,
1742 3478 1972 3542 πάντας,

395 3583 482 3644 είς
513 3579 610 3649 τὴν
635 3578 797 3648 εὐχὴν
831 3575 1151 3645 παρακαλεῖ.
1184 3567 1317 3625 Εἶτα
1346 3571 1648 3640 ἀρχόμενος
1681 3569 1780 3638 τῆς
1808 3568 1976 3637 εὐχῆς

397 3689 599 3744 φησιν·
649 3670 784 3723 Ἵνα
829 3671 861 3722 ὁ
898 3664 1292 3733 πανελεήμων
1332 3664 1430 3716 καὶ
1478 3661 1792 3729 οἰκτίρμων
1834 3658 1976 3724 Θεὸς

391 3765 716 3831 ἐπακούσῃ
739 3761 859 3816 τῶν
879 3759 1149 3829 δεήσεων
1171 3755 1390 3812 αὐτῶν.
1417 3755 1539 3808 Ἵνα
1555 3753 1664 3822 7&9
1687 3752 1761 3823 μὴ
1786 3751 1973 3822 λέγῃς,

391 3860 465 3913 Τί
494 3857 818 3927 δεηθῶμεν;
868 3850 1292 3925 ἠλλοτριωμένοι
1319 3849 1484 3912 εἰσὶν,
1519 3846 1730 3900 οὐδέπω
1769 3861 1977 3916 συνημ-

397 3951 574 4024 μένοι·
625 3948 789 4002 πόθεν
836 3946 945 4016 ἔχω
974 3943 1294 4012 δυσωπῆσαι
1334 3940 1427 3994 τὸν
1458 3939 1620 4004 Θεόν;
1659 3937 1822 3991 πόθεν
1870 3937 1977 4006 ἔχω

395 4045 585 4097 πεῖσαι
617 4038 939 4111 μεταδοῦναι
972 4036 1122 4088 έλέου
1157 4035 1251 4088 καὶ
1281 4029 1610 4100 συγγνώμης
1641 4029 1858 4094 αὐτοῖς;
1889 4028 1976 4081 ἵνα

398 4136 481 4207 μὴ
532 4134 707 4188 ταῦτα
744 4131 923 4203 ζητῶν
968 4131 1217 4199 ἀπορῇς,
1267 4128 1369 4197 ὅρα
1412 4124 1530 4183 πῶς
1579 4141 1671 4177 σου
1716 4123 1832 4177 λύει
1881 4122 1977 4194 τὴν

396 4224 637 4296 ἀπορίαν
663 4225 858 4292 λέγων·
897 4221 1021 4274 Ἵνα
1045 4222 1078 4272 δ
1107 4215 1506 4284 πανελεήμων
1535 4213 1632 4267 καὶ
1661 4215 1980 4282 οἰκτίρμων

399 4317 570 4383 Θεός.
617 4317 924 4375 Ἤκουσας,
977 4306 1378 4376 Πανελεήμων
1424 4308 1602 4370 Θεός;
1641 4306 1732 4374 Μὴ
1785 4305 1978 4376 ἀπόρει

396 4409 610 4464 λοιπόν·
635 4409 662 4460 ό
690 4407 800 4477 γὰρ
832 4403 1191 4472 πανελεήμων
1228 4399 1435 4461 πάντας
1472 4399 1614 4452 ἐλεεῖ
1633 4438 1648 4464 ,
1680 4398 1775 4450 καὶ
1802 4399 1981 4466 ἀμαρ-

399 4501 606 4563 τωλούς
630 4503 726 4553 καῖ⁹
755 4498 960 4569 φίλους.
984 4495 1077 4566 Μὴ
1103 4491 1284 4546 τοίνυν
1306 4490 1454 4559 λέγε,
1479 4491 1602 4554 Πῶς
1632 4490 1772 4561 ὑπὲρ
1801 4489 1980 4543 αὐτῶν

402 4587 723 4660 προσέλθω;
777 4587 939 4650 αὐτὸς
981 4582 1278 4638 ὲπακούσει
1332 4581 1441 4634 τῶν
1486 4581 1725 4650 δεήσεων
1780 4579 1978 4634 αὐτῶν.

403 4683 601 4752 Δέησις
628 4681 685 4733 δὲ
712 4678 1134 4748 κατηχουμένων
1172 4675 1257 4737 τίς
1289 4673 1356 4728 ἂν
1387 4674 1494 4744 εἴη,
1530 4672 1645 4727 ἀλλ’
1675 4672 1708 4743 ἢ
1735 4673 1877 4726 ὥστε
1907 4672 1983 4744 μὴ

408 4777 594 4846 μεῖναι
624 4771 1060 4841 κατηχουμένους
1082 4787 1097 4834 ;
1121 4765 1254 4822 Εἶτα
1275 4767 1366 4819 καὶ
1393 4765 1720 4838 ὑπαγορεύει
1741 4766 1841 4836 τῆς
1868 4767 1980 4818 ἱκε-

404 4865 606 4935 τηρίας
653 4862 743 4916 τὸν
789 4861 1007 4932 τρόπον.
1050 4860 1144 4922 Τίς
1184 4860 1241 4911 δὲ
1300 4853 1452 4920 οὗτός
1497 4861 1674 4924 ὲστιν;
1726 4859 1858 4913 Ἵνα
1899 4857 1984 4911 δι-

406 4953 623 5022 ανοίξῃ
647 4955 718 5006 τὰ
743 4949 863 5006 ὦτα
882 4953 1000 5006 τῶν
1027 4951 1282 5019 καρδιῶν
1313 4949 1528 5003 αὐτῶν.
1563 4950 1790 5020 Μέμυκε
1818 4952 1848 4990 δ
1877 4950 1984 5022 γάρ

411 5043 513 5110 ἔτι,
547 5045 643 5095 καὶ
669 5042 947 5113 βέϐυσται.
977 5037 1118 5093 Ὦτα
1143 5040 1199 5092 δὲ
1227 5039 1288 5090 οὐ
1314 5037 1487 5092 ταῦτά
1514 5055 1646 5107 φησι
1676 5038 1744 5090 τὰ
1766 5038 1984 5103 ἔξωθεν,

412 5133 554 5187 ἀλλά
571 5133 638 5186 τὰ
658 5132 812 5204 [4561
832 5133 929 5202 τῆς
949 5132 1208 5193 διανοίας.
1231 5131 1409 5183 Ὥστε
1429 5127 1687 5185 ἀκοῦσαι
1710 5127 1750 5183 ἃ
1767 5131 1988 5197 ὀφθαλ-

408 5225 524 5297 μὸς
546 5228 658 5281 οὐκ
676 5221 818 5289 εἶδε,
840 5225 939 5279 καὶ
967 5220 1077 5290 οὖς
1097 5225 1206 5277 οὐκ
1231 5222 1460 5282 ἤκουσε
1504 5223 1602 5274 καὶ
1621 5221 1720 5275 ἐπὶ
1741 5222 1990 5291 καρδίαν

480 5373 508 5400 ⁸
535 5369 646 5429 613.,
673 5371 801 5419 οὕτω
819 5369 1060 5428 τιμᾶσθαι.
1087 5366 1235 5425 Edlli,
1259 5368 1384 5429 οῦτω
1405 5367 1631 5429 γίνεσθαι.
1658 5367 1777 5424 Qum
1800 5366 1864 5415 de
1888 5373 1990 5429 ca;-

480 5382 508 5400 '
535 5382 646 5429 1113.,
673 5382 801 5419 ουτω
819 5382 1060 5428 τιμασυαι.
1090 5382 1235 5425 nam,
1259 5383 1384 5414 ουτω
1437 5382 1631 5416 ινεσυαι.
1658 5382 1777 5424 ulla
1800 5382 1864 5415 ae
1888 5382 1987 5416 cal;-

419 5429 712 5480 echumenis
757 5432 837 5479 hic
859 5431 1111 5487 dicuntur,
1156 5427 1381 5476 pluribus
1401 5382 1656 5490 gisquisita
1695 5430 1922 5490 reperies
1939 5428 1987 5478 in

421 5493 713 5553 Pmtatione
737 5491 979 5553 gener-gi.

480 5552 510 5592 b
533 5554 642 5613 Ms.,
669 5548 855 5615 (seem.
901 5551 1050 5615 Erro;
1084 5555 1223 5615 qrtus
1255 5562 1318 5597 ex
1351 5548 1671 5615 similituding
1712 5550 1987 5615 littgranxm

423 5617 453 5675 β
479 5622 532 5662 et
555 5633 606 5675 μ,
631 5610 682 5663 hi
727 5627 814 5663 ms.
841 5615 930 5663 avi
951 5611 1198 5675 cpjusdam
1245 5618 1300 5662 ιιι
1351 5610 1517 5658 videre
1541 5612 1694 5673 possis
1729 5613 1780 5662 in
1805 5613 1987 5663 Palam-

420 5673 620 5738 ‘grapbih
639 5683 806 5726 nostra
827 5689 874 5738 p.
904 5673 1017 5723 556.

1398 267 1465 324 IN
1505 265 1726 324 EPIST.
1759 266 1804 321 11
1842 266 1935 321 AD
1973 267 2133 324 (ΞΟΠ.
2202 268 2434 324 HOMIL.
2474 269 2534 329 ΙΙ.

3519 264 3620 323 ιοο

2053 380 2370 448 ἀνθρώπου
2397 384 2508 436 οὐκ
2535 383 2736 450 ἀνέϐη.
2771 380 2904 434 Οὐδὲ
2930 380 3035 450 γὰρ
3062 380 3301 451 ἥκουσαν
3321 376 3431 430 τῶν
3455 378 3622 447 ἀπορ-

2054 470 2232 544 ρήτων
2288 475 2635 544 μυστηρίων,
2694 474 2830 527 ἀλλά
2877 473 3070 545 πόρρω
3121 488 3224 522 που
3271 469 3367 522 καὶ
3407 469 3624 539 μακρὰν

2051 565 2334 636 ἑστήκασι.
2367 564 2484 618 Κᾶν
2514 566 2786 619 ἀκούσωσι
2814 565 2894 626 δὲ,
2926 565 3026 617 οὐκ
3054 564 3202 616 ἴσασι
3232 561 3302 614 τά
3330 559 3620 630 λεγόμενα·

2053 656 2320 715 συνέσεως
2353 657 2462 728 7&9
2493 658 2663 710 δεῖται
2698 656 2901 727 πολλῆς
2930 657 3134 719 ἐκεῖνα,
3173 654 3273 707 οὐκ
3309 650 3626 722 ἀκροάσεως

2054 747 2244 818 μόνης
2280 746 2381 811 τάς
2413 748 2560 801 ἔνδον
2596 749 2653 801 δὲ
2685 749 2898 802 οὐδέπω
2929 747 3142 817 ἔχουσιν
3175 746 3365 808 ἀκοάς.
3412 742 3502 796 Διὸ
3533 741 3629 795 καὶ

2054 841 2393 912 προφητικὸν
2439 842 2623 904 αὐτοῖς
2661 839 2950 909 ἐπεύχεται
2990 839 3267 909 χάρισμα·
3314 835 3408 889 καὶ
3451 832 3563 902 γὰρ
3598 831 3631 884 ὁ

2058 933 2345 1002 προφήτης
2373 931 2544 994 οὕτως
2571 931 2758 998 ἔλεγεν
2779 947 2794 961 ο
2834 931 2896 982 '0
2925 929 3070 994 Θεὸς
3089 925 3301 980 δίδωσί
3315 943 3415 995 μοι
3433 926 3631 994 γλῶσ-
3677 946 3680 948 ν

2055 1036 2178 1075 σαν
2197 1023 2490 1088 παιδείας,
2520 1023 2627 1077 τοῦ
2649 1021 2868 1092 γνῶναι
2895 1021 3076 1088 ἡνίκα
3099 1019 3188 1073 δεῖ
3207 1017 3397 1071 εἰπεῖν
3419 1017 3626 1085 λόγον·

2056 1111 2146 1165 ὅτι
2177 1112 2361 1178 αὐτὸς
2385 1114 2610 1182 ἀνοίγει
2631 1131 2750 1182 μου
2777 1114 2842 1165 τὸ
2871 1113 3084 1180 στόμα,
3115 1110 3298 1164 ἔδωκέ
3324 1128 3424 1179 μοι
3460 1107 3629 1176 πρωῒ,

2058 1203 2394 1272 προσέθηκέ
2421 1222 2524 1272 μοι
2582 1205 2762 1258 ὠτίον
2804 1204 3112 1258 ἀκούειν-ι’.
3166 1203 3378 1271 Ὥσπερ
3431 1200 3538 1269 γὰρ
3581 1199 3631 1251 οί

2060 1297 2339 1367 προφῆται
2376 1297 2549 1361 ἄλλως
2584 1299 2781 1368 ἤκουον
2827 1295 2978 1366 παρά
3026 1295 3156 1357 τοὺς
3189 1293 3448 1355 πολλοὺς,
3489 1290 3634 1345 οὕτω

2059 1390 2152 1443 καὶ⁵
2179 1390 2230 1442 οί
2264 1389 2449 1442 πιστοὶ
2490 1389 2640 1460 παρά
2677 1389 2804 1451 τούς
2842 1385 3302 1457 κατηχουμένους.
3352 1381 3633 1435 Ἐντεῦθεν

2063 1480 2326 1550 μανθάνει
2367 1483 2460 1534 καὶ
2498 1483 2527 1534 6
2574 1481 3002 1551 κατηχούμενος,
3042 1480 3114 1551 μὴ
3152 1478 3299 1549 παρά
3333 1473 3635 1541 ἀνθρώπων

2061 1569 2236 1624 ταῦτα
2265 1572 2580 1642 μανθάνειν,
2612 1573 2744 1642 μηδὲ
2776 1572 2996 1626 ἀκούειν
3033 1570 3152 1642 (Μὴ
3182 1568 3481 1633 καλέσητε
3501 1565 3632 1636 γάρ,

2064 1665 2220 1734 φησὶ,
2257 1663 2635 1719 διδάσκαλον
2663 1665 2760 1718 ἐπὶ
2803 1663 2916 1732 τῆς
2961 1663 3132 1734 γῆς),
3167 1661 3284 1716 ἀλλ’
3318 1658 3522 1714 ἄνωθεν
3571 1658 3638 1710 ἐκ

2061 1757 2172 1809 τῶν
2192 1756 2454 1829 οὐρανῶν
2490 1758 2777 1811 Ἔσονται
2798 1757 2906 1829 γὰρ
2935 1755 3157 1822 πάντες
3178 1751 3439 1807 διδακτοὶ
3465 1751 3634 1806 Θεοῦ.

2064 1847 2156 1898 Διό
2187 1862 2350 1916 φησι’
2385 1847 2493 1900 Καὶ
2523 1846 2846 1916 κατηχήσῃ
2879 1845 3100 1910 αὐτοὺς
3136 1844 3244 1896 τὸν
3294 1843 3480 1910 λόγον
3526 1839 3641 1907 τῆς

2065 1937 2372 2005 ἀληθείαςο
2402 1939 2542 1992 ὥστε
2581 1937 2792 1990 ἔνδοθεν
2819 1938 3002 1999 αὐτοῖς
3033 1934 3363 2004 ὲνηχεῖσθαι.
3413 1933 3500 1995 Ὦς
3530 1929 3638 2001 γάρ

2068 2029 2266 2083 εἰδέναι
2313 2031 2440 2100 χρὴ,
2471 2030 2682 2083 οὐδέπω
2713 2031 2860 2082 ῐσασι
2893 2028 2985 2080 τὸν
3015 2027 3175 2093 λόγον
3205 2026 3304 2095 τῆς
3357 2023 3636 2092 ἀληθείας.

2067 2123 2194 2176 Ἵνα
2216 2123 2588 2190 κατασπείρῃ
2606 2121 2713 2175 τὸν
2735 2118 3124 2191 φόϐοναὺτοῦ
3148 2119 3218 2172 ἐν
3237 2116 3460 2181 αὐτοῖς.
3499 2115 3641 2167 Ἀλλ’

2067 2216 2168 2268 οὐκ
2198 2216 2361 2287 ἀρκεῖ
2386 2215 2548 2268 τοῦτο
2567 2233 2580 2245 ·
2609 2215 2677 2268 τά
2723 2214 2822 2284 μὲν
2845 2213 2954 2284 γὰρ
2989 2212 3152 2265 ἔπεσε
3184 2210 3334 2284 παρά
3362 2209 3461 2280 τὴν
3498 2208 3638 2272 ὁδὸν,

2065 2307 2135 2361 τὰ
2163 2308 2220 2361 δὲ
2252 2308 2343 2360 ἐπὶ
2373 2307 2471 2376 τῆς
2493 2307 2718 2377 πέτρας.

2127 2407 2206 2465 ς’.
2224 2401 2364 2454 Ἀλλ’
2391 2402 2552 2470 ἡμεῖς
2571 2400 2670 2471 οὐχ
2698 2399 2870 2462 οὕτως
2902 2397 3183 2468 αἰτοῦμενο
3215 2395 3326 2449 ἀλλ’
3346 2395 3535 2465 ῶσπερ
3550 2391 3645 2447 ἐπὶ

2068 2491 2174 2561 γῆς
2215 2491 2453 2562 λιπαρᾶς
2485 2493 2693 2561 ἀνοίγει
2725 2492 2823 2555 τάς
2854 2491 3095 2548 αὐλακας
3123 2488 3184 2542 τὸ
3215 2488 3465 2560 ἄροτρον,
3500 2485 3645 2540 οὕτω

2068 2586 2164 2639 καὶ
2191 2585 2423 2639 ἐνταῦθα
2463 2585 2717 2655 γενέσθαι
2757 2583 3024 2653 δεόμεθα,
3073 2582 3214 2637 ὥστε
3259 2581 3556 2644 νεωθέντας
3585 2580 3644 2632 ὲν

2069 2679 2147 2749 τῷ
2183 2679 2337 2750 βάθει
2369 2679 2469 2741 τῆς
2499 2678 2737 2740 διανοίας
2767 2677 3023 2744 δέξασθαι
3056 2676 3128 2729 τά
3172 2672 3646 2743 καταϐαλλόμενα,

2072 2767 2167 2821 καὶ
2218 2770 2327 2820 πᾶν
2366 2767 2504 2837 ὅπερ
2536 2767 2776 2832 ἥκουσαν
2816 2765 2958 2834 μετά
3005 2762 3289 2834 ἀκριϐείας
3331 2763 3644 2832 κατασχεῖν.

2073 2859 2163 2912 Διδ
2189 2858 2696 2926 καὶέπάγειλέγωνο
2722 2858 2824 2911 Καὶ
2835 2855 3143 2923 ,βεϐαιώσῃ
3163 2855 3278 2922 τὴν
3306 2854 3514 2909 πίστιν
3542 2854 3651 2907 αὐ·-

2074 2953 2179 3007 τοῦ
2208 2953 2277 3006 ἐν
2323 2952 2452 3019 ταῖς
2487 2951 2782 3017 διανοίαις
2825 2949 3033 3005 αὑτοῦ.
3086 2949 3410 3012 Τουτέστιν,
3439 2947 3526 3001 ἵνα
3569 2947 3648 3017 μὴ

2073 3045 2401 3115 ὲξεπιπολῆς
2441 3046 2660 3116 κέηται,
2691 3043 2808 3097 ἀλλ’
2839 3042 2927 3097 ἵνα
2965 3040 3106 3095 κατά
3148 3039 3346 3111 βάθους
3383 3039 3520 3109 βάλῃ
3550 3037 3651 3107 τὴν

2077 3138 2251 3209 ῥίζαν.
2283 3139 2416 3192 Ἵνα
2442 3137 2810 3204 ἀποκαλύψῃ
2845 3132 3048 3199 αὐτοῖς
3071 3132 3137 3185 τὸ
3167 3129 3519 3200 εὐαγγέλιον
3538 3126 3652 3197 τῆς

2075 3228 2490 3296 δικαιοσύνης.
2526 3227 2776 3280 Δείκνυσι
2809 3223 3032 3279 διπλοῦν
3060 3223 3121 3276 τὸ
3145 3224 3432 3293 κάλυμμα·
3459 3220 3520 3274 τὸ
3551 3219 3652 3291 μὲν

2076 3319 2166 3374 διά
2197 3320 2260 3372 τὸ
2297 3319 2600 3389 μεμυκέναι
2648 3316 2832 3370 αὐτῶν
2869 3315 2997 3377 τοὺς
3041 3313 3356 3384 ὀφθαλμοὺς
3393 3311 3494 3380 τῆς
3532 3308 3652 3363 δια-

2079 3412 2248 3473 νοίας,
2278 3410 2337 3462 τὸ
2361 3410 2417 3462 δὲ
2443 3409 2532 3462 διὰ
2560 3409 2620 3461 τὸ
2649 3406 2994 3476 κεκαλύφθαι
3020 3406 3204 3468 αὐτοῖς
3227 3403 3288 3456 τὸ
3309 3401 3649 3470 εὐαγγέλιον.

2079 3500 2171 3553 Διὸ
2206 3499 2464 3568 ἀνωτέρω
2518 3498 2616 3567 μὲν
2661 3497 2864 3565 ἔλεγεν·
2918 3495 3056 3549 Ἵνα
3104 3493 3377 3561 διανοίξῃ
3420 3492 3491 3544 τὰ
3533 3485 3656 3544 ὦτα

2079 3592 2198 3646 τῶν
2228 3587 2486 3657 καρδιῶν
2514 3586 2730 3642 αὐτῶν·
2763 3585 2999 3640 ἐνταῦθα
3027 3585 3104 3648 δὲ,
3139 3585 3262 3638 Ἵνα
3284 3583 3655 3652 ἀποκαλύψῃ

2081 3681 2284 3747 αὐτοῖς
2306 3681 2374 3734 τὸ
2403 3679 2755 3750 εὐαγγέλιον
2779 3675 2886 3745 τῆς
2914 3676 3326 3743 δικαιοσύνης·
3351 3673 3653 3739 τουτέστιν,

2083 3776 2170 3830 ἵνα
2212 3774 2306 3829 καὶ
2353 3774 2549 3836 αὐτοὺς
2602 3772 2797 3840 σοφοὺς
2840 3771 3142 3839 ἐργάσηται
3177 3769 3273 3822 καὶ
3314 3766 3655 3837 ἐπιτηδείους

2083 3868 2220 3939 πρὸς
2255 3865 2543 3935 ὑποδοχὴν,
2589 3865 2682 3917 καὶ
2727 3864 2814 3916 ἴνα
2867 3861 3075 3932 διδάξῃ,
3126 3861 3219 3914 καὶ
3259 3859 3544 3932 καταῆάλῃ
3585 3859 3656 3912 τά

2085 3963 2396 4032 σπέρματα.
2431 3959 2530 4011 ’Ἂν
2554 3975 2614 4010 τε
2638 3957 2746 4026 γὰρ
2771 3954 3064 4024 ἐπιτήδειοι
3089 3947 3244 4015 ῶσιν,
3264 3951 3417 4004 οὐδὲν
3439 3949 3652 4019 ὄφελος,

2083 4052 2176 4106 τοῦ
2210 4051 2346 4104 Θεοῦ
2396 4051 2471 4121 μὴ
2503 4047 2959 4110 ἑκκαλύπτοντος’
2995 4045 3060 4097 ἄν
3098 4062 3156 4097 τε
3191 4041 3538 4114 ἀποκαλύψῃ,
3578 4040 3654 4111 μὴ

2082 4143 2340 4208 δέξωνται
2374 4142 2452 4206 δὲ,
2484 4143 2645 4197 πάλιν
2670 4143 2749 4203 είς
2773 4140 2835 4193 τὸ
2862 4138 2995 4191 αὐτὸ
3024 4139 3057 4208 ἡ
3083 4135 3255 4206 ζημία
3289 4134 3652 4204 περιίσταται.

2085 4237 2182 4290 Διά
2219 4236 2380 4290 τοῦτο
2422 4234 2710 4304 ἀμφότερα
2745 4230 3027 4300 αἰτοῦμεν,
3072 4228 3159 4280 ἵνα
3203 4226 3297 4278 καὶ
3331 4224 3513 4293 ἀνοίξῃ
3556 4221 3658 4284 τάς

2084 4330 2331 4403 καρδίας,
2357 4327 2452 4381 καὶ
2476 4324 2804 4393 ἀποκαλύψῃ
2832 4322 2893 4374 τὸ
2920 4317 3258 4386 εὐαγγέλιον.
3287 4315 3420 4368 Οὐδὲ
3450 4313 3580 4382 γάρ,
3609 4314 3658 4366 εἰ

2087 4424 2290 4493 κόσμος
2312 4419 2490 4472 κέοιτο
2519 4413 2793 4486 βασιλικὸς
2817 4410 3024 4465 ἀνωθεν
3045 4405 3481 4476 κεκαλυμμένος,
3506 4403 3659 4456 ¹ἐσται

2086 4535 2140 4569 τι
2171 4515 2334 4568 πλέον
2370 4508 2665 4580 ὀφθαλμῶν
2707 4505 3030 4577 βλεπόντων*
3069 4499 3256 4570 ῶσπερ
3285 4494 3380 4552 οὖν
3413 4495 3534 4550 οὐδὲ
3564 4511 3660 4564 γε-

2087 4605 2472 4678 γυμνωμένου,
2525 4600 2729 4654 τούτων
2787 4596 2862 4666 μὴ
2907 4591 3306 4664 ἐγρηγορότων.
3366 4588 3554 4642 Ταῦτα
3602 4586 3662 4640 δὲ

2090 4700 2377 4770 ἀμφότερα
2401 4695 2644 4765 γίνεται,
2680 4689 2746 4742 ἂν
2773 4689 2971 4740 ἐκεῖνοι
3003 4684 3233 4737 ἕλωνται
3263 4681 3550 4752 πρότερον.
3593 4680 3661 4732 Τί

2090 4794 2154 4864 δή
2211 4795 2393 4854 ἐστιν,
2439 4783 2809 4854 Εὑαγγέλιον
2865 4778 3256 4844 δικαιοσύνης
3273 4794 3294 4841 ;
3347 4775 3420 4829 T6
3473 4773 3662 4828 ποιοῦν

2091 4884 2350 4946 δικαίους.
2377 4879 2476 4933 Διά
2499 4875 2701 4930 τούτων
2725 4871 2834 4940 γὰρ
2860 4871 2940 4934 εἰς
2975 4869 3271 4939 ἐπιθυμίαν
3313 4867 3510 4931 αὐτοὺς
3536 4866 3660 4935 ἄγει

2093 4976 2186 5030 τοῦ
2247 4971 2653 5044 βαπτίσματος,
2705 4963 2918 5025 δεικνὺς
2971 4962 3052 5014 ὅτι
3107 4959 3205 5029 οὐχ
3251 4958 3663 5028 ἁμαρτημάτων

2093 5064 2343 5138 ἀφέσεως
2379 5065 2496 5115 ἐστι
2553 5052 2819 5128 μόνον’τδ
2875 5053 3218 5122 εὐαγγέλιον,
3261 5049 3400 5104 ἀλλὰ
3449 5049 3544 5102 καὶ
3583 5048 3664 5102 δι-

2097 5157 2390 5226 καιοσύνης
2418 5151 2570 5224 [457]
2614 5148 2915 5218 ποιητικόν.
2951 5146 3074 5200 Ἵνα
3108 5142 3311 5208 αὐτοῖς
3338 5141 3470 5208 δοίη
3513 5140 3666 5195 νοῦν

2095 5253 2334 5313 ἔνθεον,
2365 5244 2647 5312 σώφρονα
2675 5237 2990 5308 λογισμόν,
3035 5234 3134 5290 καὶ
3178 5232 3459 5303 ἐνάρετον
3492 5236 3664 5286 πολι-

2096 5342 2280 5395 τείαν.
2329 5331 2702 5387 Ἀκουέτωσαν
2745 5329 2795 5381 οἱ
2835 5326 3033 5390 πιστοὶ,
3072 5325 3187 5377 ὅσοι
3235 5325 3349 5386 τοῖς
3394 5323 3664 5394 βιωτικοῖς

2095 5438 2201 5489 εἰσι
2234 5423 2647 5500 προσηλωμένοι
2674 5419 3009 5490 πράγμασιν.
3041 5418 3104 5471 Εἰ
3126 5417 3231 5488 7&9
3255 5417 3367 5478 τοῖς
3396 5413 3662 5484 ἀμυήτοις

2170 5673 2194 5701 ο
2223 5668 2332 5727 Ma,
2356 5663 2564 5725 ἀκούειν,
2584 5669 2637 5713 οι
2657 5664 2724 5714 Ita
2748 5662 2932 5725 legitur
2957 5656 3006 5709 ω
3035 5656 3222 5708 Bibliis.
3246 5650 3415 5708 Ediu,
3449 5642 3632 5693 anim.
