4018 6156
449 240 548 296 401

443 356 777 430 κελευόμεθα
791 357 964 413 ταῦτα
979 360 1174 423 αἰτεῖν,
1197 358 1448 429 ἐννόησον
1470 361 1527 414 ἐν
1545 360 1686 414 τίσιν
1706 361 1853 432 ἡμᾶς
1877 356 2015 415 εἶναι

446 449 574 520 χρὴ,
599 450 726 512 τοὺς
751 450 924 502 ταῦτα
952 448 1159 518 ἑτέροις
1184 448 1488 512 αἰτοῦνταςο
1520 451 1614 503 καὶ
1642 451 1752 521 7&9
1779 452 2016 522 ἐφάμιλ-

441 539 534 594 λον
579 540 660 592 δεῖ
689 538 766 609 τῷ
802 539 1121 610 Εὐαγγελίῳ
1162 538 1261 610 τὴν
1306 540 1580 595 πολιτείαν
1629 541 1792 612 ἐχειν.
1830 543 1922 595 Διὸ
1951 537 2085 612 δὴ”

445 627 662 697 καὶτῆς
699 627 864 698 εὐχῆς
907 629 936 680 6
979 627 1144 698 νόμος
1181 629 1288 682 ἀπὸ
1326 628 1435 683 τῶν
1460 629 1745 700 δογμάτων
1778 632 1871 684 ἐπὶ
1917 631 2017 702 τὴν

444 719 722 772 πολιτείαν
754 718 1087 790 μεταϐαίνει.
1121 720 1307 775 Εἰπὼν
1329 720 1460 793 7&9,
1495 723 1629 778 Ἵνα
1646 723 2015 793 ἀποκαλύψῃ

440 807 644 873 αὐτοῖς
667 809 733 862 τὸ
757 809 1111 880 εὐαγγέλιον
1138 811 1250 880 τῆς
1274 811 1682 880 δικαιοσύνης,
1710 814 2012 885 ἐπήγαγεν·

442 897 567 950 Ἵνα
596 896 680 963 δῷ
704 898 908 964 αὐτοῖς
947 899 1096 954 νοῦν
1123 899 1352 954 ἔνθεον.
1385 900 1449 954 Τί
1480 900 1538 954 δέ
1566 903 1734 966 ἐστιν,
1767 902 2012 965 ἐνθεονς

442 989 557 1040 Ἵνα
597 991 628 1042 6
654 988 786 1052 Θεὸς
813 991 936 1062 οἰκῇ
983 992 1041 1042 ἐν
1077 990 1245 1062 αὐτῷ·
1294 991 1619 1059 Ἐνοικήσω
1653 993 1784 1064 7&9,
1826 993 2016 1063 φησὶν,

440 1081 512 1134 ἐν
541 1080 747 1148 αὐτοῖς
781 1081 883 1136 καί
913 1083 1392 1151 ἐμπεριπατήσω.
1434 1085 1603 1138 Ὅταν
1635 1084 1743 1156 γάρ
1787 1084 2018 1154 γένηται

441 1171 648 1235 δίκαιος
695 1175 723 1225 ὁ
777 1172 901 1236 νοῦς
922 1213 936 1235 ,
985 1174 1112 1227 ὅταν
1143 1174 1477 1244 άποδύσηται
1508 1176 1577 1230 τά
1603 1176 2014 1246 ἁμαρτήματα,

441 1257 590 1324 οἶκος
622 1263 831 1330 γίνεται
860 1263 954 1316 τοῦ
988 1263 1144 1318 Θεοῦ·
1179 1266 1309 1320 ὅταν
1333 1267 1392 1320 δέ
1417 1269 1447 1321 6
1477 1267 1610 1331 Θεὸς
1635 1268 1838 1338 ἐνοικῇ,
1859 1266 2018 1321 οὐδὲν

443 1354 783 1423 ἀνθρώπινον
817 1355 970 1411 ἔσται
998 1356 1203 1414 λοιπόν.
1237 1360 1350 1413 Καὶ
1377 1359 1519 1415 οὓτω
1541 1361 1750 1428 γίνεται
1775 1358 1961 1424 ἔνθους
1986 1360 2019 1413 6

443 1447 588 1515 νοῦς,
621 1447 841 1503 ἅπαντα
871 1449 1241 1518 φθεγγόμενος
1287 1451 1498 1504 ἐκεῖθεν
1517 1492 1533 1516 ,
1574 1451 1764 1523 ὥσπερ
1795 1446 1888 1506 οὖν
1920 1451 2018 1504 καὶ

443 1539 592 1605 οἶκος
612 1541 708 1596 τοῦ
733 1541 869 1597 Θεοῦ
909 1543 1056 1598 ἔνδον
1083 1544 1379 1608 οἰκοῦντος.
1429 1546 1489 1598 '0
1517 1544 1885 1616 αἰσχρολογῶν
1907 1545 2018 1618 ἄρα

442 1633 544 1686 οὐκ
572 1632 686 1703 ἔχει
712 1633 893 1686 ἔνθεον
925 1633 1073 1698 νοῦν,
1102 1634 1224 1688 οὐδὲ
1264 1637 1293 1689 6
1334 1634 1669 1707 εὐτραπελίᾳ
1696 1638 1792 1689 καὶ
1814 1635 2018 1704 γέλωτι

443 1724 670 1794 χαίρων.
709 1723 994 1793 Σώφρονα
1022 1724 1336 1793 λογισμόν.
1368 1726 1481 1779 Καὶ
1510 1725 1564 1778 τί
1593 1725 1725 1779 ποτέ
1759 1726 1876 1778 ἐστι
1911 1722 2018 1777 σώο

442 1829 618 1883 φρονα
644 1813 903 1886 λογισμὸν
934 1813 1112 1887 ἔχεως
1147 1815 1220 1868 Τὸ
1245 1814 1344 1886 τὴν
1372 1815 1562 1884 ὑγείαν
1595 1814 1892 1886 κεκτῆσθαι
1914 1813 2017 1885 τήν

443 1907 587 1961 κατὰ
603 1905 801 1978 ψυχήν
824 1907 899 1972 ὡς
918 1909 947 1962 ὃ
968 1925 1031 1976 γε
1055 1909 1418 1980 κατεχόμενος
1437 1909 1704 1980 ἐπιθυμίᾳ
1724 1907 2014 1979 πονηρίας,

443 1999 537 2053 καὶ
569 1998 707 2069 πρὸς
742 1999 810 2052 τὰ
855 1999 1098 2070 παρόντα
1133 2000 1505 2072 ἐπτοημένος,
1545 2001 1647 2054 οὐκ
1678 1999 1745 2054 ἂν
1788 1999 1874 2070 εἴη
1911 1997 2016 2052 σώ-

443 2105 616 2160 φρων,
644 2091 941 2154 τουτέστιν,
981 2092 1158 2160 ὑγιής.
1183 2092 1292 2146 Καὶ
1317 2091 1508 2162 ῶσπερ
1535 2095 1565 2146 6
1587 2091 1760 2144 νοσῶν
1787 2091 1883 2145 καὶ
1906 2089 2017 2144 τῶν

441 2181 504 2234 οὐ
558 2182 947 2252 προσηκόντων
999 2181 1278 2252 ἐπιθυμεῖ,
1333 2179 1477 2235 οὕτω
1524 2181 1622 2234 καὶ
1675 2175 1852 2244 οὗτος.
1903 2178 2015 2234 Καὶ

439 2268 724 2336 ἐνάρετον
775 2269 1109 2324 πολιτείαν.
1167 2269 1248 2322 Τά
1297 2268 1405 2340 7&9
1451 2269 1699 2340 δόγματα
1742 2268 2013 2331 πολιτείας

443 2361 630 2429 χρείαν
664 2360 800 2430 ἔχει.
827 2360 1121 2417 Ἀκούσατε
1142 2361 1366 2429 τούτων,
1396 2363 1445 2414 οἰ
1475 2361 1610 2431 πρὸς
1632 2361 1710 2430 τῷ
1737 2361 1883 2415 τέλει
1917 2361 2014 2416 τοῦ

445 2451 562 2520 βίου
600 2451 692 2504 ἐπὶ
725 2451 785 2505 τὸ
819 2451 1107 2524 βάπτισμα
1143 2453 1334 2519 ἰόντες.
1394 2453 1588 2524 Ἡμεῖς
1631 2454 1730 2524 μὲν
1767 2453 1876 2526 7&9
1918 2455 2012 2508 εὐο

443 2541 671 2612 χόμεθα,
709 2542 793 2596 ἵνα
827 2543 967 2612 μετὰ
993 2543 1055 2597 τὸ
1084 2543 1369 2615 βάπτισμα
1400 2546 1495 2598 καὶ
1519 2543 1798 2599 πολιτείαν
1823 2545 2012 2615 σχῆτε·

443 2635 510 2686 σὺ
540 2633 599 2686 δέ
648 2633 898 2697 σπεύδεις
940 2635 1037 2688 καὶ
1081 2635 1260 2690 πάντα
1307 2638 1503 2701 ποιεῖς,
1548 2635 1690 2690 ὥστε
1737 2636 2012 2700 πολιτείας

440 2724 647 2795 ἕρημος
673 2725 946 2781 ἀπελθεῖν.
983 2726 1048 2780 Τί
1091 2727 1222 2800 γάρ,
1271 2729 1319 2781 εἰ
1348 2730 1442 2782 καὶ
1474 2729 1682 2793 δίκαιος
1713 2728 1861 2801 γίνῃ,
1896 2727 2010 2783 ἀλλ’

441 2817 550 2870 ἀπὸ
582 2817 682 2888 τῆς
706 2817 942 2882 πίστεως
972 2819 1176 2890 μόνης;
1215 2820 1405 2890 Ἡμεῖς
1427 2821 1487 2873 δέ
1520 2823 1617 2874 καὶ
1650 2820 1749 2892 τὴν
1777 2821 1886 2874 ἀπὸ
1904 2820 2012 2875 τῶν

441 2908 881 2980 κατορθωμάτων
906 2910 1178 2982 εὐχόμεθα
1209 2915 1356 2982 σχεῖν
1392 2914 1728 2985 παρρησίαν.
1755 2917 2012 2967 Διαπαν-

439 3001 544 3066 τὸς
580 3000 654 3054 τὰ
679 3002 864 3056 αὐτοῦ
904 3001 1089 3066 νοεῖν,
1117 3003 1191 3057 τὰ
1215 3003 1405 3058 αὑτοῦ
1434 3005 1699 3072 φρονεῖν,
1728 3005 1797 3059 τὰ
1825 3004 2011 3060 αὑτοῦ

434 3091 720 3166 μελετᾶν.
750 3092 1010 3165 Σώφρονα
1038 3094 1146 3164 7&9
1179 3093 1437 3165 λογισμὸν
1457 3096 1554 3148 καὶ
1577 3097 1831 3167 ἐνάρετον
1857 3096 2011 3150 πολι-

439 3181 589 3235 τείαν
629 3182 690 3235 οὐ
733 3182 861 3252 μίαν
898 3184 1112 3256 ἡμέραν
1155 3185 1279 3238 οὐδὲ
1316 3185 1410 3240 δύο
1447 3187 1545 3240 καὶ
1574 3190 1723 3260 τρεῖς
1751 3189 2010 3259 αἰτοῦμεν

442 3271 625 3342 μόνον,
657 3272 794 3326 ἀλλὰ
824 3273 914 3327 διὰ
940 3275 1139 3340 παντὸς
1179 3275 1275 3329 τοῦ
1307 3277 1422 3348 βίου
1459 3279 1552 3332 καὶ
1586 3279 1684 3350 τῆς
1718 3280 1882 3350 ζωῆς,
1917 3281 2010 3334 καὶ

438 3367 538 3434 τὴν
585 3364 841 3418 ὑπόθεσιν
883 3366 990 3420 τῶν
1034 3367 1258 3435 ἀγαθῶν
1291 3369 1566 3437 ἁπάντων,
1619 3371 1682 3424 τὸ
1729 3371 1798 3425 τὰ
1844 3371 2008 3426 αὐτοῦ

439 3459 675 3527 φρονεῖν.
713 3460 779 3511 οι
808 3457 919 3527 γὰρ
949 3459 1170 3513 πολλοὶ
1210 3458 1284 3514 τὰ
1321 3460 1554 3516 ἑαυτῶν
1596 3461 1896 3531 ζητοῦσιν,
1938 3465 2010 3518 οὐ

435 3549 510 3603 τὰ
543 3549 738 3617 Ἰησοῦ
765 3551 1041 3618 Χριστοῦ.
1072 3551 1197 3616 Πῶς
1229 3548 1323 3606 οὖν
1356 3553 1514 3606 τοῦτο
1547 3553 1613 3607 ἂν
1641 3555 1885 3624 γένοιτο;
1930 3556 2012 3610 δεῖ

437 3641 547 3711 γάρ
587 3641 727 3712 μετὰ
756 3642 857 3712 τῆς
897 3643 1063 3714 εὐχῆς
1095 3643 1190 3698 καὶ
1220 3644 1289 3698 τὰ
1319 3647 1452 3717 παρ’
1485 3646 1695 3701 ἑαυτῶν
1727 3649 2010 3716 συνεισφέ-

441 3749 576 3802 ρειν.
611 3733 736 3786 Ἐάν
774 3737 834 3786 ἐν
861 3733 939 3803 τῷ
966 3734 1115 3806 νόμῳ
1152 3735 1319 3790 αὐτοῦ
1345 3737 1766 3808 καταγινώμεθα
1791 3740 2011 3811 ἡμέρας

438 3824 537 3876 καὶ
591 3824 806 3885 νυκτόςο
851 3823 932 3877 διὸ
975 3826 1071 3877 καὶ
1120 3825 1317 3895 ἐπάγει
1340 3828 1499 3882 τοῦτο
1545 3831 1714 3883 αἰτῶν
1744 3846 1758 3860 ·
1805 3832 1900 3885 Ἑν
1928 3831 2010 3897 τῷ

438 3914 601 3981 νόμῳ
654 3913 843 3966 αὑτοῦ
895 3917 1338 3983 καταγίνεσθαι.
1389 3919 1500 3971 Καὶ
1542 3919 1732 3992 ὥσπερ
1765 3921 1876 3976 ἄνω
1925 3924 2007 3984 τὸ,

435 4004 788 4069 Διαπαντὸς,
847 4001 1024 4068 εἶπεν,
1078 4004 1250 4069 οὕτως
1298 4007 1558 4076 ἐνταῦθα,
1621 4010 1860 4079 Ἡμέρας
1909 4012 2009 4067 καί

433 4091 680 4159 νυκτός.
703 4092 797 4146 Διὸ
823 4091 920 4146 καὶ
944 4093 1270 4165 αἰσχύνομαι
1290 4095 1378 4150 διὰ
1401 4098 1526 4161 τοὺς
1547 4097 1693 4162 ἅπαξ
1711 4098 1806 4152 τοῦ
1833 4101 2010 4154 ἐνιαυ-

435 4181 532 4237 τοῦ
559 4183 714 4254 μόλις
741 4185 800 4238 ἐν
828 4184 1094 4255 ἐκκλησίᾳ
1122 4188 1502 4256 φαινομένους.
1535 4187 1669 4243 Τίνα
1691 4187 1800 4261 γάρ
1833 4194 2009 4260 σχοῖεν

434 4273 732 4344 ἀπολογίαν
752 4277 800 4328 οἰ
823 4275 891 4328 δι’
916 4274 1130 4346 ἡμέρας
1151 4276 1242 4329 καὶ
1264 4277 1456 4341 νυκτὸς
1475 4279 1574 4350 οὐχ
1597 4280 1783 4344 ἁπλῶς
1799 4282 2007 4353 ὁμιλεῖν

433 4364 514 4436 τῷ
544 4367 714 4437 νόμῳ,
749 4367 888 4422 άλλά
920 4369 1310 4436 καταγίνεσθαι
1357 4369 1728 4444 κελευόμενοι,
1759 4373 2007 4428 τουτέστι

435 4457 913 4527 προσαδολεσχεῖν,
952 4458 1048 4512 καὶ
1091 4460 1227 4530 μηδὲ
1275 4461 1337 4514 τὸ
1381 4462 1672 4517 πολλοστὸν
1714 4464 1880 4540 μέρος
1908 4467 2008 4536 τῆς

433 4544 581 4617 ζωῆς
613 4547 774 4602 τοῦτο
803 4548 1117 4614 ποιοῦντες,
1162 4551 1272 4604 τῶν
1312 4553 1541 4608 ἐντολῶν
1587 4555 1752 4609 αὐτοῦ
1793 4574 2009 4630 μνημο·

432 4636 631 4701 νεύειν,
656 4639 730 4692 ’τά
755 4637 1099 4710 δικαιώματα
1127 4641 1290 4696 αὐτοῦ
1322 4643 1648 4712 φυλάσσειν;

505 4727 570 4794 ζ’.
599 4725 753 4793 Εἶδες
779 4731 964 4802 σειρὰν
1002 4733 1253 4805 ἀρίστην,
1296 4735 1389 4788 καὶ
1416 4735 1535 4800 πῶς
1560 4737 1793 4796 ἕκαστον
1826 4742 2007 4800 αὐτῶν

433 4817 529 4872 τοῦ
571 4817 721 4892 [458]
769 4821 998 4892 πλησίον
1041 4822 1244 4892 ἔχεται,
1293 4826 1474 4898 πάσης
1517 4831 1722 4900 χρυσῆς
1767 4832 2009 4899 ἁλύσεως

434 4910 841 4984 ἀσφαλέστερόν
883 4930 944 4967 τε
980 4915 1075 4969 καὶ
1123 4917 1563 4992 εὐπρεπέστερον
1611 4923 2003 4995 συγκείμενον;

432 5001 676 5073 Αἰτήσας
697 5002 809 5075 7&9
830 5002 956 5058 νοῦν
977 5003 1179 5071 ἔνθεον,
1202 5007 1350 5077 λέγει
1376 5011 1493 5075 πῶς
1517 5011 1583 5066 ἂν
1604 5011 1812 5082 γένοιτο
1830 5009 2004 5082 οὗτος.

436 5092 561 5156 Πῶς
583 5095 628 5148 δ’
649 5093 718 5149 ἂν
745 5095 956 5164 γένοιτο
976 5113 991 5164 ;
1029 5097 1125 5151 Ἐκ
1146 5099 1241 5153 τοῦ
1261 5101 1551 5168 διαπαντὸς
1571 5105 1733 5161 αὐτὸν
1754 5107 2002 5181 μελετᾷν.

437 5183 609 5237 Τοῦτο
638 5185 697 5240 δέ
725 5189 839 5254 πῶς
873 5188 941 5244 ἂν
976 5191 1248 5263 συμϐαίη;
1305 5194 1398 5249 Ἐκ
1429 5195 1526 5249 τοῦ
1553 5196 1631 5267 τῷ
1659 5197 1809 5270 νόμῳ
1838 5219 2006 5272 προσ-

438 5274 583 5345 έχειν
626 5275 909 5347 διηνεκῶς.
961 5283 1086 5346 Πῶς
1136 5283 1181 5337 δ’
1218 5283 1285 5338 ἂν
1325 5286 1680 5358 πεισθείησαν
1725 5289 2006 5362 ἄνθρωποι

435 5367 596 5422 τοῦτο
615 5409 632 5434 ,
675 5370 740 5422 Εἰ
766 5371 864 5435 τὰς
891 5373 1109 5440 ἐντολὰς
1150 5378 1316 5432 αὐτοῦ
1341 5383 1580 5452 τηροῖεν·
1620 5383 1822 5452 μᾶλλον
1858 5386 1915 5439 δὲ
1943 5388 2006 5440 ἐκ

435 5456 533 5510 τοῦ
560 5455 640 5529 τῷ
675 5457 826 5530 νόμῳ
870 5463 1190 5533 προσέχειν,
1223 5465 1318 5520 καὶ
1344 5469 1406 5520 τὸ
1437 5469 1535 5534 τάς
1574 5471 1793 5536 ἐντολὰς
1817 5478 2007 5546 τηρεῖν

438 5549 670 5612 γίνεταιο
704 5551 896 5624 ὥσπερ
918 5548 1012 5610 οὖν
1043 5556 1137 5611 καὶ
1161 5559 1225 5611 ἐκ
1249 5557 1344 5611 τοῦ
1369 5559 1438 5612 τά
1465 5561 1632 5614 αὐτοῦ
1663 5568 1882 5635 φρονεῖν
1914 5569 2008 5622 καὶ

433 5639 619 5697 ὂνθεον
652 5642 798 5716 ἔχειν
847 5646 994 5717 νοῦν,
1027 5649 1089 5704 τὸ
1131 5649 1201 5704 τά
1241 5651 1410 5706 αὐτοῦ
1448 5653 1696 5726 μελετᾷν.
1741 5657 2007 5718 Ἕκαστον

1192 243 1250 297 S.
1285 240 1576 298 JOANNIS
1611 241 2012 301 CHRYSOSTU

2139 244 2467 304 ARCHIEP.
2514 248 3064 310 CONSTANTINOP.

3590 254 3695 312 692

2124 365 2235 438 7&9
2277 367 2388 421 τῶν
2430 369 2738 440 εἰρημένων
2773 368 2868 423 καὶ
2905 368 3411 439 συγκατασκευάζει
3455 368 3520 423 τὸ
3558 369 3698 442 1:11;-

2124 459 2262 524 σίον,
2299 460 2393 513 καὶ
2427 461 3004 529 συγκατασκευάζεται
3054 462 3185 532 παρ’
3226 460 3394 516 αὐτοῦ
3413 501 3430 527 ,
3473 462 3700 532 συνέχον

2127 567 2182 604 τε
2229 551 2360 605 αὐτὸ
2388 551 2485 605 καὶ
2515 552 2872 623 συνεχόμενον
2900 555 3032 624 παρ’
3071 551 3260 607 αὐτοῦ.
3309 554 3431 606 Ἔτι
3463 552 3698 608 ἐκτενὲς

2123 661 2341 713 στερον
2366 645 2517 714 ὑπὲρ
2540 645 2738 699 αὐτῶν
2769 645 3300 715 παρακαλέσωμεν.
3339 644 3560 719 Ἐπειδὴ
3588 645 3700 718 7&9

2122 736 2180 788 ἐν
2211 735 2292 806 τῷ
2328 734 2522 807 μακρῷ
2561 736 2704 808 λόγῳ
2735 737 3204 808 καταδαρθάνειν·
3234 735 3428 790 εἴωθεν
3460 738 3494 806 ή
3526 736 3697 809 ψυχὴ,

2122 825 2284 879 πάλιν
2323 827 2494 897 αὐτὴν
2524 828 2850 897 διανίστησι.
2890 827 3120 898 Μεγάλα
3149 828 3259 900 7&9
3293 828 3546 899 βούλεταί
3577 846 3700 884 τινα

2121 918 2340 988 αἰτῆσαι
2357 919 2522 973 πάλιν
2545 918 2641 973 καὶ
2661 918 2861 989 ὑψηλά·
2883 919 2962 972 διό
2984 937 3171 992 φησιν’
3197 921 3327 978 Ἔτι
3348 920 3699 976 ἐκτενέστε-

2111 1025 2229 1077 ρον
2275 1007 2431 1078 ὐπὲρ
2477 1008 2677 1064 αὐτῶν
2725 1008 3260 1080 παρακαλέσωμεν.
3305 1012 3371 1064 Τί
3422 1011 3484 1065 δὲ
3538 1009 3698 1065 τοῦτὸ

2120 1103 2300 1167 ἐστιν;
2331 1102 2456 1155 ἰνα
2475 1101 2752 1170 ἐξέληται
2781 1101 3002 1168 αὐτοὺς
3025 1102 3143 1157 ἀπὸ
3166 1102 3398 1169 παντὸς
3425 1102 3699 1170 πονηροῦ

2121 1191 2220 1246 καί
2258 1193 2485 1246 ἀτόπου
2516 1192 2882 1262 πράγματος.
2924 1192 3190 1246 Ἐνταῦθα
3217 1193 3279 1247 τὸ
3313 1193 3388 1265 μὴ
3435 1193 3698 1248 εἰσελθεῖν

2121 1287 2202 1348 εἰς
2234 1283 2535 1354 πειρασμὸν
2565 1284 2657 1337 καὶ
2687 1283 2750 1336 τὸ
2779 1282 2962 1354 πάσης
2990 1283 3287 1354 ἐπιϐουλῆς
3313 1284 3698 1356 ἀπαλλαγῆναι

2121 1375 2381 1445 αἰτοῦμεν
2415 1375 2599 1437 αὐτοῖς
2634 1373 2963 1444 σωματικῶν
3003 1386 3063 1427 τε
3091 1373 3229 1444 ὁμοῦ
3272 1375 3368 1428 καὶ
3395 1392 3696 1446 πνευμάτια

2123 1467 2235 1521 κῶν
2260 1467 2290 1507 ι»
2310 1482 2323 1496 ⁸
2351 1466 2432 1520 διὸ
2455 1465 2552 1519 καὶ
2577 1465 2773 1534 ἐπάγει
2802 1465 3002 1534 λέγων·
3040 1465 3172 1519 Ἀπὸ
3192 1465 3416 1533 παντὸς
3438 1467 3697 1537 ἁμαρτή-

2115 1574 2306 1628 ματος
2335 1556 2708 1624 διαϐολικοῦ,
2750 1557 2850 1611 καί
2899 1556 3102 1624 πάσης
3139 1557 3551 1627 περιστάσεως
3590 1559 3701 1613 τοῦ

2135 1649 2577 1720 Ἀντικειμένου
2597 1663 2613 1682 ⁶
2647 1649 2773 1713 τοὺς
2823 1649 3166 1722 πειρασμοῦς
3219 1648 3397 1720 δηλῶν
3449 1651 3546 1704 καὶ
3597 1648 3698 1714 τὰς

2121 1740 2416 1812 ἁμαρτίας.

2191 1830 2596 1903 Εὐπερίστατον
2625 1829 2735 1902 7&9
2757 1830 2790 1902 ή
2816 1828 3060 1901 ἁμαρτία
3077 1869 3092 1894 ,
3115 1828 3381 1885 πάντοθεν
3404 1831 3699 1902 ισταμένη,

2120 1917 2454 1995 ἔμπροσθεν,
2477 1917 2723 1984 ὄπισθεν,
2758 1916 2854 1970 καὶ
2879 1917 3053 1980 οὕτως
3079 1919 3226 1989 ἡμᾶς
3257 1918 3696 1974 καταϐάλλουσα.

2134 2011 2350 2082 Ἐπειδὴ
2382 2011 2492 2081 7&9
2521 2005 2674 2064 εἷπεν
2699 2009 2736 2064 ἃ
2775 2009 2857 2062 δεῖ
2882 2008 3138 2078 γενέσθαι
3159 2010 3289 2081 παρ’
3314 2009 3489 2080 ήμῶν,
3521 2012 3582 2062 ἐν
3613 2008 3700 2081 τῷ

2120 2105 2269 2174 νόμῳ
2299 2103 2465 2156 αὐτοῦ
2505 2101 2921 2170 καταγίνεσθαι,
2953 2100 3063 2154 τῶν
3093 2099 3321 2154 ἐντολῶν
3352 2099 3515 2154 αὐτοῦ
3553 2118 3701 2172 μνη.

2123 2193 2402 2265 μονεύειν,
2431 2192 2502 2247 τὰ
2543 2190 2888 2263 δικαιώματα
2933 2190 3099 2245 αὐτοῦ
3150 2190 3471 2261 φυλάττειν·
3517 2192 3698 2247 πείθει

2119 2284 2324 2349 λοιπὸν,
2359 2285 2440 2338 ὃτι
2479 2283 2602 2338 οὐδὲ
2631 2283 2806 2336 ταῦτα
2831 2283 3012 2353 ἀρκεῖ,
3039 2283 3108 2336 ἂν
3138 2284 3217 2354 μὴ
3240 2282 3400 2346 αὐτὸς
3423 2285 3576 2354 παρῇ
3603 2283 3700 2336 καὶ

2121 2374 2313 2446 βοηθῇ.
2357 2373 2492 2427 Ἐὰν
2511 2372 2619 2444 γὰρ
2644 2372 2732 2442 μὴ
2761 2373 2978 2440 Κύριος
3002 2371 3376 2442 οἰκοδομήσει
3397 2369 3590 2440 οἷκον,
3609 2375 3702 2438 εἰς

2115 2467 2314 2535 μάτην
2353 2465 2691 2520 ἐκοιίασαν
2725 2466 2782 2520 οἰ
2823 2463 3280 2534 οἰκοδομοῦντες
3329 2464 3518 2518 αὐτόν
3538 2480 3561 2497 ι
3603 2463 3701 2516 καὶ

2122 2559 2356 2630 μάλιστα
2386 2557 2480 2611 ἐπὶ
2508 2556 2717 2611 τούτων
2735 2596 2751 2623 ,
2781 2555 2830 2608 οἳ
2859 2555 2942 2608 ἔτι
2975 2555 3293 2626 πρόκεινται
3318 2555 3401 2626 τῷ
3428 2553 3700 2625 διαϐόλῳν

2119 2651 2215 2704 καὶ
2243 2649 2349 2703 ὐπὸ
2381 2650 2480 2716 τὴν
2507 2648 2683 2719 ἀρχήν
2712 2648 2818 2700 εἰσι
2847 2647 2949 2718 τὴν
2973 2645 3164 2701 αὐτοῦ.
3203 2646 3316 2700 Καὶ
3361 2648 3478 2700 Im
3519 2645 3696 2702 ταῦτα

2119 2742 2170 2794 οἱ
2221 2739 2583 2812 μεμυημένοι.
2644 2737 3057 2808 Ἀναμνήσθητε
3109 2738 3241 2806 γοῦν
3287 2737 3400 2792 τῶν
3431 2740 3696 2810 ῥημάτων

2119 2830 2368 2893 ἐκείνων,
2397 2829 2464 2881 δι’
2491 2822 2568 2884 ὧν
2589 2823 2938 2892 ἀπετάξασθε
2958 2826 3124 2881 αὐτοῦ
3149 2830 3217 2900 τῇ
3245 2829 3545 2898 τυραννίδι,
3565 2830 3696 2898 γόνυ

2118 2918 2417 2982 κλίναντες,
2443 2917 2536 2970 καὶ
2560 2918 2698 2988 πρὸς
2717 2917 2811 2971 τὸν
2825 2916 3060 2970 Βασιλέα
3082 2917 3581 2988 αὐτομολήσαντες,
3599 2920 3696 2974 καὶ

2117 3009 2186 3062 τά
2218 3007 2466 3080 φρικώδη
2490 3007 2676 3060 ἐκεῖνα
2699 3004 3066 3074 φθεγξάμενοι
3097 3005 3343 3075 ῥήματα,
3363 3004 3432 3057 δι’
3461 2998 3539 3059 ὧν
3563 3022 3696 3060 παιο

2113 3099 2385 3169 δευόμεθα
2411 3099 2576 3170 μηδὲν
2594 3097 2743 3167 αὐτῷ
2763 3096 2996 3150 καθόλου
3021 3095 3330 3150 πείθεσθαι.
3362 3095 3695 3166 Ἀντικείμε-

2117 3211 2206 3249 νον
2226 3194 2286 3246 δὲ
2306 3193 2467 3246 αὐτὸν
2489 3190 2645 3246 καλεῖ
2667 3191 2759 3243 καὶ
2777 3189 3046 3253 διάϐολον,
3070 3188 3256 3260 ἐπειδὴ
3281 3189 3380 3242 καὶ
3397 3187 3528 3241 Θεὸν
3553 3188 3695 3257 πρὸς

2117 3283 2436 3356 ἀνθρώπους
2464 3281 2760 3348 διαϐάλλει,
2785 3282 2880 3336 καὶ
2899 3282 3048 3352 ἡμᾶς
3070 3278 3207 3352 πρὸς
3233 3279 3390 3345 Θεὸν,
3411 3279 3503 3333 καὶ
3526 3278 3695 3332 πάλιν

2116 3379 2266 3447 ἡμᾶς
2295 3377 2492 3440 αὐτοὺς
2516 3377 2656 3447 πρὸς
2678 3374 2940 3447 ἀλλήλους
2958 3389 2974 3405 ο
3008 3373 3139 3427 ποτέ
3167 3372 3269 3445 μὲν
3297 3372 3408 3443 7&9
3434 3371 3526 3426 τὸν
3566 3370 3695 3426 Ἰὼϐ

2119 3470 2256 3541 πρὸς
2276 3471 2367 3524 τὸν
2385 3470 2539 3534 Θεὸν,
2562 3469 2755 3538 λέγων·
2784 3467 2880 3535 Μὴ
2908 3466 3133 3535 δωρεὰν
3155 3465 3396 3521 σέϐεται
3429 3467 3562 3523 Ἰὼϐ
3585 3464 3693 3520 τὸν

2116 3564 2368 3632 Κύριον;
2418 3562 2512 3616 καὶ
2541 3561 2701 3616 πάλιν
2737 3560 2828 3613 τὸν
2871 3558 3007 3612 Θεὸν
3054 3557 3191 3628 πρὸς
3228 3557 3323 3611 τὸν
3382 3557 3526 3611 Ἰώϐο
3565 3556 3696 3625 Πῦρ

2117 3651 2420 3721 κατῆλθεν
2456 3651 2526 3704 ἐκ
2571 3650 2677 3704 τοῦ
2724 3649 2986 3719 οὐρανοῦ
3009 3663 3023 3677 ⁶
3068 3648 3162 3702 καὶ
3205 3649 3341 3717 πρὸς
3381 3647 3478 3702 τὸν
3521 3647 3698 3717 Ἀδάμ

2117 3741 2278 3795 πάλιν
2320 3741 2410 3794 τὸν
2457 3740 2610 3800 Θεὸν.
2649 3739 2737 3791 ὅτε
2785 3737 2938 3806 ἔλεγε
2981 3734 3452 3806 διανοιχθήσεσθαι
3502 3732 3688 3786 αὐτῶν

2115 3833 2241 3895 τοὺς
2281 3828 2618 3900 ὀφθαλμούς*
2646 3828 2741 3882 καὶ
2770 3827 2905 3898 πρὸς
2944 3826 3172 3891 πολλοὺς
3203 3824 3311 3878 τῶν
3335 3823 3428 3876 νῦν
3464 3819 3676 3890 ἀνθρώ-

2120 3939 2254 3986 πων,
2283 3921 2488 3989 λέγων’
2515 3920 2591 3972 υύ
2632 3919 2850 3989 προνοεῖ
2876 3916 3009 3978 Θεὸς
3050 3915 3159 3968 τῶν
3193 3911 3506 3983 ὁρωμένων,
3542 3908 3685 3963 ἀλλὰ

2115 4010 2362 4080 δαίμοσιν
2389 4008 2570 4078 ἀφῆκε
2605 4005 2676 4060 τά
2703 4005 2826 4060 καθ’
2873 4005 3038 4074 ὑμᾶς·
3071 4003 3167 4056 καὶ
3197 4000 3329 4073 πρὸς
3359 3996 3588 4062 πολλοὺς
3623 3997 3686 4051 δὲ

2114 4102 2224 4156 τῶν
2289 4100 2556 4154 Ἰουδαίων
2591 4097 2684 4152 τὸν
2732 4095 2966 4168 Χριστὸν
3025 4094 3237 4148 διέϐαλε
3263 4132 3278 4157 ,
3330 4089 3530 4144 πλάνον
3588 4089 3694 4144 καὶ

2115 4193 2287 4263 γόητα
2317 4189 2516 4246 καλῶν.
2560 4189 2683 4252 Πῶς
2728 4187 2786 4242 δὲ
2825 4188 3078 4257 ἐνεργεῖ,
3128 4185 3259 4248 ἴσως
3301 4179 3551 4254 βούλεταί
3603 4199 3689 4245 τις

2119 4281 2270 4356 [459]
2296 4281 2548 4336 ἀκοῦσαι.
2587 4281 2756 4334 Ὅταν
2791 4277 2870 4350 μὴ
2901 4276 3039 4350 εῦρῃ
3063 4277 3188 4331 νοῦν
3219 4275 3428 4340 ἐνθεον,
3449 4277 3582 4330 ὅταν
3611 4274 3691 4346 μὴ

2117 4373 2369 4446 σώφρονα
2412 4372 2590 4442 ψυχὴν
2616 4410 2632 4436 ,
2670 4372 2797 4424 ὅταν
2844 4368 2920 4441 μὴ
2960 4366 3276 4439 μνημονεύῃ
3312 4366 3424 4420 τῶν
3455 4366 3690 4420 ἐντολῶν

2114 4465 2209 4520 τοῦ
2239 4463 2396 4530 Θεοῦ,
2427 4463 2561 4534 μηδέ
2591 4461 2843 4534 φυλάσσῃ
2873 4460 2943 4514 τά
2967 4457 3315 4530 δικαιώματα
3343 4457 3539 4522 αὐτοῦ,
3566 4457 3684 4510 τότε

2113 4555 2456 4627 αἰχμάλωτον
2484 4553 2663 4607 λαϐὼν
2701 4553 2938 4608 ἄπεισιν.
2983 4551 3040 4604 '0
3071 4549 3204 4620 γοῦν
3243 4550 3416 4619 Ἀδὰμ
3443 4550 3493 4602 εἰ
3519 4549 3686 4620 ἐμνη-

2119 4649 2314 4720 μόνευε
2345 4647 2443 4716 τῆς
2469 4646 2688 4716 ἐντολῆς
2717 4644 2982 4715 λεγούσης
2999 4683 3015 4708 ,
3055 4643 3199 4698 Ἀπὸ
3234 4640 3464 4706 παντὸς
3493 4640 3686 4704 ξύλου

2113 4737 2300 4809 parii,
2342 4739 2392 4790 εἰ
2437 4735 2709 4805 ἐφύλασσε
2739 4735 2800 4787 τὸ
2836 4733 3112 4804 δικαίωμα
3143 4731 3207 4786 τὸ
3235 4731 3432 4800 λέγον,
3479 4724 3566 4802 ᾟ
3610 4729 3687 4784 ἂν

2112 4829 2306 4899 ἡμέρᾳ
2335 4827 2582 4898 φάγητε,
2614 4827 2747 4881 τότε
2775 4825 3008 4892 θανάτῳ
3032 4823 3452 4880 ἀποθανεῖσθε·
3483 4823 3587 4877 οὐκ
3616 4821 3685 4876 ἂν

2113 4920 2315 4974 ἔπαθεν
2356 4918 2500 4988 άπερ
2531 4917 2752 4971 ἔπαθεν.
2798 4916 2934 4971 Ἵνα
2972 4913 3317 4982 καταξιώσῃ
3356 4911 3581 4978 αὐτοὺς
3614 4911 3684 4965 έν

2113 5009 2296 5079 καιρῷ
2333 5008 2554 5074 εὐθέτῳ
2590 5007 2702 5076 τῆς
2737 5005 2846 5060 τοῦ
2881 5005 3142 5074 λουτροῦ
3181 5003 3647 5075 παλιγγενεσίας
3664 5041 3682 5066 ,

2113 5103 2224 5173 τῆς
2258 5101 2529 5173 ἀφέσεως
2555 5099 2674 5154 τῶν
2700 5099 3018 5168 ἁμαρτιῶν.
3054 5096 3138 5151 Τὰ
3167 5097 3266 5168 μὲν
3297 5096 3404 5167 7&9
3436 5095 3684 5168 παρόντα

2111 5192 2372 5264 αἰτοῦμεν
2391 5232 2407 5257 ,
2451 5192 2520 5246 τὰ
2547 5191 2603 5245 δέ
2645 5189 2904 5260 μέλλοντα
2923 5204 2937 5219 °
2985 5189 3082 5243 καί
3113 5185 3510 5258 φιλοσοφοῦμεν
3542 5184 3684 5255 ὑπὲρ

2113 5286 2206 5340 τοῦ
2237 5283 2464 5355 λουτροῦ
2487 5321 2502 5348 ,
2540 5282 2635 5335 καὶ
2671 5283 2728 5334 ἐν
2759 5284 2824 5352 τῇ
2861 5281 3076 5352 αἰτήσει
3111 5277 3442 5348 παιδεύομεν
3484 5275 3684 5337 αὐτοῦς

2112 5374 2308 5428 εἰδέναι
2337 5371 2502 5426 αὐτοῦ
2532 5370 2630 5442 τὴν
2671 5369 2844 5442 ἰσχύν.
2888 5368 3168 5424 Ἐντεῦθεν
3195 5368 3303 5442 7&9
3333 5369 3436 5440 ήδη
3467 5370 3498 5422 6
3527 5368 3684 5436 λόγος

2173 5550 2204 5622 _‘
2227 5547 2380 5622 ἓάἰιί,
2401 5549 2935 5622 λόγω-καταδαρθάνειν.
2961 5547 3052 5606 ιι,
3075 5547 3202 5622 λόγῳ
3225 5563 3559 5622 καττιπιππιγ.

2177 5611 2206 5651 1)
2227 5609 2314 5684 κε.
2340 5613 2414 5664 sic
2439 5609 2619 5665 uiélius
2629 5609 3214 5675 quamedilimwpanxév
3234 5623 3290 5658 τε
3307 5609 3434 5671 ὁμοῦ
3447 5609 3528 5659 καὶ
3545 5621 3680 5658 πνευ-

2117 5689 2331 5727 ματικον.
