4018 6156
362 336 457 393 ιοι

359 453 674 525 evangelium
700 454 827 522 ipsis
850 454 1066 527 detegat,
1097 453 1371 526 subjunxit
1389 495 1405 519 ,
1441 451 1512 510 Ut
1535 453 1618 510 det
1641 453 1770 524 ipsis
1790 469 1936 511 men-

361 550 460 596 tem
488 542 732 598 divinam.
756 544 894 614 Quid
921 555 1026 612 est,
1057 545 1278 602 divinam
1295 545 1322 598 .9
1347 544 1460 600 Hoc
1489 553 1592 612 est,
1623 553 1680 600 ut
1706 544 1848 601 Deus
1882 545 1937 601 in

359 646 425 686 ea
454 632 696 690 habitet:
720 632 1023 692 Inhabitabo
1047 635 1189 692 enim
1213 636 1267 690 in
1297 635 1444 707 ipsis,
1474 635 1665 707 inquit,
1695 645 1742 691 et
1767 635 1938 690 inam-

360 721 543 777 bulabo
575 721 714 793 (Leu.
736 723 826 780 26.
852 724 964 795 12).
1003 724 1136 780 Nam
1165 740 1286 780 cum
1315 740 1466 781 mens
1487 725 1689 796 justitia
1717 725 1937 797 prtedita

358 821 442 868 est
463 827 526 870 ac
553 825 764 885 peccata
784 818 952 880 exuit,
978 817 1071 872 Dei
1094 817 1286 874 domus
1307 816 1540 873 efﬁcitur
1567 834 1583 872 :
1613 832 1734 873 cum
1759 827 1938 875 autem

358 902 413 958 in
443 919 503 959 ea
527 904 855 963 domicilium
880 908 981 963 sibi
1009 907 1378 972 constituerit,
1416 907 1545 962 nihil
1589 906 1811 978 posthac
1840 906 1940 961 huc

357 1009 570 1050 manum
597 998 720 1052 erit.
751 998 842 1054 Sic
869 999 1048 1054 divina
1080 1015 1232 1054 mens
1259 999 1518 1066 redditur,
1545 997 1799 1054 divinitus
1821 1012 1940 1051 om-

356 1086 443 1142 nia
473 1089 813 1158 proloquens,
840 1104 904 1145 ac
933 1090 1079 1146 velut
1106 1090 1298 1146 domus
1328 1089 1424 1146 Dei
1453 1091 1506 1144 in
1533 1104 1596 1144 ea
1623 1087 1934 1144 habitantis.

359 1174 434 1232 Ex
460 1193 566 1247 quo
591 1179 862 1250 colligitur
887 1196 1009 1235 eum
1037 1188 1270 1238 mentem
1296 1181 1529 1238 divinam
1561 1195 1668 1235 non
1709 1179 1932 1246 habere,

357 1273 450 1342 Qui
484 1273 735 1340 turpibus
757 1275 1103 1330 sermonibus
1131 1276 1332 1340 utitur,
1372 1285 1467 1330 aut
1494 1275 1826 1330 scurrilitate
1869 1288 1935 1329 ac

355 1364 470 1419 risu
535 1363 854 1418 delectatur.
915 1363 1132 1420 Castam
1205 1369 1599 1437 cogitationem.
1657 1364 1934 1432 Quidnam

352 1456 532 1504 autem
561 1458 643 1504 est
669 1460 868 1505 castam
892 1453 1265 1522 cogitationem
1289 1453 1528 1509 habere?
1553 1452 1757 1524 Nempe
1777 1454 1935 1524 spiri-

353 1538 482 1592 tuali
511 1541 738 1596 sanitate
765 1541 1045 1611 prmditum
1072 1559 1214 1600 esse.
1249 1544 1456 1598 Etenim
1489 1545 1554 1611 is,
1579 1545 1668 1614 qui
1694 1545 1805 1598 vitii
1836 1560 1933 1599 cu-

351 1629 579 1700 piditate
604 1644 879 1703 correptus
902 1644 1130 1698 tenetur,
1162 1637 1552 1706 praesentiaque
1572 1635 1638 1689 ad
1659 1645 1930 1706 stuporem

349 1736 522 1792 usque
564 1722 805 1788 miratur,
847 1733 1041 1790 castus,
1084 1725 1186 1780 hoc
1224 1735 1306 1781 est
1347 1740 1528 1788 sanus,
1571 1740 1688 1780 esse
1729 1728 1923 1794 nequiL

347 1810 810 1878 Quemadmodum
837 1815 979 1869 enim
1007 1817 1095 1886 qui
1119 1817 1170 1870 in
1195 1816 1382 1872 morbo
1402 1826 1663 1884 versatur,
1687 1832 1748 1872 ea
1770 1818 1929 1872 etiam

348 1906 582 1974 appetit,
629 1921 747 1976 quae
787 1907 1005 1963 minime
1051 1909 1298 1964 convenit
1331 1926 1345 1964 :
1377 1909 1563 1965 eodem
1593 1908 1680 1964 hic
1719 1923 1930 1980 quoque

343 1995 526 2050 modo.
554 1994 723 2050 Vitam
742 2013 856 2051 cum
878 2000 1060 2054 virtute
1083 2001 1424 2070 conjunctam.
1455 2000 1705 2055 Doctrina
1731 1999 1928 2071 quippe

341 2087 508 2142 vitam
528 2088 690 2142 etiam
711 2087 1000 2146 desiderat.
1026 2091 1217 2148 Audite
1239 2092 1372 2159 hazc,
1395 2094 1482 2164 qui
1505 2093 1604 2148 sub
1621 2094 1744 2149 vitae
1766 2094 1924 2148 ﬁnem

342 2177 408 2233 ad
430 2179 754 2250 baptismum
777 2183 1051 2239 acceditis.
1081 2183 1212 2240 Nam
1236 2200 1336 2242 nos
1357 2186 1573 2258 quidem
1597 2187 1648 2242 id
1676 2187 1925 2257 precibus

341 2285 372 2324 a
399 2269 512 2326 Deo
539 2273 928 2340 contendimus,
961 2283 1017 2330 ut
1044 2285 1165 2345 post
1202 2277 1522 2347 baptismum
1557 2294 1769 2349 quoque
1796 2294 1925 2348 pro-

340 2360 462 2416 bam
508 2363 668 2418 vitam
718 2363 958 2422 habeatis
990 2385 1003 2422 :
1032 2375 1089 2422 tu
1133 2376 1319 2424 contra
1361 2368 1414 2424 in
1467 2369 1572 2425 hoc
1617 2371 1920 2437 incumbis,

339 2453 580 2525 nihilque
614 2469 726 2511 non
757 2455 908 2524 facis,
940 2467 1002 2514 ut
1035 2460 1152 2516 sine
1187 2461 1356 2534 proba
1389 2462 1496 2518 vita
1526 2462 1650 2518 hinc
1670 2463 1920 2519 excedas.

339 2543 473 2612 Quid
491 2547 660 2612 enim,
687 2547 732 2602 si
753 2549 928 2618 justus
949 2551 1162 2622 quidem
1184 2553 1300 2622 ﬁas,
1323 2553 1418 2610 sed
1437 2569 1466 2608 a
1488 2554 1594 2611 ﬁde
1612 2555 1922 2614 dumtaxat?

339 2638 407 2690 At
448 2652 544 2692 nos
587 2648 643 2694 ut
685 2643 1007 2716 a.virtutum
1036 2659 1246 2716 quoque
1273 2646 1581 2702 muneribus
1610 2648 1700 2702 tibi
1729 2647 1921 2704 ﬁducia

335 2740 698 2798 comparetur,
727 2747 965 2789 oramus.
996 2733 1250 2806 Perpetuo
1283 2753 1400 2809 qua:
1431 2739 1592 2809 ipsius
1628 2749 1747 2794 sunt
1783 2741 1924 2810 cogi-

334 2829 462 2889 tare,
489 2838 602 2893 qua!
624 2825 788 2894 ipsius
813 2837 928 2880 sunt
953 2844 1148 2898 sapere,
1175 2845 1287 2899 qua:
1323 2829 1482 2901 ipsius
1508 2841 1626 2886 sunt
1661 2832 1917 2886 meditari.

333 2912 544 2968 Castam
588 2915 731 2971 enim
777 2919 1153 2988 cogitationem
1199 2928 1359 2991 atque
1402 2921 1680 2977 honestam
1729 2923 1914 2991 vitam,

333 3020 440 3061 non
495 3006 562 3062 ad
619 3023 780 3064 unum
827 3010 1104 3065 dumtaxat
1154 3020 1247 3066 aut
1298 3013 1434 3068 duos
1483 3023 1574 3069 aut
1621 3024 1733 3071 tres
1774 3013 1912 3084 dies,

330 3097 426 3152 sed
485 3113 579 3169 per
627 3101 933 3156 universum
975 3103 1102 3158 vita:
1143 3104 1466 3160 curriculum
1510 3107 1778 3176 petimus,
1824 3116 1910 3174 et,

328 3191 470 3260 quod
515 3192 776 3248 bonorum
817 3195 1053 3250 omnium
1096 3211 1257 3252 causa
1297 3207 1397 3261 est,
1427 3213 1545 3268 qua:
1586 3199 1753 3269 ipsius
1787 3210 1914 3258 sunt

327 3297 536 3352 sapere.
573 3284 809 3357 Plerique
828 3288 963 3342 enim
990 3306 1102 3360 qua:
1122 3307 1216 3344 sua
1236 3301 1353 3346 sunt
1376 3304 1608 3363 quierunt
1626 3335 1641 3361 ,
1674 3311 1773 3350 non
1799 3311 1913 3366 qua

327 3373 453 3429 Iesu
475 3375 660 3430 Christi
677 3377 933 3450 (Philipp.
957 3379 1008 3433 2.
1033 3381 1147 3452 2|).
1179 3382 1418 3450 Quonam
1448 3385 1604 3456 igitur
1626 3386 1786 3442 modo
1808 3388 1912 3444 hoc

328 3467 444 3522 ﬁeri
491 3469 696 3538 possit?
735 3471 802 3526 ad
848 3489 1058 3543 precem
1103 3474 1244 3530 enim
1291 3475 1394 3531 hoc
1439 3494 1652 3548 quoque
1692 3479 1910 3534 accedat

327 3567 541 3628 oportet
560 3601 576 3625 ,
606 3568 664 3616 ut
688 3576 806 3631 quae
833 3575 1010 3618 nostra
1041 3574 1166 3619 sunt
1195 3576 1533 3635 prtestemus.
1575 3566 1634 3622 Si
1663 3568 1717 3620 in
1746 3567 1910 3636 ipsius

324 3652 436 3721 lege
474 3652 581 3706 dies
619 3661 884 3723 noctesque
925 3671 1180 3710 versemur
1206 3673 1226 3711 :
1257 3657 1397 3710 unde
1441 3657 1604 3711 etiam
1649 3657 1908 3728 deinceps

323 3743 426 3798 hoc
448 3745 598 3813 petit,
633 3743 697 3798 In
723 3745 880 3816 ipsius
901 3747 1008 3818 lege
1025 3748 1108 3801 die
1127 3765 1188 3801 ac
1213 3758 1357 3803 nocte
1383 3750 1592 3803 morari.
1624 3750 1689 3804 Et
1715 3765 1905 3820 quem-

322 3834 606 3890 admodum
647 3837 893 3906 superius
931 3838 1160 3901 dixerat,
1192 3837 1444 3908 Perpetuo
1470 3857 1490 3892 :
1518 3838 1706 3895 eodem
1745 3840 1908 3894 modo

323 3925 428 3990 hic,
459 3926 556 3980 Die
579 3944 642 3981 ac
667 3938 834 3986 nocte.
878 3929 1061 4001 Itaque
1095 3947 1280 3987 eorum
1323 3947 1410 3987 me
1449 3931 1627 4003 pudet,
1663 3933 1751 4003 qui
1792 3941 1905 3987 toto

322 4033 460 4074 anno
480 4020 568 4075 vix
592 4021 762 4078 semel
785 4022 838 4077 in
860 4023 1085 4079 ecclesia
1107 4026 1530 4096 conSpieiuntur.
1562 4026 1731 4094 Quam
1758 4025 1900 4080 enim

320 4114 720 4170 excusationem
749 4116 984 4172 nancisci
1012 4127 1239 4188 queant,
1267 4119 1356 4189 qui
1386 4133 1506 4174 cum
1536 4119 1624 4174 die
1649 4133 1711 4173 ac
1737 4127 1900 4173 noctu

320 4206 372 4261 in
395 4209 485 4263 Dei
503 4209 643 4282 lege,
658 4226 766 4265 non
781 4210 954 4265 dicam
970 4212 1192 4277 versari,
1209 4213 1302 4268 sed
1320 4212 1538 4279 morari,
1556 4211 1657 4266 hoc
1672 4221 1755 4267 est
1766 4228 1901 4267 sem-

319 4315 414 4371 per
442 4303 688 4360 meditari
727 4303 1039 4374 jubeantur,
1070 4312 1250 4359 tamen
1282 4320 1350 4359 ne
1379 4304 1651 4359 minimam
1683 4304 1898 4374 quidem

319 4393 438 4447 vita:
461 4403 665 4463 partem
690 4396 744 4450 in
769 4394 870 4451 hoc
893 4395 1225 4466 impendunt,
1249 4406 1308 4450 ut
1328 4396 1492 4466 ipsius
1519 4395 1764 4451 mandata
1787 4411 1900 4451 meo

318 4484 485 4538 moria
505 4494 780 4556 usurpant,
797 4497 956 4558 atque
975 4486 1558 4558 ipsiusjustiﬁcationes
1570 4487 1901 4542 custodiant?

386 4575 437 4629 7.
481 4576 715 4633 Videsne
743 4585 984 4633 catenam
1009 4579 1294 4648 optimam,
1324 4595 1591 4651 quamque
1618 4589 1741 4649 apte
1771 4578 1894 4634 sin-

313 4667 434 4734 gula
459 4667 575 4723 haec
602 4669 744 4724 inter
769 4685 826 4725 se
853 4671 1183 4737 cohaereant,
1213 4681 1374 4743 atque
1402 4673 1590 4743 quavis
1615 4687 1777 4728 aurea
1804 4687 1911 4727 ca-t

315 4765 436 4812 tena
469 4758 678 4815 ﬁrmius
703 4771 758 4817 et
793 4761 1123 4834 elegantius?
1152 4762 1441 4835 Postquam
1467 4765 1611 4820 enim
1654 4773 1890 4821 mentem

313 4849 549 4905 divinam
584 4853 904 4922 postulavit,
942 4856 1160 4926 exponit
1182 4871 1415 4926 quonam
1447 4867 1600 4926 pacto
1621 4858 1742 4912 talis
1771 4872 1894 4914 esse

313 4949 493 5008 queat.
527 4941 808 5008 Quomodo
852 4945 1070 4999 autem?
1114 4944 1372 4999 Nimirum
1415 4946 1459 4999 si
1487 4945 1606 5016 quis
1632 4955 1894 5017 perpetuo

311 5045 374 5085 ea
397 5073 412 5095 ,
443 5046 565 5103 quae
593 5033 685 5089 Dei
717 5044 876 5101 sunt,
905 5035 1232 5091 meditetur.
1283 5035 1396 5090 lloc
1437 5045 1615 5091 autem
1661 5052 1889 5107 quanam

313 5125 521 5179 ratione
541 5125 804 5196 quiSpiam
827 5127 1082 5198 consequi
1108 5127 1314 5197 possit?
1335 5127 1390 5183 Si
1413 5125 1608 5181 divina:
1637 5127 1740 5198 legi
1763 5143 1890 5198 ope.

312 5227 424 5271 tum
465 5215 597 5273 dare
646 5232 934 5289 numquam
980 5218 1317 5274 intermittat.
1367 5217 1609 5287 Quonam
1655 5228 1810 5287 pacto
1836 5217 1891 5274 id

313 5309 628 5363 mortalibus
652 5308 960 5379 persuaderi
1001 5309 1196 5379 queat?
1239 5309 1293 5364 Si
1325 5308 1572 5364 mandata
1605 5309 1769 5379 ipsius
1795 5311 1893 5365 ob-

311 5408 564 5455 servent:
594 5401 722 5471 quin
767 5400 942 5468 potius
986 5415 1051 5455 ex
1076 5415 1142 5454 eo
1197 5399 1346 5470 ipso,
1378 5401 1520 5471 quod
1568 5402 1666 5471 legi
1698 5401 1893 5458 divina:

312 5491 572 5562 quispiam
602 5493 848 5558 studeat,
893 5491 942 5547 id
969 5492 1333 5562 consequitur,
1378 5507 1436 5545 ut
1475 5493 1723 5548 mandata
1773 5509 1891 5549 ser-

314 5592 434 5646 vet;
463 5584 916 5651 quemadmodum
961 5583 1166 5640 scilicet
1217 5599 1285 5639 ex
1331 5598 1432 5650 eo,
1464 5583 1604 5654 quod
1654 5586 1775 5654 quis
1827 5601 1889 5641 ea

315 5687 432 5740 quae
458 5674 628 5743 ipsius
657 5683 784 5730 sunt
804 5675 959 5744 sapit,
985 5691 1045 5729 ac
1072 5685 1303 5730 mentem
1329 5675 1566 5730 divinam
1597 5675 1781 5738 habet,
1816 5677 1885 5732 tl-

315 5762 402 5818 tud
433 5765 748 5835 adipiscitur
775 5776 830 5821 ut
856 5783 973 5837 qua:
999 5768 1163 5838 ipsius
1191 5777 1314 5824 sunt
1336 5767 1642 5826 meditetur.
1668 5771 1891 5841 Singula

1457 335 1524 395 IN
1559 336 1778 396 EPIST.
1807 335 1853 396 ll
1917 336 2006 396 AD
2041 337 2200 396 C03.
2235 338 2466 400 HOMIL.
2508 344 2574 403 ll.

3521 348 3625 406 402

2049 453 2192 511 enim
2215 470 2279 512 ex
2307 455 2391 513 his
2415 473 2536 527 qum
2560 457 2820 528 diximus,
2848 470 2902 516 et
2929 459 2983 518 id
3004 463 3148 536 quod
3173 464 3410 525 vicinum
3437 481 3523 530 est
3547 476 3627 530 ef-

2046 545 2260 612 ﬁciunt,
2289 557 2346 604 et
2370 548 2439 605 ab
2467 563 2535 604 eo
2562 550 2907 619 efﬁciuntur;
2935 564 2990 609 et
3034 556 3207 626 ipsum
3234 560 3540 626 continent,
3571 577 3628 619 et

2043 637 2112 690 ab
2151 637 2267 706 ipso
2295 639 2659 696 continentur.
2704 639 2964 700 Intensius
2990 647 3160 701 adhuc
3189 665 3284 718 pro
3324 651 3448 722 ipsis
3477 669 3620 724 roge-

2043 744 2176 786 mus.
2223 731 2488 798 Quoniam
2533 734 2745 792 animus
2795 737 2850 792 in
2902 740 3106 808 prolixa
3152 743 3397 801 oratione
3421 745 3622 802 obdor-

2045 819 2272 876 miscere
2295 825 2609 893 consuet'iz,
2640 841 2829 883 rursus
2857 844 2978 885 eum
3003 833 3222 889 excitat.
3263 835 3451 908 Magna
3477 839 3623 895 enitn

2044 922 2255 999 rursum
2281 921 2440 983 atque
2478 916 2694 972 excelsa
2742 921 3014 990 postulare
3045 923 3158 978 vult
3200 941 3216 979 :
3247 926 3478 999 ideoque
3505 931 3621 997 ait.

2044 998 2300 1058 Intensius
2314 1007 2484 1060 adhuc
2498 1025 2592 1080 pro
2613 1010 2738 1080 ipsis
2763 1029 3014 1084 rogemus.
3034 1015 3297 1082 Quidnam
3326 998 3502 1076 autem
3521 1024 3624 1078 hoc

2042 1093 2157 1183 est?
2187 1092 2258 1150 Ut
2285 1095 2469 1166 eripiat
2515 1116 2599 1157 eos
2639 1101 2703 1155 ab
2741 1105 2879 1159 omni
2923 1106 3058 1160 malo
3081 1117 3130 1160 et
3154 1108 3376 1166 absurdo
3400 1115 3621 1183 negotio.

2043 1181 2156 1239 Hoc
2183 1184 2304 1240 loco
2334 1186 2385 1240 id
2415 1187 2546 1257 ipsis
2574 1191 2838 1260 petimus,
2859 1203 2918 1254 ut
2962 1210 3031 1252 ne
3060 1197 3266 1253 intrent
3291 1201 3343 1256 in
3373 1181 3624 1260 tentatio-

2042 1289 2187 1344 nem,
2211 1286 2371 1348 atque
2401 1288 2459 1333 ut
2483 1280 2552 1336 ab
2577 1284 2829 1338 omnibus
2859 1295 2964 1340 tam
3008 1290 3284 1359 corporeis
3313 1307 3470 1361 quam
3513 1295 3621 1363 spi-

2040 1367 2321 1426 ritualibus
2347 1371 2555 1428 insidiis
2602 1374 2916 1432 liberentur.
2949 1376 3030 1433 Ob
3056 1380 3108 1434 id
3137 1381 3297 1436 etiam
3323 1381 3436 1438 haec
3459 1385 3621 1441 verba

2038 1457 2330 1526 subjunxit,
2354 1461 2428 1516 Ab
2450 1463 2590 1518 omni
2611 1476 2816 1535 peccato
2841 1468 3110 1535 diabolico,
3133 1479 3179 1523 et
3201 1472 3337 1525 omni
3365 1473 3622 1527 obsidione

2038 1548 2334 1606 adversarii.
2356 1553 2559 1621 Quibus
2581 1558 2756 1613 verbis
2779 1559 3100 1616 tentationes
3121 1575 3184 1616 ac
3208 1573 3427 1635 peccata
3454 1565 3621 1636 signi-

2040 1639 2177 1694 licat.

2107 1729 2313 1787 Peccali
2341 1745 2543 1790 natura.
2574 1767 2644 1778 —-
2669 1739 2881 1796 Peccati
2915 1743 3056 1797 enim
3088 1758 3149 1799 ea
3193 1755 3382 1800 natura
3413 1755 3496 1802 est
3516 1787 3534 1808 .
3563 1757 3619 1806 ut

2033 1820 2187 1876 facile
2217 1822 2486 1880 hominem
2510 1827 2752 1884 obsideat
2782 1841 2942 1900 atque
2965 1832 3200 1904 undique
3229 1843 3353 1900 stet,
3380 1852 3412 1890 a
3442 1836 3618 1895 fronte

2036 1927 2228 1983 nempe
2272 1924 2324 1970 et
2371 1932 2402 1972 a
2449 1927 2638 1990 tergo,
2671 1921 2856 1992 sicque
2902 1938 3000 1979 nos
3046 1924 3279 1995 dejiciat.
3328 1928 3615 2000 Postquam

2033 2003 2176 2059 enim
2203 2021 2322 2077 quae
2349 2023 2378 2061 a
2407 2009 2564 2065 nobis
2602 2013 2903 2082 praestanda
2933 2014 3042 2070 sint
3069 2017 3334 2090 exposuit,
3364 2018 3466 2076 hoc
3494 2031 3578 2077 est
3597 2063 3614 2088 ,

2035 2103 2092 2151 ut
2118 2098 2168 2152 in
2200 2099 2320 2168 ejus
2355 2100 2473 2172 lege
2498 2117 2810 2172 versemur,
2865 2107 3034 2176 ipsius
3075 2109 3326 2165 mandata
3356 2114 3614 2168 memoria

2033 2197 2333 2259 teneamus,
2361 2193 2775 2262 justiﬁcationes
2799 2197 2917 2268 ejus
2943 2201 3340 2269 custodiamus,
3373 2203 3476 2259 hoc
3499 2205 3614 2274 jam

2030 2280 2283 2338 admonet
2305 2323 2320 2348 ,
2353 2299 2422 2339 ne
2469 2285 2572 2341 ista
2601 2286 2818 2356 quidem
2866 2289 3150 2357 sufﬁcere,
3192 2293 3295 2347 nisi
3325 2293 3467 2349 adsit
3496 2295 3613 2365 ipse

2028 2382 2189 2444 atque
2212 2389 2368 2446 opem
2395 2377 2552 2432 ferat.
2583 2377 2697 2432 Nisi
2723 2379 2868 2434 enim
2894 2378 3142 2436 Dominus
3169 2385 3493 2454 ludiﬁcaverit
3520 2387 3615 2440 do-

2029 2481 2187 2529 mum,
2219 2467 2272 2521 in
2299 2483 2488 2522 vanum
2512 2469 2867 2526 laboraverunt
2887 2473 2975 2542 qui
3000 2474 3256 2542 wdiﬁcant
3283 2492 3394 2529 eaut
3419 2477 3610 2549 (Psal.

2029 2553 2154 2611 126.
2184 2557 2238 2625 1)
2263 2572 2278 2610 :
2300 2571 2364 2612 ac
2393 2560 2694 2628 praesertim
2743 2561 2794 2617 in
2822 2562 2910 2629 iis,
2941 2564 3032 2633 qui
3063 2562 3279 2619 diabolo
3305 2565 3483 2620 adhuc
3511 2567 3610 2622 ob-

2021 2644 2152 2714 jecti
2181 2656 2344 2716 sunt,
2375 2663 2438 2704 ac
2463 2650 2563 2704 sub
2605 2651 2775 2721 ipsius
2817 2653 3042 2722 imperio
3066 2663 3120 2708 et
3143 2653 3369 2710 ditione.
3403 2657 3480 2712 Ac
3511 2672 3609 2712 vos

2027 2736 2144 2792 lucc
2171 2739 2341 2794 nostis
2368 2781 2382 2806 ,
2413 2741 2502 2810 qui
2533 2741 2702 2796 sacris
2730 2741 2920 2798 initiati
2951 2745 3100 2800 estis.
3132 2745 3311 2802 Facile
3337 2749 3478 2802 enim
3519 2749 3609 2804 illa

2025 2827 2188 2883 verba
2219 2827 2373 2884 vobis
2413 2829 2464 2884 in
2493 2832 2806 2888 memoriam
2855 2832 3116 2901 redeant,
3159 2850 3256 2906 per
3277 2852 3396 2906 qua:
3443 2837 3610 2907 ipsius

2026 2918 2290 2988 tyrannidi
2321 2921 2567 2976 nuntium
2596 2922 2904 2991 remisistis,
2937 2939 3056 2980 cum
3085 2924 3225 2981 ﬂexo
3248 2943 3386 2998 genu
3411 2927 3478 2982 ad
3509 2928 3608 2983 Re-

2021 3025 2142 3082 gem
2172 3011 2547 3084 transfugistis,
2573 3029 2635 3069 ac
2658 3015 2934 3070 tremenda
2966 3016 3052 3070 illa
3079 3017 3240 3072 verba
3271 3019 3588 3089 protulistis,

2021 3104 2213 3174 quibus
2258 3113 2488 3178 tyranno
2531 3108 2680 3162 nullo
2712 3102 2932 3179 prorsus
2977 3110 3138 3164 modo
3181 3110 3404 3182 obsequi
3433 3111 3600 3167 doce-

2022 3212 2160 3250 mur.
2189 3197 2575 3254 Adversarium
2610 3213 2774 3270 porro
2805 3215 2870 3254 ac
2896 3199 3169 3255 diabolum
3211 3201 3385 3272 ipsum
3419 3203 3604 3272 appel-

2019 3287 2132 3355 lat,
2180 3290 2431 3359 quoniam
2460 3299 2515 3346 et
2546 3291 2712 3346 Deum
2757 3291 2897 3362 apud
2944 3291 3189 3346 homines
3213 3333 3227 3356 ,
3258 3303 3310 3348 et
3355 3291 3602 3349 homines

2018 3382 2158 3450 apud
2188 3381 2376 3448 Deum,
2408 3398 2472 3437 ac
2500 3399 2597 3437 nos
2643 3383 2788 3452 ipsos
2830 3383 2970 3438 inter
2997 3399 3097 3439 nos
3127 3385 3465 3439 criminatur.
3499 3384 3598 3440 Et-

2018 3474 2161 3526 enim
2187 3475 2298 3542 ipse
2324 3473 2453 3528 olim
2480 3473 2672 3529 Jobum
2689 3473 2831 3543 apud
2860 3475 3024 3529 Deum
3053 3475 3106 3528 in
3129 3475 3332 3529 crimen
3355 3475 3598 3539 vocabat,

2017 3579 2138 3617 cum
2166 3564 2392 3630 diceret,
2423 3563 2565 3618 Num
2591 3562 2691 3619 Job
2731 3565 2923 3634 [rustra
2949 3565 3067 3619 colit
3092 3563 3256 3618 Deum
3287 3565 3428 3636 (Job.
3460 3566 3512 3621 1.
3541 3566 3595 3623 9.

2017 3655 2230 3726 iﬁjiac
2256 3673 2469 3712 rursum
2504 3657 2670 3712 Deum
2701 3657 2840 3729 apud
2867 3656 3060 3712 Jobum
3105 3657 3191 3712 his
3218 3658 3418 3722 verbis,
3449 3657 3596 3728 Ignis

2015 3749 2273 3803 descendit
2299 3749 2362 3804 de
2384 3749 2508 3804 caelo
2534 3765 2554 3805 :
2576 3759 2739 3822 atque
2780 3748 2910 3804 item
2940 3749 3109 3804 Deum
3131 3748 3270 3818 apud
3298 3747 3558 3803 Adamum
3582 3793 3595 3810 .

2012 3855 2135 3896 cum
2167 3839 2365 3896 diceret
2381 3840 2516 3910 fore,
2546 3849 2604 3896 ut
2631 3856 2820 3897 eorum
2841 3841 2978 3895 oeuli
3007 3839 3515 3912 aperirentur(Cen.
3539 3840 3595 3895 5.

2015 3933 2073 4002 5)
2104 3947 2204 3987 :ac
2245 3947 2388 3988 nunc
2421 3932 2582 3988 etiam
2627 3931 2766 4004 apud
2811 3933 3093 4004 plerosque
3138 3932 3464 3998 mortalium,
3512 3931 3595 3985 di-

2013 4038 2141 4080 cens
2172 4041 2185 4077 :
2216 4023 2356 4080 Deus
2384 4024 2468 4090 iis,
2503 4041 2622 4096 qum
2649 4025 2820 4078 oculis
2849 4034 3150 4080 cernuntur
3178 4039 3282 4077 non
3315 4024 3592 4094 prospicit,

2013 4117 2108 4172 sed
2137 4132 2226 4173 res
2249 4127 2452 4174 vestras
2473 4117 2807 4175 daatnonibus
2832 4117 3094 4188 permisit.
3120 4115 3256 4182 Quin
3284 4115 3422 4186 apud
3443 4130 3594 4169 com-

2013 4210 2197 4281 plures
2223 4225 2434 4281 quoque
2449 4209 2664 4265 Iudaeos
2681 4209 2951 4264 Christum
2976 4207 3309 4274 traducebat,
3340 4207 3595 4274 imposta-

2011 4318 2126 4357 rem
2153 4317 2215 4356 ac
2241 4301 2684 4372 prmstigiatorem
2725 4317 2846 4355 eum
2891 4301 3187 4370 appellans.
3221 4301 3462 4364 Quonam
3490 4315 3590 4351 au-

2013 4403 2118 4449 tem
2160 4395 2321 4448 modo
2361 4401 2646 4463 operetur,
2687 4393 2872 4447 audire
2913 4391 3141 4452 fortasse
3186 4390 3378 4458 aliquis
3419 4389 3586 4458 cupit.

2011 4487 2141 4543 Cum
2173 4494 2405 4540 mentem
2436 4501 2540 4540 non
2567 4483 2825 4539 divinitus
2869 4481 3102 4537 afﬂatum
3132 4491 3184 4536 ct
3214 4499 3320 4537 non
3352 4483 3586 4536 sobriam

2010 4579 2387 4649 cogitationem
2435 4577 2638 4632 invenit
2661 4620 2673 4639 ,
2703 4593 2820 4648 qure
2847 4575 2941 4630 Dei
2989 4575 3238 4631 mandata
3273 4591 3376 4629 non
3411 4589 3594 4630 recor-

2015 4669 2202 4736 detur,
2263 4683 2362 4724 nec
2429 4668 2595 4739 ipsius
2651 4667 3059 4738 justiﬁcationes
3101 4667 3406 4733 custodiat,
3478 4674 3588 4720 tum

2008 4762 2225 4818 demum
2299 4762 2562 4834 captivam
2629 4777 2746 4816 eam
2809 4776 2990 4816 secum
3059 4759 3294 4814 abducit.
3352 4759 3589 4814 Adamn:

2009 4856 2227 4925 quippe,
2260 4854 2304 4909 si
2335 4854 2560 4924 hujusce
2589 4851 2826 4908 mandati
2875 4852 3239 4917 meminisset,
3263 4849 3342 4904 De
3367 4852 3504 4906 omni
3526 4852 3589 4904 li-

2009 4961 2109 5015 gno
2133 4945 2355 5010 comede,
2387 4945 2430 4999 si
2457 4943 2628 5014 legem
2655 4959 2772 4998 eam
2801 4951 3071 5000 servasset
3095 4957 3215 5014 qum
3243 4941 3450 4997 dicebat
3471 4983 3485 5007 ,
3521 4941 3584 4995 In

2007 5053 2321 5108 quacumque
2338 5036 2420 5090 die
2448 5033 2759 5089 comederitis
2785 5075 2801 5100 ,
2832 5045 2992 5089 morte
3021 5034 3304 5087 moriemini
3331 5032 3350 5102 (
3373 5031 3500 5085 Gen.
3528 5032 3582 5087 2.

2013 5131 2078 5185 l7
2099 5131 2152 5201 );
2182 5144 2288 5183 non
2315 5142 2377 5182 ea
2400 5167 2415 5191 ,
2442 5142 2562 5198 quae
2602 5141 2791 5197 passus
2815 5136 2934 5193 est,
2966 5141 3152 5195 passus
3177 5125 3384 5179 fuisset.
3416 5123 3482 5180 Ut
3509 5125 3586 5178 di-

2009 5231 2189 5292 gnetur
2207 5237 2291 5274 eos
2310 5220 2364 5273 in
2386 5229 2607 5289 tempore
2626 5229 2910 5289 opportuno
2933 5219 3136 5274 (tivacro
3161 5221 3576 5290 regenerationis,

2007 5323 2054 5368 et
2100 5312 2390 5366 remissione
2428 5319 2770 5383 peccatorum.
2820 5308 3075 5380 Quaedam
3115 5309 3258 5378 enim
3301 5311 3587 5379 prmsentia

2007 5406 2254 5475 petimus,
2284 5401 2526 5473 quaadam
2557 5400 2736 5457 futura
2765 5419 2778 5455 :
2811 5415 2874 5457 ac
2905 5400 2972 5456 de
2999 5403 3213 5457 lavacro
3241 5401 3585 5473 philosopha-

2005 5512 2152 5562 mur,
2199 5504 2358 5564 atque
2397 5493 2449 5548 in
2482 5493 2593 5564 ipsa
2626 5492 2883 5564 petitione
2931 5493 3186 5549 docemus
3223 5509 3316 5549 eos
3361 5496 3465 5547 vim
3498 5492 3589 5543 ba-

2004 5587 2182 5658 ptismi
2215 5587 2482 5656 cognitam
2526 5584 2747 5640 habere.
2798 5584 2934 5640 lliuc
2978 5585 3120 5641 enim
3147 5585 3258 5653 jam
3287 5595 3468 5636 sermo
3494 5593 3588 5631 eos

2005 5679 2325 5739 assuefaeit,
2371 5687 2432 5732 ut
2476 5677 2775 5748 intelligant
2823 5691 2936 5731 rem
2967 5691 3086 5730 eam
3117 5669 3580 5742 regenerationclll

2006 5787 2124 5828 esse
2146 5814 2159 5839 ,
2194 5785 2394 5840 nosque
2441 5778 2498 5823 ut
2536 5783 2566 5823 a
2595 5767 2752 5823 vulva
2777 5805 2794 5834 ,
2821 5766 2898 5822 sic
2927 5766 2995 5821 ab
3025 5763 3176 5834 aquis
3205 5759 3385 5814 (1011αο
3408 5754 3588 5824 εἱειιῖε
