4018 6156
464 337 573 395 £03

465 463 523 508 ut
553 468 620 509 ne
638 453 716 509 illi
743 467 864 509 eum
891 451 1181 507 Nicodemo
1210 451 1428 518 dicant,
1467 452 1736 516 Quomodo
1765 460 1925 523 potest
1951 453 2043 505 Ito-

463 561 549 598 mo
574 545 716 598 nasci
739 560 850 598 cum
871 543 935 596 sit
959 543 1148 598 senex?
1169 553 1393 612 potestne
1412 544 1464 596 in
1489 555 1708 597 ventrem
1735 543 1913 597 matris
1937 558 2046 597 sua

461 635 703 698 introire,
735 648 797 686 ac
839 634 983 686 nasci
1027 632 1191 687 denuo
1219 633 1409 702 (Joan.
1437 634 1491 688 5.
1521 632 1636 705 ι)τ
1663 633 1863 689 Deinde
1893 642 2041 703 post-

459 741 618 796 quam
645 735 982 796 peccatorum
1003 726 1372 780 remissionem
1402 726 1556 789 dixit,
1592 743 1686 796 per
1720 743 1780 782 ea
1811 743 1930 798 qua:
1955 743 2043 783 se-

460 825 699 886 quuntur
737 817 907 885 ipsam
930 818 1211 872 conﬁrmat
1256 818 1443 875 dicens
1472 837 1486 872 :
1513 821 1826 875 lndumento
1861 822 2037 876 incor-

459 907 732 974 ruptionis.
760 907 970 962 Etenim
998 909 1086 979 qui
1121 909 1211 964 ﬁlii
1258 910 1571 981 dignitatem
1620 912 1810 978 induit,
1853 914 2039 983 procul

455 996 622 1051 dubio
668 997 1089 1070 incorruptibilis
1138 1000 1390 1056 efﬁcitur.
1422 1003 1558 1070 Quid
1588 1014 1765 1060 autem
1805 1015 1888 1059 est
1912 1046 1927 1071 ,
1972 1005 2038 1061 In

458 1097 680 1160 tempore
704 1095 1016 1162 opportuno?
1039 1092 1300 1148 Nimirum
1328 1109 1446 1150 cum
1471 1097 1590 1166 quis
1622 1097 1789 1166 probe
1817 1097 2038 1154 affectus

454 1189 568 1248 est,
598 1197 720 1238 cum
744 1184 926 1238 animo
949 1184 1113 1239 alacri
1139 1193 1193 1240 et
1217 1201 1340 1241 cum
1368 1187 1471 1242 lidc
1490 1189 1696 1242 accedit
1721 1210 1735 1244 :
1755 1189 1927 1245 ﬁdelis
1951 1199 2037 1245 et-

455 1271 598 1326 enim
622 1272 853 1329 hominis
883 1285 1243 1345 opportunum
1272 1285 1482 1348 tempus
1527 1281 1627 1333 IIOC
1657 1289 1759 1335 est.
1797 1280 1864 1334 Ut
1889 1283 2040 1334 bene-

455 1363 592 1418 dicat
617 1365 850 1420 introitus
875 1376 922 1420 et
949 1369 1116 1422 exitus
1140 1385 1314 1423 eorum
1334 1411 1350 1436 ,
1383 1388 1579 1425 onmem
1605 1372 1761 1424 vitam
1785 1373 2036 1443 ipsorum.

456 1452 569 1508 Hoc
596 1454 712 1512 loco
740 1457 960 1528 aliquid,
993 1459 1133 1528 quod
1163 1460 1230 1514 ad
1257 1476 1451 1532 corpus
1477 1472 1703 1531 spectet,
1736 1472 1920 1533 petere
1942 1463 2036 1532 ju-

453 1549 680 1616 bentur,
711 1559 770 1605 ut
795 1553 884 1621 qui
927 1552 1100 1608 adhuc
1147 1554 1441 1610 imbecilles
1469 1557 1597 1610 sint.
1643 1555 1837 1612 Domos
1863 1575 2036 1612 eorum

451 1646 501 1693 et
540 1639 889 1696 habitationes.
920 1643 1032 1698 Hoc
1055 1655 1174 1711 est,
1215 1645 1328 1702 sive
1364 1646 1589 1702 famulos
1618 1648 1888 1716 habeant,
1921 1653 2035 1707 sive

451 1741 731 1804 cognatos,
757 1736 870 1792 sive
900 1738 1034 1793 alios
1063 1739 1322 1810 quosdam
1353 1742 1706 1797 necessarios.
1740 1743 1866 1798 Haec
1890 1745 2034 1799 enim

449 1834 606 1880 erant
625 1825 834 1883 Veteris
856 1829 1184 1888 Testamenti
1215 1834 1432 1902 prmmia
1454 1851 1467 1886 :
1489 1849 1589 1889 nec
1607 1834 1894 1906 quidquam
1915 1853 2036 1907 per-

451 1913 576 1971 inde
613 1933 794 1986 grave,
825 1929 984 1991 atque
1011 1922 1263 1978 acerbum
1293 1939 1413 1979 esse
1441 1925 1742 1989 videbatur.
1771 1936 1826 1982 ut
1857 1927 2031 1982 vidui-

449 2014 554 2073 tas,
583 2015 640 2061 ut
667 2009 924 2067 sterilitas
944 2055 957 2077 ,
988 2023 1044 2067 ut
1073 2024 1391 2083 prannatura
1421 2015 1630 2084 funera,
1653 2026 1712 2072 ut
1741 2017 1940 2084 fames,
1979 2028 2034 2075 et

448 2097 660 2154 adversi
689 2116 868 2156 rerum
901 2090 1202 2170 successus:
1232 2106 1312 2160 0b
1339 2122 1458 2161 eam
1488 2123 1700 2163 causam
1729 2109 1782 2164 in
1817 2111 2034 2181 petitio-

449 2190 609 2246 nibus
641 2192 708 2247 ad
748 2207 945 2265 corpus
991 2197 1380 2264 pertinentibus
1421 2213 1516 2254 eos
1563 2201 1838 2256 immorari
1879 2203 2026 2271 sinit,

448 2285 702 2355 paulatim
725 2287 870 2357 ipsos
893 2288 947 2342 in
972 2288 1138 2343 altum
1160 2289 1483 2346 subvehens.
1504 2292 1618 2348 Hoc
1637 2293 1779 2348 enim
1802 2305 1856 2348 et
1877 2294 2033 2350 Chri-

445 2386 564 2432 stus
590 2377 716 2433 l'acit
745 2388 803 2434 et
827 2379 1050 2447 Paulus,
1073 2382 1321 2452 antiquas
1351 2383 1601 2440 videlicet
1627 2386 2029 2442 benedictiones

447 2479 676 2541 uterque
719 2471 772 2526 in
822 2472 1136 2527 memoriam
1185 2489 1443 2530 revocans
1475 2475 1754 2532 :Christus
1799 2493 2028 2549 nempe,

445 2575 566 2616 cum
593 2561 688 2628 ait,
715 2561 863 2618 Beati
887 2565 1030 2618 mites
1051 2606 1066 2630 ,
1093 2567 1332 2634 quoniam
1361 2568 1464 2637 ipsi
1493 2569 1819 2638 possidebunt
1844 2580 2029 2624 terram

445 2653 660 2724 (Matth.
692 2657 747 2712 5.
777 2657 833 2729 4)
858 2674 872 2712 :
903 2657 1097 2714 Paulus
1117 2669 1296 2716 autem
1316 2702 1333 2729 ,
1359 2660 1574 2717 Honora
1601 2672 1792 2732 patrem
1813 2672 1954 2717 tuum
1983 2672 2031 2719 et

444 2754 656 2800 matrem
685 2755 845 2812 tuam,
873 2759 928 2804 ut
954 2749 1023 2804 sis
1047 2751 1303 2822 longincus
1327 2769 1482 2823 super
1505 2763 1714 2808 terram.
1747 2753 1914 2809 Filios
1939 2771 2028 2809 eoo

442 2853 592 2906 rum,
642 2849 696 2894 ut
734 2857 817 2896 eos
854 2859 1040 2914 augeas
1073 2855 1119 2898 et
1145 2845 1410 2900 benedicas
1429 2887 1445 2912 ,
1468 2857 1619 2916 atque
1640 2848 1710 2901 ad
1738 2864 2028 2902 mensuram

443 2931 609 2984 (etatis
636 2932 904 2998 perductos
923 2934 1172 3002 sapientia
1200 2937 1422 2990 instruas
1445 2935 1660 3010 (Ephes.
1689 2939 1741 2994 6.
1770 2938 1822 2993 2.
1856 2937 1934 3010 5).

513 3023 568 3077 8.
603 3023 700 3079 llic
729 3039 914 3080 rursus
942 3028 1134 3096 partim
1156 3043 1499 3098 corporeum,
1524 3033 1714 3100 partim
1746 3033 2026 3102 spirituale

444 3113 761 3170 beneﬁcium
795 3117 924 3186 ipsis
960 3124 1126 3188 poscit
1155 3162 1170 3186 ,
1201 3129 1386 3190 utpote
1418 3122 1610 3192 puerili
1634 3123 1809 3198 adhuc
1843 3126 2024 3182 animo

447 3204 705 3275 praeditis.
735 3206 887 3274 Quod
914 3218 1091 3264 autem
1119 3212 1382 3282 sequitur,
1409 3215 1554 3269 omni
1588 3231 1651 3270 ex
1677 3226 1828 3286 parte
1860 3217 2022 3288 spiri-

441 3301 584 3356 tuale
607 3311 708 3368 est,
744 3302 813 3359 Ut
839 3307 1010 3360 omnia
1038 3323 1151 3377 qua:
1186 3307 1311 3378 ipsis
1341 3309 1600 3380 preposita
1626 3322 1801 3375 erunt,
1833 3313 1902 3365 ad
1925 3313 2025 3366 uti-

438 3390 629 3445 litatem
655 3393 863 3464 dirigat.
915 3394 1032 3450 Non
1055 3396 1197 3451 enim
1239 3398 1559 3469 simpliciter
1583 3417 1704 3472 qua:
1751 3404 2021 3473 proposita

437 3493 612 3551 erunt,
643 3485 739 3543 sed
769 3504 888 3559 qua:
914 3489 981 3544 ad
1013 3490 1318 3546 utilitatem.
1349 3493 1506 3564 Saepe
1533 3495 1674 3550 enim
1709 3497 2019 3566 peregrina-

436 3574 512 3628 tio
535 3575 706 3647 aliqua
746 3578 1077 3649 instituitur,
1119 3584 1214 3638 sed
1260 3583 1481 3641 minime
1528 3587 1812 3652 conducit;
1858 3597 2019 3656 atque

433 3665 578 3721 aliud
607 3668 862 3738 quiddam
908 3673 1111 3738 simile,
1155 3674 1295 3744 quod
1344 3691 1443 3731 nec
1487 3677 1614 3732 item
1647 3679 1774 3734 utile
1799 3687 1901 3734 est.
1937 3679 2015 3733 Ex

432 3757 627 3826 quibus
671 3759 772 3814 hoc
795 3761 1048 3828 discunt,
1085 3764 1196 3820 Deo
1241 3766 1293 3819 in
1324 3767 1574 3824 omnibus
1623 3769 1786 3824 rebus
1813 3771 2013 3840 gratias

432 3861 592 3917 agere
614 3889 630 3915 ,
663 3859 720 3904 ut
767 3869 885 3921 quae
925 3854 994 3908 ad
1040 3870 1227 3911 eorum
1275 3862 1616 3916 commodum
1649 3873 1703 3917 et
1731 3865 2011 3919 utilitatem

434 3938 585 3993 ﬁant.
633 3941 760 3996 Post
801 3943 918 3998 haec
945 3946 1121 3999 omnia
1162 3948 1272 4015 jam
1303 3965 1398 4004 eos
1425 3966 1647 4021 surgere
1676 3953 1848 4022 jubet.
1879 3955 2010 4008 Nam

429 4045 553 4085 cum
581 4031 723 4100 prius
747 4048 842 4088 eos
871 4035 1015 4090 humi
1038 4048 1337 4106 prOStratos
1361 4043 1640 4111 tenuisset,
1665 4056 2011 4116 posteaquam

428 4138 492 4179 ca
524 4125 793 4196 petierunt
814 4143 934 4198 qua:
976 4131 1279 4200 petierunt,
1307 4149 1371 4189 ac
1399 4133 1592 4191 ﬁducia
1635 4136 1821 4206 repleti
1852 4147 2009 4204 sunt,

422 4213 535 4285 jam
564 4232 658 4273 eos
679 4235 859 4275 sermo
885 4220 1063 4292 erigit,
1090 4237 1153 4279 ac
1179 4223 1438 4296 deinceps
1470 4227 1614 4298 ipsos
1640 4244 1849 4300 quoque
1873 4246 2001 4300 pre-

425 4313 691 4368 cationem
714 4314 779 4369 ad
805 4316 968 4372 Demn
994 4319 1240 4390 amplecti
1264 4319 1438 4390 jubet.
1461 4321 1735 4393 Siquidem
1763 4325 2006 4396 quaedam

425 4418 524 4457 uas
590 4405 858 4474 dicimus,
908 4409 1154 4478 quaedam
1207 4427 1392 4468 rursus
1423 4413 1555 4484 ipsis
1583 4417 2003 4486 committimus,

423 4499 690 4566 petitionis
768 4518 959 4572 nempe
1016 4504 1210 4572 januas
1276 4507 1407 4575 ipsis
1478 4510 1782 4578 aperientes
1835 4529 1848 4565 :
1897 4525 2001 4566 non

419 4605 575 4644 secus
602 4592 853 4648 videlicet
879 4610 942 4648 ac
973 4612 1170 4665 pueros
1195 4599 1426 4668 primum
1451 4600 1549 4669 ipsi
1572 4601 1848 4668 docemus,
1881 4610 2003 4673 post

416 4689 596 4736 autem
640 4684 785 4752 ipsos
809 4700 1019 4755 quoque
1063 4688 1206 4759 loqui
1226 4689 1499 4760 jubemus.
1529 4689 1712 4762 itaque
1739 4692 1841 4747 hoc
1870 4693 2000 4762 ipsis

413 4772 676 4839 dicimus,
709 4774 956 4845 Angelum
1000 4781 1139 4848 pacis
1206 4781 1398 4852 petite,
1426 4797 1457 4835 ο
1499 4783 1864 4838 catechumeni.
1903 4785 2001 4840 Est

411 4863 610 4934 quippe
633 4863 857 4933 angelus
877 4866 1038 4920 etiam
1065 4871 1362 4926 cruciatum
1391 4870 1649 4938 inferens,
1673 4882 1730 4927 ut
1750 4889 1871 4928 cum
1905 4874 1996 4930 ille

410 4956 521 5022 ait,
571 4956 945 5014 Immissionem
980 4977 1072 5030 per
1106 4963 1311 5033 angelos
1355 4965 1517 5020 malos
1544 4963 1716 5039 (Psal.
1751 4967 1839 5022 77.
1871 4968 1988 5039 54).

409 5045 503 5101 Est
528 5058 581 5103 et
600 5049 820 5121 angelus
837 5051 1242 5108 exterminalor.
1265 5056 1342 5110 Ac
1371 5054 1593 5125 provide
1623 5072 1717 5113 eos
1738 5059 1986 5128 angelum

408 5137 554 5208 pacis
575 5151 756 5208 petere
775 5140 1052 5211 jubemus,
1076 5142 1332 5201 docentes
1353 5162 1467 5212 eos,
1488 5147 1538 5203 id
1558 5149 1697 5220 quod
1722 5149 1981 5205 bonorum

402 5230 641 5286 oniiiium
659 5232 926 5289 vinculum
941 5246 1046 5302 est,
1059 5235 1162 5292 hoc
1177 5246 1279 5304 est,
1314 5254 1496 5309 pacem
1515 5241 1783 5310 postulare
1802 5259 1818 5297 :
1837 5242 1905 5297 ita
1927 5251 1984 5296 ut

401 5325 472 5380 ab
495 5326 640 5380 omni
672 5341 846 5396 pugna
876 5368 892 5393 ,
918 5328 986 5384 ab
1027 5331 1174 5384 omni
1209 5331 1369 5398 bello,
1397 5341 1453 5388 et
1481 5333 1550 5387 ab
1578 5335 1724 5389 omni
1753 5335 1979 5391 dissidio

398 5417 594 5473 absint.
625 5416 852 5486 Paciﬁco
872 5419 1007 5473 vobis
1026 5420 1194 5473 omnia
1223 5437 1336 5491 qua:
1353 5434 1726 5493 praponuntur.
1755 5425 1980 5481 [licunt-

396 5525 501 5580 que
531 5508 672 5566 enim
697 5523 858 5582 grave
887 5508 1084 5582 aliquid
1111 5511 1211 5580 sit,
1245 5511 1369 5568 dum
1405 5523 1581 5572 tamen
1609 5532 1792 5588 pacem
1819 5517 1971 5589 quis-

1205 334 1263 392 S.
1289 332 1567 390 .IOANNIS
1603 327 2074 388 CHRYSOSTOMI
2109 330 2424 397 ARCHIEP.
2463 340 2996 412 CONSTANTINOP.

3621 355 3725 410 404

2327 457 2540 530 habeat,
2559 465 2676 524 leve
2702 481 2803 526 εει.
2837 474 3022 546 quue
3056 479 3217 535 etiam
3247 485 3465 542 nomine
3492 487 3739 552 Christus

2149 544 2393 658 dicebat:
2422 552 2610 612 Pacem
2640 575 2803 617 meam
2823 565 2888 620 do
2909 544 3044 624 vobis
3069 571 3090 642 (
3105 570 3359 632 10am“.
3391 580 3461 634 27
3481 580 3523 652 ).

2149 638 2291 694 enim
2321 643 2486 700 ullum
2508 663 2780 708 armorum
2810 673 2978 726 genus
3007 662 3224 720 diabolo
3251 683 3403 738 teque
3432 638 3737 735 ﬁrmum'ac

2149 731 2379 788 validum
2410 747 2511 803 est,
2538 749 2596 795 ut
2629 760 2800 815 pugna
2827 759 2880 804 ct
2909 751 3152 808 simultas
3178 773 3241 812 ac
3282 731 3506 819 bizllum.
3537 767 3736 840 Paciﬁ-

2147 839 2262 878 cum
2287 827 2423 883 hunc
2441 834 2610 904 diem,
2633 847 2782 909 atque
2801 859 2972 899 omnes
2993 848 3106 902 vita:
3126 861 3302 908 vestrte
3325 857 3432 912 dies
3458 827 3732 929 postulaie.

2146 914 2393 976 Vidistin‘
2413 940 2600 982 rursus
2622 934 2890 1000 quomodo
2916 940 3220 998 universam
3254 947 3416 1004 vitam
3451 952 3504 1006 in
3529 959 3731 1013 virtute

2149 1015 2364 1086 transigi
2394 1017 2610 1087 iubeat?
2636 1023 2952 1085 Christianos
2979 1042 3170 1090 vestros
3195 1038 3360 1106 ﬁnes;
3385 1054 3440 1097 et
3462 1048 3603 1114 quod
3631 1050 3732 1104 bo-

2145 1119 2334 1161 norum
2361 1121 2520 1180 caput
2546 1123 2649 1182 est,
2673 1120 2809 1187 quod
2828 1123 3091 1179 honestum
3111 1138 3182 1182 est
3201 1139 3248 1184 et
3273 1135 3409 1200 quod
3425 1138 3565 1194 utile.
3591 1140 3731 1199 Nam

2143 1195 2286 1265 quod
2317 1197 2601 1260 honestum
2627 1221 2735 1263 non
2765 1220 2868 1277 est,
2899 1213 2949 1267 id
2979 1231 3047 1270 ne
3078 1195 3452 1291 utilerquidem
3481 1195 3603 1284 esse
3630 1195 3734 1301 po-

2145 1295 2269 1342 test.
2302 1291 2421 1346 Alia
2446 1297 2588 1350 enim
2637 1315 2816 1357 rerum
2845 1305 3054 1360 utilium
3084 1311 3224 1379 apud
3255 1329 3354 1370 nos
3383 1325 3570 1373 natura
3605 1291 3686 1378 est
3709 1365 3727 1388 .

2143 1395 2302 1450 quam
2339 1385 2527 1456 vulgus
2555 1391 2823 1461 opinatur.
2864 1395 2963 1451 Vos
2989 1400 3126 1469 ipsos
3157 1400 3263 1458 Deo
3289 1406 3471 1462 viventi
3494 1385 3727 1468 acChri;

2141 1481 2219 1526 sto
2243 1475 2404 1544 ipsius
2429 1484 2798 1542 commendate.
2839 1487 3086 1547 Nondum
3115 1496 3258 1550 enim
3310 1499 3410 1554 hoc
3441 1501 3550 1558 illis
3578 1520 3728 1562 com-

2141 1567 2425 1638 mittimus,
2455 1583 2512 1629 ut
2550 1590 2649 1646 pro
2671 1580 2792 1636 aliis
2823 1593 3013 1651 orent,
3046 1586 3141 1642 sed
3173 1593 3426 1658 prmclare
3455 1597 3540 1666 agi
3571 1609 3726 1668 puta-

2142 1676 2282 1728 mus,
2311 1664 2356 1719 si
2386 1682 2482 1736 pro
2503 1669 2694 1740 seipsis
2715 1688 2871 1730 orare
2892 1688 3108 1746 queant.
3132 1680 3362 1740 Videsne
3383 1664 3544 1756 quam
3569 1664 3725 1760 plena

2140 1762 2192 1808 et
2220 1757 2458 1814 numeris
2478 1763 2725 1819 omnibus
2745 1765 2986 1824 absoluta
3012 1775 3247 1841 precatio
3268 1777 3357 1844 sit,
3383 1780 3497 1836 sive
3524 1757 3728 1840 doctri-

2141 1862 2263 1902 nam
2318 1851 2432 1907 sive
2457 1853 2619 1910 vitam
2665 1861 3017 1919 consideres?
3058 1865 3189 1921 Nam
3229 1883 3351 1925 cum
3391 1878 3722 1946 evangelium

2138 1935 2387 2007 dicimus,
2421 1957 2541 1999 cum
2571 1945 2989 2026 incorruptionis
3019 1955 3393 2018 indumentum
3414 2005 3430 2030 ,
3458 1980 3580 2022 cum
3627 1985 3722 2025 re-

2138 2032 2502 2098 generationis
2528 2036 2817 2108 lavacrum,
2841 2044 3140 2103 doctrinam
3168 2052 3464 2110 universam
3492 2058 3576 2116 his
3601 2077 3727 2118 ver-

2139 2123 2224 2179 bis
2268 2130 2698 2200 complectimur.
2750 2138 2957 2196 Rursus
2987 2157 3112 2199 cum
3159 2158 3393 2205 mentem
3417 2151 3600 2210 divino
3624 2173 3726 2212 nu—

2137 2216 2282 2272 mine
2299 2219 2530 2276 adlatam
2551 2265 2566 2288 ,
2598 2240 2719 2282 cum
2737 2229 2972 2286 sobriam
3001 2236 3400 2307 cogitationem,
3428 2256 3549 2298 cum
3571 2245 3724 2303 deni-

2073 2369 2082 2390 ,
2136 2326 2242 2380 que
2266 2321 2458 2369 caetera
2483 2358 2498 2382 ,
2526 2333 2645 2388 qua:
2677 2335 2707 2374 a
2751 2323 2908 2381 nobis
2932 2341 3352 2388 commemorata
3381 2347 3528 2403 sunt,
3559 2340 3722 2400 vitam

2137 2405 2522 2474 signiﬁcamus.
2553 2411 2778 2469 Demum
2805 2431 2900 2472 eos
2927 2419 3104 2490 capita
3131 2423 3394 2483 inclinare
3436 2429 3718 2500 iubemus,

2137 2493 2241 2550 hoc
2271 2497 2520 2557 videlicet
2567 2517 2882 2575 argumento
2930 2527 3118 2582 preces
3144 2493 3578 2580 exauditus-esse
3605 2493 3718 2580 sta;

2135 2594 2368 2656 tuentes,
2401 2594 2542 2663 quod
2565 2595 2704 2652 Deus
2728 2615 2821 2656 eos
2841 2602 3146 2663 benedicat.
3173 2609 3359 2681 Neque
3384 2615 3530 2670 enim
3560 2617 3720 2674 homo

2134 2689 2218 2734 est
2247 2683 2336 2751 qui
2367 2683 2666 2755 benedicit,
2695 2691 2790 2746 sed
2835 2709 2930 2762 per
2974 2697 3118 2753 illius
3146 2699 3366 2758 manuln
3394 2720 3458 2762 ac
3483 2706 3716 2779 linguam

2133 2771 2245 2841 regi
2267 2773 2367 2842 ipsi
2384 2778 2557 2847 capita
2579 2795 2791 2850 eorum,
2815 2787 2905 2855 qui
2935 2787 3151 2856 adsunt,
3175 2791 3474 2851 oderimus.
3507 2771 3591 2854 Ae
3609 2811 3717 2857 tum

2135 2861 2422 2924 inclamant
2442 2884 2653 2940 omnes,
2685 2875 2865 2933 Amen.
2897 2879 3022 2936 llaec
3049 2891 3230 2940 autem
3253 2890 3433 2946 omnia
3458 2909 3716 2963 quorsum

2134 2955 2348 3013 tandem
2379 2976 2409 3013 a
2440 2978 2527 3018 me
2569 2964 2712 3022 dicta
2757 2972 2917 3026 sunt?
2963 2973 3035 3030 Ut
3081 2975 3304 3034 doceam
3354 2996 3452 3037 nos
3479 2985 3714 3044 aliorum

2131 3052 2410 3107 commoda
2437 3070 2682 3124 quaerere
2709 3058 2934 3130 debere,
2966 3080 3030 3120 ac
3054 3083 3121 3122 ne
3144 3078 3333 3138 putent
3361 3072 3545 3130 ﬁdeles
3573 3078 3711 3146 huic,

2129 3153 2249 3195 cum
2297 3145 2621 3214 recitantur,
2669 3151 2800 3208 nihil
2844 3156 2911 3210 ad
2942 3172 3002 3214 se
3031 3162 3327 3230 pertinere.
3355 3163 3534 3236 Neque
3563 3173 3709 3227 enim

2127 3231 2193 3286 ad
2220 3235 2452 3302 parietes
2481 3239 2740 3299 diaconus
2772 3244 3027 3316 loquitur,
3057 3266 3180 3306 cum
3226 3255 3339 3320 ait,
3375 3231 3587 3314 Oremus
3618 3279 3712 3332 pro

2125 3325 2516 3384 catechumenis.
2546 3332 2743 3390 Verum
2795 3341 3034 3396 nonnulli
3079 3345 3216 3400 adeo
3243 3360 3520 3418 amentes,
3553 3365 3713 3425 atque

2127 3415 2299 3486 ignavi
2324 3435 2388 3475 ac
2416 3421 2660 3481 dissoluti
2688 3439 2835 3496 sunt,
2867 3440 2923 3485 ut
2951 3448 3055 3488 non
3084 3439 3247 3493 modo
3281 3442 3335 3496 in
3364 3445 3712 3508 catechume-

2126 3525 2335 3578 norum,
2371 3515 2465 3568 sed
2497 3517 2655 3574 etiam
2687 3520 2922 3578 ﬁdelium
2956 3535 3196 3599 tempore
3225 3543 3370 3590 stent
3397 3548 3558 3609 atque
3582 3558 3710 3599 con-

2125 3599 2448 3660 fabulemur.
2497 3609 2630 3665 llinc
2673 3615 2852 3672 omnia
2895 3619 3150 3677 subversa
3182 3634 3342 3690 sunt,
3377 3629 3502 3687 hinc
3529 3637 3709 3691 omnia

2124 3697 2397 3764 perierunt
2429 3717 2442 3753 :
2474 3703 2595 3771 quia
2625 3720 2731 3776 quo
2763 3717 3003 3780 tempore
3033 3717 3269 3773 maxime
3300 3722 3596 3778 curandum
3624 3736 3706 3781 est

2123 3796 2179 3840 ut
2208 3787 2374 3844 Deum
2413 3794 2571 3850 nobis
2603 3800 3012 3858 reconcilicmus
3035 3845 3050 3869 ,
3083 3805 3184 3860 hoc
3229 3809 3343 3878 ipso
3371 3810 3440 3864 ita
3467 3812 3701 3869 discedi-

2120 3892 2240 3931 mus
2260 3918 2274 3940 ,
2305 3889 2356 3933 ut
2389 3881 2506 3950 ejus
2549 3883 2680 3939 iram
2712 3889 2763 3941 in
2795 3905 2892 3944 nos
2921 3895 3266 3952 concitemus.
3299 3898 3572 3968 Siquidem
3603 3919 3694 3960 co-

2120 3983 2232 4022 ram
2265 3970 2512 4027 ﬁdelibus
2538 3991 2633 4044 pro
2659 3979 2947 4052 episcopis,
2977 4000 3074 4055 pro
3101 3989 3444 4061 presbyteris,
3471 4009 3572 4064 pro
3605 4013 3699 4053 re-

2117 4059 2306 4129 gibus,
2347 4079 2443 4132 pro
2496 4067 2944 4141 imperatoribus,
2995 4093 3091 4148 pro
3136 4059 3275 4137 terra
3318 4093 3373 4139 et
3403 4059 3568 4155 mari,
3601 4105 3699 4160 pro

2116 4151 2255 4207 aeris
2281 4159 2538 4227 temperie
2561 4202 2576 4226 ,
2605 4161 2838 4235 denique
2869 4183 2966 4237 pro
2995 4171 3248 4231 universo
3273 4187 3538 4234 terrarum
3566 4184 3698 4240 orbe

2114 4243 2398 4314 benignum
2424 4249 2704 4307 Dominum
2726 4256 2876 4311 adire
2891 4258 3164 4326 jubemur.
3193 4264 3551 4332 Quamobrem
3573 4288 3696 4331 cum

2113 4351 2232 4402 nos,
2251 4339 2338 4408 qui
2368 4349 2512 4398 tanta
2539 4341 2729 4400 ﬁducia
2753 4349 2961 4416 praediti
2989 4367 3111 4410 esse
3140 4355 3425 4427 debemus,
3455 4365 3692 4420 utetiam

2111 4443 2207 4498 pro
2248 4430 2368 4488 aliis
2397 4449 2650 4505 oremus,
2699 4455 2767 4495 ne
2808 4457 2905 4512 pro
2951 4445 3107 4502 nobis
3147 4449 3362 4518 quidem
3393 4461 3602 4511 attento
3630 4473 3693 4514 ac

2111 4520 2346 4590 vigilanti
2409 4528 2591 4584 animo
2638 4545 2958 4602 precemur,
3012 4539 3233 4604 quinam
3286 4548 3684 4612 excusationis,

2105 4614 2322 4681 quinam
2354 4621 2524 4674 veniae
2572 4622 2728 4678 nobis
2759 4626 2910 4682 locus
2947 4644 3067 4685 esse
3110 4633 3313 4702 possit?
3355 4638 3432 4693 Ac
3465 4643 3689 4709 proinde

2102 4705 2349 4774 obsecro,
2381 4720 2438 4763 ut
2463 4709 2577 4768 hmc
2603 4717 2781 4771 omnia
2807 4719 2990 4775 animo
3015 4738 3080 4777 ac
3107 4734 3288 4782 mente
3316 4731 3684 4800 complecten-

2105 4803 2217 4859 tcs,
2251 4799 2575 4868 precationis
2632 4812 2840 4876 tempus
2881 4824 3267 4882 agnoscamus,
3317 4799 3683 4892 sublimesque

2099 4889 2384 4948 elleramur
2411 4905 2573 4965 atque
2601 4913 2631 4952 a
2663 4908 2800 4955 terra
2843 4903 3198 4972 excedamus,
3233 4908 3516 4982 ipsumque
3563 4917 3678 4970 czeli

2097 4984 2356 5041 fornicem
2396 4989 2756 5061 attingamus,
2801 5005 2857 5050 ut
2903 4996 3069 5052 Deum
3115 5002 3268 5056 nobis
3307 5006 3594 5074 prepitium
3625 5019 3678 5062 ct

2095 5074 2361 5144 placidum
2390 5080 2636 5148 reddere,
2663 5099 2726 5139 ac
2756 5088 3019 5154 promissa
3047 5088 3185 5146 bona
3215 5096 3471 5165 consequi
3505 5100 3674 5166 possi-

2091 5181 2212 5222 mus
2235 5184 2248 5220 :
2272 5184 2391 5239 qua:
2415 5171 2616 5226 utinam
2640 5177 2896 5246 consequi
2919 5180 3072 5235 nobis
3098 5187 3393 5252 contingat,
3427 5203 3523 5257 per
3548 5205 3672 5258 gra-

2091 5257 2218 5313 tiam
2247 5274 2311 5314 ac
2338 5263 2759 5320 misericordiam
2791 5267 3003 5324 Domini
3055 5275 3224 5328 nostri
3267 5275 3394 5330 .lesu
3420 5277 3620 5334 Christi
3645 5321 3658 5341 .

2087 5350 2301 5416 quicum
2322 5353 2461 5408 Patri
2484 5365 2538 5410 et
2561 5356 2777 5426 Spiritui
2802 5370 2990 5417 sancto
3008 5362 3199 5433 gloria,
3228 5365 3536 5437 imperium,
3565 5370 3665 5426 bo-

2085 5457 2219 5510 nor,
2271 5462 2410 5503 nunc
2455 5457 2509 5504 et
2557 5465 2808 5520 semper,
2858 5463 2913 5509 et
2963 5454 3014 5509 in
3056 5457 3253 5513 smcula
3311 5461 3660 5518 seculorum.

2082 5535 2275 5591 Amen.
