4018 6156
356 329 460 384 ωδ

353 439 554 502 αὐτοὺς
587 439 853 505 συνεθίζει
879 439 1096 504 εἰδέναι,
1120 440 1202 494 ὅτι
1227 440 1584 512 ἀναγέννησις
1614 439 1674 494 τὸ
1696 441 1931 512 πρᾶγμά

352 530 496 594 ἐστι,
521 532 617 586 καὶ
648 531 806 586 πάλιν
837 530 1177 602 γεννώμεθα,
1203 530 1392 604 ὥσπερ
1424 531 1532 584 ἀπὸ
1554 532 1652 602 τῆς
1690 533 1926 603 μήτρας,

351 619 529 684 οὕτως
561 623 670 677 ἀπὸ
695 621 804 675 τῶν
828 622 1055 675 ὑδάτων·
1092 623 1180 675 ἵνα
1222 622 1297 693 μὴ
1324 622 1525 692 λέγωσι
1551 623 1693 676 κατὰ
1714 624 1805 676 τὸν
1832 624 1930 677 Νι-

352 713 482 784 κόδη
494 731 612 783 μον,
643 712 773 778 Πῶς
805 713 1058 767 δύναταί
1087 731 1176 780 τις
1202 713 1564 784 γεννηθῆναι
1592 715 1779 784 γέρων
1805 714 1928 781 ὥν;

346 801 433 872 μὴ
451 803 696 857 δύναται
722 806 808 870 εἰς
827 803 938 872 τὴν
959 807 1197 858 κοιλίαν
1213 804 1322 872 τῆς
1339 805 1568 874 μητρὸς
1592 806 1780 860 αὐτοῦ
1805 809 1928 862 εἰσ-

350 893 546 946 ελθεῖν
569 933 584 955 ,
629 894 725 947 καὶ
785 895 1151 964 γεννηθῆναι
1210 895 1476 959 ἀνωθεν;
1522 894 1684 961 Εἶτα,
1737 898 1925 970 ἐπειδὴ

350 985 539 1054 ἄφεσιν
574 981 726 1040 εἶπεν
755 986 1061 1058 ἁμαρτιῶν,
1092 986 1178 1039 διὰ
1207 986 1316 1039 τῶν
1341 988 1466 1058 ἑξῆς
1501 987 1670 1059 αὐτὴν
1703 991 1927 1044 πιστοῦ-

348 1094 436 1130 ται
468 1077 657 1146 λέγων·
698 1078 805 1131 Γοῦ
829 1078 1162 1146 ἐνδύματος
1184 1077 1296 1147 τῆς
1326 1078 1680 1147 ἀφθαρσίας.
1728 1080 1785 1133 ’0
1815 1083 1924 1153 γὰρ

350 1169 573 1240 υξὸτητα
602 1170 943 1238 ἐνδυόμενος,
973 1168 1133 1238 δῆλον
1171 1170 1254 1221 δτι
1283 1169 1559 1240 ἄφθαρτος
1592 1171 1820 1230 γίνεται.
1856 1171 1923 1223 Τί

345 1259 402 1310 δέ
438 1259 609 1322 ἐστιν,
647 1259 745 1311 Ἐν
779 1257 962 1326 καιρῷ
996 1259 1250 1325 εὐθέτῳ;
1280 1259 1448 1312 Ὅταν
1478 1255 1536 1312 εῦ
1578 1260 1921 1331 διακείμενος

342 1345 402 1422 ᾖν
445 1350 574 1402 ὅταν
615 1348 754 1418 μετὰ
799 1349 1110 1420 προθυμίας
1160 1351 1254 1402 καὶ
1301 1350 1536 1414 πίστεως
1572 1353 1788 1424 προσίῃ·
1823 1353 1917 1406 τοῦ

342 1441 453 1510 γὰρ
487 1439 680 1492 πιστοῦ
714 1440 901 1510 καιρὸς
933 1440 1148 1503 εὔθετος
1175 1436 1332 1503 οὗτός
1372 1443 1540 1494 ἐστιν.
1573 1443 1708 1496 Ἵνα
1744 1444 1915 1496 εὑλοο

341 1532 508 1602 γήσῃ
529 1534 635 1597 τὰς
658 1532 933 1599 εἰσόδους
953 1533 1150 1587 αὐτῶν
1173 1534 1269 1586 καὶ
1298 1533 1695 1600 τάςὲξόδους,
1721 1533 1920 1587 πάντα

341 1624 452 1676 τὸν
491 1624 638 1688 ,ϐίον
677 1621 895 1677 αὐτῶν.
959 1624 1224 1678 Ἐνταῦθα
1267 1625 1324 1678 δὲ
1364 1626 1460 1678 καὶ
1500 1625 1810 1695 σωματικόν
1863 1642 1916 1678 τι

341 1715 514 1767 αἰτεῖν
552 1712 862 1766 κελεύονται
882 1752 897 1777 ,
927 1713 1004 1775 ὡς
1040 1712 1118 1766 ἔτι
1150 1713 1528 1784 ἀσθενέστεροι
1558 1714 1728 1777 ὄντες.
1767 1715 1916 1780 Τοὺς

342 1804 549 1869 οἴκους
573 1804 792 1866 αὐτῶν,
822 1804 925 1858 καὶ
955 1805 1062 1871 τὰς
1092 1804 1370 1870 οἰκετίας.
1410 1805 1732 1870 Τουτέστιν,
1759 1805 1824 1860 ἄν
1856 1823 1914 1859 τε

342 1894 681 1964 θεράποντας
710 1893 926 1964 ἔχωσιν,
955 1895 1020 1950 ἀν
1053 1912 1114 1947 τε
1155 1896 1458 1963 συγγενεῖς,
1499 1895 1564 1949 ἄν
1601 1913 1660 1948 τε
1694 1896 1916 1966 ἑτέρους

335 1985 491 2048 τινας
529 1989 920 2056 προσήκοντας.
962 1987 1147 2041 Ταῦτα
1179 1987 1288 2058 γὰρ
1332 1983 1401 2058 ἦν
1438 1989 1538 2057 τῆς
1568 1988 1816 2053 Παλαιᾶς
1847 1991 1913 2043 τά

335 2077 586 2131 ἔπαθλα·
635 2077 728 2131 καὶ
779 2078 933 2131 οὐδὲν
980 2079 1123 2133 οὕτω
1171 2080 1343 2134 δεινὸν
1401 2081 1574 2134 ἐδόκει
1628 2078 1788 2145 εἶναι,
1838 2083 1914 2147 ώς

333 2171 555 2240 χηρεξα,
597 2169 673 2234 ώς
705 2171 953 2234 ἀπαιδία,
990 2171 1065 2234 ὡς
1102 2172 1169 2224 τά
1199 2173 1369 2244 πένθη
1417 2173 1486 2227 τὰ
1522 2174 1710 2245 ἄωρα,
1745 2175 1821 2238 ώς
1852 2177 1913 2228 τὸ

333 2264 394 2313 ὲν
424 2261 566 2332 λιμῷ
592 2262 752 2327 εἰναι,
788 2262 863 2326 ὡς
890 2263 949 2316 τὸ
980 2262 1053 2335 μὴ
1085 2263 1143 2328 ἐξ
1171 2266 1358 2335 οὐρίας
1386 2265 1454 2319 τὰ
1482 2266 1787 2338 πράγματα
1816 2268 1915 2321 αύ-

329 2353 752 2423 τοίςφέρεσθαι.
781 2357 880 2409 Διά
907 2355 970 2427 δὴ
1001 2357 1160 2410 τοῦτο
1189 2359 1284 2412 καὶ
1309 2359 1532 2422 τούτους
1561 2361 1786 2429 ἀφίησιν
1813 2362 1913 2432 ἑμ-

334 2444 661 2515 φιλοχωρεῖν
679 2449 800 2509 ταῖς
824 2448 1073 2518 αἱτήσεσι
1089 2450 1210 2511 ταῖς
1242 2451 1745 2522 σωματικωτέραις,
1768 2451 1912 2504 κατά

336 2537 534 2607 μικρὸν
559 2538 756 2601 αὐτοὺς
785 2538 1154 2604 ἀναϐιϐάζων.
1180 2539 1352 2594 Τοῦτο
1374 2543 1482 2612 γὰρ
1511 2544 1606 2595 καὶ
1628 2544 1657 2595 0
1679 2544 1913 2615 Χριστὸς

332 2630 503 2691 ποιεῖ,
535 2628 694 2684 τοῦτο
735 2631 830 2684 καὶ
855 2633 883 2683 0
917 2631 1150 2696 Παῦλος,
1176 2633 1422 2687 παλαιῶν
1456 2636 1801 2706 μεμνημένος
1824 2636 1914 2689 εὐ-

334 2718 551 2788 λογιῶν·
599 2722 630 2773 0
686 2720 786 2791 μὲν
845 2723 1108 2792 Χριστὸς,
1148 2725 1275 2777 ὅταν
1326 2724 1478 2797 λέγῃ·
1539 2726 1826 2795 Μακάριοι
1855 2729 1911 2782 οί

331 2813 564 2880 πραεῖς,
593 2812 680 2866 ὅτι
704 2813 874 2867 αὺτοί
903 2815 1435 2885 κληρονομήσουσι
1461 2816 1599 2886 γῆν·
1628 2820 1657 2870 0
1677 2817 1732 2871 δὲ
1762 2817 1911 2872 Παῦ-

331 2903 454 2968 λος,
490 2903 638 2972 Τίμα
675 2903 782 2958 τὸν
819 2907 1044 2974 πατέρα
1074 2922 1190 2960 σου
1221 2907 1319 2962 καὶ
1353 2906 1470 2975 τὴν
1501 2908 1730 2977 μητέρα
1768 2926 1906 2975 σου,

332 2995 436 3048 καί
461 2994 578 3063 ἔσῃ
608 2998 1046 3066 μακροχρόνιος
1067 2998 1165 3052 ἐπὶ
1192 2999 1302 3067 τῆς
1329 2998 1460 3069 γῆς.
1501 3000 1574 3054 Τὰ
1599 3001 1782 3054 τέκνα
1805 3004 1911 3056 αὐ-

328 3085 455 3139 τῶν
494 3088 593 3140 ἵνα
618 3087 899 3154 αὐξήσας
923 3089 1253 3160 εὐλογήσῃ,
1284 3092 1384 3145 καί
1425 3093 1512 3157 εἰς
1533 3093 1754 3162 μέτρον
1778 3093 1912 3162 ἡλια-

331 3178 473 3245 «(ac
511 3179 750 3248 ἀγαγὼν
785 3181 1040 3250 σοφίσῃ.

404 3273 477 3338 η’.
498 3268 664 3322 Πάλιν
695 3270 928 3324 ἐνταῦθα
954 3273 1049 3326 καὶ
1067 3276 1379 3344 σωματικὸν
1402 3275 1494 3330 καὶ
1516 3278 1905 3348 πνευματικὸν,

333 3359 436 3414 ἅτε
452 3361 876 3431 νηπιωδέστερον
900 3363 1281 3434 διακειμένοις.
1299 3360 1429 3419 Εἶτα
1446 3367 1506 3420 τὸ
1527 3367 1651 3420 ῦστε
1662 3386 1750 3439 ρον
1777 3369 1909 3423 καθ-

332 3450 460 3503 ὀλου
501 3455 893 3521 πνευματικόν·
930 3455 1056 3509 Ἵνα
1116 3459 1450 3527 κατευθύνῃ
1480 3459 1684 3526 αὐτοῖς
1713 3462 1909 3516 πάντα

335 3543 414 3599 τὰ
441 3546 799 3615 προκείμενα
826 3549 972 3617 πρὸς
1003 3550 1069 3603 τὸ
1110 3551 1442 3620 συμφέρον.
1478 3553 1552 3604 Οὐ
1583 3552 1690 3622 γὰρ
1721 3554 1910 3617 ἁπλῶς

331 3636 407 3690 τὰ
441 3636 796 3708 προκείμενα,
846 3640 980 3694 ἀλλά
1027 3642 1165 3715 πρὸς
1204 3643 1266 3695 τὸ
1297 3643 1592 3713 συμφέρον.
1642 3644 1908 3708 Πολλάκις

328 3728 444 3798 γὰρ
465 3728 750 3799 πρόκειται
773 3730 1070 3803 ἀποδημία,
1098 3732 1212 3785 ἀλλ’
1234 3733 1294 3784 οὐ
1321 3734 1620 3803 συμφέρει·
1645 3734 1828 3806 ἔτερόν
1857 3753 1908 3789 τι

325 3820 598 3882 τοιοῦτον,
655 3819 768 3874 ἀλλ’
819 3823 920 3876 οὐκ
975 3823 1090 3876 ἐστι
1142 3823 1474 3878 λυσιτελοῦν.
1525 3826 1655 3880 Ἀπὸ
1704 3828 1908 3884 τούτων

329 3911 679 3967 παιδεύονται
710 3914 765 3966 ὲν
805 3916 973 3967 πᾶσιν
1009 3915 1349 3986 εὐχαριστεῖν
1378 3915 1454 3986 τῷ
1487 3916 1624 3987 Θεῷ,
1656 3917 1732 3981 ώς
1771 3935 1906 3989 συμ-

327 4001 607 4072 φερόντως
635 4002 962 4073 γινομένοις.
1011 4003 1123 4058 Καὶ
1157 4005 1294 4075 μετά
1339 4003 1511 4060 ταῦτα
1537 4006 1714 4061 πάντα
1760 4007 1905 4076 ἐγεί-

329 4093 520 4164 ρεσθαι
551 4095 762 4148 κελεύει
793 4095 1000 4150 λοιπόν.
1049 4097 1316 4168 Πρότερον
1353 4098 1459 4170 γὰρ
1502 4099 1700 4165 αὐτοὺς
1730 4102 1904 4172 χαμαὶ

329 4187 514 4257 ῥίψας,
545 4188 632 4240 ὅτε
664 4187 872 4259 ᾔτησαν
909 4187 1051 4259 ἀπερ
1095 4189 1302 4261 ᾔτησαν
1334 4192 1426 4242 καὶ
1470 4193 1782 4263 παρρησίας
1815 4197 1902 4248 ὲν-

327 4277 696 4350 επλήσθησαν,
741 4278 894 4350 [440]
937 4279 1219 4350 ἀνίστησιν
1267 4281 1461 4345 αὐτοὺς
1503 4285 1531 4335 0
1578 4283 1752 4352 λόγος,
1808 4287 1900 4339 καὶ

327 4370 538 4425 κελεύει
566 4371 750 4424 λοιπὸν
781 4371 875 4425 καὶ
902 4372 1099 4435 αὐτοὺς
1126 4370 1344 4441 ἔχεσθαι
1372 4373 1472 4442 τῆς
1497 4375 1634 4444 πρὸς
1657 4375 1748 4428 τὸν
1768 4378 1899 4432 Θεὸν

327 4461 633 4532 ἰκετηρίας.
675 4462 754 4515 Ta
796 4461 894 4533 μὲν
923 4462 1031 4533 γὰρ
1061 4464 1223 4532 ἡμεῖς
1258 4461 1508 4532 λέγομεν,
1541 4464 1608 4518 τά
1633 4465 1688 4518 δὲ
1719 4468 1900 4532 αὐτοῖς

325 4555 718 4624 ἐπιτρέπομεν,
765 4554 864 4625 ήδη
899 4555 999 4618 τὰς
1034 4553 1204 4625 θύρας
1247 4553 1430 4618 αὐτοῖς
1464 4554 1772 4624 ἀνοίγοντες
1806 4558 1898 4611 τοῦ

323 4647 495 4699 αἰτεῖν
516 4661 529 4676 ·
565 4644 814 4716 καθάπερ
843 4646 966 4708 τοὺς
999 4645 1193 4708 παῖδας
1226 4645 1489 4716 πρότερον
1524 4647 1624 4716 μὲν
1647 4648 1801 4700 αὐτοὶ
1821 4647 1898 4700 δι-

322 4735 617 4806 δάσκομεν,
651 4734 840 4790 ἔπειτα
887 4737 943 4790 δὲ
984 4737 1080 4791 καὶ
1111 4735 1176 4789 δι’
1204 4736 1410 4790 ἑαυτῶν
1439 4737 1773 4807 φθέγγεσθαι
1804 4756 1898 4792 κε-

323 4825 554 4898 λεύομεν
631 4827 878 4896 λέγοντες
905 4844 918 4858 ·
993 4827 1103 4882 Τὸν
1165 4828 1422 4897 ἄγγελον
1478 4829 1591 4898 τῆς
1653 4831 1898 4900 εἰρήνης

322 4920 631 4989 αἰτήσατε,
659 4925 713 4975 οί
744 4924 1196 4992 κατηχούμενοι.
1232 4923 1385 4974 Ἔστι
1413 4922 1521 4990 γὰρ
1545 4925 1771 4992 ἄγγελος
1801 4927 1897 4979 κό-

323 5010 474 5065 λασιν
507 5012 666 5082 ἔχων,
695 5013 769 5078 ώς
789 5015 915 5067 ὅταν
937 5014 1088 5085 λέγῃ·
1127 5014 1497 5080 Ἀποστολὴν
1525 5016 1598 5068 δι’
1627 5018 1898 5087 ἀγγέλων

322 5101 622 5171 πονηρῶν.
644 5105 831 5158 Ἔστιν
860 5105 1201 5176 ὀλοθρευτής.
1239 5105 1338 5158 Διά
1369 5105 1529 5159 τοῦτο
1549 5107 1637 5160 τὸν
1666 5110 1894 5177 ἄγγελον

323 5197 418 5265 τῆς
442 5195 663 5266 εἰρήνης
691 5195 983 5265 κελεύομεν
1008 5199 1198 5258 αἰτεῖν,
1235 5197 1603 5263 παιδεύοντες,
1627 5199 1656 5250 ὂ
1677 5201 1895 5256 πάντων

323 5283 436 5337 ἐστὶ
454 5285 747 5358 σύνδεσμος
764 5287 872 5339 τῶν
889 5288 1348 5360 ἀγαθῶν,εἰρήνη,
1366 5290 1525 5342 τοῦτο
1537 5290 1740 5361 ζητεῖν,
1755 5292 1894 5348 ὥστε

325 5375 504 5444 πάσης
546 5377 897 5448 ἀπηλλάχθαι
947 5381 1146 5449 μάχης,
1186 5383 1388 5443 παντὸς
1426 5381 1686 5452 πολέμου,
1715 5384 1894 5456 πάσης

327 5465 585 5534 στάσεως.
599 5470 642 5520 Ε
649 5468 882 5538 ἓρηνικὰ
901 5469 1046 5540 ὑμῖν
1061 5469 1256 5524 πάντα
1280 5473 1350 5526 τὰ
1371 5473 1748 5542 προκείμενα.
1774 5477 1890 5531 Κᾶν

1434 326 1501 382 IN
1534 323 1751 382 EPIST.
1777 326 1819 381 11
1851 326 1942 382 AD
1962 325 2122 382 COR.
2155 323 2390 380 HOMIL.
2421 325 2486 380 11.

3502 320 3607 381 ωι

2035 441 2142 512 γὰρ
2179 439 2434 512 φορτικὸν
2530 455 2606 503 τι,
2635 437 2860 509 εἰρήνην
2881 436 2938 490 δὲ
2959 435 3078 506 ἔχῃ,
3106 433 3308 503 κοῦφόν
3343 435 3476 487 ἐστι.
3511 439 3609 491 Διά

2031 531 2190 584 τοῦτο
2218 533 2310 584 καὶ
2337 533 2366 584 0
2388 530 2622 601 Χριστὸς
2655 527 2842 597 ἔλεγεν
2868 545 2882 558 ·
2905 524 3171 596 Εἰρήνην
3193 525 3309 593 τὴν
3341 527 3496 594 ἐμὴν
3523 523 3614 578 δί-

2030 622 2174 692 δωμι
2232 623 2392 693 ὑμῖν.
2451 622 2619 677 Οὐδὲν
2669 621 2780 693 γὰρ
2831 619 3004 683 οὕτως
3056 618 3218 672 ὅπλον
3256 619 3472 689 ἰσχυρὸν
3531 618 3612 689 τῷ

2028 716 2270 786 διοόόλῳ.
2300 715 2374 780 ὼς
2397 717 2546 786 μάχη
2567 717 2660 769 καὶ⁸
2686 714 2854 785 ἔχθρα
2886 713 2978 765 καὶ
3006 712 3254 782 πόλεμος.
3288 710 3612 778 Εἰρηνικὴν

2027 805 2145 874 τὴν
2192 806 2512 874 παροῦσαν
2549 805 2799 875 ἡμέραν,
2853 804 2950 857 καί
2986 801 3190 867 πάσας
3242 801 3349 866 τὰς
3384 799 3607 868 ἡμέρας

2026 898 2138 966 τῆς
2167 898 2316 966 ζὶο-ῆς
2353 896 2520 966 ὑμῶν
2556 897 2906 964 αἰτήσασθε.
2951 891 3103 958 Εἶδες
3153 893 3268 956 πῶς
3298 891 3458 945 πάλιν
3489 892 3607 945 ὀλόο

2027 990 2230 1061 κληρον
2264 989 2353 1042 τὸν
2385 989 2500 1059 βίον
2532 992 2590 1043 ὲν
2622 991 2791 1059 ἀρετῇ
2841 988 3055 1041 κελεύει
3079 983 3247 1052 εἷναις
3283 987 3608 1056 Χριστιανὰ

2024 1079 2190 1152 ὑμῶν
2217 1081 2289 1135 τὰ
2332 1081 2508 1149 τέλη·
2538 1081 2602 1133 τὸ
2634 1080 2930 1148 κεφάλαιον
2975 1080 3082 1134 τῶν
3115 1078 3359 1148 ἀγαθῶν,
3405 1077 3470 1131 τό
3505 1096 3609 1130 κα-

2021 1173 2137 1227 λὸν
2196 1173 2296 1225 καὶ
2357 1172 2423 1225 τὸ
2490 1172 2820 1242 συμφέρον.
2883 1175 2948 1224 "U
2980 1173 3088 1244 γὰρ
3145 1172 3219 1242 μὴ
3269 1172 3452 1234 καλὸν,
3487 1170 3607 1223 οὐδὲ

2024 1265 2323 1334 συμφέρον.
2360 1264 2525 1334 ’Ἄλλη
2555 1265 2663 1334 γάρ
2691 1263 2824 1334 παρ’
2854 1266 2985 1334 ημῖν
3013 1263 3121 1315 τῶν
3152 1263 3540 1333 συμφερόντων
3569 1264 3603 1330 ἡ

2021 1356 2184 1424 φύσις
2234 1355 2385 1426 παρά
2436 1354 2533 1425 τὴν
2580 1355 2693 1408 τῶν
2731 1355 2938 1408 πολλῶν
2991 1353 3279 1424 ὑπόληψιν.
3326 1353 3607 1418 Ἑαυτοὺς

2018 1444 2097 1511 τῷ
2129 1445 2294 1505 ζῶντι
2326 1445 2447 1510 Θεῷ
2492 1447 2589 1499 καὶ
2622 1444 2702 1510 τῷ
2731 1443 2963 1514 Χριστῷ
2995 1445 3182 1499 αὑτοῦ
3211 1445 3600 1514 παραθέσθαι.

2019 1539 2187 1592 υύπω
2239 1540 2346 1611 γὰρ
2393 1540 2501 1591 τῶν
2541 1541 2682 1610 ὑπὲρ
2733 1540 2936 1611 ἐτέρων
2977 1540 3160 1603 αὐτοῖς
3213 1541 3600 1611 ἐπιτρέπομεν.

2016 1631 2130 1682 ἀλλ’
2151 1642 2176 1668 α
2209 1631 2492 1698 ἀγαπητὸν
2518 1631 2659 1703 ὑπὲρ
2686 1629 2868 1684 αὐτῶν
2889 1630 3150 1684 δύνασθαι
3183 1631 3415 1684 δεῖσθαι.
3450 1627 3602 1693 Εἶδες

2016 1719 2180 1790 εὐχὴν
2211 1719 2652 1789 ἀπηρτισμένην,
2692 1719 2785 1773 καὶ
2817 1719 3103 1788 δογμάτων
3147 1719 3335 1772 ἕνεκεν
3376 1720 3472 1772 καὶ
3503 1737 3602 1772 πο-

2015 1807 2250 1874 λιτείας;
2282 1810 2452 1862 Ὀταν
2471 1809 2579 1880 γὰρ
2606 1809 2937 1878 Εὐαγγέλιον
2963 1810 3227 1880 εἴπωμεν,
3246 1811 3373 1862 ὅταν
3398 1809 3602 1879 ἔνδυμα

2016 1895 2347 1967 ἀφθαρσίας,
2389 1897 2518 1949 ὅταν
2545 1897 2771 1969 λουτρὸν
2797 1897 3237 1966 παλιγγενεσίας,
3262 1899 3329 1950 τὰ
3355 1897 3600 1968 δόγματα

2017 1986 2246 2056 εἴπομεν
2299 1987 2507 2040 πάντα·
2553 1991 2684 2043 ὅταν
2738 1988 2861 2042 νοῦν
2919 1989 3121 2052 ἔνθεον,
3172 1989 3297 2043 ὅταν
3345 1989 3600 2060 σώφρονα

2017 2079 2296 2148 λογισμὸν,
2345 2080 2472 2133 ὃταν
2501 2079 2569 2134 τὰ
2607 2080 2744 2134 ἀλλα
2777 2080 2922 2151 ἅπερ
2951 2081 3276 2152 εἰρήκαμεν,
3310 2080 3412 2152 τὴν
3449 2081 3600 2134 πολι-

2014 2169 2167 2223 τείαν
2215 2168 2540 2240 ᾑνιξάμεθα.
2572 2165 2707 2224 Εἶτα
2743 2170 2924 2223 κλῖναι
2971 2170 3071 2233 τὰς
3108 2171 3350 2240 κεφαλάς
3377 2170 3599 2224 κελεύο-

2018 2275 2139 2328 μεν,
2166 2261 2467 2330 τεκμήριον
2495 2259 2590 2313 τοῦ
2617 2261 2712 2325 τάς
2736 2261 2904 2331 εὐχὰς
2927 2261 3259 2330 ἀκουσθῆναι
3283 2261 3598 2332 ποιούμενοι

2011 2350 2072 2402 τὸ
2103 2350 2196 2403 τὸν
2229 2350 2360 2403 Θεὸν
2403 2352 2668 2419 εὐλογεῖν.
2718 2351 2794 2404 Οὐ
2840 2352 2949 2422 γὰρ
2973 2351 3038 2420 δὴ
3071 2351 3358 2422 ἄνθρωπός
3388 2355 3536 2404 ἐστιν
3566 2353 3598 2404 0

2013 2440 2274 2509 εὐλογῶν,
2320 2441 2455 2495 ἀλλά
2504 2442 2592 2496 διὰ
2639 2443 2738 2513 τῆς
2776 2443 2984 2496 ἐκείνου
3012 2441 3194 2512 χειρὸς
3225 2442 3318 2495 καὶ
3349 2443 3597 2514 γλώττης

2013 2530 2160 2599 αὐτῷ
2215 2531 2566 2602 προσάγομεν
2619 2529 2694 2601 τῷ
2744 2530 2965 2584 Βασιλεῖ
3016 2529 3115 2593 τάς
3174 2529 3421 2600 κεφαλὰς
3483 2529 3596 2584 τῶν
3647 2555 3652 2564 ι

2013 2623 2382 2693 παρεστώτων
2402 2623 2452 2677 ιι.
2494 2622 2604 2676 Καὶ
2652 2622 2943 2676 ἐπιϐοῶσιν
2983 2623 3222 2686 ἅπαντες
3255 2622 3336 2688 τὸ,
3386 2620 3592 2691 Ἀμήν.

2013 2708 2200 2763 Ταῦτα
2247 2709 2305 2762 δέ
2358 2726 2449 2780 μοι
2497 2711 2673 2763 πάντα
2723 2711 2867 2774 τίνος
2919 2711 3106 2763 ἕνεκεν
3162 2711 3412 2781 είρηται;
3471 2711 3594 2766 Ἵνα

2011 2795 2206 2861 διδάξω
2235 2799 2316 2851 ὅτι
2352 2799 2414 2851 τὸ
2455 2799 2658 2868 ἑτέρων
2688 2799 2769 2852 δεῖ
2816 2800 3022 2869 ζητεῖν,
3060 2800 3148 2854 ἵνα
3188 2799 3264 2871 μὴ
3295 2801 3593 2870 νομίσωσιν

2010 2891 2058 2942 οί
2084 2890 2266 2942 πιστοὶ
2313 2890 2480 2961 μηδὲν
2518 2886 2657 2945 εἶναι
2688 2892 2825 2962 πρὸς
2869 2891 3088 2957 αὐτοὺς,
3124 2893 3252 2946 ὅταν
3298 2892 3474 2948 ταῦτα
3504 2894 3594 2948 λέ-

2012 2997 2200 3051 γηται.
2244 2982 2319 3034 Οὐ
2373 2980 2484 3052 γὰρ
2534 2982 2598 3054 δὴ
2647 2986 2761 3047 τοῖς
2801 2983 3002 3054 τοίχοις
3053 2987 3082 3038 ὁ
3135 2985 3383 3048 διάκονος
3417 2985 3589 3053 λέγει·

2010 3070 2320 3141 Δεηθῶμεν
2361 3072 2516 3140 ὑπὲρ
2562 3071 2681 3127 τῶν
2713 3073 3198 3145 κατηχουμένων.
3244 3074 3406 3131 Ἀλλά
3448 3092 3593 3140 τινες

1906 3215 1908 3218 ,
2009 3159 2182 3224 οὕτως
2207 3162 2344 3214 εἰσὶν
2384 3161 2602 3232 ἀνόητοι
2629 3165 2724 3217 καὶ
2751 3163 2948 3234 βλᾶκες
2973 3164 3068 3217 καὶ
3096 3163 3488 3234 διαλελυμένοι,
3513 3163 3591 3228 ώς

2012 3250 2088 3322 μὴ
2118 3253 2278 3321 μόνον
2307 3254 2367 3305 ὲν
2394 3252 2471 3324 τῷ
2506 3252 2680 3324 καιρῷ
2711 3254 2819 3306 τῶν
2859 3255 3302 3324 κατηχουμὲνων,
3334 3253 3470 3308 ἀλλά
3491 3254 3591 3307 καὶ

2009 3343 2068 3394 ἐν
2099 3343 2177 3412 τῷ
2221 3343 2401 3414 καιρῷ
2446 3343 2555 3396 τῶν
2585 3343 2794 3396 πιστῶν
2840 3345 3062 3399 ἑστάναι
3091 3345 3183 3398 καὶ
3219 3344 3588 3414 διαλέγεσθαι.

2022 3434 2299 3487 Ἐντεῦθεν
2340 3436 2516 3488 πάντα
2558 3434 2936 3504 διέστραπται,
2986 3434 3236 3488 ἐντεῦθεν
3266 3435 3445 3488 πάντα
3482 3437 3589 3488 ἀπ-

2012 3525 2231 3589 όλωλεν,
2263 3525 2344 3577 ὅτι
2375 3527 2432 3578 ὲν
2463 3523 2543 3594 τῷ
2572 3524 2772 3596 καιρῷ,
2796 3525 2854 3577 ὲν
2889 3517 2931 3592 ᾧ
2960 3524 3194 3594 μάλιστα
3228 3525 3308 3577 δεῖ
3332 3525 3425 3577 τὸν
3455 3524 3586 3578 Θεὸν

2009 3613 2420 3678 καταλλάττειν,
2485 3615 2543 3668 ὲν
2599 3614 2773 3684 τούτῳ
2841 3615 3235 3685 παροξύνοντες
3259 3626 3282 3654 ο
3356 3615 3584 3686 ἄπιμεν.

2009 3703 2116 3756 Καὶ
2167 3702 2278 3774 γὰρ
2322 3703 2415 3756 ἐπὶ
2465 3702 2576 3756 τῶν
2628 3702 2840 3756 πιστῶν
2889 3703 3028 3774 ὑπὲρ
3073 3704 3409 3771 ἐπισκόπων,
3445 3704 3585 3776 ὑπὲρ

2007 3795 2420 3868 πρεσϐυτέρων,
2459 3795 2599 3867 ὑπὲρ
2647 3795 2934 3866 βασιλέων,
2971 3796 3110 3866 ὑπὲρ
3156 3797 3266 3850 τῶν
3319 3795 3584 3869 κρατούνο

2005 3903 2135 3950 των,
2171 3887 2311 3958 ὑπὲρ
2341 3887 2444 3957 γῆς
2470 3888 2564 3942 καὶ
2591 3887 2888 3958 θαλάσσης,
2919 3888 3058 3960 ὑπὲρ
3087 3888 3286 3960 ἀέρων,
3319 3889 3458 3961 ὑπὲρ
3481 3889 3584 3960 τῆς

2006 3979 2332 4049 οἰκουμένης
2368 3980 2588 4050 ἀπάσης
2615 3978 2766 4053 [441]
2811 3981 3146 4051 κελευόμεθα
3181 3982 3464 4054 προσιέναι
3500 3982 3582 4054 τῷ

2006 4071 2374 4143 φιλανθρώπῳ
2401 4071 2542 4143 Θεῷ.
2575 4073 2746 4127 Ὅταν
2775 4067 2868 4126 οῦν
2895 4075 2944 4126 οἰ
2979 4073 3246 4144 τοσαύτην
3275 4073 3581 4143 ὀφείλοντες

2006 4163 2152 4234 ἔχειν
2183 4164 2515 4236 παρρησίαν,
2550 4163 2625 4226 ώς
2664 4164 2804 4235 ὑπὲρ
2837 4163 3132 4235 ἀλλοτρίων
3173 4164 3400 4230 δεῖσθαι,
3444 4165 3580 4237 μηδὲ

2009 4256 2147 4325 ὑπὲρ
2193 4255 2401 4308 ἑαυτῶν
2452 4256 2716 4324 νήφοντες
2777 4254 3230 4325 προσευχώμεθα,
3271 4256 3349 4317 τίς
3381 4258 3512 4326 ⁴ἡμῖν
3541 4259 3574 4327 ἡ

2002 4347 2295 4416 ἀπολογία;
2327 4347 2456 4398 ποία
2483 4344 2816 4416 συγγνώμης
2847 4345 2938 4398 Διὸ
2981 4347 3046 4416 δὴ
3077 4346 3379 4415 παρακαλῶ
3406 4347 3578 4401 ταῦτα

2003 4440 2180 4493 πάντα
2199 4439 2580 4506 ὲννοήσαντας,
2603 4435 2801 4489 εἰδέναι
2825 4437 3014 4506 καιρὸν
3039 4435 3229 4505 εὐχῆς,
3258 4437 3351 4488 καὶ
3381 4453 3578 4507 μεταρσ-

2005 4531 2152 4594 σίους
2198 4529 2464 4599 γίνεσθαι,
2513 4530 2607 4583 καὶ
2662 4526 3100 4582 ἀπαλλάττεσθαι
3147 4527 3251 4596 τῆς
3305 4527 3429 4598 γῆς,
3481 4528 3576 4580 καὶ

2001 4622 2181 4678 αὐτῶν
2209 4621 2477 4677 ἅπτεσθαι
2511 4620 2617 4674 τῶν
2639 4619 2844 4689 ἀψίδων
2876 4616 2970 4671 τοῦ
3001 4617 3259 4690 οὐρανοῦ,
3297 4619 3383 4671 ἵνα
3412 4618 3572 4689 δυνη-

2002 4713 2182 4785 θῶμεν
2212 4711 2302 4767 τὸν
2327 4712 2460 4767 Θεὸν
2485 4711 2642 4765 ἵλεων
2665 4710 2909 4780 ποιῆσαι,
2943 4708 3034 4763 καὶ
3058 4710 3245 4781 τυχεῖν
3269 4708 3378 4763 τῶν
3410 4711 3578 4780 ἐπηγ-

1999 4805 2277 4876 γελμένων
2311 4803 2564 4872 ἀγαθῶν·
2603 4796 2678 4857 ὧν
2723 4802 2933 4870 γένοιτο
2969 4801 3177 4864 πάντας
3207 4803 3351 4873 ἡμᾶς
3381 4805 3571 4856 ἐπιτυ-

2000 4897 2138 4964 χεῖν,
2191 4895 2376 4964 χάριτι
2427 4893 2522 4946 καὶ
2579 4891 2960 4964 φιλανθρωπίᾳ.
3006 4892 3099 4945 τοῦ
3153 4892 3355 4962 Κυρίου
3412 4892 3572 4961 ἡμῶν

2011 4984 2184 5054 Ἰησοῦ
2234 4982 2490 5055 Χριστοῦ,
2538 4981 2658 5052 μεθ’
2707 4977 2766 5037 οὗ
2808 4983 2887 5054 τῷ
2918 4985 3094 5054 Πατρί.
3143 4982 3258 5053 ἅμα
3307 4982 3384 5054 τῷ
3431 4983 3572 5053 ἁγίῳ

1999 5075 2276 5146 Πνεύματι
2311 5074 2458 5140 δόξα,
2496 5075 2717 5145 κράτος,
2759 5075 2915 5146 τιμὴ,
2969 5074 3065 5129 νῦν
3096 5075 3190 5128 καὶ
3219 5075 3327 5141 ἀεὶ,
3362 5074 3456 5127 καὶ
3490 5075 3569 5140 εἰς

1997 5170 2121 5229 τούς
2152 5165 2354 5229 αἰῶνας
2377 5165 2486 5219 τῶν
2506 5164 2741 5222 αἰώνων.
2786 5167 2979 5236 Ἀμήν.

2057 5365 2081 5430 ξι
2107 5365 2257 5430 δικ-ῆι.
2283 5365 2546 5430 legendum
2570 5365 2763 5430 cpnjici}
2785 5365 3092 5430 ἐπιτρέπομεν
3122 5365 3280 5430 εὐχὴν,
3303 5367 3425 5417 ἀλλ’.

2056 5426 2082 5464 Ιι
2115 5426 2200 5490 Ms.
2226 5435 2277 5474 et
2302 5439 2454 5490 marg.
2481 5427 2630 5476 Savil.
2647 5426 2671 5486 ,ί
2693 5427 2790 5475 τῶν
2812 5426 3144 5490 προεστώτων.

2061 5490 2080 5515 θ
2112 5488 2196 5536 Ms.
2206 5524 2220 5548 ,
2239 5487 2586 5549 παροξύναντες.
