4018 6156
462 307 570 362 405

1153 319 1211 374 S.
1255 317 1543 376 JOANNIS
1579 318 2066 378 CHRYSOSTOMI
2106 322 2424 379 ABCIIIEP.
2459 321 3004 382 CONSTANTINOP.

3615 319 3716 382 ωε

1511 516 3687 546 M’WW

1933 709 2176 762 ΟΜῙΛΙΑ
2214 707 2285 762 1”.

474 856 536 910 Ἠ
573 857 682 938 τὰρ
710 855 1010 938 καύχησις
1049 855 1219 938 ἠμῷν
1237 858 1414 938 μῦτιι
1427 859 1580 938 ἐστὶ,
1608 861 1676 938 τὸ
1713 861 2038 938 μαρτύριοις

534 925 645 993 τῆς
684 925 1095 997 συνειδήσεως
1140 927 1328 996 ἡμῶν,
1381 928 1469 982 ὅτι
1514 925 2036 997 ἐνὰπλότητιίκαὶ

533 995 898 1067 εἱλικρινείᾳ,
950 999 1061 1049 οὐκ
1111 995 1187 1049 ὲνί
1217 999 1402 1067 σοφίᾳ
1449 1000 1728 1067 σαρκικῇ,
1782 995 1920 1054 ἀλλ’
1968 1002 2038 1054 ἐν

530 1065 727 1137 χάριτι
761 1065 909 1118 Θεοῦ
938 1065 1400 1137 ἀνεστράφημεν
1426 1069 1497 1122 ἐν
1523 1065 1603 1133 τῷ
1637 1065 1859 1140 κόσμῳ.

525 1227 595 1275 α’.
612 1219 871 1275 Ἐνταῦθα
887 1221 1048 1276 πάλιν
1061 1223 1156 1275 καὶ
1171 1223 1362 1294 ἑτέραν
1375 1225 1769 1296 παρακλήσεως
1783 1227 2036 1281 ὑπόθεσιν

457 1312 522 1368 οὐ
552 1313 754 1384 μικράν
786 1315 916 1384 ἡμῖν
949 1313 1340 1376 ἀνακαλύπτει.
1390 1315 1527 1369 ἀλλά
1563 1319 1656 1370 καὶ
1687 1318 1892 1389 σφόδρα
1941 1335 2038 1386 με-

460 1403 655 1474 γάλην,
685 1403 782 1458 καὶ
807 1403 997 1475 ἱκανὴν
1021 1405 1330 1474 ἀνορθῶσαι
1365 1405 1606 1460 διάνοιαν
1642 1408 1745 1462 ὑπὸ
1774 1409 2036 1480 κινδύνων

461 1494 885 1567 βαπτιζομένην.
921 1497 1138 1567 Ἐπειδὴ
1163 1498 1269 1568 7&9
1291 1493 1464 1557 εἶπεν.
1493 1499 1575 1552 ὅτι
1614 1501 1676 1553 Ὀ
1711 1480 1855 1568 Θεὸς
1877 1499 2037 1570 ἡμᾶς

456 1587 773 1655 ἐρρύσατο,
801 1589 895 1643 καὶ
922 1591 1036 1652 τοῖς
1053 1591 1360 1660 οίκτιρμοῖς
1386 1591 1551 1643 αὑτοῦ
1587 1591 1682 1645 καὶ
1703 1594 1822 1654 ταῖς
1846 1592 2036 1663 εὐχαῖς

457 1677 662 1732 τούτων
680 1680 740 1732 τὸ
770 1683 877 1734 πᾶν
899 1681 1161 1752 ἀνέθηκεν
1179 1699 1194 1714 ο
1225 1681 1313 1735 ἵνα
1345 1685 1418 1753 μὴ
1442 1681 1615 1754 ταύτῃ
1643 1683 1732 1737 τὸν
1757 1685 2034 1755 ἀκροατὴν

457 1767 647 1823 ὕπτιον
671 1771 978 1842 ποιήσῃ,τῷ
990 1771 1125 1841 ἐλέῳ
1138 1771 1229 1824 τοῦ
1253 1772 1390 1826 Θεοῦ
1409 1774 1569 1843 μόνον
1586 1775 1678 1828 καὶ
1691 1777 1810 1837 ταῖς
1833 1776 2034 1846 ἐτέρων

455 1862 644 1932 εὐχαῖς
681 1861 1009 1934 θαρροῦντα,
1041 1863 1315 1916 δείκνυσιν
1340 1864 1424 1916 ὅτι
1450 1865 1544 1918 καῖ
1565 1865 1717 1918 αὐτοὶ
1743 1866 1804 1919 οὐ
1839 1867 2035 1937 μικρὸν

453 1955 666 2011 οἴκοθεν
710 1958 1157 2028 συνεισήνεγκαν.
1201 1959 1311 2011 Καὶ
1343 1959 1579 2030 ἐδήλωσε
1613 1959 1712 2030 μέν
1758 1962 1888 2015 αὐτὸ
1939 1963 2033 2016 καὶ

453 2046 764 2118 ἔμπροσθεν
799 2046 991 2112 εἰπὼν,
1017 2049 1100 2102 ὅτι
1129 2049 1335 2114 Καθὼς
1361 2053 1707 2118 περισσεύει
1735 2053 1812 2106 ’τὰ
1840 2053 2033 2123 παθὴ-

447 2155 608 2208 ματα
632 2140 737 2195 τοῦ
755 2142 1035 2208 Χριστοῦ,
1079 2143 1425 2209 περισσεύει
1454 2145 1552 2198 καὶ
1581 2147 1620 2214 ὴ
1650 2146 2032 2215 παράκλησις

450 2231 656 2301 ἡμῶν·
683 2233 917 2288 ἐνταῦθα
945 2235 1005 2288 δὲ
1029 2236 1122 2289 καὶ
1146 2236 1331 2306 ἕτερόν
1350 2254 1403 2291 τι
1432 2235 1580 2306 λέγει
1609 2239 1808 2292 οἰκεῖον
1836 2239 2030 2312 κατόρ-

451 2322 632 2397 θωμα.
668 2327 828 2381 Ποῖον
866 2327 930 2398 δὴ
971 2326 1168 2394 τοῦτο;
1225 2331 1348 2384 Ὀτι
1399 2331 1458 2383 ἐν
1490 2330 1716 2402 καθαρῷ
1763 2333 2030 2386 συνειδότι

450 2414 745 2485 καῖ’ἀδόλῳ
767 2415 1046 2486 πανταχοῦ
1076 2417 1176 2488 τῆς
1197 2419 1526 2490 οἰκουμένης
1554 2421 2026 2492 άναστρεφόμεθα,

450 2503 636 2574 φησίν.
678 2505 755 2558 Οὐ
785 2507 978 2577 μικρὸν
1018 2507 1078 2562 δὲ
1103 2508 1263 2562 τοῦτο
1288 2511 1420 2580 ἡμῖν
1448 2512 1529 2574 εἰς
1557 2512 1912 2583 παραμυθίαν
1932 2515 2030 2569 καὶ

449 2595 829 2667 παράκλησινο
884 2597 1084 2667 μᾶλλον
1114 2599 1173 2653 δὲ
1203 2601 1307 2654 οὐκ
1334 2602 1415 2664 είς
1459 2601 1806 2674 παράκλησιν
1841 2603 2025 2674 μόνον,

447 2685 585 2740 ἀλλά
611 2687 704 2741 καὶ
741 2688 823 2752 είς
861 2689 1070 2759 ἕτερον,
1113 2689 1143 2743 ὃ
1175 2689 1358 2762 πολλῷ
1396 2691 1580 2762 μεῖζον
1605 2692 1705 2762 τῆς
1736 2693 2028 2766 παρακλή-

448 2777 589 2844 σεώς
613 2779 751 2848 ἐστι,
783 2782 877 2834 καὶ
903 2783 983 2846 είς
1007 2782 1297 2854 καύχησιν.
1331 2783 1520 2838 Ταῦτα
1543 2784 1603 2838 δὲ
1634 2785 1808 2854 ἐλεγε,
1839 2787 2029 2842 κάκεί-

447 2886 574 2936 νους
606 2871 882 2928 παιδεύων
905 2875 963 2927 ἐν
987 2879 1111 2940 ταῖς
1142 2877 1355 2948 θλίψεσι
1383 2881 1458 2951 μὴ
1483 2881 1868 2948 καταπίπτειν,
1892 2883 2029 2940 ἀλλά

446 2963 544 3015 καὶ
575 2962 990 3035 ἐναδρύνεσθαι,
1021 2967 1152 3020 ὅταν
1188 2969 1427 3039 καθαρὸν
1451 2970 1616 3040 ἔχωσι
1649 2973 1907 3040 συνειδὸς,
1934 2975 2027 3028 καὶ

447 3052 632 3123 ἠρέμα
644 3054 1060 3126 καθαπτόμενος
1078 3057 1186 3111 τῶν
1205 3058 1677 3128 ψευδαποστόλων.
1711 3065 1818 3117 Καὶ
1838 3065 1986 3118 ὥσπε
1993 3084 2028 3138 ρ

447 3143 507 3195 ἐν
543 3148 611 3216 τῇ
661 3147 906 3218 προτέρᾳ
940 3150 1127 3220 φησὶν,
1157 3151 1240 3204 ὅτι
1285 3151 1636 3207 Ἀπέστειλέ
1663 3172 1740 3223 με
1772 3156 2027 3224 Χριστὸς

445 3234 946 3306 εὐαγγελίζεσθαι,
989 3242 1100 3294 οὐκ
1125 3241 1192 3294 ἐν
1222 3246 1409 3310 σοφίᾳ
1439 3244 1645 3312 λόγου,
1677 3245 1778 3297 ἵνα
1814 3246 1897 3314 μὴ
1927 3263 2025 3300 κε-

445 3325 608 3396 νωθῇ
639 3329 674 3382 ὀ
696 3331 960 3398 σταυρὸς
986 3331 1092 3386 τοῦ
1125 3334 1384 3402 Χριστοῦ
1404 3351 1419 3366 ο
1445 3335 1560 3395 καὶ,
1593 3336 1728 3390 Ἵνα
1753 3338 1791 3404 ἡ
1821 3339 2026 3406 πίστις

444 3417 612 3487 ὑμῶν
638 3419 725 3488 μὴ
754 3415 797 3491 ᾖ
828 3421 898 3473 ἐν
924 3422 1111 3490 σοφίᾳ
1141 3421 1486 3490 ἀνθρώπων,
1518 3425 1655 3479 ἀλλ’
1684 3426 1755 3479 ἐν
1777 3425 2024 3497 δυνάμει

447 3508 626 3564 Θεοῦο
674 3510 818 3565 οῦτω
866 3512 960 3565 καὶ
1010 3513 1246 3568 ἐνταῦθά
1299 3532 1484 3586 φησιν·
1531 3519 1652 3571 Οὐκ
1699 3517 1770 3571 ἐν
1811 3520 2021 3588 σοφίᾳ,

441 3599 579 3654 ἀλλ’
603 3601 676 3655 ἐν
707 3602 903 3672 χάριτι
954 3605 1230 3671 Χριστοῦ.
1273 3608 1382 3660 Καὶ
1409 3607 1595 3684 ἕτερον
1632 3609 1692 3663 δέ
1725 3630 1775 3666 τι
1805 3613 2024 3685 ⁴ᾐνίξατο

441 3692 636 3758 εἰπὼν,
657 3695 779 3748 Οὔκ
800 3695 871 3748 ἐν
899 3697 1106 3764 σοφίᾳ,
1136 3698 1438 3766 τουτέστιν,
1467 3702 1568 3755 οὐκ
1610 3703 1668 3756 ἐν
1693 3705 1896 3779 ἀπάτῃ,
1930 3705 2024 3759 καὶ

443 3784 622 3856 ταύτῃ
647 3784 854 3853 βάλλων
891 3786 992 3856 τὴν
1023 3786 1129 3851 ἐξω
1158 3789 1462 3845 παίδευσιν.
1505 3792 1568 3847 Ἡ
1594 3793 1704 3864 γὰρ
1725 3795 2024 3865 καύχησις

443 3876 616 3945 ἡμῶν
647 3876 798 3944 αὕτη
830 3877 984 3942 ἐστὶ,
1012 3881 1164 3949 φησὶ,
1207 3880 1275 3933 τὸ
1299 3883 1629 3951 μαρτύριον
1675 3885 1786 3953 τῆς
1816 3900 2021 3941 συνει-

443 3965 681 4033 δήσεως
705 3965 895 4036 ἡμῶν
918 3970 1215 4032 τουτέστιν,
1243 3971 1308 4023 Ἦ
1326 3973 1634 4044 συνείδησις
1661 3974 1813 4047 [M2]
1843 3977 2019 4047 ἡμῶν,

442 4058 546 4112 οὐκ
596 4056 794 4128 ἔχουσα
833 4059 985 4129 ἡμᾶς
1029 4059 1436 4126 καταδικάζειν,
1490 4063 1568 4126 ὡς
1622 4066 1715 4117 ἐπὶ
1768 4073 2024 4140 πονηροῖς

444 4149 768 4221 πράγμασιν
798 4150 1209 4220 ἐλαυνομένους.
1243 4151 1362 4205 Κᾶν
1390 4153 1500 4226 7&9
1523 4155 1693 4226 μυρία
1724 4157 2022 4230 πάσχωμεν

439 4242 610 4303 δεινά,
653 4241 758 4296 κάν
791 4242 1056 4297 πάντοθεν
1087 4243 1414 4315 βαλλώμεθα
1459 4247 1552 4299 καὶ
1598 4248 2017 4322 κινδυνεύωμεν,

441 4333 605 4405 ἀρκεῖ
647 4336 727 4397 είς
761 4333 1118 4408 παραμυθίαν
1151 4335 1303 4406 ἡμῖν,
1338 4337 1538 4408 μᾶλλον
1559 4339 1616 4392 δὲ
1654 4342 1716 4394 οὒ
1753 4343 1912 4412 μόνον
1941 4347 2020 4410 εἰς

441 4427 818 4498 παραμυθίαν,
850 4427 988 4480 ἀλλά
1020 4429 1115 4482 καὶ
1154 4431 1234 4493 είς
1262 4429 1323 4484 τὸ
1361 4433 1778 4502 στεφανοῦσθαι,
1809 4437 1868 4491 τὸ
1897 4456 2021 4491 συν-

440 4517 601 4584 ειῶς,
629 4518 869 4590 καθαρὸν
905 4519 966 4573 ὂν
1003 4520 1098 4574 καὶ
1131 4523 1443 4592 μαρτυροῦν
1481 4526 1632 4596 ἡμῖν,
1657 4528 1737 4580 ὅτι
1778 4528 1845 4581 δι’
1867 4530 2018 4584 οὐδὲν

440 4609 700 4678 πονηρὸν,
721 4609 859 4662 ἀλλά
877 4608 968 4662 διὰ
992 4610 1052 4664 τὸ
1072 4609 1151 4682 τῷ
1173 4610 1292 4682 Θεῷ
1313 4613 1504 4666 δοκοῦν
1525 4615 1695 4669 ταῦτα
1718 4617 2018 4689 πάσχομεν,

437 4695 508 4748 δι’
533 4695 753 4767 ἀρετὴν,
784 4699 873 4751 διά
897 4699 1236 4769 φιλοσοφίαν,
1254 4702 1342 4755 διά
1361 4703 1462 4772 τὴν
1483 4705 1592 4756 τῶν
1617 4707 1828 4761 πολλῶν
1852 4726 2024 4779 σωτη-

441 4787 589 4857 ρίαν.
630 4787 845 4858 Ἐκείνη
894 4789 992 4859 μὲν
1027 4786 1177 4862 οὗνή
1225 4793 1465 4864 προτέρα
1493 4796 1840 4868 παράκλησις
1873 4805 2022 4872 παρὰ

439 4875 534 4931 τοῦ
561 4877 696 4931 Θεοῦ
725 4875 825 4950 ἦν’
870 4879 1011 4950 αὕτη
1043 4881 1100 4933 δὲ
1133 4884 1264 4952 παρ’
1299 4883 1481 4938 αὐτῶν
1530 4887 1626 4939 καὶ
1649 4886 1751 4958 τῆς
1773 4889 1869 4942 τοῦ
1901 4891 2017 4960 βίου

441 4967 816 5042 καθαρότητος
858 4970 1231 5040 συνεισήγετο.
1268 4972 1360 5026 Διὸ
1405 4973 1500 5027 καὶ
1539 4974 1806 5047 καύχησιν
1847 4979 2017 5050 αὐτὴν

439 5061 616 5128 καλεῖ,
653 5063 736 5116 ὅτι
759 5063 861 5134 τῆς
891 5061 1102 5128 οἰκείας
1125 5063 1310 5118 αὐτῶν
1339 5066 1540 5140 ἀρετῆς
1563 5069 1898 5142 κατόρθωμα
1926 5067 2015 5144 ἦν.

437 5153 538 5217 Τίς
573 5149 667 5208 οῦν
696 5155 844 5209 ἐστιν
875 5156 910 5227 η
949 5156 1241 5228 καύχησις,
1285 5159 1380 5212 καὶ
1407 5159 1462 5212 τί
1499 5165 1770 5232 μαρτυρεῖ
1795 5165 1930 5235 ἡμῖν
1956 5165 2018 5218 τὸ

439 5246 677 5309 συνειδὸς
722 5247 902 5316 ἡμῶν,
947 5249 1073 5303 Ὀτι
1107 5249 1177 5303 ἑν
1203 5252 1496 5319 ἁπλότητι
1529 5253 1626 5307 καὶ
1671 5255 1740 5308 ἐν
1769 5259 2016 5326 εἱλικρι-

435 5337 605 5405 rem;
631 5336 942 5402 Τουτέττιν,
986 5339 1140 5394 οὐδὲν
1173 5341 1408 5410 δολερον,
1440 5346 1537 5414 οὐχ
1571 5347 1884 5419 ὑπόκρισιν,
1914 5351 2016 5405 οὐκ

433 5427 742 5502 εἰρωνείαν,
765 5427 824 5482 οὐ
858 5429 1166 5495 κολακείαν,
1198 5433 1300 5485 οὐκ
1329 5433 1621 5506 ἐπιϐουλὴν
1649 5441 1744 5493 καὶ
1772 5442 2010 5516 ἀπάτην,

432 5521 539 5574 οὐκ
575 5519 703 5574 ἀλλο
735 5537 786 5572 τι
825 5519 934 5574 τῶν
983 5522 1242 5608 τοιούτων
1269 5524 1442 5588 οὐδὲν,
1487 5527 1601 5580 ἀλλ’
1631 5530 1689 5582 ἐν
1724 5531 2010 5608 ἐλευθερίᾳ

434 5612 610 5685 πάσῃ,
647 5613 704 5664 ἐν
728 5612 1009 5685 ἁπλότητι,
1039 5615 1098 5668 ἐν
1130 5615 1375 5687 ἀληθείᾳ,
1402 5619 1460 5670 ὲν
1499 5620 1713 5694 καθαρᾷ
1749 5627 1842 5679 καὶ
1874 5629 2010 5682 ἀπο-

437 5707 586 5778 νήρῳ
617 5706 828 5780 γνώμῃ,
865 5708 922 5761 ἐν
964 5707 1134 5764 ἀδόλω
1169 5707 1395 5770 διανοία,
1422 5709 1575 5764 οὐδὲν
1619 5713 1835 5782 ἔχοντες
1880 5735 2007 5774 συν..

2140 863 2519 934 εσκιασμένον,
2541 865 2662 921 ούδέ
2692 865 2942 926 ὓπουλον.
2971 868 3090 922 Οὐκ
3119 867 3189 922 έν
3215 867 3403 937 σοφίᾳ
3427 869 3711 940 σαρκικῇ.

2138 955 2452 1020 Τουτέστιν,
2487 959 2588 1015 οὐκ
2623 961 2682 1012 ἐν
2728 960 3033 1031 κακουργίᾳ
3060 958 3181 1012 οὐδὲ
3216 960 3471 1032 πονηρίᾳ,
3505 961 3622 1015 οὐδὲ
3655 966 3713 1016 ἐν

2135 1046 2400 1117 δεινότητι
2422 1048 2653 1122 λόγωνῆ
2688 1051 2746 1103 ἐν
2777 1050 3063 1121 συμπλοκῇ
3102 1053 3487 1121 σοφισμάτων’
3509 1053 3712 1124 ταύτην

2135 1136 2245 1207 7&9
2264 1138 2411 1208 λέγει
2439 1141 2630 1208 σοφίαν
2653 1144 2942 1213 σαρκικήν.
2965 1141 3072 1196 Καὶ
3097 1140 3182 1210 ἐφ’
3211 1136 3257 1210 ᾦ
3284 1142 3426 1212 μέγα
3450 1144 3711 1214 ἐφρόνουν

2135 1228 2354 1292 ἐκεῖνοι,
2375 1229 2532 1283 τοῦτο
2549 1225 2702 1295 οὗτος
2719 1233 2960 1303 ἀρνεῖται
2976 1231 3072 1285 καὶ
3086 1231 3384 1298 διωθεῖται,
3405 1231 3622 1296 δεικνὺς
3644 1236 3712 1286 ἐκ

2135 1318 2334 1372 πολλοῦ
2363 1319 2458 1374 τοῦ
2482 1324 2766 1393 περιόντος
2788 1323 2888 1376 οὐκ
2912 1322 2972 1375 ὂν
3000 1321 3150 1387 ἀξιον
3183 1324 3507 1394 καυχήσεως
3529 1323 3709 1390 τοῦτο,

2135 1410 2229 1463 καὶ
2258 1410 2339 1464 ὅτι
2364 1412 2423 1464 οὐ
2461 1412 2621 1482 μόνον
2641 1412 2773 1466 αὐτὸ
2801 1414 2862 1466 οὐ
2887 1413 3059 1484 ζητεῖ,
3094 1412 3230 1466 ἀλλά
3250 1413 3345 1468 καὶ
3364 1412 3711 1484 διακρούεται

2135 1502 2230 1556 καὶ
2255 1503 2666 1572 ἐπαισχύνεται.
2719 1503 2884 1559 Ἀλλ’
2915 1504 2986 1558 έν
3014 1503 3210 1574 χάριτι
3235 1504 3383 1559 Θεοῦ
3415 1505 3710 1574 ἀνεστρά-

2133 1610 2332 1663 φημεν
2372 1595 2442 1648 ἐν
2468 1595 2550 1661 τῷ
2584 1597 2809 1665 κόσμῳ.
2853 1596 2919 1648 Τί
2945 1597 3116 1655 ἐστιν.
3161 1598 3256 1649 Ἑν
3283 1596 3481 1666 χάριτι
3513 1598 3706 1660 Θεοῦ;

2133 1683 2246 1753 Τὴν
2267 1687 2399 1756 παρ’
2421 1685 2586 1740 αὑτοῦ
2609 1687 2823 1756 σοφίαν,
2847 1687 2945 1757 τὴν
2969 1687 3098 1758 παρ’
3117 1687 3283 1747 αὑτοῦ
3304 1687 3538 1758 δύναμιν
3560 1688 3710 1741 δεδο-

2135 1778 2302 1848 μένην
2329 1781 2462 1847 ήμῖν
2499 1779 2897 1850 ἐνδεικνύμενοι
2925 1778 3015 1833 διὰ
3040 1779 3148 1832 τῶν
3189 1780 3456 1850 σημείων,
3499 1779 3587 1833 διὰ
3615 1778 3708 1832 τοῦ

2132 1865 2514 1936 περιγενέσθαι
2542 1867 2742 1936 σοφῶν,
2773 1866 3038 1938 ρητόρων,
3067 1867 3392 1936 φιλοσόφων,
3421 1866 3705 1937 βασιλέων,

2129 1960 2338 2030 δήμων,
2389 1957 2598 2012 ίδιῶται
2631 1957 3007 2027 τυγχάνοντες,
3037 1958 3133 2010 καὶ
3163 1957 3329 2028 μηδὲν
3371 1958 3468 2028 τῆς
3501 1957 3707 2022 ἔξωθεν

2134 2050 2322 2120 σοφίας
2352 2049 2757 2121 ἐπιφερόμενοι.
2799 2050 2910 2119 Οὐχ
2940 2050 2974 2120 ἡ
2998 2048 3235 2120 τυχοῦσα
3271 2049 3328 2102 δὲ
3351 2048 3486 2118 αῦτη
3517 2051 3703 2120 παρά-

2131 2142 2325 2212 κλησίς
2351 2159 2411 2195 τε
2436 2142 2530 2195 καὶ
2561 2141 2829 2212 καύχησις
2853 2139 2950 2195 τοῦ
2988 2140 3283 2194 συνειδέναι
3302 2153 3326 2181 ει
3359 2142 3590 2204 ἐαυτοῖς,
3619 2141 3706 2194 ὅτι

2129 2235 2231 2290 οὐκ
2266 2233 2582 2306 ἀνθρωπίνῃ
2622 2233 2850 2303 δυνάμει
2873 2231 3190 2304 ἐκέχρηντο,
3212 2232 3350 2286 ἀλλά
3373 2232 3494 2303 θείᾳ
3520 2233 3706 2304 χάριτι

2132 2327 2310 2381 πάντα
2347 2325 2684 2396 κατώρθουν.
2744 2326 2841 2378 Ἑν
2881 2322 2962 2389 τῷ
3007 2326 3234 2392 κόσμῳ.
3280 2322 3468 2386 Οὕτως
3515 2323 3614 2376 οὐκ
3646 2325 3705 2376 ἐν

2129 2418 2380 2491 Κορίνθῳ
2421 2417 2604 2489 μόνον,
2627 2416 2764 2471 ἀλλά
2795 2415 2890 2469 καὶ
2918 2413 3196 2484 πανταχοῦ
3226 2414 3325 2482 τῆς
3356 2413 3701 2484 οἰκουμένης.

2129 2509 2577 2580 Περισσοτέρως
2623 2506 2694 2560 δὲ
2744 2506 2894 2575 πρὸς
2942 2506 3120 2576 ὑμᾶς.
3177 2505 3243 2558 Τί
3303 2505 3704 2577 περισσοτέρως

2131 2603 2269 2675 πρὸς
2298 2604 2470 2673 ὑμᾶςς
2513 2601 2618 2656 Ἐν
2651 2599 2844 2670 χάριτι
2877 2600 3025 2653 Θεοῦ
3068 2598 3553 2667 ἀνεστράφημεν.
3596 2597 3703 2650 Καὶ

2127 2695 2238 2766 7&9
2283 2696 2486 2765 σημεῖα
2533 2693 2628 2746 καὶ
2656 2691 2911 2763 θαύματα
2947 2693 3078 2762 παρ’
3112 2691 3241 2761 ὑμῖν
3283 2690 3702 2760 ἐπεδειξάμεθα.

2128 2785 2225 2840 καὶ
2243 2784 2465 2837 πλείονα
2480 2781 2765 2852 ἀκρίσειαν
2788 2781 2880 2834 καῖ⁵
2910 2779 3024 2850 βίον
3054 2779 3313 2850 ἄληπτον.
3339 2778 3451 2830 Καὶ
3479 2776 3590 2847 γὰρ
3612 2776 3702 2828 καὶ

2127 2875 2287 2930 τοῦτο
2309 2874 2469 2945 χάριν
2501 2873 2637 2927 Θεοῦ
2665 2873 2840 2933 καλεῖ,
2877 2872 2972 2924 καῖ
2999 2871 3069 2926 τὰ
3104 2872 3281 2924 οἰκεῖα
3301 2867 3705 2938 κατορθώματα

2127 2968 2267 3038 αὐτῇ
2291 2963 2659 3036 λογιζόμενος.
2698 2964 2845 3018 Ἐκεῖ
2868 2961 2976 3034 γὰρ
3002 2961 3097 3016 καὶ
3121 2960 3188 3014 τά
3215 2959 3516 3031 σκάμματα
3538 2959 3704 3028 ὑπερ-

2125 3058 2247 3132 έὸη,
2295 3058 2569 3112 ἀδάπανον
2619 3054 2789 3119 τιθεὶς
2846 3053 2907 3108 τὸ
2953 3053 3310 3122 Εὐαγγέλιον,
3347 3051 3436 3106 διά
3498 3052 3561 3105 τὸ
3604 3051 3703 3122 τῆς

2089 3142 2092 3145 ’
2125 3149 2409 3212 ἀσθενείας
2429 3148 2608 3202 αὐτῶν
2635 3146 2930 3217 φείδεσθαι.
2957 3148 3040 3200 Οὐ
3066 3147 3176 3214 γὰρ
3201 3145 3365 3199 ἄλλα
3402 3143 3702 3218 γράφομεν

2123 3243 2287 3313 ὑμῖν,
2313 3243 2451 3298 ἀλλ’
2480 3241 2518 3310 ἢ
2541 3240 2579 3295 ἁ
2597 3239 3038 3311 ἀναγινώσκετε
3065 3239 3102 3306 ἢ
3134 3238 3232 3291 καὶ
3257 3237 3697 3307 ἐπιγινώσκετε.

2137 3334 2357 3406 Ἐπειδὴ
2407 3334 2517 3406 7&9
2565 3332 2776 3405 μεγάλα
2819 3330 3120 3402 ἐφθέγξατο
3155 3329 3295 3400 ὑπὲρ
3345 3325 3556 3393 ἐαυτοῦ,
3607 3325 3702 3380 καὶ⁹

2127 3427 2303 3494 ἔδοξεν
2347 3425 2526 3497 ἐαυτῷ
2575 3425 2895 3496 μαρτυρεῖν,
2935 3422 3074 3493 ὅπερ
3105 3419 3173 3492 ἦν
3217 3419 3495 3490 φορτικὸν,
3539 3417 3701 3473 πάλιν

2126 3523 2322 3586 αὐτοὺς
2369 3519 2606 3590 παράγει
2647 3517 2928 3588 μάρτυρας
2951 3514 3059 3568 τῶν
3099 3514 3433 3584 λεγομένων.
3469 3513 3562 3582 Μὴ
3597 3512 3702 3581 γάρ

2123 3631 2208 3678 τις
2252 3612 2520 3684 νομιζέτω
2563 3608 2905 3685 πραγμάτων
2951 3603 3093 3661 εἶναι
3136 3606 3348 3676 κόμπον
3373 3605 3402 3644 ι)
3445 3605 3512 3657 τὰ
3545 3603 3700 3671 λεγό-

2127 3722 2284 3776 μενα,
2310 3703 2469 3775 φησί’
2499 3701 2673 3757 ταῦτα
2693 3699 2800 3772 γὰρ
2829 3701 2955 3771 ὑμῖν
2985 3698 3273 3769 δηλοῦμεν,
3307 3696 3342 3750 ἃ
3369 3696 3521 3748 αὐτοὶ
3543 3695 3701 3763 ὑμεῖς

2125 3799 2241 3852 ίστε
2262 3811 2274 3822 “
2317 3796 2413 3850 καὶ
2446 3795 2529 3848 ὅτι
2554 3794 2615 3848 οὐ
2637 3790 2792 3865 [M3]
2818 3789 3146 3860 ψευδόμεθα,
3172 3789 3276 3859 πρὸ
3297 3787 3403 3840 τῶν
3425 3785 3598 3838 ἄλλων
3627 3783 3695 3834 ἂν

2124 3888 2256 3958 ἡμῖν
2292 3885 2694 3957 μαρτυρήσετε.
2748 3880 3236 3950 Ἀναγινώσκοντες
3282 3877 3387 3947 γάρ
3435 3872 3693 3941 ἐπιγινώ-

2131 3994 2307 4040 σκετε,
2348 3977 2429 4029 ὃτι
2471 3975 2508 4029 ἃ.
2538 3973 2756 4027 σύνιστε
2779 3975 2912 4044 ἡμῖν
2934 3973 2992 4026 ἐν
3022 3974 3135 4034 τοῖς
3165 3969 3360 4041 ἔργοις,
3395 3964 3566 4018 ταῦτα
3596 3963 3694 4018 καὶ

2124 4072 2183 4122 ἐν
2234 4070 2346 4131 τοῖς
2398 4045 2680 4138 γράμμασι
2730 4065 2965 4134 λέγομεν
2991 4079 3004 4094 ·
3063 4063 3159 4120 καὶ
3207 4062 3305 4114 οὐκ
3357 4057 3697 4112 ἐναντιοῦται

2122 4161 2326 4232 ὑμῶνή
2349 4159 2627 4232 μαρτυρία
2656 4159 2775 4221 ταῖς
2823 4155 3188 4219 Ἐπιστολαῖς,
3213 4153 3350 4208 ἀλλά
3375 4151 3590 4224 συνᾴδει
3627 4153 3694 4222 τῇ

2121 4253 2424 4323 ἀναγνώσει
2486 4254 2520 4324 ή
2566 4251 2789 4322 γνῶσις,
2837 4250 2905 4320 ἢν
2935 4247 3298 4318 προλαϐόντες
3341 4246 3515 4317 εἴχετε
3571 4247 3698 4315 περὶ

2120 4348 2298 4418 ἡμῶν.
2350 4344 2555 4410 Καθὼς
2597 4342 2696 4398 καὶ
2746 4341 3042 4412 ἐπέγνωτε
3091 4337 3250 4408 ἡμᾶς
3301 4338 3421 4393 ἀπὸ
3452 4336 3691 4406 μέρους.

2121 4439 2256 4492 Οὐδὲ
2291 4436 2399 4508 7&9
2447 4437 2507 4502 ἐξ
2554 4435 2724 4506 ἀκοῆς
2759 4434 2894 4498 ίστε,
2935 4432 3089 4504 φησὶ,
3121 4431 3190 4486 τά
3222 4431 3346 4485 καθ’
3371 4433 3541 4501 ἡμᾶς,
3581 4429 3694 4483 ἀλλ’

2121 4533 2214 4585 ἀπ’
2247 4531 2416 4599 αὐτῆς
2444 4529 2545 4596 τῆς
2575 4526 2790 4598 πείρας.
2814 4525 2889 4579 Τὸ
2919 4523 2998 4588 δὲ,
3040 4524 3176 4578 Ἀπὸ
3204 4523 3450 4593 μέρους,
3475 4521 3694 4594 μετριά-

2121 4623 2230 4687 ζων
2256 4618 2428 4675 εἶπεν.
2479 4618 2639 4681 Ἔθος
2672 4617 2782 4689 7&9
2811 4615 2960 4688 αύτῷ
3000 4615 3177 4680 τοῦτο,
3214 4615 3435 4668 ἐπειδὰν
3475 4614 3618 4685 μέγα
3641 4629 3692 4664 τι

2119 4713 2422 4785 φθέγξηται
2459 4710 2894 4780 κατεπειγούσης
2940 4711 3186 4777 ἀνάγκης
3233 4708 3396 4772 (οὐδὲ
3453 4706 3564 4776 7&9
3598 4705 3690 4758 ἄλ-

2115 4808 2224 4871 λως
2256 4805 2389 4859 αὐτὸ
2439 4807 2632 4874 ποιεῖ),
2685 4806 2895 4875 ταχέως
2949 4803 3258 4857 συστέλλειν
3292 4801 3456 4890 πάλιν
3499 4799 3591 4853 τὸν
3627 4800 3690 4850 ἐκ

2115 4901 2223 4954 τῶν
2267 4899 2574 4968 εἰρημένων
2610 4898 2774 4967 ὄγκον
2823 4897 3162 4968 βουλόμενος.
3204 4893 3447 4953 Ἐλπίζω
3489 4892 3560 4946 δέ
3600 4891 3687 4944 ὅτι

2114 4994 2213 5048 καὶ
2241 4992 2352 5059 ἓως
2377 4991 2594 5058 τέλους
2617 4989 3022 5060 ἐπιγνώσεσθε

2185 5173 2254 5244 β’.
2275 5171 2428 5239 Εἶδες
2451 5173 2616 5229 πάλιν
2645 5173 2753 5227 ἀπὸ
2789 5173 2898 5226 τῶν
2926 5171 3304 5244 παρελθόντων
3323 5172 3394 5226 τά
3425 5171 3682 5243 μέλλοντα

2113 5268 2492 5339 πιστούμενον,
2535 5267 2630 5321 καὶ
2669 5265 2770 5318 οὐκ
2801 5264 2911 5318 ἀπὸ
2946 5265 3054 5318 τῶν
3087 5263 3468 5336 παρελθόντων
3500 5264 3684 5334 μόνον,

2113 5359 2249 5414 ἀλλά
2297 5361 2394 5412 καὶ
2445 5357 2552 5412 ἀπὸ
2599 5359 2700 5427 τῆς
2745 5355 2839 5409 τοῦ
2889 5355 3026 5410 Θεοῦ
3070 5355 3388 5425 δυνάμεως;
3442 5354 3518 5408 Οὐ
3578 5353 3684 5421 7&9

2116 5453 2302 5516 ἁπλῶς
2323 5451 2654 5522 ἀπεφήνατο,
2685 5448 2820 5502 ἀλλά
2850 5448 2910 5502 τὸ
2940 5449 3044 5501 πᾶν
3071 5449 3164 5502 ἐπ’
3192 5447 3353 5500 αὑτὸν
3381 5446 3571 5518 ἔρριψε
3594 5443 3684 5498 καὶ

2173 5605 2192 5628 ⁸
2217 5606 2349 5660 Μεδ..
2373 5605 2428 5652 τὸ
2450 5605 2721 5652 συνειδέναι.
2851 5661 2867 5664 λ
3009 5662 3017 5664 Α
3280 5661 3291 5664 _
3428 5661 3437 5664 _
3529 5661 3557 5664 _
3627 5660 3633 5664 .

2178 5667 2208 5707 δ
2230 5658 2373 5715 ποι-ιο
2397 5667 2574 5728 melius
2594 5665 2815 5728 ῥημάτων
2828 5661 2943 5710 εἶναι
2960 5661 3294 5724 κόμπον,‹ιυοά
3307 5661 3504 5724 conjicil
3527 5658 3682 5710 52w-

2116 5741 2169 5782 οι
2192 5731 2263 5777 sic
2285 5731 2402 5789 legit
2430 5724 2680 5788 interp'l'es
2713 5724 2931 5774 Latinus.
