4018 6156
355 305 455 367 ωε

1409 299 1476 357 ιΝ
1513 301 1725 358 EPIST.
1766 301 1809 357 ll
1871 304 1962 358 AD
1990 304 2144 362 COR.
2187 307 2417 366 llOMlL.
2460 309 2546 366 Ill.

3523 326 3624 380 ιυη

1752 514 1903 576 ΗΟΜ

2007 516 2082 578 lA
2123 517 2227 579 ΙΙΙ.
3631 569 3634 572 .

353 667 486 722 (In.
544 663 596 721 1.
645 679 696 717 v.
741 663 824 718 12.
857 659 998 716 Nam
1047 659 1212 733 gloria
1249 669 1423 714 nostra
1455 657 1562 711 haec
1589 666 1681 721 est,
1711 657 1932 710 testimo-

2041 663 2168 723 tate,
2197 657 2249 712 in
2277 669 2455 716 mente
2492 662 2561 718 ab
2599 667 2744 722 omni
2775 667 2898 728 dolo
2919 688 3104 740 vacua,
3157 680 3289 737 nihil
3326 693 3519 742 tectum
3558 701 3614 746 et

424 759 565 811 nium
608 756 922 811 conscientiae
959 765 1179 816 nostra,
1229 752 1364 824 quod
1421 752 1474 806 in
1525 751 1845 818 simplicitate
1889 756 1936 802 et
2020 748 2431 820 .adumbratum,
2466 755 2596 813 nihil
2626 758 2855 818 fucatum
2896 779 2959 821 ac
2999 777 3376 830 veteratorium
3407 779 3610 836 haben-

421 851 704 906 sinceritate
745 848 873 916 Dei,
906 856 952 901 et
991 864 1093 900 non
1120 846 1174 898 in
1208 845 1455 915 sapientia
1501 844 1715 906 carnali,
1767 842 1854 895 sed
1880 843 1932 895 in

419 942 585 1012 gratia
609 939 704 994 Dei
727 938 1005 993 conversati
1031 953 1202 990 sumus
1230 937 1283 988 in
1309 934 1516 988 mundo.

422 1035 472 1088 1.
503 1030 586 1086 Ea:
615 1047 743 1100 pura
769 1030 1075 1083 conscientia
1103 1035 1289 1097 quanta
1310 1023 1589 1079 consolatio
1617 1023 1829 1078 oriatur.
1855 1047 1930 1060 --ι

354 1126 449 1180 llic
490 1139 706 1178 rursum
752 1121 895 1176 aliud
925 1134 1137 1190 quoque
1163 1134 1269 1173 non
1299 1133 1516 1188 parvum
1546 1114 1928 1171 consolationis

348 1225 716 1286 argumentum
769 1212 924 1267 nobis
978 1211 1188 1281 aperit,
1251 1210 1358 1264 imo
1396 1221 1650 1280 perquam
1703 1207 1923 1276 ingens,

346 1310 596 1379 quodque
649 1307 890 1359 animum
945 1304 998 1358 in
1051 1303 1302 1374 periculis
1349 1301 1651 1356 demersum
1718 1299 1926 1369 erigere

347 1412 529 1474 queat.
557 1398 819 1470 Quoniam
847 1397 986 1452 enim
1015 1396 1244 1460 dixerat,
1273 1393 1408 1449 Deus
1429 1410 1519 1448 nos
1545 1393 1747 1458 eripuit,
1766 1401 1926 1460 atque

349 1494 399 1550 id
447 1499 618 1548 totum
665 1487 1094 1548 miserationibus
1141 1487 1236 1542 Dei
1282 1485 1634 1556 precibusque
1684 1483 1922 1553 ipsorum

349 1585 740 1656 adscripserat;
786 1598 852 1639 ne
882 1582 983 1638 hac
1010 1581 1222 1637 ratione
1269 1579 1531 1634 auditoris
1559 1578 1797 1631 animum
1825 1590 1921 1630 su-

351 1681 531 1749 pinum
573 1693 637 1732 ac
679 1675 985 1747 languidum
1024 1674 1307 1738 redderet,
1339 1681 1522 1742 utpote
1571 1671 1665 1726 Dei
1714 1669 1924 1724 miseri-

349 1772 544 1827 corditc
571 1771 848 1826 dumtaxat
873 1769 1206 1838 aliorumque
1237 1767 1489 1838 precibus
1537 1763 1916 1828 conﬁdentem,

354 1865 586 1920 ostendit
611 1865 755 1934 ipsos
783 1878 996 1934 quoque
1022 1877 1126 1917 non
1158 1877 1342 1932 parum
1373 1875 1438 1916 ex
1488 1874 1547 1913 se
1577 1858 1914 1930 prtestitisse.

356 1962 523 2029 Atque
567 1957 619 2012 id
657 1956 869 2027 quidem
896 1955 1047 2027 prius
1072 1955 1232 2010 etiam
1263 1953 1345 2008 bis
1372 1952 1547 2007 verbis
1590 1950 1914 2016 declaravit,

344 2052 487 2104 Sicut
531 2047 791 2103 abundant
837 2049 1099 2119 passiones
1147 2047 1334 2100 Christi
1376 2045 1429 2098 in
1459 2045 1631 2110 nobis,
1660 2042 1732 2096 sic
1767 2044 1916 2095 etiam

339 2140 563 2195 abundat
588 2139 868 2194 consolatio
889 2149 1061 2193 nostra
1093 2155 1112 2191 :
1141 2137 1226 2193 hic
1253 2145 1430 2192 autem
1457 2134 1599 2189 aliud
1625 2150 1654 2189 a
1682 2149 1740 2190 se
1770 2142 1916 2190 recte

336 2235 536 2289 factum
564 2241 972 2290 commemorat.
1019 2229 1300 2300 Quodnam
1355 2229 1492 2284 hoc?
1541 2227 1802 2296 Quoniam
1860 2227 1912 2280 in

337 2340 469 2395 pura
496 2324 818 2379 conscientia
848 2323 1173 2393 minimeque
1213 2323 1335 2376 ﬁcta
1365 2330 1543 2375 mente
1573 2320 1768 2389 ubique
1802 2327 1912 2372 ter-

333 2432 516 2471 rarum
542 2415 843 2472 conversati
873 2430 1079 2482 sumus,
1128 2414 1318 2484 inquit.
1361 2412 1476 2468 Hoc
1526 2427 1686 2483 porro
1713 2411 1779 2466 ad
1812 2427 1912 2465 no-

329 2521 501 2565 stram
527 2509 947 2565 consolationem
999 2517 1053 2564 et
1095 2505 1522 2564 coltortationem
1574 2520 1681 2560 non
1727 2519 1913 2574 parum

328 2601 592 2657 momenti
623 2601 818 2668 habet;
846 2615 948 2657 nec
993 2600 1059 2655 ad
1088 2598 1511 2655 consolationem
1543 2605 1785 2660 tantum,
1819 2594 1912 2650 sed

325 2696 398 2752 ad
423 2694 566 2751 aliud
595 2695 757 2751 etiam
784 2695 1025 2765 insuper,
1042 2693 1185 2766 quod
1213 2691 1575 2748 consolatione
1600 2689 1754 2759 longe
1777 2703 1912 2758 prm-

326 2790 563 2846 stantius
585 2799 691 2856 est,
723 2787 826 2844 hoc
848 2798 951 2855 est,
973 2790 1040 2843 ad
1065 2787 1454 2858 gloriationem.
1485 2784 1577 2838 His
1595 2793 1771 2838 autem
1789 2797 1910 2836 ver-

326 2881 418 2936 bis
459 2880 647 2950 partim
693 2895 787 2936 eos
834 2879 1026 2945 docet,
1054 2886 1112 2932 ut
1159 2879 1212 2932 in
1251 2875 1630 2932 afﬂictionibus
1691 2874 1910 2930 minime

325 2973 527 3028 animis
553 2971 890 3042 frangantur,
907 2971 1004 3027 sed
1033 2971 1206 3041 potius
1232 2970 1546 3042 glorientur,
1577 2985 1697 3025 cum
1723 2984 1906 3038 puram

324 3064 714 3121 conscientiam
741 3063 972 3119 habeant
999 3080 1014 3117 :
1041 3063 1236 3134 partim
1265 3063 1424 3117 etiam
1458 3061 1618 3116 falsos
1636 3061 1908 3132 apostolos

328 3157 498 3212 tacite
547 3155 880 3227 perstringit.
933 3153 1002 3209 Et
1037 3153 1484 3225 quemadmodum
1539 3153 1593 3206 in
1630 3153 1907 3222 superiore

324 3248 558 3318 epistola
599 3248 694 3311 ait,
731 3246 870 3302 Misit
896 3262 975 3301 me
1005 3245 1232 3302 Christus
1259 3255 1315 3299 ut
1341 3246 1695 3317 eoangelizem,
1720 3261 1818 3298 non
1854 3246 1905 3299 in

325 3341 582 3410 sapientia
607 3340 870 3406 sermonis,
898 3357 960 3394 ne
999 3348 1260 3394 evacuetur
1298 3355 1423 3394 crux
1446 3337 1634 3394 Christi
1673 3339 1749 3406 (l.
1783 3335 1901 3394 Cor.

329 3432 384 3485 1.
410 3429 497 3501 17)
519 3446 533 3495 ;
557 3439 630 3494 et,
655 3429 720 3486 Ut
741 3431 865 3500 fides
886 3441 1046 3485 vestra
1070 3447 1170 3485 non
1191 3432 1254 3484 sit
1277 3432 1326 3484 in
1347 3432 1592 3502 sapientia
1619 3431 1898 3494 hominum,

329 3524 424 3577 sed
454 3524 507 3576 in
541 3524 759 3590 potentia
791 3523 878 3577 Dei
905 3523 979 3596 (1.
1007 3522 1126 3580 Cor.
1152 3523 1205 3577 2.
1235 3525 1291 3592 5)
1325 3541 1337 3578 :
1369 3525 1446 3577 sic
1471 3525 1630 3578 etiam
1658 3523 1757 3577 hoc
1788 3525 1904 3577 loco

331 3618 434 3683 ait,
471 3613 591 3669 Non
619 3616 672 3670 in
695 3616 962 3686 sapientia,
991 3618 1079 3672 sed
1106 3616 1159 3670 in
1180 3618 1344 3689 gratia
1370 3617 1575 3671 Christi.
1598 3617 1734 3684 Quin
1760 3617 1901 3671 aliud

323 3722 542 3780 quoque
571 3707 654 3762 his
686 3708 862 3764 verbis
891 3709 1263 3775 subindicavit,
1302 3709 1418 3762 Non
1439 3709 1491 3762 in
1506 3710 1775 3778 sapientia,
1802 3709 1901 3764 hoc

321 3813 405 3858 est
425 3843 440 3867 ,
471 3817 578 3856 non
609 3802 662 3856 in
705 3800 891 3858 fraude
918 3821 931 3858 :
962 3804 1214 3858 nimirum
1258 3802 1344 3856 hic
1372 3817 1586 3872 quoque
1618 3800 1897 3870 profanam

321 3893 680 3949 eruditionem
723 3893 1006 3965 impetens.
1059 3892 1237 3949 Gloria
1281 3895 1412 3948 enim
1465 3905 1637 3946 nostra
1668 3893 1774 3947 haec
1803 3903 1895 3960 est,

322 3985 518 4056 inquit,
549 3986 891 4040 testimonium
919 3986 1236 4040 conscientia:
1261 3995 1464 4039 nostra.
1504 3984 1614 4038 lloc
1640 3993 1739 4049 est,
1771 3999 1898 4038 con-

321 4077 541 4132 scientia
589 4089 790 4141 nostra,
822 4093 941 4149 quas
980 4092 1080 4133 nos
1127 4077 1485 4132 condemnare
1528 4079 1729 4147 nequit,
1763 4085 1897 4132 tam-

318 4183 479 4237 quam
508 4167 596 4239 qui
619 4169 688 4223 ob
714 4168 956 4240 improba
983 4169 1214 4224 facinora
1262 4172 1610 4234 exagitentur.
1643 4169 1894 4237 Quamvis

317 4261 460 4314 enim
496 4259 790 4315 innumeris
815 4259 1204 4314 calamitatibus
1231 4259 1544 4323 afﬁciantur,
1565 4269 1720 4328 atque
1744 4260 1895 4313 undi-

317 4366 420 4420 que
468 4352 791 4424 impetamur
827 4361 882 4406 et
933 4350 1330 4421 periclitemur,
1395 4350 1548 4404 nobis
1599 4361 1776 4405 tamen
1825 4351 1891 4404 ad

316 4443 761 4510 consolationem,
791 4459 890 4500 nec
929 4443 996 4498 ad
1038 4442 1458 4498 consolationem
1508 4451 1709 4496 tantum
1736 4483 1750 4504 ,
1797 4441 1892 4496 sed

315 4537 478 4590 etiam
501 4535 564 4591 ad
588 4549 840 4591 coronam
869 4534 1065 4590 sufﬁcit
1094 4535 1419 4590 conscientia
1450 4550 1569 4604 qua:
1615 4549 1742 4603 pura
1786 4544 1888 4598 est,

316 4630 577 4700 nobisque
629 4629 731 4684 hoc
779 4630 1128 4694 testiﬁcatur,
1183 4643 1281 4683 nos
1333 4643 1436 4683 non
1476 4627 1694 4684 sceleris
1731 4628 1891 4684 ullius

314 4737 494 4785 causa,
528 4721 621 4777 sed
651 4722 721 4777 ob
752 4722 843 4777 Dei
872 4723 1222 4782 voluntatem.
1247 4721 1316 4776 ob
1343 4721 1593 4776 virtutem
1617 4762 1630 4785 ,
1677 4720 1746 4775 ob
1775 4721 1891 4790 phi-

315 4810 636 4883 losophiam,
666 4813 735 4868 ob
760 4813 1048 4870 multorum
1075 4813 1300 4868 salutem
1329 4812 1442 4867 haec
1473 4813 1602 4882 pati.
1635 4813 1712 4867 Ac
1740 4813 1889 4882 prior

311 4905 526 4971 quidem
559 4905 646 4960 illa
687 4907 982 4962 consolatio
1017 4921 1048 4960 a
1090 4905 1202 4959 Deo
1234 4905 1514 4970 manabat;
1560 4905 1674 4959 hac
1709 4913 1885 4959 autem

312 4994 376 5047 ah
427 4996 559 5067 ipsis
610 5006 769 5067 atque
798 5011 828 5050 a
873 4997 993 5052 vitae
1044 4996 1273 5066 puritate
1317 4995 1688 5065 colligebatur.
1721 4996 1878 5052 Unde

313 5084 470 5141 etiam
500 5085 725 5157 gloriam
759 5087 923 5154 ipsam
952 5094 1125 5153 vocat,
1153 5086 1402 5155 quoniam
1446 5086 1660 5154 propria
1697 5100 1882 5140 eorum

315 5177 504 5234 virtute
529 5180 958 5250 comparabatur.
988 5178 1240 5244 Quaenam
1264 5178 1421 5248 igitur
1449 5185 1532 5232 est
1556 5176 1670 5232 haec
1694 5177 1880 5247 gloria,

316 5278 366 5319 et
391 5270 646 5338 quidnam
670 5271 825 5326 nobis
848 5269 1172 5325 conscientia
1189 5278 1368 5324 nostra
1388 5268 1722 5332 testiﬁcatur,
1741 5269 1882 5334 Qun,

314 5359 444 5414 niant
473 5365 526 5417 in
564 5364 887 5433 simplicitate
913 5373 959 5416 et
998 5363 1051 5415 in
1078 5363 1404 5417 sinceritate?
1441 5363 1554 5418 [loc
1597 5371 1699 5427 est,
1749 5363 1880 5419 nihil

316 5447 724 5521 fraudulentum,
741 5453 871 5508 nihil
884 5469 978 5524 per
991 5452 1330 5525 hypocrisin],
1349 5469 1444 5524 per
1463 5455 1877 5521 simulationem,

314 5555 402 5606 μετ
429 5548 867 5613 assentationem,
904 5562 1001 5617 per
1027 5547 1264 5611 insidias,
1291 5562 1382 5616 per
1404 5546 1686 5614 fallaciam,
1707 5562 1768 5604 ac
1786 5564 1880 5618 per

311 5631 446 5690 aliud
475 5639 764 5710 quidquam
788 5638 1048 5708 ejusmodi
1076 5637 1329 5704 fecimus;
1358 5639 1450 5693 sed
1480 5640 1530 5693 in
1551 5640 1695 5694 omni
1721 5641 1880 5696 libero

309 5729 431 5797 tate,
467 5732 523 5788 in
551 5733 794 5801 veritate,
826 5734 877 5787 in
903 5747 1030 5803 pura
1076 5732 1398 5803 minimeque
1423 5733 1647 5804 maligna
1680 5735 1871 5790 volun-

630 5840 889 5899 ΡΑτιιοι..
935 5838 1053 5898 Gn.
1110 5841 1261 5900 LXI.

2037 850 2135 893 tes.
2168 838 2291 895 Non
2315 844 2368 897 in
2408 849 2656 917 sapientia
2680 855 2896 907 carnali.
2926 856 3038 914 lloc
3065 871 3166 925 est,
3194 880 3297 920 non
3319 868 3373 922 in
3400 869 3611 930 vafritie

2033 941 2081 986 et
2113 932 2474 1035 improbitate,
2526 955 2626 998 nec
2661 943 2715 998 in
2758 951 3023 1006 sermonis
3064 951 3306 1012 facundia
3361 978 3608 1035 nexuque

2031 1023 2416 1121 silphismatum
2458 1047 2471 1084 :
2506 1029 2621 1088 haec
2673 1035 2814 1090 enim
2866 1054 2958 1108 per
2986 1046 3255 1101 carnalem
3283 1023 3603 1121 sapientiam

2032 1116 2294 1214 intelligit.
2317 1124 2489 1214 Atque
2519 1125 2592 1189 id,
2611 1127 2753 1182 unde
2775 1130 2847 1184 illi
2871 1147 3192 1205 magnopere
3215 1116 3602 1214 gloriabantur,

2029 1208 2295 1265 inﬁciatur
2320 1213 2435 1283 ipse
2463 1231 2526 1271 ac
2564 1218 2736 1288 rejicit
2765 1237 2778 1274 :
2809 1238 2873 1276 ex
2905 1224 3193 1282 abundanti
3218 1208 3468 1291 videlicet
3504 1208 3595 1294 os;

2029 1301 2275 1400 tendens,
2301 1303 2440 1400 baud
2483 1307 2700 1379 dignum
2747 1314 2884 1369 istud
2916 1330 3058 1385 esse,
3092 1320 3159 1375 de
3185 1339 3289 1391 quo
3317 1329 3596 1400 quisquam

2026 1390 2316 1461 glorietur;
2345 1397 2536 1469 quippe
2565 1416 2684 1456 cum
2730 1403 2843 1473 ipse
2873 1421 2978 1461 non
3001 1410 3160 1464 modo
3188 1412 3238 1466 id
3282 1390 3387 1470 non
3417 1390 3598 1492 requi-

2025 1490 2125 1541 rat,
2151 1497 2329 1538 verum
2359 1487 2520 1542 etiam
2548 1492 2858 1549 submoveat
2887 1512 2948 1551 ac
2978 1499 3174 1568 probro
3202 1503 3381 1559 ducat.
3413 1487 3519 1563 Sed
3543 1513 3598 1566 in

2022 1574 2186 1642 gratia
2214 1574 2312 1631 Dei
2360 1584 2638 1637 conversati
2675 1601 2846 1640 sumus
2885 1589 2938 1642 in
2966 1591 3173 1646 mundo.
3221 1594 3355 1663 Quid
3384 1609 3495 1666 est,
3534 1601 3598 1656 In

2021 1667 2187 1763 gratia
2215 1666 2350 1723 Dei?
2388 1671 2498 1727 Hoc
2536 1684 2637 1738 est,
2663 1677 2974 1747 sapientiam
3013 1698 3074 1737 ac
3105 1690 3392 1754 potentiam
3430 1691 3595 1763 ipsius

2021 1760 2279 1818 beneﬁcio
2307 1765 2460 1822 nobis
2489 1782 2798 1824 concessam
2824 1787 2920 1842 per
2945 1777 3196 1833 miracula
3229 1760 3594 1843 declarantcs:

2021 1859 2179 1920 atque
2206 1851 2328 1908 hinc
2351 1856 2531 1925 etiam,
2563 1860 2724 1928 quod,
2747 1876 2867 1918 cum
2891 1865 3051 1921 rudes
3083 1884 3326 1928 essemus
3355 1875 3595 1948 nihilque

2019 1953 2254 2000 externa:
2267 1945 2523 2005 doctrina:
2539 1953 2810 2010 nobiscum
2824 1957 3158 2026 aﬁ'erremus,
3184 1964 3368 2021 doctos
3389 1945 3590 2040 tamen,

2017 2046 2278 2105 oratores,
2309 2039 2685 2112 philosophos,
2731 2063 2883 2118 reges
2910 2065 2971 2106 ac
3020 2056 3248 2123 populos
3287 2039 3590 2120 vicerimus.

2019 2124 2185 2182 Porro
2226 2145 2330 2184 non
2360 2133 2605 2222 rvulgaris
2630 2147 2714 2191 est
2759 2141 2873 2196 lucc
2895 2145 3193 2201 consolatio
3221 2165 3283 2204 ac
3320 2153 3588 2222 gloriatio,

2018 2232 2210 2287 nempe
2231 2221 2370 2290 quod
2415 2223 2515 2293 ipsi
2552 2225 2653 2281 sibi
2695 2233 2894 2286 conscii
2921 2235 3140 2301 essent,
3168 2255 3226 2293 se
3267 2221 3370 2296 non
3401 2243 3591 2299 huma-

2017 2327 2143 2402 natn
2188 2319 2474 2381 potentiam
2504 2317 2792 2388 adhibere,
2827 2323 2923 2379 sed
2971 2326 3148 2383 divina
3200 2334 3366 2402 gratia
3412 2339 3590 2392 omnia

2013 2400 2296 2505 conﬁcere.
2325 2403 2392 2459 In
2421 2409 2632 2463 mundo.
2683 2409 2756 2465 lla
2787 2427 2893 2469 non
2939 2415 3179 2474 Corinthi
3208 2400 3431 2480 tantum
3455 2469 3470 2493 ,
3494 2429 3591 2484 sed

2016 2507 2212 2559 passim
2238 2509 2449 2567 quoque
2480 2507 2591 2553 toto
2619 2509 2884 2558 terrarum
2907 2506 3058 2562 orbe.
3110 2511 3464 2571 Abundantius
3488 2535 3584 2572 au-

2014 2594 2110 2638 tent
2133 2588 2274 2656 apud
2298 2604 2403 2645 vos.
2428 2591 2564 2657 Quid
2592 2595 2950 2655 abundantius
2975 2601 3039 2656 ad
3069 2604 3280 2661 vosiln
3307 2612 3472 2679 gratia
3495 2612 3593 2668 Dei

2012 2681 2293 2736 conversati
2316 2699 2509 2738 sumus.
2539 2685 2676 2747 Nam
2704 2701 2757 2744 et
2783 2691 2933 2762 signa
2962 2704 3016 2748 et
3044 2697 3299 2754 miracula
3322 2705 3460 2774 apud
3493 2722 3590 2763 vos

2011 2771 2294 2837 edidimus,
2325 2783 2377 2829 et
2402 2775 2733 2847 diligentiam
2764 2783 3019 2850 majorem
3045 2771 3381 2848 adhibuimus
3399 2797 3592 2850 vitam-

2010 2877 2114 2932 que
2145 2865 2212 2918 ab
2231 2867 2375 2920 omni
2404 2868 2822 2938 reprehensione
2849 2875 3099 2930 alienam.
3142 2879 3270 2935 Nam
3323 2883 3424 2939 hoc
3450 2903 3586 2956 quo-

2010 2972 2113 3028 que
2141 2960 2362 3026 gratiam
2394 2961 2487 3017 Dei
2508 2975 2680 3029 vocat,
2713 2967 2961 3022 nimirum
3007 2986 3068 3024 ea
3096 2972 3276 3040 etiam,
3318 2993 3435 3046 qute
3464 2995 3586 3037 cum

2009 3049 2205 3105 virtute
2229 3053 2415 3121 gessit,
2452 3054 2550 3125 ipsi
2579 3056 2909 3114 adscribcns.
2945 3060 3060 3116 Illic
3102 3066 3242 3119 enim
3275 3067 3406 3122 ultra
3435 3082 3585 3142 septa

2011 3142 2257 3210 prosiliit,
2287 3143 2414 3199 dum
2445 3146 2562 3202 sine
2587 3159 2800 3218 sumptu
2839 3153 3173 3223 evangelium
3222 3170 3447 3227 poneret
3468 3203 3483 3225 ,
3528 3175 3587 3218 ut

2007 3245 2191 3287 eorum
2240 3233 2591 3291 imbecillitati
2638 3240 2968 3296 consuleret.
3015 3244 3098 3298 15.
3143 3244 3264 3300 Non
3307 3251 3438 3303 enim
3478 3253 3585 3308 alia

2003 3323 2267 3377 scribimus
2292 3326 2431 3380 vobis
2452 3367 2468 3394 ,
2513 3343 2666 3397 quam
2691 3345 2802 3398 qua
2828 3332 2993 3402 legitis
3028 3343 3073 3386 et
3113 3339 3408 3406 agnoscitis.
3440 3341 3584 3406 Quo-

2005 3415 2147 3469 niam
2175 3417 2450 3486 magniﬁca
2476 3418 2543 3472 de
2565 3434 2624 3473 se
2654 3422 3006 3491 proloquntus
3035 3424 3206 3480 fuerat
3233 3430 3440 3501 sibique
3472 3434 3573 3504 ipsi

2005 3505 2368 3560 testimonium
2401 3508 2628 3574 dixerat,
2663 3511 2715 3565 id
2746 3513 2885 3582 quod
2915 3515 3273 3584 importumnn
3301 3531 3433 3587 erat,
3457 3540 3579 3578 rur-

2003 3610 2121 3650 sum
2149 3611 2336 3651 eorum
2362 3615 2482 3672 quae
2525 3600 2656 3655 dicit
2701 3602 2845 3672 ipsos
2877 3616 3042 3662 tes1es
3069 3609 3330 3677 producit.
3359 3612 3436 3669 Ne
3460 3617 3580 3687 quis

2002 3687 2165 3753 enim,
2198 3689 2387 3759 inquit,
2414 3690 2684 3748 existimet
2708 3709 2792 3758 ea,
2825 3711 2943 3766 quae
2969 3711 2998 3751 a
3028 3714 3113 3754 me
3139 3699 3418 3770 dicuntur,
3450 3723 3580 3762 ver-

2000 3779 2190 3834 borum
2230 3781 2508 3837 dumtaxat
2556 3799 2802 3855 pompam
2843 3803 2962 3845 esse
3008 3807 3022 3844 :
3067 3791 3183 3846 haec
3233 3794 3375 3850 enim
3427 3799 3578 3856 vobis

1999 3885 2502 3940 commemoramus,
2551 3891 2669 3945 qua:
2714 3878 2865 3934 vobis
2908 3880 3036 3951 ipsis
3085 3884 3359 3952 explorata
3410 3901 3573 3956 sunt;

1997 3965 2247 4036 quodque
2287 3982 2386 4022 nos
2417 3967 2638 4024 minime
2684 3972 3024 4040 mentiamur,
3062 3990 3173 4045 prte
3219 3980 3430 4034 caneris
3476 3982 3576 4051 ipsi

1998 4065 2161 4110 testes
2191 4072 2310 4113 esse
2334 4061 2559 4130 queatis.
2598 4061 2859 4133 Legentes
2884 4065 3026 4120 enim
3058 4071 3368 4138 agnoscitis,
3399 4076 3564 4142 quod,

1995 4164 2117 4218 qua:
2146 4165 2243 4204 nos
2265 4166 2325 4206 re
2351 4153 2462 4221 ipsa
2494 4155 2806 4222 praestitisse
2841 4169 3172 4228 compertum
3222 4163 3431 4218 habetis
3452 4207 3465 4228 ,
3510 4182 3570 4220 ea

1997 4255 2092 4310 per
2131 4241 2314 4296 literas
2363 4259 2578 4314 quoque
2625 4247 3020 4315 praedicamus:
3065 4265 3162 4305 nec
3207 4255 3572 4310 testimonium

1995 4342 2231 4387 vestrum
2263 4335 2429 4390 literis
2461 4338 2660 4391 nostris
2684 4350 2966 4409 repugnat,
2995 4342 3090 4394 sed
3118 4358 3301 4398 earum
3334 4346 3568 4413 ipsarum

1996 4424 2208 4479 lectioni
2253 4438 2511 4480 consonat
2543 4427 2656 4482 haec
2686 4432 2920 4500 cognitio
2940 4472 2954 4498 ,
2983 4447 3142 4501 quam
3169 4444 3294 4490 ante
3320 4435 3387 4491 de
3414 4440 3569 4496 nobis

1995 4515 2290 4572 habebatis.
2321 4518 2410 4573 14.
2436 4518 2584 4572 Sicut
2600 4530 2646 4574 et
2663 4526 2961 4592 cognovistis
2985 4539 3076 4577 nos
3099 4541 3161 4578 ea:
3189 4535 3354 4595 parte.
3377 4527 3561 4600 Neque

1993 4608 2135 4662 enim
2165 4624 2232 4663 ex
2283 4610 2508 4664 aliorum
2558 4626 2809 4666 sermone
2836 4627 2925 4666 res
2956 4624 3168 4670 nostras
3197 4620 3523 4687 cognovistis
3544 4664 3561 4688 ,

1991 4699 2083 4752 sed
2112 4714 2177 4753 ex
2205 4700 2317 4769 ipsa
2346 4702 2692 4770 experientia.
2738 4701 2870 4757 lllud
2897 4714 3072 4760 autem
3097 4747 3115 4772 ,
3141 4705 3224 4761 Ea:
3247 4718 3424 4778 parte,
3452 4727 3565 4767 mo-

1989 4791 2175 4848 destite
2216 4809 2376 4849 causa
2405 4795 2556 4850 dixit.
2602 4796 2710 4850 lloc
2741 4797 2882 4851 enim
2933 4798 3031 4868 ipsi
3061 4799 3113 4853 in
3145 4816 3294 4856 more
3332 4804 3563 4873 positum

1988 4895 2090 4950 est,
2117 4900 2238 4939 cum
2269 4889 2587 4943 necessitate
2616 4887 2877 4944 adductus
2903 4889 2922 4961 (
2950 4905 3121 4960 neque
3140 4893 3283 4947 enim
3305 4895 3436 4950 alias
3460 4895 3563 4951 hoc

1988 4974 2136 5047 facit)
2159 4978 2335 5048 magni
2383 4977 2449 5033 de
2488 4993 2548 5033 se
2572 4978 2840 5048 quidpiam
2870 4983 3260 5051 pronuntiarit,
3289 4994 3346 5038 ut
3373 5000 3559 5040 eorum

1986 5084 2106 5137 qua:
2147 5069 2282 5122 dixit
2331 5079 2594 5124 tumorem
2645 5072 2825 5125 statim
2875 5074 3147 5127 retundat.
3193 5075 3356 5144 Spero
3391 5085 3560 5131 autent

1984 5161 2118 5222 quod
2147 5165 2297 5213 etiam
2317 5177 2475 5230 usque
2501 5161 2555 5214 in
2578 5161 2727 5231 ﬁnem
2751 5165 3080 5233 cognoscetis.

2101 5297 2113 5306 .
2140 5249 2302 5305 Vides
2343 5265 2554 5305 rursum
2581 5267 2687 5322 quo
2716 5263 2872 5322 pacto
2902 5269 2930 5306 a
2961 5255 3246 5321 prazteritis
3275 5254 3432 5311 ﬁdem
3464 5257 3552 5312 fu-

1984 5345 2115 5395 turis
2142 5342 2384 5396 adstruat
2405 5384 2420 5408 ,
2451 5357 2550 5398 nec
2573 5359 2602 5397 a
2634 5345 2912 5414 prasteritis
2950 5355 3153 5400 tantum
3173 5388 3188 5412 ,
3221 5348 3314 5402 sed
3339 5350 3496 5403 etiam
3523 5365 3554 5402 a

1986 5432 2078 5486 Dei
2125 5432 2407 5500 potentia?
2454 5433 2635 5503 Neque
2661 5435 2804 5489 enim
2836 5437 3079 5492 absolute
3114 5439 3388 5492 afﬁrmavit
3411 5480 3427 5504 ,
3457 5437 3554 5492 sed

1984 5522 2087 5576 hoc
2117 5533 2284 5577 totum
2314 5522 2380 5576 ad
2411 5523 2582 5593 ipsum
2610 5541 2886 5596 spemque,
2912 5544 3071 5598 quam
3102 5529 3151 5582 in
3181 5531 3296 5599 ipso
3324 5529 3548 5598 positam

1984 5616 2165 5682 habet,
2217 5617 2486 5686 relegavit.
2535 5617 2682 5683 Quod
2722 5622 2883 5690 gloria
2912 5633 3073 5674 vestra
3098 5637 3302 5684 sumus,
3329 5620 3458 5673 sicut
3499 5628 3548 5670 et

1983 5727 2069 5764 vos
2099 5721 2271 5764 nostra
2296 5712 2346 5765 in
2373 5712 2454 5766 die
2480 5709 2684 5766 Domini
2726 5714 2884 5767 nostri
2906 5712 3030 5768 Jesu
3056 5712 3260 5766 Christi.
3295 5709 3406 5762 Hoc
3435 5709 3551 5761 loco

3133 5818 3209 5874 26
