4070 6152
1090 277 1146 337 S.
1188 275 1461 336 JOANNIS
1495 266 1958 330 CHRYSOSTOMI
2001 265 2312 323 ARCl-IIEP.
2355 263 2885 324 CONSTANTINOP.
3565 272 3668 328 ωδ

2093 385 2263 438 dentia
2290 384 2511 438 volebam
2540 382 2681 452 prius
2707 385 2873 440 venire
2898 381 2965 436 ad
2990 398 3095 438 vos.
3122 379 3366 449 Quanam
3392 381 3675 450 conﬁden-

2094 477 2165 532 tia
2182 477 2206 530 ’ἒ
2226 476 2377 543 Quod
2396 477 2578 530 virtuti
2599 486 2790 530 vestra:
2806 475 3062 546 majorem
3085 475 3137 529 in
3155 474 3372 529 modum
3389 474 3679 544 conﬁdam,

2094 571 2236 642 quod
2269 579 2486 640 propter
2514 585 2609 624 vos
2635 569 2854 640 glorier,
2876 567 3018 640 quod
3045 567 3298 639 gloriatio
3327 577 3511 623 nostra
3539 567 3680 634 sitis,

2096 663 2239 734 quod
2285 677 2379 718 vos
2417 663 2572 717 unice
2601 677 2772 717 amem
2791 703 2805 727 ,
2833 660 2976 731 quod
3009 660 3210 716 nullius
3235 660 3362 714 mali
3392 659 3523 715 mihi
3549 674 3682 715 con-

2096 755 2239 810 scius
2269 754 2393 820 sim,
2422 753 2564 824 quod
2604 768 2708 808 non
2745 752 2980 807 dubitem
3021 753 3148 820 quin
3189 751 3371 806 omnia
3405 750 3547 823 apud
3587 767 3685 808 nos

2097 847 2392 916 spiritualia
2423 847 2549 910 sint,
2579 860 2643 901 ac
2671 860 2766 900 vos
2795 844 2983 899 harum
3025 860 3206 900 rerum
3242 853 3409 900 testes
3436 843 3683 899 habeam.

2114 937 2351 994 Volebam
2375 939 2543 994 uenire
2571 938 2640 991 ad
2655 953 2762 1003 vos,
2788 938 2873 992 16.
2902 949 2950 990 et
2977 953 3063 1006 per
3083 952 3168 990 vos
3200 937 3418 990 transire
3437 936 3488 990 in
3517 935 3690 991 Mace-

2103 1031 2328 1086 doniam.
2357 1031 2514 1100 Atqui
2545 1031 2872 1086 contrarium
2895 1030 2944 1082 in
2968 1028 3146 1098 priore
3173 1027 3396 1098 epistola
3425 1027 3692 1097 pollicitus

2106 1123 2296 1188 fuerat,
2330 1123 2415 1178 his
2447 1123 2625 1178 verbis
2654 1132 2808 1177 utens
2842 1137 2855 1173 :
2897 1120 3105 1174 Veniant
3137 1130 3303 1173 autent
3339 1121 3406 1173 ad
3442 1136 3549 1184 vos,
3572 1136 3692 1172 cum

2108 1215 2464 1271 Macedoniam
2488 1216 2736 1269 transiero
2761 1230 2779 1267 :
2811 1213 3164 1266 Macedoniam
3192 1212 3326 1266 enim
3356 1212 3691 1282 pertransibo.

409 286 508 344 407

411 402 665 457 invidiam
695 442 710 465 ,
736 412 894 472 quam
923 411 985 453 ea
1014 409 1133 465 quae
1176 393 1423 463 superius
1451 389 1660 446 dixerat
1679 387 1779 457 ipsi
1805 385 1986 440 conci-

413 491 526 551 ﬁtre
554 499 853 566 potuerant,
879 487 1125 553 succidit,
1153 485 1280 539 dum
1311 483 1376 538 ad
1403 495 1589 538 eorum
1616 493 1737 550 quae
1757 486 1904 532 recte
1930 483 1984 529 et

412 603 533 643 cum
561 587 753 639 virtute
779 588 1018 652 gesserat
1047 576 1374 633 consortium
1401 589 1465 629 ac
1494 572 1802 627 societatem
1829 570 1974 639 ipsos

417 676 686 731 adsciscit.
723 673 834 728 Non
865 671 1006 725 enim
1058 668 1197 722 intra
1247 681 1347 720 nos
1372 664 1767 728 constiterunt,
1799 659 1892 714 sed
1925 657 1992 714 ad

419 784 512 823 vos
540 779 754 837 quoque
804 763 1078 818 dimanant
1099 799 1116 827 ,
1147 775 1210 813 ac
1236 757 1470 813 vicissim
1501 771 1530 810 a
1561 755 1712 809 vobis
1758 751 1824 806 ad
1872 766 1988 806 nos.

420 859 686 929 Quoniam
736 856 879 912 enim
927 853 1164 924 seipsum
1191 850 1494 917 extulerat,
1520 861 1580 902 ac
1606 845 1993 917 praeteritorum

416 959 786 1022 argumentum
812 946 1145 1008 exhibuerat,
1160 952 1213 997 et
1233 941 1302 997 de
1321 939 1514 995 futuris
1529 937 1910 1009 Spapouderat,
1929 948 1997 989 ne

420 1043 693 1097 auditores
721 1054 843 1095 eum
879 1047 1148 1107 tamquam
1176 1049 1366 1104 magna
1409 1032 1476 1087 de
1519 1047 1577 1086 se
1620 1029 1997 1100 praedicantem

425 1139 775 1200 incesserent,
799 1130 1028 1202 atquein
1049 1127 1322 1191 invidiam,
1345 1134 1402 1180 ttt
1422 1125 1551 1187 dixi,
1574 1122 1996 1193 prolaberentur,

373 1244 379 1250 '
427 1229 795 1298 gloriationcm
823 1239 943 1280 cum
966 1223 1094 1293 ipsis
1117 1220 1500 1284 communicat,
1529 1226 1686 1285 atque
1713 1216 1850 1269 hanc
1877 1213 1996 1267 lau-

327 1312 339 1335 ‘
430 1321 555 1375 dum
597 1333 849 1374 coronam
897 1316 963 1370 ad
1013 1315 1156 1386 ipsos
1185 1313 1452 1382 pertinere
1483 1309 1577 1364 ait.
1623 1308 1755 1363 Nam
1798 1306 1842 1362 si
1871 1305 2004 1359 tales

431 1427 782 1482 appareamus
803 1451 822 1475 ,
865 1407 1070 1479 inquit,
1104 1413 1286 1460 nostra
1332 1405 1447 1459 laus
1476 1410 1650 1458 vestra
1681 1401 1848 1470 gloria
1877 1407 1960 1454 est
1989 1414 2002 1449 :

433 1500 882 1574 quemadmodum
928 1498 1133 1553 scilicet
1159 1510 1258 1549 nos
1285 1507 1530 1564 quoque,
1573 1492 1698 1545 dum
1728 1504 1824 1544 vos
1852 1487 2009 1543 laude

438 1607 597 1666 atque
627 1594 790 1664 gloria
821 1590 1043 1654 ﬁoretis,
1078 1587 1408 1645 exsultamus
1427 1626 1442 1646 ,
1469 1584 1725 1655 gestimus
1754 1590 1808 1636 et
1850 1595 2008 1636 curo-

441 1704 649 1742 namur.
683 1689 851 1756 Atque
880 1683 966 1738 hic
1008 1695 1222 1752 quoque
1266 1694 1455 1734 rursus
1492 1693 1586 1748 per
1610 1691 1672 1731 ea
1694 1689 1812 1746 qua:
1845 1673 2010 1739 dixit,

441 1785 708 1851 ingentem
762 1776 1074 1832 humilitatis
1123 1787 1234 1829 sua).
1283 1769 1724 1843 signiﬁcationem
1791 1767 2011 1838 praebet.

441 1873 559 1928 Non
606 1871 746 1927 enim
779 1879 833 1925 ut
863 1867 1112 1940 Magister
1159 1865 1226 1920 ad
1266 1863 1556 1934 discipulos
1581 1905 1596 1928 ,
1631 1860 1724 1917 sed
1751 1869 1808 1915 ut
1853 1858 2017 1914 disci-

440 1965 595 2035 pulus
645 1961 933 2032 discipulos
987 1959 1304 2028 alloquens,
1362 1955 1434 2010 ita
1487 1967 1795 2009 sermonem
1868 1967 2010 2008 exae-

441 2066 589 2128 quat.
641 2057 718 2110 Ac
779 2054 901 2109 vide
951 2068 1056 2122 quo
1119 2058 1274 2120 pacto
1319 2065 1413 2104 eos
1474 2047 1732 2102 sublimes
1771 2044 2018 2110 efﬁciat,

439 2166 504 2204 ac
549 2145 884 2220 phil050phia
934 2143 1171 2213 impleat,
1219 2141 1345 2195 dum
1393 2140 1537 2209 ipsos
1571 2137 1637 2193 ad
1686 2138 1834 2192 illum
1879 2137 2022 2194 diem

445 2238 780 2295 transmittit.
827 2236 904 2290 Ne
951 2234 1094 2289 enim
1142 2231 1270 2286 mihi
1314 2229 1600 2300 prtesentia
1641 2243 2026 2284 commemore-

449 2336 539 2397 tis,
591 2331 788 2400 inquit,
832 2327 936 2381 hoc
977 2334 1060 2381 est
1100 2324 1317 2394 probra,
1360 2321 1637 2387 convicia,
1693 2330 1982 2375 scommata
2007 2361 2021 2384 ,

448 2441 566 2495 quae
591 2422 740 2476 vobis
770 2436 798 2473 a
833 2417 1100 2489 plerisque
1127 2414 1430 2470 inferuntur
1454 2431 1470 2481 ;
1500 2428 1674 2483 neque
1700 2413 1842 2468 enim
1871 2411 2028 2481 quid-

451 2529 609 2585 quam
674 2511 758 2566 hic
812 2509 983 2580 magni
1041 2507 1298 2562 momenti
1360 2513 1480 2572 est,
1545 2519 1648 2560 non
1711 2505 1872 2567 laeta,
1924 2517 2029 2559 non

452 2606 692 2670 molesta,
717 2619 821 2658 non
845 2608 1158 2666 scommata,
1184 2615 1288 2654 non
1319 2598 1568 2654 humanae
1593 2597 1777 2652 laudes
1803 2615 1816 2652 :
1845 2611 2030 2654 verum

454 2694 716 2751 tremendi
754 2693 895 2748 illius
928 2701 1087 2762 atque
1125 2689 1377 2745 horrendi
1403 2688 1507 2744 diei
1538 2687 1688 2743 vobis
1720 2689 1771 2742 in
1801 2697 2033 2742 mentem

457 2789 654 2855 veniat,
683 2789 735 2843 in
761 2801 867 2858 quo
895 2786 1072 2842 omnia
1115 2794 1297 2855 aperta
1326 2791 1502 2838 erunt.
1533 2781 1666 2836 Tum
1690 2782 1832 2836 enim
1856 2790 1911 2836 et
1937 2796 2035 2836 nos

458 2883 510 2936 in
541 2881 710 2944 vobis,
737 2890 790 2936 et
819 2894 915 2934 vos
941 2879 995 2934 in
1023 2877 1177 2934 nobis
1204 2875 1582 2948 gloriabimini,
1605 2889 1725 2930 cum
1756 2883 1810 2930 et
1837 2889 1931 2929 vos
1959 2882 2036 2927 ta-

458 2973 538 3028 les
567 2973 848 3043 magistros
889 2969 1133 3024 habuisse
1165 2967 1502 3037 perSpicuum
1530 2966 1653 3033 erit,
1687 2966 1777 3036 qui
1805 2980 1905 3020 nec
1936 2965 2035 3017 lut-

461 3063 604 3118 mani
633 3061 920 3132 quidquam
963 3058 1241 3114 docuerint
1259 3098 1274 3122 ,
1299 3071 1399 3111 nec
1427 3055 1666 3124 improbe
1693 3070 1757 3109 ac
1781 3055 2039 3125 ﬂagitiose

463 3153 712 3217 vixerint,
737 3165 836 3206 nec
865 3150 1024 3205 ullam
1052 3149 1160 3204 vitii
1189 3162 1372 3203 ansam
1403 3147 1645 3217 cuiquam
1676 3147 2038 3216 porrexerint,

466 3261 528 3299 ac
559 3245 712 3299 nobis
737 3258 922 3298 rursus
967 3242 1100 3298 tales
1145 3239 1433 3310 discipulos
1479 3238 1665 3306 fuisse,
1697 3238 1786 3308 qui
1813 3251 1910 3292 nec
1941 3238 2041 3290 htt-

471 3337 610 3392 utani
641 3335 838 3407 aliquid
871 3335 1009 3405 passi
1041 3333 1252 3398 fuerint,
1278 3347 1379 3387 nec
1406 3329 1727 3396 vacillarint,
1757 3327 1850 3384 sed
1881 3327 2044 3382 alacri

469 3445 531 3486 ac
576 3438 820 3500 prompto
857 3429 1038 3483 animo
1082 3435 1272 3482 cuncta
1315 3424 1645 3496 exceperint,
1691 3438 1790 3478 nec
1833 3421 1935 3477 ulla
1979 3437 2045 3476 ex

470 3533 621 3596 parte
653 3523 908 3579 fallaciam
935 3521 1037 3578 sibi
1067 3521 1180 3576 ﬁeri
1206 3520 1565 3592 permiserint.
1596 3517 1664 3574 Et
1693 3518 1807 3573 haec
1833 3517 2046 3587 quidem

474 3632 614 3671 nunc
644 3625 822 3671 mente
849 3614 1082 3684 prteditis
1109 3613 1383 3668 manifesta
1406 3620 1553 3677 sunt,
1576 3620 1687 3666 tum
1716 3620 1891 3664 autem
1913 3623 2045 3663 cun-

468 3711 571 3764 ctis
597 3717 771 3764 erunt.
798 3707 976 3776 itaque
1001 3705 1207 3761 etiamsi
1231 3720 1370 3760 nunc
1389 3704 1693 3774 afﬂigimur,
1720 3718 1822 3758 nou
1849 3703 2051 3758 medio-

476 3801 582 3852 cris
614 3800 725 3852 hac
751 3811 961 3866 quoilue
988 3795 1140 3850 nobis
1160 3795 1453 3850 consolatio
1473 3795 1709 3864 suppetit
1739 3813 1750 3848 :
1782 3810 1900 3864 qum
1929 3793 2051 3863 qui-

476 3891 598 3943 dem
620 3905 758 3944 nunc
774 3905 802 3942 a
817 3888 1142 3942 conscientia
1157 3888 1526 3957 proficiscitur,
1539 3897 1647 3943 tum
1666 3899 1844 3943 autem
1858 3889 1924 3943 ab
1941 3890 2050 3958 ipsa

479 3979 921 4034 mauifestatione.
945 3978 1097 4034 Nunc
1123 3979 1264 4034 enim
1290 3980 1614 4035 conscientia
1637 3979 1848 4048 quidem
1873 3989 2054 4035 nostra

478 4075 579 4129 hoc
607 4080 943 4144 perspectum
972 4071 1149 4137 habet,
1169 4085 1266 4126 nos
1295 4071 1388 4126 Dei
1419 4072 1586 4142 gratia
1609 4072 1789 4126 omnia
1820 4070 2053 4136 efﬁcere,

476 4163 924 4236 quemadmodum
953 4164 1052 4234 ipsi
1081 4177 1293 4233 quoque
1320 4163 1468 4218 scitis
1510 4178 1573 4219 ac
1613 4164 1793 4218 scietis
1819 4181 1832 4218 :
1863 4172 1918 4218 at
1946 4172 2056 4217 tum

479 4276 664 4316 omnes
689 4259 850 4315 etiam
881 4257 1160 4325 mortales,
1189 4264 1295 4311 tam
1326 4265 1544 4323 nostra,
1575 4270 1735 4326 quam
1764 4265 1938 4310 vestra
1968 4269 2059 4309 co.

479 4360 735 4423 guoscent
753 4393 766 4418 ,
802 4364 1006 4421 nosque
1033 4357 1220 4404 mutuo
1249 4347 1382 4402 alios
1409 4347 1476 4403 ab
1499 4347 1622 4402 aliis
1647 4345 1903 4403 celebrari
1933 4361 2058 4416 per—

480 4448 724 4516 spicieut.
757 4444 968 4499 Etenim
997 4458 1066 4499 ne
1091 4443 1240 4498 solus
1271 4444 1382 4513 ipse
1411 4441 1749 4512 splendorem
1779 4457 1844 4497 ex
1869 4442 2061 4511 gloria-

479 4540 626 4593 tione
653 4536 905 4607 consequi
938 4535 1212 4597 videatur,
1243 4535 1371 4604 ipsis
1398 4547 1608 4603 quoque
1637 4533 1894 4602 gloriandi
1931 4548 2058 4587 cau-

482 4644 594 4684 sam
619 4627 840 4698 praabct,
855 4636 1012 4697 atque
1031 4641 1060 4680 a
1081 4625 1435 4696 praesentibus
1457 4625 1716 4680 molestiis
1739 4640 1833 4680 eos
1854 4635 2058 4680 avocat.

484 4719 743 4789 Quodque
770 4718 822 4772 in
849 4717 1216 4773 consolatione
1246 4715 1444 4772 fecerat
1463 4755 1478 4780 ,
1507 4731 1628 4770 cum
1659 4715 1896 4781 diceret,
1930 4715 2062 4768 Pro-

486 4821 602 4881 ptcr
633 4826 727 4866 vos
754 4812 1120 4866 consolatione
1150 4811 1433 4877 afﬁcimur,
1467 4809 1569 4866 hoc
1595 4810 1755 4866 etiam
1789 4811 1874 4864 hic
1901 4809 2021 4864 facit
2045 4849 2060 4871 ,

486 4921 607 4959 euut
635 4904 728 4967 ait,
765 4904 985 4972 Propter
1011 4919 1106 4959 vos
1134 4904 1444 4974 gloriamur,
1476 4903 1924 4974 quemadmodum
1969 4919 2063 4956 vos

489 5012 702 5067 quoque
720 5005 937 5065 propter
955 5010 1053 5050 nos
1068 5013 1082 5048 :
1098 4995 1294 5065 ubique
1306 4995 1509 5050 scilicet
1522 5011 1616 5050 eos
1633 5010 1812 5050 rerum
1828 4997 2062 5049 omnimn

487 5087 661 5142 socios
687 5087 964 5154 adhibens,
993 5085 1398 5154 consolationis,
1423 5088 1749 5157 passionum,
1779 5103 1889 5143 sua:
1915 5087 2066 5141 deui-

487 5196 593 5251 que
621 5181 836 5234 salutis:
857 5197 976 5236 nam
1005 5182 1138 5235 hanc
1160 5179 1384 5236 salutem
1413 5181 1662 5251 precibus
1681 5197 1894 5252 quoque
1917 5181 2061 5250 ἱμευ-

489 5291 606 5329 rum
628 5273 860 5343 assignat
888 5291 900 5326 :
930 5274 1296 5342 Adjuuantibus
1314 5274 1478 5335 enim,
1503 5273 1695 5341 inquit,
1719 5274 1854 5326 vobis
1875 5274 1924 5325 in
1952 5289 2069 5326 ora-

489 5367 643 5429 tione,
672 5362 809 5417 Deus
828 5381 918 5417 nos
939 5365 1140 5432 eripuit.
1166 5364 1245 5418 Ad
1275 5365 1416 5419 hunc
1442 5365 1596 5434 igitur
1614 5365 1827 5419 modum
1850 5381 1911 5418 ea
1939 5380 2070 5433 quo-

489 5472 614 5526 que,
647 5455 715 5510 ob
744 5469 863 5525 quae
890 5455 1164 5522 gloriatur,
1196 5457 1496 5510 communia
1520 5472 1638 5511 cum
1669 5457 1798 5526 ipsis
1830 5456 1970 5510 facit.
2001 5455 2068 5512 Ut

490 5550 632 5603 enim
659 5549 768 5602 illic
787 5547 882 5612 ait,
911 5547 1138 5603 Scienm
1165 5548 1404 5618 quoniam
1426 5549 1552 5602 sicut
1578 5550 1700 5603 socii
1729 5551 1845 5603 estis
1875 5548 2068 5619 prmio-

493 5660 612 5697 num
634 5683 648 5707 ,
678 5643 750 5696 ita
779 5651 825 5697 et
853 5641 1208 5696 consolationis
1234 5657 1254 5695 :
1283 5641 1470 5696 eodem
1499 5642 1583 5696 hic
1619 5658 1830 5712 quoque
1877 5658 2033 5696 titoao
2051 5683 2066 5708 ,

495 5733 670 5789 Gloria
696 5745 858 5790 restra
883 5751 1079 5804 sumus,
1106 5741 1161 5788 ut
1187 5745 1234 5788 et
1258 5750 1343 5790 ros
1369 5743 1556 5790 nostra.
1588 5734 1671 5790 l5.
1703 5732 1766 5788 Et
1793 5737 1884 5788 hac
1907 5732 2067 5803 con/i-

2107 1308 2205 1376 Qui
2236 1308 2294 1362 ﬁt
2321 1308 2519 1377 itaque,
2546 1315 2604 1361 ut
2631 1305 2717 1359 hic
2746 1304 3029 1375 pugnantia
3060 1303 3238 1358 dicat?
3264 1303 3378 1358 Non
3409 1303 3694 1373 pugnantia

2109 1401 2260 1466 dicit,
2304 1400 2443 1455 absit
2469 1418 2483 1454 :
2518 1398 2634 1454 ham
2662 1399 2804 1453 enim
2830 1412 2949 1452 cum
2978 1398 3044 1452 iis
3071 1397 3285 1468 quidem
3313 1413 3434 1468 qua:
3463 1398 3698 1467 scripse-

2110 1504 2215 1561 rat,
2245 1494 2589 1564 pugnabant;
2615 1507 2736 1548 cum
2765 1492 2829 1546 iis
2858 1501 3057 1557 autem,
3091 1507 3209 1562 qua)
3237 1491 3290 1546 in
3323 1491 3505 1545 animo
3535 1491 3697 1547 habe-

2114 1587 2236 1652 bat,
2265 1585 2483 1641 minime
2526 1585 2848 1656 pugnabant.
2893 1583 3015 1638 Ideo
3046 1599 3151 1638 non
3182 1583 3270 1638 hic
3299 1583 3467 1649 dixit,
3499 1583 3700 1654 Scripsi

2117 1694 2204 1732 me
2225 1692 2318 1747 per
2338 1693 2430 1731 vos
2448 1677 2500 1731 in
2520 1676 2882 1731 Macedoniam
2906 1676 3272 1740 transiturum,
3294 1675 3405 1739 sed,
3445 1673 3701 1730 Volebam.

2117 1768 2247 1823 Nam
2279 1768 2488 1825 etiamsi
2518 1782 2625 1822 non
2657 1769 2728 1822 ita
2757 1768 3062 1838 scripserim
3087 1809 3102 1833 ,
3135 1768 3336 1837 inquit,
3367 1777 3545 1822 tamen
3587 1778 3704 1823 stu-

2119 1860 2311 1915 debam
2335 1875 2399 1916 ac
2425 1861 2703 1930 cupiebam
2745 1861 2892 1930 prius
2930 1876 3142 1932 quoque
3171 1861 3238 1917 ad
3270 1875 3364 1916 vos
3395 1861 3656 1931 proﬁcisci
3685 1879 3702 1928 ;

2121 1958 2430 2021 tantumque
2458 1951 2629 2015 abest,
2659 1959 2719 2006 ut
2746 1952 2921 2007 serius
2947 1967 3106 2022 quam
3139 1953 3482 2021 promiseram
3507 1951 3574 2006 ad
3606 1967 3708 2007 vos

2124 2060 2209 2098 tne
2234 2044 2550 2110 conferrem,
2575 2051 2634 2098 ut
2658 2043 2826 2113 ipsam
2847 2059 3066 2116 quoque
3091 2043 3527 2116 pollicitationem
3556 2055 3700 2100 ante.

2123 2146 2333 2193 vertere
2353 2151 2624 2206 cuperem.
2653 2135 2723 2192 Ut
2742 2138 3017 2192 secundam
3037 2139 3254 2208 gratiam
3279 2139 3548 2193 haberetis.
3571 2139 3711 2206 Quid

2126 2242 2228 2299 est,
2261 2231 2551 2286 Secundam
2571 2231 2598 2283 ?
2629 2230 2903 2301 Duplicem
2935 2248 2950 2285 :
2982 2231 3207 2286 alteram
3239 2247 3431 2302 nempe
3462 2246 3556 2302 per
3588 2231 3711 2286 lite-

2128 2343 2234 2393 ras,
2264 2327 2486 2382 alteram
2514 2341 2610 2395 per
2641 2323 3000 2395 praesentiam.
3030 2324 3133 2380 Per
3167 2327 3390 2395 gratiam
3424 2341 3587 2397 porro
3614 2326 3712 2380 hoc

2129 2421 2248 2477 loco
2274 2419 2512 2474 laetitiam
2539 2417 2806 2488 intelligit.
2841 2416 2906 2471 Et
2936 2433 3025 2484 per
3045 2433 3130 2471 vos
3151 2418 3364 2471 transire
3388 2418 3442 2470 in
3473 2416 3712 2470 Macedo-

2132 2511 2290 2574 niam,
2319 2519 2364 2564 et
2391 2525 2566 2564 rursus
2595 2525 2626 2562 a
2657 2507 2959 2562 Macedonia
2989 2507 3204 2562 transire
3231 2507 3298 2560 ad
3325 2524 3429 2574 vos,
3455 2518 3500 2561 et
3525 2525 3555 2560 a
3583 2509 3718 2561 vobis

2132 2603 2314 2658 deduci
2336 2605 2389 2658 in
2416 2601 2673 2657 Judteam.
2717 2602 2804 2657 Π.
2833 2600 2958 2656 Cum
2983 2616 3102 2672 ergo
3130 2601 3222 2654 hoc
3247 2601 3446 2666 vellem,
3476 2601 3719 2669 numquid

2133 2694 2336 2749 levitate
2359 2710 2481 2748 usus
2507 2693 2666 2748 sum?

2205 2786 2258 2841 5.
2289 2785 2383 2840 Hic
2407 2784 2516 2854 jam
2547 2794 2690 2840 recta
2718 2792 2770 2840 et
2796 2792 2981 2854 aperte
3031 2784 3386 2841 cunctationis
3441 2786 3718 2841 absentia:-

2136 2891 2239 2947 que
2264 2877 2466 2932 crimen
2493 2891 2522 2930 a
2550 2893 2608 2932 se
2636 2878 2932 2947 propulsat.
2958 2877 3107 2943 Quod
3136 2877 3279 2932 enim
3307 2878 3402 2944 ait,
3433 2878 3572 2933 hanc
3595 2895 3720 2932 seu-

2139 2968 2358 3022 teutiam
2408 2967 2611 3023 habet:
2646 2967 2898 3022 Volebam
2948 2969 3132 3024 venire
3170 2967 3236 3023 ad
3284 2983 3379 3023 vos
3409 2986 3424 3024 :
3455 2985 3550 3024 cur
3593 2985 3719 3040 ergo

2141 3076 2244 3114 non
2267 3060 2427 3114 veni?
2447 3076 2512 3114 an
2535 3059 2675 3128 quod
2702 3059 2910 3115 levitate
2932 3070 2985 3114 et
3007 3060 3361 3114 inconstantia
3386 3059 3720 3115 laborarem?

2144 3154 2243 3208 hoc
2270 3152 2412 3208 enim
2439 3151 2692 3222 signiﬁcat
2723 3152 2883 3216 istud,
2912 3151 3178 3224 Numquid
3204 3153 3401 3208 levitate
3424 3169 3542 3208 usus
3567 3153 3720 3207 sum!

2143 3244 2378 3299 Minime.
2409 3243 2548 3311 Quid
2574 3243 2730 3314 igitur
2756 3259 2928 3299 causa:
2956 3245 3078 3299 est?
3124 3245 3378 3313 Quoniam
3406 3263 3514 3317 qua
3537 3247 3722 3318 cogito,

2145 3353 2248 3391 non
2275 3337 2549 3390 secundum
2575 3352 2776 3390 carnem
2801 3337 2983 3406 cogito.
3016 3335 3150 3404 Quid
3180 3346 3282 3402 est,
3309 3336 3434 3391 Non
3455 3339 3726 3393 secundum

2145 3446 2347 3485 carnem
2367 3427 2569 3501 cogito?
2596 3427 2712 3483 Non
2743 3429 2943 3484 carnali
2975 3427 3153 3483 modo.
3184 3428 3250 3484 L’t
3271 3430 3335 3484 sit
3356 3433 3496 3500 apud
3517 3448 3616 3497 me,
3643 3430 3728 3485 Est

2148 3537 2238 3592 est,
2261 3525 2312 3580 Ν
2317 3543 2402 3591 on,
2417 3543 2537 3579 non.
2555 3524 2683 3579 Atid
2703 3539 2910 3595 quoque
2924 3524 3210 3579 obscurum
3233 3536 3335 3580 est.
3350 3525 3616 3593 Quidnam
3639 3527 3730 3596 igi-

2153 3630 2236 3674 tur
2263 3621 2345 3675 his
2371 3619 2546 3674 verbis
2576 3618 2675 3673 sibi
2706 3619 2854 3673 vult?
2886 3618 3124 3674 Carnalis
3152 3619 3332 3684 homo,
3367 3621 3470 3675 hoc
3507 3631 3609 3682 est.
3640 3621 3726 3690 qui

2150 3715 2500 3784 praesentibus
2529 3714 2691 3769 rebus
2717 3714 2907 3769 affixus
2933 3723 3014 3767 est
3039 3728 3101 3767 ac
3132 3723 3387 3785 perpetuo
3419 3714 3471 3768 in
3508 3714 3572 3768 iis
3602 3730 3723 3768 ver-

2153 3817 2316 3870 satur,
2346 3815 2399 3861 et
2429 3820 2457 3858 a
2486 3805 2714 3875 Spiritus
2741 3806 3054 3874 operatione
3095 3805 3298 3862 alienus
3319 3814 3420 3871 est,
3459 3805 3723 3876 quaslibet

2154 3897 2207 3952 itt
2238 3912 2360 3952 oras
2386 3896 2646 3968 proﬁcisci
2673 3906 2727 3952 et
2751 3898 2930 3968 vagari
2971 3913 3066 3968 pro
3105 3899 3265 3954 lubito
3292 3907 3485 3967 potest.
3512 3902 3579 3951 At
3601 3897 3726 3968 Spi-

2157 3990 2288 4042 ritus
2328 3987 2592 4054 miuister,
2623 3987 2816 4058 quique
2861 3989 2929 4043 ab
2972 4004 3036 4044 eo
3062 3991 3272 4044 alﬁatur
3294 4003 3354 4043 ac
3380 3989 3730 4045 circumduci-

2158 4089 2272 4145 tur,
2314 4096 2418 4135 uon
2463 4090 2638 4151 potest
2679 4081 2875 4152 ubique
2911 4097 3006 4151 pro
3048 4082 3269 4138 arbitrio
3293 4097 3392 4138 suo
3428 4098 3486 4138 se
3512 4098 3732 4154 gerere,

2158 4173 2352 4242 quippe
2379 4187 2535 4243 quem
2563 4172 2794 4241 Spiritus
2823 4173 3125 4228 auctoritati
3158 4175 3227 4228 ita
3262 4173 3558 4238 addixerit,
3588 4186 3644 4230 ut
3674 4191 3735 4231 ex

2161 4265 2324 4334 ipsius
2353 4276 2481 4318 ntttu
2514 4264 2742 4335 pendeat
2770 4286 2783 4320 :
2812 4281 2992 4319 verum
3019 4266 3240 4334 perinde
3267 4266 3342 4320 illi
3368 4267 3580 4330 accidit,
3611 4277 3668 4320 ttt
3695 4268 3737 4323 si

2161 4357 2356 4426 probus
2371 4357 2631 4426 quispiam
2653 4371 2858 4422 servus,
2880 4356 2967 4426 qui
2986 4357 3056 4412 ob
3073 4357 3259 4411 herilia
3278 4359 3498 4427 imperia
3514 4375 3739 4429 quoque.

2161 4465 2372 4503 versum
2395 4448 2728 4515 distrahitur,
2759 4465 2856 4504 nec
2885 4450 2964 4503 sui
2989 4450 3124 4519 juris
3147 4459 3306 4520 atque
3327 4451 3532 4506 arbitrii
3551 4461 3652 4516 est,
3683 4467 3742 4506 ac

2163 4556 2230 4594 ne
2262 4540 2520 4592 tantilluut
2545 4540 2757 4608 quidem
2779 4540 3072 4608 respirandi
3096 4540 3397 4598 facultatem
3420 4542 3600 4608 habet,
3621 4558 3738 4596 cou-

2163 4633 2333 4687 servis
2363 4632 2474 4686 suis
2500 4632 2675 4700 aliqua
2707 4634 3018 4700 promittat,
3045 4648 3105 4687 ac
3127 4632 3352 4700 deinde,
3385 4634 3507 4705 quit
3530 4631 3749 4688 domino

2163 4728 2315 4780 aliter
2348 4726 2583 4794 placeat,
2619 4725 2836 4779 minime
2865 4736 3081 4796 praestet
3106 4745 3224 4796 qua:
3255 4729 3595 4798 promiserat.
3640 4728 3749 4781 “('C

2167 4819 2324 4887 igitur
2363 4819 2468 4882 ait,
2509 4818 2623 4872 Non
2665 4819 2958 4874 secundum
3001 4836 3216 4874 carnem
3256 4821 3532 4886 consalto,
3578 4836 3747 4887 neque

2165 4927 2194 4964 a
2237 4910 2468 4980 Spiritus
2501 4910 2886 4980 gubernatione
2930 4911 3064 4965 liber
3101 4909 3265 4981 atque
3302 4913 3553 4967 immunis
3593 4928 3742 4979 sum,

2168 5017 2268 5056 nte
2306 5002 2469 5066 mihi,
2512 5017 2619 5072 quo
2663 5003 2861 5065 libeat,
2897 5002 3162 5071 proﬁcisci
3211 5005 3354 5058 licet.
3404 5003 3536 5058 Nam
3587 5003 3745 5058 Para-

2168 5094 2290 5148 cleti
2322 5093 2545 5162 imperio
2571 5101 2623 5150 et
2651 5093 2839 5148 edictis
2859 5093 3144 5162 subjicior,
3176 5104 3336 5164 atque
3363 5094 3429 5148 ad
3458 5095 3623 5164 ipsius
3649 5093 3747 5147 eal-

2173 5187 2344 5261 _‘tlum
2373 5200 2502 5256 agor
2525 5200 2588 5241 ac
2611 5185 2965 5254 circumagor.
2989 5185 3122 5240 [line
3152 5184 3347 5240 factum
3377 5195 3460 5240 est
3491 5195 3544 5240 ut
3571 5186 3754 5239 venire

2169 5278 2502 5348 nequiverim
2547 5291 2702 5332 :non
2759 5276 2903 5332 enim
2953 5277 3176 5356 βρίτίιυί
3235 5278 3450 5346 placuit.
3505 5275 3560 5330 Id
3613 5274 3751 5345 quod

2170 5368 2329 5424 etiam
2358 5369 2410 5421 in
2435 5369 2658 5423 Actuum
2692 5367 2828 5421 libro
2858 5368 3124 5438 plerisque
3155 5369 3284 5422 locis
3327 5368 3424 5437 ipsi
3465 5381 3562 5420 usu
3611 5365 3753 5418 venit

2171 5458 2318 5530 (Act.
2377 5457 2523 5528 16):
2573 5458 2680 5512 alio
2728 5459 2870 5513 enim
2921 5473 2978 5513 se
3027 5459 3274 5514 conferre
3334 5459 3754 5513 coustituentctu

2173 5550 2402 5615 Spiritus
2427 5551 2531 5603 alio
2555 5550 2818 5620 proficisci
2843 5550 3080 5618 jubebat.
3106 5551 3463 5618 Quamobrem
3489 5565 3596 5603 non
3617 5562 3749 5603 mere

2173 5643 2402 5700 levitatis
2431 5651 2484 5696 et
2523 5643 2892 5697 inconstantia:
2920 5651 3024 5707 est,
3054 5643 3243 5712 inquit,
3273 5641 3415 5710 quod
3450 5655 3557 5694 non
3589 5653 3746 5694 vene-

2175 5738 2311 5804 rim,
2341 5733 2435 5790 sed
2480 5733 2620 5805 quod
2660 5734 2917 5806 Spiritui,
2957 5734 3043 5789 cui
3073 5734 3340 5804 subjectus
3387 5746 3540 5800 sunt,
3569 5745 3754 5804 parcn-
