4070 6152
458 318 563 375 407

457 433 558 502 τὴν
588 432 671 495 είς
697 431 860 485 αὑτὸν
894 430 1101 488 ἐλπίδα.
1142 432 1265 487 Ὅτι
1297 434 1579 502 καύχημα
1610 430 1781 502 ὑμῶν
1817 433 2025 501 ἐσμεν,

459 520 728 591 καθάπερ
768 522 863 577 καὶ
899 523 1065 591 ὑμεῖς
1094 523 1285 593 ἡμῶν,
1327 524 1398 578 ἐν
1435 522 1509 593 τῇ
1555 522 1747 593 ἡμέρᾳ
1777 521 1888 577 τοῦ
1914 513 2052 579 Κυ--⁴

451 615 592 682 ρίου
619 613 788 684 Mr
842 614 1045 683 Ἰησοῦ
1074 612 1353 683 Χριστοῦ.
1403 613 1670 669 Ἐνταῦθα
1698 612 1791 668 τὸν
1830 613 1895 668 ἐκ
1920 614 2031 667 τῶν

460 707 760 777 εἰρημένων
790 705 1153 776 ὑποτέμνεται
1183 707 1398 774 φθόνον,
1426 706 1693 778 μεριστάς
1718 706 1916 769 αὐτοὺς
1938 707 2031 763 καὶ

460 799 745 861 κοινωνοὺς
766 799 1010 869 ’ποιήσας
1038 798 1139 869 τῆς
1164 798 1322 871 δόξης
1348 799 1460 853 τῶν
1477 797 1643 853 αὐτοῦ
1670 796 2032 870 κατορθωμά-

459 905 585 948 των.
616 890 689 944 Οὐ
736 889 849 961 7&9’
892 891 1088 964 μέχρις
1129 890 1288 962 ἡμῶν
1331 891 1584 961 ἔστηκεν,
1629 889 1770 945 ἀλλά
1811 888 1905 943 καὶ
1951 890 2033 952 είς

456 983 597 1052 ὑμᾶς
624 982 907 1048 διαϐαίνει,
933 985 1032 1037 καὶ
1054 984 1216 1039 πάλιν
1248 985 1342 1054 ἀφ’
1371 983 1523 1055 ὑμῶν
1548 985 1628 1047 είς
1651 983 1817 1054 ἡμᾶς.
1853 982 2034 1036 Ἐπει-

453 1073 516 1143 δὴ
548 1073 656 1145 7&9
697 1075 904 1145 ἐπῆρεν
941 1075 1157 1139 ἑαυτὸν,
1198 1076 1295 1129 καὶ
1340 1075 1448 1131 τῶν
1481 1075 1856 1146 παρελθόντων
1886 1089 2032 1143 παρ-

453 1166 610 1238 έσχεν
632 1168 928 1235 ἀπόδειξιν,
961 1167 1144 1221 καὶτὰ
1174 1167 1437 1237 μέλλοντα
1463 1168 1830 1237 ἐνεγγυήσατο
1847 1184 1862 1198 ·
1888 1164 2033 1219 ὥστε

456 1260 535 1329 μὴ
575 1260 882 1331 ἐπισκῆψαι
928 1264 1055 1327 τοὺς
1089 1263 1382 1327 ἀκούοντας
1417 1263 1493 1328 ὡς
1539 1260 2035 1334 μεγαληγοροῦντι,

457 1349 594 1419 μηδι
627 1350 709 1414 εἰς
740 1349 1057 1420 βασκανίαν,
1086 1354 1224 1424 ὅπερ
1251 1351 1410 1422 ἔφην,
1456 1350 1823 1422 ἐξενεχθῆναι,
1862 1351 2035 1403 κοινοῖ

453 1437 516 1491 τὸ
535 1438 818 1510 καύχημα,
868 1441 962 1494 καὶ
1011 1440 1190 1495 αὐτῶν
1236 1439 1374 1495 εῐναί
1404 1457 1537 1512 φησι
1577 1440 1670 1495 τὸν
1707 1439 1817 1494 τῶν
1852 1440 2029 1507 ἐγκω-

458 1528 599 1599 μίων
630 1529 893 1599 στέφανον
931 1531 1141 1588 τοῦτον.
1188 1533 1287 1585 Ἂν
1315 1531 1426 1605 7&9
1469 1530 1706 1586 τοιοῦτοι
1746 1531 2033 1601 φανῶμεν.

457 1616 642 1686 φησὶν,
669 1618 698 1670 ό
735 1617 952 1684 ἔπαινος
982 1619 1138 1692 ἡμῶν
1162 1619 1317 1692 ὑμῶν
1345 1623 1378 1691 ἡ
1406 1620 1563 1686 δόξα·
1592 1619 1786 1692 ὥσπερ
1815 1615 1910 1674 οῦν
1936 1618 2031 1673 καὶ

458 1705 612 1776 ὑμῶν
642 1706 1071 1780 εὐδοκιμούντων
1105 1713 1266 1781 ἡμεῖς
1293 1711 1646 1781 ἀγαλλόμεθα
1670 1712 1766 1765 xal
1793 1708 2031 1777 σκιρτῶ-

449 1813 564 1865 ,μεν
586 1798 681 1851 καὶ
712 1799 1139 1871 στεφανούμεθα.
1170 1802 1340 1856 Πάλιν
1374 1802 1656 1858 κάνταῦθα
1679 1802 1817 1856 πολύ
1842 1802 1906 1856 τὸ
1928 1801 2031 1872 τῆς

457 1890 959 1965 ταπεινοφροσύνης
984 1892 1154 1947 αὐτοῦ
1177 1894 1246 1947 δι’
1268 1887 1343 1949 ὧν
1375 1895 1599 1966 εἴρηκεν
1633 1894 2026 1949 ἐπιδείκνυται.

456 1978 535 2031 υύ
562 1980 670 2051 7&9
698 1980 776 2044 ὡς
818 1981 1137 2049 διδάσκαλος
1182 1986 1472 2057 μαθηταῖς,
1513 1987 1629 2041 ἀλλ’
1664 1986 1740 2051 ὡς
1783 1985 2032 2057 μαθητὴς

458 2070 726 2142 μαθηταῖς
754 2074 1035 2144 ὁμοτίμοις
1058 2076 1459 2148 διαλεγόμενος,
1481 2077 1654 2143 οὕτως
1675 2078 1913 2145 ἐξισάζει
1941 2076 2031 2131 τὸν

455 2160 634 2232 λόγον.
665 2165 775 2218 Kal
800 2164 896 2220 θέα
932 2165 1050 2232 πῶς
1076 2168 1272 2232 αὐτοὺς
1303 2168 1539 2241 ὑψηλοὺς
1564 2173 1732 2235 ποιεῖ,
1761 2170 1856 2224 καὶ
1881 2168 2034 2238 φιλο-

458 2253 653 2323 σοφίας
700 2254 917 2326 πληροῖ,
949 2256 1338 2329 παραπέμπων
1366 2259 1553 2333 ἐκείνῃ
1586 2262 1654 2332 τῇ
1704 2259 1904 2332 ἡμέρᾳ.
1937 2258 2031 2330 Μὴ

456 2344 566 2414 γάρ
589 2361 679 2414 μοι
704 2346 773 2400 τὰ
799 2347 1044 2418 παρόντα
1070 2347 1284 2421 εἴπητε,
1308 2350 1465 2421 φησὶ,
1494 2352 1765 2417 τουτέστι,
1795 2352 1866 2407 τά
1891 2351 2033 2404 ὀνεί-

455 2435 545 2507 δη,
572 2436 672 2502 τάς
696 2437 983 2511 λοιδορίας,
1012 2440 1083 2495 τά
1115 2440 1428 2513 σκώμματα
1459 2442 1528 2498 τὰ
1556 2444 1711 2515 παρά
1753 2444 1863 2497 τῶν
1902 2442 2032 2497 πολ-

458 2527 600 2584 λῶν
624 2529 780 2584 οὐδὲν
810 2530 920 2602 7&9
959 2530 1103 2602 μέγα
1146 2532 1218 2586 τὰ
1254 2533 1507 2601 ἐνταῦθα,
1552 2532 1677 2588 οὐτε
1718 2532 1789 2587 τὰ
1821 2534 2035 2605 χρηστά

459 2620 581 2675 οὐτε
607 2622 677 2677 τὰ
696 2621 938 2694 λυπηρὰ,
968 2625 1029 2677 οὐ
1051 2623 1123 2678 τά
1146 2625 1477 2697 σκώμματα,
1506 2625 1569 2679 οὐ
1595 2626 1664 2681 τά
1684 2624 1934 2696 ἐγκώμια
1963 2625 2032 2678 τά

461 2711 610 2782 ⁴ιταρά
653 2712 764 2766 τῶν
808 2712 1143 2785 ἀνθρώπων*
1192 2714 1308 2769 ἀλλ’
1354 2715 1740 2788 ἀναμνήσθητε
1800 2732 1892 2787 μοι
1932 2717 2031 2786 τῆς

461 2804 673 2875 ἡμέρας
718 2806 932 2877 ἐκείνης
980 2806 1084 2875 τῆς
1116 2805 1352 2878 φοὸερᾶς
1386 2808 1479 2861 καὶ
1530 2806 1853 2880 φρικώδους,
1892 2808 1951 2861 ἐν

464 2896 634 2951 πάντα
692 2898 1223 2969 ἀνακεκαλυμμένα.
1276 2899 1408 2953 Τότε
1456 2899 1567 2971 γὰρ
1609 2900 1702 2955 καὶ
1754 2902 1914 2971 ἡμεῖς
1972 2900 2033 2952 ἐν

462 2985 587 3057 ὑμῖν
622 2986 718 3041 καὶ
752 2988 911 3058 ὑμεῖς
942 2989 1002 3042 ἐν
1031 2990 1162 3059 ἡμῖν
1188 2989 1721 3063 καλλωπισθήσεσθε,
1770 2992 1899 3045 ὅταν
1938 2990 2031 3044 κα)⁵

461 3077 617 3149 ὑμεῖς
644 3079 906 3150 φαίνησθε
949 3081 1224 3146 τοιούτους
1267 3082 1481 3154 ἔχοντες
1510 3084 1886 3151 διδασκάλους,
1925 3101 2032 3155 μη-

459 3168 547 3222 δὲν
573 3169 914 3242 ἀνθρώπινον
942 3170 1316 3236 διδάσκοντας,
1362 3172 1497 3244 μηδὲ
1534 3174 1768 3245 πονηρίᾳ
1808 3175 2032 3244 συνεξη-

461 3257 643 3325 κότας,
688 3260 823 3331 μηδέ
848 3259 1020 3332 λαϐήν
1047 3277 1173 3316 τινα
1200 3260 1520 3327 δεδωκότας,
1551 3264 1647 3317 καὶ
1671 3266 1831 3335 ἡμεῖς
1859 3263 2035 3318 τοιού-

461 3363 586 3413 τους
614 3350 825 3419 ἔχοντες
850 3349 1117 3422 μαθητὰς,
1143 3352 1310 3424 μηδὲν
1333 3353 1673 3425 ἀνθρώπινον
1702 3358 2029 3426 πάσχοντας,

464 3446 604 3517 μηδὲ
653 3447 1061 3519 σαλευομένους,
1114 3450 1248 3503 ἀλλά
1303 3451 1443 3521 μετά
1500 3452 1808 3524 προθυμίας
1856 3454 2033 3508 πάντα

467 3538 923 3609 ὑποδεχομένους,
969 3541 1063 3595 καὶ
1122 3541 1433 3612 μηδαμόθεν
1474 3544 2029 3616 παραλογιζομένους.

469 3630 580 3685 Καὶ
613 3629 708 3684 νῦν
738 3630 837 3701 μὲν
865 3632 967 3704 γὰρ
1000 3632 1173 3687 ταῦτα
1201 3633 1335 3703 δῆλα
1361 3635 1473 3699 τοῖς
1497 3635 1621 3688 νοῦν
1647 3634 1832 3705 ἔχουσι
1865 3651 1878 3665 ·
1910 3637 2033 3691 τότε

465 3721 524 3775 δὲ
557 3722 741 3777 πᾶσιν.
777 3723 937 3776 Ὥστε
976 3725 1025 3777 εί
1064 3726 1160 3779 καὶ
1185 3724 1481 3796 θλιϐόμεθα
1524 3726 1672 3799 [444]
1704 3726 1819 3792 νῦν,
1853 3728 1916 3782 οὐ
1948 3747 2037 3800 μι-

466 3812 608 3883 κρὰν
648 3814 743 3867 καὶ
770 3814 973 3885 ταύτην
1010 3814 1208 3887 ἔχομεν
1239 3817 1625 3888 παραμυθίαν⁸
1652 3817 1747 3873 νῦν
1792 3819 1894 3890 μὲν
1936 3820 2034 3891 τὴν

460 3904 573 3959 ἀπὸ
598 3905 691 3960 τοῦ
724 3907 1043 3976 συνειδότος,
1080 3908 1201 3962 τότε
1236 3908 1293 3962 δὲ
1322 3910 1418 3963 καὶ
1439 3910 1537 3983 τὴν
1563 3912 1674 3966 ἀπὸ
1700 3912 1802 3984 τῆς
1824 3912 2034 3985 ἐκλάμ-

461 3993 607 4063 ψεως
639 3995 829 4066 αὐτῆς.
861 3995 975 4050 Νῦν
1016 3998 1113 4068 μὲν
1147 3997 1256 4069 7&9
1297 4000 1359 4053 τὸ
1394 4001 1632 4066 συνειδὸς
1669 4003 1825 4074 ἡμῶν
1871 4000 2032 4072 οἶδεν,

466 4086 546 4139 ὅτι
573 4086 757 4158 χάριτι
792 4087 929 4142 Θεοῦ
960 4089 1137 4144 πάντα
1166 4091 1449 4162 ποιοῦμεν,
1499 4094 1575 4157 ὠς
1606 4095 1702 4149 καὶ
1733 4096 1890 4167 ὑμεῖς
1919 4096 2034 4151 ῐστε

466 4176 563 4231 καὶ
584 4177 797 4232 εῐσεσθε
820 4196 834 4210 ·
870 4180 994 4233 τότε
1032 4179 1089 4233 δέ
1119 4182 1213 4234 καὶ
1240 4185 1440 4246 πάντες
1466 4184 1797 4255 μαθήσονται
1827 4186 2035 4259 ἀνθρω-

464 4285 559 4323 ποι
587 4271 681 4325 καὶ
703 4274 774 4324 τά
800 4270 1045 4343 ἡμέτερα
1079 4274 1172 4325 καὶ
1193 4275 1261 4327 τὰ
1283 4274 1457 4344 ὐμῶν,
1489 4276 1583 4328 καὶ
1615 4276 1831 4346 ὄψονται
1852 4278 1918 4331 δι’
1936 4280 2034 4333 ἀλα

468 4362 642 4434 λήλων
673 4366 820 4436 ἡμᾶς
851 4364 1264 4436 δοξαζομένους.
1310 4368 1428 4422 Ἵνα
1461 4368 1569 4440 γὰρ
1605 4371 1678 4440 μὴ
1717 4372 1845 4443 δόξῃ
1879 4373 2036 4443 μόνος

469 4456 629 4519 αὐτὸς
657 4451 797 4509 εἶναι
816 4454 1065 4527 λαμπρὸς
1093 4456 1201 4510 άπὸ
1230 4461 1328 4529 τὴς
1353 4460 1696 4530 καυχήσεως,
1733 4461 1825 4514 καὶ
1853 4462 2037 4527 αὐτοῖς

467 4548 678 4602 δίδωσιν
722 4548 900 4602 αἰτίαν
954 4547 1047 4602 τοῦ
1102 4550 1468 4619 καυχήματος,
1518 4551 1613 4604 καὶ
1665 4551 1869 4622 ἀπάγει
1929 4554 2036 4607 τῶν

468 4633 749 4704 παρόντων
782 4634 1058 4706 λυπηρῶν.
1088 4636 1199 4691 Kal
1217 4637 1354 4709 ὅπερ
1382 4639 1475 4692 ἐπὶ
1510 4639 1609 4710 τῆς
1632 4641 2035 4712 παρακλήσεως

467 4724 722 4795 ἐποίησεν
740 4725 1111 4791 είπὼν,ὂτιΔι’
1141 4727 1285 4798 ὑμᾶς
1318 4745 1563 4799 παρακα,
1597 4729 1856 4802 λούμεθα,
1877 4732 2036 4787 τοῦτο

469 4818 563 4870 καὶ
588 4817 823 4872 ἐνταῦθα
860 4822 1023 4886 ποιεῖ,
1060 4820 1137 4872 Δι’
1169 4820 1311 4890 ὑμᾶς
1340 4808 1670 4891 καυχώμεθα
1697 4821 1890 4891 λέγων,
1923 4823 2033 4876 ὥσ-

468 4926 575 4983 περ
608 4910 701 4965 καὶ
724 4911 878 4981 ὑμεῖς
904 4912 971 4967 δι’
1001 4913 1169 4983 ἡμᾶς,
1209 4912 1484 4983 πανταχοῦ
1524 4917 1809 4978 κοινωνοὺς
1836 4916 2035 4979 αὐτοὺς

469 5002 637 5056 ποιῶν
664 5003 939 5069 ἁπάντων,
966 5005 1065 5074 τῆς
1085 5003 1502 5074 παρακλήσεως,
1537 5004 1647 5057 τῶν
1675 5006 2032 5076 παθημάτων,

467 5092 569 5161 τῆς
611 5094 885 5165 σωτηρίας
926 5095 1027 5165 τῆς
1075 5094 1238 5148 αὐτοῦ
1273 5110 1288 5125 ο
1343 5093 1439 5149 καὶ
1480 5093 1589 5165 γὰρ
1624 5094 1723 5165 τὴν
1763 5098 2035 5168 σωτηρίαν

469 5184 673 5254 ταύτην
713 5187 834 5247 ταῖς
874 5185 1058 5254 εὐχαῖς
1108 5185 1287 5238 αὐτῶν
1337 5183 1609 5253 λογίζεται
1634 5201 1647 5215 ·
1685 5188 2035 5256 Συνυπουρρ

471 5277 738 5346 γούντων
767 5277 876 5348 γάρ
920 5277 1082 5345 ὑμῶν
1132 5275 1209 5346 τῇ
1256 5276 1479 5343 δεήσει,
1513 5276 1696 5347 φησιν,
1741 5277 2035 5346 ἐρρύσατο

472 5366 627 5436 ἡμᾶς
655 5371 688 5422 d
715 5368 878 5433 Θεός.
915 5367 1071 5420 Οῦτω
1092 5366 1156 5438 δὴ
1194 5368 1287 5420 καὶ
1314 5366 1384 5420 τὰ
1419 5369 1748 5438 καυχήματα
1774 5370 1925 5425 κοινὰ
1952 5372 2035 5425 τί·

472 5455 646 5527 θησιν.
677 5459 887 5528 Ὥσπερ
927 5457 1038 5530 γὰρ
1076 5458 1192 5512 ἐκεῖ
1223 5474 1406 5528 φησιν’
1443 5458 1682 5527 masc
1711 5460 1800 5515 ὅτι
1830 5460 2033 5532 ὥσπερ

473 5547 748 5601 κοινωνοί
770 5548 911 5603 ἐστε
929 5547 1048 5601 τῶν
1069 5548 1447 5618 παθημάτων,
1477 5550 1630 5604 οὕτω
1665 5552 1762 5606 καὶ
1792 5553 1902 5623 τῆς
1925 5570 2035 5608 πα-

467 5638 825 5709 ρακλήσεως
861 5657 874 5671 ³
914 5640 1056 5694 οὕτω
1098 5642 1189 5694 καὶ
1238 5639 1504 5707 ἐνταῦθα,
1541 5644 1829 5714 Καύχημα
1869 5647 2035 5715 ὑμῶν

474 5726 681 5799 ἐσμεν,
728 5732 989 5802 καθάπερ
1028 5731 1125 5787 καὶ
1156 5732 1324 5803 ὑμεῖς
1358 5732 1545 5804 ήμῶν.
1587 5735 1694 5790 Καὶ
1745 5738 1929 5805 ταύτῃ
1960 5738 2034 5806 τῇ

1505 318 1575 373 ΙΝ
1614 313 1840 374 EPIST.
1879 316 1922 372 ΙΙ
1948 306 2040 372 Δί)
2080 316 2238 375 COR.
2278 316 2514 375 IIOMIL.
2540 315 2627 373 ΙΙΙ.

3613 313 3721 369 408

2142 432 2489 502 πεποιθήσει
2530 431 2871 501 ἐϐουλόμην
2904 430 3194 499 πρότερον
3245 426 3395 495 πρὸς
3431 423 3586 495 ὑμᾶς
3614 425 3720 477 ἐλά

2137 523 2283 581 θεῖν.
2318 525 2457 597 Ποία
2487 524 2841 592 πεποιθήσει;
2865 522 2958 593 Τῷ
2980 520 3185 593 σφόδρα
3212 518 3438 592 θαρρεῖν
3464 518 3613 587 ὑμῖν,
3641 514 3722 583 τῷ

2136 619 2452 689 καυχᾶσθαι
2492 619 2579 687 ἐφ’
2607 620 2758 690 ὑμῖν,
2806 616 2886 688 τῷ
2932 613 3197 685 καύχημα
3240 610 3397 682 ὑμῶν
3439 607 3601 670 εῖναι,
3641 608 3723 678 τῷ

2136 708 2340 779 σφόδρα
2379 710 2526 781 ὑμᾶς
2573 709 2821 779 ἀγαπᾷν,
2861 707 2940 778 τῷ
2989 706 3154 778 μηδὲν
3197 702 3375 774 ἐαυτῷ
3421 699 3721 755 συνειδέναι

2135 801 2408 871 πονηρὸν,
2476 799 2553 871 τῷ
2608 799 2925 853 πεποιθέναι
2990 798 3075 851 ὅτι
3138 795 3317 850 πάντα
3375 792 3720 865 πνευματικά

2133 891 2267 962 παρ’
2295 892 2446 963 ἡμῖν,
2482 891 2577 945 καῖ¹
2610 891 2755 962 ὑμᾶς
2778 889 2986 943 τούτων
3014 887 3298 958 μάρτυρας
3318 884 3483 955 ἐχειν.
3519 882 3719 936 Ἐϐου-

2134 984 2333 1052 λόμην
2366 981 2570 1036 ἐλθεῖν
2600 980 2750 1049 πρὸς
2779 978 2961 1049 ὑμᾶς,
3008 976 3110 1031 καὶ
3143 977 3219 1031 δι’
3258 973 3426 1046 ὑμῶν
3454 972 3719 1027 διελθεῖν

2133 1076 2222 1141 είς
2259 1072 2656 1128 Μακεδονίαν.
2701 1071 2813 1125 Kal
2849 1071 2956 1142 μὴν
2997 1067 3305 1123 τούναντίον
3349 1063 3720 1136 ἐπηγγείλατο

2135 1167 2196 1220 ἐν
2231 1167 2301 1237 τῇ
2338 1164 2602 1247 προτέρᾳ,
2643 1163 2786 1217 οὕτω
2826 1161 3033 1228 λέγων·
3081 1159 3434 1226 Ἐλεύσομαι
3468 1156 3538 1209 δὲ
3562 1154 3717 1223 πρὸς

2134 1255 2311 1325 ὑμᾶς,
2340 1245 2485 1311 ὅταν
2515 1252 2896 1308 Μακεδονίαν
2923 1249 3138 1305 διέλθω
3155 1265 3169 1279 ³
3200 1246 3579 1317 Μακεδονίαν
3606 1245 3717 1313 γὰρ

2133 1347 2454 1418 διέρχομαι.
2487 1344 2611 1409 Πῶς
2635 1341 2729 1399 οὖν
2757 1342 2996 1398 ἐνταῦθα
3024 1340 3286 1395 τάναντία
3310 1337 3513 1408 φησίν;
3544 1337 3619 1389 οὐ
3645 1335 3715 1387 τά

2134 1442 2352 1498 ἐναντία
2376 1442 2561 1513 φησὶν,
2591 1439 2805 1508 ἄπαγε·
2837 1436 3009 1492 ταῦτα
3041 1433 3152 1506 γὰρ
3184 1432 3402 1488 ἐναντία
3442 1431 3541 1501 μὲν
3566 1429 3714 1483 ἐστιν

2133 1528 2215 1598 οἷς
2252 1532 2489 1603 ἔγραψεν
2513 1572 2528 1597 ,
2574 1533 2676 1585 οὐκ
2716 1529 2935 1585 ἐναντία
2969 1528 3027 1581 δέ
3060 1522 3142 1591 οἷς
3189 1523 3459 1579 ἐϐούλετο.
3494 1521 3588 1575 Διὸ
3621 1524 3716 1575 καὶ.

2133 1624 2370 1678 ἐνταῦθα
2398 1624 2499 1677 οὐκ
2533 1617 2707 1684 εἶπεν,
2748 1622 2834 1675 ὅτι
2864 1617 3125 1691 Ἔγραψα
3161 1617 3230 1671 δι’
3256 1614 3413 1685 ὑμῶν
3456 1611 3716 1667 ἀπελθεῖν

2133 1717 2214 1780 είς
2249 1715 2604 1782 Μακεδονίαν,
2647 1713 2787 1778 ἀλλ’,
2828 1711 3210 1779 Ἐϐουλόμην.
3244 1708 3308 1761 Εἰ
3343 1706 3456 1776 γὰρ
3485 1704 3580 1759 καὶ
3615 1703 3715 1773 οὐχ

2133 1807 2306 1870 οὑτως
2355 1806 2589 1878 ἔγραψα,
2641 1805 2830 1878 φησὶν,
2882 1802 2997 1856 ἀλλ’
3044 1801 3194 1872 ὅμως
3253 1795 3585 1861 ἐσπούδαζον
3621 1795 3715 1848 καὶ

2134 1896 2439 1967 ἐδουλόμην
2467 1897 2561 1951 καὶ
2592 1896 2698 1968 πρὸ
2740 1892 2837 1949 τοῦ
2877 1893 3054 1947 ἐλθεῖν
3084 1890 3223 1964 πρὸς
3252 1889 3423 1960 ὑμᾶς·
3458 1885 3714 1940 τοσοῦτον

2134 1988 2373 2059 ἀπέσχον
2403 1988 2499 2042 τοῦ
2532 1986 2863 2059 βουληθῆναι
2884 1982 3185 2057 ὑστερῆσαι
3209 1982 3311 2051 τῆς
3339 1978 3710 2048 ὑποσχέσεως,

2133 2083 2216 2135 ὅτι
2248 2081 2343 2135 καὶ
2379 2080 2586 2150 φθάσαι
2615 2078 2789 2150 αὐτὴν
2827 2076 3090 2148 ἠθέλησα.
3124 2076 3257 2129 Ἰνα
3288 2071 3576 2140 δευτέραν
3610 2067 3716 2137 χό-

2127 2189 2231 2241 ριν
2266 2173 2463 2242 ἔχητε.
2495 2171 2561 2224 Τί
2596 2173 2733 2235 ἐστι,
2787 2167 3115 2237 Δευτέραν;
3158 2167 3276 2219 Ἵνα
3325 2163 3523 2232 διπλῆν
3552 2163 3715 2232 χάριν

2133 2261 2318 2333 ἔχητε,
2344 2263 2440 2317 καὶ
2467 2262 2568 2333 τὴν
2594 2261 2686 2316 διὰ
2703 2260 2815 2316 τῶν
2843 2258 3214 2332 γραμμάτων,
3249 2255 3343 2310 καὶ
3380 2255 3479 2327 τὴν
3497 2252 3585 2307 διὰ
3612 2252 3715 2320 τῆς

2135 2354 2457 2426 παρουσίας.
2490 2353 2668 2425 Χάριν
2692 2353 2750 2407 δὲ
2787 2351 3023 2405 ἐνταῦθα
3062 2348 3161 2421 τὴν
3188 2347 3363 2419 χαρὰν
3391 2344 3557 2413 λέγει.
3602 2342 3716 2397 Καὶ

2132 2447 2209 2502 δι’
2230 2446 2396 2519 ὑμῶν
2419 2446 2681 2502 διελθεῖν
2704 2448 2793 2513 εις
2824 2441 3225 2503 Μακεδονίαν,
3248 2440 3348 2493 καὶ
3376 2436 3566 2492 πάλιν
3592 2434 3713 2490 ἀπὸ

2132 2539 2507 2605 Μακεδονίας
2533 2536 2733 2593 ἐλθεῖν
2756 2535 2906 2605 πρὸς
2928 2533 3104 2605 ὑμᾶς,
3133 2531 3233 2585 καὶ
3256 2531 3359 2600 ὑφ’
3383 2528 3552 2598 ὑμῶν
3572 2540 3715 2596 ,προ-

2135 2630 2477 2702 πεμφθῆναι
2508 2632 2596 2697 εις
2625 2628 2740 2696 τὴν
2783 2626 3097 2682 Ἰουδαίαν.
3139 2623 3320 2678 Τοῦτο
3347 2617 3464 2675 οὖν
3486 2619 3715 2685 £00.16—

2129 2740 2332 2794 μενος,
2355 2721 2441 2792 μή
2469 2738 2524 2776 τι
2545 2722 2660 2790 ἄρα
2696 2718 2773 2789 τῇ
2807 2718 3064 2788 ἐλαφρίᾳ
3102 2714 3501 2786 ἐγρησάμην;

2205 2912 2275 2974 γ’.
2294 2902 2558 2959 Ἐνταῦθα
2571 2902 2753 2957 λοιπὸν
2769 2901 3053 2968 ἐξεύθείας
3064 2899 3355 2955 ἀποδύεται
3379 2900 3439 2955 τὸ
3461 2896 3715 2968 ἔγκλημα

2134 3000 2196 3052 τὸ
2213 3000 2278 3053 ἐκ
2297 2999 2395 3069 τῆς
2420 2996 2733 3068 μελλήσεως
2758 2998 2853 3051 καὶ
2871 2997 2972 3068 τῆς
2996 2996 3286 3060 ἀπουσίας.
3320 2996 3386 3048 Ὃ
3408 2993 3517 3065 γὰρ
3541 2992 3711 3062 λέγει,

2135 3090 2373 3147 τοιοῦτόν
2401 3093 2548 3144 ἐστιν
2573 3108 2587 3121 θ
2630 3089 2963 3160 Ἐϐουλόμην
2997 3088 3174 3142 ἐλθεῖν
3199 3087 3333 3157 πρὸς
3364 3090 3508 3160 ὑμᾶς
3527 3102 3542 3118 ⁸
3567 3084 3716 3148 τίνος

2134 3180 2227 3239 οὖν
2259 3183 2446 3237 ἕνεκεν
2470 3184 2568 3235 οὐκ
2593 3177 2755 3253 ἦλθον
2788 3199 2802 3248 ;
2854 3177 2962 3251 ἄρα
3015 3181 3090 3244 ὡς
3123 3179 3325 3250 κοῦφος
3360 3178 3456 3232 καὶ
3500 3177 3715 3247 εὐρίπι-

2138 3293 2281 3342 στος;
2310 3275 2468 3329 τοῦτο
2501 3274 2611 3346 γάρ
2641 3275 2778 3337 ἐστι,
2811 3273 2976 3339 Μήτι
3005 3273 3122 3340 ἄρα
3153 3271 3228 3341 τῇ
3257 3271 3515 3339 ἐλαφρίᾳ
3542 3269 3715 3337 ἐχρη-

2135 3367 2339 3437 σάμην
2360 3384 2378 3433 ;
2405 3365 2670 3437 Οὐδαμῶς
2691 3378 2705 3393 ⁸
2738 3364 2874 3417 ἀλλὰ
2896 3365 2984 3418 διὰ
3002 3362 3088 3430 τί;
3114 3365 3241 3416 Ὀτι
3265 3361 3710 3428 ἁβουλεύομαι,

2135 3461 2208 3514 οὐ
2257 3457 2407 3512 κατά
2446 3455 2642 3526 σάρκα
2685 3456 3078 3523 βουλεύομαι.
3118 3453 3183 3505 Τί
3227 3455 3394 3515 ἐστιν,
3441 3453 3524 3505 Οὐ
3562 3449 3715 3503 κατὰ

2136 3550 2373 3618 σάρκας
2423 3545 2573 3620 [445]
2628 3547 2702 3600 Οὐ
2761 3543 3041 3615 σαρκικῶς
3085 3542 3425 3613 βουλεύομαι.
3487 3542 3623 3595 Ἵνα
3671 3535 3713 3610 ᾖ

2138 3641 2273 3709 παρ’
2297 3638 2425 3708 ἐμοὶ
2466 3639 2529 3691 τὸ
2557 3636 2667 3692 Ναὶ
2701 3634 2827 3702 ναὶ,
2861 3634 2957 3688 καὶ
2985 3635 3050 3688 τὸ
3080 3632 3163 3687 Οὒ
3191 3633 3283 3689 οὐ.
3325 3632 3464 3686 Ἀλλ’
3491 3630 3574 3684 ἔτι
3620 3632 3714 3684 καὶ⁹

2139 3731 2295 3786 τοῦτο
2339 3728 2567 3798 ἀσαφές.
2609 3726 2676 3781 Τί
2710 3722 2804 3781 οῦν
2843 3727 2992 3780 ἐστιν
3025 3725 3055 3779 δ
3101 3741 3303 3796 φησιν;
3349 3724 3408 3778 '0
3452 3721 3713 3794 σαρκικδς

2139 3822 2443 3893 ἄνθρωπος,
2482 3818 2783 3883 τουτέστιν,
2809 3819 2838 3871 ό
2876 3818 2989 3879 τοῖς
3021 3814 3255 3886 παροῦσι
3285 3812 3714 3886 προσηλωμένος

2137 3915 2233 3968 καὶ
2255 3915 2314 3968 ἐν
2335 3911 2545 3975 τούτοις
2575 3908 2864 3973 διαπαντὸς
2896 3908 2992 3975 ὢν,
3020 3909 3115 3962 καὶ
3143 3907 3243 3978 τῆς
3275 3904 3370 3960 τοῦ
3392 3905 3533 3959 Πνεύ
3543 3919 3713 3975 ματος

2138 4006 2420 4079 ἐνεργείας
2450 4004 2605 4069 ἐκτὸς
2645 4004 2952 4075 τυγχάνων,
2993 4000 3272 4073 πανταχοῦ
3295 4001 3514 4056 ἀπιέναι
3552 3997 3715 4052 δύνα-

2138 4120 2249 4167 ται,
2292 4101 2386 4155 καὶ
2431 4098 2735 4154 πλανᾶσθαι
2777 4098 2911 4152 ὅπου
2958 4096 3238 4167 βούλεται’
3271 4095 3301 4147 ὁ
3341 4094 3399 4147 δὲ
3433 4093 3715 4163 ὑπηρέτης

2137 4189 2234 4244 τοῦ
2266 4187 2605 4258 Πνεύματος,
2634 4187 2729 4239 καὶ
2757 4185 2848 4238 ὑπ’
2886 4184 3093 4239 ἐκείνου
3138 4184 3402 4254 ἀγόμενος
3431 4183 3524 4235 καὶ
3552 4198 3713 4251 περι-

2139 4280 2425 4350 αγόμενος,
2455 4277 2514 4331 οὐ
2538 4278 2760 4331 δύναται
2779 4277 2970 4346 κύριος
2993 4271 3131 4328 εἶναι
3150 4274 3252 4343 τῆς
3268 4272 3462 4326 ἑαυτοῦ
3485 4272 3712 4344 γνώμης

2140 4367 2436 4439 πανταχοῦ,
2484 4368 2581 4437 τῆς
2620 4367 2831 4420 ἐκεῖθεν
2872 4354 3122 4429 ἐξουσίας
3160 4363 3467 4434 ἐξαρτήσας
3503 4363 3672 4432 αὐτήν
3696 4380 3710 4393 ο

2138 4460 2274 4515 ἀλλὰ
2334 4459 2572 4512 τοιοῦτον
2606 4458 2887 4526 ὑπομένει,
2932 4452 3042 4510 οἷον
3077 4455 3143 4510 ἂν
3187 4457 3238 4508 εί
3278 4454 3464 4518 δοῦλος
3503 4455 3712 4508 εὐδοκι-

2143 4552 2282 4621 μῶν,
2304 4552 2398 4606 zeal
2424 4548 2699 4621 πανταχοῦ
2740 4548 3158 4620 περιελκόμενος
3191 4547 3297 4601 ὑπὸ
3323 4547 3432 4600 τῶν
3459 4547 3712 4601 δεσποτι-

2141 4645 2251 4697 κῶν
2279 4642 2693 4714 ἐπιταγμάτων,
2738 4643 2831 4695 καὶ
2873 4642 2975 4694 οὐκ
3022 4640 3160 4710 ἔχων
3201 4640 3446 4705 ἐξουσίαν
3493 4640 3710 4704 ἑαυτοῦ,

2138 4736 2259 4790 οὐδὲ
2302 4734 2638 4791 ἀναπνεῦσαι
2676 4733 2972 4803 δυνάμενος
2998 4733 3118 4785 οὐδὲ
3164 4732 3378 4804 μικρὸν,
3432 4731 3711 4801 ἐπαγγέλ-
3788 4780 3795 4806 ἠ

2139 4828 2281 4882 λοιτό
2312 4844 2435 4882 τινα
2457 4827 2569 4889 τοῖς
2599 4824 2921 4888 συνδούλοις,
2943 4821 3062 4879 εἶτα
3087 4824 3166 4895 τῷ
3191 4825 3429 4897 δεσπότῃ
3455 4824 3712 4877 τάναντία

2138 4920 2417 4984 δοκοῦντα,
2453 4918 2527 4989 μὴ
2561 4915 2712 4971 άνύοι
2742 4915 2811 4969 τὰ
2839 4916 3250 4987 ἀπηγγελμένα.
3286 4916 3456 4970 Τοῦτο
3484 4911 3579 4968 οῦν
3610 4931 3711 4983 φη-

2142 5029 2243 5073 σιν,
2265 5012 2347 5064 ὅτι
2382 5009 2465 5064 Οὐ
2487 5009 2637 5062 κατὰ
2659 5007 2859 5075 σάρκα
2873 5009 3272 5077 βουλεύομαι,
3305 5005 3400 5060 καὶ
3449 5006 3549 5058 οὐκ
3594 5005 3710 5076 είμὶ

2138 5102 2237 5170 τῆς
2263 5099 2354 5153 τοῦ
2386 5098 2525 5151 Πνεύ
2533 5114 2701 5168 ματος
2721 5099 2877 5161 ἐκτὸς
2897 5097 3293 5167 κυὸερνήσεως,
3316 5095 3438 5149 οὐδὲ
3465 5095 3708 5160 ἐξουσίαν

2139 5194 2248 5265 ἔχω
2271 5191 2505 5262 βαδίζειν
2533 5190 2666 5243 ὅπου
2692 5189 2971 5260 βούλομαι.
3004 5190 3114 5243 Kal
3161 5189 3270 5260 7&9
3306 5189 3602 5260 ὑπόκειμαι
3622 5190 3708 5242 δε-

2140 5282 2364 5353 σποτεία
2382 5284 2446 5353 τῇ
2473 5281 2568 5334 τοῦ
2595 5282 2953 5352 Παρακλὴτου
2974 5282 3067 5334 καὶ
3086 5281 3442 5352 ἐπιτάγμασι,
3465 5282 3560 5336 καὶ
3586 5283 3706 5342 ταῖς

2138 5374 2347 5428 ἐκείνου
2383 5374 2586 5444 ψήφοις
2618 5372 2824 5444 ἄγομαι
2871 5375 2965 5427 καὶ
3009 5373 3367 5446 περιάγομαι.
3421 5377 3520 5428 Διὰ
3551 5373 3705 5427 τοῦτο

2137 5468 2236 5520 οὐκ
2259 5464 2530 5536 ἡδυνήθην
2571 5463 2745 5519 ἐλθεῖν
2769 5480 2785 5495 °
2819 5465 2879 5518 οὐ
2920 5465 3028 5537 γὰρ
3072 5466 3250 5531 ἔδοξεν
3287 5466 3366 5537 τῷ
3402 5465 3700 5528 Πνεῦματι.

2144 5560 2208 5612 '0
2229 5557 2323 5612 καὶ
2351 5557 2409 5610 ἐν
2431 5557 2549 5618 ταῖς
2574 5555 2813 5627 Πράξεσι
2845 5557 3112 5628 πολλαχοῦ
3157 5558 3378 5627 γέγονεν
3407 5572 3422 5587 ο
3469 5553 3702 5621 ἀλλαχοῦ

2137 5653 2247 5722 7&9
2275 5646 2655 5721 προῃρημένον
2691 5647 2886 5714 ἐλθεῖν,
2931 5649 2991 5702 τὸ
3029 5649 3254 5719 Πνεῦμα
3295 5642 3527 5711 ἀλλαχοῦ
3555 5641 3703 5709 βαδί-

2145 5747 2259 5808 ζειν
2278 5741 2544 5795 ἐκέλευεν.
2571 5738 2731 5792 Ὥστε
2757 5739 2816 5793 οὐ
2842 5741 2939 5810 τῆς
2970 5741 3108 5809 ἐμῆς
3126 5736 3405 5803 ὲλαφρίας,
3435 5730 3697 5787 τουτέστι.
