4070 6152
415 263 515 320 ιοο

407 471 768 543 ὑποκείμενον
800 473 994 545 ἐκείνῳ
1029 474 1333 531 πείθεσθαι.
1358 471 1509 540 Εἶδες
1542 475 1704 530 πάλιν
1738 476 1900 530 αὐτοῦ
1920 474 1983 529 τὸ

407 560 638 635 σύνηθες
671 562 969 635 θεώρημας
1009 561 1223 636 Ἀφ’ὧν
1247 567 1496 639 ἐνόμιζον
1528 568 1690 624 αὐτὸν
1710 566 1982 623 δεικνύναι

407 653 690 724 σαρκικῶς
741 653 1149 727 βουλευόμενον,
1197 659 1261 711 ἐκ
1304 657 1399 712 τοῦ
1441 658 1519 731 μὴ
1568 658 1852 731 πληρῶσαι
1880 657 1983 731 τὴν

406 744 719 814 ὑπόσχεσιν,
741 748 806 800 ἐκ
837 748 1029 805 τούτου
1056 749 1299 803 δείκνυσι
1333 749 1570 821 μάλιστα
1596 748 1980 821 πνευματικῶς

406 835 853 911 βεϐουλευμένον,
902 839 998 897 καὶΙ
1053 843 1365 900 τοοέιναντίον
1405 845 1685 916 σαρκικῶς
1727 843 1980 916 βουλεύε-

408 928 552 988 σθαι.
594 930 660 984 Τί
685 926 800 998 οὖν,
831 933 1032 1006 φησίν;
1063 935 1125 989 οὐ
1161 936 1300 1006 μετά
1341 937 1435 991 τοῦ
1462 936 1778 1009 Πνεύματος
1806 937 1982 1010 ἐπηγ-

404 1021 657 1089 γείλατο;
695 1024 960 1097 Οὐδαμῶς
985 1042 999 1058 ο
1036 1028 1130 1082 καὶ
1172 1028 1283 1100 7&9
1324 1030 1416 1084 καὶ
1455 1029 1557 1100 ήδη
1596 1026 1768 1095 εἷπον,
1796 1031 1875 1084 ὅτι
1914 1031 1976 1086 οὐ

406 1113 587 1169 πάντα
617 1115 840 1188 προῄδει
868 1118 1079 1183 Παῦλος
1105 1120 1175 1174 τά
1197 1120 1461 1191 μέλλοντα
1489 1121 1582 1174 καὶ
1607 1121 1977 1192 συμφέροντα.

406 1205 506 1260 Διά
532 1206 596 1279 δὴ
624 1207 783 1262 τοῦτο
818 1208 886 1278 ,ἐν
917 1212 1016 1282 μὲν
1057 1213 1126 1283 τῇ
1163 1211 1408 1283 προτέρᾳ
1433 1212 1617 1282 φησὶν,
1648 1214 1771 1267 Ἵνα
1809 1211 1979 1280 ὑμεῖς

400 1312 478 1364 με
509 1296 901 1366 προπέμψητε
936 1283 1015 1353 οῦ
1042 1298 1151 1353 ἐὰν
1182 1301 1537 1370 πορεύωμαι,
1562 1300 1814 1366 δεδοικὼς
1846 1302 1980 1356 αὐτὸ

404 1386 580 1450 τοῦτο,
613 1388 688 1459 μὴ
732 1391 813 1453 είς
843 1391 943 1462 τὴν
984 1390 1242 1444 Ἰουδαίαν
1271 1390 1459 1455 εἰπὼν,
1491 1392 1808 1464 ἀναγκασθῇ
1857 1394 1978 1448 ἐτέ-

407 1478 542 1548 ρωθι
585 1480 839 1535 ἀπελθεῖν
862 1499 875 1511 ο
924 1481 1159 1537 ἐνταῦθα
1205 1483 1261 1538 δὲ
1302 1484 1490 1554 ἐπειδὴ
1528 1485 1785 1555 ἀπέτυχε,
1831 1485 1978 1553 λέγει

405 1570 558 1634 αὐτὸ,
579 1571 691 1625 Καὶ
726 1574 831 1643 ὑφ’
864 1572 1033 1645 ὑμῶν
1058 1572 1518 1644 προπεμφθῆναι
1559 1578 1648 1643 είς
1678 1577 1796 1644 τὴν
1833 1577 1971 1633 Ἰου·

403 1657 601 1713 eam.
640 1661 705 1715 '0
755 1662 856 1733 μὲν
898 1662 1007 1735 γὰρ
1044 1658 1114 1734 ἦν
1161 1665 1403 1737 ἀγάπης,
1438 1666 1638 1738 τίθησι,
1694 1667 1756 1722 :0
1803 1667 1979 1721 ἐλθεῖν

403 1750 541 1820 πρὸς
567 1752 765 1817 αὐτούς
794 1769 809 1783 ’
834 1753 864 1807 δ
882 1755 939 1809 δὲ
962 1756 1114 1810 οὐδὲν
1136 1757 1274 1828 πρὸς
1300 1757 1496 1823 αὐτοὺς
1518 1754 1606 1831 ἦν,
1637 1758 1699 1813 :0
1719 1759 1979 1815 ἀπελθεῖν

403 1844 486 1906 είς
526 1842 627 1915 τὴν
672 1843 962 1907 Ἰουδαίαν.
993 1846 1177 1901 οὐκέτι
1227 1848 1323 1903 καὶ
1351 1848 1509 1903 τοῦτο
1538 1850 1863 1923 προστίθησι
1895 1851 1976 1905 δι-

403 1933 746 2005 ωρισμένως.
793 1936 1010 2009 Ἐπειδὴ
1036 1937 1092 1992 δὲ
1126 1939 1470 2011 ἐλήλεγκται,
1502 1940 1736 1996 ἐνταῦθα
1760 1942 1978 2014 θαρρῶν

402 2025 551 2094 λέγει
578 2026 787 2094 λοιπὸν,
816 2029 898 2084 δτι
925 2031 1031 2096 El;
1059 2029 1175 2100 τὴν
1226 2031 1545 2087 Ἰουδαίαν.
1591 2032 1704 2087 Καὶ
1727 2032 1885 2086 τοῦτο
1918 2033 1976 2087 δὲ

404 2119 790 2190 συμφερόντως
816 2120 1043 2190 ἐγίνετο.
1075 2122 1161 2175 ἵνα
1185 2124 1261 2194 μή
1290 2140 1373 2186 τις
1399 2123 1580 2178 αὐτῶν
1603 2123 1826 2195 μείζονα
1849 2125 1978 2196 περὶ

401 2209 566 2264 αὐτὸν
590 2210 689 2281 τῆς
716 2211 874 2277 ἀξίας
919 2212 1172 2268 ὑπόνοιαν
1220 2213 1338 2287 ἔχῃ.
1392 2216 1451 2269 Εί
1491 2214 1600 2284 γὰρ
1649 2215 1978 2270 καὶτούτων

401 2301 570 2354 ὄντων
595 2301 744 2357 θύειν
788 2305 973 2367 αὐτοῖς
1006 2304 1291 2359 ἐϐούλοντο
1324 2304 1582 2377 ταύρους,
1631 2305 1736 2360 ποῦ
1770 2309 1872 2360 οὐκ
1911 2306 1978 2361 ἂν

402 2391 697 2457 ἐξώκειλαν
723 2394 998 2460 ἀσεϐείας,
1043 2397 1092 2449 εί
1123 2397 1198 2467 μὴ
1240 2397 1412 2451 πολλά
1445 2397 1716 2467 δείγματα
1742 2397 1842 2467 τῆς
1880 2400 1976 2452 άν-

405 2483 686 2555 θρωπίνης
711 2485 992 2551 ἀσθενείας
1031 2488 1384 2558 παρείχοντο;
1420 2488 1530 2542 Καί¹
1563 2487 1615 2542 τί
1652 2487 1974 2561 θαυμάζεις,

405 2577 455 2629 εί
480 2576 551 2630 τὰ
578 2576 839 2648 μέλλοντα
873 2577 1052 2632 πάντα
1081 2577 1182 2632 οὐκ
1221 2578 1360 2650 ⁴ᾔδει,
1403 2580 1537 2633 ὅπου
1565 2580 1659 2634 καὶ
1685 2582 1743 2634 ἐν
1788 2581 1977 2651 εὐχαῖς

404 2666 677 2740 πολλαχοῦ
698 2669 761 2722 :0
792 2668 1073 2741 συμφέρον
1102 2671 1319 2740 ἀγνοεϊ;
1369 2670 1440 2726 Τὸ
1471 2671 1598 2742 γάρ,
1633 2672 1689 2725 τί
1727 2689 1978 2741 προσευ-

402 2758 663 2829 ξόμεθα,
726 2760 881 2832 φησὶ,
930 2762 1075 2815 καθὸ
1115 2761 1225 2828 δεῖ,
1283 2763 1397 2818 οὐκ
1437 2762 1704 2834 οἴδαμεν.
1777 2765 1882 2818 K01
1911 2765 1976 2819 οὐ

402 2847 552 2918 λέγει
579 2848 738 2904 τοῦτο
762 2850 945 2920 μόνον,
974 2849 1065 2904 ἴνα
1088 2850 1259 2924 δόξῃι
1291 2851 1629 2925 μετριάζειν,
1665 2852 1814 2926 [446]
1841 2855 1977 2907 ἀλλά

404 2943 500 2996 καὶ
527 2942 792 3009 δείκνυσι,
837 2940 942 2997 ποῦ
975 2942 1037 2996 :0
1087 2946 1366 3017 συμφέρον
1393 2946 1452 2999 ἐν
1497 2946 1684 3017 εὐχαῖς
1717 2947 1974 3017 ἠγνόησε.

403 3036 516 3090 Ποῦ
549 3037 728 3090 τοίνυν
767 3037 1072 3107 ὴγνόησενς
1119 3037 1312 3092 Ἦνίκα
1360 3040 1659 3111 παρεκάλει
1710 3040 1817 3094 τῶν
1860 3058 1978 3095 πει-

407 3126 632 3196 ρασμῶν
671 3128 1076 3200 ἀπαλλαγῆναι.
1117 3129 1310 3199 λέγων’
1361 3131 1570 3199 Ἐδόθη
1603 3149 1702 3201 μοι
1731 3133 1980 3202 σκόλοψ·

403 3215 480 3287 τῇ
503 3219 679 3286 σαρκί
703 3217 956 3289 ἄγγελος
979 3220 1200 3285 Σατᾶν,
1223 3222 1323 3276 ἵνα
1332 3238 1411 3291 με
1437 3221 1748 3293 κολαφίζῃ.
1796 3223 1978 3292 ’Υπὲρ

404 3308 618 3363 τούτου
662 3309 789 3379 τρὶς
830 3311 940 3365 τὸν
980 3313 1199 3380 Κύριον
1245 3312 1647 3380 παρεκάλεσα,
1706 3314 1804 3367 καί
1847 3309 1979 3367 εἶπέ

398 3418 522 3469 μοι.
566 3399 754 3465 Ἀρκεῖ
774 3417 875 3455 σοι
909 3402 948 3471 ἠ
983 3400 1159 3472 χάρις
1183 3419 1334 3471 μου·
1362 3401 1403 3468 vi
1439 3402 1549 3473 γὰρ
1581 3402 1833 3472 δύναμίς
1855 3420 1976 3471 μου

402 3491 474 3545 ἐν
515 3490 799 3558 ἀσθενείᾳ
846 3491 1196 3546 τελειοῦται.
1244 3485 1398 3553 Εἶδες
1452 3491 1569 3555 πῶς
1604 3493 1706 3546 οὐκ
1738 3492 1878 3557 ἔγνω
1910 3492 1980 3545 τά

408 3581 752 3652 συμφέροντα
809 3581 1069 3652 αίτῆσαι;
1099 3582 1192 3635 Διὸ
1219 3582 1340 3636 οὐδέ
1365 3581 1547 3644 ἔλαϐε,
1584 3583 1678 3637 καὶ
1720 3581 1979 3646 πολλάκις

404 3674 652 3745 αίτήσας.
700 3673 921 3740 Πιστὸς
965 3674 1035 3727 δέ
1067 3676 1100 3728 ό
1148 3674 1311 3740 Θεὸς,
1340 3673 1430 3729 ὅτι
1467 3677 1500 3729 ό
1528 3677 1712 3744 λόγος
1744 3674 1912 3744 ἡμῶν
1945 3678 1979 3727 ό

403 3765 555 3833 πρὸς
583 3763 739 3834 ὑμᾶς
773 3767 887 3819 οὐκ
927 3765 1164 3835 ἐγένετο
1192 3767 1303 3821 Ναί
1332 3767 1432 3821 καί
1465 3768 1567 3822 οὔ.
1604 3767 1800 3831 Καλῶς
1834 3768 1980 3822 ἀντί-

406 3854 556 3907 θεσιν
584 3852 1001 3906 ἀνακύπτουσαν
1039 3854 1317 3909 καταλύει.
1349 3856 1410 3908 Εἰ
1439 3855 1549 3927 7&9
1585 3855 1976 3927 ὑποσχόμενος,

405 3945 562 4015 φησὶ,
610 3944 1005 4014 παραγίνεσθαι
1053 3945 1342 4015 ὑπερέθου,
1398 3947 1491 3999 καὶ
1529 3947 1628 4001 οὐκ
1675 3946 1790 4001 ἐστι
1830 3949 1980 4018 παρά

404 4037 494 4089 001
529 4035 638 4090 N01
663 4035 771 4101 ναὶ,
802 4035 898 4088 καὶ
934 4032 1011 4089 Οὐ
1042 4034 1127 4098 οὐ,
1180 4034 1314 4089 ἀλλά
1345 4034 1440 4088 νῦν
1475 4035 1513 4090 ἀ
1539 4036 1717 4106 λέγεις
1747 4038 1979 4109 ἀνατρέ-

407 4147 531 4195 πεις
586 4129 726 4201 μετά
764 4127 960 4193 ταῦτα,
1006 4127 1196 4201 ὥσπερ
1243 4129 1337 4183 ἐπὶ
1391 4130 1491 4200 τῆς
1529 4132 1630 4202 σῆς
1686 4131 1980 4202 ἐπιδημίας

406 4222 700 4294 ἐποίησας’
740 4220 867 4276 οὐαὶ
892 4222 1047 4292 ημῖν,
1083 4221 1292 4293 μήποτε
1321 4221 1415 4274 καὶ
1453 4221 1512 4274 ἐν
1560 4220 1643 4293 τῷ
1663 4221 1980 4295 κηρύγματι

406 4315 565 4371 τοῦτο
615 4314 859 4385 γέγονεν.
917 4313 1014 4368 Ἶν’
1059 4309 1152 4368 οὖν
1198 4312 1273 4386 μὴ
1318 4314 1490 4368 ταῦτα
1540 4314 1782 4379 ἐννοῶσι,
1843 4317 1979 4389 μηδὲ

408 4409 766 4482 θορυϐῶνται,
808 4407 972 4481 φησί’
1003 4407 1226 4474 Πιστὸς
1248 4407 1318 4461 δὲ
1348 4410 1382 4463 ὀ
1411 4408 1576 4476 Θεὸς.
1604 4409 1694 4464 ὅτι
1726 4413 1761 4465 ὁ
1797 4412 1979 4482 λόγος

404 4501 574 4572 ἡμῶν
619 4506 653 4558 ὁ
681 4502 831 4572 πρὸς
858 4500 1015 4572 ὑμᾶς
1051 4502 1166 4556 οὐκ
1190 4500 1427 4571 ἐγένετο
1454 4501 1567 4557 Ναί
1603 4502 1703 4557 καί
1738 4503 1841 4558 Οὔ.
1889 4505 1978 4558 Ἐν

404 4594 516 4665 7&9
541 4592 620 4664 τῷ
646 4592 981 4664 κηρύγματι,
1012 4592 1168 4663 φησὶ,
1195 4590 1355 4646 τοῦτο
1382 4591 1481 4646 οὐκ
1507 4593 1743 4663 ἐγένετο,
1776 4594 1891 4653 ἀλλ’
1919 4596 1979 4649 ἐν

404 4688 525 4750 ταῖς
572 4685 714 4748 ὁδοῖς
758 4685 855 4739 καὶ
899 4686 1020 4747 ταῖς
1066 4683 1399 4755 ἀποδημίαις
1449 4685 1630 4756 μόνον.
1687 4688 1778 4741 Ἐν
1808 4688 1867 4741 δὲ
1899 4688 1978 4759 τῷ

405 4775 725 4846 κηρύγματι
763 4774 913 4845 μένει
953 4774 1143 4844 βέϐαια
1185 4777 1280 4831 καὶ
1307 4775 1541 4848 ἀκίνητα
1569 4776 1713 4848 άπερ
1748 4779 1976 4850 εἰρήκα-

411 4885 527 4939 μεν.
561 4867 735 4936 Λόγον
779 4866 891 4940 γάρ
943 4866 1174 4923 ἐνταῦθα
1214 4870 1277 4923 :0
1324 4869 1586 4941 κήρυγμα
1633 4870 1809 4927 καλεῖ.
1846 4866 1978 4925 Εἶτα

408 4959 681 5028 ἀπόδειξιν
711 4960 1105 5037 ἀναντίρρητον
1128 4963 1355 5034 παρέχει
1378 4963 1591 5029 τούτου,
1623 4965 1704 5028 είς
1735 4964 1828 5020 τὸν
1845 4964 1980 5019 Θεδν

406 5054 471 5107 :0
498 5057 609 5109 πᾶν
637 5054 853 5126 ἀνάγων
915 5056 980 5109 Ὃ
1029 5053 1088 5109 δέ
1119 5052 1287 5123 λέγει,
1319 5054 1474 5109 τοῦτό
1523 5055 1700 5111 ἐστιν’
1744 5057 1812 5111 Ἥ
1844 5057 1977 5111 ύπό-

410 5158 591 5211 σχισις
615 5142 712 5211 τῆς
742 5143 1043 5215 παρουσίας
1060 5143 1170 5215 ἐμὴ
1193 5140 1282 5215 ἦν,
1314 5146 1404 5199 καὶ
1434 5144 1547 5216 ἐγὼ
1564 5144 1774 5201 οἴκοθεν
1802 5148 1977 5216 ἐπηγ-

408 5233 678 5304 γειλάμην
716 5236 891 5290 ἐκεῖνο
909 5252 923 5267 ο
971 5237 1033 5290 τὸ
1065 5238 1123 5291 δέ
1152 5238 1413 5309 κήρυγμα
1445 5239 1545 5292 οὐκ
1570 5238 1702 5310 ἐμὸν
1732 5237 1854 5293 οὐδέ
1879 5238 1947 5294 ἀν

410 5323 702 5397 θρώπινον,
747 5326 883 5380 ἀλλά
907 5329 1001 5381 τοῦ
1028 5327 1163 5383 Θεοῦ
1184 5347 1197 5361 ·
1228 5326 1298 5384 τά
1327 5329 1385 5384 δέ
1409 5328 1507 5385 τοῦ
1529 5329 1666 5384 Θεοῦ
1698 5331 1976 5402 ἀμήχανον

408 5415 795 5487 διαψεύσασθαι
814 5434 828 5448 ·
862 5418 941 5472 διὸ
962 5418 1055 5473 καὶ
1076 5418 1199 5490 ἔφη·
1223 5421 1448 5488 Πιστὸς
1472 5421 1542 5476 δὲ
1564 5424 1599 5479 ό
1625 5423 1799 5489 Θεός’
1821 5440 1976 5477 τουτο

412 5511 580 5574 ἐστιν,
613 5509 837 5583 ἀληθής.
888 5510 980 5581 Μὴ
1009 5510 1186 5565 τοίνυν
1231 5512 1565 5568 ὑποπτεύετε
1610 5513 1681 5568 τά
1728 5514 1972 5569 ἐκείνοιν

478 5661 505 5690 ³
532 5659 615 5726 Sic
653 5660 940 5726 legengqm,
964 5664 1021 5710 ut
1041 5659 1255 5726 _conj|clt
1281 5628 1465 5726 50:11.,
1489 5664 1543 5712 et
1581 5662 1647 5713 Ita
1669 5661 1793 5726 leg".
1818 5658 1974 5711 inter-

414 5732 533 5784 pres
566 5721 783 5773 talium.
805 5721 935 5774 Ediu
963 5721 1110 5782 male,
1135 5723 1211 5770 ἵνα
1237 5722 1299 5785 μῦ
1326 5723 1436 5781 δόξῃ

1121 267 1179 322 S.
1219 264 1502 323 JOANNIS
1539 262 2023 324 CHRYSOS'IOMI
2062 268 2358 328 ARCIIIEP
2422 267 2964 327 CONSTANTINOP.

412 378 760 452 κουφότητος,
802 381 864 437 :0
898 383 975 455 μὴ
1006 383 1209 449 ἐλθεῖν,
1243 385 1380 440 ἀλλά
1406 385 1470 437 :0
1494 383 1604 439 ητοῦ
1639 385 1975 456 ΙΙνεύματος,
2009 363 2020 388 ‘

3554 266 3657 322 ιιο

2084 389 2242 443 οὐδὲν
2276 390 2373 462 γάρ
2413 392 2470 443 ἐν
2516 388 2699 450 αὐτοῖς
2750 386 3109 459 ἀνθρώπινον.
3147 384 3256 440 K01
3299 382 3488 455 ἐπειδὴ
3534 377 3657 436 εἷπε

2087 482 2262 551 λόγον,
2297 484 2492 553 ἐπάγει
2522 483 2705 538 λοιπὸν
2733 481 2944 546 δεικνὺς
2974 480 3122 533 ποῖον
3149 478 3302 547 λόγον
3325 476 3479 547 φησί.

2156 697 2220 748 δ’.
2245 697 2403 759 Ποῖος
2425 691 2519 750 οὖν
2553 693 2708 763 λόγος
2733 692 2884 759 ιῖτός
2916 698 3094 761 ἐστιν,
3136 694 3190 746 '0
3234 692 3347 761 γὰρ
3373 690 3481 762 τοῦ
3507 688 3662 744 Θεοῦ

2095 789 2250 855 Υἱὸς,
2301 788 2487 859 φησιν,
2539 790 2573 841 ὀ
2614 786 2686 841 ἐν
2714 785 2855 854 ὑμῖν
2888 786 2964 844 δι’
2984 785 3152 855 ἡμῶν
3195 782 3537 855 κηρυχθείς,
3582 769 3661 835 δι’

2084 880 2231 950 ἐμοῦ
2268 880 2367 935 καί
2418 876 2757 935 Σιλουανοῦ
2795 876 2893 931 καί
2939 875 3237 948 Τιμοθέου,
3275 877 3387 930 οὐκ
3422 873 3661 945 ἐγένετο

2085 970 2195 1026 Ναί
2243 970 2343 1025 καὶ
2393 969 2497 1025 οὔ.
2550 969 2650 1024 Διά
2694 968 2802 1039 7&9
2830 966 2990 1021 :06:0
3015 962 3110 1020 καὶ
3135 968 3226 1020 τδν
3258 965 3419 1038 χορὸν
3446 965 3658 1032 εἰσάγει

2085 1062 2193 1117 τῶν
2241 1061 2580 1117 διδασκάλων
2632 1062 2713 1125 είς
2754 1060 2941 1131 μέσον,
2992 1058 3306 1126 ἀξιόπιστον
3364 1054 3658 1111 κάντεῦθεν

2085 1154 2184 1226 τὴν
2207 1154 2511 1227 μαρτυρίαν
2546 1152 2736 1216 ποιῶν,
2757 1151 2818 1207 οὐ
2847 1151 2935 1207 διὰ
2959 1151 3067 1206 τῶν
3097 1150 3447 1206 ἀκουσάντων
3473 1149 3653 1220 μόνον,

2085 1246 2222 1301 ἀλλὰ
2246 1247 2342 1301 καὶ
2361 1245 2454 1301 διὰ
2478 1244 2590 1299 τῶν
2614 1243 2959 1311 διδαξόντων.
2993 1242 3188 1298 Καίτοι
3219 1240 3454 1312 μαθηταὶ
3483 1235 3651 1312 ἦσαν’

2084 1335 2220 1392 ἀλλά
2247 1334 2574 1407 μετριάζων,
2595 1336 2653 1389 ἐν
2672 1334 2825 1401 τάξει
2841 1331 3179 1387 διδασκάλων
3195 1331 3392 1395 αὐτοὺς
3413 1329 3659 1402 ἀριθμεῖ.

2084 1428 2151 1481 Τί
2188 1426 2248 1481 δέ
2293 1427 2461 1492 ἐστιν,
2506 1428 2627 1480 Οὐκ
2673 1426 2910 1495 ἐγένετο
2950 1424 3064 1479 Ναί
3111 1422 3361 1487 x0106;
3411 1421 3526 1478 οὐκ
3560 1422 3661 1476 ἀν·-

2087 1516 2312 1589 έτρεψα,
2345 1516 2531 1588 φησὶν,
2574 1514 2612 1570 ἀ
2642 1517 2903 1587 πρότερον
2936 1510 3090 1568 εἷπον
3112 1515 3171 1568 ἐν
3199 1512 3277 1585 τῷ
3307 1512 3658 1584 κηρύγματι*

2085 1609 2147 1660 οὐ
2202 1607 2298 1660 νῦν
2351 1607 2450 1678 μὲν
2500 1607 2680 1669 τοῦτο,
2726 1605 2821 1659 νῦν
2864 1606 2924 1661 δέ
2973 1606 3148 1659 ἐκεῖνο
3175 1602 3455 1675 διελέχθην
3498 1604 3658 1675 ὑμῖν·

2084 1699 2243 1755 τοῦτο
2302 1699 2415 1769 γάρ
2467 1698 2651 1753 οὐκέτι
2704 1699 2974 1762 πίστεως,
3035 1696 3170 1752 ἀλλά
3236 1696 3664 1768 πεπλανημένης

2084 1790 2320 1855 διανοίας
2342 1790 2509 1845 ἐστίν.
2570 1790 2753 1845 Ἀλλὰ
2780 1788 2892 1844 Ναί
2937 1789 3007 1843 ἐν
3032 1787 3193 1855 αὐτῷ
3223 1788 3447 1858 γέγονε.
3493 1787 3663 1841 Τουτ-

2085 1884 2254 1949 ἑστιν,
2309 1883 2756 1954 άπαρασάλευτος
2806 1883 2900 1935 καὶ
2956 1881 3170 1953 βέϐαιος
3217 1882 3247 1933 ό
3282 1880 3436 1950 λόγος
3486 1879 3657 1948 μένει.

2087 1976 2266 2032 Ὅσαι
2288 1976 2396 2047 γὰρ
2414 1977 2759 2047 ἐπαγγελίαι
2782 1974 2950 2039 Θεοῦ,
2976 1975 3046 2028 ἐν
3065 1970 3224 2038 αὐτῷ
3238 1972 3303 2026 τὸ
3321 1972 3451 2035 Ναί,
3471 1971 3569 2027 καί
3586 1973 3661 2024 ἐν

2085 2066 2247 2134 αὐτῷ
2272 2067 2341 2121 τό
2382 2068 2586 2137 Ἀμὴν,
2617 2065 2699 2132 τῷ
2727 2066 2849 2132 Θεῷ
2879 2065 3026 2132 πρὸς
3058 2063 3248 2129 δόξαν
3275 2062 3349 2116 δι’
3378 2061 3562 2133 ἡμῶν.
3588 2063 3657 2115 Τί

2085 2158 2254 2224 ἐστιν,
2283 2158 2460 2212 Ὅσαι
2492 2157 2838 2229 ἐπαγγελίαι
2887 2154 3073 2216 Θεοῦ;
3108 2153 3285 2208 Πολλά
3312 2152 3374 2206 :0
3395 2154 3662 2223 κηρυγμα

2087 2250 2418 2321 ὑπισχνεῖτο,
2450 2250 2543 2302 καὶ
2571 2249 2724 2302 αὐτοὶ
2758 2247 2828 2300 τὰ
2863 2246 3035 2300 πολλά
3060 2245 3233 2300 ταῦτα
3263 2244 3665 2317 ἐπηγγέλλοντο

2085 2341 2182 2396 καὶ
2214 2342 2529 2413 ἐκήρυττον.
2558 2339 2670 2393 Καὶ
2697 2339 2807 2410 7&9
2838 2338 2966 2410 περὶ
3011 2335 3361 2400 ἀναστάσεως
3385 2335 3661 2406 διελέχθη-

2087 2448 2207 2495 σαν,
2238 2432 2332 2487 καὶ
2370 2431 2498 2503 περὶ
2526 2429 2863 2502 ἀναλήψεως,
2893 2429 2988 2482 καὶ
3030 2429 3159 2499 περὶ
3199 2425 3537 2501 ἀφθαρσίας,
3564 2425 3659 2481 καὶ

2086 2530 2228 2599 περὶ,
2262 2528 2370 2583 τῶν
2424 2527 2674 2600 μεγάλων
2722 2524 2971 2580 ἐπάθλων
3023 2522 3120 2577 καὶ
3178 2522 3286 2576 τῶν
3336 2521 3663 2592 ἀπορρήτων

2085 2619 2304 2689 ἀγαθῶν
2333 2620 2575 2674 ἐκείνων.
2609 2617 2826 2681 Ταύτας
2858 2612 2950 2671 οὖν
2984 2615 3085 2679 τάς
3119 2612 3453 2682 ἐπαγγελίας
3479 2611 3662 2682 μένειν

2084 2715 2376 2782 ἀκινήτους
2417 2711 2573 2784 φησὶ,
2610 2711 2704 2765 καὶ
2734 2711 2834 2765 οὐκ
2869 2708 3084 2778 ἐγένετο
3109 2705 3218 2761 N01
3244 2705 3339 2759 καὶ
3372 2706 3450 2759 06
3478 2707 3538 2758 ἐν
3565 2704 3662 2758 αὐ-

2084 2803 2556 2869 ταῖς.Τουτέστιν,
2601 2801 2676 2855 Οὐ
2725 2800 2857 2855 ποτέ
2902 2799 3000 2871 μὲν
3035 2797 3207 2869 ἀληθῆ
3268 2794 3342 2850 τά
3370 2794 3658 2867 εἰρημένα,

2088 2893 2238 2969 [M7]
2281 2895 2410 2950 ποτὲ
2448 2894 2505 2948 δὲ
2533 2893 2726 2965 ψευδῆ,
2774 2891 3027 2963 καθάπερ
3078 2888 3400 2963 ἡέπιδημία
3446 2889 3482 2959 η
3529 2886 3659 2958 ἐμὴ,

2084 2988 2201 3041 ἀλλ’
2247 2988 2334 3042 ἀεὶ
2363 2985 2560 3057 ἀληθῆ.
2596 2985 2706 3038 Καὶ
2754 2980 2970 3054 πρῶτον
3011 2980 3110 3053 μδν
3138 2978 3279 3052 ὺπέρ
3302 2978 3413 3033 τῶν
3440 2978 3539 3049 τῆς
3569 2977 3659 3030 πί-

2087 3093 2257 3139 στεως
2284 3074 2567 3144 δογμάτων
2596 3072 2690 3127 καὶ
2726 3071 2820 3125 τοῦ
2851 3072 2980 3144 περὶ
3007 3068 3243 3142 Χριστοῦ
3275 3068 3433 3138 λόγου
3459 3067 3657 3136 ἀγωνί-

2086 3167 2237 3232 ζεται
2274 3167 2469 3236 λέγων·
2533 3167 2587 3220 '0
2633 3167 2815 3235 λόγος
2863 3182 2982 3234 μου
3015 3163 3107 3217 καὶ
3154 3162 3216 3216 :0
3253 3159 3515 3234 κήρυγμά
3549 3176 3654 3228 μου

2086 3263 2197 3315 οὐκ
2226 3260 2464 3330 ἐγένετο
2479 3258 2588 3313 Ναί
2625 3257 2724 3312 καί
2748 3257 2862 3312 οῠο
2896 3256 3086 3310 ἔπειτα
3116 3254 3257 3326 ὑπὲρ
3285 3254 3395 3307 τῶν
3432 3250 3653 3321 ὑποσχέ-

2088 3367 2246 3404 σεωνσ
2266 3350 2442 3404 Ὅσαι
2465 3348 2575 3418 γὰρ
2594 3347 2940 3417 ἐπαγγελίαι
2967 3343 3137 3408 Θεοῦ,
3163 3343 3234 3397 ἐν
3258 3340 3421 3409 αὐτῷ
3434 3340 3498 3396 τό
3521 3339 3654 3394 Ναί.

2086 3444 2150 3496 Εί
2172 3443 2227 3496 δέ
2258 3440 2294 3496 ἀ
2335 3440 2602 3511 ὑπέσχετο
2640 3438 2833 3509 βέϐαια
2873 3437 2968 3491 καὶ
3017 3434 3176 3489 δώσει
3206 3435 3448 3498 πάντως,
3483 3429 3663 3501 πολλῷ

2088 3533 2289 3604 μᾶλλον
2321 3532 2483 3597 αὐτὸς
2521 3532 2615 3585 καὶ
2646 3534 2674 3585 ό
2714 3531 2842 3602 περὶ
2887 3527 3053 3585 αὐτοῦ
3091 3529 3251 3597 λόγος
3280 3527 3399 3581 ἐστὶ
3424 3526 3662 3598 βέϐαιος,

2086 3626 2182 3680 καὶ
2219 3626 2321 3680 οὐκ
2356 3625 2505 3678 ἐστιν
2537 3625 2733 3689 εἰπεῖν,
2762 3623 2844 3677 ὅτι
2872 3620 2967 3675 νῦν
3021 3621 3121 3693 μὲν
3151 3621 3291 3682 ἔστι,
3324 3619 3421 3674 νῦν
3457 3618 3514 3673 δέ
3561 3618 3664 3673 οὐκ

2087 3717 2256 3779 ἐστιν,
2286 3716 2404 3772 ἀλλ’
2436 3715 2522 3772 ἀεί
2548 3718 2682 3779 ἐστι,
2713 3714 2806 3767 καὶ
2834 3715 2863 3766 ό
2892 3712 3053 3777 αὐτός
3082 3714 3218 3766 ἐστι.

2158 3890 2223 3944 Τί
2258 3890 2316 3944 δέ
2359 3891 2527 3949 ἐστιν,
2563 3886 2667 3941 Ἐν
2697 3883 2857 3950 αὑτῷ
2877 3883 2943 3938 τό
3001 3882 3113 3938 Ναί
3138 3921 3155 3946 ,
3182 3878 3280 3936 καί
3311 3879 3375 3933 τό
3422 3877 3651 3948 Ἀμήνῖ

2088 3983 2162 4037 T0
2209 3983 2428 4045 πάντως
2476 3978 2733 4051 ἐσόμενον
2766 3976 2935 4047 δηλοῖ.
2972 3976 3039 4029 Δί
3085 3973 3193 4045 γάρ
3231 3969 3553 4039 ἐπαγγελίαι
3589 3968 3652 4024 ἐν

2087 4074 2274 4146 αὐτῷ,
2325 4073 2427 4127 οὐκ
2465 4072 2524 4126 ἐν
2575 4067 2889 4142 ἀνθρώπῳ,
2935 4067 2999 4121 :0
3041 4063 3294 4135 γενέσθαι
3334 4062 3516 4133 έχουσι
3556 4059 3654 4114 καὶ

2089 4164 2468 4238 πληρωθῆναι.
2512 4161 2604 4233 Μὴ
2647 4159 2829 4213 τοίνυν
2879 4157 3095 4230 δείσῃς·
3126 4156 3189 4209 οὐ
3223 4153 3331 4227 γὰρ
3371 4149 3658 4225 ἄνθρωπός

2088 4259 2258 4321 ἐστιν,
2281 4254 2367 4309 ἵνα
2387 4251 2759 4325 ὑποπτεύσῃς,
2784 4249 2923 4305 ἀλλά
2947 4248 3081 4312 Θεός
3108 4248 3279 4307 ἐστιν,
3309 4246 3339 4298 ό
3365 4244 3461 4299 καὶ
3483 4239 3656 4297 εἰπὼν

2087 4350 2185 4403 καὶ
2216 4344 2462 4418 πληρῶν.
2519 4343 2604 4410 Τῷ
2661 4340 2783 4409 Θεῷ
2826 4340 2978 4410 πρὸς
3015 4338 3205 4403 δόξαν
3236 4337 3313 4392 δι’
3361 4336 3557 4407 ἡμῶν.
3590 4335 3656 4389 Τί

2087 4440 2228 4503 ἐστι,
2254 4437 2407 4507 Πρὸς
2425 4435 2614 4501 δόξαν
2631 4433 2706 4488 δι’
2736 4430 2905 4502 ἡμῶν
2917 4447 2937 4495 ;
2969 4430 3178 4501 Πληροῖ
3197 4429 3367 4491 αὐτάς
3382 4429 3450 4483 δι’
3467 4429 3624 4500 ἡμῶν
3640 4445 3654 4459 ο

2086 4531 2334 4585 τουτέστι
2353 4568 2369 4594 ,
2393 4527 2482 4581 διὰ
2513 4527 2623 4580 τῶν
2655 4526 2735 4589 είς
2774 4524 2921 4595 ἡμᾶς
2969 4521 3304 4593 εὐεργεσιῶν
3331 4520 3471 4592 πρὸς
3500 4520 3657 4584 δόξαν

2088 4621 2258 4676 αὐτοῦ
2282 4637 2295 4650 ⁸
2333 4618 2492 4674 τοῦτο
2528 4617 2639 4689 γάρ
2686 4617 2837 4679 ἐστι,
2877 4613 2963 4681 Τῷ
2999 4612 3122 4679 Θεῷ
3151 4613 3303 4682 πρὸς
3340 4612 3549 4677 δόξαν.
3592 4612 3656 4664 El

2084 4715 2142 4769 δέ
2185 4713 2325 4783 πρὸς
2361 4709 2518 4776 δόξαν
2569 4708 2664 4762 τοῦ
2703 4706 2862 4772 Θεοῦ,
2902 4706 3120 4769 πάντως
3174 4705 3354 4760 ἐσται.
3392 4704 3507 4774 Τῆς
3546 4704 3659 4772 7&9

2087 4804 2254 4861 αὐτοῦ
2288 4803 2448 4874 δόξης
2492 4801 2553 4855 οὐ
2589 4800 3015 4871 καταφρονήσει,
3048 4798 3097 4849 εί
3125 4797 3222 4851 καὶ
3256 4798 3357 4867 τῆς
3379 4797 3656 4867 ἡμετέρας

2087 4896 2410 4969 κατεφρόνει
2445 4894 2717 4966 σωτηρίας
2735 4910 2750 4923 ο
2787 4892 2883 4946 καὶ
2904 4890 2992 4945 διὰ
3018 4888 3082 4943 :0
3112 4887 3317 4959 σφόδρα
3346 4886 3654 4960 φιλάνθρω-

2089 5007 2194 5055 πος
2240 4987 2400 5043 εἶναι.
2443 4987 2555 5041 K01
2583 4985 2720 5057 πρὸς
2752 4983 2909 5037 τοῦτο
2949 4979 3107 5054 ἡμῶν
3133 4982 3168 5051 η
3198 4980 3446 5051 σωτηρία
3470 4979 3655 5033 συνδέ-

2085 5084 2235 5137 δεται
2267 5083 2334 5152 τῇ
2377 5077 2545 5135 αὐτοῦ
2603 5076 2728 5148 δόξῃ
2749 5077 2817 5147 τῇ
2852 5074 2944 5127 ἐπὶ
2978 5071 3211 5136 τούτοις.
3245 5072 3408 5125 Ὥστε
3438 5072 3488 5125 εί
3519 5077 3654 5143 πρδς

2083 5174 2241 5240 δόξαν
2278 5172 2439 5226 αὐτοῦ
2480 5174 2619 5225 εἰσιν
2652 5169 2707 5221 αί
2747 5163 3105 5235 ἐπαγγελίαι.
3130 5162 3349 5226 πάντως
3372 5161 3520 5233 καὶὴ
3553 5177 3654 5214 σω-

2086 5266 2254 5339 τηρία
2302 5264 2464 5336 ἡμῶν
2506 5261 2716 5331 ἕψεται.
2754 5260 2820 5312 ’0
2852 5258 2947 5312 καὶ
2982 5257 3042 5309 ἐν
3085 5256 3154 5328 τῇ
3201 5253 3338 5325 πρὸς
3373 5252 3654 5323 Ἐφεσίους

2089 5357 2332 5429 συνεχῶς
2360 5353 2717 5427 περιστρέφει
2736 5349 2945 5418 λέγων’
2977 5346 3085 5413 Et;
3121 5345 3512 5414 περιποίησιν
3546 5342 3654 5410 τῆς

2087 5451 2276 5519 δόξης
2303 5447 2514 5503 αὑτοῦ.
2551 5446 2662 5500 K01
2692 5439 2970 5514 πανταχοῦ
3001 5438 3161 5495 τοῦτο
3191 5438 3379 5509 τίθησι
3399 5477 3415 5504 ,
3443 5436 3657 5500 δεικνὺς

2090 5546 2153 5599 :0
2192 5544 2493 5610 ἀναγκαῖον
2530 5538 2631 5609 τῆς
2659 5536 2936 5600 ἐκϐάσεως
2960 5550 2975 5566 ·
3014 5532 3043 5587 δ
3078 5532 3176 5588 καὶ
3204 5530 3440 5586 ἐνταῦθά
3465 5547 3651 5602 φησιν,

2085 5639 2169 5693 δτι
2203 5637 2260 5692 αί
2288 5631 2609 5703 ἐπαγγελίαι
2641 5629 2805 5684 αὐτοῦ
2823 5629 2891 5682 οὐ
2920 5625 3222 5696 ψεύδονται·
3252 5624 3328 5676 οὐ
3368 5623 3478 5693 γὰρ
3509 5622 3657 5695 ἦμες

2096 5730 2259 5799 μόνον
2299 5724 2566 5791 σώζουσιν
2584 5762 2599 5789 ,
2629 5721 2764 5779 ἀλλά
2797 5720 2891 5775 καὶ
2912 5716 3073 5773 αὐτὸν
3090 5714 3392 5781 δοξάζουσι.
3428 5714 3523 5785 Μὴ
3543 5712 3651 5768 τοί-
