4070 6152
420 369 524 427 ιοθ

417 483 545 540 dum
564 489 724 538 esset.
745 480 906 536 Vides
918 494 1123 536 rursum
1135 485 1445 534 consuetam
1469 479 1567 549 ipsi
1584 479 1990 550 argumentandi

419 577 681 633 rationem
697 575 721 630 ?
737 574 886 630 Unde
901 572 1042 629 enim
1064 571 1169 644 ipsi
1182 586 1242 628 se
1261 569 1579 642 probaturos
1596 571 1989 638 existimabant,

421 682 545 722 cum
573 667 639 722 iis
661 665 900 721 consiliis
939 664 1036 728 uti,
1066 678 1186 734 quae
1223 678 1256 718 a
1301 677 1466 719 carne
1503 662 1989 733 proﬁciscerentur,

419 761 565 832 quod
591 761 835 816 nimirum
867 759 1143 829 promissis
1173 773 1282 813 non
1302 757 1575 820 stetisset;
1608 756 1732 812 hinc
1760 757 1874 828 ipse
1911 758 1993 813 vel

420 851 650 908 maxime
669 867 728 906 se
753 850 1014 920 spirituali
1039 849 1266 906 consilio
1291 849 1507 904 ductum
1550 847 1714 904 fuisse
1738 848 1990 911 ostendit,

417 958 483 1000 ac
522 951 705 998 contra
741 943 944 998 carnali
971 941 1132 997 modo
1157 942 1514 1012 cogitaturum
1545 940 1708 996 fuisse
1731 982 1748 1007 ,
1790 939 1834 994 si
1865 954 1994 995 con-

417 1036 635 1091 trarium
682 1033 920 1090 fecisset.
954 1033 1094 1101 Quid
1132 1033 1312 1103 igitur,
1344 1033 1486 1088 dicet
1524 1031 1716 1102 aliquis
1739 1072 1755 1098 ,
1787 1045 1852 1084 an
1887 1045 2000 1084 non;

411 1145 476 1184 ex
520 1127 718 1197 Spiritu
762 1128 1034 1198 pollicitus
1079 1125 1300 1182 fuerat?
1329 1126 1544 1182 Minime
1587 1141 1718 1180 vero
1752 1142 1764 1178 :
1793 1125 1996 1179 etenim

405 1221 516 1291 jam
537 1218 738 1274 dictum
750 1226 833 1274 e’st
847 1233 878 1272 a
899 1233 1008 1284 me,
1032 1233 1138 1273 non
1151 1219 1328 1273 omnia
1347 1233 1409 1272 ea
1429 1217 1590 1272 Paulo
1606 1215 1813 1286 cognita
1832 1214 1994 1270 fuisse

410 1327 531 1382 qua:
575 1311 752 1366 futura
785 1319 940 1365 erant
978 1319 1032 1365 et
1056 1309 1444 1365 conducebant.
1480 1307 1603 1363 ldeo
1629 1307 1681 1362 in
1709 1305 1991 1377 superiore

409 1403 628 1474 quidem
656 1401 882 1472 epistola
913 1401 1000 1458 his
1017 1401 1194 1457 verbis
1217 1401 1396 1466 utitur,
1434 1398 1503 1455 Ut
1521 1415 1607 1454 vos
1631 1415 1710 1453 me
1729 1397 1994 1453 deducatis

410 1510 728 1566 quocumque
749 1494 1044 1564 proﬁciscar
1069 1493 1090 1564 (
1114 1494 1165 1547 l.
1197 1491 1316 1548 Cor.
1351 1492 1436 1548 l6.
1471 1491 1581 1562 6);
1613 1491 1717 1546 hoc
1746 1490 1994 1546 videlicet

413 1595 680 1653 metuens,
712 1601 778 1640 ne
805 1600 926 1640 cum
963 1585 1014 1639 in
1040 1584 1281 1640 Judmam
1310 1584 1554 1649 dixisset,
1585 1582 1694 1638 alio
1717 1583 1864 1638 abire
1903 1597 1994 1637 co-

411 1687 632 1748 geretur
661 1695 675 1731 :
709 1675 796 1733 hic
822 1685 1021 1743 autem,
1041 1676 1294 1746 quoniam
1317 1676 1416 1730 hac
1442 1691 1537 1746 spe
1552 1675 1770 1732 delusus
1799 1674 1989 1742 fuerat,

417 1771 558 1825 istud
600 1770 693 1836 ait,
726 1769 794 1824 Et
833 1787 866 1823 a
903 1771 1039 1825 vobis
1077 1770 1258 1824 deduci
1297 1770 1349 1823 iu
1386 1768 1646 1823 Iudaeam.
1677 1767 1809 1823 Nam
1849 1767 1992 1838 quod

416 1861 656 1916 caritatis
677 1868 811 1926 erat,
840 1860 893 1916 id
937 1861 1108 1930 ponit,
1139 1859 1244 1916 hoc
1267 1870 1370 1925 cst,
1393 1859 1459 1915 ad
1485 1875 1579 1914 eos
1603 1859 1787 1914 venire
1813 1877 1826 1913 :
1853 1857 1992 1928 quod

414 1964 594 2008 autem
638 1967 825 2008 eorum
863 1951 994 2007 nihil
1025 1953 1284 2007 intererat
1306 1993 1321 2017 ,
1352 1966 1545 2022 nempe
1575 1960 1630 2005 ut
1660 1951 1712 2005 in
1755 1949 1992 2006 Judzeam

412 2043 618 2109 abiret,
685 2043 788 2097 hoc
865 2057 970 2096 non
1038 2043 1148 2112 jam
1217 2041 1418 2097 diserte
1477 2041 1644 2096 addit.
1704 2041 1990 2113 Postquam

410 2144 587 2191 autem
640 2136 918 2191 convictus
969 2145 1088 2199 est,
1146 2134 1233 2190 hic
1279 2135 1389 2205 jam
1439 2133 1666 2190 ﬁdenter
1707 2135 1878 2202 dicit,
1926 2132 1994 2189 In

409 2229 668 2284 Judteam.
711 2230 885 2300 Atque
931 2227 1031 2283 hoc
1074 2228 1278 2283 utiliter
1323 2227 1699 2298 contingebat,
1756 2242 1822 2282 ne
1871 2227 1994 2297 quis

412 2322 646 2391 ipsorum
709 2321 1012 2390 majorem,
1071 2335 1230 2390 quam
1286 2333 1383 2391 par
1439 2328 1623 2386 esset,
1683 2317 1990 2388 opinibnem

409 2414 480 2470 de
533 2428 598 2469 eo
653 2412 892 2469 haberet.
956 2412 1166 2468 Etenim
1222 2411 1300 2476 si,
1362 2427 1482 2466 cum
1536 2410 1652 2465 brae
1705 2411 1867 2466 etiam
1920 2410 1992 2463 ita

409 2521 468 2561 se
494 2504 789 2572 haberent,
826 2513 1005 2560 tamen
1030 2520 1135 2559 non
1159 2504 1473 2567 defuerunt,
1499 2503 1586 2572 qui
1636 2511 1818 2558 tauros
1862 2501 1992 2572 ipsis

408 2597 686 2653 immolare
714 2597 953 2661 vellent;
1003 2611 1110 2666 quo
1153 2595 1366 2650 tandem
1408 2593 1692 2663 impietatis
1723 2607 1827 2647 non
1869 2608 1993 2661 pro-

406 2691 679 2759 ruissenl,
731 2690 833 2744 nisi
883 2689 1044 2743 multa
1102 2684 1776 2743 humanm'imbeeillitatis
1831 2684 1993 2739 docu-

406 2793 590 2839 menta
631 2783 1021 2855 praebuissent?
1059 2781 1127 2836 Et
1170 2797 1265 2836 cur
1292 2780 1503 2834 miraris
1539 2794 1600 2834 ea
1630 2777 1807 2832 omnia
1828 2819 1842 2842 ,
1873 2792 1994 2848 qua:

331 2922 336 2927 .
406 2876 584 2931 futura
623 2884 808 2940 erant,
840 2873 1004 2928 Paulo
1045 2873 1265 2926 minime
1293 2881 1415 2926 nota
1445 2869 1636 2936 fuisse,
1679 2884 1800 2925 cum
1831 2870 1990 2925 etiam

408 2969 466 3024 in
497 2968 739 3040 precibus
767 2967 1082 3038 plerumque
1111 2963 1252 3035 quod
1293 2962 1542 3034 expediat
1580 2962 1829 3033 ignoret?
1858 2961 1996 3028 Quid

406 3061 554 3117 cnim
593 3077 828 3126 oremus,
877 3059 1082 3130 inquit,
1123 3056 1542 3130 quemadmodum
1589 3063 1782 3125 Oportet
1834 3055 1994 3109 nesci-

411 3171 524 3210 mus
551 3154 738 3225 (Rom.
763 3155 816 3209 8.
839 3151 908 3207 26
933 3151 972 3222 ).
1003 3151 1111 3206 Nec
1134 3165 1261 3204 vero
1291 3151 1392 3204 hoc
1419 3163 1484 3204 eo
1507 3148 1781 3203 dumtaxat
1804 3145 1898 3212 ait,
1939 3153 1997 3199 ut

409 3247 690 3304 modestia:
714 3246 1018 3316 opinionem
1042 3242 1291 3313 colligat;
1315 3241 1408 3297 sed
1424 3241 1583 3297 etiam
1607 3239 1858 3304 ostendit,
1879 3237 1996 3292 ubi-

411 3355 562 3406 nam,
590 3338 714 3408 quid
741 3339 792 3392 in
826 3336 1074 3407 precibus
1105 3336 1230 3389 utile
1255 3343 1420 3401 esset,
1456 3332 1730 3404 ignorarit.
1763 3331 1993 3388 Ubinam

413 3439 594 3484 autem
620 3429 916 3500 ignoravit?
940 3426 1143 3495 Nempe
1167 3441 1288 3480 cum
1319 3425 1562 3495 precibus
1581 3439 1612 3479 a
1641 3423 1749 3478 Deo
1773 3431 1996 3477 conten-

417 3521 602 3586 debat,
627 3529 684 3575 ut
703 3535 734 3575 e
758 3521 1132 3574 tentationibus
1156 3519 1474 3588 eriperetur,
1500 3517 1583 3570 his
1603 3514 1780 3568 verbis
1803 3523 1991 3568 utens:

420 3612 590 3666 Datus
628 3621 697 3665 est
731 3611 854 3664 mihi
891 3611 1116 3664 stimulus
1145 3609 1314 3662 carnis
1341 3607 1549 3678 angelus
1579 3615 1770 3661 satana:
1793 3603 1880 3674 qui
1919 3618 1998 3656 me

419 3702 722 3772 colapltizet.
756 3700 970 3772 PrOpter
994 3701 1127 3771 quod
1157 3709 1231 3754 ter
1258 3697 1536 3753 Dominum
1561 3695 1770 3766 rogavi;
1792 3704 1840 3749 et
1869 3693 1998 3746 dixit

417 3795 548 3850 mihi
576 3810 594 3849 :
621 3794 815 3865 Suﬁicit
840 3794 926 3847 tibi
952 3796 1114 3865 gratia
1140 3809 1282 3857 mea;
1303 3792 1459 3846 virtus
1485 3790 1615 3844 enim
1643 3804 1753 3841 mea
1776 3788 1829 3840 in
1852 3786 1999 3854 inﬁr-

414 3888 592 3941 mitate
617 3886 878 3956 per/icitur
909 3885 980 3956 (ἓ.
1012 3884 1129 3940 Cor.
1189 3885 1276 3939 12.
1302 3883 1469 3953 7.-9).
1519 3881 1676 3936 Vides
1703 3878 1992 3951 quomodo,

411 3977 546 4050 quid
573 3993 637 4032 ex
668 3993 764 4032 usu
785 3985 949 4039 esset,
975 3976 1245 4046 postulare
1272 3973 1594 4031 neseiverit?
1616 3972 1692 4027 Ac
1717 3980 1997 4042 propterea

415 4085 524 4126 non
553 4069 782 4138 accepit,
804 4083 924 4124 cum
949 4077 1124 4122 tamen
1152 4082 1293 4138 saepe
1320 4066 1661 4137 postulasset.
1689 4063 1776 4120 18.
1803 4062 1998 4118 Fidelis

411 4169 588 4214 autem
613 4159 788 4226 Deus,
822 4161 940 4230 quia
970 4175 1134 4212 sermo
1164 4168 1351 4225 noster,
1381 4158 1468 4227 qui
1496 4158 1593 4227 fuit
1637 4156 1706 4209 ad
1748 4172 1832 4211 vos
1851 4197 1866 4222 ,
1895 4171 1998 4210 non

413 4253 520 4324 fuit
558 4252 651 4309 Est
691 4262 738 4308 et
775 4251 922 4307 Non.
963 4249 1306 4306 Exorientem
1349 4249 1701 4318 objectionem
1744 4247 1998 4316 prmelare

410 4346 656 4402 discutit.
688 4345 881 4402 Dicere
905 4344 1047 4400 enim
1079 4343 1374 4414 potuissent
1402 4360 1415 4395 :
1461 4340 1516 4395 Si
1543 4354 1664 4394 cum
1697 4341 1811 4408 ipse
1852 4350 1902 4394 te
1931 4338 1998 4392 ad

413 4455 521 4496 nos
546 4447 829 4496 venturum
859 4437 1129 4510 receperis
1150 4479 1166 4505 ,
1210 4437 1263 4491 id
1293 4445 1468 4491 tamen
1508 4434 1685 4490 facere
1712 4433 1996 4498 distulisti,

411 4542 581 4604 atque
608 4531 678 4586 ita
707 4545 814 4586 non
843 4537 926 4587 est
953 4528 1090 4600 apud
1120 4537 1193 4596 te,
1222 4528 1317 4584 Est
1343 4535 1427 4584 est
1446 4569 1460 4595 ,
1492 4526 1606 4582 Non
1639 4540 1742 4580 non
1768 4564 1784 4593 ,
1817 4541 1998 4580 verum

409 4639 542 4696 quae
585 4638 732 4679 nunc
769 4622 900 4678 dicis
920 4665 936 4690 ,
971 4632 1152 4693 postea
1181 4621 1444 4677 subvertis
1465 4661 1480 4686 ,
1521 4626 1580 4676 ut
1607 4617 1659 4674 in
1689 4625 1776 4673 tua
1808 4617 1874 4673 ad
1905 4632 2002 4674 nos

413 4713 754 4786 profectione
778 4713 980 4780 fecisti;
1010 4729 1088 4768 v:c
1127 4712 1300 4780 nobis,
1326 4712 1372 4766 si
1395 4712 1496 4766 hoc
1521 4724 1732 4782 quoque
1759 4710 1812 4764 in
1835 4723 2000 4765 evan-

412 4805 547 4875 gelii
576 4803 953 4874 prmdicatione
982 4804 1258 4875 contingit.
1289 4803 1358 4858 Ut
1384 4816 1510 4873 ergo
1535 4801 1648 4857 iure
1679 4816 1776 4857 nec
1803 4800 2004 4871 cogita-

415 4905 544 4953 rcnt
573 4911 672 4951 nec
693 4896 1148 4966 perturbarentur,
1171 4896 1264 4960 ait,
1295 4893 1490 4948 Fidelis
1523 4893 1676 4960 Deus,
1703 4894 1821 4963 quia
1840 4909 2004 4947 sermo

414 5001 595 5046 noster
618 4989 687 5047 ad
713 5005 796 5044 vos
821 5007 922 5044 non
950 4991 1045 5060 fuit
1076 4987 1165 5044 Est
1195 4998 1242 5042 et
1275 4985 1327 5041 Ν
1333 5004 1417 5041 cn.
1451 4985 1562 5041 Hoc
1588 4986 1728 5041 enim
1747 5026 1762 5054 ,
1795 4985 2000 5056 inquit,

417 5084 474 5137 in
507 5081 886 5152 praedicatione
907 5096 1012 5135 non
1037 5079 1316 5150 contingit,
1350 5077 1443 5132 sed
1473 5079 1524 5131 in
1552 5077 1647 5131 viis
1675 5092 1736 5132 ac
1764 5079 2002 5149 peregri-

420 5173 738 5229 nationibus
764 5173 1042 5228 dumtaxat
1068 5189 1080 5226 :
1110 5185 1230 5224 nam
1259 5171 1312 5224 in
1339 5167 1714 5239 praedicatione
1747 5167 1896 5222 ﬁrma
1920 5178 2003 5222 at-

417 5282 531 5337 que
563 5265 782 5320 immota
833 5270 1050 5318 manent
1094 5276 1211 5332 qua:
1255 5260 1505 5315 diximus.
1559 5257 1659 5313 Per
1703 5272 2006 5313 sermonem

417 5357 570 5410 enim
600 5355 700 5411 hoc
732 5357 848 5410 loco
875 5353 1305 5424 praedicationem
1334 5350 1613 5420 signiﬁcat.
1645 5348 1836 5404 Postea
1868 5349 2003 5404 irre-

418 5447 643 5502 itttahile
663 5457 1034 5516 argumentum
1061 5443 1218 5512 hujus
1237 5443 1313 5498 rei
1336 5442 1510 5508 affert,
1530 5439 1598 5496 ad
1623 5440 1786 5495 Deum
1809 5439 1912 5496 hoc
1937 5453 2008 5496 t0-

419 5549 540 5592 tunt
571 5538 829 5593 referens.
862 5533 1014 5602 Quod
1051 5543 1228 5588 autem
1258 5534 1352 5598 ait,
1385 5532 1524 5586 hunc
1551 5545 1766 5586 sensum
1807 5531 2003 5586 habet:

418 5629 704 5685 Adventus
729 5629 835 5684 mei
878 5625 1192 5698 pollicitatio
1230 5640 1348 5680 mea
1387 5631 1533 5688 erat,
1580 5631 1737 5693 atque
1763 5637 1860 5694 ego
1886 5638 2004 5679 mea

415 5732 618 5791 $p0ttle
654 5721 705 5777 id
735 5721 1118 5792 promiseram;
1148 5726 1202 5773 at
1224 5711 1534 5790 praedicatio
1562 5731 1666 5770 non
1697 5730 1814 5772 mea
1853 5729 1967 5773 erat
1988 5757 2003 5782 ,

416 5829 526 5870 tute
560 5815 791 5871 humana
815 5856 830 5884 ,
875 5812 968 5870 sed
1016 5813 1107 5871 Dei
1139 5830 1151 5869 :
1183 5811 1322 5886 quod
1369 5820 1543 5866 autem
1587 5808 1680 5866 Dei
1719 5816 1839 5878 est,
1870 5809 1920 5864 in
1954 5809 2004 5864 id

1516 363 1580 419 IN
1620 364 1833 422 EPIST.
1875 367 1914 422 ll
1973 367 2064 424 AD
2103 365 2254 423 COR.
2298 367 2528 424 llOMlL.
2572 368 2658 425 lll.

3584 377 3684 434 “0

2100 481 2434 536 mendacium
2471 483 2662 541 cadere
2690 486 2908 557 nequit:
2938 487 3078 544 unde
3103 489 3262 543 etiam
3293 488 3454 557 dicit,
3489 489 3687 552 Fidelis

2099 583 2265 628 autem
2304 574 2476 642 Deus;
2507 579 2610 634 hoc
2639 588 2748 645 est,
2781 595 2963 636 verax.
2999 582 3357 651 Quamobrem
3399 586 3528 640 nihil
3568 597 3683 654 est,

2097 677 2196 718 cur
2223 679 2284 720 ea
2310 707 2326 732 ,
2373 682 2494 737 qua:
2522 669 2664 724 illius
2704 681 2868 739 sunt,
2884 673 3045 728 vobis
3075 685 3322 744 suspecta
3368 676 3477 732 sint
3506 695 3520 732 :
3554 679 3684 734 nihil

2098 755 2241 809 enim
2292 757 2345 812 in
2391 759 2521 828 ipsis
2570 759 2860 818 humanum
2906 775 3008 820 est.
3057 767 3136 821 Ae
3177 777 3521 840 posteaquam
3570 785 3687 826 scr-

2099 858 2311 898 monem
2351 845 2518 914 dixit,
2567 848 2634 905 de
2662 866 2768 921 quo
2817 868 3065 910 sermone
3105 856 3686 931 loquatur,.deinceps

2097 936 2333 1005 exponit.

2167 1026 2221 1081 4.
2263 1027 2516 1096 Quisnam
2560 1031 2722 1102 igitur
2763 1032 2850 1089 hic
2891 1049 3068 1092 sermo
3107 1039 3232 1094 est?
3273 1039 3361 1097 19:
3410 1041 3522 1096 Dei
3546 1042 3679 1098 enim

2100 1116 2268 1173 Filius
2287 1161 2301 1184 ,
2327 1121 2414 1191 qui
2446 1122 2500 1177 in
2525 1125 2664 1180 vobis
2691 1141 2782 1196 per
2810 1143 2903 1182 uos
2930 1129 3237 1199 praedicatus
3257 1141 3370 1199 est,
3404 1150 3494 1203 per
3529 1151 3608 1190 me
3635 1146 3682 1190 et

2099 1212 2364 1268 Siluanum
2393 1226 2440 1269 et
2470 1216 2806 1288 Timotheum,
2838 1238 2941 1276 non
2967 1223 3066 1292 fuit
3095 1223 3188 1280 Est
3212 1235 3259 1280 et
3281 1225 3424 1282 Non.
3456 1227 3536 1285 οι)
3561 1244 3680 1285 eam

2097 1304 2247 1358 enim
2273 1319 2486 1362 causam
2513 1309 2890 1380 magistrorum
2919 1311 3141 1368 chorum
3172 1315 3225 1370 in
3255 1316 3490 1372 medium
3515 1318 3683 1374 addu-

2097 1395 2196 1463 cit,
2215 1396 2337 1452 hinc
2361 1414 2575 1471 quoque
2604 1401 2909 1458 testimonio
2934 1418 3032 1458 suo
3055 1405 3213 1462 ﬁdem
3239 1405 3543 1476 adstruens,
3575 1425 3684 1464 non

2100 1501 2196 1556 per
2217 1488 2488 1546 auditores
2511 1501 2736 1560 tantum,
2765 1494 2859 1550 sed
2885 1497 3045 1551 etiam
3071 1513 3168 1568 per
3195 1499 3498 1570 magistros.
3525 1502 3684 1572 Atqui

2097 1579 2340 1652 discipuli
2375 1583 2446 1637 illi
2474 1595 2646 1653 erant,
2675 1588 2768 1642 sed
2795 1589 3072 1645 modestiae
3089 1590 3266 1647 studio
3298 1607 3392 1648 eos
3428 1594 3482 1649 in
3512 1597 3684 1665 magi-

2098 1679 2330 1729 strorum
2358 1675 2536 1732 album
2564 1678 2745 1734 refert.
2774 1680 2911 1747 Quid
2934 1691 3111 1736 autem
3140 1691 3222 1739 est
3245 1723 3258 1748 ,
3296 1683 3418 1738 Non
3449 1689 3544 1755 fuit
3590 1685 3686 1740 Est

2098 1773 2145 1818 et
2174 1762 2294 1819 Non
2317 1765 2343 1818 2
2379 1765 2496 1822 Non
2540 1782 2601 1823 ea
2637 1769 2910 1838 subverti,
2955 1771 3317 1844 inquit,.qua:
3349 1775 3496 1844 prius
3544 1776 3686 1832 inter-

2097 1856 2524 1914 concionandum
2550 1859 2696 1916 dixi:
2727 1878 2834 1916 non
2859 1862 3018 1918 modo
3050 1865 3170 1930 hoc,
3197 1867 3517 1923 modo-illud
3543 1872 3682 1939 apud

2098 1962 2194 2003 vos
2218 1948 2488 2006 disserui:
2519 1952 2621 2008 hoc
2659 1954 2802 2010 enim
2848 1971 2954 2011 non
3004 1956 3127 2012 ﬁdei
3154 1957 3345 2024 fuerit,
3379 1961 3473 2016 sed
3519 1963 3682 2018 animi

2097 2037 2415 2096 aberrantis.
2447 2041 2554 2098 Sed
2580 2042 2676 2098 Est
2700 2048 2752 2099 in
2781 2046 2868 2100 illo
2897 2049 3011 2116 fuit.
3048 2048 3160 2104 lloc
3188 2059 3301 2118 est,
3333 2053 3588 2109 immotus
3621 2071 3686 2109 ae

2098 2131 2285 2188 ﬁrmus
2313 2149 2492 2190 sermo
2522 2145 2722 2192 manet.
2749 2138 2839 2191 ΞΟ.
2877 2139 3131 2210 Quotquot
3159 2143 3292 2198 enim
3327 2146 3686 2215 promissiones

2097 2220 2196 2276 Dei
2222 2233 2359 2290 sunt,
2386 2225 2441 2278 in
2468 2225 2559 2280 illo
2588 2225 2705 2295 Est,
2732 2237 2780 2282 et
2815 2230 2867 2281 in
2893 2231 3005 2300 ipso
3031 2231 3211 2298 Amen,
3245 2231 3353 2288 Deo
3374 2237 3442 2288 ad
3467 2238 3684 2307 gloriam

2098 2329 2187 2383 per
2214 2330 2322 2369 nos.
2357 2315 2493 2383 Quid
2527 2325 2610 2372 est
2632 2357 2648 2385 ,
2683 2317 2936 2389 Quotquot
2976 2324 3332 2394 promissiones
3363 2326 3505 2383 Dei?
3534 2329 3682 2384 Prw-

2097 2405 2296 2461 dicatio
2344 2408 2650 2479 evangelica
2704 2411 2868 2465 multa
2933 2415 3320 2484 promittebat;
3374 2427 3535 2490 atque
3583 2422 3691 2492 ipsi-

2097 2498 2261 2552 multa
2294 2498 2407 2553 hzcc
2435 2502 2818 2571 promittebant
2857 2519 2920 2558 ac
2952 2506 3337 2574 prmdieabant.
3373 2509 3508 2566 Nam
3535 2522 3588 2566 et
3616 2514 3695 2570 de-

2097 2590 2494 2646 resurrectione
2525 2593 2686 2649 verba
2735 2594 3014 2665 fecerant,
3044 2607 3098 2653 et
3124 2598 3198 2655 de,
3232 2604 3600 2672 assumptione
3629 2615 3683 2659 ct

2097 2681 2166 2736 dc
2195 2683 2598 2754 incorruptione
2624 2685 2768 2741 etde
2790 2689 2995 2760 magnis
3017 2693 3255 2761 pr:emiis
3280 2703 3443 2765 atque
3466 2697 3680 2751 arcanis

2097 2775 2202 2830 illis
2235 2776 2412 2833 bonis.
2446 2777 2550 2833 Has
2583 2779 2743 2851 igitur
2768 2781 3182 2850 pollicitationes
3213 2785 3394 2840 ﬁrmas
3418 2801 3486 2842 ac
3514 2789 3683 2842 stabi-

2097 2867 2194 2932 les,
2224 2883 2444 2924 manere
2471 2870 2579 2934 ait;
2625 2880 2679 2926 et
2709 2886 2815 2926 non
2857 2871 2954 2928 fuit
2981 2872 3081 2929 Est
3103 2885 3160 2930 ct
3183 2875 3300 2932 Non
3338 2878 3546 2934 in-illis.
3571 2878 3685 2935 Hoc

2098 2969 2200 3024 est,
2229 2977 2338 3016 non
2358 2962 2676 3036 quandoque
2705 2980 2853 3034 vera,
2885 2981 3005 3037 quae
3030 2967 3161 3035 dixi,
3189 2970 3508 3042 quandoque
3551 2972 3681 3028 falsa

2100 3051 2331 3116 fuerunt,
2365 3065 2423 3109 ut
2447 3069 2599 3112 meus
2625 3055 2688 3110 ad
2725 3072 2821 3112 vos
2846 3073 3132 3127 accessus,
3167 3060 3262 3116 sed
3301 3077 3513 3133 semper
3532 3079 3680 3119 vera.

2099 3143 2177 3199 Ac
2204 3146 2434 3214 primum
2464 3147 2678 3216 quidem
2707 3164 2804 3219 pro
2825 3149 2946 3205 ﬁdei
2968 3150 3304 3222 dogmatibus
3330 3168 3684 3225 sermoneque

2100 3234 2167 3289 de
2193 3235 2406 3292 Christo
2448 3238 2722 3294 contendit
2753 3239 2940 3298 dicens
2973 3259 2986 3296 :
3021 3241 3204 3298 Sermo
3232 3261 3372 3300 meus
3398 3253 3454 3300 et
3486 3245 3682 3316 praedi-

2099 3328 2238 3382 catio
2279 3343 2396 3383 mea
2436 3347 2538 3384 non
2581 3332 2676 3402 fuit
2715 3331 2806 3385 Est
2839 3342 2885 3387 et
2925 3332 3047 3388 Non
3075 3347 3095 3390 :
3120 3335 3315 3390 deinde
3365 3351 3461 3407 pro
3517 3337 3686 3407 ipsius

2100 3418 2572 3487 pollicitationibus
2603 3432 2800 3492 pugnat
2826 3439 2841 3480 :
2870 3423 3122 3494 Quotquot
3153 3427 3306 3494 enim,
3339 3426 3530 3497 inquit,
3561 3445 3683 3497 pro-

2102 3510 2367 3564 missiones
2394 3509 2492 3565 Dei
2518 3522 2656 3578 sunt,
2687 3513 2738 3566 in
2763 3512 2853 3567 illo
2883 3513 2990 3568 Est.
3021 3514 3174 3581 Quod
3201 3516 3245 3570 si
3274 3517 3425 3571 ﬁrma
3449 3532 3512 3572 ac
3538 3528 3682 3573 certa

2101 3611 2226 3656 sunt
2252 3619 2370 3671 qua:
2401 3605 2670 3672 promisit,
2711 3620 2810 3660 nec
2835 3605 3056 3662 dubium
3094 3617 3176 3663 est
3202 3610 3340 3680 quin.
3360 3625 3423 3665 ea
3460 3610 3684 3668 daturus

2102 3693 2192 3761 sit,
2227 3693 2392 3748 multo
2421 3696 2602 3766 utique
2631 3697 2800 3766 magis
2826 3699 2960 3768 ipse,
2991 3713 3054 3752 ac
3082 3713 3262 3756 sermo
3281 3701 3372 3771 qui
3401 3700 3470 3756 de
3495 3715 3560 3757 eo
3585 3701 3683 3756 ba-

2102 3784 2278 3850 betur,
2312 3783 2496 3840 ﬁrmus
2534 3801 2598 3842 ac
2627 3795 2805 3842 certus
2829 3797 2912 3844 est
2942 3805 2957 3852 ;
2999 3804 3174 3860 neque
3203 3790 3346 3846 istud
3373 3790 3479 3848 dici
3510 3803 3705 3863 potest

2101 3879 2241 3948 quod
2271 3893 2411 3933 nunc
2440 3878 2653 3948 quidem
2676 3881 2767 3946 sit,
2802 3897 2943 3937 nunc
2965 3893 3145 3938 autem
3177 3900 3288 3941 non
3311 3886 3400 3954 sit,
3427 3888 3523 3944 sed
3543 3902 3686 3944 sem-

2103 3985 2199 4040 per
2219 3979 2318 4035 est,
2351 3981 2510 4042 atque
2537 3971 2678 4028 idem
2710 3985 2810 4029 est.

2174 4061 2437 4117 Promissa
2484 4061 2576 4118 Dei
2607 4081 2757 4135 quam
2795 4068 2964 4136 ﬁrma.
2989 4067 3215 4138 —Quid
3247 4080 3330 4126 est
3368 4082 3544 4126 autem
3569 4113 3585 4138 ,
3618 4072 3708 4127 In-

2102 4153 2192 4210 illo
2223 4155 2348 4222 Est,
2377 4168 2425 4211 et
2454 4158 2610 4212 Amen
2632 4157 2658 4211 ?
2687 4159 2778 4214 His
2805 4159 2984 4218 verbis
3027 4160 3082 4217 id
3110 4163 3252 4234 quod
3286 4165 3505 4219 omnino
3545 4163 3694 4219 futu—

2104 4264 2221 4302 rum
2253 4258 2336 4304 est
2364 4250 2645 4319 signiﬁcat.
2678 4251 3070 4308 Promissiones
3098 4254 3243 4309 enim
3275 4256 3326 4308 in
3348 4255 3464 4324 ipso
3485 4269 3548 4310 ac
3578 4271 3704 4309 non.

2105 4336 2158 4392 in
2185 4339 2422 4405 homine,
2448 4339 2548 4394 hoc
2579 4340 2808 4406 habent,
2839 4351 2898 4395 ut
2919 4343 3232 4414 contingant
3259 4351 3315 4398 et
3343 4345 3691 4414 expleantur».~

2104 4429 2281 4497 Quare
2311 4429 2442 4483 nihil
2470 4438 2554 4485 est
2589 4429 2732 4501 quod
2760 4439 3004 4487 metuas:
3035 4446 3142 4488 non
3178 4433 3320 4488 enim
3361 4433 3521 4488 homo
3562 4444 3647 4490 est
3667 4475 3684 4498 ,

2108 4530 2165 4576 ut
2189 4529 2497 4592 suspectum
2524 4537 2649 4578 eum
2677 4520 2878 4578 habere
2913 4523 3086 4593 possis
3107 4563 3122 4589 ,
3165 4522 3260 4579 sed
3291 4523 3431 4580 Deus
3459 4566 3474 4591 ,
3518 4525 3607 4595 qui
3633 4535 3688 4580 et

2108 4613 2243 4669 dixit
2262 4623 2317 4670 et
2340 4615 2543 4686 explet.
2573 4614 2679 4671 Deo
2710 4616 2778 4670 ad
2805 4616 3022 4688 gloriam
3050 4632 3138 4688 per
3165 4633 3278 4671 uos.
3305 4616 3443 4685 Quid
3473 4627 3575 4685 est,
3607 4620 3687 4672 Ad

2108 4708 2325 4781 gloriam
2370 4725 2460 4779 per
2503 4710 2643 4764 nos?
2671 4710 2775 4765 Eas
2805 4725 2900 4781 per
2936 4724 3036 4766 nos
3069 4711 3280 4781 explet;
3309 4710 3414 4768 hoc
3445 4722 3527 4768 est
3547 4753 3564 4779 ,
3592 4728 3688 4783 per

2109 4800 2302 4856 collata
2331 4801 2382 4854 in
2415 4815 2514 4856 nos
2549 4800 2806 4856 beneﬁcia
2850 4802 2916 4858 ad
2959 4803 3181 4874 gloriam
3215 4804 3307 4860 Dei
3336 4821 3350 4858 :
3399 4803 3502 4861 hoc
3543 4806 3686 4863 enim

2109 4899 2190 4947 est
2208 4932 2225 4961 ,
2255 4890 2366 4946 Deo
2390 4892 2457 4946 ad
2485 4892 2720 4964 gloriam.
2752 4891 2808 4948 Si
2833 4902 3009 4950 autem
3044 4895 3112 4951 ad
3141 4894 3238 4952 Dei
3265 4895 3490 4968 gloriam
3515 4938 3532 4964 ,
3561 4898 3689 4969 quin

2111 4985 2204 5039 ﬁat
2232 4999 2338 5040 non
2364 4993 2447 5040 est
2475 4983 2858 5052 dubitandum,
2892 4994 3001 5044 tum
3028 4989 3151 5057 quia
3170 5027 3186 5052 ,
3218 4988 3431 5043 etiamsi
3459 4987 3695 5044 salutem

2112 5084 2348 5131 nostram
2368 5075 2696 5144 contemptui
2718 5075 2958 5145 haberet,
2980 5092 3082 5133 non
3103 5085 3276 5133 tamen
3291 5077 3518 5148 gloriam
3540 5093 3691 5134 suam

2110 5175 2514 5236 contempturus
2535 5177 2616 5222 est
2639 5183 2655 5232 ;
2680 5174 2788 5221 tum
2812 5168 2934 5238 quia
2957 5167 3279 5240 singularem
3296 5183 3419 5240 erga
3445 5167 3696 5225 homines

2112 5257 2538 5314 benevolentiam
2569 5258 2724 5329 gerit.
2770 5259 2923 5314 Adde
2971 5259 3114 5330 quod
3162 5268 3345 5315 nostra
3393 5263 3540 5317 salus
3569 5279 3691 5318 cum

2111 5349 2278 5419 gloria
2307 5363 2391 5414 ea,
2419 5363 2536 5420 quae
2567 5348 2692 5404 hinc
2737 5347 2806 5404 ad
2847 5350 3016 5418 ipsum
3060 5349 3237 5417 redit,
3268 5351 3556 5421 conjuncta
3585 5365 3687 5408 est.

2113 5438 2230 5506 Quo
2258 5437 2351 5505 ﬁt,
2383 5449 2440 5493 ut
2467 5454 2589 5494 cum
2619 5441 3000 5510 promissiones
3029 5439 3096 5496 ad
3122 5441 3289 5512 ipsius
3315 5444 3537 5513 gloriam
3568 5458 3691 5511 per-

2115 5531 2318 5586 tineant
2337 5572 2352 5597 ,
2384 5530 2603 5587 dubium
2634 5547 2755 5587 esse
2787 5547 2892 5587 non
2919 5534 3123 5604 possit,
3150 5535 3276 5604 quin
3306 5536 3452 5589 salus
3473 5547 3686 5603 quoque

2116 5632 2296 5678 nostra
2323 5633 2696 5693 consequatur.
2724 5625 2872 5691 Quod
2895 5626 3053 5680 etiam
3082 5626 3133 5680 in
3162 5625 3396 5696 Epistola
3419 5624 3485 5676 ad
3508 5621 3690 5688 Ephe-

2117 5716 2224 5771 sios
2250 5715 2440 5770 crebro
2464 5714 2692 5771 inculcat
2718 5715 2901 5772 dicens
2933 5734 2948 5772 :
2981 5719 3046 5769 In
3089 5714 3466 5787 acquisitionem
3507 5711 3686 5780 gloria:

2120 5811 2276 5879 ipsius
2307 5807 2518 5880 (Ephcs.
2553 5809 2600 5863 1.
2639 5809 2744 5880 lli).
2777 5811 2946 5879 Atque
2992 5809 3184 5878 ubique
3228 5806 3368 5862 istud
3415 5804 3597 5875 ponit,
3629 5814 3718 5858 ut.
