4070 6152
421 322 516 376 Mi

419 433 663 489 ostendd
703 432 754 486 id
795 429 1098 485 necessario
1123 434 1433 482 eventurum
1463 441 1475 478 :
1507 423 1645 494 quod
1679 425 1837 479 etiam
1883 423 1983 480 hoc

422 529 541 581 loco
567 528 668 588 ait,
706 537 894 590 nempe
929 521 1064 589 quod
1120 518 1288 587 ipsius
1333 515 1742 588 pollicitationes
1767 515 1984 570 minime

422 621 622 672 fallant.
675 616 853 684 Neque
896 614 1036 668 enim
1079 611 1230 666 nobis
1272 610 1544 664 dumtaxat
1586 608 1842 672 salutem,
1890 605 1983 661 sed

423 709 522 776 ipsi
549 723 756 777 quoque
781 705 1003 774 gloriam
1042 702 1287 757 afferunt.
1334 700 1411 755 Ne
1455 713 1583 770 ergo
1631 699 1759 752 illud
1811 709 1983 752 tecum

421 809 654 868 reputes,
684 797 823 867 quod
851 811 944 867 per
974 810 1069 850 nos
1111 794 1210 849 ista
1259 796 1516 862 promissa
1559 793 1664 848 sint
1685 832 1700 857 ,
1730 807 1828 846 nec
1867 807 1988 860 pro-

426 900 600 957 pterea
629 889 695 943 de
730 889 795 944 iis
824 888 1033 943 dubites
1063 905 1077 939 :
1111 901 1282 956 neque
1309 886 1448 940 enim
1481 901 1574 954 per
1603 900 1699 938 nos
1721 926 1734 949 ,
1766 883 1860 938 sed
1893 899 1988 953 per

420 997 540 1037 eum
584 981 898 1050 explentur;
929 991 983 1036 et
1026 979 1406 1051 promissiones
1454 993 1548 1046 per
1591 978 1762 1047 ipsum
1811 985 1981 1039 sunt;

426 1088 528 1125 non
555 1072 696 1126 enim
726 1079 906 1124 nostra
932 1111 948 1135 ,
995 1070 1084 1123 sed
1122 1083 1238 1139 quae
1265 1069 1356 1122 Dei
1389 1077 1531 1130 sunt,
1562 1067 1713 1120 vobis
1737 1066 1986 1120 diximus.

423 1162 516 1216 21.
551 1163 650 1228 Qui
687 1171 851 1215 autem
881 1161 1145 1228 conﬁrmat
1185 1176 1274 1212 nos
1301 1158 1551 1212 uobiscum
1579 1159 1631 1211 in
1661 1157 1859 1211 Christo
1885 1196 1901 1220 ,
1941 1167 1990 1210 et

423 1257 508 1326 qui
534 1254 672 1308 unxit
711 1269 822 1316 nos,
857 1251 1027 1315 Deus;
1053 1250 1140 1305 2⁵2.
1185 1251 1272 1320 qui
1307 1259 1352 1302 et
1379 1250 1592 1320 signavit
1620 1265 1704 1302 vos
1725 1289 1740 1313 ,
1779 1257 1825 1301 et
1854 1247 1992 1299 dedit

425 1345 606 1415 pignus
676 1343 902 1412 Spiritus
972 1344 1022 1394 in
1081 1340 1313 1394 cordibus
1369 1342 1572 1394 nostris.
1625 1339 1851 1392 Rursum
1895 1352 1990 1406 per

425 1434 689 1503 praeterita
723 1433 877 1486 ﬁdem
929 1432 1115 1485 futuris
1154 1430 1421 1485 conciliat.
1468 1428 1600 1484 Nam
1642 1429 1686 1482 si
1724 1428 1838 1497 ipse
1866 1435 1988 1492 est,

423 1527 511 1596 qui
541 1541 637 1579 nos
665 1525 715 1579 in
746 1524 954 1579 Christo
984 1523 1301 1586 confirmat,
1333 1520 1434 1574 hoc
1455 1531 1557 1584 cst,
1588 1521 1675 1589 qui
1707 1535 1801 1571 nos
1829 1533 1856 1569 a
1889 1517 1993 1571 ﬁde

424 1631 543 1686 qttzc
590 1614 640 1669 in
667 1613 934 1669 Christum
964 1621 1040 1668 est
1075 1610 1330 1666 dimoveri
1365 1625 1470 1664 non
1498 1610 1661 1673 sinit;
1693 1617 1849 1678 atque
1880 1607 1992 1675 ipse

425 1707 583 1761 etiam
616 1715 736 1770 est,
769 1706 859 1774 qui
905 1720 1001 1757 nos
1029 1705 1177 1758 unxit
1200 1743 1216 1770 ,
1251 1700 1614 1772 Spiritumque
1653 1700 1704 1753 in
1743 1698 1994 1752 cordibus

428 1798 621 1852 nostris
656 1797 798 1852 dedit
830 1816 842 1851 :
871 1797 1136 1867 quomodo
1178 1810 1281 1848 non
1328 1793 1498 1846 futura
1527 1805 1737 1861 quoque
1775 1791 1994 1844 daturus

426 1899 506 1944 est
527 1888 550 1941 ἲ
575 1887 703 1942 Nam
731 1903 850 1942 cum
883 1887 1139 1956 principia
1181 1896 1236 1940 et
1279 1885 1558 1940 materiam
1594 1897 1657 1937 ac
1681 1881 1914 1936 radicem
1942 1888 1994 1934 et

427 1981 646 2045 fontem,
672 1979 772 2036 hoc
803 1989 902 2042 est,
937 1994 1114 2032 veram
1146 1978 1310 2047 ipsius
1337 1975 1696 2046 cognitionem
1735 1987 1798 2028 ac
1822 1971 1994 2042 Spiri-

430 2084 512 2127 tus
541 2071 1000 2142 participationem
1030 2069 1250 2138 largitus
1275 2069 1345 2122 sit
1375 2085 1390 2122 :
1421 2067 1508 2136 qui
1549 2065 1664 2121 fieri
1693 2073 1906 2136 potest,
1939 2071 1997 2116 ut

432 2182 535 2219 non
577 2181 638 2219 ea
668 2165 827 2218 ctiam
863 2164 1117 2233 largiatur
1141 2203 1153 2224 ,
1197 2175 1314 2232 qua:
1338 2175 1403 2216 ex
1436 2160 1518 2214 his
1545 2157 1834 2214 oriuntur?
1862 2157 1993 2211 Nam

431 2273 550 2309 cum
581 2256 666 2310 illa
695 2255 881 2309 horum
903 2267 1060 2308 causa
1087 2253 1352 2308 donentur
1375 2292 1391 2318 ,
1425 2251 1591 2305 multo
1619 2249 1786 2319 magis
1813 2249 1877 2312 is,
1907 2249 1993 2318 qui

433 2347 496 2397 tu
516 2361 545 2398 c
573 2345 740 2408 dedit,
778 2343 864 2398 illa
893 2358 1104 2413 quoque
1132 2341 1390 2413 prtebebit
1419 2360 1432 2395 :
1461 2350 1658 2396 etcum
1691 2341 1804 2395 haec
1823 2339 1997 2394 adlmc

432 2434 674 2487 hostibus
691 2433 918 2497 dederit,
943 2434 1107 2489 multo
1134 2434 1302 2504 magis
1327 2433 1415 2487 illa
1442 2432 1628 2487 amicis
1655 2433 1894 2487 donabit.
1919 2433 1995 2486 Ac

430 2525 655 2596 proinde
699 2542 765 2580 nc
802 2525 1054 2594 Spiritum
1091 2527 1304 2598 quidem
1354 2526 1670 2594 simpliciter
1697 2526 1871 2590 dixit,
1901 2526 1995 2581 sed

431 2616 620 2687 pignus
652 2616 962 2680 nominavit,
993 2626 1048 2672 ut
1079 2633 1175 2686 per
1194 2617 1296 2673 hoc
1323 2617 1391 2673 de
1417 2626 1527 2672 toto
1554 2617 1798 2672 fiduciam
1818 2617 1998 2672 conci-

431 2707 568 2777 pias.
598 2706 778 2778 Neque
799 2709 938 2761 enim
970 2709 1013 2762 si
1045 2717 1210 2763 totum
1242 2709 1460 2764 daturus
1484 2724 1588 2762 non
1615 2717 1777 2774 esset,
1808 2709 1998 2779 pignus

434 2798 692 2867 prmbcrc,
724 2813 784 2852 ac
807 2799 994 2853 frustra
1023 2809 1077 2853 et
1102 2807 1300 2854 temere
1326 2799 1549 2868 perdere
1577 2798 1627 2852 in
1650 2800 1881 2853 animum
1912 2799 1995 2851 in-

431 2891 688 2946 duxisset.
732 2891 807 2946 Ac
838 2892 993 2955 vide,
1036 2907 1235 2960 quaso,
1279 2890 1426 2946 Pauli
1478 2891 1813 2959 probitatem.
1859 2889 1995 2956 Quid

433 2983 596 3045 enim,
629 2982 818 3051 inquit,
847 2982 1022 3035 dicere
1043 2981 1250 3044 attinet,
1282 2981 1692 3046 promissionum
1719 2983 1994 3036 veritatem

433 3074 486 3124 in
515 3072 666 3125 nobis
707 3071 1112 3124 minime-sitam
1143 3071 1304 3126 esse?
1335 3074 1442 3126 imo
1466 3070 1568 3126 hoc
1597 3073 1767 3141 ipsum
1795 3114 1810 3138 ,
1855 3073 1996 3144 quod

437 3179 528 3217 vos
560 3165 692 3217 firmi
722 3172 881 3233 atque
913 3165 1211 3218 immobiles
1250 3165 1403 3219 statis
1427 3204 1442 3229 ,
1476 3180 1581 3220 non
1612 3167 1663 3220 in
1693 3165 1848 3221 nobis
1869 3176 1951 3220 est
1976 3208 1994 3234 ,

434 3255 526 3310 sed
557 3255 644 3309 Dei
685 3255 996 3310 beneﬁt-ium
1027 3264 1107 3310 est
1136 3273 1150 3310 :
1185 3254 1286 3322 Qui
1314 3256 1454 3310 enim
1481 3257 1744 3325 conﬁrmat
1774 3274 1887 3322 vos,
1920 3258 2000 3310 in-

435 3348 569 3416 quit,
599 3346 734 3401 Deus
759 3356 849 3401 est.
880 3347 994 3402 Non
1034 3362 1159 3418 ergo
1193 3362 1292 3403 nos
1333 3363 1516 3404 sumus
1539 3389 1554 3414 ,
1582 3349 1672 3419 qui
1703 3364 1797 3403 vos
1841 3349 1995 3404 fulci-

435 3455 551 3493 mus
579 3457 592 3494 :
628 3453 748 3492 nam
777 3439 873 3508 ipsi
901 3454 1113 3510 quoque
1147 3439 1510 3495 confirmantis
1531 3456 1633 3510 0pc
1677 3440 1992 3512 indigemus.

431 3528 689 3595 Quocirca
728 3545 834 3583 non
861 3540 939 3583 est
959 3570 974 3595 ,
1003 3529 1141 3599 quod
1170 3532 1446 3601 quisquam
1481 3531 1910 3600 prmdiCationem
1942 3534 1996 3586 in

433 3621 584 3676 nobis
611 3621 894 3690 periclitari
927 3623 1193 3676 existimet
1224 3639 1236 3675 :
1270 3624 1383 3692 ipse
1414 3633 1580 3678 totum
1612 3625 1713 3680 hoc
1743 3626 1794 3678 in
1834 3640 1892 3680 se
1915 3640 1998 3680 re-

432 3711 592 3780 cepit,
621 3712 716 3780 ipsi
748 3713 908 3765 totius
939 3713 1133 3781 negotii
1165 3727 1289 3766 cura
1319 3721 1420 3768 est.

505 3804 557 3856 5.
597 3802 731 3868 Quid
761 3813 936 3857 autem
962 3813 1062 3867 est,
1096 3805 1195 3870 Qui
1223 3806 1365 3858 unxit
1391 3814 1437 3860 et
1463 3805 1676 3876 signavit
1699 3809 1723 3860 1'
1750 3807 1862 3862 Hoc
1891 3817 1993 3872 est,

435 3894 520 3960 qui
549 3892 799 3960 Spiritum
831 3892 997 3958 dedit,
1027 3909 1122 3962 per
1148 3908 1304 3963 quem
1333 3904 1616 3964 utrumque
1646 3896 1834 3951 borum
1864 3898 1996 3952 effe-

433 3984 526 4048 cit,
560 3981 808 4035 nimirum
840 3982 993 4036 simul
1023 3992 1076 4036 et
1105 3983 1391 4052 prophetas
1415 3994 1464 4039 et
1495 3985 1800 4041 sacerdotes
1829 3997 1882 4040 et
1911 4003 1997 4043 re-

433 4088 526 4142 ges
554 4070 791 4127 ef‘ﬁciens
821 4090 834 4126 :
867 4071 1128 4143 siquidem
1177 4073 1289 4127 haec
1327 4074 1600 4128 hominum
1629 4091 1826 4144 genera
1869 4076 1995 4132 olim

435 4163 784 4234 angebantur.
827 4164 894 4218 At
924 4179 1019 4218 nos
1047 4177 1150 4217 non
1178 4178 1334 4216 unam
1361 4203 1376 4231 ,
1417 4163 1508 4218 sed
1543 4173 1650 4219 tres
1679 4165 1806 4220 istas
1828 4167 1997 4238 digni-

434 4268 569 4316 tates
620 4256 988 4328 prastaiitiore
1030 4256 1338 4314 conditione
1380 4257 1682 4313 obtinemus
1725 4277 1738 4311 :
1785 4275 1904 4314 nam
1944 4270 1998 4316 et

433 4367 597 4422 regno
626 4350 837 4420 potituri
875 4364 1079 4415 sumus,
1112 4357 1186 4416 et,
1219 4363 1338 4403 cum
1370 4349 1598 4406 victima:
1627 4349 1742 4404 loco
1771 4365 1995 4422 corpora

432 4453 610 4496 nostra
629 4441 916 4507 offerimus,
939 4441 1245 4497 sacerdotes
1267 4439 1546 4506 efficimur;
1568 4440 1811 4498 Exhibete
1828 4445 1990 4513 enim,

428 4534 620 4602 inquit,
651 4534 871 4586 membra
921 4541 1084 4586 vestra
1132 4533 1348 4586 hostiam
1390 4532 1632 4588 viventem
1657 4574 1673 4598 ,
1719 4535 1994 4604 placentem

432 4623 538 4677 Deo
560 4622 732 4690 (Rom.
761 4623 846 4676 12.
873 4622 963 4693 l);
995 4630 1152 4692 atque
1178 4623 1394 4692 insuper
1419 4624 1690 4698 prepbetas
1714 4627 1993 4682 canstitui-

430 4727 569 4768 mur.
597 4712 722 4778 Qua
747 4712 879 4764 enim
906 4711 1082 4765 oculus
1111 4727 1212 4768 non
1240 4711 1384 4772 vidit,
1414 4728 1504 4765 nec
1529 4713 1668 4767 auris
1693 4716 1903 4781 audivit,
1935 4733 1995 4771 ea

431 4803 570 4857 nobis
601 4802 853 4872 patefacta
881 4812 998 4855 sunt
1025 4800 1099 4873 (l.
1129 4801 1248 4858 Cor.
1283 4801 1339 4860 2.
1367 4801 1448 4873 9).
1481 4803 1808 4874 Quamquam
1835 4807 1990 4863 etiam

429 4896 530 4950 alia
552 4893 759 4950 ratione
788 4908 941 4964 reges
967 4893 1230 4949 efficimur
1249 4936 1263 4958 ,
1304 4895 1349 4948 si
1379 4895 1634 4965 improbis
1657 4899 1992 4972 cogitationi-

428 4988 529 5044 bus
554 4988 818 5060 imperare
862 4985 1208 5040 voluerimus.
1248 4985 1378 5040 Nam
1406 4988 1546 5059 quod
1574 4988 1620 5043 is
1647 4989 1734 5059 qui
1775 4989 1895 5047 talis
1924 4991 1995 5048 sit

428 5088 635 5148 regnet,
657 5088 713 5134 et
735 5077 945 5149 quidem
968 5078 1157 5148 magis,
1181 5093 1336 5148 quam
1362 5080 1450 5150 qui
1471 5079 1770 5138 diademate
1787 5083 1994 5140 cinctus

428 5180 531 5234 est,
561 5171 758 5238 liquido
774 5171 880 5241 jam
907 5170 1061 5226 vobis
1081 5170 1476 5231 demonstrabo.
1511 5172 1703 5229 Multos
1729 5175 1814 5230 ille
1839 5191 1990 5231 exer-

426 5263 561 5315 citus
589 5261 776 5325 habet;
817 5273 871 5314 at
921 5277 1018 5316 nos
1045 5278 1255 5334 quoque
1284 5264 1463 5334 plures
1501 5265 1610 5320 illis
1637 5268 1989 5336 cogitationes

426 5353 720 5406 habemus:
749 5367 918 5421 neque
947 5354 1088 5407 enim
1120 5353 1320 5407 inﬁnita
1350 5355 1746 5423 cogitationum,
1779 5373 1897 5428 qua:
1935 5359 1989 5414 in

425 5445 583 5500 nobis
625 5451 785 5508 sunt,
827 5443 1109 5498 multitudo
1148 5446 1448 5501 enumerari
1491 5457 1678 5516 potest.
1725 5448 1833 5504 Nec
1863 5464 1990 5504 vero

428 5534 818 5590 multitudinem
844 5533 1124 5588 dumtaxat
1150 5535 1340 5590 intueri
1372 5535 1514 5603 licet,
1544 5538 1638 5592 sed
1665 5538 1824 5592 etiam
1851 5538 1988 5593 mul-

423 5648 507 5689 tos
545 5634 598 5688 in
630 5635 728 5690 hac
759 5633 1137 5706 cogitationum
1165 5633 1319 5702 copia
1345 5631 1507 5686 duces
1527 5673 1539 5696 ,
1573 5629 1810 5687 tribunos
1833 5675 1848 5695 .
1880 5642 1991 5688 tur-

425 5740 626 5780 marum
669 5726 974 5799 prmfectos,
1017 5723 1350 5799 sagittarios,
1393 5720 1794 5780 fundibularios.
1841 5725 1980 5797 Quid

1143 315 1198 372 S.
1235 312 1508 371 JOANNIS
1542 310 2012 367 CHRYSOSTOMI
2051 309 2362 366 AllClllEP.
2388 313 2912 373 CONSTANTINOP.

3549 326 3652 384 M2

2087 423 2226 479 aliud
2247 434 2348 490 est,
2371 427 2510 496 quod
2538 443 2712 499 regem
2740 433 2976 487 efficiat?
3001 435 3287 490 vestesne?
3319 441 3385 492 At
3411 439 3498 494 hic
3520 458 3655 510 quo-

2087 530 2190 583 que
2215 515 2417 570 meliori
2449 533 2510 572 ac
2541 523 2892 585 praestantiori
2925 535 3069 578 veste
3106 527 3334 581 amictus
3358 537 3462 593 est,
3490 547 3650 601 quam

2089 619 2186 657 nec
2216 607 2352 659 tinea
2379 618 2559 673 exest,
2592 625 2689 664 nec
2716 621 2948 667 vetustas
2972 614 3204 670 conﬁcit.
3235 618 3373 684 Quin
3400 623 3656 692 multipli—

2086 707 2204 748 cem
2230 711 2438 765 quoque
2478 713 2728 754 coronam
2757 701 2952 771 habet,
2985 721 3173 777 nempe
3201 709 3387 778 glorias
3417 721 3471 765 et
3499 715 3657 767 inise-

2091 785 2349 839 rationum
2379 789 2471 841 Dei
2496 807 2509 842 :
2540 789 2758 844 Benedic
2787 794 2950 856 enim,
2981 796 3182 866 inquit,
3213 801 3388 852 anima
3414 818 3524 855 mea
3550 802 3657 856 Do-

2091 877 2225 927 mino
2245 917 2260 941 ,
2288 879 2373 946 qui
2401 891 2608 933 coronat
2635 892 2682 934 te
2718 884 2771 936 in
2807 886 3150 940 misericordia
3183 900 3229 942 et
3255 892 3657 950 miserationibus

2090 965 2259 1034 (Psnf.
2290 969 2412 1024 102.
2441 971 2495 1024 2.
2527 973 2629 1043 4)ι;
2679 985 2732 1028 et
2759 976 2936 1044 gloria:
2962 995 2976 1043 ;
3015 978 3189 1033 Gloria
3223 984 3365 1036 enim
3386 1025 3401 1050 ,
3446 987 3609 1055 inquit
3636 1029 3652 1054 ,

2091 1068 2135 1110 et
2162 1059 2351 1113 honore
2376 1066 2628 1118 coronasti
2654 1081 2768 1118 eum
2799 1065 2966 1133 (Prol.
2997 1070 3050 1124 8.
3077 1070 3134 1140 6)
3160 1089 3173 1124 :
3205 1082 3258 1127 et
3290 1076 3439 1130 boum
3467 1079 3657 1132 volun-

2094 1151 2254 1210 tatis;
2290 1151 2356 1206 Ut
2384 1165 2528 1208 scuto
2563 1158 2705 1211 enim
2727 1199 2741 1220 ,
2775 1159 2977 1228 inquit,
3024 1163 3168 1218 bona:
3209 1167 3478 1224 voluntatis
3505 1188 3651 1226 coro-

2092 1243 2222 1295 nasti
2251 1260 2342 1300 nos
2370 1245 2538 1311 (Psaf.
2559 1249 2612 1302 5.
2640 1249 2728 1319 15)
2761 1269 2774 1304 :
2798 1261 2850 1304 et
2875 1254 3195 1322 gratiarum;
3221 1257 3470 1313 Coronam
3489 1264 3652 1328 enim,

2094 1333 2301 1402 inquit,
2351 1339 2631 1407 gratiarum
2673 1343 2886 1412 accipies
2923 1347 3075 1414 capiti
3118 1357 3202 1400 tuo
3245 1349 3440 1418 (Prov.
3484 1356 3528 1406 1.
3562 1356 3653 1426 9).

2093 1421 2323 1479 Videsne
2361 1444 2517 1495 quam
2559 1432 2702 1485 varie
2745 1440 2945 1488 textum
2997 1447 3298 1509 quantoque
3345 1446 3566 1513 gratius,
3597 1421 3658 1503 ac

2095 1518 2364 1571 venustius
2390 1520 2459 1573 sit
2486 1521 2624 1576 istud
2645 1524 2888 1580 diadema
2911 1527 2935 1580 ?
2962 1527 3154 1584 Verum
3186 1531 3343 1588 altius
3371 1553 3579 1593 rursum
3606 1552 3657 1596 et

2095 1608 2391 1663 accuratius
2436 1609 2624 1666 horum
2669 1629 2849 1684 regum
2894 1627 3090 1673 statum
3134 1624 3521 1692 expendamus.
3570 1631 3660 1688 lllc

2095 1693 2438 1763 stipatoribus
2469 1700 2579 1755 suis
2605 1702 2909 1760 dominatur
2937 1715 2989 1762 et
3025 1712 3230 1765 cunctis
3260 1713 3518 1785 imperat,
3547 1736 3661 1774 ou:-

2099 1799 2299 1854 nosque
2330 1788 2426 1858 ipsi
2450 1802 2708 1858 parentet
2733 1795 3098 1867 obsequuntur
3123 1821 3138 1857 :
3169 1812 3224 1858 at
3251 1820 3350 1875 ego
3377 1807 3464 1864 hic
3491 1814 3660 1882 majus

2099 1879 2540 1950 prarstantinsque
2566 1882 2844 1954 imperium
2879 1889 2968 1943 tibi
2993 1893 3235 1950 05tendo.
3261 1895 3390 1951 Nam
3423 1879 3659 1958 multitu—

2097 1963 2166 2018 do
2187 1966 2396 2034 quidem
2429 1986 2523 2039 par
2550 1983 2628 2027 est
2650 2016 2662 2036 ,
2690 1987 2780 2030 aut
2807 1979 2966 2033 etiam
2998 1984 3225 2052 amplior
3254 2003 3267 2050 ;
3299 2002 3536 2058 superest
3563 2010 3660 2049 au-

2101 2064 2208 2110 tem
2269 2070 2324 2112 ut
2364 2062 2744 2130 subjectionem
2787 2069 2954 2139 ipsam
3005 2076 3423 2136 consideremus.
3467 2087 3542 2139 Ac
3591 2103 3660 2144 ne

2100 2148 2226 2202 mihi
2261 2165 2353 2205 eos
2398 2153 2449 2206 in
2491 2156 2721 2212 medium
2763 2161 3033 2229 proferas,
3082 2167 3170 2236 qui
3225 2171 3366 2240 regia
3410 2172 3662 2245 dignitate

2070 2241 2229 2310 .lapsi
2268 2255 2391 2300 sunt
2413 2287 2427 2308 .
2456 2257 2612 2319 atque
2643 2251 2709 2306 ab
2744 2254 2984 2324 ipsismet
3019 2261 3334 2319 satellitibus
3359 2241 3661 2326 suis'truci-

2099 2332 2225 2388 dati.
2250 2335 2346 2402 Ne,
2375 2337 2610 2407 inquam,
2632 2357 2726 2398 eos
2746 2345 2798 2398 in
2819 2347 3049 2402 medium
3081 2352 3453 2424 producamus,
3480 2375 3660 2416 verum

2099 2441 2190 2480 eos
2215 2431 2588 2498 conquiramus
2616 2473 2631 2499 ,
2678 2435 2767 2504 qui
2815 2439 3032 2505 pulchre
3062 2442 3114 2496 in
3146 2454 3365 2515 utraque
3396 2461 3542 2518 parte
3569 2469 3657 2508 re-

2100 2533 2258 2586 gnum
2290 2520 2747 2580 administrarunt.
2780 2530 2856 2584 Ac
2887 2539 2939 2584 tu
2969 2535 3222 2602 quidem,
3255 2555 3386 2606 quos
3419 2543 3662 2611 libuerit,

2103 2624 2270 2676 pone;
2305 2626 2404 2680 ego
2424 2623 2600 2670 autem
2633 2619 2982 2685 patriarcham
3012 2641 3171 2680 utinm
3201 2632 3407 2685 cunctis
3431 2649 3661 2704 oppono.

2172 2701 2388 2756 Abrahae
2409 2705 2535 2772 ﬁdes
2556 2716 2604 2759 et
2629 2709 2801 2764 virtus.
2819 2736 2886 2752 -ο
2911 2713 3037 2768 Nam
3066 2731 3185 2772 cum
3217 2721 3328 2788 ipse
3357 2701 3520 2779 filium
3555 2744 3665 2782 tna-

2099 2804 2245 2848 ctare
2275 2795 2550 2864 juberetnr
2580 2798 2738 2869 (Gen.
2774 2803 2845 2856 22
2869 2805 2886 2868 )
2914 2845 2929 2870 ,
2960 2808 3162 2877 cogites
3209 2814 3364 2868 velim
3413 2829 3664 2886 quoniam

2102 2892 2210 2936 tum
2237 2883 2492 2940 adversus
2519 2905 2639 2943 eum
2680 2893 3031 2962 cogitationes
3059 2883 3461 2958 insurrexerinh
3498 2908 3563 2962 Et
3585 2920 3664 2962 ta-

2103 2991 2222 3028 men
2252 2990 2438 3033 omnes
2477 2980 2703 3050 subegit,
2732 2993 2891 3054 atque
2913 3001 3099 3044 omnes
3139 3006 3261 3046 eum
3301 2999 3466 3067 magis
3508 3015 3663 3070 quam

2099 3081 2279 3135 regem
2308 3070 2561 3126 satellites
2602 3074 3045 3142 pertimescebant
3079 3099 3091 3134 :
3125 3097 3188 3136 ac
3222 3086 3303 3138 vel
3336 3089 3452 3141 Solo
3478 3091 3665 3146 obtutu

2099 3170 2286 3212 omnes
2310 3161 2715 3231 comprimebat,
2745 3165 2814 3220 ita
2841 3176 2896 3222 ut
2917 3184 2981 3224 ne
3001 3170 3208 3230 hiscere
3234 3177 3450 3245 quidem
3477 3196 3656 3236 earum

2101 3247 2206 3302 ulla
2233 3249 2488 3318 auderet;
2520 3269 2700 3309 verum
2743 3270 2948 3314 cunctas
2989 3273 3146 3332 caput
3195 3267 3562 3326 submitterent
3596 3289 3662 3330 ac

2102 3341 2244 3394 velut
2272 3342 2381 3411 regi
2403 3349 2676 3414 cederent,
2707 3351 2946 3419 quamvis
2971 3353 3163 3425 alioqui
3194 3363 3469 3418 acerrimae
3489 3378 3666 3422 essent

2100 3439 2258 3501 atque
2284 3433 2542 3502 imprimis
2568 3438 2795 3494 acerbae.
2821 3441 3003 3514 Neque
3024 3449 3165 3500 enim
3189 3448 3460 3509 hastarum
3489 3459 3667 3520 cnsui-

2101 3522 2195 3577 des
2221 3532 2326 3578 tam
2354 3525 2631 3582 horrendae
2660 3540 2803 3598 sunt,
2825 3547 2943 3587 cum
2967 3549 2996 3588 a
3022 3537 3200 3593 multis
3226 3541 3480 3600 militibus
3505 3548 3670 3602 surri-

2099 3622 2312 3683 guntur,
2331 3631 2486 3684 quam
2513 3627 2620 3672 tum
2643 3618 2998 3680 formidabiles
3017 3637 3166 3681 erant
3183 3630 3285 3685 illae
3299 3635 3662 3704 cogitationes.

2100 3706 2291 3760 Annon
2322 3708 2462 3761 enim
2493 3707 2658 3765 hastis
2687 3713 2919 3768 atrocior
2962 3726 3078 3771 erat
3106 3718 3196 3772 illa
3216 3761 3231 3783 ,
3279 3737 3432 3792 quam
3475 3735 3661 3782 natura

2100 3795 2291 3863 ciebat,
2321 3801 2843 3858 commiseratioiAc
2865 3806 3085 3874 proinde
3128 3812 3354 3866 animam
3374 3815 3514 3868 illam
3543 3832 3658 3870 ma-

2100 3887 2198 3956 gis,
2223 3903 2378 3956 quam
2406 3902 2669 3959 prmacuta
2692 3895 2902 3964 cuspis,
2923 3900 3232 3956 exscindere
3257 3912 3519 3972 poterant.
3546 3907 3658 3964 Nec

2099 3979 2240 4032 enim
2269 3981 2372 4034 ulla
2397 3981 2545 4036 hasta
2568 3991 2674 4038 tam
2701 3997 2854 4040 acuta
2884 4005 3129 4062 umquam
3159 4008 3273 4050 esse
3291 4007 3469 4065 queat,
3501 4015 3659 4069 quam

2099 4071 2474 4140 cogitationum
2498 4074 2701 4130 illarum
2719 4079 2910 4146 aculei,
2940 4083 3029 4152 qui
3056 4085 3122 4138 ab
3147 4087 3344 4143 intimis
3371 4091 3664 4149 visceribus

2099 4164 2422 4219 acuebantur
2441 4183 2504 4222 ac
2529 4170 2946 4240 surrigebantnr,
2975 4174 3102 4244 justi
3127 4179 3220 4233 viri
3242 4181 3470 4235 animam
3494 4192 3666 4240 trans-

2102 4255 2348 4326 ﬁgebant.
2379 4258 2508 4314 Nam
2539 4259 2626 4315 hic
2653 4272 2707 4317 et
2738 4272 2975 4334 tempore
2999 4276 3053 4322 et
3077 4271 3300 4343 consilio
3327 4283 3380 4328 et
3409 4275 3558 4346 plaga
3613 4285 3667 4331 ct

2100 4346 2287 4404 dolore
2307 4364 2440 4418 opus
2470 4361 2580 4418 est;
2613 4368 2676 4409 ac
2723 4362 2830 4409 tum
2860 4354 3004 4412 mor‘s
3041 4362 3280 4430 sequitur
3308 4381 3320 4416 :
3356 4365 3464 4420 illic
3489 4377 3663 4422 autem

2099 4443 2231 4498 nihil
2263 4444 2448 4498 horum
2481 4448 2880 4517 requirebatur;
2929 4450 3060 4506 adeo
3100 4461 3207 4507 tum
3247 4456 3521 4523 celeriora,
3555 4470 3662 4514 tum

2098 4535 2303 4590 acriora
2335 4537 2549 4592 vulnera
2576 4550 2746 4592 erant.
2789 4539 2857 4594 Et
2887 4551 3081 4608 tamen,
3113 4559 3234 4599 cum
3264 4546 3518 4603 adversus
3541 4563 3661 4604 eum

2097 4629 2443 4699 cogitationes
2488 4645 2630 4684 arma
2660 4631 2972 4698 induissent,
3004 4635 3189 4706 ingens
3224 4647 3338 4692 erat
3369 4642 3662 4708 tranquilli-

2100 4728 2201 4782 tas,
2229 4733 2520 4787 omnesque
2561 4722 2855 4790 composite
2899 4724 3141 4788 stabant,
3196 4739 3445 4784 ornantes
3492 4732 3660 4800 potius

2098 4808 2270 4877 ipsum
2317 4824 2472 4878 quam
2506 4820 2708 4866 terrore
2731 4811 3043 4869 afﬁcientes.
3079 4813 3211 4870 Eum
3260 4818 3400 4872 enim
3431 4820 3656 4890 gladium

2096 4900 2472 4957 extendentem
2501 4911 2626 4958 ante
2650 4904 2832 4959 oculos
2870 4905 2960 4959 tibi
2992 4920 3150 4975 pone,
3181 4923 3244 4963 ac
3272 4925 3405 4978 quos
3431 4912 3657 4968 volueris

2096 5007 2269 5062 reges,
2301 4995 2586 5064 Angustos,
2617 4995 2873 5063 Caesares,
2921 4996 2973 5051 in
3021 4998 3254 5054 medium
3296 5002 3491 5070 profer.
3521 5004 3657 5059 Nihil

2095 5087 2236 5142 enim
2263 5087 2436 5141 simile
2460 5086 2677 5152 dixeris,
2702 5104 2800 5144 nec
2815 5091 3044 5158 speciem
3067 5091 3224 5146 ullam
3244 5094 3505 5162 ejusmodi
3529 5104 3658 5149 tam-

2095 5195 2198 5248 que
2245 5178 2474 5249 amplam
2504 5188 2559 5234 et
2586 5178 2849 5250 insignem
2873 5196 2935 5237 ac
2962 5182 3106 5236 caelis
3135 5183 3348 5253 dignam
3375 5171 3656 5242 ostendere

2097 5273 2316 5343 poteris.
2347 5271 2478 5326 Tum
2507 5273 2648 5330 enim
2673 5273 2754 5326 vir
2774 5273 2865 5328 ille
2887 5273 3058 5342 justus
3088 5275 3153 5330 de
3181 5279 3542 5344 potentissima
3575 5288 3656 5348 ty-

2097 5364 2314 5418 rannide
2341 5361 2657 5431 triumphum
2680 5364 2816 5434 egit:
2839 5364 2965 5419 nihil
2991 5367 3130 5420 enim
3147 5368 3385 5434 estquod
3405 5369 3654 5438 majorem

2098 5451 2428 5523 tyrannidem
2447 5451 2657 5518 habeat,
2680 5469 2835 5522 quam
2855 5463 3060 5508 natura.
3079 5458 3251 5523 Atque
3275 5466 3331 5509 ιιι
3351 5471 3632 5513 sexcentos

2095 5544 2183 5614 qui
2237 5557 2422 5598 necem
2471 5544 2708 5612 tyrannis
2735 5545 3028 5610 intulerint,
3060 5546 3316 5614 proferas,
3348 5549 3551 5603 nullum
3579 5560 3656 5602 ta-

2097 5649 2215 5687 men
2265 5632 2521 5704 ejusmodi
2552 5633 2703 5689 nobis
2731 5634 3047 5689 ostenderis.
3085 5635 3286 5688 Etenim
3337 5635 3453 5690 bmc
3485 5638 3652 5706 palma

2095 5724 2266 5793 angeli
2319 5726 2497 5780 verius
2541 5739 2696 5794 quam
2751 5724 2978 5780 hominis
3017 5735 3137 5781 tunc
3165 5733 3296 5778 erat.
3345 5727 3435 5780 Sic
3462 5730 3651 5798 quippe

3055 5955 3071 5981 1
