4070 6152
456 273 554 331 Ml

446 403 540 502 νυν
577 388 744 502 τρῦτο
789 394 1182 502 ἐννοήσῃς,-δτι
1230 411 1299 463 δι’
1339 414 1494 486 ἡμῶν
1543 422 1963 502 ἐπηγγέλθησαν
1988 473 2003 498 ,

443 483 538 588 καὶ
588 485 855 588 Δδιστάσῃς
883 511 897 525 ο
926 498 987 549 οὑ
1031 497 1138 570 γὰρ
1166 501 1234 556 δῖ’
1267 483 1425 578 ἡμῶν
1473 483 1806 588 πληροῦύται
1828 483 2008 588 ,ιάλλά

441 579 513 632 δι’
543 583 741 638 αὑτοῦ·
774 590 866 643 καὶ
921 595 974 646 αἱ
1015 595 1337 668 ἐπαγγελίαι
1371 607 1428 660 δὲ
1473 611 1540 665 δι’
1563 579 1730 672 αὑτοῦ
1753 637 1766 650 ·
1806 579 1867 676 οὑ
1901 579 2008 697 γὰρ

439 681 508 794 τὰ
542 684 782 794 ἡμέτερα
805 691 989 794 ζάλλά
1019 696 1088 751 τά
1126 701 1294 758 αὑτοῦ
1328 709 1464 780 πρὸς
1502 713 1646 783 ὑμᾶς
1678 681 2004 794 εἰρήκαμεν.

451 776 513 830 '0
545 780 613 832 δὲ
636 783 898 846 βεϐαιῶν
929 790 1090 860 ἡμᾶς
1113 833 1128 858 ,
1160 800 1285 853 σὺν
1305 776 1448 873 ὑμῖν
1483 776 1571 877 εἰς·
1598 776 2006 887 Χρωῖτδν,

439 877 656 979 χρίσας
715 881 902 951 ἡμᾶς,
942 890 1088 958 Θεός
1107 909 1124 924 ο
1159 897 1259 951 καὶ
1313 877 1810 979 σφραγισάμενος
1831 877 1872 975 ,1
1907 918 2006 972 καί

433 971 578 1039 δοὺς
610 975 716 1029 τὸν
743 978 1062 1048 ἀρῤαόὥνα
1083 991 1188 1044 τοῦ
1211 971 1560 1069 Πνεύματος
1594 971 1665 1060 ἐν·
1692 971 2003 1082 ταῖςνκαρ-

429 1067 584 1178 61mg-
637 1073 826 1140 ἡμῶν.
874 1080 1043 1136 Πάλιν
1081 1085 1192 1140 ἀπὸ
1228 1091 1334 1145 τῶν
1362 1067 1739 1167 παρελθόντων
1775 1067 1842 1160 τὰ
1870 1067 1972 1178 μέλ

435 1161 590 1220 λοντα
639 1169 978 1238 βεϐαιοῦται.
1032 1181 1094 1234 Εἰ
1145 1186 1255 1258 γὰρ
1291 1161 1456 1257 αὑτός
1505 1197 1652 1250 ἐστιν
1691 1203 1720 1254 6
1764 1161 1999 1272 βεσάιῶν

432 1263 574 1332 ἡμᾶς
607 1269 687 1331 είς
716 1271 976 1342 Χριστὸν,
1010 1282 1307 1352 τουτέστιν,
1344 1289 1372 1340 6
1405 1291 1479 1361 μὴ
1512 1293 1622 1370 ἐῶν
1646 1263 1793 1368 ἡμᾶς
1819 1318 1998 1372 παρα-

429 1358 760 1419 σαλεύεσθαι
801 1369 865 1424 ἐκ
912 1373 1011 1443 τῆς
1055 1377 1290 1444 πίστεως
1324 1358 1424 1454 τῆς
1460 1358 1540 1451 εἰς
1569 1358 1954 1466 τόν-’Χριστδν
1976 1441 1992 1467 ,

425 1455 519 1508 καὶ
557 1459 719 1526 αὑτὸς
747 1464 774 1517 ό
812 1469 1001 1536 χρίσας
1035 1475 1180 1544 ἡμᾶς
1205 1519 1220 1542 ,
1247 1481 1342 1534 καὶ
1404 1483 1526 1548 δοὺς
1561 1487 1622 1541 16
1663 1455 1888 1562 Πνεῦμα
1935 1455 1994 1550 ἐν

421 1554 544 1615 ταῖς
585 1558 833 1628 καρδίαις
880 1565 1036 1635 ἡμῶν
1065 1587 1078 1600 ·
1119 1572 1238 1637 πῶς
1275 1576 1347 1629 τά
1391 1579 1652 1647 μέλλοντα
1694 1589 1760 1641 οὑ
1789 1554 1987 1658 δώσει;

422 1647 512 1759 lii.
524 1649 633 1722 γάρ
659 1655 758 1719 τάς
806 1659 981 1730 ἀρχὰς
1006 1667 1102 1718 καὶ
1122 1669 1220 1734 τάς
1248 1671 1534 1741 ὑποθέσεις
1557 1679 1726 1736 ἔδωκε
1761 1686 1854 1739 καὶ

420 1743 577 1813 ῥίζαν
620 1750 716 1802 καὶ
742 1753 841 1825 τὴν
885 1757 1089 1832 πηγὴν,
1137 1759 1251 1819 οἷον
1284 1768 1409 1849 τὴν.
1438 1773 1611 1846 ἀληθῆ
1663 1781 1790 1850 περ).
1821 1743 1985 1838 αὑτοῦ

417 1842 618 1910 γνῶσιν
637 1887 652 1911 ,
687 1849 788 1920 τὴν
814 1853 908 1906 τοῦ
951 1857 1268 1930 Πνεύματος
1313 1842 1618 1941 μετάληψιν
1643 1891 1656 1904 ο
1686 1842 1803 1940 πῶς
1830 1880 1898 1933 τά
1923 1882 1989 1935 ἐκ

413 1939 620 1995 τούτων
649 1945 710 1998 οὑ
736 1945 932 2018 δώσει;
969 1955 1029 2007 Et
1060 1959 1167 2029 γὰρ
1194 1961 1386 2018 ἐκεῖνα
1414 1939 1704 2027 διάνταῦτα
1732 1974 1983 2046 δίδονται,

413 2033 597 2105 πολλῷ
613 2040 811 2109 μᾶλλον
827 2047 854 2099 6
867 2047 1036 2103 ταῦτα
1052 2052 1194 2118 δοὺς,
1220 2059 1309 2112 καὶ
1333 2061 1518 2118 ἐκεῖνα
1531 2069 1777 2138 παρέξει·
1812 2076 1906 2127 καὶ
1935 2033 1984 2131 εί

409 2131 582 2186 ταῦτα
627 2137 845 2208 ἐχθροῖς
891 2139 1043 2200 οὖσιν
1077 2149 1244 2205 ἔδωκε
1272 2195 1286 2218 ,
1331 2158 1511 2231 πολλῷ
1548 2131 1748 2231 μάλλον
1797 2169 1983 2226 ἐκεῖνα

408 2229 585 2337 φίλοις
626 2239 938 2308 γενομένοις
982 2249 1271 2315 χαριεῖται.
1303 2253 1402 2307 Διά
1422 2229 1579 2312 τοῦτο
1611 2262 1732 2316 οὑδὲ
1758 2265 1981 2337 Πνεῦμα

406 2321 564 2380 εἶπεν
616 2329 822 2402 ἁπλῶς,
873 2336 989 2390 ἀλλ’
1029 2341 1326 2413 ἀρραϐῶνα
1375 2349 1684 2424 ὠνόμασεν,
1727 2359 1814 2412 ἵνα
1868 2321 1978 2417 ἀπὸ

403 2422 594 2478 τούτου
621 2429 714 2482 καὶ
744 2433 873 2503 περὶ
907 2435 1001 2488 τοῦ
1032 2440 1233 2504 παντὸς
1263 2422 1504 2518 θαρρῇςζ
1537 2452 1612 2504 Οὑ
1647 2455 1756 2525 γάρ
1775 2496 1790 2521 ,
1820 2459 1870 2512 εί
1901 2459 1978 2531 μὴ

402 2517 596 2588 ἔμελλε
619 2523 679 2577 τὸ
706 2527 814 2580 πᾶν
839 2528 1061 2598 διδόναι,
1095 2535 1268 2590 εἵλετο
1295 2538 1361 2593 ἆν
1375 2517 1465 2598 16v
1497 2517 1974 2624 [ΗΜ-ἀρραϐῶνα

404 2622 706 2690 παρασχεῖν
733 2662 751 2687 ,
774 2624 871 2678 καὶ
909 2625 1176 2684 ἀπολέσαι
1203 2634 1326 2706 εἰκῆ
1364 2639 1460 2693 καὶ
1489 2641 1688 2713 μάτην.
1718 2622 1841 2701 -Καὶ
1874 2649 1976 2719 ὅρα

401 2716 820 2794 εὐγνωμοσύνην
865 2726 1076 2784 Παύλου
1100 2732 1187 2786 ,Τί
1226 2735 1332 2809 γὰρ
1349 2738 1430 2791 δεῖ
1457 2739 1654 2811 λέγειν,
1687 2749 1868 2818 φησιν,
1890 2716 1973 2806 δτι

399 2814 500 2867 οὐκ
526 2817 585 2869 ἐν
613 2818 746 2888 ἡμῖν
769 2822 802 2891 ἡ
846 2823 957 2877 τῶν
986 2826 1332 2897 ἐπαγγελιῶν
1370 2833 1598 2907 ἀλήθεια
1621 2856 1634 2906 ;
1655 2814 1789 2896 αὑτὸ
1811 2845 1971 2901 τοῦτο

397 2909 459 2963 τὸ
483 2911 705 2967 ἑστάναι
745 2915 1164 2992 ἀπεριτρέπτως
1194 2928 1287 2981 καὶ
1301 2933 1612 3002 πεπηγέναι
1655 2937 1802 3008 ὑμᾶς
1821 2982 1836 3007 ,
1868 2945 1971 2999 οὑκ

395 3005 456 3060 ἐν
484 3008 613 3078 ἡμῖν
634 3051 649 3075 ,
686 3011 824 3068 ἀλλά
851 3016 945 3069 καὶ
973 3018 1132 3074 τοῦτο
1146 3021 1242 3076 τοῦ
1270 3023 1406 3079 Θεοῦ
1431 3044 1444 3057 ·
1485 3029 1538 3083 '0
1559 3033 1671 3105 γὰρ
1692 3005 1968 3100 -βεϐαιῶπν

392 3098 568 3169 ὑμᾶς,
617 3106 774 3176 φησι,
815 3111 979 3178 Θεός.
1013 3114 1127 3169 Οὑκ
1169 3117 1277 3190 ἀρα
1309 3123 1474 3192 ἡμεῖς
1509 3098 1676 3199 ἐσμεν
1699 3098 1748 3183 οἱ
1775 3134 1967 3205 στηρί-

393 3199 578 3265 ζοντες
627 3203 770 3275 ὑμᾶς
796 3220 812 3235 ·
855 3209 950 3262 καὶ
1000 3211 1110 3284 γὰρ
1157 3216 1250 3269 καὶ
1296 3220 1460 3290 ἡμεῖς
1488 3224 1722 3295 δεόμεθα
1750 3228 1842 3282 τοῦ
1861 3199 1965 3300 ἰβε-

393 3295 696 3363 ϐαιοῦντος.
728 3303 891 3358 Ὠστε
927 3306 1114 3380 μηδεὶς
1139 3313 1197 3364 ἐν
1215 3316 1345 3384 ἡμῖν
1369 3319 1636 3389 νομιζέτω
1658 3295 1964 3380 κινδυνεύε-

394 3391 520 3444 σθαι
566 3394 626 3446 τὸ
659 3399 922 3471 κήρυγμα
947 3420 961 3434 ο
999 3406 1158 3471 αὑτὸς
1198 3413 1258 3463 τὸ
1302 3415 1410 3466 πᾶν
1447 3417 1771 3490 ἀνεδέξατο,
1811 3423 1962 3494 αὑτῷ

397 3488 549 3558 μέλει
579 3493 669 3546 τοῦ
695 3499 918 3562 παντός.

459 3721 522 3768 ε’.
556 3715 620 3767 Τί
650 3717 707 3770 δέ
738 3720 874 3782 ἐστι,
904 3724 1148 3792 Χρίσας,
1192 3729 1288 3782 καὶ
1317 3737 1844 3807 σφραγισάμενος;
1889 3743 1963 3796 Τὸ

387 3813 612 3884 Πνεῦμα
638 3814 780 3881 δοὺς,
810 3818 877 3872 δι’
902 3816 962 3873 οῦ
995 3824 1169 3880 ταῦτα
1193 3827 1482 3902 ἀμφότερα
1509 3835 1788 3906 ἐποίησεν.
1820 3841 1960 3912 ὁμοῦ

385 3914 669 3982 προφήτας
724 3918 820 3970 καὶ
877 3920 1042 3989 ἱερεῖς
1099 3925 1195 3977 καὶ
1234 3925 1489 3994 βασιλέας
1531 3931 1901 4004 ἐργαζόμενος
1935 3955 1949 3971 ι

383 4007 557 4061 ταῦτα
600 4010 710 4082 γὰρ
743 4011 804 4066 16
838 4015 1067 4070 παλαιὸν
1108 4021 1319 4090 ἐχρίετο
1357 4023 1426 4078 τά
1445 4025 1602 4097 γένη.
1633 4029 1772 4084 Ἀλλ’
1797 4035 1959 4104 ἡμεῖς

383 4103 482 4174 οὑχ
535 4105 593 4159 ἐν
617 4149 634 4172 ,
661 4107 800 4163 ἀλλά
829 4111 896 4165 τά
962 4115 1090 4184 τρία
1129 4117 1249 4186 μεθ’
1267 4119 1541 4192 ὑπεροχῆς
1565 4124 1763 4196 ἔχομεν
1790 4103 1956 4194 ἀξιώ-

388 4217 534 4269 ματα
559 4203 655 4257 νῦν
677 4221 690 4235 ·
734 4205 831 4259 καὶ
864 4207 975 4279 γάρ
1007 4208 1282 4280 βασιλείας
1312 4217 1580 4289 μέλλομεν
1622 4222 1953 4293 ἀπολαύειν,

381 4296 478 4350 καὶ
505 4299 670 4370 ἱερεῖς
695 4301 958 4373 γινόμεθα
989 4310 1389 4379 προσφέροντες
1411 4315 1602 4370 θυσίαν
1624 4318 1692 4372 τὰ
1726 4320 1956 4393 σώματα

378 4393 555 4464 ἡμῶν.
595 4400 1033 4470 Παραστήσατε
1079 4407 1187 4478 γὰρ
1231 4409 1302 4465 τὰ
1345 4413 1505 4482 μέλη
1568 4415 1733 4486 ὑμῶν
1783 4459 1800 4484 ,
1861 4426 1958 4477 θυ-

379 4491 525 4544 σίαν
548 4489 762 4562 ζῶσαν,
800 4498 1133 4568 εὐάρεστον
1162 4505 1241 4571 τῷ
1271 4506 1408 4574 Θεῷ,
1447 4511 1582 4581 φησί
1611 4528 1624 4543 ·
1667 4515 1764 4568 καὶ¹
1805 4519 1948 4586 μετά

378 4589 589 4645 τούτων
618 4593 712 4646 καὶ
737 4597 1015 4668 προφῆται
1041 4599 1446 4676 καθιστάμεθα⁹
1488 4609 1555 4662 Ἃ
1585 4608 1695 4679 γὰρ
1732 4611 1947 4680 ὀφθαλ-

373 4687 488 4756 μὸς
514 4691 626 4743 οὐκ
663 4687 786 4757 εἶδε
805 4735 819 4760 ,
860 4695 958 4749 καὶ
985 4692 1093 4764 οὖς
1124 4701 1235 4754 οὐκ
1264 4702 1493 4770 ἤκουσε
1513 4746 1527 4771 ,
1560 4707 1750 4762 ταῦτα
1784 4709 1952 4765 ἐκκε-

376 4786 735 4854 καλυμμένα
785 4789 934 4858 ἡμῖν
983 4793 1136 4850 ἐστι.
1191 4797 1300 4852 Καὶ
1362 4800 1537 4864 ἄλλως
1587 4802 1643 4855 δὲ
1708 4804 1952 4874 βασιλεῖς

374 4880 637 4951 γινόμεθα
663 4923 678 4947 ,
706 4885 802 4938 ἐὰν
835 4887 1188 4962 βουληθῶμεν
1231 4897 1451 4965 κρατεῖν
1481 4897 1589 4952 τῶν
1612 4900 1834 4956 ἀτόπων
1863 4903 1952 4956 λο-

373 4978 612 5047 γισμῶν.
638 4982 764 5034 Ὀτι
794 4983 902 5054 γάρ
926 4986 953 5038 ὁ
973 4986 1215 5052 τοιοῦτος
1243 4989 1539 5058 βασιλεύει,
1571 4996 1664 5046 καὶ
1691 4998 1892 5065 μᾶλλον
1915 4999 1950 5071 ἢ

372 5069 402 5120 ὁ
428 5071 488 5124 16
525 5073 764 5145 διάδημα
803 5081 1204 5151 περικείμενος,
1238 5085 1338 5155 ἤδη
1369 5085 1530 5139 τοῦτο
1559 5091 1768 5160 ποιήσω
1791 5069 1950 5162 δῆλον

377 5164 528 5233 ὑμῖν·
554 5167 732 5221 Πολλά
758 5169 871 5240 ἔχει
906 5175 1242 5243 στρατόπεδα
1271 5177 1498 5240 ἐκεῖνος,
1515 5177 1648 5232 ἀλλὰ
1674 5181 1768 5234 καὶ
1789 5183 1950 5254 ἡμεῖς

369 5260 579 5316 τούτων
651 5265 871 5332 πλείους
929 5269 1126 5342 ἔχομεν
1167 5273 1496 5344 λογισμούς·
1537 5276 1598 5328 οὑ
1644 5278 1752 5348 γὰρ
1797 5278 1948 5334 ἐστιν

372 5355 679 5429 ἀριθμῆσαι
719 5363 782 5416 τὸ
821 5365 1047 5436 άπειρον
1086 5366 1194 5419 τῶν
1237 5370 1455 5424 ἐννοιῶν
1499 5371 1705 5442 πλῆθος
1753 5373 1861 5429 τῶν
1888 5376 1946 5431 ἐν

317 5439 330 5517 ξ
372 5453 524 5521 ἡμῖν.
572 5456 647 5509 Οὑ
696 5459 901 5530 πλῆθος
955 5461 1010 5514 δὲ
1055 5462 1215 5530 μόνον
1261 5464 1408 5519 ἐστιν
1460 5439 1610 5532 ἰδεῖν,
1665 5470 1803 5524 ἀλλά
1850 5472 1943 5527 καὶ

372 5547 602 5615 πολλοὺς
661 5556 719 5608 ἐν
770 5555 848 5626 τῷ
905 5556 1098 5628 πλήθει
1151 5559 1326 5632 τούτῳ
1385 5563 1495 5616 τῶν
1547 5563 1820 5636 λογισμῶν
1849 5573 1942 5622 καὶ

375 5653 717 5719 στρατηγοὺς
754 5653 848 5708 καὶ
884 5653 1210 5727 ταξιάρχους
1235 5659 1327 5711 καὶ
1353 5659 1617 5729 λοχαγοὺς
1668 5663 1760 5716 καὶ
1786 5665 1928 5733 1056-

374 5761 481 5812 τας
521 5748 614 5801 καὶ
656 5752 1038 5824 σφενδονήτας.
1073 5755 1136 5807 Τί
1169 5757 1356 5828 ἕτερον
1388 5761 1534 5813 ποιεῖ
1569 5760 1830 5832 βασιλέας
1871 5767 1938 5821 τά

1515 301 1586 358 ιιν
1621 303 1838 364 ΕΡΙδΤ,
1869 309 1916 366 ll
1951 313 2039 367 AD
2077 315 2231 374 COR.
2276 321 2507 385 nomn.
2544 330 2630 389 ur.

3582 347 3686 402 ΗΞ

2123 440 2364 514 ίμάτια;
2418 450 2579 507 Ἀλλά
2624 455 2718 508 καὶ
2779 449 2932 522 οὗτος
2977 459 3171 530 βελτίω
3227 461 3535 534 περίκειται
3591 467 3684 519 καὶ

2119 539 2328 608 ἀμείνω
2379 547 2593 620 στολὴν,
2643 551 2710 623 ῆν
2773 554 2898 608 οὔτε
2960 556 3060 628 σὴς
3099 557 3291 625 ἐσθίει,
3333 558 3457 612 οὔτε
3492 561 3686 629 χρόνος

2114 633 2359 710 δαπανᾷ·
2395 644 2488 697 καὶ
2526 646 2789 716 στέφανον
2828 650 2941 722 ἔχει
2974 652 3216 706 ποικίλον
3240 653 3332 708 τὸν
3382 656 3480 726 τῆς
3503 655 3680 726 δόξης,

2113 730 2204 783 τὸν
2231 734 2337 788 τῶν
2365 739 2668 812 οἰκτιρμῶν
2704 744 2798 799 τοῦ
2827 746 2986 801 Θεοῦ·
3006 751 3261 820 Εὺλόγει
3286 751 3418 822 γὰρ,
3441 751 3479 818 ἡ
3508 754 3680 820 ψυχή

2105 843 2248 894 μου,
2285 834 2418 902 φησὶ
2444 873 2460 898 ,
2502 838 2610 891 τὸν
2656 842 2894 910 Κύριον,
2921 846 3029 899 τὸν
3053 847 3572 915 στεφανοῦντάίσε
3613 849 3682 900 ἐν

2111 921 2266 977 ἐλέει
2320 928 2420 981 καὶ
2459 933 2783 1004 οἰκτιρμθῒς
2807 953 2822 968 ο
2867 939 2961 992 καὶ
3003 939 3097 993 τδν
3128 941 3228 1010 τῆς
3272 942 3470 1010 δόξης⁸
3523 944 3679 1011 Adin

2109 1021 2222 1087 γὰρ
2267 1025 2366 1076 καὶ
2404 1028 2542 1097 τιμῇ
2581 1032 3012 1101 ἐστεφάνωσας
3043 1039 3232 1090 αὐτόν
3254 1055 3267 1069 ·
3305 1038 3401 1091 καὶ
3431 1038 3546 1110 [16v
3576 1043 3681 1108 τῆς

2106 1115 2378 1190 εὑδοκίας]
2396 1135 2409 1149 ·
2440 1122 2536 1189 Ὠς
2553 1125 2722 1192 ὅπλῳ
2742 1127 3024 1196 εὐδοκίας
3047 1132 3473 1200 ἐστεφάνωσας
3497 1135 3676 1203 ἡμᾶς’

2105 1212 2199 1265 καὶ
2229 1214 2318 1269 τὸν
2354 1233 2462 1271 των
2489 1223 2754 1291 χαρίτων·
2781 1226 3088 1295 Στέφανον
3113 1230 3222 1300 γὰρ
3251 1234 3508 1300 χαρίτων
3529 1232 3675 1304 δέξῃ

2105 1308 2188 1376 σῇ
2256 1313 2511 1383 κεφαλῇ.
2568 1313 2724 1383 Εἶδες
2780 1322 3120 1378 πολύπλοκον
3190 1327 3282 1378 καὶ
3323 1328 3676 1400 χαριέστερον

2103 1407 2252 1459 τουτὶ
2277 1408 2338 1460 16
2354 1409 2506 1482 διάδη
2517 1429 2624 1482 μα;
2650 1415 2796 1486 Πλὴν
2820 1417 2936 1471 ἀλλ’
2954 1419 3158 1474 ἄνωθεν
3185 1423 3328 1476 αὑτὰ
3355 1425 3674 1495 ἀκριϐέστε-

2108 1516 2196 1569 ρον
2249 1503 2596 1579 ἐξετάσωμεν
2651 1512 2820 1566 πάλιν
2874 1515 2941 1568 τά
2967 1516 3076 1570 τῶν
3123 1517 3386 1586 βασιλέων
3441 1520 3668 1575 τούτων.

2113 1598 2351 1668 Ἐκεῖνος
2372 1612 2566 1676 κρατεῖ
2588 1609 2696 1665 τῶν
2724 1612 3037 1684 δορυφόρων
3061 1617 3157 1668 καὶ
3174 1619 3336 1670 πᾶσιν
3367 1618 3668 1684 ἐπιτάττει,

2101 1698 2195 1751 καὶ
2224 1701 2424 1767 πάντες
2459 1706 2795 1764 ὑπακούουσι
2833 1717 2928 1766 καὶ
2970 1713 3311 1770 διακονοῦσιν
3343 1716 3522 1788 αὐτῷ·
3552 1719 3668 1772 ἀλλ’

2097 1792 2207 1861 ἐγὼ
2233 1795 2480 1870 δείκνυμι
2511 1801 2733 1872 μείζονα
2761 1807 2992 1862 ἐνταῦθα
3007 1811 3105 1882 τὴν
3129 1813 3323 1884 ἀρχὴν.
3346 1812 3420 1866 Τὸ
3439 1813 3537 1883 μὲν
3559 1815 3668 1886 γὰρ

2100 1889 2302 1960 πλῆθος
2349 1893 2489 1960 ῐσον,
2522 1897 2554 1968 ἢ
2590 1901 2687 1953 καὶ·
2717 1902 2899 1956 πλεῖον
2919 1923 2932 1936 ⁸
2963 1906 3150 1961 λοιπὸν
3174 1907 3229 1960 δὲ
3251 1909 3382 1980 περὶ
3404 1910 3502 1980 τῆς
3527 1913 3664 1964 ὑπο-

2095 1987 2268 2054 ταγῆς
2326 1990 2602 2057 ἐξετάζειν
2639 1998 2736 2052 δεῖ.
2772 2000 2881 2053 Καὶ
2927 2003 3000 2073 μή
3032 2021 3120 2073 μοι
3147 2007 3226 2069 είς
3252 2005 3419 2076 μέσον
3447 2008 3664 2079 ἀγάγῃς

2094 2084 2222 2146 τοὺς
2265 2084 2599 2153 ἐκπεσόντας
2641 2092 2740 2162 τῆς
2772 2093 3072 2165 βασιλείας,
3110 2100 3204 2152 καὶ
3238 2101 3548 2170 σφαγέντας
3571 2103 3664 2154 ὑπ’

2091 2179 2267 2234 αὑτῶν
2299 2182 2407 2236 τῶν
2447 2188 2952 2256 σωματοφυλάκων.
2989 2193 3079 2265 Μὴ
3108 2194 3286 2248 τοίνυν
3314 2195 3542 2260 τούτους
3578 2198 3660 2262 είς

2027 2328 2031 2331 ,
2090 2276 2254 2344 μέσον
2324 2276 2573 2349 ἄγωμεν,
2624 2283 2758 2337 ἀλλὰ
2800 2287 2928 2350 τοὺς
2979 2288 3161 2352 καλῶς
3216 2290 3276 2343 ἐν
3330 2292 3660 2363 ἀμφοτέροις

2087 2372 2184 2443 τὴν
2215 2375 2424 2429 ἑαυτῶν
2455 2377 2832 2449 διοικήσαντας
2868 2381 3149 2453 βασιλείαν
3175 2385 3521 2459 ζητήσωμεν.
3546 2387 3660 2441 Καὶ⁵

2087 2469 2152 2522 σὺ
2193 2471 2326 2541 μὲν,
2366 2472 2458 2537 οὒς
2493 2473 2692 2545 βούλει,
2718 2477 2893 2531 τίθειο
2916 2479 3028 2550 ἐγὼ
3065 2480 3121 2535 δέ
3153 2482 3354 2536 σοιτδν
3378 2483 3654 2554 πατριάρ-

2083 2584 2185 2638 χην
2213 2569 2513 2625 ἀντιτάττω
2543 2575 2728 2628 πᾶσιν.

2152 2731 2278 2785 Ὀτε
2312 2731 2420 2804 γὰρ
2444 2734 2535 2788 τὸν
2561 2699 2675 2791 016v
2704 2737 2991 2793 ἐκελεύετο
3019 2741 3346 2812 σφαγιάσαι,
3393 2746 3650 2815 ἐννόησον

2081 2825 2230 2900 [449]
2259 2829 2414 2884 πόσοι
2445 2831 2566 2884 τότε
2609 2834 2984 2905 ἐπανέστησαν
3020 2837 3194 2908 αὑτῷ,
3217 2839 3499 2911 λογισμοί·
3532 2842 3648 2894 ἀλλ’

2077 2927 2228 2996 ὅμως
2269 2929 2476 2992 πάντας
2507 2930 2758 2997 ὑπέταξε,
2808 2933 2902 2985 καὶ
2960 2934 3163 2996 πάντες
3217 2935 3386 2990 αὑτὸν
3416 2938 3649 3009 ἔτρεμον

2081 3021 2302 3092 μᾶλλον,
2329 3024 2362 3094 ἡ
2394 3024 2616 3095 βασιλέα
2638 3028 2687 3080 οί
2719 3029 3027 3102 δορυφόροι,
3065 3036 3157 3084 καὶ
3187 3032 3461 3104 βλέμματι
3500 3035 3650 3105 μόνῳ

2081 3118 2289 3184 πάντας
2320 3121 2666 3189 κατέστελλε,
2704 3125 2940 3180 κοιὶοὺδέ
2965 3127 3166 3196 γρύξαι
3199 3130 3404 3202 ἐτόλμα
3439 3131 3648 3184 τούτων

2075 3217 2272 3281 οὐδεὶς,
2299 3217 2416 3272 ἀλλ’
2444 3219 2776 3288 ὑπέκυπτον,
2821 3222 2916 3276 καὶ
2943 3223 3020 3287 ὡς
3045 3223 3256 3294 βασιλεῖ
3292 3225 3648 3298 παρεχώρουν

2077 3311 2335 3379 ἅπαντες,
2358 3313 2536 3369 καίτοι
2562 3333 2625 3386 γε
2654 3315 2903 3383 ὀξύτατοι
2928 3318 3081 3384 ὄντες
3125 3323 3246 3376 καὶι
3269 3324 3478 3393 σφόδρα
3504 3321 3646 3376 ἀπό-

2073 3423 2244 3477 τομοι.
2276 3409 2411 3462 Οὑδέ
2443 3412 2551 3481 γὰρ
2573 3411 2746 3475 οὑτως
2778 3414 2917 3466 εἰσὶν
2949 3416 3006 3467 αἱ
3039 3416 3148 3469 τῶν
3177 3417 3419 3486 δοράτων
3445 3417 3646 3487 αίχμαὶ

2073 3513 2324 3583 φοϐεραὶ,
2347 3515 2503 3584 ὀρθαὶ
2530 3515 2634 3568 ὑπὸ
2656 3516 2863 3570 πολλῶν
2890 3518 3250 3588 ἀνιστάμεναι
3271 3520 3640 3589 στρατιωτῶν,

2071 3615 2146 3677 ὼς
2175 3617 2374 3669 ἐκεῖνοι
2402 3618 2522 3670 τότε
2564 3631 2589 3659 ι
2631 3616 2770 3690 ἦσαν
2802 3620 3027 3692 φοϐεροὶ
3066 3623 3122 3674 οἱ
3149 3621 3419 3690 λογισμοί.
3452 3623 3527 3674 Οὑ
3555 3623 3641 3674 δο-

2075 3712 2252 3781 ράτων
2302 3707 2372 3784 ἦν
2422 3713 2778 3785 χαλεπωτέρα
2828 3718 2862 3786 ἡ
2911 3717 3011 3787 τῆς
3047 3715 3261 3786 φύσεως
3287 3716 3637 3787 συμπάθεια;

2071 3810 2162 3862 Διὸ
2195 3811 2287 3862 καὶ
2313 3812 2517 3882 αἰχμῆς
2538 3814 2706 3884 ἡκονη
2717 3814 2883 3886 μένης
2917 3815 3118 3884 μᾶλλον
3140 3815 3359 3886 τέμνειν
3379 3815 3645 3884 ἠδύναντο

2069 3908 2168 3978 τὴν
2199 3909 2413 3963 ἐκείνου
2440 3910 2638 3980 ψυχήν.
2669 3913 2746 3964 Οὑ
2775 3913 2884 3985 γὰρ
2913 3913 3087 3977 οὑτως
3131 3914 3223 3978 ὀξὺ
3271 3913 3402 3985 δόρυ
3439 3915 3638 3982 γένοιτ’

2067 4005 2133 4059 ἀν
2168 4023 2320 4072 ποτε,
2343 4007 2420 4071 ὡς
2448 4009 2671 4062 ἐκείνων
2701 4009 2808 4065 τῶν
2840 4011 3114 4082 λογισμῶν
3139 4011 3204 4065 τὰ
3240 4013 3437 4084 κέντρα
3461 4013 3638 4066 κάτω-

2068 4107 2159 4161 θεν
2189 4107 2296 4161 ἀπδ
2323 4109 2432 4162 τῶν
2460 4110 2784 4182 σπλάγχνων
2812 4111 3193 4183 ὀξυνόμενάτε
3216 4115 3309 4167 καὶ
3333 4115 3638 4186 ὀρθούμενοι

2064 4202 2304 4275 διέπειρε
2333 4204 2427 4258 τοῦ
2453 4206 2661 4259 δικαίου
2690 4207 2787 4279 τὴν
2824 4209 3080 4264 διάνοιαν.
3117 4211 3379 4264 Ἐνταῦθα
3403 4211 3500 4280 μὲν
3528 4211 3635 4281 γὰρ

2065 4303 2161 4356 καὶ
2189 4303 2392 4373 χρόνου
2422 4303 2503 4356 δεῖ
2545 4305 2637 4358 καὶ
2671 4305 2866 4376 βουλῆς
2896 4308 2993 4361 καὶ
3031 4308 3247 4378 πληγῆς
3287 4309 3380 4360 καὶ
3421 4307 3636 4377 ὀδύνης,

2065 4399 2161 4450 καὶ
2185 4398 2306 4450 τότε
2345 4399 2374 4450 6
2413 4398 2642 4460 θάνατος
2679 4400 2894 4454 ἑπέταν
2945 4403 3063 4453 ἐκεῖ
3098 4402 3404 4464 δέοὑδενὸς
3430 4402 3635 4454 τούτων

2065 4493 2188 4546 ἔδει·
2224 4492 2365 4546 οὕτω
2384 4493 2655 4565 ταχύτερα
2686 4495 2780 4548 καὶ
2809 4495 3109 4568 δριμύτερα
3136 4493 3204 4567 ἦν
3221 4497 3299 4550 -τὰ
3323 4498 3631 4570 τραύματα.

2076 4589 2214 4642 Ἀλλ’
2261 4589 2410 4659 ὅμως
2456 4590 2722 4644 τοσούτων
2758 4591 2879 4645 τότε
2924 4593 3288 4646 ὁπλισθέντων
3306 4595 3436 4648 κατ’
3465 4595 3632 4648 αὑτοῦ

2063 4687 2360 4758 λογισμῶν,
2394 4687 2565 4759 πολλὴ
2593 4685 2661 4761 ἦν
2694 4688 2913 4759 ἡσυχία,
2953 4690 3047 4742 καὶ
3083 4690 3282 4754 πάντες
3309 4692 3632 4763 εἱστήκεσαν

2063 4785 2358 4848 εὐτάκτως,
2395 4784 2732 4856 κοσμοῦντες
2785 4785 2984 4856 μᾶλλον
3029 4787 3271 4859 αὑτὸν,ῆ
3314 4787 3627 4858 φοϐοῦντες.

2061 4896 2202 4965 Ὅρα
2225 4896 2357 4965 γοῦν
2385 4895 2484 4968 τὴν
2510 4897 2786 4968 μάχαιραν
2813 4898 2974 4950 αὑτὸν
3000 4899 3326 4965 ἐκτείνοντα,
3359 4900 3452 4954 καὶ
3473 4902 3631 4964 ὅσους

2059 4993 2238 5064 βούλει
2295 4993 2434 5047 τίθει
2490 4993 2732 5063 βασιλεῖς
2759 4995 2840 5058 εἰς
2886 4996 2948 5048 16
3011 4997 3196 5066 μέσον,
3258 4998 3628 5064 Αὑγούστους,

2057 5089 2359 5160 Καίσαρας.
2420 5089 2560 5141 Ἀλλ’
2594 5089 2747 5142 οὐδὲν
2801 5091 3054 5145 τοσοῦτον
3108 5095 3274 5162 ἐρεῖς,
3320 5093 3443 5146 οὑδὲ
3491 5095 3630 5158 ἕξεις

2057 5186 2247 5255 σχῆμα
2292 5186 2462 5250 δεῖξαι
2493 5186 2754 5251 τοιοῦτον,
2793 5187 2936 5241 οὑτω
2985 5189 3328 5259 μεγαλοφυές
3378 5191 3478 5242 καὶ
3519 5192 3628 5243 τὼν

2053 5285 2300 5356 οὑρανῶν
2348 5284 2518 5350 ἀξιον.
2564 5287 2720 5340 Κατὰ
2749 5287 2859 5358 γὰρ
2889 5288 3202 5358 τυραννίδος
3244 5290 3628 5356 δονατωτάτης

2053 5381 2249 5453 ἔστησε
2285 5383 2545 5454 τρόπαιον
2585 5385 2613 5436 ὁ
2641 5384 2848 5448 δίκαιος
2882 5385 3004 5437 τότε
3054 5386 3290 5450 ἐκεῖνος·
3329 5386 3482 5439 οὐδὲν
3518 5385 3624 5451 γὰρ

2053 5479 2268 5547 φύσεως
2299 5481 2764 5550 τυραννικώτερον
2791 5498 2803 5508 ·
2840 5482 2944 5536 κάν
2984 5482 3208 5553 μυρίους
3242 5483 3394 5552 τιθῇς
3426 5495 3622 5549 τυραν-

2052 5578 2353 5642 νοκτόνους,
2389 5577 2578 5631 οὑδένα
2616 5579 2853 5634 τοιοῦτον
2887 5579 3158 5651 ἐπιδείξῃς
3191 5581 3341 5649 ἡμῖν.
3375 5576 3485 5630 Καὶ
3511 5575 3634 5639 γάρ,

2112 5778 2135 5805 ⁸
2165 5775 2422 5839 Legebalur.
2437 5778 2569 5827 ποτέ.
