4070 6152
477 262 586 320 M5

472 375 707 447 ἀγγέλου
734 375 796 432 τὸ
817 377 1077 446 τρόπαιον
1113 372 1201 449 ἦν,
1239 382 1339 435 οὐκ
1367 382 1654 453 ἀνθρώπου
1681 382 1820 437 τότε.
1849 383 2046 436 Σκόπει

467 473 557 526 δέ·
609 473 676 526 Ἥ
717 471 878 541 φύσις
935 471 1164 546 ἔρριπτο
1213 479 1388 546 χαμαὶ
1419 479 1557 549 μετά
1599 479 1706 532 τῶν
1733 478 1913 533 ὅπλων
1940 479 2047 532 τῶν

468 569 660 639 αὐτῆς,
698 568 837 639 μετά
868 569 963 622 τοῦ
990 573 1356 641 στρατοπέδου
1387 576 1611 642 παντὸς,
1641 577 1734 630 καὶ
1771 576 1933 641 αὐτὸς
1973 577 2048 630 εί-

470 665 658 734 στήκει
686 664 786 737 τὴν
818 668 979 735 χεῖρα
1016 668 1321 734 ἀνατείνας,
1352 672 1473 743 οὐχὶ
1500 673 1763 742 στέφανον
1793 674 2041 744 ἔχουσαν,

467 758 603 812 ἀλλά
647 760 922 832 μάχαιραν
954 764 1222 834 στεφάνου
1261 768 1464 832 παντὸς
1510 769 1919 842 λαμπροτέραν,
1950 771 2044 825 καὶ

467 858 496 910 6
521 856 629 909 τῶν
668 857 918 926 ἀγγέλων
941 863 1230 935 ἐπεκρότει
1257 867 1450 936 δῆμος,
1497 870 1591 922 καὶ
1621 871 1650 923 6
1686 869 1819 934 Θεὸς
1845 873 1908 924 ὲκ
1935 871 2044 926 τῶν

465 954 711 1038 οὐρανῶν
739 956 1126 1029 ἀνεκήρυττεν.
1152 961 1369 1032 Ἐπειδὴ
1398 963 1507 1036 γάρ
1545 966 1603 1019 έν
1633 967 1883 1038 οὐρανοῖς
1911 970 2040 1022 ἐπο-

465 1036 722 1101 λιτεύετο,
759 1041 968 1096 ἐκεῖθεν
1011 1044 1226 1113 ἐδέχετο
1275 1048 1370 1122 καὶ
1401 1049 1459 1101 τὸ
1496 1036 1779 1122 κήρυγμα.
1821 1053 1886 1105 Τί
1915 1052 2041 1106 τού-

462 1149 556 1186 του
579 1133 956 1208 λαμπρότερον
976 1156 990 1203 ;
1025 1141 1224 1210 μᾶλλον
1251 1143 1307 1197 δὲ
1329 1144 1381 1196 τί
1402 1145 1591 1198 τούτου
1623 1147 1817 1215 γένοιτ’
1841 1147 1906 1202 ἂν
1929 1152 2042 1204 ἴσον

461 1227 558 1281 τοῦ
617 1233 916 1302 τροπαίου;
974 1237 1036 1290 Ei
1092 1238 1221 1311 γάρ,
1267 1239 1502 1313 ἀθλητοῦ
1560 1243 1902 1315 νικήσαντος,
1963 1244 2039 1316 μὴ

462 1324 642 1397 κήρυξ
669 1327 931 1394 κάτωθεν,
967 1331 1081 1385 ἀλλ’
1115 1333 1321 1390 ἀνωθεν
1351 1338 1514 1402 αὐτὸς
1543 1343 1570 1392 6
1608 1339 1862 1409 βασιλεὺς
1909 1343 2041 1396 ἀνα⁹

466 1422 597 1485 στὰς
640 1424 978 1497 ἀνηγόρευσε
1027 1430 1116 1482 τὸν
1148 1431 1595 1504 Ὀλυμπιονίκην,
1623 1432 1712 1508 ἄρ’
1740 1438 1859 1508 οὐχὶ
1882 1439 2039 1493 τοῦτο

463 1517 573 1571 τῶν
603 1521 883 1590 στεφάνων
921 1523 1070 1595 αὐτῷ
1119 1525 1498 1600 λαμπρότερον
1540 1531 1720 1597 ἔδοξεν
1750 1531 1910 1600 εἶναι,
1947 1538 2040 1589 καὶ

462 1614 524 1666 τὸ
564 1613 790 1686 θέατρον
823 1617 970 1672 ἅπαν
1012 1621 1348 1693 ἐπέστρεψεν
1378 1626 1473 1689 άν;
1508 1629 1675 1682 Ὅταν
1700 1627 1794 1683 οὖν
1833 1631 1909 1703 μή
1942 1634 2038 1688 ἄν.

464 1711 678 1780 θρωπος
704 1713 975 1784 βασιλεὺς,
1016 1718 1131 1772 ἀλλ’
1161 1721 1324 1785 αὐτὸς
1354 1724 1382 1776 ό
1407 1723 1561 1790 Θεὸς,
1593 1727 1694 1782 οὐκ
1737 1730 1795 1782 έν
1827 1729 2038 1801 θεάτρῳ

459 1805 655 1879 τούτῳ,
715 1811 829 1865 ἀλλ’
879 1815 936 1868 ἐν
987 1815 1200 1889 θεάτρῳ
1231 1818 1311 1890 τῷ
1358 1820 1461 1891 τῆς
1490 1824 1835 1895 οἰκουμένης,
1878 1828 2038 1899 ἐντῷ

458 1904 614 1976 δήμῳ
639 1907 744 1961 τῶν
779 1910 1050 1979 ἀγγέλων,
1074 1914 1184 1968 τῶν
1221 1917 1599 1988 ἁρχαγγέλων,
1641 1923 1804 1976 αὐτὸν
1836 1925 2038 1998 ἀνακησ

461 2002 633 2076 ρύττῃ
653 2002 882 2079 λαμπρᾷ
913 2011 978 2082 τῇ
1026 2015 1176 2084 φωνῇ
1223 2013 1362 2082 βοῶν
1393 2015 1617 2080 ἄνωθεν,
1654 2019 1758 2072 ποῦ
1797 2019 2037 2093 θήσομεν

458 2099 550 2152 τὸν
577 2098 730 2168 ἆγιον
752 2103 960 2170 τοῦτον,
997 2109 1118 2162 εἰπέ
1153 2125 1278 2178 μοις
1319 2110 1382 2163 Et
1430 2111 1488 2163 δὲ
1531 2113 1692 2179 δοκεῖ,
1743 2118 1837 2170 καὶ
1866 2119 2035 2190 αὐτῆς

457 2195 782 2270 ἀκούσωμεν
827 2203 928 2272 τῆς
981 2206 1187 2275 φωνῆς.
1216 2207 1311 2271 Τίς
1336 2203 1428 2262 οὖν
1459 2210 1492 2280 ή
1533 2212 1721 2284 φωνή;
1757 2213 2033 2282 Ἀϐραὰμ,

470 2293 736 2365 Ἀϐραὰμ,
775 2298 856 2366 μὴ
895 2299 1230 2374 ἐπενέγκῃς
1262 2303 1378 2373 τὴν
1403 2305 1571 2376 χεῷά
1601 2323 1717 2362 σου
1753 2309 1904 2383 [450]
1935 2312 2034 2367 ἐπὶ

468 2386 688 2457 Ἰσαὰκ,
741 2394 897 2462 μηδέ
944 2397 1207 2468 ποιήσῃς
1251 2400 1411 2467 αὐτῷ
1462 2403 1676 2473 μηδέν.
1726 2406 1857 2460 Νῦν
1923 2411 2034 2477 γὰρ

456 2486 669 2554 ἔγνων,
702 2490 790 2544 ὅτι
829 2495 988 2562 φοϐῇ
1037 2496 1118 2548 σὺ
1171 2497 1279 2550 τὸν
1315 2501 1484 2565 Θεὸν,
1514 2501 1613 2556 καὶ
1655 2505 1767 2557 οὐκ
1811 2505 2034 2572 ἐφείσω

457 2581 565 2635 τοῦ
588 2587 721 2640 υἱοῦ
750 2604 867 2642 σου
905 2590 1011 2644 τοῦ
1058 2593 1370 2661 ἀγαπητοῦ
1403 2596 1476 2649 δι’
1501 2597 1623 2666 ἐμέ.
1660 2598 1725 2650 Τί
1768 2599 1957 2666 τοῦτο;
2005 2604 2032 2656 6

458 2679 637 2735 πάντα
660 2684 767 2754 πρὸ
798 2686 1068 2753 γενέσεως
1099 2689 1280 2743 αὐτῶν
1326 2691 1503 2756 εἰδὼς,
1536 2694 1632 2748 νῦν
1661 2695 1838 2764 ἕγνω;
1894 2698 2033 2751 Καί-

456 2792 538 2830 τοι
571 2795 634 2846 γε
667 2783 762 2834 καὶ
811 2782 1088 2854 ἀνθρώπῳ
1125 2785 1258 2857 δήλη
1289 2783 1359 2858 ἦν
1408 2791 1440 2860 ή
1477 2791 1733 2847 εὐλάϐεια
1770 2796 2027 2868 τάνδρός⁶

457 2875 697 2930 τοσαῦτα
725 2879 1034 2950 παρέσχετο
1077 2882 1345 2952 δείγματα
1372 2887 1473 2958 τῆς
1501 2890 1628 2960 περὶ
1651 2891 1743 2945 τὸν
1775 2893 1908 2946 Θεὸν
1937 2894 2031 2946 εὐ-

456 2972 628 3037 νοίας,
655 2975 742 3026 ὅτε
794 2972 946 3030 εἶπεν
981 2979 1155 3048 αὐτῷ·
1184 2980 1432 3044 Ἔξελθε
1467 2985 1536 3038 ἐκ
1583 2986 1694 3054 τῆς
1743 2989 1857 3058 γῆς
1889 3007 2028 3058 σου,

457 3071 557 3122 καὶ
593 3071 663 3123 ἐκ
693 3070 805 3138 τῆς
837 3077 1197 3143 συγγενείας
1223 3095 1373 3133 σου*
1409 3082 1497 3135 ὅτε
1528 3083 1595 3136 δι’
1624 3086 1788 3138 αὐτὸν
1814 3089 1908 3142 καὶ
1934 3089 2032 3159 τὴν

457 3164 540 3226 είς
590 3165 754 3220 αὐτὸν
803 3168 988 3240 τιμὴν,
1039 3171 1150 3226 τῶν
1196 3177 1480 3245 πρωτείων
1538 3182 1904 3254 παρεχώρησε
1952 3185 2031 3256 τῷ

458 3264 751 3337 ἀδελφιδῷ·
793 3269 883 3323 ὅτε
934 3273 1098 3327 αὐτὸν
1130 3275 1240 3329 τῶν
1266 3279 1540 3333 τοσούτων
1569 3283 1811 3350 ἐξείλετο
1846 3287 2031 3340 κινδύ-

458 3376 584 3413 νων·
621 3362 712 3418 ϐτε
763 3366 1048 3423 ἐκέλευσεν
1095 3373 1176 3435 είς
1221 3374 1497 3444 Αἴγυπτον
1535 3377 1729 3446 ἐλθεῖν,
1785 3383 1882 3436 καὶ⁵
1934 3385 2031 3452 τήν

458 3465 692 3525 γυναῖκα
736 3466 1160 3538 ἀφαιρούμενος,
1205 3472 1305 3526 οὐκ
1338 3473 1708 3549 ἐδυσχέραινε,
1743 3481 1838 3534 καὶ
1869 3481 2032 3555 ἕτερα

459 3557 702 3614 πλείονα.
728 3562 836 3616 Καὶ
868 3564 1006 3634 ὅπερ
1041 3566 1200 3637 ἔφην,
1231 3568 1335 3623 κᾶν
1367 3570 1654 3644 ἄνθρωπος
1687 3576 1796 3630 ἀπὸ
1827 3578 2033 3634 τούτων

459 3653 661 3725 ἔμαθεν
690 3658 755 3712 ἂν
789 3661 1018 3729 τάνδρὸς
1048 3676 1072 3704 ι
1106 3665 1203 3734 τὴν
1228 3667 1532 3734 εὐλάϐειαν,
1561 3673 1691 3741 μήτι
1721 3691 1783 3741 γε
1815 3676 1843 3728 ό
1877 3675 2030 3740 Θεὸς,

458 3755 488 3805 6
519 3755 592 3824 μὴ
635 3758 944 3826 περιμένων
977 3760 1084 3812 ἀπὸ
1125 3762 1236 3814 τῶν
1271 3767 1613 3836 πραγμάτων
1646 3769 1836 3838 μαθεῖν
1859 3773 1920 3825 τὸ
1941 3773 2032 3826 τέ-

459 3847 568 3911 λος.
604 3851 728 3913 Πῶς
769 3852 826 3905 δὲ
873 3854 1038 3906 αὐτὸν
1089 3857 1182 3908 καὶ
1220 3859 1538 3916 ἐδικαίωσεν
1576 3865 1820 3932 ἀγνοῶν;
1876 3869 2034 3933 Ἐπι-

460 3958 686 3999 στευσε
730 3947 860 4019 γὰρ,
913 3951 1102 4022 φησὶν,
1134 3953 1402 4024 Ἀϐραὰμ,
1431 3959 1530 4012 καί
1555 3961 1841 4032 ἐλογίσθη
1872 3966 2034 4033 αὐτῷ

459 4043 548 4105 εις
577 4039 988 4112 δικαιοσύνην.

521 4233 600 4290 ς’.
619 4234 684 4288 Τί
709 4231 930 4292 οῦνὲστι
960 4238 1038 4303 τὸ,
1073 4240 1204 4294 Νῦν
1217 4241 1442 4312 ἕγνων;
1483 4245 1541 4300 '0
1563 4245 1662 4317 μὲν
1689 4248 1859 4320 Σύρος
1875 4253 2027 4322 φησί·

458 4331 592 4386 Νῦν
616 4333 964 4404 ἐγνώρισάς,
1021 4337 1292 4402 τουτέστι,
1336 4341 1450 4404 τοῖς
1511 4341 1846 4414 ἀνθρώποις.
1891 4349 2032 4418 Ἐγὼ

460 4431 569 4501 γάρ
595 4433 742 4505 ᾔδειν
771 4435 938 4490 πάλαι
963 4439 1058 4492 καὶ
1085 4438 1192 4510 πρὸ
1220 4437 1329 4492 τῶν
1355 4440 1749 4513 ἐπιταγμάτων
1771 4446 2030 4504 ἀπάντων

459 4529 703 4585 ἐκείνων.
733 4530 832 4585 Διά
859 4533 912 4585 τί
936 4533 992 4587 δὲ
1021 4534 1116 4588 καὶ
1154 4537 1272 4598 τοῖς
1296 4536 1606 4607 ἀνθρώποις
1636 4539 1770 4608 νῦν;
1813 4543 2030 4599 Ἐκεῖνα

459 4624 568 4696 γὰρ
620 4627 718 4697 οὐχ
773 4629 932 4683 ἱκανὰ
968 4629 1136 4698 δεῖξαι
1176 4633 1276 4704 τήν
1306 4634 1439 4703 περὶ
1476 4635 1568 4688 τὸν
1611 4636 1745 4690 Θεὸν
1771 4635 2026 4708 εὐνοιαν;

472 4727 654 4780 Ἱκανὰ
700 4729 832 4798 μέν·
897 4729 1032 4784 ἀλλὰ
1078 4733 1318 4804 τοσούτῳ
1355 4735 1570 4798 πάντως
1601 4736 1761 4790 τοῦτο
1803 4739 2028 4793 ἐκείνων

463 4823 666 4895 μεῖζον,
726 4824 801 4888 ὡς
849 4826 1016 4896 μηδὲν
1074 4828 1258 4883 ἐκεῖνα
1309 4829 1446 4902 πρὸς
1496 4829 1657 4884 τοῦτο
1713 4833 2024 4902 φαίνεσθαι.

457 4918 628 4973 Τοῦτο
676 4920 854 4974 τοίνυν
903 4922 1145 4992 ἐπαίρων
1187 4925 1246 4978 τὸ
1292 4925 1642 4995 κατόρθωμα,
1679 4929 1774 4982 καὶ
1813 4930 2028 4996 δεικνὺς

456 5017 674 5072 πάντων
718 5017 1009 5090 ἀνώτερον,
1048 5017 1228 5074 ταῦτα
1277 5021 1488 5093 εἴρηκε.
1537 5025 1648 5078 Καὶ
1687 5025 1796 5097 γὰρ
1844 5029 2027 5083 πολλοὶ

455 5115 567 5169 τῶν
593 5116 894 5189 ἀνθρώπων
945 5116 1039 5170 ἐπὶ
1076 5119 1190 5182 τοῖς
1225 5119 1550 5190 ὑπερέχουσι
1589 5122 1688 5176 καὶ
1725 5124 1795 5177 τὰ
1836 5124 2029 5195 πρῶτα

456 5211 703 5275 νικῶσιν,
735 5212 906 5278 οὕτως
930 5213 1153 5268 εἰώθασι
1183 5213 1362 5282 λέγειν
1381 5231 1394 5245 °
1428 5211 1538 5272 οἷον
1569 5218 1696 5273 ὅταν
1728 5237 1813 5286 τις
1843 5221 2028 5292 μεῖζον

456 5308 570 5362 τῶν
599 5309 876 5378 προτέρων
892 5310 1030 5382 λάϐῃ
1055 5329 1108 5364 τι
1138 5315 1267 5383 παρ’
1299 5313 1464 5368 αὐτοῦ
1496 5315 1524 5356 h
1549 5315 1741 5387 δῶρον,
1769 5319 2030 5385 πολλάκις

456 5402 642 5472 λέγει’
674 5401 788 5455 Νῦν
825 5403 998 5472 ἔγνων
1033 5407 1116 5459 ὅτι
1153 5425 1221 5477 με
1265 5410 1456 5480 ἀγαπᾷ
1487 5413 1515 5464 ὀ
1545 5411 1694 5467 δεῖνα
1719 5429 1734 5444 ·
1780 5412 1840 5467 06
1873 5415 2029 5468 τοῦτο

455 5503 654 5571 λέγων,
685 5501 767 5555 ὅτι
795 5500 889 5555 τὸν
918 5501 1230 5573 ἔμπροσθεν
1261 5505 1450 5574 ἠγνόει
1500 5508 1712 5578 χρόνον,
1746 5511 1883 5569 ἀλλά
1932 5511 2029 5584 δη-

519 5619 544 5649 ⁸
570 5617 787 5683 ῌςοητοῦ
809 5619 992 5683 ἀνδρός.

521 5685 548 5724 δ
582 5680 731 5732 Savil.
757 5680 905 5745 ναίει
925 5682 1192 5746 legendum
1218 5684 1344 5748 παρά
1365 5700 1466 5744 του,
1489 5699 1576 5735 seu
1602 5689 1727 5750 παρά
1752 5705 1895 5743 τινος.

1190 264 1245 318 S.
1287 263 1570 322 JOANNI",
1604 265 2080 328 CHRYSOSTOMI
2118 272 2434 337 ARCHIEP.
2470 281 3008 340 CONSTANTl-NOP.

3613 289 3714 345 ιιι

2153 391 2326 448 λῶσαι
2375 396 2720 468 βουλόμενος,
2751 400 2833 452 ὅτι
2873 400 3090 453 πάντων
3123 397 3306 469 μεῖζον
3328 397 3387 453 τὸ
3414 399 3568 455 δοθὲν
3600 401 3717 459 νῦν.

2149 489 2308 546 Οὕτω
2340 496 2496 547 καὶτό
2543 494 2676 558 Θεὸς
2726 495 3078 566 ἀνθρωπίνως
3123 495 3530 565 διαλεγόμενος,
3588 498 3717 553 Νῦν

2144 584 2356 655 ἔγνων,
2393 590 2576 661 φησὶν,
2619 591 2769 644 οὐδὲν
2823 591 2950 645 ἄλλο
2991 591 3024 662 ἢ
3071 591 3168 663 τήν
3200 591 3505 663 ὑπερϐολὴν
3535 611 3714 660 παρα-

2147 684 2339 754 στῆσαι
2387 686 2481 740 τοῦ
2519 687 2680 744 άθλου
2715 687 3055 759 βουλόμενος,
3086 689 3207 759 οὐχὶ
3246 689 3368 742 τότε
3401 689 3611 760 μαθὼν,
3653 693 3714 746 06

2145 781 2236 834 τὸν
2266 781 2452 852 φόϐον,
2486 783 2518 853 ἢ
2552 784 2614 839 τὸ
2667 784 2896 856 μέγεθος
2934 785 3030 839 τοῦ
3079 786 3269 854 φόϐου.
3303 787 3416 841 Καὶ
3448 788 3558 860 γάρ
3587 789 3716 843 ὅταν

2143 877 2298 949 λέγῃ,
2328 879 2525 944 Δεῦτε,
2561 883 2922 950 καταϐάντες
2973 883 3210 952 ἴδωμεν,
3253 882 3316 936 οὐ
3358 883 3715 950 καταϐάσεως

2141 971 2398 1042 δεόμενος
2447 975 2628 1044 λέγει·
2680 979 2775 1031 καὶ
2828 981 2937 1048 γάρ
2986 978 3058 1032 τά
3117 979 3299 1032 πάντα
3349 979 3562 1051 πληροῖ,
3616 981 3715 1034 καὶ

2143 1071 2317 1123 πάντα
2351 1068 2458 1125 οἶδε
2495 1075 2710 1142 σαφῶς·
2753 1076 2886 1129 ἀλλά
2921 1076 3193 1130 παιδεύων
3223 1077 3391 1147 ἡμᾶς,
3423 1077 3496 1149 μή
3524 1078 3711 1142 ἀπλῶς

2141 1167 2555 1235 ἀποφαίνεσθαι.
2587 1174 2697 1226 Καὶ
2716 1173 2844 1227 ὅταν
2878 1174 3031 1245 λέγῃ,
3071 1175 3286 1242 Κύριος
3313 1174 3612 1245 ἐξέκυψεν
3637 1176 3708 1229 ἐκ

2141 1264 2247 1318 τοῦ
2279 1267 2560 1334 οὐρανοῦ,
2605 1269 2713 1322 ἀπὸ
2767 1275 3084 1343 μεταφορᾶς
3124 1273 3233 1326 τῶν
3267 1271 3570 1342 ἀνθρώπων
3612 1273 3711 1346 τὴν

2140 1363 2342 1434 ἀκριϐῆ
2373 1364 2520 1434 λέγει
2535 1367 2756 1433 γνῶσιν.
2788 1368 2943 1422 Οὕτω
2964 1370 3058 1423 καὶ
3074 1368 3329 1434 ἐνταῦθα,
3353 1368 3486 1423 Νῦν
3500 1370 3707 1440 ἔγνων,

2141 1469 2297 1539 φησὶ,
2338 1470 2497 1524 τοῦτο
2523 1473 2737 1536 δεικνὺς
2783 1472 2970 1544 μεῖζον
2995 1475 3250 1529 ἁπάντων
3280 1474 3338 1528 ὃν
3363 1475 3473 1529 τῶν
3508 1475 3712 1548 ἕμπρο·

2143 1573 2288 1626 σθεν.
2323 1573 2527 1628 Τούτου
2550 1578 2644 1630 καὶ
2672 1577 2944 1648 ἀπόδειξιν
2964 1578 3131 1632 αὐτοῦ
3160 1579 3462 1650 παρέχεται
3490 1580 3712 1648 ἐπάγων

2139 1670 2235 1722 καὶ
2275 1669 2470 1740 λέγων,
2520 1672 2603 1724 ὅτι
2665 1676 2787 1727 Οὐκ
2840 1674 3062 1743 ἐφείσω
3108 1675 3214 1728 τοῦ
3269 1675 3404 1728 υἱοῦ
3444 1692 3563 1728 σου
3605 1675 3711 1730 τοῦ

2138 1770 2448 1840 ἀγαπητοῦ
2479 1771 2554 1824 δι’
2592 1771 2714 1842 ἐμέ.
2736 1772 2849 1826 Οὐκ
2877 1769 3017 1838 εἷπε,
3050 1773 3158 1826 Τοῦ
3187 1773 3326 1838 υίοῦ,
3363 1775 3550 1844 μόνον,
3576 1775 3709 1830 ἀλλά

2139 1871 2254 1936 καὶ,
2295 1869 2407 1925 Τοῦ
2437 1870 2769 1940 ἀγαπητοῦ.
2801 1871 2935 1926 Οὐδὲ
2968 1871 3078 1942 γάρ
3115 1871 3330 1942 φύσεως
3371 1875 3552 1944 μόνον,
3577 1876 3712 1930 ἀλλά

2137 1968 2232 2020 καὶ⁸
2265 1966 2668 2038 φιλοστοργίας,
2702 1963 2771 2039 ἧς
2797 1968 2893 2022 καὶ
2921 1968 3008 2022 διὰ
3034 1968 3127 2022 τὸν
3153 1970 3352 2023 οίκεῖον
3372 1972 3589 2042 τρόπον,
3613 1973 3710 2026 καὶ

2137 2061 2236 2132 τήν
2266 2062 2469 2134 ἀρετὴν
2493 2062 2586 2115 τοῦ
2627 2063 2817 2127 παιδὸς
2846 2063 3046 2135 πολλὴν
3075 2061 3243 2118 οὖσαν
3282 2066 3343 2119 ὲν
3372 2065 3539 2135 αὐτῷ,
3573 2084 3709 2120 κατι

2136 2159 2453 2229 ετόλμησεν.
2492 2160 2554 2213 Εἰ
2583 2159 2640 2212 δὲ
2674 2160 2891 2229 φαύλων
2921 2160 3071 2234 [451]
3104 2163 3310 2216 παίδων
3334 2168 3434 2217 οὐκ
3460 2163 3526 2218 ἂν
3554 2163 3711 2218 εὐκόο

2134 2253 2240 2317 λως
2287 2257 2764 2326 καταφρονήσαιεν
2815 2257 3073 2329 πατέρες,
3139 2258 3279 2312 ἀλλά
3325 2261 3421 2313 καὶ
3478 2261 3706 2322 τούτους

2134 2349 2424 2405 πενθοῦσιν
2443 2371 2456 2382 ·
2485 2353 2614 2405 ὅταν
2657 2352 2755 2408 καὶ
2783 2352 2897 2417 υίὸς
2933 2350 2990 2428 ᾗ,
3023 2354 3119 2406 καὶ
3141 2355 3386 2425 γνήσιος,
3424 2355 3518 2408 καὶ
3547 2371 3704 2425 μονο-

2132 2457 2315 2528 γενής,
2367 2457 2463 2511 καὶ
2522 2458 2825 2530 ἀγαπητὸς,
2882 2458 2978 2514 καὶ
3034 2457 3244 2524 Ἰσαὰκ,
3286 2460 3380 2512 καὶ
3417 2460 3510 2512 ὐπ’
3543 2459 3707 2512 αὐτοῦ

2136 2555 2304 2626 μέλλῃ
2333 2555 2665 2626 σφάττεσθαι
2693 2556 2786 2609 τοῦ
2807 2556 3029 2628 πατρὸς,
3055 2557 3139 2622 τίς
3170 2557 3235 2613 ἂν
3267 2558 3395 2628 είπῃ
3426 2557 3525 2629 τὴν
3545 2557 3709 2627 61:29-

2132 2650 2294 2720 ϐολὴν
2339 2651 2440 2721 τῆς
2479 2651 2831 2722 φιλοσοφίαςς
2883 2645 3051 2716 Οῦτος
3099 2654 3307 2725 μυρίων
3363 2653 3706 2724 διαδημάτων

2131 2749 2226 2801 καὶ
2261 2749 2541 2816 στεφάνων
2566 2750 2809 2821 ἀπείρων
2835 2749 2862 2801 ὀ
2895 2745 3054 2813 ἆθλος
3083 2750 3454 2823 φαιδρότερος.
3492 2750 3583 2822 Τῷ
3611 2749 3705 2820 μὲν

2131 2843 2240 2914 γὰρ
2263 2843 2353 2897 τὸν
2388 2845 2651 2915 στέφανον
2683 2848 2888 2899 ἐκεῖνον
2933 2847 3303 2918 περικειμένῳ
3346 2847 3443 2900 καὶ
3479 2847 3705 2910 θάνατος

2131 2940 2373 2994 ἐπελθὼν
2423 2942 2682 3008 πολλάκις
2732 2942 3053 3014 ὲπηρεάζει,
3084 2943 3179 2997 καὶ
3215 2946 3321 3017 πρὸ
3351 2943 3447 2998 τοῦ
3473 2944 3704 2999 θανάτου

2135 3039 2326 3111 μυρίαι
2372 3041 2716 3113 πραγμάτων
2743 3042 3025 3096 έπιϐουλαί
3045 3058 3059 3072 ·
3107 3040 3269 3095 τοῦτο
3297 3041 3353 3096 δὲ
3383 3041 3560 3106 οὐδεὶς
3588 3041 3707 3095 οὐδὲ

2134 3139 2273 3208 μετά
2295 3139 2552 3210 τελευτὴν
2580 3141 2641 3193 τὸ
2670 3141 2908 3215 διάδημα
2943 3124 3237 3209 ἀφελέσθαι
3286 3141 3575 3214 δυνήσεται
3615 3139 3706 3220 τὸν

2133 3236 2539 3307 περικείμενον,
2565 3237 2626 3291 οὐ
2656 3237 2764 3292 τῶν
2796 3239 2963 3302 ἰδίων,
2990 3240 3051 3292 οὐ
3099 3239 3209 3293 τῶν
3241 3239 3562 3310 ἀλλοτρίων.
3595 3238 3704 3292 Θέα

2131 3347 2188 3401 δέ
2215 3365 2307 3419 μοι
2332 3349 2425 3402 καὶ
2453 3347 2542 3401 τὸν
2571 3347 2902 3419 τιμιώτατον
2928 3349 3074 3403 λίθον
3097 3348 3191 3403 τοῦ
3225 3349 3554 3421 διαδήματος
3582 3349 3706 3403 τού-

2131 3461 2246 3499 του.
2276 3445 2488 3514 ’Ὠσπερ
2543 3444 2652 3516 γὰρ
2695 3445 2840 3510 λίθος
2879 3446 3078 3516 τίμιος,
3129 3445 3303 3510 οὕτως
3343 3447 3478 3500 αὐτὸ
3529 3447 3710 3501 συνδεῖ

2134 3541 2270 3612 πρὸς
2294 3541 2372 3612 τῷ
2413 3540 2576 3595 τέλει.
2624 3542 2689 3594 Τί
2723 3543 2779 3595 δὲ
2807 3541 2965 3595 τοῦτό
2991 3545 3130 3605 ἐστι,
3159 3543 3240 3608 τὸ,
3267 3545 3349 3597 Δι’
3375 3545 3520 3614 ἐμέ;
3571 3544 3708 3598 Οὐδὲ

2132 3638 2240 3710 γάρ
2278 3637 2339 3692 τὸ
2385 3637 2696 3719 θαυμαστὸν
2724 3639 2882 3692 τοῦτό
2929 3640 3100 3704 ἐστιν,
3151 3641 3234 3694 ὅτι
3279 3641 3379 3695 οὐκ
3427 3642 3704 3710 ἐφείσατο,

2132 3736 2247 3789 ἀλλ’
2294 3737 2377 3789 ὅτι
2413 3736 2482 3789 δι’
2523 3736 2704 3791 αὐτόν.
2745 3737 2810 3789 Ὢ
2856 3736 3034 3802 δεξιᾶς
3087 3738 3384 3809 μακαρίας,
3428 3739 3544 3800 οἵας
3565 3755 3698 3790 κατ-

2133 3831 2341 3903 ηξιώθη
2387 3831 2686 3904 μαχαίραςῑ
2741 3831 2786 3884 ὢ
2838 3833 3113 3904 μαχαίρας
3147 3833 3478 3902 θαυμαστῆς,
3536 3834 3699 3896 ποίας

2133 3927 2443 4000 κατηξιώθη
2470 3929 2646 3994 δεξιᾶς
2667 3929 2680 3981 ι
2714 3926 2758 3980 ὣ
2787 3929 3060 3999 μαχαίρας
3081 3927 3416 3998 θαυμαστῆς,
3435 3929 3514 3991 είς
3534 3927 3698 3981 ποίαν

2131 4023 2556 4096 παρεσκευάσθη
2589 4024 2796 4094 χρείαν,
2831 4025 2925 4077 καὶ
2984 4025 3144 4079 ποίαν
3194 4025 3353 4096 ήνυσε
3393 4024 3698 4091 διακονίαν,

2132 4122 2227 4175 καὶ
2255 4120 2393 4190 ποίῳ
2423 4120 2738 4190 ὑπηρέτησε
2765 4119 2950 4187 τύπῳῐ
3010 4120 3129 4184 πῶς
3159 4119 3403 4194 ᾑμάχθη,
3455 4120 3571 4185 πῶς
3603 4121 3703 4192 οὐχ

2131 4217 2388 4291 ᾑμάχθηί
2431 4217 2564 4272 Οὐδὲ
2611 4217 2717 4288 γὰρ
2750 4212 2868 4270 οῖδα
2900 4220 2952 4271 τί
2982 4219 3154 4271 εἴπω·
3191 4216 3334 4272 οὕτω
3381 4219 3604 4288 φρικτὸν
3645 4218 3708 4271 τὸ

2133 4317 2430 4387 μυστήριον
2459 4311 2548 4387 ἦν.
2597 4315 2708 4385 Οὐχ
2737 4314 2913 4385 ἥψατο
2942 4317 3040 4386 τῆς
3089 4313 3184 4367 τοῦ
3233 4313 3429 4379 παιδὸς
3480 4315 3704 4387 δέρρης,

2129 4412 2251 4467 0ὐῶ
2279 4411 2460 4484 διῆλθε
2492 4412 2582 4466 διὰ
2609 4412 2703 4466 τοῦ
2729 4411 2928 4482 λαιμοῦ
2974 4411 3070 4465 τοῦ
3119 4411 3275 4480 ἁγίου
3321 4411 3559 4478 ἐκείνου,
3587 4411 3706 4465 οὐδὲ

2130 4509 2407 4580 ὲφοινίχθη
2440 4510 2634 4580 αἵματι
2663 4509 2874 4562 δικαίου
2897 4525 2910 4541 ’
2964 4510 3168 4582 μᾶλλον
3192 4509 3250 4563 δὲ
3284 4510 3380 4562 καὶ
3409 4509 3591 4577 ἥψατο
3613 4508 3706 4562 καὶ

2128 4609 2309 4679 διῆλθε
2345 4606 2439 4661 καὶ
2472 4605 2751 4675 ὲφοινίχθη
2772 4607 2868 4660 καὶ
2889 4606 3215 4680 ἐϐαπτίσθη,
3233 4609 3329 4660 καὶ¹
3363 4607 3463 4660 οὐκ
3488 4607 3704 4659 ἐϐαπτί-

2132 4705 2254 4776 σθη.
2282 4704 2435 4774 Τάχα
2467 4703 2821 4774 ἐξεστηκέναι
2862 4703 2992 4774 ὑμῖν
3023 4703 3167 4757 δοκῶ
3204 4703 3377 4767 οὕτως
3404 4704 3706 4757 ἐναντιολο-

2129 4805 2260 4870 γῶν.
2285 4801 2393 4853 Καὶ
2414 4798 2522 4871 γὰρ
2547 4799 2836 4870 ἐξέστηκα,
2851 4799 2912 4852 τὸ
2935 4799 3120 4871 θαῦμα
3137 4799 3334 4854 ἐννοῶν
3356 4799 3449 4855 τοῦ
3471 4801 3701 4862 δικαίου,

2127 4899 2244 4954 ἀλλ’
2273 4899 2373 4955 οὐκ
2406 4897 2785 4966 ὲναντιολογῶ.
2824 4899 2891 4950 Ἦ
2937 4898 3038 4967 μὲν
3060 4897 3171 4970 γὰρ
3207 4897 3302 4952 τοῦ
3343 4899 3552 4953 δικαίου
3585 4898 3704 4968 χεὶρ

2127 4993 2390 5068 ένέπηξεν
2435 4995 2606 5069 αὐτὴν
2639 4993 2718 5063 τῷ
2751 4995 2992 5067 φάρυγγι
3037 4995 3133 5049 τοῦ
3187 4994 3404 5058 παιδόςο
3441 4997 3475 5066 ή
3527 4994 3584 5048 δὲ
3610 4994 3700 5048 τοῦ

2127 5093 2262 5148 Θεοῦ
2309 5093 2429 5164 χείρ
2475 5093 2570 5145 καὶ
2613 5092 2958 5162 έμπαγεῖσαν
2993 5093 3093 5148 οὐκ
3138 5093 3353 5164 ἀφῆκεν
3379 5094 3574 5163 αἰματι
3605 5109 3700 5161 μοι

2126 5190 2384 5262 λυνθῆναι
2411 5189 2506 5244 τοῦ
2539 5189 2748 5252 παιδός.
2797 5191 2907 5243 Καὶ
2932 5191 3039 5262 γὰρ
3067 5192 3166 5262 οὐχ
3188 5194 3217 5244 ό
3249 5191 3502 5263 Ἀϐραὰμ
3532 5190 3698 5244 αὐτὴν

2128 5290 2343 5358 κατεῖχε
2377 5286 2557 5358 μόνον,
2590 5285 2724 5340 ἀλλὰ
2756 5286 2850 5340 καὶ
2872 5289 2900 5341 6
2924 5287 3057 5348 Θεός
3080 5304 3094 5318 ·
3133 5289 3226 5342 καὶ
3254 5289 3282 5340 ό
3320 5287 3421 5356 μὲν
3454 5286 3585 5341 ὤθει
3610 5287 3698 5341 διὰ

2129 5390 2228 5459 τῆς
2259 5386 2504 5456 γνώμης,
2529 5386 2557 5436 6
2585 5384 2642 5438 δὲ
2678 5383 2809 5449 Θεὸς
2833 5384 3117 5438 ἀνέστελλε
3145 5386 3232 5438 διὰ
3255 5386 3356 5449 τῆς
3386 5385 3594 5451 φωνῆς.
3635 5384 3696 5436 Ἦ

2131 5483 2238 5556 γὰρ
2282 5480 2419 5551 αὐτὴ
2466 5481 2616 5550 φωνὴ
2663 5480 2758 5533 καὶ
2806 5479 3012 5534 ὥπλισε
3059 5480 3156 5553 τὴν
3187 5479 3389 5544 δεξιὰν,
3431 5481 3528 5536 καὶ
3568 5495 3701 5533 κατ-

2137 5579 2344 5633 ἔστειλε
2367 5595 2379 5608 ·
2417 5577 2510 5630 καὶ
2560 5575 2810 5648 καθάπερ
2843 5577 2947 5630 ὐπὸ
2974 5577 3264 5647 στρατηγῷ
3289 5578 3604 5647 ταττομένη
3625 5577 3704 5648 τῷ

2142 5675 2283 5747 Θεῷ,
2326 5676 2502 5731 πάντα
2531 5674 2607 5746 τῷ
2656 5674 2866 5729 ἐκείνου
2924 5676 3148 5746 νεύματι
3195 5674 3574 5745 διεπράττετο,
3609 5672 3704 5728 καὶ
