4070 6152
396 321 525 424 ΗΒ,

397 480 668 539 mnsidera
702 498 716 533 :
747 491 932 534 natura
959 493 1078 534 cum
1103 477 1264 532 armis
1304 477 1436 540 suis,
1473 489 1592 530 cum
1635 471 1950 529 militaribus

395 571 640 627 omnibus
659 571 825 640 copiis
843 569 951 625 suis
977 568 1122 625 humi
1145 567 1387 638 jaeebat;
1416 567 1529 635 ipse
1555 572 1732 619 autem
1774 560 1950 618 stabat

394 671 606 718 extenta
634 677 814 728 manu,
836 676 940 715 non
968 673 1239 724 coronam,
1273 658 1366 714 sed
1395 656 1628 728 gladium
1651 657 1836 725 quavis
1860 665 1952 706 co-

398 769 526 809 rona
555 754 888 813 illustriorem
927 760 1141 808 tenente
1172 767 1184 803 :
1214 758 1371 820 atque
1411 747 1720 818 angelorum
1763 758 1954 815 agmen

397 843 762 913 applaudeha-t,
789 857 853 898 ac
882 843 1022 897 Deus
1049 858 1080 898 e
1106 841 1250 896 caelis
1279 841 1530 896 victorem
1555 853 1676 894 eum
1712 849 1954 907 pronun-

397 935 578 990 tiabat.
596 933 852 1002 Quoniam
865 934 1006 988 enim
1023 935 1075 987 in
1097 932 1242 988 caelis
1257 929 1588 987 conversatio
1603 935 1737 994 erat,
1761 926 1956 980 idcirco

397 1025 592 1079 ctelesti
617 1039 828 1094 quoque
854 1023 1121 1094 praeconio
1143 1021 1531 1079 celebrabatur.
1559 1019 1822 1088 Quidnam
1853 1015 1955 1071 hoc

395 1111 760 1181 splendidius?
789 1115 896 1167 imo
919 1111 1170 1183 quidnam
1195 1126 1317 1168 cum
1371 1111 1472 1166 hoc
1500 1118 1700 1179 tropaeo
1723 1105 1955 1162 conferri

397 1206 590 1273 queat?
613 1203 745 1259 Nam
773 1205 841 1267 si,
869 1219 990 1258 cum
1013 1203 1210 1259 athleta
1233 1202 1464 1266 vicisset,
1500 1215 1609 1256 non
1640 1211 1815 1269 praeco
1837 1194 1955 1267 qui-

398 1295 517 1350 dam
541 1310 608 1350 ex
633 1293 870 1352 inferiori
893 1295 1030 1360 loco,
1059 1294 1152 1350 sed
1177 1309 1271 1352 rex
1298 1295 1411 1364 ipse
1429 1308 1461 1347 e
1480 1291 1753 1362 superiore
1776 1303 1956 1344 assur-

396 1399 526 1456 gens
555 1385 771 1440 victoris
794 1383 974 1440 laudes
1003 1383 1346 1455 praedicaret;
1365 1397 1541 1439 annon
1564 1381 1665 1437 hoc
1684 1381 1774 1436 ille
1797 1394 1954 1435 coro-

401 1475 483 1528 nis
509 1473 636 1543 ipsis
658 1473 1085 1528 honoriﬁcentius
1104 1473 1204 1529 sibi
1219 1487 1338 1528 esse
1355 1472 1591 1535 duceret,
1613 1474 1958 1538 omniumque

401 1574 754 1634 spectatorum
783 1565 966 1620 oculos
1013 1563 1079 1619 ad
1123 1578 1183 1619 se
1233 1562 1613 1620 converteret?
1640 1561 1772 1618 Cum
1802 1561 1958 1630 igitur

402 1671 507 1709 non
534 1657 768 1711 mortalis
797 1656 1052 1727 quispiam
1075 1670 1189 1722 rex,
1212 1655 1305 1710 sed
1330 1655 1467 1710 Deus
1488 1655 1622 1722 ipse,
1644 1667 1748 1707 non
1777 1653 1828 1706 in
1855 1651 1958 1706 hoc

405 1747 631 1811 theatro,
653 1747 747 1802 sed
773 1755 884 1801 toto
912 1746 1042 1802 orbe
1071 1747 1416 1816 inspectante,
1453 1751 1612 1813 atque
1655 1742 1957 1812 angelorum

402 1849 457 1894 et
484 1840 914 1910 archangelorum
935 1854 1114 1910 grege,
1145 1839 1252 1893 alta
1277 1853 1406 1892 voce
1433 1837 1500 1892 de
1536 1837 1666 1891 ca-lo
1688 1835 1921 1891 clamans
1938 1870 1956 1899 ,

403 1932 652 1984 victorem
682 1931 849 2000 ipsum
881 1932 1218 2000 pronuntiet,
1264 1929 1496 1995 ubinam,
1523 1942 1724 1997 quaeso,
1758 1925 1958 1995 justum

401 2022 546 2076 illum
575 2021 992 2076 coilocahimus?
1027 2021 1186 2088 Quin,
1212 2023 1257 2076 si
1282 2021 1492 2091 placet,
1525 2033 1709 2073 vocem
1745 2029 1960 2088 quoque

400 2113 564 2181 ipsam
582 2113 875 2168 audiamus.
895 2113 1147 2180 Quaenam
1162 2126 1288 2184 ergo
1302 2110 1419 2168 haec
1436 2126 1534 2164 vox
1550 2119 1632 2166 est
1645 2110 1669 2164 ἲ
1683 2109 1956 2174 Abraham,

401 2203 673 2268 Abraham,
699 2219 797 2256 non
825 2203 1064 2258 extendas
1093 2218 1294 2256 manum
1336 2212 1473 2254 tuam
1522 2201 1572 2254 in
1628 2198 1780 2253 Isaac
1801 2240 1818 2267 ,
1869 2213 1962 2252 nec

402 2296 560 2365 facias
586 2296 663 2350 illi
681 2295 969 2364 quidquam.
997 2293 1149 2348 Nunc
1164 2295 1296 2350 enim
1322 2294 1530 2364 cognovi
1553 2293 1686 2362 quod
1707 2303 1761 2346 tu
1784 2294 1962 2346 timeas

407 2386 694 2454 Dominum,
720 2388 954 2459 quoniam
974 2404 1074 2442 non
1120 2386 1384 2457 pepercisti
1410 2385 1664 2456 unigenito
1715 2384 1823 2453 ﬁlio
1874 2393 1961 2440 tuo

403 2488 604 2548 prapter
627 2494 704 2533 nte
728 2477 888 2549 (Gen.
911 2477 1001 2531 22.
1029 2476 1098 2531 12
1117 2477 1157 2548 ).
1187 2476 1324 2547 Quid
1361 2487 1538 2530 autem
1564 2474 1703 2530 hoc?
1731 2475 1844 2528 isne
1871 2473 1962 2543 qui

403 2572 577 2624 omnia
604 2570 746 2623 novit
772 2579 1052 2639 antequam
1082 2568 1342 2633 oriantur,
1371 2580 1511 2622 nunc
1533 2563 1744 2620 demum
1765 2577 1961 2635 cognov

405 2663 510 2716 vit?
532 2663 689 2732 Atqui
713 2661 1013 2716 hominibus
1029 2673 1238 2730 quoque
1260 2666 1529 2729 perspecta
1542 2657 1649 2726 jam
1665 2665 1781 2711 erat
1801 2654 1964 2724 ipsius

406 2759 572 2828 pietas
600 2776 613 2811 :
647 2767 722 2812 tot
754 2773 865 2812 suae
891 2771 1014 2826 erga
1046 2756 1208 2810 Deum
1237 2752 1623 2809 benevolentia:
1653 2758 1962 2820 argumenta

405 2849 650 2914 dederat;
681 2863 800 2904 cum
821 2849 960 2903 Deus
976 2846 1042 2902 ad
1067 2860 1186 2900 eum
1203 2844 1443 2908 dixisset,
1470 2841 1722 2913 Egredere
1743 2841 1808 2897 de
1831 2851 1965 2895 terra

409 2949 511 3004 tua,
543 2949 589 2992 et
607 2940 670 2992 de
691 2939 986 3009 cognatione
1009 2947 1098 2992 ttta
1118 2935 1282 3010 (Gen.
1314 2935 1400 2992 12.
1425 2935 1449 2989 1
1473 2935 1492 3004 )
1521 2949 1676 2989 :cum
1697 2932 1766 2988 ob
1791 2933 1963 3003 ipsum

407 3038 564 3098 atque
589 3029 803 3084 honoris
833 3027 997 3100 ipsius
1020 3039 1178 3082 causa
1199 3025 1376 3094 nepoti
1401 3037 1498 3079 suo
1520 3025 1751 3096 primatu
1775 3022 1966 3077 cessis-

407 3128 488 3173 set
519 3137 532 3174 :
559 3133 680 3174 cum
709 3133 829 3175 eum
860 3132 891 3177 e
919 3126 995 3172 tot
1030 3117 1294 3186 tantisque
1323 3114 1572 3185 periculis
1600 3113 1918 3168 extraxisset
1946 3129 1960 3166 :

407 3226 524 3266 cum
547 3210 599 3266 iu
626 3209 912 3281 IEgyptutn
939 3207 1105 3280 ipsius
1116 3207 1267 3278 jussu
1289 3205 1556 3277 profectus
1576 3204 1780 3271 fuisset,
1806 3211 1966 3273 atque

409 3317 572 3357 uxore
597 3301 696 3358 sibi
724 3301 968 3370 adempta
997 3314 1100 3354 non
1147 3297 1561 3369 indignationem
1591 3294 1962 3365 concepisset,

408 3393 613 3462 aliaque
639 3392 797 3447 multa
824 3392 1052 3448 iecisset.
1085 3389 1286 3458 Quibus
1312 3404 1376 3444 ex
1402 3388 1562 3443 rebus
1587 3386 1747 3442 homo
1781 3387 1964 3454 etiam,

411 3494 470 3537 ut
502 3485 608 3554 jam
654 3483 782 3549 dixi,
811 3482 1060 3553 pietatem
1087 3481 1249 3551 ipsius
1275 3488 1598 3550 compertam
1648 3479 1842 3534 habere
1871 3493 1966 3548 po-

414 3577 630 3640 tuisset,
659 3575 849 3632 nedum
873 3575 1011 3632 Deus
1034 3616 1050 3642 ,
1082 3575 1171 3646 qui
1192 3588 1297 3629 non
1319 3579 1595 3642 exspectat
1622 3580 1678 3624 ut
1702 3586 1795 3640 per
1824 3570 1966 3640 ipsas

413 3681 502 3721 res
530 3666 685 3720 ﬁnem
709 3675 906 3722 noscat.
943 3665 1180 3733 Quonam
1204 3671 1381 3719 autem
1407 3660 1565 3718 modo
1592 3661 1740 3716 illum
1761 3660 1963 3731 justum

413 3757 835 3829 pronuntiasset,
862 3757 905 3811 si
934 3758 1103 3827 ipsum
1143 3752 1476 3827 ignorasset?
1526 3751 1749 3807 Credidit
1784 3753 1962 3821 enim,

411 3850 944 3996 inguitutﬂgtiham,
985 3858 1031 3907 et
1081 3855 1367 3917 reputatum
1412 3853 1484 3899 est
1506 3844 1604 3914 ipsi
1631 3844 1698 3897 ad
1711 3843 1965 3915 justitiam

501 3939 598 3975 om.
660 3959 673 3974 .
796 3959 811 3974 .

501 3939 598 3975 om.
621 3939 673 3975 4ο
720 3939 754 3975 0
775 3939 811 3975 Ι.

479 4015 530 4069 6.
562 4013 698 4083 Quid
725 4013 881 4082 igitur
905 4021 986 4067 est
1022 4010 1182 4077 istud,
1204 4009 1356 4064 Nunc
1382 4011 1625 4082 cognoui?
1652 4009 1815 4082 Syrus
1839 4008 1963 4084 qui-

409 4106 527 4160 dem
559 4106 636 4160 sic
665 4103 842 4169 habet,
870 4102 1022 4156 Nunc
1050 4102 1336 4170 dectarasti,
1359 4100 1605 4167 subaudi,
1637 4099 1960 4154 hominibus.

409 4197 537 4252 Nam
560 4199 672 4267 ipse
686 4195 1004 4268 jampridem
1020 4205 1178 4266 atque
1192 4204 1314 4250 ante
1333 4195 1509 4249 omnia
1522 4194 1666 4262 jussa
1686 4194 1736 4248 id
1755 4208 1960 4248 noram.

408 4290 514 4344 Cur
529 4297 703 4344 autem
724 4304 856 4342 nunc
875 4301 1084 4357 quoque
1106 4284 1440 4340 hominibus?
1458 4298 1634 4337 annon
1664 4284 1749 4338 illa
1775 4283 1841 4338 ad
1872 4284 1964 4338 de-

408 4380 705 4436 clarandam
737 4379 903 4450 ipsius
929 4392 1051 4448 erga
1085 4378 1245 4432 Deum
1286 4376 1705 4431 benevolentiam
1734 4374 1964 4432 sufﬁcie-

408 4473 565 4528 bant?
593 4471 932 4528 Sulﬁciebaut
960 4483 1120 4532 sane;
1149 4483 1335 4523 verum
1362 4466 1463 4522 hoc
1489 4476 1634 4522 tanto
1671 4467 1760 4521 illa
1786 4468 1964 4522 omnia

408 4563 693 4630 antecellit,
710 4572 765 4618 ut
789 4579 897 4634 pra:
920 4577 984 4616 eo
1008 4560 1138 4616 nihil
1163 4573 1378 4631 prorsus
1401 4558 1487 4614 illa
1519 4573 1638 4614 esse
1665 4559 1962 4614 videantur.

407 4657 781 4725 Quamobrem,
813 4665 870 4714 ut
899 4657 1207 4727 praeclarum
1249 4655 1348 4711 hoc
1367 4653 1570 4709 facinus
1593 4654 1962 4724 ampliﬁcaret,

408 4761 561 4819 atque
583 4750 799 4820 reliquis
810 4748 1052 4802 omnibus
1064 4748 1399 4819 prmstantius
1409 4761 1527 4802 esse
1544 4745 1866 4814 ostenderet,
1881 4745 1963 4802 bis

407 4843 580 4897 verbis
599 4856 725 4897 usus
739 4849 839 4895 est.
861 4840 1069 4896 Etenim
1091 4840 1188 4893 hoc
1205 4839 1361 4893 etiam
1380 4839 1430 4892 in
1450 4838 1721 4892 hominum
1744 4852 1963 4893 consue-

408 4936 584 4988 tudine
603 4936 828 5004 positum
845 4944 945 4993 eSt.
967 4931 1089 4986 utin
1110 4931 1318 4986 eximiis
1338 4945 1400 4985 ac
1425 4931 1852 4999 prtecellcntibus
1874 4946 1963 4986 re-

407 5024 504 5079 bus
522 5025 851 5095 palmamque
873 5020 1230 5076 obtinentibus
1243 5019 1311 5074 ad
1339 5019 1479 5073 hunc
1500 5020 1713 5075 modum
1735 5021 1961 5090 loquan-

408 5129 523 5177 tur:
552 5118 697 5173 verbi
718 5118 904 5188 gratia,
928 5131 1046 5170 cum
1074 5116 1193 5184 quis
1217 5113 1386 5183 majus
1407 5127 1566 5182 quam
1587 5125 1742 5168 antea
1770 5130 1963 5170 munus

406 5228 432 5265 a
463 5211 691 5282 quodam
715 5210 925 5280 accipit,
946 5223 1087 5278 saepe
1114 5209 1185 5263 ita
1214 5207 1446 5276 loquitur
1473 5222 1486 5258 :
1515 5205 1663 5260 Nunc
1693 5208 1957 5278 perspexi,

405 5303 542 5375 quod
572 5317 656 5356 tne
677 5301 764 5356 ille
780 5309 955 5354 amet:
981 5313 1083 5352 non
1112 5296 1212 5351 hoc
1239 5296 1418 5352 dicens
1437 5295 1584 5365 quasi
1605 5311 1667 5348 ea
1692 5311 1809 5364 quae
1830 5312 1963 5364 prte-

406 5395 643 5450 cedentis
687 5393 936 5462 temporis
962 5399 1110 5444 erant
1140 5389 1378 5459 ignoret;
1421 5386 1515 5441 sed
1544 5396 1602 5440 ut
1629 5385 1729 5439 hac
1757 5386 1959 5442 ratione

407 5486 672 5550 ostendat,
699 5497 890 5538 munus
916 5480 1053 5535 istud
1080 5494 1184 5550 quo
1209 5493 1349 5533 nunc
1375 5477 1596 5532 allectus
1619 5486 1721 5541 est,
1753 5476 1962 5531 creteris

406 5577 648 5630 omnibus
679 5584 950 5644 praestare.
994 5572 1080 5626 Sic
1130 5570 1268 5624 Deus
1308 5584 1516 5638 quoque
1545 5567 1776 5622 humano
1813 5583 1962 5622 more

407 5669 646 5738 loquens,
682 5664 854 5730 Nunc,
885 5663 1073 5733 inquit,
1099 5660 1307 5730 cognovi
1328 5675 1349 5714 :
1374 5659 1504 5714 nihil
1545 5660 1693 5716 hisce
1745 5659 1958 5728 verbis,

405 5773 561 5827 quam
587 5755 892 5812 certaminis
916 5753 1326 5826 magnitudinem
1353 5793 1366 5818 ,
1411 5753 1710 5823 exprimere
1738 5753 1923 5808 volens
1945 5790 1960 5815 ,

1484 361 1548 418 ΙΝ
1586 357 1800 417 EPIST.
1839 358 1885 414 11
1944 357 2036 414 AD
2073 357 2226 414 COIl.
2267 355 2496 413 HOMIL.
2536 355 2624 414 ut.

3511 362 3614 418 liii.

2062 486 2168 526 non
2200 479 2376 527 autem
2401 472 2543 544 quod
2569 480 2679 526 tum
2715 469 3014 536 dumtaxat,
3055 479 3142 526 aut
3174 471 3415 526 timorem
3445 482 3534 527 aut
3557 476 3618 527 ti.

2059 562 2224 616 moris
2264 562 2681 633 magnitudinem
2705 570 3069 632 cognosceret.
3109 561 3240 617 Nam
3285 563 3445 617 etiam
3497 578 3618 618 cum

2057 654 2150 719 ait,
2190 652 2366 708 Venite
2391 654 2746 710 descendam
2771 651 2938 725 (Gen.
2971 655 3057 709 ll.
3087 655 3150 726 7)
3203 670 3266 710 ac
3309 655 3583 710 videamus
3603 697 3618 720 ,

2058 757 2163 796 non
2191 742 2388 798 idcirco
2412 743 2512 798 hac
2537 745 2744 800 ratione
2787 745 2970 811 utitur,
3018 745 3159 815 quod
3202 746 3459 801 descensu
3487 761 3620 816 opus

2058 832 2278 898 habeat;
2309 834 2505 904 quippe
2529 835 2618 904 qui
2645 834 2822 890 omnia
2842 836 3076 905 impleat,
3097 845 3253 905 atque
3273 838 3446 892 omnia
3468 853 3619 907 aper-

2060 925 2263 982 tissime
2279 934 2594 996 cognoscat;
2623 925 2716 982 sed
2733 935 2790 981 ut
2813 926 2939 980 hinc
2965 927 3252 996 discamus,
3277 929 3342 984 de
3364 943 3424 984 re
3443 931 3620 1000 aliqua

2061 1030 2165 1069 non
2192 1023 2394 1070 temere
2417 1017 2781 1086 pronuntiare.
2808 1018 2979 1086 Atque
3016 1020 3162 1086 item,
3184 1034 3305 1074 cum
3346 1021 3422 1074 ait
3469 1020 3618 1076 Scri-

2061 1113 2245 1174 ptura,
2300 1103 2438 1160 Deus
2487 1106 2550 1160 de
2576 1106 2698 1161 calo
2748 1108 3000 1177 prospexit
3048 1107 3228 1178 (Psat.
3273 1111 3358 1165 15.
3391 1111 3497 1182 2),
3527 1128 3620 1181 per

2060 1193 2422 1264 metaphoram
2444 1195 2511 1250 ab
2533 1195 2834 1252 hominibus
2856 1196 3086 1264 ductam,
3117 1201 3502 1255 exactissitnam
3530 1218 3621 1256 co-

2061 1286 2346 1358 gnitionem
2371 1287 2632 1358 intelligit.
2662 1287 2863 1342 Eodem
2903 1289 3062 1344 modo
3098 1291 3182 1345 hic
3209 1307 3440 1362 quoque,
3471 1293 3622 1347 Nune

2061 1380 2268 1448 cognovi
2289 1420 2304 1444 ,
2333 1380 2409 1434 ait
2438 1398 2452 1432 :
2477 1389 2534 1436 ut
2561 1381 2663 1436 hoc
2682 1382 2932 1437 omnibus
2961 1384 3226 1452 prioribus
3255 1386 3424 1454 majus
3450 1388 3622 1441 excolo

2063 1469 2363 1542 lentiusque
2406 1487 2527 1528 esse
2567 1473 2916 1530 demonstret.
2951 1476 3060 1531 Hoc
3105 1478 3174 1530 ita
3200 1490 3320 1532 esse
3347 1478 3533 1547 probat
3559 1496 3622 1534 es

2061 1574 2150 1626 eo,
2192 1561 2333 1631 quod
2376 1561 2632 1633 deinceps
2675 1564 2978 1636 subjungit,
3027 1567 3159 1633 Quia
3208 1583 3308 1621 non
3362 1570 3624 1639 pepercisti

2062 1650 2170 1718 filio
2193 1659 2279 1704 tuo
2297 1651 2477 1706 dilecto
2505 1663 2708 1724 prapter
2735 1671 2833 1708 me.
2853 1655 2968 1710 Non
3007 1656 3278 1712 dumtaxat
3307 1658 3458 1725 dixit,
3488 1658 3626 1714 Filio

2062 1751 2174 1810 tuo,
2200 1744 2316 1810 sed,
2349 1744 2486 1800 Filio
2525 1747 2726 1803 dilecto.
2756 1746 2872 1803 Non
2914 1749 3054 1804 enim
3099 1751 3354 1807 adversus
3383 1763 3623 1809 naturam

2063 1841 2287 1899 tantum,
2315 1835 2408 1891 sed
2437 1837 2603 1892 etiam
2632 1838 2889 1893 adversus
2915 1838 3302 1896 benevolentiae
3329 1842 3577 1898 aﬂectutn
3603 1887 3622 1911 ,

2063 1927 2286 1995 quitum
2328 1927 2397 1982 ob
2427 1928 2670 1998 proprios
2709 1945 2919 1997 mores,
2970 1941 3080 1986 tum
3110 1933 3179 1987 ob
3205 1949 3445 2004 magnam
3480 1940 3624 2005 pueri

2063 2016 2308 2073 virtutem
2336 2019 2519 2088 ingens
2559 2030 2695 2087 erat,
2745 2022 3068 2092 intrepidum
3095 2039 3155 2078 se
3184 2026 3429 2095 praebuit.
3475 2029 3626 2094 Quod

2063 2110 2130 2174 si,
2160 2125 2226 2165 ne
2251 2119 2305 2165 ut
2332 2111 2602 2182 improbos
2625 2114 2838 2182 quidem
2887 2115 3024 2170 ﬁlios
3047 2128 3421 2187 aSpernentur,
3476 2120 3630 2176 facile

2063 2199 2251 2255 adduci
2281 2212 2527 2271 parentes
2555 2213 2773 2272 qtteunt,
2806 2219 2988 2259 verum
3023 2221 3118 2261 eos
3140 2221 3353 2278 quoque
3383 2210 3630 2281 lacrymis

2065 2300 2460 2361 prosequuntur
2491 2311 2505 2347 :
2532 2307 2652 2348 cum
2674 2304 2728 2350 et
2753 2295 2892 2350 ﬁlius
2935 2295 3114 2363 fuerit,
3139 2306 3193 2352 et
3242 2315 3545 2368 germanus,
3579 2313 3630 2357 et

2066 2382 2388 2452 unigenitus,
2411 2392 2465 2438 et
2485 2383 2732 2449 dilectus,
2759 2395 2815 2442 et
2846 2386 3012 2453 lsaac,
3039 2396 3093 2442 et
3127 2388 3194 2444 ab
3223 2389 3342 2460 ipso
3372 2400 3518 2460 patre
3538 2394 3628 2461 ju-

2064 2473 2326 2542 gulandus
2346 2473 2438 2540 sit,
2454 2475 2694 2544 quisnam
2709 2476 3070 2532 incredibilem
3085 2479 3225 2533 illam
3246 2481 3628 2551 philosophiam

2065 2565 2242 2620 verbis
2261 2568 2538 2636 complecti
2561 2568 2769 2638 possit!
2789 2568 3048 2624 Nimirum
3076 2571 3179 2626 hoc
3197 2581 3464 2628 certamen
3489 2575 3632 2629 mille

2067 2653 2369 2712 diademata
2390 2665 2550 2726 atque
2579 2659 2888 2714 innumeras
2912 2675 3140 2716 coronas
3163 2663 3448 2732 splendore
3473 2681 3629 2734 supe-

2066 2753 2167 2800 rat.
2199 2746 2403 2800 Etenim
2430 2747 2501 2811 ei,
2527 2749 2616 2817 qui
2653 2764 2904 2804 coronam
2934 2751 3077 2805 illam
3117 2755 3271 2822 gerit,
3320 2757 3629 2827 plerumque

2068 2842 2122 2889 et
2149 2850 2294 2890 mors
2313 2839 2691 2906 superveniens
2719 2839 2910 2894 infesta
2934 2849 3036 2906 est,
3058 2853 3110 2899 et
3138 2845 3286 2899 mille
3323 2847 3482 2900 etiam
3511 2861 3633 2903 ante

2069 2935 2294 2982 mortem
2326 2944 2502 2984 rerum
2533 2929 2739 2985 insidiae
2768 2949 2783 2984 :
2811 2931 2914 2987 hoc
2943 2942 3120 2991 autem
3146 2934 3443 2992 diademate
3484 2941 3632 3008 quis-

2067 3017 2191 3086 quis
2213 3018 2490 3074 redimitus
2515 3019 2694 3088 luerit,
2724 3020 2777 3076 id
2805 3021 2857 3077 ei
2888 3037 2955 3078 ne
2986 3033 3105 3093 post
3147 3034 3372 3081 mortem
3419 3027 3632 3096 quidem

2069 3109 2346 3180 quisquam
2375 3110 2584 3182 eripere
2608 3111 2824 3183 poterit,
2853 3127 2960 3170 non
3001 3129 3216 3170 suorum
3237 3158 3254 3185 ,
3304 3133 3410 3174 non
3434 3120 3635 3174 alieno-

2069 3216 2206 3255 rum.
2233 3202 2407 3273 Atque
2443 3204 2602 3258 etiam
2645 3205 3087 3274 pretiosissimum
3137 3208 3294 3279 hujus
3322 3211 3635 3269 diadematis

2069 3291 2296 3362 lapidem
2319 3294 2610 3364 perspicias
2633 3295 2816 3354 velim.
2840 3296 2908 3353 Ut
2925 3298 3064 3352 enim
3093 3301 3356 3369 pretiosus
3377 3303 3527 3372 lapis,
3555 3305 3633 3358 sic

2069 3398 2189 3438 eum
2218 3383 2285 3438 ad
2315 3393 2612 3440 extremum
2637 3387 2819 3458 cingit.
2859 3389 3119 3456 Quidnam
3153 3402 3327 3450 autem
3375 3393 3474 3450 hoc
3516 3406 3594 3452 est
3615 3436 3632 3462 ,

2068 3473 2287 3545 Propter
2308 3479 2426 3532 me?
2447 3477 2631 3549 Neque
2654 3479 2794 3535 enim
2821 3479 2921 3535 ltoc
2948 3489 3049 3544 est,
3071 3483 3208 3551 quod
3229 3483 3631 3542 admirationem

2069 3578 2324 3634 meretur,
2353 3583 2542 3639 nempe
2562 3569 2703 3640 quod
2732 3585 2838 3626 non
2870 3574 3204 3640 pepercerit,
3230 3575 3323 3629 sed
3345 3577 3482 3644 quod
3513 3592 3635 3645 pro-

2069 3668 2188 3729 pter
2216 3675 2358 3715 cum.
2387 3659 2430 3716 Ο
2455 3661 2727 3718 dexteram
2755 3663 2961 3718 beatam
2981 3704 2996 3729 ,
3045 3663 3189 3734 quali
3223 3665 3398 3735 gladio
3440 3667 3632 3723 donata

2068 3751 2182 3805 est!
2212 3764 2247 3806 ο
2273 3750 2641 3807 admirandum
2679 3753 2934 3823 gladium,
2981 3754 3123 3825 quali
3152 3755 3366 3811 dextera
3406 3759 3632 3815 donatus

2069 3848 2149 3894 est
2173 3841 2185 3894 !
2218 3855 2252 3896 ο
2276 3841 2485 3897 beatum
2507 3841 2718 3912 inquam
2744 3843 2993 3913 gladium,
3025 3844 3090 3898 ad
3120 3846 3258 3915 quod
3283 3848 3626 3904 ministerium

2069 3943 2284 4000 paratus
2330 3933 2444 3989 estl
2477 3933 2618 4004 quod
2645 3949 2838 3990 munus
2867 3935 3052 4002 obivit,
3079 3945 3132 3990 et
3159 3937 3244 3990 cui
3291 3937 3472 4008 ﬁgurae
3501 3940 3628 3994 suh-

2068 4023 2324 4078 servivit!
2350 4039 2579 4094 quonam
2611 4035 2763 4094 pacto
2787 4040 2980 4082 cruore
3003 4028 3196 4083 tinctus
3225 4038 3326 4094 est,
3356 4042 3412 4086 et
3439 4045 3629 4088 cruore

2068 4131 2174 4170 non
2199 4125 2280 4171 est
2310 4117 2538 4174 tinctus!
2570 4117 2752 4188 Neque
2779 4119 2942 4188 enim,
2963 4135 3070 4190 quo
3098 4122 3262 4176 verbo
3289 4133 3427 4190 utar,
3476 4126 3589 4180 scio
3613 4145 3628 4181 :

2067 4207 2202 4262 adeo
2227 4208 2556 4263 tremendum
2585 4209 2721 4264 istud
2770 4208 3081 4281 mysterium
3130 4221 3265 4269 erat.
3313 4212 3432 4267 Non
3479 4217 3630 4283 pueri

2069 4298 2260 4366 pellem
2290 4299 2484 4368 attigit,
2507 4315 2604 4355 nec
2629 4301 2796 4353 sancti
2829 4302 2969 4354 illius
2989 4310 3167 4370 guttur
3189 4302 3502 4369 penetravit,
3530 4318 3631 4358 nec

2063 4387 2193 4456 justi
2221 4403 2413 4443 cruore
2435 4388 2648 4444 rubuit:
2677 4390 2784 4444 imo
2807 4404 2934 4444 vero
2979 4400 3033 4444 et
3051 4391 3223 4458 attigit
3251 4399 3303 4446 et
3339 4395 3627 4458 penetravit

2069 4487 2125 4533 et
2144 4493 2333 4534 cruore
2357 4479 2555 4544 rubuit,
2586 4489 2639 4532 et
2667 4478 2946 4533 immersus
2971 4487 3074 4541 est.
3099 4490 3155 4534 et
3193 4495 3295 4534 non
3327 4481 3628 4539 immersus.

2070 4569 2261 4624 Mentis
2287 4583 2472 4625 errore
2499 4568 2635 4623 allici
2661 4570 2884 4623 fortasse
2904 4571 3053 4623 vobis
3075 4568 3278 4635 videor,
3316 4573 3404 4640 qui
3435 4571 3500 4624 ita
3529 4588 3626 4642 pu-

2068 4662 2280 4732 gnantia
2313 4661 2520 4731 loquar.
2544 4661 2613 4716 Et
2637 4670 2783 4717 certe
2802 4661 3026 4728 afﬁcior,
3053 4661 3177 4717 dum
3198 4662 3327 4732 justi
3357 4665 3495 4720 illius
3522 4667 3626 4720 mi-

2070 4752 2305 4808 racnlum
2347 4753 2528 4806 animo
2579 4751 2932 4822 contemplor,
2984 4766 3084 4807 nec
3131 4760 3304 4810 tamen
3345 4757 3627 4824 pugnantia

2070 4844 2276 4914 loquor.
2308 4839 2518 4898 Etenim
2542 4841 2670 4912 justi
2694 4841 2791 4895 viri
2818 4855 3004 4896 manus
3023 4857 3142 4897 eum
3167 4843 3217 4896 in
3248 4845 3392 4912 pueri
3419 4856 3629 4915 gutture

2068 4933 2288 4999 deﬁxit;
2319 4943 2374 4988 at
2399 4933 2539 4987 Deus
2567 4932 2726 4986 etiam
2771 4930 2992 4986 inﬁxum
3035 4947 3140 4986 non
3191 4935 3431 5003 permisit
3480 4939 3626 5006 pueri

2068 5038 2262 5079 cruore
2286 5021 2651 5076 contaminari.
2672 5018 2853 5090 Neque
2876 5021 3017 5076 enim
3047 5022 3309 5076 Abraham
3333 5025 3476 5078 solus
3505 5043 3624 5082 eum

2073 5113 2307 5174 tenebat,
2333 5112 2426 5166 sed
2452 5111 2610 5165 etiam
2643 5110 2782 5165 Deus
2811 5129 2824 5166 :
2851 5112 2940 5166 ille
2967 5127 3062 5181 per
3083 5113 3404 5168 voluntatem
3436 5115 3625 5185 impe|~

2070 5207 2210 5262 lebat
2230 5249 2244 5271 ,
2277 5205 2363 5258 hic
2410 5219 2505 5275 per
2534 5218 2715 5258 vocem
2758 5203 3102 5272 reprimebat.
3149 5203 3278 5258 Nam
3309 5205 3493 5261 eadem
3522 5225 3621 5264 vox

2069 5298 2308 5353 dextram
2341 5295 2479 5349 illius
2503 5303 2554 5348 et
2581 5293 2804 5347 armavit
2830 5303 2884 5348 et
2909 5295 3261 5362 compescuit,
3293 5306 3449 5366 atque
3482 5299 3588 5352 Deo
3609 5340 3624 5364 ,

2071 5399 2333 5456 tamquam
2353 5384 2539 5439 bellico
2553 5384 2759 5438 cuidam
2782 5383 3109 5454 imperatori,
3123 5385 3350 5442 subdita.
3372 5388 3436 5440 ad
3461 5388 3626 5456 ipsius

2069 5489 2254 5532 nutum
2277 5475 2450 5529 omnia
2471 5474 2877 5544 exsequebatur,
2896 5485 3189 5546 cunctaque
3204 5478 3268 5531 ad
3292 5478 3431 5531 illius
3444 5492 3622 5529 Vocem

2069 5566 2587 5623 administrabantur.
2613 5566 2700 5620 Sic
2723 5567 2864 5620 enim
2892 5566 3168 5622 considera
3195 5584 3208 5620 :
3236 5567 3384 5629 dixit,
3410 5564 3625 5626 Occide,

2070 5673 2132 5714 ac
2156 5659 2332 5713 statim
2382 5658 2686 5712 armabatur
2713 5675 2727 5712 :
2759 5657 2927 5724 dixit,
2955 5655 3033 5712 Ne
3073 5657 3283 5711 occidas
3303 5697 3317 5719 ,
3348 5669 3412 5706 ac
3448 5653 3624 5704 statim

2079 5765 2223 5805 arma
2249 5749 2546 5820 deponebat
2580 5767 2594 5805 :
2623 5749 2883 5819 siquidem
2919 5747 3096 5802 omnia
3120 5753 3298 5815 parata
3319 5741 3426 5810 jam
3453 5749 3621 5793 erant.
