4070 6152
408 237 516 295 M5

409 353 488 408 Ac
517 358 700 420 postea
739 348 881 404 Deus
927 341 1150 400 militem
1177 356 1330 399 suum
1357 355 1420 397 ac
1448 339 1641 396 ducem
1671 336 1788 393 orbi
1814 345 1995 392 osten-

406 440 508 509 dit,
536 442 791 497 victorem
812 435 1124 508 angelorum
1146 433 1378 500 theatro,
1398 431 1549 487 illum
1571 429 1787 500 inquam
1812 441 1994 483 sacer-

407 535 588 590 dotem
610 575 625 597 ,
676 534 822 587 illum
860 543 1075 600 regem,
1122 525 1304 597 gladio
1341 524 1513 596 magis
1549 537 1708 594 quam
1739 521 1850 576 ullo
1875 518 1992 574 dia-

411 626 561 684 demo
571 634 620 678 te
639 629 975 687 coronatum,
1001 619 1149 674 illum
1174 627 1378 689 tropaeo
1403 622 1767 687 praestantem,
1795 627 1858 667 ac
1875 613 1994 667 sine

407 715 658 774 conflictu
723 714 1003 768 victorem.
1061 709 1521 778 Quemadmodum
1576 707 1719 763 enim
1776 707 1821 761 si
1872 704 1992 776 quis

409 807 700 876 imperator
720 804 1150 859 strenuissimum
1190 802 1412 857 militem
1452 800 1663 865 habeat,
1693 798 1853 852 etiam
1879 800 1990 866 ipsa

407 897 764 969 gerendorum
789 911 1062 950 armorum
1089 894 1427 959 dexteritate,
1453 892 1564 962 ipsa
1592 884 1842 955 statione,
1874 889 1990 958 ipso

408 991 611 1062 impetu
633 1029 648 1055 ,
681 987 892 1044 hostem
941 998 1089 1043 metu
1119 987 1364 1057 percellit
1393 1003 1406 1040 :
1450 986 1528 1040 sic
1560 985 1697 1040 Deus
1728 984 1838 1038 sola
1860 983 1990 1053 justi

406 1083 506 1136 viri
538 1082 810 1136 voluntate
835 1121 850 1147 ,
882 1080 1000 1135 solo
1027 1088 1215 1150 gestu,
1261 1079 1374 1134 sola
1429 1077 1661 1147 denique
1715 1076 1946 1130 statione
1967 1114 1986 1142 ,

407 1188 749 1230 communem
772 1172 1009 1227 omnium
1041 1179 1282 1226 nostrum
1324 1169 1532 1224 hostem
1575 1167 1846 1222 diabolum
1895 1181 1988 1221 ex-

409 1265 602 1320 terruit
626 1274 784 1334 atque
809 1264 862 1317 in
897 1264 1074 1333 fugam
1105 1263 1280 1316 vertit.
1309 1259 1443 1314 Nam
1472 1267 1527 1313 et
1564 1258 1712 1312 illum
1743 1257 1990 1314 existimo

409 1369 522 1413 tum
571 1357 978 1413 tremebundam
1035 1355 1347 1411 recessisse.
1401 1353 1504 1418 At,
1543 1349 1738 1404 dixerit
1764 1349 1990 1404 fortasse

408 1449 624 1520 aliquis,
649 1464 813 1519 quare
853 1450 997 1505 Deus
1027 1447 1268 1502 dextram
1299 1444 1564 1498 cruentari
1598 1456 1702 1494 non
1734 1440 1990 1510 permise-

409 1542 512 1608 rit,
538 1556 600 1596 ac
627 1550 812 1612 postea
843 1547 1130 1594 mactatum
1160 1545 1381 1606 repente
1406 1533 1473 1588 ad
1506 1534 1665 1587 vitam
1693 1529 1990 1587 revocarit?

408 1633 670 1701 Quoniam
702 1633 778 1687 fas
804 1648 911 1687 non
964 1640 1082 1686 erat
1131 1629 1298 1685 Deum
1327 1625 1632 1697 hnjusmodi
1679 1624 1989 1695 sanguinem

407 1739 634 1794 capere;
661 1723 755 1779 sed
785 1721 1068 1792 pestiferos
1094 1720 1365 1776 daemones
1399 1732 1583 1772 mensa
1613 1716 1727 1772 haec
1746 1716 1985 1771 decebat.

414 1820 586 1886 Atque
613 1817 700 1872 hic
737 1825 1021 1885 utrumque
1045 1813 1452 1878 declarabatur,
1483 1825 1674 1880 nempe
1697 1818 1752 1864 et
1783 1807 1992 1864 Domini

408 1908 709 1980 benignitas
757 1919 813 1965 et
861 1909 1003 1964 servi
1046 1907 1306 1978 probitas.
1348 1907 1426 1960 Ac
1478 1905 1626 1974 prius
1667 1903 1881 1973 quidem
1923 1901 1992 1956 de

409 2009 550 2056 terra
573 2016 667 2056 sua
695 2015 944 2072 egressus
973 1999 1177 2065 fuerat;
1223 2006 1332 2052 tum
1382 2010 1512 2051 vero
1539 1995 1606 2050 ab
1644 1994 1755 2064 ipsa
1780 2007 2016 2064 quoque.

408 2102 594 2148 natura
624 2093 870 2148 excessit.
929 2091 1118 2160 quue
1147 2090 1365 2144 nomine
1395 2098 1596 2142 sortem
1627 2102 1747 2141 cum
1789 2087 1992 2142 l‘aanore

409 2186 639 2255 accepit,
667 2184 827 2254 idque
850 2183 1136 2238 admodum
1162 2179 1356 2236 merito
1389 2199 1404 2235 :
1435 2179 1599 2250 patris
1627 2179 1769 2233 enim
1799 2190 1990 2232 nomen

407 2279 660 2332 amittere
687 2275 915 2337 maluit,
947 2289 1106 2344 quam
1152 2288 1181 2327 a
1232 2271 1385 2342 probi
1431 2271 1570 2325 servi
1616 2268 1795 2324 officio
1846 2282 1993 2323 recc-

409 2366 558 2420 dere.
593 2365 672 2419 Eo
699 2364 897 2419 factum
923 2372 1027 2429 est,
1055 2371 1113 2418 ttt
1155 2377 1263 2417 non
1291 2361 1451 2416 modo
1481 2371 1652 2430 pater,
1700 2358 1795 2415 sed
1831 2359 1990 2414 etiam

409 2456 661 2512 sacerdos
690 2457 1008 2523 exsisteret;
1060 2467 1112 2510 et
1151 2454 1274 2525 quia
1323 2453 1417 2508 Dei
1447 2467 1606 2508 causa
1633 2453 1793 2507 etiam
1821 2466 1852 2506 a
1881 2452 1992 2506 suis

408 2550 780 2612 abscesserat,
823 2547 1022 2604 idcirco
1051 2549 1191 2604 Deus
1221 2548 1321 2618 ipsi
1351 2561 1473 2602 eum
1496 2545 1603 2601 illis
1645 2561 1741 2600 sua
1781 2560 1993 2615 quoque

410 2641 630 2712 largitus
659 2649 761 2696 est.
801 2642 877 2696 Ac
903 2639 1117 2710 quidem
1146 2641 1261 2711 ipse
1280 2681 1296 2707 ,
1337 2654 1459 2694 cum
1486 2639 1556 2694 ab
1586 2638 1830 2694 hostibus
1860 2638 1991 2692 insi-

409 2734 512 2789 dia:
537 2744 818 2804 creantur,
851 2735 1010 2790 etiam
1057 2749 1223 2805 usque
1268 2733 1335 2789 ad
1365 2749 1480 2790 rem
1509 2735 1677 2804 ipsam
1717 2733 1991 2804 progredi-

415 2837 535 2893 tur,
563 2843 627 2883 ac
655 2829 908 2882 miracula
931 2827 1076 2893 edit;
1107 2838 1163 2882 ut
1183 2828 1237 2882 in
1260 2825 1477 2883 fornace
1498 2867 1512 2894 ,
1542 2841 1607 2881 ac
1631 2826 1874 2881 leonibus
1896 2840 1991 2881 usu

409 2923 553 2977 venit
578 2921 751 2989 (Dan.
804 2923 856 2976 '5.
889 2931 935 2974 et
971 2923 1039 2990 6)
1069 2938 1084 2974 :
1115 2936 1236 2976 cum
1282 2929 1458 2975 autem
1507 2920 1734 2990 ipsemet
1784 2929 1866 2975 est
1903 2919 1994 2991 qui

409 3014 656 3086 imperat,
685 3015 824 3069 intra
846 3014 1007 3068 animi
1031 3013 1506 3084 promptitudinem
1531 3012 1810 3084 imperium
1836 3027 1993 3068 suum

409 3109 574 3165 sistit.

484 3201 537 3254 7.
564 3201 780 3255 Abraba:
803 3200 1104 3255 constantia.
1123 3229 1196 3241 —
1213 3199 1350 3267 Quid
1374 3200 1538 3269 enim,
1562 3201 1695 3257 heus
1725 3208 1801 3268 tu,
1827 3199 1880 3255 in
1907 3200 1994 3256 illa

411 3293 574 3347 animi
623 3291 934 3347 fortitudine
969 3307 1033 3348 ac
1067 3294 1373 3364 praestantia
1413 3293 1520 3364 jam
1551 3291 1996 3348 desiderabatur?

413 3405 540 3444 num
558 3388 826 3442 Abraham
848 3389 987 3459 quod
1008 3397 1326 3444 eventurum
1346 3395 1479 3450 erat.
1499 3387 1848 3458 prazsciebat?
1869 3402 1994 3443 num

411 3481 505 3536 Dei
535 3481 956 3536 misericordiam
986 3479 1093 3534 ullo
1132 3479 1362 3535 artificio
1391 3479 1677 3549 captabat?
1705 3478 1834 3534 Nam
1872 3480 1998 3535 licet

416 3575 671 3644 propheta
699 3583 863 3639 esset,
897 3582 951 3627 at
981 3573 1236 3644 pr0pheta
1264 3589 1370 3628 non
1399 3574 1577 3628 omnia
1618 3573 1785 3630 novit.
1815 3573 1997 3644 Itaque

413 3681 811 3736 supervacanea
845 3666 956 3734 jam
1001 3679 1068 3718 ac
1101 3665 1210 3720 Deo
1255 3665 1470 3735 indigna
1513 3665 1798 3724 trucidatio
1835 3665 1998 3720 exsti-

417 3761 585 3813 tisset.
610 3759 761 3826 Quod
784 3759 827 3812 si
855 3757 986 3811 illttd
1013 3772 1188 3828 operm
1208 3759 1431 3826 pretium
1456 3757 1627 3813 fuerat
1650 3759 1809 3824 scire,
1830 3758 1997 3815 Deum

415 3859 656 3905 mortuos
681 3848 746 3902 ad
775 3849 936 3902 vitam
964 3862 1217 3902 revocare
1249 3863 1426 3917 posse,
1473 3851 1643 3904 multo
1670 3849 1876 3905 scilicet
1899 3849 1998 3905 ad-

415 3941 714 3997 mirabilius
749 3940 801 3994 id
833 3941 900 3994 ab
928 3940 1113 3994 uxoris
1139 3940 1293 3994 vulva
1335 3942 1697 4010 intellexerat,
1726 3943 1836 3999 imo
1875 3957 2000 4002 ante

417 4032 555 4088 hanc
579 4045 791 4102 quoque
829 4030 1364 4100 demonstrationem,
1398 4041 1455 4087 ut
1479 4033 1569 4103 qui
1611 4033 1716 4090 fide
1747 4035 2000 4106 praeditus

415 4135 580 4182 esset.
609 4125 688 4179 Tn
718 4140 848 4180 vero
885 4123 1090 4194 justum
1138 4123 1285 4179 illum
1332 4140 1440 4180 non
1479 4126 1652 4182 solum
1692 4128 1997 4202 admireris,

415 4218 511 4273 sed
536 4218 694 4273 etiam
721 4217 948 4272 imiteris
977 4232 992 4270 :
1021 4231 1248 4287 cumque
1283 4231 1404 4272 eum
1429 4217 1482 4273 in
1510 4227 1657 4275 tanto
1686 4222 1914 4278 tumultu
1937 4239 2003 4280 ac

418 4317 561 4364 tanta
593 4308 846 4364 ﬂuctuum
891 4316 1210 4379 tempestate
1245 4324 1349 4363 non
1387 4323 1540 4366 secus
1571 4319 1730 4382 atque
1770 4312 1822 4368 in
1851 4324 2000 4370 tran-

417 4400 680 4470 quillitate
708 4401 1050 4470 navigantem
1081 4399 1278 4466 cernis,
1303 4398 1385 4455 fac
1408 4402 1568 4456 etiam
1598 4414 1654 4457 ut
1677 4403 2002 4462 obedientize

418 4501 472 4544 et
502 4490 826 4546 fortitudinis
853 4491 1060 4546 clavum
1085 4491 1330 4562 arripias.
1355 4491 1464 4548 Nec
1492 4493 1620 4548 mihi
1649 4495 1774 4550 illud
1798 4506 1998 4551 tantum

418 4597 801 4648 connnemora,
825 4581 966 4652 quod
992 4583 1159 4638 altare
1185 4583 1510 4638 exstruxerit
1534 4592 1588 4638 et
1611 4585 1748 4655 ligna
1772 4589 1998 4656 pararit;

420 4672 516 4729 sed
547 4671 696 4741 pueri
719 4687 931 4742 quoque
961 4688 1145 4729 vocem
1191 4677 1246 4730 in
1287 4684 1520 4730 mentem
1551 4691 1768 4744 revoca,
1795 4688 2002 4734 tecum-

419 4780 525 4836 que
553 4762 680 4818 illud
710 4772 918 4833 reputa,
948 4774 1144 4834 quanta
1161 4767 1489 4822 exercituum
1516 4768 1725 4838 agmina
1748 4770 2001 4840 impetum

422 4863 475 4916 in
509 4875 632 4918 eum
659 4858 906 4924 fecerint,
938 4860 1040 4930 ipsi
1071 4875 1322 4932 pavorem
1366 4862 1680 4933 injicientia,
1723 4879 1843 4920 cum
1876 4881 2004 4934 pue-

422 4968 540 5008 rum
565 4952 832 5008 dicentem
855 4951 1080 5018 audivit,
1110 4951 1284 5018 Pater,
1309 4955 1510 5009 ubinam
1536 4965 1607 5010 est
1633 4956 1831 5010 victima
1848 4955 1998 5028 (Gen.

418 5044 509 5100 2‘2.
541 5046 636 5117 7)?
663 5045 1046 5113 animadverte,
1075 5054 1205 5114 quot
1229 5054 1338 5101 tum
1356 5047 1706 5119 cogitationes
1723 5057 2004 5106 commota:

422 5136 550 5201 sint,
591 5151 696 5192 non
723 5137 888 5206 ferro,
921 5138 1016 5195 sed
1046 5139 1214 5211 igneis
1247 5138 1414 5196 hastis
1442 5151 1684 5208 armatae,
1715 5154 1876 5214 atque
1907 5159 2004 5199 un-

419 5227 582 5298 dique
606 5241 728 5282 eum
755 5239 1050 5300 pungentes
1087 5242 1142 5287 et
1170 5231 1601 5290 conscindentes.
1629 5233 1762 5290 Nam
1786 5236 1830 5290 si
1860 5249 2002 5292 nunc

421 5337 635 5393 quoque
683 5321 878 5388 multi,
918 5323 1078 5378 etiam
1121 5325 1210 5396 qui
1257 5336 1434 5396 patres
1476 5343 1583 5382 non
1626 5336 1771 5396 sunt,
1816 5328 2004 5386 dolore

421 5411 758 5485 franguntur,
787 5421 842 5468 et
880 5413 1376 5486 collacrymassent,
1412 5417 1514 5473 nisi
1542 5418 1622 5474 rei
1651 5421 1852 5476 exitum
1883 5435 2004 5490 per-

420 5515 661 5578 spectum
691 5507 982 5572 haberent;
1009 5506 1117 5562 imo
1141 5507 1300 5562 etiam
1328 5509 1655 5580 complures,
1679 5526 2000 5584 quamquam

421 5595 568 5653 illum
613 5598 813 5666 norint,
852 5597 1212 5670 lacrymantes
1253 5608 1430 5655 tamen
1472 5599 1721 5657 intueor:
1753 5619 1858 5674 quo
1890 5613 2002 5658 tan-

423 5685 547 5744 dem
571 5690 807 5747 cruciatu
850 5689 1096 5748 affectum
1123 5707 1243 5747 eum
1268 5689 1432 5748 fuisse
1469 5692 1744 5766 probabile
1775 5705 1874 5762 est,
1912 5695 1999 5767 qui

1115 227 1176 287 ς.
1213 226 1490 287 JOANNIS
1527 218 2000 281 CIIRYSOSTOMI
2039 217 2348 276 ARCHIEP.
2395 221 2928 282 CONSTANTINOP.

3578 227 3678 283 416

2102 333 2275 406 ipsum
2304 346 2582 408 genuerat,
2626 338 2714 409 qui
2758 338 3100 402 educaverat,
3149 336 3240 408 qui
3279 336 3334 393 in
3377 347 3678 408 senectute,

2098 429 2190 500 qui
2214 429 2388 486 solum
2419 429 2669 498 habebat,
2699 433 2787 502 qui
2816 432 3007 497 talem,
3031 431 3119 502 qui
3142 431 3420 498 cernebat,
3454 433 3544 503 qui
3577 450 3674 489 au-

2099 521 2300 590 diebat,
2344 523 2435 594 qui
2468 523 2687 594 jamjam
2717 525 2786 580 de
2815 525 2990 580 medio
3019 525 3323 580 sublaturus
3357 526 3520 580 erat?
3549 526 3678 593 Quas

2098 612 2380 668 verborum
2403 613 2727 684 prudentia?
2751 631 2870 687 qua:
2896 616 3264 686 responsionis
3287 619 3680 674 mansuetudo?

2098 707 2228 775 Quis
2256 717 2432 764 autem
2478 720 2590 764 tum
2629 710 2996 779 operabatur?
3038 710 3374 779 diabolusne,
3424 722 3483 768 ut
3535 711 3679 771 faces

2095 799 2351 870 quasdam
2383 810 2586 858 natura:
2614 801 2962 859 admoveret?
2991 804 3207 860 Minime
3245 823 3260 859 :
3293 821 3478 861 verum
3514 807 3706 876 Deus,-

2097 901 2154 946 ut
2187 906 2404 947 auream
2443 893 2572 963 justi
2598 894 2828 950 animam
2872 895 3041 966 magis
3083 895 3407 965 exploraret.
3463 898 3678 954 Etenim

2095 999 2218 1040 cum
2260 983 2380 1040 Jobi
2413 1000 2559 1041 uxor
2593 987 2755 1042 verba
2795 987 3014 1052 faceret,
3043 987 3287 1043 diabolus
3314 990 3674 1060 operabatur;

2095 1073 2204 1132 tale
2228 1078 2426 1149 quippe
2450 1078 2576 1134 illud
2601 1080 2883 1135 consilium
2908 1089 3024 1136 erat
3051 1098 3064 1132 :
3095 1082 3180 1136 hic
3209 1097 3337 1137 vero
3360 1082 3489 1137 nihil
3513 1085 3677 1154 impie

2096 1167 2412 1238 loquebatur
2435 1211 2451 1236 ,
2491 1170 2586 1227 sed
2639 1186 2894 1243 perquam
2938 1172 3026 1243 pie
3063 1180 3119 1228 et
3155 1174 3544 1244 circumspecte
3569 1194 3584 1229 :
3613 1192 3677 1233 ac

2095 1259 2260 1314 multa
2290 1269 2542 1316 venustas
2568 1261 2620 1316 in
2648 1263 2824 1318 verbis
2853 1261 3148 1331 efflorebat,
3177 1279 3474 1335 magnaque
3502 1266 3676 1322 mellis

2095 1353 2246 1422 copia
2276 1368 2308 1408 e
2336 1355 2674 1411 sermonibus
2699 1357 2968 1423 manabat,
2997 1371 3026 1410 a
3058 1358 3340 1428 tranquilla
3365 1359 3453 1414 illa
3481 1369 3531 1414 et
3557 1361 3672 1430 pla-

2095 1444 2212 1499 cida
2247 1446 2422 1500 anima
2455 1445 2626 1502 fluens
2653 1463 2664 1499 :
2689 1457 2847 1517 atque
2875 1456 3074 1502 tantam
3107 1449 3212 1503 vim
3245 1448 3360 1504 haec
3382 1451 3546 1506 verba
3577 1451 3671 1504 ha-

2096 1536 2309 1603 bebant,
2340 1547 2398 1592 ut
2423 1539 2504 1594 vel
2535 1553 2754 1594 saxeum
2788 1549 2970 1610 pectus
3012 1541 3256 1597 emollire
3285 1554 3526 1612 possent.
3566 1543 3670 1600 Nec

2097 1634 2272 1682 tamen
2312 1628 2647 1685 adamantem
2678 1629 2823 1684 illum
2856 1631 3214 1700 perculerunt,
3272 1633 3380 1689 imo
3412 1649 3511 1689 nec
3549 1650 3675 1690 con-

2095 1730 2413 1786 euaserunt;
2444 1735 2542 1776 nec
2565 1721 2717 1789 dixit,
2753 1721 2890 1790 Quid
2923 1732 3124 1792 patrem
3158 1738 3338 1791 vocas,
3387 1726 3477 1795 qni
3518 1727 3675 1794 paulo

2095 1821 2217 1881 post
2236 1821 2387 1883 pater
2407 1823 2527 1870 tuus
2554 1813 2765 1870 futurus
2793 1829 2898 1870 non
2921 1825 3020 1882 est,
3045 1815 3242 1886 quique
3257 1816 3365 1887 jam
3394 1817 3549 1888 hujus
3581 1818 3674 1873 ho-

2096 1906 2244 1960 noris
2269 1906 2532 1976 jacturam
2579 1905 2743 1963 fecit?
2785 1907 3025 1975 Quanam
3060 1923 3218 1979 porro
3264 1909 3330 1964 dc
3355 1925 3509 1966 causa
3543 1927 3672 1981 puer

2095 2011 2308 2066 quoque
2332 1996 2670 2052 sciscitatur?
2697 1997 2856 2054 Certe
2883 2014 2986 2053 non
3006 1998 3145 2070 quod
3173 2001 3482 2056 curiositate
3506 2002 3670 2058 duce-

2097 2098 2266 2155 retur,
2294 2087 2389 2144 scd
2418 2088 2558 2159 quod
2588 2088 2656 2145 de
2700 2089 2787 2156 iis,
2828 2105 2948 2161 qua:
2987 2091 3255 2161 proposita
3293 2101 3448 2146 erant
3471 2133 3485 2158 ,
3517 2094 3675 2147 anxio

2095 2195 2158 2235 ac
2187 2180 2419 2236 sollicito
2460 2182 2642 2237 animo
2678 2191 2840 2238 esset.
2871 2181 2959 2238 Sic
2987 2183 3131 2238 enim
3161 2197 3344 2240 secum
3385 2185 3671 2257 cogitabat,

2097 2271 2198 2326 nisi
2225 2282 2378 2342 pater
2404 2287 2525 2328 eum
2569 2273 2876 2344 participem
2923 2289 3107 2330 earnm
3153 2291 3332 2329 rerum
3371 2292 3490 2347 quze
3521 2293 3671 2349 gere-

2095 2362 2290 2417 bantur
2312 2363 2565 2419 adhibere
2594 2364 2888 2431 voluisset,
2937 2364 3157 2421 minime
3196 2365 3460 2421 facturum
3493 2369 3672 2434 fuisse,

2097 2468 2155 2514 ut
2183 2459 2351 2515 servis
2373 2459 2508 2514 infra
2532 2474 2750 2515 manere
2766 2459 2951 2530 jussis,
2972 2460 3142 2530 ipsum
3161 2460 3332 2515 solum
3356 2474 3670 2517 assumeret.

2096 2551 2176 2608 Ob
2204 2551 2361 2623 idque
2389 2562 2499 2607 tum
2529 2551 2758 2623 denique
2809 2553 2978 2622 ipsum
3032 2553 3351 2624 interrogat,
3402 2569 3524 2610 cmn
3566 2555 3670 2622 jam

2097 2643 2196 2698 soli
2222 2653 2420 2710 essent,
2441 2657 2542 2698 nec
2563 2644 2845 2715 quisquatn
2872 2658 2933 2699 ea
2959 2659 3078 2714 quae
3098 2641 3412 2699 dicebantur
3436 2645 3671 2701 audiret:

2099 2742 2244 2790 tanta
2293 2736 2442 2806 pueri
2472 2735 2751 2806 prudentia
2781 2744 2917 2790 erat.
2965 2737 3159 2790 Annon
3200 2750 3409 2801 omnes,
3443 2748 3547 2791 tam
3578 2739 3672 2792 viri

2097 2843 2257 2898 quam
2300 2843 2522 2893 uxores,
2574 2825 2912 2883 incaluistis?
2957 2843 3134 2884 annon
3182 2830 3542 2899 unusquisque
3587 2845 3674 2882 ve-

2097 2929 2266 2976 strum
2296 2935 2520 2992 puerum
2552 2920 2700 2975 illum
2725 2920 2905 2976 animo
2931 2919 3327 2992 complectitur,
3367 2929 3420 2976 et
3445 2935 3671 2976 exoscu-

2098 3012 2258 3079 latur,
2309 3011 2752 3084 prudentiamque
2797 3012 3039 3084 suscipit,
3067 3021 3228 3084 atque
3276 3013 3440 3084 ipsius
3475 3012 3670 3083 pietate

2098 3111 2485 3170 commovetur,
2518 3119 2622 3175 qua
2664 3103 2825 3160 fiebat
2864 3113 2941 3169 ut,
2975 3119 3094 3160 cum
3137 3104 3300 3160 etiam
3337 3104 3670 3176 colligaretur

2099 3211 2162 3252 ac
2187 3209 2316 3266 rogo
2342 3195 2726 3266 imponeretur,
2755 3211 2859 3251 non
2891 3205 3035 3252 metu
3061 3206 3436 3254 concuteretur
3462 3212 3558 3253 nec
3576 3210 3661 3252 re-

2099 3287 2270 3342 siliret
2297 3301 2394 3341 nec
2422 3296 2624 3357 patrem
2653 3296 2712 3343 ut
2739 3286 2921 3344 furore
2949 3289 3210 3359 percitum
3238 3301 3550 3356 accusaret;
3578 3305 3674 3345 vc-

2099 3394 2217 3434 rutn
2259 3387 2314 3434 et
2339 3378 2566 3434 vinculis
2603 3379 2991 3451 astringeretur
3015 3388 3072 3435 et
3115 3381 3396 3438 tolleretur
3419 3397 3482 3438 ac
3512 3383 3679 3453 impo-

2101 3480 2336 3540 neretur,
2363 3479 2678 3543 cunctaque,
2697 3472 2844 3528 velut
2870 3487 3039 3543 agnus
3058 3473 3344 3544 quispiam,
3370 3475 3455 3531 vel
3484 3469 3678 3547 potius,

2101 3575 2160 3622 ut
2186 3566 2484 3622 communis
2511 3566 2747 3621 omnium
2777 3566 3031 3622 Dominus
3050 3607 3067 3632 ,
3099 3567 3314 3624 silentio
3352 3569 3558 3625 ferret?
3586 3571 3684 3625 Et-

2107 3659 2251 3713 enim
2273 3657 2417 3712 illius
2438 3657 2896 3713 mansuetudinem
2925 3657 3248 3725 imitabatur,
3267 3674 3330 3714 ac
3350 3660 3568 3732 ﬁguram
3597 3670 3678 3715 tc-

2103 3750 2283 3806 nebat.
2311 3749 2596 3818 Tamquam
2624 3751 2730 3804 ovis
2755 3750 2920 3816 enim,
2943 3753 3134 3822 inquit,
3166 3753 3238 3805 ad
3263 3754 3554 3807 occisionem
3582 3753 3680 3806 du-

2104 3852 2213 3896 ctus
2241 3851 2334 3909 est,
2371 3851 2417 3896 et
2463 3842 2609 3912 quasi
2650 3858 2812 3914 agnus
2853 3858 3025 3897 coram
3068 3843 3298 3898 tondente
3341 3860 3394 3898 se
3431 3845 3679 3898 obmutuit

2105 3934 2258 4007 (Isai.
2287 3933 2464 4005 53.7).
2489 3933 2648 4004 Atqui
2677 3934 2924 4004 loquutus
2952 3945 3035 3991 est
3053 3935 3188 4002 iste;
3219 3950 3338 3992 nam
3355 3945 3409 3992 et
3424 3935 3678 3993 Dominus

2105 4041 2318 4098 quoque
2365 4025 2531 4097 ipsius
2571 4026 2819 4096 loquutus
2871 4035 2953 4083 est
2997 4043 3276 4099 :quonam
3324 4029 3482 4100 igitur
3523 4029 3685 4084 modo

2104 4117 2410 4174 obmutuit?
2437 4117 2551 4174 Hoc
2576 4127 2682 4186 est,
2712 4118 2842 4174 nihil
2870 4133 3150 4190 arrogans,
3182 4120 3314 4175 nihil
3345 4136 3592 4191 asperum
3616 4121 3686 4174 lo-

2106 4221 2303 4282 quutus
2327 4219 2430 4279 est,
2457 4211 2549 4268 sed
2576 4211 2766 4267 blanda
2798 4212 2977 4268 omnia
3006 4223 3061 4268 et
3089 4225 3404 4280 mansueta;
3434 4229 3498 4268 ac
3526 4213 3684 4268 verba

2107 4302 2220 4372 ipsa
2251 4302 2367 4374 plus
2409 4301 2834 4358 mansuetudinis
2871 4317 2982 4374 prze
3022 4317 3081 4358 se
3121 4301 3397 4369 ferebant,
3440 4319 3600 4374 quam
3640 4303 3683 4357 si

2109 4397 2380 4452 tacuisset.
2413 4395 2853 4467 Quandoquidem
2890 4397 3050 4452 etiam
3078 4393 3321 4453 Christus
3357 4395 3588 4465 dicebat,
3627 4395 3685 4451 Si

2107 4490 2238 4544 male
2265 4491 2500 4559 loquutus
2529 4505 2640 4543 sum
2663 4529 2680 4557 ,
2713 4490 3044 4546 testimonium
3083 4489 3286 4559 perhibe
3323 4488 3386 4543 de
3430 4490 3608 4554 malo;
3645 4490 3688 4542 si

2107 4593 2274 4638 autem
2305 4582 2444 4649 bene,
2477 4581 2597 4651 quid
2637 4598 2716 4637 me
2745 4581 2909 4636 caedis
2943 4581 3120 4652 (Joan.
3150 4581 3238 4635 l8.
3267 4580 3395 4650 23)?
3429 4590 3484 4635 et
3512 4589 3686 4636 tamen

2108 4674 2186 4729 sic
2219 4672 2682 4728 mansuetudinem
2712 4687 2862 4728 suam
2892 4674 3060 4744 magis
3085 4672 3408 4737 declaravit,
3447 4687 3604 4742 quam
3643 4671 3686 4726 si

2108 4765 2323 4820 silentio
2349 4779 2476 4820 usus
2504 4763 2710 4820 fuisset.
2746 4765 2812 4820 Et
2841 4772 2898 4819 ut
2930 4762 3016 4820 hic
3043 4765 3176 4836 patri
3202 4779 3267 4820 ex
3295 4763 3474 4831 altari,
3505 4764 3582 4818 sic
3604 4764 3689 4820 ille

2109 4859 2268 4914 etiam
2300 4872 2331 4913 e
2367 4870 2527 4912 cruce
2569 4856 2822 4928 loquitur,
2857 4854 3035 4922 Pater,
3070 4856 3267 4910 dimitte
3289 4856 3412 4920 illis,
3449 4855 3567 4924 quia
3600 4871 3690 4908 ne-

2110 4953 2274 5006 sciunt
2298 4950 2420 5022 quid
2445 4951 2637 5022 faciunt
2669 4947 2820 5023 (Luc.
2851 4949 2943 5003 23.
2969 4949 3082 5019 54).
3125 4948 3263 5016 Quid
3303 4948 3461 5019 igitur
3496 4946 3561 5001 ad
3591 4946 3688 5000 ista

2111 5045 2452 5117 patriarcha?
2483 5043 2625 5099 Deus
2650 5043 2923 5116 providebit
2950 5044 3043 5098 sibi
3077 5044 3330 5098 victimam
3355 5043 3407 5096 in
3443 5043 3689 5097 holocau-

2111 5149 2266 5206 stum,
2295 5138 2370 5206 ﬁli
2393 5137 2547 5209 (Gen.
2577 5136 2668 5192 22.
2698 5135 3018 5208 8).Uterque
3046 5146 3247 5192 natura:
3263 5136 3518 5192 vocabula
3541 5150 3692 5190 usur-

2110 5241 2239 5302 pat:
2271 5231 2362 5288 ille
2391 5231 2623 5295 Patrem,
2652 5229 2738 5285 hic
2763 5229 2926 5284 filium
2951 5238 3122 5285 vocat.
3151 5229 3231 5284 Ac
3250 5243 3410 5300 grave
3427 5228 3693 5295 utrimque

2111 5322 2312 5379 bellum
2339 5321 2621 5386 excitatur,
2653 5331 2813 5391 atque
2839 5321 3026 5392 ingens
3060 5329 3385 5390 tempestas;
3433 5333 3691 5387 nusquam

2113 5426 2291 5471 tamen
2335 5412 2664 5485 naufragium
2695 5427 2710 5466 :
2752 5410 3087 5483 philosophia
3117 5411 3260 5466 enim
3292 5410 3473 5464 omnia
3506 5409 3688 5463 vincit.

2113 5507 2313 5564 Deinde
2340 5515 2398 5562 ut
2426 5507 2517 5562 Dei
2561 5520 2756 5562 nomen
2789 5503 3012 5570 audivit,
3045 5504 3250 5560 nullum
3290 5503 3430 5558 ultra
3469 5506 3689 5559 verbum

2112 5599 2336 5667 addidit,
2361 5613 2463 5656 nec
2481 5598 2743 5654 curiosius
2767 5597 3043 5668 inquisivit
3069 5613 3081 5649 :
3113 5609 3278 5664 usque
3297 5595 3436 5651 adeo
3463 5595 3694 5666 prudens

2117 5703 2229 5750 erat
2258 5692 2342 5747 hic
2371 5707 2520 5764 puer,
2552 5691 2709 5762 idque
2749 5690 2803 5746 in
2841 5690 2956 5760 ipso
2983 5687 3150 5746 relatis
3179 5685 3330 5743 flore.
3378 5687 3542 5744 Vides
3567 5697 3697 5758 quot
