4070 6152
365 324 468 382 MS

366 443 544 497 πάντα
575 443 638 514 τῇ
669 440 874 496 ἐκείνου
893 443 1040 513 φωνῇ
1071 442 1400 514 διηκόνηται.
1425 443 1700 498 Σκόπειδέ
1720 461 1733 475 ο
1768 439 1922 506 Εἷπε,

364 534 596 606 Σφάξον,
630 534 725 587 καὶ
784 533 983 596 εὐθέως
1022 532 1290 598 ὡπλίζετο
1315 549 1328 563 ’
1372 527 1516 599 εἷπε,
1561 535 1654 607 Μὴ
1697 535 1923 607 σφάξῃςο

364 629 459 682 ml
488 627 689 690 εὐθέως
729 625 1093 695 ἀφωπλίζετο·
1137 627 1231 680 καὶ
1262 627 1370 698 γὰρ
1397 621 1466 697 ἦν
1491 628 1666 681 πάντα
1697 629 1927 698 ἀπηρτι-

367 718 560 788 σμένα.
609 718 714 770 Kal
760 717 964 770 ἐδείκνυ
1017 716 1202 770 λοιπὸν
1229 719 1256 772 6
1303 717 1434 781 Θεὸς
1464 719 1554 772 τὸν
1590 717 1925 789 στρατιώτην

365 813 460 864 καὶ
500 809 800 882 στρατηγὸν
856 812 923 879 τῇ
966 809 1284 883 οἰκουμένῃ,
1341 810 1432 863 τὸν
1483 809 1810 880 στεφανίτην
1848 808 1926 880 τῷ

365 903 576 972 θεάτρῳ
603 901 709 953 τῶν
759 902 1029 970 ἀγγέλων,
1061 902 1153 956 τὸν
1185 903 1356 973 ἱερέα,
1400 903 1491 955 τὸν
1545 901 1788 972 βασιλέα,
1836 900 1926 954 τὸν

361 995 683 1064 διαδήματος
731 993 929 1063 μᾶλλον
961 997 1027 1065 τῇ
1064 994 1306 1066 μαχαίρᾳ
1348 993 1800 1063 στεφανούμενον,
1836 991 1923 1046 τὸν

362 1085 741 1157 τροπαιοῦχον,
775 1084 866 1138 τὸν
921 1086 1173 1158 ἀριστέα,
1208 1087 1300 1138 τὸν
1345 1087 1513 1156 χωρὶς
1543 1084 1816 1154 συμϐολῆς
1846 1101 1924 1136 νι-

363 1179 553 1250 κητήν.
582 1178 692 1231 Kal
730 1179 839 1247 769
874 1177 1062 1250 ὥσπερ
1091 1177 1155 1232 6v
1181 1177 1234 1230 εί
1266 1195 1348 1241 τις
1378 1178 1677 1247 στρατηγὸς
1702 1177 1923 1246 ἄριστον

361 1269 498 1339 ἔχων
533 1267 892 1340 στρατιώτην,
920 1268 1027 1322 ἀπὸ
1049 1268 1148 1340 τῆς
1172 1267 1502 1334 ὁπλοδεξιᾶς,
1531 1266 1642 1320 ἀπὸ
1668 1267 1767 1338 τῆς
1791 1266 1924 1319 στά-

363 1376 522 1424 σεως,
547 1358 656 1412 ἀπὸ
699 1359 796 1426 τῆς
852 1358 1040 1428 ῥώμης
1077 1357 1436 1428 καταπλήξειε
1483 1359 1576 1410 τὸν
1617 1358 1921 1412 ἀντίδικον·

359 1449 502 1502 οῦτω
525 1448 619 1502 καὶ
664 1450 693 1501 6
733 1449 882 1514 Θεὸς,
920 1450 1028 1502 ἀπὸ
1051 1448 1151 1518 τῆς
1175 1448 1418 1519 γνώμης,
1447 1449 1668 1503 ἀπὸτοῦ
1705 1451 1922 1520 σχήμα-

360 1557 472 1607 τος,
502 1540 612 1593 ἀπὸ
633 1540 730 1610 τῆς
761 1540 1001 1604 στάσεως
1041 1540 1206 1611 μόνης
1237 1540 1330 1594 τοῦ
1359 1541 1570 1594 δικαίου
1610 1540 1698 1594 τὸν
1749 1542 1924 1595 κοινὸν

363 1633 616 1686 ἁπάντων
637 1631 795 1702 ἡμῶν
823 1631 1014 1703 ἐχθρὸν
1045 1632 1292 1687 διάϐολον
1320 1631 1628 1703 κατέπληξε
1658 1633 1752 1686 ml
1789 1633 1922 1702 ἐφυ-

361 1725 607 1792 γάδευσε.
623 1723 732 1777 Kal
754 1724 861 1795 769
881 1720 1031 1793 οἶμαι
1063 1725 1313 1778 κάκεῖνον
1340 1723 1462 1777 τότε
1503 1723 1765 1794 φρίξαντα
1790 1725 1923 1779 ἀναο

359 1817 627 1888 χωρῆσαι.
679 1817 741 1870 Εἰ
790 1816 847 1870 δὲ
894 1817 1042 1886 λέγοι
1078 1833 1184 1880 τις·
1246 1816 1359 1870 Kal
1405 1817 1550 1880 τίνος
1601 1816 1786 1870 ἐνεκεν
1823 1816 1924 1870 οὐκ

360 1912 509 1963 είασε
541 1909 901 1980 βαπτισθῆναι
922 1909 1019 1980 τὴν
1045 1908 1245 1975 δεξιὰν,
1271 1905 1390 1964 εἶτα
1422 1909 1618 1980 ἀθρόον
1656 1909 1920 1980 ἀνέστησε

357 1999 448 2053 τὸν
473 1999 904 2069 σφαγιασθέντας
937 1999 1058 2053 Ὅτι
1106 1999 1226 2071 Θεῷ
1255 2000 1418 2070 θέμις
1449 2001 1550 2054 οὐκ
1597 1995 1666 2072 ἧν
1713 2001 1922 2072 αἵματα

355 2088 604 2160 δέχεσθαι
632 2088 878 2154 τοιαῦτα,
899 2089 1036 2144 ἀλλὰ
1064 2088 1214 2161 [452]
1241 2090 1558 2162 ἀλαστόρων
1591 2090 1860 2162 δαιμόνων
1884 2092 1918 2162 ή

355 2181 576 2252 τοιαύτη
611 2179 876 2252 τράπεζα.
904 2181 1164 2236 Ἐνταῦθα
1196 2182 1254 2235 δὲ
1293 2182 1580 2254 ἀμφότερα
1620 2183 1917 2250 ἐδείκνυτο,

357 2273 453 2326 καὶ
481 2273 514 2342 ή
542 2270 630 2324 τοῦ
661 2272 930 2325 Δεσπότου
975 2269 1358 2341 φιλανθρωπία
1395 2271 1490 2324 ml
1525 2271 1558 2341 ή
1599 2271 1695 2324 τοῦ
1732 2269 1919 2324 δούλου

355 2361 760 2432 εὐγνωμοσύνη.
783 2362 891 2415 Kal
915 2360 1178 2431 πρότερον
1198 2360 1296 2431 μὲν
1311 2359 1531 2431 ἐξῆλθεν
1551 2359 1657 2412 ἀπὸ
1671 2360 1769 2429 τῆς
1793 2359 1919 2429 γῆς·

353 2455 476 2509 τότε
525 2455 581 2508 δὲ
615 2455 720 2509 ἀπὸ
755 2457 854 2524 τῆς
880 2452 1096 2523 φύσεως
1128 2453 1298 2520 αὐτῆς
1331 2451 1669 2523 ἀνεχώρησε.
1700 2451 1792 2504 Διὸ
1826 2451 1922 2504 ml

355 2545 514 2599 ἔλαϐε
545 2547 681 2616 μετά
716 2542 878 2597 τόκου
907 2543 968 2596 τὸ
993 2542 1309 2612 κεφάλαιον·
1341 2541 1436 2595 ml
1478 2541 1624 2612 μάλα
1656 2539 1881 2602 εἰκότως
1902 2553 1918 2569 ο

355 2638 529 2692 είλετο
560 2635 669 2708 γάρ
707 2638 781 2706 μὴ
811 2634 1078 2705 κληθῆναι
1104 2633 1307 2706 πατὴρ,
1343 2633 1484 2687 ὥστε
1511 2632 1695 2696 δοῦλος
1720 2630 1922 2700 εὐγνώ-

358 2745 473 2799 μων
503 2731 761 2799 φανῆναι.
814 2726 915 2779 Διά
947 2726 1108 2779 τοῦτο
1159 2726 1279 2797 οὐχὶ
1329 2724 1509 2796 πατὴρ
1553 2724 1734 2795 μόνον,
1783 2722 1922 2778 ἀλλά

355 2822 450 2874 ml
479 2820 654 2891 ἱερεὺς
681 2816 922 2886 ἐγίνετο·
954 2817 1048 2871 καὶ
1092 2817 1279 2887 ἐπειδὴ
1322 2816 1532 2888 ἀπέστη
1577 2815 1686 2869 τῶν
1723 2813 1918 2870 ἐαυτοῦ

355 2913 444 2966 διὰ
465 2914 555 2967 τὸν
578 2913 728 2974 Θεὸν,
760 2911 850 2965 διὰ
873 2911 1032 2965 τοῦτο
1071 2911 1164 2964 καὶ
1191 2912 1219 2964 6
1247 2909 1377 2973 Θεὸς
1401 2909 1541 2979 μετά
1569 2908 1773 2962 τούτων
1803 2909 1922 2979 ἐχα-

359 3005 545 3077 ρίσατο
575 3003 721 3076 αὐτῷ
749 3003 934 3058 καὶτά
963 3002 1148 3056 αὑτοῦ.
1177 3002 1350 3055 Ὅταν
1398 3000 1496 3071 μὲν
1532 2997 1626 3054 οῦν
1669 3000 1921 3071 πολέμιοι

355 3095 763 3163 ἑπιϐουλεύωσι,
795 3081 1077 3166 καὶμέχρι
1097 3094 1195 3166 τῆς
1216 3094 1414 3178 πείρας
1436 3092 1651 3163 πρόεισι
1673 3091 1918 3162 θαυματ-

353 3189 566 3262 ουργῶν
587 3204 602 3220 ·
667 3183 778 3242 οἷον
823 3187 918 3241 ἐπὶ
949 3187 1050 3258 τῆς
1089 3186 1345 3256 καμίνου,
1386 3185 1481 3238 ml
1519 3182 1629 3238 τῶν
1655 3181 1916 3237 λεόντων·

352 3282 482 3335 ὅταν
519 3280 574 3332 δέ
601 3278 760 3342 αὐτὸς
794 3277 1081 3350 ἐπιτάττῃ,
1112 3275 1275 3347 μέχρι
1303 3274 1614 3348 προθυμίας
1647 3275 1829 3346 ἵστησι
1857 3274 1920 3328 τὸ

354 3371 656 3442 ἐπίταγμα.

429 3548 497 3614 ζ’.
513 3550 577 3602 Τί
602 3549 708 3619 γὰρ
734 3547 958 3613 ἔλειπεν,
981 3546 1102 3601 είπέ
1125 3563 1240 3617 μοι,
1256 3546 1321 3617 τῇ
1347 3543 1596 3616 ἀριστείᾳ
1617 3543 1785 3615 ταύτῃ
1807 3541 1919 3595 λοι-

357 3643 494 3708 πόν;
523 3641 596 3713 μὴ
628 3641 736 3712 γάρ
763 3640 978 3712 προῄδει
999 3639 1062 3693 τὸ
1087 3637 1280 3710 μέλλον
1309 3638 1338 3690 6
1380 3636 1664 3706 Ἀϐραάμ;
1699 3635 1774 3706 μὴ
1810 3635 1920 3706 γὰρ

353 3734 800 3807 ἐπραγματεύετο
825 3733 916 3788 τοῦ
944 3732 1078 3787 Θεοῦ
1101 3732 1200 3803 τὴν
1230 3729 1673 3802 φιλανθρωπίαν;
1709 3730 1771 3782 El
1810 3728 1919 3799 769

353 3827 448 3879 ml
482 3825 764 3898 προφήτης
802 3819 890 3894 ἦν,
922 3823 1038 3876 ἀλλ’
1069 3822 1129 3876 06
1160 3822 1338 3875 πάντα
1377 3821 1406 3874 6
1440 3821 1725 3891 προφήτης
1755 3816 1914 3874 οἶδεν.

353 3919 515 3971 Ὥστε
551 3916 777 3990 περιττὴ
801 3916 986 3970 λοιπὸν
1009 3911 1076 3989 ἦν
1107 3917 1142 3988 ή
1172 3914 1372 3986 σφαγή,
1411 3913 1505 3968 ml
1542 3913 1736 3978 ἀναξία
1759 3911 1914 3968 Θεοῦ.

353 4013 417 4067 Et
437 4011 494 4065 δὲ
525 4011 630 4064 εδει
667 4009 878 4081 μαθεῖν,
911 4009 992 4064 ὅτι
1027 4011 1092 4063 ἐκ
1123 4010 1332 4080 νεκρῶν
1365 4007 1598 4078 ἐγείρειν
1627 4006 1850 4071 δυνατὸς
1887 4008 1918 4060 6

352 4102 504 4167 Θεὸς,
535 4101 641 4155 ἀπὸ
684 4102 782 4170 τῆς
813 4101 1027 4171 μήτρας
1075 4099 1256 4170 πολλῷ
1288 4099 1724 4172 θαυμαστότερον
1759 4099 1918 4154 τοῦτο

351 4195 542 4266 ἔμαθε·
586 4193 784 4266 μᾶλλον
815 4194 894 4257 δὲ,
926 4194 1020 4247 ml
1061 4192 1169 4265 πρὸ
1195 4191 1295 4263 τῆς
1318 4191 1645 4257 ἀποδείξεως
1677 4192 1912 4264 ἐκείνης·

352 4287 539 4351 πιστὸς
560 4287 668 4357 γὰρ
697 4283 787 4359 ἦν.
821 4284 892 4339 Σὺ
923 4284 981 4338 δέ
1009 4283 1082 4355 μὴ
1105 4283 1347 4356 θαύμαζε
1373 4283 1464 4337 τὸν
1489 4283 1694 4338 δίκαιον
1732 4285 1914 4355 μόνον,

350 4378 486 4434 ἀλλά
511 4380 602 4434 ml
632 4380 815 4452 ζήλου·
863 4379 956 4433 ml
981 4379 1122 4448 ὁρῶν
1161 4377 1323 4430 αὐτὸν
1351 4376 1407 4428 ἐν
1433 4374 1670 4447 τοσούτῳ
1703 4374 1918 4447 θορύϐῳ

351 4469 447 4523 ml
488 4467 624 4543 ζάλῃ
654 4469 935 4540 κυμάτων,
979 4467 1055 4532 ὼς
1093 4468 1152 4521 ἐν
1176 4466 1386 4539 γαλήνῃ
1417 4464 1672 4531 πλέοντα,
1715 4465 1916 4536 ὁμοίως

351 4560 447 4613 ml
471 4561 534 4613 σὺ
559 4560 937 4632 μεταχειρίςου
960 4559 1059 4630 τῆς
1083 4559 1328 4631 ὑπακοῆς
1352 4558 1445 4612 ml
1461 4559 1561 4630 τῆς
1581 4558 1834 4629 ἀνδρείας
1856 4557 1917 4611 τὸ

351 4651 630 4722 πηδάλιον.
663 4653 754 4722 Μὴ
775 4656 882 4724 γάρ
919 4669 1006 4721 μοι
1031 4651 1188 4706 τοῦτο
1213 4652 1376 4724 εἴπῃς
1410 4651 1589 4721 μόνον,
1618 4651 1700 4704 ὅτι
1729 4650 1918 4704 θυσια-

353 4744 574 4816 στήριον
602 4744 941 4816 ᾠκοδόμησε,
973 4744 1068 4796 ml
1093 4743 1163 4796 τά
1190 4742 1346 4810 ξύλω
1378 4743 1512 4798 ἀλλά
1537 4743 1917 4816 ἀναμνήσθητι

351 4837 446 4890 καὶ
484 4838 581 4908 τῆς
612 4841 795 4908 φωνῆς
819 4837 910 4892 τοῦ
941 4838 1174 4905 παιδίου,
1207 4839 1301 4892 ml
1325 4837 1539 4905 λόγισαι
1570 4838 1734 4890 πόσαι
1759 4836 1918 4905 νιφά-

349 4933 438 4994 δες
472 4931 706 5002 ἐπῆλθον
738 4930 884 5001 αὐτῷ
934 4930 1307 5002 στρατοπέδων
1346 4928 1782 5000 ἐκδειματοῦσαι,
1828 4930 1918 4982 ὅτε

349 5026 552 5096 ἢκουσε
581 5024 676 5078 τοῦ
704 5025 915 5079 παιδίου
956 5025 1202 5094 λέγοντος
1238 5026 1265 5077 6
1287 5025 1490 5095 πατήρ·
1530 5025 1599 5077 Τὸ
1624 5025 1918 5092 πρόϐατον

349 5116 505 5184 ποῦ;
531 5118 782 5187 ἐννόησον
822 5118 977 5171 πόσοι
1019 5118 1139 5171 τότε
1180 5117 1509 5188 ἐκινήθησαν
1551 5115 1820 5186 λογισμοὶ,
1854 5116 1914 5168 o6

351 5210 578 5279 σιδήρῳ,
632 5208 768 5263 ἀλλά
823 5208 1093 5277 φλογίνοις
1147 5208 1364 5278 δόρασιν
1413 5204 1767 5275 ὠπλισμένοι,
1823 5206 1917 5260 ml

351 5297 617 5351 πάντοθεν
644 5297 1096 5360 κατακεντοῦντες
1117 5295 1276 5348 αὐτὸν
1301 5295 1394 5348 καὶ
1425 5292 1823 5363 διατέμνοντες.
1856 5293 1918 5346 Εἰ

349 5389 456 5462 γὰρ
494 5391 589 5444 ml
633 5390 729 5443 νῦν
780 5387 1158 5444 κατακλῶνται
1206 5385 1390 5438 πολλοὶ
1431 5386 1524 5438 ml
1571 5386 1646 5455 μὴ
1678 5383 1912 5455 πατέρες

347 5482 522 5545 ὄντες,
566 5482 660 5535 καὶ
687 5481 1014 5551 ἐδάκρυσαν,
1047 5479 1096 5531 εί
1126 5477 1198 5548 μὴ
1230 5477 1289 5530 τὸ
1321 5477 1472 5540 τέλος
1507 5475 1748 5547 ᾔδεισαν·
1786 5475 1912 5528 πολ-

349 5572 474 5636 λοὺς
510 5572 586 5638 δὲ,
633 5573 809 5628 καίτοι
857 5569 1015 5624 τοῦτο
1065 5569 1292 5632 εἰδότας,
1337 5567 1668 5637 δακρύοντας
1696 5567 1826 5637 ὁρῶ·
1863 5567 1917 5620 τί

350 5665 581 5734 πάσχειν
609 5667 814 5718 ἐκεῖνον
848 5662 993 5724 εἰκὸς
1016 5656 1104 5732 ἦν,
1128 5660 1218 5713 τὸν
1245 5660 1408 5713 αὑτὸν
1439 5661 1791 5730 γεννήσαντα,
1820 5659 1914 5712 τὸν

354 5758 650 5834 θρέψαντα.
678 5759 767 5812 τὸν
796 5759 854 5810 ἐν
896 5755 1064 5826 γήρᾳ,
1105 5755 1193 5807 τὸν
1233 5753 1389 5824 μόνον
1422 5753 1611 5822 ἔχοντα
1646 5750 1906 5816 τοιοῦτον,

1397 331 1464 387 ΙΝ
1507 332 1725 388 EPIST.
1759 330 1803 386 ll
1839 330 1930 386 AD
1971 329 2127 387 COR.
2170 330 2402 390 HOMIL.
2437 330 2524 390 111.

3486 341 3591 396 416

2029 441 2122 496 τὸν
2147 443 2378 515 ὁρῶντα,
2405 444 2497 499 τὸν
2529 443 2814 513 ἀκούοντα,
2843 445 2934 500 τὸν
2954 446 3158 513 εὐθέως
3198 448 3455 520 μέλλοντα
3494 455 3593 506 ἁν-

2027 537 2232 604 αιρεῖν;
2258 536 2338 598 τίς
2366 537 2399 606 ἡ
2429 537 2643 600 σύνεσις
2683 538 2791 592 τῶν
2817 539 3106 611 ῥημάτων;
3132 542 3215 606 τίς
3255 545 3286 613 ή
3321 544 3594 599 ἐπιείκεια

2027 628 2124 698 τῆς
2145 629 2422 694 πεύσεως;
2461 631 2556 694 Τίς
2582 632 2689 703 ἄρα
2723 633 2750 684 6
2783 633 3015 704 ἐνεργῶν
3041 677 3057 702 ,
3093 637 3121 688 6
3145 635 3406 701 διάϐολος,
3452 639 3592 692 ὥστε

2027 716 2304 788 ἐμπρῆσαι
2336 718 2433 791 τὴν
2472 720 2668 790 φύσιν;
2708 723 2800 794 Μὴ
2833 725 3064 793 γένοιτο,
3103 725 3215 777 611’
3254 729 3280 778 6
3316 726 3467 792 Θεὸς,
3509 730 3595 782 ἵνα

2029 807 2229 875 μᾶλλον
2271 808 2538 882 βασανίσῃ
2578 813 2677 883 τὴν
2732 815 2937 884 χρυσῆν
2994 814 3086 868 τοῦ
3136 817 3345 870 δικαίου
3393 819 3588 890 ψυχήν.

2028 898 2196 951 Ὅταν
2228 899 2326 969 μὲν
2357 900 2465 972 γάρ
2495 905 2528 972 ή
2558 903 2695 974 γυνὴ
2721 904 3024 976 φθέγγηται
3058 907 3150 960 τοῦ
3184 908 3324 973 Ἰὼϐ,
3353 911 3594 975 διάϐολος

2026 991 2256 1060 ἐνεργεῖ·
2305 992 2530 1063 τοιαύτη
2571 994 2676 1064 γὰρ
2720 997 2753 1062 ἠ
2794 996 3100 1068 συμϐουλή·
3149 994 3299 1063 οὗτος
3342 1001 3398 1054 δέ
3442 1002 3592 1054 οὐδὲν

2031 1080 2344 1158 βλάσφημον
2372 1084 2690 1154 φθέγγεται,
2725 1086 2860 1140 ἀλλά
2894 1089 2986 1141 καὶ
3015 1090 3219 1161 σφόδρα
3249 1092 3465 1157 εὐσεϐὲς
3497 1096 3592 1147 καὶ

2029 1175 2526 1243 μεμεριμνημένον·
2573 1176 2668 1229 καὶ
2719 1177 2887 1249 πολλὴ
2925 1180 2955 1249 ἡ
3005 1181 3161 1250 χάρις
3207 1183 3429 1252 ἐπήνθει
3477 1189 3587 1250 τοῖς

2027 1263 2092 1332 ῥή
2103 1280 2256 1333 μασι,
2282 1265 2414 1318 πολὺ
2440 1265 2502 1318 τὸ
2541 1267 2663 1336 μέλι
2686 1268 2793 1321 τῶν
2818 1269 2991 1337 λόγων
3023 1270 3324 1335 ἀπέσταξεν
3353 1275 3459 1327 ἀπὸ
3492 1293 3591 1344 γα-

2024 1353 2191 1426 λήνης
2237 1355 2333 1408 καὶ
2367 1356 2572 1428 ἡμέρου
2620 1357 2741 1428 ῥέον
2783 1359 2978 1430 ψυχῆς·
3033 1363 3125 1415 καὶ
3170 1363 3377 1427 λιθίνην
3436 1367 3594 1420 ἱκανὰ

2023 1443 2199 1498 ταῦτα
2224 1439 2294 1514 ἦν
2327 1445 2564 1515 μαλάξαι
2611 1447 2849 1503 διάνοιαν
2883 1449 3032 1523 [453]
3069 1451 3135 1505 τά
3178 1455 3415 1523 ῥήματα.
3455 1457 3594 1509 Ἀλλ’

2024 1533 2084 1585 06
2113 1531 2204 1586 τὸν
2229 1534 2511 1605 ἀδάμαντα
2538 1536 2744 1590 ἐκεῖνον
2770 1538 3147 1609 περιέτρεψεν,
3169 1539 3285 1593 ἀλλ’
3307 1540 3426 1592 οὐδὲ
3454 1540 3594 1594 ἔσει-

2027 1638 2139 1684 σεν,
2159 1622 2281 1674 οὐδὲ
2311 1620 2454 1676 εἶπε·
2487 1623 2552 1678 Τί
2581 1624 2792 1697 πατέρα
2811 1626 2997 1690 καλεῖς
3021 1626 3115 1680 τὸν
3146 1627 3340 1698 μικρὸν
3369 1627 3594 1701 ὕστερον

2024 1715 2124 1768 οὐκ
2152 1714 2411 1786 ἐσόμενόν
2461 1734 2554 1769 σου
2590 1718 2826 1787 πατέρα,
2863 1717 2954 1770 τὸν
2999 1719 3098 1790 ήδη
3143 1719 3349 1789 ταύτην
3397 1721 3594 1774 ἀπολέ-

2027 1821 2197 1860 σαντα
2228 1805 2326 1878 τὴν
2349 1808 2551 1878 τιμήν;
2577 1808 2732 1872 Τίνος
2751 1809 2807 1861 δὲ
2835 1809 3019 1863 ἐνεκεν
3050 1812 3142 1864 ml
3171 1814 3198 1865 6
3221 1815 3350 1876 παῖς
3375 1814 3588 1884 ἐρωτᾷ;

2025 1897 2098 1950 Οὐ
2137 1896 2634 1969 περιεργαζόμενος
2680 1899 2866 1965 ἁπλῶς
2914 1902 3034 1954 οὐδὲ
3093 1902 3589 1973 πολυπραγμονῶν,

2023 1987 2138 2041 ἀλλ’
2166 1989 2413 2058 ἀγωνιῶν
2445 1991 2584 2064 ύπέρ
2607 1991 2718 2045 τῶν
2747 1994 3146 2064 προκειμένων.
3186 1996 3298 2047 Kal
3351 1997 3457 2068 γάρ
3502 1998 3591 2049 ἐν·

2029 2079 2173 2134 ενόει
2200 2081 2304 2148 ὅτι,
2331 2083 2380 2135 εί
2415 2083 2489 2154 μὴ
2519 2083 2768 2137 ἐϐούλετο
2796 2084 2979 2138 λαϐεῖν
3017 2086 3267 2140 κοινωνὸν
3302 2087 3410 2140 τῶν
3443 2105 3592 2156 γινο-
3707 2155 3714 2160 Ι,

2025 2170 2222 2242 μένων,
2245 2173 2346 2227 οὐκ
2370 2174 2436 2228 ἂν
2464 2175 2590 2239 τοὺς
2625 2178 2724 2245 μὲν
2757 2178 2949 2242 παῖδας
2981 2178 3158 2250 ἀφῆκε
3197 2181 3345 2233 κάτω
3385 2182 3585 2250 μένειν,

2021 2263 2183 2317 αὐτὸν
2213 2263 2269 2318 δὲ
2293 2264 2453 2334 μόνον
2481 2267 2780 2339 παρέλαϐε.
2807 2271 2905 2322 Διά
2925 2269 2990 2340 δὴ
3012 2269 3170 2324 τοῦτο
3194 2272 3288 2325 ml
3319 2273 3407 2324 ὅτε
3436 2273 3588 2342 μόνοι

2021 2354 2296 2422 γεγόνασι,
2334 2357 2457 2410 τότε
2493 2357 2657 2412 αὐτὸν
2687 2359 2889 2430 ἐρωτᾷ,
2929 2360 3018 2414 ὅτε
3061 2362 3235 2425 οὐδεὶς
3275 2363 3441 2434 ήκουτ
3478 2363 3588 2416 τῶν

2021 2445 2346 2517 λεγομένων·
2381 2448 2617 2520 τοσαύτη
2645 2449 2739 2504 τοῦ
2768 2451 2960 2516 παιδὸς
3011 2455 3044 2522 ή
3085 2453 3297 2516 σύνεσις
3326 2450 3412 2525 ἦν.
3441 2450 3587 2525 *Αρα

2022 2536 2082 2588 06
2117 2536 2542 2610 διεθερμάνθητε
2575 2539 2799 2606 πάντες,
2831 2540 2925 2593 καὶ
2951 2541 3142 2614 ἄνδρες
3182 2544 3274 2595 ml
3300 2546 3585 2611 γυναῖκες;

2021 2628 2142 2700 ούχὶ
2192 2630 2420 2694 ἕκαστος
2460 2631 2614 2702 ὑμῶν
2660 2634 3090 2704 περιπτύσσεται
3135 2637 3202 2705 τῇ
3239 2635 3446 2706 διανοίᾳ
3496 2638 3591 2688 ml

2021 2722 2314 2792 καταφιλεῖ
2333 2723 2394 2776 τὸ
2417 2723 2652 2788 παιδίον,
2682 2725 2777 2776 ml
2809 2724 3078 2794 θαυμάζει
3107 2728 3204 2796 τὴν
3235 2727 3468 2790 σύνεσιν,
3498 2728 3592 2780 ml

2023 2814 2251 2868 αἰδεῖται
2291 2814 2389 2886 τὴν
2421 2814 2727 2890 εὐλάϐειαν,
2763 2815 2882 2884 μεθ’
2911 2811 2978 2887 ἦς
3005 2817 3098 2870 ml
3129 2819 3590 2890 συμποδιζόμενος

2023 2905 2118 2959 καὶ
2156 2905 2248 2958 ἐπὶ
2286 2908 2397 2969 τοῖς
2437 2888 2614 2972 ξύλοις
2651 2906 3044 2978 ἐπιτιθέμενος,
3077 2909 3176 2962 ούκ
3213 2888 3588 2981 ἐξεπλήττετο,

2021 2997 2121 3050 οὐκ
2152 2997 2398 3069 ἐσκίρτα,
2433 2999 2494 3050 06
2525 2999 2895 3067 κατεγίνωσκε
2923 3001 3017 3052 τοῦ
3051 3001 3255 3072 πατρὸς
3288 3002 3362 3066 ὡς
3403 3020 3590 3072 μαινο-

2024 3089 2210 3160 μένου,
2250 3089 2386 3144 άλλά
2415 3092 2509 3145 ml
2549 3092 2828 3163 ἐδεσμεῖτο
2865 3095 2958 3146 ml
2986 3093 3337 3160 ἀνεϐιϐάζετο
3371 3099 3466 3150 ml
3494 3101 3591 3151 ἐπ-

2021 3179 2248 3249 ετίθετο,
2283 3184 2376 3238 καὶ
2398 3184 2575 3238 πάντα
2607 3184 2770 3255 ἔφερε
2795 3189 2943 3257 σιγῇ,
2970 3187 3224 3260 καθάπερ
3249 3207 3332 3254 τις
3352 3192 3587 3260 ἀρνειὸς,

2025 3275 2225 3345 μᾶλλον
2246 3275 2326 3339 δὲ,
2355 3277 2606 3349 καθάπερ
2626 3279 2654 3330 6
2689 3280 2863 3343 κοινὸς
2892 3281 3109 3335 πάντων
3133 3285 3408 3355 Δεσπότη,
3435 3304 3448 3351 ;
3479 3287 3592 3340 Καὶ

2022 3363 2131 3437 γὰρ
2167 3365 2376 3420 ἐκείνου
2411 3369 2661 3438 ἐμιμεῖτο
2693 3369 2792 3439 τὴν
2821 3371 3141 3439 ἐπιείκειαν,
3175 3376 3268 3426 ml
3300 3376 3390 3428 τὸν
3423 3376 3591 3432 τύπον

2022 3457 2337 3525 ἐφύλαττεν·
2390 3460 2483 3524 Ὡς
2512 3460 2810 3527 πρόϐατον
2854 3461 2961 3532 γὰρ
2998 3463 3095 3516 ἐπὶ
3133 3465 3379 3534 σφαγὴν
3410 3467 3590 3536 ἤχθη,

2021 3549 2117 3604 καὶ
2140 3550 2220 3616 ὡς
2244 3549 2434 3620 ἀμνὸς
2463 3551 2739 3606 ἐναντίον
2766 3553 2872 3606 τοῦ
2903 3555 3203 3623 κείροντος
3229 3557 3413 3611 αὐτὸν
3435 3561 3592 3628 ᾶφω-
3709 3605 3718 3610 .

2020 3657 2147 3706 νος.
2188 3641 2381 3695 Καίτοι
2421 3657 2484 3709 γε
2519 3641 2816 3710 ἐφθέγξατο
2851 3637 3024 3708 οὗτος·
3055 3648 3146 3698 καὶ
3175 3647 3283 3718 769
3311 3650 3403 3703 καὶ
3435 3651 3461 3702 6
3496 3654 3592 3703 Δε-

2023 3733 2228 3804 σπότης
2283 3731 2445 3786 αὐτοῦ
2490 3733 2806 3803 ἐφθέγξατο·
2857 3735 2974 3801 πῶς
3015 3734 3106 3790 οὖν
3141 3739 3388 3807 ἄφωνοςς
3421 3743 3589 3796 Τουτ-

2021 3823 2190 3887 έστιν,
2218 3822 2371 3876 οὐδὲν
2405 3821 2633 3889 αῦθαδες
2666 3820 2837 3890 εἶπεν,
2870 3826 2992 3878 ούδέ
3023 3828 3218 3897 τραχὺ,
3249 3829 3383 3884 ἀλλά
3414 3832 3591 3886 πάντα

2020 3915 2200 3987 ἥμερα
2222 3915 2314 3969 ml
2336 3917 2602 3988 προσηνῆ,
2627 3918 2719 3972 ml
2743 3917 2943 3986 μᾶλλον
2965 3919 3064 3989 τῆς
3086 3919 3245 3990 σιγῆς
3275 3923 3344 3974 τά
3365 3924 3432 3993 ρή
3441 3941 3585 3993 ματα

2020 4005 2118 4078 τήν
2152 4006 2452 4060 ἐπιείκειαν
2485 4007 2692 4077 ἐδήλου.
2737 4009 2887 4061 Ἐπεὶ
2927 4011 3021 4062 καὶ
3058 4012 3086 4063 ὀ
3116 4011 3349 4077 Χριστὸς
3374 4013 3580 4082 ἔλεγεν·

2021 4100 2090 4152 El
2129 4095 2250 4167 μὲν
2301 4096 2498 4165 κακῶς
2543 4097 2840 4167 ἐλάλησα,
2889 4103 3273 4170 μαρτύρησον
3309 4105 3441 4172 περὶ
3482 4106 3587 4159 τοῦ

2019 4189 2229 4245 κακοῦ·
2272 4192 2326 4244 εὶ
2379 4189 2448 4243 δὲ
2495 4189 2716 4257 καλῶς,
2743 4193 2802 4245 τί
2838 4210 2916 4260 με
2954 4193 3145 4261 δέρεις
3167 4211 3186 4258 ;
3216 4196 3310 4248 ml
3343 4197 3442 4265 τὴν
3467 4197 3589 4248 ἐπι-

2019 4281 2222 4336 είκειαν
2258 4282 2458 4352 μᾶλλον
2496 4282 2841 4354 ἐδήλωσεν,ἢ
2889 4285 2938 4336 εί
2977 4285 3223 4352 ἐσίγησε.
3257 4287 3363 4339 Kal
3397 4285 3588 4356 ὥσπερ

2019 4367 2171 4434 οὗτος
2193 4369 2272 4440 τῷ
2293 4372 2458 4442 πατρὶ
2478 4371 2586 4425 ἀπὸ
2607 4371 2698 4424 τοῦ
2724 4371 3136 4442 θυσιαστηρίου,
3159 4371 3302 4426 οὕτω
3327 4375 3421 4426 ml
3446 4377 3590 4427 ἐκεῖ-

2019 4480 2109 4525 νος
2143 4461 2252 4516 ἀπὸ
2293 4461 2387 4514 τοῦ
2427 4462 2659 4533 σταυροῦ
2695 4462 3027 4532 διαλέγεται,
3064 4463 3278 4532 Πάτερ,
3306 4465 3454 4534 ἄφες
3481 4469 3590 4519 αὐ-

2019 4554 2166 4622 τοῖς,
2200 4552 2392 4622 λέγων·
2429 4554 2502 4607 οὐ
2535 4553 2644 4623 γὰρ
2692 4553 2892 4608 οἴδασι
2937 4557 2994 4608 τί
3036 4556 3298 4610 ποιοῦσι.
3330 4558 3394 4611 Τί
3437 4555 3528 4613 οὖν
3561 4561 3588 4612 6

2021 4643 2396 4716 πατριάρχης;
2448 4644 2502 4697 Ὀ
2537 4645 2678 4710 Θεὸς
2708 4645 2917 4713 ὄψεται
2947 4645 3138 4712 ἑαυτῷ
3168 4649 3466 4715 πρόϐατον
3501 4653 3588 4716 εἰς

2021 4738 2464 4808 ὀλοκάρπωσιν,
2493 4737 2726 4792 τέκνον.
2766 4739 3045 4812 Ἑκάτεροι
3094 4738 3162 4793 τά
3205 4740 3442 4810 ὀνόματα
3491 4743 3587 4812 τῆς

2021 4831 2234 4901 φύσεως
2262 4830 2534 4884 καλοῦσιν·
2571 4832 2774 4894 ἐκεῖνος
2800 4831 3036 4902 Πατέρα,
3074 4836 3167 4885 καὶ
3193 4833 3380 4888 τέκνον
3412 4825 3584 4898 οὗτος.

2021 4925 2130 4979 Kal
2157 4922 2391 4994 χαλεπὸς
2418 4922 2756 4993 ἑκατέρωθεν
2796 4923 2823 4975 6
2856 4923 3088 4995 πόλεμος
3121 4923 3464 4997 διεγείρε-ται,
3497 4929 3590 4980 ml

2021 5016 2190 5088 πολλὴ
2221 5017 2254 5086 ή
2281 5014 2438 5086 ζάλη,
2474 5015 2568 5068 καὶ
2607 5013 2862 5085 ναυάγιον
2885 5015 3140 5086 οὐδαμοῦ·
3173 5018 3204 5086 ή
3237 5017 3345 5087 γάρ
3373 5018 3588 5084 φιλοσο-

2021 5111 2118 5180 φία
2158 5109 2374 5162 πάντων
2408 5108 2616 5178 κρατεῖ.
2659 5103 2791 5160 Εἶτα
2830 5109 3016 5180 ἐπειδὴ
3069 5109 3267 5179 ήκουσε
3312 5110 3400 5162 τὸν
3432 5111 3585 5174 Θεὸν,

2020 5201 2201 5255 οὐκέτι
2223 5195 2374 5252 εἶπεν
2399 5197 2568 5259 οὐδὲν,
2588 5199 2708 5252 οὐδὲ
2735 5201 3178 5270 περιειργάσατο·
3204 5199 3344 5253 οὕτω
3373 5204 3589 5254 συνετὸν

2019 5289 2086 5364 ἦν
2128 5289 2188 5343 τὸ
2224 5289 2452 5354 παιδίον,
2490 5290 2583 5343 ml
2614 5291 2672 5344 ἐν
2707 5289 2852 5361 αύτῷ
2891 5291 2987 5361 τῆς
3037 5291 3248 5362 ήλικίας
3289 5293 3367 5365 τῷ
3414 5293 3586 5348 ἄνθει.

2021 5381 2174 5448 Εῐδες
2194 5383 2284 5435 τὸν
2309 5380 2530 5452 βασιλέα
2557 5382 2736 5446 πόσων
2769 5382 3040 5454 ἐκράτησε
3072 5387 3469 5455 στρατοπέδων,
3505 5387 3592 5438 πό-

2023 5494 2130 5530 σων
2183 5474 2432 5545 πολέμων
2466 5474 2762 5540 ἐπιόντων;
2809 5476 2942 5528 Οὐδὲ
2991 5476 3099 5546 γὰρ
3144 5478 3316 5541 οὕτως
3357 5475 3493 5550 ἦσαν
3537 5477 3588 5527 οἱ

2023 5568 2286 5640 βάρϐαροι
2331 5572 2396 5640 τῇ
2433 5569 2584 5621 πόλει
2631 5569 2736 5623 τῶν
2783 5571 3168 5643 Ἱεροσολύμων
3217 5569 3456 5640 φοϐεροὶ,
3499 5568 3587 5618 ὅτε

2021 5658 2254 5729 ἐπῆλθον
2308 5660 2444 5730 αὐτῇ
2507 5661 2786 5725 πολλάκις,
2844 5662 2920 5726 ὡς
2974 5665 3022 5715 οἱ
3083 5660 3332 5729 λογισμοὶ
3385 5656 3588 5706 τούτων

2021 5750 2282 5806 πάντοθεν
2328 5751 2487 5808 αὐτὸν
2529 5753 2979 5825 περικαθήμενοι·
3019 5753 3132 5806 ἀλλ’
3155 5752 3303 5819 ὅμως
3333 5744 3588 5798 ἁπάντων
