4070 6152
448 323 555 380 417

442 438 807 511 περιεγένετο.
837 437 1025 491 Βούλει
1049 437 1142 491 καὶ
1165 437 1256 492 τὸν
1279 439 1428 510 ἱερέα
1451 439 1609 503 ίδεῖν;
1636 439 1696 491 ού
1726 438 2008 511 πόρρωθεν

440 540 503 590 τδ
529 533 852 605 ὑπόδειγμα.
884 535 1053 588 Ὅταν
1081 535 1188 606 7&9
1213 533 1376 588 αὑτὸν
1415 535 1530 606 ἴδῃς
1555 535 1667 607 πῦρ
1697 537 1889 606 ἔχοντα
1917 535 2011 590 καῖ⁹

444 633 720 703 μάχαιραν
769 629 863 682 καὶ
916 629 1290 702 θυσιαστηρίῳ
1348 631 1651 700 ἐφεστῶτα,
1707 632 1761 685 τί
1827 632 2012 686 λοιπὸν

441 726 806 797 ἀμφιϐάλλεις
842 726 984 800 ὑπὲρ
1015 729 1114 799 τῆς
1146 727 1484 800 ίερωσύνης;
1520 727 1586 782 El
1613 728 1669 782 δέ
1700 728 1880 799 βούλει
1919 731 2012 784 καὶ

448 826 540 896 τὴν
575 823 764 878 Θυσίαν
797 825 947 890 ίδεῖν,
980 826 1081 896 ὅρα
1109 825 1322 896 διπλῆν.
1357 826 1704 896 Προσήνεγκε
1732 825 1860 895 γοῦν
1883 829 2013 880 παῖ-

439 921 528 990 δα,
581 923 925 994 προσήνεγκε
965 923 1061 975 καὶ
1090 921 1387 994 πρόϐατον,
1427 921 1627 991 μᾶλλον
1653 922 1710 975 δὲ
1742 922 1849 995 πρὸ
1873 924 2013 978 πάν-

442 1037 571 1084 των,
599 1017 696 1089 τὴν
725 1017 916 1071 ἐαυτοῦ
945 1015 1190 1088 γνώμην·
1215 1018 1307 1072 καὶ
1328 1017 1405 1088 τῷ
1429 1018 1526 1088 μὲν
1547 1019 1738 1089 αἵματι
1758 1018 1852 1072 τοῦ
1878 1035 2014 1090 προ-

440 1115 610 1168 ϐάτου
633 1116 732 1184 τὴν
761 1113 963 1180 δεξιάν,
990 1113 1135 1183 τῇδὲ
1167 1115 1348 1184 σφαγῇ
1377 1112 1470 1166 τοῦ
1503 1115 1691 1178 παιδὸς
1721 1114 1818 1186 τὴν
1837 1114 2014 1185 ψυχὴν

442 1207 870 1284 [ι541ήγίασεν,
923 1207 1109 1272 Οὕτως
1155 1208 1532 1281 ἐχειροτονήθη
1577 1210 1774 1282 ἱερεὺς,
1824 1209 2016 1281 αἵματι

445 1303 791 1376 μονογενοῦς,
822 1302 983 1375 θυσίᾳ
1011 1301 1204 1372 ἀμνοῦ.
1232 1303 1342 1357 Καὶ
1371 1303 1480 1376 7&9
1515 1307 1611 1359 καὶ
1634 1308 1683 1360 οἱ
1730 1307 1898 1377 ίερεῖς
1931 1305 2017 1360 αἴ-

445 1416 577 1470 ματι
613 1398 894 1469 ήγιάζοντο
913 1398 1021 1452 τῶν
1057 1399 1268 1468 ἱερείων
1296 1399 1403 1452 τῶν
1431 1399 1509 1471 τῷ
1532 1399 1650 1470 Θεῷ
1675 1400 2018 1472 προσαγομέ-

443 1512 569 1550 νων.
611 1495 798 1548 Βούλει
829 1495 925 1548 καὶ
952 1495 1234 1566 προφήτην
1265 1495 1422 1561 ίδεῖνς
1465 1496 1717 1565 Ἀϐραὰμ
1751 1499 1784 1551 ό
1821 1496 2019 1565 πατὴρ

443 1590 613 1661 ὑμῶν
659 1590 1095 1660 ἠγαλλιάσατο,
1147 1593 1250 1644 ἵνα
1302 1591 1402 1660 ιδῃ
1451 1589 1568 1660 τὴν
1623 1594 1850 1660 ἡμέραν
1902 1591 2020 1660 τὴν

443 1687 615 1756 ἐμήν·
646 1688 742 1740 καὶ
761 1683 904 1751 εἶδε,
932 1686 1032 1740 καὶ
1055 1685 1262 1756 ἐχάρη.
1289 1687 1472 1758 φησίν.
1496 1685 1653 1740 Οῦτω
1681 1689 1774 1740 καὶ
1797 1689 1860 1741 σὺ
1889 1687 2016 1760 γίνῃ

447 1785 720 1855 βασιλεὺς,
751 1786 843 1840 καὶ
874 1785 1072 1856 ἱερεὺς,
1108 1785 1202 1838 καὶ
1233 1788 1517 1854 προφήτης
1566 1784 1624 1835 ἐν
1661 1785 1740 1854 τῷ
1781 1784 2013 1856 λουτρῷ·

447 1877 700 1947 βασιλεὺς
731 1877 850 1948 μὲν,
887 1875 1066 1942 πάσας
1099 1875 1272 1946 χαμαὶ
1294 1874 1456 1948 ῥίψας
1484 1873 1585 1939 τάς
1609 1875 1846 1946 πονηράς
1875 1877 2020 1947 πράη

447 1969 580 2036 ξεις,
627 1969 724 2023 καὶ
772 1969 843 2023 τὰ
875 1970 1252 2042 ἁμαρτήματα
1295 1967 1668 2038 κατασφάξας·
1722 1969 1899 2038 ἱερεὺς
1935 1967 2014 2033 δὲ,

1161 323 1219 379 S.
1259 318 1544 378 JOANNIS
1579 318 2064 376 CIIRYSOSTOMI
2104 318 2420 377 ARCIIIEP.
2457 321 3000 380 CONSTANTINOP.

3569 323 3679 380 418

2113 440 2302 496 ἑαυτὸν
2335 441 2717 514 προσενεγκὼν
2752 443 2830 513 τῷ
2853 443 2994 513 Θεῷ,
3021 443 3112 496 καὶ
3144 441 3454 505 καταθύσας
3487 443 3543 494 τὸ
3576 442 3683 494 σῶ-

2115 555 2210 608 μα,
2247 538 2339 592 καὶ
2369 539 2598 609 σφαγεὶς
2628 541 2722 595 καὶ
2745 540 2925 604 αὑτός·
2950 541 3020 593 Εἰ
3048 537 3156 608 γὰρ
3182 538 3684 608 συναπεθάνομεν

2111 632 2290 699 αὐτῷ,
2321 637 2474 706 φησὶ,
2499 635 2598 690 καὶ
2631 635 2972 706 συζήσομεν
2995 632 3175 698 αὐτῷ·
3201 634 3487 706 προφήτης
3517 633 3593 700 δέ,
3615 637 3683 688 τά

2116 731 2377 801 μέλλοντα
2411 731 2716 802 μανθάνων,
2751 735 2844 786 καὶ
2873 731 3058 795 ἔνθους
3085 732 3369 801 γινόμενος
3392 731 3488 784 καὶ
3512 748 3682 803 σφρα⁴

2113 827 2425 897 γισάμενος.
2449 826 2714 900 Καθάπερ
2742 827 2849 898 γὰρ
2875 825 3232 901 στρατιώταις
3258 827 3514 898 σφραγὶς,
3542 827 3684 882 οὕτω

2114 927 2208 980 καὶ
2233 929 2345 987 τοῖς
2370 929 2580 987 πιστοῖς
2600 925 2660 980 τὸ
2687 926 2910 997 Πνεῦμα
2939 925 3262 979 ἐπιτίθεται·
3296 925 3400 980 κᾶν
3429 925 3684 979 λειποτα-

2113 1027 2342 1097 κτήσῃς,
2373 1023 2673 1095 κατάδηλος
2701 1022 2826 1096 γίνῃ
2851 1023 3034 1075 πᾶσιν.
3073 1020 3314 1074 Ἰουδαῖοι
3349 1020 3447 1089 μὲν
3471 1021 3578 1092 7&9
3606 1018 3685 1076 εἶ-

2114 1139 2207 1194 χον
2238 1125 2505 1194 σφραγῖδα
2533 1121 2630 1193 τὴν
2653 1118 2974 1192 περιτομὴν,
3003 1120 3163 1190 ἡμεῖς
3191 1117 3246 1171 δὲ
3274 1116 3366 1170 τδν
3389 1116 3684 1189 ἀρραϐῶνα

2114 1240 2211 1287 τοῦ
2247 1232 2577 1301 Πνεύματος.
2610 1229 2796 1284 Ταῦτα
2823 1225 2916 1284 οὖν
2959 1228 3182 1292 εἰδότες,
3227 1227 3322 1280 καὶ
3357 1227 3418 1280 τὸ
3464 1226 3685 1297 ἀξίωμα

2115 1331 2176 1384 τὸ
2201 1330 2407 1384 ἑαυτῶν
2441 1329 2810 1400 ἐννοήσαντες,
2836 1326 2984 1392 ἀξιον
3012 1327 3110 1396 τῆς
3150 1325 3371 1396 χάριτος
3401 1323 3684 1389 ἐπιδειξὼ-

2119 1427 2259 1498 μεθα
2281 1427 2414 1498 βίον,
2437 1426 2525 1479 ἴνα
2560 1427 2656 1478 καὶ
2684 1425 2783 1495 τῆς
2812 1421 3113 1494 μελλούσης
3151 1420 3498 1492 ἐπιτύχωμεν
3531 1421 3683 1491 βασι-

2115 1526 2283 1588 λείας·
2313 1519 2381 1595 ἦς
2407 1523 2616 1592 γένοιτο
2637 1521 2846 1586 πάντας
2873 1522 3024 1593 ἡμᾶς
3062 1520 3357 1589 ἐπιτυχεῖν,
3386 1517 3570 1589 χάριτι
3595 1520 3698 1571 καὶ.

2118 1620 2496 1692 φιλανθρωπία
2525 1617 2619 1673 τοῦ
2649 1618 2856 1689 Κυρίου
2889 1616 3042 1689 ἡμῶν
3079 1614 3250 1687 Ἰησοῦ
3283 1614 3542 1686 Χριστοῦ,
3567 1614 3684 1684 μεθ’

2117 1713 2178 1771 οῦ
2212 1717 2288 1788 τῷ
2323 1717 2497 1788 Πατρὶ
2527 1715 2643 1787 ἅμα
2679 1715 2756 1786 τῷ
2787 1713 2926 1786 ἁγίῳ
2953 1713 3229 1784 Πνεύματι
3274 1710 3423 1778 δόξα,
3461 1711 3689 1783 κράτος,

2116 1812 2273 1883 τιμὴ,
2309 1811 2404 1867 νῦν
2430 1813 2520 1868 καὶ
2551 1811 2660 1879 ἀεὶ,
2698 1811 2792 1866 καὶ
2821 1811 2902 1875 είς
2925 1810 3054 1875 τοὺς
3078 1809 3278 1873 αἰῶνας
3308 1808 3419 1863 τῶν
3451 1807 3686 1863 αἰώνων.

2131 1909 2187 1962 ’Δ
2199 1910 2327 1980 μήν.

1930 2257 2174 2312 ΟΜῙΛΙΑ
2211 2254 2285 2314 Δ’.

459 2403 526 2458 Ἐ
572 2401 586 2420 ‘
639 2401 706 2454 δὲ
729 2401 997 2469 μάρτυρα
1025 2400 1133 2454 τὸν
1168 2398 1317 2452 Θεὸν
1344 2399 1740 2468 ἐπικαλοῦμαι
1767 2400 1865 2454 ἐπί
1900 2399 2017 2464 τὴν

518 2421 672 2526 57hr
700 2469 933 2526 ψυγὴν,
965 2469 1054 2522 ὅτι
1082 2469 1429 2526 φειδόμενος
1470 2468 1654 2526 ὑμῶν.
1681 2470 1882 2526 οὐκέτι
1907 2466 2008 2526 ἦλα

547 2471 672 2540 μὴν
700 2466 933 2542 ψυχὴν,
965 2469 1054 2522 ὅτι
1081 2469 1429 2539 φειδόμενος
1470 2466 1654 2539 ὑμῶν,
1681 2470 1882 2526 οὐκέτι
1907 2466 2008 2542 ἦλα

517 2546 628 2596 θον
651 2544 736 2606 είς
766 2540 1072 2608 Κόρινθον.

520 2671 661 2728 α’.Ἱ“ί
679 2670 803 2741 φὴς,
823 2663 868 2723 ὦ
891 2670 1124 2741 μακάριε
1149 2669 1327 2724 Παῦλε
1347 2687 1363 2737 ;
1387 2672 1696 2742 φειδόμενος
1719 2673 1898 2728 αὑτῶν
1917 2674 2019 2729 οὑκ

447 2757 611 2834 ἦλθες
635 2765 711 2825 είς
736 2761 996 2833 Κόρινθον
1021 2778 1035 2826 ;
1071 2761 1280 2816 Οὐκοῦν
1309 2763 1706 2831 ἐναντιολογίαν
1731 2765 1853 2818 τινὰ
1882 2767 2018 2837 ήμῖν

448 2855 688 2922 εἰσάγεις
723 2852 976 2908 ἐνταῦθα.
1015 2853 1296 2925 Ἀνωτέρω
1325 2855 1424 2924 μὲν
1454 2855 1562 2925 γὰρ
1593 2855 1794 2924 ἔλεγες,
1819 2856 1902 2909 ὄτι
1929 2856 2020 2910 διὰ

445 2947 604 3000 τοῦτο
626 2947 726 2998 οὐκ
745 2942 928 3016 ἦλθες,
952 2945 1137 3017 ἐπειδὴ
1169 2947 1231 3000 οὐ
1257 2946 1396 3000 κατὰ
1420 2947 1597 3018 σάρκα
1623 2947 1873 3020 βουλεύῃ,
1897 2947 2020 3002 οὐδὲ

448 3037 638 3108 κύριος
662 3035 712 3090 εἶ
743 3036 966 3100 σαυτοῦ,
992 3037 1106 3090 ἀλλ’
1135 3038 1240 3091 ὑπὸ
1272 3039 1370 3109 τῆς
1408 3039 1502 3092 τοῦ
1524 3039 1847 3113 Πνεύματος
1868 3040 2020 3108 ἐξου-

449 3128 570 3190 σίας
599 3125 869 3196 πανταχοῦ
902 3126 1161 3198 περιάγῃ,
1196 3128 1288 3181 καὶ
1336 3127 1436 3192 τὰς
1472 3128 1676 3198 θλίψεις
1725 3131 1806 3195 είς
1855 3131 2020 3201 μέσον

446 3213 602 3288 ἦγες·
636 3216 866 3270 ἐνταῦθα
893 3217 949 3270 δέ
987 3216 1079 3270 σὺν
1115 3218 1222 3288 φὴς
1253 3213 1390 3272 εἶναι
1411 3219 1472 3272 τδ
1501 3220 1576 3290 μὴ
1604 3221 1801 3287 ἐλθεῖν,
1833 3223 2020 3278 οὐκέτι

447 3309 547 3376 τῆς
597 3305 690 3359 τοῦ
731 3305 1046 3376 Πνεύματος
1091 3304 1354 3371 ἐξουσίας·
1409 3309 1503 3363 καὶ
1543 3310 1650 3380 γάρ
1695 3328 1882 3382 φησιν,
1937 3312 2020 3366 ὅτι

449 3397 801 3466 Φειδόμενος
823 3397 1009 3467 ὑμῶν,
1040 3399 1149 3452 οὐκ
1179 3393 1369 3467 ἦλθον
1393 3402 1482 3468 είς
1506 3401 1815 3470 Κόρινθον.
1839 3404 1904 3457 Τί
1927 3400 2020 3459 οὖν

447 3489 595 3544 ἐστιν
623 3489 833 3556 είπεῖν;
871 3488 941 3541 Ἦ
986 3487 1066 3542 ὅτι
1095 3488 1372 3543 καὶτοῦτο
1405 3491 1537 3545 αὑτὸ
1569 3491 1662 3546 τοῦ
1701 3492 2021 3564 Πνεύματος

445 3576 538 3652 ἦν,
583 3581 678 3636 καὶ
730 3579 964 3652 ἠθέλησε
1024 3580 1122 3652 μὲν
1154 3581 1315 3645 αὐτὸς
1347 3581 1541 3647 ἐλθεῖν,
1581 3583 1821 3640 ὑπέϐαλε
1865 3586 1924 3640 δέ
1959 3586 2020 3641 τὸ

449 3674 675 3742 Πνεῦμα
729 3673 805 3743 μὴ
844 3671 1267 3744 παραγενέσθαι,
1321 3673 1421 3744 τήν
1467 3675 1635 3744 φειδὼ
1679 3677 1779 3749 τὴν
1837 3677 2018 3735 αὐτῶν

447 3763 906 3833 προϐαλλόμενον·
945 3762 978 3832 ἢ
1009 3762 1137 3833 περὶ
1169 3763 1361 3836 ἐτέρας
1391 3763 1537 3833 λέγει
1568 3768 1893 3838 παρουσίας,
1921 3769 2020 3840 δη-

447 3855 556 3907 λῶν
584 3855 665 3908 ὅτι
691 3854 818 3922 πρὶν
843 3853 876 3922 ἢ
904 3852 1113 3923 γράψαι
1138 3852 1235 3925 τὴν
1264 3855 1534 3927 προτέραν
1558 3859 1862 3930 ἐπιστολὴν,
1894 3860 2020 3931 ἠθέ-

446 3945 612 4016 λησεν
641 3942 841 4006 ἐλθεῖν,
876 3943 971 3995 καὶ
1007 3944 1274 4014 κατέσχεν
1302 3945 1493 3999 ἐαυτὸν
1519 3947 1586 4000 δι’
1612 3950 1854 4021 ἀγάπην,
1876 3950 2018 4006 ὥστε

450 4034 528 4106 μὴ
569 4030 914 4104 ἀδιορθώτοις
965 4033 1270 4102 ἐπιστῆναι.
1321 4035 1484 4098 Είκὸς
1525 4037 1582 4090 δέ
1615 4039 1710 4092 καὶ
1744 4041 1881 4109 μετὰ
1919 4040 2017 4112 τὴν

444 4125 706 4196 δευτέραν
733 4121 1181 4194 Ἐπιστολὴν,τοῦ
1211 4123 1529 4196 Πνεύματος
1561 4129 1757 4198 μηκέτι
1783 4129 2018 4186 κωλύον-

443 4233 537 4280 τος
564 4216 745 4283 αὑτὸν,
781 4215 975 4269 ἐκόντα
1017 4214 1104 4269 διά
1135 4215 1234 4287 τὴν
1271 4217 1450 4271 αἰτίαν
1487 4218 1690 4290 ταύτην
1722 4222 1920 4290 μεῖναι.
1956 4221 2019 4278 '0

443 4307 540 4364 καὶ
577 4306 777 4380 μᾶλλόν
804 4308 953 4360 ἐστιν
987 4306 1348 4374 ὑποπτεῦσαι,
1379 4308 1462 4362 ὅτι
1491 4309 1640 4381 παρὰ
1671 4311 1770 4381 μὲν
1791 4310 1888 4383 τὴν
1913 4311 2018 4384 ἀρ-

443 4401 546 4473 χὴν
576 4399 639 4453 τὸ
675 4399 901 4472 Πνεῦμα
929 4398 1188 4454 ἐκώλυεν·
1226 4399 1453 4473 ὕστερον
1477 4401 1536 4457 δέ
1567 4403 1661 4458 καὶ
1701 4404 1862 4470 αὐτὸς
1896 4406 2017 4460 ἐπι-

442 4490 800 4562 λογισάμενος
841 4491 924 4544 δτι
975 4489 1128 4564 [455]
1168 4490 1327 4545 τοῦτο
1355 4491 1582 4562 βέλτιον,
1615 4493 1820 4565 ἔμεινε.
1850 4497 1924 4550 Σὺ
1957 4497 2017 4551 δέ

448 4599 542 4654 μοι
587 4581 778 4636 σκόπει
824 4581 942 4645 πῶς
973 4582 1134 4636 πάλιν
1168 4582 1360 4635 ἐαυτοῦ
1391 4584 1684 4656 μέμνηται,
1715 4587 1744 4639 δ
1778 4588 2018 4661 συνεχῶς

442 4674 624 4744 λέγειν
669 4673 731 4726 ού
773 4671 1074 4744 παύσομαι,
1103 4673 1212 4728 ἀπὸ
1243 4674 1350 4727 τῶν
1382 4675 1638 4730 ἐναντίων
1683 4677 1861 4748 ἐαυτῷ
1889 4696 2015 4734 συν-

444 4765 754 4837 ιστάμενος.
786 4765 1004 4835 Ἐπειδὴ
1021 4765 1129 4840 γὰρ
1151 4767 1246 4820 καὶ
1265 4765 1420 4820 τοῦτο
1439 4767 1584 4832 είκὸς
1601 4764 1669 4841 ἦν
1689 4769 2014 4826 ὑποπτεύειν

441 4855 660 4920 αὐτοὺς,
705 4855 797 4908 καὶ
823 4854 1022 4923 λέγειν,
1060 4855 1141 4909 ὅτι
1180 4857 1280 4909 Διά
1307 4854 1466 4910 τοῦτο
1506 4857 1606 4910 οὑκ
1639 4857 1907 4931 ἠθέλησας
1927 4861 2015 4914 ἐλ-

441 4946 578 5002 θεῖν·
617 4947 888 5018 ἐμίσησας
917 4946 1026 5019 7&9
1052 4947 1198 5018 ἡμᾶς
1221 4964 1234 4977 ·
1279 4948 1516 5002 δείκνυσι
1563 4949 1890 5016 τούναντίον,
1932 4954 2016 5007 ὅτι

437 5039 531 5094 διὰ
557 5039 715 5093 τοῦτο
737 5040 837 5092 οὑκ
867 5038 1152 5109 ἠθέλησεν,
1183 5039 1370 5110 ἐπειδὴ
1399 5040 1574 5110 ἐφίλει
1606 5042 1822 5108 αὐτούς.
1859 5043 1925 5098 Τί
1955 5045 2014 5100 δέ

440 5134 560 5184 ἐστι
593 5131 674 5193 τὸ,
709 5130 1105 5200 πιδόμενοςς
1136 5131 1402 5195 Ἤκουσα,
1433 5134 1619 5203 φησὶν,
1651 5134 1732 5188 ὄτι
1752 5135 2014 5207 ἐπόρνευ-

444 5221 546 5275 σάν
582 5238 727 5284 τινες
764 5223 894 5294 παρ’
931 5222 1079 5293 ὑμῖν·
1105 5223 1206 5277 οὑκ
1242 5222 1434 5295 ῆθελον
1459 5220 1552 5278 οῦν
1576 5225 1743 5280 ἐλθὼν
1774 5226 2012 5299 λυπῆσαι

440 5315 607 5384 ὑμᾶς.
634 5313 744 5368 Καὶ
763 5315 871 5384 γὰρ
897 5315 1108 5385 ἀνάγκη
1134 5317 1379 5389 παρόντα
1401 5318 1654 5383 ἐξετάσαι
1676 5319 1736 5373 τὸ
1760 5323 2012 5393 πρᾶγμα,

440 5407 538 5460 καὶ
566 5404 870 5472 ἐπεξελθεῖν
903 5408 998 5459 κα)⁵
1031 5408 1279 5475 κολάσαι,
1311 5409 1408 5462 καὶ
1449 5410 1676 5476 πολλοὺς
1703 5412 2006 5483 ἀπαιτῆσαι

436 5498 616 5569 δίκην.
650 5496 865 5550 Βέλτιον
893 5492 986 5550 οὖν
1007 5491 1147 5552 εἶναι
1175 5499 1400 5570 ἐνόμισα
1429 5501 1665 5570 ἀπεῖναι,
1690 5505 1783 5558 καὶ
1823 5504 2004 5559 ἐνδοῦο

439 5607 527 5644 ναι
555 5587 905 5660 μετανοῆσαι,
926 5588 959 5659 ἢ
986 5588 1177 5661 παρὼν
1197 5589 1524 5657 ἐπεξελθεῖν,
1549 5595 1642 5648 καὶ
1666 5596 2006 5669 παροξυνθῆ-

439 5701 528 5737 ναι
548 5683 829 5752 μειζόνως.
861 5684 969 5738 Καὶ
996 5681 1104 5755 γάρ
1135 5681 1269 5756 πρὸς
1294 5682 1370 5756 τῷ
1394 5683 1534 5740 τέλει
1558 5685 1656 5756 τῆς
1685 5689 2004 5761 ⁹Ἐπιστολῆς

2121 2397 2305 2466 σαφῶς
2328 2395 2459 2450 αὑτὸ
2483 2394 2863 2467 παρεδήλωσεν
2897 2393 3086 2450 εἰπών·
3115 2393 3411 2464 Φοϐοῦμαι
3445 2395 3530 2464 μή
3567 2409 3689 2462 πως

2118 2489 2373 2542 ἐλθόντα
2416 2503 2493 2556 με
2535 2485 2874 2554 ταπεινώσῃ
2928 2487 2961 2540 ό
3008 2486 3150 2552 Θεός
3172 2503 3291 2555 μου
3331 2486 3482 2554 πρὸς
3514 2485 3685 2556 ὑμᾶς.

2119 2578 2218 2633 καί
2242 2565 2532 2647 πενθήσῶ
2552 2576 2822 2643 πολλοὺς
2862 2575 2978 2630 τῶν
3003 2579 3564 2646 προημαρτηκότων,
3589 2577 3688 2631 καί

2112 2669 2200 2741 μὴ
2221 2667 2725 2740 μετανοησάντων
2756 2667 2856 2722 ἐπὶ
2882 2666 2957 2736 τῇ
2987 2667 3275 2738 ἀσελγείᾳ
3303 2669 3404 2723 καί
3433 2669 3683 2738 ἀκαθαρο

2119 2761 2245 2826 σίᾳ,
2276 2753 2316 2830 ᾖ
2345 2758 2634 2824 ἔπραξαν.
2675 2757 2846 2811 Τοῦτο
2870 2758 3049 2812 τοίνυν
3104 2758 3200 2812 κα)⁸
3242 2757 3480 2812 ἐνταῦθα
3522 2759 3688 2813 ἐνδεί-

2120 2868 2330 2917 κνυται,
2365 2851 2460 2904 καὶ
2505 2849 2650 2918 λέγει
2702 2850 2802 2922 μὲν
2846 2849 3010 2915 αὑτὸς
3043 2849 3119 2914 ῶς
3162 2863 3189 2892 ι
3235 2850 3686 2923 ἀπολογούμενος,

2121 2941 2407 3009 ἐπιστύφει
2431 2940 2489 2994 δὲ
2516 2941 2712 3004 αὑτοὺς
2737 2941 3090 3012 σφοδρότατα,
3120 2941 3216 2994 καὶ
3248 2941 3420 3010 φοϐεῖ.
3454 2943 3563 2996 Καὶ
3583 2942 3693 3014 γὰρ

2119 3033 2338 3107 ᾐνίξατο
2371 3033 2640 3105 τιμωρίας
2678 3032 2839 3097 ὄντας
2879 3032 3078 3098 αὐτοὺς
3122 3034 3472 3099 ὑπευθύνους,
3508 3036 3603 3088 καί
3634 3053 3689 3090 τι

2120 3125 2216 3180 καὶ
2245 3123 2624 3194 πεισομένους,
2654 3123 2703 3175 εί
2749 3122 2823 3192 μὴ
2854 3122 3063 3193 ταχέως
3104 3121 3460 3192 διορθωθεῖεν.
3497 3124 3561 3175 Ὅ
3591 3124 3688 3176 καὶ

2117 3212 2251 3268 αὑτὸ
2295 3211 2456 3266 πάλιν
2502 3212 2560 3264 ἐν
2600 3210 2679 3281 τῷ
2721 3211 2863 3263 τέλει
2894 3211 2994 3282 τῆς
3027 3211 3347 3283 Ἐπιστολῆς
3379 3229 3558 3284 φησιν,
3601 3213 3688 3265 ᾶτι

2131 3303 2267 3357 Ἐὰν
2292 3303 2448 3358 ἔλθω
2480 3305 2567 3370 είς
2599 3302 2666 3356 τὸ
2703 3302 2909 3368 πάλιν,
2953 3305 3025 3358 οὐ
3053 3305 3354 3374 φείσομαι.
3399 3305 3544 3375 Πλὴν
3572 3303 3688 3358 ἀλλ’

2119 3397 2238 3450 ἐκεῖ
2271 3397 2372 3467 μὲν
2408 3395 2765 3466 σαφέστερον,
2791 3393 3026 3448 ἐνταῦθα
3058 3393 3136 3459 δέ,
3173 3395 3360 3466 ἐπειδὴ
3407 3395 3690 3468 προοίμιον

2117 3480 2207 3558 ἦν,
2244 3487 2342 3557 οὑχ
2386 3485 2559 3550 οὕτως
2593 3484 2728 3542 αὑτὸ
2772 3484 2944 3553 λέγει,
2977 3485 3092 3538 ἀλλ’
3122 3486 3572 3557 ὑπεσταλμένως·
3603 3487 3695 3540 καί⁸

2119 3578 2239 3634 ούδέ
2253 3579 2428 3650 τούτῳ
2449 3580 2714 3651 ἀρκεῖται,
2741 3578 2877 3633 ἀλλά
2908 3578 2997 3633 καὶ
3017 3578 3148 3632 αύτδ
3169 3579 3326 3632 τοῦτο
3349 3580 3512 3634 πάλιν
3535 3579 3694 3650 θεραο

2121 3669 2294 3734 πεύει,
2327 3667 2705 3740 ἐπιδιορθώσει
2732 3668 3087 3740 κεχρημένος.
3123 3669 3343 3740 Ἐπειδὴ
3369 3669 3478 3740 7&9
3501 3669 3692 3742 ὥσπερ

2119 3759 2365 3828 ἐξουσίαν
2389 3761 2589 3834 πολλὴν
2611 3762 3023 3833 ἐνδεικνυμένου
3037 3761 3098 3814 τὸ
3125 3761 3191 3833 ρῆ
3199 3779 3274 3832 μα
3299 3757 3387 3832 ἦν·
3422 3762 3685 3832 (φείδεται

2117 3853 2227 3926 γάρ
2243 3870 2324 3917 τις
2348 3852 2591 3918 ἐκείνων,
2620 3853 2715 3918 οὓς
2744 3856 2840 3908 καὶ
2870 3855 3092 3911 κολάσαι
3131 3854 3315 3926 κύριός
3345 3852 3504 3924 ἐστι),
3527 3852 3686 3907 τοῦτο

2116 3943 2251 3998 αὐτὸ
2304 3943 2822 4014 παραμυθούμενος,
2872 3945 2966 3998 καὶ
3017 3945 3077 4000 τὸ
3107 3944 3291 4000 δοκοῦν
3324 3940 3461 3997 εἶναι
3505 3947 3682 4017 τραχὺ

2119 4033 2427 4098 συσκιάζων
2461 4035 2648 4106 φησίν·
2707 4037 2831 4105 Οὐχ
2868 4035 2957 4089 ὅτι
2999 4039 3346 4106 κυριεύομεν
3372 4037 3538 4107 ὑμῶν
3573 4039 3687 4108 τῆς

2117 4123 2396 4191 πίστεως.
2425 4125 2708 4191 Τουτέστι,
2740 4127 2815 4180 Οὐ
2845 4127 2932 4181 διὰ
2954 4127 3115 4182 τοῦτο
3143 4123 3316 4195 εῐπον,
3336 4129 3417 4184 ὅτι
3444 4129 3688 4200 φειδόμεο

2117 4227 2208 4277 νος
2236 4212 2390 4284 ὑμῶν
2411 4214 2511 4268 ούκ
2533 4211 2716 4286 ἦλθον,
2749 4216 2825 4280 ὡς
2853 4216 3122 4288 κυριεύων
3147 4218 3319 4288 ὑμῶν.
3352 4218 3460 4273 Καὶ
3483 4219 3581 4274 οὐκ
3611 4217 3685 4272 εἷ-

2115 4317 2240 4368 πεν,
2273 4301 2478 4373 ’Υμῶν,
2505 4302 2659 4367 ἀλλά,
2696 4303 2812 4376 Τῆς
2835 4307 3112 4376 πίστεως·
3136 4308 3165 4361 ὃ
3187 4309 3282 4361 καὶ
3301 4309 3600 4380 πραότερον
3618 4305 3684 4380 ἦν

2115 4393 2212 4447 καὶ
2237 4393 2620 4467 ἀληθέστερον.
2653 4395 2758 4450 Τὸν
2784 4397 2892 4470 7&9
2925 4397 3000 4470 μὴ
3031 4398 3356 4470 βουλόμενον
3395 4400 3682 4454 πιστεῦσαι

2113 4485 2199 4546 τίς
2229 4483 2418 4557 κύριος
2448 4486 2757 4555 ἀναγκάσαι
2781 4505 2796 4555 ;
2841 4489 3027 4544 Ἀλλὰ
3061 4492 3346 4562 συνεργοί
3368 4490 3556 4562 ἐσμεν
3579 4489 3684 4559 τῆς

2114 4574 2305 4644 χαρᾶς
2350 4575 2538 4646 ὑμῶν.
2582 4579 2798 4650 Ἐπειδὴ
2839 4581 2967 4653 γὰρ,
3017 4584 3202 4654 φησὶν,
3251 4585 3284 4654 ή
3341 4582 3486 4654 χαρά
3533 4583 3681 4654 ὑμῶν

2115 4663 2360 4735 ἡμετέρα
2383 4665 2552 4731 ἐστὶν,
2583 4667 2684 4721 οὑκ
2714 4663 2897 4740 ἦλθον,
2929 4669 3017 4724 ἵνα
3045 4671 3119 4742 μὴ
3147 4673 3372 4744 ἐμϐάλω
3404 4674 3484 4737 είς
3507 4672 3681 4744 λύπην

2115 4757 2281 4828 ὑμᾶς,
2313 4757 2404 4811 καὶ
2434 4757 2654 4831 αὑξήσω
2684 4761 2786 4834 τὴν
2814 4762 3052 4834 ἀθυμίαν
3082 4765 3181 4835 τὴν
3211 4767 3370 4838 ἐμήν·
3403 4767 3520 4820 ἀλλ’
3537 4767 3682 4838 ἐμει-

2113 4863 2203 4912 να,
2232 4848 2320 4902 ἵνα
2353 4847 2738 4922 διορθωθέντες
2763 4853 2872 4908 ἀπὸ
2911 4855 3010 4927 τῆς
3035 4856 3285 4928 ἀπειλῆς,
3317 4858 3678 4930 εύφρανθῆτε.

2110 4938 2297 4994 Πάντα
2324 4941 2434 5014 7&9
2463 4943 2723 5016 ποιοῦμεν
2750 4945 2893 5018 ὑπὲρ
2913 4951 3014 5020 τῆς
3046 4951 3221 5020 χαρᾶς
3254 4951 3351 5021 τῆς
3389 4951 3678 5024 ὑμετέρας,

2112 5030 2209 5085 καὶ
2231 5032 2372 5105 ὑπὲρ
2401 5034 2592 5089 τούτου
2617 5037 2936 5110 σπεύδομεν,
2966 5042 3154 5112 ἐπειδὴ
3186 5044 3278 5095 καὶ
3307 5044 3460 5097 αὑτοὶ
3491 5062 3679 5098 κοινω-

2113 5122 2313 5197 νοῦμεν
2347 5125 2508 5198 αὐτῇ.
2541 5127 2619 5197 Τῇ
2646 5129 2756 5198 γὰρ
2780 5131 2978 5186 πίστει
3002 5131 3315 5199 ἑστήκατε.
3351 5136 3494 5206 Ὅρα
3526 5135 3682 5188 πάλιν

2113 5214 2536 5286 ὑπεσταλμένως
2559 5218 2958 5292 διαλεγόμενον.
2983 5222 3194 5276 Δέδοικε
3223 5224 3330 5294 7&9
3351 5224 3529 5278 αὐτῶν
3551 5225 3651 5278 καο
3666 5253 3679 5263 ο

2112 5306 2352 5376 ἅψασθαι
2383 5309 2567 5375 πάλιν,
2591 5311 2778 5384 ἐπειδὴ
2805 5313 3047 5385 σφοδρῶς
3066 5313 3246 5367 αὐτῶν
3271 5316 3327 5367 ἐν
3349 5317 3414 5386 τῇ
3442 5315 3684 5388 προτέρᾳ

2173 5569 2190 5640 _'
2218 5570 2299 5628 Ὡς
2321 5580 2434 5640 ροβι
2471 5575 2612 5632 αὑτός
2655 5590 2753 5640 non
2786 5579 2995 5631 habetur
3035 5583 3083 5632 in
3117 5583 3280 5640 editis,
3305 5583 3394 5632 sed
3418 5584 3468 5633 in
3492 5597 3586 5632 ms.
3610 5583 3684 5633 le-

2112 5629 2270 5742 ,
2300 5629 2354 5686 c't
2384 5629 2634 5702 interprés
2671 5629 2869 5692 Latinus
2892 5629 2983 5694 Ῐιῖ
3015 5629 3394 5708 ιεέίίίῖἙοὲ
3420 5629 3672 5708 ᾶρὦιιήἱι·
