4070 6152
353 255 454 309 ἰσΠ

353 368 620 423 exercitus
650 382 743 422 rex
770 366 856 424 hic
882 365 1163 437 superarit,
1196 370 1325 435 quot
1347 365 1604 422 irruentia
1624 366 1764 422 bella
1789 381 1930 422 com-

353 458 651 528 presserit?
675 457 858 529 Neque
885 459 1027 514 enim
1049 456 1400 531 ierosolymaz
1431 469 1539 513 tam
1568 457 1932 515 formidabiles

352 558 507 604 erant
537 550 769 617 barbari,
799 565 922 604 cum
949 563 1066 604 eam
1093 562 1465 618 saepenumero
1491 549 1928 620 aggrederentur,

350 657 511 710 quam
540 640 624 696 has
646 641 994 712 cogitationes
1022 638 1252 711 undique
1273 639 1448 710 ipsum
1468 640 1928 705 circumsidentes;

350 741 407 786 et
447 741 623 787 tamen
667 745 854 788 omnes
900 731 1195 803 superavit.
1250 731 1342 786 Vis
1389 730 1550 786 etiam
1596 731 1929 787 sacerdotem

351 825 616 881 cernere?
644 840 750 880 non
782 825 940 896 longe
969 824 1273 895 exemplum
1319 833 1423 880 est.
1466 823 1599 878 Nam
1644 837 1766 878 cum
1808 839 1931 879 eum

351 919 525 990 ignem
554 927 606 974 et
631 918 866 989 gladium
905 919 1215 986 habentem,
1243 926 1298 974 et.
1324 918 1478 972 altari
1511 917 1810 972 adstantem
1853 917 1932 970 in-

350 1010 534 1076 tueris,
552 1009 675 1080 quid
688 1010 802 1080 jam
822 1018 906 1064 est
929 1009 1070 1080 quod
1097 1009 1165 1065 de
1189 1008 1488 1064 sacerdotio
1509 1007 1756 1062 dubites?
1778 1006 1929 1074 Quod

345 1100 390 1154 si
410 1099 486 1153 vis
515 1099 785 1156 victimam
811 1114 1023 1170 quoque
1046 1098 1248 1166 videre,
1280 1097 1546 1168 duplicem
1573 1110 1761 1152 cernas
1783 1097 1924 1150 licet.

342 1191 545 1247 Obtulit
575 1193 718 1247 enim
765 1191 958 1259 filium,
987 1191 1180 1247 obtulit
1213 1200 1266 1246 et
1300 1205 1476 1255 ovem,
1509 1189 1612 1255 vel,
1645 1197 1700 1243 ut
1729 1189 1928 1244 rectius

345 1283 553 1354 loquar,
581 1293 710 1338 ante
733 1283 912 1337 omnia
947 1282 1274 1336 voluntatem
1299 1296 1470 1336 suam.
1500 1281 1672 1349 Atque
1695 1294 1788 1348 per
1811 1279 1927 1332 ovis

342 1375 557 1444 quidem
584 1389 854 1440 cruorem,
882 1389 1135 1438 manum;
1165 1388 1260 1442 per
1287 1372 1382 1428 lilii
1430 1380 1606 1427 autem
1649 1371 1927 1426 mactatio-

344 1481 467 1521 nem
491 1467 726 1521 animam
756 1466 1119 1520 sanctificavit.
1147 1468 1320 1535 Atque
1346 1465 1416 1519 ita
1439 1463 1691 1520 sacerdos
1712 1472 1926 1519 creatus

342 1568 444 1618 est,
480 1574 574 1628 per
603 1557 862 1627 unigeniti
906 1557 1245 1626 sanguinein,
1294 1571 1388 1626 per
1428 1555 1554 1634 agni
1583 1553 1919 1609 sacrificium.

338 1647 472 1703 Nam
502 1657 557 1704 et
579 1647 885 1703 sacerdotes
909 1663 1004 1718 per
1043 1649 1400 1712 victimarum,
1427 1661 1550 1716 quae
1595 1645 1703 1699 Deo
1729 1643 1922 1698 offere-

341 1741 558 1807 bantur,
587 1741 899 1810 sanguinem
933 1740 1061 1795 olim
1103 1738 1422 1794 sanctificari
1451 1737 1715 1793 solebant.
1763 1735 1924 1790 Visne

337 1831 498 1886 etiam
545 1831 857 1902 prophetam
899 1831 1248 1902 conspicere?
1294 1830 1550 1884 Abraham
1586 1838 1730 1899 pater
1767 1835 1924 1880 vester

337 1925 606 1978 exsultavit
642 1935 698 1978 ut
722 1924 909 1978 videret
941 1925 1072 1978 diem
1108 1940 1272 1977 meum
1300 1938 1318 1977 :
1343 1932 1390 1977 et
1429 1921 1552 1975 vidit
1574 1962 1589 1987 ,
1629 1930 1684 2006 et.
1721 1920 1921 1990 gavisus

337 2026 409 2070 est
437 2015 614 2087 (Joan.
644 2016 699 2072 5.
728 2016 839 2086 '53).
883 2015 964 2074 Ad
999 2018 1248 2071 eumdem
1293 2013 1510 2069 modum
1539 2021 1593 2068 tu
1620 2026 1831 2083 quoque
1861 2011 1914 2064 in

1406 252 1474 310 ΙΝ
1510 251 1725 310 EPIST.
1768 250 1811 307 11
1873 253 1965 309 ΔΙ)
2003 253 2155 310 COR.
2197 253 2425 314 H031"...
2468 260 2557 318 IV.

3509 281 3616 340 διε

2035 367 2300 440 baptismo
2323 389 2438 442 rex,
2466 381 2522 431 et
2545 375 2816 445 sacerdos,
2837 386 2892 432 et
2911 378 3168 451 propheta
3193 381 3420 441 efficeris
3449 406 3463 442 :
3489 404 3611 457 rex,

2034 475 2156 518 cum
2187 478 2374 521 omnes
2413 481 2603 535 pravas
2645 469 2882 525 actiones
2922 472 2974 526 in
3005 481 3204 529 terram
3243 475 3507 546 abjecistt,
3552 497 3617 537 ac

2035 564 2251 622 peccata
2307 555 2625 612 interemisti
2668 577 2683 614 :
2732 561 3017 628 sacerdos,
3059 579 3182 619 cum
3234 566 3461 637 teipsum
3505 571 3617 627 Deo

2033 642 2291 713 obtulisti,
2331 661 2394 702 ac
2421 662 2616 718 corpus
2642 653 2906 718 mactasti,
2934 665 3096 724 atque
3123 654 3236 725 ipse
3263 673 3475 730 quoque
3496 677 3614 716 ma-

2033 741 2206 788 ctatus
2233 751 2291 790 es
2316 751 2329 794 :
2363 737 2424 792 Si
2442 740 2575 794 enim
2595 741 2640 794 ei
2665 746 2962 799 commortui
2985 763 3178 814 sumus,
3205 750 3394 822 inquit,
3419 763 3466 807 et
3487 770 3611 809 cart-

2031 826 2254 880 vivemus
2286 827 2336 881 ei
2367 827 2439 898 (2.
2470 830 2574 885 Tit.
2611 831 2666 886 2.
2697 833 2787 906 11)
2820 853 2835 890 :
2884 837 3140 907 propheta
3183 839 3450 913 denique,
3488 858 3611 901 cum

2033 915 2206 973 futura
2232 917 2394 974 discis
2419 936 2482 976 ac
2507 921 2694 978 divino
2719 928 2936 982 numine
2959 927 3157 985 amaris
3178 940 3336 1002 atque
3355 933 3608 1004 obsigna-

2033 1009 2129 1063 ris.
2156 1009 2614 1078 Quemadmodum
2645 1018 2789 1070 enim
2819 1026 2943 1072 nota
2971 1021 3214 1090 quaedam
3237 1024 3512 1090 militibus,
3539 1025 3611 1081 ita

2033 1099 2284 1157 ﬁdelibus
2321 1119 2532 1174 quoque
2573 1105 2807 1176 Spiritus
2849 1108 3163 1178 imponitur.
3193 1111 3310 1178 Qun
3352 1114 3432 1180 fit,
3464 1125 3522 1170 ut
3563 1116 3610 1170 si

2032 1191 2274 1248 ordinem
2299 1193 2623 1262 deserueris,
2657 1199 2968 1267 perspicuus
3012 1201 3261 1256 omnibus
3294 1202 3411 1257 fias.
3441 1205 3610 1260 Judei

2030 1284 2172 1338 enim
2198 1285 2334 1354 signi
2363 1285 2482 1342 loco
2509 1286 2970 1346 circumcisionem
2995 1290 3282 1361 habebant,
3311 1310 3409 1350 nos
3430 1309 3610 1353 autem

2030 1377 2222 1446 pignus
2247 1376 2498 1447 Spiritus.
2545 1379 2671 1435 llasc
2710 1380 2867 1452 igitur
2893 1383 3124 1456 scientes
3144 1425 3159 1450 ,
3205 1400 3268 1440 ac
3296 1386 3607 1458 dignitatem

2028 1478 2264 1522 nostram
2285 1468 2707 1538 considerantes,
2730 1473 2894 1528 vitam
2931 1475 3100 1544 gratia
3127 1476 3340 1547 dignam
3375 1490 3605 1550 pratste-

2029 1572 2167 1622 mus,
2196 1567 2254 1612 ut
2273 1557 2451 1616 futuro
2479 1577 2688 1632 quoque
2718 1579 2885 1634 regno
2923 1567 3189 1635 potiamur
3218 1588 3232 1624 :
3272 1570 3414 1640 quod
3451 1571 3611 1626 detur

2027 1649 2276 1704 omnibus
2302 1651 2459 1705 nobis
2487 1654 2723 1723 assequi,
2767 1656 2936 1726 gratia
2961 1665 3017 1711 et
3042 1657 3369 1730 benignitate
3397 1661 3610 1720 Domini

2027 1741 2192 1794 nostri
2225 1740 2352 1796 Jesu
2391 1742 2612 1810 Christi,
2656 1760 2777 1800 cum
2805 1762 2912 1816 quo
2945 1748 3088 1804 Patri
3124 1752 3387 1822 simulque
3423 1764 3611 1810 sancto

2025 1832 2245 1902 Spiritui
2275 1836 2465 1906 gloria,
2497 1838 2798 1908 imperium,
2829 1841 3021 1911 honor,
3044 1861 3186 1901 nunc
3213 1855 3268 1902 et
3289 1861 3523 1920 scalper,
3551 1858 3611 1906 et

2025 1924 2078 1978 in
2103 1926 2298 1980 saecula
2325 1928 2666 1984 saeculorum.
2691 1933 2883 1988 Amen.

351 2157 3525 2181 mw

1716 2223 2056 2284 HOMILIA
2100 2223 2206 2286 ιν.

336 2359 464 2418 CAP.
500 2365 550 2418 1.
580 2381 632 2418 v.
663 2365 753 2421 25.
785 2363 894 2436 Ego
919 2376 1089 2421 autem
1116 2377 1288 2422 testem
1309 2365 1475 2423 Deum
1503 2367 1680 2422 invoco
1706 2366 1761 2420 in
1794 2367 1910 2420 ani-

407 2475 538 2511 mam
567 2475 750 2525 meam,
780 2461 914 2530 quod
943 2477 1154 2531 parcens
1196 2460 1334 2514 vobis
1377 2476 1478 2515 non
1515 2460 1652 2514 ultra
1681 2458 1792 2512 veni
1817 2457 1916 2512 Co-

406 2551 648 2604 rint/tum.

408 2643 457 2696 1.
486 2642 622 2711 Quid
664 2646 764 2705 ais.
810 2644 967 2699 beate
995 2645 1192 2700 Paule?
1220 2659 1444 2716 parcens
1479 2645 1558 2701 eis
1585 2660 1692 2700 non
1723 2643 1914 2701 venisti

335 2733 688 2788 Corinthum?
715 2737 855 2807 Ergo
883 2751 1186 2794 sermonem
1215 2752 1396 2793 secum
1419 2747 1740 2809 pugnantem
1765 2737 1916 2794 nobis

339 2826 438 2881 hoc
465 2827 582 2882 loco
611 2827 831 2883 inducis.
870 2828 1131 2900 Superius
1157 2831 1298 2886 enim
1325 2829 1428 2885 hoc
1453 2830 1748 2896 asserebas,
1780 2829 1916 2886 hanc

339 2917 432 2972 tibi
462 2934 564 2974 non
589 2919 838 2975 veniendi
881 2936 1097 2976 causam
1124 2920 1311 2988 fuisse,
1343 2921 1487 2993 quod
1515 2926 1661 2976 carni
1687 2937 1916 2976 consen-

336 3017 487 3064 tanea
514 3013 730 3067 consilia
755 3013 976 3068 minime
1001 3010 1336 3078 admitteres,
1361 3029 1459 3068 nec
1490 3013 1562 3067 tui
1586 3013 1719 3083 juris
1743 3029 1912 3080 esses,

336 3116 517 3157 verum
565 3101 792 3173 Spiritus
829 3105 1055 3160 arbitrio
1096 3105 1292 3176 ubique
1334 3106 1808 3176 circutnagereris;
1834 3115 1914 3160 at-

334 3209 437 3262 que
474 3189 790 3249 afﬂictiOnes
836 3196 999 3250 etiam
1054 3197 1104 3250 in
1154 3195 1386 3250 medium
1432 3195 1741 3266 proferebas
1771 3214 1783 3250 :
1815 3195 1915 3251 hoc

333 3293 513 3340 autem
544 3286 661 3341 loco
689 3289 764 3342 tui
792 3288 998 3343 arbitrii
1047 3289 1214 3344 fuisse
1239 3288 1340 3356 ais,
1370 3289 1512 3360 quod
1546 3305 1650 3344 non
1679 3291 1910 3357 veneris,

337 3391 443 3429 non
487 3387 662 3430 autem
691 3380 1020 3434 auCtoritzitis
1052 3395 1115 3435 ac
1146 3381 1426 3449 potestatis
1469 3379 1700 3449 Spiritus
1729 3399 1742 3434 :
1776 3379 1912 3434 Par-

337 3485 455 3522 ccns
483 3470 624 3523 enim
656 3471 810 3538 vobis,
842 3471 1027 3542 inquit,
1059 3489 1160 3526 non
1177 3473 1288 3527 veni
1314 3471 1627 3527 Corinthum.
1651 3472 1911 3538 Quidnam

336 3563 498 3632 igitur
524 3562 839 3616 dicendum?
866 3562 1066 3636 Nempe
1091 3573 1183 3619 aut
1208 3563 1348 3636 quod
1375 3564 1478 3619 hoc
1505 3580 1714 3635 quoque
1740 3564 1912 3633 ipsum

338 3668 367 3706 a
399 3652 601 3723 Spiritu
626 3653 1099 3723 proficiscebatur;
1124 3670 1354 3726 cumque
1379 3655 1564 3710 venire
1587 3655 1700 3724 ipse
1732 3655 1910 3721 vellet,

337 3744 389 3798 in
420 3755 655 3799 mentem
698 3746 747 3801 ei
776 3746 1003 3817 Spiritus
1051 3749 1254 3819 injecit,
1300 3757 1356 3803 ut
1403 3763 1509 3804 non
1550 3749 1772 3811 veniret,
1811 3747 1913 3802 hoc

336 3835 584 3890 videlicet
630 3852 966 3908 pr0ponens,
1017 3839 1144 3910 ipsis
1189 3838 1568 3910 indulgendum
1612 3854 1778 3895 esse:
1822 3851 1912 3893 aut

335 3925 400 3980 de
428 3929 596 3983 altero
624 3929 853 3984 adventu
885 3931 1136 4000 loquitur,
1166 3940 1325 4001 atque
1364 3930 1467 3986 hoc
1493 3930 1776 4002 significat,
1809 3930 1909 3984 sibi

333 4017 543 4087 quidem
577 4019 629 4073 in
662 4021 842 4074 animo
868 4021 1050 4087 fuisse,
1087 4023 1390 4092 priusquam
1434 4022 1766 4092 superiorem
1795 4022 1906 4090 epi-

334 4109 521 4164 stolam
553 4111 832 4178 scriberet,
859 4113 926 4166 ad
967 4127 1062 4168 eos
1103 4127 1161 4168 se
1188 4114 1432 4169 conferre
1453 4152 1468 4178 ,
1511 4123 1762 4170 caeterum
1793 4127 1911 4168 sese

331 4200 402 4254 ob
428 4202 706 4258 caritatem
753 4205 1104 4271 continuisse,
1151 4220 1216 4259 ne
1249 4220 1343 4260 eos
1373 4205 1697 4260 incorrectos
1726 4213 1910 4260 osten-

333 4290 503 4346 deret.
546 4293 827 4350 Probabile
870 4305 1048 4348 autem
1093 4303 1198 4361 est,
1245 4305 1366 4366 post
1416 4295 1562 4349 illam
1607 4295 1909 4365 epistolam,

334 4381 536 4451 Spiritu
563 4383 673 4454 jam
701 4401 824 4440 eum
867 4385 1086 4440 minime
1115 4383 1453 4456 prohibente,
1497 4393 1682 4454 suapte
1725 4393 1913 4454 sponte

333 4473 402 4528 ob
439 4473 579 4530 hanc
622 4491 835 4531 causam
883 4477 1166 4532 mansisse.
1209 4475 1360 4544 Quod
1397 4477 1557 4531 etiam
1588 4476 1755 4545 magis
1781 4489 1912 4530 con-

328 4563 499 4633 jicere
527 4575 628 4630 est,
653 4583 845 4638 nempe
870 4568 1010 4639 quod
1041 4569 1192 4624 initio
1218 4568 1431 4639 quidem
1459 4568 1692 4638 Spiritus
1730 4566 1914 4638 prohi-

333 4657 513 4726 bebat,
563 4671 684 4731 post
726 4670 903 4717 autem
950 4663 1064 4733 ipse
1101 4677 1312 4733 quoque
1355 4676 1533 4716 secum
1574 4672 1828 4732 reputans
1861 4658 1912 4714 id

334 4751 526 4806 melius
551 4766 694 4819 esse,
725 4755 999 4809 manserit.
1029 4754 1108 4809 Tu
1134 4769 1264 4810 vero
1293 4753 1600 4810 consideres
1626 4754 1782 4808 velim
1805 4769 1913 4822 quo

333 4853 490 4913 pacto
521 4862 709 4902 rursus
744 4848 1068 4902 mentionem
1095 4847 1178 4902 sui
1205 4848 1376 4902 faciat.
1407 4847 1557 4915 Quod
1587 4847 1802 4917 quidem
1833 4845 1914 4900 id-

332 4935 474 4990 circo
525 4936 650 4992 facit
690 4937 764 5010 (id
809 4939 950 4993 enim
1001 4939 1273 4994 inculcare
1319 4954 1425 4991 non
1471 4937 1755 5010 desinam),
1789 4945 1846 4991 ut
1881 4951 1912 4991 a

332 5029 617 5083 contrariis
662 5031 1015 5101 patrocinium
1061 5030 1162 5085 sibi
1199 5039 1426 5101 quaerat.
1467 5030 1726 5096 Quoniam
1770 5030 1912 5084 enim

327 5120 620 5175 verisimile
661 5131 776 5176 erat
815 5137 910 5178 eos
946 5123 1147 5178 sinistri
1191 5121 1392 5194 aliquid
1441 5122 1699 5192 suspicari
1737 5136 1799 5178 ac
1833 5122 1915 5176 di-

336 5224 455 5265 nere
483 5229 498 5263 :
532 5210 736 5268 Idcirco
757 5213 822 5268 ad
849 5230 946 5268 nos
976 5229 1085 5268 non
1111 5213 1323 5277 venisti,
1349 5213 1472 5283 quia
1501 5212 1653 5266 nobis
1675 5208 1913 5265 infensus

331 5313 518 5369 esses;
556 5305 888 5360 contrarium
936 5303 1190 5370 ostendit,
1234 5317 1428 5372 nempe
1467 5317 1528 5356 se
1574 5302 1695 5356 ideo
1728 5301 1797 5356 ad
1820 5315 1915 5358 eos

334 5392 628 5460 profectum
655 5411 762 5451 non
789 5409 933 5461 esse,
975 5394 1115 5465 quod
1156 5409 1250 5449 eos
1288 5403 1510 5448 amaret.
1560 5393 1697 5460 Quid
1734 5399 1913 5447 autem

336 5494 439 5554 est,
471 5486 746 5543 Parcens?
785 5488 1018 5555 Audivi,
1069 5486 1258 5556 inquit,
1305 5485 1589 5541 nonnullos
1620 5501 1739 5542 esse
1772 5487 1913 5558 apud

337 5593 438 5634 vos
461 5581 552 5650 qui
579 5589 822 5649 stuprum
859 5578 1249 5650 perpetrarint;
1281 5576 1531 5647 noluique
1549 5577 1616 5632 ad
1648 5592 1745 5633 vos
1773 5579 1914 5634 veni-

337 5685 416 5742 nt,
446 5687 512 5730 uc
533 5687 630 5729 vos
656 5673 710 5728 in
741 5686 1026 5729 maerorem
1047 5670 1387 5743 conjicercm.
1421 5670 1611 5726 Coram
1641 5671 1781 5727 enim
1811 5687 1907 5729 ne-

2026 2381 2177 2422 cesse
2206 2368 2391 2425 fuisset
2417 2369 2625 2427 facinus
2647 2375 2973 2442 examinare,
2997 2385 3051 2431 et
3074 2377 3340 2436 vindicare
3362 2396 3424 2436 ac
3444 2384 3603 2452 puni-

2025 2471 2102 2521 re,
2133 2468 2290 2529 atque
2315 2460 2383 2516 de
2411 2462 2591 2518 multis
2621 2479 2806 2534 pmnas
2835 2481 3068 2522 sumere.
3099 2466 3279 2540 Itaque
3299 2471 3465 2527 satius
3486 2489 3607 2529 esse

2023 2548 2148 2604 duxi
2198 2550 2410 2619 abesse,
2455 2568 2519 2609 ac
2557 2557 2943 2626 resipiscentiae
2991 2559 3164 2616 locum
3211 2563 3362 2619 vobis
3411 2580 3607 2622 conce-

2022 2638 2171 2706 dere,
2222 2657 2378 2713 qnam
2411 2661 2647 2714 praesens
2675 2647 2878 2704 facinus
2909 2649 3112 2716 ulcisci,
3143 2655 3464 2725 graviusque
3494 2659 3604 2712 ira-

2021 2733 2118 2787 sci.
2152 2733 2362 2790 Etenim
2391 2737 2490 2792 sub
2516 2739 2754 2808 epislola:
2787 2741 2946 2795 finem
2975 2743 3211 2812 apertius
3255 2747 3392 2801 istud
3421 2748 3605 2804 decla-

2021 2823 2180 2890 ravit,
2207 2840 2327 2879 cum
2355 2826 2488 2882 dixit
2520 2845 2533 2882 :
2565 2828 2752 2885 Timeo
2775 2839 2976 2895 autem,
3007 2833 3090 2887 Ne
3113 2835 3244 2903 forte
3269 2852 3384 2890 cum
3402 2855 3602 2908 venero,

2022 2916 2248 2972 humitiet
2291 2936 2370 2973 me
2405 2920 2546 2976 Deus
2576 2923 2714 2993 apud
2749 2940 2836 2978 vos
2859 2965 2874 2992 ,
2903 2935 2950 2979 et
2975 2927 3170 2997 lugeam
3195 2929 3377 2984 multos
3428 2947 3491 2985 ea:
3518 2933 3603 3001 iis,

2020 3011 2108 3080 qui
2137 3022 2253 3065 ante
2273 3025 2623 3082 peccaverunt,
2647 3025 2692 3069 et
2717 3034 2816 3072 non
2857 3030 3060 3090 egerunt
3091 3023 3432 3092 paenitentiam
3451 3042 3605 3092 super

2019 3102 2340 3157 inmunditia
2369 3116 2416 3159 et
2464 3107 2798 3177 fornicatione
2831 3126 2983 3181 quam
3013 3115 3238 3182 fecerunt
3265 3113 3343 3178 (2.
3367 3113 3484 3169 Cor.
3510 3117 3598 3172 i2.

2018 3194 2134 3266 21).
2167 3196 2278 3252 Hoc
2307 3198 2463 3268 igitur
2488 3199 2575 3254 hic
2603 3216 2815 3272 quoque
2844 3205 3096 3272 ostendit,
3128 3216 3288 3277 atque
3312 3207 3361 3261 id
3387 3209 3601 3278 quidem

2021 3285 2256 3356 profert,
2291 3297 2566 3360 tamquam
2594 3305 2652 3345 se
2694 3306 2985 3360 excusans,
3015 3311 3109 3350 cos
3163 3313 3290 3351 vero
3342 3301 3603 3357 acerrimo

2021 3379 2332 3448 perstringit
2351 3396 2413 3435 ac
2433 3389 2618 3435 terret.
2639 3381 2731 3436 llis
2754 3384 2896 3437 enim
2929 3387 3106 3440 verbis
3129 3389 3448 3457 significavit
3466 3433 3481 3457 ,
3507 3407 3602 3446 eos

2021 3484 2190 3536 pinna:
2215 3469 2476 3524 obnoxios
2496 3486 2636 3537 esse,
2660 3483 2818 3542 atque
2842 3473 2979 3529 adeo
2998 3475 3109 3530 fore
3131 3487 3189 3531 ut
3207 3480 3384 3533 acerbi
3403 3481 3600 3550 aliquid

2019 3561 2305 3630 patiantur,
2335 3561 2434 3615 nisi
2451 3564 2843 3631 quamprimum
2867 3566 3239 3622 emendentur.
3260 3570 3414 3636 Quod
3441 3572 3599 3626 etiam

2020 3649 2190 3718 ipsum
2219 3666 2402 3704 rursus
2421 3652 2485 3704 ad
2509 3653 2748 3721 epistola:
2765 3655 2967 3710 calcem
2989 3657 3084 3722 ait,
3124 3657 3185 3712 Si
3206 3675 3380 3714 rursus
3396 3678 3598 3730 venero,

2018 3757 2119 3794 non
2147 3757 2373 3810 parcam.
2405 3741 2670 3796 Cmterum
2702 3744 2810 3799 illic
2838 3748 3079 3815 apertius
3126 3749 3266 3803 istud
3307 3752 3552 3821 exprimit
3579 3769 3597 3819 ;

2020 3833 2104 3886 hic
2134 3841 2334 3896 autem,
2381 3835 2631 3904 quoniam
2667 3837 2873 3891 initium
2919 3839 3186 3894 scribendi
3218 3839 3461 3909 faciebat,
3491 3859 3596 3898 non

2019 3923 2088 3976 ita
2115 3923 2214 3978 hoc
2242 3922 2389 3989 dicit,
2425 3923 2519 3979 sed
2538 3925 2857 3982 submissius
2883 3946 2895 3982 :
2919 3943 2983 3984 ac
3013 3946 3079 3985 ne
3109 3931 3212 3985 hoc
3229 3933 3442 4002 quidem
3469 3949 3598 3988 con-

2018 4022 2216 4078 tentus,
2246 4013 2296 4068 id
2327 4030 2539 4085 quoque
2566 4015 2737 4087 ipsum
2771 4034 2958 4074 rursus
2985 4021 3210 4091 mitigat,
3232 4037 3293 4078 ac
3308 4025 3595 4080 correctio-

2016 4119 2084 4159 ne
2109 4105 2334 4175 quadam
2359 4107 2541 4160 utitur.
2566 4107 2699 4174 Quia
2716 4109 2858 4163 enim
2883 4109 2984 4165 hoc
3003 4111 3204 4166 dictum
3229 4113 3460 4168 hominis
3475 4130 3596 4171 esse

2016 4197 2288 4251 videbatur
2314 4198 2453 4253 haud
2476 4214 2690 4268 parvam
2713 4202 3084 4257 auctoritatem
3111 4219 3219 4272 przc
3245 4219 3304 4259 se
3330 4206 3585 4271 ferentis;

2017 4287 2083 4342 iis
2107 4290 2248 4343 enim
2281 4292 2448 4360 parcit
2475 4291 2668 4361 aliquis
2695 4333 2709 4356 ,
2739 4293 2791 4347 in
2822 4307 2958 4362 quos
2983 4308 3080 4348 suo
3101 4294 3223 4362 jure
3249 4295 3591 4351 animadver-
3677 4321 3682 4326 ι

2021 4390 2132 4435 tere
2162 4391 2370 4450 potest;
2403 4381 2602 4436 idcirco
2649 4382 2783 4436 illud
2811 4383 3060 4438 molliens
3080 4424 3097 4451 ,
3147 4392 3307 4454 atque
3335 4385 3408 4452 id,
3456 4387 3596 4455 quod

2018 4473 2252 4540 speciem
2296 4472 2602 4541 asperitatis
2651 4473 2902 4540 habebat,
2956 4474 3305 4545 adumbratis,
3352 4478 3427 4532 ait
3459 4496 3472 4532 :
3503 4480 3595 4536 24.

2021 4561 2144 4616 Non
2171 4563 2296 4632 quia
2319 4563 2640 4618 dominamur
2686 4564 2806 4634 fidei
2848 4575 3042 4620 vestrm.
3074 4565 3188 4621 Hoc
3243 4576 3347 4634 est,
3370 4567 3487 4624 Non
3517 4569 3599 4624 id-

2018 4657 2160 4711 circo
2187 4657 2294 4710 dixi
2317 4672 2423 4724 me,
2454 4665 2511 4712 ut
2534 4657 2688 4713 vobis
2715 4657 3342 4728 parcerem,Corinthum
3365 4679 3471 4720 non
3499 4679 3596 4720 ve-

2019 4749 2182 4816 nisse,
2205 4765 2267 4804 ac
2288 4751 2333 4805 si
2355 4751 2506 4805 vobis
2521 4750 2785 4807 dominer.
2800 4751 2916 4832 Nec
2931 4752 3083 4818 dixit,
3109 4755 3290 4824 Vobis,
3309 4757 3426 4825 sed,
3451 4760 3594 4830 quod

2018 4841 2198 4897 mitius
2225 4857 2289 4897 ac
2314 4845 2488 4898 verius
2510 4853 2644 4910 erat,
2680 4843 2832 4899 Fidei
2850 4855 3024 4902 vestra:
3050 4865 3069 4903 :
3101 4864 3222 4903 nam
3250 4852 3472 4907 credere
3495 4868 3598 4908 no-

2018 4933 2212 4989 lentem
2237 4935 2356 5003 quis
2377 4943 2458 4989 est
2477 4934 2566 5004 qui
2587 4949 2781 5006 cogere
2801 4939 2999 5007 queat?
3020 4937 3125 4994 Sed
3145 4940 3404 5011 adjutores
3423 4959 3598 4997 sumus

2017 5025 2196 5097 gaudii
2222 5027 2391 5079 vestri.
2418 5025 2702 5093 Quoniam,
2737 5027 2928 5099 inquit,
2961 5030 3214 5100 gaudium
3243 5042 3477 5086 veStrum
3507 5049 3598 5088 no-

2019 5124 2186 5170 strum
2217 5123 2318 5180 est,
2348 5115 2469 5170 ideo
2495 5130 2600 5170 non
2622 5117 2766 5183 veni,
2799 5134 2865 5174 ne
2886 5134 2980 5174 vos
3011 5121 3063 5174 in
3106 5136 3389 5176 maerorem
3425 5125 3596 5194 conji-

2018 5223 2197 5263 cerem
2228 5248 2244 5272 ,
2287 5215 2447 5276 atque
2492 5207 2562 5261 ita
2605 5222 2892 5264 mterorem
2947 5226 3122 5265 meum
3171 5227 3455 5283 augerem;
3503 5217 3598 5272 sed

1968 5327 1973 5331 -
2016 5299 2188 5356 ἠειιεί
2208 5339 2224 5366 ,
2254 5306 2312 5353 ut
2338 5300 2498 5354 minis
2536 5302 2764 5355 correcti
2795 5301 3068 5358 laetemini.
3098 5303 3285 5360 Omnia
3316 5311 3458 5362 enim
3500 5309 3598 5364 lte—

2021 5391 2152 5446 titia:
2182 5403 2372 5446 vestrae
2409 5406 2569 5447 causa
2593 5391 2836 5462 facimus,
2863 5403 2917 5449 et
2942 5393 3042 5450 hac
3068 5396 3119 5450 in
3148 5413 3204 5453 re
3232 5399 3467 5453 studium
3495 5415 3592 5468 po-

2019 5487 2224 5552 nimus,
2256 5487 2378 5556 quia
2431 5484 2574 5541 illuni
2627 5487 2902 5543 vobiscum
2947 5503 3286 5547 communem
3317 5492 3594 5545 habemus.

2021 5576 2162 5630 Nam
2181 5577 2283 5646 ﬁde
2307 5577 2468 5632 statis.
2495 5576 2627 5633 Vide
2673 5594 2779 5649 quo
2805 5588 2962 5651 pacto
2988 5595 3199 5636 rursum
3228 5580 3490 5635 submisse
3516 5577 3596 5628 io-

2018 5680 2211 5743 quatur
2240 5687 2256 5724 :
2314 5679 2528 5727 veretur
2545 5673 2687 5729 enim
2717 5672 2911 5729 iterum
2942 5689 3034 5730 cos
3061 5674 3436 5745 perstringere,
3465 5679 3593 5737 quo-
