4070 6152
438 290 546 348 ιιι

437 407 580 461 niam
611 403 664 458 in
692 401 868 472 priore
889 395 1115 468 epistola
1141 393 1488 449 vehementer
1511 389 1657 458 ipsos
1695 386 2008 449 incesserat,

437 510 502 551 ac
537 491 960 564 resipiscentiam
1000 485 1285 557 quamdam
1311 481 1685 538 exbibuerant.
1712 479 1886 546 Atque
1915 474 2017 530 hoc

438 603 628 643 eorum
660 587 871 640 animos
898 581 1280 635 subversurum
1309 585 1446 639 erat,
1473 575 1540 637 si,
1582 586 1703 627 cum
1734 569 1799 624 ad
1826 567 2015 622 melio-

437 695 550 734 rem
573 677 774 746 frugem
806 689 864 728 se
890 670 1307 734 convertissem,
1332 665 1574 721 eamdem
1593 658 2014 731 obiurgationem

436 771 721 825 subiissenl
733 808 746 821 .
759 765 880 820 Ideo
893 763 1005 817 hanc
1017 759 1239 828 epiSIOia
1255 759 1532 827 superiore
1549 754 1715 808 multo
1731 749 1900 804 lenior
1911 756 2012 802 est.

439 861 591 932 (Cap.
614 861 724 933 ii.)
743 859 792 912 l.
819 855 989 912 Statui
1006 860 1172 907 autem
1193 852 1286 904 hoc
1303 852 1468 922 ipsum
1487 846 1624 917 apud
1646 859 1742 907 me,
1759 857 1820 896 ne
1836 842 2020 894 iterum

438 955 490 1007 in
511 953 712 1007 tristitia
730 943 944 1005 uenirem
963 948 1030 1000 ad
1047 962 1151 1001 vos.
1181 944 1312 1000 Cum
1333 943 1423 1006 ait,
1464 941 1490 994 1
1500 951 1677 1002 terum,
1704 933 1936 991 ostendit
1962 947 2020 986 se

438 1047 546 1114 jam
576 1044 643 1097 ab
679 1042 788 1097 illis
815 1055 1044 1097 maerore
1074 1037 1321 1092 affectum
1353 1032 1517 1087 fuisse
1545 1044 1811 1098 :cumque
1837 1041 1894 1080 se
1924 1041 2019 1079 ex-

441 1152 634 1194 cusare
663 1137 893 1198 videtur,
927 1149 1021 1188 eos
1051 1134 1210 1185 tacite
1247 1127 1572 1198 perstringit.
1606 1123 1736 1178 Nam
1764 1119 1809 1175 si
1833 1119 1941 1189 jam
1970 1116 2020 1170 ei

449 1243 735 1285 mmrorem
761 1226 1067 1287 attulerant,
1091 1237 1153 1276 ac
1176 1233 1362 1275 rursus
1389 1215 1598 1270 allaturi
1621 1221 1794 1276 erant,
1821 1207 2022 1276 c0gites

447 1322 609 1374 velim
671 1326 905 1388 quantus
946 1328 1146 1369 mmror
1196 1311 1364 1382 ipsius
1409 1303 1774 1362 verisimiliter
1819 1299 2026 1388 futurus

447 1421 584 1466 erat.
619 1387 820 1464 Verum
845 1407 948 1460 hoc
979 1420 1083 1458 non
1132 1402 1276 1464 dicit,
1308 1397 1449 1469 quod
1498 1393 1749 1450 maestitia
1799 1390 1867 1445 ab
1897 1387 2026 1457 ipsis

445 1501 672 1556 affectus
700 1500 789 1560 sit,
826 1495 920 1551 sed
943 1495 1048 1549 alio
1071 1492 1231 1547 modo
1253 1491 1498 1560 loquens,
1523 1485 1624 1539 hoc
1653 1484 1823 1552 ipsum
1855 1476 2028 1532 innuit

445 1595 626 1663 aitque
655 1588 974 1657 :Proptcrea
1001 1599 1108 1639 non
1139 1583 1278 1648 veni,
1299 1596 1365 1635 ne
1387 1593 1482 1634 vos
1502 1589 1735 1632 mterore
1761 1570 2026 1663 afﬁciam:

448 1659 590 1756 quod
616 1681 860 1737 eamdem
884 1676 1099 1748 quidem
1133 1675 1240 1728 vim
1266 1671 1429 1726 habet
1452 1679 1612 1738 atque
1640 1666 1691 1719 id
1721 1661 1863 1756 quod
1895 1659 2023 1720 dixi,

452 1753 779 1844 :cqnioribus
817 1779 994 1824 autem
1025 1765 1217 1820 animis
1245 1761 1532 1831 excipitur.
1562 1757 1617 1811 Ξ.
1651 1755 1711 1810 Si
1764 1753 1896 1807 enim
1939 1765 2030 1821 ego

451 1843 695 1922 contristo
733 1880 841 1932 vos,
879 1871 924 1916 et
950 1862 1062 1930 quis
1097 1868 1170 1913 est
1195 1857 1280 1928 qui
1307 1871 1385 1909 me
1425 1852 1665 1922 iwtiﬁcet,
1718 1848 1818 1902 nisi
1857 1847 1900 1900 is
1943 1843 2034 1914 qui

452 1958 780 2013 contristatur
803 1971 866 2008 ea;
899 1953 1016 2007 me?
1046 1952 1298 2019 Quamam
1332 1947 1448 2001 haec
1475 1941 1855 2012 consequentia
1907 1936 2031 1993 est?

455 2051 680 2106 Maxima
705 2057 851 2104 certe
883 2063 896 2100 :
940 2046 1018 2100 sic
1047 2045 1190 2099 enim
1219 2040 1516 2097 considera.
1547 2035 1724 2101 Nolui,
1749 2034 1938 2103 inquit.
1965 2030 2034 2086 ad

456 2159 550 2197 vos
575 2140 861 2212 proﬁcisci,
892 2151 959 2191 ne
982 2151 1074 2190 vos
1101 2133 1328 2202 amplius
1351 2130 1686 2193 contristent,
1721 2126 2032 2194 objurgans,

457 2233 874 2297 excaudesceus,
898 2241 1172 2282 aversans.
1194 2222 1416 2287 Deinde,
1436 2221 1686 2290 quoniam
1711 2217 1811 2271 hoc
1825 2229 2037 2286 quoque

457 2339 618 2396 grave
650 2331 766 2378 erat
786 2363 802 2387 ,
830 2331 989 2389 atque
1016 2319 1255 2387 ipsorum
1283 2315 1682 2370 accusationem
1710 2310 2037 2379 complecte-

461 2418 633 2480 batur,
665 2415 707 2468 si
734 2411 947 2484 quidem
971 2409 1042 2464 ita
1073 2408 1330 2470 viverent,
1362 2415 1420 2459 ut
1441 2405 1657 2460 Paulum
1682 2401 1934 2457 maestitia
1956 2398 2036 2454 af-

463 2511 701 2568 licerent,
755 2501 1146 2559 COI'I'CCliOiiem
1177 2497 1415 2560 adhibet,
1449 2494 1628 2564 aitque
1655 2511 1669 2548 :
1701 2492 1759 2548 Si
1785 2492 1918 2546 enim
1947 2505 2038 2560 ego

461 2597 700 2653 contristo
739 2611 848 2660 vos,
885 2604 932 2647 et
961 2592 1072 2663 quis
1120 2600 1191 2645 cst
1219 2590 1305 2660 qui
1337 2605 1414 2642 me
1437 2587 1678 2656 lctiﬁcct,
1720 2584 1818 2638 nisi
1869 2584 1911 2637 is
1952 2582 2043 2652 qui

463 2691 786 2744 contristatur
817 2704 878 2741 ex
903 2687 1017 2740 me?
1048 2684 1248 2739 Horum
1275 2691 1451 2736 autem
1486 2678 1769 2735 verborum
1802 2676 1890 2730 hic
1919 2690 2042 2730 sen-

463 2800 555 2838 sus
581 2795 661 2837 cst
695 2800 708 2835 :
736 2781 876 2851 quod
903 2779 947 2833 si
976 2778 1136 2833 etiam
1169 2777 1400 2830 futurum
1451 2781 1615 2837 csset,
1668 2780 1725 2825 nt
1769 2769 1823 2824 in
1853 2767 2043 2824 dolore

467 2890 734 2939 versarer,
758 2873 886 2927 dum
912 2871 1120 2926 scilicet
1158 2883 1254 2923 vos
1283 2868 1566 2936 objurgare
1611 2880 1674 2919 ac
1704 2871 1925 2919 mmstos
1964 2860 2043 2916 vi-

464 2967 594 3022 dere
621 2980 842 3036 cogerer
871 2982 885 3018 :
914 2971 968 3016 at
991 2977 1060 3017 ex
1089 2961 1190 3015 hoc
1211 2973 1422 3030 quoque
1451 2957 1566 3026 ipso
1597 2955 1921 3026 voluptatem
1946 2967 2038 3008 ca-

467 3077 668 3130 perem.
701 3058 986 3114 Maximum
1017 3055 1158 3111 enim
1184 3054 1286 3108 hoc
1316 3052 1514 3106 amoris
1541 3060 1913 3120 argumentum
1937 3054 2039 3112 cst,

471 3152 602 3205 tanti
644 3166 729 3205 me
759 3165 788 3204 a
817 3149 966 3202 vobis
997 3146 1183 3217 pendi,
1218 3155 1275 3200 ut
1301 3145 1509 3200 animos
1559 3151 1767 3198 vestros
1796 3140 2042 3196 mordere

467 3259 678 3312 queam,
711 3241 835 3295 dum
863 3256 957 3295 vos
987 3254 1225 3294 aversor.

538 3334 587 3388 2.
635 3333 786 3387 Pauli
813 3332 1294 3401 prudentia.—-Ac
1342 3327 1462 3382 vide
1504 3325 1857 3397 prudentiam.
1911 3324 2043 3380 Nam

467 3428 610 3500 quod
637 3430 686 3482 in
718 3442 865 3482 more
905 3425 1285 3493 discipulorum
1315 3421 1542 3492 positum
1570 3430 1672 3484 est,
1717 3429 1775 3474 ut
1827 3417 2046 3474 doleant

469 3533 631 3590 atque
653 3535 792 3589 a'gre
823 3517 994 3573 ferant
1020 3531 1138 3569 cum
1161 3514 1525 3584 objurgantur,
1551 3513 1628 3566 sic
1647 3522 1820 3566 tamen
1848 3527 1940 3565 eos
1967 3511 2047 3564 in-

472 3613 654 3678 ducit,
688 3621 955 3680 tamquam
989 3609 1086 3662 hac
1114 3607 1165 3661 in
1199 3622 1257 3661 re
1284 3606 1382 3676 ipsi
1430 3605 1836 3676 gratiﬁcentur:
1863 3603 2046 3671 Neque

471 3705 632 3766 enim,
667 3703 861 3772 inquit,
891 3717 976 3754 me
1005 3699 1270 3769 qniSpiam
1321 3697 1539 3766 perinde
1565 3696 1826 3750 exhilarat
1870 3707 1924 3749 ut
1959 3695 2047 3749 ille

473 3795 561 3864 qui
590 3796 747 3847 verba
771 3808 886 3846 mea
919 3800 1090 3853 curat,
1119 3805 1182 3844 ac
1204 3789 1556 3844 discruciatnr
1578 3805 1698 3843 cum
1730 3804 1814 3843 me
1855 3789 2045 3841 iratum

474 3884 665 3938 cernit.
696 3883 760 3936 Et
787 3881 1002 3950 quidem
1034 3890 1451 3935 consentaneum
1481 3892 1596 3936 erat
1623 3892 1679 3936 ut
1716 3882 1920 3938 diceret
1947 3901 1961 3936 :
1990 3881 2048 3936 Si

475 3975 615 4026 enim
639 3987 737 4042 ego
755 3971 1015 4024 contristo
1040 3985 1156 4034 vos,
1179 3972 1366 4039 ecquis
1395 3981 1477 4026 εει
1506 3975 1592 4040 qui
1626 3973 1860 4026 laetitiam
1896 3973 2050 4027 vobis

475 4062 670 4117 aﬁ‘erre
694 4060 896 4133 possit?
927 4070 980 4114 at
1011 4061 1112 4114 hoc
1138 4070 1314 4115 tamen
1347 4075 1452 4115 non
1478 4061 1638 4126 dicit,
1663 4061 1755 4115 sed
1787 4061 1837 4116 id
1866 4077 2050 4116 rursus

473 4154 708 4216 invertit,
744 4167 837 4207 eos
879 4151 1130 4206 videlicet
1158 4151 1442 4213 delinicns,
1471 4167 1532 4206 ac
1561 4152 1743 4206 dicens
1781 4169 1794 4204 :
1827 4153 2050 4207 Etiamsi

473 4263 567 4301 vos
598 4247 838 4301 molestia
867 4245 1070 4307 afﬁcio,
1105 4245 1156 4299 in
1181 4244 1283 4300 hoc
1315 4254 1489 4298 tamen
1521 4245 1812 4298 maximum
1840 4261 1868 4298 a
1899 4245 2049 4300 vobis

477 4339 791 4395 beneﬁcium
814 4338 990 4409 capio,
1019 4337 1159 4407 quod
1183 4337 1519 4391 sermonibus
1543 4337 1675 4391 meis
1695 4337 1856 4391 animi
1888 4339 2048 4392 vestri

475 4435 922 4503 perstringuntur.
971 4431 1024 4484 5.
1077 4428 1278 4482 Etenim
1323 4429 1416 4482 hoc
1459 4430 1625 4500 ipsum
1675 4430 1854 4498 scripsi
1892 4429 2046 4484 vobis.

475 4525 779 4593 Quidnam?
827 4523 977 4591 Quod
1010 4531 1064 4576 ut
1092 4524 1244 4576 vobis
1273 4536 1578 4590 parcerem,
1631 4539 1735 4576 non
1788 4523 2046 4577 venerim.

475 4616 699 4684 Quando
728 4627 904 4669 autem
937 4615 988 4669 id
1035 4615 1340 4669 scribebat?
1380 4629 1445 4667 an
1491 4616 1541 4667 in
1586 4617 1762 4684 priore
1801 4616 2048 4684 epistola,

477 4725 596 4763 cum
629 4708 836 4762 diccbat
869 4725 883 4761 :
913 4705 1050 4760 Nolo
1090 4717 1256 4761 autem
1284 4723 1417 4759 nunc
1441 4723 1526 4758 vos
1554 4707 1604 4759 in
1635 4709 1845 4760 transitu
1885 4708 2052 4762 videre

477 4803 556 4870 (i.
587 4800 706 4856 Cor.
735 4800 823 4855 16.
846 4800 943 4870 7)?
972 4798 1085 4853 Non
1115 4800 1350 4870 quidem,
1385 4809 1442 4853 ut
1469 4799 1693 4867 opinor,
1753 4799 1847 4853 sed
1881 4801 1929 4853 in
1955 4816 2047 4854 ea-

478 4893 598 4948 dem
629 4891 852 4962 epistola
883 4932 897 4954 ,
951 4905 1071 4944 cum
1100 4891 1302 4946 dict-ret
1334 4908 1347 4942 :
1384 4889 1466 4944 Ne
1489 4907 1602 4944 cum
1629 4906 1806 4944 venero
1836 4908 2009 4946 rursus
2031 4934 2047 4956 ,

480 4985 702 5041 ltumiiiet
734 5001 812 5038 me
839 4983 975 5037 Deus
1024 4983 1161 5051 apud
1188 5000 1272 5037 eos
1313 4985 1389 5053 (2.
1422 4983 1540 5038 Cor.
1586 4983 1674 5038 i9...
1707 4983 1820 5055 2|).
1849 4985 2049 5054 Scripsi

478 5095 624 5150 ergo,
659 5080 864 5151 inquit,
901 5079 952 5132 in
983 5077 1087 5131 line
1119 5077 1393 5147 cpistolzc:
1427 5077 1508 5131 Ne
1555 5081 1682 5148 forte
1719 5094 1833 5131 cum
1874 5094 2049 5132 venero

479 5172 707 5224 humiliet
748 5188 825 5224 me
875 5168 1048 5234 Deus,
1092 5178 1136 5222 et
1177 5169 1374 5239 lugeam
1400 5168 1583 5222 multos
1608 5169 1762 5223 exiis
1806 5171 1892 5239 qui
1935 5179 2051 5222 ante

481 5271 825 5329 peccaverunt.
859 5262 966 5314 Cur
995 5271 1168 5314 autem
1197 5259 1512 5314 scribebas?
1556 5257 1621 5312 Ut
1649 5276 1748 5312 non
1772 5276 1884 5312 cum
1913 5275 2050 5312 uene-

475 5369 555 5413 ro,
598 5351 849 5404 tristitiam
879 5351 1086 5403 habeam
1115 5351 1174 5403 de
1204 5351 1287 5416 iis,
1324 5351 1387 5404 de
1426 5351 1603 5417 quibus
1633 5360 1924 5418 oportuerat
1969 5367 2048 5405 me

477 5444 696 5516 gaudere
723 5459 741 5496 :
768 5442 1025 5510 conﬁdens
1070 5443 1119 5494 in
1173 5441 1400 5494 omnibus
1440 5442 1577 5495 vobis
1599 5479 1615 5505 ,
1644 5443 1759 5510 quia
1804 5442 2049 5512 gaudium

477 5552 641 5591 meum
669 5534 893 5590 omnium
933 5544 1148 5586 vestrum
1173 5543 1263 5585 est.
1293 5533 1423 5602 Quia
1447 5534 1588 5587 enim
1618 5532 1833 5587 dixerat
1856 5534 2048 5602 volup-

475 5637 583 5684 tate
608 5643 666 5684 se
691 5627 850 5692 afﬁci,
880 5626 999 5681 cuin
1024 5625 1120 5694 ipsi
1147 5636 1468 5694 angerentur
1494 5666 1508 5689 ,
1540 5635 1697 5696 atque
1729 5626 1828 5678 hoc
1873 5625 2048 5679 adhuc

477 5722 714 5792 asperius
733 5718 1172 5793 arrogantiusque
1203 5716 1367 5772 videri
1401 5725 1627 5786 poterat,
1657 5716 1706 5771 id
1735 5730 1917 5770 rursus
1938 5717 2044 5772 alio

1176 277 1235 335 S.
1275 270 1552 334 JOANNIS
1586 262 2068 327 CHRYSOSTOMI
2107 263 2420 322 ARCHIEP.
2453 256 2978 319 CONSTANTINOP.

3595 250 3700 307 420

2122 380 2284 436 modo
2311 381 2563 447 invertit,
2588 394 2651 434 ac
2677 394 2771 450 per
2797 395 2881 447 ea,
2927 394 3047 448 qum
3073 375 3368 446 subiunxit,
3411 373 3699 444 mitigavit.

2121 474 2248 529 ideo
2299 474 2464 539 enim,
2489 474 2679 543 inquit,
2708 473 2856 543 prius
2885 471 2950 527 ad
2975 486 3069 526 vos
3095 469 3290 539 scripsi
3310 509 3327 532 ,
3377 482 3446 523 ne
3497 465 3704 522 dolenti

2120 564 2302 620 animo
2329 579 2422 620 vos
2447 564 2712 620 inveniam
2741 579 2846 620 non
2869 571 3161 619 correctos.
3187 561 3268 617 0b
3298 561 3456 630 idque
3477 559 3609 626 dixi,
3635 558 3704 614 Ut

2119 673 2220 710 non
2247 661 2539 723 contrister,‘
2571 671 2675 710 non
2702 654 2843 726 quod
2870 654 2968 709 hac
2999 654 3048 708 in
3072 669 3130 708 re
3152 651 3493 707 commodum
3525 665 3702 704 meum

2121 755 2380 817 spectem,
2415 748 2510 802 sed
2542 757 2798 802 vestrum.
2829 746 2952 802 Scio
2996 747 3140 801 enim
3171 759 3287 810 vos,
3336 759 3457 798 cum
3490 757 3577 797 me
3608 741 3703 795 ia:-

2123 853 2231 894 tnm
2256 839 2492 905 cernitis,
2525 841 2674 896 Iaztos
2701 855 2911 910 quoque
2937 853 3088 902 esse;
3130 851 3250 891 cum
3275 836 3547 891 dolentem
3577 850 3708 890 con-

2123 933 2345 1000 Spicitis,
2365 934 2418 988 in
2434 933 2618 988 dolore
2636 934 2795 987 etiam
2811 931 3026 986 versari.
3054 929 3185 984 Vide
3212 930 3371 1000 igitur
3388 945 3574 984 rursus
3601 944 3707 999 quo

2127 1035 2305 1094 pacto,
2339 1040 2457 1095 qnte
2483 1025 2624 1079 dicta
2654 1034 2798 1089 sunt,
2821 1023 2959 1077 inter
2980 1038 3037 1078 se
3062 1021 3368 1076 cohaereant
3395 1038 3408 1073 :
3443 1021 3521 1076 sic
3539 1023 3704 1086 enim,

2127 1119 2252 1186 quid
2286 1117 2480 1171 Paulus
2504 1117 2662 1181 dicat,
2691 1115 2898 1170 facilius
2926 1115 3200 1170 intellectu
3231 1129 3599 1182 assequemur.
3634 1114 3709 1168 Id-

2128 1209 2291 1271 circo,
2324 1207 2515 1277 inquit,
2549 1224 2654 1261 non
2681 1207 2825 1273 veni,
2857 1221 2928 1261 ne
2952 1221 3049 1260 vos
3080 1220 3312 1260 mcerore
3333 1203 3630 1270 afﬁcerem,
3663 1206 3706 1259 si

2131 1303 2458 1357 incorrectos
2487 1301 2851 1356 oﬁ'cndissem.
2897 1300 3009 1355 Hoc
3045 1309 3223 1354 autem
3275 1313 3380 1353 non
3413 1313 3564 1363 mea,
3616 1297 3707 1352 sed

2130 1407 2308 1452 vestra
2339 1411 2500 1451 causa
2527 1395 2809 1451 faciebam.
2844 1394 2956 1465 Ego
2983 1394 3126 1449 enim
3153 1407 3221 1448 ex
3260 1405 3443 1447 vestro
3478 1407 3708 1447 maerore

2134 1489 2273 1544 haud
2309 1503 2526 1557 parvam
2555 1487 2883 1557 voluptatem
2906 1486 3082 1556 capio,
3114 1499 3236 1540 cum
3261 1499 3347 1540 me
3374 1485 3528 1540 vobis
3552 1494 3709 1540 tanta

2133 1596 2275 1635 curas
2301 1595 2421 1635 esse
2451 1593 2638 1644 cerno,
2670 1587 2729 1634 ut
2752 1579 2914 1634 etiam
2937 1579 2990 1633 in
3014 1591 3246 1634 mmrore
3273 1593 3337 1633 ac
3363 1577 3553 1634 dolore
3573 1579 3708 1645 sitis,

2133 1686 2255 1725 cum
2293 1671 2658 1741 indignatione
2686 1670 2892 1726 afﬁcior
2923 1689 2936 1726 :
2971 1671 3098 1738 Quis
3112 1671 3244 1725 enim
3269 1679 3340 1725 est
3360 1671 3448 1740 qui
3468 1687 3548 1726 me
3571 1671 3712 1726 exhi-

2135 1763 2282 1827 laret,
2313 1765 2410 1817 nisi
2430 1764 2516 1832 qui
2535 1778 2596 1818 ea:
2615 1778 2694 1816 me
2717 1761 3081 1817 contristatur?
3109 1761 3310 1817 Tamen
3333 1762 3579 1832 quamvis
3599 1763 3712 1816 ani-

2137 1869 2224 1908 mo
2253 1853 2322 1908 ita
2347 1855 2665 1908 constitutus
2696 1853 2819 1919 sim,
2861 1854 3111 1924 quoniam
3142 1853 3306 1908 vestri
3336 1853 3594 1908 rationem
3617 1855 3713 1908 ha-

2139 1947 2262 2007 beo.
2293 1945 2398 2000 hoc
2419 1947 2590 2016 ipsum
2621 1946 2686 2000 ad
2714 1961 2810 2002 vos
2839 1947 3065 2016 scripsi,
3093 1955 3150 2000 ut
3189 1961 3259 2002 ne
3295 1947 3583 2001 contrister
3612 1964 3626 2000 :
3659 1947 3710 2000 in

2139 2036 2240 2091 hoc
2270 2053 2482 2106 quoque
2509 2052 2691 2091 rursus
2721 2053 2825 2092 non
2857 2053 3056 2104 meum,
3085 2037 3180 2093 sed
3213 2049 3443 2093 vestrum
3471 2051 3716 2094 commo-

2138 2132 2266 2186 dum
2291 2141 2560 2200 spectans.
2595 2130 2778 2201 Neque
2798 2131 2942 2186 enim
2971 2146 3058 2186 me
3088 2130 3238 2202 fugit,
3265 2131 3392 2201 qttin
3420 2147 3482 2185 ea
3511 2145 3600 2185 res
3620 2146 3717 2186 vo-

2140 2222 2222 2276 bis
2248 2223 2465 2278 mmrori
2496 2223 2670 2276 futura
2698 2223 2788 2290 sit,
2817 2223 2861 2278 si
2892 2223 3163 2278 dolentem
3207 2239 3295 2278 me
3334 2223 3572 2278 videritis
3602 2240 3616 2278 :
3661 2233 3717 2278 ut

2141 2325 2327 2370 contra
2355 2315 2573 2382 lmtitize,
2606 2316 2650 2368 si
2681 2331 2768 2370 me
2799 2315 2980 2370 Ia-tum
3007 2317 3416 2386 conspexeritis.
3448 2315 3583 2372 Vide
3621 2318 3717 2371 ita-

2142 2423 2246 2478 que
2275 2407 2610 2477 prudentiam
2636 2425 2649 2460 :
2681 2407 2910 2471 dixerat,
2943 2407 3065 2462 Non
3113 2409 3243 2476 veni,
3278 2418 3333 2463 ut
3364 2425 3431 2464 ne
3465 2424 3560 2464 vos
3591 2425 3717 2464 con-

2145 2502 2359 2566 trister;
2399 2509 2454 2556 et
2487 2510 2661 2555 tamen
2709 2500 2936 2572 gaudeo,
2969 2501 3159 2570 inquit.
3192 2500 3414 2565 Deinde,
3445 2516 3513 2556 ne
3537 2517 3600 2557 ex
3628 2517 3718 2557 eo-

2145 2608 2264 2648 rum
2295 2592 2484 2648 dolore
2512 2593 2838 2663 voluptatem
2887 2593 2986 2648 sibi
3034 2607 3156 2648 esse
3198 2593 3464 2660 videatur,
3495 2593 3550 2648 In
3596 2595 3714 2660 hoc,

2146 2685 2336 2756 inquit,
2369 2683 2597 2755 gaudeo,
2626 2683 2769 2754 quod
2801 2699 2892 2739 vos
2934 2685 3310 2756 perstringam.
3359 2684 3491 2739 Nam
3522 2686 3714 2756 alioqui

2143 2777 2463 2842 discrucior,
2507 2791 2626 2831 cum
2653 2791 2768 2842 eos,
2799 2791 2829 2831 a
2856 2777 3048 2847 quibus
3078 2787 3359 2848 tantopere
3388 2793 3562 2844 amor,
3607 2793 3716 2832 mo-

2146 2869 2296 2924 lestia
2317 2867 2528 2923 allicere
2545 2882 2729 2938 cogor,
2744 2883 2851 2924 non
2877 2869 2945 2924 ob
2965 2867 3018 2922 id
3042 2877 3243 2922 tantum
3262 2868 3404 2939 quod
3423 2869 3716 2941 obiurgem.

2145 2960 2240 3016 sed
2262 2961 2332 3015 ob
2353 2959 2405 3015 id
2431 2959 2594 3016 etiam
2626 2959 2767 3030 quod
2796 2961 2909 3030 ipse
2937 2975 3151 3031 quoque
3179 2960 3230 3014 in
3262 2976 3496 3017 mmrore
3518 2962 3640 3027 sim,
3662 2976 3722 3016 ac

2147 3053 2299 3107 vobis
2330 3066 2516 3108 rursus
2547 3054 2648 3108 hoc
2675 3055 2892 3108 nomine
2931 3069 3219 3109 maerorem
3263 3070 3554 3110 accersam.
3589 3057 3722 3110 Ani-

2148 3145 2422 3200 madverte
2471 3154 2651 3200 autem
2681 3159 2787 3214 quo
2823 3154 2980 3214 pacto
3029 3145 3172 3199 istud
3203 3149 3361 3200 etiam
3399 3161 3522 3200 cum
3563 3148 3724 3202 laude

2150 3249 2312 3308 ponat
2340 3236 2525 3292 dicens
2544 3278 2558 3301 ,
2603 3235 2681 3290 De
2705 3237 2883 3306 quibus
2913 3248 3205 3305 oportuerat
3231 3255 3310 3291 me
3333 3240 3565 3308 gaudere.
3597 3238 3725 3294 Hec

2148 3329 2292 3384 enim
2319 3328 2480 3383 verba
2507 3326 2737 3382 hominis
2777 3337 2923 3394 sunt,
2957 3328 3319 3384 sinceritatem
3351 3339 3510 3399 atque
3540 3329 3728 3400 ingen-

2151 3434 2256 3478 tem
2309 3422 2509 3475 amoris
2562 3419 2806 3476 aﬁ‘cctum
2863 3421 3198 3476 testiﬁcantis
3230 3438 3243 3474 :
3273 3438 3379 3477 non
3410 3437 3565 3479 secus
3594 3439 3656 3478 ac
3683 3423 3728 3479 si

2148 3516 2266 3585 quis
2293 3513 2360 3568 de
2378 3513 2519 3577 ﬁliis,
2545 3529 2678 3584 quos
2703 3513 2882 3568 multis
2908 3513 3181 3570 beneﬁciis
3210 3515 3498 3580 aﬁ'ecisset.
3522 3528 3576 3572 et
3595 3532 3728 3588 quo-

2151 3621 2266 3660 rum
2295 3619 2455 3661 causa
2484 3605 2768 3676 plurimum
2795 3605 2993 3660 laboris
3025 3607 3371 3677 suscepisset,
3395 3607 3729 3679 loqueretur.

2151 3700 2443 3765 Quocirca,
2503 3699 2692 3769 inquit,
2751 3702 2795 3754 si
2845 3699 2943 3754 hac
2989 3701 3196 3756 ratione
3247 3701 3457 3768 scribo,
3503 3716 3568 3756 ac
3620 3717 3728 3756 non

2157 3793 2311 3847 venio
2337 3833 2353 3857 ,
2406 3800 2463 3846 ut
2519 3793 2694 3862 magni
2739 3793 2935 3862 aliquid
2990 3809 3267 3863 procurem
3309 3809 3412 3848 non
3451 3794 3628 3861 venio,
3663 3810 3728 3850 ac

2154 3901 2257 3938 non
2308 3883 2447 3953 quod
2487 3899 2583 3938 vos
2633 3883 2840 3939 oderim
2885 3895 3044 3955 atque
3071 3901 3298 3951 averser,
3330 3885 3422 3940 sed
3449 3886 3589 3955 quod
3630 3887 3730 3941 ad-

2153 3975 2368 4030 modum
2392 3989 2591 4031 amem.
2615 3975 2817 4031 Deinde
2843 3977 3094 4046 quoniam
3121 3976 3454 4044 dixerat,Qui
3488 3992 3576 4032 me
3591 3992 3695 4033 con
3715 4009 3729 4018 -

2154 4067 2348 4131 tristat,
2393 4081 2480 4120 me
2520 4067 2754 4121 laetiﬁcat
2777 4083 2793 4132 ;
2820 4083 2890 4122 ne
2914 4069 2985 4123 illi
3019 4068 3280 4134 dicerent,
3313 4067 3548 4124 Hoccine
3569 4071 3730 4138 igitur

2155 4158 2248 4212 tibi
2281 4157 2457 4212 studio
2500 4167 2618 4223 est,
2649 4168 2707 4214 ut
2760 4160 3064 4227 lzctiﬁceris,
3120 4169 3282 4228 atque
3321 4163 3568 4218 omnibus
3623 4164 3726 4218 vim

2156 4259 2300 4304 tuam
2331 4251 2604 4304 ostentcs?
2630 4250 2750 4306 ideo
2782 4252 3075 4320 subjnnxit,
3101 4255 3152 4308 4.
3181 4253 3319 4308 Ναηι
3345 4272 3408 4310 ex
3451 4257 3610 4310 multa
3637 4261 3728 4312 tri-

2153 4343 2409 4398 bulatione
2433 4351 2480 4396 et
2501 4343 2735 4414 angustia
2762 4346 2929 4397 cordis
2957 4345 3137 4415 scripsi
3165 4347 3301 4400 vobis
3327 4363 3416 4416 per
3445 4350 3624 4403 multas
3650 4349 3730 4402 la-

2154 4454 2370 4510 crymas,
2401 4453 2503 4492 non
2524 4447 2576 4488 ut
2599 4438 2979 4500 contristemini,
3009 4437 3096 4490 sed
3124 4447 3177 4490 ut
3220 4439 3391 4493 sciatis
3417 4456 3567 4510 quam
3595 4443 3727 4494 cari-

2156 4539 2307 4582 tatem
2336 4529 2545 4581 habeam
2573 4529 2907 4582 abundantius
2937 4546 3054 4599 erga
3083 4547 3187 4583 vos.

2229 4619 2381 4672 Pauli
2411 4635 2554 4672 amor
2588 4636 2706 4690 erga
2751 4620 3285 4689 discipulos.—Quid
3316 4622 3414 4677 hac
3443 4624 3618 4678 anima
3665 4623 3726 4678 ad

2155 4712 2436 4766 amandum
2471 4713 2828 4780 propensius?
2874 4714 3112 4767 Ostendit
3139 4717 3282 4769 cnim
3318 4731 3374 4770 se
3403 4732 3506 4770 non
3537 4717 3726 4783 minus,

2159 4803 2267 4856 imo
2293 4803 2452 4856 etiam
2487 4801 2652 4855 multo
2683 4805 2849 4873 magis
2873 4803 3108 4857 doluisse
3131 4845 3144 4867 ,
3178 4821 3336 4874 qnam
3371 4805 3441 4858 illi
3475 4807 3595 4875 ipsi,
3641 4807 3727 4876 qui

2158 4902 2528 4962 peccaverant.
2550 4892 2666 4946 Non
2695 4893 2834 4947 enim
2868 4909 2934 4949 ex
2971 4895 3312 4950 tribulatione
3344 4905 3547 4951 tantum
3574 4897 3724 4960 dixit,

2155 4983 2270 5052 sed,
2297 4983 2381 5038 Ex
2398 4984 2586 5049 multa;
2610 4999 2707 5037 nec
2727 4999 2818 5054 per
2841 4984 3100 5056 lacrymas
3122 4985 3315 5052 solum,
3340 4986 3455 5051 sed,
3475 4987 3575 5040 Per
3601 4989 3729 5041 mul-

2157 5085 2233 5128 tas
2279 5074 2529 5145 iacrymas
2580 5085 2622 5127 et
2651 5076 2818 5128 cordis
2865 5079 3167 5147 angustiam.
3198 5077 3309 5132 Hoc
3334 5088 3449 5144 est,
3502 5079 3731 5135 Merere

2161 5165 2488 5235 praefocabar
2507 5182 2553 5219 at
2599 5166 2975 5235 strangulaliar
3002 5183 3016 5220 :
3050 5183 3112 5222 ac
3141 5169 3371 5223 tristitia:
3401 5170 3595 5224 nubem
3619 5171 3728 5240 jam

2158 5273 2262 5310 non
2294 5256 2492 5320 ferens,
2527 5271 2594 5308 as
2618 5271 2712 5310 vos
2739 5258 2960 5326 scripsi;
2995 5257 3113 5312 Non
3143 5269 3196 5312 ut
3223 5261 3607 5327 contristemini,
3655 5263 3738 5316 in-

2156 5348 2291 5419 quit,
2319 5350 2407 5402 sed
2428 5357 2479 5401 ut
2505 5349 2768 5402 caiitatem
2808 5365 2917 5402 eam
2945 5350 3183 5414 noscatis,
3217 5367 3366 5420 quant
3391 5351 3736 5407 abundantius

2157 5457 2274 5510 erga
2298 5457 2382 5494 vos
2419 5441 2596 5493 habeo.
2628 5440 2787 5509 Atqui
2811 5443 3073 5494 sermonis
3088 5442 3255 5496 series
3284 5441 3386 5497 hoc
3409 5443 3732 5512 postulabat,

2157 5541 2215 5584 ut
2242 5531 2466 5596 diceret,
2497 5529 2609 5585 Non
2643 5543 2699 5584 ut
2730 5533 3136 5596 contristemini,
3162 5533 3252 5586 sed
3285 5545 3338 5586 ut
3367 5534 3733 5603 resipiscatis;

2156 5625 2354 5678 etenim
2382 5623 2481 5678 hac
2496 5625 2561 5680 de
2583 5641 2742 5680 causa
2771 5628 3056 5695 scripserat
3088 5640 3102 5681 :
3133 5628 3231 5681 hoc
3259 5637 3434 5679 tamen
3457 5643 3561 5680 non
3582 5628 3732 5690 dicit,

2159 5714 2276 5780 scd,
2321 5724 2376 5770 ut
2403 5715 2520 5786 plus
2550 5717 2826 5772 suavitatis
2864 5718 3095 5772 orationi
3122 5731 3229 5773 sua:
3255 5715 3532 5784 conciliet,
3574 5726 3734 5786 atque
