4070 6152
416 294 521 351 ιεν

414 408 672 467 καθίκετο
697 406 1006 481 Ἐπιστολῇ,
1027 410 1123 463 καί
1143 425 1267 463 τινα
1287 410 1590 483 μεταϐολὴν
1603 409 1947 477 ἐπεδείξαντο
1966 425 1982 441 ·

414 511 510 563 καὶ
540 507 766 579 ἔμελλεν
794 509 987 573 αὐτοὺς
1017 510 1176 564 τοῦτο
1198 510 1543 584 ἀνατρέπειν,
1576 513 1625 565 εί
1652 509 1984 583 μεταϐαλλό-

420 618 573 677 μενοι
617 604 780 659 πάλιν
828 606 928 676 τὴν
981 606 1150 677 αὐτὴν
1203 607 1526 680 ἐπιτίμησιν
1563 607 1851 680 ὑπέμενον.
1894 606 1987 661 Διδ

417 699 600 772 πολλῷ
644 704 743 771 τῆς
777 701 1046 773 προτέρας
1082 703 1414 776 ἡμερωτέρα
1445 703 1606 775 αὐτη.
1640 705 1888 772 Ἐκρινα
1918 700 1989 758 δὲ

414 796 650 866 ἐμαυτῷ
693 796 760 850 τὸ
778 796 866 866 μὴ
897 797 1085 853 πάλιν
1111 799 1183 854 ἐν
1206 801 1373 870 λύπῃ
1406 799 1607 856 ἐλθεῖν
1632 800 1782 869 πρὸς
1808 796 1984 869 ὑμᾶς.

414 893 512 958 Τὸ,
540 891 751 959 Πάλιν,
784 892 1025 948 δείκνυσι
1051 896 1145 949 καὶ
1169 896 1270 968 ήδη
1301 896 1609 968 λυπηθέντα
1634 897 1862 949 ἐκεῖθεν·
1894 896 1988 949 καὶ

412 987 586 1043 δοκῶν
627 989 1036 1059 ἀπολογεῖσθαι,
1095 991 1248 1065 [456]
1281 992 1582 1064 λεληθότως
1627 990 1805 1045 αὐτῶν
1853 989 1990 1044 καθ⁴

418 1087 666 1140 ἀπτεται.
695 1086 760 1140 Εἰ
789 1087 848 1141 δέ
879 1089 971 1143 καὶ
992 1089 1095 1161 ἤδη
1122 1090 1422 1162 ἐλύπησαν,
1452 1091 1546 1146 καὶ
1578 1090 1739 1144 πάλιν
1765 1087 1989 1158 ἔμελλον

418 1181 624 1247 λυπεῖν,
659 1184 912 1256 ἐννόησον
945 1186 1076 1257 ὅσην
1116 1186 1263 1251 εἰκὸς
1306 1186 1556 1256 γενέσθαι
1587 1187 1686 1258 τὴν
1717 1186 1907 1256 ἀηδίαν
1935 1196 1984 1239 ι.

430 1278 590 1332 Ἀλλά
621 1279 919 1352 τοῦτο,μέν
951 1282 1014 1335 οὐ
1050 1282 1221 1352 λέγει,
1269 1283 1351 1337 ὅτι
1392 1279 1749 1353 Ἐλυπήσατε·
1784 1280 1989 1352 ἑτέρως

416 1377 472 1431 δέ
503 1378 784 1447 μεθοδεύει
821 1379 915 1434 τὸν
951 1378 1109 1450 λόγον
1132 1380 1194 1434 τὸ
1228 1380 1359 1434 αὐτὸ
1387 1377 1546 1433 τοῦτο
1588 1378 1985 1449 αἰνιττόμενος,

418 1481 511 1533 καὶ
544 1479 741 1549 λέγων,
768 1481 851 1535 ὃτι
877 1481 977 1535 Διά
1000 1481 1157 1535 τοῦτο
1188 1480 1289 1535 οὐκ
1309 1476 1494 1551 ἦλθον,
1526 1481 1613 1535 ἶνα
1646 1480 1722 1553 μὴ
1759 1480 1991 1552 λυπήσω

421 1580 583 1650 ὑμᾶς·
608 1578 637 1632 δ
668 1578 768 1650 τὴν
794 1578 962 1652 αὐτὴν
989 1578 1088 1650 μέν
1119 1579 1271 1651 ἰσχὺν
1301 1577 1414 1649 ἔχει
1439 1578 1614 1650 τούτῳ
1640 1572 1685 1646 ᾧ
1708 1574 1886 1646 εἷπον,
1906 1577 1993 1633 εὐ·

420 1675 759 1747 παράδεκτον
785 1675 840 1729 δὲ
866 1674 1064 1747 μᾶλλόν
1084 1677 1222 1731 ἐστι.
1252 1677 1321 1730 El
1346 1674 1460 1745 γὰρ
1481 1674 1597 1745 ἐγὼ
1616 1671 1791 1729 λυπῶ
1813 1671 1990 1744 ὑμᾶς,

422 1774 521 1829 καί
553 1773 643 1835 τίς
671 1773 842 1827 ἐστιν
878 1775 911 1826 ὀ
945 1773 1283 1843 εὐφραίνων
1309 1789 1406 1843 με,
1434 1773 1489 1827 εί
1513 1771 1601 1842 μὴ
1645 1773 1678 1826 ό
1700 1771 1994 1840 λυπούμε-

419 1887 602 1941 μενος
626 1869 694 1934 ἐξ
719 1869 899 1940 ἐμοῦ;
922 1868 1059 1923 Ποία
1085 1868 1225 1940 αὕτη
1250 1868 1580 1934 ἀκολουθίας
1612 1868 1860 1941 Μεγίστη
1893 1869 1993 1939 μὲν

420 1965 535 2023 οὖν.
591 1966 786 2020 Σκόπει
832 1965 911 2019 δέ·
955 1967 1071 2019 Οὐκ
1105 1965 1365 2037 ἠθέλησα,
1399 1965 1584 2036 φησὶν,
1630 1964 1805 2018 ἐλθεῖν
1855 1963 1993 2036 πρὸς

421 2066 586 2137 ὑμᾶς,
628 2063 715 2117 ἶνα
761 2062 837 2133 μὴ
870 2062 1098 2135 λυπήσω
1141 2062 1284 2135 ὑμᾶς
1316 2062 1497 2129 πλέον,
1533 2061 1823 2133 ἐπιτιμῶν,
1857 2061 1993 2130 ἀγα-

420 2160 656 2226 νακτῶν,
680 2160 1176 2232 ἀποστρεφόμενος.
1201 2154 1336 2214 Εἶτα
1367 2159 1554 2232 ἐπειδὴ
1586 2161 1681 2214 καὶ
1706 2159 1840 2214 αὐτὸ
1862 2176 1995 2230 σφο-

419 2257 547 2329 δρὸν
576 2254 669 2328 ἦν,
715 2259 809 2311 καὶ
841 2257 1176 2329 κατηγορίαν
1212 2256 1394 2312 αὐτῶν
1426 2251 1592 2328 εἶχεν,
1628 2256 1682 2310 εί
1705 2273 1771 2326 γε
1820 2255 1993 2322 οὕτως

422 2356 558 2421 ἔζων
589 2356 664 2420 ὡς
694 2356 905 2411 Παῦλον
934 2355 1143 2421 λυπεῖν,
1176 2355 1871 2429 ἐπιδιορθώσειχρὼμενος,
1891 2373 1994 2427 φη-

423 2455 527 2508 σίν·
559 2456 630 2509 Εῖ
656 2453 766 2523 γὰρ
801 2452 916 2523 ἐγὼ
958 2451 1129 2508 λυπῶ
1156 2451 1335 2522 ὑμᾶς,
1376 2453 1476 2508 καί
1501 2455 1593 2521 τίς
1633 2454 1799 2508 ἐστιν
1835 2457 1867 2508 ό
1897 2455 1993 2509 εὐ-

424 2555 691 2626 φραίνων
711 2570 810 2622 με,
837 2553 892 2606 εί
920 2550 1006 2621 μὴ
1042 2554 1075 2606 ό
1098 2552 1483 2621 λυπούμενος
1518 2551 1587 2617 ἐξ
1613 2550 1760 2621 ἐμοῦ
1778 2569 1798 2618 ;
1837 2553 1902 2606 Ὃ
1937 2551 1996 2606 δὲ

423 2638 594 2719 λέγει,
616 2648 860 2703 τοιοῦτόν
893 2650 1061 2701 ἐστιν·
1102 2647 1167 2700 El
1198 2647 1254 2701 δέ
1280 2649 1372 2700 καὶ
1397 2648 1455 2701 ἐν
1484 2647 1629 2722 λύπῃ
1650 2647 1874 2719 ἔμελλον
1914 2642 1995 2702 εἷ-

425 2764 535 2811 ναι,
564 2742 1010 2817 ἀναγκαζόμενος
1040 2745 1170 2816 ύμῖν
1211 2744 1472 2816 ἐπιτιμᾷν
1515 2746 1611 2799 καὶ
1636 2746 1768 2817 όρᾷν
1796 2744 1998 2800 λυπου--

428 2843 641 2915 μένους,
673 2841 788 2897 ἀλλ’
817 2843 968 2913 ὅμως
1002 2842 1094 2895 καὶ
1119 2840 1251 2896 αὐτὸ
1286 2839 1444 2895 τοῦτο
1470 2838 1737 2912 ηὐφραινέ
1769 2858 1857 2913 με.
1884 2842 1998 2896 Με-

424 2942 617 3016 γίστης
648 2941 758 3013 γὰρ
807 2939 969 2995 τοῦτο
1014 2939 1238 3010 ἀγάπης
1284 2940 1606 3012 τεκμήριον,
1644 2939 1705 2994 τὸ
1739 2940 1996 2994 τοσούτου

424 3036 557 3108 παρ’
587 3037 715 3108 ὑμῖν
743 3033 894 3102 ἀξιον
923 3029 1065 3088 εἶναί
1100 3050 1189 3105 με,
1226 3033 1303 3097 ὠς
1328 3031 1585 3087 δύνασθαι
1609 3031 1825 3088 δάκνειν
1853 3033 1998 3105 ὑμᾶς

424 3130 921 3205 ἀποστρεφόμενον.

503 3337 565 3409 β’.
584 3337 694 3390 Καὶ
719 3338 821 3409 ὅρα
837 3335 1151 3392 σύνεσιν.¹¹0
1177 3337 1285 3410 γάρ
1300 3336 1394 3392 τοῦ
1418 3336 1584 3410 νόμου
1600 3336 1711 3392 τῶν
1741 3337 1998 3410 μαθητῶν

425 3428 520 3504 ἦν,
547 3434 606 3489 τὸ
636 3434 820 3501 ἀλγεῖν
848 3436 943 3491 καὶ
969 3434 1320 3489 αἰσθάνεσθαι
1351 3435 1814 3507 ἐπιτιμωμένους,
1841 3436 2000 3491 τοῦτο

431 3528 912 3601 ὼςχαριζομένους
931 3531 1128 3595 αὐτοὺς
1149 3532 1379 3601 εἰσάγει.
1403 3533 1590 3597 Οὐδεὶς
1608 3533 1715 3604 γάρ
1737 3550 1806 3604 με
1826 3531 2000 3597 οὕτως

430 3627 737 3698 εὐφραίνει,
772 3627 957 3698 φησὶν,
981 3628 1057 3693 ὡς
1094 3629 1307 3693 ἐκεῖνος
1340 3630 1368 3683 ό
1391 3625 1853 3701 ἐπιστρεφόμενος
1888 3630 1999 3685 τῶν

429 3724 582 3796 ἐμῶν
610 3725 888 3796 ῥημάτων,
920 3726 1012 3780 καὶ⁵
1039 3725 1379 3798 λυπούμενος
1407 3727 1535 3781 ὅταν
1568 3727 1743 3801 βλέπῃ
1769 3745 1835 3799 με
1857 3729 2002 3801 ὀργι-

427 3822 674 3894 ζόμενον.
701 3822 893 3876 Καίτοι
921 3822 981 3876 τὸ
1008 3822 1300 3877 ἀκόλουθον
1338 3818 1406 3895 ἦν
1435 3825 1626 3880 είπεῖν.
1652 3824 1715 3879 Εἰ
1755 3824 1864 3898 γὰρ
1887 3825 2000 3895 ἐγὼ

426 3916 585 3972 λυπῶ
608 3918 772 3989 ὑμᾶς,
796 3919 890 3972 καὶ
906 3919 989 3983 τίς
1013 3920 1157 3974 ἐστιν
1176 3920 1204 3973 ό
1223 3918 1515 3991 δυνάμενος
1535 3920 1679 3992 ὑμᾶς
1699 3922 1962 3994 εὐφρᾶναι
1981 3940 1997 3990 ;

426 4014 545 4069 ἀλλ’
592 4015 652 4069 ού
704 4015 853 4084 λέγει
908 4016 1086 4081 τοῦτο,
1123 4015 1237 4069 ἀλλ’
1268 4017 1616 4089 ἀντιστρέφει
1651 4019 1811 4074 πάλιν
1845 4020 1997 4087 αὐτὸ,

429 4111 747 4181 θεραπεύων
771 4112 988 4178 αὐτοὺς,
1017 4113 1111 4168 καὶ
1139 4113 1332 4181 λέγων·
1368 4115 1431 4168 Εἰ
1486 4116 1581 4169 καὶ
1638 4115 1791 4170 λυπῶ
1830 4117 1997 4189 ὑμᾶς,

430 4200 591 4279 χάριν
615 4224 705 4280 μοι
728 4208 997 4280 παρέχετε
1017 4212 1119 4263 κάν
1139 4211 1312 4283 τούτῳ
1337 4211 1620 4284 μεγίστην,
1638 4212 1718 4267 ὃτι
1741 4213 1999 4269 δάκνεσθε

432 4302 535 4357 ὑπὸ
564 4304 672 4358 τῶν
712 4305 843 4377 παρ’
881 4304 1018 4378 ἐμοῦ
1063 4306 1394 4378 λεγομένων.
1451 4308 1564 4362 Καὶ
1607 4308 1719 4378 γὰρ
1765 4310 2003 4380 ἔγραψα

429 4400 574 4471 ὑμῖν
596 4401 742 4455 αὐτὸ
780 4402 975 4456 τοῦτο.
1009 4402 1168 4456 Ποῖον
1192 4419 1208 4468 ;
1241 4402 1364 4457 Ὀτι
1392 4402 1481 4457 διὰ
1507 4401 1664 4458 τοῦτο
1694 4405 1794 4459 οὐκ
1816 4402 2000 4476 ἦλθον,

432 4499 747 4569 φειδόμενος
776 4499 947 4569 ὑμῶν.
979 4500 1116 4553 Πότε
1144 4498 1417 4571 ἔγραφεν;
1447 4500 1504 4555 ἐν
1524 4501 1590 4572 τῇ
1626 4501 1887 4574 προτέρᾳ,
1913 4503 2003 4556 ὅτε

431 4596 638 4665 ἔλεγεν·
673 4597 755 4650 Οὐ
781 4597 934 4651 θέλω
964 4594 1114 4666 ὑμᾶς
1145 4596 1276 4665 ἄρτι
1306 4596 1377 4651 ἐν
1403 4595 1643 4667 παρόδῳ
1674 4596 1857 4661 ίδεῒν;
1888 4598 2003 4652 Οὐκ

432 4692 606 4762 ἔγωγε
633 4689 810 4765 οἶμαι,
831 4694 944 4747 ἀλλ’
966 4697 1022 4746 ὲν
1045 4695 1182 4765 αὐτῇ
1205 4696 1271 4765 τῇ
1310 4694 1619 4766 Ἐπιστολῇ,
1639 4695 1726 4747 ὅτε
1739 4689 1882 4751 εἷπε.
1903 4695 2001 4765 Μὴ

429 4789 685 4844 ἐλθόντα
711 4807 788 4860 με
818 4791 1006 4844 πάλιν
1055 4788 1393 4858 ταπεινώσῃ
1438 4793 1472 4845 ό
1508 4791 1653 4857 Θεός
1689 4808 1807 4862 μου
1849 4791 2002 4861 πρὸς

430 4883 608 4954 ὑμᾶς.
670 4886 928 4956 Ἔγραψα
990 4881 1084 4940 οὖν
1129 4885 1263 4938 αὐτὸ
1308 4885 1467 4938 τοῦτο
1513 4886 1649 4956 πρὸς
1708 4887 1786 4957 τῷ
1832 4886 1999 4953 τέλει,

434 4981 586 5051 φησί·
616 4980 713 5047 Μή
745 4997 869 5048 πως
889 4982 1143 5036 ἐλθόντα
1161 4998 1238 5051 με
1261 4981 1599 5051 ταπεινώσῃ
1624 4984 1658 5035 ό
1691 4983 1835 5049 Θεός
1861 5000 1999 5053 μου,

433 5078 532 5131 καί
558 5078 841 5146 πενθήσω
869 5080 1141 5146 πολλοὺς
1164 5078 1285 5133 τῶν
1319 5081 1880 5149 προημαρτηκότων.
1903 5081 2004 5134 Διά

431 5177 483 5231 τί
515 5177 573 5231 δὲ
601 5177 870 5249 ἐγραφες;
903 5179 1037 5233 Ἵνα
1061 5179 1148 5248 μὴ
1184 5177 1377 5233 ἐλθὼν
1398 5179 1606 5246 λύπην
1633 5177 1765 5247 σχῶ
1790 5179 1891 5249 ἀφ’
1917 5174 2006 5237 ὧν

431 5274 650 5346 ἔδειμε
675 5277 926 5345 χαίρειν,
963 5276 1259 5341 πεποιθὼς
1288 5277 1387 5330 ἐπὶ
1423 5275 1656 5343 πάντας
1691 5277 1867 5346 ὑμᾶς,
1914 5278 2006 5334 ὅτι

434 5373 472 5440 ή
497 5373 611 5444 ἐμὴ
648 5376 804 5444 χαρὰ
831 5374 1073 5429 πάντων
1105 5372 1275 5443 ὑμῶν
1307 5375 1499 5429 ἐστιν.
1549 5374 1763 5448 Ἐπειδὴ
1786 5374 1896 5448 γάρ
1923 5373 2005 5430 εί-

499 5594 774 5657 ⁶Αῐηνεόὶιίε
797 5594 1091 5657 ιεείωιίτὴν
1112 5591 1276 5657 ἀδίαν,
1310 5589 1361 5657 in
1401 5605 1492 5657 ms.
1519 5594 1603 5651 τήν
1626 5593 1814 5657 ᾄνοιαν,
1854 5594 2002 5643 male.

435 5654 584 5719 Savjl.
606 5656 657 5706 in
684 5651 906 5719 margiﬁe
935 5654 1289 5719 aliamprqfett
1309 5651 1572 5719 lectiongm
1595 5656 1679 5719 τήν
1698 5651 2008 5718 ἀηδίανΑυδδ

437 5716 622 5778 optime
646 5714 896 5778 consoﬁat,
917 5724 971 5767 et
991 5716 1056 5767 ita
1082 5714 1210 5779 légit
1234 5717 1481 5780 interpres
1505 5714 1721 5766 Latinus.

1412 298 1415 301 “
1470 290 1537 348 IN
1565 292 1793 350 Εριετ.
1834 291 1878 348 ll
1910 286 2007 348 AD
2034 287 2196 350 COR.
2238 293 2474 353 ΗΟΗΙΙ...
2515 295 2601 356 ιν.

2094 427 2216 478 πεν,
2266 413 2350 469 ὅτι
2385 416 2783 486 Εὐφραίνομαι,
2844 412 3154 485 ἀλγούντων
3208 404 3385 486 ὑμῶν,
3442 416 3537 471 καὶ
3582 420 3663 473 ἐτι

2092 507 2486 582 αὐθαδέστερον
2521 512 2683 566 τοῦτο
2709 509 2778 585 ἦν
2815 514 2910 567 καὶ
2942 511 3301 585 τραχύτερον,
3333 513 3497 568 πάλιν
3531 514 3666 569 αὐτὸ

2090 603 2425 678 ἀνέστρεψεν
2452 609 2676 679 ἑτέρως,
2702 608 2801 663 καὶ
2843 607 3194 681 ἡμερώτερον
3236 609 3369 663 αὐτὸ
3411 610 3667 682 ἐποίησεν

2088 693 2173 763 οίς
2191 702 2459 774 ἐπήγαγε.
2494 705 2595 758 Διά
2618 703 2777 759 τοῦτο
2804 705 2934 776 γὰρ,
2960 706 3117 778 φησὶ,
3154 706 3481 779 προέγραψα
3511 710 3664 780 ὑμῖν,

2093 796 2178 851 ῖνα
2225 799 2300 868 μὴ
2332 802 2390 853 ἐν
2423 800 2584 876 ὀδύνῃ
2613 803 2757 874 ὑμᾶς
2800 802 2945 876 εὐρω
2994 803 3069 875 μὴ
3101 803 3518 876 διορθωθὲντας.
3567 807 3667 861 Διά

2091 893 2250 949 τοῦτο
2282 890 2455 961 εἶπον,
2478 898 2613 953 Ἵνα
2638 899 2725 968 μὴ
2752 900 3025 968 λυπηθῶ,
3062 901 3124 953 οὐ
3147 900 3209 954 τὸ
3257 902 3495 972 ἐμαυτοῦ
3538 916 3667 956 σκο-

2093 988 2233 1056 πῶν,
2268 991 2406 1045 ἀλλά
2458 993 2520 1046 τὸ
2569 994 2854 1066 ὑμέτερον.
2892 994 3044 1069 [457]
3096 992 3226 1051 Οἶδα
3280 998 3409 1069 γὰρ,
3442 998 3526 1052 δτι
3573 997 3669 1052 ἐὰν

2095 1089 2243 1159 ἴδητε
2274 1091 2555 1161 χαίροντα,
2605 1093 2850 1164 χαίρετε·
2894 1092 3000 1147 κᾶν
3055 1092 3325 1165 θεάσησθε
3374 1094 3667 1163 ἀλγοῦντα,
3786 1112 3787 1115 ‘

2093 1186 2332 1256 ἀλγεῖτε.
2366 1186 2509 1259 Ὅρα
2531 1188 2710 1243 τοίνυν
2747 1188 2952 1243 ἀνωθεν
2974 1189 3073 1261 τὴν
3099 1189 3420 1244 ἀκολουθίαν
3445 1188 3554 1245 τῶν
3589 1194 3669 1245 εί-

2097 1285 2367 1356 ρημένων·
2412 1282 2555 1339 οὕτω
2595 1285 2719 1356 γάρ-
2741 1284 3143 1358 εὐμαθέστερος
3174 1286 3307 1357 ἡμῖν
3339 1285 3494 1341 ἐσται
3526 1289 3555 1341 ό
3579 1286 3671 1339 λό.

2093 1400 2210 1454 γος.
2250 1384 2364 1437 Οὐκ
2397 1378 2586 1455 ἦλθον,
2621 1383 2808 1454 φησὶν,
2849 1383 2936 1437 ἵνα
2977 1382 3053 1454 μὴ
3095 1381 3323 1452 λυπήσω
3356 1383 3522 1454 ὑμᾶς,
3558 1383 3673 1441 ἀδι-

2093 1479 2366 1550 ορθώτους
2416 1479 2614 1551 εὑρών.
2651 1478 2824 1534 Τοῦτο
2866 1479 2921 1533 δὲ
2963 1478 3202 1546 ἐποίουν,
3236 1481 3297 1534 οὐ
3331 1480 3392 1536 τδ
3430 1482 3671 1554 ἐμαυτοῦ

2096 1577 2338 1641 σκοπῶν,
2372 1577 2508 1632 ἀλλά
2530 1577 2592 1632 τὺ
2614 1577 2898 1649 ὑμέτερον.
2932 1576 3078 1647 Ἐγὼ
3115 1578 3214 1650 μιν
3248 1577 3359 1651 γάρ
3393 1578 3673 1652 λυπουμέ-

2099 1676 2276 1746 μένων
2305 1675 2479 1745 ὑμῶν,
2503 1674 2613 1746 ἐχω
2636 1675 2835 1747 ἡδονὴν
2861 1676 2925 1730 οὐ
2959 1677 3184 1748 μικράν,
3208 1677 3341 1733 ὅταν
3367 1677 3464 1733 ίδω
3482 1679 3675 1736 τοσοῦ-

2096 1790 2187 1826 τον
2215 1771 2352 1842 ἐμοῦ
2384 1772 2791 1845 φροντίζοντας,
2823 1774 2900 1839 ὡς
2927 1775 3023 1830 καὶ
3043 1774 3333 1832 λυπεῖσθαι
3368 1779 3462 1832 καὶ
3489 1777 3675 1847 ἀλγεῖν

2096 1868 2530 1938 ἀγανακτοῦντος
2579 1869 2734 1942 ἐμοῦ.
2772 1869 2870 1938 Τίς
2914 1870 3027 1941 γάρ
3060 1872 3233 1926 ἐστιν
3278 1874 3312 1927 ό
3335 1874 3675 1943 εὐφραίνων

2092 1983 2190 2038 με,
2222 1967 2273 2019 εί
2316 1965 2402 2035 μὴ
2438 1968 2471 2022 ό
2497 1967 2883 2035 λυπούμενος
2921 1966 2992 2032 ἐξ
3016 1967 3163 2037 ἐμοῦ
3185 1983 3205 2034 ;
3229 1969 3378 2042 Πλὴν
3411 1968 3547 2024 ἀλλά
3581 1971 3676 2025 καὶ

2097 2062 2240 2117 οὕτω
2257 2063 2622 2134 διακείμενος,
2648 2063 2837 2136 ἐπειδὴ
2856 2062 2917 2118 τὺ
2940 2064 3205 2138 ὑμέτερον
3226 2066 3435 2133 σκοπῶ,
3460 2067 3674 2139 ἐγραψα

2100 2163 2228 2233 ὑμῖν
2267 2161 2330 2215 τὸ
2371 2161 2505 2215 αὐτὸ
2531 2160 2709 2227 τοῦτο,
2755 2162 2844 2216 ἴνα
2882 2162 2956 2235 μὴ
2999 2162 3244 2236 λυπηθῶ·
3281 2166 3376 2220 καὶ
3415 2167 3475 2221 ἐν
3501 2166 3676 2236 τούτῳ

2099 2258 2262 2313 πάλιν
2298 2256 2360 2311 οὐ
2404 2255 2464 2310 τὸ
2506 2256 2638 2328 ἐμὸν
2684 2256 2924 2324 σκοπῶν,
2956 2257 3093 2313 ἀλλά
3126 2259 3188 2313 τὸ
3216 2258 3499 2332 ὑμέτερον.
3544 2258 3676 2317 Οἶδα

2098 2353 2208 2425 7&9
2235 2353 2317 2407 ὅτι
2352 2353 2447 2407 καὶ
2479 2352 2640 2423 ὑμεῖς
2681 2352 2904 2424 μέλλετε
2947 2353 3257 2419 λυπεῖσθαι,
3293 2355 3564 2425 ἀλγοῦντά
3605 2374 3675 2430 με

2098 2450 2352 2522 ὁρῶντες,
2377 2448 2568 2521 ὥσπερ
2587 2439 2684 2502 οῦν
2707 2450 2804 2505 καὶ
2826 2449 3236 2521 εὐφραίνεσθαι,
3263 2452 3522 2524 χαίροντα
3540 2453 3676 2507 θεω-

2105 2543 2339 2616 ροῦντες.
2371 2544 2570 2599 Σκόπει
2614 2543 2796 2600 τοίνυν
2833 2545 3069 2601 σύνεσιν·
3097 2543 3285 2601 Εἶπεν·
3321 2549 3440 2604 Ἵνα
3473 2548 3550 2621 μὴ
3581 2549 3673 2604 λυο

2101 2642 2259 2713 πήσω
2279 2640 2377 2693 οὐκ
2399 2635 2584 2711 ἦλθον,
2609 2639 2788 2694 καίτοι
2806 2658 2872 2710 γε
2895 2642 3280 2714 εὐφραίνομαι,
3307 2645 3490 2715 φησίν.
3517 2641 3651 2701 Εἶτα

2102 2737 2190 2791 ἵνα
2229 2736 2304 2809 μὴ
2332 2736 2461 2808 δόξῃ
2489 2735 2714 2790 ἐκείνων
2742 2735 3054 2806 ἀλγούντων
3081 2738 3498 2809 εὐφραίνεσθαι,
3517 2742 3675 2798 Κατά

2100 2833 2282 2898 τοῦτο,
2304 2833 2459 2903 φησὶ,
2483 2832 2682 2903 χαίρω,
2704 2832 2841 2887 καθὸ
2868 2833 3245 2904 καθάπτομαι·
3271 2836 3396 2889 ἐπεὶ
3417 2835 3540 2889 καθ’
3561 2836 3678 2891 ἐτε-

2105 2946 2197 3000 ρον
2222 2928 2518 3000 λυποῦμαι,
2547 2929 2677 2983 ὅταν
2709 2930 2838 2993 τοὺς
2864 2927 3010 2983 οὕτω
3032 2928 3323 3000 φιλοῦντας
3350 2931 3677 3000 ἀναγκάζω·-

2106 3044 2206 3098 μαι
2260 3026 2473 3091 λυπεῖν,
2501 3026 2563 3079 οὐ
2589 3025 2766 3097 τούτῳ
2808 3025 2968 3097 μόνον
3000 3025 3085 3097 τῷ
3120 3028 3404 3100 ἐπιτιμᾷν,
3432 3028 3567 3083 ἀλλά
3597 3029 3676 3101 τῷ

2102 3124 2197 3179 καὶ
2228 3123 2386 3187 αὐτὸς
2417 3123 2476 3176 ἐν
2499 3120 2645 3194 λύπῃ
2673 3118 2835 3185 εἶναι,
2866 3122 2961 3175 καὶ
2986 3123 3131 3194 ὑμᾶς
3166 3123 3255 3178 διὰ
3279 3123 3468 3178 τούτου
3512 3124 3678 3180 πάλιν

2102 3220 2311 3276 λυπεῖν.
2336 3220 2536 3274 Σκόπει
2559 3219 2614 3274 δὲ
2637 3219 2756 3283 πῶς
2778 3218 2909 3274 αὐτὸ
2934 3220 3030 3274 καὶ
3054 3222 3172 3293 μετ’
3194 3222 3474 3293 ἐγκωμίου
3495 3222 3677 3295 τίθησι

2102 3318 2297 3387 λέγων·
2336 3318 2460 3387 Ἀφ’
2485 3312 2572 3372 ὧν
2594 3315 2715 3371 ἔδει
2738 3332 2814 3388 με
2834 3318 3087 3387 χαίρειν.
3121 3317 3294 3372 Τοῦτο
3325 3318 3432 3391 γὰρ
3463 3319 3681 3391 γνησιόο

2102 3432 2241 3486 τητα
2279 3411 2681 3485 μαρτυροῦντός
2716 3414 2852 3479 ἐστι,
2898 3412 2993 3466 καὶ
3027 3412 3227 3483 πολλὴν
3267 3415 3672 3487 φιλοστοργίαν·

2102 3511 2177 3575 ὡς
2208 3511 2274 3564 ἀν
2312 3510 2361 3563 εί
2388 3510 2515 3579 περὶ
2548 3508 2681 3561 υίῶν
2710 3524 2796 3571 τις
2824 3505 2946 3561 εἷπε
2981 3506 3152 3561 πολλὰ
3184 3509 3674 3581 εὐεργετηθέντων,

2104 3610 2199 3664 καὶ
2238 3608 2366 3679 περὶ⁵
2401 3609 2494 3670 οὓς
2528 3606 2808 3676 ἐπόνησεν.
2843 3605 2905 3658 EI
2941 3606 3121 3659 τοίνυν
3153 3606 3240 3660 διὰ
3271 3606 3430 3661 τοῦτο
3454 3610 3674 3681 γράφω,

2105 3707 2198 3759 καὶ
2218 3704 2319 3757 οὐκ
2341 3702 2590 3775 ἔρχομαι,
2622 3701 2763 3773 μέγα
2781 3718 2834 3755 τι
2854 3700 3154 3773 οἰκονομῶν
3177 3703 3277 3756 οὐκ
3308 3702 3562 3776 ἔρχομαι,
3584 3709 3680 3761 καὶ

2104 3802 2165 3855 οὐ
2198 3798 2371 3872 μισῶν
2399 3798 2518 3852 οὐδὲ
2547 3797 3040 3869 ἀποστρεφόμενος,
3070 3797 3207 3853 ἀλλά
3233 3799 3328 3853 καὶ
3356 3799 3560 3873 σφόδρα
3593 3819 3681 3872 φι.

2105 3900 2233 3955 λῶν.
2262 3893 2414 3963 Εἶτα,
2449 3897 2636 3970 ἐπειδὴ
2657 3891 2829 3964 εἶπεν,
2858 3897 2940 3951 ὃτι
2973 3897 3030 3953 '0
3048 3895 3233 3952 λυπῶν
3264 3898 3567 3969 εὐφραίνει,
3592 3900 3680 3954 ἵνα

2108 3997 2182 4068 μὴ
2210 3996 2429 4065 λέγωσι·
2456 3993 2626 4049 Τοῦτο
2652 3988 2746 4047 οὖν
2773 3993 2902 4047 αὐτὸ
2929 3993 3270 4061 σπουδάζεις,
3303 3994 3388 4049 ἵνα
3413 3996 3681 4070 εὐφραίνῃ

2106 4092 2198 4148 καὶ
2229 4086 2471 4161 ἐπιδείξῃ
2502 4089 2637 4142 πᾶσι
2665 4087 2839 4160 πόσην
2870 4086 3001 4161 ἐχιῃς
3034 4088 3223 4160 ίσχύν;
3254 4090 3552 4162 ἐπήγαγεν·
3584 4092 3680 4145 Ἐκ

2104 4188 2216 4259 τὰρ
2244 4185 2485 4257 πολλῆς
2513 4187 2775 4255 θλίψεως
2800 4185 2897 4240 καί
2923 4185 3201 4256 συνοχῆς
3223 4186 3471 4254 καρδίας
3505 4186 3681 4256 ἔγρα-

2104 4289 2195 4354 ψα
2211 4284 2354 4353 ὑμῖν
2374 4281 2472 4337 διὰ
2490 4281 2740 4336 πολλῶν
2754 4282 3047 4351 δακρύων·
3082 4283 3195 4350 οὐχ
3221 4281 3323 4334 ἵνα
3342 4281 3678 4349 λυπηθῆτε,

2106 4380 2267 4435 ἀλλὰ
2297 4378 2412 4445 τὴν
2432 4376 2675 4444 ἀγάπην
2699 4376 2800 4430 ἵνα
2818 4375 3029 4444 γνῶτε,
3061 4374 3144 4444 ἦν
3172 4375 3292 4444 ἔχω
3323 4378 3679 4445 περισσοτέ-

2100 4492 2217 4545 ρως
2242 4476 2330 4539 εις
2358 4471 2535 4543 ὑμᾶς·

2176 4651 2243 4706 Τί
2261 4649 2466 4723 ταύτης
2488 4647 2969 4720 φιλοστοργότερον
2997 4648 3095 4720 τῆς
3121 4646 3336 4721 ψυχῆς
3357 4648 3548 4705 Αὐτῶν
3572 4651 3683 4723 γὰρ

2106 4754 2215 4811 τῶν
2235 4755 2635 4828 ἡμαρτηκότων
2657 4753 2759 4807 οὐκ
2777 4753 3021 4819 ἔλαττον,
3045 4753 3184 4808 ἀλλὰ
3205 4754 3298 4809 καὶ
3317 4753 3499 4825 πολλῷ
3520 4754 3684 4809 πλέον

2106 4862 2379 4918 δείκνυσιν
2410 4862 2599 4918 ἐαυτὸν
2634 4860 2967 4931 ἀλγήσαντα.
2998 4858 3075 4912 Οὐ
3098 4859 3231 4930 7&9,
3264 4860 3397 4915 Ἀπὸ
3428 4859 3680 4930 θλίψεως,

2109 4969 2243 5039 φησὶ
2265 4969 2445 5041 μόνον,
2473 4967 2609 5032 ἀλλ’,
2626 4965 2760 5021 Ἀπὸ
2783 4964 3048 5036 πολλῆς·
3070 4966 3214 5032 οὐδὲ,
3239 4968 3520 5039 Δακρύων,
3547 4967 3685 5022 ἀλλά

2109 5074 2212 5129 Διά
2232 5073 2477 5128 πολλῶν
2502 5071 2780 5140 δακρύων
2807 5071 2905 5126 καί
2933 5072 3209 5142 συνοχῆς
3231 5072 3500 5142 καρδίας·
3530 5091 3685 5128 τουτ-

2110 5184 2277 5247 ἐστιν,
2324 5177 2797 5253 ’Δπηγχονιζόμην
2817 5219 2831 5247 ,
2861 5180 3246 5251 ἀπεπνιγόμην
3280 5180 3385 5235 ὐπὸ
3410 5181 3511 5255 τῆς
3549 5181 3683 5236 ἀθυ-

2113 5289 2258 5359 μίας·
2313 5286 2409 5341 καὶ
2469 5285 2668 5358 μηκέτι
2719 5284 2902 5357 φέρων
2957 5283 3055 5355 τῆς
3108 5283 3350 5357 ἀθυμίας
3395 5288 3456 5341 τὸ
3503 5288 3683 5358 νέφος,

2111 5394 2326 5467 ἔγραψα
2363 5393 2491 5464 ὑμῖν
2516 5408 2529 5423 ·
2551 5392 2675 5460 Οὐχ
2704 5391 2806 5446 ἵνα
2835 5390 3181 5462 λυπηθῆτε,
3206 5393 3346 5451 ἀλλ’
3369 5395 3473 5449 ἵνα
3499 5392 3685 5464 γνῶτε

2115 5503 2228 5573 τὴν
2265 5502 2541 5573 ἀγάπην,
2589 5501 2775 5572 φησὶν,
2829 5500 2912 5569 ἣν
2959 5501 3078 5571 ἔχω
3110 5503 3543 5568 περισσοτέρως
3595 5500 3681 5560 είς

2111 5610 2286 5680 ὑμᾶς.
2315 5608 2511 5662 Καίτοι
2533 5607 2595 5661 τὸ
2617 5608 2909 5663 ἀκόλουθον
2944 5605 3012 5680 ἧν
3035 5610 3234 5664 εἰπεῖν·
3265 5610 3376 5678 Οὐχ
3404 5607 3486 5659 ῐνα
3510 5606 3683 5669 λυπη-

2115 5712 2264 5785 θῆτε,
2292 5711 2408 5766 ἀλλ’
2439 5712 2525 5766 ἵνα
2552 5711 2907 5788 διορθωθῆτε·
2942 5715 3033 5768 καὶ
3072 5715 3182 5782 γὰρ
3207 5707 3295 5767 διὰ
3329 5708 3485 5765 τοῦτο
3513 5705 3680 5773 ἐγρα-
