4070 6152
391 253 488 309 ιει

386 367 506 438 ψεν·
567 365 684 420 ἀλλ’
747 363 806 419 οὐ
865 363 1014 435 λέγει
1067 364 1227 418 τοῦτο
1248 406 1263 431 ,
1313 365 1450 419 ἀλλὰ
1505 363 1958 432 καταγλυκαίνων

390 458 592 530 μᾶλλον
637 459 728 512 τὸν
772 458 952 527 λόγον,
1012 459 1107 513 καὶ
1150 459 1230 522 εἰς
1269 457 1451 528 μεῖξον
1500 457 1719 528 φίλτρον
1761 454 1958 515 αὐτοὺς

388 550 794 620 ἐπισπώμενος,
821 549 979 603 τοῦτο
1010 549 1125 603 ἀντ’
1159 548 1368 602 ἐκείνου
1397 545 1600 618 τίθησι,
1629 542 1959 607 δεικνῦς,ὃτι

391 645 568 699 πάντα
617 645 726 698 ἀπὸ
769 644 988 713 ἀγάπης
1037 645 1202 697 ποιεῖ.
1251 642 1358 694 Καὶ
1396 641 1496 711 οὐχ
1544 637 1727 701 ἁπλῶς
1773 653 1956 708 φησιν,

403 738 672 810 ’ᾼγάπην,
716 737 854 801 ἀλλ’,
908 739 1015 791 Ἦν
1044 735 1162 804 ἔχω
1197 732 1346 807 [458]
1398 729 1834 802 περισσοτέρως
1876 729 1963 794 είς

390 830 564 900 ὑμᾶς.
589 830 847 884 Βούλεται
868 831 975 900 γὰρ
995 827 1192 891 αὐτοὺς
1217 825 1314 878 καὶ
1333 824 1502 896 ταύτῃ
1529 818 1960 882 ἐπισπάσασθαι,

390 923 468 996 τῷ
493 923 662 988 δεῖξαι
700 925 783 977 ὅτι
827 923 989 976 πλέον
1033 921 1250 974 πάντων
1283 919 1478 980 αὐτοὺς
1527 916 1705 986 φιλεῖ,
1746 911 1840 966 καὶ
1887 910 1964 973 ὡς

393 1017 522 1087 περὶ
557 1013 866 1086 ἐξαιρέτους
900 1012 1146 1084 μαθητὰς
1200 1007 1488 1063 διάκειται.
1540 1007 1632 1060 Διό
1664 1017 1848 1076 φησιν·
1894 1003 1964 1055 El

393 1108 491 1161 καὶ
530 1106 742 1172 ἄλλοις
781 1106 890 1159 οὐκ
933 1104 1048 1172 εἰμὶ
1099 1104 1476 1166 ἀπόστολος,
1521 1095 1682 1151 ἀλλά
1725 1111 1793 1162 τε
1821 1091 1965 1161 ὑμῖν

391 1200 531 1266 είμι·
569 1195 680 1258 καὶ,
715 1197 850 1248 Ἐὰν
876 1192 1147 1257 πολλοὺς
1173 1187 1582 1260 παιδαγωγοὺς
1601 1186 1802 1255 ἔχητε,
1825 1181 1962 1235 ἀλλ’

391 1292 466 1344 οὺ
501 1286 770 1352 πολλοὺς
799 1284 1074 1354 πατέρας·
1106 1285 1200 1337 καὶ
1234 1283 1415 1343 πάλιν,
1464 1281 1566 1333 Ἐν
1596 1277 1785 1346 χάριτι
1815 1271 1963 1327 Θεοῦ

395 1379 858 1449 ἀνεστράφημεν
899 1379 971 1430 ἐν
1012 1374 1092 1440 τῷ
1131 1377 1368 1444 κόσμῳ,
1423 1365 1859 1439 περισσοτέρως
1897 1363 1965 1416 δὲ

393 1472 546 1542 πρὸς
576 1454 748 1541 ὑμᾶς’
793 1469 887 1522 καὶ
932 1465 1137 1538 προϊών
1177 1481 1337 1535 φησι·
1381 1462 1488 1518 Καὶ
1527 1456 1965 1528 περισσοτέρως

393 1563 548 1632 ὑμᾶς
579 1555 844 1630 ἀγαπῶν,
875 1555 1056 1628 ἧττον
1076 1555 1410 1626 ἀγαπῶμαι·
1442 1552 1537 1606 καὶ
1564 1549 1822 1611 ἐνταῦθα,
1858 1549 1965 1600 Ἢν

389 1657 510 1724 ἔχω
553 1651 1000 1722 περισσοτέρως
1027 1651 1113 1716 εὶς
1140 1645 1313 1717 ὑμᾶς.

465 1810 528 1870 7'.
553 1803 713 1856 Ὥστε
737 1801 784 1853 εἰ
815 1799 910 1853 καὶ
935 1796 1109 1869 θυμοῦ
1131 1795 1198 1850 τά
1224 1797 1442 1868 ῥήματα
1476 1792 1672 1862 ἔγεμεν
1690 1800 1730 1856 ι,
1757 1787 1870 1844 ἀλλ’
1907 1786 1967 1852 ἐξ

392 1897 613 1964 ἀγάπης
642 1891 710 1966 ἦν
741 1892 946 1961 πολλῆς
978 1891 1073 1944 καὶ
1103 1889 1293 1958 ὀδύνης
1319 1890 1350 1940 ὀ
1376 1887 1566 1957 θυμός.
1597 1887 1708 1937 Καὶ
1741 1883 1967 1953 γράφων

393 1989 491 2060 τὴν
534 1985 885 2056 Ἐπιστολὴν,
921 1984 1191 2054 ἔπασχον,
1223 1981 1442 2052 ἤλγουν,
1466 1979 1564 2046 οὐχ
1595 1978 1677 2029 ὅτι
1716 1973 1967 2045 ἡμαρτή-

394 2097 526 2134 κατε
567 2079 746 2150 μόνον,
787 2075 902 2130 ἀλλ’
931 2076 1014 2128 ὅτι
1058 2075 1152 2126 καὶ
1180 2068 1569 2141 ἠναγκαζόμην
1601 2067 1811 2118 λυπεῖν.
1857 2062 1967 2116 Καὶ

393 2171 553 2226 τοῦτο
576 2169 633 2223 δέ
659 2168 790 2222 αὐτὸ
820 2167 879 2232 ἐξ
918 2165 1169 2234 ἀγάπης·
1198 2161 1388 2230 ὥσπερ
1422 2159 1486 2212 ἂν
1516 2157 1654 2227 ἔχων
1689 2173 1772 2218 τις
1800 2154 1968 2208 παῖδα

394 2263 618 2333 γνήσιον
669 2257 938 2330 σηπεδόνα
988 2254 1215 2324 ἔχοντα,
1268 2247 1707 2318 ἀναγκαζόμενος
1751 2245 1968 2316 τέμνειν

396 2357 491 2409 καὶ
523 2352 722 2415 καίειν,
757 2349 822 2403 δι’
868 2348 1156 2418 ἀμφότερα
1197 2344 1416 2414 πάσχοι,
1453 2341 1547 2394 καὶ
1571 2341 1652 2393 ὅτι
1674 2340 1839 2400 νοσεῖ,
1873 2335 1969 2390 καὶ

396 2445 480 2494 ὅτι
522 2438 893 2509 ἀναγκάζεται
938 2435 1101 2491 αὐτὸν
1151 2434 1395 2505 τέμνειν.
1443 2430 1607 2484 ’Ὥστε
1644 2430 1672 2482 ὃ
1718 2427 1967 2499 νομίζετε

396 2529 536 2586 εἶναι
574 2531 670 2585 τοῦ
719 2532 897 2601 μισεῖν
941 2529 1086 2598 ὑμᾶς
1128 2528 1353 2597 σημεῖον
1376 2566 1388 2585 ,
1437 2521 1596 2575 τοῦτο
1638 2520 1730 2574 τοῦ
1766 2519 1970 2590 σφόδρα

397 2625 571 2694 φιλεῖν
602 2618 690 2695 ἦν.
730 2623 792 2674 Εἰ
827 2620 885 2674 δέ
907 2619 970 2672 τὸ
995 2619 1231 2687 λυπῆσαι
1261 2616 1320 2682 ἐξ
1347 2614 1588 2685 ἀγάπης,
1621 2610 1800 2682 πολλῷ
1830 2610 1967 2682 μάλ-

397 2717 489 2771 λον
523 2715 586 2769 τὸ
613 2710 1000 2785 εὐφραίνεσθαι
1039 2708 1414 2778 λυπουμένων.
1457 2704 1968 2775 ’Λπολογησάμενος

396 2808 578 2863 τοίνυν
605 2806 747 2878 ὑπὲρ
771 2803 965 2858 ἐαυτοῦ
993 2802 1122 2874 (καὶ
1157 2800 1266 2872 γὰρ
1295 2799 1643 2866 ἀπολογεῖται
1667 2795 1964 2866 πολλαχοῦ·

397 2904 496 2956 καὶ
525 2902 628 2976 οὐκ
655 2897 992 2969 αἰσχύνεται·
1026 2895 1076 2947 εί
1105 2894 1214 2964 7&9
1241 2895 1268 2946 ό
1288 2892 1420 2955 Θεὸς
1445 2890 1576 2945 αὐτὸ
1608 2891 1751 2942 ποιεῖ
1773 2887 1968 2956 λέγων,

398 2994 555 3058 Λαός
579 3008 718 3061 μου,
753 2989 807 3042 τί
826 2985 1090 3053 ἐποίησά
1119 2998 1252 3046 σοι;
1276 2980 1456 3051 πολλῷ
1492 2979 1690 3050 μᾶλλον
1713 2979 1965 3047 Παῦλος)·

397 3081 880 3149 ἀπολογησάμενος
938 3071 1031 3130 οὖν
1097 3073 1239 3144 ὐπέρ
1303 3070 1500 3124 ἐαυτοῦ
1523 3112 1538 3135 ,
1602 3070 1697 3123 καὶ
1761 3067 1968 3139 μέλλων

401 3171 645 3242 μετιέναι
693 3167 881 3220 λοιπὸν
925 3166 1018 3219 ἐπὶ
1055 3164 1153 3235 τὴν
1199 3162 1494 3230 ἀπολογίαν
1537 3160 1637 3230 τὴν
1683 3159 1824 3231 ὑπὲρ
1873 3156 1966 3210 τοῦ

400 3259 848 3330 πεπορνευκότος·
887 3257 975 3310 ἵνα
1010 3256 1084 3327 μὴ
1117 3252 1523 3326 διαστραφῶσιν
1548 3253 1576 3291 ι)
1609 3251 1686 3315 ὡς
1711 3247 1969 3303 τάναντία

401 3352 766 3422 κελευόμενοι,
804 3351 900 3404 καὶ
938 3347 1557 3420 προσφιλονεικήσωσιν,
1595 3341 1780 3413 ἐπειδὴ
1812 3340 1968 3404 αὐτὸς

400 3443 468 3516 ἦν
525 3445 554 3497 ὁ
605 3445 696 3498 καὶ
745 3439 866 3496 τότε
913 3439 1208 3512 ὀργισθεὶς,
1261 3439 1356 3492 καὶ
1406 3435 1503 3489 νῦν
1535 3431 1776 3487 κελεύων
1807 3430 1970 3484 αὐτὸν

400 3536 618 3606 ἀφιέναι
637 3551 650 3566 ·
688 3535 788 3605 ὅρα
811 3533 927 3595 πῶς
955 3531 1088 3586 αὐτὸ
1119 3528 1610 3601 προῳκονόμησεν,
1639 3523 1746 3578 ἀπό
1773 3539 1830 3574 τε
1863 3521 1970 3574 τῶν

401 3626 727 3699 εἰρημένων,
757 3624 862 3678 ἀπό
890 3640 948 3675 τε
977 3621 1083 3675 τῶν
1113 3618 1522 3691 ῥηθησομένων.
1547 3614 1613 3668 Τί
1639 3615 1747 3685 γάρ
1770 3627 1968 3682 φησιν;

401 3720 470 3772 El
496 3716 562 3770 δέ
586 3734 676 3782 τις
710 3716 1079 3780 λελύπηκεν,
1103 3715 1213 3766 οὐκ
1251 3710 1356 3780 ἐμὲ
1391 3709 1717 3777 λελύπηκε.
1751 3703 1970 3779 Πρῶτον

399 3808 596 3870 αὐτοὺς
611 3805 926 3870 ἐπαινέσας,
944 3803 1019 3869 ὡς
1041 3802 1109 3856 τά
1131 3801 1272 3856 αὐτά
1294 3801 1600 3872 χαίροντας.
1625 3799 1715 3852 καὶ
1739 3797 1806 3850 τά
1833 3793 1969 3848 αὐτά

399 3897 925 3969 λυπουμένους,τότε
947 3895 1206 3966 ἐμϐάλλει
1223 3895 1303 3957 είς
1326 3893 1416 3945 τὸν
1437 3909 1504 3945 πε
1513 3892 1568 3963 ρὶ
1580 3890 1772 3944 τούτου
1792 3889 1966 3956 λόγον,

400 3989 570 4044 είπὼν
593 3989 825 4062 πρῶτον,
845 3987 928 4041 ὅτι
943 3988 1014 4042 Ἦ
1026 3985 1139 4056 ἐμὴ
1162 3985 1316 4053 χαρὰ
1334 3983 1573 4036 πάντων
1591 3979 1758 4050 ὑμῶν
1779 3981 1966 4032 ἐστιν.

400 4083 464 4138 Εἰ
496 4081 554 4136 δέ
578 4083 613 4151 ἡ
637 4079 782 4153 χαρά
808 4081 1028 4134 πάντων
1059 4076 1212 4147 ὐμῶν
1250 4073 1416 4144 χαρά,
1443 4072 1525 4126 δεῖ
1556 4073 1674 4142 μετ’
1705 4068 1840 4139 ἐμοῦ
1872 4069 1969 4122 καὶ

398 4173 494 4228 νῦν
512 4173 766 4243 ἡσθῆναι,
787 4171 977 4239 ὥσπερ
995 4167 1270 4237 ἡλγήσατε
1288 4163 1402 4234 μετ’
1421 4159 1554 4231 ἐμοῦ
1570 4159 1713 4212 τότε.
1733 4157 1841 4210 Καὶ
1859 4155 1967 4228 γὰρ

397 4267 465 4321 δι’
483 4260 557 4320 ὧν
579 4265 912 4334 ἐλυπήθητε,
932 4258 1273 4330 ηὐφράνατε·
1300 4257 1396 4308 καὶ
1420 4254 1488 4306 δι’
1509 4246 1582 4304 ὧν
1608 4251 1824 4322 χαίρετε
1849 4247 1966 4313 νῦν,

397 4359 463 4413 ἂν
488 4358 596 4429 άρα
627 4356 850 4428 ήσθῆτε,
879 4353 942 4405 τὸ
972 4350 1105 4406 αὐτὸ
1134 4349 1412 4419 ποιήσετε.
1447 4345 1554 4398 Καὶ
1584 4342 1684 4397 οὐκ
1700 4337 1872 4403 εἶπεν,
1901 4339 1966 4393 Ἦ

399 4451 507 4523 ἐμὴ
547 4449 694 4520 λύπη
729 4446 948 4500 πάντων
978 4443 1134 4514 ὐμῶν
1175 4442 1324 4494 ἐστιν
1345 4454 1358 4467 ·
1392 4437 1508 4491 ἀλλ’
1544 4437 1602 4489 ἐν
1635 4436 1746 4498 τοῖς
1786 4431 1968 4495 ἀλλοις

399 4541 820 4602 κατασκευάσας
867 4536 1047 4601 τοῦτο,
1087 4533 1182 4588 νῦν
1220 4531 1382 4603 μόνον
1422 4523 1484 4584 οὐ
1525 4525 1759 4599 ἔχρῃζε,
1811 4524 1967 4578 τοῦτο

396 4634 634 4700 τέθεικε,
660 4637 758 4702 τὴν
787 4629 985 4701 χαράν,
1007 4625 1198 4688 εἰπὼν,
1216 4625 1299 4678 δτι
1321 4623 1386 4678 Ἣ
1413 4620 1525 4690 ἐμὴ
1555 4617 1707 4689 χαρὰ
1728 4616 1968 4670 πάντων

396 4721 566 4792 ὑμῶν
596 4722 785 4774 ἐστιν.
822 4713 957 4772 Εἶτα
987 4716 1080 4770 καὶ
1111 4715 1218 4768 τῶν
1262 4710 1544 4784 προτέρων
1577 4707 1850 4779 μέμνηται
1877 4704 1966 4758 λέ-

397 4830 535 4884 γων·
589 4807 648 4864 E!
677 4808 745 4862 δέ
777 4825 863 4874 τις
893 4808 1276 4874 λελύπηκεν,
1305 4803 1418 4856 οὐκ
1447 4799 1552 4869 ἐμὲ
1585 4798 1962 4864 λελύπηκεν,

396 4903 558 4960 ἀλλὰ
587 4901 705 4958 ἀπὸ
731 4900 972 4970 μέρους,
1004 4899 1105 4952 ἵνα
1128 4897 1213 4966 μὴ
1242 4891 1500 4962 ἐπιϐαρῶ
1528 4891 1759 4954 πάντας
1789 4887 1964 4958 ὑμᾶς.

397 4993 548 5060 Οἶδα,
580 4993 746 5066 φησὶν
769 5032 783 5056 ,
815 4992 897 5044 ὅτι
933 4987 1340 5060 συνωργίσθητέ
1389 5003 1479 5057 μοι
1521 4984 1616 5038 καὶ
1660 4998 1965 5053 συνηγανά-

396 5088 632 5158 κτήσατε
653 5086 746 5138 ἐπὶ
772 5082 846 5154 τῷ
875 5078 1294 5152 πεπορνευκότι,
1321 5078 1416 5131 καὶ
1441 5079 1506 5130 ἐκ
1528 5075 1727 5146 μέρους
1756 5073 1964 5136 πάντας

397 5179 541 5248 ὑμᾶς
578 5178 815 5247 ἐλύπησε
848 5175 909 5229 τὸ
944 5172 1180 5244 συμϐάν.
1215 5171 1313 5224 Διά
1349 5169 1510 5223 τοῦτο
1537 5167 1596 5220 δέ
1629 5161 1816 5229 εἷπον,
1863 5165 1966 5218 Ἕκ

393 5269 632 5338 μέρους,
654 5269 754 5336 οὐχ
777 5267 853 5329 ὡς
893 5268 922 5319 ὐ
931 5265 1048 5336 μῶν
1073 5264 1334 5318 ἐλάττονα
1365 5259 1740 5331 ἀλγησάντων,
1769 5257 1804 5328 ἢ
1833 5253 1963 5324 ἐγὼ,

395 5356 550 5432 [459]
577 5357 692 5410 ἀλλ’
720 5358 810 5410 ἳνα
847 5357 920 5426 μὴ
953 5357 1174 5426 βαρήσω
1205 5356 1412 5407 ἐκεῖνον
1443 5351 1535 5405 τὸν
1566 5348 1962 5420 πορνεύσαντα.

393 5451 508 5504 Οὐκ
558 5449 659 5519 ἐμὲ
696 5446 874 5501 τοίνυν
925 5447 1084 5516 μόνον
1137 5445 1446 5514 ἐλύπησεν,
1495 5441 1631 5497 ἀλλά
1683 5439 1777 5494 καὶ
1821 5439 1966 5509 ὑμᾶς

453 5660 479 5688 ⁸
512 5653 766 5715 Legebatur
785 5655 955 5713 ἔλεγεν.

489 5717 517 5760 Ιι
543 5708 626 5767 Iis.
635 5753 651 5780 ,
675 5708 1014 5780 ἐπιστραφῶσι.

1056 251 1114 310 8.
1148 248 1428 308 JOANNIS
1463 245 1949 306 CHRYSOSTOM!
1983 239 2300 301 ARCHIEP.
2333 235 2874 298 CONSTANTINOP.

3527 222 3636 280 429.

2060 360 2278 427 ὁμοίως,
2313 357 2408 408 καὶ
2440 353 2755 423 φειδόμενος
2797 344 2964 405 αὐτοῦ
3003 339 3178 400 εἷπον⁸
3221 339 3357 397 Ἀπὸ
3381 337 3632 410 μέρους.

2062 446 2214 512 Εἶδες
2244 448 2362 511 πῶς
2389 446 2569 501 αὐτῶν
2599 444 2802 508 εὐθέως
2831 441 3065 513 ἐχάλασε
3103 438 3195 492 τὸν
3225 435 3421 504 θυμὸν,
3450 433 3635 499 δείξας

2063 543 2157 595 καὶ
2191 540 2289 610 τῆς
2320 539 2746 608 ἀγανακτήσεως
2776 533 3064 594 κοινωνοὺς
3089 526 3446 599 γενομένους;
3487 525 3634 578 ἰκα-

2061 632 2173 685 νὸν
2196 629 2276 694 τῷ
2294 629 2539 691 τοιούτῳ
2564 629 2603 696 ἡ
2625 625 2886 695 ἐπιτιμία
2905 623 3053 690 αὕτη
3080 621 3120 689 ἡ
3145 619 3266 675 ὑπὸ
3287 616 3406 670 τῶν
3433 613 3632 668 πλειό-

2062 741 2204 778 νων.
2243 724 2354 776 Καὶ
2391 723 2450 776 οὐ
2478 722 2649 789 λέγει,
2679 721 2769 790 Τῷ
2800 705 3205 790 πεπορνευκότί
3217 755 3232 778 ,
3262 709 3398 765 ἀλλά
3429 708 3594 764 πάλιν
3618 745 3634 769 ,

2070 818 2154 884 Τῷ
2182 818 2446 881 τοιούτῳ.
2483 816 2557 880 ὡς
2587 815 2682 869 καὶ
2708 816 2765 867 ἐν
2792 815 2858 884 τῇ
2891 811 3150 882 προτέρᾳ·
3182 807 3298 861 ἀλλ’
3328 805 3390 859 οὐ
3421 803 3511 857 διά
3536 804 3633 872 τὴν

2063 909 2232 981 αὐτὴν
2266 909 2463 972 αἰτίαν,
2496 907 2610 962 ἀλλ’
2643 908 2759 959 ἐκεῖ
2801 905 2900 976 μὲν
2945 901 3356 973 αἰσχυνόμενος,
3395 895 3633 950 ἐνταῦθα

2063 1001 2120 1055 δὲ
2145 1001 2478 1072 φειδόμενος.
2505 1000 2596 1052 Διὸ
2619 999 2738 1052 οὐδέ
2763 997 3034 1069 μέμνηται
3058 992 3244 1046 λοιπὸν
3270 989 3507 1060 οὐδαμοῦ
3535 990 3639 1058 τῆς

2065 1092 2355 1164 ἁμαρτίας·
2393 1092 2580 1164 καιρὺς
2612 1091 2719 1161 7&9
2743 1088 3036 1156 ἀπολογίας
3055 1082 3141 1157 ἦν.
3174 1085 3352 1136 Ὥστε
3377 1083 3639 1136 τούναν-

2065 1186 2196 1238 τίον
2220 1184 2459 1256 μᾶλλον
2483 1182 2638 1255 ὑμᾶς
2670 1181 3033 1251 χαρίσασθαι
3064 1177 3163 1230 καὶ
3198 1172 3636 1242 παρακαλέσαι,

2063 1275 2144 1346 μή
2169 1294 2292 1341 πως
2320 1274 2394 1345 τῇ
2417 1273 2815 1344 περισσοτέρᾳ
2848 1273 3012 1340 λύπῃ
3041 1264 3349 1334 καταποθῇ
3378 1269 3410 1320 ὁ
3441 1264 3638 1319 τοιοῦ-

2068 1384 2187 1434 τος.
2225 1369 2300 1421 Οὐ
2345 1367 2450 1438 γὰρ
2499 1367 2660 1438 μόνον
2694 1364 2904 1419 κελεύει
2938 1362 3098 1416 λῦσαι
3145 1361 3242 1432 τὴν
3293 1358 3636 1426 ἐπιτίμησιν,

2067 1461 2204 1515 ἀλλά
2233 1461 2326 1514 καὶ
2357 1460 2449 1513 ἐπὶ
2477 1457 2545 1513 τά
2573 1459 2816 1531 πρότερα
2843 1457 3124 1526 ἐπανάγει.
3157 1454 3260 1508 Τόν
3290 1453 3398 1523 7&9
3441 1441 3667 1522 μαστι-’

2067 1552 2312 1622 γωθέντα
2334 1553 2400 1606 ἂν
2432 1552 2591 1623 μόνον
2623 1570 2706 1615 τις
2735 1553 2868 1622 ἀφῇ,
2903 1550 2996 1604 κιπι)⁸
3028 1549 3088 1603 οὐ
3122 1547 3456 1620 θεραπεύσῃ,
3487 1543 3640 1596 οὐδὲν

2067 1644 2344 1713 ἐποίησεν.
2383 1644 2528 1715 Ὅρα
2563 1643 2618 1697 δὲ
2648 1643 2764 1707 πῶς
2792 1643 3044 1696 κάκεῖνον
3078 1639 3236 1694 πάλιν
3262 1635 3637 1698 καταστέλλει,

2069 1734 2156 1786 ῖνα
2191 1734 2358 1804 μὴτῇ
2398 1734 2749 1804 συγχωρήσει
2793 1732 3012 1801 γένηται
3041 1729 3258 1801 χείρων.
3305 1729 3368 1780 Et
3399 1726 3509 1796 7&9
3545 1726 3641 1779 καὶ

2068 1826 2554 1896 ἑξωμολογήσατο,
2605 1825 2701 1878 καὶ
2765 1824 3088 1895 μετενόησε,
3129 1821 3399 1874 δείκνυσιν
3446 1819 3527 1872 ὅτι
3575 1819 3640 1871 οὐ

2067 1917 2321 1970 τοσοῦτον
2356 1917 2464 1969 ἀπὸ
2506 1916 2604 1986 τῆς
2641 1915 2950 1987 μετανοίας,
2995 1916 3117 1969 ὅσον
3147 1914 3256 1967 ἀπὸ
3282 1915 3382 1981 τῆς
3428 1911 3642 1982 δωρεᾶς

2068 2010 2334 2081 λαμϐάνει
2380 2009 2479 2080 τὴν
2522 2010 2734 2076 ἄφεσιν.
2775 2009 2866 2061 Διό
2911 2023 3067 2076 φησι·
3118 2006 3484 2076 Χαρίσασθαι
3534 2003 3639 2056 καὶ

2071 2098 2506 2170 παρακαλέσαι.
2535 2100 2644 2152 Καὶ
2664 2099 2725 2152 τὸ
2764 2099 2890 2169 ἐξῆς
2925 2097 3084 2151 πάλιν
3118 2097 3179 2151 τὸ
3201 2097 3332 2150 αὐτὸ
3359 2095 3526 2166 δηλοῖ.
3559 2094 3640 2147 Οὐ

2071 2192 2180 2264 γάρ
2201 2190 2387 2262 ἐπειδὴ
2410 2191 2558 2258 ἄξιός
2589 2193 2755 2254 ἐστιν,
2785 2190 2907 2244 οὐδέ
2939 2189 3130 2259 ἐπειδὴ
3162 2188 3440 2258 ἀρκοῦσαν
3474 2185 3644 2257 μετά-

2071 2300 2219 2336 νοιαν
2278 2282 2626 2346 ἐπεδείξατο,
2675 2280 2789 2334 ἀλλ’
2840 2280 3027 2350 ἐπειδὴ
3079 2278 3313 2350 ἀσθενής
3359 2279 3514 2342 ἐστι,
3554 2276 3643 2330 διά

2070 2373 2228 2427 τοῦτό
2277 2389 2462 2445 φησιν·
2507 2372 2686 2437 Ἀξιῶ·
2734 2372 2815 2426 διὸ
2848 2373 2939 2424 καὶ
2966 2372 3236 2443 ἐπήγαγε,
3270 2369 3366 2438 Μή
3401 2385 3523 2432 πως
3565 2366 3641 2437 τῇ

2071 2466 2468 2535 περισσοτέρᾳ
2513 2466 2681 2532 λύπῃ
2725 2460 3033 2531 καταποθῇ
3078 2465 3111 2516 ό
3149 2461 3435 2525 τοιοῦτος.
3472 2459 3642 2514 Τοῦτο

2069 2559 2125 2612 δὲ
2151 2559 2244 2612 καὶ
2275 2557 2676 2630 μαρτυροῦντος
2702 2551 2769 2628 ἧν
2798 2556 2946 2627 αὐτῷ
2971 2555 3172 2626 πολλὴν
3200 2555 3298 2624 τὴν
3329 2552 3638 2624 μετάνοιαν,

2072 2649 2167 2706 καὶ
2200 2650 2301 2704 οὐκ
2350 2651 2602 2720 ἀφιέντος
2644 2651 2723 2713 είς
2759 2649 3017 2703 ἀπόνοιαν
3040 2659 3062 2686 ο
3099 2647 3295 2702 ἐλθεῖν.
3338 2645 3404 2699 Τί
3432 2645 3488 2698 δέ
3525 2646 3640 2697 ἐστι

2071 2745 2152 2811 τὸ,
2187 2739 2508 2812 Καταποθῇ
2527 2760 2546 2808 ;
2579 2743 2650 2796 Ἣ
2685 2742 2840 2796 τοῦτο
2869 2743 3100 2812 ποιήσας
3131 2741 3270 2810 ὅπερ
3298 2739 3394 2793 καὶ
3445 2737 3642 2800 Ἰούδας

2072 2837 2349 2910 ἐποίησεν,
2382 2836 2416 2906 ἢ
2457 2835 2551 2889 καὶ
2598 2837 2656 2889 ἐν
2689 2835 2766 2907 τῷ
2797 2831 2896 2906 ζῇν
2934 2833 3134 2905 χείρων
3173 2831 3486 2902 γενόμενος.
3525 2828 3642 2883 Κάν

2071 2931 2179 3001 γὰρ
2204 2927 2608 3000 ἀποσκιρτήσῃ,
2635 2927 2788 2998 φησὶ,
2821 2927 2899 2998 τῷ
2937 2925 3011 2997 μὴ
3043 2925 3230 2995 φέρειν
3265 2922 3522 2977 ἐπιπλέον
3543 2920 3643 2992 τὴν

2071 3024 2136 3075 ἐκ
2177 3021 2275 3091 τῆς
2310 3021 2718 3090 ἐπιτεινομένης
2755 3017 3096 3090 ἐπιπλήξεως
3127 3016 3350 3087 ὀδύνην·
3383 3014 3638 3076 πολλάκις

2071 3115 2167 3168 καὶ
2207 3113 2504 3182 ἀπογνοὺς,
2540 3113 2574 3183 ἢ
2612 3114 2693 3176 είς
2725 3112 2981 3183 ἀγχόνην,
3023 3110 3057 3182 ἢ
3092 3112 3172 3174 εἰς
3203 3108 3418 3181 μείζονα
3451 3106 3638 3160 λοιπὸν

2069 3202 2189 3273 ἥξει
2214 3203 2428 3257 κακίαν.
2460 3205 2550 3254 Δεῖ
2570 3202 2748 3255 τοίνυν
2777 3199 3236 3271 προκαταλαϐεῖν,
3261 3201 3346 3253 ἶνα
3379 3198 3450 3270 μὴ
3475 3198 3639 3268 χαλε-

2072 3293 2314 3365 πῶτερον
2339 3294 2400 3347 τὸ
2431 3293 2589 3356 ἐλκος
2622 3293 2865 3364 γένηται,
2906 3292 3072 3363 μηδὲ,
3112 3293 3250 3363 ὅπερ
3279 3290 3642 3364 κατωρθώσα-

2074 3404 2193 3459 μεν,
2225 3385 2580 3455 ἀπολέσωμεν
2609 3386 2674 3456 τῇ
2703 3384 2958 3457 ἀμετρίᾳ.

2142 3479 2325 3532 Ταῦτα
2349 3477 2406 3532 δέ
2444 3476 2648 3545 ἔλεγεν,
2684 3477 2907 3539 ἐκεῖνον,
2943 3477 3079 3545 ὅπερ
3112 3473 3284 3543 ἔφθην
3313 3473 3506 3539 εἰπὼν,
3551 3474 3648 3528 καὶ

2071 3569 2446 3625 καταστέλλων
2493 3569 2594 3622 καὶ·
2630 3566 2902 3622 παιδεύων
2944 3568 3018 3638 μὴ
3063 3566 3319 3636 γενέσθαι
3375 3567 3514 3637 μετά
3546 3565 3648 3636 τὴν

2069 3663 2263 3733 ἄφεσιν
2284 3661 2676 3733 ῥᾳθυμότερον.
2700 3660 2775 3714 Οὐ
2794 3659 2902 3730 γάρ
2922 3659 2998 3722 ὡς
3019 3656 3422 3728 ἀπονιψάμενον
3440 3657 3643 3719 τέλεον,

2068 3755 2183 3809 ἀλλ’
2225 3753 2299 3818 ὡς
2349 3753 2600 3817 δεδοικὼς
2650 3753 2725 3824 μὴ
2779 3750 3159 3823 χαλεπώτερόν
3209 3768 3263 3804 τι
3312 3750 3638 3821 ἐργάσηται.

2070 3846 2212 3901 οὔτω
2242 3845 2530 3916 ἐδεξάμην,
2566 3843 2745 3914 φησίν.
2785 3843 2946 3897 Ὅθεν
2975 3842 3332 3914 μανθάνομεν,
3354 3841 3435 3894 ὅτι
3465 3839 3527 3892 οὐ
3557 3838 3640 3893 δεῖ

2073 3939 2232 4010 μόνον
2266 3937 2404 4008 πρὸς
2436 3937 2535 4008 τὴν
2581 3936 2742 4005 φύσιν
2773 3933 2882 3988 τῶν
2917 3933 3342 4005 ἁμαρτημάτων,
3377 3929 3512 3984 ἀλλά
3541 3931 3638 3984 καὶ

2072 4030 2206 4100 πρὸς
2238 4029 2336 4099 τὴν
2367 4026 2607 4081 διάνοιαν
2637 4025 2731 4081 καὶ
2767 4025 2868 4098 τὴν
2915 4025 3029 4092 ἐξιν
3066 4024 3171 4078 τῶν
3213 4021 3638 4096 ἁμαρτανόντων

2069 4122 2168 4190 τὴν
2190 4119 2479 4190 μετάνοιαν
2493 4117 2713 4189 ὁρίζειν·
2731 4115 2760 4169 δ
2777 4119 2875 4173 καὶ
2888 4119 3008 4172 τότε
3025 4120 3052 4172 ό
3066 4116 3382 4202 Ἀπόστολος
3391 4115 3638 4202 ἐποίησε.

2069 4209 2180 4262 Καὶ
2222 4208 2330 4281 7&9
2371 4208 2618 4277 ἐφοϐεῖτο
2659 4207 2823 4261 αὐτοῦ
2848 4207 2911 4260 τὸ
2955 4206 3206 4271 ἀσθενές·
3243 4204 3337 4258 καὶ
3370 4203 3458 4258 διὰ
3484 4201 3644 4257 τοῦτο

2070 4299 2243 4370 ἔλεγε,
2277 4299 2373 4369 Μὴ
2404 4297 2743 4367 καταποθῇ,
2774 4298 2849 4363 ὡς
2893 4297 2986 4352 ἐπὶ
3029 4297 3246 4369 θηρίου,
3279 4295 3356 4359 ὡς
3394 4294 3487 4348 ἐπὶ
3529 4311 3643 4364 χει-

2074 4393 2270 4466 μῶνος,
2289 4393 2363 4457 ὡς
2381 4392 2471 4446 ἐπὶ
2491 4391 2774 4456 κλύδωνος.
2791 4390 2887 4445 Διὸ
2909 4389 3235 4460 παρακαλῶ
3249 4387 3423 4458 ὑμᾶς.
3446 4386 3640 4441 Οὐκέτι

2068 4486 2366 4550 ἐπιτάττει,
2399 4484 2536 4538 ἀλλά
2564 4483 2891 4556 παρακαλεῖ,
2923 4483 3021 4553 οὐχ
3048 4482 3123 4546 ὡς
3153 4480 3492 4546 διδάσκαλος,
3523 4476 3641 4532 ἀλλ’

2068 4578 2144 4640 ὡς
2179 4577 2461 4649 ὁμότιμος,
2496 4575 2783 4640 κάκείνους
2820 4575 2913 4628 ἐπὶ
2937 4573 3030 4628 τοῦ
3065 4574 3255 4644 θρόνου
3287 4571 3520 4633 καθίσας
3545 4567 3638 4622 τοῦ

2066 4668 2402 4732 δικαστικοῦ,
2466 4667 2657 4721 ἑαυτὸν
2708 4667 2934 4738 ἔστησεν
2991 4667 3050 4720 ἐν
3105 4664 3257 4731 τάξει
3318 4662 3635 4734 συνηγόρου.

2080 4760 2298 4830 Ἐπειδὴ
2325 4761 2431 4832 γὰρ
2459 4759 2820 4830 κατώρθωσεν
2847 4758 2984 4828 ὅπερ
3025 4755 3276 4811 ἐϐούλετο
3293 4797 3308 4819 ,
3349 4755 3640 4826 ἀπλήστως

2069 4851 2174 4904 ὑπὸ
2203 4853 2378 4921 χαρᾶς
2407 4850 2556 4924 [460]
2584 4853 2651 4922 τῇ
2683 4851 2932 4921 ἱκετηρία
2965 4849 3248 4920 κέχρηται.
3281 4847 3393 4900 Καὶ
3427 4845 3479 4898 τί
3510 4843 3639 4897 ποτέ

2067 4944 2216 4996 ἐστιν
2243 4942 2272 4995 ὃ
2310 4943 2663 5014 παρακαλεῖς,
2700 4941 2820 4994 είπέ
2873 4957 2998 5009 μοι;
3028 4937 3307 5007 Κυρῶσαι
3334 4937 3422 5002 εὶς
3453 4934 3642 4989 αὑτὸν

2067 5032 2330 5102 ἀγάπην.
2365 5033 2645 5096 Τουτέστι,
2681 5030 3010 5101 βεϐαιῶσαι,
3062 5028 3139 5099 μὴ
3173 5026 3359 5088 ἁπλῶς
3391 5023 3524 5095 μηδὲ
3562 5022 3640 5086 ὡς

2068 5127 2224 5196 ἔτυχε
2252 5125 2567 5197 προσέσθαι.
2595 5123 2765 5177 Τοῦτο
2792 5124 2849 5177 δὲ
2874 5123 3038 5177 πάλιν
3067 5119 3471 5194 μαρτυροῦντός
3490 5119 3638 5170 ἐστιν

2067 5218 2250 5280 αὐτοῖς
2278 5218 2477 5286 ἀρετὴν
2511 5216 2792 5286 μεγίστην·
2819 5216 2870 5268 εί
2891 5232 2955 5279 γε
2979 5215 3028 5267 οἱ
3052 5213 3197 5268 οὕτω
3225 5211 3506 5282 φιλοῦντες
3536 5210 3639 5263 αὐ-

2066 5309 2159 5364 τὸν
2201 5310 2295 5363 καὶ
2337 5306 2784 5378 συγκροτοῦντες,
2815 5306 2892 5370 ὼς
2931 5307 3026 5360 καὶ
3057 5304 3396 5376 φυσιωθῆναι
3418 5343 3434 5366 ,
3466 5300 3639 5363 οὕτως

2068 5402 2521 5472 ἀπεστράφησαν,
2552 5401 2627 5464 ὡς
2657 5399 2890 5454 τοσαῦτα
2909 5400 3141 5469 κάμνειν
3166 5397 3257 5453 τὸν
3281 5395 3517 5461 Παῦλον,
3551 5393 3638 5446 ῖνα

2129 5582 2154 5610 ο
2187 5576 2410 5626 Ἀπὸνοια
2432 5574 2511 5637 hic
2536 5571 2735 5623 omnino
2765 5570 3163 5637 desperationem
3198 5569 3476 5637 signiﬁmre
3500 5567 3642 5635 nde—

2069 5640 2285 5698 tu-r;sed
2310 5637 2424 5686 alibi
2462 5631 2635 5699 possim
2677 5636 2802 5698 apud
2828 5630 3216 5699 Chrysostomum
3249 5630 3454 5678 ἀπόνοια
3502 5633 3643 5677 arro-

2077 5695 2289 5766 gantiam
2312 5701 2388 5750 vel
2414 5695 2692 5762 suipcrbiam
2708 5695 2959 5763 'exprimit.
