4070 6152
436 278 528 336 ηι

432 400 484 454 in
513 394 774 468 majorem
804 389 885 452 sui
909 402 1142 449 amorem
1169 403 1262 446 eos
1283 387 1580 460 pertrahat,
1604 387 1709 442 hoc
1729 385 1870 441 illius
1892 384 2012 438 loco

433 489 604 562 ponit,
631 485 922 544 ostendens
943 500 1001 540 se
1025 497 1208 538 amore
1229 481 1449 537 ductum
1472 480 1649 534 omnia
1678 477 1877 532 facere.
1898 474 2014 529 Nec

434 583 713 639 Caritatem
740 587 941 634 tantum
969 574 1122 639 dixit,
1150 573 1267 637 sed,
1296 570 1459 637 Quam
1490 569 1830 624 abundantius
1855 565 2011 619 habeo

437 687 557 744 erga
597 686 703 725 vos.
736 667 861 722 Vult
886 665 1027 722 enim
1059 664 1158 718 hac
1187 676 1401 733 quoque
1440 660 1650 715 ratione
1675 657 1884 711 animos
1920 669 2014 710 eo-

437 780 554 819 rum
585 763 804 818 allicere
826 799 842 826 ,
883 757 1008 813 dum
1035 771 1094 811 se
1120 769 1214 811 eos
1244 769 1352 824 prae
1381 751 1593 807 caneris
1623 763 1824 814 amare,
1854 757 2013 816 atque

435 864 494 910 ut
515 868 636 923 erga
659 849 885 906 eximios
914 846 1209 916 discipulos
1231 844 1480 899 affectum
1509 856 1630 896 esse
1658 841 2010 894 demonstret.

435 943 588 1000 Unde
612 941 769 996 etiam
797 940 891 1007 ait,
919 937 984 992 Et
1009 938 1053 992 si
1078 937 1196 991 aliis
1225 951 1326 989 non
1349 950 1459 989 sum
1487 931 1762 1002 apostolus,
1794 937 1845 982 at
1881 926 2014 982 vobis

439 1044 602 1088 tamen
630 1047 742 1086 sum
758 1045 780 1095 ;
805 1038 880 1092 et,
909 1028 970 1084 Si
991 1028 1177 1082 multos
1205 1026 1506 1096 paedagogos
1530 1021 1772 1087 habeatis,
1805 1036 1905 1073 non
1928 1027 2008 1071 ta-

435 1141 543 1180 men
563 1123 746 1177 multos
772 1133 940 1192 patres
973 1121 1048 1192 (l.
1080 1119 1200 1178 Cor.
1223 1118 1275 1174 9.
1310 1117 1364 1170 ‘2.
1396 1127 1441 1171 et
1469 1117 1522 1170 4.
1554 1115 1683 1184 15);
1715 1127 1776 1167 ac
1803 1125 2010 1178 rursus,

437 1213 503 1270 In
521 1215 690 1286 gratia
721 1212 812 1266 Dei
833 1211 1113 1266 conversati
1139 1226 1312 1264 sumus
1342 1209 1392 1261 in
1431 1203 1640 1271 mundo,
1672 1201 2015 1257 abundantius

435 1318 602 1362 autem
629 1306 768 1378 apud
793 1321 898 1359 vos.
929 1305 1106 1374 Atque
1138 1301 1272 1357 infra
1298 1302 1455 1356 etiam
1485 1297 1692 1368 inquit,
1736 1295 2015 1349 Abundan-

432 1401 532 1455 tius
561 1416 646 1454 vos
673 1398 908 1469 diligens,
940 1398 1106 1450 minus
1136 1395 1322 1465 diligor
1362 1391 1450 1463 (2.
1483 1391 1600 1445 Cor.
1629 1391 1679 1443 l.
1713 1387 1798 1444 l2.
1831 1398 1876 1442 et
1921 1387 2009 1442 12.

444 1493 574 1562 l5);
628 1500 684 1547 et
702 1490 808 1545 hoc
837 1491 957 1544 loco
977 1531 992 1556 ,
1026 1488 1190 1555 Quam
1217 1485 1372 1539 habeo
1399 1482 1733 1537 abundantius
1759 1496 1877 1550 erga
1905 1494 2011 1532 vos.

505 1583 562 1639 5.
606 1581 785 1652 Itaque
812 1580 1019 1635 etiarnsi
1046 1577 1207 1633 verba
1239 1574 1529 1631 iracundiae.
1547 1573 1699 1644 plena
1722 1579 1908 1634 erant,
1938 1579 2017 1624 ta-

438 1689 560 1729 men
581 1673 703 1728 haec
727 1671 887 1726 animi
922 1669 1213 1726 concitatio
1243 1685 1309 1724 ex
1339 1665 1541 1737 ingenti
1575 1664 1796 1719 caritate
1825 1677 1888 1716 ac
1921 1660 2016 1715 do-

434 1765 549 1820 lore
567 1764 900 1820 nascebatur.
927 1761 1168 1832 Cumque
1187 1759 1470 1830 epistolam
1487 1755 1799 1817 scriberem,
1823 1752 2013 1822 inquit,

438 1856 688 1912 dolebam
718 1865 770 1909 ct
796 1853 1051 1924 angebar,
1085 1867 1190 1905 non
1221 1851 1322 1905 hoc
1351 1857 1554 1904 tantum
1600 1845 1837 1910 nomine,
1874 1841 2015 1913 quod

436 1944 781 2015 peccassetis,
805 1943 899 1997 sed
930 1943 1112 2006 etiam,
1142 1939 1284 2011 quod
1312 1939 1462 1994 vobis
1491 1951 1778 1994 mterorem
1825 1934 2017 1989 afferre

431 2052 674 2108 cogerer.
729 2034 922 2091 Verum
948 2034 1056 2089 hoc
1101 2047 1312 2104 quoque
1338 2031 1511 2100 ipsum
1547 2045 1613 2084 ex
1644 2041 1869 2082 amore:
1909 2041 2015 2080 non

433 2142 591 2183 secus
619 2142 682 2182 ac
708 2126 752 2181 si
781 2127 921 2196 quis,
954 2140 1074 2179 cum
1108 2124 1273 2178 filium
1303 2123 1355 2176 in
1380 2119 1568 2192 primis
1596 2135 1778 2176 carum
1802 2118 2015 2183 habeat,

433 2218 521 2288 qui
542 2217 689 2273 sanie
719 2217 943 2282 laboret,
968 2229 1196 2285 eumque
1215 2229 1400 2269 secare
1425 2223 1584 2282 atque
1603 2225 1757 2266 urere
1773 2219 2014 2280 cogatur,

434 2317 662 2377 utroque
685 2307 903 2361 nomine
927 2305 1124 2370 doleat,
1155 2314 1265 2359 tum
1293 2302 1435 2375 quod
1452 2291 1594 2372 arger
1615 2303 1704 2368 sit,
1735 2310 1847 2355 tum
1874 2297 2017 2369 quod

433 2413 553 2453 eum
582 2412 766 2452 secare
794 2411 1018 2452 necesse
1046 2396 1257 2451 habeat.
1292 2399 1368 2450 Ac
1389 2393 1614 2465 proinde
1649 2393 1720 2459 id,
1750 2391 1889 2462 quod
1911 2391 2017 2445 mei

436 2489 489 2543 in
517 2505 612 2544 vos
636 2490 743 2544 odii
776 2490 986 2560 signum
1012 2504 1133 2544 esse
1151 2487 1488 2554 existimatis,
1511 2487 1687 2557 magni
1709 2485 1906 2539 annoris
1932 2498 2020 2538 ar-

435 2588 742 2648 gumentum
772 2589 910 2634 erat.
943 2578 1096 2646 Quod
1120 2578 1164 2632 si
1185 2579 1289 2632 hoc
1315 2579 1510 2648 ipsum,
1536 2576 1678 2647 quod
1701 2589 1794 2630 vos
1819 2573 2020 2630 contri-

437 2671 642 2736 starim,
673 2671 740 2726 ab
765 2685 950 2724 amore
973 2680 1148 2724 ortum
1180 2669 1359 2736 trahit,
1391 2668 1562 2722 multo
1587 2681 1716 2721 sane
1741 2664 1871 2720 illud
1900 2679 2018 2719 ma-

434 2764 539 2833 gis,
571 2761 741 2833 quod,
768 2763 895 2817 dum
919 2763 972 2816 in
1022 2777 1254 2817 mterore
1291 2761 1457 2828 estis,
1489 2764 1541 2814 in
1587 2760 1772 2814 lzctitia
1803 2773 2014 2815 verser.

437 2857 566 2910 Cum
596 2870 723 2926 ergo
753 2870 812 2910 se
843 2856 958 2925 ipse
983 2862 1291 2910 excusasset
1311 2853 1609 2924 (siquidem
1638 2852 1904 2923 plerisque
1934 2852 2018 2907 lo-

439 2946 520 3000 cis
547 2961 605 3001 se
655 2956 904 3012 excusat;
938 2961 1036 3000 nec
1067 2955 1349 3016 propterea
1379 2943 1649 3000 erubescit
1678 2961 1691 3000 :
1722 2944 1855 2998 Nam
1895 2959 2018 3000 cum

442 3037 581 3092 Deus
611 3038 662 3092 id
708 3038 869 3092 faciat
909 3037 1092 3092 dicens
1115 3077 1127 3100 ,
1177 3035 1380 3105 Popule
1408 3052 1547 3090 meus
1574 3075 1590 3101 ,
1631 3034 1755 3106 quid
1784 3035 1882 3104 feci
1931 3035 2018 3088 tibi

440 3126 624 3198 [Hicin
654 3129 708 3184 6.
737 3126 819 3200 5]?
838 3129 1004 3183 multo
1023 3127 1193 3198 magis
1217 3126 1266 3181 id
1287 3127 1510 3181 Paulum
1529 3126 1703 3181 facere
1722 3123 2014 3194 convenit):

438 3236 582 3287 cum,
605 3222 844 3291 inquam,
874 3236 932 3276 se
965 3221 1078 3290 ipse
1099 3227 1431 3285 excusasset,
1460 3233 1522 3274 ac
1547 3217 1657 3288 jam
1685 3232 1783 3288 pro
1813 3232 1878 3273 eo
1898 3232 2019 3272 ver-

439 3314 506 3368 ba
533 3313 708 3370 iacere
730 3323 963 3384 pararet,
983 3314 1072 3383 qui
1100 3312 1268 3382 stupri
1291 3312 1516 3367 crimine
1541 3325 1603 3366 se
1623 3310 2014 3365 obstrinxerat:

442 3417 510 3456 ne
526 3402 624 3466 illi,
647 3413 912 3472 tamquam
927 3403 1016 3473 qui
1034 3401 1299 3456 contraria
1311 3401 1463 3470 jussa
1483 3400 1804 3470 acciperent,
1828 3398 2020 3454 distor-

440 3502 733 3562 qnerentur
781 3493 1210 3563 pertinaciusque
1247 3492 1672 3556 contenderent,
1705 3490 1829 3560 quia
1876 3490 2017 3544 idem

444 3585 560 3652 ipse
582 3591 716 3648 erat,
746 3585 836 3654 qui
857 3593 910 3638 et
938 3594 1046 3639 tum
1075 3585 1147 3639 ita
1185 3592 1458 3639 exarserat
1484 3591 1540 3637 et
1566 3597 1708 3638 nunc
1736 3598 1860 3638 eum
1886 3583 2019 3636 mis-

441 3687 562 3727 sum
589 3671 766 3728 facere
790 3671 1028 3742 jubebat,
1066 3673 1185 3729 vide
1209 3687 1316 3744 quo
1344 3683 1501 3743 pacto
1531 3680 1644 3727 tum
1668 3687 1763 3742 per
1803 3687 1866 3727 ea
1901 3688 2020 3743 quae

441 3764 591 3830 dixit,
622 3777 730 3820 tum
753 3779 848 3834 per
874 3781 935 3821 ea
977 3781 1094 3836 quae
1121 3766 1363 3821 dicturus
1409 3774 1513 3834 est,
1537 3765 1640 3820 hoc
1666 3766 2019 3836 praemunive-

442 3859 532 3912 rit.
561 3859 698 3928 Quid
729 3861 873 3915 enim
925 3860 1034 3914 ait?
1061 3861 1114 3916 5.
1144 3860 1205 3916 Si
1231 3861 1342 3932 quis
1365 3871 1533 3914 autem
1562 3861 1888 3928 contristabit,
1919 3877 2020 3915 non

442 3967 519 4004 nte
538 3953 875 4006 contristabit.
904 3949 1258 4022 Posteaquam
1280 3952 1429 4022 prius
1455 3952 1572 4006 illos
1599 3951 1853 4020 laudavit,
1877 3951 2019 4022 quod

443 4043 627 4098 iisdem
653 4044 816 4100 rebus
839 4053 894 4099 et
913 4045 1272 4114 gauderentet
1290 4053 1632 4115 angerentur,
1665 4054 1774 4101 tum
1801 4046 2018 4102 demum

442 4148 744 4191 sermonem
775 4135 844 4190 de
864 4135 964 4190 hac
993 4151 1051 4190 re
1079 4135 1384 4206 aggreditur
1413 4152 1428 4188 :
1461 4151 1580 4190 cum
1605 4137 1750 4206 prius
1772 4137 2016 4205 dixisset,

445 4223 696 4280 Gaudium
725 4244 886 4282 meum
909 4237 1128 4281 vestrum
1152 4229 1375 4282 omnium
1405 4239 1498 4282 est.
1526 4228 1676 4295 Quod
1699 4229 1741 4283 si
1768 4231 2017 4301 gaudium

443 4332 618 4371 meum
648 4321 887 4372 omnium
921 4327 1159 4374 vestrum
1190 4327 1294 4385 (251,
1324 4327 1536 4387 oportet
1564 4329 1620 4374 υι
1645 4335 1851 4375 mecum
1878 4337 2020 4375 nunc

443 4423 655 4476 quoque
683 4409 976 4478 gaudeatis,
1007 4418 1065 4464 ut
1087 4418 1212 4463 tunc
1241 4424 1453 4464 mecum
1499 4409 1769 4467 doluistis.
1803 4411 1934 4466 Nam
1962 4424 2020 4468 ut

444 4505 557 4552 tum
580 4499 808 4555 dolendo
840 4500 969 4554 mihi
988 4500 1314 4570 voluptatem
1336 4501 1612 4566 attulistis,
1643 4503 1713 4556 ita
1732 4519 1872 4558 nunc
1891 4519 2022 4574 gau-

444 4587 640 4656 dendo,
673 4591 933 4661 siquidem
964 4592 1129 4661 gavisi
1173 4591 1394 4659 fueritis,
1427 4592 1567 4648 idem
1616 4593 1877 4650 efficietis.
1912 4595 2021 4650 Nec

443 4679 593 4744 dixit,
624 4681 820 4738 Mteror
850 4698 1000 4738 meus
1022 4699 1222 4740 maeror
1249 4686 1486 4740 omnium
1513 4694 1751 4742 vestrum
1775 4696 1885 4755 est;
1925 4688 2020 4742 sed

443 4791 564 4830 cum
603 4776 656 4831 in
703 4778 824 4833 aliis
870 4777 1004 4834 locis
1031 4779 1133 4833 hoc
1161 4778 1531 4847 adstruxisset,
1563 4796 1706 4836 nunc
1743 4780 1796 4836 id
1825 4781 2018 4847 solum,

443 4883 552 4936 quo
577 4867 808 4923 habebat
849 4884 1006 4938 opus,
1039 4870 1238 4939 posuit,
1271 4885 1464 4940 nempe
1490 4871 1763 4940 gaudium,
1812 4872 2018 4937 dicens,

442 4955 704 5013 Gaudium
736 4977 903 5014 meum
924 4962 1147 5014 omnium
1175 4971 1389 5015 vestrum
1417 4972 1508 5018 est.
1553 4963 1754 5019 Deinde
1783 4967 2023 5034 superio-

446 5067 560 5106 rem
584 5067 801 5123 quoque
827 5054 1074 5109 meminit
1102 5053 1185 5109 his
1208 5055 1386 5108 verbis
1418 5069 1432 5105 :
1465 5053 1526 5108 Si
1551 5057 1663 5122 quis
1690 5069 1856 5110 autem
1895 5074 2022 5110 con-

444 5142 680 5208 tristabit,
706 5159 808 5196 non
833 5159 912 5196 me
935 5144 1266 5208 contristabit,
1300 5143 1389 5197 sed
1418 5159 1479 5197 ea:
1499 5153 1659 5213 parte,
1689 5153 1742 5196 ut
1785 5161 1884 5197 non
1911 5162 2028 5200 one-

394 5263 398 5266 -
447 5251 550 5287 rem
571 5250 657 5288 vos
677 5235 1027 5298 omnes.Scio,
1063 5237 1251 5305 inquit,
1280 5238 1424 5304 quod
1465 5237 1538 5290 ira
1569 5246 1624 5291 et
1661 5236 2025 5307 indignatione

449 5341 660 5382 mecum
690 5328 940 5382 commoti
971 5327 1143 5382 fuistis
1166 5337 1382 5397 propter
1405 5343 1527 5383 eum
1555 5330 1646 5398 qui
1668 5338 1910 5400 stuprum
1933 5332 2028 5386 ad-

449 5421 669 5474 miserat
699 5436 712 5472 :
742 5429 901 5489 atque
929 5421 1032 5473 hoc
1077 5419 1280 5474 facinus
1305 5435 1398 5474 vos
1423 5436 1614 5475 omnes
1639 5437 1702 5475 ex
1727 5431 1879 5491 parte
1895 5439 2029 5478 moe-

451 5509 593 5562 stitia
615 5508 811 5565 aﬂ'ecit.
847 5510 1024 5579 Atque
1046 5509 1166 5563 ideo
1193 5509 1324 5575 dixi,
1351 5508 1434 5562 Ea:
1461 5521 1622 5580 parte,
1651 5526 1756 5567 non
1777 5513 1916 5582 quod
1937 5530 2030 5570 vos

452 5601 713 5656 minorem
740 5601 864 5656 inde
893 5614 1180 5655 maerorem
1207 5603 1543 5670 acceperitis,
1575 5619 1733 5674 quam
1760 5621 1893 5676 ego:
1935 5608 2028 5662 sed

455 5707 524 5748 ne
551 5695 720 5770 illum,
743 5695 836 5764 qui
861 5703 1102 5763 stuprum
1135 5695 1479 5764 perpetravit,
1510 5696 1730 5753 nimium
1781 5715 2022 5756 onerent.

786 5821 1051 5867 t's'ruon.
1100 5802 1216 5864 Gtt.
1263 5806 1419 5868 LXI.

1448 269 1517 327 1N
1557 267 1771 328 EPIST.
1813 267 1854 325 ll
1922 265 2012 322 AD
2049 263 2204 322 COD.
2250 265 2477 325 IIOMIL.
2519 267 2610 329 ιν.

3596 279 3702 336 4ὶὲ

2118 382 2381 450 Quocirca
2408 400 2514 441 non
2536 400 2622 441 me
2636 385 2807 452 solum
2826 384 2916 441 ille
2936 384 2988 441 in
3008 400 3297 444 maerorem
3324 391 3572 462 conjecit,
3606 396 3700 450 sed

2119 489 2214 530 vos
2257 476 2420 531 etiam
2468 492 2684 543 omnes;
2735 478 2944 533 etiamsi
2975 487 3033 532 ut
3059 479 3422 551 indulgentius
3464 499 3586 540 cum
3628 503 3695 542 eo

2112 579 2351 636 agerem,
2387 566 2520 634 dixi,
2555 567 2636 622 Ea:
2658 579 2820 638 parte.
2844 568 3008 625 Vides
3033 572 3304 640 quomodo
3331 575 3510 629 statim
3530 575 3698 634 iratos

2116 671 2303 712 eorum
2323 660 2534 715 animos
2556 661 2788 727 lenierit,
2808 675 2928 716 cum
2953 662 3189 718 ostendit
3211 662 3356 733 ipsos
3375 665 3699 738 indignatio-

2117 763 2198 801 nis
2229 764 2440 820 quoque
2468 752 2750 821 participes
2778 751 2978 808 fuisse?
3005 754 3059 807 6.
3090 752 3284 824 Sufﬁcit
3301 757 3381 810 illi
3407 799 3422 822 ,
3454 759 3540 828 qui
3559 761 3701 831 ejus-

2117 839 2256 892 modi
2293 850 2364 895 est
2390 882 2405 907 ,
2436 842 2723 913 objurgatio
2748 859 2809 896 ea
2834 859 2947 914 qua!
2966 845 3025 912 ﬁt
3063 861 3094 897 α
3122 847 3372 915 pluribus.
3400 847 3515 904 Non
3540 851 3697 920 dixit,

2119 930 2473 1000 Fornicatori,
2500 933 2594 990 sed
2623 950 2833 1002 rursus,
2866 935 2932 988 Ei
2959 936 3048 1007 qui
3072 937 3321 1006 ejusmodi
3347 948 3454 1006 est,
3479 952 3538 997 ut
3566 953 3621 999 et
3648 945 3701 999 in

2118 1023 2441 1092 praecedenti
2468 1026 2714 1096 epistola;
2742 1041 2928 1082 verum
2957 1043 3066 1082 non
3082 1028 3324 1084 eamdem
3344 1031 3413 1086 ob
3439 1047 3655 1090 causam
3684 1055 3699 1090 :

2119 1115 2226 1170 illic
2278 1114 2422 1170 enim
2466 1117 2535 1171 ob
2589 1117 2847 1187 pudorem
2874 1119 2946 1172 ita
2976 1119 3298 1188 loquebatur
3322 1162 3337 1188 ,
3375 1123 3460 1177 hic
3499 1125 3570 1180 ob
3615 1126 3702 1180 in-

2117 1205 2462 1276 dulgentiam.
2485 1206 2565 1263 οι)
2590 1208 2748 1278 idque
2776 1224 2874 1265 nec
2889 1209 2998 1280 jam
3019 1211 3222 1281 uspiam
3245 1215 3449 1281 peccati
3468 1218 3703 1273 mentio-

2120 1314 2242 1352 nem
2274 1297 2415 1366 facit,
2443 1299 2585 1370 quod
2616 1308 2825 1370 tempus
2853 1309 3017 1367 esset,
3047 1312 3103 1355 ut
3135 1303 3303 1371 ipsius
3347 1308 3710 1373 patrocinium

2120 1391 2432 1460 susciperet.
2457 1391 2509 1444 7.
2530 1390 2617 1445 fta
2640 1401 2697 1445 ut
2720 1409 2748 1446 e
2772 1393 3025 1446 contrario
3050 1393 3208 1464 magis
3231 1394 3426 1448 donett's
3450 1405 3498 1450 et
3517 1414 3698 1453 conso-

2119 1481 2308 1548 lemini,
2343 1498 2406 1536 ne
2430 1482 2559 1551 forte
2587 1482 2954 1538 abundantiore
2992 1485 3195 1540 tristitia
3245 1487 3569 1543 absorbeatur
3615 1494 3708 1562 qui

2117 1585 2190 1629 est
2217 1576 2486 1644 ejusmodi.
2513 1577 2630 1633 Non
2653 1578 2794 1634 enim
2817 1578 2988 1633 solum
3000 1578 3150 1649 jubet
3170 1579 3521 1652 objurgationi
3541 1584 3704 1640 linem

2119 1667 2339 1737 imponi,
2366 1669 2459 1724 sed
2488 1669 2647 1723 etiam
2684 1669 2829 1724 iilum
2857 1670 2924 1724 ad
2963 1670 3197 1740 priorem
3250 1682 3445 1727 statum
3493 1675 3700 1732 reduci.

2122 1759 2330 1814 Etenim
2356 1761 2400 1815 si
2441 1760 2562 1831 quis
2593 1776 2737 1828 eum,
2771 1761 2859 1831 qui
2888 1761 3204 1816 verberibus
3247 1777 3418 1818 cassus
3449 1766 3552 1831 sit,
3587 1775 3706 1820 tan-

2122 1850 2398 1906 tummodo
2419 1850 2644 1906 missum
2670 1851 2831 1906 faciat
2858 1865 2958 1906 nec
2983 1852 3032 1906 ei
3056 1851 3356 1921 medeatur,
3388 1856 3518 1910 nihil
3551 1855 3698 1912 fecit.

2122 1939 2254 1996 Vide
2281 1950 2456 1997 autem
2489 1957 2720 2012 quonam
2744 1957 2929 1997 rursus
2950 1941 3111 1997 modo
3137 1943 3287 1998 illum
3311 1960 3524 2015 quoque
3548 1962 3702 2002 coer-

2122 2043 2237 2088 ceat
2266 2075 2282 2101 ,
2325 2049 2393 2088 ne
2439 2033 2510 2087 ob
2557 2034 2917 2088 condonatum
2966 2042 3244 2104 peccatum
3301 2036 3538 2092 deterior
3587 2040 3709 2094 fiat.

2120 2122 2252 2177 Nam
2285 2123 2531 2192 quamvis
2569 2132 2846 2194 peccatum
2873 2123 3150 2178 confessus
3179 2123 3377 2192 fuerit,
3429 2127 3702 2199 ipsiusque

2121 2227 2244 2267 cum
2271 2213 2608 2281 pcenituerit;
2649 2213 2885 2268 ostendit
2905 2223 3082 2269 tamen
3106 2229 3227 2269 eum
3260 2232 3364 2271 non
3395 2226 3503 2272 tam
3525 2222 3703 2290 patui-

2125 2303 2304 2356 tcntiae
2334 2316 2515 2370 opera,
2549 2317 2708 2372 quam
2761 2302 2931 2372 gratia
2970 2313 3024 2357 et
3047 2303 3308 2359 beneficio
3335 2307 3544 2362 veniam
3578 2324 3708 2365 cort-

2121 2395 2293 2464 sequi.
2327 2393 2408 2450 οι)
2436 2393 2596 2465 idque
2633 2395 2728 2462 ait,
2756 2393 2964 2449 Donetis
3000 2405 3048 2450 et
3087 2397 3433 2452 consolemini.
3467 2401 3534 2455 Et
3561 2403 3704 2471 quod

2122 2486 2380 2556 sequitur,
2410 2476 2548 2541 idem
2573 2485 2828 2541 declarat.
2858 2485 2972 2541 Non
2992 2488 3132 2541 enim
3156 2489 3296 2559 quod
3321 2491 3372 2544 id
3389 2507 3708 2562 promerea-

2123 2584 2228 2643 tur,
2255 2592 2353 2633 nec
2380 2577 2522 2649 quod
2548 2593 2688 2643 eam,
2717 2593 2879 2648 quam
2917 2593 3014 2648 par
3042 2578 3134 2644 sit,
3167 2583 3536 2650 pmnitentium
3569 2601 3707 2656 pra:-

2119 2670 2337 2738 stiterit,
2366 2671 2459 2727 sed
2485 2672 2608 2741 quia
2637 2671 2881 2726 infirmus
2906 2680 3010 2738 est,
3041 2671 3261 2739 idcirco,
3285 2676 3377 2741 ait,
3421 2675 3521 2731 hoc
3544 2689 3666 2748 pcto
3690 2674 3730 2714 θ’

2121 2762 2264 2818 unde
2293 2763 2456 2818 etiam
2487 2763 2761 2832 subjunxit
2783 2803 2801 2830 ,
2830 2761 2914 2816 Ne
2956 2766 3085 2835 forte
3113 2765 3470 2822 abundantiori
3500 2772 3708 2827 tristitia

2120 2855 2448 2911 absorbeatur
2475 2855 2558 2925 qui
2581 2865 2655 2909 est
2690 2855 2962 2925 ejusmodi.
2989 2855 3120 2923 Quae
3142 2859 3304 2912 verba
3329 2869 3452 2914 sunt
3475 2861 3709 2919 hominis

2121 2961 2328 3018 magna:
2357 2946 2688 3016 pmnitentitc
2715 2945 3080 3001 testimonium
3121 2947 3219 3017 ipsi
3251 2947 3530 3005 tribuentis
3552 2994 3567 3019 ,
3607 2969 3709 3010 nec

2121 3054 2243 3094 eum
2267 3039 2317 3092 in
2337 3037 2764 3108 desperationem
2783 3053 2940 3093 ruere
2965 3039 3212 3093 sinentis.
3230 3039 3369 3107 Quid
3395 3051 3476 3096 est
3503 3052 3704 3111 autem,

2121 3131 2500 3186 Absorbeatttr?
2525 3131 2726 3201 Nempe
2751 3131 2836 3185 vel
2862 3130 2963 3185 hoc
2993 3131 3213 3196 faciens,
3243 3133 3382 3203 quod
3404 3149 3434 3188 a
3464 3135 3492 3190 J
3500 3136 3598 3190 uda
3625 3137 3706 3191 fa-

2123 3233 2267 3278 ctum
2299 3232 2412 3288 est;
2468 3223 2554 3278 vel
2582 3223 2765 3291 etiam,
2793 3223 2839 3277 si
2869 3222 2994 3277 vitae
3016 3238 3182 3278 usura
3212 3223 3441 3291 fruatur,
3470 3226 3710 3283 deterior

2123 3314 2313 3369 factus.
2365 3314 2578 3370 Etenim
2607 3315 2650 3369 si
2692 3314 2918 3378 resiliat,
2951 3314 3145 3384 inquit,
3178 3317 3322 3386 quod
3372 3328 3710 3375 contractum

2124 3423 2191 3463 ex
2247 3410 2491 3478 longiore
2553 3407 2928 3477 objurgatione
2999 3407 3244 3462 dolorem
3320 3426 3426 3466 non
3479 3414 3710 3482 amplius

2123 3498 2265 3553 ferre
2309 3507 2500 3568 queat;
2533 3497 2817 3566 desperata
2867 3496 3063 3562 salute,
3115 3507 3208 3551 aut
3237 3497 3290 3552 in
3319 3499 3587 3570 laqueum,
3617 3516 3712 3558 aut

2123 3592 2179 3646 in
2231 3591 2491 3659 majorem
2554 3589 2806 3658 deinceps
2870 3587 3266 3657 improbitatem
3330 3600 3468 3645 ruet.
3523 3591 3709 3662 Itaque

2123 3679 2518 3737 occurrendum
2547 3689 2670 3746 est,
2725 3693 2794 3734 ne
2847 3678 3001 3733 ulcus
3043 3677 3417 3751 ingravescat,
3486 3697 3622 3738 neve
3655 3685 3706 3739 id

2123 3771 2266 3844 quod
2291 3781 2437 3826 recte
2458 3771 2701 3838 fecimus,
2725 3770 2794 3824 ob
2817 3769 3119 3840 neglectum
3131 3770 3348 3827 modum
3378 3773 3704 3830 amittamus.

2193 3865 2246 3920 4.
2281 3862 2407 3918 Haec
2435 3869 2612 3916 autem
2652 3874 2721 3916 eo
2749 3859 2959 3915 dicebat
2981 3899 2997 3924 ,
3026 3867 3163 3915 utet
3188 3860 3375 3929 illum,
3418 3865 3560 3933 quod
3586 3866 3701 3936 jam

2124 3955 2271 4020 dixi,
2323 3960 2598 4007 coerceret
2641 3957 2695 4006 et
2733 3950 3048 4006 admoneret
3071 3992 3087 4018 ,
3119 3965 3187 4006 ne
3213 3961 3337 4022 post
3363 3951 3702 4025 impetratam

2123 4047 2334 4102 veniam
2365 4044 2606 4116 ignavior
2630 4042 2802 4099 ﬁeret.
2834 4041 2954 4098 Non
3003 4044 3145 4098 enim
3168 4083 3184 4111 ,
3226 4044 3399 4116 inquit
3424 4089 3438 4114 ,
3467 4063 3587 4104 eum
3633 4051 3704 4109 ita

2124 4136 2497 4208 excepi,quasi
2527 4133 2714 4190 sordes
2741 4134 2953 4204 penitus
2978 4134 3312 4202 absterserit,
3332 4136 3427 4191 sed
3455 4139 3596 4209 quod
3611 4156 3706 4196 ve-

2124 4243 2275 4284 rerer
2312 4243 2380 4283 ne
2423 4227 2636 4298 gravius
2679 4225 2879 4295 aliquid
2915 4224 2968 4278 in
3013 4239 3072 4279 se
3115 4225 3444 4282 admitteret.
3487 4229 3566 4284 Ex
3597 4246 3706 4301 quo

2127 4319 2257 4374 illud
2282 4317 2559 4382 discimus,
2587 4330 2696 4369 non
2721 4329 2789 4368 ex
2818 4313 3084 4369 scelerum
3116 4324 3318 4369 tantum
3349 4325 3539 4372 natura
3563 4359 3579 4383 ,
3610 4323 3706 4376 sed

2126 4427 2192 4466 ex
2218 4409 2552 4480 peccantium
2582 4407 2742 4462 etiam
2770 4405 2948 4459 animo
2972 4413 3130 4475 atque
3158 4404 3438 4464 atl‘ectione
3467 4409 3708 4468 indicen-

2125 4505 2249 4559 dam
2278 4517 2398 4557 esse
2423 4497 2813 4570 paenitentiam,
2845 4506 2904 4551 ut
2933 4504 3043 4550 tum
3075 4494 3200 4552 fecit
3229 4499 3536 4568 Apostolus,
3565 4507 3708 4573 quod

2128 4596 2294 4664 ipsius
2324 4591 2743 4649 imbecillitatem
2773 4589 3168 4644 extimesceret.
3212 4588 3444 4661 Ideoque
3472 4593 3707 4664 dicebat,

2130 4685 2213 4740 Ne
2240 4685 2565 4741 absorbeatur
2587 4725 2602 4749 ,
2626 4682 2772 4739 velut
2792 4696 2822 4735 a
2848 4678 3023 4735 bellua
3049 4679 3300 4750 quadam,
3328 4691 3489 4755 atque
3518 4701 3548 4740 a
3571 4696 3710 4743 tem-

2129 4786 2333 4849 pestate
2357 4793 2420 4832 ac
2447 4774 2715 4846 procellis.
2738 4773 2791 4828 8.
2820 4771 3043 4843 Propter
3063 4772 3198 4842 quod
3227 4773 3430 4830 obsecro
3451 4793 3558 4832 vos.
3587 4779 3706 4835 Non

2125 4870 2235 4939 jam
2264 4871 2509 4938 imperat,
2538 4866 2634 4922 sed
2661 4865 2927 4929 obsecrat,
2956 4878 3063 4917 non
3091 4871 3147 4917 ut
3174 4877 3490 4937 praeceptor,
3521 4870 3614 4924 sed
3645 4881 3706 4926 ut

2129 4962 2369 5031 arqualis,
2425 4968 2584 5029 atque
2633 4957 2738 5011 illis
2783 4955 2836 5010 in
2876 4954 3155 5025 judiciaria
3207 4957 3335 5012 sede
3385 4964 3723 5026 constitutis,

2132 5052 2247 5122 ipse
2274 5051 2326 5104 in
2356 5048 2564 5119 patroni
2595 5047 2714 5101 loco
2743 5054 2902 5118 atque
2930 5045 3118 5102 ordine
3147 5060 3206 5101 se
3235 5048 3539 5104 collocavit.
3562 5052 3711 5119 Quo-

2132 5144 2276 5198 niam
2301 5141 2445 5194 enim
2473 5138 2526 5192 id
2552 5177 2568 5204 ,
2600 5136 2742 5207 quod
2773 5137 2826 5191 in
2851 5134 3030 5192 animo
3059 5136 3293 5191 habebat
3315 5177 3330 5204 ,
3363 5138 3706 5210 confecerat,

2134 5251 2243 5306 pra:
2264 5231 2455 5303 gaudio
2472 5233 2580 5301 jam
2609 5229 2826 5285 modum
2849 5229 2901 5282 in
2922 5229 3268 5298 supplicando
3293 5233 3526 5289 excedit.
3545 5235 3714 5303 Quid-

2137 5343 2258 5382 nam
2287 5335 2386 5388 est,
2417 5338 2620 5393 quaeso,
2645 5322 2713 5376 de
2743 5335 2848 5390 quo
2871 5320 3160 5375 obsecras?
3192 5321 3262 5376 Ut
3283 5325 3493 5393 firmatis
3524 5330 3575 5381 in
3600 5346 3713 5400 eum
3764 5315 3772 5320 ’

2136 5422 2414 5473 caritatem.
2457 5417 2569 5471 lloc
2609 5423 2713 5482 est,
2756 5413 3161 5481 constabiliatis,
3208 5431 3308 5471 nec
3358 5433 3480 5474 eum
3532 5419 3719 5473 leviter

2139 5528 2202 5565 ac
2258 5509 2464 5580 vulgari
2505 5507 2664 5562 modo
2707 5507 3028 5578 suscipiatis.
3071 5505 3277 5573 Quibus
3325 5511 3487 5564 etiam
3541 5509 3717 5560 verbis

2141 5617 2364 5657 summa:
2393 5601 2604 5654 virtutis
2645 5599 3009 5654 testimonium
3034 5597 3162 5668 ipsis
3192 5599 3494 5653 tribuebat:
3525 5595 3568 5648 si
3595 5597 3718 5662 qui-

2146 5695 2266 5752 dem
2295 5695 2352 5758 ii,
2383 5695 2468 5766 qui
2500 5693 2769 5751 hominem
2799 5693 2948 5750 illum
2999 5705 3166 5761 usque
3189 5689 3329 5745 adeo
3369 5686 3616 5743 amabant
3656 5700 3716 5739 ac

3324 5813 3393 5870 27
