4070 6152
426 181 539 238 #25

421 295 738 360 tuebantur,
772 299 830 348 ut
855 292 1019 348 etiam
1047 291 1240 346 animis
1279 289 1594 346 inflarentur
1616 331 1630 356 ,
1658 291 1792 348 adeo
1819 308 2004 346 rursus

424 402 547 443 eum
577 385 808 440 aversati
849 383 956 438 sint
980 424 996 450 ,
1028 392 1086 438 ut
1113 392 1390 453 tant0perc
1444 383 1790 438 laborandum
1840 382 2005 438 Paulo

423 477 605 544 fuerit,
637 486 694 530 ut
741 477 1019 529 caritatem
1064 472 1115 527 in
1155 487 1275 527 eum
1303 472 1594 528 ﬁrmarent.
1627 473 1752 527 11100
1774 473 2005 543 discipu-

423 568 593 623 lorum
615 607 632 633 ,
661 565 778 621 11100
806 564 1050 634 magistri
1082 563 1252 619 virtus
1277 572 1357 619 est
1387 581 1402 617 :
1429 564 1570 636 quod
1604 563 1680 619 illi
1703 573 1810 620 tam
1838 557 2028 622 111011-Δ

421 671 578 726 geros
607 671 665 710 se
690 654 984 724 pra2beant,
1019 653 1107 710 bic
1125 663 1233 709 tam
1263 655 1517 724 praeclare
1544 654 1688 725 ipsos
1717 669 2004 726 componat

421 764 484 804 ac
509 747 839 803 moderetur.
880 747 997 805 1100
1022 747 1068 804 81
1113 761 1258 802 1111110
1293 762 1505 819 quoque
1535 747 1686 803 ﬂeret
1711 789 1730 816 ,
1759 749 1848 818 qui
1879 763 2003 818 pec-

419 848 566 908 cant,
613 840 756 896 haud
799 840 915 896 sine
959 855 1120 898 sensu
1160 851 1462 912 peccarent.
1493 841 1604 899 Nec
1629 843 1770 899 enim
1801 849 2002 897 temere

422 950 606 990 amare
630 943 863 1006 oportet,
895 948 996 990 nec
1019 935 1137 988 sine
1165 934 1372 989 ratione
1412 935 1668 990 aversari.
1707 933 1762 991 9.
1793 932 1858 987 In
1906 934 2002 988 hoc

422 1029 556 1083 enim
588 1029 740 1083 etiam
766 1027 947 1098 scripsi
973 1027 1108 1081 vobis
1129 1068 1146 1091 ,
1177 1037 1232 1080 ut
1275 1043 1570 1098 cognoscam
1609 1027 2001 1098 experimentum

420 1130 638 1176 uestrum
663 1161 677 1186 ,
707 1135 776 1174 an
803 1119 856 1172 in
881 1117 1112 1172 omnibus
1141 1117 1422 1172 obedientes
1449 1118 1579 1173 sitis.
1610 1117 1722 1173 Hoc
1749 1125 1830 1175 est
1849 1157 1863 1181 ,
1893 1131 1998 1171 non

419 1211 580 1274 modo
603 1211 657 1266 in
681 1208 1026 1280 amputanda,
1062 1207 1154 1264 sed
1177 1207 1338 1262 etiam
1370 1208 1424 1262 in
1449 1207 1806 1278 adjungcndo.
1837 1205 1999 1260 Vides

419 1318 652 1374 quonam
685 1312 841 1372 pacto
891 1301 977 1355 hic
1006 1315 1216 1371 quoque
1255 1313 1441 1354 rursus
1479 1308 1678 1355 metum
1711 1296 1998 1353 immittat?

418 1394 489 1450 Ut
511 1395 654 1449 enim
699 1409 820 1449 cum
847 1392 936 1448 ille
972 1399 1285 1463 peccasset,
1320 1399 1579 1445 terrorem
1612 1389 1743 1461 ipsis
1771 1388 1994 1460 injecit,

417 1487 518 1541 nisi
560 1501 683 1542 eum
724 1483 1119 1548 abscinderent,
1151 1483 1336 1537 dicens
1359 1523 1374 1549 ,
1411 1481 1668 1552 Exiguum
1697 1484 1996 1546 fermentum

417 1588 572 1632 totam
599 1592 818 1630 massam
843 1575 1118 1645 corrumpit
1139 1573 1186 1646 (1
1204 1615 1216 1626 .
1239 1573 1358 1628 Cor.
1382 1574 1434 1628 5.
1455 1574 1512 1641 6)
1533 1613 1549 1639 ,
1572 1573 1781 1642 aliaque
1807 1573 1992 1641 plura:

415 1670 602 1727 eodem
631 1669 718 1724 hic
744 1683 957 1738 quoque
985 1667 1146 1721 modo
1170 1664 1550 1721 lnobedientiae
1579 1673 1776 1720 metum
1806 1663 1994 1719 iisdem

414 1761 613 1831 injicit,
643 1760 727 1814 his
759 1761 869 1813 fere
896 1758 1074 1814 verbis
1119 1764 1273 1812 utens
1316 1773 1332 1814 :
1365 1755 1430 1812 Ut
1461 1763 1585 1810 tunc
1633 1769 1739 1809 non
1778 1769 1873 1824 pro
1903 1753 1995 1809 illo

413 1860 639 1917 tantum,
680 1849 776 1906 sed
803 1851 964 1905 etiam
997 1862 1097 1919 pro
1125 1847 1299 1913 vobis,
1346 1847 1423 1902 sic
1458 1860 1597 1901 nunc
1632 1860 1843 1917 quoque
1885 1861 1994 1902 non

410 1943 579 2013 magis
602 1942 745 1996 illius
773 1980 788 2008 ,
820 1954 981 2011 quam
1031 1947 1208 1995 vestra
1237 1951 1396 1993 causa
1422 1936 1704 1993 consilium
1729 1936 1880 1992 vobis
1905 1950 1994 1991 ca-

411 2035 661 2106 piendum
690 2042 809 2101 est,
841 2048 908 2089 ne
933 2032 1240 2102 pervicaces
1265 2042 1426 2102 atque
1457 2029 1732 2084 inhumani
1757 2043 1880 2085 esse
1905 2029 1988 2084 vi-

407 2125 660 2190 deamini,
683 2139 786 2180 nec
817 2124 871 2178 in
896 2122 1145 2178 omnibus
1171 2121 1502 2176 obedientes.
1534 2121 1612 2176 Ac
1641 2120 1866 2192 proinde
1891 2121 1987 2187 ait,

407 2216 475 2272 111
499 2217 594 2270 hoc
625 2215 758 2270 enim
781 2214 936 2268 etiam
962 2212 1144 2282 scripsi
1180 2211 1338 2274 vobis,
1379 2221 1434 2265 ut
1463 2227 1764 2283 cognoscam
1793 2212 1989 2282 experi-

405 2316 632 2364 mentum
688 2313 949 2370 uestrum,
997 2318 1068 2356 an
1119 2302 1175 2355 in
1224 2300 1452 2356 omnibus
1514 2301 1796 2356 obedientes
1853 2301 1984 2356 sitis.

407 2399 619 2454 Etenim
661 2395 792 2451 illud
835 2393 1048 2450 invidiae
1092 2392 1320 2449 fortasse
1343 2407 1407 2447 ac
1433 2393 1616 2448 livoris
1661 2407 1781 2450 esse
1819 2393 1986 2448 videri

405 2492 710 2562 potuisset;
742 2487 847 2543 hoc
870 2495 1048 2542 autem
1078 2501 1262 2556 puram
1293 2485 1346 2539 in
1392 2485 1578 2554 primis
1613 2499 1677 2540 ac
1719 2484 1983 2540 sinceram

403 2581 764 2639 obedientiam
810 2577 1083 2648 ostendit,
1130 2585 1186 2634 et
1217 2592 1285 2632 an
1313 2574 1380 2632 ad
1409 2575 1760 2632 humanitatis
1807 2575 1984 2633 0111010

401 2671 580 2729 idonei
613 2671 753 2727 sitis.

467 2765 850 2838 Disciputorum
881 2760 1122 2834 ojjicium.
1163 2790 1236 2803 -
1267 2760 1381 2818 Hoc
1409 2761 1556 2816 enim
1583 2759 1872 2831 proborum
1899 2759 1981 2816 di-

399 2860 725 2932 scipulorum
752 2866 860 2924 est,
899 2871 1096 2926 nempe
1115 2870 1222 2912 non
1249 2855 1411 2912 modo
1439 2856 1550 2923 illa,
1582 2855 1678 2911 sed
1712 2855 1980 2912 contraria

395 2965 610 3026 quoque
630 2947 913 3020 imperanti
940 2947 1335 3018 obtemperare.
1357 2945 1480 3018 ldeo
1505 2945 1659 3010 dixit,
1686 2947 1768 2999 Ad
1785 2947 1976 3002 omnia.

397 3043 603 3112 Quibus
629 3040 808 3096 verbis
833 3039 1090 3104 ostendit,
1124 3040 1227 3095 nisi
1249 3037 1505 3094 obediant
1531 3079 1547 3106 ,
1577 3037 1630 3094 id
1660 3053 1766 3093 non
1797 3047 1903 3094 tam
1929 3040 1979 3094 ei

395 3151 554 3208 quam
585 3134 686 3190 sibi
713 3134 842 3204 ipsis
873 3133 1071 3203 probro
1097 3145 1160 3186 ac
1199 3129 1452 3186 dedecori
1489 3130 1623 3198 fore,
1653 3139 1712 3184 ut
1739 3131 1827 3200 qui
1861 3145 1979 3200 per-

395 3225 613 3282 vicacia:
656 3222 962 3294 opinionem
989 3220 1270 3276 collecturi
1299 3221 1427 3274 sint.
1463 3219 1574 3274 1100
1614 3228 1793 3276 autem
1825 3219 1971 3287 10011,

393 3325 452 3373 ut
480 3315 604 3370 hinc
633 3328 845 3386 quoque
884 3313 1030 3383 ipsos
1059 3311 1128 3366 ad
1168 3310 1464 3382 parendum
1495 3309 1733 3380 impellat
1777 3327 1791 3365 :
1833 3311 1978 3366 unde

392 3411 552 3465 etiam
577 3407 672 3472 ait,
699 3403 768 3460 In
796 3404 890 3458 hoc
915 3403 1047 3457 enim
1071 3410 1118 3457 et
1141 3401 1319 3472 scripsi
1347 3401 1504 3456 vobis.
1525 3400 1708 3471 Neque
1731 3401 1874 3456 enim
1905 3401 1978 3458 ob

391 3516 510 3558 eam
531 3512 746 3555 causam
776 3494 1014 3566 scripsit,
1043 3492 1138 3549 sed
1167 3492 1271 3548 hoc
1297 3493 1500 3549 idcirco
1519 3493 1674 3560 dixit,
1703 3500 1762 3548 ut
1786 3507 1974 3549 eorum

386 3593 596 3650 animos
623 3589 902 3660 pelliceret
931 3602 947 3640 :
1005 3585 1153 3656 quod
1195 3585 1338 3642 enim
1370 3586 1642 3658 prmcipue
1690 3585 1969 3656 agebatur,

280 3735 296 3755 ,
390 3692 507 3739 0101
534 3683 675 3737 1111118
692 3681 859 3744 801118,
883 3679 971 3748 qui
993 3687 1266 3748 peccarat.
1282 3677 1481 3734 Verum
1500 3679 1588 3733 ubi
1616 3678 1749 3733 nihil
1765 3679 1969 3745 damni,

388 3777 517 3846 ipsis
551 3775 712 3828 etiam
749 3771 1094 3841 gratiﬁcatur.
1140 3769 1244 3826 Per
1287 3769 1402 3826 haec
1440 3780 1618 3827 autem
1658 3771 1856 3838 verba,
1891 3771 1972 3825 Ad

292 3841 296 3844 ’
389 3841 579 3930 omnia,
602 3876 791 3918 rursus
816 3873 911 3915 eos
935 3859 1137 3923 laudat,
1168 3861 1448 3929 pristinam
1479 3876 1666 3916 eorum
1702 3862 1965 3917 obedien-

391 3959 520 4012 tiam
568 3963 1021 4016 commemorans,
1075 3958 1237 4020 atque
1290 3950 1343 4004 in
1389 3950 1625 4005 medium
1677 3950 1966 4007 adducens.

388 4047 475 4104 40.
501 4043 593 4100 Cui
608 4051 777 4097 autem
795 4039 989 4110 aliquid
1009 4038 1213 4092 donatis
1236 4078 1252 4105 ,
1276 4047 1322 4093 et
1351 4055 1463 4109 ego.
1483 4033 1646 4094 Vides
1673 4055 1779 4108 quo
1811 4050 1968 4110 pacto

387 4151 575 4194 rursus
620 4131 950 4205 posteriores
985 4127 1088 4185 sibi
1116 4128 1336 4198 tribuit,
1365 4128 1486 4183 illos
1525 4129 1776 4186 videlicet
1803 4129 1969 4187 duces

382 4239 542 4299 atque
587 4224 866 4295 auspices,
905 4235 966 4278 se
998 4233 1128 4276 vero
1172 4219 1423 4275 comitem
1465 4219 1748 4275 dumtaxat
1781 4231 1966 4277 osten-

382 4318 558 4376 dens?
585 4316 677 4374 Sic
713 4313 966 4371 nimirum
1010 4310 1363 4368 exacerbatus
1401 4311 1613 4367 animus
1660 4313 1965 4384 mitigatur,

387 4413 466 4470 sic
487 4411 655 4467 durus
680 4422 745 4464 ac
791 4408 1034 4482 pertinax
1066 4403 1358 4462 emollitur.
1399 4403 1590 4462 Postea
1622 4420 1692 4462 ne
1739 4409 1964 4478 supinos

389 4518 482 4559 eos
507 4500 717 4565 reddat,
744 4507 802 4554 ut
829 4511 996 4568 penes
1037 4511 1173 4567 quos
1219 4495 1419 4566 negotii
1449 4510 1658 4551 summa
1679 4497 1789 4565 sit,
1816 4508 1869 4554 ct
1896 4513 1966 4554 ne

387 4595 537 4651 illum
566 4591 787 4656 missum
816 4588 1033 4656 iaciant,
1061 4587 1128 4642 ad
1151 4587 1252 4642 hoc
1283 4587 1429 4658 ipsos
1455 4587 1700 4657 impellit,
1731 4587 1859 4642 dum
1889 4592 1966 4645 ait

387 4701 448 4744 se
473 4696 684 4753 quoque
700 4680 777 4735 illi
794 4679 1152 4736 oondouasse.
1184 4676 1327 4732 Nam
1351 4687 1398 4730 et
1422 4693 1513 4748 ego
1535 4677 1581 4731 si
1607 4678 1730 4746 quid
1758 4679 1961 4747 donari,

385 4774 521 4844 quod
541 4771 746 4839 donavi,
773 4778 977 4840 propter
1001 4785 1109 4825 vos.
1136 4767 1277 4838 Quin
1304 4767 1406 4823 hoc
1432 4782 1643 4838 quoque
1672 4768 1846 4838 ipsum
1873 4786 1966 4825 ve-

390 4875 502 4922 stra
524 4877 686 4924 causa
716 4861 842 4927 1001,
870 4861 1062 4932 inquit.
1091 4861 1160 4915 Et
1186 4861 1347 4927 sicut,
1376 4874 1500 4916 cum
1527 4859 1675 4914 illum
1699 4862 1962 4930 amputari

381 4956 605 5027 iubebat
627 4997 644 5024 ,
672 4967 772 5011 nec
799 4952 852 5008 ei
879 4950 1188 5022 indulgendi
1220 4951 1500 5008 arbitrium
1531 4951 1659 5022 ipsis
1689 4952 1960 5022 permisit,

386 5050 590 5116 dicens,
629 5048 752 5102 Ι111111
772 5045 998 5118 judicatn'
1027 5043 1228 5100 tradere
1253 5045 1546 5118 hujusmodi
1593 5045 1845 5101 hominem
1874 5063 1966 5100 sa-

383 5150 524 5194 tana
548 5139 637 5210 (1.
668 5139 788 5195 Cor.
809 5138 864 5194 5.
891 5137 985 5208 5),
1011 5151 1076 5192 ac
1113 5149 1304 5192 rursus
1330 5145 1505 5192 tamen
1534 5151 1629 5193 eos
1671 5138 1957 5194 sententia:

387 5230 567 5288 socios
592 5229 800 5293 ascivit,
827 5243 952 5284 011111
984 5229 1206 5296 diceret,
1238 5227 1568 5300 Congregatis
1598 5230 1736 5285 vobis
1764 5230 1963 5284 tradere

389 5337 506 5377 011111
533 5334 550 5375 :
577 5319 711 5374 duas
735 5317 984 5376 videlicet
1010 5333 1098 5375 res
1117 5319 1386 5374 maximas
1406 5329 1621 5375 struens
1639 5361 1654 5386 ,
1685 5335 1880 5390 nempe
1907 5327 1963 5374 ut

383 5420 441 5468 et
465 5409 728 5467 sententia
757 5407 1006 5475 ferretur,
1034 5417 1092 5464 ot
1120 5419 1297 5463 tamen
1331 5422 1436 5464 non
1465 5409 1580 5464 sine
1606 5409 1731 5475 illis,
1763 5425 1832 5465 ne
1862 5409 1963 5463 hac

383 5504 592 5560 ratione
631 5515 726 5559 eos
763 5499 963 5557 10111010
1002 5498 1307 5567 videretur;
1334 5515 1398 5554 ac
1427 5516 1600 5572 neque
1649 5502 1800 5557 solus
1839 5517 1957 5557 eam

381 5594 706 5669 proferebat,
732 5608 801 5652 ne
829 5593 906 5650 illi
930 5607 1054 5652 eum
1082 5598 1420 5664 arrogantem
1448 5606 1590 5664 esse,
1617 5606 1681 5650 ac
1709 5607 1769 5650 se
1798 5591 1864 5649 ab
1889 5606 1954 5650 eo

1143 177 1204 235 S.
1244 178 1519 236 JOANNIS
1551 179 2022 240 CIIRYSMTOMI
2061 182 2377 239 ARClllEP.
2415 183 2946 244 CONSTANTINOP.

3593 197 3620 250 4
3632 197 3704 252 2-1

2110 295 2378 350 contemni
2397 295 2736 365 judicarent;
2764 314 2864 356 nec
2893 314 3078 358 rursus
3107 315 3222 356 rem
3260 309 3423 357 totam
3456 304 3697 376 ipsorum

2114 384 2338 440 arbitrio
2364 388 2770 457 committebat,
2799 405 2867 447 ne
2898 401 3115 461 accepta
3159 392 3384 463 hujusce
3419 397 3497 450 rei
3545 410 3696 467 poto—

2112 483 2250 532 state
2298 477 2589 546 proderent
2617 495 2737 535 cum
2771 481 2860 551 qui
2884 491 3229 552 peccaverat,
3261 484 3693 555 intempestivum

2112 579 2240 636 erga
2263 567 2435 636 ipsum
2469 568 2850 641 indulgentiam
2868 573 3182 630 adhibentes
3213 592 3227 628 :
3261 575 3333 631 ita
3360 577 3450 632 hic
3473 594 3687 652 quoque

2110 653 2256 724 facit,
2288 659 2470 715 dicens
2503 678 2517 715 :
2549 661 2661 732 Ego
2683 663 2794 732 jam
2818 664 3138 732 condonavi,
3167 667 3259 736 qui
3292 667 3343 722 in
3373 669 3552 738 priore
3580 673 3692 741 epi-

2108 747 2244 802 stola
2277 748 2388 818 jam
2419 751 2861 810 condemnaram.
2906 755 3108 832 Deinde
3136 773 3224 823 ne,
3260 767 3529 830 tamquam
3557 776 3688 816 con-

2108 839 2316 908 tempti,
2339 841 2531 897 animis
2560 842 2994 912 offenderentur,
3021 847 3128 913 ait,
3162 845 3387 919 Propter
3412 865 3518 906 eos.
3550 853 3688 919 Quid

2107 924 2300 996 igitur?
2315 943 2382 982 an
2407 937 2464 984 ut
2483 930 2550 986 ab
2569 931 2875 989 hominibus
2889 936 3112 1005 gratiam
3137 937 3309 1003 iniret,
3329 939 3426 1010 ipsi
3449 941 3649 1010 ignovit
3665 944 3688 996 1'

2103 1018 2590 1094 Minimezidcoque
2632 1025 2845 1095 adjecit,
2870 1025 2935 1080 In
2954 1045 3170 1098 persona
3185 1027 3390 1084 Christi.
3416 1032 3549 1099 Quid
3575 1042 3682 1101 est,

2105 1109 2172 1164 In
2196 1129 2411 1182 persona
2439 1114 2667 1171 Christi?
2688 1116 2802 1172 Hoc
2832 1127 2938 1185 est,
2959 1119 3253 1174 secundum
3281 1121 3471 1189 Deum,
3500 1125 3582 1178 vel
3614 1125 3685 1180 ad

2102 1197 2298 1256 Christi
2326 1203 2571 1273 gloriam.
2594 1204 2677 1259 Ne
2696 1206 3145 1262 circumveniamur
3166 1227 3198 1263 a
3224 1219 3403 1266 satana
3425 1229 3444 1267 :
3471 1214 3554 1268 ll.
3581 1231 3685 1269 non

2101 1292 2235 1346 enim
2275 1294 2567 1364 ignoramus
2604 1297 2933 1368 cogitationes
2969 1300 3100 1371 ejus.
3154 1301 3364 1366 Viden’,
3399 1311 3458 1358 ut
3501 1313 3554 1359 et
3581 1304 3684 1362 illis

2102 1393 2427 1454 potestatem
2449 1388 2709 1444 concedat
2735 1431 2750 1456 ,
2782 1399 2837 1446 et
2864 1391 3109 1447 eamdem
3137 1409 3320 1449 rursus
3346 1396 3547 1452 adimat
3576 1415 3591 1452 :
3627 1409 3684 1454 ut

2101 1476 2247 1532 illinc
2275 1477 2486 1547 quidem
2507 1493 2602 1534 eos
2631 1480 2838 1552 mitiget
2864 1496 2927 1536 ac
2950 1482 3209 1549 emolliat,
3239 1484 3365 1541 hinc
3391 1497 3569 1542 autem
3598 1504 3681 1544 eo-

2100 1583 2218 1623 rum
2261 1571 2620 1642 arrogantiam
2663 1573 2944 1644 amputet?
2973 1574 3082 1632 Nec
3111 1591 3237 1633 vero
3277 1577 3329 1633 id
3375 1579 3548 1633 solum
3581 1579 3678 1634 hoc

2099 1661 2222 1716 loco
2245 1661 2482 1728 molitur,
2503 1663 2596 1718 sed
2622 1664 2753 1720 illud
2782 1680 3016 1737 quoque,
3044 1675 3101 1722 ut
3121 1668 3372 1723 ostendat
3393 1685 3680 1725 commune

2098 1751 2483 1809 detrimentum
2513 1753 2627 1810 fore
2651 1795 2666 1823 ,
2703 1756 2748 1811 si
2799 1772 2904 1812 non
2949 1757 3254 1813 obedierint
3281 1776 3294 1814 :
3326 1760 3470 1830 quod
3518 1763 3676 1816 etiam

2097 1843 2149 1898 in
2182 1843 2448 1914 principio
2477 1843 2622 1901 fecit.
2655 1845 2785 1900 Nam
2817 1855 2927 1901 tum
2955 1847 3116 1902 etiam
3149 1848 3380 1912 dicebat,
3412 1849 3677 1904 Modicam

2095 1933 2396 2003 fermentum
2425 1943 2579 1988 totam
2607 1951 2826 1988 massam
2869 1937 3149 2006 corrumpit
3179 1936 3198 2008 (
3223 1938 3271 1996 1.
3303 1937 3418 1991 Cor.
3475 1940 3528 1994 5.
3561 1940 3594 1993 6
3613 1945 3632 2009 )
3656 1957 3671 2006 ;

2094 2035 2145 2080 et
2177 2039 2363 2080 rursus
2388 2026 2494 2089 hic,
2527 2025 2594 2081 Ut
2617 2043 2715 2079 non
2743 2028 3196 2081 circumveniantur
3214 2045 3246 2081 a
3265 2037 3440 2082 satana
3464 2045 3481 2082 :
3509 2039 3672 2099 atque

2094 2117 2236 2172 illius
2259 2117 2348 2188 qui
2396 2127 2645 2188 peccarat
2685 2118 3076 2173 absolutionem
3113 2119 3308 2190 ubique
3349 2120 3451 2175 sibi
3481 2129 3534 2175 et
3563 2121 3675 2176 illis

2091 2215 2326 2280 arrogat.

2161 2301 2216 2356 5.
2242 2299 2440 2355 Verum
2465 2299 2626 2355 altius
2652 2315 2768 2356 rem
2796 2299 3080 2357 considera
3117 2318 3132 2356 :
3162 2301 3227 2357 Si
3245 2301 3358 2374 quis
3407 2311 3571 2358 autem
3596 2320 3674 2357 me

2089 2393 2397 2448 contristabit
2418 2434 2433 2460 ,
2465 2391 2654 2463 inquit,
2687 2408 2788 2447 non
2813 2408 2892 2446 me
2917 2393 3226 2446 contristavit
3244 2433 3260 2460 ,
3295 2393 3385 2447 sed
3411 2410 3475 2448 ex
3503 2405 3667 2465 parte,

2088 2493 2144 2536 ut
2169 2499 2268 2537 non
2303 2500 2502 2538 onerent
2529 2499 2702 2537 omnes
2738 2499 2864 2548 vos;
2893 2497 2956 2537 ac
2985 2483 3178 2540 deinde
3215 2499 3404 2540 rursus
3427 2527 3442 2552 ,
3477 2486 3672 2558 Sujﬁcit

2087 2575 2134 2628 ei
2179 2576 2267 2645 qui
2316 2575 2563 2646 ejusmodi
2607 2583 2700 2644 est,
2749 2574 3032 2646 objurgatio
3081 2583 3160 2643 ed,
3215 2593 3327 2647 quae
3374 2577 3434 2646 ﬁt
3463 2595 3497 2631 a
3549 2580 3668 2650 plu-

2085 2665 2243 2720 ribus.
2299 2665 2413 2720 1100
2483 2665 2649 2734 ipsius
2700 2663 2978 2721 decretum
3038 2675 3121 2722 est
3164 2676 3329 2737 atque
3375 2670 3660 2724 sententia.

2085 2754 2194 2812 Nec
2223 2763 2400 2810 tamen
2429 2755 2483 2808 in
2511 2753 2614 2810 hoc
2639 2754 2855 2810 decreto
2889 2755 3152 2822 constitit,
3200 2755 3298 2810 sed
3328 2773 3542 2813 rursum
3568 2773 3661 2814 eos

2084 2860 2296 2920 quoque
2325 2846 2501 2901 socios
2525 2845 2780 2911 adhibet,
2813 2845 2997 2902 dicens
3030 2863 3044 2901 :
3077 2844 3146 2901 Ut
3175 2863 3202 2901 e
3225 2850 3483 2902 contrario
3509 2851 3668 2921 magis

2082 2937 2372 2992 condonetis
2399 2945 2447 2991 et
2474 2936 2822 2992 consolemini.
2857 2934 3074 3008 Propter
3093 2937 3231 3008 quod
3250 2937 3454 2992 obsecro
3476 2955 3581 3003 vos,
3612 2950 3668 2993 ut

2083 3027 2288 3098 ﬁrmatis
2329 3028 2383 3080 in
2432 3042 2546 3080 eum
2588 3027 2870 3080 caritatem.
2925 3027 2995 3081 At
3043 3036 3230 3097 postea
3282 3042 3438 3098 quam
3491 3038 3666 3083 totum

2083 3118 2224 3174 istud
2254 3132 2438 3173 eorum
2469 3115 2693 3171 arbitrio
2719 3117 2981 3187 permisit,
3011 3117 3079 3171 ad
3104 3119 3473 3173 auctoritatem
3504 3133 3660 3173 suam

2080 3209 2334 3280 deinceps
2359 3208 2568 3274 transit,
2589 3207 2672 3262 his
2697 3207 2873 3263 verbis
2895 3215 3050 3263 utens
3074 3228 3087 3262 :
3116 3205 3184 3262 In
3211 3209 3306 3264 hoc
3326 3209 3454 3263 enim
3475 3210 3659 3279 scripsi

2079 3303 2216 3356 vobis
2235 3341 2250 3370 ,
2280 3311 2334 3355 ut
2363 3316 2666 3372 cognoscam
2696 3301 3090 3370 experimentum
3113 3311 3355 3370 vestrum,
3385 3320 3451 3357 an
3479 3303 3530 3356 in
3551 3319 3659 3357 0111-

2079 3395 2226 3450 nibus
2255 3394 2540 3448 obedientes
2582 3393 2724 3448 estis.
2765 3392 2884 3446 Mox
2912 3407 3099 3448 rursus
3147 3395 3376 3463 gratiam
3410 3396 3543 3466 ipsis
3570 3395 3663 3450 ad-

2078 3479 2284 3555 80111111,
2313 3502 2436 3543 011111
2467 3487 2559 3552 ait,
2582 3485 2677 3540 Cui
2699 3494 2865 3539 autem
2891 3485 3116 3539 donastis
3137 3501 3156 3539 :
3184 3494 3294 3540 tum
3325 3503 3514 3542 rursus
3536 3487 3662 3558 sibi,

2077 3582 2281 3648 dicens,
2337 3578 2401 3633 Et
2424 3594 2515 3650 ego
2539 3577 2583 3634 si
2607 3578 2690 3632 cui
2717 3577 2932 3642 donavi,
2963 3586 3170 3648 prapter
3208 3593 3295 3632 vos
3314 3594 3334 3633 :
3366 3579 3563 3638 deinde
3591 3581 3663 3634 si-

2077 3673 2188 3728 mul
2217 3680 2274 3728 e-t
2301 3671 2432 3742 lpsis
2458 3680 2512 3725 et
2562 3669 2662 3726 sibi
2692 3683 2809 3723 eam
2842 3668 3094 3735 vindicat,
3125 3684 3250 3724 cum
3281 3670 3389 3734 ait,
3444 3670 3581 3723 Nam
3611 3681 3660 3725 et

2075 3781 2188 3837 ego,
2211 3763 2256 3818 si
2279 3764 2401 3834 quid
2428 3761 2633 3828 donari,
2651 3771 2856 3830 propter
2872 3775 2956 3816 eos
2981 3760 3033 3814 in
3055 3777 3269 3831 persona
3293 3760 3503 3815 Christi.
3536 3762 3647 3818 Hoc

2074 3867 2190 3923 est,
2217 3856 2287 3912 ad
2307 3855 2531 3926 gloriam
2570 3853 2800 3919 Christi;
2842 3852 2947 3920 vel,
2997 3861 3262 3922 tamquam
3301 3851 3517 3906 Christo
3546 3853 3653 3909 hoc

2073 3947 2232 4001 etiam
2258 3947 2555 4015 imperante
2587 3960 2600 3996 :
2632 3942 2792 4012 idque
2821 3945 3052 3998 maxime
3097 3943 3214 3996 illos
3257 3943 3523 3997 movebat.
3554 3943 3651 4000 Ti-

2074 4035 2292 4090 mebant
2328 4033 2470 4088 enim
2503 4047 2570 4088 ne
2595 4032 2922 4104 indulgentia
2953 4034 3129 4088 minus
3155 4042 3436 4088 uterentur
3470 4034 3523 4088 in
3569 4051 3650 4101 re,

2072 4140 2191 4196 quae
2215 4123 2281 4180 ad
2308 4123 2503 4180 Christi
2544 4123 2765 4195 gloriam
2797 4123 3124 4194 pertineret,
3154 4125 3362 4196 ipsique
3393 4125 3650 4196 placeret.

2076 4215 2274 4272 Deinde
2319 4230 2505 4271 rursus
2554 4229 2838 4270 commune
2875 4214 3281 4283 detrimentum,
3335 4216 3382 4271 si
3433 4217 3653 4271 obedire

2071 4309 2420 4381 negligerent,
2449 4308 2702 4379 proponit
2728 4307 2911 4363 dicens
2937 4347 2953 4375 ,
2979 4305 3048 4362 Ut
3076 4324 3177 4362 non
3202 4310 3654 4364 circumveniantur

2070 4421 2102 4458 a
2121 4413 2322 4458 satana.
2351 4403 2467 4471 Quo
2492 4402 2610 4457 loco
2630 4401 2852 4472 pulchre
2874 4410 3142 4469 πλεονεξίας
3158 4404 3477 4459 vocabulum
3506 4421 3653 4460 usur-

2071 4495 2216 4567 pavit
2263 4511 2278 4548 :
2322 4481 2673 4564 nequeenim
2705 4493 2794 4549 ille
2823 4509 2917 4548 sua
2958 4494 3069 4564 jam
3094 4496 3278 4565 capit,
3327 4496 3424 4552 sed
3469 4505 3648 4552 nostra

2069 4587 2248 4657 eripit.
2273 4584 2385 4640 Nee
2427 4599 2556 4640 vero
2597 4585 2727 4640 mihi
2769 4585 2871 4640 hoc
2917 4586 3138 4653 dixeris,
3179 4587 3321 4658 quod
3361 4588 3510 4644 solus
3560 4590 3650 4645 ille

2070 4678 2359 4734 fornicator
2387 4676 2576 4732 bellua:
2603 4678 2654 4732 in
2678 4677 2912 4748 praedam
2935 4679 3110 4746 cedat,
3143 4695 3331 4736 verum
3355 4683 3482 4737 illud
3509 4699 3648 4751 quo-

2069 4784 2174 4840 que
2202 4777 2378 4824 tecum
2404 4778 2589 4839 reputa
2614 4807 2631 4834 ,
2661 4769 2804 4840 quod
2831 4770 3008 4841 gregis
3038 4785 3297 4826 numerus
3341 4774 3515 4826 minor
3548 4774 3606 4828 tit
3630 4791 3646 4839 ;

2069 4876 2134 4917 ac
2178 4876 2320 4916 nunc
2348 4860 2666 4930 praesertim,
2693 4876 2815 4916 cum
2852 4860 2904 4916 id
2935 4861 3076 4931 quod
3103 4862 3359 4917 amissum
3386 4873 3469 4919 est
3495 4881 3652 4920 recu-

2071 4965 2262 5019 perare
2307 4949 2454 5005 licet.
2507 4948 2630 5004 Non
2673 4957 2804 5005 enim
2832 4951 2942 5020 ejus
2973 4952 3304 5023 cogitationes
3331 4955 3644 5024 ignoramus.

2069 5041 2272 5112 Nempe
2298 5041 2438 5112 quod
2465 5042 2678 5110 pietatis
2705 5050 2965 5112 pra-textu
3009 5043 3165 5100 nobis
3191 5045 3413 5100 exitium
3436 5047 3645 5101 atterat.

2068 5131 2184 5186 Non
2229 5133 2371 5187 enim
2413 5131 2536 5187 hinc
2577 5133 2771 5198 solum,
2823 5134 2965 5203 quod
3011 5136 3244 5205 aliquem
3285 5137 3352 5192 ad
3397 5147 3644 5210 stuprum

2070 5223 2323 5290 inducat,
2357 5223 2451 5278 sed
2489 5238 2518 5276 a
2567 5224 2837 5279 contrario
2868 5239 3078 5296 quoque
3132 5229 3419 5297 perniciem
3451 5229 3648 5286 aﬂ‘erre

2069 5322 2264 5382 potest,
2287 5313 2539 5368 nimirum
2569 5315 2635 5368 ab
2664 5314 2952 5369 immodico
2973 5331 3205 5371 1111010το
3235 5333 3298 5372 ex
3329 5319 3646 5388 poenitentia

2066 5411 2358 5457 contracto.
2391 5403 2521 5458 Cum
2556 5403 2713 5472 igitur
2742 5419 2844 5458 una
2871 5417 2990 5458 cum
3019 5405 3130 5459 suis
3170 5417 3382 5460 nostros
3425 5422 3645 5478 quoque

2066 5495 2313 5564 abripiat,
2339 5509 2458 5550 cum
2489 5504 2542 5549 et
2571 5509 2793 5564 peccare
2813 5495 3006 5565 jubens
3037 5495 3244 5564 perdat,
3267 5507 3322 5551 et
3345 5497 3498 5552 nobis
3526 5511 3652 5568 po:-

2068 5587 2344 5644 nitentiam
2393 5585 2746 5646 indicentibus
2775 5587 2941 5658 rapiat
2965 5625 2982 5653 ,
3011 5601 3188 5642 annon
3230 5587 3372 5644 istud
3399 5589 3644 5652 τὰςονεξία
