4070 6152
377 185 479 240 425

378 300 625 356 ἐντεῦθεν
663 300 882 370 δύνηται
929 299 1245 369 λαμὸάνειν,
1280 300 1550 370 σκόπησον
1582 300 1698 364 πῶς
1742 303 1776 372 ἡ
1816 296 1954 373 ἧττα

379 393 600 465 αἰσχρὰ,
624 394 739 456 πῶς
787 393 872 454 -ὠς
913 390 1157 444 ἀσθενῶν
1204 391 1300 444 καὶ
1328 391 1687 460 ταλαιπώρων
1715 408 1954 458 καταγεο

379 485 603 539 λάσεται
659 484 752 538 καὶ
792 481 1246 552 καταδραμεῖται,
1291 482 1345 533 εί
1387 499 1450 549 γε
1496 484 1610 544 τοῖς
1662 481 1957 552 ἡμετέροις

372 577 564 639 ὅπλοις
589 576 732 648 ἡμᾶς
759 573 941 644 μέλλει
969 572 1300 643 χειροῦσθαι.
1338 575 1448 626 Καὶ
1480 573 1589 644 γὰρ
1611 573 1819 643 σφόδρα
1858 590 1956 624 κα-

380 669 710 738 ταγέλαστον
763 666 856 718 καὶ
901 665 1000 736 τῆς
1053 665 1286 735 ἐσχάτης
1362 665 1640 735 αἰσχύνης,
1694 665 1782 717 διά
1844 661 1953 715 τῶν

380 759 660 831 ἡμετέρων
691 758 998 828 φαρμάκων
1018 757 1086 810 τά
1101 758 1392 829 τραύματα
1423 757 1585 810 αὐτὸν
1615 754 1954 810 κατασκευά-

381 854 513 918 ζειν.
547 852 645 904 Διά
679 851 836 904 τοῦτο
860 850 1063 918 ἔλεγεν·
1098 852 1180 903 Οὐ
1223 851 1332 919 γὰρ
1365 847 1553 902 αὐτοῦ
1588 849 1659 902 τὰ
1686 846 1954 916 νοήματα

379 943 742 1015 ἀγνοοῦμεν·
781 942 844 996 τὸ
879 942 1141 1006 ποικίλον,
1176 941 1238 993 τὸ
1261 940 1498 1012 δολερὸν,
1532 939 1595 994 τὸ
1637 938 1954 1008 κακομήχα-

380 1055 492 1101 νον,
533 1036 592 1089 τὸ
636 1032 966 1102 κακοῦργον,
1025 1031 1085 1085 τὸ
1137 1030 1229 1083 ἐπὶ
1283 1029 1634 1100 προσχήματι
1673 1025 1956 1087 εὐλαϐείας

380 1124 779 1198 ἐπηρεαστικὺν
810 1125 1094 1194 ἐμφαίνων
1130 1134 1178 1174 α.
1212 1119 1380 1174 Ταῦτ’
1429 1115 1522 1173 οῦν
1566 1118 1660 1172 καὶ
1681 1119 1845 1187 ἡμεῖς
1867 1117 1955 1167 ἐν-

381 1220 651 1283 νοοῦντες,
682 1216 952 1288 μηδέποτε
1001 1213 1229 1284 μηδενὸς
1285 1210 1738 1282 καταφρονῶμεν,
1794 1208 1957 1279 μηδέ-

382 1329 514 1366 ποτε
545 1308 951 1381 ἁμαρτάνοντες
1008 1303 1507 1374 ἀπογινώσκωμεν·
1542 1302 1666 1374 μηδ’
1701 1295 1766 1355 αὖ
1789 1299 1956 1371 ρᾳθυ-

387 1401 575 1474 μῶμεν
598 1402 786 1467 πάλιν,
811 1397 946 1452 ἀλλὰ
985 1395 1358 1467 συντρίὸωμεν
1387 1395 1486 1466 τὴν
1517 1393 1754 1448 διάνοιαν
1776 1390 1957 1460 πλημ-

386 1493 696 1566 μελοῦντες,
725 1491 806 1563 μὴ
853 1489 1042 1552 ἁπλῶς
1073 1489 1295 1557 ῥήματα
1341 1482 1794 1556 πῳϐαλλώμεθα.
1846 1481 1956 1534 Καὶ

381 1587 492 1657 γὰρ
517 1581 632 1638 οἶδα
681 1581 908 1644 πολλοὺς
939 1577 1070 1648 ἐγὼ,
1122 1576 1172 1632 οἳ
1223 1576 1441 1644 λέγουσι
1473 1573 1575 1645 μὲν
1629 1572 1845 1626 πενθεῖν
1887 1569 1956 1624 τὰ

385 1675 781 1744 ἁμαρτήματα,
829 1670 983 1722 οὐδὲν
1024 1669 1083 1722 δὲ
1122 1667 1266 1738 μέγα
1313 1663 1663 1737 ἐργάζονται,
1695 1664 1831 1718 ἀλλά
1859 1680 1956 1734 νη-

385 1767 636 1820 στεύουσι
672 1765 771 1833 μέν
804 1762 899 1815 καὶ
924 1760 1132 1831 τραχέα
1175 1756 1434 1828 φοροῦσιν
1491 1758 1700 1827 ἱμάτια,
1739 1755 1956 1826 χρημά-

383 1874 491 1912 των
509 1855 567 1909 δέ
606 1853 809 1922 μᾶλλον
830 1852 939 1904 τῶν
962 1848 1378 1920 καπηλευόντων
1405 1847 1668 1916 ἐφίενται,
1695 1845 1788 1900 καὶ
1817 1845 1954 1916 ὀργῇ

385 1950 546 2003 πλέον
568 1945 772 2017 Θηρίων
792 1943 1126 2004 ἁλίσκονται,
1169 1939 1266 1993 καὶ
1296 1937 1660 2010 κακηγορίαις
1707 1938 1958 2009 χαίρουσι

389 2045 611 2116 μᾶλλον,
632 2045 677 2114 -ῆ
719 2039 1018 2110 ἐγκωμίοις
1049 2038 1248 2108 ἕτεροι.
1271 2035 1388 2091 Οὐκ
1418 2035 1534 2090 ἐστι
1566 2035 1741 2088 ταῦτα
1791 2035 1958 2106 μετά-

384 2153 521 2192 νοια·
551 2133 854 2190 είκώνέστι
889 2129 1188 2201 ,μετανοίας
1228 2128 1402 2183 ταῦτα
1455 2129 1550 2181 καὶ
1605 2127 1731 2181 σκιά
1778 2127 1958 2197 μόνον,

383 2225 445 2279 οὐ
481 2221 760 2295 μετάνοια.
787 2219 878 2271 Διὸ
904 2217 996 2271 καὶ
1051 2215 1145 2268 ἐπὶ
1173 2214 1378 2268 τούτων
1409 2215 1574 2269 καλὸν
1598 2215 1792 2268 είπεῖν·
1825 2214 1958 2266 Σκο-

387 2319 538 2370 πεῖτε
565 2312 642 2384 μὴ
688 2306 1175 2379 πλεονεκτηθῶμεν
1207 2306 1314 2360 ὑπὸ
1364 2306 1460 2360 τοῦ
1507 2306 1735 2360 σατανᾶ·
1769 2306 1829 2358 οὐ
1853 2305 1961 2375 γάρ

385 2406 550 2462 αὐτοῦ
579 2405 648 2459 τά
674 2404 918 2474 νοήματα
945 2399 1266 2470 ἀγνοοῦμεν.
1285 2399 1424 2462 Τοὺς
1445 2398 1549 2469 μὲν
1564 2398 1672 2468 γὰρ
1686 2397 1754 2452 δι’
1780 2399 1962 2468 ἁμαρ-

385 2497 666 2570 τημάτων,
721 2495 846 2556 τοὺς
882 2493 939 2545 δέ
981 2493 1070 2547 διά
1102 2491 1390 2564 μετανοίας
1430 2490 1714 2556 ἀπόλλυσι,
1739 2490 1962 2553 τούτους

385 2589 442 2643 δὲ
471 2587 645 2659 ἑτέρῳ
694 2585 882 2658 τρόπῳ
929 2585 1113 2650 πάλιν,
1168 2584 1247 2654 τῷ
1294 2583 1460 2654 μηδὲν
1518 2583 1627 2636 ἀπὸ
1674 2582 1961 2653 μετανοίας

387 2681 605 2748 ἀφεῖναι
662 2675 1027 2747 καρποῦσθαι.
1071 2675 1289 2742 Ἐπειδὴ
1315 2675 1425 2744 γὰρ
1471 2673 1732 2727 ἀπολέσαι
1783 2672 1842 2737 ἐξ
1873 2674 1962 2725 εὐ-

388 2773 541 2837 θείας
569 2772 668 2843 οὐχ
693 2764 875 2843 εὗρεν,
903 2770 1096 2841 ἐτέραν
1133 2764 1297 2840 ἦλθεν
1328 2768 1446 2822 ὁδὸν
1475 2770 1602 2832 τοὺς
1645 2768 1745 2839 μὲν
1768 2768 1961 2832 πόνους

388 2863 690 2927 ἐπιτείνων,
728 2863 851 2926 τοὺς
894 2861 948 2914 δέ
983 2861 1228 2930 καρποὺς
1255 2860 1679 2932 ἀφαιρούμενος,
1715 2860 1809 2913 καὶ
1837 2861 1958 2913 πεί-

388 2954 496 3008 θων
525 2953 600 3017 ὡς
649 2953 709 3006 τὸ
765 2953 872 3006 πᾶν
920 2951 1376 3022 κατωρθωκότας,
1435 2951 1578 3004 οὕτω
1619 2950 1729 3005 τῶν
1788 2949 1961 3004 ἄλλων

386 3045 630 3116 ἀμελεῖν.
657 3045 755 3096 Ἴν⁹
777 3039 872 3096 οῦν
908 3043 984 3113 μὴ
1028 3043 1155 3113 είκῆ
1189 3042 1480 3112 κόπτωμεν
1506 3043 1753 3107 ἐαυτούς,
1791 3044 1963 3114 μικρά

389 3137 526 3207 πρὸς
553 3134 651 3198 τὰς
671 3131 1330 3203 τοιαύταςδιαλεχθῶμεν
1358 3134 1623 3202 γυναῖκας
1644 3150 1659 3164 ·
1687 3135 1962 3202 γυναικῶν

389 3227 497 3300 γάρ
526 3225 761 3296 μάλιστα
797 3225 949 3278 τουτὶ⁵
981 3224 1042 3278 τὸ
1074 3224 1306 3295 νόσημα.
1349 3223 1531 3279 Καλὸν
1561 3224 1661 3294 μὲν
1689 3223 1962 3279 καὶτοῦτο

389 3317 418 3370 ὃ
445 3318 706 3388 πράττετε
737 3315 852 3384 νῦν,
883 3314 1107 3386 νηστεία
1149 3316 1244 3369 καὶ
1285 3315 1562 3386 χαμευνία
1590 3317 1687 3370 καὶ
1741 3317 1958 3380 σποδός·

388 3409 504 3464 ἀλλ’
529 3411 652 3463 ὅταν
675 3407 744 3462 τά
776 3407 911 3462 ἄλλα
961 3409 1036 3479 μὴ
1067 3409 1267 3480 προσῇ,
1305 3407 1504 3463 τούτων
1539 3407 1730 3478 ὄφελος
1785 3407 1956 3462 οὐδέν.

392 3498 599 3566 Ἐδειξε
632 3498 750 3562 πῶς
773 3498 996 3568 ἀφίησιν
1021 3497 1291 3570 ἁμαρτίας
1323 3497 1584 3561 όΘεός·τί
1605 3499 1785 3553 τοίνυν
1815 3499 1960 3553 ἐκεί-

390 3608 486 3661 νην
539 3589 768 3660 ἀφέντες
816 3588 919 3660 τὴν
966 3588 1107 3656 ὁδὸν,
1161 3588 1357 3660 ἑτέραν
1413 3589 1627 3654 ἑαυτοῖς
1692 3589 1957 3661 τέμνετε;

392 3684 676 3754 Ἥμαρτον
713 3683 762 3734 οἱ
807 3682 1086 3736 Νινευῖταί
1117 3699 1284 3747 ποτε,
1324 3683 1416 3736 καὶ
1463 3681 1729 3753 ἐποίησαν
1763 3681 1958 3747 ταῦτα,

388 3777 424 3828 ὃ.
455 3775 552 3826 καὶ
589 3773 746 3842 ὑμεῖς
798 3775 1002 3824 ποιεῖτε
1053 3771 1185 3826 νῦν·
1244 3773 1366 3826 ἀλλ’
1417 3773 1622 3845 ῖδωμεν
1664 3775 1720 3828 τί
1765 3775 1963 3839 αὐτοὺς

389 3866 638 3935 ὠφέλησε
682 3862 856 3934 [465].
903 3864 1171 3934 Καθάπερ
1216 3866 1325 3934 γὰρ
1365 3867 1459 3918 ἐπὶ
1505 3867 1614 3922 τῶν
1647 3868 1962 3938 καμνόντων

391 3955 562 4009 πολλὰ
593 3954 689 4025 μὲν
709 3955 1007 4021 ἐπάγουσιν
1035 3956 1084 4006 οἱ
1117 3955 1318 4024 -ἰατροὶ,
1343 3959 1371 4009 ὁ
1399 3956 1456 4009 δέ
1481 3959 1700 4022 συνετὸς
1725 3960 1783 4012 οὐ
1805 3959 1963 4013 τοῦτο

392 4048 602 4112 σκοπεῖ,
624 4046 706 4098 ὅτι
734 4043 794 4098 τὸ
830 4045 925 4097 καὶ
952 4045 1013 4099 τὸ
1053 4045 1305 4117 ἐποίησεν
1333 4047 1362 4098 ό
1394 4049 1716 4120 ἀρρωστῶν,
1742 4051 1881 4106 ἀλλὰ
1910 4053 1962 4106 τί

389 4139 552 4191 αὐτὸν
578 4136 881 4207 ὠφέλησεν·
905 4135 1052 4190 οὕτω
1086 4137 1190 4190 »καὶ
1238 4137 1472 4192 ἐνταῦθα
1524 4143 1746 4195 σκοπεῖν
1779 4142 1876 4198 δεῖ.
1899 4145 1962 4197 Τί

389 4228 482 4287 οὖν
525 4231 775 4304 ὠφέλησε
807 4232 930 4295 τοὺς
982 4230 1291 4304 βαρϐάρους
1340 4234 1620 4301 ἐκείνους;
1658 4237 1962 4309 Ἐπέθηκαν

393 4325 644 4397 νηστείαν
668 4328 783 4389 τοῖς
821 4324 1123 4397 τραύμασι,
1167 4325 1261 4379 καὶ
1295 4326 1534 4401 σφοδρὰν
1574 4331 1828 4401 νηστείαν
1866 4333 1964 4385 ἐπ·

392 4417 614 4488 ἐθηκαν,
658 4418 752 4470 καὶ¹
787 4417 1091 4488 ιχαμευνίαν
1134 4419 1230 4472 καὶ
1284 4420 1488 4474 σάκκου
1533 4424 1825 4497 περιϐολὴν
1869 4427 1962 4480 καὶ

389 4510 596 4582 τέφραν
645 4510 741 4564 καὶ
803 4511 1108 4583 ὀδυρμούς·
1177 4512 1457 4585 ἐπέθηκαν
1509 4517 1604 4570 καὶ
1659 4519 1960 4591 μεταϐολὴν

393 4603 530 4670 βίου.

451 4808 526 4856 ς’.
565 4801 792 4874 Ἰδωμεν
815 4798 910 4858 οὖν
939 4807 991 4860 τί
1020 4808 1225 4864 τούτων
1246 4808 1503 4880 ἐποίησεν
1536 4811 1735 4878 αὐτοὺς
1765 4814 1955 4884 ὑγιεῖς.

392 4891 504 4946 Καὶ
536 4891 697 4946 πόθεν
737 4893 1024 4965 εἰσόμεθα,
1070 4901 1274 4970 φησίν;
1324 4903 1422 4954 Ἂν
1474 4903 1612 4974 πρὸς
1643 4903 1736 4957 τὸν
1779 4908 1960 4978 ἰατρὸν

393 4982 656 5054 ἔλθωμεν,
676 4983 740 5038 ἂν
769 4985 930 5041 αὐτὸν
959 4991 1343 5062 ἐρωτήσωμεν·
1369 4994 1429 5046 οὐ
1456 4995 1562 5066 γάρ
1581 4996 1959 5069 ἀποκρύψεται

391 5077 558 5144 ἡμᾶς,
584 5076 719 5131 άλλά
780 5080 875 5133 καὶ
923 5082 1128 5154 σφόδρα
1156 5085 1288 5156 ἐρεῖ.
1320 5086 1535 5141 Μᾶλλον
1564 5087 1620 5141 δὲ
1650 5089 1738 5144 ἵνα
1765 5091 1958 5164 μηδεὶς

391 5169 583 5237 ἀΥνοῇν
608 5170 742 5238 μηδὲ
777 5173 998 5242 ἐρέσθαι
1048 5175 1258 5248 δέηται,
1290 5179 1383 5233 καὶ
1417 5181 1692 5252 ἀνέγραψε
1725 5184 1786 5238 τὸ
1816 5185 1957 5256 φάρ-

395 5272 568 5328 μακον
613 5257 674 5310 τὸ
708 5259 1021 5332 ἀναστῆσαν
1059 5267 1276 5332 αὐτούς.
1331 5269 1396 5323 Τί
1441 5265 1534 5324 οὖν
1582 5272 1742 5326 τοῦτό
1779 5276 1955 5342 ἐστινς

448 5595 467 5619 ι
493 5576 752 5643 agebatur
776 5580 1028 5643 ἐμφαινειν.

1012 185 1070 238 S.
1110 184 1395 240 JOANNIS
1434 184 1930 242 CHRYSOSTOMI
1969 184 2301 247 ARCHIpr
2341 190 2896 251 CONSTANTINOP.

3515 190 3622 247 49.6

2058 300 2219 368 Εἶδε,
2243 305 2426 375 φησὶν,
2452 309 2484 360 ό
2508 309 2650 375 Θεὸς
2686 310 2775 364 ὅτι
2812 311 3194 381 ἀπέστρεψεν
3218 311 3477 377 ἕκαστος
3503 312 3623 366 ἀπὸ

2056 395 2168 463 τῆς
2197 395 2339 450 ὀδοῦ
2391 398 2573 452 αὐτοῦ
2627 399 2738 469 τῆς
2775 401 3062 470 πονηρᾶς,
3123 403 3222 455 καὶ
3250 404 3625 470 μετενόησεν

2055 486 2154 538 ἐπὶ
2198 485 2269 554 τῇ
2310 489 2508 555 κακίᾳ,
2555 484 2595 561 ᾗ
2632 491 2898 560 ἐλάλησε
2949 492 3198 560 ποιῆσαι
3243 492 3466 558 αὐτοῖς.
3511 496 3624 548 Οὐκ

2056 575 2231 644 εἶπεν,
2263 579 2343 634 ὅτι
2376 577 2496 634 Εἶδε
2527 590 2781 652 νηστείαν
2813 589 2908 636 καὶ
2935 587 3137 636 σάκκον
3155 587 3247 635 καὶ
3275 584 3488 638 σποδόν.
3514 586 3625 639 Καὶ

2055 672 2231 724 ταῦτα
2269 673 2329 725 οὐ
2361 675 2612 744 νηστείαν
2652 675 2889 746 ἀναιρῶν
2921 675 3084 743 λέγω·
3110 677 3185 746 μὴ
3215 676 3444 744 γένοιτο·
3489 678 3625 732 ἀλλὰ

2054 763 2116 816 τὸ
2155 767 2251 834 τῆς
2284 766 2534 834 νηστείας
2559 770 2804 836 κρεῖττον
2837 770 3008 820 ποιεῖν
3029 766 3330 836 παραινῶν,
3365 769 3424 822 τὸ
3447 769 3626 839 πάσης

2057 855 2250 917 κακίας
2275 853 2594 924 ἀπέχεσθαι.
2624 856 2878 926 Ἥμαρτε
2905 857 2999 909 καὶ
3031 859 3060 910 ὁ
3082 857 3265 910 Δαυῖδ·
3303 857 3501 927 ἴδωμεν
3529 854 3624 912 οὖν

2055 946 2148 998 καὶ
2192 939 2346 1009 οὗτος
2403 946 2522 1010 πῶς
2558 947 2871 1017 μετενόησε.
2905 947 3066 1016 Τρεῖς
3105 946 3321 1018 ἡμέρας
3368 947 3624 1000 ἐκάθισεν

2056 1039 2148 1089 ἐπὶ
2193 1037 2416 1107 τέφρας.
2474 1037 2613 1089 Ἀλλ’
2657 1039 2861 1101 ἐκεῖνος
2887 1038 2987 1108 οὐχ
3031 1037 3172 1107 ὑπὲρ
3203 1038 3304 1107 τῆς
3349 1038 3622 1109 ἁμαρτίας

2054 1128 2248 1190 ἐποίει,
2270 1128 2384 1182 ἁλλ’
2415 1128 2555 1199 ὑπὲρ
2583 1129 2678 1182 τοῦ
2710 1129 2945 1194 παιδίου,
2985 1127 3199 1200 μεθύων
3222 1127 3301 1182 ἔτι
3323 1127 3400 1198 τῷ
3426 1128 3584 1182 πάθει
3603 1145 3618 1157 ·
3689 1184 3698 1192 ,

2053 1215 2152 1286 τὴν
2183 1216 2238 1270 δὲ
2257 1217 2532 1287 ἁμαρτίαν
2555 1217 2754 1288 ἑτέρως
2790 1216 3104 1289 ἁπέσμηχε,
3135 1217 3623 1288 ταπεινοφροσύνῃ,

2057 1307 2316 1379 συντριϐῇ
2343 1308 2588 1379 καρδίας,
2613 1308 2902 1373 κατανύξει
2941 1308 3139 1379 ψυχῆς,
3171 1308 3248 1378 τῷ
3294 1308 3490 1378 μηκέτι
3515 1309 3628 1370 τοῖς

2055 1401 2238 1462 αὐτοῖς
2264 1403 2603 1470 περιπεσεῖν,
2626 1399 2704 1470 τῷ
2728 1399 3037 1472 μεμνῆσθαι
3053 1400 3318 1471 διηνεκῶς
3343 1399 3537 1468 αὐτῆς,
3550 1399 3629 1470 τῷ

2056 1488 2243 1560 φέρειν
2276 1488 2607 1559 εὐχαρίστως
2636 1489 2705 1543 τὰ
2731 1491 2954 1544 ἐπιόντα
2980 1491 3213 1558 ἅπαντα,
3250 1491 3329 1562 τῷ
3354 1490 3628 1559 φείδεσθαι

2056 1577 2164 1631 τῶν
2193 1579 2526 1643 λυπούντων,
2565 1579 2640 1650 τῷ
2665 1579 2741 1652 μὴ
2765 1579 3062 1651 ἀμύνεσθαι
3091 1583 3217 1646 τοὺς
3248 1582 3629 1636 ἐπιϐουλεύον-

2057 1684 2176 1733 τας,
2227 1668 2364 1722 άλλά
2410 1671 2658 1734 καὶτοὺς
2705 1671 3059 1742 βουλομένους
3095 1672 3250 1726 τοῦτο
3290 1677 3486 1739 ποιεῖν,
3523 1692 3631 1728 κω-

2056 1760 2222 1814 λύειν.
2280 1762 2405 1815 Ὅτε
2455 1761 2584 1830 γοῦν
2622 1763 2782 1817 αὐτὸν
2819 1766 2848 1817 ὁ
2887 1765 3081 1835 Σεμεεὶ
3131 1766 3348 1836 μυρίοις
3399 1766 3629 1821 ἔπλυνεν

2057 1849 2301 1916 ὀνείδεσι,
2336 1851 2431 1904 τοῦ
2470 1852 2774 1924 στρατηγοῦ
2811 1854 2901 1908 τοῦ
2939 1856 3203 1926 παρόντος
3257 1857 3627 1926 ἀγανακτοῦν-

2058 1953 2168 2002 τος,
2202 1937 2406 2007 έλεγεν,
2439 1941 2622 2008 ’Ἄφες
2649 1942 2836 1996 αὐτὸν
2863 1944 3235 2013 καταρᾶσθαι
3265 1963 3360 2017 με,
3392 1946 3476 2000 ὅτι
3509 1949 3626 2001 Κύ-

2052 2045 2186 2096 ριος
2211 2029 2551 2085 ἐνετείλατο
2585 2031 2764 2098 αὐτῷ.
2815 2036 3060 2107 Καρδίαν
3090 2038 3199 2106 γάρ
3235 2039 3626 2110 συντετριμμέο

2059 2137 2157 2190 νην
2184 2121 2278 2174 καὶ
2344 2125 2820 2196 τεταπεινωμένην
2873 2121 3018 2196 εἶχεν
3044 2167 3060 2192 ,
3107 2129 3136 2181 ὂ
3185 2130 3418 2199 μάλιστα
3459 2131 3625 2184 αὐτοῦ

2058 2213 2126 2266 τά
2143 2213 2514 2285 ἁμαρτήματα
2542 2216 2851 2286 ἁπέσμηχε·
2873 2219 2965 2271 καὶ
2993 2218 3272 2290 γάρτοῦτο
3301 2219 3629 2291 ἐξομολόγη-

2062 2323 2168 2370 σις,
2224 2305 2380 2359 τοῦτο
2424 2307 2703 2376 μετάνοια.
2742 2309 2840 2361 Ἂν
2871 2309 2928 2360 δέ
2979 2312 3332 2381 νηστεύοντες
3374 2312 3633 2377 ἀλαζόνες

2059 2388 2230 2466 ὦμεν,
2255 2396 2315 2448 οὐ
2350 2396 2510 2466 μόνον
2533 2397 2685 2453 οὐδὲν
2701 2398 3086 2470 ὠφελήθημεν,
3136 2402 3274 2455 ἀλλά
3332 2403 3425 2456 καὶ
3475 2403 3632 2456 ἐϐλά-

2061 2486 2257 2557 σημεν.
2297 2488 2644 2543 Ταπείνωσον
2673 2492 2852 2544 τοίνυν
2882 2493 2983 2563 τὴν
3013 2493 3237 2564 καρδίαν
3273 2495 3366 2548 καὶ
3399 2495 3463 2548 σὺ
3487 2535 3503 2559 ,
3547 2495 3633 2549 ἵνα

2061 2577 2152 2632 τὸν
2191 2577 2324 2631 Θεὸν
2355 2580 2636 2652 ἐπισπάσῃ
2661 2597 2676 2610 ·
2715 2582 2927 2652 Ἐγγὺς
2949 2583 3056 2655 γὰρ
3082 2586 3298 2653 Κύριος
3329 2585 3454 2652 τοῖς
3487 2602 3634 2640 συν-

2060 2667 2466 2738 τετριμμένοις
2511 2671 2585 2740 τῇ
2611 2673 2844 2741 καρδίᾳ.
2884 2676 2994 2745 οὐχ
3021 2677 3150 2747 ὁρᾷς
3195 2677 3254 2731 ἐν
3277 2681 3398 2740 ταῖς
3436 2678 3634 2742 οἰκίαις

2060 2761 2180 2822 ταῖς
2238 2759 2518 2830 λαμπραῖς
2573 2763 2696 2826 τοὺς
2751 2765 3163 2836 ἡτιμωμένους,
3206 2767 3324 2830 πῶς
3356 2769 3480 2822 οὐδὲ
3525 2768 3636 2822 τῶν

2063 2848 2360 2902 ἐλαττόνων
2390 2850 2622 2906 οίκετῶν
2660 2852 2989 2923 ὑϐριζόντων
3028 2857 3226 2922 αὐτοὺς
3271 2860 3373 2912 οὐκ
3423 2860 3636 2915 ἀντιλέ-

2061 2958 2248 3011 γουσιν
2274 2982 2290 3008 ,
2333 2943 2468 2998 άλλά
2503 2946 2727 3016 φέρουσι
2752 2946 2840 3000 διὰ
2859 2945 2957 3018 τὴν
2983 2949 3227 3020 ἀτιμίαν,
3313 2951 3635 3023 περιέϐαλεν

2061 3035 2258 3097 αὐτοὺς
2280 3035 2313 3104 ἡ
2340 3035 2582 3106 ἁμαρτία
2604 3053 2619 3102 ;
2650 3036 2804 3090 Οὕτω
2826 3039 2920 3092 καὶ
2935 3041 3000 3093 σὺ
3017 3039 3159 3094 ποίει
3181 3059 3196 3073 ·
3227 3043 3328 3096 κᾶν
3349 3043 3630 3116 λοιδορήσῃ

2064 3126 2124 3178 σέ
2154 3143 2256 3190 τις,
2286 3128 2361 3198 μὴ
2385 3128 2673 3200 ἀγριάνῃς,
2700 3129 2836 3184 άλλά
2862 3129 3135 3198 στέναξον,
3165 3134 3241 3203 μὴ
3256 3134 3347 3186 ἐπὶ
3368 3138 3430 3204 τῇ
3451 3133 3624 3204 ὕϐρει,

2061 3216 2175 3268 ἀλλ’
2209 3218 2301 3269 ἐπὶ
2320 3219 2384 3287 τῇ
2426 3218 2668 3288 ἁμαρτίᾳ
2707 3222 2774 3290 τῇ
2825 3236 2884 3273 σε
2926 3223 3005 3284 είς
3037 3223 3261 3293 ἀτιμίαν
3299 3223 3623 3296 ἐμϐαλούσῃ.

2061 3307 2321 3373 Στέναξον
2347 3309 2473 3362 ὅταν
2497 3311 2768 3382 ἁμάρτῃς,
2812 3314 2886 3382 μὴ
2914 3314 2996 3366 ὅτι
3034 3315 3362 3378 κολάζεσθαι
3397 3315 3625 3386 μέλλεις·

2060 3397 2217 3450 τοῦτο
2237 3399 2346 3468 γὰρ
2368 3399 2520 3454 οὐδέν
2540 3417 2552 3431 ·
2599 3401 2715 3454 ἁλλ’
2744 3403 2825 3455 ὃτι
2871 3404 3278 3480 προσέκρουσάς
3314 3423 3406 3460 σου
3435 3407 3511 3478 τῷ
3534 3411 3636 3460 Δε-

2065 3488 2236 3560 σπότῃ
2262 3488 2340 3560 τῷ
2382 3488 2555 3554 οὕτως
2605 3493 2818 3563 ἡμέρῳ,
2851 3495 2928 3564 τῷ
2979 3495 3118 3548 οὕτω
3173 3513 3232 3548 σε
3267 3497 3509 3567 φιλοῦντι
3543 3498 3635 3552 καὶ

2064 3582 2464 3653 ἐκκρεμαμένῳ
2490 3583 2588 3653 τῆς
2619 3585 2892 3654 σωτηρίας
2916 3586 3014 3656 τῆς
3034 3587 3154 3658 σῆς,
3172 3587 3247 3652 ὡς
3269 3591 3362 3642 καὶ
3386 3589 3477 3643 τὸν
3509 3591 3634 3645 Υίὸν

2063 3673 2339 3728 ἐπιδοῦναι
2371 3674 2511 3744 ὑπὲρ
2542 3673 2634 3727 σοῦ
2677 3674 2852 3748 [464].
2885 3677 2983 3730 Διά
3011 3677 3183 3731 ταῦτα
3233 3679 3504 3745 στέναξον,
3537 3683 3631 3734 καὶ

2061 3765 2218 3819 τοῦτο
2260 3765 2402 3818 ποίει
2431 3765 2724 3837 διηνεκῶς·
2757 3765 2914 3820 τοῦτο
2945 3767 3054 3839 γάρ
3102 3767 3498 3839 ἐξομολόγησις.
3533 3772 3625 3841 Μὴ

2063 3855 2157 3909 νῦν
2189 3858 2289 3928 μέν
2313 3857 2553 3926 φαιδρὸς,
2577 3855 2764 3926 αὔριον
2779 3857 2834 3909 δὲ
2865 3857 3200 3928 σκυθρωπὸς,
3233 3856 3346 3910 εἶτα
3379 3858 3621 3928 φαιδρὸς,

2064 3947 2199 4003 ἀλλὰ
2221 3947 2511 4010 διαπαντὸς
2536 3948 2663 4018 μένε
2685 3950 2741 4001 ἐν
2766 3948 2844 4020 τῷ
2906 3950 3123 4004 πενθεῖν
3171 3950 3264 4003 καὶ
3317 3950 3624 4019 συντρίόειν

2065 4040 2278 4095 σαυτόν.
2315 4039 2598 4109 Μακάριοι
2619 4041 2744 4112 γάρ,
2772 4041 2952 4112 φησὶν,
2986 4045 3040 4096 οἱ
3064 4041 3441 4108 πενθοῦντες,
3465 4058 3624 4094 τουτ-

2063 4133 2238 4197 έστιν,
2295 4134 2342 4184 οί
2399 4131 2661 4203 διηνεκῶς
2708 4131 2864 4185 τοῦτο
2915 4132 3211 4196 ποιοῦντες.
3260 4132 3406 4187 Μένε
3474 4131 3631 4184 τοῦτο

2063 4223 2232 4278 ποιῶν
2254 4224 2534 4295 διηνεκῶς,
2567 4225 2662 4278 καὶ
2691 4225 2870 4296 σαυτῷ
2893 4226 3192 4295 προσέχων,
3222 4226 3318 4278 καὶ
3333 4225 3630 4294 συντρίϐων

2065 4334 2158 4370 σου
2193 4315 2288 4386 τὴν
2322 4315 2567 4387 καρδίαν,
2597 4313 2672 4379 ὡς
2704 4314 2769 4370 ἁν
2797 4333 2881 4380 τις
2906 4319 3130 4387 γνήσιον
3175 4317 3289 4369 υἱὸν
3345 4314 3630 4369 ἀποϐαλὼν

2062 4407 2305 4478 πενθοίη.
2335 4406 2718 4476 Διαρρήεατε,
2745 4410 2900 4478 φησὶ,
2927 4409 3034 4474 τὰς
3051 4408 3296 4476 καρδίας
3316 4405 3500 4476 ὑμῶν,
3531 4406 3629 4458 καί

2055 4498 2142 4568 μὴ
2170 4500 2242 4552 τὰ
2262 4497 2459 4566 ίμάτιιι
2488 4495 2656 4567 ὑμῶν
2683 4535 2699 4550 .
2733 4498 2806 4550 Τὸ
2837 4497 2892 4550 δὲ
2924 4498 3216 4570 διερρωγὸς
3238 4498 3340 4550 οὐκ
3371 4497 3437 4551 ἂν
3465 4498 3632 4564 ἐπαρ-

2062 4591 2200 4661 θείη·
2232 4591 2294 4643 τὸ
2350 4589 2808 4659 συντετριμμένον
2861 4589 2961 4644 οὐκ
3012 4590 3078 4643 ἂν
3126 4589 3475 4659 ἐξανασταίη.
3534 4585 3632 4639 Διὰ

2059 4684 2218 4736 τοῦτο
2241 4686 2268 4736 ὁ
2292 4681 2392 4753 μὲν
2416 4681 2588 4749 λέγει,
2621 4679 3002 4751 Διαρῤήξατε,
3027 4683 3055 4735 ό
3081 4681 3138 4734 δὲ
3178 4680 3346 4748 λέγει,
3370 4679 3632 4748 Καρδίαν

2061 4772 2574 4842 συντετριμμένην
2600 4773 2699 4827 καί
2743 4775 3256 4843 τεταπεινωμένην
3287 4775 3321 4826 ὁ
3348 4773 3490 4838 Θεὸς
3521 4773 3631 4826 οὐκ

2061 4865 2472 4932 ἐξουδενὼσει.
2531 4865 2648 4919 Κᾶν
2699 4867 2860 4936 σοφὸς
2906 4861 2994 4940 ᾗς,
3053 4865 3156 4919 κᾶν
3213 4865 3484 4930 πλούσιος,
3528 4864 3632 4917 κᾶν

2059 4953 2344 5024 δυνάστης,
2377 4952 2668 5024 διάρρηξον
2716 4954 2816 5025 τὴν
2864 4953 3112 5024 καρδίαν,
3146 4953 3221 5025 μὴ
3271 4955 3415 5025 ἀφῇς
3464 4953 3632 5026 αὐτὴν

2065 5047 2208 5118 μέγα
2242 5049 2456 5117 φρονεῖν
2485 5047 2617 5116 μηδέ
2651 5047 2942 5115 φυσᾶσθαι.
2973 5047 3045 5100 Τὸ
3077 5046 3186 5117 γὰρ
3235 5046 3531 5117 διερρωγὸς
3567 5047 3628 5100 οὐ

2063 5137 2315 5206 φυσᾶται,
2347 5136 2448 5190 κᾶν
2541 5155 2593 5189 τι
2614 5137 2674 5189 τὸ
2701 5138 2947 5207 ἐπαῖρον,
2978 5138 3040 5190 οὐ
3085 5136 3306 5190 δύναται
3337 5137 3548 5204 στέγειν
3569 5133 3630 5188 τὸ

2063 5229 2290 5298 φύσημα
2318 5229 2394 5298 τῷ
2422 5228 2761 5299 διερῤἧχθαι.
2799 5229 2954 5282 υῦτω
2981 5231 3075 5282 καὶ
3104 5229 3167 5282 σύ
3199 5229 3628 5299 ταπεινοφρόνη-

2063 5321 2467 5390 σον·ἐννόησον
2515 5321 2597 5373 ὅτι
2639 5321 2876 5391 τελώνης
2927 5321 3035 5375 ἀπὸ
3089 5323 3332 5391 ῥήματος
3381 5321 3498 5383 ἐνὸς
3527 5319 3633 5372 ἐδι-

2060 5413 2291 5484 καιώθη·
2321 5413 2497 5467 καίτοι
2532 5430 2595 5481 γε
2641 5413 2762 5466 οὐδὲ
2818 5414 3284 5485 ταπεινοφροσύνη
3332 5417 3508 5468 ἐκεῖνο
3544 5409 3632 5484 ἦν,

2061 5504 2174 5558 ἁλλ’
2220 5505 2479 5574 ὁμολογία
2529 5505 2753 5577 ἀληθής.
2801 5507 2862 5560 Εἰ
2908 5507 2963 5558 δὲ
3019 5506 3176 5559 τοῦτο
3225 5507 3494 5578 τοσαύτην
3523 5506 3634 5577 ἔχει

2066 5596 2238 5666 ίσχύν,
2277 5597 2426 5668 πόσῳ
2459 5595 2654 5668 μᾶλλον
2685 5597 3176 5668 ταπεινοφροσύνη;
3205 5598 3372 5666 ’Ἄφες
3389 5596 3634 5670 ἁμαρτη-
