4070 6152
436 386 539 443 ηδ

442 513 544 568 est,
577 501 681 555 hoc
725 507 806 554 est
827 540 842 564 ,
871 498 1055 552 aliena:
1099 496 1175 550 rei
1203 497 1518 566 usurpatio?
1544 481 1677 551 Non.
1700 493 1840 550 enim
1869 494 2006 548 satis

445 595 606 648 habet
633 606 723 662 per
773 596 1043 660 peccatum
1077 601 1175 642 nos
1212 587 1464 657 dejicere,
1502 586 1594 641 sed
1623 601 1719 656 per
1747 585 2008 655 poeniten-

443 687 568 740 tiam
595 697 823 755 quoque,
852 681 951 735 nisi
978 680 1276 750 vigilemus,
1309 679 1448 734 idem
1482 679 1666 734 efficit.
1696 680 1868 748 Atque
1887 675 2010 730 ideo

445 785 704 840 πλεονεξίαν
748 772 939 826 merito
966 770 1290 841 appellavit,
1330 785 1450 824 cum
1481 785 1579 840 per
1615 783 1679 824 ea
1708 768 1867 823 etiam
1894 780 2011 836 quas

441 877 619 923 nostra
646 873 768 920 sunt
787 905 801 929 ,
827 863 1105 918 victoriam
1134 862 1465 931 adipiscitur.
1502 860 1718 915 Etenim
1757 874 1855 929 per
1883 871 2010 928 pec-

441 969 612 1014 catum
640 972 832 1026 capere
877 957 1150 1025 proprium
1178 955 1344 1024 ipsius
1370 965 1453 1010 est
1476 995 1490 1020 ,
1525 961 1579 1008 at
1605 967 1705 1022 per
1746 951 2012 1020 paeniten-

441 1051 586 1116 tiam,
613 1062 718 1102 non
742 1049 868 1101 item
898 1063 920 1100 :
948 1055 1188 1100 nostrum
1216 1046 1380 1112 enim,
1414 1060 1519 1100 non
1547 1053 1722 1099 autem
1756 1044 1898 1097 illius
1928 1050 2013 1096 est

436 1145 541 1194 hoc
581 1151 848 1192 armorum
876 1151 1064 1206 genus.
1095 1136 1452 1203 Quamobrem
1479 1149 1598 1189 cum
1646 1133 1772 1187 hinc
1799 1147 2011 1202 quoque

437 1245 630 1299 capere
662 1237 861 1298 potest,
895 1226 1260 1281 animadverte
1283 1241 1440 1296 quam
1469 1225 1634 1294 turpis
1659 1224 1730 1279 sit
1760 1223 1874 1277 haec
1902 1223 2013 1277 cla.

439 1324 557 1388 des,
583 1329 948 1392 quantumque
967 1319 1057 1374 ille
1085 1326 1137 1373 ut
1167 1318 1407 1373 imbelles
1427 1325 1480 1372 et
1506 1317 1734 1372 miseros
1761 1315 2014 1370 irrisurus

442 1423 602 1483 atque
629 1412 993 1481 exagitaturus
1021 1419 1101 1464 est
1125 1450 1140 1475 ,
1187 1408 1446 1478 siquidem
1473 1422 1572 1464 nos
1595 1407 1906 1464 nostrismet
1929 1423 2010 1462 ar-

444 1504 547 1556 mis
589 1500 879 1570 subegerit.
933 1499 1197 1570 Perquam
1225 1499 1365 1553 enim
1397 1498 1676 1554 ridiculum
1705 1513 1768 1552 ac
1805 1513 2014 1554 summe

446 1589 746 1662 pudendum
788 1589 916 1643 illud
956 1597 1074 1655 est,
1112 1588 1253 1657 quod
1283 1603 1374 1659 per
1419 1587 1804 1644 medicamenta
1833 1598 2011 1644 nostra

447 1683 560 1750 ipse
583 1679 802 1733 vulnera
833 1678 1047 1734 efficiat.
1080 1677 1206 1734 Ideo
1231 1678 1429 1733 Paulus
1451 1678 1660 1740 dicebat
1677 1720 1694 1745 ,
1735 1677 1858 1732 Non
1885 1679 2014 1732 enim

446 1770 605 1838 ipsius
644 1769 971 1839 cogitationes
997 1769 1329 1839 ignoramus;
1355 1768 1457 1823 hoc
1496 1777 1578 1824 est
1602 1809 1620 1834 ,
1643 1783 1799 1838 quam
1832 1769 2011 1823 multi-

446 1861 566 1929 plex
591 1901 606 1924 ,
648 1874 806 1929 quam
848 1859 997 1913 vafer
1019 1899 1034 1926 ,
1067 1873 1224 1929 quam
1253 1867 1521 1913 veterator
1548 1873 1610 1913 ac
1639 1867 1883 1914 versutus
1921 1858 2016 1926 sit,

443 1966 597 2022 quam
635 1950 864 2018 denique
913 1950 1010 2004 sub
1056 1950 1269 2019 pietatis
1313 1949 1536 2005 obtentu
1575 1949 1821 2004 infestum
1860 1949 2016 2004 nobis

444 2043 649 2096 hostem
694 2041 949 2110 prmbeat.
989 2040 1113 2095 Haec
1156 2041 1312 2111 igitur
1336 2055 1436 2096 nos
1483 2057 1695 2112 quoque
1719 2043 2016 2112 cogitantes

441 2132 705 2187 neminem
734 2145 981 2201 umquam
1008 2138 1415 2186 contemnamus
1436 2173 1450 2197 ,
1479 2146 1577 2187 nec
1610 2141 1892 2201 peccantes
1921 2131 2016 2187 de-

439 2237 734 2294 speremus,
762 2239 862 2278 nec
887 2237 1096 2279 rursum
1123 2223 1368 2279 socordia
1395 2224 1737 2294 langueamus
1761 2241 1776 2289 ;
1806 2239 2013 2292 verum,

437 2332 556 2371 cum
587 2325 864 2386 peccatum
895 2302 1225 2381 admisimus,
1258 2316 1496 2370 animum
1521 2325 1887 2382 conteramus,
1918 2331 2016 2372 nec

438 2409 598 2465 verba
647 2409 925 2464 dumtaxat
978 2408 1332 2478 proferamus.
1376 2407 1648 2478 Siquidem
1708 2409 2018 2478 complures

440 2500 557 2555 novi
581 2500 668 2570 qui
693 2515 751 2555 se
776 2499 994 2570 quidem
1015 2507 1232 2569 peccata
1260 2513 1357 2553 sua
1383 2497 1582 2553 dellere
1599 2499 1769 2565 aiunt,
1794 2508 1852 2554 at
1876 2500 2016 2553 inte-

439 2591 538 2644 rim
566 2591 638 2645 nil
668 2591 845 2660 magni
872 2597 1203 2660 operantur;
1233 2603 1416 2644 verum
1438 2589 1684 2659 jejunaut
1706 2589 1778 2644 illi
1804 2588 2019 2660 quidem

439 2699 502 2738 ac
528 2691 702 2738 vestes
733 2695 956 2750 asperas
980 2688 1192 2752 gestant
1220 2721 1236 2746 ,
1263 2689 1518 2736 czcterum
1549 2681 1742 2751 majori
1766 2684 2018 2751 pecunia-

441 2789 556 2828 rum
583 2772 876 2844 cupiditate
907 2773 1171 2843 flagrant,
1209 2788 1366 2842 quam
1397 2787 1704 2844 caupones;
1746 2775 1823 2829 ira
1851 2776 2019 2846 magis

440 2866 821 2935 corripiuntur,
852 2879 1008 2935 quam
1036 2863 1163 2919 ferae
1188 2882 1203 2930 ;
1233 2872 1392 2933 atque
1416 2864 1800 2921 obtrectatione
1829 2867 2017 2936 magis,

441 2973 594 3028 quam
619 2957 708 3012 alii
737 2956 1130 3012 laudationibus
1158 2955 1510 3012 delectantur.
1546 2958 1869 3013 Paanitentia
1915 2959 2018 3013 ista

440 3065 544 3106 non
575 3059 693 3105 sunt
735 3068 748 3104 :
780 3049 1107 3120 ptenitentiaa
1135 3049 1281 3105 larva
1327 3057 1486 3120 atqne
1512 3050 1698 3106 umbra
1738 3052 1840 3105 ista
1869 3060 2013 3115 sunt,

441 3157 544 3196 non
571 3142 901 3211 poenitentia.
931 3140 1012 3196 Ob
1040 3139 1201 3211 idque
1224 3140 1291 3195 ad
1319 3140 1584 3210 ejusmodi
1613 3142 1857 3197 homines
1889 3143 2020 3198 illud

440 3247 694 3302 usurpare
716 3233 860 3298 licet,
889 3231 1079 3287 Videte
1109 3247 1178 3287 ne
1203 3231 1694 3289 circumveniamur
1728 3248 1759 3290 a
1793 3242 1975 3290 satana
2001 3250 2018 3302 ;

439 3339 548 3378 non
595 3324 739 3378 enim
779 3324 893 3395 ejus
921 3315 1270 3394 cogitationes
1297 3325 1622 3394 ignoramus.
1652 3325 1798 3382 Alios
1824 3326 2023 3397 quippe

444 3429 538 3483 per
565 3421 782 3482 peccata
802 3455 816 3481 ,
848 3415 982 3469 alios
1008 3429 1105 3484 per
1134 3414 1505 3484 paenitentiam
1529 3457 1544 3482 ,
1574 3417 1708 3473 alios
1731 3419 1839 3472 alio
1860 3419 2020 3474 modo

446 3503 654 3571 perdit;
681 3504 806 3559 dum
829 3505 1073 3561 videlicet
1113 3520 1209 3561 eos
1235 3503 1439 3560 nullum
1472 3522 1536 3562 ex
1561 3508 1878 3577 pcenitentia
1903 3508 2016 3564 fru-

443 3603 586 3647 ctum
616 3594 888 3663 percipere
916 3596 1060 3652 sinit.
1085 3594 1217 3650 Nam
1246 3610 1368 3651 cum
1411 3597 1728 3667 quibusdam
1757 3609 1908 3654 recta
1933 3601 2018 3654 via

440 3689 734 3758 perniciem
775 3687 964 3748 afferre
997 3693 1222 3762 nequit,
1255 3691 1478 3746 alteram
1507 3691 1645 3746 viam
1677 3691 1804 3758 init,
1838 3692 2020 3763 sicque

439 3792 498 3834 se
520 3789 794 3849 comparat
819 3822 832 3846 ,
864 3790 918 3835 ut
948 3781 1158 3838 labores
1183 3782 1398 3853 quidem
1424 3791 1652 3855 augeat,
1685 3781 1888 3838 fructus
1925 3798 2020 3838 au-

438 3877 544 3923 tem
574 3869 807 3935 adimat,
837 3871 1069 3942 ipsisque
1096 3872 1196 3927 hoc
1236 3873 1596 3943 persuadeat,
1639 3881 1699 3928 ut
1730 3881 2000 3944 tamquam

438 3961 580 4014 omni
607 3975 672 4016 ex
702 3973 852 4032 parte
891 3962 1067 4017 officio
1116 3964 1420 4034 perfuncti,
1471 3964 1676 4035 reliqua
1724 3965 2012 4036 negligant.

438 4050 691 4117 Quocirca
720 4069 784 4110 ne
811 4055 1076 4110 incassum
1107 4058 1353 4127 nosipsos
1380 4071 1663 4124 vexemus,
1695 4057 1915 4114 brevem
1947 4060 2013 4114 ad

440 4140 740 4210 bujusmodi
765 4145 1017 4200 mulieres
1041 4147 1338 4203 orationem
1362 4147 1654 4204 habeamus
1688 4167 1701 4203 :
1732 4151 2014 4204 mulierum

438 4233 577 4287 enim
603 4235 936 4304 potissimum
961 4237 1047 4292 hic
1082 4239 1302 4293 morbus
1321 4249 1425 4293 est.
1447 4239 1770 4294 Praeclarum
1801 4241 2015 4310 quidem

437 4324 540 4380 hoc
562 4341 774 4396 quoque
801 4336 884 4383 est
906 4371 920 4394 ,
952 4332 1094 4401 quod
1128 4344 1268 4384 nunc
1296 4329 1466 4384 facitis
1494 4371 1509 4394 ,
1536 4329 1639 4385 hoc
1666 4339 1750 4385 est
1772 4331 2017 4401 jejunare

436 4425 492 4474 et
537 4417 682 4472 humi
717 4421 914 4476 cubare
959 4437 1022 4477 ac
1049 4423 1286 4477 cinerem
1316 4421 1612 4485 adhibere;
1643 4421 1740 4476 sed
1783 4423 1886 4476 nisi
1913 4423 2016 4479 alia

437 4506 654 4576 insuper
678 4512 1039 4578 accesserint,
1073 4512 1216 4566 nulla
1247 4511 1369 4566 hinc
1396 4511 1598 4566 utilitas
1636 4521 2012 4581 consequetur.

436 4598 680 4656 Ostendit
710 4603 850 4657 Deus
873 4619 978 4672 quo
1011 4613 1169 4676 pacto
1203 4613 1420 4673 peccata
1449 4603 1688 4658 remittat
1722 4621 1734 4657 :
1762 4603 1888 4674 quid
1921 4603 2017 4674 igi-

438 4699 522 4743 tur
549 4691 729 4746 relicta
758 4694 856 4748 hac
885 4694 970 4748 via
991 4695 1210 4750 alteram
1235 4695 1386 4750 vobis
1405 4694 1646 4749 sternitis
1669 4695 1692 4747 ?
1715 4694 2016 4749 Peccarunt

434 4780 701 4848 quondam
747 4782 994 4838 Ninivitae
1023 4825 1042 4851 ,
1067 4800 1238 4854 eaque
1267 4783 1505 4840 fecerunt
1533 4800 1654 4855 qua:
1682 4800 1775 4840 vos
1802 4801 2014 4856 quoque

434 4886 576 4927 nunc
610 4872 778 4928 facitis
805 4891 818 4939 ;
851 4874 945 4929 Sed
977 4874 1250 4930 videamus
1278 4875 1536 4944 quidnam
1568 4875 1699 4944 ipsis
1729 4876 2011 4930 utilitatem

432 4962 686 5017 attulerit.
715 4964 1168 5031 Quemadmodum
1199 4967 1342 5020 enim
1387 4964 1578 5019 medici
1606 4966 1822 5035 aegrotis
1846 4968 2012 5021 multa

431 5053 645 5122 quidem
665 5055 899 5109 remedia
913 5056 1166 5110 adhibent
1190 5073 1202 5118 ;
1236 5054 1330 5109 sed
1353 5055 1441 5124 qui
1467 5056 1642 5123 sagaci
1662 5056 1878 5124 ingenio
1899 5066 2007 5123 est,

431 5159 536 5197 non
570 5144 672 5199 hoc
703 5146 1000 5215 perpendit,
1033 5145 1173 5216 quod
1199 5145 1476 5215 hocatque
1504 5143 1597 5197 illo
1623 5143 2010 5202 medicamento

429 5249 558 5290 usus
579 5237 650 5290 sit
681 5237 727 5291 is
754 5237 842 5307 qui
869 5237 1092 5292 adversa
1131 5237 1437 5291 valetudine
1461 5235 1695 5302 laborat,
1725 5235 1818 5290 sed
1850 5252 2006 5307 quam

431 5329 710 5382 utilitatem
760 5328 885 5383 hinc
924 5329 995 5383 sit
1039 5337 1444 5398 consequutus:
1475 5327 1665 5383 eodem
1715 5328 1873 5384 modo
1920 5330 2008 5387 hic

431 5418 590 5472 etiam
624 5433 710 5472 res
750 5418 1096 5487 expendenda
1125 5425 1228 5472 est.
1269 5417 1532 5486 Quidnam
1572 5416 1736 5488 igitur
1761 5419 2004 5478 barbaris

430 5509 530 5563 illis
557 5512 768 5564 utilitati
809 5510 945 5565 fuit?
974 5510 1292 5565 Vulneribus
1317 5510 1431 5565 suis
1457 5509 1717 5579 jejunium
1741 5512 2004 5572 adhibue-

427 5611 574 5667 runt,
601 5601 747 5656 humi
776 5603 1114 5657 cubationem
1140 5644 1155 5670 ,
1188 5616 1398 5657 saccum
1421 5644 1435 5669 ,
1462 5602 1702 5660 cinerem
1725 5644 1739 5669 ,
1771 5603 1950 5662 ﬂetum
1987 5625 2000 5662 :

429 5692 788 5760 adjunxerunt
810 5697 968 5750 etiam
993 5697 1114 5750 vita:
1142 5698 1508 5760 mutationem.

499 5783 550 5840 6.
589 5784 869 5842 Videamus
897 5789 1051 5859 igitur
1079 5789 1325 5860 quidnam
1353 5789 1540 5850 horum
1567 5793 1848 5852 sanitatem
1875 5793 2003 5865 ipsis

1420 375 1486 438 IN
1523 381 1732 438 EPIST.
1775 381 1817 436 ll
1881 380 1974 434 AD
2013 378 2168 436 COR.
2212 381 2440 439 llOMlL.
2483 385 2572 440 IV.

3584 391 3707 447 126.

2110 496 2368 552 attulerit.
2411 497 2566 554 Unde
2608 506 2785 555 autem
2826 501 2927 558 hoc
2966 502 3233 570 sciemus,
3267 503 3597 574 ἰηᾳυὶεεῖὃὶ
3623 506 3708 561 ad‘

2113 588 2377 645 medicum
2426 591 2782 659 accedamus,
2830 603 2990 665 atque
3043 595 3214 666 ipsum
3260 595 3691 667 interrogemus:

2113 695 2286 750 neque
2309 683 2453 737 enim
2489 683 2541 738 id
2571 698 2668 739 nos
2697 685 2924 751 celabit,
2955 687 3049 742 sed
3078 688 3237 741 etiam
3279 688 3504 743 libenter
3528 689 3692 744 dicet.

2113 769 2224 825 lmo
2269 774 2442 842 potius
2487 789 2552 829 ne
2593 775 2714 845 quis
2760 776 3005 845 ignoret,
3049 787 3140 832 aut
3180 779 3441 840 sciscitari
3470 793 3696 834 necesse

2114 859 2336 928 habeat,
2369 863 2712 933 pharmacum
2740 882 2970 937 quoque,
3003 869 3164 937 quod"
3177 883 3271 924 eos
3300 870 3491 934 erexit,
3526 869 3697 927 literis

2114 953 2404 1007 mandavit.
2433 954 2710 1020 Quodnam
2753 957 2910 1027 igitur
2947 958 3238 1013 istud‘est?
3276 957 3450 1026 Vidit,
3485 962 3695 1031 inquit.

2114 1042 2252 1097 Deus
2288 1044 2423 1113 quod
2455 1062 2719 1101 conversus
2749 1056 2822 1101 est
2849 1050 3188 1118 unusquisque
3215 1067 3247 1103 a
3273 1051 3353 1105 via
3378 1068 3470 1105 sua
3497 1069 3654 1122 prava
3679 1069 3698 1106 :

2114 1143 2161 1187 et
2189 1134 2416 1203 paenituit
2445 1152 2559 1188 eum
2583 1137 2832 1190 malorum
2861 1154 2974 1205 quae
3012 1139 3243 1208 loquutus
3282 1142 3445 1210 fuerat
3472 1152 3528 1195 ut
3555 1143 3698 1210 [ace-

2114 1232 2190 1277 ret
2228 1225 2298 1278 eis
2339 1225 2532 1295 (Iona:
2559 1228 2611 1282 5.
2647 1225 2779 1299 10).
2812 1227 2925 1282 Non
2967 1227 3136 1295 dixit,
3173 1227 3316 1284 Vidit
3351 1229 3614 1300 jejunium
3645 1243 3701 1289 et

2115 1315 2346 1370 cilicium
2375 1331 2435 1370 ac
2462 1318 2718 1373 cinerem.
2750 1319 2859 1374 Nec
2892 1329 3064 1374 tamen
3095 1319 3209 1375 haec
3239 1334 3304 1375 eo
3330 1321 3452 1376 dico
3474 1363 3489 1386 ,
3519 1332 3578 1378 ut
3611 1324 3697 1394 je-

2111 1407 2317 1475 junium
2351 1408 2568 1474 tollam;
2600 1418 2804 1464 avertat
2834 1409 2936 1465 hoc
2965 1410 3139 1474 Deus;
3171 1411 3266 1466 sed
3300 1419 3356 1466 ut
3385 1426 3481 1468 vos
3507 1411 3574 1468 ad
3603 1414 3653 1469 id
3679 1457 3699 1481 ,

2115 1498 2255 1568 quod
2281 1499 2484 1568 jejunio
2510 1501 2849 1570 praestantius
2872 1511 2988 1567 est,
3023 1501 3322 1558 faciendum
3353 1503 3567 1571 horter,
3597 1506 3699 1562 hoc

2116 1601 2242 1654 est,
2288 1599 2348 1645 ut
2393 1590 2461 1645 ab
2507 1592 2652 1646 omni
2697 1591 2828 1647 vitio
2871 1591 3202 1655 abstineatis.
3251 1594 3500 1649 Peccavit
3539 1598 3706 1652 etiam-

2119 1681 2282 1736 David
2312 1699 2324 1736 :
2355 1681 2630 1738 videamus
2658 1682 2819 1754 igitur
2842 1698 2948 1754 quo
2975 1691 3132 1753 pacto
3158 1684 3244 1740 hic
3271 1701 3483 1756 quoque
3523 1689 3698 1757 peni-

2117 1772 2337 1826 tentiam
2361 1772 2546 1842 egerit.
2571 1771 2704 1827 Tres
2725 1780 2865 1827 totos
2885 1773 3001 1828 dies
3026 1774 3078 1828 in
3101 1773 3282 1830 cinere
3305 1776 3444 1830 sedit
3465 1776 3541 1849 (2.
3566 1777 3696 1849 Reg.

2118 1861 2186 1916 12
2206 1862 2245 1932 ).
2277 1861 2348 1916 At
2377 1863 2466 1917 ille
2493 1862 2709 1932 quidem
2741 1862 2842 1919 hoc
2868 1878 2976 1919 non
3005 1864 3074 1920 ob
3100 1877 3373 1935 peccatum
3407 1867 3529 1923 fecit
3554 1909 3571 1936 ,
3603 1871 3714 1926 sed‘

2118 1952 2211 2011 filii
2241 1966 2399 2008 causa
2425 1993 2439 2018 ,
2474 1953 2778 2008 calamitate
2820 1954 3069 2010 nimirum
3111 1956 3286 2012 adhuc
3332 1959 3654 2016 temulentus
3684 1980 3700 2016 :

2119 2053 2393 2114 peccatum
2421 2056 2599 2100 autem
2626 2045 2734 2099 alio
2756 2045 2916 2101 modo
2939 2046 3226 2114 abstersit,
3257 2063 3450 2118 nempe
3475 2066 3571 2121 per
3599 2052 3700 2107 hu-

2120 2136 2421 2202 militatem,
2453 2151 2548 2206 per
2576 2136 2755 2192 cordis
2782 2137 3180 2205 contritionem,
3211 2156 3307 2212 per
3331 2143 3522 2198 animae
3548 2159 3702 2200 com-

2121 2227 2500 2298 punctionem,
2540 2228 2668 2284 dum
2713 2229 2874 2284 etiam
2920 2229 3050 2286 illud
3090 2242 3283 2300 cavet,
3314 2249 3384 2290 ne
3421 2236 3472 2289 in
3512 2237 3703 2292 eadem

2119 2319 2407 2388 relabatur,
2434 2319 2558 2375 dum
2585 2318 2790 2391 pec'cati
2825 2337 3113 2392 numquam
3143 2325 3454 2380 memoriam
3483 2327 3666 2397 abjicit
3684 2372 3702 2394 ,

2120 2409 2248 2466 dum
2289 2411 2556 2466 irruentes
2584 2425 2772 2468 omnes
2812 2411 3131 2469 acerbitates
3166 2425 3320 2485 grato
3353 2417 3532 2471 animo
3559 2417 3664 2473 fert
3686 2461 3712 2486 ,.

2120 2502 2247 2557 dum
2277 2501 2342 2557 iis
2370 2517 2399 2556 a
2428 2503 2622 2573 quibus
2663 2504 2907 2559 molestia
2947 2505 3180 2561 afficitur
3221 2509 3388 2577 parcit
3412 2550 3427 2574 ,
3457 2509 3585 2566 dum
3610 2527 3726 2567 eos,

2121 2594 2211 2663 qui
2253 2593 2351 2664 ipsi
2391 2594 2610 2650 insidias
2637 2603 2826 2664 parant
2864 2611 2970 2650 non
3010 2597 3304 2665 ulciscitur,
3334 2599 3442 2655 imo
3485 2615 3580 2656 eos
3615 2603 3727 2671 qui.

2123 2683 2174 2739 id
2213 2683 2389 2740 facere
2415 2685 2639 2755 cupiunt
2665 2684 2931 2754 prohibet.
2960 2685 3091 2741 Nam
3117 2703 3236 2742 cum
3263 2689 3442 2746 Semei
3469 2706 3591 2747 eum
3619 2693 3706 2747 in-

2123 2775 2360 2831 numeris
2402 2774 2613 2845 probris
2652 2775 2942 2844 obrueret,
2983 2791 3047 2833 ac
3077 2779 3388 2835 militarium
3431 2783 3710 2852 copiarum

2124 2865 2436 2933 prmfectus,
2466 2865 2555 2935 qui
2583 2873 2692 2920 tum
2723 2865 2943 2934 aderat,
2974 2867 3025 2922 id
3055 2868 3274 2940 indigno
3298 2870 3478 2926 animo
3508 2872 3704 2940 ferret,

2126 2956 2335 3013 dicebat
2364 2958 2490 3014 Sine
2516 2959 2661 3013 illum
2692 2959 2816 3013 mihi
2843 2960 3142 3016 maledicere
3166 2979 3186 3016 :
3215 2961 3352 3018 Deus
3379 2965 3512 3019 enim
3541 2965 3636 3020 hoc
3663 2968 3712 3021 et

2129 3048 2362 3117 praecepit
2413 3048 2545 3119 (Id.
2582 3047 2668 3104 l6.
2715 3049 2852 3122 10).
2911 3050 3016 3106 Cor
3065 3051 3260 3123 quippe
3309 3055 3599 3110 contritum
3653 3066 3718 3116 et.

2126 3137 2459 3192 humiliatum
2488 3137 2660 3210 (Psal.
2693 3139 2784 3195 50.
2816 3139 2907 3210 l9)
2936 3139 3184 3209 habebat,
3212 3143 3355 3212 quod
3385 3144 3553 3214 ipsius
3579 3160 3709 3215 pec-

2122 3235 2239 3283 cata
2279 3229 2509 3284 maxime
2546 3229 2888 3300 abstergebat
2920 3249 2935 3286 :
2965 3247 3086 3286 nam
3127 3233 3229 3289 hoc
3269 3234 3535 3291 confessio
3557 3277 3574 3304 ,
3607 3236 3711 3293 hoc

2123 3319 2436 3390 pmnitentia
2463 3328 2564 3374 est.
2596 3320 2750 3387 Quod
2778 3321 2822 3375 si
2849 3321 3153 3392 jejunantes
3177 3326 3481 3394 arrogantia
3508 3326 3711 3382 labore-

2124 3426 2262 3474 mus,
2287 3426 2391 3465 non
2416 3410 2577 3466 modo
2599 3411 2801 3466 nullum
2824 3411 2948 3466 hinc
2968 3413 3410 3483 emolumentum,
3433 3418 3526 3472 sed
3548 3420 3708 3474 etiam

2123 3501 2502 3556 detrimentum
2551 3503 2848 3572 capiemus.
2895 3503 3251 3570 Quamobrem
3284 3514 3338 3560 tu
3374 3522 3585 3578 quoque
3614 3525 3710 3567 cor

2125 3601 2271 3647 tuum
2298 3591 2520 3647 demitte
2543 3633 2559 3656 ,
2586 3601 2647 3646 ut
2680 3593 2847 3647 Beum
2878 3593 3080 3648 allicias
3110 3610 3122 3646 :
3152 3593 3325 3665 Prope
3361 3598 3503 3652 enim
3530 3609 3602 3654 est
3630 3603 3710 3656 his

2122 3686 2208 3754 qui
2238 3683 2474 3738 tribulam
2503 3694 2619 3738 sunt
2647 3683 2844 3756 corde(
2873 3681 3018 3738 Psal.
3051 3685 3140 3741 55.
3170 3685 3239 3740 19
3264 3688 3306 3759 ).
3338 3687 3528 3743 Annon
3560 3691 3710 3748 vides

2122 3775 2393 3847 quomodo
2417 3775 2468 3830 in
2494 3775 2790 3845 Splendidis
2813 3775 3017 3830 uadibus
3043 3776 3100 3840 ii,
3126 3777 3214 3846 qui
3240 3777 3507 3835 dedecore
3530 3780 3710 3838 affecti

2122 3875 2285 3932 sunt,
2314 3881 2434 3922 cum
2464 3866 2626 3922 etiam
2663 3864 2730 3920 ab
2769 3865 2965 3921 intimis
2990 3867 3287 3938 quibusque
3315 3870 3487 3925 servis
3513 3880 3706 3928 contu-

2122 3959 2335 4014 meliam
2375 3958 2682 4028 accipiunt,
2723 3972 2828 4012 non
2873 3968 3050 4014 tamen
3094 3959 3482 4027 colluctentur,
3515 3963 3608 4018 sed
3638 3966 3737 4028 ob;

2122 4048 2392 4104 infamiam
2423 4064 2541 4104 eam
2564 4088 2581 4114 ,
2610 4062 2769 4118 quam
2815 4058 3089 4117 peccatum
3131 4049 3260 4120 ipsis
3297 4051 3522 4118 inussit,
3553 4069 3708 4126 aequo

2121 4143 2299 4196 animo
2333 4140 2386 4195 id
2414 4139 2630 4195 ferant?
2660 4138 2804 4195 Idem
2833 4155 3047 4210 quoque
3087 4147 3143 4194 tu
3183 4141 3346 4196 facias
3376 4159 3389 4194 :
3419 4143 3465 4197 si
3503 4145 3620 4212 quis
3652 4154 3726 4209 ω,

2120 4231 2378 4287 conviciis
2405 4231 2713 4296 insectetur,
2745 4244 2813 4284 ne
2838 4230 3172 4299 exaspereris
3191 4270 3206 4296 ,
3239 4231 3334 4285 sed
3365 4232 3704 4302 ingemiseas,

2121 4339 2226 4378 non
2269 4323 2338 4377 ob
2374 4322 2574 4376 illatam
2619 4319 2711 4374 tibi
2749 4319 3128 4374 contumeliam
3154 4361 3169 4383 ,
3201 4320 3298 4376 sed
3327 4321 3397 4376 ob
3423 4334 3732 4395 peccatum,

2121 4412 2262 4484 quod
2295 4421 2345 4466 te
2373 4411 2427 4465 in
2457 4409 2799 4480 ignominiam
2827 4409 3076 4478 conjecit.
3109 4409 3240 4464 Cum
3275 4414 3582 4481 peccaveris
3620 4416 3705 4468 in-

2120 4505 2353 4575 gemisce
2375 4547 2390 4571 ,
2424 4519 2528 4558 non
2577 4502 2716 4574 quod
2762 4517 2948 4572 poenas
2987 4501 3206 4557 daturus
3249 4504 3323 4558 sis
3347 4545 3361 4570 ,
3395 4505 3525 4560 nihil
3559 4508 3703 4563 enim

2121 4597 2224 4650 hoc
2262 4603 2375 4656 est;
2408 4594 2500 4650 sed
2543 4593 2682 4664 quod
2723 4592 3003 4647 Dominum
3047 4600 3194 4646 tuum
3234 4593 3520 4651 oﬂenderis
3544 4637 3559 4662 ,
3593 4605 3727 4652 tam-

2121 4689 2405 4758 henignum
2431 4729 2445 4755 ,
2478 4694 2584 4740 tam
2615 4693 2666 4740 te
2689 4693 2954 4740 amantem
2979 4724 2994 4747 ,
3025 4693 3130 4741 tam
3157 4684 3387 4761 denique
3411 4687 3568 4744 saluti
3601 4698 3703 4744 tute

2119 4793 2411 4849 appensum
2437 4819 2452 4842 ,
2489 4786 2548 4832 ut
2576 4776 2766 4831 Filium
2799 4788 3009 4845 quoque
3036 4790 3190 4830 suum
3221 4785 3310 4832 tua
3339 4793 3494 4834 causa
3537 4779 3703 4834 tradi-

2119 4873 2277 4927 derit.
2307 4870 2598 4942 lngemisce
2624 4869 2765 4933 ideo,
2792 4883 2963 4938 neque
2988 4884 3234 4939 umquam
3259 4870 3311 4926 id
3333 4870 3508 4927 facere
3535 4872 3701 4931 inter-

2120 4965 2270 5018 mitte
2309 4979 2322 5016 :
2361 4962 2558 5017 etenim
2593 4959 2693 5014 hoc
2717 4959 2930 5016 demum
2971 4969 3056 5016 est
3091 4961 3379 5017 confessio.
3413 4962 3526 5016 Non
3559 4980 3702 5018 nunc;

2117 5054 2334 5118 Ιτριιιπι,
2383 5066 2514 5106 cras.
2549 5058 2725 5105 autem
2769 5059 3019 5106 mmstum
3063 5066 3126 5105 ac
3170 5066 3380 5106 rursum
3424 5051 3603 5108 laetum
3647 5063 3700 5112 te

2119 5146 2328 5215 praebe;
2361 5159 2546 5199 verum
2579 5153 2834 5213 perpetuo
2877 5145 2928 5198 in
2970 5144 3113 5198 luctu
3156 5160 3218 5199 ac
3257 5146 3330 5199 tui
3374 5146 3697 5204 contritione

2116 5253 2291 5293 mane.
2324 5236 2464 5290 Beati
2494 5236 2634 5291 enim
2660 5277 2674 5298 ,
2708 5236 2910 5306 inquit,
2940 5236 3026 5305 qui
3052 5235 3222 5306 lugent
3248 5235 3471 5307 (Manli.
3502 5241 3555 5295 5.
3585 5239 3696 5309 5),

2115 5331 2219 5386 hoc
2243 5339 2354 5395 est,
2384 5327 2476 5399 qui
2502 5325 2713 5381 assidue
2741 5325 2841 5380 hoc
2869 5325 3084 5381 faciunt.
3115 5327 3228 5381 lloc
3256 5342 3467 5398 semper
3497 5331 3655 5382 facias
3675 5371 3691 5392 ,

2117 5424 2317 5492 tibique
2344 5419 2608 5484 attendas,
2636 5433 2706 5473 ac
2729 5429 2910 5486 pectus
2937 5426 3081 5474 tuum
3107 5430 3376 5486 conteras,
3405 5437 3509 5475 non
3537 5433 3693 5474 secus

2116 5531 2179 5570 ac
2219 5514 2262 5568 si
2305 5513 2421 5584 quis
2449 5511 2648 5565 amisso
2678 5510 2786 5564 filio
2816 5511 2968 5565 unice
3011 5525 3137 5565 caro
3167 5513 3219 5565 in
3250 5512 3388 5567 luctu
3425 5519 3688 5564 versetur.

2117 5607 2343 5663 Scindite
2366 5604 2582 5666 etenim,
2608 5603 2796 5674 inquit,
2820 5603 2974 5658 corda
2999 5615 3182 5668 vestra,
3206 5613 3250 5656 et
3277 5619 3378 5655 non
3403 5599 3694 5653 vestimenta

2115 5715 2275 5753 vestra
2299 5697 2456 5769 (Joel.
2487 5695 2540 5750 2.
2573 5696 2686 5766 13).
2719 5694 2870 5762 Quod
2901 5694 3122 5748 fractum
3152 5701 3252 5756 est,
3284 5690 3695 5758 haudquaquam

2116 5808 2171 5847 se
2213 5793 2263 5846 in
2311 5791 2473 5846 altum
2520 5787 2768 5845 extulerit
2806 5803 2817 5839 :
2859 5785 2999 5854 quod
3042 5782 3368 5839 contrarium
3416 5786 3534 5843 est,
3585 5791 3698 5834 non
