4070 6152
410 336 520 406 ηις-ι

415 450 798 523 cxsurrexcrit.
829 446 910 504 0b
935 461 1160 518 eamque
1188 462 1404 504 causam
1433 449 1571 504 alter
1597 449 1707 515 ait,
1741 448 1971 504 Sciudite
1989 489 2006 516 ,

415 540 552 598 alter
589 550 767 596 autem
793 581 810 604 ,
842 535 943 592 Cor
984 538 1254 592 contritum
1291 547 1338 591 et
1367 537 1689 593 humiliatum
1718 536 1858 594 Deus
1906 556 2009 594 non

415 628 655 697 despiciet
682 626 702 699 (
719 626 866 682 I’sal.
895 626 985 682 50.
1020 625 1087 681 19
1108 628 1148 696 ).
1179 626 1291 682 Etsi
1326 628 1544 696 sapiens
1570 643 1630 684 es
1648 669 1663 693 ,
1692 629 1792 684 etsi
1821 628 1968 685 dives
1987 670 2004 698 ,

413 720 512 779 etsi
551 718 799 786 princeps
822 757 837 783 ,
871 726 1058 788 pectus
1097 727 1274 773 tamen
1302 715 1488 772 scinde
1511 759 1530 786 ,
1556 732 1656 773 nec
1696 720 1867 790 ipsum
1899 719 2007 776 alte

410 794 479 866 de
513 822 573 868 se
611 808 814 864 sentire
859 815 1020 880 atque
1060 806 1235 862 inﬂari
1275 808 1413 864 sine.
1443 808 1575 864 Nam
1606 810 1753 882 quod
1778 811 2004 868 scissum

408 904 514 960 est.
539 912 651 955 non
674 897 892 954 inﬂatur
918 916 932 952 :
953 898 1162 954 etiamsi
1187 897 1384 970 aliquid
1412 899 1482 955 sit
1506 915 1536 955 a
1563 916 1669 971 quo
1693 904 2000 972 extollatur,

411 999 586 1047 tamen
615 986 738 1058 quia
765 987 994 1052 scissum
1022 997 1126 1056 est,
1151 987 1480 1045 inflationem
1508 989 1648 1046 ferre
1676 993 1880 1062 nequit.
1912 993 2003 1050 Sic

407 1087 464 1140 tu
493 1093 708 1150 quoque
733 1080 1009 1136 modestia:
1034 1089 1193 1151 atque
1218 1080 1380 1136 animi
1408 1083 1769 1140 summissioni
1799 1086 1954 1142 stude
1983 1105 1998 1141 :

407 1171 538 1234 illud
588 1172 682 1228 tibi
725 1173 780 1227 in
825 1181 1058 1230 mentem
1103 1172 1316 1238 veniat,
1351 1174 1688 1244 publicanum
1727 1177 1798 1231 ob
1835 1193 2000 1234 unum

405 1264 632 1333 verbum
667 1263 1013 1332 justiticatum
1045 1263 1206 1320 fuisse
1236 1263 1548 1344 (Luc.,i8);
1581 1282 1901 1338 quamquam
1932 1284 2001 1325 ne

408 1354 669 1410 modestia
705 1354 918 1426 quidem
953 1363 1070 1410 erat
1098 1355 1184 1410 ilia
1208 1396 1224 1423 ,
1255 1354 1348 1411 sed
1379 1370 1504 1412 vera
1528 1357 1815 1414 confessio.
1845 1359 2000 1430 Quod

406 1431 451 1500 si
479 1445 812 1501 ltoctantam
839 1445 947 1500 vim
979 1445 1161 1512 habet,
1193 1449 1879 1520 quanto,qua:so,majorem
1906 1449 2001 1506 ha-

405 1538 584 1608 bitura.
610 1548 692 1594 est
723 1538 1033 1594 humilitas?
1062 1537 1131 1596 lis
1152 1581 1167 1604 ,
1199 1540 1288 1610 qui
1319 1539 1376 1594 in
1405 1549 1456 1596 te
1485 1541 1842 1613 deliquerint,
1875 1560 1999 1617 pec-

401 1639 524 1683 cata
550 1629 762 1691 remi-tte
792 1650 806 1686 :
835 1644 956 1684 nam
989 1628 1111 1686 hinc
1139 1645 1354 1702 quoque
1379 1640 1602 1702 peccata
1627 1635 1993 1692 remittuntur.

400 1723 480 1792 At:
505 1721 573 1778 de
602 1722 763 1792 priori
790 1723 1006 1794 quidem
1028 1723 1122 1789 ait,
1155 1722 1272 1779 Vidi
1294 1725 1432 1796 quod
1456 1727 1789 1782 ambulaverit
1815 1730 1992 1796 tristis,

400 1821 450 1889 et
486 1815 664 1892 sanari
709 1814 816 1870 vias
849 1818 961 1886 eius
987 1814 1006 1886 (
1029 1814 1157 1871 Isai.
1189 1816 1276 1872 57.
1311 1817 1378 1872 18
1401 1815 1450 1883 );
1479 1827 1532 1873 et
1562 1819 1618 1874 in
1644 1817 1826 1877 Achab
1853 1820 1994 1878 istud

403 1906 496 1962 Dei
525 1907 661 1962 iram
685 1907 900 1963 sustulit
931 1909 1006 1979 (3.
1037 1906 1165 1979 Reg.
1194 1906 1325 1978 Si):
1354 1908 1422 1964 de
1449 1911 1746 1978 posteriore
1772 1921 1949 1986 autem
1973 1954 1989 1980 ,

399 1996 652 2053 Dimittite
675 2040 692 2064 ,
721 2007 769 2053 et
796 1998 1077 2063 dimittetur
1104 1999 1241 2054 vobis
1262 1999 1281 2072 (
1302 1997 1431 2055 Luc.
1461 2001 1513 2056 6.
1545 2001 1611 2058 '57
1631 2001 1672 2072 ).
1708 2001 1805 2056 Est
1829 2003 1990 2058 etiam

400 2091 503 2145 alia
531 2090 637 2158 via,
663 2089 762 2146 hoc
791 2089 1134 2160 pltarmacum
1165 2092 1321 2147 nobis
1343 2095 1542 2157 ferens,
1569 2093 1832 2148 scelerum
1856 2108 1988 2148 con-

398 2181 674 2242 demnatio
699 2198 714 2235 :
743 2180 839 2234 Dic
865 2181 998 2235 enim
1038 2191 1091 2235 tu
1127 2183 1267 2252 prior
1293 2183 1578 2251 iniquitates
1606 2192 1718 2237 tuas
1736 2225 1752 2249 ,
1781 2184 1987 2254 inquit,

396 2284 454 2328 ut
469 2275 771 2346 justiﬁceris
795 2273 947 2345 (Isai.
978 2275 1068 2330 45.
1095 2275 1210 2345 26).
1243 2275 1373 2330 Illud
1406 2275 1530 2330 item
1563 2287 1783 2346 peccata
1809 2275 1985 2344 delet,

395 2348 440 2444 si
484 2365 788 2422 calamitate
825 2365 1049 2423 affectus
1079 2367 1275 2437 gratias
1304 2381 1468 2437 agas;
1498 2375 1553 2422 et
1582 2382 1702 2437 qua:
1740 2367 1988 2424 onmibus

393 2458 701 2531 antecellit,
730 2460 1090 2529 elccmosyna.
1124 2457 1354 2513 Numera
1386 2459 1543 2530 igitur
1573 2459 1830 2522 remedia,
1863 2459 1984 2528 qui-

395 2548 499 2604 bus
537 2550 757 2604 vulnera
801 2560 887 2604 tua
930 2559 1187 2604 s:manlur
1219 2568 1233 2606 :
1261 2559 1423 2621 atque
1445 2551 1622 2610 omnia
1651 2551 1984 2608 continenter

393 2639 987 2710 impone,humilitatem
1010 2657 1220 2712 nempe.
1235 2641 1649 2709 confessionem,
1671 2642 1981 2712 injuriarum

395 2731 716 2806 oblivionem
743 2775 759 2801 ,
786 2734 1076 2804 gratiarum
1106 2733 1373 2790 actionem
1413 2733 1467 2790 in
1507 2733 1669 2790 rebus
1699 2732 1938 2788 adversis
1959 2771 1976 2799 ,

1160 335 1217 393 8.
1257 335 1533 393 JOANNIS
1570 335 2045 396 CIIRYSOSTOMI
2085 339 2397 398 ARCHIEP.
2439 343 2972 408 CONS'l-‘ANTINOP’.

3595 348 3704 407 £98

2113 449 2532 512 misericordiam
2565 458 2618 512 in
2660 459 2909 530 juvandis
2948 470 3053 516 tam
3085 462 3308 530 pecunia
3337 476 3499 534 quam
3525 466 3700 525 studio

2111 555 2271 617 atque
2297 547 2473 604 ofﬁcio
2512 551 2767 619 proximis
2791 592 2807 616 ,
2847 553 3025 608 ﬁrmas
3063 552 3293 623 denique
3325 570 3388 611 ac
3415 558 3700 617 continuas

2111 651 2318 708 preces.
2342 637 2429 695 Sic
2451 641 2603 697 vidua
2629 643 2719 698 illa
2741 644 2986 700 immanis
3007 645 3150 701 illius
3171 655 3226 702 et
3245 648 3482 706 crudelis
3501 653 3699 720 judicis

2109 728 2345 785 animum
2381 731 2642 802 mitigavit
2671 734 2690 803 (
2717 731 2848 788 Luc.
2877 735 2947 790 18
2968 735 3011 803 ).
3040 735 3192 804 Quod
3219 737 3264 791 si
3295 737 3384 794 illa
3417 739 3653 810 iniquum
3679 786 3694 810 ,

2108 831 2306 891 quanto
2346 823 2514 894 magis
2554 833 2608 878 tu
2637 833 2972 880 mansuetum
2999 841 3061 881 ac
3091 827 3347 883 facilem?
3385 829 3483 885 Est
3511 842 3564 888 et
3592 835 3694 890 alia

2107 923 2301 982 prmter
2338 927 2430 969 ens
2450 953 2464 977 ,
2496 929 2629 984 quas
2657 917 3227 983 commemoravimus,
3261 919 3374 985 via,
3407 937 3602 992 nempe
3626 915 3714 980 iis'

2105 1004 2194 1074 qui
2225 1003 2416 1074 injuria
2444 1005 2749 1061 afﬁciuntur
2768 1047 2784 1072 ,
2813 1008 3063 1078 praesidio
3088 1023 3214 1064 esse
3238 1028 3250 1064 :
3278 1008 3514 1066 Judicate
3541 1015 3686 1069 enim

2104 1094 2319 1163 pupillo,
2348 1094 2538 1164 inquit,
2567 1105 2615 1150 et
2639 1097 2842 1151 viduam
2861 1099 3140 1168 justi/icate
3161 1114 3186 1154 .°
3202 1110 3247 1154 et
3272 1101 3427 1155 venite
3449 1111 3494 1155 et
3515 1105 3687 1175 dispu-

2104 1193 2262 1239 temus
2285 1201 2304 1237 :
2324 1195 2372 1239 et
2393 1187 2438 1240 si
2462 1187 2650 1257 fuerint
2671 1197 2877 1256 peccata
2898 1199 3059 1243 vestra
3083 1191 3210 1244 sicut
3230 1193 3484 1248 coccinum
3504 1235 3518 1259 κ
3539 1195 3684 1262 quasi

2102 1274 2265 1329 nivem
2301 1291 2362 1330 ea
2403 1275 2645 1332 dealbabo
2677 1275 2847 1349 (Isai.
2880 1279 2934 1335 1.
2976 1280 3062 1334 16.
3093 1279 3224 1352 17).
3255 1282 3493 1348 Quanam
3523 1299 3684 1353 porro

2101 1368 2445 1425 excusatione
2472 1369 2618 1441 digni
2649 1371 2849 1427 erimus
2871 1412 2887 1439 ,
2919 1373 2965 1428 si
2994 1388 3115 1429 cum
3150 1384 3226 1430 tot
3254 1377 3364 1431 vias
3395 1375 3688 1436 habeamus

2099 1477 2203 1519 nos
2235 1463 2290 1518 in
2329 1463 2520 1520 caelum
2560 1464 2925 1522 subvehentes
2946 1507 2962 1533 ,
2993 1483 3114 1523 cum
3153 1477 3226 1524 tot
3254 1470 3540 1540 pharmace
3567 1487 3687 1542 qua

2098 1553 2407 1609 vulneribus
2435 1554 2784 1622 medeantur,
2811 1557 2971 1613 etiam
3003 1567 3124 1627 post
3155 1558 3478 1630 baptismum
3508 1562 3558 1616 in
3588 1563 3684 1618 iis-

2098 1645 2221 1703 dem
2246 1646 2368 1702 vita:
2392 1647 2582 1703 studiis
2607 1651 3046 1717 perseveremus?
3070 1649 3167 1716 Ne,
3197 1667 3407 1722 quaeso,
3430 1669 3682 1723 perseve-

2098 1752 2310 1802 remus,
2339 1753 2524 1793 verum
2551 1738 2588 1794 ii
2614 1739 2827 1810 quidem
2849 1781 2865 1807 ,
2895 1740 2983 1810 qui
3015 1740 3249 1796 nondum
3280 1742 3413 1812 lapsi
3440 1754 3598 1811 sunt,
3629 1745 3681 1800 in

2096 1844 2192 1884 sua
2225 1829 2616 1900 pulchritudine
2642 1838 2911 1900 perstent,
2940 1831 3049 1886 imo
3081 1846 3198 1888 eam
3226 1834 3394 1903 magis
3420 1849 3483 1889 ac
3513 1837 3682 1906 magis

2096 1923 2341 1977 excolam
2367 1923 2529 1992 (nam
2569 1922 2778 1977 etiamsi
2825 1923 3078 1992 praeclara
3118 1923 3233 1979 bare
3258 1925 3440 1980 ofﬁcia
3463 1937 3678 1995 peccata

2095 2012 2237 2068 nulla
2276 2012 2587 2082 reperiant,
2619 2013 3022 2069 cumulatiorem
3051 2022 3197 2070 certe
3225 2015 3674 2086 pulchritudinem

2092 2102 2374 2174 reddunt):
2399 2117 2498 2158 nos
2515 2117 2666 2169 vero,
2691 2104 2779 2173 qui
2805 2114 3018 2174 peccata
3039 2105 3203 2159 multa
3226 2109 3676 2177 perpetravimus,

2091 2196 2158 2252 ad
2187 2195 2575 2252 correctionem
2608 2210 2670 2250 ea
2705 2210 2822 2266 qua:
2849 2196 3082 2253 diximus
3107 2198 3455 2255 adhibeamus
3481 2217 3499 2256 :
3526 2211 3583 2256 ιιι
3608 2202 3676 2257 ad

2089 2286 2288 2343 Christi
2329 2286 2558 2342 tribunal
2588 2301 2708 2341 cum
2737 2301 2926 2356 magna
2965 2287 3159 2344 ﬁducia
3185 2289 3490 2358 adstemus;
3523 2293 3680 2363 cujus

2091 2385 2290 2440 utinam
2321 2397 2419 2438 nos
2448 2397 2635 2438 omnes
2677 2383 2965 2452 participes
3003 2385 3204 2450 simus,
3238 2401 3334 2455 per
3369 2389 3589 2457 gratiam
3616 2398 3670 2443 et

2088 2475 2466 2546 benignitatem
2509 2473 2718 2528 Domini
2762 2475 2930 2528 nostri
2971 2473 3099 2530 Jesu
3138 2473 3336 2531 Christi
3361 2518 3376 2542 ,
3405 2493 3523 2532 cum
3560 2493 3669 2548 quo

2087 2567 2231 2624 Patri
2275 2577 2330 2622 ct
2371 2565 2588 2636 Spiritui
2628 2573 2815 2622 sancto
2857 2564 3022 2635 gloria
3046 2605 3066 2632 ,
3097 2566 3376 2637 imperium
3401 2610 3416 2634 ,
3461 2573 3673 2636 honor,

2085 2674 2227 2716 nunc
2251 2668 2304 2716 et
2332 2671 2577 2728 semper,
2610 2664 2666 2712 et
2695 2657 2749 2712 in
2775 2655 2972 2712 szecula
2997 2657 3336 2714 saeculorum.
3367 2660 3561 2716 Amen.

1801 2933 2144 3000 HOMILIA
2205 2929 2282 2990 V.

387 3086 515 3140 Car.
553 3082 608 3138 2.
637 3099 688 3137 v.
730 3083 819 3138 12.
860 3082 987 3137 Cum
1011 3091 1179 3137 autem
1207 3082 1449 3137 venissem
1473 3081 1724 3136 Troadem
1762 3088 1972 3152 propter

454 3175 768 3246 evangelium
796 3174 984 3230 Christi
1008 3217 1022 3240 ,
1047 3184 1100 3228 et
1125 3174 1311 3229 ostium
1349 3172 1473 3227 mihi
1492 3181 1726 3244 apertum
1751 3179 1876 3226 esset
1916 3171 1970 3224 in

453 3266 677 3322 Domino
699 3309 716 3335 ,
766 3268 853 3324 15.
899 3282 1001 3322 non
1029 3267 1182 3321 habui
1211 3269 1433 3334 requiem
1478 3265 1683 3335 spiritui
1711 3280 1820 3318 meo
1849 3303 1866 3332 ,
1912 3279 1969 3318 eo

412 3423 416 3432 ι
451 3344 714 3428 quodnon
741 3357 1015 3412 invenerim
1039 3355 1213 3411 Titum
1237 3355 1450 3426 fratrem
1478 3370 1666 3412 meum.

454 3452 507 3504 1.
534 3448 662 3506 llaec
685 3448 898 3520 quidem
929 3447 1090 3503 verba
1118 3447 1332 3518 indigna
1355 3445 1522 3501 Paulo
1549 3459 1672 3500 esse
1697 3445 1966 3509 videntur,

382 3556 576 3611 nempe
601 3541 742 3612 quod
771 3540 847 3596 ob
863 3540 1043 3596 fratris
1068 3539 1368 3594 absentiam
1399 3545 1601 3593 tantam
1628 3537 1817 3591 salutis
1840 3534 1969 3590 aﬁ‘e-

380 3613 562 3688 renda:
588 3632 932 3688 occasionem
968 3629 1246 3699 abjecerit.
1289 3629 1372 3684 Ac
1413 3635 1674 3698 przcterea
1716 3624 1966 3680 videntur

381 3726 480 3780 ista
510 3738 617 3779 non
647 3724 776 3778 satis
815 3737 935 3778 cum
964 3721 1231 3794 prioribus
1261 3720 1556 3776 cohaerere.
1594 3718 1732 3787 Quid
1764 3717 1968 3788 igitur?

379 3813 541 3866 vultis
569 3823 626 3866 ut
652 3813 796 3882 prius
828 3810 1132 3878 ostendam,
1156 3825 1280 3865 eum
1310 3809 1445 3864 nihil
1476 3811 1656 3878 seipso
1687 3807 1965 3878 indignum

380 3901 625 3960 dixisse?
657 3908 750 3954 aut
774 3900 890 3955 haec
919 3898 987 3954 ad
1013 3900 1214 3956 seriem
1241 3899 1546 3968 quadrare?
1592 3898 1711 3954 Meo
1750 3898 1966 3969 quidem

377 3991 582 4062 judicio
609 3989 777 4046 satius
806 3989 964 4044 fuerit
987 4029 1005 4056 ,
1047 3989 1312 4059 posterius
1339 3989 1521 4060 priore
1551 3988 1668 4044 loco
1709 3989 1966 4045 demons-

381 4092 525 4138 trare
553 4101 566 4136 :
591 4081 670 4136 sic
695 4079 840 4134 enim
867 4077 1096 4132 alterum
1125 4091 1335 4148 quoque
1361 4077 1566 4134 facilius
1596 4092 1660 4132 ac
1682 4077 1966 4134 dilucidius

380 4171 563 4227 fuerit.
609 4169 889 4238 Quomodo
916 4169 1077 4240 igitur
1107 4167 1221 4223 hanc
1247 4182 1370 4223 cum
1397 4168 1764 4239 superioribus
1787 4168 1966 4224 colue-

378 4261 544 4320 rcnt?
583 4262 676 4318 llla
707 4262 827 4336 ipsa
851 4259 909 4321 in
937 4258 1252 4314 memoriam
1297 4258 1602 4330 redigamus
1627 4301 1644 4328 ,
1683 4268 1845 4330 atque
1891 4260 1962 4314 ita

375 4353 516 4410 istud
548 4353 925 4424 intelligemus.
975 4352 1231 4420 Quaenam
1265 4351 1424 4422 igitur
1455 4350 1542 4406 illa
1593 4351 1786 4406 erant?
1830 4349 1963 4419 Qua:

374 4446 534 4502 initio
563 4446 814 4514 dicebat,
858 4444 999 4500 Nolo
1029 4462 1115 4501 vos
1134 4447 1373 4516 ignorare
1395 4444 1459 4499 de
1484 4445 1807 4500 tribuiatioue
1847 4461 1962 4518 qute

374 4539 516 4607 facta
540 4545 616 4590 est
638 4535 854 4591 nobisin
884 4535 1006 4590 Asia
1030 4577 1045 4603 ,
1075 4535 1314 4604 quoniam
1341 4551 1498 4604 supra
1525 4535 1731 4589 modum
1764 4536 1962 4606 gravati

370 4643 551 4690 sumus
591 4643 747 4697 supra
785 4626 1036 4685 uirtutem.
1101 4625 1295 4682 Postea
1359 4633 1537 4679 autem
1591 4625 1682 4679 ubi
1728 4625 1962 4680 ostendit

371 4715 644 4786 quomodo
691 4716 946 4770 liberatus
989 4716 1091 4782 sit,
1141 4730 1311 4785 eaque
1340 4729 1460 4785 qua:
1505 4714 1558 4770 in
1608 4714 1786 4770 medio
1835 4725 1959 4772 sunt

369 4806 658 4877 interjecit,
708 4805 1013 4862 necessario
1065 4821 1251 4862 rursus
1300 4805 1461 4861 docet
1503 4821 1562 4861 se
1601 4805 1706 4861 alio
1749 4821 1958 4878 quoque

371 4895 534 4951 modo
549 4895 802 4952 afflictum
825 4893 1008 4950 fuisse.
1031 4893 1133 4962 Qui
1162 4895 1374 4951 tandem
1407 4894 1580 4950 istud?
1605 4895 1759 4966 Quod
1780 4896 1956 4952 Titum

368 5003 478 5043 non
503 4988 786 5044 invenerit.
815 4986 1027 5046 Etenim
1057 4987 1198 5042 istud
1225 4987 1439 5058 quidem
1468 5003 1631 5060 grave
1660 4998 1764 5056 est,
1796 4998 1956 5061 atque

367 5080 436 5136 ad
485 5080 937 5140 consternandum
985 5079 1226 5136 animum
1267 5096 1512 5152 magnam
1543 5082 1651 5137 vim
1698 5081 1954 5150 habens,

367 5188 563 5242 nempe
594 5173 917 5229 tentationes
949 5173 1132 5229 subire
1162 5189 1176 5228 :
1207 5181 1262 5228 at
1292 5188 1413 5228 cum
1458 5173 1608 5229 deest
1638 5175 1728 5245 qui
1756 5189 1952 5230 conso-

368 5265 511 5320 letur
531 5265 905 5334 sarcinamquc
936 5281 1038 5319 una
1072 5264 1297 5320 suﬁ’erre
1324 5273 1508 5336 queat,
1537 5273 1648 5319 tum
1675 5265 1846 5334 major
1871 5275 1955 5320 est

367 5365 681 5427 tempest-as.
710 5354 861 5410 Titus
894 5370 1052 5425 porro
1082 5356 1196 5424 ipse
1221 5366 1304 5412 est
1327 5398 1341 5423 ,
1383 5371 1544 5426 quem
1587 5355 1720 5412 infra
1751 5356 1818 5410 ab
1846 5356 1950 5412 illis

365 5445 431 5500 ad
459 5461 517 5502 se
547 5445 758 5500 vcnisso
799 5443 965 5500 refert
987 5486 1003 5512 ,
1032 5454 1085 5500 et
1110 5445 1178 5501 de
1207 5461 1314 5516 quo
1339 5447 1536 5501 multas
1573 5461 1636 5502 ac
1663 5446 1953 5516 praeclaras

366 5539 552 5596 laudes
577 5545 842 5605 recenset,
871 5553 1137 5610 quemque
1163 5553 1193 5593 a
1221 5554 1279 5594 se
1309 5540 1531 5595 missum
1556 5555 1677 5595 esse
1711 5539 1948 5596 dicebat.

366 5631 438 5690 Ut
458 5631 703 5688 ostendat
729 5645 858 5703 ergo
881 5645 939 5686 se
961 5631 1197 5702 ipsorum
1219 5646 1381 5688 causa
1409 5632 1546 5688 hanc
1569 5647 1780 5702 quoque
1809 5631 1948 5687 afﬂi-

365 5723 597 5784 «ιίειιριη
626 5723 854 5799 subiisse
877 5765 893 5796 ,
926 5722 1008 5781 his
1039 5723 1214 5785 verbis
1244 5739 1373 5783 usus
1420 5731 1520 5780 est.
1567 5722 1720 5803 Quod
1764 5726 1941 5798 itaque

2078 3071 2196 3130 haec
2250 3067 2412 3124 verba
2466 3065 2689 3137 pulchre
2735 3065 2870 3121 cum
2904 3066 3270 3135 superioribus
3311 3069 3612 3127 cohaereant
3642 3113 3658 3139 ,

2076 3162 2202 3218 hinc
2231 3159 2512 3232 perspicue
2541 3166 2725 3228 patet;
2753 3155 2895 3228 quod
2925 3167 3103 3213 autem
3127 3159 3292 3215 Paulo
3315 3177 3421 3216 non
3446 3162 3656 3234 indigna

2073 3254 2181 3310 sint
2203 3294 2218 3318 ,
2254 3250 2304 3307 id
2325 3265 2538 3322 quoque
2567 3249 2782 3319 plamnn
2813 3247 2992 3305 facere
3019 3251 3280 3307 conabor.
3312 3251 3492 3325 Neque
3515 3257 3660 3311 enim

2074 3342 2176 3398 hoc
2205 3341 2335 3397 dicit
2363 3382 2378 3408 ,
2410 3339 2554 3410 quod
2581 3338 2685 3393 Titi
2722 3338 2964 3394 absentia
3009 3353 3196 3395 eorum
3219 3382 3236 3408 ,
3282 3343 3373 3412 qui
3403 3342 3469 3399 ad
3501 3344 3657 3400 ﬁdem

2072 3433 2346 3491 accessuri
2372 3439 2560 3499 erant,
2600 3431 2759 3487 saluti
2802 3445 3009 3487 moram
3057 3433 3333 3502 attulerit,
3361 3441 3485 3492 ‘nec
3521 3439 3662 3510 quod

2073 3537 2356 3598 prepterea
2387 3539 2481 3580 eos
2507 3523 2597 3594 qui
2643 3523 2805 3578 ﬁdem
2833 3534 3182 3595 susceperant
3227 3531 3616 3600 contempserit
3643 3571 3663 3599 ,

2072 3615 2169 3670 sed
2197 3615 2342 3686 quod
2371 3614 2609 3683 requiem
2641 3627 2746 3668 non
2776 3611 3043 3680 habuerit,
3092 3615 3193 3670 hoc
3217 3625 3301 3671 est
3328 3657 3344 3683 ,
3384 3619 3456 3673 ob
3484 3619 3666 3677 fratris

2070 3705 2368 3759 absentiam
2396 3704 2451 3759 in
2475 3703 2764 3759 afflictione
2787 3718 2852 3759 ac
2876 3703 3066 3760 dolore
3100 3715 3344 3764 versatus
3371 3709 3441 3762 sit
3469 3726 3484 3775 ;
3532 3709 3659 3766 hinc

2071 3797 2320 3852 nimirum
2356 3795 2647 3852 ostendens
2686 3797 2872 3866 quanti
2917 3800 3176 3854 momenti
3220 3801 3290 3853 sit
3332 3800 3512 3857 fratris
3560 3803 3663 3858 ab-

2071 3888 2278 3953 sentia;
2305 3896 2465 3957 atque
2495 3887 2793 3942 ideoillinc
2820 3889 3134 3944 excesserit.
3170 3888 3311 3956 Quid
3328 3900 3506 3947 autem
3537 3893 3661 3950 haec

2069 3977 2232 4032 verba
2276 3977 2377 4032 sibi
2423 3977 2646 4045 volunt,
2695 3975 2823 4032 Cum
2864 3980 3108 4034 venissem
3156 3976 3403 4034 Troadem
3447 3993 3656 4053 propter

2068 4069 2422 4139 evangelium?
2450 4067 2565 4125 Non
2591 4110 2606 4135 ,
2635 4070 2846 4140 inquit,
2894 4079 3095 4126 temere
3120 4085 3186 4127 eo
3213 4071 3481 4142 profectus
3508 4091 3654 4146 sum,

2067 4159 2162 4216 sed
2194 4169 2250 4216 ut
2280 4160 2649 4232 praedicarem.
2693 4159 2762 4216 Et
2799 4169 2976 4216 tamen
3006 4162 3132 4218 licet
3162 4177 3226 4218 ea
3269 4162 3338 4219 de
3381 4179 3542 4220 causa
3585 4181 3656 4222 eo

2066 4265 2154 4306 me
2201 4253 2546 4308 contulissem
2575 4293 2590 4320 ,
2649 4265 2714 4308 ac
2780 4253 3070 4310 maximum
3117 4269 3254 4325 opus
3290 4258 3657 4326 reperisscm;

2069 4345 2269 4400 Ostium
2313 4346 2458 4402 enim
2507 4347 2633 4400 mihi
2681 4354 2913 4416 apertum
2957 4355 3082 4401 esset
3122 4347 3176 4402 in
3217 4345 3441 4404 Domino
3465 4367 3486 4416 ;
3532 4349 3656 4406 Non

2065 4439 2218 4493 habui
2240 4440 2478 4509 requiem,
2499 4439 2694 4509 inquit:
2713 4438 2923 4494 tametsi
2953 4455 3058 4494 non
3082 4451 3368 4511 propterea
3389 4457 3524 4512 opus
3547 4443 3649 4498 im-

2065 4530 2299 4600 peditum
2327 4529 2505 4584 fuerit.
2549 4528 2658 4584 Cur
2686 4545 2813 4601 ergo
2843 4529 3012 4598 dicit,
3042 4531 3129 4586 15.
3169 4530 3489 4602 Valefaciens
3532 4535 3604 4588 eis
3630 4575 3647 4602 ,

2063 4619 2216 4674 abii?
2254 4621 2366 4676 Hoc
2393 4629 2476 4676 est
2499 4661 2514 4683 ,
2562 4635 2674 4690 pra:
2719 4621 2884 4676 animi
2915 4623 3158 4692 angustia
3207 4637 3270 4678 ac
3309 4623 3496 4680 dolore
3540 4641 3646 4681 non

2062 4705 2335 4768 diuturno
2367 4722 2608 4783 tempore
2655 4713 2764 4768 illic
2809 4723 3048 4768 moratus
3091 4727 3231 4768 sum.
3277 4717 3355 4770 Ac
3420 4715 3647 4771 fortasse

2062 4803 2220 4857 etiam
2245 4803 2384 4857 iliius
2411 4803 2650 4859 absentia
2668 4804 2881 4875 negotio
2903 4803 3343 4874 impedimentum
3371 4803 3644 4860 afferebat.

2061 4895 2175 4952 Hoc
2205 4911 2365 4967 porro
2392 4911 2499 4952 non
2526 4912 2705 4967 parva:
2730 4911 2942 4967 quoque
2969 4896 3330 4951 consolationi
3353 4897 3480 4967 ipsis
3507 4906 3641 4951 erat.

2059 4987 2190 5043 Nam
2219 4988 2284 5052 si,
2323 5001 2446 5042 cum
2475 4987 2617 5042 fores
2650 4987 2756 5041 illic
2785 4995 2986 5057 aperta:
3015 4995 3221 5054 essent,
3250 4995 3410 5056 atque
3435 4987 3503 5042 ob
3526 5001 3643 5041 eam

2058 5094 2274 5135 causam
2301 5080 2581 5146 venisset,
2606 5079 2857 5148 quoniam
2882 5078 3103 5134 fratrem
3132 5094 3237 5135 non
3267 5079 3492 5143 invenit,
3517 5093 3645 5133 con-

2057 5171 2235 5227 festim
2261 5171 2542 5236 abscessit,
2559 5171 2728 5225 multo
2745 5171 2949 5240 aequius
2969 5181 3072 5236 est,
3087 5170 3280 5241 inquit,
3299 5186 3392 5226 vos
3411 5171 3642 5240 negotio-

2056 5279 2174 5318 rum
2205 5263 2464 5334 angustiis
2491 5277 2554 5316 ac
2586 5260 2992 5316 necessitatibus
3023 5261 3303 5334 ignoscere
3323 5304 3340 5327 ,
3385 5277 3505 5331 quae
3547 5273 3645 5314 nos

2055 5369 2482 5426 quaquaversum
2521 5361 2684 5424 agunt
2703 5368 2765 5407 ac
2780 5353 3167 5423 circumagunt,
3185 5367 3283 5407 nec
3303 5352 3369 5406 ad
3395 5367 3490 5406 eos
3510 5365 3644 5422 quos

2058 5442 2300 5502 Volumus
2317 5445 2576 5500 arbitratu
2595 5455 2781 5500 nostro
2799 5445 3085 5516 proﬁcisci,
3099 5460 3160 5499 ac
3177 5444 3377 5499 diutius
3393 5444 3702 5522 apo/tidem
3715 5491 3826 5506 an,
3849 5510 3852 5511 ν

2053 5537 2252 5592 morari
2283 5537 2484 5592 sinunt.
2521 5535 2674 5592 Unde
2699 5537 2883 5603 etiam,
2910 5546 2969 5593 ut
2995 5551 3152 5606 supra
3189 5522 3526 5604 spirituifita
3553 5535 3643 5590 hic

2053 5643 2266 5700 quoque
2305 5629 2415 5684 Deo
2457 5629 2920 5700 peregrinationes
2963 5643 3087 5686 suas
3125 5626 3478 5696 adscribens,
3523 5626 3642 5682 haec

2052 5721 2322 5796 subiungit
2344 5740 2355 5778 :
2377 5722 2459 5780 M.
2485 5721 2587 5780 Deo
2605 5732 2773 5780 autem
2794 5723 3001 5797 gratias,
3026 5724 3114 5794 qui
3139 5735 3339 5792 semper
3356 5718 3648 5795 triumphat
