4070 6152
365 236 476 297 1129

363 352 445 425 μὴ
483 349 613 424 δόξῃ
644 347 1005 421 ὀλοφύρεσθαι
1050 346 1228 402 ταῦτα
1268 347 1445 417 λέγων
1464 388 1480 413 ,
1507 347 1726 416 ἐπάγει,
1755 349 1838 403 ὅτι
1857 351 1933 404 Οὐ

365 446 528 515 μόνον
571 460 674 497 ουκ
703 439 982 510 ἀλγοῦμεν
1031 440 1091 492 ὲν
1118 441 1240 502 ταῖς
1271 438 1486 509 θλίψεσι
1523 441 1774 506 ταύταις,
1798 441 1937 498 ἀλλά

364 538 462 588 καὶ
498 534 759 605 χαίρομεν
788 547 803 561 ο
840 530 934 584 καὶ
976 529 1038 583 τὸ
1083 527 1272 600 μεῖζον
1296 569 1311 596 ,
1363 532 1424 584 οὐ
1481 531 1593 586 τῶν
1631 532 1936 603 μελλόντων

360 626 547 679 ῑνεκεν
585 621 745 692 μόνον
775 618 1047 683 ἐπάθλων,
1079 618 1218 675 ἀλλά
1250 620 1345 673 καὶ
1381 621 1561 676 αὐτῶν
1587 622 1701 677 τῶν
1735 624 1938 695 παρόν-

358 733 470 770 των
495 729 509 744 ·
543 714 638 771 καὶ
670 713 779 783 γὰρ
805 710 1040 766 ἐνταῦθά
1067 711 1237 783 ἐσμεν
1257 711 1503 785 λαμπροὶ
1526 715 1591 768 ὲκ
1611 715 1816 769 τούτων
1841 716 1937 771 καὶ

358 806 701 876 περιφανεῖς.
723 801 991 857 Τοσοῦτον
1012 802 1198 857 τοίνυν
1231 803 1515 876 ἀπέχομεν
1543 804 1638 859 τοῦ
1674 805 1893 879 θρηνεῖν
1915 846 1933 873 ,

359 899 443 951 ὅτι
472 896 569 950 xal
606 892 875 967 θρίαμϐον
906 892 968 947 τὸ
1011 886 1247 966 πρᾶγμα
1269 894 1565 966 καλοῦμεν,
1601 896 1698 949 καὶ
1735 897 1936 965 ἐγκαλ-

356 985 714 1057 λωπιζόμεθα
753 986 867 1048 τοῖς
933 985 1260 1056 γινομένοις.
1284 987 1376 1041 Διὸ
1407 987 1507 1041 καὶ
1538 986 1715 1057 ἔλεγε,
1752 986 1836 1053 Τῷ
1865 988 1935 1045 δὲ

359 1079 485 1146 Θεῷ
514 1077 689 1148 χάρις
716 1076 798 1143 τῷ
816 1075 1076 1131 πάντοτε
1104 1074 1264 1147 ἡμᾶς
1298 1079 1703 1148 θριαμϐεύοντι
1728 1094 1745 1110 ⁶
1770 1097 1931 1133 τουτο

353 1173 511 1236 ἐστι,
575 1168 659 1240 τῷ
705 1169 843 1223 πᾶσι
886 1167 1132 1222 ποιοῦντι
1176 1172 1520 1240 περιφανεῖς.
1554 1173 1621 1224 3'0
1652 1170 1762 1242 γὰρ
1786 1171 1935 1226 δοκεῖ

357 1260 500 1318 εἶναι
539 1260 767 1332 ἀτιμίας
784 1298 800 1323 ,
822 1258 887 1314 τὸ
912 1259 1178 1313 πάντοθεν
1205 1259 1547 1324 ἐλαύνεσθαι,
1571 1260 1732 1315 τοῦτο
1766 1264 1933 1333 τιμῆς

354 1357 486 1427 ἡμῖν
515 1350 657 1409 εἶναι
685 1352 934 1423 φαίνεται
963 1352 1245 1423 μεγίστης.
1272 1352 1365 1406 Διδ
1392 1353 1502 1407 οὐκ
1521 1350 1643 1407 εἶπε
1660 1394 1676 1419 ,
1711 1353 1801 1425 Τῷ
1830 1371 1929 1408 κα-

353 1448 618 1520 ταδήλους
638 1444 903 1508 ποιοῦντι,
923 1442 1080 1511 ἀλλά,
1110 1442 1194 1509 Τῷ
1223 1443 1662 1512 θριαμϐεύοντι·
1695 1443 1930 1509 δεικνὺς,

352 1540 439 1594 δτι
466 1540 518 1593 οί
557 1535 790 1608 διωγμοὶ
833 1526 985 1589 οὗτοι
1022 1532 1268 1606 τρόπαια
1295 1536 1496 1605 συνεχῆ
1529 1532 1672 1588 κατά
1693 1532 1787 1589 τοῦ
1817 1534 1932 1588 δια-

355 1631 516 1687 ϐόλου
563 1626 845 1699 πανταχοῦ
877 1627 981 1698 τῆς
1023 1626 1127 1697 γῆς
1160 1625 1475 1682 ἀνιστῶσιν.
1502 1622 1636 1681 Εἶτα
1673 1625 1812 1698 μετά
1833 1624 1930 1680 τοῦ

354 1719 792 1793 θριαμϐεύοντος
828 1717 944 1782 θεὶς
967 1717 1064 1772 καὶ
1095 1716 1195 1789 τὴν
1223 1717 1500 1781 ὑπόθεσιν,
1525 1717 1776 1788 ἀνίστησι
1799 1719 1932 1773 κάν-

351 1813 540 1868 τεῦθεν
554 1812 646 1866 τὸν
665 1809 1044 1883 ἀκροατήν.οὐ
1061 1808 1168 1881 γὰρ
1183 1809 1341 1880 μόνον
1355 1808 1459 1863 ὑπὸ
1473 1807 1567 1862 τοῦ
1584 1808 1718 1863 Θεοῦ
1731 1808 1759 1862 θ
1768 1826 1931 1881 ριαμ-

352 1903 625 1975 δευόμεθα
651 1941 668 1967 ,
697 1901 837 1957 ἀλλά
873 1902 969 1956 καὶ
1007 1901 1068 1954 έν
1118 1896 1348 1972 Χριστῷ
1368 1915 1383 1930 ·
1412 1898 1658 1952 τουτέστι
1681 1938 1696 1964 ,
1720 1898 1808 1953 διὰ
1839 1900 1930 1952 τὸν

351 1994 588 2065 Χριστὸν
626 1993 722 2047 καὶ
752 1991 816 2045 τὸ
835 1992 1121 2062 κήρυγμα.
1161 1986 1541 2060 Ἐπειδὰν,γάρ
1567 1987 1930 2058 θριαμϐεῦσαι

349 2085 469 2158 δέῃ,
511 2082 728 2153 ἀνάγκη
768 2082 920 2149 πᾶσα
960 2080 1056 2133 καὶ
1106 2080 1255 2150 ἡμᾶς
1280 2079 1407 2142 τοὺς
1438 2078 1699 2149 φέροντας
1719 2077 1781 2131 τὸ
1801 2079 1930 2150 τρό-

259 2160 268 2169 ’
350 2193 517 2230 παιον
575 2172 912 2243 καταδήλους
941 2166 1101 2235 εἶναι,
1126 2169 1318 2241 ἐπειδὴ
1344 2168 1510 2223 αὐτὸν
1545 2168 1886 2239 βαστάζομεν
1909 2207 1926 2224 .

350 2267 451 2322 Διά
469 2265 628 2320 τοῦτο
681 2261 1039 2334 περίϐλεπτοί
1087 2262 1281 2331 ἐσμεν,
1328 2260 1432 2314 καὶ
1455 2262 1795 2330 περιφανεῖς.
1819 2259 1930 2314 Καὶ

349 2359 467 2424 τὴν
505 2352 709 2424 ὀσμὴν
747 2350 860 2421 τῆς
902 2350 1180 2421 ’κενώσεως
1235 2349 1425 2405 αὐτοῦ
1466 2347 1828 2418 φανεροῦντι
1851 2348 1928 2403 δι’

350 2444 522 2516 ἡμῶν
542 2445 613 2498 ἐν
646 2440 826 2497 παντὶ
851 2442 1032 2504 τόπῳ.

422 2656 491 2729 β’.
509 2657 655 2711 ’Δνω
676 2650 820 2721 εἷπε,
839 2653 1101 2708 Πάντοτε
1117 2650 1546 2722 θριαμϐεύοντι,
1560 2650 1815 2718 ἐνταῦθα,
1832 2650 1930 2703 Ἐν

349 2748 529 2806 παντὶ
550 2747 732 2814 τόπῳ,
764 2746 933 2818 φησί·
962 2744 1177 2808 δεικνὺς
1195 2744 1279 2798 ὄτι
1309 2743 1404 2798 καὶ
1432 2741 1596 2807 τόπος
1617 2743 1712 2796 καὶ
1735 2740 1928 2813 καιρὸς

349 2842 459 2907 πᾶς
488 2839 598 2895 τῶν
625 2839 803 2895 ἄθλων
829 2836 1217 2909 ἐμπέπλησται
1248 2834 1358 2889 τῶν
1386 2834 1782 2889 ἀποστολικῶν.
1817 2833 1929 2888 Kal

354 2934 515 3006 ὲτόρᾳ
563 2932 726 2986 πάλιν
766 2930 1032 3001 κέχρηται
1077 2927 1362 2999 μεταφορᾷ
1401 2928 1469 2997 τῇ
1520 2926 1622 2995 τῆς
1678 2924 1926 2989 εὐωδίας.

346 3025 617 3096 Καθάπερ
645 3022 756 3094 γὰρ
791 3021 963 3093 μύρον
984 3017 1366 3090 βαστάζοντες,
1388 3016 1532 3071 οὕτω
1564 3016 1730 3070 πᾶσίν
1760 3014 1929 3086 ἐσμεν

348 3112 665 3182 κατάδηλοι,
729 3108 866 3179 φησί
899 3124 913 3139 ·
982 3105 1153 3178 μύρον
1208 3104 1506 3175 πολύτιμον
1568 3103 1667 3175 τὴν
1724 3103 1928 3173 γνῶσιν

350 3200 501 3273 9667]
534 3201 731 3268 λέγων.
768 3198 881 3253 Kal
904 3198 1004 3251 οὐκ
1033 3194 1175 3263 εἷπε,
1205 3196 1318 3267 Τήν
1346 3194 1571 3265 γνῶσιν,
1603 3194 1742 3260 ἀλλ’,
1787 3195 1928 3249 Ὄσ-

348 3293 474 3363 ιιὴν
499 3291 796 3364 γνώσεως.
830 3289 1083 3344 Τοιοῦτον
1109 3287 1218 3363 1&9
1247 3289 1282 3359 ἡ
1311 3286 1564 3360 παροῦσα
1593 3286 1817 3356 γνῶσις,
1863 3285 1926 3340 οὐ

352 3385 558 3458 σφόδρα
592 3382 804 3456 σαφὴς,
838 3382 960 3437 οὐδὲ
993 3381 1471 3453 ὲκκεκαλυμμένη.
1512 3379 1605 3434 Διὸ
1633 3380 1727 3434 καὶ
1760 3380 1818 3434 ὲν
1858 3380 1928 3450 τῇ

349 3477 594 3550 προτέρᾳ
644 3475 827 3545 ἔλεγεν
891 3473 1220 3544 Ἐπιστολῇ,
1267 3470 1583 3540 Βλέπομεν
1631 3470 1742 3541 γὰρ
1797 3469 1928 3537 ἄρτι

352 3568 424 3621 δι’
462 3567 762 3636 ἐσόπτρου
800 3565 871 3620 ἐν
911 3564 1230 3635 αἰνίγματι,
1252 3563 1350 3617 καὶ
1389 3560 1622 3616 ἐνταῦθα
1660 3560 1840 3633 ὀσμὴν
1867 3561 1931 3614 τὸ

350 3658 588 3713 τοιοῦτον
608 3657 779 3728 μύρον
796 3669 822 3698 ι
849 3655 1026 3710 καλεῖ.
1057 3655 1116 3709 '0
1137 3654 1195 3708 δὲ
1216 3654 1318 3726 τὴν
1336 3651 1512 3725 ὀσμὴν
1524 3652 1701 3719 εἰδὼς,
1722 3653 1805 3707 ὅτι
1830 3652 1929 3724 μὲν

349 3748 466 3802 ἐστι
486 3747 656 3818 μύρον
686 3763 788 3798 που
814 3744 1065 3814 κείμενον
1084 3740 1217 3808 οἶδε,
1243 3741 1487 3814 ποταπὸν
1512 3741 1571 3795 δὲ
1592 3740 1691 3813 τὴν
1714 3740 1926 3806 οὐσίαν,

349 3839 554 3904 οὐκέτι,
588 3838 684 3891 ὲάν
723 3836 799 3907 μὴ
826 3836 1090 3907 πρότερον
1124 3834 1257 3887 αὐτὸ
1285 3833 1438 3898 εἰδὼς
1463 3832 1622 3904 τύχῃ.
1650 3831 1808 3885 Οῦτω
1835 3830 1931 3885 καὶ

350 3931 533 4002 ἡμεῖς,
562 3927 646 3981 ὅτι
680 3926 782 3998 μὲν
812 3925 931 3979 ἐστι
976 3924 1108 3988 Θεὸς
1148 3923 1328 3993 ἴσμεν,
1372 3924 1424 3977 τί
1467 3922 1526 3977 δὲ
1570 3923 1669 3993 τὴν
1713 3920 1926 3987 οὐσίαν,

347 4020 553 4075 οὐκέτι.
606 4018 822 4091 ’Ὥσπερ
863 4011 961 4072 οὖν
1007 4015 1365 4088 θυμιατήριόν
1406 4015 1577 4085 ἐσμεν
1630 4012 1928 4083 βασιλικὸν,

348 4116 482 4169 ὅπου
505 4111 571 4167 ἀν
594 4109 918 4182 ἀπέλθωμεν
942 4106 1040 4164 τοῦ
1059 4106 1310 4180 οὐρανίου
1339 4105 1592 4169 πνέοντες
1614 4103 1812 4177 μύρου,
1835 4103 1932 4157 καὶ

347 4211 449 4283 τῆς
485 4208 868 4280 πνευματικῆς
910 4205 1160 4270 εὐωδίας.
1219 4202 1408 4259 Ταῦτα
1451 4202 1508 4257 δὲ
1548 4200 1752 4270 ἔλεγεν,
1794 4198 1931 4271 όμοῦ

350 4309 444 4363 καὶ
486 4304 584 4362 τοῦ
612 4304 970 4378 κηρύγματος
1000 4302 1219 4366 δεικνὺς
1263 4300 1365 4372 τὴν
1404 4299 1581 4372 ισχύν,
1629 4301 1712 4354 ὅτι
1757 4294 1824 4351 δι’
1853 4290 1931 4352 ῶν

354 4400 813 4467 ἐπιϐουλεύονται,
867 4400 958 4455 διά
1003 4399 1209 4455 τούτων
1255 4398 1531 4469 λάμπουσι
1578 4394 1780 4466 μᾶλλον
1821 4393 1932 4448 τῶν

347 4502 654 4554 διωκόντων
672 4498 891 4565 αὐτοὺς,
923 4498 1018 4551 καὶ
1041 4497 1225 4552 πᾶσαν
1249 4495 1348 4566 τὴν
1369 4492 1695 4565 οἰκουμένην
1712 4491 1930 4545 ποιούν-

345 4614 455 4654 των
474 4596 505 4636 δ
535 4595 733 4649 εἰδέναι
761 4593 946 4649 καὶτὰ
973 4593 1208 4665 τρόπαια
1237 4589 1417 4644 αὐτῶν
1442 4590 1535 4644 καὶ
1556 4588 1656 4659 τήν
1682 4587 1929 4656 εὐωδίαν,

347 4693 445 4746 καὶ
486 4688 824 4761 παρακαλῶν
859 4687 1000 4759 ὑπὲρ
1026 4687 1136 4742 τῶν
1176 4685 1412 4757 θλίψεων
1455 4684 1654 4748 αὐτοὺς
1700 4684 1932 4737 καὶτῶν

348 4785 702 4860 πειρασμῶν,
737 4781 877 4843 ὥστε
907 4784 1085 4838 πάντα
1120 4783 1307 4855 φέρειν
1339 4780 1625 4852 γενναίως,
1659 4779 1715 4833 εί
1742 4795 1807 4849 γε
1837 4780 1932 4834 καὶ

348 4884 458 4959 πρὸ
502 4882 602 4953 τῆς
647 4880 972 4942 ἀντιδόσεως
1008 4877 1212 4948 ἄφατον
1259 4874 1599 4949 καρποῦνται
1646 4875 1709 4931 τὸ
1751 4875 1928 4941 κλέος.

353 4985 484 5034 Ὀτι
504 4975 766 5048 Χριστοῦ
793 4973 1012 5030 εὐωδία
1034 4973 1222 5045 ἐσμὲν
1248 4972 1328 5038 τῷ
1349 4970 1470 5038 Θεῷ
1497 4971 1568 5026 ἐν
1604 4969 1730 5039 τοῖς
1749 4970 1933 5033 σωζο-

346 5073 580 5147 μένοις,
610 5073 709 5128 καί
732 5074 803 5127 ἐν
828 5071 952 5139 τοῖς
974 5068 1442 5139 ἀπολλυμένοις.
1474 5069 1575 5123 ’Ἂν
1598 5084 1660 5122 τε
1687 5068 1797 5140 1&9
1829 5067 1933 5122 σώ-

354 5170 517 5245 ζηται
542 5186 647 5233 τις,
688 5170 875 5239 φησιν,
919 5166 984 5221 ἄν
1019 5183 1080 5220 τε
1111 5164 1472 5236 ἀπολλύηται,
1512 5165 1575 5219 τὸ
1616 5165 1932 5235 εὐαγγέλιον

351 5268 453 5340 τὴν
485 5263 695 5319 οίκείαν
743 5263 946 5333 ἀρετὴν
1004 5261 1127 5333 ἔχον
1173 5260 1344 5332 μένει.
1399 5261 1509 5314 Kal
1559 5260 1812 5333 καθάπερ
1869 5260 1931 5315 τὸ

416 5558 445 5587 ⁸
470 5556 585 5615 Ms.,
632 5554 688 5604 τὸ
741 5551 955 5604 τοιοῦτον
999 5551 1175 5615 μύρον.
1205 5549 1259 5599 lu
1282 5548 1455 5615 Editis‘
1483 5551 1625 5611 μύρον
1662 5553 1824 5604 deest.
1875 5551 1927 5603 In

354 5610 655 5686 qusljnig'po
683 5615 770 5686 ιιι,
803 5618 887 5686 llic
909 5610 1099 5686 aligudt
1118 5612 1229 5663 folia
1254 5611 1412 5662 ablata
1434 5610 1590 5662 fuere.

415 5679 446 5722 δ
468 5681 614 5731 SaVII.
642 5679 841 5743 conjici!
864 5679 1070 5728 ποιοῦσι.

1065 232 1125 290 S.
1165 231 1458 290 JOANNIS
1488 231 1982 291 CllllYSOSTOMl
2020 235 2342 302 ARGIIIEP.
2383 243 2934 309 CONSTANTINOP.

3448 245 3619 305 .450

2045 356 2161 425 φῶς
2186 370 2234 425 θ,
2272 361 2374 416 κᾶν
2403 360 2628 438 σκοτίζῃ
2654 363 2781 428 τοὺς
2810 359 3075 425 ἀσθενεῖς,
3115 357 3232 430 φῶς
3270 356 3410 424 ἔστι,
3444 363 3622 417 καίτοι

2044 450 2326 515 σκοτίζονο
2376 454 2472 508 καὶ
2508 453 2570 507 τὸ
2601 453 2728 525 μέλι
2769 451 2872 507 κάν
2924 448 3120 521 πικρὸν
3247 450 3362 512 τοῖς
3383 444 3619 516 νοσοῦσι,

2040 540 2211 610 γλυκύ
2242 543 2340 614 τὴν
2371 544 2532 614 φύσιν
2559 546 2708 599 ἐστιν
2746 560 2761 576 ·
2787 543 2932 598 οὕτω
2957 542 3143 597 καὶτὸ
3172 540 3494 611 εὐαγγέλιον
3526 542 3619 596 εὐο

2040 631 2173 697 ῶδές
2217 634 2354 698 ἔστι,
2383 634 2487 689 κάν
2516 634 2890 690 ἀπολλύωνταί
2938 650 3084 697 τινες
3123 630 3502 697 ἀπιστοῦντες.
3542 634 3621 687 οὐ

2039 724 2149 796 1&9
2176 725 2338 780 αὐτοῦ
2367 728 2527 800 ἔργον
2545 730 2580 799 ή
2612 725 2877 789 ἀπώλεια,
2902 723 3039 779 ἀλλά
3061 723 3160 794 τῆς
3185 722 3411 777 ἐκείνων
3438 725 3621 793 ἀγνωο

2042 815 2298 888 μοσύνης.
2326 819 2438 872 Καὶ
2461 818 2634 890 ταύτῃ
2664 817 2722 871 δὲ
2753 816 2990 888 μάλιστα
3016 813 3050 884 ἠ
3075 814 3276 869 εὐωδία
3293 813 3461 870 αὐτοῦ
3485 816 3618 885 φαί-

2039 899 2279 979 νεται,ᾖ
2325 906 2376 960 οἱ
2416 905 2800 978 διεφθαρμένοι
2851 904 2945 959 καὶ
2989 903 3220 975 πονηροὶ
3264 904 3613 960 ἀπόλλυνται.

2039 993 2203 1049 ’Ὥστε
2222 996 2323 1049 οὐκ
2348 997 2457 1050 ἀπὸ
2475 995 2573 1067 τῆς
2595 995 2703 1051 τῶν
2729 994 2948 1065 ἀγαθῶν
2973 994 3244 1065 σωτηρίας
3267 994 3446 1065 μόνον,
3470 994 3618 1049 ἀλλά

2038 1085 2132 1139 καὶ
2162 1086 2270 1140 ἀπὸ
2293 1087 2390 1157 τῆς
2418 1086 2526 1140 τῶν
2557 1085 2811 1158 πονηρῶν
2841 1085 3119 1149 ἀπωλείας
3143 1084 3417 1139 δείκνυται
3448 1085 3616 1140 αὐτοῦ

2038 1175 2073 1244 ή
2101 1175 2297 1246 ἀρετή.
2340 1175 2493 1230 Ἐπεὶ
2539 1176 2645 1231 καὶ.
2664 1178 2691 1229 ὁ
2721 1176 2873 1248 ήλιος
2891 1218 2913 1244 ,,
2938 1174 3127 1247 ἐπειδὴ
3158 1175 3362 1247 σφόδρα
3393 1177 3618 1250 φαιδρός

2037 1266 2181 1331 ἐστι,
2220 1264 2308 1319 διὰ
2354 1265 2512 1320 τοῦτο
2562 1267 2798 1338 μάλιστα
2828 1267 3055 1337 πλήττει
3100 1266 3210 1322 τῶν
3249 1267 3621 1323 ἀσθενούντων

2037 1357 2135 1421 τὰς
2159 1357 2311 1428 δψεις
2334 1375 2347 1387 ο
2384 1360 2478 1412 καὶ
2504 1359 2534 1412 ό
2569 1360 2760 1432 Σωτὴρ
2787 1360 2867 1424 είς
2894 1358 3103 1414 πτῶσιν
3125 1358 3336 1413 πολλῶν
3374 1360 3468 1414 καὶ
3490 1360 3623 1414 ἀνά-

2038 1446 2227 1500 στασίν
2261 1447 2428 1512 ἐστιν,
2474 1447 2591 1502 ἀλλ’
2620 1449 2768 1519 ὅμως
2815 1449 2968 1520 μένει
3015 1448 3206 1520 Σωτήρ
3246 1448 3346 1514 ὢν,
3389 1452 3486 1502 καὶ
3514 1468 3618 1521 μυ·

2039 1533 2172 1603 ρίων
2206 1535 2543 1589 πιπτόντων·
2581 1536 2675 1588 καὶ
2721 1537 2756 1606 ἡ
2812 1535 3087 1609 παρουσία
3136 1535 3303 1591 αὐτοῦ
3354 1536 3626 1609 μειζόνως

2037 1625 2263 1680 ἐκόλασε
2295 1628 2423 1692 τοὺς
2457 1627 2532 1699 μὴ
2570 1629 2960 1701 πειθομένους,
2985 1627 3102 1684 ἀλλ’
3135 1629 3286 1701 ὅμως
3323 1629 3477 1701 μένει
3509 1648 3618 1685 σω·-

2036 1717 2224 1789 τήριος
2249 1714 2403 1777 οὖσα.
2442 1720 2542 1774 Διά
2568 1719 2727 1774 τοῦτο
2746 1720 2841 1775 κα)⁸
2870 1721 3032 1784 αὐτός
3056 1737 3243 1792 φησιν,
3268 1723 3353 1775 ὅτι
3388 1721 3472 1788 Τῷ
3494 1721 3621 1788 Θεῷ

2037 1811 2256 1866 εὐωδία
2290 1811 2480 1883 ἐσμέν
2502 1830 2516 1845 ·
2551 1813 2822 1878 τουτέστι,
2867 1813 2988 1867 Κάν
3025 1810 3402 1867 ἀπολλύωνταί
3446 1829 3616 1877 τινες,

2037 1902 2199 1973 ἡμεῖς
2243 1902 2474 1974 μένομεν
2522 1903 2681 1959 τοῦτο
2734 1903 2897 1970 ὄντες,
2934 1905 3071 1976 ὅπερ
3120 1903 3319 1975 ἐσμέν..
3356 1904 3464 1958 Kal
3510 1904 3616 1972 οὐκ

2038 1989 2223 2053 ἀπλῶς
2248 1986 2423 2058 εἶπεν,
2456 1990 2708 2052 Εὐωδία,
2740 1991 2897 2058 ἀλλὰ,
2932 1991 3018 2059 Τῷ
3052 1991 3195 2057 Θεῷ.
3229 1991 3399 2046 Ὅταν
3432 1991 3490 2045 δὲ
3529 1990 3624 2063 τιῖιο

2037 2080 2154 2151 Θεῷ
2187 2082 2384 2136 εὐωδία
2429 2076 2600 2153 ὦμεν,
2644 2083 2893 2148 κάκεῖνος
2933 2082 3106 2137 ταῦτα
3162 2082 3488 2154 ψηφίζηται,
3529 2083 3625 2147 τίς

2036 2171 2253 2243 ἀντερεῖ
2299 2171 2514 2240 λοιπόν;
2550 2172 2662 2227 Kal
2708 2173 2790 2241 τὺ,
2822 2173 3060 2245 Χριστοῦ
3088 2174 3146 2228 δὲ
3170 2175 3387 2241 εὐωδία,
3420 2175 3618 2246 διπλῆν

2039 2278 2130 2331 μοι
2161 2261 2259 2334 τήν
2301 2262 2559 2334 ἐξήγησιν
2597 2262 2743 2334 ἔχειν
2772 2263 2940 2319 δοκεῖ.
2977 2264 3050 2317 Ἦ
3076 2262 3185 2335 γὰρ
3216 2263 3377 2317 τοῦτό
3426 2281 3617 2336 φησιν,

2034 2353 2115 2407 ὅτι
2141 2354 2365 2418 ἑαυτοὺς
2389 2353 2580 2408 θυσίαν
2613 2353 2953 2426 προσέφερον
2987 2354 3446 2427 ἀποθνήσκοντες,
3475 2356 3510 2428 ἢ
3533 2357 3617 2411 ὅτι

2033 2445 2135 2516 τῆς
2166 2444 2259 2498 τοῦ
2286 2439 2523 2516 Χριστοῦ
2555 2445 2771 2515 σφαγῆς
2800 2444 3001 2499 εὐωδία
3030 2444 3197 2514 εσμέν
3230 2461 3245 2477 °
3277 2446 3355 2512 ὡς
3379 2448 3447 2501 ἀν
3472 2448 3617 2501 εῖποι

2033 2551 2139 2599 τις,
2176 2534 2342 2589 Τοῦδε
2370 2535 2464 2590 τοῦ
2497 2536 2694 2608 ἱερείου
2726 2536 2924 2590 εὐωδία
2953 2537 3072 2591 ἐστὶ
3101 2536 3220 2591 τόδε
3243 2538 3307 2592 τὸ
3333 2538 3613 2610 θυμίαμα.

2039 2629 2114 2681 Ἢ
2158 2626 2317 2681 τοῦτο
2344 2623 2438 2682 οῦν
2494 2627 2746 2698 ἐμφαίνει
2793 2628 2896 2699 τῆς
2927 2628 3156 2693 εὐωδίας
3195 2629 3258 2683 τὸ
3304 2630 3518 2702 δνομαο
3556 2631 3615 2702 ἢ,

2033 2719 2171 2791 ὅπερ
2197 2718 2368 2789 ἔφθην
2399 2718 2591 2786 εἰπὼν,
2631 2721 2714 2774 δτι
2756 2719 2880 2774 καθ’
2918 2720 3132 2792 ἡμέραν
3161 2719 3380 2777 θύονται
3405 2722 3494 2779 διὰ
3523 2722 3619 2777 τὸν

2034 2810 2286 2881 Χριστόν.
2364 2806 2519 2874 Εἶδες
2576 2807 2680 2864 ποῦ
2758 2810 2885 2876 τοὺς
2950 2813 3292 2882 πειρασμοὺς
3348 2813 3616 2884 ἀνήγαγε,

2035 2901 2304 2973 θρίαμϐον
2342 2902 2437 2956 καὶ
2469 2901 2622 2975 [468]
2662 2902 2891 2957 εὐωδίαν
2935 2903 3139 2971 καλῶν,
3186 2904 3285 2959 καὶ
3315 2904 3506 2959 θυσίαν
3534 2905 3615 2977 τῷ

2034 2991 2154 3063 Θεῷ
2179 2993 2632 3064 προσαγομένην;
2665 2988 2827 3061 Εἶτα,
2850 2993 3041 3066 ἐπειδὴ
3055 2990 3229 3062 εἶπεν,
3257 2994 3487 3050 Ε’ύωδία
3507 2995 3614 3050 ἐσ-

2034 3080 2167 3151 μὲν,
2207 3080 2306 3135 καὶ
2350 3081 2421 3135 ἐν
2459 3081 2586 3148 τοῖς
2625 3079 3093 3150 ἀπολλυμένοις,
3131 3081 3220 3136 ἵνα
3248 3081 3323 3153 μὴ
3357 3080 3608 3153 νομίσῃς,

2034 3173 2118 3226 ὅτι
2143 3172 2384 3226 κάκεῖνοι
2409 3171 2800 3243 εὐπρόσδεκτοί
2830 3173 2988 3237 εἰσιν,
3019 3174 3266 3244 ἐπήγαγε
3298 3188 3313 3203 ο
3351 3171 3478 3238 Τοῖς
3495 3171 3613 3242 μὲν

2036 3264 2196 3334 ὀσμὴ
2221 3262 2479 3319 θανάτου
2499 3265 2587 3330 εὶς
2617 3263 2896 3329 θάνατον,
2929 3263 3054 3331 τοῖς
3078 3264 3147 3318 δὲ
3175 3264 3339 3334 ὀσμὴ
3361 3263 3509 3334 ζωῆς
3527 3267 3618 3332 εις

2036 3354 2206 3422 ζωήν.
2234 3354 2344 3426 Τὴν
2377 3354 2485 3425 γὰρ
2530 3354 2754 3409 εὐωδίαν
2798 3354 3004 3426 ταύτην
3037 3357 3087 3409 οί
3135 3356 3234 3427 μὲν
3261 3356 3407 3410 οὕτω
3451 3374 3623 3428 προσ-

2039 3444 2227 3509 ίενται,
2262 3442 2403 3499 ὥστε
2434 3444 2693 3512 σωθῆναι,
2724 3442 2775 3496 οί
2803 3442 2861 3496 δὲ
2894 3441 3090 3508 οὕτως,
3118 3441 3262 3495 ὥστε
3292 3441 3619 3499 ἀπολέσθαι.

2037 3534 2200 3588 Ὥστε
2227 3534 2331 3588 κᾶν
2355 3532 2693 3604 ἀπολλύήταί
2725 3549 2833 3598 τις,
2859 3530 2991 3605 παρ’
3018 3530 3183 3586 αὐτοῦ
3214 3533 3248 3603 ὴ
3282 3532 3434 3587 αίτία
3457 3548 3473 3565 ο
3498 3533 3623 3586 ἐπεὶ

2036 3625 2257 3689 καὶτὰς
2284 3619 2348 3689 ῦς
2392 3625 2453 3678 τὸ
2494 3624 2664 3698 μύρον
2708 3623 2929 3694 λέγεται
2964 3624 3197 3694 πνίγειν,
3237 3624 3336 3677 καὶ
3374 3623 3433 3676 τὸ
3477 3622 3616 3693 φῶς,

2035 3720 2172 3791 ὅπερ
2200 3717 2370 3788 ἔφθην
2402 3715 2594 3783 εἰπὼν,
2623 3716 2751 3780 τοὺς
2784 3714 3033 3780 ἀσθενεῖς
3059 3712 3345 3776 σκοτίζειν.
3373 3713 3481 3767 Kal
3504 3728 3618 3767 τοιφ

2038 3809 2177 3881 αύτη
2205 3808 2309 3862 τῶν
2341 3807 2562 3876 ἀγαθῶν
2588 3809 2621 3878 ή
2653 3805 2813 3876 φύσις
2838 3821 2852 3835 ·
2883 3805 2945 3859 οὐ
2989 3802 3060 3857 τά
3092 3805 3264 3858 οἰκεῖα
3307 3802 3615 3874 διορθοῦται

2040 3903 2221 3974 μόνον,
2253 3900 2390 3955 ἀλλά
2414 3901 2508 3954 καὶ
2535 3899 2604 3953 τά
2630 3899 2847 3952 ἐναντία
2879 3896 3177 3952 ἀπόλλυσι·
3202 3895 3486 3968 καὶταύτῃ
3515 3895 3615 3967 μά-

2037 3996 2194 4049 λιστα
2221 3994 2585 4049 διαδείκνυται
2616 3992 2795 4047 αὐτῶν
2821 3990 3124 4064 ήδύναμις.
3159 3990 3270 4045 Kal
3296 3988 3404 4062 1&9
3434 3988 3617 4043 καὶτὸ

2039 4083 2152 4157 πῦρ
2178 4085 2276 4156 οὐχ
2298 4085 2426 4139 ὅταν
2459 4081 2669 4157 φωτίζῃ
2706 4082 2889 4154 μόνον,
2917 4082 3025 4135 οὐδ’
3055 4081 3186 4135 ὅταν
3218 4080 3440 4153 χρυσίον
3482 4078 3619 4133 καθ-

2037 4178 2190 4249 αίρῃ,
2223 4174 2361 4231 ἀλλά
2389 4176 2483 4229 καὶ
2527 4175 2655 4228 ὅταν
2696 4173 2940 4238 ἀκάνθας
2981 4174 3216 4249 δαπανᾷ,
3246 4172 3483 4243 μάλιστα
3518 4170 3618 4243 τὴν

2038 4266 2244 4320 οἰκείαν
2269 4264 2420 4335 ίσχύν
2451 4263 2837 4331 ἐπιδείκνυται,
2857 4264 2954 4318 καὶ
2981 4263 3152 4335 ταύτῃ
3184 4246 3438 4332 φαίνεται
3465 4260 3577 4329 πῦρ
3598 4277 3614 4290 ’

2039 4358 2131 4412 καὶ
2167 4359 2196 4411 ὁ
2217 4356 2449 4426 Χριστὸς
2475 4356 2531 4409 δὲ
2553 4354 2738 4428 ταύτῃ
2767 4354 2866 4427 τὴν
2900 4353 3292 4426 μεγαλωσύνην
3317 4351 3485 4407 αὐτοῦ
3524 4355 3613 4406 ἐν·

2037 4447 2328 4512 δείκνυται,
2376 4447 2505 4500 ὅταν
2533 4444 2788 4519 ἀναλώσῃ
2828 4445 2919 4500 τὸν
2965 4445 3307 4516 ἀντίχριστον
3334 4442 3414 4515 τῷ
3452 4442 3617 4496 πνεύ-

2041 4555 2171 4611 ματι
2201 4538 2296 4591 τοῦ
2326 4537 2594 4607 στόματος
2621 4536 2809 4602 αὐτοῦ,
2840 4536 2935 4590 καὶ
2957 4536 3286 4608 καταργήσῃ
3315 4537 3382 4605 τῇ
3414 4534 3615 4602 ἐπιφα-

2038 4630 2158 4702 νείᾳ
2210 4632 2311 4701 τῆς
2356 4629 2660 4700 παρουσίας
2701 4628 2888 4683 αὐτοῦ.
2938 4628 3052 4683 Kal
3107 4625 3258 4696 πρὸς
3298 4625 3483 4680 ταῦτα
3527 4624 3620 4690 τίς

2038 4718 2284 4787 [xm-dc;
2322 4717 2540 4789 Ἐπειδὴ
2579 4717 2689 4790 γὰρ
2729 4717 2944 4790 μεγάλα
2981 4716 3310 4788 ἐφθέγξατο,
3343 4716 3425 4769 δτι
3448 4714 3619 4769 Θυσία

2039 4811 2207 4884 ἐσμὲν
2248 4810 2341 4865 τοῦ
2378 4809 2615 4882 Χριστοῦ
2655 4810 2750 4864 καὶ
2782 4809 2998 4874 εὐωδία,
3032 4809 3128 4862 καὶ
3174 4804 3619 4879 θριαμϐευόμεθα

2040 4902 2339 4975 πανταχοῦ,
2389 4902 2551 4957 πάλιν
2592 4900 2894 4974 μετριάζει,
2933 4900 3010 4973 τῷ
3046 4899 3166 4971 Θεῷ
3210 4900 3388 4954 πάντα
3430 4899 3616 4952 ἀνατι-

2041 4994 2154 5059 θείς
2177 5010 2193 5026 ο
2225 4993 2305 5047 διδ
2324 4993 2418 5047 καί
2447 5009 2601 5063 φησι,
2629 4991 2740 5047 Καὶ
2769 4991 2917 5059 πρὸς
2948 4991 3137 5045 ταῦτα
3158 4990 3250 5057 τις
3278 4989 3483 5055 ἱκανός
3505 5003 3523 5052 ;
3545 4987 3618 5040 Τδ

2039 5087 2148 5160 γάρ
2182 5088 2290 5141 πᾶν
2316 5084 2413 5139 τοῦ
2446 5082 2707 5155 Χριστοῦ,
2749 5076 2935 5154 φησιν,
2985 5082 3133 5136 ἐστίν
3167 5100 3181 5116 ο
3224 5082 3379 5136 οὐδὲν
3417 5080 3615 5153 ήμέτευ

2042 5196 2157 5252 ρον.
2203 5177 2369 5249 Ὀρᾷς
2399 5176 2493 5230 ἀπ’
2528 5175 2777 5239 ἐναντίας
2809 5177 2921 5238 τοῖς
2964 5173 3420 5243 ψευδαποστόλοις
3454 5170 3618 5241 φθεγ·

2039 5270 2308 5340 γόμενον;
2348 5268 2413 5321 0!
2469 5266 2568 5338 μὲν
2608 5268 2718 5339 1&9
2767 5268 3076 5339 καυχῶνται
3129 5266 3207 5329 ῶς
3237 5264 3369 5336 παρ’
3408 5260 3617 5316 ἑαυτῶν

2041 5359 2387 5431 εἰσφέροντές
2434 5377 2487 5412 τι
2524 5358 2604 5422 είς
2645 5358 2707 5411 τὸ
2746 5358 3024 5429 κήρυγμα,
3058 5348 3213 5419 οὗτος
3251 5354 3310 5407 δὲ
3339 5352 3427 5407 διὰ
3460 5350 3617 5406 τοῦτό

2041 5468 2175 5523 φησι
2205 5449 2536 5520 καυχᾶσθαι,
2579 5449 2766 5518 ἐπειδὴ
2810 5448 2961 5502 οὐδὲν
3003 5445 3166 5501 αὐτοῦ
3217 5460 3382 5516 φησιν
3435 5437 3611 5497 εἶναι·

2109 5675 2130 5705 ε
2156 5670 2414 5736 Legebalur
2440 5674 2464 5722 ὁ
2486 5673 2633 5733 ἥλιος,
2667 5668 2879 5733 Eretum.
2918 5663 3094 5720 armis
3114 5659 3501 5717 reclmumtibus.
