4070 6152
467 349 580 408 ωε

462 474 627 528 nasia
649 472 849 528 Christo
867 469 1011 536 Iesu,
1035 479 1078 524 et
1099 468 1284 523 bonum
1305 469 1510 524 odorem
1530 469 1722 526 notitia:
1744 487 1850 526 sua:
1875 471 2040 524 mani-

461 568 611 634 festat
633 579 721 633 per
736 579 826 618 nos
845 563 1052 616 inomni
1077 561 1207 615 loco.
1229 561 1438 616 Etenim
1462 575 1528 616 ne
1554 571 1821 632 tamquam
1848 563 2037 632 lugens

461 655 578 710 hzec
593 655 870 724 deplorare
891 653 1148 717 videatur,
1170 652 1366 723 gratias
1394 651 1504 706 Deo
1527 653 1653 723 agit.
1679 652 1833 720 Quod
1855 664 2032 707 autem

457 749 566 812 ait,
611 745 752 800 hunc
801 757 1019 799 sensum
1072 743 1500 814 habet:ubique
1545 742 1785 810 aﬂlictio,
1839 744 2034 812 ubique

457 836 697 890 anxietas
723 853 735 888 :
759 835 878 888 veni
908 835 962 888 in
989 835 1191 900 Asiam,
1219 843 1469 904 gravatus
1508 849 1626 889 sum
1669 849 1830 905 supra
1856 836 2030 890 vires:

454 928 576 981 veni
622 926 884 982 Troadem
907 969 922 992 ,
955 926 1174 982 fratrem
1207 943 1314 982 non
1343 927 1520 982 inveni
1549 943 1565 981 :
1593 926 1658 982 ad
1691 943 1786 984 vos
1815 944 1920 983 non
1952 943 2036 984 ve-

453 1019 505 1072 ni
533 1035 548 1083 ;
577 1017 676 1072 hoc
705 1033 919 1088 quoque
945 1033 1052 1073 non
1087 1033 1300 1087 parvam
1321 1059 1337 1085 ,
1385 1017 1496 1074 imo
1544 1033 1794 1088 perquam
1841 1019 2030 1088 ingen-

453 1119 558 1166 tem
591 1112 897 1166 mtestitiam
923 1111 1053 1165 mihi
1084 1111 1277 1166 attulit.
1309 1111 1553 1182 llludque
1593 1120 1852 1182 prieterea
1888 1111 2030 1182 quod

451 1202 604 1256 multi
619 1203 756 1272 apud
777 1216 871 1256 vos
894 1203 1252 1272 peccaverint,
1274 1217 1443 1273 eaque
1465 1203 1615 1269 mihi,
1637 1219 1732 1258 cur
1752 1219 1848 1259 vos
1873 1205 2030 1259 mini-

447 1309 538 1348 me
557 1293 805 1357 viderim,
830 1308 990 1348 causa
1014 1294 1199 1349 fuerit:
1231 1293 1450 1347 Par-cens
1473 1295 1613 1348 enim
1635 1295 1770 1348 vobis
1793 1311 1894 1349 non
1915 1297 2030 1350 veni

446 1384 748 1439 Corinthum
777 1383 874 1455 (2'.
910 1384 1027 1438 Cor.
1077 1385 1126 1439 1.
1173 1385 1284 1453 25)
1310 1426 1324 1450 ,
1359 1385 1545 1453 inquit.
1588 1385 1768 1452 Quare
1810 1402 1879 1440 ne
1912 1385 2027 1440 hinc

447 1488 546 1544 per
587 1474 1007 1544 deplorationem
1047 1473 1225 1529 dicere
1275 1473 1552 1529 videretur
1577 1516 1592 1541 ,
1637 1474 1818 1530 subdit
1851 1494 1863 1527 :
1910 1474 2023 1529 Non

449 1565 612 1620 modo
639 1579 748 1619 non
767 1565 1007 1621 dolemus
1031 1565 1082 1620 in
1104 1564 1251 1620 hisce
1275 1564 1725 1632 tribulationibus,
1749 1565 1842 1622 sed
1863 1567 2024 1621 etiam

447 1656 743 1727 gaudemus
774 1673 788 1709 :
823 1654 1077 1727 quodque
1101 1656 1274 1726 majus
1304 1664 1422 1721 est,
1468 1672 1575 1711 non
1616 1656 1778 1712 modo
1808 1667 2026 1726 propter

445 1745 625 1801 futura
654 1747 899 1817 praemia,
952 1747 1045 1802 sed
1085 1747 1244 1802 etiam
1286 1747 1354 1801 ob
1392 1747 1711 1817 praesentia;
1764 1747 2021 1816 siquidem

447 1837 534 1890 hic
581 1852 789 1907 quoque
842 1838 911 1892 ob
955 1852 1072 1892 eam
1131 1852 1351 1892 causam
1394 1839 1522 1892 clari
1574 1846 1734 1909 atque
1786 1839 2022 1894 illustres

447 1940 650 1980 sumus.
692 1925 948 1992 Quocirca
993 1935 1198 1981 tantum
1237 1928 1390 1982 abest
1419 1934 1477 1980 ut
1505 1927 1650 1982 luctu
1681 1927 1976 1982 aﬂiciamur
2003 1968 2018 1992 ,

443 2022 500 2067 ut
529 2015 687 2069 etiam
712 2015 1034 2085 triumphum
1063 2031 1175 2071 rem
1202 2017 1357 2071 istam
1379 2017 1704 2086 appellemus
1725 2057 1740 2082 ,
1771 2025 1929 2087 atque
1951 2018 2021 2074 ob

441 2119 505 2159 ea
528 2121 644 2176 quae
666 2107 978 2177 contingunt
1001 2109 1309 2178 gloriemur.
1338 2108 1522 2179 quue
1547 2109 1765 2164 nomine
1786 2109 2020 2176 dicebat,

447 2196 652 2252 Gratias
692 2209 859 2253 autem
902 2199 1045 2267 Deo,
1087 2202 1170 2269 qui
1219 2217 1415 2271 semper
1441 2203 1719 2273 triumphat
1755 2220 1887 2268 nos;
1919 2203 2020 2258 hoc

438 2299 557 2354 est,
599 2291 686 2360 qui
737 2306 834 2346 nos
875 2292 1014 2361 apud
1061 2307 1252 2348 omnes
1294 2293 1603 2363 splendidos
1649 2295 1844 2350 reddit.
1884 2295 2017 2350 Nam

438 2381 579 2452 quod
631 2380 912 2437 dedecoris
959 2383 1196 2452 speciem
1241 2385 1440 2451 habet,
1487 2385 1740 2439 nimirum
1787 2385 2020 2455 undique

439 2474 585 2544 pelli,
610 2477 709 2530 hoc
727 2489 824 2530 nos
845 2489 1057 2530 summo
1079 2475 1266 2532 honori
1293 2477 1558 2533 ducimus.
1583 2477 1706 2534 Ideo
1729 2494 1833 2533 non
1856 2479 2016 2545 dixit,

437 2565 536 2633 Qui
567 2581 663 2620 nos
688 2567 1010 2636 conspicuos
1037 2554 1249 2636 reddit,
1281 2569 1373 2623 sed
1394 2610 1408 2634 ,
1446 2569 1548 2636 Qui
1575 2571 1872 2639 triumphat.
1903 2571 2016 2638 Qua

440 2672 567 2712 voce
597 2656 698 2713 hoc
743 2658 943 2712 indicat
967 2699 982 2726 ,
1013 2658 1319 2729 hujusmodi
1351 2661 1789 2730 persequutiones
1821 2661 2017 2733 ubique

436 2756 698 2804 terrarum
757 2758 1009 2820 perpetua
1050 2751 1311 2806 adversus
1363 2750 1632 2806 diabolum
1665 2760 1863 2822 tropzea
1905 2755 2016 2808 eri-

435 2854 580 2909 gere.
616 2840 816 2897 Deinde
844 2856 946 2895 una
988 2857 1109 2896 cum
1147 2857 1248 2908 eo,
1297 2845 1386 2912 qui
1431 2842 1759 2914 triumphat,
1798 2859 2014 2900 causam

437 2932 597 2985 etiam
625 2932 874 2998 afferens,
907 2932 1031 2989 hinc
1051 2948 1262 3003 quoque
1285 2932 1546 2990 auditoris
1574 2935 1808 2990 animum
1836 2938 2012 3006 erigit.

1521 351 1590 408 IN
1628 349 1844 408 EPlST.
1887 348 1929 404 ll
1994 347 2088 403 AD
2127 349 2285 410 (ΞΟΠ.
2329 358 2558 419 HOMIL.
2604 355 2669 422 ν.

435 3019 549 3075 Non
577 3022 716 3076 enim
735 3062 749 3088 ,
775 3023 946 3092 inquit
971 3065 986 3091 ,
1017 3038 1047 3077 a
1076 3023 1187 3078 Deo
1225 3033 1429 3078 tantum
1458 3025 1510 3078 in
1543 3025 1869 3095 triumphum
1899 3026 2014 3095 agi-
2078 3037 2080 3039 ’

435 3128 576 3178 mur,
605 3113 700 3169 sed
726 3114 889 3169 etiam
919 3103 972 3169 in
1003 3115 1241 3181 Christo,
1273 3115 1373 3171 hoc
1395 3125 1474 3170 est
1498 3127 1717 3186 propter
1741 3116 2014 3172 Christum

434 3219 498 3260 ac
524 3205 978 3274 praedicationem.
1025 3205 1158 3260 Nam
1202 3222 1324 3262 cum
1370 3208 1699 3277 triumphare
1741 3223 1873 3278 opus
1904 3209 2011 3263 sit:

435 3296 652 3350 omnino
680 3311 777 3351 nos
803 3311 1018 3367 quoque
1033 3298 1122 3367 qui
1147 3307 1405 3368 tropaeum
1429 3297 1668 3364 ferimus,
1696 3299 2014 3368 conspicuos

435 3408 556 3448 esse
583 3409 803 3450 necesse
829 3403 931 3462 est,
961 3395 1392 3465 quandoquidem
1422 3395 1594 3465 ipsum
1621 3405 1914 3466 gestamus;
1944 3395 2013 3450 ob

438 3486 600 3555 idque
627 3486 756 3540 clari
784 3501 845 3542 ac
869 3487 1108 3543 celebres
1131 3501 1337 3541 sumus.
1377 3486 1446 3540 Et
1471 3487 1676 3541 odorem
1699 3486 1889 3540 notitia:
1907 3502 2014 3541 sua:

436 3579 727 3646 manifestat
752 3595 843 3648 per
869 3596 959 3633 nos
985 3579 1038 3633 in
1067 3581 1205 3633 oumi
1231 3579 1362 3632 loco.

505 3669 560 3722 2.
612 3668 865 3738 Superius
910 3669 1074 3734 dixit,
1134 3669 1349 3740 Semper
1401 3669 1724 3738 triumphat;
1770 3668 1898 3737 hic,
1948 3669 2014 3725 In

432 3763 572 3816 omni
600 3763 735 3829 loco,
764 3761 951 3832 inquit,
982 3762 1112 3817 illud
1138 3762 1387 3816 nimirum
1415 3762 1686 3827 iudicans,
1716 3777 1815 3817 nec
1837 3763 2011 3817 locum

431 3868 531 3908 nec
563 3863 773 3923 tempus
813 3854 982 3908 ullum
1015 3869 1134 3909 esse
1161 3895 1177 3922 ,
1224 3853 1365 3924 quod
1394 3869 1499 3908 non
1538 3853 1844 3923 apostolicis
1890 3869 2011 3909 cer-

432 3945 719 3999 taminibus
764 3945 1041 4014 impletum
1070 3946 1157 4000 sit.
1206 3947 1379 4015 Atque
1407 3945 1576 4000 altera
1612 3961 1797 4001 rursus
1837 3955 2008 4000 meta-

431 4033 597 4103 phora
629 4036 827 4103 utitur,
857 4049 888 4089 a
917 4035 1065 4091 suavi
1094 4035 1260 4092 odore
1287 4037 1463 4091 ducta.
1516 4036 1588 4092 Ut
1617 4038 1757 4092 enim
1788 4038 1876 4108 qui
1905 4054 2009 4092 un-

432 4142 685 4200 guentum
714 4140 963 4202 gestant,
1015 4132 1225 4203 inquit,
1270 4133 1348 4187 sic
1376 4134 1580 4188 cunctis
1608 4133 1708 4202 ipsi
1736 4133 2010 4204 conSpicui

433 4240 654 4292 sumus;
694 4227 986 4296 pretiosum
1015 4233 1342 4295 unguentum
1391 4226 1484 4280 Dei
1525 4226 1884 4295 cognitionem
1915 4241 2011 4280 vo-

432 4331 579 4370 cans.
632 4316 742 4371 Nec
786 4317 956 4382 dixit,
1006 4316 1261 4371 Notitiam
1289 4357 1303 4381 ,
1350 4315 1444 4370 sed
1471 4356 1486 4381 ,
1534 4315 1754 4369 Odorem
1798 4317 2008 4370 notities.

434 4406 709 4474 Ejusmodi
738 4408 878 4462 enim
907 4417 989 4462 est
1016 4421 1253 4477 praesens
1281 4406 1516 4476 cognitio
1545 4446 1559 4471 ,
1606 4405 1708 4460 hoc
1732 4415 1816 4460 est
1839 4446 1855 4472 ,
1904 4423 2011 4461 non

433 4496 715 4552 admodum
749 4499 1025 4567 perSpicua
1049 4506 1102 4553 et
1127 4507 1382 4552 reserata.
1424 4496 1508 4552 0b
1537 4497 1587 4551 id
1617 4506 1726 4551 tum
1755 4496 1806 4551 in
1835 4498 2014 4568 priore

433 4585 656 4655 epistola
684 4587 912 4653 dicebat,
932 4587 1173 4642 Videmus
1199 4603 1332 4640 nunc
1359 4605 1448 4657 per
1472 4587 1734 4657 speculum
1774 4589 1827 4641 in
1853 4589 2014 4659 anig-

432 4687 564 4733 mate
615 4679 703 4748 (1.
741 4678 860 4733 Cor.
893 4680 982 4734 15.
1013 4679 1154 4750 12);
1184 4686 1344 4749 atque
1388 4678 1474 4734 hic
1503 4679 1724 4735 odorem
1767 4679 1870 4734 hoc
1910 4695 2014 4734 uu-

432 4778 682 4838 guentum
711 4778 883 4824 vocat.
932 4769 1100 4824 Porro
1125 4771 1214 4840 qui
1240 4769 1460 4825 odorem
1492 4771 1700 4839 sensit,
1739 4770 1868 4825 illud
1896 4770 2014 4841 qui-

431 4863 552 4918 dem
580 4863 766 4930 novit,
817 4873 1144 4934 unguentum
1195 4863 1388 4918 alicubi
1442 4864 1715 4919 conditum
1749 4878 1908 4931 esse;
1955 4873 2018 4920 at

430 4954 728 5023 cujusmodi
756 4965 960 5010 natum
985 4994 999 5021 ,
1033 4969 1139 5010 non
1172 4955 1295 5010 item
1319 4997 1333 5021 ,
1366 4955 1470 5010 nisi
1498 4957 1645 5024 prius
1691 4955 1744 5011 id
1788 4972 2012 5027 perspe-

430 5053 575 5101 ctum
621 5045 887 5103 habuerit.
931 5048 1134 5103 Eodem
1163 5063 1261 5102 nos
1303 5063 1516 5118 quoque
1558 5049 1719 5103 modo
1770 5050 1912 5118 quod
1944 5049 2016 5103 sit

431 5136 572 5191 Deus
594 5180 609 5204 ,
639 5139 874 5207 scimus;
906 5138 1158 5209 quidnam
1189 5147 1367 5194 autem
1396 5146 1581 5193 natura
1608 5141 1698 5206 sit,
1728 5155 1832 5194 non
1862 5141 2010 5195 item.

431 5225 613 5298 Itaque
643 5237 910 5299 tamquam
940 5230 1267 5285 thuribulum
1297 5231 1503 5301 regium
1530 5246 1713 5285 sumus
1735 5274 1751 5300 ,
1800 5234 2015 5288 caeleste

430 5329 805 5392 unguentum,
864 5338 928 5378 ac
973 5323 1306 5392 Spiritualem
1362 5324 1746 5393 l'ragrantiam,
1803 5340 2014 5397 quoquo

429 5413 668 5484 gentium
694 5429 982 5484 pergamus
1006 5456 1021 5480 ,
1051 5414 1374 5468 redolentes.
1408 5414 1533 5469 llaec
1560 5425 1738 5470 autem
1766 5415 2011 5483 dicebat,

432 5508 624 5575 partim
645 5516 702 5561 ut
719 5507 1040 5576 evangelica:
1056 5506 1443 5576 praedicationis
1465 5509 1569 5562 vim
1585 5507 1978 5564 demonstraret
1999 5527 2012 5566 :

431 5612 624 5666 nempe
649 5599 789 5668 quod
819 5613 914 5667 per
954 5610 1081 5660 eos.
1128 5611 1158 5650 a
1208 5597 1398 5666 quibus
1440 5599 1647 5654 insidia:
1691 5600 1822 5670 ipsis
1855 5617 2012 5671 para-

432 5699 637 5756 rentur,
678 5692 844 5758 magis
867 5689 1156 5755 eluccrcut,
1181 5688 1306 5741 dum
1335 5689 1583 5745 videlicet
1607 5705 1791 5746 eorum
1821 5709 2009 5762 persc-
2056 5692 2059 5694 ’

2034 5760 2090 5782 ια

3623 384 3725 441 ιτςα

2148 479 2384 543 tropus,
2418 485 2527 532 tum
2558 481 2739 537 odoris
2770 485 3088 545 suavitatem
3117 491 3448 561 exploratam
3474 495 3721 566 haberet:

2141 567 2332 632 partim
2356 571 2515 626 etiam
2560 582 2615 626 ut
2651 589 2745 630 eos
2770 577 2836 632 ad
2874 593 3061 637 omnes
3105 584 3424 644 amictiones
3452 599 3506 644 et
3542 600 3719 647 tenta-

2139 655 2314 712 tiones
2342 659 2462 715 forti
2492 664 2671 719 animo
2699 670 3043 737 perferendas
3073 675 3448 734 cohortaretur
3479 697 3492 736 :
3520 683 3722 754 quippe

2137 764 2258 805 cum
2287 754 2444 810 etiam
2495 767 2618 815 ante
2660 763 2874 820 ctel'este
2906 769 3183 836 praemium
3221 772 3443 842 gloriam
3470 777 3718 846 percipe-

2137 855 2287 912 rent,
2335 863 2453 918 qua:
2479 853 2641 908 nullis
2681 858 2858 913 verbis
2901 862 3153 931 explicari
3199 876 3400 934 posset.
3448 868 3533 922 15.
3580 867 3718 934 Quia

2135 934 2324 991 Christi
2350 940 2509 995 bonus
2532 945 2662 998 odor
2688 964 2862 1003 sumus
2893 948 3004 1005 Deo
3035 953 3086 1006 in
3113 955 3176 1008 iis
3206 957 3292 1024 qui
3316 957 3442 1010 salvi
3467 959 3627 1026 ﬁunt,
3673 970 3722 1014 et

2135 1029 2186 1082 in
2231 1029 2293 1082 iis
2331 1032 2419 1099 qui
2461 1045 2690 1102 pereunt.
2736 1037 2860 1094 Sive
2907 1042 3052 1096 enim
3093 1044 3214 1112 quis
3249 1046 3476 1100 salutem
3522 1064 3718 1104 conse-

2132 1129 2344 1189 quatur,
2377 1123 2577 1194 inquit,
2605 1129 2719 1184 sive
2747 1139 2959 1199 pereat,
2994 1135 3270 1204 evangelio
3298 1152 3514 1207 semper
3542 1141 3714 1194 virtus

2133 1223 2227 1265 sua
2249 1222 2478 1269 constat.
2505 1215 2573 1271 Et
2593 1218 2730 1274 sicut
2749 1221 2849 1286 sol,
2879 1221 3004 1277 licet
3022 1215 3250 1280 iniit-mis
3276 1227 3444 1281 oculis
3468 1230 3716 1285 tenebras

2133 1299 2405 1369 otl‘undat,
2455 1304 2633 1363 lumen
2669 1317 2844 1364 tamen
2872 1321 2988 1378 est;
3024 1328 3086 1367 ac
3114 1314 3256 1381 mel,
3302 1319 3510 1371 etiamsi
3539 1334 3714 1389 {egro-

2134 1391 2199 1445 tis
2225 1407 2466 1450 amarum
2498 1397 2567 1452 sit
2590 1441 2603 1462 ,
2637 1411 2824 1470 suapte
2853 1411 3030 1458 tamen
3060 1414 3249 1460 natura
3282 1407 3438 1461 dulce
3470 1418 3584 1470 est;
3629 1411 3710 1464 sic

2130 1484 2464 1554 evangelium
2491 1490 2639 1543 suavi
2670 1491 2835 1547 odore
2863 1493 3144 1563 praeditum
3175 1505 3257 1552 est
3283 1538 3297 1563 ,
3331 1497 3543 1552 etiamsi
3589 1500 3714 1568 qui--

2130 1571 2250 1627 dam
2282 1590 2385 1630 non
2417 1579 2694 1636 credentes
2724 1593 2971 1651 pereant.
3014 1585 3199 1656 Neque
3228 1589 3374 1642 enim
3405 1588 3533 1650 illud
3561 1589 3713 1644 exitii

2129 1679 2286 1720 causa
2313 1677 2430 1735 est,
2460 1671 2554 1726 sed
2581 1687 2763 1728 eorum
2794 1677 3131 1745 perversitas.
3175 1678 3311 1745 Quin
3348 1680 3482 1733 hinc
3500 1696 3716 1750 quoque

2129 1755 2210 1810 vel
2241 1760 2472 1817 maxime
2498 1764 2665 1832 ipsius
2693 1769 2925 1833 suavitas
2954 1769 3281 1838 percipitur,
3314 1771 3455 1840 quod
3481 1771 3569 1841 qui
3601 1771 3706 1825 iiu-

2128 1847 2276 1916 probi
2310 1866 2371 1904 ac
2415 1856 2651 1924 corrupti
2698 1865 2856 1923 sunt,
2903 1867 3145 1928 pereant.
3208 1861 3285 1916 Ac
3335 1861 3558 1931 proinde
3601 1877 3710 1917 non

2127 1938 2288 1994 modo
2316 1957 2412 2010 per
2440 1943 2702 2000 honorum
2749 1947 2978 2004 salutem
3000 1990 3015 2015 ,
3067 1950 3162 2006 sed
3192 1952 3354 2005 etiam
3388 1967 3481 2020 per
3511 1952 3711 2021 impro-

2127 2030 2315 2088 borum
2340 2034 2613 2092 interitum
2646 2039 2813 2108 ipsius
2836 2041 3003 2096 virtus
3023 2043 3347 2098 declaratur.
3377 2043 3509 2098 Nam
3532 2054 3582 2099 et
3603 2046 3710 2110 sol,

2124 2123 2245 2192 quia
2275 2140 2534 2196 perquam
2563 2129 2738 2184 clarus
2777 2139 2894 2198 est,
2933 2146 2995 2186 ea
3020 2147 3080 2186 re
3109 2134 3442 2203 potissimum
3473 2134 3712 2188 infirmo-

2125 2228 2245 2269 rum
2274 2217 2458 2272 oculos
2505 2221 2818 2293 perstringit
2863 2239 2877 2275 ε
2927 2238 2991 2279 ac
3034 2223 3279 2280 Salvator
3320 2225 3372 2278 iu
3417 2225 3705 2279 multorum

2123 2309 2332 2363 ruinam
2377 2319 2430 2365 et
2473 2315 2927 2369 resurrectionem
2975 2325 3091 2383 est,
3138 2325 3193 2372 et
3244 2325 3420 2371 tamen
3462 2316 3708 2372 Salvator

2124 2412 2305 2456 manet
2327 2444 2342 2468 ,
2369 2406 2612 2474 quamvis
2636 2407 2901 2462 innumeri
2928 2407 3157 2462 cadant:
3191 2419 3350 2478 atque
3371 2409 3540 2478 ipsius
3565 2417 3707 2478 pnet-

2122 2496 2290 2549 sentia
2320 2498 2537 2566 gravius
2559 2500 2711 2568 punit
2731 2515 2824 2555 eos
2848 2504 2935 2569 qui
2960 2515 3064 2555 non
3086 2501 3474 2570 obsequuntur,
3499 2511 3706 2554 tamen-

2122 2599 2226 2654 que
2258 2587 2507 2643 salutaris
2535 2599 2734 2644 manet.
2763 2590 2885 2646 Ideo
2909 2590 3104 2646 Paulus
3128 2593 3222 2658 ait,
3257 2591 3364 2646 Deo
3393 2591 3553 2646 bonus
3575 2592 3704 2646 odor

2121 2691 2336 2742 sumus;
2366 2677 2467 2733 hoc
2497 2687 2600 2745 est,
2629 2680 2887 2746 Quamvis
2917 2683 3158 2736 nonnulli
3192 2691 3452 2752 pereant,
3489 2682 3704 2737 interim

2123 2775 2296 2821 tamen
2331 2767 2382 2821 id
2405 2783 2526 2823 esse
2558 2779 2882 2838 perstamus,
2916 2770 3056 2840 quod
3085 2787 3290 2825 sumus.
3323 2771 3433 2826 Nec
3458 2772 3706 2827 absolute

2121 2857 2292 2924 dixit,
2323 2858 2497 2914 Bonus
2523 2860 2649 2914 odor
2677 2878 2849 2915 sumus
2875 2903 2890 2929 ,
2922 2862 3016 2918 sed
3043 2903 3058 2926 ,
3092 2861 3221 2916 Deo.
3249 2863 3414 2916 Porro
3442 2879 3562 2918 eum
3591 2864 3705 2920 Deo

2120 2950 2291 3004 bonus
2316 2949 2450 3004 odor
2477 2950 2646 3006 simus
2668 2993 2682 3018 ,
2722 2961 2879 3023 atque
2908 2952 2996 3006 ille
3028 2952 3142 3006 haec
3171 2953 3380 3007 calculo
3419 2967 3519 3007 suo
3546 2968 3701 3008 com-

2121 3041 2330 3110 probet,
2350 3043 2468 3111 quis
2487 3043 2595 3113 jam
2615 3045 2982 3099 contradicat?
3007 3044 3147 3111 Quin
3174 3043 3290 3098 haec
3310 3043 3495 3111 verba,
3519 3043 3704 3097 Christi

2121 3132 2279 3186 bonus
2308 3134 2432 3187 odor
2459 3150 2634 3189 sumus
2659 3177 2674 3200 ,
2707 3133 2836 3188 mihi
2865 3133 3062 3206 duplici
3101 3134 3260 3188 modo
3303 3134 3497 3204 exponi
3545 3148 3704 3202 posse

2121 3223 2366 3278 videntur
2402 3242 2414 3278 :
2443 3233 2534 3278 aut
2560 3224 2701 3280 enim
2734 3225 2838 3280 hoc
2881 3227 2951 3280 ait
2975 3268 2989 3288 ,
3021 3224 3162 3295 quod
3193 3225 3400 3295 seipsos
3429 3224 3701 3280 victimam

2119 3315 2373 3370 oll’errent
2394 3359 2409 3383 ,
2442 3317 2567 3371 dum
2590 3327 2814 3372 mortem
2837 3327 3188 3388 oppeterent;
3219 3328 3308 3373 aut
3335 3361 3348 3383 ,
3382 3318 3524 3386 quod
3556 3319 3704 3373 necis

2118 3405 2316 3460 Christi
2347 3408 2520 3462 bonus
2549 3408 2684 3462 odor
2711 3408 2880 3462 simus
2906 3426 2918 3461 :
2954 3408 3176 3477 perinde
3206 3423 3269 3463 ac
3298 3409 3342 3462 si
3375 3411 3494 3478 quis
3520 3409 3699 3472 dicat,

2120 3495 2349 3567 Hujusce
2377 3499 2610 3553 victimae
2656 3499 2829 3553 bonus
2877 3499 3012 3553 odor
3059 3507 3141 3554 est
3187 3501 3273 3554 hic
3302 3500 3539 3555 suftitus.
3594 3501 3702 3554 Aut

2119 3587 2278 3658 igitur
2324 3588 2424 3643 hoc
2454 3590 2718 3659 signiﬁcat
2761 3590 2890 3644 boni
2921 3590 3104 3645 odoris
3143 3591 3464 3644 vocabulum
3491 3631 3508 3654 ,
3567 3600 3654 3644 aut
3682 3631 3698 3657 ,

2119 3679 2258 3748 quod
2281 3689 2404 3734 ante
2433 3679 2562 3748 dixi,
2591 3679 2731 3750 quod
2761 3680 2998 3749 quotidie
3018 3680 3212 3736 Christi
3252 3695 3412 3735 causa
3459 3689 3702 3735 macten-

2121 3779 2225 3826 tur.
2255 3771 2419 3827 Vides
2458 3788 2564 3842 quo
2620 3772 2941 3827 teutaliones
2987 3773 3314 3839 subvexerit,
3339 3787 3459 3827 cum
3517 3774 3699 3828 trium-

2118 3861 2281 3932 phum
2311 3877 2403 3918 eas
2429 3903 2444 3928 ,
2489 3871 2543 3918 et
2573 3863 2794 3920 odorem
2821 3904 2835 3928 ,
2869 3863 3213 3933 oblatumque
3245 3862 3353 3918 Deo
3383 3863 3701 3918 sacriﬁcium

2118 3954 2394 4023 appellat?
2423 3955 2625 4010 Deinde
2655 3963 2931 4025 postquam
2959 3955 3130 4020 dixit,
3165 3953 3338 4008 Bonus
3369 3954 3498 4008 odor
3524 3971 3700 4009 sumus

2116 4043 2170 4098 in
2198 4045 2260 4098 iis
2287 4045 2375 4114 qui
2400 4058 2606 4116 pereunt
2629 4061 2649 4110 ;
2678 4061 2746 4100 ne
2773 4044 2873 4099 hoc
2898 4045 3172 4100 existimes
3201 4044 3322 4099 illos
3351 4059 3564 4114 quoque
3587 4044 3698 4098 Deo

2117 4146 2296 4206 gratos
2322 4145 2377 4192 et
2404 4146 2651 4206 acceptos
2677 4151 2830 4202 esse,
2864 4135 3138 4206 subjunxit
3171 4152 3184 4190 :
3223 4133 3309 4189 l6.
3343 4135 3468 4188 Aliis
3496 4134 3699 4205 quidem

2117 4229 2242 4282 odor
2270 4230 2445 4283 mortis
2469 4231 2523 4282 in
2553 4239 2783 4292 mortem,
2815 4230 2930 4283 aliis
2955 4238 3122 4282 autem
3149 4229 3276 4280 odor
3303 4230 3419 4280 vita:
3438 4228 3489 4280 in
3520 4227 3697 4282 vitam.

2118 4320 2266 4373 llanc
2294 4321 2435 4373 enim
2465 4319 2804 4389 l'ragrantiam
2828 4319 3040 4387 quidam
3070 4319 3142 4370 ita
3170 4317 3468 4386 suscipiunt
3488 4325 3544 4368 ut
3565 4317 3695 4370 salvi

2119 4409 2287 4474 ﬁant;
2321 4408 2535 4478 quidam
2585 4421 2771 4462 rursus
2798 4407 2891 4473 ita,
2923 4416 2980 4460 ut
3009 4414 3252 4476 pereant.
3284 4404 3465 4474 ltaque
3490 4405 3700 4460 etiamsi

2119 4507 2305 4569 pereat
2334 4499 2522 4566 aliquis
2549 4541 2564 4566 ,
2617 4499 2731 4568 ipse
2760 4499 2812 4551 in
2857 4498 3010 4566 culpa
3043 4505 3147 4552 est.
3189 4496 3322 4551 Nam
3353 4506 3408 4550 et
3436 4511 3561 4550 sues
3594 4513 3695 4550 un-

2119 4602 2318 4662 guento
2346 4591 2594 4648 sull'oeari
2627 4591 2917 4657 dicuntur;
2950 4601 3004 4645 et
3031 4591 3210 4644 lumen
3237 4629 3252 4653 ,
3287 4597 3346 4642 ut
3376 4597 3532 4642 antea
3563 4588 3698 4654 dixi,

2121 4684 2347 4739 inﬁrmis
2376 4683 2545 4739 oculis
2585 4683 2834 4738 tenebras
2879 4681 3125 4736 oll'undit.
3168 4682 3341 4752 Atque
3388 4680 3700 4751 hujusmodi

2119 4775 2382 4832 bonorum
2410 4787 2596 4831 natura
2642 4785 2755 4840 est,
2805 4782 2998 4828 utnon
3028 4787 3090 4828 ea
3123 4781 3362 4838 tantum,
3410 4789 3529 4842 quae
3572 4772 3702 4840 ipsis

2119 4869 2403 4924 familiaria
2429 4878 2573 4933 sunt,
2604 4875 2815 4933 sanent,
2844 4866 2939 4922 sed
2961 4866 3120 4922 etiam
3144 4867 3410 4921 contraria
3437 4863 3696 4933 perdant:

2120 4961 2346 5031 hincque
2375 4960 2604 5013 maxime
2633 4959 2711 5011 vis
2740 4971 2925 5012 eorum
2954 4956 3279 5011 declaratur.
3322 4954 3600 5023 Siquidem
3649 4962 3703 5006 et

2118 5053 2293 5123 ignis,
2339 5067 2445 5106 non
2478 5051 2650 5105 solum
2678 5065 2798 5105 cum
2848 5050 3152 5112 illuminat,
3194 5057 3285 5100 aut
3331 5061 3455 5100 cum
3507 5059 3698 5097 aurum

2121 5152 2350 5213 purgat,
2383 5142 2477 5196 sed
2505 5143 2666 5196 etiam
2695 5157 2816 5195 cum
2858 5141 3040 5209 Spinas
3071 5136 3346 5202 absumit,
3395 5135 3503 5189 vim
3548 5149 3698 5188 suam

2124 5238 2355 5292 maxime
2387 5236 2624 5300 indicat,
2675 5245 2836 5304 atque
2879 5234 2981 5288 hac
3011 5232 3219 5286 ratione
3251 5230 3424 5300 ignem
3471 5243 3530 5284 se
3583 5242 3701 5283 esse

2122 5329 2470 5384 demonstrat.
2513 5325 2716 5381 Eodem
2747 5325 2906 5379 modo
2930 5323 3170 5378 Christus
3199 5323 3324 5376 hinc
3350 5333 3561 5392 quoque
3587 5334 3700 5372 ma-

2119 5421 2330 5491 jestatis
2355 5434 2466 5473 suae
2488 5418 2757 5488 specimen
2784 5415 2912 5479 edit,
2945 5430 3066 5469 eum
3090 5415 3200 5468 oris
3229 5412 3311 5467 sui
3331 5413 3519 5482 spiritu
3552 5407 3699 5460 Anti.

2123 5514 2385 5567 christum
2413 5511 2698 5582 opprimit,
2728 5525 2789 5564 ac
2821 5524 2915 5578 per
2942 5508 3228 5563 adventum
3263 5501 3562 5575 praesentiae
3589 5513 3699 5551 sure

2124 5604 2193 5658 de
2222 5602 2400 5658 medio
2446 5601 2603 5655 tollit.
2651 5598 2717 5653 Et
2759 5600 2826 5652 ad
2858 5599 2964 5652 hwc
2990 5603 3100 5667 quis
3129 5593 3388 5649 idoneus?
3431 5586 3699 5652 Quoniam

2127 5695 2405 5766 magnifice
2427 5695 2680 5765 quuutus
2710 5701 2829 5748 erat
2860 5693 3042 5746 dicens
3069 5731 3082 5754 ,
3116 5685 3313 5743 Christi
3343 5677 3658 5766 sacriﬁcium
3680 5718 3698 5744 ,

434 5790 690 5848 quutorcs
719 5780 817 5838 hoc
840 5781 1093 5852 facerent,
1127 5788 1181 5838 ut
1209 5779 1487 5838 univcréus
1513 5781 1656 5839 orbis
1685 5793 2007 5866 tum_corum
2034 5765 2090 5782 ν
2131 5765 2235 5858 ac,
2283 5788 2457 5845 Bonus
2504 5787 2635 5845 odor
2663 5801 2842 5842 sumus
2868 5823 2882 5852 ,
2933 5793 3123 5855 atque,
3172 5777 3374 5845 Ubique
3405 5765 3698 5836 ιπίυιιιιιιιει·
