  <div class='ocr_page' id='page_1' title='image "/cluster/home/n/w/nwhite01/storage/ocr_20150623/61/mdp.39015008622618/437.png"; bbox 0 0 4070 6152; ppageno 0'>
   <div class='ocr_carea' id='block_1_1' title="bbox 405 284 499 344">
    <p class='ocr_par' dir='ltr' id='par_1_1' title="bbox 405 284 499 344">
     <span class='ocr_line' id='line_1_1' title="bbox 405 284 499 344; baseline -0.011 -1"><span class='ocrx_word' id='word_1_1' title='bbox 405 284 499 344; x_wconf 61' lang='grc' dir='ltr'><strong>ιπι</strong></span> 
     </span>
    </p>
   </div>
   <div class='ocr_carea' id='block_1_2' title="bbox 407 386 1985 467">
    <p class='ocr_par' dir='ltr' id='par_1_2' title="bbox 407 386 1985 467">
     <span class='ocr_line' id='line_1_2' title="bbox 407 386 1985 467; baseline -0.01 -11"><span class='ocrx_word' id='word_1_2' title='bbox 407 415 526 456; x_wconf 75' lang='lat' dir='ltr'><strong>nius</strong></span> <span class='ocrx_word' id='word_1_3' title='bbox 549 443 563 467; x_wconf 90' lang='lat'><strong>,</strong></span> <span class='ocrx_word' id='word_1_4' title='bbox 597 413 778 455; x_wconf 83' lang='lat' dir='ltr'><strong>rursus</strong></span> <span class='ocrx_word' id='word_1_5' title='bbox 807 393 1169 450; x_wconf 71' lang='lat' dir='ltr'><strong>moderatione</strong></span> <span class='ocrx_word' id='word_1_6' title='bbox 1211 391 1415 455; x_wconf 94' lang='lat' dir='ltr'><strong>utitur,</strong></span> <span class='ocrx_word' id='word_1_7' title='bbox 1467 389 1577 444; x_wconf 88' lang='lat' dir='ltr'><strong>Deo</strong></span> <span class='ocrx_word' id='word_1_8' title='bbox 1618 398 1809 444; x_wconf 89' lang='lat' dir='ltr'><strong>cuneta</strong></span> <span class='ocrx_word' id='word_1_9' title='bbox 1852 386 1985 442; x_wconf 80' lang='lat' dir='ltr'><strong>assi-</strong></span> 
     </span>
    </p>
   </div>
   <div class='ocr_carea' id='block_1_3' title="bbox 409 479 1983 562">
    <p class='ocr_par' dir='ltr' id='par_1_3' title="bbox 409 479 1983 562">
     <span class='ocr_line' id='line_1_3' title="bbox 409 479 1983 562; baseline -0.007 -19"><span class='ocrx_word' id='word_1_10' title='bbox 409 507 597 562; x_wconf 86' lang='lat' dir='ltr'><strong>gnans,</strong></span> <span class='ocrx_word' id='word_1_11' title='bbox 619 491 688 544; x_wconf 89' lang='lat' dir='ltr'><strong>ob</strong></span> <span class='ocrx_word' id='word_1_12' title='bbox 713 487 871 557; x_wconf 83' lang='lat' dir='ltr'><strong>idque</strong></span> <span class='ocrx_word' id='word_1_13' title='bbox 892 487 986 551; x_wconf 91' lang='lat' dir='ltr'><strong>ait,</strong></span> <span class='ocrx_word' id='word_1_14' title='bbox 1005 484 1066 538; x_wconf 80' lang='lat' dir='ltr'><strong>Et</strong></span> <span class='ocrx_word' id='word_1_15' title='bbox 1088 483 1155 536; x_wconf 86' lang='lat' dir='ltr'><strong>ad</strong></span> <span class='ocrx_word' id='word_1_16' title='bbox 1176 483 1284 536; x_wconf 72' lang='lat' dir='ltr'><strong>hcc</strong></span> <span class='ocrx_word' id='word_1_17' title='bbox 1303 481 1414 551; x_wconf 87' lang='lat' dir='ltr'><strong>quis</strong></span> <span class='ocrx_word' id='word_1_18' title='bbox 1436 480 1649 534; x_wconf 84' lang='lat' dir='ltr'><strong>idoneus</strong></span> <span class='ocrx_word' id='word_1_19' title='bbox 1669 480 1691 532; x_wconf 88' lang='lat'><strong><em>?</em></strong></span> <span class='ocrx_word' id='word_1_20' title='bbox 1712 479 1820 533; x_wconf 76' lang='lat' dir='ltr'><strong>[loc</strong></span> <span class='ocrx_word' id='word_1_21' title='bbox 1840 479 1983 533; x_wconf 88' lang='lat' dir='ltr'><strong>enim</strong></span> 
     </span>
    </p>
   </div>
   <div class='ocr_carea' id='block_1_4' title="bbox 409 571 1985 646">
    <p class='ocr_par' dir='ltr' id='par_1_4' title="bbox 409 571 1985 646">
     <span class='ocr_line' id='line_1_4' title="bbox 409 571 1985 646; baseline -0.009 -6"><span class='ocrx_word' id='word_1_22' title='bbox 409 593 579 640; x_wconf 84' lang='lat' dir='ltr'><strong>totum</strong></span> <span class='ocrx_word' id='word_1_23' title='bbox 609 579 802 636; x_wconf 76' lang='lat' dir='ltr'><strong>Christi</strong></span> <span class='ocrx_word' id='word_1_24' title='bbox 830 587 907 633; x_wconf 85' lang='lat' dir='ltr'><strong>est</strong></span> <span class='ocrx_word' id='word_1_25' title='bbox 929 614 947 643; x_wconf 96' lang='lat'><strong>,</strong></span> <span class='ocrx_word' id='word_1_26' title='bbox 982 575 1153 646; x_wconf 89' lang='lat' dir='ltr'><strong>inquit</strong></span> <span class='ocrx_word' id='word_1_27' title='bbox 1187 593 1199 628; x_wconf 92' lang='lat'><strong>:</strong></span> <span class='ocrx_word' id='word_1_28' title='bbox 1227 572 1360 628; x_wconf 84' lang='lat' dir='ltr'><strong>nihil</strong></span> <span class='ocrx_word' id='word_1_29' title='bbox 1385 582 1469 628; x_wconf 89' lang='lat' dir='ltr'><strong>est</strong></span> <span class='ocrx_word' id='word_1_30' title='bbox 1494 571 1634 642; x_wconf 90' lang='lat' dir='ltr'><strong>quod</strong></span> <span class='ocrx_word' id='word_1_31' title='bbox 1661 573 1816 627; x_wconf 91' lang='lat' dir='ltr'><strong>nobis</strong></span> <span class='ocrx_word' id='word_1_32' title='bbox 1835 587 1985 626; x_wconf 85' lang='lat' dir='ltr'><strong>arro-</strong></span> 
     </span>
    </p>
   </div>
   <div class='ocr_carea' id='block_1_5' title="bbox 407 664 1984 746">
    <p class='ocr_par' dir='ltr' id='par_1_5' title="bbox 407 664 1984 746">
     <span class='ocr_line' id='line_1_5' title="bbox 407 664 1984 746; baseline -0.005 -18"><span class='ocrx_word' id='word_1_33' title='bbox 407 689 613 746; x_wconf 83' lang='lat' dir='ltr'><strong>gemus.</strong></span> <span class='ocrx_word' id='word_1_34' title='bbox 664 671 849 727; x_wconf 74' lang='lat' dir='ltr'><strong>Viden&#39;</strong></span> <span class='ocrx_word' id='word_1_35' title='bbox 894 668 1164 739; x_wconf 88' lang='lat' dir='ltr'><strong>quomodo</strong></span> <span class='ocrx_word' id='word_1_36' title='bbox 1206 680 1364 722; x_wconf 86' lang='lat' dir='ltr'><strong>secus</strong></span> <span class='ocrx_word' id='word_1_37' title='bbox 1390 681 1550 736; x_wconf 89' lang='lat' dir='ltr'><strong>quam</strong></span> <span class='ocrx_word' id='word_1_38' title='bbox 1583 664 1984 735; x_wconf 88' lang='lat' dir='ltr'><strong>pseudapostoli</strong></span> 
     </span>
    </p>
   </div>
   <div class='ocr_carea' id='block_1_6' title="bbox 407 757 1984 836">
    <p class='ocr_par' dir='ltr' id='par_1_6' title="bbox 407 757 1984 836">
     <span class='ocr_line' id='line_1_6' title="bbox 407 757 1984 836; baseline -0.005 -16"><span class='ocrx_word' id='word_1_39' title='bbox 407 764 696 836; x_wconf 80' lang='lat' dir='ltr'><strong>loquatur?</strong></span> <span class='ocrx_word' id='word_1_40' title='bbox 727 763 936 818; x_wconf 86' lang='lat' dir='ltr'><strong>Etenim</strong></span> <span class='ocrx_word' id='word_1_41' title='bbox 966 761 1038 816; x_wconf 89' lang='lat' dir='ltr'><strong>illi</strong></span> <span class='ocrx_word' id='word_1_42' title='bbox 1067 760 1454 831; x_wconf 71' lang='lat' dir='ltr'><strong>gloriabantur,</strong></span> <span class='ocrx_word' id='word_1_43' title='bbox 1489 757 1711 828; x_wconf 83' lang='lat' dir='ltr'><strong>perinde</strong></span> <span class='ocrx_word' id='word_1_44' title='bbox 1738 773 1799 813; x_wconf 90' lang='lat' dir='ltr'><strong>ac</strong></span> <span class='ocrx_word' id='word_1_45' title='bbox 1831 759 1874 813; x_wconf 92' lang='lat' dir='ltr'><strong>si</strong></span> <span class='ocrx_word' id='word_1_46' title='bbox 1915 757 1984 813; x_wconf 81' lang='lat' dir='ltr'><strong>ad</strong></span> 
     </span>
    </p>
   </div>
   <div class='ocr_carea' id='block_1_7' title="bbox 407 849 1984 926">
    <p class='ocr_par' dir='ltr' id='par_1_7' title="bbox 407 849 1984 926">
     <span class='ocr_line' id='line_1_7' title="bbox 407 849 1984 926; baseline -0.001 -22"><span class='ocrx_word' id='word_1_47' title='bbox 407 852 838 926; x_wconf 64' lang='lat' dir='ltr'><strong>praedicationem</strong></span> <span class='ocrx_word' id='word_1_48' title='bbox 863 851 1065 922; x_wconf 84' lang='lat' dir='ltr'><strong>aliquid</strong></span> <span class='ocrx_word' id='word_1_49' title='bbox 1098 867 1163 906; x_wconf 83' lang='lat' dir='ltr'><strong>ex</strong></span> <span class='ocrx_word' id='word_1_50' title='bbox 1189 865 1250 906; x_wconf 90' lang='lat' dir='ltr'><strong>se</strong></span> <span class='ocrx_word' id='word_1_51' title='bbox 1271 850 1562 917; x_wconf 85' lang='lat' dir='ltr'><strong>afferrent;</strong></span> <span class='ocrx_word' id='word_1_52' title='bbox 1597 849 1685 904; x_wconf 89' lang='lat' dir='ltr'><strong>hic</strong></span> <span class='ocrx_word' id='word_1_53' title='bbox 1713 857 1892 904; x_wconf 90' lang='lat' dir='ltr'><strong>autem</strong></span> <span class='ocrx_word' id='word_1_54' title='bbox 1918 863 1984 903; x_wconf 92' lang='lat' dir='ltr'><strong>eo</strong></span> 
     </span>
    </p>
   </div>
   <div class='ocr_carea' id='block_1_8' title="bbox 409 940 1985 1015">
    <p class='ocr_par' dir='ltr' id='par_1_8' title="bbox 409 940 1985 1015">
     <span class='ocr_line' id='line_1_8' title="bbox 409 940 1985 1015; baseline -0.006 -13"><span class='ocrx_word' id='word_1_55' title='bbox 409 948 625 1002; x_wconf 90' lang='lat' dir='ltr'><strong>nomine</strong></span> <span class='ocrx_word' id='word_1_56' title='bbox 655 961 713 1000; x_wconf 90' lang='lat' dir='ltr'><strong>se</strong></span> <span class='ocrx_word' id='word_1_57' title='bbox 741 945 959 1015; x_wconf 87' lang='lat' dir='ltr'><strong>gloriari</strong></span> <span class='ocrx_word' id='word_1_58' title='bbox 986 945 1063 998; x_wconf 78' lang='lat' dir='ltr'><strong>ait</strong></span> <span class='ocrx_word' id='word_1_59' title='bbox 1089 985 1104 1008; x_wconf 96' lang='lat'><strong>,</strong></span> <span class='ocrx_word' id='word_1_60' title='bbox 1137 942 1280 1013; x_wconf 76' lang='lat' dir='ltr'><strong>quod</strong></span> <span class='ocrx_word' id='word_1_61' title='bbox 1309 941 1440 996; x_wconf 76' lang='lat' dir='ltr'><strong>nihil</strong></span> <span class='ocrx_word' id='word_1_62' title='bbox 1469 943 1638 1012; x_wconf 85' lang='lat' dir='ltr'><strong>ipsius</strong></span> <span class='ocrx_word' id='word_1_63' title='bbox 1665 941 1734 996; x_wconf 91' lang='lat' dir='ltr'><strong>sit</strong></span> <span class='ocrx_word' id='word_1_64' title='bbox 1761 957 1776 994; x_wconf 89' lang='lat'><strong>:</strong></span> <span class='ocrx_word' id='word_1_65' title='bbox 1802 940 1985 994; x_wconf 80' lang='lat' dir='ltr'><strong>Gloria</strong></span> 
     </span>
    </p>
   </div>
   <div class='ocr_carea' id='block_1_9' title="bbox 403 1033 1986 1104">
    <p class='ocr_par' dir='ltr' id='par_1_9' title="bbox 403 1033 1986 1104">
     <span class='ocr_line' id='line_1_9' title="bbox 403 1033 1986 1104; baseline -0.004 -12"><span class='ocrx_word' id='word_1_66' title='bbox 403 1040 548 1094; x_wconf 82' lang='lat' dir='ltr'><strong>enim</strong></span> <span class='ocrx_word' id='word_1_67' title='bbox 576 1046 749 1092; x_wconf 84' lang='lat' dir='ltr'><strong>nostra</strong></span> <span class='ocrx_word' id='word_1_68' title='bbox 780 1037 888 1092; x_wconf 76' lang='lat' dir='ltr'><strong>hth</strong></span> <span class='ocrx_word' id='word_1_69' title='bbox 917 1045 991 1089; x_wconf 86' lang='lat' dir='ltr'><strong>est</strong></span> <span class='ocrx_word' id='word_1_70' title='bbox 1014 1077 1028 1101; x_wconf 91' lang='lat'><strong>,</strong></span> <span class='ocrx_word' id='word_1_71' title='bbox 1061 1035 1231 1104; x_wconf 86' lang='lat' dir='ltr'><strong>inquit</strong></span> <span class='ocrx_word' id='word_1_72' title='bbox 1253 1075 1266 1098; x_wconf 94' lang='lat'><strong>,</strong></span> <span class='ocrx_word' id='word_1_73' title='bbox 1298 1033 1640 1088; x_wconf 86' lang='lat' dir='ltr'><strong>testimonium</strong></span> <span class='ocrx_word' id='word_1_74' title='bbox 1664 1033 1986 1087; x_wconf 69' lang='lat' dir='ltr'><strong>conscientiae</strong></span> 
     </span>
    </p>
   </div>
   <div class='ocr_carea' id='block_1_10' title="bbox 404 1122 1984 1194">
    <p class='ocr_par' dir='ltr' id='par_1_10' title="bbox 404 1122 1984 1194">
     <span class='ocr_line' id='line_1_10' title="bbox 404 1122 1984 1194; baseline -0.006 -10"><span class='ocrx_word' id='word_1_75' title='bbox 404 1136 610 1194; x_wconf 61' lang='lat' dir='ltr'><strong>nostra,</strong></span> <span class='ocrx_word' id='word_1_76' title='bbox 641 1127 880 1194; x_wconf 79' lang='lat' dir='ltr'><strong>quoniam</strong></span> <span class='ocrx_word' id='word_1_77' title='bbox 909 1141 1010 1179; x_wconf 89' lang='lat' dir='ltr'><strong>non</strong></span> <span class='ocrx_word' id='word_1_78' title='bbox 1035 1125 1090 1179; x_wconf 88' lang='lat' dir='ltr'><strong>in</strong></span> <span class='ocrx_word' id='word_1_79' title='bbox 1114 1125 1365 1194; x_wconf 71' lang='lat' dir='ltr'><strong>sapientia</strong></span> <span class='ocrx_word' id='word_1_80' title='bbox 1388 1122 1605 1190; x_wconf 75' lang='lat' dir='ltr'><strong>carnali,</strong></span> <span class='ocrx_word' id='word_1_81' title='bbox 1628 1123 1716 1177; x_wconf 82' lang='lat' dir='ltr'><strong>sed</strong></span> <span class='ocrx_word' id='word_1_82' title='bbox 1737 1123 1789 1175; x_wconf 89' lang='lat' dir='ltr'><strong>in</strong></span> <span class='ocrx_word' id='word_1_83' title='bbox 1817 1122 1984 1192; x_wconf 86' lang='lat' dir='ltr'><strong>gratia</strong></span> 
     </span>
    </p>
   </div>
   <div class='ocr_carea' id='block_1_11' title="bbox 408 1201 1984 1285">
    <p class='ocr_par' dir='ltr' id='par_1_11' title="bbox 408 1201 1984 1285">
     <span class='ocr_line' id='line_1_11' title="bbox 408 1201 1984 1285; baseline -0.004 -13"><span class='ocrx_word' id='word_1_84' title='bbox 408 1219 500 1273; x_wconf 86' lang='lat' dir='ltr'><strong>Dei</strong></span> <span class='ocrx_word' id='word_1_85' title='bbox 529 1219 807 1274; x_wconf 66' lang='grc' dir='ltr'><strong>βοηθεῖταιὶ</strong></span> <span class='ocrx_word' id='word_1_86' title='bbox 834 1233 1006 1271; x_wconf 85' lang='lat' dir='ltr'><strong>sumus</strong></span> <span class='ocrx_word' id='word_1_87' title='bbox 1040 1217 1093 1270; x_wconf 89' lang='lat' dir='ltr'><strong>in</strong></span> <span class='ocrx_word' id='word_1_88' title='bbox 1137 1215 1324 1270; x_wconf 83' lang='lat' dir='ltr'><strong>mundo</strong></span> <span class='ocrx_word' id='word_1_89' title='bbox 1351 1215 1438 1285; x_wconf 71' lang='grc'><strong>(2.</strong></span> <span class='ocrx_word' id='word_1_90' title='bbox 1473 1212 1591 1269; x_wconf 83' lang='lat' dir='ltr'><strong>Cor.</strong></span> <span class='ocrx_word' id='word_1_91' title='bbox 1644 1201 1692 1268; x_wconf 82' lang='grc'><strong>1.</strong></span> <span class='ocrx_word' id='word_1_92' title='bbox 1742 1214 1853 1283; x_wconf 76' lang='grc'><strong>12).</strong></span> <span class='ocrx_word' id='word_1_93' title='bbox 1901 1211 1984 1267; x_wconf 88' lang='lat' dir='ltr'><strong>Ob</strong></span> 
     </span>
    </p>
   </div>
   <div class='ocr_carea' id='block_1_12' title="bbox 405 1303 1982 1380">
    <p class='ocr_par' dir='ltr' id='par_1_12' title="bbox 405 1303 1982 1380">
     <span class='ocr_line' id='line_1_12' title="bbox 405 1303 1982 1380; baseline -0.006 -15"><span class='ocrx_word' id='word_1_94' title='bbox 405 1309 557 1380; x_wconf 84' lang='lat' dir='ltr'><strong>cujus</strong></span> <span class='ocrx_word' id='word_1_95' title='bbox 582 1309 698 1374; x_wconf 90' lang='lat' dir='ltr'><strong>rei,</strong></span> <span class='ocrx_word' id='word_1_96' title='bbox 731 1308 832 1362; x_wconf 90' lang='lat' dir='ltr'><strong>hoc</strong></span> <span class='ocrx_word' id='word_1_97' title='bbox 857 1316 940 1362; x_wconf 86' lang='lat' dir='ltr'><strong>est</strong></span> <span class='ocrx_word' id='word_1_98' title='bbox 963 1317 1200 1362; x_wconf 72' lang='lat' dir='ltr'><strong>externa:</strong></span> <span class='ocrx_word' id='word_1_99' title='bbox 1229 1305 1508 1374; x_wconf 68' lang='lat' dir='ltr'><strong>sapientia:</strong></span> <span class='ocrx_word' id='word_1_100' title='bbox 1539 1345 1553 1369; x_wconf 91' lang='lat'><strong>,</strong></span> <span class='ocrx_word' id='word_1_101' title='bbox 1588 1303 1932 1374; x_wconf 85' lang='lat' dir='ltr'><strong>adeptionem</strong></span> <span class='ocrx_word' id='word_1_102' title='bbox 1964 1343 1982 1368; x_wconf 93' lang='lat'><strong>,</strong></span> 
     </span>
    </p>
   </div>
   <div class='ocr_carea' id='block_1_13' title="bbox 404 1392 1982 1470">
    <p class='ocr_par' dir='ltr' id='par_1_13' title="bbox 404 1392 1982 1470">
     <span class='ocr_line' id='line_1_13' title="bbox 404 1392 1982 1470; baseline -0.004 -18"><span class='ocrx_word' id='word_1_103' title='bbox 404 1399 736 1470; x_wconf 86' lang='lat' dir='ltr'><strong>gloriandum</strong></span> <span class='ocrx_word' id='word_1_104' title='bbox 762 1398 862 1452; x_wconf 86' lang='lat' dir='ltr'><strong>sibi</strong></span> <span class='ocrx_word' id='word_1_105' title='bbox 892 1397 966 1452; x_wconf 81' lang='lat' dir='ltr'><strong>illi</strong></span> <span class='ocrx_word' id='word_1_106' title='bbox 997 1397 1400 1460; x_wconf 86' lang='lat' dir='ltr'><strong>existimabant,</strong></span> <span class='ocrx_word' id='word_1_107' title='bbox 1423 1393 1490 1449; x_wconf 91' lang='lat' dir='ltr'><strong>de</strong></span> <span class='ocrx_word' id='word_1_108' title='bbox 1512 1393 1670 1462; x_wconf 80' lang='lat' dir='ltr'><strong>hujus</strong></span> <span class='ocrx_word' id='word_1_109' title='bbox 1696 1393 1774 1448; x_wconf 91' lang='lat' dir='ltr'><strong>rei</strong></span> <span class='ocrx_word' id='word_1_110' title='bbox 1805 1392 1982 1447; x_wconf 86' lang='lat' dir='ltr'><strong>subla-</strong></span> 
     </span>
    </p>
   </div>
   <div class='ocr_carea' id='block_1_14' title="bbox 405 1483 1980 1560">
    <p class='ocr_par' dir='ltr' id='par_1_14' title="bbox 405 1483 1980 1560">
     <span class='ocr_line' id='line_1_14' title="bbox 405 1483 1980 1560; baseline -0.006 -16"><span class='ocrx_word' id='word_1_111' title='bbox 405 1493 552 1544; x_wconf 83' lang='lat' dir='ltr'><strong>tione</strong></span> <span class='ocrx_word' id='word_1_112' title='bbox 582 1489 667 1544; x_wconf 85' lang='lat' dir='ltr'><strong>hic</strong></span> <span class='ocrx_word' id='word_1_113' title='bbox 691 1489 952 1560; x_wconf 76' lang='lat' dir='ltr'><strong>gloriatur</strong></span> <span class='ocrx_word' id='word_1_114' title='bbox 982 1504 996 1542; x_wconf 89' lang='lat'><strong>:</strong></span> <span class='ocrx_word' id='word_1_115' title='bbox 1032 1488 1172 1543; x_wconf 90' lang='lat' dir='ltr'><strong>unde</strong></span> <span class='ocrx_word' id='word_1_116' title='bbox 1196 1488 1356 1542; x_wconf 90' lang='lat' dir='ltr'><strong>etiam</strong></span> <span class='ocrx_word' id='word_1_117' title='bbox 1388 1487 1492 1541; x_wconf 89' lang='lat' dir='ltr'><strong>hoc</strong></span> <span class='ocrx_word' id='word_1_118' title='bbox 1527 1487 1647 1543; x_wconf 92' lang='lat' dir='ltr'><strong>loco</strong></span> <span class='ocrx_word' id='word_1_119' title='bbox 1675 1486 1787 1552; x_wconf 89' lang='lat' dir='ltr'><strong>ait,</strong></span> <span class='ocrx_word' id='word_1_120' title='bbox 1822 1483 1889 1537; x_wconf 86' lang='lat' dir='ltr'><strong>Et</strong></span> <span class='ocrx_word' id='word_1_121' title='bbox 1912 1484 1980 1536; x_wconf 81' lang='lat' dir='ltr'><strong>ad</strong></span> 
     </span>
    </p>
   </div>
   <div class='ocr_carea' id='block_1_15' title="bbox 406 1577 1983 1650">
    <p class='ocr_par' dir='ltr' id='par_1_15' title="bbox 406 1577 1983 1650">
     <span class='ocr_line' id='line_1_15' title="bbox 406 1577 1983 1650; baseline -0.005 -15"><span class='ocrx_word' id='word_1_122' title='bbox 406 1587 514 1636; x_wconf 69' lang='lat' dir='ltr'><strong>hare</strong></span> <span class='ocrx_word' id='word_1_123' title='bbox 540 1583 650 1650; x_wconf 78' lang='lat' dir='ltr'><strong>quis</strong></span> <span class='ocrx_word' id='word_1_124' title='bbox 691 1580 947 1634; x_wconf 76' lang='lat' dir='ltr'><strong>idoneus?</strong></span> <span class='ocrx_word' id='word_1_125' title='bbox 991 1579 1145 1646; x_wconf 84' lang='lat' dir='ltr'><strong>Quod</strong></span> <span class='ocrx_word' id='word_1_126' title='bbox 1185 1579 1231 1634; x_wconf 93' lang='lat' dir='ltr'><strong>si</strong></span> <span class='ocrx_word' id='word_1_127' title='bbox 1280 1579 1499 1633; x_wconf 88' lang='lat' dir='ltr'><strong>minime</strong></span> <span class='ocrx_word' id='word_1_128' title='bbox 1531 1577 1710 1632; x_wconf 84' lang='lat' dir='ltr'><strong>idonei</strong></span> <span class='ocrx_word' id='word_1_129' title='bbox 1757 1590 1940 1630; x_wconf 83' lang='lat' dir='ltr'><strong>sumus</strong></span> <span class='ocrx_word' id='word_1_130' title='bbox 1967 1614 1983 1636; x_wconf 93' lang='lat'><strong>,</strong></span> 
     </span>
    </p>
   </div>
   <div class='ocr_carea' id='block_1_16' title="bbox 407 1666 1984 1742">
    <p class='ocr_par' dir='ltr' id='par_1_16' title="bbox 407 1666 1984 1742">
     <span class='ocr_line' id='line_1_16' title="bbox 407 1666 1984 1742; baseline -0.004 -18"><span class='ocrx_word' id='word_1_131' title='bbox 407 1672 591 1742; x_wconf 68' lang='lat' dir='ltr'><strong>gratiae</strong></span> <span class='ocrx_word' id='word_1_132' title='bbox 624 1671 866 1741; x_wconf 85' lang='lat' dir='ltr'><strong>profecto</strong></span> <span class='ocrx_word' id='word_1_133' title='bbox 897 1670 949 1724; x_wconf 93' lang='lat' dir='ltr'><strong>id</strong></span> <span class='ocrx_word' id='word_1_134' title='bbox 977 1678 1061 1724; x_wconf 91' lang='lat' dir='ltr'><strong>est</strong></span> <span class='ocrx_word' id='word_1_135' title='bbox 1101 1669 1241 1740; x_wconf 90' lang='lat' dir='ltr'><strong>quod</strong></span> <span class='ocrx_word' id='word_1_136' title='bbox 1268 1670 1494 1740; x_wconf 85' lang='lat' dir='ltr'><strong>geritur.</strong></span> <span class='ocrx_word' id='word_1_137' title='bbox 1546 1670 1664 1726; x_wconf 84' lang='lat' dir='ltr'><strong>l7.,</strong></span> <span class='ocrx_word' id='word_1_138' title='bbox 1684 1666 1806 1721; x_wconf 82' lang='lat' dir='ltr'><strong>Non</strong></span> <span class='ocrx_word' id='word_1_139' title='bbox 1852 1666 1984 1720; x_wconf 82' lang='lat' dir='ltr'><strong>enim</strong></span> 
     </span>
    </p>
   </div>
   <div class='ocr_carea' id='block_1_17' title="bbox 408 1759 1696 1832">
    <p class='ocr_par' dir='ltr' id='par_1_17' title="bbox 408 1759 1696 1832">
     <span class='ocr_line' id='line_1_17' title="bbox 408 1759 1696 1832; baseline -0.002 -16"><span class='ocrx_word' id='word_1_140' title='bbox 408 1779 579 1816; x_wconf 87' lang='lat' dir='ltr'><strong>sumus</strong></span> <span class='ocrx_word' id='word_1_141' title='bbox 607 1763 735 1815; x_wconf 87' lang='lat' dir='ltr'><strong>sicut</strong></span> <span class='ocrx_word' id='word_1_142' title='bbox 761 1761 940 1832; x_wconf 85' lang='lat' dir='ltr'><strong>reliqui</strong></span> <span class='ocrx_word' id='word_1_143' title='bbox 966 1759 1311 1814; x_wconf 80' lang='lat' dir='ltr'><strong>adulterantes</strong></span> <span class='ocrx_word' id='word_1_144' title='bbox 1342 1761 1547 1814; x_wconf 81' lang='lat' dir='ltr'><strong>verbum</strong></span> <span class='ocrx_word' id='word_1_145' title='bbox 1579 1759 1696 1813; x_wconf 87' lang='lat' dir='ltr'><strong>Dei.</strong></span> 
     </span>
    </p>
   </div>
   <div class='ocr_carea' id='block_1_18' title="bbox 417 1839 1976 1922">
    <p class='ocr_par' dir='ltr' id='par_1_18' title="bbox 417 1839 1976 1922">
     <span class='ocr_line' id='line_1_18' title="bbox 417 1839 1976 1922; baseline -0.004 -13"><span class='ocrx_word' id='word_1_146' title='bbox 417 1839 421 1844; x_wconf 13' lang='grc' dir='ltr'><strong><em>ἡ</em></strong></span> <span class='ocrx_word' id='word_1_147' title='bbox 475 1856 524 1909; x_wconf 81' lang='grc'><strong>5.</strong></span> <span class='ocrx_word' id='word_1_148' title='bbox 553 1853 682 1908; x_wconf 83' lang='lat' dir='ltr'><strong>Nam</strong></span> <span class='ocrx_word' id='word_1_149' title='bbox 709 1853 808 1907; x_wconf 80' lang='lat' dir='ltr'><strong>etsi</strong></span> <span class='ocrx_word' id='word_1_150' title='bbox 837 1866 1022 1922; x_wconf 87' lang='lat' dir='ltr'><strong>magna</strong></span> <span class='ocrx_word' id='word_1_151' title='bbox 1049 1851 1289 1921; x_wconf 66' lang='lat' dir='ltr'><strong>quaedam</strong></span> <span class='ocrx_word' id='word_1_152' title='bbox 1321 1851 1608 1921; x_wconf 83' lang='lat' dir='ltr'><strong>loquimur,</strong></span> <span class='ocrx_word' id='word_1_153' title='bbox 1643 1858 1820 1904; x_wconf 90' lang='lat' dir='ltr'><strong>tamen</strong></span> <span class='ocrx_word' id='word_1_154' title='bbox 1845 1847 1976 1902; x_wconf 86' lang='lat' dir='ltr'><strong>nihil</strong></span> 
     </span>
    </p>
   </div>
   <div class='ocr_carea' id='block_1_19' title="bbox 412 1937 1985 2014">
    <p class='ocr_par' dir='ltr' id='par_1_19' title="bbox 412 1937 1985 2014">
     <span class='ocr_line' id='line_1_19' title="bbox 412 1937 1985 2014; baseline -0.006 -14"><span class='ocrx_word' id='word_1_155' title='bbox 412 1953 593 2000; x_wconf 91' lang='lat' dir='ltr'><strong>nostra</strong></span> <span class='ocrx_word' id='word_1_156' title='bbox 621 1959 783 2014; x_wconf 84' lang='lat' dir='ltr'><strong>opera</strong></span> <span class='ocrx_word' id='word_1_157' title='bbox 806 1954 954 1998; x_wconf 89' lang='lat' dir='ltr'><strong>recte</strong></span> <span class='ocrx_word' id='word_1_158' title='bbox 985 1942 1182 1997; x_wconf 86' lang='lat' dir='ltr'><strong>factum</strong></span> <span class='ocrx_word' id='word_1_159' title='bbox 1231 1942 1416 2008; x_wconf 90' lang='lat' dir='ltr'><strong>fuisse,</strong></span> <span class='ocrx_word' id='word_1_160' title='bbox 1449 1941 1542 1996; x_wconf 89' lang='lat' dir='ltr'><strong>sed</strong></span> <span class='ocrx_word' id='word_1_161' title='bbox 1582 1941 1758 1994; x_wconf 85' lang='lat' dir='ltr'><strong>omnia</strong></span> <span class='ocrx_word' id='word_1_162' title='bbox 1786 1937 1985 1992; x_wconf 87' lang='lat' dir='ltr'><strong>Christi</strong></span> 
     </span>
    </p>
   </div>
   <div class='ocr_carea' id='block_1_20' title="bbox 409 2029 1986 2106">
    <p class='ocr_par' dir='ltr' id='par_1_20' title="bbox 409 2029 1986 2106">
     <span class='ocr_line' id='line_1_20' title="bbox 409 2029 1986 2106; baseline -0.008 -12"><span class='ocrx_word' id='word_1_163' title='bbox 409 2032 529 2095; x_wconf 86' lang='lat' dir='ltr'><strong>esse</strong></span> <span class='ocrx_word' id='word_1_164' title='bbox 559 2038 1026 2106; x_wconf 82' lang='lat' dir='ltr'><strong>diximuszneqne</strong></span> <span class='ocrx_word' id='word_1_165' title='bbox 1071 2036 1215 2091; x_wconf 82' lang='lat' dir='ltr'><strong>enim</strong></span> <span class='ocrx_word' id='word_1_166' title='bbox 1263 2032 1708 2104; x_wconf 89' lang='lat' dir='ltr'><strong>pseudapostolos</strong></span> <span class='ocrx_word' id='word_1_167' title='bbox 1753 2029 1986 2085; x_wconf 89' lang='lat' dir='ltr'><strong>imitabi-</strong></span> 
     </span>
    </p>
   </div>
   <div class='ocr_carea' id='block_1_21' title="bbox 409 2125 1986 2200">
    <p class='ocr_par' dir='ltr' id='par_1_21' title="bbox 409 2125 1986 2200">
     <span class='ocr_line' id='line_1_21' title="bbox 409 2125 1986 2200; baseline -0.006 -14"><span class='ocrx_word' id='word_1_168' title='bbox 409 2147 547 2196; x_wconf 88' lang='lat' dir='ltr'><strong>mur,</strong></span> <span class='ocrx_word' id='word_1_169' title='bbox 578 2130 668 2200; x_wconf 88' lang='lat' dir='ltr'><strong>qui</strong></span> <span class='ocrx_word' id='word_1_170' title='bbox 696 2130 947 2200; x_wconf 84' lang='lat' dir='ltr'><strong>pleraque</strong></span> <span class='ocrx_word' id='word_1_171' title='bbox 971 2143 1065 2183; x_wconf 86' lang='lat' dir='ltr'><strong>sua</strong></span> <span class='ocrx_word' id='word_1_172' title='bbox 1093 2143 1210 2184; x_wconf 87' lang='lat' dir='ltr'><strong>esse</strong></span> <span class='ocrx_word' id='word_1_173' title='bbox 1238 2127 1440 2182; x_wconf 89' lang='lat' dir='ltr'><strong>dicunt.</strong></span> <span class='ocrx_word' id='word_1_174' title='bbox 1471 2126 1581 2180; x_wconf 30' lang='lat' dir='ltr'><strong>l‘loc</strong></span> <span class='ocrx_word' id='word_1_175' title='bbox 1601 2125 1742 2180; x_wconf 91' lang='lat' dir='ltr'><strong>enim</strong></span> <span class='ocrx_word' id='word_1_176' title='bbox 1765 2133 1986 2180; x_wconf 87' lang='lat' dir='ltr'><strong>estcau-</strong></span> 
     </span>
    </p>
   </div>
   <div class='ocr_carea' id='block_1_22' title="bbox 345 2215 1986 2294">
    <p class='ocr_par' dir='ltr' id='par_1_22' title="bbox 345 2215 1986 2294">
     <span class='ocr_line' id='line_1_22' title="bbox 345 2215 1986 2294; baseline -0.005 -17"><span class='ocrx_word' id='word_1_177' title='bbox 345 2276 355 2285; x_wconf 85' lang='grc'><em>,</em></span> <span class='ocrx_word' id='word_1_178' title='bbox 410 2224 617 2294; x_wconf 76' lang='lat' dir='ltr'><strong>portari,</strong></span> <span class='ocrx_word' id='word_1_179' title='bbox 648 2237 767 2278; x_wconf 89' lang='lat' dir='ltr'><strong>cum</strong></span> <span class='ocrx_word' id='word_1_180' title='bbox 795 2223 912 2292; x_wconf 88' lang='lat' dir='ltr'><strong>quis</strong></span> <span class='ocrx_word' id='word_1_181' title='bbox 937 2222 1119 2276; x_wconf 82' lang='lat' dir='ltr'><strong>vinum</strong></span> <span class='ocrx_word' id='word_1_182' title='bbox 1147 2219 1445 2284; x_wconf 83' lang='lat' dir='ltr'><strong>adulterat;</strong></span> <span class='ocrx_word' id='word_1_183' title='bbox 1478 2234 1598 2273; x_wconf 89' lang='lat' dir='ltr'><strong>cum</strong></span> <span class='ocrx_word' id='word_1_184' title='bbox 1628 2216 1745 2287; x_wconf 86' lang='lat' dir='ltr'><strong>quis</strong></span> <span class='ocrx_word' id='word_1_185' title='bbox 1765 2215 1986 2286; x_wconf 84' lang='lat' dir='ltr'><strong>pecunia</strong></span> 
     </span>
    </p>
   </div>
   <div class='ocr_carea' id='block_1_23' title="bbox 411 2307 1986 2384">
    <p class='ocr_par' dir='ltr' id='par_1_23' title="bbox 411 2307 1986 2384">
     <span class='ocr_line' id='line_1_23' title="bbox 411 2307 1986 2384; baseline -0.006 -16"><span class='ocrx_word' id='word_1_186' title='bbox 411 2316 462 2370; x_wconf 87' lang='lat' dir='ltr'><strong>id</strong></span> <span class='ocrx_word' id='word_1_187' title='bbox 494 2315 696 2379; x_wconf 83' lang='lat' dir='ltr'><strong>vendit,</strong></span> <span class='ocrx_word' id='word_1_188' title='bbox 729 2314 868 2383; x_wconf 83' lang='lat' dir='ltr'><strong>quod</strong></span> <span class='ocrx_word' id='word_1_189' title='bbox 890 2316 1054 2384; x_wconf 79' lang='lat' dir='ltr'><strong>gratis</strong></span> <span class='ocrx_word' id='word_1_190' title='bbox 1081 2312 1207 2366; x_wconf 85' lang='lat' dir='ltr'><strong>dare</strong></span> <span class='ocrx_word' id='word_1_191' title='bbox 1242 2311 1491 2366; x_wconf 81' lang='lat' dir='ltr'><strong>debebat.</strong></span> <span class='ocrx_word' id='word_1_192' title='bbox 1529 2310 1638 2363; x_wconf 91' lang='lat' dir='ltr'><strong>lloc</strong></span> <span class='ocrx_word' id='word_1_193' title='bbox 1676 2311 1818 2362; x_wconf 87' lang='lat' dir='ltr'><strong>enim</strong></span> <span class='ocrx_word' id='word_1_194' title='bbox 1867 2307 1986 2360; x_wconf 87' lang='lat' dir='ltr'><strong>loco</strong></span> 
     </span>
    </p>
   </div>
   <div class='ocr_carea' id='block_1_24' title="bbox 403 2397 1987 2474">
    <p class='ocr_par' dir='ltr' id='par_1_24' title="bbox 403 2397 1987 2474">
     <span class='ocr_line' id='line_1_24' title="bbox 403 2397 1987 2474; baseline -0.006 -14"><span class='ocrx_word' id='word_1_195' title='bbox 403 2416 465 2460; x_wconf 88' lang='lat' dir='ltr'><strong>et</strong></span> <span class='ocrx_word' id='word_1_196' title='bbox 493 2405 557 2460; x_wconf 88' lang='lat' dir='ltr'><strong>de</strong></span> <span class='ocrx_word' id='word_1_197' title='bbox 574 2415 779 2474; x_wconf 62' lang='lat' dir='ltr'><strong>quaestu</strong></span> <span class='ocrx_word' id='word_1_198' title='bbox 809 2420 902 2458; x_wconf 89' lang='lat' dir='ltr'><strong>eos</strong></span> <span class='ocrx_word' id='word_1_199' title='bbox 931 2405 1293 2474; x_wconf 83' lang='lat' dir='ltr'><strong>perstringere</strong></span> <span class='ocrx_word' id='word_1_200' title='bbox 1325 2402 1556 2468; x_wconf 88' lang='lat' dir='ltr'><strong>videtur,</strong></span> <span class='ocrx_word' id='word_1_201' title='bbox 1595 2409 1651 2455; x_wconf 92' lang='lat' dir='ltr'><strong>et</strong></span> <span class='ocrx_word' id='word_1_202' title='bbox 1676 2413 1884 2462; x_wconf 88' lang='lat' dir='ltr'><strong>rursus,</strong></span> <span class='ocrx_word' id='word_1_203' title='bbox 1935 2397 1987 2452; x_wconf 92' lang='lat' dir='ltr'><strong>id</strong></span> 
     </span>
    </p>
   </div>
   <div class='ocr_carea' id='block_1_25' title="bbox 397 2488 1988 2570">
    <p class='ocr_par' dir='ltr' id='par_1_25' title="bbox 397 2488 1988 2570">
     <span class='ocr_line' id='line_1_25' title="bbox 397 2488 1988 2570; baseline -0.005 -18"><span class='ocrx_word' id='word_1_204' title='bbox 397 2498 552 2570; x_wconf 68' lang='lat' dir='ltr'><strong>«quod</strong></span> <span class='ocrx_word' id='word_1_205' title='bbox 575 2498 712 2562; x_wconf 85' lang='lat' dir='ltr'><strong>dixi,</strong></span> <span class='ocrx_word' id='word_1_206' title='bbox 744 2497 1104 2563; x_wconf 88' lang='lat' dir='ltr'><strong>subindicare,</strong></span> <span class='ocrx_word' id='word_1_207' title='bbox 1166 2510 1358 2565; x_wconf 87' lang='lat' dir='ltr'><strong>nempe</strong></span> <span class='ocrx_word' id='word_1_208' title='bbox 1402 2492 1543 2563; x_wconf 90' lang='lat' dir='ltr'><strong>quod</strong></span> <span class='ocrx_word' id='word_1_209' title='bbox 1574 2507 1667 2546; x_wconf 91' lang='lat' dir='ltr'><strong>sua</strong></span> <span class='ocrx_word' id='word_1_210' title='bbox 1699 2491 1772 2547; x_wconf 89' lang='lat' dir='ltr'><strong>illi</strong></span> <span class='ocrx_word' id='word_1_211' title='bbox 1795 2488 1988 2545; x_wconf 83' lang='lat' dir='ltr'><strong>divinis</strong></span> 
     </span>
    </p>
   </div>
   <div class='ocr_carea' id='block_1_26' title="bbox 406 2580 1988 2656">
    <p class='ocr_par' dir='ltr' id='par_1_26' title="bbox 406 2580 1988 2656">
     <span class='ocr_line' id='line_1_26' title="bbox 406 2580 1988 2656; baseline -0.007 -11"><span class='ocrx_word' id='word_1_212' title='bbox 406 2589 767 2645; x_wconf 79' lang='lat' dir='ltr'><strong>admisceant.</strong></span> <span class='ocrx_word' id='word_1_213' title='bbox 801 2589 916 2656; x_wconf 89' lang='lat' dir='ltr'><strong>Qua</strong></span> <span class='ocrx_word' id='word_1_214' title='bbox 945 2588 1014 2643; x_wconf 92' lang='lat' dir='ltr'><strong>de</strong></span> <span class='ocrx_word' id='word_1_215' title='bbox 1044 2603 1104 2642; x_wconf 91' lang='lat' dir='ltr'><strong>re</strong></span> <span class='ocrx_word' id='word_1_216' title='bbox 1131 2587 1294 2642; x_wconf 73' lang='lat' dir='ltr'><strong>Isaias</strong></span> <span class='ocrx_word' id='word_1_217' title='bbox 1320 2585 1481 2640; x_wconf 91' lang='lat' dir='ltr'><strong>etiam</strong></span> <span class='ocrx_word' id='word_1_218' title='bbox 1511 2582 1819 2648; x_wconf 85' lang='lat' dir='ltr'><strong>accusabat,</strong></span> <span class='ocrx_word' id='word_1_219' title='bbox 1848 2580 1988 2637; x_wconf 84' lang='lat' dir='ltr'><strong>Cau-</strong></span> 
     </span>
    </p>
   </div>
   <div class='ocr_carea' id='block_1_27' title="bbox 411 2671 1989 2752">
    <p class='ocr_par' dir='ltr' id='par_1_27' title="bbox 411 2671 1989 2752">
     <span class='ocr_line' id='line_1_27' title="bbox 411 2671 1989 2752; baseline -0.006 -17"><span class='ocrx_word' id='word_1_220' title='bbox 411 2697 566 2752; x_wconf 85' lang='lat' dir='ltr'><strong>pones</strong></span> <span class='ocrx_word' id='word_1_221' title='bbox 599 2680 674 2734; x_wconf 84' lang='lat' dir='ltr'><strong>tui</strong></span> <span class='ocrx_word' id='word_1_222' title='bbox 702 2679 873 2734; x_wconf 84' lang='lat' dir='ltr'><strong>vinum</strong></span> <span class='ocrx_word' id='word_1_223' title='bbox 903 2695 1034 2751; x_wconf 84' lang='lat' dir='ltr'><strong>aqua</strong></span> <span class='ocrx_word' id='word_1_224' title='bbox 1061 2678 1268 2732; x_wconf 75' lang='lat' dir='ltr'><strong>miscent</strong></span> <span class='ocrx_word' id='word_1_225' title='bbox 1323 2674 1474 2747; x_wconf 85' lang='lat' dir='ltr'><strong>(Isai.</strong></span> <span class='ocrx_word' id='word_1_226' title='bbox 1512 2677 1562 2730; x_wconf 74' lang='grc'><strong>1.</strong></span> <span class='ocrx_word' id='word_1_227' title='bbox 1588 2675 1704 2745; x_wconf 67' lang='grc' dir='ltr'><strong>ἳῖ).</strong></span> <span class='ocrx_word' id='word_1_228' title='bbox 1729 2673 1861 2728; x_wconf 85' lang='lat' dir='ltr'><strong>Nam</strong></span> <span class='ocrx_word' id='word_1_229' title='bbox 1889 2671 1989 2728; x_wconf 87' lang='lat' dir='ltr'><strong>etsi</strong></span> 
     </span>
    </p>
   </div>
   <div class='ocr_carea' id='block_1_28' title="bbox 410 2762 1988 2836">
    <p class='ocr_par' dir='ltr' id='par_1_28' title="bbox 410 2762 1988 2836">
     <span class='ocr_line' id='line_1_28' title="bbox 410 2762 1988 2836; baseline -0.006 -9"><span class='ocrx_word' id='word_1_230' title='bbox 410 2774 480 2834; x_wconf 85' lang='lat' dir='ltr'><strong>de</strong></span> <span class='ocrx_word' id='word_1_231' title='bbox 505 2773 627 2828; x_wconf 89' lang='lat' dir='ltr'><strong>vino</strong></span> <span class='ocrx_word' id='word_1_232' title='bbox 658 2771 761 2828; x_wconf 93' lang='lat' dir='ltr'><strong>hoc</strong></span> <span class='ocrx_word' id='word_1_233' title='bbox 789 2771 992 2826; x_wconf 90' lang='lat' dir='ltr'><strong>dictum</strong></span> <span class='ocrx_word' id='word_1_234' title='bbox 1017 2777 1120 2836; x_wconf 90' lang='lat' dir='ltr'><strong>est,</strong></span> <span class='ocrx_word' id='word_1_235' title='bbox 1152 2783 1256 2822; x_wconf 94' lang='lat' dir='ltr'><strong>non</strong></span> <span class='ocrx_word' id='word_1_236' title='bbox 1287 2775 1464 2822; x_wconf 91' lang='lat' dir='ltr'><strong>tamen</strong></span> <span class='ocrx_word' id='word_1_237' title='bbox 1493 2765 1778 2830; x_wconf 85' lang='lat' dir='ltr'><strong>aberrarit,</strong></span> <span class='ocrx_word' id='word_1_238' title='bbox 1799 2763 1891 2834; x_wconf 91' lang='lat' dir='ltr'><strong>qui</strong></span> <span class='ocrx_word' id='word_1_239' title='bbox 1921 2762 1988 2818; x_wconf 89' lang='lat' dir='ltr'><strong>de</strong></span> 
     </span>
    </p>
   </div>
   <div class='ocr_carea' id='block_1_29' title="bbox 408 2855 1988 2933">
    <p class='ocr_par' dir='ltr' id='par_1_29' title="bbox 408 2855 1988 2933">
     <span class='ocr_line' id='line_1_29' title="bbox 408 2855 1988 2933; baseline -0.008 -13"><span class='ocrx_word' id='word_1_240' title='bbox 408 2865 652 2920; x_wconf 89' lang='lat' dir='ltr'><strong>doctrina</strong></span> <span class='ocrx_word' id='word_1_241' title='bbox 679 2863 784 2919; x_wconf 91' lang='lat' dir='ltr'><strong>hoc</strong></span> <span class='ocrx_word' id='word_1_242' title='bbox 812 2877 1024 2933; x_wconf 91' lang='lat' dir='ltr'><strong>quoque</strong></span> <span class='ocrx_word' id='word_1_243' title='bbox 1046 2859 1385 2916; x_wconf 76' lang='lat' dir='ltr'><strong>intellexerit.</strong></span> <span class='ocrx_word' id='word_1_244' title='bbox 1419 2860 1488 2912; x_wconf 88' lang='lat' dir='ltr'><strong>At</strong></span> <span class='ocrx_word' id='word_1_245' title='bbox 1513 2872 1621 2912; x_wconf 91' lang='lat' dir='ltr'><strong>non</strong></span> <span class='ocrx_word' id='word_1_246' title='bbox 1649 2870 1767 2922; x_wconf 91' lang='lat' dir='ltr'><strong>nos,</strong></span> <span class='ocrx_word' id='word_1_247' title='bbox 1797 2855 1988 2925; x_wconf 90' lang='lat' dir='ltr'><strong>inquit,</strong></span> 
     </span>
    </p>
   </div>
   <div class='ocr_carea' id='block_1_30' title="bbox 409 2945 1990 3020">
    <p class='ocr_par' dir='ltr' id='par_1_30' title="bbox 409 2945 1990 3020">
     <span class='ocr_line' id='line_1_30' title="bbox 409 2945 1990 3020; baseline -0.006 -12"><span class='ocrx_word' id='word_1_248' title='bbox 409 2954 476 3008; x_wconf 90' lang='lat' dir='ltr'><strong>ad</strong></span> <span class='ocrx_word' id='word_1_249' title='bbox 508 2955 647 3008; x_wconf 89' lang='lat' dir='ltr'><strong>hunc</strong></span> <span class='ocrx_word' id='word_1_250' title='bbox 683 2952 933 3018; x_wconf 88' lang='lat' dir='ltr'><strong>modum;</strong></span> <span class='ocrx_word' id='word_1_251' title='bbox 963 2951 1057 3007; x_wconf 90' lang='lat' dir='ltr'><strong>sed</strong></span> <span class='ocrx_word' id='word_1_252' title='bbox 1084 2949 1260 3020; x_wconf 89' lang='lat' dir='ltr'><strong>qualia</strong></span> <span class='ocrx_word' id='word_1_253' title='bbox 1311 2956 1510 3004; x_wconf 73' lang='lat' dir='ltr'><strong>nostrae</strong></span> <span class='ocrx_word' id='word_1_254' title='bbox 1551 2945 1674 3002; x_wconf 87' lang='lat' dir='ltr'><strong>fidei</strong></span> <span class='ocrx_word' id='word_1_255' title='bbox 1702 2945 1990 3001; x_wconf 89' lang='lat' dir='ltr'><strong>commissa</strong></span> 
     </span>
    </p>
   </div>
   <div class='ocr_carea' id='block_1_31' title="bbox 411 3038 1989 3112">
    <p class='ocr_par' dir='ltr' id='par_1_31' title="bbox 411 3038 1989 3112">
     <span class='ocr_line' id='line_1_31' title="bbox 411 3038 1989 3112; baseline -0.006 -14"><span class='ocrx_word' id='word_1_256' title='bbox 411 3054 557 3110; x_wconf 89' lang='lat' dir='ltr'><strong>sunt,</strong></span> <span class='ocrx_word' id='word_1_257' title='bbox 589 3045 712 3097; x_wconf 90' lang='lat' dir='ltr'><strong>talia</strong></span> <span class='ocrx_word' id='word_1_258' title='bbox 736 3057 947 3112; x_wconf 88' lang='lat' dir='ltr'><strong>quoque</strong></span> <span class='ocrx_word' id='word_1_259' title='bbox 983 3058 1046 3096; x_wconf 91' lang='lat' dir='ltr'><strong>ea</strong></span> <span class='ocrx_word' id='word_1_260' title='bbox 1078 3041 1398 3112; x_wconf 70' lang='lat' dir='ltr'><strong>prmbemus,</strong></span> <span class='ocrx_word' id='word_1_261' title='bbox 1440 3038 1740 3094; x_wconf 80' lang='lat' dir='ltr'><strong>doctrinam</strong></span> <span class='ocrx_word' id='word_1_262' title='bbox 1783 3050 1989 3091; x_wconf 90' lang='lat' dir='ltr'><strong>meram</strong></span> 
     </span>
    </p>
   </div>
   <div class='ocr_carea' id='block_1_32' title="bbox 415 3127 1990 3204">
    <p class='ocr_par' dir='ltr' id='par_1_32' title="bbox 415 3127 1990 3204">
     <span class='ocr_line' id='line_1_32' title="bbox 415 3127 1990 3204; baseline -0.006 -17"><span class='ocrx_word' id='word_1_263' title='bbox 415 3133 764 3204; x_wconf 74' lang='lat' dir='ltr'><strong>propitiantes</strong></span> <span class='ocrx_word' id='word_1_264' title='bbox 785 3151 798 3185; x_wconf 87' lang='lat'>:</span> <span class='ocrx_word' id='word_1_265' title='bbox 823 3131 965 3186; x_wconf 91' lang='lat' dir='ltr'><strong>unde</strong></span> <span class='ocrx_word' id='word_1_266' title='bbox 992 3129 1288 3200; x_wconf 76' lang='lat' dir='ltr'><strong>subjunxit,</strong></span> <span class='ocrx_word' id='word_1_267' title='bbox 1335 3127 1443 3184; x_wconf 85' lang='lat' dir='ltr'><strong>Sed</strong></span> <span class='ocrx_word' id='word_1_268' title='bbox 1461 3144 1525 3182; x_wconf 81' lang='lat' dir='ltr'><strong>ea:</strong></span> <span class='ocrx_word' id='word_1_269' title='bbox 1544 3127 1829 3181; x_wconf 75' lang='lat' dir='ltr'><strong>sinceritate</strong></span> <span class='ocrx_word' id='word_1_270' title='bbox 1856 3135 1961 3179; x_wconf 86' lang='lat' dir='ltr'><strong>tam</strong></span> <span class='ocrx_word' id='word_1_271' title='bbox 1976 3154 1990 3168; x_wconf 72' lang='grc' dir='ltr'><strong>ο</strong></span> 
     </span>
    </p>
   </div>
   <div class='ocr_carea' id='block_1_33' title="bbox 407 3217 1993 3296">
    <p class='ocr_par' dir='ltr' id='par_1_33' title="bbox 407 3217 1993 3296">
     <span class='ocr_line' id='line_1_33' title="bbox 407 3217 1993 3296; baseline -0.005 -17"><span class='ocrx_word' id='word_1_272' title='bbox 407 3243 562 3296; x_wconf 81' lang='lat' dir='ltr'><strong>quant</strong></span> <span class='ocrx_word' id='word_1_273' title='bbox 590 3241 654 3279; x_wconf 80' lang='lat' dir='ltr'><strong>ea:</strong></span> <span class='ocrx_word' id='word_1_274' title='bbox 679 3224 810 3291; x_wconf 90' lang='lat' dir='ltr'><strong>Deo,</strong></span> <span class='ocrx_word' id='word_1_275' title='bbox 839 3239 1011 3277; x_wconf 86' lang='lat' dir='ltr'><strong>coram</strong></span> <span class='ocrx_word' id='word_1_276' title='bbox 1032 3221 1140 3277; x_wconf 91' lang='lat' dir='ltr'><strong>Deo</strong></span> <span class='ocrx_word' id='word_1_277' title='bbox 1168 3222 1222 3276; x_wconf 89' lang='lat' dir='ltr'><strong>in</strong></span> <span class='ocrx_word' id='word_1_278' title='bbox 1245 3220 1444 3276; x_wconf 78' lang='lat' dir='ltr'><strong>Christo</strong></span> <span class='ocrx_word' id='word_1_279' title='bbox 1474 3220 1745 3290; x_wconf 79' lang='lat' dir='ltr'><strong>loquimur.</strong></span> <span class='ocrx_word' id='word_1_280' title='bbox 1785 3217 1902 3272; x_wconf 88' lang='lat' dir='ltr'><strong>Non</strong></span> <span class='ocrx_word' id='word_1_281' title='bbox 1934 3225 1993 3271; x_wconf 89' lang='lat' dir='ltr'><strong>ut</strong></span> 
     </span>
    </p>
   </div>
   <div class='ocr_carea' id='block_1_34' title="bbox 410 3310 1988 3386">
    <p class='ocr_par' dir='ltr' id='par_1_34' title="bbox 410 3310 1988 3386">
     <span class='ocr_line' id='line_1_34' title="bbox 410 3310 1988 3386; baseline -0.006 -15"><span class='ocrx_word' id='word_1_282' title='bbox 410 3331 509 3372; x_wconf 87' lang='lat' dir='ltr'><strong>vos</strong></span> <span class='ocrx_word' id='word_1_283' title='bbox 556 3316 884 3386; x_wconf 88' lang='lat' dir='ltr'><strong>decipiatnus</strong></span> <span class='ocrx_word' id='word_1_284' title='bbox 913 3314 985 3369; x_wconf 89' lang='lat' dir='ltr'><strong>ita</strong></span> <span class='ocrx_word' id='word_1_285' title='bbox 1029 3313 1383 3384; x_wconf 66' lang='lat' dir='ltr'><strong>praedicamus</strong></span> <span class='ocrx_word' id='word_1_286' title='bbox 1413 3351 1430 3377; x_wconf 94' lang='lat'><strong>,</strong></span> <span class='ocrx_word' id='word_1_287' title='bbox 1481 3310 1689 3380; x_wconf 90' lang='lat' dir='ltr'><strong>inquit,</strong></span> <span class='ocrx_word' id='word_1_288' title='bbox 1723 3318 1988 3378; x_wconf 86' lang='lat' dir='ltr'><strong>tamquam</strong></span> 
     </span>
    </p>
   </div>
   <div class='ocr_carea' id='block_1_35' title="bbox 411 3395 1994 3484">
    <p class='ocr_par' dir='ltr' id='par_1_35' title="bbox 411 3395 1994 3484">
     <span class='ocr_line' id='line_1_35' title="bbox 411 3395 1994 3484; baseline -0.008 -21"><span class='ocrx_word' id='word_1_289' title='bbox 411 3407 948 3484; x_wconf 85' lang='lat' dir='ltr'><strong>vobisgratifieantes</strong></span> <span class='ocrx_word' id='word_1_290' title='bbox 968 3449 984 3474; x_wconf 94' lang='lat'><strong>,</strong></span> <span class='ocrx_word' id='word_1_291' title='bbox 1012 3416 1104 3460; x_wconf 90' lang='lat' dir='ltr'><strong>aut</strong></span> <span class='ocrx_word' id='word_1_292' title='bbox 1136 3416 1402 3475; x_wconf 88' lang='lat' dir='ltr'><strong>tamquam</strong></span> <span class='ocrx_word' id='word_1_293' title='bbox 1429 3419 1460 3458; x_wconf 93' lang='lat' dir='ltr'><strong>a</strong></span> <span class='ocrx_word' id='word_1_294' title='bbox 1510 3402 1664 3458; x_wconf 86' lang='lat' dir='ltr'><strong>nobis</strong></span> <span class='ocrx_word' id='word_1_295' title='bbox 1685 3399 1880 3471; x_wconf 89' lang='lat' dir='ltr'><strong>aliquid</strong></span> <span class='ocrx_word' id='word_1_296' title='bbox 1908 3395 1994 3452; x_wconf 89' lang='lat' dir='ltr'><strong>af-</strong></span> 
     </span>
    </p>
   </div>
   <div class='ocr_carea' id='block_1_36' title="bbox 413 3494 1990 3572">
    <p class='ocr_par' dir='ltr' id='par_1_36' title="bbox 413 3494 1990 3572">
     <span class='ocr_line' id='line_1_36' title="bbox 413 3494 1990 3572; baseline -0.004 -17"><span class='ocrx_word' id='word_1_297' title='bbox 413 3503 648 3557; x_wconf 84' lang='lat' dir='ltr'><strong>ferentes</strong></span> <span class='ocrx_word' id='word_1_298' title='bbox 686 3510 847 3572; x_wconf 88' lang='lat' dir='ltr'><strong>atque</strong></span> <span class='ocrx_word' id='word_1_299' title='bbox 873 3501 1234 3556; x_wconf 85' lang='lat' dir='ltr'><strong>admiscentes</strong></span> <span class='ocrx_word' id='word_1_300' title='bbox 1252 3541 1267 3565; x_wconf 92' lang='lat'><strong>,</strong></span> <span class='ocrx_word' id='word_1_301' title='bbox 1305 3496 1473 3562; x_wconf 85' lang='lat' dir='ltr'><strong>sed,T</strong></span> <span class='ocrx_word' id='word_1_302' title='bbox 1477 3513 1715 3566; x_wconf 72' lang='lat' dir='ltr'><strong>nmquam</strong></span> <span class='ocrx_word' id='word_1_303' title='bbox 1740 3512 1803 3551; x_wconf 82' lang='lat' dir='ltr'><strong>ea:</strong></span> <span class='ocrx_word' id='word_1_304' title='bbox 1831 3494 1942 3549; x_wconf 83' lang='lat' dir='ltr'><strong>Deo</strong></span> <span class='ocrx_word' id='word_1_305' title='bbox 1969 3511 1990 3560; x_wconf 91' lang='lat'><strong><em>;</em></strong></span> 
     </span>
    </p>
   </div>
   <div class='ocr_carea' id='block_1_37' title="bbox 413 3585 1990 3667">
    <p class='ocr_par' dir='ltr' id='par_1_37' title="bbox 413 3585 1990 3667">
     <span class='ocr_line' id='line_1_37' title="bbox 413 3585 1990 3667; baseline -0.004 -21"><span class='ocrx_word' id='word_1_306' title='bbox 413 3592 465 3646; x_wconf 93' lang='lat' dir='ltr'><strong>id</strong></span> <span class='ocrx_word' id='word_1_307' title='bbox 492 3602 595 3657; x_wconf 86' lang='lat' dir='ltr'><strong>est,</strong></span> <span class='ocrx_word' id='word_1_308' title='bbox 622 3607 726 3646; x_wconf 92' lang='lat' dir='ltr'><strong>non</strong></span> <span class='ocrx_word' id='word_1_309' title='bbox 759 3592 986 3646; x_wconf 90' lang='lat' dir='ltr'><strong>dicimus</strong></span> <span class='ocrx_word' id='word_1_310' title='bbox 1015 3606 1112 3645; x_wconf 92' lang='lat' dir='ltr'><strong>nos</strong></span> <span class='ocrx_word' id='word_1_311' title='bbox 1130 3589 1330 3667; x_wconf 88' lang='lat' dir='ltr'><strong>aliquid</strong></span> <span class='ocrx_word' id='word_1_312' title='bbox 1361 3597 1601 3644; x_wconf 90' lang='lat' dir='ltr'><strong>nostrum</strong></span> <span class='ocrx_word' id='word_1_313' title='bbox 1632 3587 1864 3656; x_wconf 80' lang='lat' dir='ltr'><strong>elargiri,</strong></span> <span class='ocrx_word' id='word_1_314' title='bbox 1897 3585 1990 3640; x_wconf 92' lang='lat' dir='ltr'><strong>sed</strong></span> 
     </span>
    </p>
   </div>
   <div class='ocr_carea' id='block_1_38' title="bbox 410 3677 1996 3749">
    <p class='ocr_par' dir='ltr' id='par_1_38' title="bbox 410 3677 1996 3749">
     <span class='ocr_line' id='line_1_38' title="bbox 410 3677 1996 3749; baseline -0.004 -11"><span class='ocrx_word' id='word_1_315' title='bbox 410 3685 579 3739; x_wconf 86' lang='lat' dir='ltr'><strong>Deum</strong></span> <span class='ocrx_word' id='word_1_316' title='bbox 609 3686 788 3738; x_wconf 89' lang='lat' dir='ltr'><strong>omnia</strong></span> <span class='ocrx_word' id='word_1_317' title='bbox 840 3683 1052 3739; x_wconf 84' lang='lat' dir='ltr'><strong>dedisse</strong></span> <span class='ocrx_word' id='word_1_318' title='bbox 1077 3723 1093 3749; x_wconf 91' lang='lat'><strong>,</strong></span> <span class='ocrx_word' id='word_1_319' title='bbox 1125 3683 1228 3738; x_wconf 89' lang='lat' dir='ltr'><strong>hoc</strong></span> <span class='ocrx_word' id='word_1_320' title='bbox 1269 3683 1412 3738; x_wconf 89' lang='lat' dir='ltr'><strong>enim</strong></span> <span class='ocrx_word' id='word_1_321' title='bbox 1463 3681 1562 3737; x_wconf 90' lang='lat' dir='ltr'><strong>sibi</strong></span> <span class='ocrx_word' id='word_1_322' title='bbox 1594 3681 1706 3734; x_wconf 88' lang='lat' dir='ltr'><strong>vult</strong></span> <span class='ocrx_word' id='word_1_323' title='bbox 1730 3678 1882 3746; x_wconf 89' lang='lat' dir='ltr'><strong>illud,</strong></span> <span class='ocrx_word' id='word_1_324' title='bbox 1912 3677 1996 3733; x_wconf 78' lang='lat' dir='ltr'><strong>Ea:</strong></span> 
     </span>
    </p>
   </div>
   <div class='ocr_carea' id='block_1_39' title="bbox 409 3768 1992 3842">
    <p class='ocr_par' dir='ltr' id='par_1_39' title="bbox 409 3768 1992 3842">
     <span class='ocr_line' id='line_1_39' title="bbox 409 3768 1992 3842; baseline -0.003 -14"><span class='ocrx_word' id='word_1_325' title='bbox 409 3775 518 3828; x_wconf 83' lang='lat' dir='ltr'><strong>Deo</strong></span> <span class='ocrx_word' id='word_1_326' title='bbox 545 3791 564 3837; x_wconf 91' lang='lat'><em>;</em></span> <span class='ocrx_word' id='word_1_327' title='bbox 591 3782 649 3828; x_wconf 93' lang='lat' dir='ltr'><strong>ut</strong></span> <span class='ocrx_word' id='word_1_328' title='bbox 687 3789 794 3827; x_wconf 89' lang='lat' dir='ltr'><strong>non</strong></span> <span class='ocrx_word' id='word_1_329' title='bbox 821 3773 1113 3842; x_wconf 87' lang='lat' dir='ltr'><strong>gloriemur</strong></span> <span class='ocrx_word' id='word_1_330' title='bbox 1133 3773 1285 3842; x_wconf 89' lang='lat' dir='ltr'><strong>quasi</strong></span> <span class='ocrx_word' id='word_1_331' title='bbox 1315 3772 1517 3842; x_wconf 90' lang='lat' dir='ltr'><strong>aliquid</strong></span> <span class='ocrx_word' id='word_1_332' title='bbox 1553 3771 1865 3836; x_wconf 83' lang='lat' dir='ltr'><strong>habeamus,</strong></span> <span class='ocrx_word' id='word_1_333' title='bbox 1897 3768 1992 3824; x_wconf 86' lang='lat' dir='ltr'><strong>sed</strong></span> 
     </span>
    </p>
   </div>
   <div class='ocr_carea' id='block_1_40' title="bbox 413 3861 1990 3932">
    <p class='ocr_par' dir='ltr' id='par_1_40' title="bbox 413 3861 1990 3932">
     <span class='ocr_line' id='line_1_40' title="bbox 413 3861 1990 3932; baseline -0.003 -14"><span class='ocrx_word' id='word_1_334' title='bbox 413 3865 589 3918; x_wconf 88' lang='lat' dir='ltr'><strong>omnia</strong></span> <span class='ocrx_word' id='word_1_335' title='bbox 621 3864 718 3932; x_wconf 89' lang='lat' dir='ltr'><strong>ipsi</strong></span> <span class='ocrx_word' id='word_1_336' title='bbox 750 3865 1063 3927; x_wconf 90' lang='lat' dir='ltr'><strong>referentes,</strong></span> <span class='ocrx_word' id='word_1_337' title='bbox 1092 3861 1160 3916; x_wconf 83' lang='lat' dir='ltr'><strong>In</strong></span> <span class='ocrx_word' id='word_1_338' title='bbox 1184 3863 1384 3916; x_wconf 78' lang='lat' dir='ltr'><strong>Christo</strong></span> <span class='ocrx_word' id='word_1_339' title='bbox 1409 3862 1696 3931; x_wconf 82' lang='lat' dir='ltr'><strong>loquimur;</strong></span> <span class='ocrx_word' id='word_1_340' title='bbox 1737 3874 1844 3914; x_wconf 92' lang='lat' dir='ltr'><strong>non</strong></span> <span class='ocrx_word' id='word_1_341' title='bbox 1891 3872 1990 3913; x_wconf 86' lang='lat' dir='ltr'><strong>no-</strong></span> 
     </span>
    </p>
   </div>
   <div class='ocr_carea' id='block_1_41' title="bbox 415 3953 1993 4024">
    <p class='ocr_par' dir='ltr' id='par_1_41' title="bbox 415 3953 1993 4024">
     <span class='ocr_line' id='line_1_41' title="bbox 415 3953 1993 4024; baseline -0.004 -14"><span class='ocrx_word' id='word_1_342' title='bbox 415 3965 530 4011; x_wconf 88' lang='lat' dir='ltr'><strong>stra</strong></span> <span class='ocrx_word' id='word_1_343' title='bbox 556 3955 838 4024; x_wconf 86' lang='lat' dir='ltr'><strong>sapientia,</strong></span> <span class='ocrx_word' id='word_1_344' title='bbox 865 3954 959 4010; x_wconf 90' lang='lat' dir='ltr'><strong>sed</strong></span> <span class='ocrx_word' id='word_1_345' title='bbox 1011 3954 1152 4008; x_wconf 90' lang='lat' dir='ltr'><strong>illius</strong></span> <span class='ocrx_word' id='word_1_346' title='bbox 1183 3955 1415 4023; x_wconf 87' lang='lat' dir='ltr'><strong>potentia</strong></span> <span class='ocrx_word' id='word_1_347' title='bbox 1459 3954 1640 4007; x_wconf 88' lang='lat' dir='ltr'><strong>afflati.</strong></span> <span class='ocrx_word' id='word_1_348' title='bbox 1678 3953 1777 4019; x_wconf 92' lang='lat' dir='ltr'><strong>Qui</strong></span> <span class='ocrx_word' id='word_1_349' title='bbox 1814 3959 1993 4005; x_wconf 90' lang='lat' dir='ltr'><strong>autem</strong></span> 
     </span>
    </p>
   </div>
   <div class='ocr_carea' id='block_1_42' title="bbox 413 4044 1994 4117">
    <p class='ocr_par' dir='ltr' id='par_1_42' title="bbox 413 4044 1994 4117">
     <span class='ocr_line' id='line_1_42' title="bbox 413 4044 1994 4117; baseline -0.003 -17"><span class='ocrx_word' id='word_1_350' title='bbox 413 4047 710 4117; x_wconf 87' lang='lat' dir='ltr'><strong>gloriantur</strong></span> <span class='ocrx_word' id='word_1_351' title='bbox 731 4087 746 4112; x_wconf 92' lang='lat'><strong>,</strong></span> <span class='ocrx_word' id='word_1_352' title='bbox 797 4061 902 4100; x_wconf 89' lang='lat' dir='ltr'><strong>non</strong></span> <span class='ocrx_word' id='word_1_353' title='bbox 929 4045 993 4100; x_wconf 93' lang='lat' dir='ltr'><strong>ad</strong></span> <span class='ocrx_word' id='word_1_354' title='bbox 1017 4045 1160 4101; x_wconf 82' lang='lat' dir='ltr'><strong>hunc</strong></span> <span class='ocrx_word' id='word_1_355' title='bbox 1204 4044 1418 4099; x_wconf 89' lang='lat' dir='ltr'><strong>modum</strong></span> <span class='ocrx_word' id='word_1_356' title='bbox 1449 4060 1508 4099; x_wconf 91' lang='lat' dir='ltr'><strong>se</strong></span> <span class='ocrx_word' id='word_1_357' title='bbox 1546 4052 1777 4114; x_wconf 86' lang='lat' dir='ltr'><strong>gerunt,</strong></span> <span class='ocrx_word' id='word_1_358' title='bbox 1809 4056 1994 4097; x_wconf 90' lang='lat' dir='ltr'><strong>verum</strong></span> 
     </span>
    </p>
   </div>
   <div class='ocr_carea' id='block_1_43' title="bbox 416 4132 1993 4209">
    <p class='ocr_par' dir='ltr' id='par_1_43' title="bbox 416 4132 1993 4209">
     <span class='ocr_line' id='line_1_43' title="bbox 416 4132 1993 4209; baseline -0.006 -15"><span class='ocrx_word' id='word_1_359' title='bbox 416 4137 639 4209; x_wconf 86' lang='lat' dir='ltr'><strong>perinde</strong></span> <span class='ocrx_word' id='word_1_360' title='bbox 673 4151 737 4191; x_wconf 87' lang='lat' dir='ltr'><strong>ac</strong></span> <span class='ocrx_word' id='word_1_361' title='bbox 760 4138 804 4191; x_wconf 85' lang='lat' dir='ltr'><strong>si</strong></span> <span class='ocrx_word' id='word_1_362' title='bbox 838 4136 1037 4208; x_wconf 89' lang='lat' dir='ltr'><strong>aliquid</strong></span> <span class='ocrx_word' id='word_1_363' title='bbox 1063 4151 1092 4190; x_wconf 92' lang='lat' dir='ltr'><strong>a</strong></span> <span class='ocrx_word' id='word_1_364' title='bbox 1121 4136 1315 4205; x_wconf 90' lang='lat' dir='ltr'><strong>seipsis</strong></span> <span class='ocrx_word' id='word_1_365' title='bbox 1361 4135 1606 4190; x_wconf 70' lang='lat' dir='ltr'><strong>allen-ant.</strong></span> <span class='ocrx_word' id='word_1_366' title='bbox 1639 4132 1790 4189; x_wconf 90' lang='lat' dir='ltr'><strong>Unde</strong></span> <span class='ocrx_word' id='word_1_367' title='bbox 1830 4133 1993 4188; x_wconf 89' lang='lat' dir='ltr'><strong>etiam</strong></span> 
     </span>
    </p>
   </div>
   <div class='ocr_carea' id='block_1_44' title="bbox 417 4223 1993 4291">
    <p class='ocr_par' dir='ltr' id='par_1_44' title="bbox 417 4223 1993 4291">
     <span class='ocr_line' id='line_1_44' title="bbox 417 4223 1993 4291; baseline -0.004 -7"><span class='ocrx_word' id='word_1_368' title='bbox 417 4244 512 4285; x_wconf 90' lang='lat' dir='ltr'><strong>eos</strong></span> <span class='ocrx_word' id='word_1_369' title='bbox 537 4229 646 4283; x_wconf 86' lang='lat' dir='ltr'><strong>alio</strong></span> <span class='ocrx_word' id='word_1_370' title='bbox 667 4228 786 4284; x_wconf 89' lang='lat' dir='ltr'><strong>loco</strong></span> <span class='ocrx_word' id='word_1_371' title='bbox 812 4227 896 4283; x_wconf 91' lang='lat' dir='ltr'><strong>his</strong></span> <span class='ocrx_word' id='word_1_372' title='bbox 928 4227 1104 4282; x_wconf 82' lang='lat' dir='ltr'><strong>verbis</strong></span> <span class='ocrx_word' id='word_1_373' title='bbox 1147 4226 1414 4291; x_wconf 88' lang='lat' dir='ltr'><strong>traducit,</strong></span> <span class='ocrx_word' id='word_1_374' title='bbox 1452 4224 1586 4291; x_wconf 75' lang='lat' dir='ltr'><strong>Quid</strong></span> <span class='ocrx_word' id='word_1_375' title='bbox 1631 4225 1764 4279; x_wconf 87' lang='lat' dir='ltr'><strong>enim</strong></span> <span class='ocrx_word' id='word_1_376' title='bbox 1793 4223 1945 4278; x_wconf 80' lang='lat' dir='ltr'><strong>habes</strong></span> <span class='ocrx_word' id='word_1_377' title='bbox 1976 4263 1993 4289; x_wconf 95' lang='lat'><strong>,</strong></span> 
     </span>
    </p>
   </div>
   <div class='ocr_carea' id='block_1_45' title="bbox 418 4315 1994 4391">
    <p class='ocr_par' dir='ltr' id='par_1_45' title="bbox 418 4315 1994 4391">
     <span class='ocr_line' id='line_1_45' title="bbox 418 4315 1994 4391; baseline -0.003 -17"><span class='ocrx_word' id='word_1_378' title='bbox 418 4322 554 4390; x_wconf 81' lang='lat' dir='ltr'><strong>quod</strong></span> <span class='ocrx_word' id='word_1_379' title='bbox 581 4338 682 4376; x_wconf 89' lang='lat' dir='ltr'><strong>non</strong></span> <span class='ocrx_word' id='word_1_380' title='bbox 707 4321 1002 4391; x_wconf 82' lang='lat' dir='ltr'><strong>acceperis?</strong></span> <span class='ocrx_word' id='word_1_381' title='bbox 1028 4319 1093 4375; x_wconf 86' lang='lat' dir='ltr'><strong>Si</strong></span> <span class='ocrx_word' id='word_1_382' title='bbox 1117 4329 1286 4372; x_wconf 87' lang='lat' dir='ltr'><strong>autem</strong></span> <span class='ocrx_word' id='word_1_383' title='bbox 1316 4318 1578 4388; x_wconf 83' lang='lat' dir='ltr'><strong>accepisti,</strong></span> <span class='ocrx_word' id='word_1_384' title='bbox 1607 4316 1728 4388; x_wconf 80' lang='lat' dir='ltr'><strong>quid</strong></span> <span class='ocrx_word' id='word_1_385' title='bbox 1756 4315 1994 4389; x_wconf 87' lang='lat' dir='ltr'><strong>gloriaris</strong></span> 
     </span>
    </p>
   </div>
   <div class='ocr_carea' id='block_1_46' title="bbox 417 4410 1440 4486">
    <p class='ocr_par' dir='ltr' id='par_1_46' title="bbox 417 4410 1440 4486">
     <span class='ocr_line' id='line_1_46' title="bbox 417 4410 1440 4486; baseline -0.002 -18"><span class='ocrx_word' id='word_1_386' title='bbox 417 4416 562 4486; x_wconf 86' lang='lat' dir='ltr'><strong>quasi</strong></span> <span class='ocrx_word' id='word_1_387' title='bbox 582 4432 682 4468; x_wconf 88' lang='lat' dir='ltr'><strong>non</strong></span> <span class='ocrx_word' id='word_1_388' title='bbox 711 4416 969 4484; x_wconf 86' lang='lat' dir='ltr'><strong>acceperis</strong></span> <span class='ocrx_word' id='word_1_389' title='bbox 995 4415 1074 4484; x_wconf 83' lang='grc'><strong>(1.</strong></span> <span class='ocrx_word' id='word_1_390' title='bbox 1105 4412 1226 4467; x_wconf 87' lang='lat' dir='ltr'><strong>Cor.</strong></span> <span class='ocrx_word' id='word_1_391' title='bbox 1255 4412 1310 4467; x_wconf 76' lang='grc'><strong>4.</strong></span> <span class='ocrx_word' id='word_1_392' title='bbox 1336 4410 1392 4482; x_wconf 86' lang='grc'><strong>7)</strong></span> <span class='ocrx_word' id='word_1_393' title='bbox 1417 4412 1440 4466; x_wconf 87' lang='lat'><strong>?</strong></span> 
     </span>
    </p>
   </div>
   <div class='ocr_carea' id='block_1_47' title="bbox 498 4501 1997 4560">
    <p class='ocr_par' dir='ltr' id='par_1_47' title="bbox 498 4501 1997 4560">
     <span class='ocr_line' id='line_1_47' title="bbox 498 4501 1997 4560; baseline -0.003 -1"><span class='ocrx_word' id='word_1_394' title='bbox 498 4505 672 4559; x_wconf 77' lang='lat' dir='ltr'><strong>Virtus</strong></span> <span class='ocrx_word' id='word_1_395' title='bbox 725 4507 948 4560; x_wconf 73' lang='lat' dir='ltr'><strong>maxima</strong></span> <span class='ocrx_word' id='word_1_396' title='bbox 991 4506 1162 4559; x_wconf 88' lang='lat' dir='ltr'><strong>omnia</strong></span> <span class='ocrx_word' id='word_1_397' title='bbox 1188 4503 1295 4558; x_wconf 88' lang='lat' dir='ltr'><strong>Deo</strong></span> <span class='ocrx_word' id='word_1_398' title='bbox 1321 4503 1625 4558; x_wconf 82' lang='lat' dir='ltr'><strong>adscribere.</strong></span> <span class='ocrx_word' id='word_1_399' title='bbox 1667 4501 1766 4557; x_wconf 87' lang='lat' dir='ltr'><strong>Dei</strong></span> <span class='ocrx_word' id='word_1_400' title='bbox 1791 4503 1997 4557; x_wconf 82' lang='lat' dir='ltr'><strong>oculum</strong></span> 
     </span>
    </p>
   </div>
   <div class='ocr_carea' id='block_1_48' title="bbox 406 4593 1996 4666">
    <p class='ocr_par' dir='ltr' id='par_1_48' title="bbox 406 4593 1996 4666">
     <span class='ocr_line' id='line_1_48' title="bbox 406 4593 1996 4666; baseline -0.001 -16"><span class='ocrx_word' id='word_1_401' title='bbox 406 4612 561 4650; x_wconf 76' lang='lat' dir='ltr'><strong>nemo</strong></span> <span class='ocrx_word' id='word_1_402' title='bbox 591 4597 740 4666; x_wconf 77' lang='lat' dir='ltr'><strong>fugit.</strong></span> <span class='ocrx_word' id='word_1_403' title='bbox 766 4625 839 4638; x_wconf 85' lang='lat'><em>--</em></span> <span class='ocrx_word' id='word_1_404' title='bbox 867 4596 991 4649; x_wconf 84' lang='lat' dir='ltr'><strong>llaec</strong></span> <span class='ocrx_word' id='word_1_405' title='bbox 1035 4596 1264 4650; x_wconf 84' lang='lat' dir='ltr'><strong>maxima</strong></span> <span class='ocrx_word' id='word_1_406' title='bbox 1288 4594 1455 4649; x_wconf 90' lang='lat' dir='ltr'><strong>virtus</strong></span> <span class='ocrx_word' id='word_1_407' title='bbox 1503 4605 1582 4648; x_wconf 91' lang='lat' dir='ltr'><strong>est</strong></span> <span class='ocrx_word' id='word_1_408' title='bbox 1612 4633 1627 4658; x_wconf 94' lang='lat'><strong>,</strong></span> <span class='ocrx_word' id='word_1_409' title='bbox 1677 4593 1854 4646; x_wconf 90' lang='lat' dir='ltr'><strong>omnia</strong></span> <span class='ocrx_word' id='word_1_410' title='bbox 1888 4593 1996 4648; x_wconf 88' lang='lat' dir='ltr'><strong>Deo</strong></span> 
     </span>
    </p>
   </div>
   <div class='ocr_carea' id='block_1_49' title="bbox 406 4683 1993 4755">
    <p class='ocr_par' dir='ltr' id='par_1_49' title="bbox 406 4683 1993 4755">
     <span class='ocr_line' id='line_1_49' title="bbox 406 4683 1993 4755; baseline -0.001 -15"><span class='ocrx_word' id='word_1_411' title='bbox 406 4686 746 4750; x_wconf 80' lang='lat' dir='ltr'><strong>adscribere,</strong></span> <span class='ocrx_word' id='word_1_412' title='bbox 782 4686 914 4740; x_wconf 89' lang='lat' dir='ltr'><strong>nihil</strong></span> <span class='ocrx_word' id='word_1_413' title='bbox 958 4701 1114 4741; x_wconf 93' lang='lat' dir='ltr'><strong>suum</strong></span> <span class='ocrx_word' id='word_1_414' title='bbox 1134 4701 1255 4742; x_wconf 90' lang='lat' dir='ltr'><strong>esse</strong></span> <span class='ocrx_word' id='word_1_415' title='bbox 1274 4686 1494 4752; x_wconf 89' lang='lat' dir='ltr'><strong>ducere,</strong></span> <span class='ocrx_word' id='word_1_416' title='bbox 1526 4685 1658 4739; x_wconf 87' lang='lat' dir='ltr'><strong>nihil</strong></span> <span class='ocrx_word' id='word_1_417' title='bbox 1687 4685 1870 4755; x_wconf 79' lang='lat' dir='ltr'><strong>gloria:</strong></span> <span class='ocrx_word' id='word_1_418' title='bbox 1893 4683 1993 4738; x_wconf 64' lang='lat' dir='ltr'><strong>huc</strong></span> 
     </span>
    </p>
   </div>
   <div class='ocr_carea' id='block_1_50' title="bbox 419 4778 1988 4844">
    <p class='ocr_par' dir='ltr' id='par_1_50' title="bbox 419 4778 1988 4844">
     <span class='ocr_line' id='line_1_50' title="bbox 419 4778 1988 4844; baseline -0.001 -9"><span class='ocrx_word' id='word_1_419' title='bbox 419 4795 592 4835; x_wconf 64' lang='lat' dir='ltr'><strong>manas</strong></span> <span class='ocrx_word' id='word_1_420' title='bbox 619 4793 779 4834; x_wconf 86' lang='lat' dir='ltr'><strong>causa</strong></span> <span class='ocrx_word' id='word_1_421' title='bbox 808 4778 1011 4844; x_wconf 85' lang='lat' dir='ltr'><strong>facere,</strong></span> <span class='ocrx_word' id='word_1_422' title='bbox 1036 4779 1130 4834; x_wconf 89' lang='lat' dir='ltr'><strong>sed</strong></span> <span class='ocrx_word' id='word_1_423' title='bbox 1155 4779 1452 4835; x_wconf 85' lang='lat' dir='ltr'><strong>secundum</strong></span> <span class='ocrx_word' id='word_1_424' title='bbox 1483 4779 1576 4835; x_wconf 89' lang='lat' dir='ltr'><strong>Dei</strong></span> <span class='ocrx_word' id='word_1_425' title='bbox 1608 4780 1937 4836; x_wconf 82' lang='lat' dir='ltr'><strong>voluntatem</strong></span> <span class='ocrx_word' id='word_1_426' title='bbox 1973 4797 1988 4834; x_wconf 87' lang='lat'><strong>:</strong></span> 
     </span>
    </p>
   </div>
   <div class='ocr_carea' id='block_1_51' title="bbox 412 4871 1992 4941">
    <p class='ocr_par' dir='ltr' id='par_1_51' title="bbox 412 4871 1992 4941">
     <span class='ocr_line' id='line_1_51' title="bbox 412 4871 1992 4941; baseline 0.001 -14"><span class='ocrx_word' id='word_1_427' title='bbox 412 4873 509 4927; x_wconf 67' lang='lat' dir='ltr'><strong>diic</strong></span> <span class='ocrx_word' id='word_1_428' title='bbox 531 4871 672 4926; x_wconf 90' lang='lat' dir='ltr'><strong>enim</strong></span> <span class='ocrx_word' id='word_1_429' title='bbox 703 4878 785 4926; x_wconf 88' lang='lat' dir='ltr'><strong>est</strong></span> <span class='ocrx_word' id='word_1_430' title='bbox 814 4912 828 4935; x_wconf 95' lang='lat'><strong>,</strong></span> <span class='ocrx_word' id='word_1_431' title='bbox 861 4871 950 4941; x_wconf 91' lang='lat' dir='ltr'><strong>qui</strong></span> <span class='ocrx_word' id='word_1_432' title='bbox 975 4872 1094 4925; x_wconf 83' lang='lat' dir='ltr'><strong>vitae</strong></span> <span class='ocrx_word' id='word_1_433' title='bbox 1137 4882 1271 4927; x_wconf 80' lang='lat' dir='ltr'><strong>actae</strong></span> <span class='ocrx_word' id='word_1_434' title='bbox 1321 4875 1556 4928; x_wconf 87' lang='lat' dir='ltr'><strong>rationes</strong></span> <span class='ocrx_word' id='word_1_435' title='bbox 1585 4881 1870 4928; x_wconf 81' lang='lat' dir='ltr'><strong>exacturus</strong></span> <span class='ocrx_word' id='word_1_436' title='bbox 1891 4880 1992 4928; x_wconf 86' lang='lat' dir='ltr'><strong>est.</strong></span> 
     </span>
    </p>
   </div>
   <div class='ocr_carea' id='block_1_52' title="bbox 410 4961 1995 5034">
    <p class='ocr_par' dir='ltr' id='par_1_52' title="bbox 410 4961 1995 5034">
     <span class='ocr_line' id='line_1_52' title="bbox 410 4961 1995 5034; baseline -0.001 -13"><span class='ocrx_word' id='word_1_437' title='bbox 410 4961 572 5021; x_wconf 74' lang='lat' dir='ltr'><strong>Nunc</strong></span> <span class='ocrx_word' id='word_1_438' title='bbox 600 4977 728 5017; x_wconf 90' lang='lat' dir='ltr'><strong>vero</strong></span> <span class='ocrx_word' id='word_1_439' title='bbox 750 4963 826 5017; x_wconf 80' lang='lat' dir='ltr'><strong>rei</strong></span> <span class='ocrx_word' id='word_1_440' title='bbox 856 4961 989 5016; x_wconf 93' lang='lat' dir='ltr'><strong>ordo</strong></span> <span class='ocrx_word' id='word_1_441' title='bbox 1011 4961 1256 5017; x_wconf 86' lang='lat' dir='ltr'><strong>inversus</strong></span> <span class='ocrx_word' id='word_1_442' title='bbox 1275 4975 1358 5018; x_wconf 88' lang='lat' dir='ltr'><strong>est</strong></span> <span class='ocrx_word' id='word_1_443' title='bbox 1385 4983 1400 5019; x_wconf 89' lang='lat'><strong>:</strong></span> <span class='ocrx_word' id='word_1_444' title='bbox 1429 4975 1586 5034; x_wconf 87' lang='lat' dir='ltr'><strong>atque</strong></span> <span class='ocrx_word' id='word_1_445' title='bbox 1604 4965 1752 5018; x_wconf 91' lang='lat' dir='ltr'><strong>illum</strong></span> <span class='ocrx_word' id='word_1_446' title='bbox 1779 4963 1995 5033; x_wconf 91' lang='lat' dir='ltr'><strong>quidem</strong></span> 
     </span>
    </p>
   </div>
   <div class='ocr_carea' id='block_1_53' title="bbox 410 5056 1994 5126">
    <p class='ocr_par' dir='ltr' id='par_1_53' title="bbox 410 5056 1994 5126">
     <span class='ocr_line' id='line_1_53' title="bbox 410 5056 1994 5126; baseline 0.001 -16"><span class='ocrx_word' id='word_1_447' title='bbox 410 5058 508 5125; x_wconf 78' lang='lat' dir='ltr'><strong>qui</strong></span> <span class='ocrx_word' id='word_1_448' title='bbox 537 5071 634 5124; x_wconf 89' lang='lat' dir='ltr'><strong>pro</strong></span> <span class='ocrx_word' id='word_1_449' title='bbox 661 5056 912 5111; x_wconf 80' lang='lat' dir='ltr'><strong>tribunali</strong></span> <span class='ocrx_word' id='word_1_450' title='bbox 962 5071 1210 5112; x_wconf 87' lang='lat' dir='ltr'><strong>sessurus</strong></span> <span class='ocrx_word' id='word_1_451' title='bbox 1235 5096 1250 5121; x_wconf 92' lang='lat'><strong>,</strong></span> <span class='ocrx_word' id='word_1_452' title='bbox 1280 5071 1343 5110; x_wconf 90' lang='lat' dir='ltr'><strong>ac</strong></span> <span class='ocrx_word' id='word_1_453' title='bbox 1369 5058 1604 5112; x_wconf 88' lang='lat' dir='ltr'><strong>rationes</strong></span> <span class='ocrx_word' id='word_1_454' title='bbox 1670 5057 1994 5126; x_wconf 88' lang='lat' dir='ltr'><strong>repetiturus</strong></span> 
     </span>
    </p>
   </div>
   <div class='ocr_carea' id='block_1_54' title="bbox 409 5148 1988 5220">
    <p class='ocr_par' dir='ltr' id='par_1_54' title="bbox 409 5148 1988 5220">
     <span class='ocr_line' id='line_1_54' title="bbox 409 5148 1988 5220; baseline -0.001 -18"><span class='ocrx_word' id='word_1_455' title='bbox 409 5156 525 5210; x_wconf 75' lang='lat' dir='ltr'><strong>est,</strong></span> <span class='ocrx_word' id='word_1_456' title='bbox 553 5163 657 5202; x_wconf 90' lang='lat' dir='ltr'><strong>non</strong></span> <span class='ocrx_word' id='word_1_457' title='bbox 686 5150 839 5204; x_wconf 85' lang='lat' dir='ltr'><strong>valde</strong></span> <span class='ocrx_word' id='word_1_458' title='bbox 866 5149 1153 5205; x_wconf 89' lang='lat' dir='ltr'><strong>metuimus</strong></span> <span class='ocrx_word' id='word_1_459' title='bbox 1179 5165 1192 5213; x_wconf 93' lang='lat'><strong>;</strong></span> <span class='ocrx_word' id='word_1_460' title='bbox 1223 5164 1315 5204; x_wconf 90' lang='lat' dir='ltr'><strong>eos</strong></span> <span class='ocrx_word' id='word_1_461' title='bbox 1336 5157 1512 5204; x_wconf 86' lang='lat' dir='ltr'><strong>autem</strong></span> <span class='ocrx_word' id='word_1_462' title='bbox 1537 5191 1550 5215; x_wconf 92' lang='lat'><strong>,</strong></span> <span class='ocrx_word' id='word_1_463' title='bbox 1591 5149 1680 5220; x_wconf 81' lang='lat' dir='ltr'><strong>qui</strong></span> <span class='ocrx_word' id='word_1_464' title='bbox 1711 5148 1988 5203; x_wconf 89' lang='lat' dir='ltr'><strong>nobiscum</strong></span> 
     </span>
    </p>
   </div>
   <div class='ocr_carea' id='block_1_55' title="bbox 417 5240 1987 5310">
    <p class='ocr_par' dir='ltr' id='par_1_55' title="bbox 417 5240 1987 5310">
     <span class='ocr_line' id='line_1_55' title="bbox 417 5240 1987 5310; baseline -0.002 -15"><span class='ocrx_word' id='word_1_465' title='bbox 417 5240 641 5295; x_wconf 82' lang='lat' dir='ltr'><strong>stabunt</strong></span> <span class='ocrx_word' id='word_1_466' title='bbox 688 5256 750 5295; x_wconf 86' lang='lat' dir='ltr'><strong>ac</strong></span> <span class='ocrx_word' id='word_1_467' title='bbox 789 5242 1045 5309; x_wconf 89' lang='lat' dir='ltr'><strong>judicium</strong></span> <span class='ocrx_word' id='word_1_468' title='bbox 1101 5241 1326 5296; x_wconf 89' lang='lat' dir='ltr'><strong>subituri</strong></span> <span class='ocrx_word' id='word_1_469' title='bbox 1371 5252 1525 5309; x_wconf 92' lang='lat' dir='ltr'><strong>sunt,</strong></span> <span class='ocrx_word' id='word_1_470' title='bbox 1565 5241 1987 5310; x_wconf 78' lang='lat' dir='ltr'><strong>expavescimus.</strong></span> 
     </span>
    </p>
   </div>
   <div class='ocr_carea' id='block_1_56' title="bbox 421 5329 1990 5399">
    <p class='ocr_par' dir='ltr' id='par_1_56' title="bbox 421 5329 1990 5399">
     <span class='ocr_line' id='line_1_56' title="bbox 421 5329 1990 5399; baseline -0.001 -13"><span class='ocrx_word' id='word_1_471' title='bbox 421 5330 576 5386; x_wconf 80' lang='lat' dir='ltr'><strong>Unde</strong></span> <span class='ocrx_word' id='word_1_472' title='bbox 598 5329 754 5399; x_wconf 78' lang='lat' dir='ltr'><strong>igitur</strong></span> <span class='ocrx_word' id='word_1_473' title='bbox 784 5331 868 5384; x_wconf 92' lang='lat' dir='ltr'><strong>hic</strong></span> <span class='ocrx_word' id='word_1_474' title='bbox 888 5333 1148 5386; x_wconf 84' lang='lat' dir='ltr'><strong>morbus?</strong></span> <span class='ocrx_word' id='word_1_475' title='bbox 1178 5333 1317 5387; x_wconf 89' lang='lat' dir='ltr'><strong>unde</strong></span> <span class='ocrx_word' id='word_1_476' title='bbox 1344 5332 1394 5386; x_wconf 92' lang='lat' dir='ltr'><strong>in</strong></span> <span class='ocrx_word' id='word_1_477' title='bbox 1421 5342 1634 5388; x_wconf 89' lang='lat' dir='ltr'><strong>nostras</strong></span> <span class='ocrx_word' id='word_1_478' title='bbox 1663 5333 1869 5388; x_wconf 88' lang='lat' dir='ltr'><strong>animas</strong></span> <span class='ocrx_word' id='word_1_479' title='bbox 1902 5331 1990 5385; x_wconf 91' lang='lat' dir='ltr'><strong>in-</strong></span> 
     </span>
    </p>
   </div>
   <div class='ocr_carea' id='block_1_57' title="bbox 419 5420 1998 5492">
    <p class='ocr_par' dir='ltr' id='par_1_57' title="bbox 419 5420 1998 5492">
     <span class='ocr_line' id='line_1_57' title="bbox 419 5420 1998 5492; baseline -0.001 -15"><span class='ocrx_word' id='word_1_480' title='bbox 419 5423 601 5478; x_wconf 68' lang='lat' dir='ltr'><strong>vasit?</strong></span> <span class='ocrx_word' id='word_1_481' title='bbox 629 5420 763 5477; x_wconf 82' lang='lat' dir='ltr'><strong>Hinc</strong></span> <span class='ocrx_word' id='word_1_482' title='bbox 785 5421 1054 5487; x_wconf 89' lang='lat' dir='ltr'><strong>nimirum,</strong></span> <span class='ocrx_word' id='word_1_483' title='bbox 1082 5423 1221 5492; x_wconf 90' lang='lat' dir='ltr'><strong>quod</strong></span> <span class='ocrx_word' id='word_1_484' title='bbox 1252 5437 1359 5478; x_wconf 91' lang='lat' dir='ltr'><strong>non</strong></span> <span class='ocrx_word' id='word_1_485' title='bbox 1383 5424 1595 5478; x_wconf 88' lang='lat' dir='ltr'><strong>assidue</strong></span> <span class='ocrx_word' id='word_1_486' title='bbox 1625 5439 1710 5479; x_wconf 91' lang='lat' dir='ltr'><strong>res</strong></span> <span class='ocrx_word' id='word_1_487' title='bbox 1739 5424 1856 5478; x_wconf 92' lang='lat' dir='ltr'><strong>illas</strong></span> <span class='ocrx_word' id='word_1_488' title='bbox 1881 5423 1998 5477; x_wconf 85' lang='lat' dir='ltr'><strong>ani-</strong></span> 
     </span>
    </p>
   </div>
   <div class='ocr_carea' id='block_1_58' title="bbox 417 5513 1990 5583">
    <p class='ocr_par' dir='ltr' id='par_1_58' title="bbox 417 5513 1990 5583">
     <span class='ocr_line' id='line_1_58' title="bbox 417 5513 1990 5583; baseline -0.003 -13"><span class='ocrx_word' id='word_1_489' title='bbox 417 5530 512 5570; x_wconf 83' lang='lat' dir='ltr'><strong>mo</strong></span> <span class='ocrx_word' id='word_1_490' title='bbox 571 5513 907 5578; x_wconf 88' lang='lat' dir='ltr'><strong>volutemus,</strong></span> <span class='ocrx_word' id='word_1_491' title='bbox 948 5514 1044 5568; x_wconf 86' lang='lat' dir='ltr'><strong>sed</strong></span> <span class='ocrx_word' id='word_1_492' title='bbox 1095 5514 1448 5583; x_wconf 76' lang='lat' dir='ltr'><strong>przesentibus</strong></span> <span class='ocrx_word' id='word_1_493' title='bbox 1504 5515 1648 5569; x_wconf 76' lang='lat' dir='ltr'><strong>affixi</strong></span> <span class='ocrx_word' id='word_1_494' title='bbox 1690 5523 1990 5570; x_wconf 87' lang='lat' dir='ltr'><strong>teneamur.</strong></span> 
     </span>
    </p>
   </div>
   <div class='ocr_carea' id='block_1_59' title="bbox 420 5606 1994 5677">
    <p class='ocr_par' dir='ltr' id='par_1_59' title="bbox 420 5606 1994 5677">
     <span class='ocr_line' id='line_1_59' title="bbox 420 5606 1994 5677; baseline -0.001 -15"><span class='ocrx_word' id='word_1_495' title='bbox 420 5607 556 5662; x_wconf 73' lang='lat' dir='ltr'><strong>ilinc</strong></span> <span class='ocrx_word' id='word_1_496' title='bbox 573 5607 652 5674; x_wconf 83' lang='lat' dir='ltr'><strong>fit,</strong></span> <span class='ocrx_word' id='word_1_497' title='bbox 673 5615 793 5662; x_wconf 93' lang='lat' dir='ltr'><strong>utet</strong></span> <span class='ocrx_word' id='word_1_498' title='bbox 819 5606 871 5662; x_wconf 92' lang='lat' dir='ltr'><strong>in</strong></span> <span class='ocrx_word' id='word_1_499' title='bbox 893 5606 1146 5662; x_wconf 87' lang='lat' dir='ltr'><strong>exitiosas</strong></span> <span class='ocrx_word' id='word_1_500' title='bbox 1171 5607 1411 5662; x_wconf 85' lang='lat' dir='ltr'><strong>actiones</strong></span> <span class='ocrx_word' id='word_1_501' title='bbox 1439 5607 1592 5662; x_wconf 82' lang='lat' dir='ltr'><strong>facile</strong></span> <span class='ocrx_word' id='word_1_502' title='bbox 1625 5607 1841 5677; x_wconf 87' lang='lat' dir='ltr'><strong>prolaba</strong></span> <span class='ocrx_word' id='word_1_503' title='bbox 1852 5623 1994 5673; x_wconf 90' lang='lat' dir='ltr'><strong>mur,</strong></span> 
     </span>
    </p>
   </div>
   <div class='ocr_carea' id='block_1_60' title="bbox 413 5697 1991 5775">
    <p class='ocr_par' dir='ltr' id='par_1_60' title="bbox 413 5697 1991 5775">
     <span class='ocr_line' id='line_1_60' title="bbox 413 5697 1991 5775; baseline -0.005 -13"><span class='ocrx_word' id='word_1_504' title='bbox 413 5713 472 5762; x_wconf 73' lang='lat' dir='ltr'><strong>et</strong></span> <span class='ocrx_word' id='word_1_505' title='bbox 500 5706 544 5758; x_wconf 69' lang='lat' dir='ltr'><strong>sl</strong></span> <span class='ocrx_word' id='word_1_506' title='bbox 565 5702 691 5775; x_wconf 87' lang='lat' dir='ltr'><strong>quid</strong></span> <span class='ocrx_word' id='word_1_507' title='bbox 719 5701 843 5760; x_wconf 88' lang='lat' dir='ltr'><strong>boni</strong></span> <span class='ocrx_word' id='word_1_508' title='bbox 871 5701 1093 5774; x_wconf 83' lang='lat' dir='ltr'><strong>agimus,</strong></span> <span class='ocrx_word' id='word_1_509' title='bbox 1125 5698 1497 5759; x_wconf 84' lang='lat' dir='ltr'><strong>ostentationis</strong></span> <span class='ocrx_word' id='word_1_510' title='bbox 1522 5714 1677 5756; x_wconf 82' lang='lat' dir='ltr'><strong>causa</strong></span> <span class='ocrx_word' id='word_1_511' title='bbox 1711 5697 1991 5767; x_wconf 73' lang='lat' dir='ltr'><strong>faciamus,</strong></span> 
     </span>
    </p>
   </div>
   <div class='ocr_carea' id='block_1_61' title="bbox 1126 273 2900 336">
    <p class='ocr_par' dir='ltr' id='par_1_61' title="bbox 1126 273 2900 336">
     <span class='ocr_line' id='line_1_61' title="bbox 1126 273 2900 336; baseline -0.003 1"><span class='ocrx_word' id='word_1_512' title='bbox 1126 277 1186 336; x_wconf 87' lang='lat' dir='ltr'><strong>S.</strong></span> <span class='ocrx_word' id='word_1_513' title='bbox 1221 274 1496 336; x_wconf 77' lang='lat' dir='ltr'><strong>JOANNIS</strong></span> <span class='ocrx_word' id='word_1_514' title='bbox 1531 274 1998 332; x_wconf 67' lang='grc' dir='ltr'><strong>εῐιιιγεοετυδιι</strong></span> <span class='ocrx_word' id='word_1_515' title='bbox 2038 273 2348 330; x_wconf 77' lang='lat' dir='ltr'><strong>ARCHIEP.</strong></span> <span class='ocrx_word' id='word_1_516' title='bbox 2388 273 2900 332; x_wconf 74' lang='lat' dir='ltr'><strong>CONSTANTINOP.</strong></span> 
     </span>
    </p>
   </div>
   <div class='ocr_carea' id='block_1_62' title="bbox 3561 279 3676 336">
    <p class='ocr_par' dir='ltr' id='par_1_62' title="bbox 3561 279 3676 336">
     <span class='ocr_line' id='line_1_62' title="bbox 3561 279 3676 336; baseline -0.035 1"><span class='ocrx_word' id='word_1_517' title='bbox 3561 279 3676 336; x_wconf 51' lang='lat'><strong>£52</strong></span> 
     </span>
    </p>
   </div>
   <div class='ocr_carea' id='block_1_63' title="bbox 2096 387 3669 462">
    <p class='ocr_par' dir='ltr' id='par_1_63' title="bbox 2096 387 3669 462">
     <span class='ocr_line' id='line_1_63' title="bbox 2096 387 3669 462; baseline 0.006 -22"><span class='ocrx_word' id='word_1_518' title='bbox 2096 397 2255 457; x_wconf 83' lang='lat' dir='ltr'><strong>atque</strong></span> <span class='ocrx_word' id='word_1_519' title='bbox 2287 387 2338 441; x_wconf 92' lang='lat' dir='ltr'><strong>id</strong></span> <span class='ocrx_word' id='word_1_520' title='bbox 2360 401 2570 458; x_wconf 87' lang='lat' dir='ltr'><strong>quoque</strong></span> <span class='ocrx_word' id='word_1_521' title='bbox 2601 389 2651 441; x_wconf 92' lang='lat' dir='ltr'><strong>in</strong></span> <span class='ocrx_word' id='word_1_522' title='bbox 2673 388 3055 444; x_wconf 84' lang='lat' dir='ltr'><strong>detrimentum</strong></span> <span class='ocrx_word' id='word_1_523' title='bbox 3102 387 3256 444; x_wconf 83' lang='lat' dir='ltr'><strong>nobis</strong></span> <span class='ocrx_word' id='word_1_524' title='bbox 3283 389 3460 446; x_wconf 86' lang='lat' dir='ltr'><strong>cedat.</strong></span> <span class='ocrx_word' id='word_1_525' title='bbox 3491 390 3669 462; x_wconf 55' lang='lat' dir='ltr'><strong>Siqui-</strong></span> 
     </span>
    </p>
   </div>
   <div class='ocr_carea' id='block_1_64' title="bbox 2092 476 3672 549">
    <p class='ocr_par' dir='ltr' id='par_1_64' title="bbox 2092 476 3672 549">
     <span class='ocr_line' id='line_1_64' title="bbox 2092 476 3672 549; baseline 0.005 -18"><span class='ocrx_word' id='word_1_526' title='bbox 2092 476 2213 532; x_wconf 89' lang='lat' dir='ltr'><strong>dem</strong></span> <span class='ocrx_word' id='word_1_527' title='bbox 2242 478 2372 532; x_wconf 88' lang='lat' dir='ltr'><strong>vidit</strong></span> <span class='ocrx_word' id='word_1_528' title='bbox 2397 478 2624 534; x_wconf 85' lang='lat' dir='ltr'><strong>fortasse</strong></span> <span class='ocrx_word' id='word_1_529' title='bbox 2653 480 2914 549; x_wconf 84' lang='lat' dir='ltr'><strong>quispiam</strong></span> <span class='ocrx_word' id='word_1_530' title='bbox 2946 479 3228 548; x_wconf 89' lang='lat' dir='ltr'><strong>impudicis</strong></span> <span class='ocrx_word' id='word_1_531' title='bbox 3274 481 3450 537; x_wconf 83' lang='lat' dir='ltr'><strong>oculis</strong></span> <span class='ocrx_word' id='word_1_532' title='bbox 3475 486 3672 540; x_wconf 78' lang='lat' dir='ltr'><strong>mulie-</strong></span> 
     </span>
    </p>
   </div>
   <div class='ocr_carea' id='block_1_65' title="bbox 2095 569 3663 645">
    <p class='ocr_par' dir='ltr' id='par_1_65' title="bbox 2095 569 3663 645">
     <span class='ocr_line' id='line_1_65' title="bbox 2095 569 3663 645; baseline 0.006 -23"><span class='ocrx_word' id='word_1_533' title='bbox 2095 584 2230 635; x_wconf 89' lang='lat' dir='ltr'><strong>rem,</strong></span> <span class='ocrx_word' id='word_1_534' title='bbox 2264 585 2362 624; x_wconf 90' lang='lat' dir='ltr'><strong>nec</strong></span> <span class='ocrx_word' id='word_1_535' title='bbox 2391 569 2443 624; x_wconf 89' lang='lat' dir='ltr'><strong>id</strong></span> <span class='ocrx_word' id='word_1_536' title='bbox 2474 580 2564 624; x_wconf 88' lang='lat' dir='ltr'><strong>aut</strong></span> <span class='ocrx_word' id='word_1_537' title='bbox 2590 570 2782 625; x_wconf 88' lang='lat' dir='ltr'><strong>mulier</strong></span> <span class='ocrx_word' id='word_1_538' title='bbox 2800 586 2920 642; x_wconf 75' lang='lat' dir='ltr'><strong>quae</strong></span> <span class='ocrx_word' id='word_1_539' title='bbox 2950 581 3238 640; x_wconf 86' lang='lat' dir='ltr'><strong>conspecta</strong></span> <span class='ocrx_word' id='word_1_540' title='bbox 3259 581 3364 639; x_wconf 85' lang='lat' dir='ltr'><strong>est,</strong></span> <span class='ocrx_word' id='word_1_541' title='bbox 3391 585 3483 629; x_wconf 87' lang='lat' dir='ltr'><strong>aut</strong></span> <span class='ocrx_word' id='word_1_542' title='bbox 3514 576 3548 629; x_wconf 89' lang='lat' dir='ltr'><strong>ii</strong></span> <span class='ocrx_word' id='word_1_543' title='bbox 3570 591 3663 645; x_wconf 79' lang='lat' dir='ltr'><strong>qut</strong></span> 
     </span>
    </p>
   </div>
   <div class='ocr_carea' id='block_1_66' title="bbox 2093 661 3668 732">
    <p class='ocr_par' dir='ltr' id='par_1_66' title="bbox 2093 661 3668 732">
     <span class='ocr_line' id='line_1_66' title="bbox 2093 661 3668 732; baseline 0.007 -17"><span class='ocrx_word' id='word_1_544' title='bbox 2093 677 2197 716; x_wconf 89' lang='lat' dir='ltr'><strong>una</strong></span> <span class='ocrx_word' id='word_1_545' title='bbox 2239 661 2642 730; x_wconf 79' lang='lat' dir='ltr'><strong>gradiebantur,</strong></span> <span class='ocrx_word' id='word_1_546' title='bbox 2671 674 2989 729; x_wconf 87' lang='lat' dir='ltr'><strong>senserunt;</strong></span> <span class='ocrx_word' id='word_1_547' title='bbox 3022 681 3209 722; x_wconf 88' lang='lat' dir='ltr'><strong>verum</strong></span> <span class='ocrx_word' id='word_1_548' title='bbox 3257 668 3472 732; x_wconf 81' lang='lat' dir='ltr'><strong>oculum</strong></span> <span class='ocrx_word' id='word_1_549' title='bbox 3522 671 3668 726; x_wconf 81' lang='lat' dir='ltr'><strong>illum</strong></span> 
     </span>
    </p>
   </div>
   <div class='ocr_carea' id='block_1_67' title="bbox 2091 754 3668 832">
    <p class='ocr_par' dir='ltr' id='par_1_67' title="bbox 2091 754 3668 832">
     <span class='ocr_line' id='line_1_67' title="bbox 2091 754 3668 832; baseline 0.006 -24"><span class='ocrx_word' id='word_1_550' title='bbox 2091 754 2398 824; x_wconf 78' lang='lat' dir='ltr'><strong>pervigilem</strong></span> <span class='ocrx_word' id='word_1_551' title='bbox 2427 754 2646 810; x_wconf 89' lang='lat' dir='ltr'><strong>minime</strong></span> <span class='ocrx_word' id='word_1_552' title='bbox 2691 756 2843 826; x_wconf 80' lang='lat' dir='ltr'><strong>fugit.</strong></span> <span class='ocrx_word' id='word_1_553' title='bbox 2873 755 3004 811; x_wconf 85' lang='lat' dir='ltr'><strong>Nam</strong></span> <span class='ocrx_word' id='word_1_554' title='bbox 3029 757 3118 813; x_wconf 88' lang='lat' dir='ltr'><strong>illc</strong></span> <span class='ocrx_word' id='word_1_555' title='bbox 3142 758 3292 827; x_wconf 90' lang='lat' dir='ltr'><strong>prius</strong></span> <span class='ocrx_word' id='word_1_556' title='bbox 3317 761 3478 815; x_wconf 84' lang='lat' dir='ltr'><strong>etiam</strong></span> <span class='ocrx_word' id='word_1_557' title='bbox 3506 777 3668 832; x_wconf 85' lang='lat' dir='ltr'><strong>quam</strong></span> 
     </span>
    </p>
   </div>
   <div class='ocr_carea' id='block_1_68' title="bbox 2093 846 3671 919">
    <p class='ocr_par' dir='ltr' id='par_1_68' title="bbox 2093 846 3671 919">
     <span class='ocr_line' id='line_1_68' title="bbox 2093 846 3671 919; baseline 0.006 -19"><span class='ocrx_word' id='word_1_558' title='bbox 2093 855 2370 914; x_wconf 78' lang='lat' dir='ltr'><strong>peccatum</strong></span> <span class='ocrx_word' id='word_1_559' title='bbox 2422 846 2711 902; x_wconf 87' lang='lat' dir='ltr'><strong>admissum</strong></span> <span class='ocrx_word' id='word_1_560' title='bbox 2762 857 2945 914; x_wconf 88' lang='lat' dir='ltr'><strong>esset,</strong></span> <span class='ocrx_word' id='word_1_561' title='bbox 2979 849 3299 919; x_wconf 87' lang='lat' dir='ltr'><strong>impudicam</strong></span> <span class='ocrx_word' id='word_1_562' title='bbox 3350 854 3584 908; x_wconf 81' lang='lat' dir='ltr'><strong>animam</strong></span> <span class='ocrx_word' id='word_1_563' title='bbox 3615 865 3671 910; x_wconf 80' lang='lat' dir='ltr'><strong>et</strong></span> 
     </span>
    </p>
   </div>
   <div class='ocr_carea' id='block_1_69' title="bbox 2092 934 3670 1010">
    <p class='ocr_par' dir='ltr' id='par_1_69' title="bbox 2092 934 3670 1010">
     <span class='ocr_line' id='line_1_69' title="bbox 2092 934 3670 1010; baseline 0.008 -23"><span class='ocrx_word' id='word_1_564' title='bbox 2092 934 2360 990; x_wconf 89' lang='lat' dir='ltr'><strong>internum</strong></span> <span class='ocrx_word' id='word_1_565' title='bbox 2401 934 2638 992; x_wconf 83' lang='lat' dir='ltr'><strong>furorem</strong></span> <span class='ocrx_word' id='word_1_566' title='bbox 2666 948 2722 992; x_wconf 91' lang='lat' dir='ltr'><strong>et</strong></span> <span class='ocrx_word' id='word_1_567' title='bbox 2745 940 3098 1008; x_wconf 82' lang='lat' dir='ltr'><strong>cogitationes</strong></span> <span class='ocrx_word' id='word_1_568' title='bbox 3146 940 3199 995; x_wconf 91' lang='lat' dir='ltr'><strong>in</strong></span> <span class='ocrx_word' id='word_1_569' title='bbox 3245 951 3560 1010; x_wconf 87' lang='lat' dir='ltr'><strong>tempestate</strong></span> <span class='ocrx_word' id='word_1_570' title='bbox 3603 959 3670 1000; x_wconf 87' lang='lat' dir='ltr'><strong>ac</strong></span> 
     </span>
    </p>
   </div>
   <div class='ocr_carea' id='block_1_70' title="bbox 2092 1025 3669 1104">
    <p class='ocr_par' dir='ltr' id='par_1_70' title="bbox 2092 1025 3669 1104">
     <span class='ocr_line' id='line_1_70' title="bbox 2092 1025 3669 1104; baseline 0.01 -28"><span class='ocrx_word' id='word_1_571' title='bbox 2092 1025 2323 1094; x_wconf 82' lang='lat' dir='ltr'><strong>procella</strong></span> <span class='ocrx_word' id='word_1_572' title='bbox 2378 1040 2499 1082; x_wconf 87' lang='lat' dir='ltr'><strong>sese</strong></span> <span class='ocrx_word' id='word_1_573' title='bbox 2541 1029 2924 1084; x_wconf 81' lang='lat' dir='ltr'><strong>convolventes</strong></span> <span class='ocrx_word' id='word_1_574' title='bbox 2977 1032 3268 1100; x_wconf 77' lang='lat' dir='ltr'><strong>perspexit.</strong></span> <span class='ocrx_word' id='word_1_575' title='bbox 3299 1033 3476 1104; x_wconf 85' lang='lat' dir='ltr'><strong>Neque</strong></span> <span class='ocrx_word' id='word_1_576' title='bbox 3518 1036 3669 1090; x_wconf 82' lang='lat' dir='ltr'><strong>enim</strong></span> 
     </span>
    </p>
   </div>
   <div class='ocr_carea' id='block_1_71' title="bbox 2091 1117 3670 1192">
    <p class='ocr_par' dir='ltr' id='par_1_71' title="bbox 2091 1117 3670 1192">
     <span class='ocr_line' id='line_1_71' title="bbox 2091 1117 3670 1192; baseline 0.006 -22"><span class='ocrx_word' id='word_1_577' title='bbox 2091 1117 2315 1173; x_wconf 84' lang='lat' dir='ltr'><strong>testibus</strong></span> <span class='ocrx_word' id='word_1_578' title='bbox 2341 1127 2395 1173; x_wconf 89' lang='lat' dir='ltr'><strong>et</strong></span> <span class='ocrx_word' id='word_1_579' title='bbox 2421 1119 2743 1189; x_wconf 89' lang='lat' dir='ltr'><strong>conjecturis</strong></span> <span class='ocrx_word' id='word_1_580' title='bbox 2771 1120 2861 1175; x_wconf 90' lang='lat' dir='ltr'><strong>ille</strong></span> <span class='ocrx_word' id='word_1_581' title='bbox 2888 1135 3026 1192; x_wconf 81' lang='lat' dir='ltr'><strong>opus</strong></span> <span class='ocrx_word' id='word_1_582' title='bbox 3055 1122 3236 1190; x_wconf 87' lang='lat' dir='ltr'><strong>habet,</strong></span> <span class='ocrx_word' id='word_1_583' title='bbox 3266 1126 3351 1180; x_wconf 91' lang='lat' dir='ltr'><strong>cui</strong></span> <span class='ocrx_word' id='word_1_584' title='bbox 3371 1127 3549 1180; x_wconf 86' lang='lat' dir='ltr'><strong>omnia</strong></span> <span class='ocrx_word' id='word_1_585' title='bbox 3574 1143 3670 1180; x_wconf 85' lang='lat' dir='ltr'><strong>ex-</strong></span> 
     </span>
    </p>
   </div>
   <div class='ocr_carea' id='block_1_72' title="bbox 2090 1206 3672 1276">
    <p class='ocr_par' dir='ltr' id='par_1_72' title="bbox 2090 1206 3672 1276">
     <span class='ocr_line' id='line_1_72' title="bbox 2090 1206 3672 1276; baseline 0.01 -18"><span class='ocrx_word' id='word_1_586' title='bbox 2090 1206 2294 1274; x_wconf 89' lang='lat' dir='ltr'><strong>plorata</strong></span> <span class='ocrx_word' id='word_1_587' title='bbox 2326 1218 2470 1263; x_wconf 85' lang='lat' dir='ltr'><strong>sunt.</strong></span> <span class='ocrx_word' id='word_1_588' title='bbox 2529 1211 2788 1276; x_wconf 85' lang='lat' dir='ltr'><strong>Quocirca</strong></span> <span class='ocrx_word' id='word_1_589' title='bbox 2816 1227 2883 1266; x_wconf 90' lang='lat' dir='ltr'><strong>ne</strong></span> <span class='ocrx_word' id='word_1_590' title='bbox 2904 1213 3088 1268; x_wconf 86' lang='lat' dir='ltr'><strong>oculos</strong></span> <span class='ocrx_word' id='word_1_591' title='bbox 3111 1214 3177 1269; x_wconf 89' lang='lat' dir='ltr'><strong>ad</strong></span> <span class='ocrx_word' id='word_1_592' title='bbox 3209 1229 3502 1271; x_wconf 87' lang='lat' dir='ltr'><strong>conservos</strong></span> <span class='ocrx_word' id='word_1_593' title='bbox 3550 1227 3672 1274; x_wconf 83' lang='lat' dir='ltr'><strong>tuos</strong></span> 
     </span>
    </p>
   </div>
   <div class='ocr_carea' id='block_1_73' title="bbox 2087 1301 3669 1372">
    <p class='ocr_par' dir='ltr' id='par_1_73' title="bbox 2087 1301 3669 1372">
     <span class='ocr_line' id='line_1_73' title="bbox 2087 1301 3669 1372; baseline 0.009 -23"><span class='ocrx_word' id='word_1_594' title='bbox 2087 1306 2412 1360; x_wconf 84' lang='lat' dir='ltr'><strong>convertas:</strong></span> <span class='ocrx_word' id='word_1_595' title='bbox 2465 1315 2586 1354; x_wconf 89' lang='lat' dir='ltr'><strong>nam</strong></span> <span class='ocrx_word' id='word_1_596' title='bbox 2634 1302 2842 1356; x_wconf 88' lang='lat' dir='ltr'><strong>etiamsi</strong></span> <span class='ocrx_word' id='word_1_597' title='bbox 2885 1301 3046 1359; x_wconf 86' lang='lat' dir='ltr'><strong>homo</strong></span> <span class='ocrx_word' id='word_1_598' title='bbox 3090 1303 3292 1372; x_wconf 87' lang='lat' dir='ltr'><strong>laudet,</strong></span> <span class='ocrx_word' id='word_1_599' title='bbox 3322 1305 3458 1360; x_wconf 89' lang='lat' dir='ltr'><strong>nihil</strong></span> <span class='ocrx_word' id='word_1_600' title='bbox 3491 1315 3669 1364; x_wconf 85' lang='lat' dir='ltr'><strong>tamen</strong></span> 
     </span>
    </p>
   </div>
   <div class='ocr_carea' id='block_1_74' title="bbox 2085 1386 3670 1464">
    <p class='ocr_par' dir='ltr' id='par_1_74' title="bbox 2085 1386 3670 1464">
     <span class='ocr_line' id='line_1_74' title="bbox 2085 1386 3670 1464; baseline 0.009 -24"><span class='ocrx_word' id='word_1_601' title='bbox 2085 1386 2190 1442; x_wconf 81' lang='lat' dir='ltr'><strong>hoc</strong></span> <span class='ocrx_word' id='word_1_602' title='bbox 2208 1389 2573 1458; x_wconf 88' lang='lat' dir='ltr'><strong>prodest,cum</strong></span> <span class='ocrx_word' id='word_1_603' title='bbox 2589 1392 2731 1447; x_wconf 90' lang='lat' dir='ltr'><strong>Deus</strong></span> <span class='ocrx_word' id='word_1_604' title='bbox 2755 1408 2858 1448; x_wconf 92' lang='lat' dir='ltr'><strong>non</strong></span> <span class='ocrx_word' id='word_1_605' title='bbox 2872 1395 3156 1464; x_wconf 85' lang='lat' dir='ltr'><strong>approbat;</strong></span> <span class='ocrx_word' id='word_1_606' title='bbox 3175 1412 3274 1453; x_wconf 84' lang='lat' dir='ltr'><strong>nec</strong></span> <span class='ocrx_word' id='word_1_607' title='bbox 3286 1397 3332 1452; x_wconf 88' lang='lat' dir='ltr'><strong>si</strong></span> <span class='ocrx_word' id='word_1_608' title='bbox 3349 1397 3670 1454; x_wconf 84' lang='lat' dir='ltr'><strong>condemnet</strong></span> 
     </span>
    </p>
   </div>
   <div class='ocr_carea' id='block_1_75' title="bbox 2089 1479 3670 1553">
    <p class='ocr_par' dir='ltr' id='par_1_75' title="bbox 2089 1479 3670 1553">
     <span class='ocr_line' id='line_1_75' title="bbox 2089 1479 3670 1553; baseline 0.006 -19"><span class='ocrx_word' id='word_1_609' title='bbox 2089 1479 2270 1546; x_wconf 90' lang='lat' dir='ltr'><strong>homo,</strong></span> <span class='ocrx_word' id='word_1_610' title='bbox 2299 1481 2583 1552; x_wconf 87' lang='lat' dir='ltr'><strong>quidquam</strong></span> <span class='ocrx_word' id='word_1_611' title='bbox 2603 1482 2727 1540; x_wconf 90' lang='lat' dir='ltr'><strong>hinc</strong></span> <span class='ocrx_word' id='word_1_612' title='bbox 2751 1485 3057 1541; x_wconf 85' lang='lat' dir='ltr'><strong>detrimenti</strong></span> <span class='ocrx_word' id='word_1_613' title='bbox 3085 1488 3241 1553; x_wconf 88' lang='lat' dir='ltr'><strong>redit,</strong></span> <span class='ocrx_word' id='word_1_614' title='bbox 3262 1503 3386 1544; x_wconf 88' lang='lat' dir='ltr'><strong>cum</strong></span> <span class='ocrx_word' id='word_1_615' title='bbox 3407 1489 3546 1545; x_wconf 89' lang='lat' dir='ltr'><strong>Deus</strong></span> <span class='ocrx_word' id='word_1_616' title='bbox 3563 1505 3670 1544; x_wconf 82' lang='lat' dir='ltr'><strong>non</strong></span> 
     </span>
    </p>
   </div>
   <div class='ocr_carea' id='block_1_76' title="bbox 2089 1570 3670 1648">
    <p class='ocr_par' dir='ltr' id='par_1_76' title="bbox 2089 1570 3670 1648">
     <span class='ocr_line' id='line_1_76' title="bbox 2089 1570 3670 1648; baseline 0.007 -25"><span class='ocrx_word' id='word_1_617' title='bbox 2089 1570 2426 1626; x_wconf 88' lang='lat' dir='ltr'><strong>condemnat.</strong></span> <span class='ocrx_word' id='word_1_618' title='bbox 2446 1571 2524 1627; x_wconf 80' lang='lat' dir='ltr'><strong>Ne</strong></span> <span class='ocrx_word' id='word_1_619' title='bbox 2539 1574 2636 1628; x_wconf 87' lang='lat' dir='ltr'><strong>hac</strong></span> <span class='ocrx_word' id='word_1_620' title='bbox 2662 1590 2876 1646; x_wconf 87' lang='lat' dir='ltr'><strong>quoque</strong></span> <span class='ocrx_word' id='word_1_621' title='bbox 2904 1578 3113 1632; x_wconf 87' lang='lat' dir='ltr'><strong>ratione</strong></span> <span class='ocrx_word' id='word_1_622' title='bbox 3128 1578 3363 1648; x_wconf 89' lang='lat' dir='ltr'><strong>judicem</strong></span> <span class='ocrx_word' id='word_1_623' title='bbox 3377 1579 3443 1633; x_wconf 87' lang='lat' dir='ltr'><strong>ad</strong></span> <span class='ocrx_word' id='word_1_624' title='bbox 3459 1580 3670 1635; x_wconf 84' lang='lat' dir='ltr'><strong>iracun-</strong></span> 
     </span>
    </p>
   </div>
   <div class='ocr_carea' id='block_1_77' title="bbox 2084 1661 3672 1740">
    <p class='ocr_par' dir='ltr' id='par_1_77' title="bbox 2084 1661 3672 1740">
     <span class='ocr_line' id='line_1_77' title="bbox 2084 1661 3672 1740; baseline 0.005 -24"><span class='ocrx_word' id='word_1_625' title='bbox 2084 1661 2228 1716; x_wconf 78' lang='lat' dir='ltr'><strong>diam</strong></span> <span class='ocrx_word' id='word_1_626' title='bbox 2241 1664 2623 1729; x_wconf 90' lang='lat' dir='ltr'><strong>concites,dum</strong></span> <span class='ocrx_word' id='word_1_627' title='bbox 2633 1681 3010 1722; x_wconf 90' lang='lat' dir='ltr'><strong>conservorum</strong></span> <span class='ocrx_word' id='word_1_628' title='bbox 3023 1668 3237 1738; x_wconf 89' lang='lat' dir='ltr'><strong>quidem</strong></span> <span class='ocrx_word' id='word_1_629' title='bbox 3257 1684 3499 1740; x_wconf 86' lang='lat' dir='ltr'><strong>magnam</strong></span> <span class='ocrx_word' id='word_1_630' title='bbox 3519 1672 3672 1724; x_wconf 79' lang='lat' dir='ltr'><strong>ratio-</strong></span> 
     </span>
    </p>
   </div>
   <div class='ocr_carea' id='block_1_78' title="bbox 2089 1757 3672 1830">
    <p class='ocr_par' dir='ltr' id='par_1_78' title="bbox 2089 1757 3672 1830">
     <span class='ocr_line' id='line_1_78' title="bbox 2089 1757 3672 1830; baseline 0.006 -21"><span class='ocrx_word' id='word_1_631' title='bbox 2089 1771 2210 1810; x_wconf 84' lang='lat' dir='ltr'><strong>nem</strong></span> <span class='ocrx_word' id='word_1_632' title='bbox 2220 1757 2423 1824; x_wconf 88' lang='lat' dir='ltr'><strong>habes,i</strong></span> <span class='ocrx_word' id='word_1_633' title='bbox 2430 1772 2524 1828; x_wconf 87' lang='lat' dir='ltr'><strong>pso</strong></span> <span class='ocrx_word' id='word_1_634' title='bbox 2534 1769 2708 1815; x_wconf 86' lang='lat' dir='ltr'><strong>autem</strong></span> <span class='ocrx_word' id='word_1_635' title='bbox 2726 1759 3154 1830; x_wconf 88' lang='lat' dir='ltr'><strong>indignante,nec</strong></span> <span class='ocrx_word' id='word_1_636' title='bbox 3171 1770 3312 1815; x_wconf 88' lang='lat' dir='ltr'><strong>metu</strong></span> <span class='ocrx_word' id='word_1_637' title='bbox 3327 1777 3424 1817; x_wconf 86' lang='lat' dir='ltr'><strong>nec</strong></span> <span class='ocrx_word' id='word_1_638' title='bbox 3441 1772 3672 1820; x_wconf 86' lang='lat' dir='ltr'><strong>tremore</strong></span> 
     </span>
    </p>
   </div>
   <div class='ocr_carea' id='block_1_79' title="bbox 2089 1847 3670 1924">
    <p class='ocr_par' dir='ltr' id='par_1_79' title="bbox 2089 1847 3670 1924">
     <span class='ocr_line' id='line_1_79' title="bbox 2089 1847 3670 1924; baseline 0.005 -24"><span class='ocrx_word' id='word_1_639' title='bbox 2089 1847 2335 1904; x_wconf 79' lang='lat' dir='ltr'><strong>afficeris.</strong></span> <span class='ocrx_word' id='word_1_640' title='bbox 2366 1849 2540 1918; x_wconf 85' lang='lat' dir='ltr'><strong>Quare</strong></span> <span class='ocrx_word' id='word_1_641' title='bbox 2565 1850 2775 1905; x_wconf 91' lang='lat' dir='ltr'><strong>laudem</strong></span> <span class='ocrx_word' id='word_1_642' title='bbox 2791 1866 2934 1918; x_wconf 86' lang='lat' dir='ltr'><strong>eam,</strong></span> <span class='ocrx_word' id='word_1_643' title='bbox 2961 1867 3078 1921; x_wconf 66' lang='lat' dir='ltr'><strong>quae</strong></span> <span class='ocrx_word' id='word_1_644' title='bbox 3099 1852 3166 1907; x_wconf 88' lang='lat' dir='ltr'><strong>ab</strong></span> <span class='ocrx_word' id='word_1_645' title='bbox 3186 1851 3488 1908; x_wconf 89' lang='lat' dir='ltr'><strong>hominibus</strong></span> <span class='ocrx_word' id='word_1_646' title='bbox 3506 1855 3670 1924; x_wconf 82' lang='lat' dir='ltr'><strong>profi-</strong></span> 
     </span>
    </p>
   </div>
   <div class='ocr_carea' id='block_1_80' title="bbox 2089 1941 3671 2014">
    <p class='ocr_par' dir='ltr' id='par_1_80' title="bbox 2089 1941 3671 2014">
     <span class='ocr_line' id='line_1_80' title="bbox 2089 1941 3671 2014; baseline 0.003 -19"><span class='ocrx_word' id='word_1_647' title='bbox 2089 1941 2323 2004; x_wconf 88' lang='lat' dir='ltr'><strong>ciscitur,</strong></span> <span class='ocrx_word' id='word_1_648' title='bbox 2347 1952 2764 1998; x_wconf 90' lang='lat' dir='ltr'><strong>contemnamus.</strong></span> <span class='ocrx_word' id='word_1_649' title='bbox 2789 1944 3076 2014; x_wconf 89' lang='lat' dir='ltr'><strong>Quousque</strong></span> <span class='ocrx_word' id='word_1_650' title='bbox 3095 1945 3308 2000; x_wconf 90' lang='lat' dir='ltr'><strong>tandem</strong></span> <span class='ocrx_word' id='word_1_651' title='bbox 3338 1945 3466 2000; x_wconf 89' lang='lat' dir='ltr'><strong>viles</strong></span> <span class='ocrx_word' id='word_1_652' title='bbox 3491 1954 3544 2000; x_wconf 92' lang='lat' dir='ltr'><strong>et</strong></span> <span class='ocrx_word' id='word_1_653' title='bbox 3570 1946 3671 2000; x_wconf 83' lang='lat' dir='ltr'><strong>ah-</strong></span> 
     </span>
    </p>
   </div>
   <div class='ocr_carea' id='block_1_81' title="bbox 2090 2030 3672 2104">
    <p class='ocr_par' dir='ltr' id='par_1_81' title="bbox 2090 2030 3672 2104">
     <span class='ocr_line' id='line_1_81' title="bbox 2090 2030 3672 2104; baseline 0.004 -19"><span class='ocrx_word' id='word_1_654' title='bbox 2090 2030 2215 2098; x_wconf 87' lang='lat' dir='ltr'><strong>jecti</strong></span> <span class='ocrx_word' id='word_1_655' title='bbox 2243 2033 2482 2087; x_wconf 85' lang='lat' dir='ltr'><strong>erimus?</strong></span> <span class='ocrx_word' id='word_1_656' title='bbox 2510 2048 2788 2104; x_wconf 82' lang='lat' dir='ltr'><strong>quousque</strong></span> <span class='ocrx_word' id='word_1_657' title='bbox 2811 2035 2920 2089; x_wconf 92' lang='lat' dir='ltr'><strong>Deo</strong></span> <span class='ocrx_word' id='word_1_658' title='bbox 2951 2036 3018 2090; x_wconf 90' lang='lat' dir='ltr'><strong>ad</strong></span> <span class='ocrx_word' id='word_1_659' title='bbox 3041 2036 3231 2090; x_wconf 77' lang='lat' dir='ltr'><strong>cmlum</strong></span> <span class='ocrx_word' id='word_1_660' title='bbox 3263 2051 3361 2091; x_wconf 91' lang='lat' dir='ltr'><strong>nos</strong></span> <span class='ocrx_word' id='word_1_661' title='bbox 3391 2037 3672 2092; x_wconf 85' lang='lat' dir='ltr'><strong>attollente</strong></span> 
     </span>
    </p>
   </div>
   <div class='ocr_carea' id='block_1_82' title="bbox 2092 2125 3671 2199">
    <p class='ocr_par' dir='ltr' id='par_1_82' title="bbox 2092 2125 3671 2199">
     <span class='ocr_line' id='line_1_82' title="bbox 2092 2125 3671 2199; baseline 0.005 -21"><span class='ocrx_word' id='word_1_662' title='bbox 2092 2125 2192 2194; x_wconf 89' lang='lat' dir='ltr'><strong>ipsi</strong></span> <span class='ocrx_word' id='word_1_663' title='bbox 2225 2125 2370 2178; x_wconf 83' lang='lat' dir='ltr'><strong>humi</strong></span> <span class='ocrx_word' id='word_1_664' title='bbox 2398 2139 2616 2194; x_wconf 85' lang='lat' dir='ltr'><strong>serpere</strong></span> <span class='ocrx_word' id='word_1_665' title='bbox 2637 2127 3023 2183; x_wconf 89' lang='lat' dir='ltr'><strong>contendemus</strong></span> <span class='ocrx_word' id='word_1_666' title='bbox 3053 2130 3076 2181; x_wconf 88' lang='lat'><strong>?</strong></span> <span class='ocrx_word' id='word_1_667' title='bbox 3099 2128 3310 2184; x_wconf 77' lang='lat' dir='ltr'><strong>Fratres</strong></span> <span class='ocrx_word' id='word_1_668' title='bbox 3340 2129 3558 2199; x_wconf 80' lang='lat' dir='ltr'><strong>Josephi</strong></span> <span class='ocrx_word' id='word_1_669' title='bbox 3583 2171 3598 2196; x_wconf 96' lang='lat'><strong>,</strong></span> <span class='ocrx_word' id='word_1_670' title='bbox 3621 2132 3671 2186; x_wconf 93' lang='lat' dir='ltr'><strong>si</strong></span> 
     </span>
    </p>
   </div>
   <div class='ocr_carea' id='block_1_83' title="bbox 2094 2215 3672 2291">
    <p class='ocr_par' dir='ltr' id='par_1_83' title="bbox 2094 2215 3672 2291">
     <span class='ocr_line' id='line_1_83' title="bbox 2094 2215 3672 2291; baseline 0.004 -21"><span class='ocrx_word' id='word_1_671' title='bbox 2094 2215 2190 2272; x_wconf 86' lang='lat' dir='ltr'><strong>Dei</strong></span> <span class='ocrx_word' id='word_1_672' title='bbox 2233 2217 2474 2270; x_wconf 89' lang='lat' dir='ltr'><strong>timorem</strong></span> <span class='ocrx_word' id='word_1_673' title='bbox 2507 2225 2628 2272; x_wconf 87' lang='lat' dir='ltr'><strong>ante</strong></span> <span class='ocrx_word' id='word_1_674' title='bbox 2673 2219 2860 2274; x_wconf 90' lang='lat' dir='ltr'><strong>oculos</strong></span> <span class='ocrx_word' id='word_1_675' title='bbox 2907 2218 3236 2284; x_wconf 85' lang='lat' dir='ltr'><strong>habuissent,</strong></span> <span class='ocrx_word' id='word_1_676' title='bbox 3262 2229 3320 2275; x_wconf 89' lang='lat' dir='ltr'><strong>ut</strong></span> <span class='ocrx_word' id='word_1_677' title='bbox 3348 2220 3545 2276; x_wconf 88' lang='lat' dir='ltr'><strong>habere</strong></span> <span class='ocrx_word' id='word_1_678' title='bbox 3577 2237 3672 2291; x_wconf 89' lang='lat' dir='ltr'><strong>par</strong></span> 
     </span>
    </p>
   </div>
   <div class='ocr_carea' id='block_1_84' title="bbox 2091 2311 3674 2378">
    <p class='ocr_par' dir='ltr' id='par_1_84' title="bbox 2091 2311 3674 2378">
     <span class='ocr_line' id='line_1_84' title="bbox 2091 2311 3674 2378; baseline 0.006 -16"><span class='ocrx_word' id='word_1_679' title='bbox 2091 2317 2228 2374; x_wconf 90' lang='lat' dir='ltr'><strong>erat,</strong></span> <span class='ocrx_word' id='word_1_680' title='bbox 2258 2324 2361 2363; x_wconf 92' lang='lat' dir='ltr'><strong>non</strong></span> <span class='ocrx_word' id='word_1_681' title='bbox 2391 2319 2604 2378; x_wconf 86' lang='lat' dir='ltr'><strong>captum</strong></span> <span class='ocrx_word' id='word_1_682' title='bbox 2628 2312 2680 2364; x_wconf 89' lang='lat' dir='ltr'><strong>in</strong></span> <span class='ocrx_word' id='word_1_683' title='bbox 2712 2311 3003 2367; x_wconf 90' lang='lat' dir='ltr'><strong>solitudine</strong></span> <span class='ocrx_word' id='word_1_684' title='bbox 3033 2312 3252 2368; x_wconf 85' lang='lat' dir='ltr'><strong>fratrem</strong></span> <span class='ocrx_word' id='word_1_685' title='bbox 3276 2313 3674 2372; x_wconf 88' lang='lat' dir='ltr'><strong>interemissent</strong></span> 
     </span>
    </p>
   </div>
   <div class='ocr_carea' id='block_1_85' title="bbox 2091 2400 3672 2478">
    <p class='ocr_par' dir='ltr' id='par_1_85' title="bbox 2091 2400 3672 2478">
     <span class='ocr_line' id='line_1_85' title="bbox 2091 2400 3672 2478; baseline 0.006 -24"><span class='ocrx_word' id='word_1_686' title='bbox 2091 2400 2263 2473; x_wconf 81' lang='lat' dir='ltr'><strong>(Gen.</strong></span> <span class='ocrx_word' id='word_1_687' title='bbox 2293 2402 2360 2456; x_wconf 74' lang='lat'><strong>57</strong></span> <span class='ocrx_word' id='word_1_688' title='bbox 2387 2403 2427 2471; x_wconf 92' lang='lat'><strong>).</strong></span> <span class='ocrx_word' id='word_1_689' title='bbox 2457 2400 2588 2456; x_wconf 85' lang='lat' dir='ltr'><strong>Cain</strong></span> <span class='ocrx_word' id='word_1_690' title='bbox 2619 2417 2829 2468; x_wconf 89' lang='lat' dir='ltr'><strong>rursus,</strong></span> <span class='ocrx_word' id='word_1_691' title='bbox 2852 2403 2898 2458; x_wconf 91' lang='lat' dir='ltr'><strong>si</strong></span> <span class='ocrx_word' id='word_1_692' title='bbox 2928 2406 3247 2459; x_wconf 88' lang='lat' dir='ltr'><strong>sententiam</strong></span> <span class='ocrx_word' id='word_1_693' title='bbox 3280 2407 3469 2476; x_wconf 87' lang='lat' dir='ltr'><strong>ipsius,</strong></span> <span class='ocrx_word' id='word_1_694' title='bbox 3502 2416 3672 2478; x_wconf 87' lang='lat' dir='ltr'><strong>utpar</strong></span> 
     </span>
    </p>
   </div>
   <div class='ocr_carea' id='block_1_86' title="bbox 2096 2495 3674 2568">
    <p class='ocr_par' dir='ltr' id='par_1_86' title="bbox 2096 2495 3674 2568">
     <span class='ocr_line' id='line_1_86' title="bbox 2096 2495 3674 2568; baseline 0.003 -19"><span class='ocrx_word' id='word_1_695' title='bbox 2096 2503 2233 2559; x_wconf 87' lang='lat' dir='ltr'><strong>erat,</strong></span> <span class='ocrx_word' id='word_1_696' title='bbox 2259 2495 2613 2561; x_wconf 76' lang='lat' dir='ltr'><strong>extimuisset,</strong></span> <span class='ocrx_word' id='word_1_697' title='bbox 2641 2510 2747 2549; x_wconf 89' lang='lat' dir='ltr'><strong>non</strong></span> <span class='ocrx_word' id='word_1_698' title='bbox 2778 2495 3002 2552; x_wconf 68' lang='lat' dir='ltr'><strong>dixiséet</strong></span> <span class='ocrx_word' id='word_1_699' title='bbox 3026 2515 3040 2551; x_wconf 88' lang='lat'><strong>:</strong></span> <span class='ocrx_word' id='word_1_700' title='bbox 3082 2497 3269 2552; x_wconf 80' lang='lat' dir='ltr'><strong>Veniet</strong></span> <span class='ocrx_word' id='word_1_701' title='bbox 3287 2500 3607 2568; x_wconf 76' lang='lat' dir='ltr'><strong>egrediantur</strong></span> <span class='ocrx_word' id='word_1_702' title='bbox 3620 2502 3674 2554; x_wconf 80' lang='lat' dir='ltr'><strong>its</strong></span> 
     </span>
    </p>
   </div>
   <div class='ocr_carea' id='block_1_87' title="bbox 2094 2584 3670 2658">
    <p class='ocr_par' dir='ltr' id='par_1_87' title="bbox 2094 2584 3670 2658">
     <span class='ocr_line' id='line_1_87' title="bbox 2094 2584 3670 2658; baseline 0.006 -22"><span class='ocrx_word' id='word_1_703' title='bbox 2094 2601 2269 2655; x_wconf 85' lang='lat' dir='ltr'><strong>agrum</strong></span> <span class='ocrx_word' id='word_1_704' title='bbox 2299 2584 2448 2655; x_wconf 79' lang='lat' dir='ltr'><strong>(Gen.</strong></span> <span class='ocrx_word' id='word_1_705' title='bbox 2471 2587 2528 2640; x_wconf 73' lang='grc'><strong>4.</strong></span> <span class='ocrx_word' id='word_1_706' title='bbox 2555 2586 2634 2656; x_wconf 87' lang='grc'><strong>8).</strong></span> <span class='ocrx_word' id='word_1_707' title='bbox 2657 2585 2793 2653; x_wconf 88' lang='lat' dir='ltr'><strong>Quid</strong></span> <span class='ocrx_word' id='word_1_708' title='bbox 2815 2589 2980 2655; x_wconf 90' lang='lat' dir='ltr'><strong>enim,</strong></span> <span class='ocrx_word' id='word_1_709' title='bbox 3008 2603 3040 2643; x_wconf 96' lang='lat' dir='ltr'><strong>o</strong></span> <span class='ocrx_word' id='word_1_710' title='bbox 3069 2591 3234 2646; x_wconf 86' lang='lat' dir='ltr'><strong>miser</strong></span> <span class='ocrx_word' id='word_1_711' title='bbox 3255 2599 3309 2645; x_wconf 90' lang='lat' dir='ltr'><strong>et</strong></span> <span class='ocrx_word' id='word_1_712' title='bbox 3335 2593 3670 2658; x_wconf 87' lang='lat' dir='ltr'><strong>calamitose,</strong></span> 
     </span>
    </p>
   </div>
   <div class='ocr_carea' id='block_1_88' title="bbox 2093 2676 3672 2751">
    <p class='ocr_par' dir='ltr' id='par_1_88' title="bbox 2093 2676 3672 2751">
     <span class='ocr_line' id='line_1_88' title="bbox 2093 2676 3672 2751; baseline 0.004 -21"><span class='ocrx_word' id='word_1_713' title='bbox 2093 2690 2124 2730; x_wconf 89' lang='lat' dir='ltr'><strong>a</strong></span> <span class='ocrx_word' id='word_1_714' title='bbox 2154 2685 2302 2744; x_wconf 89' lang='lat' dir='ltr'><strong>patre</strong></span> <span class='ocrx_word' id='word_1_715' title='bbox 2347 2676 2521 2745; x_wconf 91' lang='lat' dir='ltr'><strong>ipsum</strong></span> <span class='ocrx_word' id='word_1_716' title='bbox 2566 2677 2822 2734; x_wconf 84' lang='lat' dir='ltr'><strong>distrahis</strong></span> <span class='ocrx_word' id='word_1_717' title='bbox 2871 2687 3030 2749; x_wconf 86' lang='lat' dir='ltr'><strong>atque</strong></span> <span class='ocrx_word' id='word_1_718' title='bbox 3053 2682 3104 2734; x_wconf 92' lang='lat' dir='ltr'><strong>in</strong></span> <span class='ocrx_word' id='word_1_719' title='bbox 3135 2695 3385 2751; x_wconf 88' lang='lat' dir='ltr'><strong>campum</strong></span> <span class='ocrx_word' id='word_1_720' title='bbox 3411 2682 3672 2738; x_wconf 73' lang='lat' dir='ltr'><strong>abducis!</strong></span> 
     </span>
    </p>
   </div>
   <div class='ocr_carea' id='block_1_89' title="bbox 2095 2769 3676 2842">
    <p class='ocr_par' dir='ltr' id='par_1_89' title="bbox 2095 2769 3676 2842">
     <span class='ocr_line' id='line_1_89' title="bbox 2095 2769 3676 2842; baseline 0.008 -22"><span class='ocrx_word' id='word_1_721' title='bbox 2095 2781 2272 2822; x_wconf 85' lang='lat' dir='ltr'><strong>annon</strong></span> <span class='ocrx_word' id='word_1_722' title='bbox 2316 2769 2454 2824; x_wconf 87' lang='lat' dir='ltr'><strong>Deus</strong></span> <span class='ocrx_word' id='word_1_723' title='bbox 2496 2770 2658 2825; x_wconf 89' lang='lat' dir='ltr'><strong>etiam</strong></span> <span class='ocrx_word' id='word_1_724' title='bbox 2689 2771 2740 2824; x_wconf 91' lang='lat' dir='ltr'><strong>in</strong></span> <span class='ocrx_word' id='word_1_725' title='bbox 2783 2785 2974 2842; x_wconf 89' lang='lat' dir='ltr'><strong>campo</strong></span> <span class='ocrx_word' id='word_1_726' title='bbox 3017 2772 3224 2829; x_wconf 82' lang='lat' dir='ltr'><strong>facinus</strong></span> <span class='ocrx_word' id='word_1_727' title='bbox 3263 2783 3412 2829; x_wconf 92' lang='lat' dir='ltr'><strong>tuum</strong></span> <span class='ocrx_word' id='word_1_728' title='bbox 3452 2776 3676 2832; x_wconf 80' lang='lat' dir='ltr'><strong>cernit?</strong></span> 
     </span>
    </p>
   </div>
   <div class='ocr_carea' id='block_1_90' title="bbox 2095 2859 3671 2934">
    <p class='ocr_par' dir='ltr' id='par_1_90' title="bbox 2095 2859 3671 2934">
     <span class='ocr_line' id='line_1_90' title="bbox 2095 2859 3671 2934; baseline 0.006 -20"><span class='ocrx_word' id='word_1_729' title='bbox 2095 2875 2274 2915; x_wconf 89' lang='lat' dir='ltr'><strong>annon</strong></span> <span class='ocrx_word' id='word_1_730' title='bbox 2301 2859 2367 2914; x_wconf 89' lang='lat' dir='ltr'><strong>ab</strong></span> <span class='ocrx_word' id='word_1_731' title='bbox 2395 2860 2500 2929; x_wconf 84' lang='lat' dir='ltr'><strong>iis,</strong></span> <span class='ocrx_word' id='word_1_732' title='bbox 2546 2876 2667 2930; x_wconf 81' lang='lat' dir='ltr'><strong>quae</strong></span> <span class='ocrx_word' id='word_1_733' title='bbox 2725 2864 2862 2932; x_wconf 85' lang='lat' dir='ltr'><strong>patri</strong></span> <span class='ocrx_word' id='word_1_734' title='bbox 2919 2873 3010 2918; x_wconf 93' lang='lat' dir='ltr'><strong>tuo</strong></span> <span class='ocrx_word' id='word_1_735' title='bbox 3050 2864 3384 2932; x_wconf 87' lang='lat' dir='ltr'><strong>acciderunt,</strong></span> <span class='ocrx_word' id='word_1_736' title='bbox 3416 2867 3671 2934; x_wconf 90' lang='lat' dir='ltr'><strong>didicisti,</strong></span> 
     </span>
    </p>
   </div>
   <div class='ocr_carea' id='block_1_91' title="bbox 2095 2950 3674 3025">
    <p class='ocr_par' dir='ltr' id='par_1_91' title="bbox 2095 2950 3674 3025">
     <span class='ocr_line' id='line_1_91' title="bbox 2095 2950 3674 3025; baseline 0.006 -22"><span class='ocrx_word' id='word_1_737' title='bbox 2095 2950 2237 3021; x_wconf 83' lang='lat' dir='ltr'><strong>quod</strong></span> <span class='ocrx_word' id='word_1_738' title='bbox 2263 2951 2442 3006; x_wconf 89' lang='lat' dir='ltr'><strong>omnia</strong></span> <span class='ocrx_word' id='word_1_739' title='bbox 2475 2951 2637 3018; x_wconf 88' lang='lat' dir='ltr'><strong>norit,</strong></span> <span class='ocrx_word' id='word_1_740' title='bbox 2667 2960 2828 3022; x_wconf 87' lang='lat' dir='ltr'><strong>atque</strong></span> <span class='ocrx_word' id='word_1_741' title='bbox 2851 2953 3098 3009; x_wconf 86' lang='lat' dir='ltr'><strong>omnibus</strong></span> <span class='ocrx_word' id='word_1_742' title='bbox 3120 2970 3240 3025; x_wconf 66' lang='lat' dir='ltr'><strong>qua:</strong></span> <span class='ocrx_word' id='word_1_743' title='bbox 3261 2955 3395 3010; x_wconf 85' lang='lat' dir='ltr'><strong>fiunt</strong></span> <span class='ocrx_word' id='word_1_744' title='bbox 3424 2957 3674 3013; x_wconf 80' lang='lat' dir='ltr'><strong>intersit?</strong></span> 
     </span>
    </p>
   </div>
   <div class='ocr_carea' id='block_1_92' title="bbox 2095 3043 3673 3111">
    <p class='ocr_par' dir='ltr' id='par_1_92' title="bbox 2095 3043 3673 3111">
     <span class='ocr_line' id='line_1_92' title="bbox 2095 3043 3673 3111; baseline 0.002 -13"><span class='ocrx_word' id='word_1_745' title='bbox 2095 3043 2235 3110; x_wconf 88' lang='lat' dir='ltr'><strong>Quid</strong></span> <span class='ocrx_word' id='word_1_746' title='bbox 2260 3053 2438 3098; x_wconf 86' lang='lat' dir='ltr'><strong>autem</strong></span> <span class='ocrx_word' id='word_1_747' title='bbox 2465 3058 2641 3098; x_wconf 66' lang='lat' dir='ltr'><strong>causae</strong></span> <span class='ocrx_word' id='word_1_748' title='bbox 2665 3057 2768 3111; x_wconf 74' lang='lat' dir='ltr'><strong>ess,</strong></span> <span class='ocrx_word' id='word_1_749' title='bbox 2804 3058 2902 3099; x_wconf 91' lang='lat' dir='ltr'><strong>cur</strong></span> <span class='ocrx_word' id='word_1_750' title='bbox 2930 3059 3034 3099; x_wconf 92' lang='lat' dir='ltr'><strong>non</strong></span> <span class='ocrx_word' id='word_1_751' title='bbox 3076 3045 3144 3100; x_wconf 92' lang='lat' dir='ltr'><strong>ad</strong></span> <span class='ocrx_word' id='word_1_752' title='bbox 3183 3061 3306 3101; x_wconf 89' lang='lat' dir='ltr'><strong>eum</strong></span> <span class='ocrx_word' id='word_1_753' title='bbox 3335 3047 3508 3103; x_wconf 87' lang='lat' dir='ltr'><strong>scelus</strong></span> <span class='ocrx_word' id='word_1_754' title='bbox 3550 3048 3673 3101; x_wconf 84' lang='lat' dir='ltr'><strong>infi-</strong></span> 
     </span>
    </p>
   </div>
   <div class='ocr_carea' id='block_1_93' title="bbox 2095 3135 3668 3208">
    <p class='ocr_par' dir='ltr' id='par_1_93' title="bbox 2095 3135 3668 3208">
     <span class='ocr_line' id='line_1_93' title="bbox 2095 3135 3668 3208; baseline 0 -15"><span class='ocrx_word' id='word_1_755' title='bbox 2095 3137 2328 3193; x_wconf 90' lang='lat' dir='ltr'><strong>ciantem</strong></span> <span class='ocrx_word' id='word_1_756' title='bbox 2353 3136 2424 3189; x_wconf 92' lang='lat' dir='ltr'><strong>ita</strong></span> <span class='ocrx_word' id='word_1_757' title='bbox 2453 3135 2702 3205; x_wconf 88' lang='lat' dir='ltr'><strong>loquutus</strong></span> <span class='ocrx_word' id='word_1_758' title='bbox 2726 3137 2819 3200; x_wconf 88' lang='lat' dir='ltr'><strong>sit,</strong></span> <span class='ocrx_word' id='word_1_759' title='bbox 2843 3136 2996 3192; x_wconf 81' lang='lat' dir='ltr'><strong>Mene</strong></span> <span class='ocrx_word' id='word_1_760' title='bbox 3015 3137 3183 3203; x_wconf 84' lang='lat' dir='ltr'><strong>celas,</strong></span> <span class='ocrx_word' id='word_1_761' title='bbox 3215 3141 3302 3208; x_wconf 91' lang='lat' dir='ltr'><strong>qni</strong></span> <span class='ocrx_word' id='word_1_762' title='bbox 3333 3139 3521 3208; x_wconf 85' lang='lat' dir='ltr'><strong>ubique</strong></span> <span class='ocrx_word' id='word_1_763' title='bbox 3566 3139 3668 3193; x_wconf 87' lang='lat' dir='ltr'><strong>ad-</strong></span> 
     </span>
    </p>
   </div>
   <div class='ocr_carea' id='block_1_94' title="bbox 2097 3226 3671 3294">
    <p class='ocr_par' dir='ltr' id='par_1_94' title="bbox 2097 3226 3671 3294">
     <span class='ocr_line' id='line_1_94' title="bbox 2097 3226 3671 3294; baseline 0.001 -12"><span class='ocrx_word' id='word_1_764' title='bbox 2097 3243 2212 3282; x_wconf 86' lang='lat' dir='ltr'><strong>sum</strong></span> <span class='ocrx_word' id='word_1_765' title='bbox 2239 3235 2511 3284; x_wconf 82' lang='lat' dir='ltr'><strong>etarcana</strong></span> <span class='ocrx_word' id='word_1_766' title='bbox 2541 3227 2663 3280; x_wconf 88' lang='lat' dir='ltr'><strong>novi</strong></span> <span class='ocrx_word' id='word_1_767' title='bbox 2692 3227 2714 3281; x_wconf 81' lang='lat'><strong>?</strong></span> <span class='ocrx_word' id='word_1_768' title='bbox 2742 3226 2876 3294; x_wconf 88' lang='lat' dir='ltr'><strong>Quia</strong></span> <span class='ocrx_word' id='word_1_769' title='bbox 2908 3226 3145 3282; x_wconf 91' lang='lat' dir='ltr'><strong>nondum</strong></span> <span class='ocrx_word' id='word_1_770' title='bbox 3177 3229 3268 3284; x_wconf 90' lang='lat' dir='ltr'><strong>ille</strong></span> <span class='ocrx_word' id='word_1_771' title='bbox 3300 3228 3412 3284; x_wconf 63' lang='lat' dir='ltr'><strong>hare</strong></span> <span class='ocrx_word' id='word_1_772' title='bbox 3437 3237 3582 3284; x_wconf 90' lang='lat' dir='ltr'><strong>recte</strong></span> <span class='ocrx_word' id='word_1_773' title='bbox 3604 3243 3671 3283; x_wconf 86' lang='lat' dir='ltr'><strong>ac</strong></span> 
     </span>
    </p>
   </div>
   <div class='ocr_carea' id='block_1_95' title="bbox 2097 3318 3676 3388">
    <p class='ocr_par' dir='ltr' id='par_1_95' title="bbox 2097 3318 3676 3388">
     <span class='ocr_line' id='line_1_95' title="bbox 2097 3318 3676 3388; baseline 0.002 -16"><span class='ocrx_word' id='word_1_774' title='bbox 2097 3319 2367 3388; x_wconf 85' lang='lat' dir='ltr'><strong>sapienter</strong></span> <span class='ocrx_word' id='word_1_775' title='bbox 2406 3318 2686 3387; x_wconf 88' lang='lat' dir='ltr'><strong>percipere</strong></span> <span class='ocrx_word' id='word_1_776' title='bbox 2737 3326 2965 3388; x_wconf 89' lang='lat' dir='ltr'><strong>poterat.</strong></span> <span class='ocrx_word' id='word_1_777' title='bbox 3018 3318 3156 3386; x_wconf 87' lang='lat' dir='ltr'><strong>Quid</strong></span> <span class='ocrx_word' id='word_1_778' title='bbox 3187 3329 3366 3375; x_wconf 85' lang='lat' dir='ltr'><strong>autem</strong></span> <span class='ocrx_word' id='word_1_779' title='bbox 3392 3321 3509 3375; x_wconf 81' lang='lat' dir='ltr'><strong>ait?</strong></span> <span class='ocrx_word' id='word_1_780' title='bbox 3564 3319 3676 3375; x_wconf 76' lang='lat' dir='ltr'><strong>Vox</strong></span> 
     </span>
    </p>
   </div>
   <div class='ocr_carea' id='block_1_96' title="bbox 2097 3409 3678 3484">
    <p class='ocr_par' dir='ltr' id='par_1_96' title="bbox 2097 3409 3678 3484">
     <span class='ocr_line' id='line_1_96' title="bbox 2097 3409 3678 3484; baseline 0.003 -19"><span class='ocrx_word' id='word_1_781' title='bbox 2097 3409 2357 3481; x_wconf 86' lang='lat' dir='ltr'><strong>sanguinis</strong></span> <span class='ocrx_word' id='word_1_782' title='bbox 2378 3413 2550 3480; x_wconf 79' lang='lat' dir='ltr'><strong>fratris</strong></span> <span class='ocrx_word' id='word_1_783' title='bbox 2589 3411 2662 3463; x_wconf 88' lang='lat' dir='ltr'><strong>tui</strong></span> <span class='ocrx_word' id='word_1_784' title='bbox 2688 3411 2873 3464; x_wconf 82' lang='lat' dir='ltr'><strong>clamat</strong></span> <span class='ocrx_word' id='word_1_785' title='bbox 2901 3410 2970 3464; x_wconf 83' lang='lat' dir='ltr'><strong>ad</strong></span> <span class='ocrx_word' id='word_1_786' title='bbox 2994 3427 3071 3466; x_wconf 86' lang='lat' dir='ltr'><strong>me</strong></span> <span class='ocrx_word' id='word_1_787' title='bbox 3104 3411 3284 3482; x_wconf 79' lang='lat' dir='ltr'><strong>(Ibid.</strong></span> <span class='ocrx_word' id='word_1_788' title='bbox 3312 3429 3361 3466; x_wconf 78' lang='grc' dir='ltr'><strong>υ.</strong></span> <span class='ocrx_word' id='word_1_789' title='bbox 3397 3412 3497 3484; x_wconf 82' lang='grc'><strong>10)</strong></span> <span class='ocrx_word' id='word_1_790' title='bbox 3524 3431 3539 3478; x_wconf 93' lang='grc'><strong>;</strong></span> <span class='ocrx_word' id='word_1_791' title='bbox 3572 3429 3678 3469; x_wconf 83' lang='lat' dir='ltr'><strong>non</strong></span> 
     </span>
    </p>
   </div>
   <div class='ocr_carea' id='block_1_97' title="bbox 2099 3499 3679 3573">
    <p class='ocr_par' dir='ltr' id='par_1_97' title="bbox 2099 3499 3679 3573">
     <span class='ocr_line' id='line_1_97' title="bbox 2099 3499 3679 3573; baseline 0.003 -19"><span class='ocrx_word' id='word_1_792' title='bbox 2099 3501 2238 3571; x_wconf 89' lang='lat' dir='ltr'><strong>quod</strong></span> <span class='ocrx_word' id='word_1_793' title='bbox 2266 3501 2482 3571; x_wconf 86' lang='lat' dir='ltr'><strong>sanguis</strong></span> <span class='ocrx_word' id='word_1_794' title='bbox 2532 3515 2718 3555; x_wconf 86' lang='lat' dir='ltr'><strong>vocem</strong></span> <span class='ocrx_word' id='word_1_795' title='bbox 2744 3499 2958 3568; x_wconf 87' lang='lat' dir='ltr'><strong>habeat,</strong></span> <span class='ocrx_word' id='word_1_796' title='bbox 2988 3502 3083 3556; x_wconf 90' lang='lat' dir='ltr'><strong>sed</strong></span> <span class='ocrx_word' id='word_1_797' title='bbox 3113 3502 3304 3558; x_wconf 89' lang='lat' dir='ltr'><strong>eodem</strong></span> <span class='ocrx_word' id='word_1_798' title='bbox 3356 3503 3540 3571; x_wconf 91' lang='lat' dir='ltr'><strong>modo,</strong></span> <span class='ocrx_word' id='word_1_799' title='bbox 3573 3519 3679 3573; x_wconf 90' lang='lat' dir='ltr'><strong>quo</strong></span> 
     </span>
    </p>
   </div>
   <div class='ocr_carea' id='block_1_98' title="bbox 2098 3588 3679 3662">
    <p class='ocr_par' dir='ltr' id='par_1_98' title="bbox 2098 3588 3679 3662">
     <span class='ocr_line' id='line_1_98' title="bbox 2098 3588 3679 3662; baseline 0.001 -16"><span class='ocrx_word' id='word_1_800' title='bbox 2098 3592 2166 3647; x_wconf 91' lang='lat' dir='ltr'><strong>de</strong></span> <span class='ocrx_word' id='word_1_801' title='bbox 2210 3591 2504 3662; x_wconf 81' lang='lat' dir='ltr'><strong>perSpicuis</strong></span> <span class='ocrx_word' id='word_1_802' title='bbox 2523 3605 2586 3645; x_wconf 84' lang='lat' dir='ltr'><strong>ac</strong></span> <span class='ocrx_word' id='word_1_803' title='bbox 2612 3588 2910 3646; x_wconf 81' lang='lat' dir='ltr'><strong>manifestis</strong></span> <span class='ocrx_word' id='word_1_804' title='bbox 2941 3590 3126 3646; x_wconf 90' lang='lat' dir='ltr'><strong>dicere</strong></span> <span class='ocrx_word' id='word_1_805' title='bbox 3150 3593 3410 3659; x_wconf 89' lang='lat' dir='ltr'><strong>solemus,</strong></span> <span class='ocrx_word' id='word_1_806' title='bbox 3439 3593 3548 3648; x_wconf 82' lang='lat' dir='ltr'><strong>Res</strong></span> <span class='ocrx_word' id='word_1_807' title='bbox 3571 3594 3679 3648; x_wconf 84' lang='lat' dir='ltr'><strong>ela-</strong></span> 
     </span>
    </p>
   </div>
   <div class='ocr_carea' id='block_1_99' title="bbox 2099 3681 3676 3754">
    <p class='ocr_par' dir='ltr' id='par_1_99' title="bbox 2099 3681 3676 3754">
     <span class='ocr_line' id='line_1_99' title="bbox 2099 3681 3676 3754; baseline 0.001 -16"><span class='ocrx_word' id='word_1_808' title='bbox 2099 3692 2228 3738; x_wconf 87' lang='lat' dir='ltr'><strong>mat.</strong></span> <span class='ocrx_word' id='word_1_809' title='bbox 2281 3685 2358 3738; x_wconf 84' lang='lat' dir='ltr'><strong>Ac</strong></span> <span class='ocrx_word' id='word_1_810' title='bbox 2378 3681 2602 3754; x_wconf 90' lang='lat' dir='ltr'><strong>proinde</strong></span> <span class='ocrx_word' id='word_1_811' title='bbox 2644 3683 2738 3737; x_wconf 89' lang='lat' dir='ltr'><strong>Dei</strong></span> <span class='ocrx_word' id='word_1_812' title='bbox 2786 3683 3109 3738; x_wconf 89' lang='lat' dir='ltr'><strong>sententiam</strong></span> <span class='ocrx_word' id='word_1_813' title='bbox 3137 3684 3206 3739; x_wconf 88' lang='lat' dir='ltr'><strong>ob</strong></span> <span class='ocrx_word' id='word_1_814' title='bbox 3238 3685 3424 3739; x_wconf 90' lang='lat' dir='ltr'><strong>oculos</strong></span> <span class='ocrx_word' id='word_1_815' title='bbox 3465 3700 3676 3754; x_wconf 90' lang='lat' dir='ltr'><strong>semper</strong></span> 
     </span>
    </p>
   </div>
   <div class='ocr_carea' id='block_1_100' title="bbox 2099 3773 3669 3844">
    <p class='ocr_par' dir='ltr' id='par_1_100' title="bbox 2099 3773 3669 3844">
     <span class='ocr_line' id='line_1_100' title="bbox 2099 3773 3669 3844; baseline 0.001 -16"><span class='ocrx_word' id='word_1_816' title='bbox 2099 3773 2301 3830; x_wconf 89' lang='lat' dir='ltr'><strong>habere</strong></span> <span class='ocrx_word' id='word_1_817' title='bbox 2327 3788 2463 3844; x_wconf 88' lang='lat' dir='ltr'><strong>opus</strong></span> <span class='ocrx_word' id='word_1_818' title='bbox 2487 3783 2592 3840; x_wconf 86' lang='lat' dir='ltr'><strong>est;</strong></span> <span class='ocrx_word' id='word_1_819' title='bbox 2611 3788 2840 3844; x_wconf 80' lang='lat' dir='ltr'><strong>moxque</strong></span> <span class='ocrx_word' id='word_1_820' title='bbox 2866 3774 3042 3828; x_wconf 90' lang='lat' dir='ltr'><strong>omnia</strong></span> <span class='ocrx_word' id='word_1_821' title='bbox 3061 3774 3196 3828; x_wconf 89' lang='lat' dir='ltr'><strong>mala</strong></span> <span class='ocrx_word' id='word_1_822' title='bbox 3214 3776 3470 3830; x_wconf 75' lang='lat' dir='ltr'><strong>exstincta</strong></span> <span class='ocrx_word' id='word_1_823' title='bbox 3491 3785 3669 3830; x_wconf 92' lang='lat' dir='ltr'><strong>erunt.</strong></span> 
     </span>
    </p>
   </div>
   <div class='ocr_carea' id='block_1_101' title="bbox 2101 3863 3670 3934">
    <p class='ocr_par' dir='ltr' id='par_1_101' title="bbox 2101 3863 3670 3934">
     <span class='ocr_line' id='line_1_101' title="bbox 2101 3863 3670 3934; baseline 0.003 -16"><span class='ocrx_word' id='word_1_824' title='bbox 2101 3863 2190 3919; x_wconf 89' lang='lat' dir='ltr'><strong>Sic</strong></span> <span class='ocrx_word' id='word_1_825' title='bbox 2217 3864 2271 3918; x_wconf 91' lang='lat' dir='ltr'><strong>in</strong></span> <span class='ocrx_word' id='word_1_826' title='bbox 2303 3863 2550 3932; x_wconf 88' lang='lat' dir='ltr'><strong>precibus</strong></span> <span class='ocrx_word' id='word_1_827' title='bbox 2578 3877 2790 3934; x_wconf 91' lang='lat' dir='ltr'><strong>quoque</strong></span> <span class='ocrx_word' id='word_1_828' title='bbox 2820 3863 3128 3934; x_wconf 87' lang='lat' dir='ltr'><strong>vigilantem</strong></span> <span class='ocrx_word' id='word_1_829' title='bbox 3153 3865 3384 3919; x_wconf 86' lang='lat' dir='ltr'><strong>animum</strong></span> <span class='ocrx_word' id='word_1_830' title='bbox 3412 3873 3670 3934; x_wconf 77' lang='lat' dir='ltr'><strong>prtestare</strong></span> 
     </span>
    </p>
   </div>
   <div class='ocr_carea' id='block_1_102' title="bbox 2101 3945 3675 4025">
    <p class='ocr_par' dir='ltr' id='par_1_102' title="bbox 2101 3945 3675 4025">
     <span class='ocr_line' id='line_1_102' title="bbox 2101 3945 3675 4025; baseline 0.001 -18"><span class='ocrx_word' id='word_1_831' title='bbox 2101 3967 2403 4023; x_wconf 91' lang='lat' dir='ltr'><strong>possumus,</strong></span> <span class='ocrx_word' id='word_1_832' title='bbox 2447 3953 2490 4006; x_wconf 93' lang='lat' dir='ltr'><strong>si</strong></span> <span class='ocrx_word' id='word_1_833' title='bbox 2518 3945 2674 4023; x_wconf 89' lang='lat' dir='ltr'><strong>quem</strong></span> <span class='ocrx_word' id='word_1_834' title='bbox 2721 3953 3055 4024; x_wconf 86' lang='lat' dir='ltr'><strong>alloquamur</strong></span> <span class='ocrx_word' id='word_1_835' title='bbox 3100 3954 3424 4025; x_wconf 84' lang='lat' dir='ltr'><strong>cogitemus,</strong></span> <span class='ocrx_word' id='word_1_836' title='bbox 3459 3955 3504 4009; x_wconf 91' lang='lat' dir='ltr'><strong>si</strong></span> <span class='ocrx_word' id='word_1_837' title='bbox 3541 3954 3675 4010; x_wconf 88' lang='lat' dir='ltr'><strong>illud</strong></span> 
     </span>
    </p>
   </div>
   <div class='ocr_carea' id='block_1_103' title="bbox 2101 4042 3677 4118">
    <p class='ocr_par' dir='ltr' id='par_1_103' title="bbox 2101 4042 3677 4118">
     <span class='ocr_line' id='line_1_103' title="bbox 2101 4042 3677 4118; baseline 0.003 -20"><span class='ocrx_word' id='word_1_838' title='bbox 2101 4053 2430 4113; x_wconf 89' lang='lat' dir='ltr'><strong>reputemus,</strong></span> <span class='ocrx_word' id='word_1_839' title='bbox 2485 4058 2584 4098; x_wconf 90' lang='lat' dir='ltr'><strong>nos</strong></span> <span class='ocrx_word' id='word_1_840' title='bbox 2631 4042 2952 4099; x_wconf 86' lang='lat' dir='ltr'><strong>sacrificium</strong></span> <span class='ocrx_word' id='word_1_841' title='bbox 2985 4045 3202 4112; x_wconf 79' lang='lat' dir='ltr'><strong>offerre,</strong></span> <span class='ocrx_word' id='word_1_842' title='bbox 3259 4046 3601 4118; x_wconf 88' lang='lat' dir='ltr'><strong>gladiumque</strong></span> <span class='ocrx_word' id='word_1_843' title='bbox 3621 4049 3677 4104; x_wconf 90' lang='lat' dir='ltr'><strong>in</strong></span> 
     </span>
    </p>
   </div>
   <div class='ocr_carea' id='block_1_104' title="bbox 2105 4133 3678 4209">
    <p class='ocr_par' dir='ltr' id='par_1_104' title="bbox 2105 4133 3678 4209">
     <span class='ocr_line' id='line_1_104' title="bbox 2105 4133 3678 4209; baseline 0.004 -22"><span class='ocrx_word' id='word_1_844' title='bbox 2105 4133 2370 4199; x_wconf 82' lang='lat' dir='ltr'><strong>manibus,</strong></span> <span class='ocrx_word' id='word_1_845' title='bbox 2401 4133 2574 4203; x_wconf 83' lang='lat' dir='ltr'><strong>ignem</strong></span> <span class='ocrx_word' id='word_1_846' title='bbox 2605 4147 2670 4188; x_wconf 89' lang='lat' dir='ltr'><strong>ac</strong></span> <span class='ocrx_word' id='word_1_847' title='bbox 2699 4134 2841 4205; x_wconf 88' lang='lat' dir='ltr'><strong>ligna</strong></span> <span class='ocrx_word' id='word_1_848' title='bbox 2878 4135 3108 4203; x_wconf 84' lang='lat' dir='ltr'><strong>habere;</strong></span> <span class='ocrx_word' id='word_1_849' title='bbox 3143 4137 3188 4192; x_wconf 91' lang='lat' dir='ltr'><strong>si</strong></span> <span class='ocrx_word' id='word_1_850' title='bbox 3231 4137 3345 4192; x_wconf 78' lang='lat' dir='ltr'><strong>ca-li</strong></span> <span class='ocrx_word' id='word_1_851' title='bbox 3375 4149 3557 4209; x_wconf 90' lang='lat' dir='ltr'><strong>portas</strong></span> <span class='ocrx_word' id='word_1_852' title='bbox 3584 4155 3678 4208; x_wconf 90' lang='lat' dir='ltr'><strong>per</strong></span> 
     </span>
    </p>
   </div>
   <div class='ocr_carea' id='block_1_105' title="bbox 2101 4226 3680 4301">
    <p class='ocr_par' dir='ltr' id='par_1_105' title="bbox 2101 4226 3680 4301">
     <span class='ocr_line' id='line_1_105' title="bbox 2101 4226 3680 4301; baseline 0.004 -20"><span class='ocrx_word' id='word_1_853' title='bbox 2101 4226 2476 4297; x_wconf 85' lang='lat' dir='ltr'><strong>cogitationem</strong></span> <span class='ocrx_word' id='word_1_854' title='bbox 2530 4241 2852 4292; x_wconf 87' lang='lat' dir='ltr'><strong>reseremus,</strong></span> <span class='ocrx_word' id='word_1_855' title='bbox 2893 4228 2939 4283; x_wconf 90' lang='lat' dir='ltr'><strong>si</strong></span> <span class='ocrx_word' id='word_1_856' title='bbox 2989 4229 3114 4284; x_wconf 91' lang='lat' dir='ltr'><strong>illuc</strong></span> <span class='ocrx_word' id='word_1_857' title='bbox 3173 4231 3484 4301; x_wconf 87' lang='lat' dir='ltr'><strong>migremus,</strong></span> <span class='ocrx_word' id='word_1_858' title='bbox 3529 4247 3680 4287; x_wconf 62' lang='lat' dir='ltr'><strong>accc.</strong></span> 
     </span>
    </p>
   </div>
   <div class='ocr_carea' id='block_1_106' title="bbox 2101 4318 3678 4396">
    <p class='ocr_par' dir='ltr' id='par_1_106' title="bbox 2101 4318 3678 4396">
     <span class='ocr_line' id='line_1_106' title="bbox 2101 4318 3678 4396; baseline 0.005 -24"><span class='ocrx_word' id='word_1_859' title='bbox 2101 4330 2361 4390; x_wconf 90' lang='lat' dir='ltr'><strong>ptumque</strong></span> <span class='ocrx_word' id='word_1_860' title='bbox 2388 4318 2614 4389; x_wconf 89' lang='lat' dir='ltr'><strong>Spiritus</strong></span> <span class='ocrx_word' id='word_1_861' title='bbox 2641 4319 2872 4390; x_wconf 83' lang='lat' dir='ltr'><strong>gladium</strong></span> <span class='ocrx_word' id='word_1_862' title='bbox 2906 4321 2958 4376; x_wconf 92' lang='lat' dir='ltr'><strong>in</strong></span> <span class='ocrx_word' id='word_1_863' title='bbox 3005 4322 3234 4376; x_wconf 71' lang='lat' dir='ltr'><strong>victimae</strong></span> <span class='ocrx_word' id='word_1_864' title='bbox 3261 4323 3448 4393; x_wconf 85' lang='lat' dir='ltr'><strong>jugulo</strong></span> <span class='ocrx_word' id='word_1_865' title='bbox 3477 4325 3678 4396; x_wconf 81' lang='lat' dir='ltr'><strong>deﬁga-</strong></span> 
     </span>
    </p>
   </div>
   <div class='ocr_carea' id='block_1_107' title="bbox 2107 4411 3681 4487">
    <p class='ocr_par' dir='ltr' id='par_1_107' title="bbox 2107 4411 3681 4487">
     <span class='ocr_line' id='line_1_107' title="bbox 2107 4411 3681 4487; baseline 0.004 -22"><span class='ocrx_word' id='word_1_866' title='bbox 2107 4427 2230 4466; x_wconf 90' lang='lat' dir='ltr'><strong>mus</strong></span> <span class='ocrx_word' id='word_1_867' title='bbox 2253 4453 2269 4478; x_wconf 91' lang='lat'><strong>,</strong></span> <span class='ocrx_word' id='word_1_868' title='bbox 2300 4411 2509 4482; x_wconf 92' lang='lat' dir='ltr'><strong>ipsique</strong></span> <span class='ocrx_word' id='word_1_869' title='bbox 2561 4411 2890 4482; x_wconf 85' lang='lat' dir='ltr'><strong>vigilantiam</strong></span> <span class='ocrx_word' id='word_1_870' title='bbox 2940 4413 3298 4478; x_wconf 88' lang='lat' dir='ltr'><strong>immolemus,</strong></span> <span class='ocrx_word' id='word_1_871' title='bbox 3329 4430 3392 4468; x_wconf 90' lang='lat' dir='ltr'><strong>ac</strong></span> <span class='ocrx_word' id='word_1_872' title='bbox 3419 4415 3681 4487; x_wconf 79' lang='lat' dir='ltr'><strong>lacrymas</strong></span> 
     </span>
    </p>
   </div>
   <div class='ocr_carea' id='block_1_108' title="bbox 2100 4501 3680 4575">
    <p class='ocr_par' dir='ltr' id='par_1_108' title="bbox 2100 4501 3680 4575">
     <span class='ocr_line' id='line_1_108' title="bbox 2100 4501 3680 4575; baseline 0.003 -19"><span class='ocrx_word' id='word_1_873' title='bbox 2100 4501 2454 4556; x_wconf 82' lang='lat' dir='ltr'><strong>ell&#39;undamus.</strong></span> <span class='ocrx_word' id='word_1_874' title='bbox 2480 4501 2578 4557; x_wconf 84' lang='lat' dir='ltr'><strong>llic</strong></span> <span class='ocrx_word' id='word_1_875' title='bbox 2608 4503 2751 4557; x_wconf 90' lang='lat' dir='ltr'><strong>enim</strong></span> <span class='ocrx_word' id='word_1_876' title='bbox 2783 4502 2938 4573; x_wconf 82' lang='lat' dir='ltr'><strong>hujus</strong></span> <span class='ocrx_word' id='word_1_877' title='bbox 2957 4503 3184 4558; x_wconf 68' lang='lat' dir='ltr'><strong>victimae</strong></span> <span class='ocrx_word' id='word_1_878' title='bbox 3206 4505 3424 4575; x_wconf 86' lang='lat' dir='ltr'><strong>sanguis</strong></span> <span class='ocrx_word' id='word_1_879' title='bbox 3441 4515 3559 4561; x_wconf 89' lang='lat' dir='ltr'><strong>est:</strong></span> <span class='ocrx_word' id='word_1_880' title='bbox 3590 4507 3680 4561; x_wconf 82' lang='lat' dir='ltr'><strong>tali</strong></span> 
     </span>
    </p>
   </div>
   <div class='ocr_carea' id='block_1_109' title="bbox 2106 4594 3682 4668">
    <p class='ocr_par' dir='ltr' id='par_1_109' title="bbox 2106 4594 3682 4668">
     <span class='ocr_line' id='line_1_109' title="bbox 2106 4594 3682 4668; baseline 0.002 -21"><span class='ocrx_word' id='word_1_881' title='bbox 2106 4595 2276 4650; x_wconf 87' lang='lat' dir='ltr'><strong>altare</strong></span> <span class='ocrx_word' id='word_1_882' title='bbox 2306 4594 2436 4650; x_wconf 91' lang='lat' dir='ltr'><strong>illud</strong></span> <span class='ocrx_word' id='word_1_883' title='bbox 2464 4595 2612 4650; x_wconf 69' lang='lat' dir='ltr'><strong>crede</strong></span> <span class='ocrx_word' id='word_1_884' title='bbox 2641 4595 2880 4664; x_wconf 86' lang='lat' dir='ltr'><strong>tingitur.</strong></span> <span class='ocrx_word' id='word_1_885' title='bbox 2933 4595 3009 4650; x_wconf 87' lang='lat' dir='ltr'><strong>Ne</strong></span> <span class='ocrx_word' id='word_1_886' title='bbox 3035 4596 3195 4666; x_wconf 88' lang='lat' dir='ltr'><strong>igitur</strong></span> <span class='ocrx_word' id='word_1_887' title='bbox 3217 4597 3363 4651; x_wconf 88' lang='lat' dir='ltr'><strong>sinas</strong></span> <span class='ocrx_word' id='word_1_888' title='bbox 3393 4598 3682 4668; x_wconf 86' lang='lat' dir='ltr'><strong>quidquam</strong></span> 
     </span>
    </p>
   </div>
   <div class='ocr_carea' id='block_1_110' title="bbox 2104 4685 3686 4756">
    <p class='ocr_par' dir='ltr' id='par_1_110' title="bbox 2104 4685 3686 4756">
     <span class='ocr_line' id='line_1_110' title="bbox 2104 4685 3686 4756; baseline 0.003 -16"><span class='ocrx_word' id='word_1_889' title='bbox 2104 4687 2457 4740; x_wconf 88' lang='lat' dir='ltr'><strong>humanarum</strong></span> <span class='ocrx_word' id='word_1_890' title='bbox 2514 4685 2898 4756; x_wconf 86' lang='lat' dir='ltr'><strong>cogitationum</strong></span> <span class='ocrx_word' id='word_1_891' title='bbox 2923 4686 3153 4742; x_wconf 89' lang='lat' dir='ltr'><strong>animam</strong></span> <span class='ocrx_word' id='word_1_892' title='bbox 3185 4696 3328 4743; x_wconf 90' lang='lat' dir='ltr'><strong>tuam</strong></span> <span class='ocrx_word' id='word_1_893' title='bbox 3363 4697 3476 4744; x_wconf 90' lang='lat' dir='ltr'><strong>tum</strong></span> <span class='ocrx_word' id='word_1_894' title='bbox 3521 4701 3686 4745; x_wconf 70' lang='lat' dir='ltr'><strong>oecuo</strong></span> 
     </span>
    </p>
   </div>
   <div class='ocr_carea' id='block_1_111' title="bbox 2103 4792 2250 4847">
    <p class='ocr_par' dir='ltr' id='par_1_111' title="bbox 2103 4792 2250 4847">
     <span class='ocr_line' id='line_1_111' title="bbox 2103 4792 2250 4847; baseline -0.007 -16"><span class='ocrx_word' id='word_1_895' title='bbox 2103 4792 2250 4847; x_wconf 85' lang='lat' dir='ltr'><strong>pare.</strong></span> 
     </span>
    </p>
   </div>
   <div class='ocr_carea' id='block_1_112' title="bbox 2173 4868 3676 4938">
    <p class='ocr_par' dir='ltr' id='par_1_112' title="bbox 2173 4868 3676 4938">
     <span class='ocr_line' id='line_1_112' title="bbox 2173 4868 3676 4938; baseline 0.002 -14"><span class='ocrx_word' id='word_1_896' title='bbox 2173 4870 2227 4924; x_wconf 72' lang='grc' dir='ltr'><strong><em>ι.</em></strong></span> <span class='ocrx_word' id='word_1_897' title='bbox 2251 4868 2452 4924; x_wconf 88' lang='lat' dir='ltr'><strong>Subeat</strong></span> <span class='ocrx_word' id='word_1_898' title='bbox 2468 4869 2520 4924; x_wconf 90' lang='lat' dir='ltr'><strong>in</strong></span> <span class='ocrx_word' id='word_1_899' title='bbox 2539 4879 2801 4936; x_wconf 86' lang='lat' dir='ltr'><strong>mentem,</strong></span> <span class='ocrx_word' id='word_1_900' title='bbox 2826 4870 3342 4938; x_wconf 87' lang='lat' dir='ltr'><strong>Abrahamum,cum</strong></span> <span class='ocrx_word' id='word_1_901' title='bbox 3363 4873 3676 4930; x_wconf 86' lang='lat' dir='ltr'><strong>sacrificium</strong></span> 
     </span>
    </p>
   </div>
   <div class='ocr_carea' id='block_1_113' title="bbox 2102 4960 3680 5034">
    <p class='ocr_par' dir='ltr' id='par_1_113' title="bbox 2102 4960 3680 5034">
     <span class='ocr_line' id='line_1_113' title="bbox 2102 4960 3680 5034; baseline 0.003 -20"><span class='ocrx_word' id='word_1_902' title='bbox 2102 4960 2343 5024; x_wconf 72' lang='lat' dir='ltr'><strong>offerret,</strong></span> <span class='ocrx_word' id='word_1_903' title='bbox 2373 4975 2480 5015; x_wconf 92' lang='lat' dir='ltr'><strong>non</strong></span> <span class='ocrx_word' id='word_1_904' title='bbox 2527 4960 2711 5025; x_wconf 90' lang='lat' dir='ltr'><strong>uxori,</strong></span> <span class='ocrx_word' id='word_1_905' title='bbox 2744 4976 2849 5016; x_wconf 91' lang='lat' dir='ltr'><strong>non</strong></span> <span class='ocrx_word' id='word_1_906' title='bbox 2875 4976 3049 5027; x_wconf 90' lang='lat' dir='ltr'><strong>servo,</strong></span> <span class='ocrx_word' id='word_1_907' title='bbox 3101 4979 3208 5018; x_wconf 89' lang='lat' dir='ltr'><strong>non</strong></span> <span class='ocrx_word' id='word_1_908' title='bbox 3236 4965 3325 5020; x_wconf 90' lang='lat' dir='ltr'><strong>alii</strong></span> <span class='ocrx_word' id='word_1_909' title='bbox 3351 4967 3595 5034; x_wconf 89' lang='lat' dir='ltr'><strong>cuiquam</strong></span> <span class='ocrx_word' id='word_1_910' title='bbox 3625 4972 3680 5018; x_wconf 87' lang='lat' dir='ltr'><strong>ut</strong></span> 
     </span>
    </p>
   </div>
   <div class='ocr_carea' id='block_1_114' title="bbox 2102 5051 3679 5126">
    <p class='ocr_par' dir='ltr' id='par_1_114' title="bbox 2102 5051 3679 5126">
     <span class='ocr_line' id='line_1_114' title="bbox 2102 5051 3679 5126; baseline 0.005 -23"><span class='ocrx_word' id='word_1_911' title='bbox 2102 5051 2318 5107; x_wconf 89' lang='lat' dir='ltr'><strong>adesset</strong></span> <span class='ocrx_word' id='word_1_912' title='bbox 2345 5051 2680 5121; x_wconf 79' lang='lat' dir='ltr'><strong>permisisse.</strong></span> <span class='ocrx_word' id='word_1_913' title='bbox 2719 5051 2919 5106; x_wconf 86' lang='lat' dir='ltr'><strong>Eodem</strong></span> <span class='ocrx_word' id='word_1_914' title='bbox 2941 5053 3102 5108; x_wconf 92' lang='lat' dir='ltr'><strong>modo</strong></span> <span class='ocrx_word' id='word_1_915' title='bbox 3129 5063 3412 5126; x_wconf 88' lang='lat' dir='ltr'><strong>tuquoque</strong></span> <span class='ocrx_word' id='word_1_916' title='bbox 3435 5071 3508 5110; x_wconf 91' lang='lat' dir='ltr'><strong>ne</strong></span> <span class='ocrx_word' id='word_1_917' title='bbox 3536 5058 3679 5111; x_wconf 79' lang='lat' dir='ltr'><strong>sinas</strong></span> 
     </span>
    </p>
   </div>
   <div class='ocr_carea' id='block_1_115' title="bbox 2103 5142 3678 5208">
    <p class='ocr_par' dir='ltr' id='par_1_115' title="bbox 2103 5142 3678 5208">
     <span class='ocr_line' id='line_1_115' title="bbox 2103 5142 3678 5208; baseline 0.002 -9"><span class='ocrx_word' id='word_1_918' title='bbox 2103 5155 2160 5199; x_wconf 90' lang='lat' dir='ltr'><strong>ut</strong></span> <span class='ocrx_word' id='word_1_919' title='bbox 2186 5143 2394 5199; x_wconf 89' lang='lat' dir='ltr'><strong>servilis</strong></span> <span class='ocrx_word' id='word_1_920' title='bbox 2425 5143 2561 5199; x_wconf 91' lang='lat' dir='ltr'><strong>ullus</strong></span> <span class='ocrx_word' id='word_1_921' title='bbox 2599 5152 2651 5198; x_wconf 90' lang='lat' dir='ltr'><strong>et</strong></span> <span class='ocrx_word' id='word_1_922' title='bbox 2689 5143 2965 5199; x_wconf 88' lang='lat' dir='ltr'><strong>illiberalis</strong></span> <span class='ocrx_word' id='word_1_923' title='bbox 3003 5142 3231 5201; x_wconf 77' lang='lat' dir='ltr'><strong>allectus</strong></span> <span class='ocrx_word' id='word_1_924' title='bbox 3257 5146 3347 5201; x_wconf 87' lang='lat' dir='ltr'><strong>tibi</strong></span> <span class='ocrx_word' id='word_1_925' title='bbox 3377 5146 3537 5208; x_wconf 87' lang='lat' dir='ltr'><strong>adsit,</strong></span> <span class='ocrx_word' id='word_1_926' title='bbox 3587 5147 3678 5202; x_wconf 86' lang='lat' dir='ltr'><strong>sed</strong></span> 
     </span>
    </p>
   </div>
   <div class='ocr_carea' id='block_1_116' title="bbox 2105 5235 3682 5306">
    <p class='ocr_par' dir='ltr' id='par_1_116' title="bbox 2105 5235 3682 5306">
     <span class='ocr_line' id='line_1_116' title="bbox 2105 5235 3682 5306; baseline 0.001 -18"><span class='ocrx_word' id='word_1_927' title='bbox 2105 5235 2252 5290; x_wconf 84' lang='lat' dir='ltr'><strong>solus</strong></span> <span class='ocrx_word' id='word_1_928' title='bbox 2276 5235 2328 5288; x_wconf 88' lang='lat' dir='ltr'><strong>in</strong></span> <span class='ocrx_word' id='word_1_929' title='bbox 2352 5243 2593 5289; x_wconf 89' lang='lat' dir='ltr'><strong>montem</strong></span> <span class='ocrx_word' id='word_1_930' title='bbox 2647 5235 2900 5302; x_wconf 90' lang='lat' dir='ltr'><strong>ascende,</strong></span> <span class='ocrx_word' id='word_1_931' title='bbox 2929 5235 2996 5289; x_wconf 89' lang='lat' dir='ltr'><strong>ad</strong></span> <span class='ocrx_word' id='word_1_932' title='bbox 3036 5251 3195 5306; x_wconf 89' lang='lat' dir='ltr'><strong>quem</strong></span> <span class='ocrx_word' id='word_1_933' title='bbox 3226 5237 3316 5292; x_wconf 84' lang='lat' dir='ltr'><strong>ille</strong></span> <span class='ocrx_word' id='word_1_934' title='bbox 3338 5236 3600 5304; x_wconf 87' lang='lat' dir='ltr'><strong>ascendit,</strong></span> <span class='ocrx_word' id='word_1_935' title='bbox 3631 5249 3682 5291; x_wconf 89' lang='lat' dir='ltr'><strong>et</strong></span> 
     </span>
    </p>
   </div>
   <div class='ocr_carea' id='block_1_117' title="bbox 2106 5325 3680 5398">
    <p class='ocr_par' dir='ltr' id='par_1_117' title="bbox 2106 5325 3680 5398">
     <span class='ocr_line' id='line_1_117' title="bbox 2106 5325 3680 5398; baseline 0 -19"><span class='ocrx_word' id='word_1_936' title='bbox 2106 5327 2171 5380; x_wconf 90' lang='lat' dir='ltr'><strong>ad</strong></span> <span class='ocrx_word' id='word_1_937' title='bbox 2197 5343 2353 5398; x_wconf 90' lang='lat' dir='ltr'><strong>quem</strong></span> <span class='ocrx_word' id='word_1_938' title='bbox 2383 5327 2530 5382; x_wconf 87' lang='lat' dir='ltr'><strong>nefas</strong></span> <span class='ocrx_word' id='word_1_939' title='bbox 2553 5336 2634 5383; x_wconf 93' lang='lat' dir='ltr'><strong>est</strong></span> <span class='ocrx_word' id='word_1_940' title='bbox 2659 5327 2820 5382; x_wconf 90' lang='lat' dir='ltr'><strong>alium</strong></span> <span class='ocrx_word' id='word_1_941' title='bbox 2844 5342 3166 5398; x_wconf 89' lang='lat' dir='ltr'><strong>quemquam</strong></span> <span class='ocrx_word' id='word_1_942' title='bbox 3189 5327 3497 5386; x_wconf 79' lang='lat' dir='ltr'><strong>ascendere.</strong></span> <span class='ocrx_word' id='word_1_943' title='bbox 3528 5325 3680 5393; x_wconf 86' lang='lat' dir='ltr'><strong>Quod</strong></span> 
     </span>
    </p>
   </div>
   <div class='ocr_carea' id='block_1_118' title="bbox 2103 5416 3680 5490">
    <p class='ocr_par' dir='ltr' id='par_1_118' title="bbox 2103 5416 3680 5490">
     <span class='ocr_line' id='line_1_118' title="bbox 2103 5416 3680 5490; baseline 0.002 -20"><span class='ocrx_word' id='word_1_944' title='bbox 2103 5418 2150 5471; x_wconf 88' lang='lat' dir='ltr'><strong>si</strong></span> <span class='ocrx_word' id='word_1_945' title='bbox 2172 5434 2293 5488; x_wconf 69' lang='lat' dir='ltr'><strong>quae</strong></span> <span class='ocrx_word' id='word_1_946' title='bbox 2323 5418 2628 5490; x_wconf 88' lang='lat' dir='ltr'><strong>hujusmodi</strong></span> <span class='ocrx_word' id='word_1_947' title='bbox 2678 5420 3031 5490; x_wconf 88' lang='lat' dir='ltr'><strong>cogitationes</strong></span> <span class='ocrx_word' id='word_1_948' title='bbox 3057 5435 3160 5474; x_wconf 88' lang='lat' dir='ltr'><strong>una</strong></span> <span class='ocrx_word' id='word_1_949' title='bbox 3190 5416 3558 5474; x_wconf 88' lang='lat' dir='ltr'><strong>conscendere</strong></span> <span class='ocrx_word' id='word_1_950' title='bbox 3587 5431 3680 5473; x_wconf 91' lang='lat' dir='ltr'><strong>co-</strong></span> 
     </span>
    </p>
   </div>
   <div class='ocr_carea' id='block_1_119' title="bbox 2105 5508 3685 5582">
    <p class='ocr_par' dir='ltr' id='par_1_119' title="bbox 2105 5508 3685 5582">
     <span class='ocr_line' id='line_1_119' title="bbox 2105 5508 3685 5582; baseline -0.001 -17"><span class='ocrx_word' id='word_1_951' title='bbox 2105 5523 2324 5578; x_wconf 89' lang='lat' dir='ltr'><strong>nentur,</strong></span> <span class='ocrx_word' id='word_1_952' title='bbox 2358 5514 2558 5582; x_wconf 88' lang='lat' dir='ltr'><strong>impera</strong></span> <span class='ocrx_word' id='word_1_953' title='bbox 2590 5511 2668 5568; x_wconf 89' lang='lat' dir='ltr'><strong>eis</strong></span> <span class='ocrx_word' id='word_1_954' title='bbox 2697 5527 2816 5567; x_wconf 89' lang='lat' dir='ltr'><strong>cum</strong></span> <span class='ocrx_word' id='word_1_955' title='bbox 2843 5513 3183 5578; x_wconf 86' lang='lat' dir='ltr'><strong>auctoritate,</strong></span> <span class='ocrx_word' id='word_1_956' title='bbox 3214 5527 3276 5566; x_wconf 88' lang='lat' dir='ltr'><strong>ac</strong></span> <span class='ocrx_word' id='word_1_957' title='bbox 3296 5509 3383 5565; x_wconf 90' lang='lat' dir='ltr'><strong>dic</strong></span> <span class='ocrx_word' id='word_1_958' title='bbox 3412 5528 3426 5568; x_wconf 88' lang='lat'><strong><em>:</em></strong></span> <span class='ocrx_word' id='word_1_959' title='bbox 3484 5508 3685 5566; x_wconf 87' lang='lat' dir='ltr'><strong>Sedete</strong></span> 
     </span>
    </p>
   </div>
   <div class='ocr_carea' id='block_1_120' title="bbox 2102 5603 3682 5676">
    <p class='ocr_par' dir='ltr' id='par_1_120' title="bbox 2102 5603 3682 5676">
     <span class='ocr_line' id='line_1_120' title="bbox 2102 5603 3682 5676; baseline -0.003 -16"><span class='ocrx_word' id='word_1_960' title='bbox 2102 5605 2207 5669; x_wconf 88' lang='lat' dir='ltr'><strong>hic,</strong></span> <span class='ocrx_word' id='word_1_961' title='bbox 2234 5619 2332 5676; x_wconf 86' lang='lat' dir='ltr'><strong>ego</strong></span> <span class='ocrx_word' id='word_1_962' title='bbox 2351 5613 2528 5659; x_wconf 89' lang='lat' dir='ltr'><strong>autem</strong></span> <span class='ocrx_word' id='word_1_963' title='bbox 2552 5613 2606 5660; x_wconf 90' lang='lat' dir='ltr'><strong>et</strong></span> <span class='ocrx_word' id='word_1_964' title='bbox 2633 5605 2794 5672; x_wconf 86' lang='lat' dir='ltr'><strong>filius,</strong></span> <span class='ocrx_word' id='word_1_965' title='bbox 2832 5616 3113 5675; x_wconf 79' lang='lat' dir='ltr'><strong>postquam</strong></span> <span class='ocrx_word' id='word_1_966' title='bbox 3145 5603 3572 5669; x_wconf 89' lang='lat' dir='ltr'><strong>adoraverimus,</strong></span> <span class='ocrx_word' id='word_1_967' title='bbox 3598 5617 3682 5657; x_wconf 80' lang='lat' dir='ltr'><strong>re-</strong></span> 
     </span>
    </p>
   </div>
   <div class='ocr_carea' id='block_1_121' title="bbox 2105 5692 3677 5769">
    <p class='ocr_par' dir='ltr' id='par_1_121' title="bbox 2105 5692 3677 5769">
     <span class='ocr_line' id='line_1_121' title="bbox 2105 5692 3677 5769; baseline -0.003 -14"><span class='ocrx_word' id='word_1_968' title='bbox 2105 5698 2408 5769; x_wconf 64' lang='lat' dir='ltr'><strong>vertctnur(</strong></span> <span class='ocrx_word' id='word_1_969' title='bbox 2433 5697 2560 5752; x_wconf 82' lang='lat' dir='ltr'><strong>Cen.</strong></span> <span class='ocrx_word' id='word_1_970' title='bbox 2592 5697 2681 5752; x_wconf 67' lang='lat'><strong>‘29.</strong></span> <span class='ocrx_word' id='word_1_971' title='bbox 2718 5700 2750 5755; x_wconf 86' lang='lat'><strong>5</strong></span> <span class='ocrx_word' id='word_1_972' title='bbox 2777 5698 2826 5769; x_wconf 86' lang='lat'><strong>):</strong></span> <span class='ocrx_word' id='word_1_973' title='bbox 2860 5707 3023 5769; x_wconf 82' lang='lat' dir='ltr'><strong>atque</strong></span> <span class='ocrx_word' id='word_1_974' title='bbox 3065 5697 3210 5754; x_wconf 86' lang='lat' dir='ltr'><strong>asina</strong></span> <span class='ocrx_word' id='word_1_975' title='bbox 3238 5706 3289 5752; x_wconf 89' lang='lat' dir='ltr'><strong>ct</strong></span> <span class='ocrx_word' id='word_1_976' title='bbox 3317 5694 3521 5765; x_wconf 82' lang='lat' dir='ltr'><strong>pueris,</strong></span> <span class='ocrx_word' id='word_1_977' title='bbox 3550 5703 3604 5752; x_wconf 86' lang='lat' dir='ltr'><strong>et</strong></span> <span class='ocrx_word' id='word_1_978' title='bbox 3632 5692 3677 5750; x_wconf 81' lang='lat' dir='ltr'><strong>si</strong></span> 
     </span>
    </p>
   </div>
  </div>
