4070 6152
388 339 494 394 451

398 454 462 512 Ἡ
488 453 598 524 γὰρ
624 453 922 521 καύχησις
955 451 1122 520 ἡμῶν
1156 448 1313 516 αὕτη
1347 447 1498 512 ἐστὶ,
1535 447 1600 501 τὸ
1634 445 1960 516 μαρτύριον

388 547 501 616 τῆς
559 544 984 610 συνειδήσεως,
1038 541 1126 594 ὅτι
1171 543 1284 594 οὐκ
1328 539 1398 593 ἐν
1445 539 1633 607 σοφίᾳ
1674 533 1958 606 σαρκικῇ,

389 639 529 694 ἀλλ’
553 638 622 691 ὲν
652 636 840 706 χάριτι
868 635 1015 690 Θεοῦ
1047 632 1509 701 ἀνεστράφημεν
1529 633 1598 684 ὲν
1625 629 1704 695 τῷ
1732 629 1956 697 κόσμῳ.

391 729 502 784 Καὶ
525 723 584 784 οὗ
612 728 709 799 τὴν
747 727 937 796 κτῆσιν
989 725 1236 795 ἐνόμιζον
1276 725 1474 776 ἐκεῖνοι
1503 719 1641 774 εῖναι
1679 720 1957 792 καύχημα,

390 816 492 885 τῆς
521 814 708 883 σοφίας
739 814 882 882 λέγω
924 813 1026 883 τῆς
1058 812 1278 877 ἔξωθεν,
1307 805 1462 874 οὗτος
1504 810 1602 880 τὴν
1643 810 1957 883 ἀναίρεσινο

389 905 470 958 διὸ
489 905 581 958 καὶ
605 901 840 957 ἐνταῦθά
865 919 1020 973 φησι,
1053 902 1164 956 Καὶ
1199 902 1350 971 πρὸς
1379 903 1568 958 ταῦτα
1596 902 1688 967 τίς
1714 901 1961 968 ίκανός;

389 994 452 1048 Εί
477 994 532 1047 δέ
564 993 639 1064 μὴ
669 992 867 1058 ἱκανοὶ,
895 992 1118 1062 χάριτος
1156 991 1218 1045 τὸ
1260 992 1564 1064 γινόμενον.
1611 993 1691 1045 Οὐ
1722 990 1834 1061 γάρ
1859 991 1962 1044 ἐσ-

382 1100 516 1154 μεν,
540 1081 744 1152 ὥσπερ
762 1084 816 1136 οὶ
837 1080 1037 1136 λοιποί
1057 1082 1501 1151 καπηλεύοντες
1523 1081 1831 1152 τὸνλόγον
1855 1079 1970 1135 τοῦ

391 1173 556 1231 Θεοῦ.

459 1358 530 1420 γ’.
549 1349 614 1404 Εἰ
640 1350 750 1421 7&9
778 1352 874 1406 καὶ
901 1353 1112 1424 μεγάλα
1140 1351 1514 1425 φθεγγόμεθα,
1528 1352 1640 1406 ἀλλ’
1659 1352 1808 1407 οὐδὲν
1823 1351 1964 1424 ἡμέ-

389 1458 549 1512 τερον
586 1442 794 1513 ἔφαμεν
822 1438 961 1498 εἶναι
1007 1443 1356 1515 κατόρθωμα,
1387 1443 1523 1498 ἀλλά
1548 1443 1618 1497 τά
1659 1444 1835 1498 πάντα
1865 1441 1961 1496 τοῦ

392 1534 664 1605 Χριστοῦο
711 1535 831 1589 οὐδέ
875 1535 983 1607 7&9
1035 1536 1388 1608 μιμησόμεθα
1426 1538 1552 1600 τοὺς
1593 1533 1964 1605 ψευδαποστό-

393 1625 538 1691 λους,
585 1628 712 1691 τοὺς
752 1627 820 1681 τά
858 1627 1025 1682 πολλά
1064 1628 1242 1682 αὐτῶν
1285 1624 1427 1682 εἶναι
1472 1627 1744 1697 λέγοντας.
1797 1626 1964 1679 Τοῦτο

395 1718 500 1789 γάρ
523 1721 638 1772 ἐστι
665 1719 1025 1790 καπηλεῦσαι,
1047 1721 1174 1774 ὅταν
1203 1739 1287 1784 τις
1308 1721 1502 1794 νοθεύῃ
1528 1721 1618 1775 τὸν
1643 1716 1804 1781 οῐνον,
1836 1720 1963 1773 ὅταν

395 1825 477 1871 τις
503 1809 798 1878 χρημάτων
831 1809 1011 1881 πωλῇ,
1051 1811 1188 1882 ὅπερ
1219 1810 1428 1882 δωρεάν
1460 1811 1566 1864 ἔδει
1597 1809 1802 1864 δοῦναι.
1848 1809 1965 1861 Ἐν.

393 1899 563 1952 ταῦθα
592 1901 701 1970 7&9
722 1901 814 1954 καὶ
845 1903 925 1964 είς
949 1902 1206 1974 χρήματα
1228 1903 1426 1966 αὐτοὺς
1457 1904 1730 1956 σκώπτειν
1763 1917 1853 1972 μοι
1878 1900 1963 1953 δοο

392 1990 496 2052 κεῖ,
549 1990 640 2041 καὶ
671 1989 808 2060 ὅπερ
841 1985 992 2044 εἶπον
1033 1992 1364 2047 αἰνίττεσθαι
1416 1992 1600 2058 πάλιν,
1624 1985 1755 2056 οἷον,
1781 1992 1863 2045 ὅτι
1894 1989 1965 2044 τά

390 2079 570 2143 αὐτῶν
602 2081 997 2151 ἀναμιγνύουσι
1020 2084 1135 2146 τοῖς
1165 2083 1330 2147 θείοις
1365 2099 1382 2118 ο
1414 2084 1550 2155 ὅπερ
1602 2084 1697 2137 καὶ
1729 2081 1964 2144 Ἡσαΐας

389 2169 633 2238 ἐγκαλῶν
659 2170 866 2241 ἔλεγεν,
899 2176 961 2227 οι
987 2171 1248 2242 κάπηλοι
1274 2191 1391 2229 σου
1419 2175 1714 2245 μίσγουσι
1743 2174 1853 2228 τὸν
1883 2170 1964 2228 οἳ·

387 2276 499 2313 νον
521 2261 708 2314 ὕδατι.
739 2263 800 2315 Εί
827 2263 932 2335 7&9
959 2265 1052 2318 καὶ
1085 2264 1215 2335 περὶ
1245 2265 1387 2319 οῖνου
1417 2266 1575 2319 τοῦτο
1602 2266 1836 2336 εἴρηται,
1865 2265 1965 2318 οὐκ

387 2350 452 2406 ἄν
493 2366 574 2414 τις
606 2352 840 2422 ἁμάρτοι
876 2355 970 2407 καὶ
1013 2357 1094 2419 είς
1125 2355 1476 2409 διδασκαλίαν
1512 2356 1644 2410 αὐτὸ
1681 2354 1962 2426 ἐκλαμϐά-

389 2458 515 2498 νων.
569 2442 708 2496 Ἀλλ’
746 2445 844 2513 οὐχ
873 2445 1054 2515 ἡμεῖς,
1096 2446 1283 2517 φησὶν,
1333 2445 1537 2510 οὕτως’
1582 2446 1695 2500 ἀλλ’
1724 2441 1812 2500 οἷα
1850 2448 1968 2499 ἐπι-

393 2533 713 2605 στεύθημεν,
754 2534 983 2589 τοιαῦτα
1031 2537 1364 2607 παρέχομεν,
1397 2537 1634 2608 ἄκρατον
1672 2537 1969 2607 κιρνῶντες

393 2624 648 2695 τὸνλόγον
672 2643 686 2658 ·
715 2626 795 2680 διὸ
816 2628 1094 2699 ἐπήγαγεν
1121 2647 1134 2660 ·
1179 2629 1340 2683 Ἀλλ’
1369 2631 1448 2694 ὡς
1473 2630 1542 2693 ἐξ
1569 2629 1964 2698 είλικρινείας,

391 2715 526 2770 ἀλλ’
556 2717 636 2782 ὡς
652 2717 722 2771 ἐκ
751 2717 919 2784 Θεοῦ,
945 2719 1313 2774 κατενώπιον
1339 2720 1445 2775 τοῦ
1476 2720 1622 2775 Θεοῦ
1644 2720 1720 2776 ἐν
1737 2720 1968 2789 Χριστῷ

394 2809 720 2878 λαλοῦμεν.
749 2810 864 2865 οὐκ
906 2810 1224 2876 ἀπατῶντες
1260 2812 1426 2882 ὑμᾶς,
1466 2811 1653 2882 φησὶν,
1687 2811 1828 2865 οὕτω
1870 2829 1970 2882 κη·

398 2895 684 2967 ρύττομεν,
713 2892 824 2952 οἷον
852 2898 928 2963 ὡς
960 2899 1307 2972 χαριζόμενοι
1353 2902 1501 2971 ὑμῖν,
1527 2901 1561 2971 ἢ
1598 2901 1728 2973 παρ’
1762 2902 1969 2957 ἑαυτῶν

395 2989 816 3058 τισείσφέροντες
845 2988 996 3061 [469]
1044 2991 1138 3044 καὶ
1183 2989 1598 3060 ἀναμιγνύντες,
1629 2991 1744 3044 ἀλλ’
1784 2991 1876 3057 Ὡς
1902 2991 1970 3045 ἐκ

400 3078 545 3133 Θεοῦ
570 3093 582 3107 ·
619 3079 921 3148 τουτέστιν,
949 3081 1022 3134 Οὐ
1068 3081 1299 3150 λέγομεν
1336 3083 1416 3135 ὅτι
1441 3081 1649 3135 οἴκοθέν
1674 3100 1727 3135 τι
1756 3081 1972 3152 χαριζό-

401 3169 557 3240 μεθα,
585 3171 699 3224 ἀλλ’
729 3172 812 3224 ὅτι
850 3171 1028 3226 πάντα
1055 3173 1083 3224 6
1120 3173 1251 3237 Θεὸς
1289 3173 1455 3227 ἔδωκε
1490 3191 1504 3204 ⁸
1533 3173 1690 3227 τοῦτο
1719 3174 1828 3245 γάρ
1856 3175 1971 3226 ἐστι

395 3260 479 3327 τὸ,
522 3262 615 3315 Ἐκ
641 3263 788 3316 Θεοῦ
818 3279 832 3294 ο
863 3263 925 3315 τὸ
955 3263 1119 3333 μηδὲν
1146 3264 1451 3334 καυχᾶσθαι
1480 3263 1556 3328 ὡς
1580 3263 1707 3318 ῖδιον
1729 3264 1972 3334 ἔχοντας,

398 3352 538 3406 ἀλλά
572 3353 749 3406 πάντα
782 3356 862 3417 εἰς
894 3355 1058 3408 αὐτὸν
1102 3355 1417 3426 ἀναφέρειν.
1466 3356 1569 3410 Ἐν
1597 3355 1830 3426 Χριστῷ
1867 3360 1974 3410 λα-

400 3441 629 3510 λοῦμεν
645 3459 658 3472 ·
687 3444 839 3498 οὐδὲν
864 3449 928 3517 τῇ
951 3446 1197 3518 ἡμετέρᾳ
1224 3447 1407 3517 σοφία,
1433 3445 1566 3500 ἀλλά
1581 3449 1648 3518 τῇ
1676 3450 1807 3518 παρ’
1828 3447 1973 3500 ἐκεί-

405 3549 498 3585 νου
555 3533 778 3604 δυνάμει
824 3536 1192 3607 ἐνηχούμενοι.
1253 3539 1316 3590 Οί
1371 3537 1429 3591 δέ
1475 3537 1838 3608 καυχώμενοι,
1877 3537 1976 3606 οὐχ

406 3623 604 3689 οὕτως,
630 3625 744 3678 ἀλλ’
767 3625 842 3688 ὡς
877 3618 1006 3697 παρ’
1036 3629 1243 3680 ἑαυτῶν
1273 3644 1325 3680 τι
1364 3627 1729 3697 εἰσφέροντες.
1762 3627 1852 3679 Διὸ
1884 3629 1978 3680 καὶ

402 3716 637 3786 ἀλλαχοῦ
665 3719 862 3781 αὐτοὺς
888 3719 1142 3790 κωμῳδεῖ
1172 3719 1364 3787 λέγων,
1397 3718 1458 3772 Τί
1476 3718 1585 3787 τὰρ
1605 3719 1784 3786 ἔχεις,
1811 3718 1842 3772 ὃ
1866 3721 1978 3773 οὐκ

403 3808 648 3876 ἕλαϐεςς
677 3808 748 3863 Ει
792 3809 862 3862 δὲ
894 3809 994 3864 καί
1029 3809 1264 3878 ἔλαϐες,
1312 3811 1371 3864 τί
1405 3808 1731 3880 καυχᾶσαι,
1776 3810 1856 3877 ὡς
1891 3809 1977 3880 μὴ

403 3899 636 3965 λαϐὡνς

476 4079 624 4151 Δῦτη
663 4081 896 4151 μεγίστη
927 4080 1120 4152 ἀρετὴ,
1157 4079 1218 4133 τὸ
1260 4079 1440 4134 πάντα
1463 4079 1540 4150 τῷ
1577 4078 1695 4151 Θεῷ
1727 4078 1980 4133 ἀνατιθέ-

407 4188 515 4238 ναι,
548 4173 609 4226 τὸ
647 4173 815 4245 μηδὲν
842 4173 1042 4226 οἰκεῖον
1067 4167 1206 4225 εἶναι
1249 4172 1511 4242 νομίζειν,
1549 4171 1611 4224 τὸ
1647 4171 1814 4242 μηδὲν
1843 4170 1980 4241 πρὸς

408 4261 708 4334 ἀνθρώπων
751 4264 909 4328 δόξαν
949 4265 1144 4324 ποιεῖν,
1185 4262 1322 4315 ἀλλά
1368 4263 1503 4333 πρὸς
1533 4261 1594 4314 τὸ
1630 4262 1708 4332 τῷ
1747 4263 1863 4333 Θεῷ
1903 4263 1984 4314 δο-

409 4350 568 4406 κοῦν·
605 4347 758 4416 οὗτος
787 4353 895 4423 γάρ
935 4352 1082 4405 ἐστιν
1120 4352 1148 4404 6
1173 4349 1271 4413 τάς
1299 4349 1526 4413 εὐθύνας
1558 4352 1823 4408 ἀπαιτῶν.
1869 4355 1983 4408 Νῦν

409 4443 466 4498 δέ
491 4445 525 4514 ὴ
555 4445 707 4512 τάξις
725 4438 1131 4517 ἀντέστραπται
1150 4459 1163 4472 ο
1189 4443 1283 4497 καὶ
1307 4444 1399 4496 τὸν
1429 4443 1526 4514 μὲν
1547 4445 1643 4497 ἐπὶ
1672 4445 1768 4498 τοῦ
1797 4445 1861 4515 βή
1872 4464 1981 4517 μα-

409 4551 502 4597 τος
533 4537 913 4605 καθιούμενον,
962 4537 1056 4589 καὶ
1099 4535 1196 4598 τάς
1235 4534 1464 4597 εὐθύνας
1512 4536 1885 4606 ἀπαιτήσοντα
1923 4537 1982 4590 οὐ

413 4627 617 4698 σφόδρα
648 4627 986 4699 δεδοίκαμεν,
1024 4627 1152 4690 τοὺς
1183 4626 1240 4680 δὲ
1275 4625 1395 4698 μεθ’
1420 4627 1590 4698 ’ἡμῶν
1621 4627 1861 4690 ἑστῶτας
1893 4627 1988 4680 καὶ

412 4721 764 4790 κρινομένους
809 4720 1124 4790 φρίττομεν.
1176 4719 1344 4772 Πόθεν
1398 4713 1490 4772 οὖν
1521 4720 1555 4789 ἡ
1603 4718 1757 4783 νόσος
1807 4718 1985 4790 αῦτη;

414 4812 576 4867 πόθεν
610 4815 690 4876 εἰς
708 4813 808 4876 τάς
837 4813 1116 4882 ἡμετέρας
1148 4811 1462 4883 κατέσκηψε
1491 4811 1702 4881 ψυχάς;
1738 4813 1874 4864 Ἀπὸ
1891 4811 1986 4864 τοῦ

419 4905 494 4976 μὴ
523 4905 784 4975 διηνεκῶς
815 4907 882 4960 τά
913 4907 1030 4958 ἐκεῖ
1063 4904 1390 4974 λογίζεσθαι,
1437 4904 1570 4957 ἀλλά
1607 4907 1719 4969 τοῖς
1752 4906 1988 4976 παροῦσι

416 4995 825 5066 προσηλῶσθαι.
871 4994 1149 5048 Ἐντεῦθεν
1183 4995 1276 5047 καὶ
1306 4994 1364 5046 ἐν
1395 4996 1514 5056 ταῖς
1551 4999 1816 5066 πονηραῖς
1845 4997 1989 5067 πρά-

418 5088 533 5154 ξεσι
567 5088 804 5150 εὐκόλως
852 5088 1126 5157 πίπτομεν
1167 5103 1181 5118 ·
1219 5085 1321 5144 κᾶν
1355 5085 1556 5153 ἀγαθόν
1589 5103 1640 5138 τι
1672 5086 1987 5157 πράξωμεν,

417 5180 555 5251 πρὸς
582 5180 841 5245 ἐπίδειξιν
869 5181 1150 5250 ποιοῦμεν,
1189 5181 1328 5234 ὥστε
1364 5176 1656 5232 κάντεῦθεν
1694 5180 1824 5248 ἡμῖν
1850 5180 1994 5246 γίνεο

422 5273 545 5328 σθαι
569 5274 665 5346 τὴν
693 5275 920 5345 ζημίαν.
951 5270 1074 5326 Εἷδε
1093 5271 1224 5339 γοῦν
1243 5288 1326 5334 τις
1348 5269 1669 5332 ἀκολάστοις
1695 5269 1992 5339 ὀφθαλμοῖς

419 5381 542 5420 τινα
573 5367 855 5432 πολλάκις,
892 5367 986 5418 καὶ
1024 5362 1184 5415 ἔλαθε
1212 5363 1307 5414 καὶ
1341 5361 1438 5431 τὴν
1474 5361 1729 5430 ὀφθεῖσαν
1759 5363 1992 5426 καὶτοὺς

425 5458 852 5530 συμϐαδίζοντας
895 5474 909 5486 ο
968 5454 1103 5508 ἀλλά
1153 5454 1242 5507 τὸν
1297 5452 1594 5522 ἀκοίμητον
1651 5452 1750 5504 οὐκ
1807 5452 1995 5505 ἔλαθεν

426 5550 722 5619 ὀφθαλμόν.
765 5550 1005 5610 Ἐκεῖνος
1050 5546 1159 5616 7&9
1195 5546 1288 5598 καὶ
1331 5545 1460 5614 πρὶν
1503 5545 1536 5616 ἢ
1588 5544 1685 5615 τὴν
1726 5545 1996 5616 ἁμαρτίαν

428 5641 766 5712 ἐργάσασθαι
796 5683 810 5708 ,
847 5637 955 5694 εἶδε
981 5639 1080 5709 τήν
1107 5638 1284 5709 ψυχὴν
1316 5638 1413 5706 τὴν
1437 5637 1754 5704 ἀκόλαστον,
1780 5639 1874 5692 καὶ
1899 5638 1996 5709 τὴν

437 5732 629 5803 μανίαν
659 5733 756 5802 τὴν
787 5731 952 5801 ἔνδον,
987 5732 1078 5785 καὶ
1113 5731 1238 5794 τούς
1277 5729 1570 5800 λογισμοὺς
1612 5731 1736 5796 τούς
1780 5748 1995 5801 στρεφο·

1438 329 1506 385 ΙΝ
1537 327 1758 385 EPIST.
1796 327 1838 382 ll
1881 324 1972 380 AD
2015 323 2173 382 (ΞΟΠ.
2213 328 2452 385 HOMIL.
2486 331 2556 386 ν.

3529 324 3636 380 ιεε

2070 446 2265 516 μένους
2289 447 2348 499 ἐν
2379 446 2517 517 ζάλῃ
2539 445 2633 500 καὶ
2670 445 2918 500 κλύδωνι.
2949 444 3082 500 οὐδέ
3103 443 3210 514 7&9
3234 441 3400 496 δεῖται
3433 437 3638 510 μαρτύ-

2067 553 2178 606 ρων
2207 538 2301 590 καὶ
2325 536 2643 608 τεκμηρίων
2680 539 2709 590 ό
2739 534 3127 602 πάνταείδώς.
3155 535 3245 603 Μὴ
3275 532 3453 585 τοίνυν
3501 528 3640 599 πρὸς

2065 628 2190 689 τοὺς
2221 627 2538 691 συνδούλους
2565 629 2664 698 ὅρα
2685 645 2698 659 ·
2749 628 2854 681 κᾶν
2889 627 2998 696 7&9
3027 625 3292 696 ἐπαινέσῃ
3331 622 3634 692 ἄνθρωπος,

2065 714 2216 767 οὐδὲν
2241 714 2454 785 ὄφελος,
2480 717 2608 770 ὅταν
2633 717 2662 770 6
2688 717 2820 780 Θεὸς
2853 717 2927 789 μὴ
2958 715 3315 785 ἀποδέξηται·
3350 711 3450 766 κᾶν
3471 727 3637 763 κατα·

2065 805 2180 876 γνῷ
2207 806 2510 875 ἄνθρωπος,
2541 809 2692 862 οὐδὲν
2732 807 2946 878 βλάϐος,
2987 809 3114 861 ὅταν
3145 807 3174 858 ὀ
3196 805 3330 867 Θεὸς
3363 803 3436 873 μὴ
3474 819 3630 854 καταν

2070 897 2206 968 γνῷ.
2240 898 2333 970 Μὴ
2375 900 2440 971 δὴ
2469 899 2638 972 ταύτῃ
2669 898 2940 971 παρόξυνε
2973 899 3063 952 τὸν
3090 897 3367 966 δικαστὴν,
3391 895 3502 948 τῶν
3538 893 3645 964 μέν

2069 987 2367 1042 συνδούλων
2392 989 2560 1042 πολὺν
2591 987 2912 1059 ποιούμενος
2949 987 3127 1057 λόγον,
3159 986 3324 1040 αὐτοῦ
3353 986 3408 1038 δέ
3437 987 3640 1052 ιίιγανα⁴

2070 1077 2330 1143 κτοῦντος
2350 1079 2410 1132 οὐ
2432 1078 2683 1143 δεδοικὼς
2723 1079 2814 1132 καὶ
2855 1079 3094 1149 τρέμων.
3129 1076 3641 1146 Καταφρονήσωμεν

2067 1172 2247 1225 τοίνυν
2273 1170 2370 1226 τοῦ
2405 1174 2535 1243 παρ’
2560 1171 2865 1242 ἀνθρώπων
2900 1169 3146 1224 ἐπαίνου.
3186 1168 3364 1239 Μέχρι
3396 1168 3525 1220 πότε
3553 1169 3646 1220 εὐ-

2067 1262 2242 1327 τελεῖς
2277 1263 2377 1317 καὶ
2399 1263 2762 1334 χαμαίζηλοις
2806 1262 2969 1333 μέχρι
3008 1262 3161 1325 πότε,
3195 1260 3290 1312 τοῦ
3338 1259 3472 1313 Θεοῦ
3508 1261 3643 1330 πρὸς

2068 1355 2160 1410 τὸν
2191 1355 2417 1426 οὐρανὸν
2451 1357 2599 1426 ἡμᾶς
2646 1353 2912 1426 αἴροντος,
2968 1352 3125 1406 αὐτοὶ
3171 1351 3345 1422 χαμαὶ
3385 1350 3643 1421 σύρεσθαι

2069 1446 2520 1518 ἐσπουδάκαμεν;
2565 1447 2628 1500 Οί
2667 1445 2764 1499 τοῦ
2813 1443 3009 1515 Ἰωσὴφ
3049 1441 3290 1511 ἀδελφοὶ,
3335 1441 3390 1494 εῐ.
3418 1439 3512 1493 τὸν
3549 1440 3642 1494 τοῦ

2069 1534 2202 1590 Θεοῦ
2226 1536 2389 1605 φόϐον
2416 1538 2522 1608 πρὸ
2559 1535 2852 1607 ὀφθαλμῶν
2898 1530 3062 1605 εἶχον,
3103 1534 3179 1597 ὡς
3224 1532 3366 1603 ἔχειν
3405 1532 3504 1596 δεῖ,
3543 1531 3644 1584 οὐκ

2069 1625 2136 1679 ἂν
2165 1626 2251 1679 ἐπ’
2277 1626 2514 1696 ἐρημίας
2537 1625 2629 1680 τὸν
2665 1626 2892 1696 ἀδελφὸν
2928 1624 3182 1688 λαϐόντες
3203 1624 3547 1677 ἀπέκτειναν.
3585 1622 3650 1676 Ὀ

2070 1716 2211 1770 Κάῖν
2241 1717 2401 1769 πάλιν
2435 1717 2483 1769 ει
2533 1717 2637 1786 τὴν
2673 1716 2853 1786 ψῆφον
2901 1715 3112 1770 ἐκείνου
3150 1715 3422 1775 ἐδεδοίκει,
3458 1714 3533 1777 ὡς
3560 1713 3649 1766 δε-

2070 1807 2305 1860 δοικέναι
2333 1807 2460 1871 ἔδει,
2503 1807 2603 1860 οὐκ
2643 1806 2708 1860 ἀν
2752 1803 2895 1870 εἶπε,
2937 1806 3137 1874 Δεῦρο,
3171 1805 3270 1858 καὶ
3313 1803 3650 1873 ἐξέλθωμεν

2069 1900 2157 1964 είς
2186 1897 2252 1951 τὸ
2288 1898 2521 1952 πεδίον.
2553 1898 2619 1950 Τί
2645 1897 2775 1968 γὰρ,
2809 1889 2854 1950 ὦ
2885 1895 3024 1950 δειλὲ
3055 1896 3148 1947 καὶ
3174 1894 3510 1963 ταλαίπωρε,
3541 1909 3646 1962 χω-

2073 1990 2244 2061 ρίζεις
2280 1989 2442 2044 αὐτὸν
2472 1987 2566 2043 τοῦ
2600 1987 2988 2057 γεγεννηκότος
3021 1987 3113 2040 καὶ
3155 1987 3235 2049 είς
3281 1985 3517 2056 ἐρημίαν
3554 1981 3643 2046 ἐξ-

2070 2082 2262 2149 άγεις;
2309 2080 2383 2150 μὴ
2432 2079 2542 2150 γὰρ
2574 2081 2602 2132 6
2637 2077 2770 2142 Θεὸς
2798 2079 2896 2148 οὐχ
2923 2079 3025 2148 ὀρᾷ
3053 2080 3147 2130 καὶ
3184 2077 3242 2129 ἐν
3273 2073 3350 2144 τῷ
3389 2072 3554 2142 πεδίῳ
3584 2071 3644 2124 τὸ

2069 2171 2361 2242 τόλμημα;
2406 2171 2516 2224 ἀπὸ
2566 2169 2674 2223 τῶν
2716 2168 2797 2240 τῷ
2837 2168 3005 2237 πατρί
3057 2183 3150 2219 σου
3221 2163 3644 2235 συμϐεϐηκότων

2070 2266 2170 2316 οὐκ
2201 2261 2545 2333 ἐπαιδεύθης,
2593 2262 2674 2315 ὅτι
2726 2261 2910 2328 ,πάντα
2945 2255 3076 2323 οἵδε,
3115 2257 3209 2310 καὶ
3250 2259 3381 2308 πᾶσι
3415 2255 3645 2325 πάρεστι

2071 2357 2182 2420 τοῖς
2218 2354 2553 2424 γινομένοις;
2607 2353 2721 2407 Καὶ
2762 2353 2908 2414 τίνος
2953 2349 3140 2403 ἕνεκεν
3192 2349 3292 2401 οὐκ
3325 2341 3445 2399 εἷπε
3486 2343 3651 2397 τοῦτο

2073 2444 2209 2516 πρὸς
2244 2445 2405 2500 αὐτὸν
2447 2444 2477 2497 6
2523 2443 2654 2506 Θεὸς
2695 2442 3044 2513 ἀρνούμενονο
3083 2438 3211 2508 Ἐμέ
3261 2436 3519 2508 κρύπτεις
3554 2434 3651 2486 τὸν

2074 2534 2348 2606 πανταχοῦ
2380 2535 2642 2606 παρόντα,
2683 2533 2778 2586 καὶ
2822 2531 2890 2585 τά
2928 2531 3214 2601 ἀπόρρητα
3252 2526 3644 2595 ἐπιστάμενονς

2076 2625 2198 2679 Ὅτι
2244 2623 2396 2678 οὐπω
2439 2621 2612 2677 ταῦτα
2679 2623 2988 2692 φιλοσοφεῖν
3034 2621 3241 2681 ἐκεῖνος
3276 2617 3390 2688 ᾔδει
3441 2613 3644 2677 καλῶς.

2087 2716 2248 2773 Ἀλλά
2271 2716 2326 2770 τί
2356 2733 2522 2787 φησι;
2560 2713 2732 2782 Φωνὴ
2781 2715 3031 2782 αἵματος
3080 2709 3190 2764 τοῦ
3238 2707 3504 2777 ἀδελφοῦ
3531 2719 3648 2760 σου

2069 2806 2194 2874 ,ϐοᾷ
2236 2807 2385 2875 πρός
2423 2822 2532 2876 με’
2587 2805 2686 2874 οὐχ
2733 2803 2808 2866 ὡς
2850 2801 2947 2855 τοῦ
2993 2801 3222 2872 αἵματος
3268 2797 3414 2870 [470]
3465 2795 3649 2864 φωνὴν

2076 2899 2309 2970 ἔχοντος,
2338 2897 2452 2952 ἀλλ’
2478 2898 2612 2968 ὅπερ
2640 2897 2798 2967 ἡμεῖς
2820 2895 3070 2966 λέγομεν,
3098 2891 3256 2946 ὅτιτὸ
3274 2891 3504 2960 πρᾶγμα
3530 2886 3648 2956 βοᾷ,

2076 2991 2300 3046 ἐπὶτῶν
2341 2989 2516 3062 δήλων
2557 2989 2651 3042 καὶ
2695 2986 2904 3056 σαφῶν.
2954 2985 3046 3038 Διὸ
3097 2982 3162 3054 δὴ
3203 2982 3301 3052 τὴν
3342 2979 3522 3049 ψῆφον
3555 2976 3648 3028 τοῦ

2078 3081 2213 3136 Θεοῦ
2244 3080 2349 3152 πρὸ
2371 3077 2664 3149 ὀφθαλμῶν
2686 3075 2837 3147 ἔχειν
2861 3074 2970 3136 δεῖ,
3013 3073 3108 3126 καὶ
3145 3069 3322 3124 πάντα
3371 3067 3650 3119 σϐέννυται

2079 3172 2146 3227 τά
2180 3172 2349 3226 δεινά.
2391 3170 2546 3224 Οὐτω
2578 3167 2671 3222 καὶ
2708 3169 2767 3221 ἐν
2798 3167 2984 3236 εὐχαῖς
3029 3165 3220 3234 νήφειν
3251 3158 3548 3230 δυνάμεθα,
3585 3156 3652 3209 ἂν

2080 3266 2419 3334 ἐννοήσωμεν
2450 3261 2555 3315 τίνι
2619 3256 2978 3327 διαλεγόμεθα
3007 3295 3022 3320 ,
3083 3253 3150 3307 ἂν
3206 3244 3653 3334 ἀναλογισώμεθα

2080 3353 2161 3406 ὅτι
2222 3333 2432 3406 θυσίαν
2515 3348 2864 3419 προσάγομεν
2903 3385 2918 3410 ,
2980 3343 3075 3397 καὶ
3149 3341 3420 3412 μάχαιραν
3513 3333 3654 3404 μετὰ

2082 3447 2270 3516 χεῖρας
2332 3441 2549 3512 ἔχομεν,
2582 3440 2677 3493 καὶ⁸
2735 3436 2847 3508 πῦρ
2900 3436 2995 3490 καὶ
3049 3433 3182 3500 ξύλα
3208 3473 3224 3499 ,
3279 3431 3345 3484 ἂν
3384 3426 3658 3516 ἀναπετά-

2085 3513 2264 3604 σωμεν
2327 3531 2420 3585 τοῦ
2478 3527 2708 3599 οὐρανοῦ
2761 3526 2860 3587 τὰς
2907 3522 3081 3585 πύλας
3121 3519 3200 3589 τῷ
3261 3513 3534 3586 λογισμῷ,
3590 3513 3657 3565 ἂν

2088 3623 2445 3696 μεταστῶμεν
2513 3621 2680 3682 ἐκεῖ,
2736 3617 2831 3670 καὶ
2886 3613 3143 3676 λαϐόντες
3215 3609 3315 3680 τὴν
3383 3606 3658 3696 μάχαιραν

2083 3693 2177 3771 τοῦ
2230 3715 2545 3784 Πνεύματος
2604 3708 2937 3780 ἐμπήξωμεν
3000 3706 3080 3767 είς
3137 3699 3230 3755 τὸν
3294 3698 3388 3752 τοῦ
3457 3693 3656 3767 ἱερείου

2087 3807 2282 3878 λαιμὸν
2319 3847 2333 3873 ,
2405 3805 2500 3860 καὶ
2528 3799 2926 3869 καταθύσωεῐεν
2980 3794 3128 3864 αὐτῷ
3173 3791 3332 3862 νῆψιν
3364 3829 3381 3854 ,
3434 3787 3527 3840 καὶ¹
3551 3786 3659 3878 ’ἐκ-

2089 3869 2327 3971 χέιιύμεν⁷
2368 3894 2516 3966 αὐτῷ
2573 3893 2805 3962 δάκρυα.
2890 3885 3144 3941 Τοιοῦτον
3204 3881 3313 3951 7&9
3381 3878 3443 3932 τὸ
3515 3869 3659 3971 αἷμα

2089 3969 2212 4043 τοῦ
2253 3987 2447 4059 ἱερείου
2523 3984 2712 4038 τούτου
2763 3997 2779 4013 ο
2851 3977 3074 4049 τοιαύτῃ
3147 3975 3210 4028 τὸ
3279 3969 3662 4038 θυσιαστήριον

2088 4084 2263 4136 ἐκεῖνο
2325 4079 2656 4150 φοινίσσεται
2734 4074 2942 4144 σφαγῇ.
3018 4068 3202 4140 Μηδὲν
3275 4063 3453 4117 τοίνυν
3515 4059 3663 4150 ἀφῇς

2089 4176 2196 4230 τῶν
2234 4172 2588 4245 ἀνθρωπίνων
2637 4165 2915 4236 λογισμῶν
2951 4161 3203 4230 κατέχειν
3237 4173 3328 4210 σου
3352 4154 3450 4225 τὴν
3480 4149 3660 4221 ψυχὴν

2087 4269 2228 4322 τότε.

2163 4445 2228 4498 δ’.
2261 4441 2544 4512 Ἐννόησον
2565 4440 2646 4492 ὃτι
2669 4435 2762 4489 καὶ
2791 4437 2816 4487 6
2851 4431 3100 4501 Ἀϐραὰμ
3121 4425 3308 4479 θυσίαν
3335 4422 3569 4489 ἀνάγων,
3603 4419 3663 4473 οὐ

2094 4539 2349 4607 γυναῖκα,
2389 4533 2446 4586 οὐ
2473 4529 2678 4594 δοῦλον,
2706 4529 2806 4580 οὐκ
2835 4523 2991 4577 ἀλλον
3025 4519 3144 4574 τινὰ
3172 4517 3349 4586 ἀφῆκε
3390 4516 3660 4607 παρεῖναι.

2095 4604 2188 4699 Μὴ
2218 4627 2393 4681 τοίνυν
2435 4623 2572 4696 μηδέ
2621 4621 2684 4673 σὺ
2731 4618 2838 4670 τῶν
2866 4611 3124 4667 δουλικῶν
3160 4609 3254 4664 καὶ
3300 4604 3666 4699 ἀνελευθέρων

2097 4696 2283 4774 παθῶν
2327 4719 2470 4787 ἀφῇς
2499 4713 2621 4767 τινά
2660 4729 2742 4762 σοι
2775 4709 3061 4778 παρεῖναι·
3094 4701 3206 4756 ἀλλ’
3248 4698 3478 4767 ἀνάϐηθι
3508 4696 3668 4766 μόνος

2097 4815 2176 4876 είς
2199 4811 2262 4864 τὸ
2292 4811 2436 4883 ὅρος,
2468 4805 2594 4859 ἔνθα
2624 4805 2828 4862 ἐκεῖνος
2854 4796 3045 4865 ἀνέϐη,
3079 4793 3204 4847 ἔνθα
3225 4792 3487 4859 ἀναϐῆναι
3511 4787 3670 4883 θέμις

2096 4905 2288 4960 οὐδένα
2314 4879 2520 4972 έτερον.
2549 4895 2666 4950 Κᾶν
2698 4889 3015 4961 ἐπιχειρῶσι
3065 4884 3476 4940 συναναϐαίνειν
3523 4879 3667 4940 τινὲς

2097 4997 2206 5050 τῶν
2232 4970 2486 5046 τοιούτων
2513 4982 2754 5043 ἐννοιῶν,
2779 4979 3032 5044 ἐπίταξον
3051 4976 3238 5036 αὐταῖς
3262 4972 3376 5042 μετ’
3396 4970 3674 5033 ἐξουσίας,

2099 5087 2196 5142 καὶ
2228 5085 2368 5148 εἰπὲ,
2415 5077 2690 5133 Καθίσατε
2737 5073 2921 5138 αὐτοῦ,
2977 5069 3087 5138 ἐγὼ
3113 5069 3168 5121 δὲ
3217 5067 3310 5118 καὶ
3346 5063 3408 5116 τὸ
3454 5058 3675 5112 παιδίον.

2101 5175 2577 5250 προσκυνήσαντες
2601 5164 3009 5235 ὐποστρέψομεν
3027 5176 3039 5188 ·
3061 5158 3152 5209 καὶ
3180 5155 3276 5225 τὴν
3295 5153 3414 5206 ὄνον
3435 5150 3669 5209 καὶτοὺς

2101 5236 2296 5331 παῖδας
2335 5263 2494 5332 ἀφεὶς
2525 5260 2695 5320 κάτω,
2731 5258 2824 5310 καὶ
2847 5256 2897 5306 εἴ
2922 5270 2972 5304 τι
3005 5250 3195 5316 ἄλογον
3218 5246 3310 5298 καὶ
3337 5243 3559 5311 ἀνόητον
3578 5255 3591 5269 ο
3615 5236 3670 5290 εἴ

2100 5383 2154 5417 τι
2175 5360 2410 5429 λογικὸν,
2437 5352 2616 5407 λαϐὼν
2634 5349 2885 5418 ἀνάϐηθι,
2922 5344 3109 5414 ὥσπερ
3130 5343 3332 5400 ἐκεῖνος
3350 5337 3440 5388 τὸν
3457 5333 3664 5387 Ἰσαάκ.

2103 5458 2213 5513 Καὶ
2233 5456 2294 5508 τὸ
2324 5448 2709 5518 θυσιαστήριον
2747 5441 3097 5511 οίκοδὸμησον
3136 5436 3306 5497 οὕτως
3338 5434 3411 5493 ὡς
3440 5430 3673 5488 ἐκεῖνος,

2104 5549 2179 5609 ὡς
2212 5544 2376 5614 μηδὲν
2408 5540 2544 5610 ἔχων
2567 5533 2923 5603 ἀνθρώπινον,
2957 5527 3070 5580 ἀλλ’
3095 5527 3198 5591 ἔξω
3221 5524 3316 5591 τῆς
3344 5518 3554 5584 φύσεως
3572 5529 3668 5614 1'5"

2105 5643 2330 5709 νόμενος
2349 5654 2361 5666 °
2392 5634 2511 5686 ἐπεὶ
2546 5631 2637 5685 καὶ
2670 5630 2893 5688 ἐκεῖνος,
2927 5625 2974 5675 εἰ
3000 5623 3073 5692 μὴ
3101 5618 3202 5682 ἔξω
3221 5615 3318 5681 τῆς
3347 5609 3558 5709 φύσειιῖς
3577 5601 3675 5702 ᾖν..

2109 5696 2206 5788 οὐκ
2237 5730 2302 5784 ἂν
2342 5727 2428 5781 τὸν
2484 5723 2641 5779 παῖδα
2680 5713 3002 5785 κατέσφαξε.
3041 5709 3148 5764 Καὶ
3196 5704 3357 5775 μηδὲν
3385 5696 3672 5764 ἐνοχλειτιι.»
