4070 6152
409 244 515 300 655

417 375 498 410 σοι
525 357 667 421 τότε,
693 356 809 412 ἀλλ’
835 356 1017 411 αὐτῶν
1041 357 1191 425 γίνου
1221 359 1329 412 τῶν
1353 360 1599 431 οὐρανῶν
1625 361 1975 434 ὑψηλότεροςο

416 450 670 516 στέναξον
700 447 916 517 πικρὸν,
942 448 1244 503 κατάθυσον
1265 449 1649 522 ἐξομολόγησιν
1672 467 1687 480 °
1712 452 1856 523 Λέγε
1874 453 1980 525 γὰρ

411 542 494 596 σὺ
514 541 620 607 τὰς
644 540 894 608 ἀνομίας
913 555 1029 593 σου
1045 539 1291 607 πρῶτος,
1319 543 1503 612 φησὶν,
1523 544 1623 597 ἵνα
1641 543 1975 612 δικαιωθῇς·

412 627 717 686 κατάθυσον
743 630 1035 702 συντριϐὴν
1077 632 1324 703 καρδίας.
1358 633 1545 688 Ταῦτα
1575 635 1641 688 τὰ
1670 638 1842 708 ἱερεῖα
1879 637 1978 689 οὐκ

411 724 492 784 εἰς
515 721 718 791 τέφραν
753 721 1002 792 τελευτᾷ,
1037 722 1159 776 οὐδὲ
1194 725 1275 786 εἰς
1300 724 1508 777 καπνὸν
1537 724 1831 789 διαλύεται,
1856 727 1976 780 οὐδέ

410 805 583 870 ξύλων
609 806 780 859 δεῖται
804 808 897 860 καί⁵
932 809 1124 878 πυρὸς,
1167 809 1301 887 ἀλλά
1344 814 1821 888 κατανενυγμένης
1863 816 1977 871 διαο

408 896 556 959 νοίας
592 896 759 967 μόνης
778 914 790 927 ·
826 897 984 951 τοῦτο
1008 899 1162 966 ξύλα,
1193 886 1349 956 τοῦτο
1380 903 1489 974 πῦρ
1521 908 1674 959 καῖον
1702 886 1862 970 αὐτὰ,
1882 908 1975 961 καὶ

407 985 468 1037 οὐ
502 988 820 1039 κατακαῖον.
880 986 937 1039 '0
965 988 1071 1058 γὰρ
1112 988 1250 1059 μετὰ
1287 990 1620 1062 θερμότητος
1658 994 1971 1064 εὐχόμενος,

408 1076 642 1140 καίεται,
685 1077 779 1131 καὶ
827 1079 888 1134 οὐ
921 1081 1306 1147 κατακαίεται,
1353 1083 1470 1136 ἀλλ’
1525 1084 1711 1155 ὥσπερ
1753 1086 1974 1157 χρυσίον

408 1168 539 1237 περὶ
570 1166 1013 1241 βασανιζόμενον,
1036 1171 1412 1239 λαμπρότερος
1439 1175 1670 1244 γίνεται.

476 1350 633 1405 Μετὰ
656 1349 712 1404 δέ
742 1351 942 1406 τούτων
970 1354 1190 1409 κάκεῖνο
1211 1355 1500 1425 φυλάττου,
1522 1358 1584 1412 τὸ
1607 1360 1771 1431 μηδὲν
1797 1360 1972 1416 εἰπεῖν

406 1437 696 1508 εὐχόμενος
724 1440 831 1494 τῶν
860 1441 1263 1513 παροξυνόντων
1292 1462 1385 1499 σου
1404 1447 1495 1501 τὸν
1520 1448 1816 1520 Δεσπότην,
1837 1451 1973 1520 μηδὲ

408 1531 526 1581 κατ’
565 1530 773 1602 ἐχθρῶν
805 1533 1127 1606 προσέλθῃς.
1189 1536 1250 1590 Et
1291 1537 1398 1608 γὰρ
1449 1538 1509 1592 τὸ
1555 1539 1699 1610 ἐχειν
1746 1540 1973 1611 ἐχθροὺς

406 1620 624 1683 ὄνειδος,
656 1622 716 1675 τὸ
750 1624 1108 1695 κατεύχεσθαι
1141 1626 1323 1682 αὐτῶν
1368 1630 1620 1699 ἐννόησον
1662 1632 1846 1702 ἡλίκον
1870 1650 1972 1687 κα.-

406 1710 520 1764 κόν.
550 1710 678 1765 Δέον
701 1713 809 1783 γάρ
839 1730 896 1767 σε
918 1715 1360 1787 ἀπολογήσασθαι
1376 1719 1464 1774 διά
1480 1721 1531 1773 τί
1556 1722 1784 1793 ἐχθροὺς
1806 1723 1971 1793 ἔχεις,

406 1804 471 1856 σὺ
499 1803 556 1857 δὲ
576 1804 755 1859 αὐτῶν
779 1807 875 1860 καί
905 1813 1235 1881 κακηγορεῖς
1263 1823 1313 1866 α.
1341 1813 1452 1866 Καὶ
1479 1813 1637 1878 ποίας
1663 1814 1827 1887 τεύξῂ
1850 1831 1975 1882 συγ·

403 1894 652 1966 γνώμης,
689 1897 782 1950 καὶ
811 1900 1156 1971 κακηγορῶν,
1188 1902 1282 1955 καί
1312 1903 1370 1955 ἐν
1401 1904 1576 1975 καιρῷ
1601 1904 1847 1975 τοιούτῳ,
1883 1905 1971 1959 ὅτε

401 1982 552 2036 ἐλέου
576 2000 657 2037 σοι
679 1984 761 2038 δεῖ
785 1986 1010 2052 πολλοῦς
1043 1990 1152 2043 Καὶ
1180 1990 1287 2062 γάρ
1320 1992 1459 2062 ὑπὲρ
1491 1995 1706 2049 οἰκείων
1732 1995 1972 2067 προσῆλ-

403 2074 494 2138 θες
514 2076 924 2147 ἁμαρτημάτων
946 2079 1199 2150 δεόμενος
1219 2099 1232 2112 ’
1270 2086 1346 2154 μὴ
1372 2083 1552 2139 τοίνυν
1592 2088 1972 2159 μνημονεύσῃς

401 2163 511 2215 τῶν
531 2162 846 2235 ἀλλοτρίων,
880 2166 966 2220 ἴνα
987 2168 1061 2239 μή
1083 2169 1190 2220 τῶν
1215 2171 1358 2223 ἰδίων
1379 2171 1715 2243 ἀναμνήσῃς.
1745 2177 1842 2229 “Av
1864 2176 1973 2249 γὰρ

401 2252 583 2324 εἴπῃς,
617 2254 857 2320 Πάταξον
879 2257 968 2311 τὸν
1006 2257 1218 2328 ἐχθρὸν,
1249 2260 1549 2332 ἐνέφραξας
1569 2280 1665 2318 σου
1685 2265 1745 2318 τὸ
1773 2267 1968 2337 στόμαο

399 2344 586 2399 οὐκέτι
618 2345 726 2419 γὰρ
769 2348 1082 2420 παρρησίαν
1131 2349 1339 2415 ἔδωκας
1367 2355 1431 2424 τῇ
1465 2353 1706 2429 γλώττῃ·
1752 2358 1971 2428 πρῶτον

405 2439 526 2510 μὲν,
548 2441 629 2493 ὅτι
658 2439 1016 2512 παρώργισας
1039 2442 1129 2496 τὸν
1162 2443 1424 2516 δικαστὴν
1463 2448 1526 2500 ἐκ
1555 2451 1856 2521 προοιμίων
1878 2455 1970 2508 εὐ-

403 2530 540 2596 θέως
560 2548 573 2562 ·
600 2531 872 2603 δεύτερον,
911 2531 1061 2604 [47η
1092 2534 1173 2589 ὅτι
1201 2536 1419 2591 ἐναντία
1437 2540 1608 2605 αἰτεῖς
1630 2540 1708 2611 τῷ
1733 2545 1969 2614 σχήματι

401 2622 502 2692 τῆς
554 2623 741 2694 εὐχῆς.
790 2624 854 2678 Εἰ
912 2625 1021 2694 γὰρ
1059 2625 1199 2697 ὑπὲρ
1248 2627 1498 2696 ἀφέσεως
1559 2632 1970 2706 ἁμαρτημάτων

403 2715 681 2785 προσεύχῃ
718 2715 767 2779 b,
816 2713 935 2778 πῶς
966 2714 1106 2785 ὑπὲρ
1138 2716 1411 2782 κολάσεως
1443 2719 1697 2795 διαλέγῃ;
1733 2725 1970 2780 Τούναν-

401 2803 518 2856 τίον
550 2805 646 2874 μὲν
672 2801 763 2859 οῦν
785 2805 892 2859 ἔδει
922 2808 1117 2873 ποιεῖν,
1144 2807 1236 2859 καὶ
1261 2809 1466 2863 δεῖσθαι
1500 2812 1643 2885 ὑπὲρ
1663 2814 1864 2879 αὐτῶν,
1885 2816 1974 2872 ἴνα

405 2895 562 2951 τοῦτο
594 2898 687 2949 καὶ
721 2896 859 2968 ὑπὲρ
890 2898 1102 2951 ἑαυτῶν
1130 2898 1268 2969 μετά
1306 2903 1619 2972 παρρησίας
1656 2909 1969 2977 παρακαλέ-

409 3003 611 3056 σωμεν.
642 2985 780 3041 Νυνί⁵
805 2988 862 3041 δέ
891 2989 1296 3059 προκατέλαϐες
1327 2991 1420 3046 τοῦ
1453 2993 1707 3050 δικαστοῦ
1739 2999 1839 3071 τὴν
1870 3001 1974 3071 ψῆ-

408 3094 507 3144 φον
531 3078 620 3131 διὰ
645 3079 747 3157 τῆς
773 3079 891 3148 σῆς,
920 3080 1086 3145 άξιιῖιν
1110 3082 1237 3146 τοὺς
1271 3083 1683 3155 ἁμαρτάνοντας
1701 3090 1971 3156 κολάζεινο

406 3165 557 3237 θηκαὶ
582 3164 909 3238 συγγνώμης
931 3170 1223 3240 ἀποστερεῖ
1252 3173 1451 3245 πάσης.
1488 3174 1583 3230 Ἂν
1609 3177 1666 3231 δὲ
1704 3180 1845 3251 ὐπέρ
1873 3183 1973 3236 αὐ-

409 3254 517 3308 τῶν
555 3254 705 3328 εὔξῃ,
738 3257 841 3311 κᾶν
892 3258 1060 3329 μηδὲν
1090 3259 1370 3332 ὐπέρτῶν
1399 3263 1508 3316 σῶν
1537 3266 1715 3338 εἴπῃς,
1768 3270 1828 3324 τὸ
1866 3275 1973 3327 πᾶν

408 3346 634 3416 ἤνυσας.
681 3347 963 3418 Ἐννόησον
1014 3350 1179 3403 πόσαι
1220 3350 1399 3408 θυσίαι
1431 3354 1566 3409 εἰσὶν
1598 3357 1656 3410 ἐν
1681 3359 1757 3430 τῷ
1790 3362 1970 3434 νόμιμ’

409 3436 571 3491 θυσία
598 3438 875 3506 αἰνέσεως,
909 3440 1068 3496 θυσία
1100 3442 1568 3518 ἐξομολογήσεως,
1607 3449 1766 3506 θυσία
1797 3471 1973 3527 σωτη-

409 3529 549 3601 ρίου,
570 3530 727 3584 θυσία
749 3530 1069 3605 καθαρμῶν,
1093 3535 1186 3590 καὶ
1202 3536 1382 3607 ἐτεραι
1406 3541 1617 3613 μυρίαι,
1641 3544 1735 3597 καὶ
1750 3546 1972 3617 οὐδεμία

411 3621 530 3677 κατ’
563 3620 792 3692 ἐχθρῶν,
835 3624 949 3676 ἀλλ’
983 3626 1123 3697 ὑπὲρ
1157 3626 1264 3682 τῶν
1305 3632 1519 3685 οἰκείων
1562 3634 1974 3707 ἁμαρτημάτων

409 3712 635 3782 ἐκάστη,
661 3714 695 3783 ἢ
714 3716 805 3767 καὶ
825 3717 1387 3799 κατορθωμάτων.Μὴ
1404 3723 1509 3793 γὰρ
1531 3724 1675 3797 ἄλλῳ
1696 3731 1973 3804 προσέρχῃ

409 3802 565 3892 Θεῷς
605 3804 829 3874 Ἐκείνῳ
859 3807 1136 3880 προσέρχῃ
1165 3810 1243 3878 τῷ
1265 3814 1493 3879 εἰπόντι,
1521 3818 1791 3886 Εὕχεσθε
1820 3802 1971 3892 ὑπὲρ

410 3890 528 3945 τῶν
548 3892 774 3961 ἐχθρῶν
800 3893 984 3963 ὑμῶν.
1014 3898 1139 3962 Πῶς
1166 3897 1259 3954 οῦν
1295 3904 1475 3959 αὐτῶν
1504 3909 1807 3981 καταϐοᾷςς
1852 3890 1972 3978 πῶς

411 3981 749 4054 παρακαλεῖς
776 3985 867 4038 τὸν
895 3984 1027 4040 Θεὸν
1059 3986 1150 4042 τὸν
1187 3992 1384 4047 οἰκεῖον
1418 3994 1576 4050 λῦσαι
1612 4000 1808 4068 νόμονς
1858 4005 1972 4059 Οὐκ

407 4073 522 4127 ἐστι
550 4070 707 4129 τοῦτο
742 4076 918 4131 ἰκέτου
950 4079 1161 4149 σχῆμα·
1196 4081 1368 4147 οὐδεὶς
1406 4085 1635 4141 ἱκετεύει
1681 4089 1769 4144 ῖνα
1816 4092 1973 4159 ἄλλος

407 4162 828 4235 ἀπόληται,ἀλλ’
858 4166 945 4222 ἴνα
979 4166 1141 4234 αὐτὸς
1172 4170 1337 4244 σωθῇ.
1369 4173 1435 4227 Τί
1454 4176 1634 4231 τοίνυν
1660 4181 1851 4251 σχῆμα
1873 4184 1973 4253 μέν

410 4255 586 4309 ἰκέτου
610 4256 939 4329 περίκεισαι,
975 4262 1196 4332 ῥήματα
1224 4264 1282 4317 δὲ
1311 4264 1453 4337 ἐχεις
1484 4273 1822 4344 κατηγόρου;
1860 4275 1971 4329 Καὶ

408 4348 534 4401 ὅταν
568 4348 666 4419 μέν
692 4349 828 4422 ὑπὲρ
856 4352 1063 4408 ἑαυτῶν
1098 4354 1385 4426 εὐχώμεθα
1407 4398 1423 4424 ,
1468 4361 1560 4414 καὶ
1589 4362 1843 4435 κνώμεθα
1876 4368 1970 4422 καὶ

408 4437 767 4510 χασμώμεθα,
791 4444 885 4497 καὶ
907 4445 987 4508 εἰς
1021 4446 1248 4517 μυρίους
1273 4450 1618 4522 ἐμπίπτομεν
1641 4453 1932 4528 λογισμούς
1951 4479 1966 4494 .

407 4530 533 4583 ὅταν
552 4530 608 4582 δὲ
638 4534 754 4585 κατ’
778 4533 1007 4604 ἐχθρῶν,
1031 4538 1291 4609 νήφοντες
1311 4540 1471 4595 τοῦτο
1492 4545 1775 4617 ποιοῦμεν.
1797 4551 1972 4606 Ἐπει-

407 4623 471 4691 δὴ
499 4622 608 4692 γὰρ
649 4620 789 4678 οἶδεν
831 4629 859 4680 6
882 4626 1146 4694 διάϐολος,
1185 4633 1267 4686 ὅτι
1315 4634 1438 4687 καθ’
1477 4637 1685 4694 ἑαυτῶν
1728 4642 1789 4696 τὸ
1818 4644 1971 4714 ξίφος

407 4711 677 4781 ὠθοῦμεν,
704 4714 766 4766 οὐ
787 4716 1063 4785 περιέλκει
1085 4722 1206 4775 οὐδέ
1230 4725 1473 4797 περισπᾷ
1501 4726 1646 4796 τότε,
1678 4730 1764 4785 ἵνα
1792 4711 1972 4803 μειζό-

409 4822 514 4868 νως
545 4806 675 4874 ἡμῖν
699 4805 1021 4877 λυμήνηται.
1060 4811 1219 4867 Ἀλλά
1245 4816 1529 4888 ἠδίκημαι,
1550 4822 1702 4892 φησί,
1730 4825 1823 4878 καὶ
1856 4825 1970 4880 θλί-

409 4896 594 4966 ϐομαι.
625 4897 831 4953 Οὐκοῦν
859 4900 997 4954 κατά
1026 4902 1119 4956 τοῦ
1147 4905 1391 4961 διαϐόλου
1412 4906 1585 4977 εὖξαι,
1614 4914 1708 4968 τοῦ
1736 4917 1971 4987 μάλιστα

413 4989 624 5078 πάντων
644 4989 953 5056 ἀδικοῦντος
976 4994 1140 5064 ἡμᾶς.
1170 4997 1339 5054 Τοῦτο
1356 5002 1450 5056 καὶ
1476 5005 1749 5076 ἐπετάγης
1771 5007 1966 5078 λέγειν,

422 5076 624 5131 ἰ’ῦσαι
654 5079 810 5148 ἡμᾶς
832 5083 951 5137 ἀπὸ
984 5086 1091 5141 τοῦ
1136 5092 1422 5159 πονηροῦ.
1474 5094 1710 5160 Ἐκεῖνός
1751 5076 1898 5154 ἐστιν

411 5169 816 5263 ἀκατάλλακτος
858 5175 1082 5247 ἐχθρός*
1119 5180 1402 5252 ἄνθρωπος
1440 5182 1531 5248 δὲ,
1581 5186 1679 5240 ὅσα
1704 5187 1771 5241 ἂν
1816 5194 1967 5263 ποιῇ,

412 5259 564 5329 φίλος
592 5259 708 5312 ἐστὶ
734 5263 827 5314 καὶ⁵
854 5263 1095 5336 ἀδελφός.
1137 5270 1356 5343 Ἐκείνφ
1387 5274 1564 5328 τοίνυν
1593 5276 1789 5342 πάντες
1814 5259 1969 5350 ὀργίζ-

467 5483 494 5547 ξ
524 5477 776 5547 Lpgebamr
795 5486 1081 5547 κατηγορεῖς.

466 5542 860 5625 ξ’,ἓίέςξξιξηδεκ-
895 5542 1068 5609 δέκευ..
1093 5551 1346 5614 προσέρχῃ.
1375 5553 1526 5607 Paulo
1568 5564 1679 5620 post
1716 5558 1847 5625 idem
1886 5565 1963 5613 ἵνα

407 5607 563 5657 τοῦτο.
593 5607 719 5657 Edili
740 5607 920 5658 τοῦτον.

1103 248 1161 305 S.
1201 234 1489 305 JOANNIS
1521 248 2012 307 CIIRYSOSTOMI
2052 252 2378 314 ARCHIEP.
2419 257 2974 317 CONSTANTINOP.

3542 261 3661 320 εει

2074 363 2320 434 ζώμεθα,
2350 368 2468 421 κατ’
2490 368 2654 422 αὐτοῦ
2684 369 3086 441 παρακαλῶμεν
3103 368 3195 423 τὸν
3222 369 3357 426 Θεδν
3374 369 3651 442 λέγοντες,

2079 453 2376 525 Σύντριψον
2394 456 2486 509 τὸν
2517 459 2754 512 σατανᾶν
2774 460 2878 513 ὑπὸ
2904 460 3032 523 τοὺς
3061 458 3226 523 πόδας
3267 459 3447 530 ήμῶν.
3478 459 3655 531 Οὗτος

2076 543 2185 613 γάρ
2227 546 2400 599 τίκτει
2435 549 2528 602 καὶ
2570 549 2698 612 τοὺς
2734 549 2982 620 ἐχθρούς.
3020 551 3118 603 Ἂν
3169 549 3229 604 δέ
3259 552 3382 605 κατ’
3434 555 3651 628 ἐχθρῶν

2076 633 2230 706 εὐξῃ,
2264 634 2362 706 τὴν
2390 636 2573 709 εὐχὴν,
2603 639 2672 710 ἢν
2700 642 2906 705 ἐκεῖνος
2949 641 3217 710 βούλεται,
3259 642 3393 716 εὔχῃ
3413 661 3427 676 '
3454 644 3651 720 ῶσπερ

2075 722 2168 779 οὖν
2191 727 2257 780 ἂν
2287 727 2426 797 ὑπὲρ
2455 730 2685 801 ἐχθρῶν,
2717 733 2857 787 κατὰ
2888 733 3103 787 τούτου.
3133 734 3199 786 Τί
3223 735 3404 790 τοίνυν
3442 739 3533 795 τὸν
3558 740 3646 794 θν-

2074 835 2182 881 τως
2225 818 2420 890 ἐχθρὸν
2459 821 2638 891 ἀφεὶς,
2675 824 2744 878 τά
2785 824 2921 895 μέλη
2953 824 3174 887 δάκνεις
3197 825 3264 880 τά
3304 827 3391 894 σὰ,
3433 828 3646 902 θηρίων

2075 908 2452 979 χαλεπώτερος
2476 912 2648 985 ταύτῃ
2682 914 2995 984 γινόμενος;
3049 915 3188 968 Ἀλλ’
3229 914 3437 987 ὕϐρισε,
3478 923 3642 990 φησὶ,

2073 1001 2167 1054 καὶ
2188 1002 2445 1072 χρήματα
2471 1005 2831 1076 ἀπεστέρησε.
2867 1005 2979 1060 Καὶ
3010 1005 3132 1061 τίνα
3166 1006 3250 1059 δεῖ
3276 1007 3510 1075 πενθεῖν,
3544 1010 3646 1067 τὸν

2075 1089 2317 1145 παθόντα
2353 1094 2559 1157 κακῶς⁹
2594 1094 2626 1165 ἢ
2658 1094 2750 1149 τὸν
2780 1096 3081 1166 ποιήσαντα
3108 1097 3329 1164 κακῶς;
3354 1099 3477 1153 ὀτι
3503 1103 3644 1173 χρή-

2076 1196 2221 1249 ματα
2272 1193 2294 1221 ο
2336 1184 2617 1255 κερδάνας,
2663 1186 2765 1256 τῆς
2798 1187 3010 1252 εὐνοίας
3046 1189 3237 1243 ἑαυτὸν
3281 1189 3502 1255 ἐξέϐαλε
3542 1194 3640 1248 τοῦ

2072 1271 2226 1340 Θεοῦ,
2258 1275 2352 1327 καὶ
2389 1276 2610 1345 μείζονα
2636 1277 2917 1332 ἀπώλεσεν
2945 1278 2977 1350 ἢ
3012 1279 3233 1334 ἔλαϐεν·
3260 1281 3403 1336 ὥστε
3435 1283 3640 1348 ἐκεῖνός

2073 1362 2219 1416 ἐστιν
2265 1365 2295 1418 6
2339 1365 2681 1437 ἠδικημένος.
2725 1368 2935 1424 Οὐκοῦν
2988 1371 3106 1441 οὐχὶ
3138 1373 3499 1444 κατεύχεσθαι
3534 1375 3644 1441 δεῖ,

2073 1451 2190 1505 ἀλλ’
2218 1455 2612 1528 ὐπερεύχεσθαι
2632 1459 2817 1528 αὐτοῦ,
2843 1460 2934 1516 ἵνα
2952 1462 2982 1514 6
3017 1461 3149 1526 Θεὸς
3192 1462 3347 1528 ῖλεως
3374 1462 3524 1535 αὐτῷ
3549 1464 3643 1535 γέ-

2073 1561 2249 1616 νηται.

2141 1718 2203 1766 ε’.
2229 1713 2372 1785 Ὅρα
2398 1714 2537 1770 πόσα
2553 1717 2752 1771 ἔπαθον
2776 1719 2823 1772 οἱ
2845 1719 3029 1785 παῖδες
3052 1721 3101 1773 οἰ
3125 1722 3291 1791 τρεῖς,
3312 1722 3464 1777 οὐδὲν
3485 1725 3645 1796 ποιή-

2073 1818 2265 1866 σαντες
2296 1804 2498 1859 δεινόν·
2534 1806 2791 1872 ἐξέπεσον
2856 1809 3132 1879 πατρίδος,
3154 1810 3512 1882 ἐλευθερίας,
3546 1810 3644 1878 ἐξ-

2070 1908 2141 1965 ῃχ
2148 1894 2563 1966 μαλωτίσθησαν
2578 1899 2671 1951 καὶ
2689 1898 2935 1968 ἐγένοντο
2949 1899 3242 1966 δοῦλοι,καὶ
3258 1902 3338 1965 είς
3356 1901 3644 1972 ἀλλοτρίαν

2071 1982 2165 2034 καὶ
2195 1981 2470 2054 βάρϐαρον
2517 1986 2906 2057 ἀπενεχθέντες
2933 1988 3135 2060 χώραν,
3171 1990 3266 2045 καὶ
3308 1991 3640 2061 σφάττεσθαι

2070 2071 2293 2144 ἔμελλον
2323 2074 2410 2128 διὰ
2439 2075 2499 2129 τὸ
2517 2077 2648 2148 ὄναρ
2674 2079 2796 2148 εἰκῆ
2820 2080 2916 2134 καὶ
2941 2080 3141 2151 μάτην.
3172 2082 3236 2136 Τί
3263 2077 3358 2137 οῦν
3377 2082 3647 2138 εἰσελθόν-

2067 2181 2161 2226 τες
2185 2165 2323 2235 μετά
2344 2165 2438 2219 τοῦ
2457 2167 2675 2239 Δανιὴλ,
2694 2168 2748 2221 τί
2774 2168 3042 2240 ηὐξαντο;
3066 2172 3195 2226 τίδὲ
3219 2168 3402 2240 εἴπονς
3424 2173 3646 2246 Κατάῤ-

2072 2251 2233 2322 ραξον
2284 2253 2377 2309 τὸν
2430 2254 2899 2329 Ναϐουχοδονόσορ
2920 2276 2934 2290 ·
2983 2260 3334 2315 κατάσπασον
3384 2260 3550 2316 αὐτοῦ
3578 2261 3645 2315 τὸ

2068 2343 2339 2414 διάδημαο
2397 2346 2669 2400 κατάϐαλε
2715 2348 2878 2403 αὐτὸν
2915 2350 3022 2404 ἀπὸ
3070 2350 3163 2405 τοῦ
3207 2351 3437 2423 θρόνου;
3476 2352 3645 2406 Οὐδὲν

2067 2433 2308 2489 τοιοῦτον
2330 2453 2344 2467 ο
2407 2437 2521 2491 ἀλλ’
2565 2430 2788 2510 ἐξῄτουν
2820 2441 3137 2512 οἰκτιρμούς
3179 2441 3330 2512 παρὰ
3352 2440 3447 2495 τοῦ
3479 2440 3638 2495 Θεοῦ.

2070 2525 2217 2599 [472]
2247 2528 2354 2581 Καὶ
2379 2529 2466 2582 ὅτε
2492 2533 2550 2583 ἐν
2581 2533 2646 2601 τῇ
2678 2532 2892 2602 καμίνῳ
2926 2527 3089 2603 ἦσαν,
3117 2532 3336 2603 ὁμοίως.
3376 2532 3514 2587 Ἀλλ’
3539 2533 3643 2604 οὐκ
3738 2533 3742 2536 ⁴

2067 2615 2246 2686 ὑμεῖς,
2277 2619 2414 2673 ἀλλά
2447 2619 2626 2690 πολλῷ
2664 2620 2920 2675 ἐλάττονα
2949 2621 3169 2677 ἐκείνων
3199 2623 3520 2693 πάσχοντες,
3544 2625 3643 2679 καὶ

2067 2706 2286 2773 δικαίως
2324 2710 2603 2774 πολλάκις,
2630 2712 2695 2764 οὐ
2731 2711 2968 2766 παύεσθε
2997 2711 3275 2783 ἀρώμενοι
3306 2715 3510 2785 μυρία·
3545 2714 3641 2769 καὶ

2067 2797 2096 2848 6
2122 2795 2220 2866 μέν
2247 2814 2399 2867 φησι,
2427 2799 2711 2853 Κατάϐαλε
2744 2800 2835 2853 τὸν
2863 2800 3057 2872 ἐχθρὸν
3076 2841 3091 2866 ,
3137 2802 3214 2867 ὡς
3249 2803 3640 2868 κατεπόντισας
3714 2840 3719 2844 -

2068 2887 2130 2939 τὸ
2150 2887 2300 2959 ἅρμα
2330 2887 2424 2942 τοῦ
2452 2888 2648 2961 Φαραώ
2666 2905 2682 2920 ο
2704 2892 2731 2944 6
2759 2890 2837 2955 δέ,
2863 2890 3069 2961 Πλῆξον
3093 2892 3259 2946 αὐτοῦ
3301 2893 3396 2963 τήν
3416 2893 3596 2963 σάρκα
3619 2909 3639 2925 ⁸

2068 2979 2253 3049 ἐτερος
2271 2979 2451 3046 πάλιν,
2492 2981 2712 3047 Ἀπόδος
2748 2986 2829 3048 εἰς
2845 2985 2913 3038 τά
2940 2986 3128 3041 τέκνα.
3152 2981 3227 3040 Ἦ
3253 2984 3352 3039 οὐκ
3381 2983 3635 3054 ἐπιγινώ-

2074 3086 2229 3124 σκετε
2269 3072 2427 3125 ταυτὶ
2450 3073 2518 3127 τὰ
2536 3074 2797 3144 ρήματα;

2141 3256 2311 3311 Πόθεν
2336 3251 2428 3312 οῦν
2467 3257 2595 3329 ύμῖν
2636 3259 2665 3312 6
2707 3259 2880 3329 γέλως
2927 3256 3113 3327 οῦτοςς
3152 3260 3322 3335 Ὀρᾷς
3367 3262 3483 3326 πῶς
3518 3261 3636 3316 ἐστι

2070 3346 2469 3416 καταγέλαστα,
2495 3349 2623 3404 ὅταν
2643 3351 2813 3422 χωρὶς
2833 3351 3039 3415 πάθους
3061 3352 3325 3423 λέγηταις
3356 3354 3467 3410 Καὶ
3493 3356 3644 3410 πᾶσα

2070 3438 2126 3490 δὲ
2159 3439 2404 3510 ἁμαρτία
2450 3439 2571 3492 τότε
2599 3439 2872 3495 δείκνυται
2908 3441 3026 3506 πῶς
3060 3444 3211 3497 ἐστιν
3256 3445 3477 3516 αἰσχρὰ,
3516 3445 3644 3498 ὅταν

2071 3528 2240 3598 αὐτὴν
2276 3526 2570 3601 γυμνώσῃς
2600 3529 2699 3599 τῆς
2731 3530 3023 3594 διαθέσεως
3054 3531 3150 3585 τοῦ
3187 3534 3515 3604 τολμῶντος,
3544 3535 3644 3587 Ἂν

2068 3617 2162 3670 τὸν
2200 3617 2520 3687 ὀργισθέντα
2558 3617 2876 3691 ὐπομνήοῃς
2920 3619 3030 3674 τῶν
3060 3621 3342 3692 ῥημάτων,
3372 3614 3447 3675 ὧν
3487 3616 3641 3675 εἶπεν

2071 3708 2127 3760 ἐν
2142 3707 2219 3778 τῷ
2247 3706 2422 3777 θυμῷ,
2447 3707 2824 3775 καταδύσεται,
2854 3710 2949 3764 καὶ
2966 3711 3388 3780 καταγελάσεται
3418 3710 3635 3774 ἑαυτοῦ,

2071 3799 2163 3852 καὶ
2195 3799 2515 3870 βουλήσεται
2571 3799 2740 3869 μυρία
2788 3802 3130 3866 πεπονθέναι,
3174 3803 3419 3874 ἢέκεῖνα
3465 3801 3637 3855 αὐτοῦ

2070 3886 2209 3945 εἶναι
2250 3891 2316 3943 τά
2367 3891 2616 3961 ῥήματαο
2666 3889 2769 3944 κᾶν
2793 3892 2884 3944 τὸν
2931 3893 3221 3947 ἀκόλαστον
3252 3892 3463 3964 ἀγάγῃς
3494 3892 3636 3964 μετὰ

2069 3981 2165 4052 τὴν
2191 3980 2334 4052 μίξιν
2355 3980 2491 4051 πρὸς
2516 3979 2613 4052 τήν
2640 3982 3041 4055 πορνευομένην
3058 3986 3332 4053 γυναῖκα,,
3363 3985 3457 4038 καὶ
3479 3977 3636 4047 οὗτος

2069 4072 2272 4144 ταύτην
2295 4072 2779 4144 ἀποστραφήσεται
2807 4073 2884 4138 ὡς
2907 4076 3176 4147 μυσαράν.
3199 4075 3354 4129 Οὕτω
3367 4076 3461 4129 καὶ
3476 4074 3638 4144 ὑμεῖς

2068 4166 2116 4218 οἰ
2149 4163 2224 4236 μὴ
2255 4163 2407 4229 ὄντες
2428 4165 2488 4218 ἐν
2513 4163 2592 4235 τῷ
2619 4163 2806 4229 πάθει,
2842 4165 3181 4233 καταγελᾶτε
3222 4167 3319 4221 νῦν
3341 4184 3355 4198 ’
3404 4166 3640 4234 καταγέ-

2067 4255 2239 4310 λαστα
2266 4254 2393 4327 γὰρ,
2435 4255 2528 4309 καὶ
2554 4255 2812 4327 γραῖδίων
2843 4255 2912 4308 τὰ
2941 4257 3162 4327 ῥήματα
3200 4256 3374 4309 ταῦτα
3416 4255 3640 4326 μεθυόν-

2071 4364 2196 4412 των,
2221 4346 2312 4400 καὶ
2339 4345 2707 4415 γυναικώδους
2739 4346 3123 4418 μικροψυχίας.
3163 4347 3272 4400 Καὶ
3293 4348 3323 4401 6
3361 4347 3556 4418 Ἰωσὴφ
3579 4346 3636 4398 δὲ

2068 4438 2298 4510 πραθεὶς
2328 4438 2421 4493 καὶ
2445 4437 2626 4501 δοῦλος
2658 4438 2947 4509 γενόμενος
2973 4439 3066 4492 καὶ
3092 4437 3464 4509 δεσμωτήριον
3485 4437 3637 4507 οἰκή-

2071 4548 2188 4595 σας,
2215 4530 2324 4583 οὐδ⁹
2344 4528 2516 4593 οὓτως
2544 4527 2765 4593 ἐξέϐαλε
2783 4532 2933 4602 ῥῆμα
2960 4529 3155 4601 πικρὸν
3184 4528 3327 4583 κατὰ
3351 4529 3460 4582 τῶν
3480 4529 3637 4582 λελυ⁸

2068 4621 2349 4690 πηκότωνο
2402 4618 2541 4675 ἀλλὰ
2588 4619 2642 4673 τί
2669 4636 2834 4691 φησις
2883 4620 3096 4688 κλοπῇ
3122 4619 3397 4689 ἐκλάπην
3426 4620 3495 4674 ἐκ
3524 4619 3636 4688 τῆς

2075 4712 2351 4781 Ἑϐραίων
2373 4727 2389 4744 ο
2419 4712 2508 4765 καὶ
2533 4712 2593 4777 οὐ
2618 4711 2974 4784 προστίθησιν
2995 4710 3098 4765 ὑπὸ
3116 4710 3258 4774 τίνος
3279 4728 3294 4742 ·
3323 4710 3635 4781 αἰσχύνεται
3706 4788 3709 4797 1

2066 4800 2172 4869 γάρ
2206 4798 2344 4870 ὑπὲρ
2370 4798 2478 4852 τῶν
2509 4800 2809 4870 άδελφικῶν
2832 4800 3017 4873 κακῶν
3043 4799 3247 4871 μᾶλλον
3275 4801 3499 4855 ἐκείνων
3527 4799 3633 4854 τῶν

2068 4891 2409 4962 ποιησάντων
2448 4891 2608 4946 αὐτά.
2662 4893 2818 4947 υῦτω
2868 4893 2963 4948 καὶ
2992 4894 3141 4965 ἡμᾶς
3171 4891 3475 4947 διακεῖσθαι
3502 4893 3632 4963 χρὴ,

2070 4989 2267 5060 μᾶλλον
2289 4987 2317 5029 ἀ
2355 4988 2462 5042 τῶν
2500 4989 2911 5061 ἐπηρεαζόντων
2938 4989 3118 5043 αὐτῶν
3146 4989 3335 5057 ἀλγεῖν
3371 4986 3512 5057 ὑπὲρ
3537 4985 3632 5040 αὐ-

2066 5081 2203 5137 τῶν·
2238 5083 2272 5152 ή
2307 5080 2477 5152 βλάϐη
2506 5081 2614 5150 γάρ
2634 5083 2714 5145 είς
2738 5081 2979 5143 ἐκείνους
3002 5079 3286 5134 διαϐαίνει.
3312 5079 3520 5145 Ὥσπερ
3537 5071 3631 5130 οὖν

2066 5176 2114 5228 οἱ
2141 5173 2484 5246 λακτίζοντες
2522 5172 2708 5243 ήλους,
2756 5173 2850 5225 καὶ
2897 5171 3037 5241 μέγα
3089 5171 3408 5241 φρονοῦντες
3432 5210 3449 5236 ,
3479 5167 3628 5221 ἐλέου

2066 5260 2330 5328 ἄξιοικαὶ
2383 5263 2579 5334 θρήνου
2630 5263 2730 5333 τῆς
2775 5262 2971 5333 μανίας
3022 5261 3186 5317 ἐνεκα
3217 5261 3418 5332 ταύτης
3455 5258 3627 5314 εἰσίν·

2126 5571 2149 5636 (ξ
2172 5569 2376 5636 Υἱόειιιι·
2404 5570 2601 5623 omnino
2631 5573 2895 5634 legendum
2918 5574 2945 5622 6
2966 5572 3024 5621 τὰ
3045 5572 3283 5636 χρήματα.

2126 5632 2151 5671 ἀ
2175 5633 2353 5683 Forsan
2380 5636 2477 5698 leg.
2500 5636 2579 5682 καὶ
2603 5632 2799 5697 μᾶλλον.
