4070 6152
361 327 465 384 £33

361 441 486 511 Quid
535 440 748 496 brutum
770 452 832 494 ac
855 434 1106 494 stolidum
1139 438 1251 498 est,
1282 427 1420 487 infra
1466 425 1702 489 relictis;
1733 424 1777 477 si
1803 419 1930 492 quid

362 535 568 588 ratione
600 534 876 604 praeditum
913 537 997 585 est
1017 569 1034 593 ,
1063 526 1246 595 accipe
1275 533 1434 593 atque
1459 519 1711 582 ascende,
1743 531 1930 586 quem-

362 622 649 678 admodum
694 622 784 677 ille
829 617 1116 687 assumpsit
1151 617 1320 671 Isaac.
1357 611 1542 667 Altare
1592 622 1804 679 quoque
1835 610 1930 675 pe-

365 711 520 766 rinde
548 721 604 766 ut
630 711 753 776 ille,
780 717 1028 774 exstrue,
1062 717 1339 774 tamquam
1389 697 1610 756 humani
1658 695 1789 750 nihil
1835 695 1931 746 ha—

363 803 500 859 bens
517 844 533 869 ,
557 812 713 872 atque
739 811 890 857 extra
917 808 1161 854 naturam
1191 803 1404 865 raptus:
1431 787 1859 861 quandoquidem
1881 793 1936 840 et

367 893 476 958 ille,
503 893 606 947 nisi
627 907 656 946 a
681 901 871 947 natura
897 890 1220 945 excessisset
1248 929 1263 954 ,
1295 885 1459 939 filium
1487 897 1593 936 non
1614 879 1934 950 jugulassct.

363 984 472 1042 Nec
507 984 794 1056 quidquam
822 993 933 1038 tum
983 991 1035 1037 te
1080 979 1403 1036 interturhet
1426 1017 1442 1041 ,
1473 973 1568 1030 sed
1599 986 1756 1042 supra
1792 971 1936 1039 ipsos

362 1076 519 1131 etiam
549 1075 710 1130 caelos
755 1088 976 1144 assurge
1005 1090 1019 1127 :
1050 1072 1244 1127 acerbe
1297 1068 1612 1139 ingemisce,
1637 1061 1934 1118 confessio-

362 1181 481 1221 nem
499 1175 691 1221 macta:
709 1165 804 1219 Dic
825 1166 960 1219 enim
980 1174 1034 1217 tu
1056 1163 1195 1233 prior
1210 1161 1495 1230 iniquitates
1511 1153 1842 1222 tuas,inquit,
1873 1160 1930 1203 ut

352 1258 648 1330 justi/iuris
677 1273 696 1311 :
717 1265 890 1310 macta
931 1253 1310 1311 contritionem
1343 1249 1539 1305 cordis.
1580 1245 1672 1300 Hae
1700 1243 1934 1298 victima:

361 1364 468 1404 non
492 1349 545 1404 in
575 1348 811 1404 cinerem
842 1346 1111 1410 desinunt,
1137 1358 1236 1398 nec
1262 1343 1312 1397 in
1343 1340 1540 1394 fumum
1570 1335 1884 1392 dilabuntur
1915 1371 1932 1398 ,

359 1456 460 1497 nec
488 1441 646 1511 lignis
667 1450 723 1496 et
753 1439 876 1511 igne
922 1452 1056 1508 opus
1081 1437 1298 1498 habent,
1331 1431 1424 1488 sed
1450 1430 1724 1485 dumtaxat
1753 1424 1934 1479 animo

360 1541 679 1602 compuncto
704 1548 717 1586 :
749 1531 851 1586 hoc
880 1531 1044 1601 ligna,
1073 1529 1173 1583 hoc
1213 1527 1350 1597 ignis
1389 1531 1490 1588 est,
1512 1534 1672 1576 urens
1693 1519 1802 1584 illa,
1833 1516 1935 1572 sed

361 1639 468 1680 non
488 1639 765 1694 perurens.
781 1624 911 1680 Nam
936 1625 1024 1694 qui
1051 1623 1317 1678 ferventer
1343 1627 1480 1685 orat,
1504 1617 1677 1672 uritur
1696 1612 1931 1684 quidem,

360 1725 414 1770 at
448 1731 554 1770 non
580 1718 868 1786 peruritur,
891 1715 985 1770 sed
1014 1715 1152 1769 sicut
1177 1727 1366 1768 aurum
1396 1751 1411 1777 ,
1434 1706 1576 1779 quod
1606 1706 1726 1776 igne
1751 1701 1934 1773 exploc

359 1816 533 1873 ratur,
561 1807 895 1877 splendidius
931 1808 1180 1863 eﬂlcitur.

432 1895 558 1950 Non
610 1899 917 1967 precandum
961 1906 1136 1951 contra
1171 1894 1419 1948 inimicos.
1446 1921 1516 1932 —
1559 1889 1637 1944 Ad
1663 1888 1775 1942 haec
1805 1884 1933 1939 illud

360 2002 511 2053 cave,
544 2003 611 2042 ne
655 1989 819 2042 ullum
867 1989 919 2041 in
949 1988 1192 2042 oratione
1249 1985 1471 2040 verbum
1513 1980 1744 2041 emittas,
1791 1974 1933 2045 quod

359 2078 646 2135 Dominum
690 2079 900 2146 irritet,
927 2079 1012 2133 vel
1040 2080 1091 2132 in
1120 2077 1351 2132 hostium
1403 2084 1613 2128 tuorum
1643 2067 1932 2141 perniciem

356 2170 531 2238 ipsum
555 2169 738 2224 adeas.
768 2169 897 2224 Nam
926 2170 970 2224 si
998 2168 1086 2223 vel
1117 2169 1296 2222 hostes
1337 2165 1556 2228 habere,
1603 2162 1800 2232 probro
1825 2175 1931 2214 non

354 2270 522 2328 caret,
546 2261 717 2331 cogita
739 2269 995 2330 quantum
1020 2260 1218 2313 malum
1245 2259 1314 2312 sit
1337 2257 1597 2311 adversus
1624 2268 1719 2308 eos
1744 2251 1934 2305 orare?

355 2355 460 2410 Pro
481 2368 546 2408 eo
563 2352 846 2421 Oportebat
890 2365 1148 2406 excusare
1186 2359 1238 2404 te
1261 2349 1403 2419 quod
1448 2346 1631 2401 hostes
1657 2345 1842 2408 habes,
1877 2351 1931 2396 tu

355 2459 484 2498 vero
525 2452 709 2498 contra
756 2457 850 2497 eos
883 2457 1098 2513 quoque
1135 2453 1379 2494 accusas.
1427 2438 1493 2492 Et
1527 2451 1686 2507 quam
1719 2433 1932 2488 tandem

357 2535 565 2590 veniam
586 2534 828 2590 obtinere
857 2549 1042 2605 queas,
1070 2547 1192 2588 cum
1219 2547 1285 2586 eo
1310 2545 1520 2600 quoque
1546 2537 1787 2596 tempore
1815 2525 1935 2578 aliis

358 2627 644 2691 obtrectes,
664 2643 776 2697 quo
802 2629 1002 2698 ingenti
1034 2628 1148 2697 ipse
1177 2623 1539 2680 misericordia
1570 2637 1702 2690 opus
1731 2617 1935 2673 habes?

360 2715 571 2773 Etenim
601 2733 666 2773 eo
696 2718 994 2781 accessisti,
1021 2727 1079 2772 ut
1103 2732 1202 2788 pro
1235 2717 1338 2770 tuis
1370 2713 1600 2783 peccatis
1630 2725 1846 2766 orares:
1869 2723 1934 2763 ne

361 2808 518 2878 igitur
536 2809 835 2864 alienorum
886 2817 1228 2878 peccatorum
1281 2805 1605 2870 recorderis,
1640 2819 1707 2858 ne
1736 2802 1933 2872 alioqui

362 2909 568 2956 tuorum
599 2902 715 2972 ipse
771 2900 1085 2956 memoriam
1140 2897 1384 2952 refrices.
1441 2894 1571 2950 Nam
1603 2895 1647 2949 si
1695 2894 1930 2959 dixeris,

367 2991 583 3047 Hostem
601 3000 845 3062 percute,
875 3005 938 3045 os
963 2999 1108 3044 tuum
1138 2987 1472 3053 obstruxisti,
1493 2987 1602 3057 jam
1634 2985 1827 3055 lingua:
1867 2986 1929 3039 fi-

363 3082 568 3138 duciam
622 3081 914 3152 praecidisti
946 3097 960 3135 :
992 3081 1222 3151 primum
1253 3093 1480 3150 nempe,
1536 3079 1659 3147 quia
1705 3078 1773 3131 ab
1819 3078 1936 3148 ipso

361 3176 533 3232 statim
553 3175 706 3230 initio
727 3173 1012 3228 Dominum
1036 3171 1102 3226 ad
1129 3171 1452 3227 iracundiam
1471 3170 1721 3236 incitasti;
1740 3169 1936 3231 deinde

363 3266 482 3331 quia
531 3264 796 3320 contraria
825 3261 1086 3332 postulas,
1117 3276 1277 3331 quam
1329 3261 1501 3315 oratio
1545 3259 1700 3315 ferat.
1732 3259 1862 3314 Nam
1892 3261 1935 3314 si

362 3369 460 3425 pro
491 3365 833 3426 peccatorum
859 3351 1178 3407 remissione
1224 3351 1392 3406 Deum
1427 3351 1683 3420 precaris,
1715 3351 1806 3420 qui
1837 3350 1935 3418 fit,

364 3455 422 3498 ut
447 3460 546 3514 pro
573 3445 833 3514 supplicio
859 3443 1021 3499 verba
1041 3441 1252 3499 facias?
1276 3443 1414 3510 Quin
1445 3451 1628 3497 contra
1652 3443 1829 3512 potius
1855 3441 1934 3496 fa.

366 3538 615 3592 ciendum
648 3548 780 3602 erat,
812 3554 908 3608 pro
935 3538 1062 3608 ipsis
1105 3551 1315 3606 quoque
1345 3550 1536 3605 preces
1567 3535 1826 3601 fundere,
1871 3545 1929 3588 ut

369 3627 470 3682 hoc
499 3643 595 3697 pro
623 3628 779 3683 nobis
798 3643 1005 3699 quoque
1034 3643 1154 3684 cum
1187 3627 1379 3682 fiducia
1403 3635 1728 3696 peteremus.
1785 3625 1940 3681 Nunc

368 3734 500 3774 vero
545 3717 750 3774 Judicis
779 3720 1094 3775 sententiam
1144 3735 1241 3790 per
1295 3727 1437 3773 tuam
1491 3720 1780 3788 occupasti,
1812 3717 1938 3772 dum

366 3811 502 3880 petis
532 3819 588 3865 ut
614 3809 682 3864 de
705 3809 1044 3879 precantibus
1073 3809 1389 3878 supplicium
1417 3819 1591 3862 sumat
1615 3826 1627 3862 :
1660 3808 1799 3878 quod
1826 3809 1944 3878 qui-

369 3904 486 3957 dem
509 3917 725 3958 omnem
771 3902 863 3956 tibi
894 3903 1104 3957 veniam
1130 3901 1338 3956 adimit.
1393 3899 1588 3957 Contra
1611 3901 1653 3954 si
1687 3915 1784 3971 pro
1814 3901 1943 3971 ipsis

371 3994 623 4062 preceris,
648 3993 854 4048 etiamsi
883 4008 981 4063 pro
1011 3992 1244 4062 peccatis
1273 3992 1375 4047 tuis
1395 3993 1594 4047 nullum
1617 3993 1835 4048 verbum
1865 3993 1944 4048 fe-

369 4086 528 4151 ceris,
569 4099 682 4139 rem
704 4093 869 4140 totam
898 4081 1196 4138 confecisti.
1243 4084 1425 4154 Cogita
1472 4091 1723 4154 quotnam
1747 4085 1798 4138 in
1827 4084 1943 4155 lege

367 4176 623 4231 sacrificia
650 4176 790 4230 sint:
823 4174 1142 4230 sacrificium
1168 4174 1361 4240 laudis,
1391 4174 1710 4230 sacrificium
1732 4177 1944 4232 confes-

369 4269 556 4330 sionis,
585 4264 908 4321 sacrificium
935 4264 1148 4330 salutis,
1178 4263 1496 4318 sacrificium
1528 4267 1899 4336 purgationum
1923 4306 1941 4333 ,

370 4374 431 4413 ac
454 4367 701 4414 sexcenta
731 4358 835 4412 alia
862 4375 876 4412 :
911 4366 1070 4427 atque
1097 4357 1309 4412 interim
1340 4357 1542 4410 nullum
1570 4368 1652 4412 est
1680 4358 1944 4414 adversus

373 4450 615 4504 inimicos
643 4490 660 4516 ,
692 4448 784 4504 sed
814 4464 911 4519 pro
938 4449 1168 4518 propriis
1215 4448 1448 4516 peccatis
1488 4456 1580 4502 aut
1621 4448 1780 4504 etiam
1803 4460 1948 4506 recte

373 4538 543 4595 factis.
558 4541 691 4596 Num
706 4542 868 4596 alium
887 4542 1055 4598 Deum
1074 4540 1229 4596 adis?
1249 4544 1440 4595 Annon
1458 4540 1524 4595 ad
1543 4541 1691 4596 illum
1713 4542 1946 4608 accedis,

373 4633 465 4703 qui
483 4635 634 4698 dixit,
654 4634 809 4689 Orate
829 4652 922 4706 pro
941 4635 1156 4689 inimicis
1171 4635 1344 4689 vestris
1363 4630 1583 4704 (Matth.
1605 4634 1658 4690 5.
1683 4635 1796 4702 44).
1813 4633 1949 4700 Quo-

376 4741 497 4780 nam
525 4726 684 4796 igitur
706 4726 864 4781 modo
889 4725 1146 4782 adversus
1170 4725 1293 4780 illos
1318 4724 1605 4780 clamitas?
1632 4740 1728 4780 cur
1757 4725 1943 4793 Deum,

375 4823 432 4868 ut
460 4815 628 4885 legem
655 4830 806 4869 suam
834 4813 1104 4885 infringat,
1134 4829 1290 4885 rogas
1315 4816 1338 4869 7
1364 4817 1406 4869 A
1438 4816 1694 4886 supplicis
1722 4830 1949 4886 persona

376 4905 516 4959 istud
545 4905 778 4960 alienum
809 4913 894 4960 est
920 4923 934 4960 :
966 4920 1126 4960 nemo
1171 4906 1434 4975 supplicat
1460 4915 1518 4960 ut
1539 4906 1677 4962 alius
1727 4917 1944 4977 pereat,

377 4997 473 5051 sed
495 5004 552 5051 ut
581 4997 694 5065 ipse
719 4997 947 5052 salutem
975 5005 1351 5067 consequatur.
1382 4997 1516 5064 Quid
1542 4998 1701 5067 igitur
1749 4999 1952 5070 suppli-

376 5088 455 5142 cis
491 5087 729 5158 ejusdem
759 5103 1042 5158 personam
1073 5090 1234 5159 geris,
1266 5087 1392 5142 dum
1440 5090 1768 5144 accusatoris
1787 5093 1950 5146 verba

377 5182 587 5237 habes?
647 5185 726 5237 Ac
777 5182 989 5252 quidem
1029 5198 1151 5238 cum
1180 5196 1278 5252 pro
1328 5181 1484 5236 nobis
1530 5182 1661 5251 ipsis
1710 5196 1951 5251 oramus,

377 5273 642 5328 scabimus
664 5289 783 5340 nos,
803 5275 1116 5342 oscitamus,
1139 5285 1192 5329 et
1214 5275 1265 5328 in
1287 5282 1569 5329 sexcentas
1600 5275 1953 5344 cogitationes

376 5364 648 5430 labimur;
676 5380 799 5420 cum
821 5375 1000 5420 autem
1051 5365 1308 5420 adversus
1345 5365 1622 5431 inimicos,
1656 5366 1849 5419 attenti
1891 5380 1953 5420 ac

377 5457 655 5526 vigilantes
676 5458 779 5512 hoc
807 5457 1052 5513 facimus.
1086 5457 1218 5523 Quia
1253 5457 1395 5529 enim
1423 5456 1668 5511 diabolus
1687 5457 1818 5511 illud
1849 5471 1950 5512 no-

377 5550 474 5616 vit,
506 5550 652 5621 quod
679 5551 734 5606 in
765 5567 864 5606 nos
890 5553 1036 5619 ipsos
1062 5549 1292 5620 gladium
1334 5550 1692 5618 impellimus;
1717 5565 1821 5605 non
1852 5550 1953 5604 mi-

378 5641 521 5697 nime
563 5643 816 5700 distrahit
857 5644 944 5698 vel
971 5652 1179 5711 avocat,
1229 5643 1409 5698 uthac
1439 5643 1647 5696 ratione
1691 5642 1947 5712 majorem

378 5734 531 5790 nobis
552 5737 847 5809 perniciem
875 5735 1062 5793 afferat
1116 5738 1213 5807 At,
1261 5736 1498 5808 inquies,
1542 5736 1699 5793 laesus
1729 5751 1849 5792 sum
1889 5746 1943 5794 et

1413 313 1479 371 1N
1519 311 1731 370 EPIST.
1778 309 1820 364 ll
1885 309 1975 364 AD
2013 285 2170 366 ceu.
2213 310 2438 368 nosne.
2483 311 2546 366 v.

3518 321 3622 376 L‘i‘i

2039 422 2268 493 afﬂigar.
2303 426 2446 496 Ergo
2477 426 2736 483 adversus
2777 427 3050 484 diabolum
3079 447 3173 487 ora
3196 475 3208 498 ,
3247 433 3336 503 qui
3377 438 3615 490 omnium

2043 519 2274 573 maxime
2303 535 2400 572 nos
2427 520 2619 589 injuria
2646 521 2832 576 afficit.
2891 523 3002 578 Hoc
3031 525 3192 579 etiam
3218 525 3399 582 dicere
3429 531 3622 596 praeci-

2041 609 2184 675 peris
2212 649 2229 673 ,
2278 609 2461 662 Libera
2487 626 2578 663 nos
2602 627 2634 663 a
2659 612 2793 666 malo
2824 612 3037 682 (Matth.
3067 616 3120 669 6.
3153 617 3220 671 l5
3241 616 3284 687 ).
3313 617 3403 672 Ille
3432 617 3622 687 impiae

2039 698 2224 752 cobilis
2245 698 2414 754 hostis
2440 711 2554 766 est;
2588 711 2641 754 at
2668 702 2850 768 homo,
2875 704 3132 775 quidquid
3152 706 3244 761 tibi
3269 707 3444 774 faciat,
3475 710 3615 762 ami-

2039 803 2133 842 cus
2153 804 2218 844 ac
2243 788 2408 845 frater
2452 802 2556 847 est.
2605 792 2866 859 Quocirca
2921 811 3107 853 omnes
3159 799 3418 854 adversus
3469 802 3614 856 illum

2040 880 2618 947 irascamur,adversus
2636 900 2757 940 eum
2775 887 2938 942 Deum
2964 889 3329 958 Obsecremus,
3343 894 3581 948 dicentes
3601 913 3613 946 :

2037 968 2267 1026 Comere
2287 971 2538 1028 Satanam
2567 977 2666 1031 sub
2700 978 2923 1046 pedibus
2949 980 3167 1036 nostris.
3197 983 3296 1039 llle
3335 987 3476 1040 enim
3508 984 3619 1040 ini-

2038 1061 2207 1117 micos
2228 1080 2441 1135 quoque
2472 1069 2628 1123 nobis
2655 1073 2814 1138 parit.
2849 1071 3002 1139 Quod
3038 1073 3082 1128 si
3119 1074 3400 1130 adversum
3433 1078 3616 1132 inimi-

2040 1167 2134 1207 cos
2159 1155 2396 1221 preceris
2416 1197 2431 1224 ,
2463 1158 2514 1211 id
2543 1161 2779 1228 precaris
2802 1201 2817 1224 ,
2847 1160 2988 1230 quod
3018 1163 3130 1230 ipse
3156 1179 3370 1234 quoque
3391 1167 3443 1220 in
3473 1169 3616 1222 votis

2039 1244 2199 1300 habet
2227 1266 2240 1303 :
2276 1257 2330 1302 ut
2352 1250 2394 1304 si
2425 1265 2519 1319 pro
2549 1251 2778 1307 inimicis
2802 1267 2925 1308 ores
2945 1293 2960 1318 ,
2993 1253 3248 1310 adversus
3275 1271 3614 1326 eum-preca—

2039 1339 2134 1393 ris.
2163 1338 2298 1406 Quid
2337 1341 2495 1410 igitur
2525 1343 2713 1397 relicto
2750 1359 2879 1400 vero
2905 1344 3059 1400 hoste
3085 1346 3324 1402 membra
3347 1357 3435 1402 tua
3466 1365 3614 1405 mor-

2037 1427 2155 1495 dcs,
2187 1440 2346 1500 atque
2371 1431 2474 1486 hac
2521 1433 2728 1488 ratione
2776 1432 2906 1489 feris
2948 1435 3076 1504 ipsis
3131 1437 3500 1494 immaniorem
3559 1453 3618 1496 te

2038 1522 2400 1593 pracbesiAt,
2436 1524 2613 1594 inquis
2636 1565 2651 1588 ,
2697 1528 3074 1582 centumeliam
3121 1529 3250 1583 mihi
3279 1530 3456 1586 intulit
3478 1573 3494 1597 ,
3546 1548 3609 1588 ac

2038 1614 2177 1668 bona
2206 1613 2423 1668 ademit.
2458 1616 2522 1669 Et
2542 1630 2700 1684 quem
2719 1617 2864 1672 luetu
2885 1618 3137 1688 prosequi
3165 1623 3435 1688 convenit,
3460 1638 3613 1677 eum-

2037 1719 2106 1758 ne
2132 1703 2222 1773 qui
2265 1703 2514 1772 injuriam
2549 1706 2780 1774 accepit,
2813 1722 2879 1760 an
2916 1709 3008 1778 qui
3042 1709 3257 1764 intulit?
3307 1712 3406 1778 Qui
3449 1727 3611 1781 pecu-

2037 1795 2154 1848 nias
2183 1795 2416 1849 lucratus
2443 1804 2544 1860 est,
2564 1811 2594 1850 a
2611 1797 2702 1851 Dei
2718 1797 3083 1852 benevolentia
3111 1800 3344 1869 seipsum
3361 1804 3610 1871 exclusit,

2037 1886 2300 1956 pluraque
2352 1887 2586 1956 perdidit
2636 1903 2794 1957 quam
2841 1893 3096 1960 accepit:
3143 1907 3206 1947 ac
3241 1894 3463 1962 proinde
3499 1896 3614 1964 ipse

2037 1979 2224 2048 estqui
2257 1979 2418 2032 laesus
2441 1987 2543 2033 est.
2568 1977 2648 2033 Ob
2677 1979 2836 2049 idque
2864 1995 2970 2035 non
3017 1981 3276 2038 adversus
3324 1999 3468 2053 eum,
3513 1987 3608 2040 sed

2038 2083 2134 2136 pro
2156 2068 2431 2137 eo.potius
2460 2068 2719 2123 orandum
2749 2077 2851 2138 est,
2879 2081 2935 2125 ut
2966 2071 3105 2126 Deus
3131 2073 3418 2143 propitium
3446 2091 3504 2132 se
3535 2077 3610 2132 illi

2035 2159 2289 2228 praebeat.

2104 2253 2160 2307 5.
2201 2250 2334 2306 Vide
2359 2260 2490 2322 quot
2516 2253 2906 2308 calamitatibus
2930 2255 3104 2310 affecti
3143 2257 3250 2312 sint
3292 2267 3400 2313 tres
3437 2263 3609 2329 pueri,

2035 2356 2156 2397 cum
2185 2351 2360 2397 tamen
2384 2342 2512 2396 nihil
2546 2344 2669 2396 tnali
2693 2342 3034 2399 admisissent
3064 2364 3077 2399 :
3112 2349 3278 2415 patria
3295 2358 3349 2403 et
3370 2350 3613 2407 libertate

2036 2436 2361 2501 exciderant,
2405 2437 2598 2505 captivi
2625 2437 2841 2491 abducti
2871 2453 2932 2492 ac
2963 2440 3104 2494 servi
3137 2439 3332 2508 effecti,
3375 2452 3531 2513 atque
3558 2445 3611 2499 in

2036 2530 2260 2584 alienam
2313 2545 2377 2584 ac
2423 2531 2702 2586 barbaram
2748 2533 3016 2602 regionem
3062 2535 3314 2591 abstracti
3368 2537 3599 2606 fuerant,

2037 2619 2337 2689 frustraque
2356 2636 2418 2675 ac
2439 2630 2641 2677 temere
2669 2632 2884 2691 propter
2914 2625 3231 2680 insomnium
3261 2627 3610 2686 obtruncaudi

2036 2720 2206 2765 erant.
2241 2710 2378 2777 Quid
2408 2711 2566 2780 igitur
2593 2726 2712 2765 cum
2735 2712 2952 2768 Dauiele
2979 2715 3225 2784 ingressi,
3245 2719 3610 2788 quid,inquam

2037 2803 2302 2857 orarunt?
2353 2801 2482 2872 quid
2512 2803 2804 2860 dixerunt?
2829 2803 3060 2860 Conlcre
3100 2807 3609 2878 Nabuchodonosor,

2037 2896 2204 2965 ipsius
2232 2896 2474 2950 diadema
2505 2895 2706 2964 abripe,
2739 2911 2770 2950 e
2822 2897 2971 2967 regio
3013 2898 3148 2952 solio
3189 2914 3308 2954 eum
3340 2901 3559 2957 deturba
3589 2904 3615 2955 ?

2036 2987 2176 3041 Nihil
2219 2986 2513 3056 ejusmodi;
2543 3003 2727 3041 verum
2761 2988 2852 3043 Dei
2886 2990 3306 3045 misericordiam
3359 2993 3612 3062 implora-

2037 3080 2182 3134 bant.
2215 3079 2422 3134 Etcum
2451 3078 2505 3132 in
2536 3079 2749 3135 fornace
2775 3089 2972 3146 essent,
3001 3081 3192 3137 eodem
3219 3082 3377 3139 modo
3402 3099 3460 3139 se
3486 3099 3614 3154 ges-
3703 3108 3710 3112 ·

2037 3179 2240 3226 serunt.
2285 3171 2354 3225 At
2390 3184 2487 3225 vos
2538 3185 2649 3226 non
2693 3171 2952 3240 perinde;
3003 3171 3098 3227 sed
3150 3172 3307 3243 longe
3352 3189 3508 3244 quam
3541 3175 3615 3231 illi

2039 3265 2244 3318 minora
2275 3263 2437 3334 passi,
2469 3277 2533 3318 ac
2572 3263 2888 3334 plerumque
2917 3265 3109 3320 merito
3132 3305 3148 3330 ,
3196 3276 3446 3321 sexcenta
3476 3267 3616 3322 mala

2040 3353 2319 3422 imprecari
2350 3368 2454 3407 non
2485 3353 2729 3408 desinitis
2761 3370 2774 3406 :
2809 3363 2968 3423 atque
3011 3355 3145 3408 alius
3183 3355 3395 3425 quidem
3427 3358 3504 3410 sic
3533 3357 3616 3410 lo-

2040 3444 2238 3512 quitur,
2281 3443 2572 3497 Prosterne
2616 3442 2913 3507 inimicum,
2959 3452 3018 3497 ut
3062 3444 3353 3499 Pharaonis
3403 3461 3616 3500 currum

2040 3532 2378 3598 demersisti;
2409 3533 2562 3596 alius,
2593 3532 2820 3587 Carnem
2867 3533 3010 3588 illius
3063 3534 3197 3599 feri;
3227 3536 3363 3589 alius
3410 3552 3614 3602 rursus,

2041 3624 2225 3680 Redde
2249 3625 2328 3680 illi
2373 3627 2428 3679 in
2480 3624 2639 3679 filios.
2673 3626 2864 3679 Annon
2914 3624 3218 3694 hujusmodi
3248 3626 3405 3682 verba
3451 3642 3618 3698 agno-

2043 3720 2192 3776 scitis
2218 3719 2243 3772 ?

2120 3811 2419 3865 Auditorum
2459 3807 2804 3883 Chrysestomi
2828 3811 2978 3866 risus.
3009 3841 3080 3853 ——
3108 3810 3261 3867 Unde
3289 3812 3446 3882 igitur
3469 3811 3620 3868 vobis

2046 3905 2132 3958 hic
2160 3903 2336 3959 risus?
2361 3903 2522 3958 Vides
2549 3919 2708 3974 quam
2750 3903 2977 3958 ridicula
3023 3902 3139 3958 haec
3166 3904 3310 3970 sinit,
3339 3919 3459 3958 cum
3487 3904 3619 3959 citra

2046 3997 2207 4050 animi
2249 3995 2703 4064 perturbationem
2748 3993 3039 4050 dicuntur?
3086 3995 3153 4049 Et
3190 4010 3316 4050 sane
3345 4005 3621 4065 peccatum

2047 4102 2207 4143 omne
2235 4096 2343 4142 tum
2371 4087 2604 4158 denique
2647 4103 2804 4158 quam
2855 4087 3054 4143 fmdum
3097 4089 3166 4143 sit
3215 4097 3379 4158 patet,
3407 4104 3526 4144 cum
3557 4089 3625 4144 ab

2046 4197 2132 4248 eo,
2163 4181 2252 4252 qui
2293 4181 2347 4236 id
2385 4181 2640 4247 admittit,
2663 4180 2916 4237 affectum
2960 4181 3288 4236 detraxeris.
3336 4181 3393 4236 Si
3438 4184 3487 4237 ei
3533 4183 3623 4250 qui

2048 4273 2214 4327 iratus
2241 4268 2374 4336 fuit,
2400 4271 2453 4326 in
2499 4273 2817 4326 memoriam
2861 4285 2923 4326 ea
2954 4270 3116 4326 verba
3146 4271 3356 4340 redigas
3377 4312 3390 4336 ,
3425 4286 3542 4339 qum
3569 4270 3624 4324 in

2049 4363 2319 4419 iracundia
2351 4364 2593 4432 protulit,
2629 4364 2909 4418 erubescet
2934 4372 2988 4417 et
3012 4363 3243 4431 seipsum
3273 4361 3531 4424 irridebit,
3563 4377 3626 4417 ac

2050 4455 2196 4509 mille
2225 4454 2362 4507 mala
2395 4453 2623 4522 perpeti,
2646 4467 2803 4521 quam
2825 4452 2987 4506 verba
3008 4451 3100 4506 illa
3129 4451 3413 4520 protulisse
3440 4451 3625 4506 malet.

2049 4546 2104 4601 Si
2137 4543 2462 4614 impudicum
2506 4543 2774 4598 hominem
2807 4551 2929 4612 post
2974 4541 3172 4596 coitum
3221 4540 3288 4595 ad
3340 4540 3622 4596 mulierem

2052 4653 2193 4702 eam,
2224 4636 2308 4690 cui
2339 4644 2579 4705 stuprum
2603 4635 2815 4701 obtulit,
2847 4633 3162 4697 adduxeris,
3193 4633 3280 4687 hic
3307 4647 3516 4703 quoque
3563 4642 3620 4689 ut

2054 4727 2434 4784 exsccrandam
2478 4727 2648 4798 ipsam
2686 4725 3072 4782 adversabitur.
3117 4724 3316 4780 Eodem
3345 4725 3504 4779 modo
3531 4739 3629 4779 vos

2053 4819 2142 4888 qui
2171 4817 2238 4873 ab
2267 4818 2368 4873 hoc
2408 4818 2600 4873 affectu
2631 4817 2786 4872 liberi
2831 4816 2982 4882 estis,
3023 4815 3329 4886 hujusmodi
3359 4816 3520 4870 verba
3549 4817 3625 4870 ri-

2053 4911 2192 4966 detis
2223 4930 2237 4966 :
2272 4911 2489 4966 ridicula
2540 4910 2682 4965 enim
2739 4917 2896 4973 sunt,
2949 4923 3014 4964 ac
3077 4908 3381 4964 temulentis
3427 4907 3627 4962 vetulis

2055 5003 2236 5072 digna,
2277 5002 2630 5070 muliebrique
2681 4999 2973 5055 simultate.
3013 4999 3150 5066 Quin
3195 4999 3355 5054 etiam
3391 4997 3624 5066 Joseph,

2055 5096 2180 5150 licet
2205 5093 2453 5147 venditus
2474 5107 2535 5146 ac
2579 5105 2764 5145 servus
2791 5091 3044 5157 effectus,
3091 5100 3250 5159 atque
3279 5089 3330 5141 'm
3357 5101 3626 5141 carcerem

2057 5185 2353 5255 conjectus,
2405 5198 2473 5237 ne
2521 5183 2598 5236 sic
2636 5190 2812 5234 tamen
2859 5181 3109 5235 acerbum
3148 5179 3402 5232 adversus
3441 5191 3553 5240 eos,
3599 5188 3630 5226 a

2057 5278 2249 5348 quibus
2301 5275 2460 5328 lwsus
2507 5273 2700 5338 fuerat,
2730 5273 2948 5326 verbum
2999 5271 3214 5336 emisit;
3244 5270 3339 5324 sed
3365 5268 3490 5339 quid
3520 5268 3636 5321 ait?

2060 5369 2261 5423 Furtim
2289 5367 2514 5420 sublatus
2543 5381 2654 5419 sum
2699 5364 2761 5417 de
2801 5373 2936 5417 terra
2965 5361 3293 5416 Hebmorum
3337 5362 3354 5425 ί
3381 5359 3504 5415 Gen.
3541 5359 3630 5413 40.

2061 5460 2148 5526 15)
2175 5476 2190 5524 ;
2219 5474 2315 5513 nec
2342 5456 2524 5523 addit,
2572 5472 2601 5511 a
2645 5470 2750 5524 quo
2783 5475 2796 5510 :
2827 5454 2985 5523 pudet
3009 5455 3152 5508 enim
3201 5468 3322 5508 eum
3366 5452 3628 5506 malorum

2058 5551 2303 5614 fratrum,
2335 5549 2504 5618 magis
2526 5562 2681 5618 quam
2706 5561 2798 5602 eos
2824 5547 2989 5617 ipsos,
3021 5547 3110 5616 qui
3140 5546 3256 5599 haec
3289 5551 3629 5612 perpetrave-

2060 5651 2200 5698 rant.
2225 5642 2300 5696 Ita
2331 5655 2428 5696 nos
2458 5655 2669 5710 quoque
2709 5639 2847 5695 affici
2899 5638 3170 5701 convenit,
3200 5645 3256 5689 ut
3289 5648 3384 5702 pro
3429 5631 3512 5693 iis,
3539 5627 3632 5694 (ἰυί

2061 5734 2213 5791 nobis
2240 5732 2484 5805 injuriam
2503 5731 2756 5804 inferum,
2785 5729 3152 5789 vehementius
3174 5736 3449 5793 angamur,
3473 5730 3633 5788 quam
