4070 6152
479 239 582 297 435

471 353 552 407 illi
587 353 686 424 ipsi
721 371 735 409 :
765 352 1144 410 detrimentum
1187 350 1332 406 enim
1383 350 1450 404 ad
1495 349 1617 404 illos
1663 347 1871 402 transit.
1905 344 2056 399 Sicut

468 447 618 500 enim
645 446 733 516 qui
759 446 937 500 clavos
963 443 1200 500 calcibus
1227 444 1506 512 impetunt,
1523 440 1796 508 altumque
1820 437 2054 504 sapiunt,

473 535 781 606 lmjusmodi
804 535 1011 590 furoris
1047 549 1176 604 ergo
1204 531 1675 588 commiseratione
1713 545 1778 585 ac
1800 528 2058 599 'lacrymis

477 627 622 696 digni
651 635 814 681 sunt:
846 625 1039 681 eodem
1088 624 1248 680 modo
1271 624 1361 694 qui
1403 637 1498 678 eos
1542 621 1762 688 laedunt,
1791 635 1820 674 a
1860 619 2056 690 quibus

469 719 608 772 nihil
640 717 849 787 injuria:
875 725 1201 788 acceperunt
1223 759 1237 784 ,
1272 709 1453 771 multis
1478 715 1726 769 lamentis
1753 727 1816 767 ac
1842 711 2056 768 lletibus

469 810 671 877 potius,
703 824 864 878 quam
882 808 1350 865 exsecrationibus
1371 807 1512 878 digni
1542 814 1687 871 sunt,
1717 815 1776 860 ut
1801 804 1892 875 qui
1933 817 2059 858 suas

477 898 690 967 ipsimet
735 899 942 954 animas
987 898 1199 954 feriant.
1251 898 1394 953 Nihil
1439 897 1582 953 enim
1617 895 1936 952 sceleratius
1975 901 2060 950 cst

469 988 650 1041 anima
682 989 877 1043 malum
907 989 1256 1060 imprecante,
1299 1003 1398 1044 nec
1427 987 1684 1058 impurius
1709 986 1887 1057 lingua
1909 1027 1923 1052 ,
1953 984 2057 1040 hn-

469 1077 708 1147 jiusmodi
733 1079 993 1136 sacriﬁcia
1020 1080 1300 1136 oll‘erente.
1347 1079 1518 1134 Homo
1559 1093 1657 1144 es;
1699 1093 1767 1134 ne
1813 1076 2056 1147 aspidum

473 1167 622 1223 virus
647 1184 864 1224 evomas
897 1187 911 1223 :
944 1170 1104 1226 homo
1133 1185 1191 1226 es
1216 1186 1231 1236 ;
1262 1184 1331 1224 ne
1355 1169 1531 1225 bellua
1564 1169 1678 1222 tias.
1724 1167 1851 1222 Ideo
1880 1181 1942 1222 os
1965 1165 2057 1222 tibi

471 1257 655 1314 datum
686 1268 790 1326 est,
818 1275 926 1314 non
957 1270 1014 1315 ut
1042 1259 1324 1327 mordeas,
1355 1259 1448 1315 sed
1475 1267 1534 1313 ut
1561 1259 1786 1312 aliorum
1810 1257 2056 1313 vulneri-

473 1351 572 1405 bus
600 1351 884 1408 medearis.
914 1353 1218 1409 Recordare
1261 1351 1390 1424 quid
1431 1351 1526 1406 tibi
1571 1351 1944 1421 prazceperim,
1977 1350 2059 1405 in-

472 1445 586 1513 quit
621 1445 782 1510 Deus,
813 1446 1087 1501 remittere
1131 1460 1324 1514 nempe
1362 1459 1425 1499 uc
1465 1443 1790 1499 condonare.
1822 1443 1902 1498 Tu
1931 1456 2059 1498 vero

471 1551 558 1591 me
587 1535 862 1601 obsecras,
892 1549 944 1592 ut
973 1538 1176 1593 socium
1226 1552 1313 1592 me
1357 1536 1449 1591 tibi
1485 1535 1550 1590 ad
1593 1534 1882 1592 evertenda
1913 1543 2059 1605 prte-

471 1638 628 1698 cepta
673 1645 792 1684 mea
841 1630 1148 1700 adjungam,
1178 1644 1242 1685 ac
1271 1628 1490 1683 fratrem
1510 1628 1759 1683 corrodis
1779 1669 1794 1694 ,
1823 1627 2058 1698 linguam

471 1730 747 1785 cruentas,
805 1735 916 1775 non
969 1736 1125 1776 secus
1171 1735 1234 1776 ac
1287 1719 1472 1774 furiosi
1532 1720 1761 1788 propriis
1807 1719 2058 1774 carnibus

472 1809 661 1865 dentes
713 1825 906 1866 cruore
947 1809 1294 1880 perfundunt.
1341 1810 1549 1876 Quanta
1595 1807 1868 1864 diabolum
1895 1809 2052 1864 volu-

1149 240 1208 297 S.
1245 237 1523 296 JUANNIS
1556 229 2031 292 CHRYSOSTO‘MI
2071 227 2383 287 ARCHIEP.
2421 231 2949 294 CONSTAN'HNOP.

2167 349 2310 411 ptate
2356 343 2515 408 allici,
2556 355 2756 416 quanto
2793 347 2904 404 risu
2951 347 3249 418 existimas,
3299 344 3428 406 cum.
3473 353 3747 423 ejusmodi

2161 448 2350 503 preces
2377 435 2564 490 audit?
2620 453 2779 510 quam
2830 441 2994 497 Deum
3052 443 3232 511 irasci,
3287 452 3452 515 teque
3502 452 3742 505 aversari

2163 532 2322 594 atque
2347 525 2546 594 odisse,
2574 540 2697 583 cum
2729 529 2852 585 talia
2880 533 3077 602 rogas?
3105 548 3212 603 quo
3233 534 3358 604 quid
3379 538 3594 606 gravius
3623 551 3746 597 esse

2161 616 2360 685 queat?
2390 615 2521 671 Nam
2549 618 2594 672 si
2621 619 2875 678 nelas'est
2917 637 3038 678 eum
3079 623 3145 680 ad
3171 626 3426 696 mysterla
3453 629 3733 696 accedere,

2163 705 2251 774 qui
2296 705 2542 764 inimicos
2571 708 2765 777 habet;
2797 727 2976 768 annon
3028 714 3093 780 is,
3126 715 3218 785 qui
3259 731 3363 770 non
3414 725 3622 772 tantum
3652 719 3748 774 ho-

2162 801 2298 848 stem
2326 793 2503 860 habet,
2535 799 2628 854 sed
2665 800 2825 855 etiam
2853 802 2900 856 ei
2924 800 3264 872 imprecatu‘r,
3297 805 3364 860 ab
3391 809 3507 876 ipso
3529 821 3748 878 quoque

2164 885 2344 956 templi
2371 887 2573 943 ambitu
2605 891 2873 948 arcendus
2899 893 3017 947 est?
3043 894 3171 950 Haec
3215 895 3376 965 igitur
3417 901 3746 968 cogitantes,

2161 982 2322 1045 atque
2351 977 2508 1047 hujus
2556 981 2808 1036 sacrificii
2859 996 3075 1038 causam
3125 999 3513 1056 agnoscentes,
3549 1005 3749 1059 nempe

2161 1066 2304 1136 quod
2336 1083 2433 1138 pro
2462 1069 2710 1128 hostibus
2738 1083 3000 1131 mactatus
3031 1076 3276 1133 Christus
3317 1077 3407 1146 sit,
3451 1081 3503 1136 id
3551 1083 3749 1140 demus

2161 1170 2399 1227 operam,
2445 1170 2504 1216 ut
2550 1177 2618 1219 ne
2647 1164 2920 1221 inimicum
2962 1168 3178 1238 quidem
3223 1170 3546 1240 habeamus;
3595 1190 3656 1229 ac
3701 1177 3752 1232 si

2166 1247 2478 1319 habeamus,
2511 1268 2611 1323 pro
2655 1255 2748 1311 illo
2789 1273 3072 1326 precemur
3103 1278 3116 1312 :
3151 1269 3210 1314 ut
3250 1277 3348 1317 nos
3374 1278 3588 1334 quoque
3628 1281 3750 1334 pec-

2159 1349 2405 1398 catorum
2431 1354 2743 1402 nostrorum
2772 1349 2982 1406 veniam
3012 1356 3350 1424 consequuti,
3399 1371 3524 1410 cum
3551 1358 3752 1414 ﬁducia

2167 1431 2417 1488 tribunali
2462 1433 2661 1492 ChriSti
2715 1438 3025 1506 adstemus;
3063 1443 3155 1497 cui
3207 1444 3396 1515 gloria,
3440 1447 3744 1516 imperium,

2166 1522 2372 1592 honor,
2426 1542 2568 1584 nunc
2610 1537 2665 1585 et
2708 1543 2942 1602 semper,
2986 1540 3042 1588 et
3080 1532 3132 1589 in
3170 1536 3368 1591 saecula
3401 1539 3747 1598 szeculorum.

2165 1614 2362 1671 Amen.

3559 1673 3602 1685 ,ρ

481 1929 3747 1969 ww“

1892 2011 2224 2076 HOMILIA
2270 2017 2376 2080 VI.

470 2155 596 2211 Car.
624 2157 676 2213 5.
716 2172 768 2210 v.
800 2157 850 2210 1.
880 2155 1165 2224 Incipimus
1205 2155 1391 2209 iterum
1431 2155 1761 2224 nosmetipsos
1788 2169 2048 2208 commen-

539 2249 663 2302 dare
680 2249 705 2301 ?
744 2258 832 2301 aut
860 2247 1103 2316 numquid
1129 2262 1348 2316 egemus,
1387 2245 1515 2299 sicut
1540 2246 1768 2313 quidam,
1795 2260 2054 2298 commen-

541 2341 732 2393 datitiis
758 2339 982 2408 epistolis
1008 2340 1077 2392 ad
1102 2354 1207 2404 vos,
1242 2347 1328 2391 aut
1351 2354 1412 2392 ex
1428 2337 1612 2391 vobis?

545 2430 599 2482 1.
626 2427 781 2494 Quod
813 2428 1047 2483 futurum
1078 2437 1211 2493 erat,
1242 2437 1298 2482 ut
1331 2427 1432 2496 ipsi
1461 2428 1528 2482 ab
1558 2426 1676 2481 aliis
1707 2426 2053 2496 objiceretur,

472 2535 665 2590 nempe
685 2520 824 2590 quod
851 2521 1083 2590 seipsum
1115 2520 1381 2575 attolleret
1407 2561 1419 2586 ,
1453 2517 1552 2572 hoc
1573 2517 1692 2588 ipse
1720 2526 2058 2572 antevertens

472 2611 691 2680 posuit:
720 2613 964 2681 quamvis
992 2611 1150 2666 etiam
1179 2618 1323 2664 tanta
1353 2608 1756 2680 prmmonitione
1781 2616 1905 2663 ante
1931 2620 2059 2662 usus

473 2702 684 2770 fuisset,
717 2718 779 2758 ac
805 2702 1026 2758 dixisset
1053 2719 1067 2756 :
1100 2701 1166 2756 Et
1193 2702 1262 2756 ad
1291 2702 1398 2756 lucc
1434 2701 1546 2770 quis
1574 2701 1786 2755 idoneus
1825 2700 1943 2754 est?
1981 2708 2054 2765 et,

475 2795 558 2849 Ea:
583 2795 868 2850 sinceritate
895 2795 1182 2861 loquimur;
1215 2792 1308 2847 sed
1341 2803 1517 2847 tamen
1549 2791 1664 2846 haec
1703 2791 1804 2861 ipsi
1839 2790 2060 2846 minime

475 2885 767 2950 sufliciunt.
801 2885 873 2939 Ea
902 2885 1045 2940 enim
1076 2884 1242 2954 ipsius
1271 2882 1608 2938 consuetudo
1644 2892 1727 2938 est
1757 2900 1770 2937 :
1799 2890 1859 2938 ut
1903 2883 2060 2952 longe

476 2978 634 3042 absit,
665 2986 721 3030 ut
748 2977 923 3046 magni
949 2975 1223 3046 quidpiam
1264 2973 1332 3028 de
1360 2988 1420 3028 se
1450 2974 1632 3030 dicere
1666 2975 1933 3038 videatur,
1955 2989 2056 3029 vc-

479 3065 867 3133 hcmenterque
910 3072 1071 3134 atque
1126 3063 1495 3118 incredibilem
1523 3063 1812 3134 quemdam
1856 3066 1909 3120 in
1939 3080 2058 3121 mo-

481 3155 606 3212 dum
654 3153 796 3208 i:tud
831 3155 983 3224 fugit.
1029 3153 1111 3208 Tu
1159 3167 1288 3208 vero
1318 3152 1443 3208 hinc
1482 3168 1692 3225 quoque
1736 3155 2060 3226 singularem

478 3242 646 3314 ipsius
683 3244 999 3313 sapientiam
1026 3243 1412 3299 animadverte.
1443 3244 1576 3298 Rem
1617 3245 1786 3310 enim,
1816 3260 1936 3314 qua:
1968 3245 2063 3299 trip-

478 3338 637 3400 stitiae
666 3339 897 3408 speciem
925 3337 1106 3405 habet,
1135 3338 1237 3394 hoc
1257 3346 1340 3394 est
1365 3338 1704 3404 afﬂictiones,
1725 3352 1898 3408 usque
1924 3337 2060 3392 adeo

478 3427 686 3492 estulit,
714 3443 778 3484 ac
803 3428 1128 3483 lucu-lentam
1151 3440 1203 3484 et
1227 3428 1486 3485 illustrem
1512 3443 1628 3483 rem
1657 3442 1776 3484 esse
1801 3426 2058 3495 ostendit,

481 3530 539 3576 ut
578 3537 643 3577 ex
676 3521 776 3587 his,
806 3536 927 3592 quae
971 3521 1200 3587 dixerat,
1248 3519 1365 3576 hazc
1395 3521 1444 3575 ci
1488 3519 1719 3590 objectio
1756 3517 2060 3573 cmerserit.

481 3611 634 3680 Quod
681 3613 842 3667 etiam
887 3613 939 3665 in
981 3611 1223 3682 epistolae
1266 3612 1371 3667 fine
1403 3611 1547 3666 facit.
1593 3610 1879 3681 Postquam
1917 3609 2061 3664 enim

481 3706 758 3759 innumera
809 3704 1067 3772 pericula,
1111 3704 1486 3768 contumelias,
1533 3703 1851 3767 anxietates,
1897 3716 2063 3772 augu-

483 3796 633 3858 Stias,
663 3807 725 3848 ac
759 3802 953 3848 caetera
983 3794 1246 3862 ejusmodi
1277 3795 1566 3860 recensuit,
1595 3793 1713 3849 haec
1741 3793 1905 3850 verba
1937 3807 2062 3847 mox

483 3884 760 3954 subjunxit
789 3901 803 3936 :
833 3884 886 3937 Ν
891 3901 955 3938 ou
984 3887 1214 3954 nosipsos
1243 3888 1676 3952 commendamus,
1707 3886 1796 3940 sed
1838 3886 2065 3940 occasio-

483 3991 601 4029 nem
647 3973 784 4029 vobis
819 3975 1001 4029 damus
1047 3976 1303 4046 gloriandi
1347 3977 1424 4049 (2.
1471 3976 1590 4032 Cor.
1633 3979 1688 4033 5.
1738 3978 1852 4049 12).
1891 3977 2065 4047 Atque

484 4065 626 4124 istud
669 4081 882 4138 quoque
930 4082 1115 4122 rursus
1161 4068 1270 4124 illic
1316 4069 1686 4134 vehementer,
1733 4077 1896 4139 atque
1937 4083 2061 4124 cum

481 4160 673 4232 majori
700 4160 1065 4215 consolatione
1091 4160 1258 4231 ponit.
1291 4161 1498 4216 Etenim
1527 4161 1614 4216 hic
1639 4161 1877 4215 caritatis
1904 4159 2064 4215 verba

481 4261 608 4308 sunt
637 4270 652 4309 :
680 4251 779 4306 Aut
807 4251 1052 4322 numquid
1076 4269 1298 4322 egemus,
1327 4253 1457 4306 sicut
1485 4253 1711 4322 quidam,
1743 4252 2066 4306 commenda-

479 4346 604 4399 titiis
631 4344 894 4415 epistolis?
925 4344 1032 4399 illic
1057 4353 1234 4400 autem
1263 4345 1571 4401 necessario
1607 4360 1737 4400 sane
1775 4359 1839 4400 ac
1866 4344 2065 4400 utiliter

482 4449 645 4490 sensu
691 4445 746 4489 et
791 4437 970 4490 animo
999 4435 1154 4505 plena
1196 4444 1322 4490 sunt
1359 4451 1480 4507 quae
1523 4434 1692 4491 dicit:
1724 4435 1846 4490 Non
1892 4436 2060 4501 enim,

482 4526 678 4594 inquit,
706 4542 881 4581 rursus
902 4543 992 4580 nos
1017 4528 1447 4595 commendamus,
1473 4528 1562 4583 sed
1586 4529 1900 4582 occasionem
1924 4529 2063 4582 vobis

482 4618 667 4670 damus
694 4619 988 4686 gloriandi;
1024 4634 1086 4675 ac
1125 4635 1332 4684 rursus,
1369 4619 1565 4674 Putatis
1602 4621 1738 4690 quod
1765 4621 1900 4675 vobis
1943 4637 2064 4677 nos-

481 4709 623 4774 ἕρδοι
665 4710 993 4764 excusemus?
1038 4709 1221 4765 Coram
1275 4709 1380 4764 Deo
1427 4712 1482 4764 iu
1529 4709 1730 4766 Christo
1784 4714 2061 4783 loquimur.

483 4797 662 4854 Timeo
685 4808 852 4854 autem
881 4816 944 4855 ne
971 4805 1118 4870 forte,
1152 4820 1266 4857 cum
1289 4819 1492 4870 uenero,
1515 4820 1616 4858 non
1644 4805 1816 4874 quales
1839 4806 1951 4860 volo
1979 4806 2063 4859 iu-

483 4894 686 4948 ucniam
711 4907 818 4953 uos.
859 4902 908 4948 el
947 4909 1038 4963 ego
1064 4897 1291 4949 inveniar
1316 4913 1348 4950 a
1387 4896 1526 4952 vobis
1556 4898 1753 4969 qualem
1782 4915 1883 4952 non
1912 4899 2064 4953 vultis

481 4984 566 5054 (2.
597 4984 715 5041 Cor.
750 4984 837 5040 12.
873 4984 960 5041 19.
993 4984 1108 5056 20).
1152 4985 1429 5056 Siquidem
1461 5004 1531 5044 ne
1569 4988 1894 5044 adulationis
1941 4991 2060 5059 Opi-

487 5077 704 5134 nionem
735 5079 942 5142 subeat,
973 5087 1031 5134 ut
1055 5081 1145 5151 qui
1172 5079 1429 5136 honorem
1458 5082 1528 5136 ab
1558 5083 1688 5153 ipsis
1723 5085 1946 5150 ambiat,
1981 5083 2065 5140 his

484 5168 662 5222 verbis
687 5169 853 5223 utitur
880 5186 894 5224 :
924 5169 1096 5225 Timeo
1125 5187 1188 5225 ne
1214 5171 1364 5241 forte,
1393 5189 1509 5226 cum
1539 5190 1738 5238 venero,
1768 5191 1867 5229 non
1893 5175 2064 5244 quolrs

485 5261 600 5312 uolo
627 5258 874 5312 inveniam
915 5276 1020 5326 vos,
1051 5272 1097 5316 et
1121 5279 1211 5333 ego
1250 5264 1476 5317 inveniar
1511 5280 1543 5317 a
1573 5266 1712 5318 vobis
1740 5267 1939 5335 qualem
1964 5283 2066 5319 non

483 5347 654 5402 vultis.
689 5346 887 5402 Verum
916 5350 1030 5405 hznc
1054 5352 1268 5421 quidem
1295 5369 1400 5407 non
1429 5354 1547 5409 sine
1578 5356 1744 5408 multa
1775 5355 2064 5425 reprehen-

482 5439 670 5506 sione;
700 5441 848 5495 in-itio
876 5451 1052 5499 autem
1084 5459 1187 5498 non
1221 5444 1312 5509 ita,
1343 5445 1435 5501 sed
1463 5447 1659 5502 mitiori
1686 5462 1934 5502 sermone
1960 5449 2065 5501 Itti-

483 5541 590 5587 tur.
615 5533 880 5602 Quidnam
911 5543 1091 5590 autem
1122 5535 1205 5591 his
1232 5537 1410 5592 verbis
1447 5537 1550 5592 sibi
1579 5538 1736 5593 vult?
1774 5539 1849 5593 De
1886 5549 2063 5593 tenta-

485 5624 723 5682 tionibus
760 5639 822 5681 ac
849 5626 1100 5698 periculis
1126 5627 1378 5684 loouutus
1406 5635 1510 5697 cst,
1537 5629 1784 5700 quodque
1810 5630 2005 5702 ubique
2033 5645 2062 5686 a

2163 2153 2273 2208 Deo
2303 2156 2658 2227 triumphatur
2691 2161 2743 2216 in
2784 2162 3018 2233 Christo,
3061 2177 3223 2239 atque
3266 2171 3414 2226 orbis
3461 2172 3745 2229 universus

2163 2243 2260 2300 bos
2290 2247 2588 2319 triumphos
2612 2253 2778 2308 novit.
2811 2255 3072 2322 Quoniam
3105 2260 3266 2328 igitur
3295 2262 3571 2332 magniﬁca
3597 2279 3749 2333 qua:-

2162 2336 2283 2391 dam
2310 2338 2378 2394 de
2407 2355 2466 2396 se
2498 2344 2847 2416 proloquutus
2865 2358 3003 2417 erat,
3029 2350 3231 2408 idcirco
3255 2353 3609 2423 objectionem
3643 2357 3748 2412 sibi

2167 2426 2393 2497 ipsemet
2441 2434 2641 2514 struit,
2689 2436 2876 2494 dicens
2903 2457 2918 2493 :
2945 2441 3231 2512 Incipimus
3280 2446 3462 2498 iterum
3511 2447 3748 2516 nosipsos

2163 2522 2550 2578 commendare?
2576 2524 2730 2593 Quod
2761 2538 2939 2585 autem
2980 2531 3074 2598 ait,
3116 2532 3256 2589 hunc
3283 2548 3501 2590 sensum
3539 2537 3704 2593 habet
3731 2555 3749 2593 :

2165 2606 2415 2666 Fortasse
2460 2615 2724 2684 quispiam
2772 2617 2874 2674 hoc
2917 2620 3072 2677 nobis
3121 2623 3380 2694 objecerit
3417 2624 3600 2693 :Quid
3646 2627 3748 2683 hoc

2163 2709 2267 2768 est,
2301 2702 2500 2760 Paule?
2540 2706 2654 2764 haec
2679 2709 2746 2766 de
2779 2719 2832 2768 te
2868 2712 3122 2784 loqueris,
3170 2731 3234 2773 ac
3263 2719 3494 2787 teipsum
3546 2718 3747 2776 eﬂ'ersi

2167 2790 2314 2848 Hauc
2343 2795 2503 2864 igitur
2527 2800 2887 2870 suspicionem
2913 2805 3150 2872 solvens,
3177 2807 3250 2862 ait
3276 2825 3288 2860 :
3317 2808 3438 2864 Non
3466 2811 3570 2866 hoc
3594 2811 3746 2866 volu-

2165 2897 2308 2952 mus,
2349 2901 2542 2958 nempe
2588 2893 2835 2963 nosipsos
2869 2895 3070 2964 jactare
3113 2907 3276 2969 atque
3317 2902 3610 2958 attollere:
3643 2903 3746 2958 imo

2165 2981 2370 3065 tantum
2397 2977 2549 3036 abest
2569 2991 2626 3036 ut
2645 2986 3102 3044 commendatitiis
3129 2990 3194 3045 ad
3224 3006 3320 3047 vos
3348 2995 3590 3064 epistolis
3617 3011 3747 3065 opus

2167 3063 2481 3136 habeamus,
2523 3079 2584 3126 ut
2626 3086 2724 3129 vos
2766 3075 2866 3146 ipsi
2909 3077 3067 3134 nobis
3105 3081 3352 3152 epistola:
3390 3063 3566 3140 instar
3604 3063 3742 3141 sitis.

2165 3155 2222 3209 2.
2253 3156 2391 3212 Nam
2420 3163 2632 3231 epistola
2661 3176 2832 3222 nostra
2854 3185 2942 3224 vos
2960 3172 3098 3241 estis,
3133 3175 3324 3245 inquit.
3346 3176 3476 3244 Quid
3500 3185 3601 3243 est,
3646 3177 3746 3234 Vos

2168 3249 2322 3304 estis?
2348 3249 2405 3306 Si
2434 3257 2903 3316 commendatione
2932 3264 3072 3332 apud
3117 3266 3251 3322 alios
3293 3283 3427 3338 opus
3451 3269 3580 3323 mihi
3609 3269 3742 3324 luis.

2167 3349 2270 3406 set,
2303 3357 2396 3398 vos
2416 3345 2660 3414 epistolae
2683 3350 2802 3405 loco
2823 3352 2877 3406 in
2904 3354 3137 3409 medium
3165 3357 3536 3426 produxissem
3564 3378 3577 3414 :
3604 3361 3746 3432 quod

2165 3439 2224 3487 et
2265 3432 2318 3486 in
2349 3435 2511 3504 priori
2550 3439 2777 3508 epistola
2803 3441 3020 3500 dicebat
3041 3462 3058 3501 :
3082 3445 3422 3517 Signaculum
3452 3452 3585 3506 επίηι
3622 3469 3746 3522 αροο

2167 3525 2380 3581 stolatus
2409 3530 2504 3582 mei
2529 3545 2616 3586 vos
2636 3533 2753 3587 estis
2776 3533 2850 3604 (1.
2876 3534 2993 3590 Cor.
3018 3537 3073 3593 9.
3098 3537 3177 3610 2).
3207 3543 3277 3595 At
3297 3541 3399 3597 hoc
3425 3544 3543 3600 loco
3570 3545 3620 3600 id
3643 3560 3746 3599 non

2167 3613 2240 3670 ita
2266 3618 2536 3688 exprimit,
2579 3623 2672 3677 sed
2699 3639 2795 3693 per
2822 3625 3048 3681 ironiam
3076 3629 3382 3698 quamdam,
3430 3644 3488 3687 ut
3516 3634 3747 3704 majorts

2168 3710 2382 3766 aculeos
2416 3714 2644 3769 orationi
2693 3716 2854 3771 addat
2884 3737 2897 3773 :
2929 3719 3032 3774 Aut
3071 3724 3315 3793 numquid
3353 3740 3554 3794 egemus
3592 3741 3744 3779 eom-

2169 3805 2475 3860 mendatitiis
2515 3809 2785 3878 epistolis?
2824 3812 3001 3882 Atque
3029 3815 3464 3884 pseudapostolos
3491 3817 3742 3884 innuens,

2168 3895 2430 3963 subjecit:
2462 3897 2608 3952 Sicut
2634 3900 2842 3968 quidam
2867 3902 2937 3956 ad
2973 3920 3081 3972 vos,
3113 3914 3196 3959 aut
3225 3921 3286 3959 ea:
3305 3906 3445 3960 vobis
3485 3923 3745 3964 common.

2170 3983 2360 4038 datitiis
2385 3987 2631 4057 epistolis,
2654 3990 2719 4045 ad
2741 3991 2892 4048 alios.
2921 3993 3126 4050 Deinde
3145 3997 3390 4066 quoniam
3415 4011 3574 4067 grave
3600 4009 3742 4067 erat,

2170 4077 2311 4146 quod
2334 4078 2563 4148 dixerat,
2585 4082 2635 4138 id
2653 4084 2879 4156 mitigat,
2904 4087 3020 4142 haec
3045 4089 3208 4144 verba
3231 4090 3555 4162 subjungens
3575 4108 3590 4146 :
3613 4091 3745 4162 Epi-

2169 4170 2302 4224 stola
2324 4180 2498 4226 nostra
2522 4189 2608 4228 vos
2634 4177 2751 4230 estis
2770 4178 2958 4249 scripta
2975 4181 3030 4233 in
3048 4181 3285 4236 cordibus
3306 4185 3509 4251 nostris,
3528 4199 3639 4255 qut?
3658 4184 3748 4239 sci-

2171 4269 2255 4316 tur
2269 4273 2314 4316 et
2329 4262 2510 4334 legitur
2528 4265 2590 4318 ob
2613 4268 2842 4322 omnibus
2871 4269 3152 4326 hominibus
3171 4288 3190 4326 :
3209 4273 3263 4329 ὅ.
3285 4274 3590 4344 manifestati
3614 4275 3747 4345 quod

2171 4355 2384 4422 epistola
2411 4358 2529 4412 estis
2556 4357 2764 4414 Christi.
2796 4359 2909 4417 Hoc
2936 4363 3056 4418 loco
3084 4377 3188 4418 non
3207 4364 3384 4420 solum
3415 4367 3633 4433 amoris,
3653 4367 3746 4422 scil

2170 4446 2330 4502 etiam
2352 4456 2494 4504 recte
2512 4447 2770 4506 factorum
2795 4453 3154 4509 testimonium
3172 4454 3306 4524 ipsis
3329 4455 3535 4524 tribuit,
3554 4458 3749 4529 quippe

2169 4538 2259 4608 qui
2298 4539 2561 4608 ejusmodi
2598 4541 2734 4608 sint,
2767 4553 2820 4598 ut
2843 4545 3083 4615 magistri
3112 4546 3424 4616 dignitatem
3456 4563 3552 4618 pcr
3581 4549 3749 4604 virtu.

2171 4637 2277 4682 tem
2323 4643 2475 4684 suam
2498 4629 2869 4688 demonstrare
2897 4645 3116 4704 queant.
3149 4635 3263 4692 Hoc
3297 4637 3440 4693 enim
3484 4638 3751 4708 significat

2170 4718 2313 4787 quod
2357 4719 2452 4786 ait,
2499 4719 2734 4790 Epistola
2779 4734 2951 4779 nostra
2991 4742 3078 4780 vos
3113 4727 3251 4781 estis.
3299 4726 3355 4782 Id
3396 4727 3536 4798 quod
3583 4727 3751 4784 literae

2171 4808 2448 4876 fecissent,
2478 4825 2672 4882 nempe
2699 4822 2760 4868 ut
2787 4829 2886 4870 nos
2913 4817 3375 4883 commendarent,
3403 4833 3466 4874 ac
3493 4834 3750 4874 reveren-

2173 4900 2299 4956 tiam
2343 4902 2498 4960 nobis
2543 4905 2927 4973 conciliarent;
2976 4908 3078 4962 hoc
3134 4910 3235 4978 ipsi
3285 4911 3570 4980 praestatis,
3623 4911 3750 4965 dum

2172 4991 2416 5048 homines
2466 5009 2562 5051 vos
2609 4996 2790 5052 vident
2840 5006 3002 5068 atque
3054 4999 3296 5056 audiunt.
3356 5001 3748 5070 Discipulorum

2171 5084 2312 5170 enim
2355 5086 2544 5154 virtus,
2580 5088 2834 5158 magistro
2873 5089 2994 5158 plus
3029 5092 3353 5154 ornamenti,
3401 5103 3560 5162 atque
3604 5109 3752 5148 com-

2171 5175 2525 5232 mendationis
2574 5177 2762 5243 affert,
2809 5193 2970 5248 quam
3015 5180 3120 5235 ulla
3163 5181 3410 5251 epistola.
3445 5183 3653 5254 Scripta
3697 5185 3750 5237 in

2170 5266 2404 5321 cordibus
2430 5269 2633 5324 nostris.
2677 5269 2788 5325 Hoc
2815 5280 2918 5336 est,
2950 5286 3108 5342 quam
3135 5288 3324 5329 omnes
3352 5284 3550 5329 norunt
3576 5292 3591 5328 :
3616 5274 3752 5330 adeo

2172 5357 2422 5412 nimirum
2462 5374 2558 5414 vos
2583 5375 2794 5431 quoquo
2820 5363 3057 5432 gentium
3096 5365 3548 5429 circumferimus,
3589 5376 3752 5439 atque

2171 5450 2350 5505 animo
2393 5467 2689 5508 versamus.
2739 5455 2852 5510 Non
2898 5471 3053 5513 secus
3096 5472 3161 5513 ac
3199 5459 3241 5514 si
3275 5458 3481 5514 diceret
3513 5478 3526 5514 :
3556 5459 3749 5515 Nostra

2171 5541 2308 5609 apud
2336 5543 2468 5598 alios
2488 5545 2885 5602 commendatio
2903 5561 2998 5602 vos
3024 5549 3157 5604 estis
3185 5566 3198 5602 :
3221 5564 3319 5603 vos
3345 5550 3490 5603 enim
3514 5550 3566 5604 in
3589 5551 3752 5604 corde

2173 5647 2384 5705 semper
2415 5633 2694 5709 habemus,
2740 5652 2804 5714 ac
2828 5646 3000 5695 vestra
3042 5649 3188 5695 recte
3226 5638 3363 5695 facta
3395 5638 3537 5711 apud
3567 5655 3756 5697 omnes
