4070 6152
389 257 497 314 655

387 371 557 437 οὕτως
585 370 641 427 οἰ
665 370 977 440 ἀδικοῦντες
1003 377 1129 442 τοὺς
1151 378 1304 436 οὐδὲν
1345 387 1632 453 ποιοῦντας
1661 391 1845 458 αὐτοῖς
1872 413 1967 450 κα-

386 464 503 532 κὸν,
533 465 630 520 ἇτε
653 466 752 530 τάς
775 467 987 522 ἑαυτῶν
1011 470 1336 542 πλήττοντες
1355 476 1554 548 ψυχὰς,
1579 483 1791 540 πολλῶν
1815 485 1966 558 ὀδυρ,

389 556 507 628 μῶν
543 557 685 649 ἄξιοι
709 557 804 613 καὶ
837 559 1070 631 θρήνων,
1093 563 1192 618 οὐκ
1213 567 1386 636 ἀρῶν.
1423 572 1590 626 Οὐδὲν
1616 573 1726 645 γὰρ
1750 556 1964 649 μιαρῶ-

1381 269 1450 326 IN
1484 271 1594 328 ΕΡΙ
1612 273 1717 330 ST.
1760 276 1806 332 ll
1833 279 1930 334 AD
1967 281 2123 338 εοιι.
2165 286 2398 344 HOM‘IL.
2453 289 2541 346 Vl.

3539 301 3646 357 456

2070 402 2224 456 ϐολον
2253 405 2475 476 ἥδεσθαι
2503 405 2599 459 καὶ
2632 407 2816 481 γελᾷν,
2847 410 2974 466 ὅταν
3001 413 3256 485 τοιαύτης
3299 413 3460 485 εὐχῆς
3484 417 3650 470 ἀκού-

2069 511 2174 566 an;
2209 496 2327 560 πῶς
2359 499 2454 552 τὸν
2477 498 2609 553 Θεὸν
2645 502 3044 572 παροξύνεσθαι
3075 506 3168 559 καί
3207 507 3647 578 ἀποστρέφεσθαι

2068 585 2162 639 καί
2185 590 2384 656 μισεῖν,
2410 589 2542 642 ὅταν
2567 591 2792 646 τοιαῦτα
2823 595 3143 666 παρακαλῇς
3167 611 3181 661 ;
3203 590 3262 650 οὗ
3285 595 3338 648 τί
3359 596 3556 664 γένοιτ’
3580 596 3646 649 ἂν

384 662 542 749 τερον
563 648 744 758 ψυχῆς
765 651 1074 758 ἀρωμένης,
1104 655 1226 709 οὐδὲ
1256 657 1502 758 γλώττης
1527 664 1966 740 ἀκαθαρτότερον
2066 648 2480 746 χαλεπώτερον;
2513 677 2578 730 Εἰ
2615 678 2724 750 γὰρ
2761 648 3181 752 μυστηρίοιςηοῦ
3217 648 3322 756 χρὴ
3366 648 3644 758 προσιέναι

382 738 604 794 τοιαῦτα
623 740 873 814 θυούσης.
904 745 1220 832 ᾏνθρωπος
1254 748 1326 815 εἰ,
1364 753 1438 823 μὴ
1464 756 1708 812 ἀσπίδων
1741 759 1818 813 ἰὸν
1843 738 1964 832 ἑμέ-

385 843 518 901 σῃςο
570 830 851 902 ἄνθρωπος
898 829 983 903 εἴ,
1018 836 1095 907 μὴ
1129 838 1258 911 γένῃ
1306 841 1513 914 θηρίον.
1557 849 1656 902 Διά
1688 849 1849 905 τοῦτό
1878 829 1962 906 σοι

383 919 555 1018 στὸμ
580 921 821 990 γέγονεν,
850 925 946 995 οὐχ
995 928 1080 980 ἵνα
1109 929 1329 1003 δάκνῃς,
1373 935 1489 990 ἀλλ’
1525 938 1612 991 ἵνα
1652 940 1962 1018 θεραπεόῃς

378 1010 444 1065 τὰ
469 1011 669 1083 ἑτέρων
692 1015 1000 1087 τραύματα.
1037 1019 1439 1096 Ἀναμνήσθητι
1464 1028 1517 1080 τί
1536 1045 1625 1082 σοι
1651 1010 1958 1102 παρῄνεσα,

377 1102 541 1173 φησὶν
566 1105 592 1156 ὁ
632 1104 764 1168 Θεός
786 1124 798 1136 ·
837 1113 1144 1181 συγχωρεῖν
1176 1116 1270 1167 καί
1302 1115 1540 1185 ἀφιέναι.
1566 1120 1638 1173 Σὺ
1659 1121 1715 1175 δὲ
1735 1124 1829 1176 καί
1855 1124 1958 1193 ἐμὲ

375 1196 716 1263 παρακαλεῖς
763 1201 1022 1256 κοινωνὸν
1072 1203 1325 1270 γενέσθαι
1357 1211 1456 1276 τῆς
1491 1211 1808 1283 ἀνατροπῆς
1846 1214 1957 1268 τῶν

374 1285 524 1355 ἐμῶν
557 1290 1016 1359 προσταγμάτων,
1055 1295 1146 1349 καὶ
1187 1296 1386 1362 ἐσθίεις
1417 1300 1510 1354 τὸν
1551 1302 1810 1372 ἀδελφὸν,
1862 1306 1956 1359 καὶ

372 1379 667 1448 φοινίττεις
696 1380 796 1451 τὴν
828 1382 1092 1452 γλῶτταν,
1122 1387 1374 1460 καθάπερ
1409 1393 1458 1444 οἰ
1495 1393 1813 1464 μαινόμενοι
1844 1398 1954 1451 ἀπὸ

372 1478 484 1533 τῶν
514 1480 732 1535 οἰκείων
766 1482 942 1553 μελῶν
971 1488 1093 1550 τοὺς
1147 1487 1384 1554 ὀδόντας.
1430 1493 1554 1558 Πῶς
1583 1494 1684 1548 οἴει
1718 1495 1808 1549 τὸν
1833 1496 1954 1551 διά-

2063 764 2291 835 ὲχθροὺς
2319 767 2512 836 έχοντα
2534 785 2548 801 ·
2578 772 2669 824 τὸν
2695 773 2794 825 ούκ
2823 773 3012 843 έχοντα
3043 777 3223 846 μόνον,
3252 777 3388 831 ἀλλὰ
3409 781 3502 830 καὶ
3518 795 3646 833 κατ-

2063 856 2372 927 ευχόμενον,
2400 859 2516 924 πῶς
2535 862 2656 932 οὐχὶ
2685 865 2779 917 καὶ
2804 865 2910 918 τῶν
2928 868 3230 938 περιϐόλων
3253 870 3430 922 αὐτῶν
3451 870 3646 940 ἀπείρ-

2061 949 2254 1017 γεσθαι
2279 950 2391 1017 δεῖ;
2423 951 2586 1007 Ταῦτ’
2617 951 2708 1008 οὗν
2740 957 3070 1027 ἐννοοῦντες,
3091 962 3186 1014 καὶ
3213 960 3308 1031 τῆς
3331 963 3521 1026 θυσίας
3544 963 3643 1033 τὴν

2062 1040 2321 1095 ὑπόθεσιν
2347 1044 2570 1111 εἰδότες,
2596 1048 2679 1103 ὅτι
2703 1049 2847 1120 ὑπὲρ
2871 1051 3087 1121 ἐχθρῶν
3107 1054 3295 1125 ἐτύθη,
3327 1056 3464 1126 μήτε
3489 1054 3640 1127 [473]

2059 1131 2252 1203 ἐχθρὸν
2281 1135 2514 1207 ἔχωμεν,
2543 1140 2649 1192 κᾶν
2669 1140 2902 1212 ἔχωμεν,
2934 1144 3365 1216 ὑπερευχώμεθα
3384 1163 3396 1176 ³
3429 1147 3513 1201 ἵνα
3545 1147 3641 1200 καὶ

2059 1227 2220 1295 ἡμεῖς
2251 1226 2359 1279 τῶν
2387 1228 2793 1299 ἡμαρτημένων
2822 1233 2953 1302 ⁴ἡμῖν
2979 1233 3234 1297 λαϐόντες
3269 1235 3636 1306 συγχώρησιν,

2060 1318 2196 1386 μετά
2230 1318 2540 1390 παρρησίας
2565 1319 2642 1388 τῷ
2679 1319 2884 1392 βήματι
2927 1323 3021 1377 τοῦ
3069 1325 3304 1394 Χριστοῦ
3346 1329 3638 1396 παραστῶ-

2059 1425 2158 1478 μεν
2181 1426 2192 1438 ·
2225 1402 2270 1476 ᾧ
2302 1411 2334 1480 ἡ
2365 1409 2511 1478 δόξα,
2554 1410 2774 1482 κράτος,
2840 1414 2979 1487 τιμὴ
3011 1414 3106 1469 νῦν
3137 1417 3232 1470 καί
3271 1417 3380 1483 ἀεὶ,
3421 1419 3515 1472 καὶ
3558 1422 3642 1484 εἰς

2054 1501 2180 1562 τοὺς
2203 1500 2406 1566 αἰῶνας
2429 1501 2538 1556 τῶν
2567 1503 2802 1558 αἰώνων.
2847 1506 3044 1579 Ἀμήν.

1844 1975 2089 2030 omum
2127 1977 2220 2047 ιτ.

378 2148 705 2222 Ἀρχόμεθα
758 2152 945 2208 πάλιν
979 2154 1235 2222 ἑαυτοὺς
1283 2153 1720 2218 συνιστάνειν;
1758 2158 1812 2211 εἰ
1859 2157 1944 2226 μὴ

436 2245 746 2314 χρῄζομεν,
803 2246 884 2313 ὣς
938 2265 1116 2315 τινες,
1175 2251 1558 2304 συστατικῶν
1604 2249 1947 2305 ἐπιστολῶν

433 2336 584 2404 πρὸς
621 2337 790 2406 ὑμᾶς.
818 2337 855 2407 ἣ
880 2339 949 2402 ἐξ
979 2340 1180 2410 ὑμῶν;

432 2431 498 2479 α’.
527 2426 701 2499 Ὅπερ
732 2427 955 2498 ἔμελλεν
991 2431 1138 2501 αὐτῷ
1168 2431 1298 2504 παρ’
1334 2431 1536 2504 ἑτέρων
1575 2434 1945 2506 ἀνθυποφέρε-

364 2518 508 2582 σθαι,
526 2519 606 2572 ὅτι
632 2520 910 2592 Ἐπαίρεις
943 2523 1158 2588 σαυτὸν,
1183 2523 1340 2578 τοῦτο
1365 2527 1650 2597 προλαϐὼν
1669 2528 1827 2592 αὐτὸς
1859 2529 1946 2581 τέ-

364 2611 533 2664 θεικε’
549 2612 724 2666 καίτοι
743 2613 982 2688 τοσαύτῃ
998 2616 1371 2688 ὲπιδιορθὼσει
1388 2619 1733 2690 χρησάμενος
1747 2619 1946 2691 ἔμπρο-

365 2702 509 2769 σθεν,
551 2705 645 2758 καὶ
684 2703 874 2770 εἰπὼν,
919 2708 1076 2776 Πρὸς
1100 2709 1288 2763 ταῦτα
1315 2711 1404 2776 τίς
1434 2712 1640 2778 ἱκανός
1665 2728 1685 2776 ;
1718 2714 1829 2778 καί,
1861 2714 1944 2767 ὅτι

375 2794 479 2862 Ἐξ
501 2799 884 2866 εἰλικρινείας
907 2801 1236 2871 λαλοῦμεν-ο
1261 2802 1373 2856 ἀλλ’
1395 2804 1545 2874 ὅμως
1565 2805 1665 2859 οὐκ
1693 2808 1942 2878 ἀρκεῖται

365 2886 610 2952 ἐκείνοις.
660 2889 911 2944 Τοιοῦτον
961 2889 1068 2960 γάρ
1103 2892 1267 2946 αὐτοῦ
1321 2895 1382 2948 τὺ
1433 2890 1592 2966 ἦθος’
1622 2897 1718 2950 τοῦ
1766 2898 1944 2953 δοκεῖν

365 2978 492 3049 περί
521 2978 714 3033 ἑαυτοῦ
772 2980 914 3050 μέγα
957 2999 1009 3034 τι
1039 2982 1217 3052 λέγειν
1258 2985 1446 3056 πόρρω
1487 2987 1814 3058 καθέστηκε,
1848 2988 1943 3042 καὶ

367 3069 507 3138 μετά
546 3070 745 3140 πολλῆς
773 3071 871 3143 τῆς
901 3074 1214 3144 περιουσίας
1245 3075 1374 3129 αὐτὸ
1408 3077 1600 3146 φεύγει
1639 3080 1733 3132 καὶ
1775 3079 1942 3150 ὑπερ-

364 3159 546 3232 ϐολῆς.
597 3162 669 3214 Σὺ
710 3161 767 3214 δέ
818 3178 910 3232 μοι
951 3163 1246 3217 κάντεῦθεν
1271 3165 1463 3219 σκόπει
1503 3165 1601 3237 τὴν
1626 3169 1943 3241 περιουσίαν

362 3251 529 3305 αὐτοῦ
557 3254 654 3322 τῆς
688 3253 898 3320 σοφίας.
919 3253 1159 3324 Πρᾶγμα
1187 3255 1296 3326 γὰρ
1316 3256 1505 3311 δοκοῦν
1527 3254 1664 3312 εῖναι
1691 3261 1939 3331 σκυθρω-

363 3343 487 3406 πὺν,
512 3343 609 3406 τὰς
639 3344 847 3414 θλίψεις
872 3345 1035 3414 λέγω,
1059 3346 1230 3410 οὕτως
1258 3350 1450 3420 ἐπῆρε,
1486 3350 1580 3405 καί
1607 3351 1774 3416 ἔδειξε
1803 3354 1940 3424 λαμ-

364 3436 505 3506 πρὸν
538 3435 598 3488 ὃν
634 3438 722 3489 καὶ
751 3439 1070 3509 περιφανὲς,
1091 3439 1165 3502 ὡς
1188 3441 1391 3513 ταύτην
1416 3443 1564 3513 αῦτῷ
1596 3443 1694 3515 τὴν
1730 3445 1940 3499 ἀντίθε-

368 3543 454 3579 σιν
484 3526 551 3578 ὲκ
586 3526 694 3579 τῶν
721 3529 1020 3598 εἰρημένων
1061 3531 1358 3601 ἀνακύψαι.
1391 3535 1542 3587 Ποιεί
1589 3535 1644 3588 δὲ
1674 3536 1806 3589 αὐτὸ
1843 3537 1940 3589 καὶ

365 3617 506 3689 πρὸς
529 3615 606 3687 τῷ
632 3617 793 3672 τέλει.
829 3619 979 3674 Μετά
999 3620 1108 3693 γὰρ
1138 3623 1200 3676 τὸ
1229 3624 1458 3696 μυρίους
1493 3627 1793 3698 ἀριθμῆσαι
1819 3645 1937 3680 κιν-

361 3710 572 3774 δύνους,
601 3710 804 3782 ὕϐρεις,
833 3716 1209 3786 στενοχωρίας,
1235 3718 1498 3786 ἀνάγκας,
1527 3719 1622 3772 καί¹
1637 3721 1736 3773 ὅσα
1757 3719 1940 3774 τοιαῦ-

360 3821 451 3867 τα,
484 3804 735 3875 ἐπήγαγε
759 3805 950 3874 λέγων,
994 3810 1117 3877 Οὐχ
1147 3809 1402 3876 ἑαυτοὺς
1447 3811 1896 3881 συνιστάνομεν
1919 3854 1936 3880 ,

362 3895 498 3950 ἀλλ’
516 3895 796 3966 ἀφορμὴν
823 3897 1089 3964 διδόντες
1117 3899 1260 3969 ὑμῖν
1284 3901 1690 3970 καυχήματος.
1717 3903 1830 3956 Καὶ
1856 3903 1937 3956 τί·

364 3987 520 4058 θησιν
544 3989 676 4042 αὐτὸ
704 3989 870 4043 πάλιν
896 3990 1015 4042 ἐκεῖ
1057 3991 1320 4062 σφοδρῶς,
1369 3993 1463 4046 καὶ
1512 3994 1650 4064 μετά
1692 3994 1935 4058 πλείονος

362 4079 734 4150 παραμυθίας.
783 4080 1051 4134 Ἐνταῦθα
1088 4081 1185 4152 μὲν
1211 4083 1326 4155 γάρ
1347 4084 1567 4155 ἀγάπης
1597 4086 1714 4139 ἐστὶ
1738 4084 1808 4138 τὰ
1837 4085 1936 4155 ῥή-

365 4185 528 4239 ματα,
567 4172 637 4224 Εἰ
662 4169 750 4240 μὴ
773 4169 1066 4240 χρῄζομεν
1091 4171 1172 4240 ὣς
1202 4191 1360 4238 τινες
1396 4174 1780 4229 συστατικῶν
1806 4177 1934 4230 ἐπι-

359 4260 633 4326 στολῶν;
662 4263 780 4316 ἐκεῖ
805 4263 862 4316 δὲ
887 4263 1047 4334 γέμει
1087 4264 1232 4327 τινὸς
1259 4263 1354 4317 τοῦ
1382 4266 1724 4336 φρονήματος
1753 4266 1820 4321 τὰ
1851 4265 1935 4320 λεο

359 4351 566 4423 γόμενα
598 4354 914 4424 ἀναγκαίως
961 4354 1057 4410 καὶ
1099 4355 1384 4426 χρησίμως
1423 4357 1516 4408 καὶ
1546 4355 1720 4427 θυμοῦ
1759 4368 1809 4410 ⁸.
1851 4359 1933 4412 Οὐ

359 4442 467 4513 γὰρ
501 4443 705 4512 πάλιν,
759 4445 944 4516 φησὶν,
999 4444 1255 4512 ἑαυτοὺς
1297 4445 1766 4515 συνιστάνομεν,
1794 4447 1932 4500 ἀλλ’

357 4532 640 4602 ἀφορμὴν
675 4533 946 4602 διδόντες
979 4536 1125 4605 ὑμῖν
1147 4535 1533 4606 καυχήματος
1552 4555 1566 4568 ⁸
1599 4538 1718 4604 καὶ,
1738 4535 1933 4592 Πάλιν

355 4623 605 4692 δοκεῖτε,
630 4626 722 4680 ὅτι
742 4627 884 4696 ὑμῖν
901 4629 1390 4698 ἀπολογούμεθα;
1415 4631 1542 4683 Ὅτι
1561 4629 1932 4684 κατενώπιον

356 4715 462 4770 τοῦ
497 4716 644 4771 Θεοῦ
674 4719 746 4772 ἐν
773 4719 1004 4788 Χριστῷ
1021 4721 1345 4790 λαλοῦμεν.
1393 4722 1691 4792 Φοϐοῦμαι
1720 4721 1829 4794 γὰρ
1845 4722 1932 4793 μή

355 4823 481 4874 πως
512 4808 707 4864 ἐλθὼν
737 4811 849 4879 οὐχ
893 4812 1060 4878 οἵους
1084 4813 1241 4867 θέλω
1282 4813 1436 4882 εὕρω
1484 4813 1664 4887 ὑμᾶς,
1693 4815 1793 4868 καί
1819 4814 1934 4884 ἐγὼ

354 4899 576 4968 εὑρεθῶ
607 4901 751 4970 ὑμῖν
776 4899 906 4957 οἷον
932 4905 1002 4958 οὐ
1027 4904 1249 4960 θέλετε.
1280 4907 1400 4960 Ἵνα
1438 4907 1546 4980 γὰρ
1577 4908 1651 4978 μὴ
1679 4906 1811 4978 δόξῃ
1837 4924 1931 4961 x0-

353 4987 576 5054 λακείας
605 4991 763 5056 δόξαν
792 4991 1110 5064 λαμϐάνειν,
1139 4995 1213 5059 ὼς
1237 4995 1520 5066 ἐφιέμενος
1542 4997 1640 5068 τῆς
1666 4999 1796 5068 παρ’
1829 4997 1928 5052 αῦ-

352 5081 461 5134 τῶν
483 5069 668 5154 τιμῆς,
716 5085 893 5138 ταῦτά
918 5103 1071 5157 φησι,
1121 5086 1420 5156 Φοϐοῦμαι
1451 5086 1535 5155 μή
1584 5102 1709 5152 πως
1735 5086 1930 5140 ἐλθὼν

351 5172 466 5240 οὐχ
501 5172 668 5239 οἵους
698 5173 851 5229 θέλω
893 5178 1044 5245 εὕρω
1071 5178 1246 5247 ὑμᾶς,
1295 5179 1456 5251 κάγὼ
1500 5177 1722 5247 εὐρεθῶ
1765 5181 1926 5251 ὑμῖν,

352 5259 573 5319 οἷονσὺ
593 5263 816 5322 θέλετε.
854 5268 1017 5322 Ἀλλά
1050 5271 1224 5324 ταῦτα
1269 5273 1366 5341 μὲν
1419 5273 1558 5343 μετά
1594 5274 1928 5345 κατηγορίας

353 5354 553 5426 πολλῆς
578 5374 592 5389 ·
621 5358 681 5410 ἐν
705 5359 846 5430 ἀρχῇ
872 5360 928 5414 δὲ
963 5361 1061 5432 οὐχ
1091 5361 1266 5426 061w;
1289 5403 1304 5428 ,
1325 5364 1442 5416 ἀλλ’
1467 5363 1836 5436 ἡμερώτερον.
1862 5366 1928 5418 Τί

350 5444 408 5498 δέ
431 5447 576 5502 ἐστιν
603 5450 631 5502 ὃ
660 5468 857 5522 φησιν;
887 5447 1023 5505 Εἴπε
1058 5454 1184 5525 περὶ
1215 5456 1324 5508 τῶν
1345 5458 1667 5528 πειρασμῶν
1691 5458 1785 5511 καὶ
1817 5457 1924 5512 τῶν

353 5535 633 5598 κινδύνων.
663 5543 757 5594 καὶ
807 5543 888 5596 ὃτι
946 5544 1224 5615 πανταχοῦ
1254 5545 1595 5619 πομπεύεται
1646 5546 1797 5618 παρά
1829 5547 1922 5601 τοῦ

423 5705 451 5735 ⁸
479 5705 734 5772 Legebalur
755 5712 1061 5775 φρονήματος.

2049 2155 2184 2210 Θεοῦ
2220 2159 2279 2211 ὲν
2317 2158 2394 2229 τῷ
2445 2161 2688 2230 Χριστῷ,
2742 2163 2836 2216 καὶ
2882 2163 2915 2233 ἡ
2955 2164 3246 2235 οἰκουμένη
3303 2168 3451 2220 πᾶσα
3505 2170 3633 2232 τοὺς

2049 2247 2354 2319 θριάμϐους
2378 2246 2486 2304 οἵδε
2514 2252 2756 2316 τούτους.
2797 2252 2950 2306 Ἑπεί
2981 2250 3075 2307 οῦν
3105 2257 3317 2325 μεγάλα
3361 2260 3490 2328 περὶ
3530 2261 3630 2312 αὕη

2045 2339 2140 2392 τοῦ
2175 2339 2514 2408 ἐφθέγξατο,
2559 2342 2930 2414 ἀνθυποφέρει
2967 2345 3142 2414 ἑαυτῷ
3183 2347 3389 2414 λέγων’
3432 2349 3629 2417 Ἀρχό-

2041 2433 2194 2500 μεθα
2238 2431 2426 2484 πάλιν
2465 2432 2720 2499 ἑαυτοὺς
2765 2435 3200 2498 συνιστάνειν;
3259 2439 3323 2489 "O
3355 2438 3412 2490 δὲ
3459 2438 3630 2506 λέγει,

2043 2522 2205 2576 τοῦτό
2243 2525 2419 2577 ἐστιν’
2481 2524 2645 2587 Ἴσως
2681 2541 2764 2587 τις
2798 2526 2929 2596 ἡμῖν
2973 2527 3207 2597 ἀντερεῖ,
3244 2528 3310 2580 Τί
3365 2529 3544 2593 τοῦτο,
3583 2524 3629 2582 ὧ

2045 2613 2260 2679 Παῦλε;
2282 2614 2455 2668 ταῦτα
2485 2616 2615 2686 περί
2651 2616 2878 2669 σεαυτοῦ
2907 2616 3105 2685 λέγεις,
3139 2618 3231 2671 καὶ
3255 2620 3448 2673 σαυτὸν
3470 2622 3633 2673 ἐπαίο

2049 2717 2191 2771 ρεις;
2218 2701 2435 2772 Ταύτην
2465 2697 2558 2756 οὖν
2605 2703 2746 2758 λύων
2779 2703 2878 2774 τὴν
2910 2706 3185 2772 ὑπόνοιαν,
3218 2709 3402 2778 φησὶν,
3438 2710 3516 2762 ὅτι
3552 2710 3628 2763 Οὐ

2043 2792 2201 2845 τοῦτο
2227 2791 2555 2862 βουλόμεθα,
2577 2787 2689 2846 οἷον
2718 2794 3025 2864 κομπάζειν
3061 2797 3155 2849 καὶ
3203 2798 3430 2861 ἑαυτοὺς
3469 2801 3630 2854 ἐπαίο

2047 2898 2196 2952 ρεινο
2254 2881 2409 2955 [474]
2447 2883 2586 2936 ἀλλά
2637 2883 2892 2939 τοσοῦτον
2931 2887 3206 2957 ἀπέχομεν
3249 2887 3345 2940 τοῦ
3371 2889 3629 2958 δεηθῆναι

2044 2973 2180 3044 πρὸς
2205 2975 2347 3044 ὑμᾶς
2371 2975 2711 3029 συστατικῶν
2741 2977 3063 3042 ἐπιστολῶν,
3090 2978 3164 3041 ὡς
3190 2979 3334 3048 ὑμᾶς
3360 2980 3482 3032 ἀντὶ
3507 2983 3629 3033 tm-

2046 3065 2239 3136 στολῆς
2268 3064 2434 3136 ἔχειν.
2473 3067 2545 3120 Ἠ
2570 3067 2678 3138 γὰρ
2705 3069 3001 3137 ἐπιστολὴ
3042 3070 3210 3137 ἡμῶν
3245 3070 3417 3140 ὑμεῖς
3462 3071 3630 3136 ἐστε,

2044 3156 2196 3226 φησί.
2227 3157 2291 3210 Τί
2331 3160 2500 3224 ἐστιν,
2555 3158 2754 3228 ’Υμεῖς
2781 3161 2958 3223 ἐστε;
2990 3161 3052 3215 Εἰ
3094 3160 3200 3213 ἔδει
3231 3161 3366 3232 πρὸς
3405 3161 3624 3231 ἑτέρους

2043 3251 2188 3320 ἡμᾶς
2217 3251 2576 3321 συσταθῆναι,
2629 3253 2773 3322 ὑμᾶς
2807 3253 2874 3306 ἂν
2912 3255 3307 3324 παρηγάγομεν
3347 3256 3427 3318 εἰς
3460 3254 3629 3324 μέσον

2041 3342 2154 3396 ἀντ’
2175 3343 2482 3413 ὲπιστολῆςο
2505 3343 2533 3396 ὃ
2554 3345 2648 3397 καὶ
2672 3347 2731 3397 ὲν
2755 3347 2820 3416 τῇ
2845 3345 3085 3416 προτέρᾳ
3101 3346 3386 3415 Ἐπιστολῇ
3408 3346 3621 3414 ἔλεγεν·

2056 3434 2128 3488 Ἦ
2153 3435 2260 3503 γὰρ
2285 3435 2545 3503 σφραγὶς
2581 3435 2693 3502 τῆς
2709 3434 2860 3504 ἐμῆς
2880 3435 3234 3503 ἀποστολῆς
3261 3435 3431 3504 ὑμεῖς
3460 3437 3622 3492 ἐστε.

2057 3523 2195 3576 Ἀλλ’
2219 3521 2365 3576 οὕτω
2401 3525 2498 3593 μὲν
2535 3522 2771 3577 ἐνταῦθα
2801 3525 2862 3576 ού
2893 3525 3063 3592 λέγει,
3104 3529 3220 3596 μετ’
3245 3529 3526 3595 εἰρωνείας
3541 3529 3625 3592 δὲ,

2045 3612 2186 3668 ὥστε
2213 3615 2657 3685 πληκτικώτερον
2690 3614 2918 3684 ποιῆσαι
2936 3615 3026 3670 τὸν
3047 3615 3232 3686 λόγον’
3263 3620 3333 3671 Εἰ
3357 3620 3440 3688 μὴ
3478 3621 3624 3689 χρῇ..

2045 3707 2217 3775 ζομεν
2261 3705 2651 3760 συστατικῶν
2691 3705 3065 3771 ἐπιστολῶν;
3113 3709 3223 3762 Καὶ
3251 3710 3625 3778 αἰνιττόμενος

2043 3797 2168 3858 τοὺς
2192 3795 2685 3865 ψευδαποστόλους,
2731 3796 3042 3867 ἐπήγαγεν·
3093 3799 3201 3865 ’Ὧς
3247 3815 3426 3865 τινες,
3471 3799 3622 3867 πρὸς

2042 3887 2216 3958 ὑμᾶς,
2241 3890 2279 3957 ἢ
2299 3888 2368 3953 ἐξ
2385 3885 2551 3958 ὑμῶν
2574 3888 2956 3943 συστατικῶν
2975 3889 3337 3954 ἐπιστολῶν,
3366 3891 3502 3960 πρὸς
3521 3892 3618 3946 ἀλ-

2041 3979 2186 4042 λους.
2213 3977 2368 4041 Εἶτα,
2403 3978 2590 4049 ἐπειδὴ
2623 3978 2760 4048 βαρὺ
2795 3973 2863 4048 ἦν
2899 3978 2960 4031 τὸ
3002 3979 3320 4049 εἰρημένον,
3355 3997 3620 4052 παραμυ-

2042 4070 2215 4124 θεῖται
2237 4070 2367 4124 αὐτὸ
2386 4069 2610 4136 ἐπάγων
2640 4070 2734 4122 καὶ
2768 4068 2944 4136 λέγων
2965 4085 2980 4100 ο
3029 4069 3092 4123 Ἡ
3125 4069 3419 4137 ἐπιστολὴ
3449 4070 3623 4140 ἡμῶν

2038 4161 2210 4232 ὑμεῖς
2235 4161 2397 4226 ἐστε,
2427 4159 2870 4231 ἐγγεγραμμέφη
2894 4159 2963 4213 ὲν
2981 4159 3113 4225 ταῖς
3137 4161 3409 4227 καρδίαις
3425 4161 3620 4230 ἡμῶν,

2037 4253 2451 4324 γινωσκομένη
2501 4251 2621 4307 ὑπὸ
2679 4251 2954 4305 πάντων·
3002 4255 3464 4321 φανερούμενοι,
3527 4254 3617 4309 ὅτι

2039 4345 2180 4399 ἐστέ
2208 4341 2502 4410 ἐπιστολὴ
2543 4342 2826 4409 Χριστοῦ.
2863 4341 3129 4394 Ἐνταῦθα
3151 4343 3212 4394 ού
3243 4343 3402 4412 μόνον
3433 4343 3620 4407 αὐτοῖς

2039 4433 2284 4502 ἀγάπην,
2337 4430 2472 4484 ἀλλὰ
2516 4429 2613 4483 καὶ
2661 4427 3069 4499 κατορθώματα
3119 4433 3424 4501 μαρτυρεῖ,
3461 4431 3516 4484 εῖ
3550 4449 3617 4501 γ,

2041 4523 2214 4578 ἱκανοί
2242 4523 2349 4576 εἰσι
2384 4521 2550 4589 δεῖξαι
2583 4522 2747 4574 πᾶσιν
2792 4519 3100 4590 ἀνθρώποις
3147 4520 3235 4574 διὰ
3266 4521 3366 4591 τῆς
3407 4524 3617 4587 οἰκείας

2039 4615 2240 4688 ἀρετῆς
2265 4614 2361 4668 τοῦ
2384 4613 2707 4668 διδασκάλου
2736 4612 2795 4665 τὸ
2823 4610 3059 4681 ἀξίωμα.
3096 4612 3266 4666 Τοῦτο
3303 4614 3412 4684 γάρ
3441 4615 3616 4681 ἐστιν,

2045 4709 2116 4763 Ἦ
2143 4706 2441 4775 ἐπιστολὴ
2476 4706 2646 4774 ἡμῶν
2677 4703 2847 4773 ὑμεῖς
2868 4704 3029 4757 ἐστε.
3060 4702 3239 4772 Ὅπερ
3273 4704 3340 4758 ἂν
3389 4706 3613 4774 ἐποίησε

2030 4800 2099 4854 τὰ
2120 4800 2426 4872 γράμματα
2457 4796 2791 4850 συνιστῶντα
2829 4795 2977 4865 ἡμᾶς
3005 4793 3098 4847 καὶ
3133 4795 3444 4865 αἰδεσίμους
3489 4813 3613 4850 ποι-

2028 4892 2213 4958 οῦντα,
2240 4891 2398 4945 τοῦτο
2433 4891 2591 4960 ὑμεῖς
2621 4889 2845 4952 ποιεῖτε,
2875 4886 2970 4940 καὶ
2997 4886 3261 4958 ὁρώμενοι
3294 4888 3387 4939 καὶ
3415 4887 3608 4940 ἀκουό-

2032 5001 2206 5054 μενοι.
2241 4979 2517 5051 Μαθητῶν
2537 4979 2644 5047 γάρ
2667 4977 2836 5048 ἀρετὴ
2857 4977 2946 5030 τὸν
2986 4977 3303 5031 διδάσκαλον
3331 4979 3490 5031 εἴωθε
3515 4996 3612 5032 κοι-

2030 5077 2188 5145 σμείν
2221 5075 2316 5126 καὶ
2356 5071 2615 5140 συνιστᾷν
2657 5069 2838 5139 πάσης
2889 5069 3088 5139 μᾶλλον
3128 5069 3440 5139 ἐπιστολῆς.
3490 5070 3611 5138 Ἐγ-

2027 5163 2396 5236 γεγςραμμένη
2415 5162 2485 5215 ἐν
2515 5160 2646 5226 ταῖς
2680 5161 2950 5228 καρδίαις
2979 5159 3171 5229 ἡμῶν.
3209 5160 3521 5224 Τουτέστιν,
3542 5161 3614 5231 ἢν

2026 5257 2227 5316 πάντες
2258 5252 2436 5305 ἴσασιν
2455 5267 2468 5280 ⁸
2505 5248 2674 5313 οὕτως
2697 5250 2842 5318 ὑμᾶς
2871 5247 3147 5319 πανταχοῦ
3189 5249 3559 5320 περιφέρομεν
3588 5288 3609 5315 ,

2027 5349 2120 5402 καὶ
2143 5349 2203 5400 ὲν
2225 5345 2302 5416 νῷ
2323 5345 2514 5415 ἔχομεν
2534 5360 2548 5374 ’
2583 5342 2659 5406 ῶς
2683 5343 2748 5397 ἂν
2769 5345 2818 5395 εἰ
2841 5341 3043 5409 ἔλεγεν,
3081 5341 3144 5394 Ἠ
3171 5341 3426 5405 σύστασις
3447 5343 3605 5412 ἡμῶν

2031 5439 2168 5510 πρὸς
2208 5437 2429 5506 ἑτέρους
2479 5435 2637 5504 ὑμεῖς
2676 5434 2828 5486 ἐστε*
2866 5434 2959 5486 καί¹
2992 5431 3101 5502 γὰρ
3141 5431 3338 5502 ἔχομεν
3371 5433 3512 5500 ὑμᾶς
3546 5431 3611 5480 ἐν

2030 5533 2098 5600 τῇ
2135 5527 2330 5598 καρδίᾳ
2376 5524 2658 5596 διηνεκῶς,
2690 5525 2785 5578 καὶ
2824 5524 2961 5595 πρὸς
2993 5524 3235 5584 ἅπαντας
3267 5521 3336 5573 τά
3365 5518 3604 5587 ὑμέτερα

2031 5618 2477 5689 ἀνακηρύττομεν
2509 5615 2923 5686 κατορθώματα.
2952 5615 3027 5668 Οὐ
3054 5614 3229 5665 τοίνυν
3248 5609 3324 5677 τῷ
3347 5608 3437 5659 καὶ
3466 5603 3607 5671 πρὸς

2033 5712 2251 5782 ἑτέρους
2285 5711 2428 5780 ὑμᾶς
2456 5705 2593 5764 εἶναι
2625 5711 2882 5762 σύστασιν
2915 5705 3092 5779 ἡμῶν,
3130 5699 3358 5770 δεόμεθα
3387 5697 3603 5747 ἐπιστο-
