  <div class='ocr_page' id='page_1' title='image "/cluster/home/n/w/nwhite01/storage/ocr_20150623/61/mdp.39015008622618/444.png"; bbox 0 0 4070 6152; ppageno 0'>
   <div class='ocr_carea' id='block_1_1' title="bbox 378 336 482 393">
    <p class='ocr_par' dir='ltr' id='par_1_1' title="bbox 378 336 482 393">
     <span class='ocr_line' id='line_1_1' title="bbox 378 336 482 393; baseline 0.019 -2"><span class='ocrx_word' id='word_1_1' title='bbox 378 336 482 393; x_wconf 71' lang='grc'><strong>457</strong></span> 
     </span>
    </p>
   </div>
   <div class='ocr_carea' id='block_1_2' title="bbox 378 424 1959 522">
    <p class='ocr_par' dir='ltr' id='par_1_2' title="bbox 378 424 1959 522">
     <span class='ocr_line' id='line_1_2' title="bbox 378 424 1959 522; baseline -0.019 -16"><span class='ocrx_word' id='word_1_2' title='bbox 378 448 756 522; x_wconf 77' lang='lat' dir='ltr'><strong>praedicamus.</strong></span> <span class='ocrx_word' id='word_1_3' title='bbox 783 443 901 512; x_wconf 86' lang='lat' dir='ltr'><strong>Quo</strong></span> <span class='ocrx_word' id='word_1_4' title='bbox 940 439 1017 499; x_wconf 83' lang='lat' dir='ltr'><strong>ﬁt.</strong></span> <span class='ocrx_word' id='word_1_5' title='bbox 1046 445 1102 493; x_wconf 88' lang='lat' dir='ltr'><strong>ut</strong></span> <span class='ocrx_word' id='word_1_6' title='bbox 1144 448 1249 488; x_wconf 92' lang='lat' dir='ltr'><strong>non</strong></span> <span class='ocrx_word' id='word_1_7' title='bbox 1292 430 1453 485; x_wconf 90' lang='lat' dir='ltr'><strong>modo</strong></span> <span class='ocrx_word' id='word_1_8' title='bbox 1476 429 1600 498; x_wconf 82' lang='lat' dir='ltr'><strong>quia</strong></span> <span class='ocrx_word' id='word_1_9' title='bbox 1644 425 1784 498; x_wconf 89' lang='lat' dir='ltr'><strong>apud</strong></span> <span class='ocrx_word' id='word_1_10' title='bbox 1823 424 1959 479; x_wconf 88' lang='lat' dir='ltr'><strong>alios</strong></span> 
     </span>
    </p>
   </div>
   <div class='ocr_carea' id='block_1_3' title="bbox 382 519 1964 613">
    <p class='ocr_par' dir='ltr' id='par_1_3' title="bbox 382 519 1964 613">
     <span class='ocr_line' id='line_1_3' title="bbox 382 519 1964 613; baseline -0.014 -17"><span class='ocrx_word' id='word_1_11' title='bbox 382 519 601 613; x_wconf 78' lang='lat' dir='ltr'><strong>quoque</strong></span> <span class='ocrx_word' id='word_1_12' title='bbox 629 530 1105 592; x_wconf 91' lang='lat' dir='ltr'><strong>commendationis</strong></span> <span class='ocrx_word' id='word_1_13' title='bbox 1151 529 1319 582; x_wconf 89' lang='lat' dir='ltr'><strong>instar</strong></span> <span class='ocrx_word' id='word_1_14' title='bbox 1360 524 1517 579; x_wconf 89' lang='lat' dir='ltr'><strong>nobis</strong></span> <span class='ocrx_word' id='word_1_15' title='bbox 1544 522 1691 584; x_wconf 80' lang='lat' dir='ltr'><strong>estis,</strong></span> <span class='ocrx_word' id='word_1_16' title='bbox 1723 519 1964 591; x_wconf 75' lang='lat' dir='ltr'><strong>epistolis</strong></span> 
     </span>
    </p>
   </div>
   <div class='ocr_carea' id='block_1_4' title="bbox 382 616 1965 693">
    <p class='ocr_par' dir='ltr' id='par_1_4' title="bbox 382 616 1965 693">
     <span class='ocr_line' id='line_1_4' title="bbox 382 616 1965 693; baseline -0.015 -5"><span class='ocrx_word' id='word_1_17' title='bbox 382 634 579 690; x_wconf 76' lang='lat' dir='ltr'><strong>vestris</strong></span> <span class='ocrx_word' id='word_1_18' title='bbox 620 629 835 684; x_wconf 90' lang='lat' dir='ltr'><strong>minime</strong></span> <span class='ocrx_word' id='word_1_19' title='bbox 878 624 1240 693; x_wconf 83' lang='lat' dir='ltr'><strong>indigeamus;</strong></span> <span class='ocrx_word' id='word_1_20' title='bbox 1288 616 1383 672; x_wconf 91' lang='lat' dir='ltr'><strong>sed</strong></span> <span class='ocrx_word' id='word_1_21' title='bbox 1424 617 1545 671; x_wconf 89' lang='lat' dir='ltr'><strong>ideo</strong></span> <span class='ocrx_word' id='word_1_22' title='bbox 1572 628 1785 684; x_wconf 89' lang='lat' dir='ltr'><strong>quoque</strong></span> <span class='ocrx_word' id='word_1_23' title='bbox 1813 626 1965 667; x_wconf 81' lang='lat' dir='ltr'><strong>com-</strong></span> 
     </span>
    </p>
   </div>
   <div class='ocr_carea' id='block_1_5' title="bbox 388 702 1964 783">
    <p class='ocr_par' dir='ltr' id='par_1_5' title="bbox 388 702 1964 783">
     <span class='ocr_line' id='line_1_5' title="bbox 388 702 1964 783; baseline -0.016 -2"><span class='ocrx_word' id='word_1_24' title='bbox 388 722 733 781; x_wconf 90' lang='lat' dir='ltr'><strong>mendatione</strong></span> <span class='ocrx_word' id='word_1_25' title='bbox 780 716 934 772; x_wconf 88' lang='lat' dir='ltr'><strong>nobis</strong></span> <span class='ocrx_word' id='word_1_26' title='bbox 962 714 1101 783; x_wconf 88' lang='lat' dir='ltr'><strong>apud</strong></span> <span class='ocrx_word' id='word_1_27' title='bbox 1143 725 1240 767; x_wconf 90' lang='lat' dir='ltr'><strong>vos</strong></span> <span class='ocrx_word' id='word_1_28' title='bbox 1268 709 1488 764; x_wconf 89' lang='lat' dir='ltr'><strong>minime</strong></span> <span class='ocrx_word' id='word_1_29' title='bbox 1528 720 1664 776; x_wconf 91' lang='lat' dir='ltr'><strong>opus</strong></span> <span class='ocrx_word' id='word_1_30' title='bbox 1692 714 1794 767; x_wconf 90' lang='lat' dir='ltr'><strong>est,</strong></span> <span class='ocrx_word' id='word_1_31' title='bbox 1822 702 1964 773; x_wconf 89' lang='lat' dir='ltr'><strong>quod</strong></span> 
     </span>
    </p>
   </div>
   <div class='ocr_carea' id='block_1_6' title="bbox 387 796 1967 883">
    <p class='ocr_par' dir='ltr' id='par_1_6' title="bbox 387 796 1967 883">
     <span class='ocr_line' id='line_1_6' title="bbox 387 796 1967 883; baseline -0.011 -14"><span class='ocrx_word' id='word_1_32' title='bbox 387 831 484 869; x_wconf 88' lang='lat' dir='ltr'><strong>vos</strong></span> <span class='ocrx_word' id='word_1_33' title='bbox 503 813 744 883; x_wconf 88' lang='lat' dir='ltr'><strong>apprime</strong></span> <span class='ocrx_word' id='word_1_34' title='bbox 769 823 963 863; x_wconf 91' lang='lat' dir='ltr'><strong>amem.</strong></span> <span class='ocrx_word' id='word_1_35' title='bbox 993 805 1206 861; x_wconf 88' lang='lat' dir='ltr'><strong>Etenim</strong></span> <span class='ocrx_word' id='word_1_36' title='bbox 1229 802 1294 857; x_wconf 90' lang='lat' dir='ltr'><strong>ad</strong></span> <span class='ocrx_word' id='word_1_37' title='bbox 1319 803 1530 873; x_wconf 88' lang='lat' dir='ltr'><strong>ignotos</strong></span> <span class='ocrx_word' id='word_1_38' title='bbox 1556 798 1770 869; x_wconf 84' lang='lat' dir='ltr'><strong>quidem</strong></span> <span class='ocrx_word' id='word_1_39' title='bbox 1798 796 1967 852; x_wconf 80' lang='lat' dir='ltr'><strong>literis</strong></span> 
     </span>
    </p>
   </div>
   <div class='ocr_carea' id='block_1_7' title="bbox 386 890 2003 980">
    <p class='ocr_par' dir='ltr' id='par_1_7' title="bbox 386 890 2003 980">
     <span class='ocr_line' id='line_1_7' title="bbox 386 890 2003 980; baseline -0.013 -17"><span class='ocrx_word' id='word_1_40' title='bbox 386 907 646 980; x_wconf 75' lang='lat' dir='ltr'><strong>quispiam</strong></span> <span class='ocrx_word' id='word_1_41' title='bbox 692 917 829 973; x_wconf 85' lang='lat' dir='ltr'><strong>opus</strong></span> <span class='ocrx_word' id='word_1_42' title='bbox 872 901 1070 965; x_wconf 87' lang='lat' dir='ltr'><strong>habet;</strong></span> <span class='ocrx_word' id='word_1_43' title='bbox 1119 912 1217 952; x_wconf 83' lang='lat' dir='ltr'><strong>vos</strong></span> <span class='ocrx_word' id='word_1_44' title='bbox 1259 905 1436 950; x_wconf 86' lang='lat' dir='ltr'><strong>autem</strong></span> <span class='ocrx_word' id='word_1_45' title='bbox 1481 891 1638 947; x_wconf 89' lang='lat' dir='ltr'><strong>nobis</strong></span> <span class='ocrx_word' id='word_1_46' title='bbox 1683 892 1735 945; x_wconf 93' lang='lat' dir='ltr'><strong>in</strong></span> <span class='ocrx_word' id='word_1_47' title='bbox 1786 890 2003 951; x_wconf 73' lang='lat' dir='ltr'><strong>animo,</strong></span> 
     </span>
    </p>
   </div>
   <div class='ocr_carea' id='block_1_8' title="bbox 385 983 1967 1056">
    <p class='ocr_par' dir='ltr' id='par_1_8' title="bbox 385 983 1967 1056">
     <span class='ocr_line' id='line_1_8' title="bbox 385 983 1967 1056; baseline -0.013 0"><span class='ocrx_word' id='word_1_48' title='bbox 385 1001 534 1056; x_wconf 87' lang='lat' dir='ltr'><strong>estis.</strong></span> <span class='ocrx_word' id='word_1_49' title='bbox 565 997 673 1052; x_wconf 85' lang='lat' dir='ltr'><strong>Nec</strong></span> <span class='ocrx_word' id='word_1_50' title='bbox 704 1010 833 1050; x_wconf 87' lang='lat' dir='ltr'><strong>vero</strong></span> <span class='ocrx_word' id='word_1_51' title='bbox 863 994 1035 1049; x_wconf 85' lang='lat' dir='ltr'><strong>solum</strong></span> <span class='ocrx_word' id='word_1_52' title='bbox 1065 990 1220 1052; x_wconf 87' lang='lat' dir='ltr'><strong>dixit,</strong></span> <span class='ocrx_word' id='word_1_53' title='bbox 1255 988 1413 1053; x_wconf 85' lang='lat' dir='ltr'><strong>Estis,</strong></span> <span class='ocrx_word' id='word_1_54' title='bbox 1441 985 1535 1042; x_wconf 90' lang='lat' dir='ltr'><strong>sed</strong></span> <span class='ocrx_word' id='word_1_55' title='bbox 1572 983 1831 1051; x_wconf 84' lang='lat' dir='ltr'><strong>Inscripti,</strong></span> <span class='ocrx_word' id='word_1_56' title='bbox 1866 983 1967 1036; x_wconf 90' lang='lat' dir='ltr'><strong>hoc</strong></span> 
     </span>
    </p>
   </div>
   <div class='ocr_carea' id='block_1_9' title="bbox 384 1070 1967 1152">
    <p class='ocr_par' dir='ltr' id='par_1_9' title="bbox 384 1070 1967 1152">
     <span class='ocr_line' id='line_1_9' title="bbox 384 1070 1967 1152; baseline -0.013 -7"><span class='ocrx_word' id='word_1_57' title='bbox 384 1100 486 1152; x_wconf 86' lang='lat' dir='ltr'><strong>est.</strong></span> <span class='ocrx_word' id='word_1_58' title='bbox 519 1101 619 1142; x_wconf 90' lang='lat' dir='ltr'><strong>nec</strong></span> <span class='ocrx_word' id='word_1_59' title='bbox 646 1084 778 1141; x_wconf 85' lang='lat' dir='ltr'><strong>mihi</strong></span> <span class='ocrx_word' id='word_1_60' title='bbox 808 1099 873 1139; x_wconf 78' lang='lat' dir='ltr'><strong>ex</strong></span> <span class='ocrx_word' id='word_1_61' title='bbox 905 1083 1084 1136; x_wconf 89' lang='lat' dir='ltr'><strong>animo</strong></span> <span class='ocrx_word' id='word_1_62' title='bbox 1111 1078 1359 1135; x_wconf 82' lang='lat' dir='ltr'><strong>excidere</strong></span> <span class='ocrx_word' id='word_1_63' title='bbox 1381 1075 1620 1147; x_wconf 89' lang='lat' dir='ltr'><strong>potestis.</strong></span> <span class='ocrx_word' id='word_1_64' title='bbox 1649 1074 1794 1129; x_wconf 88' lang='lat' dir='ltr'><strong>Sicut</strong></span> <span class='ocrx_word' id='word_1_65' title='bbox 1826 1070 1967 1125; x_wconf 89' lang='lat' dir='ltr'><strong>enim</strong></span> 
     </span>
    </p>
   </div>
   <div class='ocr_carea' id='block_1_10' title="bbox 385 1160 1971 1246">
    <p class='ocr_par' dir='ltr' id='par_1_10' title="bbox 385 1160 1971 1246">
     <span class='ocr_line' id='line_1_10' title="bbox 385 1160 1971 1246; baseline -0.012 -11"><span class='ocrx_word' id='word_1_66' title='bbox 385 1197 448 1235; x_wconf 74' lang='lat' dir='ltr'><strong>ex</strong></span> <span class='ocrx_word' id='word_1_67' title='bbox 478 1178 666 1243; x_wconf 91' lang='lat' dir='ltr'><strong>literis,</strong></span> <span class='ocrx_word' id='word_1_68' title='bbox 692 1177 782 1246; x_wconf 89' lang='lat' dir='ltr'><strong>qui</strong></span> <span class='ocrx_word' id='word_1_69' title='bbox 810 1188 903 1229; x_wconf 91' lang='lat' dir='ltr'><strong>eas</strong></span> <span class='ocrx_word' id='word_1_70' title='bbox 922 1173 1127 1243; x_wconf 82' lang='lat' dir='ltr'><strong>legunt,</strong></span> <span class='ocrx_word' id='word_1_71' title='bbox 1145 1171 1224 1225; x_wconf 92' lang='lat' dir='ltr'><strong>sie</strong></span> <span class='ocrx_word' id='word_1_72' title='bbox 1244 1183 1309 1223; x_wconf 79' lang='lat' dir='ltr'><strong>ex</strong></span> <span class='ocrx_word' id='word_1_73' title='bbox 1333 1165 1497 1222; x_wconf 90' lang='lat' dir='ltr'><strong>corde</strong></span> <span class='ocrx_word' id='word_1_74' title='bbox 1522 1172 1727 1228; x_wconf 91' lang='lat' dir='ltr'><strong>nostro,</strong></span> <span class='ocrx_word' id='word_1_75' title='bbox 1755 1161 1844 1231; x_wconf 89' lang='lat' dir='ltr'><strong>qui</strong></span> <span class='ocrx_word' id='word_1_76' title='bbox 1868 1160 1971 1216; x_wconf 86' lang='lat' dir='ltr'><strong>hoc</strong></span> 
     </span>
    </p>
   </div>
   <div class='ocr_carea' id='block_1_11' title="bbox 386 1259 1968 1338">
    <p class='ocr_par' dir='ltr' id='par_1_11' title="bbox 386 1259 1968 1338">
     <span class='ocr_line' id='line_1_11' title="bbox 386 1259 1968 1338; baseline -0.012 -11"><span class='ocrx_word' id='word_1_77' title='bbox 386 1281 606 1338; x_wconf 90' lang='lat' dir='ltr'><strong>norunt,</strong></span> <span class='ocrx_word' id='word_1_78' title='bbox 651 1279 888 1325; x_wconf 89' lang='lat' dir='ltr'><strong>nostram</strong></span> <span class='ocrx_word' id='word_1_79' title='bbox 930 1281 1056 1336; x_wconf 85' lang='lat' dir='ltr'><strong>erga</strong></span> <span class='ocrx_word' id='word_1_80' title='bbox 1107 1278 1205 1318; x_wconf 88' lang='lat' dir='ltr'><strong>vos</strong></span> <span class='ocrx_word' id='word_1_81' title='bbox 1246 1259 1586 1317; x_wconf 89' lang='lat' dir='ltr'><strong>dilectionem</strong></span> <span class='ocrx_word' id='word_1_82' title='bbox 1634 1263 1968 1326; x_wconf 85' lang='lat' dir='ltr'><strong>perspectam</strong></span> 
     </span>
    </p>
   </div>
   <div class='ocr_carea' id='block_1_12' title="bbox 388 1363 611 1417">
    <p class='ocr_par' dir='ltr' id='par_1_12' title="bbox 388 1363 611 1417">
     <span class='ocr_line' id='line_1_12' title="bbox 388 1363 611 1417; baseline -0.018 0"><span class='ocrx_word' id='word_1_83' title='bbox 388 1363 611 1417; x_wconf 84' lang='lat' dir='ltr'><strong>habent.</strong></span> 
     </span>
    </p>
   </div>
   <div class='ocr_carea' id='block_1_13' title="bbox 460 1437 1972 1520">
    <p class='ocr_par' dir='ltr' id='par_1_13' title="bbox 460 1437 1972 1520">
     <span class='ocr_line' id='line_1_13' title="bbox 460 1437 1972 1520; baseline -0.011 -13"><span class='ocrx_word' id='word_1_84' title='bbox 460 1454 514 1507; x_wconf 73' lang='lat'><strong>2.</strong></span> <span class='ocrx_word' id='word_1_85' title='bbox 556 1451 818 1520; x_wconf 84' lang='lat' dir='ltr'><strong>Quocirca</strong></span> <span class='ocrx_word' id='word_1_86' title='bbox 866 1449 909 1503; x_wconf 88' lang='lat' dir='ltr'><strong>si</strong></span> <span class='ocrx_word' id='word_1_87' title='bbox 937 1448 1207 1502; x_wconf 86' lang='lat' dir='ltr'><strong>literarum</strong></span> <span class='ocrx_word' id='word_1_88' title='bbox 1232 1443 1334 1497; x_wconf 89' lang='lat' dir='ltr'><strong>hoc</strong></span> <span class='ocrx_word' id='word_1_89' title='bbox 1364 1453 1560 1496; x_wconf 88' lang='lat' dir='ltr'><strong>munus</strong></span> <span class='ocrx_word' id='word_1_90' title='bbox 1584 1447 1690 1504; x_wconf 88' lang='lat' dir='ltr'><strong>est,</strong></span> <span class='ocrx_word' id='word_1_91' title='bbox 1724 1448 1782 1492; x_wconf 91' lang='lat' dir='ltr'><strong>ut</strong></span> <span class='ocrx_word' id='word_1_92' title='bbox 1809 1452 1875 1491; x_wconf 83' lang='lat' dir='ltr'><strong>ex</strong></span> <span class='ocrx_word' id='word_1_93' title='bbox 1906 1437 1972 1491; x_wconf 89' lang='lat' dir='ltr'><strong>iis</strong></span> 
     </span>
    </p>
   </div>
   <div class='ocr_carea' id='block_1_14' title="bbox 393 1529 1972 1616">
    <p class='ocr_par' dir='ltr' id='par_1_14' title="bbox 393 1529 1972 1616">
     <span class='ocr_line' id='line_1_14' title="bbox 393 1529 1972 1616; baseline -0.011 -17"><span class='ocrx_word' id='word_1_94' title='bbox 393 1546 594 1616; x_wconf 82' lang='lat' dir='ltr'><strong>liqueat</strong></span> <span class='ocrx_word' id='word_1_95' title='bbox 620 1545 757 1596; x_wconf 90' lang='lat' dir='ltr'><strong>hunc</strong></span> <span class='ocrx_word' id='word_1_96' title='bbox 776 1550 864 1594; x_wconf 88' lang='lat' dir='ltr'><strong>aut</strong></span> <span class='ocrx_word' id='word_1_97' title='bbox 886 1539 1032 1594; x_wconf 91' lang='lat' dir='ltr'><strong>illum</strong></span> <span class='ocrx_word' id='word_1_98' title='bbox 1058 1536 1185 1591; x_wconf 90' lang='lat' dir='ltr'><strong>mihi</strong></span> <span class='ocrx_word' id='word_1_99' title='bbox 1214 1535 1443 1588; x_wconf 90' lang='lat' dir='ltr'><strong>amicum</strong></span> <span class='ocrx_word' id='word_1_100' title='bbox 1467 1530 1702 1595; x_wconf 90' lang='lat' dir='ltr'><strong>esse,bic</strong></span> <span class='ocrx_word' id='word_1_101' title='bbox 1724 1529 1972 1584; x_wconf 82' lang='lat' dir='ltr'><strong>libertate</strong></span> 
     </span>
    </p>
   </div>
   <div class='ocr_carea' id='block_1_15' title="bbox 393 1624 1971 1703">
    <p class='ocr_par' dir='ltr' id='par_1_15' title="bbox 393 1624 1971 1703">
     <span class='ocr_line' id='line_1_15' title="bbox 393 1624 1971 1703; baseline -0.011 -11"><span class='ocrx_word' id='word_1_102' title='bbox 393 1638 620 1703; x_wconf 79' lang='lat' dir='ltr'><strong>fruatur,</strong></span> <span class='ocrx_word' id='word_1_103' title='bbox 661 1635 727 1690; x_wconf 89' lang='lat' dir='ltr'><strong>ad</strong></span> <span class='ocrx_word' id='word_1_104' title='bbox 774 1634 822 1688; x_wconf 87' lang='lat' dir='ltr'><strong>id</strong></span> <span class='ocrx_word' id='word_1_105' title='bbox 852 1642 1020 1687; x_wconf 89' lang='lat' dir='ltr'><strong>totum</strong></span> <span class='ocrx_word' id='word_1_106' title='bbox 1063 1628 1452 1685; x_wconf 87' lang='lat' dir='ltr'><strong>conﬁciendum</strong></span> <span class='ocrx_word' id='word_1_107' title='bbox 1498 1624 1630 1680; x_wconf 86' lang='lat' dir='ltr'><strong>satis</strong></span> <span class='ocrx_word' id='word_1_108' title='bbox 1674 1631 1756 1679; x_wconf 88' lang='lat' dir='ltr'><strong>est</strong></span> <span class='ocrx_word' id='word_1_109' title='bbox 1795 1630 1971 1676; x_wconf 86' lang='lat' dir='ltr'><strong>vestra</strong></span> 
     </span>
    </p>
   </div>
   <div class='ocr_carea' id='block_1_16' title="bbox 394 1711 1974 1797">
    <p class='ocr_par' dir='ltr' id='par_1_16' title="bbox 394 1711 1974 1797">
     <span class='ocr_line' id='line_1_16' title="bbox 394 1711 1974 1797; baseline -0.011 -15"><span class='ocrx_word' id='word_1_110' title='bbox 394 1742 520 1797; x_wconf 82' lang='lat' dir='ltr'><strong>erga</strong></span> <span class='ocrx_word' id='word_1_111' title='bbox 548 1743 632 1781; x_wconf 92' lang='lat' dir='ltr'><strong>me</strong></span> <span class='ocrx_word' id='word_1_112' title='bbox 653 1725 864 1779; x_wconf 88' lang='lat' dir='ltr'><strong>caritas.</strong></span> <span class='ocrx_word' id='word_1_113' title='bbox 891 1722 1020 1776; x_wconf 88' lang='lat' dir='ltr'><strong>Nam</strong></span> <span class='ocrx_word' id='word_1_114' title='bbox 1041 1721 1155 1775; x_wconf 86' lang='lat' dir='ltr'><strong>sive</strong></span> <span class='ocrx_word' id='word_1_115' title='bbox 1183 1718 1248 1774; x_wconf 91' lang='lat' dir='ltr'><strong>ad</strong></span> <span class='ocrx_word' id='word_1_116' title='bbox 1275 1734 1367 1771; x_wconf 73' lang='lat' dir='ltr'><strong>vos</strong></span> <span class='ocrx_word' id='word_1_117' title='bbox 1391 1715 1816 1786; x_wconf 89' lang='lat' dir='ltr'><strong>proﬁciscamur,</strong></span> <span class='ocrx_word' id='word_1_118' title='bbox 1841 1711 1974 1766; x_wconf 85' lang='lat' dir='ltr'><strong>alio-</strong></span> 
     </span>
    </p>
   </div>
   <div class='ocr_carea' id='block_1_17' title="bbox 350 1803 1975 1878">
    <p class='ocr_par' dir='ltr' id='par_1_17' title="bbox 350 1803 1975 1878">
     <span class='ocr_line' id='line_1_17' title="bbox 350 1803 1975 1878; baseline -0.01 -7"><span class='ocrx_word' id='word_1_119' title='bbox 350 1811 354 1815; x_wconf 71' lang='grc'><em>’</em></span> <span class='ocrx_word' id='word_1_120' title='bbox 395 1834 514 1871; x_wconf 87' lang='lat' dir='ltr'><strong>rum</strong></span> <span class='ocrx_word' id='word_1_121' title='bbox 545 1814 1005 1871; x_wconf 82' lang='lat' dir='ltr'><strong>commendatione</strong></span> <span class='ocrx_word' id='word_1_122' title='bbox 1045 1811 1267 1865; x_wconf 83' lang='lat' dir='ltr'><strong>minime</strong></span> <span class='ocrx_word' id='word_1_123' title='bbox 1297 1808 1617 1878; x_wconf 88' lang='lat' dir='ltr'><strong>indigemus,</strong></span> <span class='ocrx_word' id='word_1_124' title='bbox 1647 1803 1789 1876; x_wconf 89' lang='lat' dir='ltr'><strong>quod</strong></span> <span class='ocrx_word' id='word_1_125' title='bbox 1820 1815 1975 1856; x_wconf 89' lang='lat' dir='ltr'><strong>amor</strong></span> 
     </span>
    </p>
   </div>
   <div class='ocr_carea' id='block_1_18' title="bbox 394 1895 1974 1979">
    <p class='ocr_par' dir='ltr' id='par_1_18' title="bbox 394 1895 1974 1979">
     <span class='ocr_line' id='line_1_18' title="bbox 394 1895 1974 1979; baseline -0.009 -14"><span class='ocrx_word' id='word_1_126' title='bbox 394 1925 522 1979; x_wconf 87' lang='lat' dir='ltr'><strong>erga</strong></span> <span class='ocrx_word' id='word_1_127' title='bbox 553 1924 639 1963; x_wconf 89' lang='lat' dir='ltr'><strong>me</strong></span> <span class='ocrx_word' id='word_1_128' title='bbox 665 1917 841 1964; x_wconf 84' lang='lat' dir='ltr'><strong>vester</strong></span> <span class='ocrx_word' id='word_1_129' title='bbox 885 1907 935 1961; x_wconf 93' lang='lat' dir='ltr'><strong>id</strong></span> <span class='ocrx_word' id='word_1_130' title='bbox 982 1905 1217 1960; x_wconf 89' lang='lat' dir='ltr'><strong>muneris</strong></span> <span class='ocrx_word' id='word_1_131' title='bbox 1236 1903 1348 1974; x_wconf 89' lang='lat' dir='ltr'><strong>jam</strong></span> <span class='ocrx_word' id='word_1_132' title='bbox 1394 1900 1667 1970; x_wconf 89' lang='lat' dir='ltr'><strong>occuparit</strong></span> <span class='ocrx_word' id='word_1_133' title='bbox 1698 1918 1711 1955; x_wconf 88' lang='lat'><strong>:</strong></span> <span class='ocrx_word' id='word_1_134' title='bbox 1741 1898 1858 1952; x_wconf 81' lang='lat' dir='ltr'><strong>sive</strong></span> <span class='ocrx_word' id='word_1_135' title='bbox 1907 1895 1974 1951; x_wconf 91' lang='lat' dir='ltr'><strong>ad</strong></span> 
     </span>
    </p>
   </div>
   <div class='ocr_carea' id='block_1_19' title="bbox 395 1988 1978 2065">
    <p class='ocr_par' dir='ltr' id='par_1_19' title="bbox 395 1988 1978 2065">
     <span class='ocr_line' id='line_1_19' title="bbox 395 1988 1978 2065; baseline -0.009 -11"><span class='ocrx_word' id='word_1_136' title='bbox 395 2001 548 2065; x_wconf 87' lang='lat' dir='ltr'><strong>alios,</strong></span> <span class='ocrx_word' id='word_1_137' title='bbox 583 1999 749 2053; x_wconf 77' lang='lat' dir='ltr'><strong>literis</strong></span> <span class='ocrx_word' id='word_1_138' title='bbox 776 2012 962 2052; x_wconf 77' lang='lat' dir='ltr'><strong>rurSus</strong></span> <span class='ocrx_word' id='word_1_139' title='bbox 988 1995 1116 2050; x_wconf 88' lang='lat' dir='ltr'><strong>nihil</strong></span> <span class='ocrx_word' id='word_1_140' title='bbox 1146 1995 1301 2048; x_wconf 91' lang='lat' dir='ltr'><strong>nobis</strong></span> <span class='ocrx_word' id='word_1_141' title='bbox 1339 2008 1474 2063; x_wconf 88' lang='lat' dir='ltr'><strong>opus</strong></span> <span class='ocrx_word' id='word_1_142' title='bbox 1500 2000 1602 2055; x_wconf 73' lang='lat' dir='ltr'><strong>est,</strong></span> <span class='ocrx_word' id='word_1_143' title='bbox 1647 2000 1831 2060; x_wconf 74' lang='lat' dir='ltr'><strong>utpote</strong></span> <span class='ocrx_word' id='word_1_144' title='bbox 1858 1988 1978 2058; x_wconf 80' lang='lat' dir='ltr'><strong>qui-</strong></span> 
     </span>
    </p>
   </div>
   <div class='ocr_carea' id='block_1_20' title="bbox 394 2079 1978 2144">
    <p class='ocr_par' dir='ltr' id='par_1_20' title="bbox 394 2079 1978 2144">
     <span class='ocr_line' id='line_1_20' title="bbox 394 2079 1978 2144; baseline -0.006 -2"><span class='ocrx_word' id='word_1_145' title='bbox 394 2090 496 2143; x_wconf 90' lang='lat' dir='ltr'><strong>bus</strong></span> <span class='ocrx_word' id='word_1_146' title='bbox 530 2089 716 2144; x_wconf 86' lang='lat' dir='ltr'><strong>eadem</strong></span> <span class='ocrx_word' id='word_1_147' title='bbox 736 2087 954 2142; x_wconf 90' lang='lat' dir='ltr'><strong>dilectio</strong></span> <span class='ocrx_word' id='word_1_148' title='bbox 982 2102 1167 2141; x_wconf 89' lang='lat' dir='ltr'><strong>earum</strong></span> <span class='ocrx_word' id='word_1_149' title='bbox 1193 2086 1311 2140; x_wconf 91' lang='lat' dir='ltr'><strong>loco</strong></span> <span class='ocrx_word' id='word_1_150' title='bbox 1342 2084 1471 2138; x_wconf 84' lang='lat' dir='ltr'><strong>satis</strong></span> <span class='ocrx_word' id='word_1_151' title='bbox 1500 2084 1610 2139; x_wconf 89' lang='lat' dir='ltr'><strong>sit:</strong></span> <span class='ocrx_word' id='word_1_152' title='bbox 1639 2079 1978 2137; x_wconf 83' lang='lat' dir='ltr'><strong>cireumferi-</strong></span> 
     </span>
    </p>
   </div>
   <div class='ocr_carea' id='block_1_21' title="bbox 395 2173 1976 2251">
    <p class='ocr_par' dir='ltr' id='par_1_21' title="bbox 395 2173 1976 2251">
     <span class='ocr_line' id='line_1_21' title="bbox 395 2173 1976 2251; baseline -0.007 -14"><span class='ocrx_word' id='word_1_153' title='bbox 395 2198 515 2237; x_wconf 88' lang='lat' dir='ltr'><strong>mus</strong></span> <span class='ocrx_word' id='word_1_154' title='bbox 545 2182 686 2236; x_wconf 90' lang='lat' dir='ltr'><strong>enim</strong></span> <span class='ocrx_word' id='word_1_155' title='bbox 711 2181 988 2251; x_wconf 87' lang='lat' dir='ltr'><strong>epistolam</strong></span> <span class='ocrx_word' id='word_1_156' title='bbox 1015 2180 1068 2233; x_wconf 93' lang='lat' dir='ltr'><strong>in</strong></span> <span class='ocrx_word' id='word_1_157' title='bbox 1117 2177 1367 2232; x_wconf 88' lang='lat' dir='ltr'><strong>cordibus</strong></span> <span class='ocrx_word' id='word_1_158' title='bbox 1408 2175 1624 2231; x_wconf 88' lang='lat' dir='ltr'><strong>nostris.</strong></span> <span class='ocrx_word' id='word_1_159' title='bbox 1655 2174 1769 2228; x_wconf 77' lang='lat' dir='ltr'><strong>Mox</strong></span> <span class='ocrx_word' id='word_1_160' title='bbox 1815 2173 1976 2226; x_wconf 83' lang='lat' dir='ltr'><strong>altius</strong></span> 
     </span>
    </p>
   </div>
   <div class='ocr_carea' id='block_1_22' title="bbox 396 2263 1980 2339">
    <p class='ocr_par' dir='ltr' id='par_1_22' title="bbox 396 2263 1980 2339">
     <span class='ocr_line' id='line_1_22' title="bbox 396 2263 1980 2339; baseline -0.009 -11"><span class='ocrx_word' id='word_1_161' title='bbox 396 2274 571 2328; x_wconf 88' lang='lat' dir='ltr'><strong>adhuc</strong></span> <span class='ocrx_word' id='word_1_162' title='bbox 595 2288 689 2329; x_wconf 92' lang='lat' dir='ltr'><strong>eos</strong></span> <span class='ocrx_word' id='word_1_163' title='bbox 713 2267 979 2333; x_wconf 87' lang='lat' dir='ltr'><strong>attollens,</strong></span> <span class='ocrx_word' id='word_1_164' title='bbox 997 2270 1279 2339; x_wconf 82' lang='lat' dir='ltr'><strong>epistolam</strong></span> <span class='ocrx_word' id='word_1_165' title='bbox 1301 2282 1513 2338; x_wconf 89' lang='lat' dir='ltr'><strong>quoque</strong></span> <span class='ocrx_word' id='word_1_166' title='bbox 1534 2263 1735 2320; x_wconf 87' lang='lat' dir='ltr'><strong>Christi</strong></span> <span class='ocrx_word' id='word_1_167' title='bbox 1766 2278 1860 2317; x_wconf 87' lang='lat' dir='ltr'><strong>eos</strong></span> <span class='ocrx_word' id='word_1_168' title='bbox 1887 2277 1980 2315; x_wconf 81' lang='lat' dir='ltr'><strong>vo—</strong></span> 
     </span>
    </p>
   </div>
   <div class='ocr_carea' id='block_1_23' title="bbox 396 2354 1971 2433">
    <p class='ocr_par' dir='ltr' id='par_1_23' title="bbox 396 2354 1971 2433">
     <span class='ocr_line' id='line_1_23' title="bbox 396 2354 1971 2433; baseline -0.008 -14"><span class='ocrx_word' id='word_1_169' title='bbox 396 2373 504 2430; x_wconf 96' lang='lat' dir='ltr'><strong>cat,</strong></span> <span class='ocrx_word' id='word_1_170' title='bbox 544 2364 729 2419; x_wconf 88' lang='lat' dir='ltr'><strong>dicens</strong></span> <span class='ocrx_word' id='word_1_171' title='bbox 760 2380 774 2416; x_wconf 92' lang='lat'><strong>:</strong></span> <span class='ocrx_word' id='word_1_172' title='bbox 818 2360 1130 2433; x_wconf 74' lang='lat' dir='ltr'><strong>Mauifestati</strong></span> <span class='ocrx_word' id='word_1_173' title='bbox 1166 2360 1300 2429; x_wconf 84' lang='lat' dir='ltr'><strong>quod</strong></span> <span class='ocrx_word' id='word_1_174' title='bbox 1337 2358 1551 2429; x_wconf 89' lang='lat' dir='ltr'><strong>epistola</strong></span> <span class='ocrx_word' id='word_1_175' title='bbox 1598 2356 1715 2409; x_wconf 88' lang='lat' dir='ltr'><strong>estis</strong></span> <span class='ocrx_word' id='word_1_176' title='bbox 1764 2354 1971 2408; x_wconf 78' lang='lat' dir='ltr'><strong>Christi.</strong></span> 
     </span>
    </p>
   </div>
   <div class='ocr_carea' id='block_1_24' title="bbox 398 2447 1977 2525">
    <p class='ocr_par' dir='ltr' id='par_1_24' title="bbox 398 2447 1977 2525">
     <span class='ocr_line' id='line_1_24' title="bbox 398 2447 1977 2525; baseline -0.007 -16"><span class='ocrx_word' id='word_1_177' title='bbox 398 2454 573 2525; x_wconf 84' lang='lat' dir='ltr'><strong>Atque</strong></span> <span class='ocrx_word' id='word_1_178' title='bbox 619 2453 671 2508; x_wconf 91' lang='lat' dir='ltr'><strong>id</strong></span> <span class='ocrx_word' id='word_1_179' title='bbox 717 2453 966 2524; x_wconf 87' lang='lat' dir='ltr'><strong>loquutus</strong></span> <span class='ocrx_word' id='word_1_180' title='bbox 1006 2451 1345 2506; x_wconf 71' lang='lat' dir='ltr'><strong>occasionem</strong></span> <span class='ocrx_word' id='word_1_181' title='bbox 1394 2447 1520 2516; x_wconf 68' lang='lat' dir='ltr'><strong>hinc</strong></span> <span class='ocrx_word' id='word_1_182' title='bbox 1566 2456 1727 2516; x_wconf 88' lang='lat' dir='ltr'><strong>atque</strong></span> <span class='ocrx_word' id='word_1_183' title='bbox 1768 2447 1977 2499; x_wconf 90' lang='lat' dir='ltr'><strong>initium</strong></span> 
     </span>
    </p>
   </div>
   <div class='ocr_carea' id='block_1_25' title="bbox 398 2538 1981 2617">
    <p class='ocr_par' dir='ltr' id='par_1_25' title="bbox 398 2538 1981 2617">
     <span class='ocr_line' id='line_1_25' title="bbox 398 2538 1981 2617; baseline -0.006 -16"><span class='ocrx_word' id='word_1_184' title='bbox 398 2547 560 2602; x_wconf 87' lang='lat' dir='ltr'><strong>sumit</strong></span> <span class='ocrx_word' id='word_1_185' title='bbox 591 2546 763 2617; x_wconf 84' lang='lat' dir='ltr'><strong>legem</strong></span> <span class='ocrx_word' id='word_1_186' title='bbox 787 2543 1149 2600; x_wconf 77' lang='lat' dir='ltr'><strong>examinandi.</strong></span> <span class='ocrx_word' id='word_1_187' title='bbox 1180 2545 1352 2611; x_wconf 87' lang='lat' dir='ltr'><strong>Atque</strong></span> <span class='ocrx_word' id='word_1_188' title='bbox 1381 2540 1487 2595; x_wconf 90' lang='lat' dir='ltr'><strong>alio</strong></span> <span class='ocrx_word' id='word_1_189' title='bbox 1519 2538 1680 2593; x_wconf 88' lang='lat' dir='ltr'><strong>modo</strong></span> <span class='ocrx_word' id='word_1_190' title='bbox 1706 2552 1857 2592; x_wconf 92' lang='lat' dir='ltr'><strong>suam</strong></span> <span class='ocrx_word' id='word_1_191' title='bbox 1887 2551 1981 2592; x_wconf 89' lang='lat' dir='ltr'><strong>eos</strong></span> 
     </span>
    </p>
   </div>
   <div class='ocr_carea' id='block_1_26' title="bbox 402 2628 1982 2707">
    <p class='ocr_par' dir='ltr' id='par_1_26' title="bbox 402 2628 1982 2707">
     <span class='ocr_line' id='line_1_26' title="bbox 402 2628 1982 2707; baseline -0.007 -15"><span class='ocrx_word' id='word_1_192' title='bbox 402 2637 681 2707; x_wconf 81' lang='lat' dir='ltr'><strong>epistolam</strong></span> <span class='ocrx_word' id='word_1_193' title='bbox 709 2651 831 2691; x_wconf 90' lang='lat' dir='ltr'><strong>esse</strong></span> <span class='ocrx_word' id='word_1_194' title='bbox 850 2635 937 2690; x_wconf 92' lang='lat' dir='ltr'><strong>hic</strong></span> <span class='ocrx_word' id='word_1_195' title='bbox 963 2635 1070 2688; x_wconf 89' lang='lat' dir='ltr'><strong>ait:</strong></span> <span class='ocrx_word' id='word_1_196' title='bbox 1092 2632 1338 2704; x_wconf 75' lang='lat' dir='ltr'><strong>superius</strong></span> <span class='ocrx_word' id='word_1_197' title='bbox 1360 2632 1503 2686; x_wconf 91' lang='lat' dir='ltr'><strong>enim</strong></span> <span class='ocrx_word' id='word_1_198' title='bbox 1533 2646 1627 2687; x_wconf 88' lang='lat' dir='ltr'><strong>eos</strong></span> <span class='ocrx_word' id='word_1_199' title='bbox 1658 2630 1856 2685; x_wconf 89' lang='lat' dir='ltr'><strong>idcirco</strong></span> <span class='ocrx_word' id='word_1_200' title='bbox 1878 2628 1982 2699; x_wconf 88' lang='lat' dir='ltr'><strong>epi-</strong></span> 
     </span>
    </p>
   </div>
   <div class='ocr_carea' id='block_1_27' title="bbox 404 2714 1978 2800">
    <p class='ocr_par' dir='ltr' id='par_1_27' title="bbox 404 2714 1978 2800">
     <span class='ocr_line' id='line_1_27' title="bbox 404 2714 1978 2800; baseline -0.008 -15"><span class='ocrx_word' id='word_1_201' title='bbox 404 2730 594 2785; x_wconf 89' lang='lat' dir='ltr'><strong>stolam</strong></span> <span class='ocrx_word' id='word_1_202' title='bbox 645 2728 990 2800; x_wconf 86' lang='lat' dir='ltr'><strong>appellabat,</strong></span> <span class='ocrx_word' id='word_1_203' title='bbox 1020 2725 1163 2795; x_wconf 91' lang='lat' dir='ltr'><strong>quod</strong></span> <span class='ocrx_word' id='word_1_204' title='bbox 1205 2714 1274 2778; x_wconf 85' lang='lat' dir='ltr'><strong>ab</strong></span> <span class='ocrx_word' id='word_1_205' title='bbox 1316 2724 1446 2793; x_wconf 81' lang='lat' dir='ltr'><strong>ipsis</strong></span> <span class='ocrx_word' id='word_1_206' title='bbox 1473 2720 1978 2777; x_wconf 82' lang='lat' dir='ltr'><strong>commendaretur:</strong></span> 
     </span>
    </p>
   </div>
   <div class='ocr_carea' id='block_1_28' title="bbox 405 2812 1981 2888">
    <p class='ocr_par' dir='ltr' id='par_1_28' title="bbox 405 2812 1981 2888">
     <span class='ocr_line' id='line_1_28' title="bbox 405 2812 1981 2888; baseline -0.006 -13"><span class='ocrx_word' id='word_1_207' title='bbox 405 2820 492 2875; x_wconf 89' lang='lat' dir='ltr'><strong>hic</strong></span> <span class='ocrx_word' id='word_1_208' title='bbox 534 2830 712 2875; x_wconf 89' lang='lat' dir='ltr'><strong>autem</strong></span> <span class='ocrx_word' id='word_1_209' title='bbox 755 2817 1035 2888; x_wconf 86' lang='lat' dir='ltr'><strong>epistolam</strong></span> <span class='ocrx_word' id='word_1_210' title='bbox 1067 2816 1267 2870; x_wconf 86' lang='lat' dir='ltr'><strong>Christi</strong></span> <span class='ocrx_word' id='word_1_211' title='bbox 1308 2830 1401 2869; x_wconf 87' lang='lat' dir='ltr'><strong>eos</strong></span> <span class='ocrx_word' id='word_1_212' title='bbox 1442 2823 1616 2878; x_wconf 88' lang='lat' dir='ltr'><strong>vocat,</strong></span> <span class='ocrx_word' id='word_1_213' title='bbox 1666 2812 1843 2883; x_wconf 89' lang='lat' dir='ltr'><strong>utqui</strong></span> <span class='ocrx_word' id='word_1_214' title='bbox 1889 2812 1981 2866; x_wconf 90' lang='lat' dir='ltr'><strong>Dei</strong></span> 
     </span>
    </p>
   </div>
   <div class='ocr_carea' id='block_1_29' title="bbox 404 2905 1983 2983">
    <p class='ocr_par' dir='ltr' id='par_1_29' title="bbox 404 2905 1983 2983">
     <span class='ocr_line' id='line_1_29' title="bbox 404 2905 1983 2983; baseline -0.006 -16"><span class='ocrx_word' id='word_1_215' title='bbox 404 2914 575 2983; x_wconf 84' lang='lat' dir='ltr'><strong>legem</strong></span> <span class='ocrx_word' id='word_1_216' title='bbox 627 2911 937 2982; x_wconf 90' lang='lat' dir='ltr'><strong>inscriptam</strong></span> <span class='ocrx_word' id='word_1_217' title='bbox 994 2908 1244 2963; x_wconf 87' lang='lat' dir='ltr'><strong>habeant.</strong></span> <span class='ocrx_word' id='word_1_218' title='bbox 1301 2907 1434 2962; x_wconf 87' lang='lat' dir='ltr'><strong>Nam</strong></span> <span class='ocrx_word' id='word_1_219' title='bbox 1485 2922 1605 2977; x_wconf 76' lang='lat' dir='ltr'><strong>qua:</strong></span> <span class='ocrx_word' id='word_1_220' title='bbox 1662 2905 1805 2962; x_wconf 89' lang='lat' dir='ltr'><strong>Dens</strong></span> <span class='ocrx_word' id='word_1_221' title='bbox 1860 2919 1983 2959; x_wconf 91' lang='lat' dir='ltr'><strong>cum</strong></span> 
     </span>
    </p>
   </div>
   <div class='ocr_carea' id='block_1_30' title="bbox 405 2997 1981 3068">
    <p class='ocr_par' dir='ltr' id='par_1_30' title="bbox 405 2997 1981 3068">
     <span class='ocr_line' id='line_1_30' title="bbox 405 2997 1981 3068; baseline -0.005 -10"><span class='ocrx_word' id='word_1_222' title='bbox 405 3004 653 3058; x_wconf 91' lang='lat' dir='ltr'><strong>omnibus</strong></span> <span class='ocrx_word' id='word_1_223' title='bbox 692 3003 844 3068; x_wconf 90' lang='lat' dir='ltr'><strong>aliis,</strong></span> <span class='ocrx_word' id='word_1_224' title='bbox 893 3011 1002 3055; x_wconf 91' lang='lat' dir='ltr'><strong>tum</strong></span> <span class='ocrx_word' id='word_1_225' title='bbox 1033 3000 1182 3055; x_wconf 84' lang='lat' dir='ltr'><strong>vobis</strong></span> <span class='ocrx_word' id='word_1_226' title='bbox 1230 3001 1390 3055; x_wconf 87' lang='lat' dir='ltr'><strong>etiam</strong></span> <span class='ocrx_word' id='word_1_227' title='bbox 1433 3009 1555 3054; x_wconf 91' lang='lat' dir='ltr'><strong>nota</strong></span> <span class='ocrx_word' id='word_1_228' title='bbox 1600 3013 1721 3054; x_wconf 89' lang='lat' dir='ltr'><strong>esse</strong></span> <span class='ocrx_word' id='word_1_229' title='bbox 1750 2997 1981 3063; x_wconf 90' lang='lat' dir='ltr'><strong>volebat,</strong></span> 
     </span>
    </p>
   </div>
   <div class='ocr_carea' id='block_1_31' title="bbox 406 3088 1982 3160">
    <p class='ocr_par' dir='ltr' id='par_1_31' title="bbox 406 3088 1982 3160">
     <span class='ocr_line' id='line_1_31' title="bbox 406 3088 1982 3160; baseline -0.004 -12"><span class='ocrx_word' id='word_1_230' title='bbox 406 3094 521 3148; x_wconf 72' lang='lat' dir='ltr'><strong>ltzec</strong></span> <span class='ocrx_word' id='word_1_231' title='bbox 542 3094 594 3148; x_wconf 91' lang='lat' dir='ltr'><strong>in</strong></span> <span class='ocrx_word' id='word_1_232' title='bbox 624 3091 878 3147; x_wconf 89' lang='lat' dir='ltr'><strong>cordibus</strong></span> <span class='ocrx_word' id='word_1_233' title='bbox 904 3092 1092 3146; x_wconf 80' lang='lat' dir='ltr'><strong>vestris</strong></span> <span class='ocrx_word' id='word_1_234' title='bbox 1124 3092 1376 3160; x_wconf 86' lang='lat' dir='ltr'><strong>inscripta</strong></span> <span class='ocrx_word' id='word_1_235' title='bbox 1403 3098 1546 3143; x_wconf 92' lang='lat' dir='ltr'><strong>sunt.</strong></span> <span class='ocrx_word' id='word_1_236' title='bbox 1578 3088 1688 3147; x_wconf 85' lang='lat' dir='ltr'><strong>Nos</strong></span> <span class='ocrx_word' id='word_1_237' title='bbox 1718 3103 1878 3158; x_wconf 91' lang='lat' dir='ltr'><strong>porro</strong></span> <span class='ocrx_word' id='word_1_238' title='bbox 1909 3089 1982 3141; x_wconf 90' lang='lat' dir='ltr'><strong>ita</strong></span> 
     </span>
    </p>
   </div>
   <div class='ocr_carea' id='block_1_32' title="bbox 405 3178 1983 3254">
    <p class='ocr_par' dir='ltr' id='par_1_32' title="bbox 405 3178 1983 3254">
     <span class='ocr_line' id='line_1_32' title="bbox 405 3178 1983 3254; baseline -0.003 -18"><span class='ocrx_word' id='word_1_239' title='bbox 405 3198 501 3239; x_wconf 87' lang='lat' dir='ltr'><strong>vos</strong></span> <span class='ocrx_word' id='word_1_240' title='bbox 543 3184 991 3254; x_wconf 88' lang='lat' dir='ltr'><strong>comparavimus,</strong></span> <span class='ocrx_word' id='word_1_241' title='bbox 1039 3194 1097 3237; x_wconf 91' lang='lat' dir='ltr'><strong>ut</strong></span> <span class='ocrx_word' id='word_1_242' title='bbox 1127 3183 1307 3236; x_wconf 89' lang='lat' dir='ltr'><strong>literas</strong></span> <span class='ocrx_word' id='word_1_243' title='bbox 1352 3180 1692 3252; x_wconf 88' lang='lat' dir='ltr'><strong>exciperetis.</strong></span> <span class='ocrx_word' id='word_1_244' title='bbox 1724 3178 1794 3234; x_wconf 87' lang='lat' dir='ltr'><strong>Ut</strong></span> <span class='ocrx_word' id='word_1_245' title='bbox 1840 3179 1983 3233; x_wconf 89' lang='lat' dir='ltr'><strong>enim</strong></span> 
     </span>
    </p>
   </div>
   <div class='ocr_carea' id='block_1_33' title="bbox 404 3276 1985 3350">
    <p class='ocr_par' dir='ltr' id='par_1_33' title="bbox 404 3276 1985 3350">
     <span class='ocr_line' id='line_1_33' title="bbox 404 3276 1985 3350; baseline -0.005 -14"><span class='ocrx_word' id='word_1_246' title='bbox 404 3280 578 3337; x_wconf 77' lang='lat' dir='ltr'><strong>Moses</strong></span> <span class='ocrx_word' id='word_1_247' title='bbox 618 3280 821 3350; x_wconf 86' lang='lat' dir='ltr'><strong>lapides</strong></span> <span class='ocrx_word' id='word_1_248' title='bbox 862 3288 918 3334; x_wconf 91' lang='lat' dir='ltr'><strong>et</strong></span> <span class='ocrx_word' id='word_1_249' title='bbox 959 3278 1170 3334; x_wconf 91' lang='lat' dir='ltr'><strong>tabulas</strong></span> <span class='ocrx_word' id='word_1_250' title='bbox 1221 3276 1465 3346; x_wconf 87' lang='lat' dir='ltr'><strong>sculpsit,</strong></span> <span class='ocrx_word' id='word_1_251' title='bbox 1507 3277 1586 3330; x_wconf 89' lang='lat' dir='ltr'><strong>sic</strong></span> <span class='ocrx_word' id='word_1_252' title='bbox 1636 3289 1735 3330; x_wconf 89' lang='lat' dir='ltr'><strong>nos</strong></span> <span class='ocrx_word' id='word_1_253' title='bbox 1772 3287 1985 3344; x_wconf 90' lang='lat' dir='ltr'><strong>quoque</strong></span> 
     </span>
    </p>
   </div>
   <div class='ocr_carea' id='block_1_34' title="bbox 406 3366 1982 3436">
    <p class='ocr_par' dir='ltr' id='par_1_34' title="bbox 406 3366 1982 3436">
     <span class='ocr_line' id='line_1_34' title="bbox 406 3366 1982 3436; baseline -0.005 -10"><span class='ocrx_word' id='word_1_254' title='bbox 406 3374 613 3427; x_wconf 89' lang='lat' dir='ltr'><strong>animas</strong></span> <span class='ocrx_word' id='word_1_255' title='bbox 649 3382 855 3426; x_wconf 89' lang='lat' dir='ltr'><strong>vestras</strong></span> <span class='ocrx_word' id='word_1_256' title='bbox 887 3369 1047 3425; x_wconf 89' lang='lat' dir='ltr'><strong>:ideo</strong></span> <span class='ocrx_word' id='word_1_257' title='bbox 1075 3369 1171 3436; x_wconf 89' lang='lat' dir='ltr'><strong>ait,</strong></span> <span class='ocrx_word' id='word_1_258' title='bbox 1217 3367 1508 3422; x_wconf 77' lang='lat' dir='ltr'><strong>Ministrata</strong></span> <span class='ocrx_word' id='word_1_259' title='bbox 1557 3383 1588 3420; x_wconf 92' lang='lat' dir='ltr'><strong>a</strong></span> <span class='ocrx_word' id='word_1_260' title='bbox 1629 3367 1794 3420; x_wconf 87' lang='lat' dir='ltr'><strong>nobis.</strong></span> <span class='ocrx_word' id='word_1_261' title='bbox 1831 3367 1900 3420; x_wconf 86' lang='lat' dir='ltr'><strong>At</strong></span> <span class='ocrx_word' id='word_1_262' title='bbox 1930 3366 1982 3418; x_wconf 91' lang='lat' dir='ltr'><strong>in</strong></span> 
     </span>
    </p>
   </div>
   <div class='ocr_carea' id='block_1_35' title="bbox 411 3458 1984 3532">
    <p class='ocr_par' dir='ltr' id='par_1_35' title="bbox 411 3458 1984 3532">
     <span class='ocr_line' id='line_1_35' title="bbox 411 3458 1984 3532; baseline -0.005 -16"><span class='ocrx_word' id='word_1_263' title='bbox 411 3466 515 3517; x_wconf 89' lang='lat' dir='ltr'><strong>hoc</strong></span> <span class='ocrx_word' id='word_1_264' title='bbox 540 3462 653 3532; x_wconf 86' lang='lat' dir='ltr'><strong>pari</strong></span> <span class='ocrx_word' id='word_1_265' title='bbox 693 3461 1000 3517; x_wconf 89' lang='lat' dir='ltr'><strong>conditione</strong></span> <span class='ocrx_word' id='word_1_266' title='bbox 1040 3469 1233 3516; x_wconf 90' lang='lat' dir='ltr'><strong>erant:</strong></span> <span class='ocrx_word' id='word_1_267' title='bbox 1266 3475 1389 3514; x_wconf 92' lang='lat' dir='ltr'><strong>nam</strong></span> <span class='ocrx_word' id='word_1_268' title='bbox 1431 3469 1485 3513; x_wconf 88' lang='lat' dir='ltr'><strong>et</strong></span> <span class='ocrx_word' id='word_1_269' title='bbox 1513 3458 1616 3512; x_wconf 78' lang='lat' dir='ltr'><strong>ilhc</strong></span> <span class='ocrx_word' id='word_1_270' title='bbox 1646 3473 1675 3511; x_wconf 92' lang='lat' dir='ltr'><strong>a</strong></span> <span class='ocrx_word' id='word_1_271' title='bbox 1715 3459 1826 3512; x_wconf 88' lang='lat' dir='ltr'><strong>Deo</strong></span> <span class='ocrx_word' id='word_1_272' title='bbox 1851 3471 1984 3511; x_wconf 86' lang='lat' dir='ltr'><strong>con-</strong></span> 
     </span>
    </p>
   </div>
   <div class='ocr_carea' id='block_1_36' title="bbox 412 3549 1982 3624">
    <p class='ocr_par' dir='ltr' id='par_1_36' title="bbox 412 3549 1982 3624">
     <span class='ocr_line' id='line_1_36' title="bbox 412 3549 1982 3624; baseline -0.005 -15"><span class='ocrx_word' id='word_1_273' title='bbox 412 3556 629 3624; x_wconf 59' lang='lat' dir='ltr'><strong>scripta</strong></span> <span class='ocrx_word' id='word_1_274' title='bbox 665 3564 839 3622; x_wconf 90' lang='lat' dir='ltr'><strong>erant,</strong></span> <span class='ocrx_word' id='word_1_275' title='bbox 869 3563 924 3609; x_wconf 91' lang='lat' dir='ltr'><strong>et</strong></span> <span class='ocrx_word' id='word_1_276' title='bbox 952 3554 1067 3609; x_wconf 58' lang='lat' dir='ltr'><strong>haec</strong></span> <span class='ocrx_word' id='word_1_277' title='bbox 1107 3568 1136 3608; x_wconf 88' lang='lat' dir='ltr'><strong>a</strong></span> <span class='ocrx_word' id='word_1_278' title='bbox 1164 3552 1388 3623; x_wconf 87' lang='lat' dir='ltr'><strong>Spiritu.</strong></span> <span class='ocrx_word' id='word_1_279' title='bbox 1416 3552 1655 3618; x_wconf 84' lang='lat' dir='ltr'><strong>Quanam</strong></span> <span class='ocrx_word' id='word_1_280' title='bbox 1683 3565 1810 3619; x_wconf 80' lang='lat' dir='ltr'><strong>ergo</strong></span> <span class='ocrx_word' id='word_1_281' title='bbox 1841 3549 1891 3604; x_wconf 93' lang='lat' dir='ltr'><strong>in</strong></span> <span class='ocrx_word' id='word_1_282' title='bbox 1923 3563 1982 3602; x_wconf 88' lang='lat' dir='ltr'><strong>re</strong></span> 
     </span>
    </p>
   </div>
   <div class='ocr_carea' id='block_1_37' title="bbox 412 3640 1987 3713">
    <p class='ocr_par' dir='ltr' id='par_1_37' title="bbox 412 3640 1987 3713">
     <span class='ocr_line' id='line_1_37' title="bbox 412 3640 1987 3713; baseline -0.006 -13"><span class='ocrx_word' id='word_1_283' title='bbox 412 3646 701 3700; x_wconf 86' lang='lat' dir='ltr'><strong>discrimen</strong></span> <span class='ocrx_word' id='word_1_284' title='bbox 726 3646 885 3699; x_wconf 86' lang='lat' dir='ltr'><strong>situm</strong></span> <span class='ocrx_word' id='word_1_285' title='bbox 908 3645 1031 3701; x_wconf 83' lang='lat' dir='ltr'><strong>est?</strong></span> <span class='ocrx_word' id='word_1_286' title='bbox 1060 3643 1267 3713; x_wconf 81' lang='lat' dir='ltr'><strong>Scripta</strong></span> <span class='ocrx_word' id='word_1_287' title='bbox 1296 3661 1397 3697; x_wconf 85' lang='lat' dir='ltr'><strong>non</strong></span> <span class='ocrx_word' id='word_1_288' title='bbox 1425 3651 1731 3706; x_wconf 85' lang='lat' dir='ltr'><strong>atramento,</strong></span> <span class='ocrx_word' id='word_1_289' title='bbox 1748 3641 1836 3695; x_wconf 80' lang='lat' dir='ltr'><strong>sed</strong></span> <span class='ocrx_word' id='word_1_290' title='bbox 1862 3640 1987 3709; x_wconf 82' lang='lat' dir='ltr'><strong>Spi-</strong></span> 
     </span>
    </p>
   </div>
   <div class='ocr_carea' id='block_1_38' title="bbox 410 3730 1987 3802">
    <p class='ocr_par' dir='ltr' id='par_1_38' title="bbox 410 3730 1987 3802">
     <span class='ocr_line' id='line_1_38' title="bbox 410 3730 1987 3802; baseline -0.005 -12"><span class='ocrx_word' id='word_1_291' title='bbox 410 3739 513 3791; x_wconf 91' lang='lat' dir='ltr'><strong>ritu</strong></span> <span class='ocrx_word' id='word_1_292' title='bbox 546 3736 638 3791; x_wconf 85' lang='lat' dir='ltr'><strong>Dei</strong></span> <span class='ocrx_word' id='word_1_293' title='bbox 659 3737 863 3791; x_wconf 84' lang='lat' dir='ltr'><strong>viventis</strong></span> <span class='ocrx_word' id='word_1_294' title='bbox 889 3750 910 3791; x_wconf 88' lang='lat'><strong><em>:</em></strong></span> <span class='ocrx_word' id='word_1_295' title='bbox 933 3753 1037 3790; x_wconf 89' lang='lat' dir='ltr'><strong>non</strong></span> <span class='ocrx_word' id='word_1_296' title='bbox 1059 3736 1113 3789; x_wconf 86' lang='lat' dir='ltr'><strong>in</strong></span> <span class='ocrx_word' id='word_1_297' title='bbox 1139 3734 1319 3789; x_wconf 87' lang='lat' dir='ltr'><strong>tabulis</strong></span> <span class='ocrx_word' id='word_1_298' title='bbox 1341 3733 1584 3802; x_wconf 77' lang='lat' dir='ltr'><strong>lapideis,</strong></span> <span class='ocrx_word' id='word_1_299' title='bbox 1609 3731 1697 3787; x_wconf 79' lang='lat' dir='ltr'><strong>sed</strong></span> <span class='ocrx_word' id='word_1_300' title='bbox 1723 3731 1777 3784; x_wconf 91' lang='lat' dir='ltr'><strong>in</strong></span> <span class='ocrx_word' id='word_1_301' title='bbox 1802 3730 1987 3783; x_wconf 85' lang='lat' dir='ltr'><strong>tabulis</strong></span> 
     </span>
    </p>
   </div>
   <div class='ocr_carea' id='block_1_39' title="bbox 408 3822 1989 3895">
    <p class='ocr_par' dir='ltr' id='par_1_39' title="bbox 408 3822 1989 3895">
     <span class='ocr_line' id='line_1_39' title="bbox 408 3822 1989 3895; baseline -0.008 -9"><span class='ocrx_word' id='word_1_302' title='bbox 408 3832 577 3886; x_wconf 85' lang='lat' dir='ltr'><strong>cordis</strong></span> <span class='ocrx_word' id='word_1_303' title='bbox 615 3827 923 3884; x_wconf 78' lang='lat' dir='ltr'><strong>carnalibus.</strong></span> <span class='ocrx_word' id='word_1_304' title='bbox 969 3827 1234 3895; x_wconf 87' lang='lat' dir='ltr'><strong>Quantum</strong></span> <span class='ocrx_word' id='word_1_305' title='bbox 1265 3836 1443 3878; x_wconf 92' lang='lat' dir='ltr'><strong>autem</strong></span> <span class='ocrx_word' id='word_1_306' title='bbox 1475 3824 1614 3877; x_wconf 87' lang='lat' dir='ltr'><strong>inter</strong></span> <span class='ocrx_word' id='word_1_307' title='bbox 1638 3822 1894 3892; x_wconf 84' lang='lat' dir='ltr'><strong>Spiritum</strong></span> <span class='ocrx_word' id='word_1_308' title='bbox 1934 3830 1989 3875; x_wconf 90' lang='lat' dir='ltr'><strong>et</strong></span> 
     </span>
    </p>
   </div>
   <div class='ocr_carea' id='block_1_40' title="bbox 408 3914 1989 3992">
    <p class='ocr_par' dir='ltr' id='par_1_40' title="bbox 408 3914 1989 3992">
     <span class='ocr_line' id='line_1_40' title="bbox 408 3914 1989 3992; baseline -0.007 -13"><span class='ocrx_word' id='word_1_309' title='bbox 408 3933 786 3987; x_wconf 84' lang='lat' dir='ltr'><strong>atramentum,</strong></span> <span class='ocrx_word' id='word_1_310' title='bbox 814 3930 971 3992; x_wconf 89' lang='lat' dir='ltr'><strong>atque</strong></span> <span class='ocrx_word' id='word_1_311' title='bbox 997 3918 1141 3975; x_wconf 71' lang='lat' dir='ltr'><strong>inter’</strong></span> <span class='ocrx_word' id='word_1_312' title='bbox 1167 3918 1403 3988; x_wconf 84' lang='lat' dir='ltr'><strong>lapideas</strong></span> <span class='ocrx_word' id='word_1_313' title='bbox 1429 3927 1482 3971; x_wconf 91' lang='lat' dir='ltr'><strong>et</strong></span> <span class='ocrx_word' id='word_1_314' title='bbox 1506 3917 1749 3971; x_wconf 88' lang='lat' dir='ltr'><strong>carnales</strong></span> <span class='ocrx_word' id='word_1_315' title='bbox 1780 3914 1989 3968; x_wconf 87' lang='lat' dir='ltr'><strong>tabulas</strong></span> 
     </span>
    </p>
   </div>
   <div class='ocr_carea' id='block_1_41' title="bbox 410 4006 1986 4082">
    <p class='ocr_par' dir='ltr' id='par_1_41' title="bbox 410 4006 1986 4082">
     <span class='ocr_line' id='line_1_41' title="bbox 410 4006 1986 4082; baseline -0.01 -9"><span class='ocrx_word' id='word_1_316' title='bbox 410 4019 651 4082; x_wconf 86' lang='lat' dir='ltr'><strong>interest,</strong></span> <span class='ocrx_word' id='word_1_317' title='bbox 687 4024 891 4070; x_wconf 85' lang='lat' dir='ltr'><strong>tantum</strong></span> <span class='ocrx_word' id='word_1_318' title='bbox 917 4014 1075 4067; x_wconf 87' lang='lat' dir='ltr'><strong>etiam</strong></span> <span class='ocrx_word' id='word_1_319' title='bbox 1107 4012 1246 4066; x_wconf 89' lang='lat' dir='ltr'><strong>inter</strong></span> <span class='ocrx_word' id='word_1_320' title='bbox 1270 4010 1367 4064; x_wconf 88' lang='lat' dir='ltr'><strong>has</strong></span> <span class='ocrx_word' id='word_1_321' title='bbox 1392 4017 1445 4064; x_wconf 91' lang='lat' dir='ltr'><strong>et</strong></span> <span class='ocrx_word' id='word_1_322' title='bbox 1472 4008 1590 4062; x_wconf 90' lang='lat' dir='ltr'><strong>illas</strong></span> <span class='ocrx_word' id='word_1_323' title='bbox 1611 4017 1693 4062; x_wconf 90' lang='lat' dir='ltr'><strong>est</strong></span> <span class='ocrx_word' id='word_1_324' title='bbox 1715 4006 1986 4061; x_wconf 83' lang='lat' dir='ltr'><strong>discrimi-</strong></span> 
     </span>
    </p>
   </div>
   <div class='ocr_carea' id='block_1_42' title="bbox 416 4098 1973 4177">
    <p class='ocr_par' dir='ltr' id='par_1_42' title="bbox 416 4098 1973 4177">
     <span class='ocr_line' id='line_1_42' title="bbox 416 4098 1973 4177; baseline -0.009 -12"><span class='ocrx_word' id='word_1_325' title='bbox 416 4111 500 4165; x_wconf 86' lang='lat' dir='ltr'><strong>nis</strong></span> <span class='ocrx_word' id='word_1_326' title='bbox 529 4127 543 4164; x_wconf 91' lang='lat'><strong>:</strong></span> <span class='ocrx_word' id='word_1_327' title='bbox 575 4122 638 4163; x_wconf 92' lang='lat' dir='ltr'><strong>ac</strong></span> <span class='ocrx_word' id='word_1_328' title='bbox 681 4104 903 4177; x_wconf 87' lang='lat' dir='ltr'><strong>proinde</strong></span> <span class='ocrx_word' id='word_1_329' title='bbox 946 4103 1085 4157; x_wconf 84' lang='lat' dir='ltr'><strong>inter</strong></span> <span class='ocrx_word' id='word_1_330' title='bbox 1122 4116 1216 4157; x_wconf 91' lang='lat' dir='ltr'><strong>eos</strong></span> <span class='ocrx_word' id='word_1_331' title='bbox 1238 4116 1468 4172; x_wconf 91' lang='lat' dir='ltr'><strong>quoque,</strong></span> <span class='ocrx_word' id='word_1_332' title='bbox 1496 4100 1586 4169; x_wconf 90' lang='lat' dir='ltr'><strong>qui</strong></span> <span class='ocrx_word' id='word_1_333' title='bbox 1631 4098 1711 4153; x_wconf 88' lang='lat' dir='ltr'><strong>his</strong></span> <span class='ocrx_word' id='word_1_334' title='bbox 1754 4113 1973 4167; x_wconf 84' lang='lat' dir='ltr'><strong>operam</strong></span> 
     </span>
    </p>
   </div>
   <div class='ocr_carea' id='block_1_43' title="bbox 409 4193 1986 4267">
    <p class='ocr_par' dir='ltr' id='par_1_43' title="bbox 409 4193 1986 4267">
     <span class='ocr_line' id='line_1_43' title="bbox 409 4193 1986 4267; baseline -0.008 -9"><span class='ocrx_word' id='word_1_335' title='bbox 409 4208 691 4262; x_wconf 83' lang='lat' dir='ltr'><strong>navarunt.</strong></span> <span class='ocrx_word' id='word_1_336' title='bbox 720 4207 770 4254; x_wconf 91' lang='lat' dir='ltr'><strong>et</strong></span> <span class='ocrx_word' id='word_1_337' title='bbox 797 4213 940 4261; x_wconf 89' lang='lat' dir='ltr'><strong>eum,</strong></span> <span class='ocrx_word' id='word_1_338' title='bbox 973 4197 1059 4267; x_wconf 87' lang='lat' dir='ltr'><strong>qui</strong></span> <span class='ocrx_word' id='word_1_339' title='bbox 1084 4195 1191 4250; x_wconf 86' lang='lat' dir='ltr'><strong>illis</strong></span> <span class='ocrx_word' id='word_1_340' title='bbox 1214 4210 1429 4263; x_wconf 89' lang='lat' dir='ltr'><strong>operam</strong></span> <span class='ocrx_word' id='word_1_341' title='bbox 1455 4193 1684 4248; x_wconf 90' lang='lat' dir='ltr'><strong>navavit.</strong></span> <span class='ocrx_word' id='word_1_342' title='bbox 1716 4193 1797 4248; x_wconf 88' lang='lat' dir='ltr'><strong>0b</strong></span> <span class='ocrx_word' id='word_1_343' title='bbox 1836 4208 1986 4247; x_wconf 87' lang='lat' dir='ltr'><strong>eam-</strong></span> 
     </span>
    </p>
   </div>
   <div class='ocr_carea' id='block_1_44' title="bbox 412 4281 1991 4364">
    <p class='ocr_par' dir='ltr' id='par_1_44' title="bbox 412 4281 1991 4364">
     <span class='ocr_line' id='line_1_44' title="bbox 412 4281 1991 4364; baseline -0.007 -19"><span class='ocrx_word' id='word_1_344' title='bbox 412 4308 516 4364; x_wconf 85' lang='lat' dir='ltr'><strong>que</strong></span> <span class='ocrx_word' id='word_1_345' title='bbox 560 4304 799 4354; x_wconf 89' lang='lat' dir='ltr'><strong>causam,</strong></span> <span class='ocrx_word' id='word_1_346' title='bbox 830 4289 954 4359; x_wconf 87' lang='lat' dir='ltr'><strong>quia</strong></span> <span class='ocrx_word' id='word_1_347' title='bbox 995 4284 1273 4356; x_wconf 89' lang='lat' dir='ltr'><strong>magniﬁce</strong></span> <span class='ocrx_word' id='word_1_348' title='bbox 1299 4285 1549 4353; x_wconf 85' lang='lat' dir='ltr'><strong>loquutus</strong></span> <span class='ocrx_word' id='word_1_349' title='bbox 1577 4281 1764 4349; x_wconf 88' lang='lat' dir='ltr'><strong>fuerat,</strong></span> <span class='ocrx_word' id='word_1_350' title='bbox 1805 4283 1991 4335; x_wconf 81' lang='lat' dir='ltr'><strong>conle—</strong></span> 
     </span>
    </p>
   </div>
   <div class='ocr_carea' id='block_1_45' title="bbox 417 4374 1990 4450">
    <p class='ocr_par' dir='ltr' id='par_1_45' title="bbox 417 4374 1990 4450">
     <span class='ocr_line' id='line_1_45' title="bbox 417 4374 1990 4450; baseline -0.009 -11"><span class='ocrx_word' id='word_1_351' title='bbox 417 4384 548 4440; x_wconf 89' lang='lat' dir='ltr'><strong>stim</strong></span> <span class='ocrx_word' id='word_1_352' title='bbox 605 4383 841 4450; x_wconf 89' lang='lat' dir='ltr'><strong>seipsum</strong></span> <span class='ocrx_word' id='word_1_353' title='bbox 884 4378 1093 4449; x_wconf 89' lang='lat' dir='ltr'><strong>carpit,</strong></span> <span class='ocrx_word' id='word_1_354' title='bbox 1140 4376 1364 4431; x_wconf 87' lang='lat' dir='ltr'><strong>dicens:</strong></span> <span class='ocrx_word' id='word_1_355' title='bbox 1398 4376 1453 4429; x_wconf 70' lang='grc'><strong>4.</strong></span> <span class='ocrx_word' id='word_1_356' title='bbox 1509 4374 1775 4427; x_wconf 80' lang='lat' dir='ltr'><strong>Fiduciam</strong></span> <span class='ocrx_word' id='word_1_357' title='bbox 1823 4384 1990 4426; x_wconf 84' lang='lat' dir='ltr'><strong>autem</strong></span> 
     </span>
    </p>
   </div>
   <div class='ocr_carea' id='block_1_46' title="bbox 421 4465 1994 4539">
    <p class='ocr_par' dir='ltr' id='par_1_46' title="bbox 421 4465 1994 4539">
     <span class='ocr_line' id='line_1_46' title="bbox 421 4465 1994 4539; baseline -0.006 -12"><span class='ocrx_word' id='word_1_358' title='bbox 421 4474 573 4527; x_wconf 85' lang='lat' dir='ltr'><strong>talem</strong></span> <span class='ocrx_word' id='word_1_359' title='bbox 603 4471 844 4526; x_wconf 77' lang='lat' dir='ltr'><strong>habemus</strong></span> <span class='ocrx_word' id='word_1_360' title='bbox 882 4485 970 4539; x_wconf 84' lang='lat' dir='ltr'><strong>per</strong></span> <span class='ocrx_word' id='word_1_361' title='bbox 995 4466 1251 4522; x_wconf 84' lang='lat' dir='ltr'><strong>Christum</strong></span> <span class='ocrx_word' id='word_1_362' title='bbox 1277 4468 1344 4519; x_wconf 84' lang='lat' dir='ltr'><strong>ad</strong></span> <span class='ocrx_word' id='word_1_363' title='bbox 1382 4465 1584 4529; x_wconf 88' lang='lat' dir='ltr'><strong>Deum;</strong></span> <span class='ocrx_word' id='word_1_364' title='bbox 1612 4481 1674 4517; x_wconf 89' lang='lat' dir='ltr'><strong>ac</strong></span> <span class='ocrx_word' id='word_1_365' title='bbox 1702 4479 1884 4518; x_wconf 87' lang='lat' dir='ltr'><strong>rursus</strong></span> <span class='ocrx_word' id='word_1_366' title='bbox 1913 4473 1994 4517; x_wconf 89' lang='lat' dir='ltr'><strong>to-</strong></span> 
     </span>
    </p>
   </div>
   <div class='ocr_carea' id='block_1_47' title="bbox 415 4558 1993 4622">
    <p class='ocr_par' dir='ltr' id='par_1_47' title="bbox 415 4558 1993 4622">
     <span class='ocr_line' id='line_1_47' title="bbox 415 4558 1993 4622; baseline -0.008 0"><span class='ocrx_word' id='word_1_367' title='bbox 415 4576 526 4622; x_wconf 90' lang='lat' dir='ltr'><strong>tum</strong></span> <span class='ocrx_word' id='word_1_368' title='bbox 574 4566 627 4621; x_wconf 88' lang='lat' dir='ltr'><strong>id</strong></span> <span class='ocrx_word' id='word_1_369' title='bbox 670 4567 781 4621; x_wconf 86' lang='lat' dir='ltr'><strong>Deo</strong></span> <span class='ocrx_word' id='word_1_370' title='bbox 808 4563 1112 4620; x_wconf 84' lang='lat' dir='ltr'><strong>adscribit:</strong></span> <span class='ocrx_word' id='word_1_371' title='bbox 1148 4562 1336 4616; x_wconf 91' lang='lat' dir='ltr'><strong>horum</strong></span> <span class='ocrx_word' id='word_1_372' title='bbox 1380 4560 1523 4615; x_wconf 88' lang='lat' dir='ltr'><strong>enim</strong></span> <span class='ocrx_word' id='word_1_373' title='bbox 1565 4558 1720 4613; x_wconf 90' lang='lat' dir='ltr'><strong>nobis</strong></span> <span class='ocrx_word' id='word_1_374' title='bbox 1749 4558 1993 4611; x_wconf 90' lang='lat' dir='ltr'><strong>Christus</strong></span> 
     </span>
    </p>
   </div>
   <div class='ocr_carea' id='block_1_48' title="bbox 415 4650 1995 4726">
    <p class='ocr_par' dir='ltr' id='par_1_48' title="bbox 415 4650 1995 4726">
     <span class='ocr_line' id='line_1_48' title="bbox 415 4650 1995 4726; baseline -0.007 -13"><span class='ocrx_word' id='word_1_375' title='bbox 415 4672 573 4713; x_wconf 85' lang='lat' dir='ltr'><strong>causa</strong></span> <span class='ocrx_word' id='word_1_376' title='bbox 626 4666 748 4723; x_wconf 88' lang='lat' dir='ltr'><strong>est,</strong></span> <span class='ocrx_word' id='word_1_377' title='bbox 795 4656 987 4726; x_wconf 89' lang='lat' dir='ltr'><strong>inquit.</strong></span> <span class='ocrx_word' id='word_1_378' title='bbox 1036 4656 1091 4711; x_wconf 85' lang='lat'><strong>5.</strong></span> <span class='ocrx_word' id='word_1_379' title='bbox 1153 4652 1277 4708; x_wconf 85' lang='lat' dir='ltr'><strong>Non</strong></span> <span class='ocrx_word' id='word_1_380' title='bbox 1322 4653 1457 4724; x_wconf 86' lang='lat' dir='ltr'><strong>quod</strong></span> <span class='ocrx_word' id='word_1_381' title='bbox 1502 4651 1798 4722; x_wconf 71' lang='lat' dir='ltr'><strong>suﬁicientes</strong></span> <span class='ocrx_word' id='word_1_382' title='bbox 1837 4650 1995 4703; x_wconf 84' lang='lat' dir='ltr'><strong>simus</strong></span> 
     </span>
    </p>
   </div>
   <div class='ocr_carea' id='block_1_49' title="bbox 413 4741 1995 4819">
    <p class='ocr_par' dir='ltr' id='par_1_49' title="bbox 413 4741 1995 4819">
     <span class='ocr_line' id='line_1_49' title="bbox 413 4741 1995 4819; baseline -0.004 -17"><span class='ocrx_word' id='word_1_383' title='bbox 413 4748 633 4819; x_wconf 84' lang='lat' dir='ltr'><strong>cogitare</strong></span> <span class='ocrx_word' id='word_1_384' title='bbox 646 4748 840 4819; x_wconf 81' lang='lat' dir='ltr'><strong>aliquid</strong></span> <span class='ocrx_word' id='word_1_385' title='bbox 863 4763 926 4800; x_wconf 79' lang='lat' dir='ltr'><strong>ea:</strong></span> <span class='ocrx_word' id='word_1_386' title='bbox 945 4747 1086 4801; x_wconf 83' lang='lat' dir='ltr'><strong>nobis</strong></span> <span class='ocrx_word' id='word_1_387' title='bbox 1104 4754 1358 4815; x_wconf 86' lang='lat' dir='ltr'><strong>tamquam</strong></span> <span class='ocrx_word' id='word_1_388' title='bbox 1380 4760 1441 4798; x_wconf 78' lang='lat' dir='ltr'><strong>ea:</strong></span> <span class='ocrx_word' id='word_1_389' title='bbox 1460 4742 1623 4797; x_wconf 86' lang='lat' dir='ltr'><strong>nobis.</strong></span> <span class='ocrx_word' id='word_1_390' title='bbox 1652 4741 1781 4798; x_wconf 89' lang='lat' dir='ltr'><strong>Vide</strong></span> <span class='ocrx_word' id='word_1_391' title='bbox 1807 4754 1995 4795; x_wconf 84' lang='lat' dir='ltr'><strong>rursus</strong></span> 
     </span>
    </p>
   </div>
   <div class='ocr_carea' id='block_1_50' title="bbox 416 4834 1990 4907">
    <p class='ocr_par' dir='ltr' id='par_1_50' title="bbox 416 4834 1990 4907">
     <span class='ocr_line' id='line_1_50' title="bbox 416 4834 1990 4907; baseline -0.003 -15"><span class='ocrx_word' id='word_1_392' title='bbox 416 4840 639 4893; x_wconf 87' lang='lat' dir='ltr'><strong>alteram</strong></span> <span class='ocrx_word' id='word_1_393' title='bbox 666 4839 826 4894; x_wconf 88' lang='lat' dir='ltr'><strong>etiam</strong></span> <span class='ocrx_word' id='word_1_394' title='bbox 851 4837 1310 4907; x_wconf 66' lang='lat' dir='ltr'><strong>praemunitionem</strong></span> <span class='ocrx_word' id='word_1_395' title='bbox 1331 4852 1346 4900; x_wconf 92' lang='lat'><strong>;</strong></span> <span class='ocrx_word' id='word_1_396' title='bbox 1369 4835 1631 4906; x_wconf 90' lang='lat' dir='ltr'><strong>siquidem</strong></span> <span class='ocrx_word' id='word_1_397' title='bbox 1656 4834 1755 4889; x_wconf 90' lang='lat' dir='ltr'><strong>hac</strong></span> <span class='ocrx_word' id='word_1_398' title='bbox 1773 4835 1990 4900; x_wconf 89' lang='lat' dir='ltr'><strong>virtute,</strong></span> 
     </span>
    </p>
   </div>
   <div class='ocr_carea' id='block_1_51' title="bbox 416 4925 1998 4998">
    <p class='ocr_par' dir='ltr' id='par_1_51' title="bbox 416 4925 1998 4998">
     <span class='ocr_line' id='line_1_51' title="bbox 416 4925 1998 4998; baseline -0.004 -18"><span class='ocrx_word' id='word_1_399' title='bbox 416 4927 521 4983; x_wconf 89' lang='lat' dir='ltr'><strong>hoc</strong></span> <span class='ocrx_word' id='word_1_400' title='bbox 546 4936 632 4982; x_wconf 87' lang='lat' dir='ltr'><strong>est</strong></span> <span class='ocrx_word' id='word_1_401' title='bbox 654 4927 977 4990; x_wconf 88' lang='lat' dir='ltr'><strong>humilitate,</strong></span> <span class='ocrx_word' id='word_1_402' title='bbox 1007 4928 1062 4982; x_wconf 91' lang='lat' dir='ltr'><strong>in</strong></span> <span class='ocrx_word' id='word_1_403' title='bbox 1097 4929 1286 4998; x_wconf 90' lang='lat' dir='ltr'><strong>primis</strong></span> <span class='ocrx_word' id='word_1_404' title='bbox 1316 4927 1511 4982; x_wconf 82' lang='lat' dir='ltr'><strong>Paulus</strong></span> <span class='ocrx_word' id='word_1_405' title='bbox 1538 4927 1774 4982; x_wconf 85' lang='lat' dir='ltr'><strong>excellit.</strong></span> <span class='ocrx_word' id='word_1_406' title='bbox 1803 4925 1998 4995; x_wconf 62' lang='lat' dir='ltr'><strong>quue:</strong></span> 
     </span>
    </p>
   </div>
   <div class='ocr_carea' id='block_1_52' title="bbox 420 5015 1994 5089">
    <p class='ocr_par' dir='ltr' id='par_1_52' title="bbox 420 5015 1994 5089">
     <span class='ocr_line' id='line_1_52' title="bbox 420 5015 1994 5089; baseline -0.003 -16"><span class='ocrx_word' id='word_1_407' title='bbox 420 5018 496 5083; x_wconf 89' lang='lat' dir='ltr'><strong>ﬁt,</strong></span> <span class='ocrx_word' id='word_1_408' title='bbox 527 5028 587 5073; x_wconf 89' lang='lat' dir='ltr'><strong>ut</strong></span> <span class='ocrx_word' id='word_1_409' title='bbox 614 5020 829 5088; x_wconf 90' lang='lat' dir='ltr'><strong>quoties</strong></span> <span class='ocrx_word' id='word_1_410' title='bbox 855 5019 922 5074; x_wconf 91' lang='lat' dir='ltr'><strong>de</strong></span> <span class='ocrx_word' id='word_1_411' title='bbox 951 5020 1127 5089; x_wconf 82' lang='lat' dir='ltr'><strong>seipse</strong></span> <span class='ocrx_word' id='word_1_412' title='bbox 1171 5017 1456 5088; x_wconf 89' lang='lat' dir='ltr'><strong>magniﬁce</strong></span> <span class='ocrx_word' id='word_1_413' title='bbox 1502 5017 1705 5087; x_wconf 89' lang='lat' dir='ltr'><strong>aliquid</strong></span> <span class='ocrx_word' id='word_1_414' title='bbox 1734 5018 1829 5082; x_wconf 88' lang='lat' dir='ltr'><strong>ait,</strong></span> <span class='ocrx_word' id='word_1_415' title='bbox 1864 5015 1994 5069; x_wconf 88' lang='lat' dir='ltr'><strong>nihil</strong></span> 
     </span>
    </p>
   </div>
   <div class='ocr_carea' id='block_1_53' title="bbox 418 5108 1997 5180">
    <p class='ocr_par' dir='ltr' id='par_1_53' title="bbox 418 5108 1997 5180">
     <span class='ocr_line' id='line_1_53' title="bbox 418 5108 1997 5180; baseline 0 -15"><span class='ocrx_word' id='word_1_416' title='bbox 418 5127 525 5165; x_wconf 89' lang='lat' dir='ltr'><strong>non</strong></span> <span class='ocrx_word' id='word_1_417' title='bbox 564 5112 724 5167; x_wconf 89' lang='lat' dir='ltr'><strong>studii</strong></span> <span class='ocrx_word' id='word_1_418' title='bbox 751 5111 1023 5177; x_wconf 85' lang='lat' dir='ltr'><strong>adhibeat,</strong></span> <span class='ocrx_word' id='word_1_419' title='bbox 1055 5119 1112 5166; x_wconf 92' lang='lat' dir='ltr'><strong>ut</strong></span> <span class='ocrx_word' id='word_1_420' title='bbox 1143 5111 1194 5166; x_wconf 90' lang='lat' dir='ltr'><strong>id</strong></span> <span class='ocrx_word' id='word_1_421' title='bbox 1237 5110 1425 5180; x_wconf 89' lang='lat' dir='ltr'><strong>quovis</strong></span> <span class='ocrx_word' id='word_1_422' title='bbox 1469 5108 1631 5164; x_wconf 91' lang='lat' dir='ltr'><strong>modo</strong></span> <span class='ocrx_word' id='word_1_423' title='bbox 1684 5110 1889 5179; x_wconf 84' lang='lat' dir='ltr'><strong>mitiget</strong></span> <span class='ocrx_word' id='word_1_424' title='bbox 1933 5125 1997 5165; x_wconf 89' lang='lat' dir='ltr'><strong>ac</strong></span> 
     </span>
    </p>
   </div>
   <div class='ocr_carea' id='block_1_54' title="bbox 420 5200 1998 5271">
    <p class='ocr_par' dir='ltr' id='par_1_54' title="bbox 420 5200 1998 5271">
     <span class='ocr_line' id='line_1_54' title="bbox 420 5200 1998 5271; baseline -0.001 -15"><span class='ocrx_word' id='word_1_425' title='bbox 420 5203 645 5258; x_wconf 89' lang='lat' dir='ltr'><strong>molliat.</strong></span> <span class='ocrx_word' id='word_1_426' title='bbox 681 5204 833 5271; x_wconf 85' lang='lat' dir='ltr'><strong>Quod</strong></span> <span class='ocrx_word' id='word_1_427' title='bbox 860 5206 1020 5259; x_wconf 88' lang='lat' dir='ltr'><strong>etiam</strong></span> <span class='ocrx_word' id='word_1_428' title='bbox 1050 5206 1155 5259; x_wconf 90' lang='lat' dir='ltr'><strong>hoc</strong></span> <span class='ocrx_word' id='word_1_429' title='bbox 1194 5203 1315 5258; x_wconf 88' lang='lat' dir='ltr'><strong>loco</strong></span> <span class='ocrx_word' id='word_1_430' title='bbox 1355 5201 1438 5256; x_wconf 89' lang='lat' dir='ltr'><strong>his</strong></span> <span class='ocrx_word' id='word_1_431' title='bbox 1462 5201 1638 5256; x_wconf 79' lang='lat' dir='ltr'><strong>verbis</strong></span> <span class='ocrx_word' id='word_1_432' title='bbox 1668 5200 1795 5255; x_wconf 81' lang='lat' dir='ltr'><strong>facit</strong></span> <span class='ocrx_word' id='word_1_433' title='bbox 1829 5218 1843 5254; x_wconf 91' lang='lat'><strong>:</strong></span> <span class='ocrx_word' id='word_1_434' title='bbox 1875 5200 1998 5255; x_wconf 85' lang='lat' dir='ltr'><strong>Non</strong></span> 
     </span>
    </p>
   </div>
   <div class='ocr_carea' id='block_1_55' title="bbox 416 5293 1997 5370">
    <p class='ocr_par' dir='ltr' id='par_1_55' title="bbox 416 5293 1997 5370">
     <span class='ocr_line' id='line_1_55' title="bbox 416 5293 1997 5370; baseline -0.004 -18"><span class='ocrx_word' id='word_1_435' title='bbox 416 5298 553 5369; x_wconf 75' lang='lat' dir='ltr'><strong>quod</strong></span> <span class='ocrx_word' id='word_1_436' title='bbox 581 5299 739 5354; x_wconf 80' lang='lat' dir='ltr'><strong>simus</strong></span> <span class='ocrx_word' id='word_1_437' title='bbox 776 5300 1069 5370; x_wconf 64' lang='lat' dir='ltr'><strong>sufﬁcientes</strong></span> <span class='ocrx_word' id='word_1_438' title='bbox 1091 5298 1313 5369; x_wconf 79' lang='lat' dir='ltr'><strong>cogitare</strong></span> <span class='ocrx_word' id='word_1_439' title='bbox 1337 5296 1530 5366; x_wconf 83' lang='lat' dir='ltr'><strong>aliquid</strong></span> <span class='ocrx_word' id='word_1_440' title='bbox 1572 5311 1636 5350; x_wconf 78' lang='lat' dir='ltr'><strong>ea;</strong></span> <span class='ocrx_word' id='word_1_441' title='bbox 1660 5293 1822 5357; x_wconf 84' lang='lat' dir='ltr'><strong>nobis,</strong></span> <span class='ocrx_word' id='word_1_442' title='bbox 1868 5305 1997 5348; x_wconf 87' lang='lat' dir='ltr'><strong>tam-</strong></span> 
     </span>
    </p>
   </div>
   <div class='ocr_carea' id='block_1_56' title="bbox 418 5385 1998 5457">
    <p class='ocr_par' dir='ltr' id='par_1_56' title="bbox 418 5385 1998 5457">
     <span class='ocr_line' id='line_1_56' title="bbox 418 5385 1998 5457; baseline -0.001 -16"><span class='ocrx_word' id='word_1_443' title='bbox 418 5406 570 5456; x_wconf 81' lang='lat' dir='ltr'><strong>quam</strong></span> <span class='ocrx_word' id='word_1_444' title='bbox 601 5405 665 5443; x_wconf 77' lang='lat' dir='ltr'><strong>ea:</strong></span> <span class='ocrx_word' id='word_1_445' title='bbox 705 5391 869 5445; x_wconf 81' lang='lat' dir='ltr'><strong>nobis.</strong></span> <span class='ocrx_word' id='word_1_446' title='bbox 901 5391 1013 5444; x_wconf 86' lang='lat' dir='ltr'><strong>[loc</strong></span> <span class='ocrx_word' id='word_1_447' title='bbox 1051 5397 1154 5457; x_wconf 86' lang='lat' dir='ltr'><strong>est,</strong></span> <span class='ocrx_word' id='word_1_448' title='bbox 1183 5388 1299 5443; x_wconf 87' lang='lat' dir='ltr'><strong>Non</strong></span> <span class='ocrx_word' id='word_1_449' title='bbox 1328 5388 1400 5442; x_wconf 89' lang='lat' dir='ltr'><strong>ita</strong></span> <span class='ocrx_word' id='word_1_450' title='bbox 1439 5387 1571 5452; x_wconf 80' lang='lat' dir='ltr'><strong>dixi,</strong></span> <span class='ocrx_word' id='word_1_451' title='bbox 1605 5385 1880 5439; x_wconf 81' lang='lat' dir='ltr'><strong>Fiduciam</strong></span> <span class='ocrx_word' id='word_1_452' title='bbox 1906 5385 1998 5439; x_wconf 85' lang='lat' dir='ltr'><strong>htt-</strong></span> 
     </span>
    </p>
   </div>
   <div class='ocr_carea' id='block_1_57' title="bbox 423 5476 1996 5547">
    <p class='ocr_par' dir='ltr' id='par_1_57' title="bbox 423 5476 1996 5547">
     <span class='ocr_line' id='line_1_57' title="bbox 423 5476 1996 5547; baseline 0 -16"><span class='ocrx_word' id='word_1_453' title='bbox 423 5480 616 5547; x_wconf 69' lang='lat' dir='ltr'><strong>beittus,</strong></span> <span class='ocrx_word' id='word_1_454' title='bbox 648 5495 713 5535; x_wconf 89' lang='lat' dir='ltr'><strong>ac</strong></span> <span class='ocrx_word' id='word_1_455' title='bbox 736 5481 780 5535; x_wconf 88' lang='lat' dir='ltr'><strong>si</strong></span> <span class='ocrx_word' id='word_1_456' title='bbox 804 5479 951 5534; x_wconf 88' lang='lat' dir='ltr'><strong>aliud</strong></span> <span class='ocrx_word' id='word_1_457' title='bbox 976 5488 1214 5534; x_wconf 88' lang='lat' dir='ltr'><strong>nostrum</strong></span> <span class='ocrx_word' id='word_1_458' title='bbox 1258 5478 1347 5543; x_wconf 86' lang='lat' dir='ltr'><strong>sit,</strong></span> <span class='ocrx_word' id='word_1_459' title='bbox 1373 5478 1513 5532; x_wconf 91' lang='lat' dir='ltr'><strong>aliud</strong></span> <span class='ocrx_word' id='word_1_460' title='bbox 1550 5477 1672 5542; x_wconf 84' lang='lat' dir='ltr'><strong>Dei;</strong></span> <span class='ocrx_word' id='word_1_461' title='bbox 1703 5476 1795 5532; x_wconf 88' lang='lat' dir='ltr'><strong>sed</strong></span> <span class='ocrx_word' id='word_1_462' title='bbox 1828 5485 1996 5531; x_wconf 90' lang='lat' dir='ltr'><strong>totum</strong></span> 
     </span>
    </p>
   </div>
   <div class='ocr_carea' id='block_1_58' title="bbox 425 5565 1999 5638">
    <p class='ocr_par' dir='ltr' id='par_1_58' title="bbox 425 5565 1999 5638">
     <span class='ocr_line' id='line_1_58' title="bbox 425 5565 1999 5638; baseline -0.001 -16"><span class='ocrx_word' id='word_1_463' title='bbox 425 5568 566 5624; x_wconf 84' lang='lat' dir='ltr'><strong>istud</strong></span> <span class='ocrx_word' id='word_1_464' title='bbox 596 5572 708 5626; x_wconf 90' lang='lat' dir='ltr'><strong>Deo</strong></span> <span class='ocrx_word' id='word_1_465' title='bbox 749 5571 1022 5627; x_wconf 86' lang='lat' dir='ltr'><strong>adscribo.</strong></span> <span class='ocrx_word' id='word_1_466' title='bbox 1057 5569 1253 5624; x_wconf 81' lang='lat' dir='ltr'><strong>Nostra</strong></span> <span class='ocrx_word' id='word_1_467' title='bbox 1277 5570 1409 5623; x_wconf 86' lang='lat' dir='ltr'><strong>enim</strong></span> <span class='ocrx_word' id='word_1_468' title='bbox 1452 5568 1746 5638; x_wconf 71' lang='lat' dir='ltr'><strong>suﬁicientia</strong></span> <span class='ocrx_word' id='word_1_469' title='bbox 1791 5583 1852 5620; x_wconf 84' lang='lat' dir='ltr'><strong>ea:</strong></span> <span class='ocrx_word' id='word_1_470' title='bbox 1886 5565 1999 5621; x_wconf 82' lang='lat' dir='ltr'><strong>Deo</strong></span> 
     </span>
    </p>
   </div>
   <div class='ocr_carea' id='block_1_59' title="bbox 424 5662 2000 5734">
    <p class='ocr_par' dir='ltr' id='par_1_59' title="bbox 424 5662 2000 5734">
     <span class='ocr_line' id='line_1_59' title="bbox 424 5662 2000 5734; baseline 0.003 -23"><span class='ocrx_word' id='word_1_471' title='bbox 424 5670 517 5724; x_wconf 80' lang='lat' dir='ltr'><strong>est,</strong></span> <span class='ocrx_word' id='word_1_472' title='bbox 542 5662 598 5719; x_wconf 80' lang='lat'><strong>6.</strong></span> <span class='ocrx_word' id='word_1_473' title='bbox 624 5664 712 5733; x_wconf 85' lang='lat' dir='ltr'><strong>qui</strong></span> <span class='ocrx_word' id='word_1_474' title='bbox 729 5674 776 5718; x_wconf 90' lang='lat' dir='ltr'><strong>et</strong></span> <span class='ocrx_word' id='word_1_475' title='bbox 801 5665 1010 5718; x_wconf 86' lang='lat' dir='ltr'><strong>idoneos</strong></span> <span class='ocrx_word' id='word_1_476' title='bbox 1031 5679 1122 5717; x_wconf 89' lang='lat' dir='ltr'><strong>nos</strong></span> <span class='ocrx_word' id='word_1_477' title='bbox 1143 5663 1259 5734; x_wconf 81' lang='lat' dir='ltr'><strong>fecit</strong></span> <span class='ocrx_word' id='word_1_478' title='bbox 1281 5662 1534 5717; x_wconf 84' lang='lat' dir='ltr'><strong>ministros</strong></span> <span class='ocrx_word' id='word_1_479' title='bbox 1562 5663 1675 5716; x_wconf 82' lang='lat' dir='ltr'><strong>novi</strong></span> <span class='ocrx_word' id='word_1_480' title='bbox 1696 5663 2000 5717; x_wconf 80' lang='lat' dir='ltr'><strong>testamenti.</strong></span> 
     </span>
    </p>
   </div>
   <div class='ocr_carea' id='block_1_60' title="bbox 427 5753 1997 5828">
    <p class='ocr_par' dir='ltr' id='par_1_60' title="bbox 427 5753 1997 5828">
     <span class='ocr_line' id='line_1_60' title="bbox 427 5753 1997 5828; baseline 0.002 -21"><span class='ocrx_word' id='word_1_481' title='bbox 427 5753 565 5819; x_wconf 84' lang='lat' dir='ltr'><strong>Quid</strong></span> <span class='ocrx_word' id='word_1_482' title='bbox 599 5771 703 5826; x_wconf 88' lang='lat' dir='ltr'><strong>est,</strong></span> <span class='ocrx_word' id='word_1_483' title='bbox 737 5757 954 5813; x_wconf 78' lang='lat' dir='ltr'><strong>fdoneos</strong></span> <span class='ocrx_word' id='word_1_484' title='bbox 1004 5775 1094 5813; x_wconf 86' lang='lat' dir='ltr'><strong>nos</strong></span> <span class='ocrx_word' id='word_1_485' title='bbox 1132 5759 1290 5828; x_wconf 78' lang='lat' dir='ltr'><strong>fecit?</strong></span> <span class='ocrx_word' id='word_1_486' title='bbox 1331 5756 1480 5812; x_wconf 84' lang='lat' dir='ltr'><strong>Fecit</strong></span> <span class='ocrx_word' id='word_1_487' title='bbox 1519 5766 1579 5812; x_wconf 87' lang='lat' dir='ltr'><strong>ut</strong></span> <span class='ocrx_word' id='word_1_488' title='bbox 1620 5757 1744 5812; x_wconf 88' lang='lat' dir='ltr'><strong>huic</strong></span> <span class='ocrx_word' id='word_1_489' title='bbox 1790 5757 1997 5812; x_wconf 86' lang='lat' dir='ltr'><strong>muneri</strong></span> 
     </span>
    </p>
   </div>
   <div class='ocr_carea' id='block_1_61' title="bbox 763 5856 1396 5921">
    <p class='ocr_par' dir='ltr' id='par_1_61' title="bbox 763 5856 1396 5921">
     <span class='ocr_line' id='line_1_61' title="bbox 763 5856 1396 5921; baseline 0.009 -6"><span class='ocrx_word' id='word_1_490' title='bbox 763 5856 1026 5916; x_wconf 76' lang='lat' dir='ltr'><strong>PATItOL.</strong></span> <span class='ocrx_word' id='word_1_491' title='bbox 1076 5858 1190 5919; x_wconf 80' lang='lat' dir='ltr'><strong>(in.</strong></span> <span class='ocrx_word' id='word_1_492' title='bbox 1240 5858 1396 5921; x_wconf 76' lang='lat' dir='ltr'><strong>LXI.</strong></span> 
     </span>
    </p>
   </div>
   <div class='ocr_carea' id='block_1_62' title="bbox 1395 312 2558 373">
    <p class='ocr_par' dir='ltr' id='par_1_62' title="bbox 1395 312 2558 373">
     <span class='ocr_line' id='line_1_62' title="bbox 1395 312 2558 373; baseline -0.005 0"><span class='ocrx_word' id='word_1_493' title='bbox 1395 317 1461 373; x_wconf 85' lang='lat' dir='ltr'><strong>IN</strong></span> <span class='ocrx_word' id='word_1_494' title='bbox 1501 315 1719 371; x_wconf 82' lang='lat' dir='ltr'><strong>EPIST.</strong></span> <span class='ocrx_word' id='word_1_495' title='bbox 1761 313 1802 367; x_wconf 88' lang='lat' dir='ltr'><strong>ll</strong></span> <span class='ocrx_word' id='word_1_496' title='bbox 1865 313 1959 369; x_wconf 80' lang='grc' dir='ltr'><strong>ΑΙ)</strong></span> <span class='ocrx_word' id='word_1_497' title='bbox 1997 312 2151 368; x_wconf 66' lang='lat' dir='ltr'><strong>(30R.</strong></span> <span class='ocrx_word' id='word_1_498' title='bbox 2195 312 2427 369; x_wconf 75' lang='lat' dir='ltr'><strong>HOMIL.</strong></span> <span class='ocrx_word' id='word_1_499' title='bbox 2472 312 2558 367; x_wconf 77' lang='lat' dir='ltr'><strong>Vl.</strong></span> 
     </span>
    </p>
   </div>
   <div class='ocr_carea' id='block_1_63' title="bbox 3542 319 3646 374">
    <p class='ocr_par' dir='ltr' id='par_1_63' title="bbox 3542 319 3646 374">
     <span class='ocr_line' id='line_1_63' title="bbox 3542 319 3646 374; baseline -0.019 0"><span class='ocrx_word' id='word_1_500' title='bbox 3542 319 3646 374; x_wconf 63' lang='lat'><strong>438</strong></span> 
     </span>
    </p>
   </div>
   <div class='ocr_carea' id='block_1_64' title="bbox 2068 429 3653 500">
    <p class='ocr_par' dir='ltr' id='par_1_64' title="bbox 2068 429 3653 500">
     <span class='ocr_line' id='line_1_64' title="bbox 2068 429 3653 500; baseline 0.002 -18"><span class='ocrx_word' id='word_1_501' title='bbox 2068 441 2225 496; x_wconf 87' lang='lat' dir='ltr'><strong>pares</strong></span> <span class='ocrx_word' id='word_1_502' title='bbox 2250 443 2371 484; x_wconf 89' lang='lat' dir='ltr'><strong>esse</strong></span> <span class='ocrx_word' id='word_1_503' title='bbox 2393 431 2679 498; x_wconf 70' lang='lat' dir='ltr'><strong>possimus.</strong></span> <span class='ocrx_word' id='word_1_504' title='bbox 2709 429 2936 484; x_wconf 88' lang='lat' dir='ltr'><strong>Parvum</strong></span> <span class='ocrx_word' id='word_1_505' title='bbox 2961 444 3123 500; x_wconf 83' lang='lat' dir='ltr'><strong>porro</strong></span> <span class='ocrx_word' id='word_1_506' title='bbox 3154 430 3256 486; x_wconf 89' lang='lat' dir='ltr'><strong>hoe</strong></span> <span class='ocrx_word' id='word_1_507' title='bbox 3282 444 3390 485; x_wconf 86' lang='lat' dir='ltr'><strong>non</strong></span> <span class='ocrx_word' id='word_1_508' title='bbox 3425 436 3534 495; x_wconf 86' lang='lat' dir='ltr'><strong>est,</strong></span> <span class='ocrx_word' id='word_1_509' title='bbox 3576 431 3653 485; x_wconf 86' lang='lat' dir='ltr'><strong>ni-</strong></span> 
     </span>
    </p>
   </div>
   <div class='ocr_carea' id='block_1_65' title="bbox 2071 519 3650 592">
    <p class='ocr_par' dir='ltr' id='par_1_65' title="bbox 2071 519 3650 592">
     <span class='ocr_line' id='line_1_65' title="bbox 2071 519 3650 592; baseline 0.001 -19"><span class='ocrx_word' id='word_1_510' title='bbox 2071 520 2264 574; x_wconf 89' lang='lat' dir='ltr'><strong>mirum</strong></span> <span class='ocrx_word' id='word_1_511' title='bbox 2309 521 2443 576; x_wconf 89' lang='lat' dir='ltr'><strong>tales</strong></span> <span class='ocrx_word' id='word_1_512' title='bbox 2488 521 2694 577; x_wconf 87' lang='lat' dir='ltr'><strong>tabulas</strong></span> <span class='ocrx_word' id='word_1_513' title='bbox 2741 531 2796 575; x_wconf 92' lang='lat' dir='ltr'><strong>et</strong></span> <span class='ocrx_word' id='word_1_514' title='bbox 2840 522 3116 591; x_wconf 88' lang='lat' dir='ltr'><strong>epistolas,</strong></span> <span class='ocrx_word' id='word_1_515' title='bbox 3165 521 3432 592; x_wconf 87' lang='lat' dir='ltr'><strong>prioribus</strong></span> <span class='ocrx_word' id='word_1_516' title='bbox 3480 519 3650 575; x_wconf 89' lang='lat' dir='ltr'><strong>multo</strong></span> 
     </span>
    </p>
   </div>
   <div class='ocr_carea' id='block_1_66' title="bbox 2070 611 3658 681">
    <p class='ocr_par' dir='ltr' id='par_1_66' title="bbox 2070 611 3658 681">
     <span class='ocr_line' id='line_1_66' title="bbox 2070 611 3658 681; baseline 0 -16"><span class='ocrx_word' id='word_1_517' title='bbox 2070 612 2304 681; x_wconf 84' lang='lat' dir='ltr'><strong>majores</strong></span> <span class='ocrx_word' id='word_1_518' title='bbox 2328 626 2392 666; x_wconf 88' lang='lat' dir='ltr'><strong>ac</strong></span> <span class='ocrx_word' id='word_1_519' title='bbox 2420 614 2823 680; x_wconf 71' lang='lat' dir='ltr'><strong>prtestantiores</strong></span> <span class='ocrx_word' id='word_1_520' title='bbox 2865 613 2980 666; x_wconf 91' lang='lat' dir='ltr'><strong>orbi</strong></span> <span class='ocrx_word' id='word_1_521' title='bbox 3006 614 3250 668; x_wconf 87' lang='lat' dir='ltr'><strong>attulisse</strong></span> <span class='ocrx_word' id='word_1_522' title='bbox 3283 630 3296 666; x_wconf 90' lang='lat'><strong>:</strong></span> <span class='ocrx_word' id='word_1_523' title='bbox 3326 611 3469 668; x_wconf 83' lang='lat' dir='ltr'><strong>unde</strong></span> <span class='ocrx_word' id='word_1_524' title='bbox 3493 611 3658 667; x_wconf 86' lang='lat' dir='ltr'><strong>etiam</strong></span> 
     </span>
    </p>
   </div>
   <div class='ocr_carea' id='block_1_67' title="bbox 2071 700 3656 776">
    <p class='ocr_par' dir='ltr' id='par_1_67' title="bbox 2071 700 3656 776">
     <span class='ocr_line' id='line_1_67' title="bbox 2071 700 3656 776; baseline 0.003 -20"><span class='ocrx_word' id='word_1_525' title='bbox 2071 700 2365 772; x_wconf 84' lang='lat' dir='ltr'><strong>subjunxit,</strong></span> <span class='ocrx_word' id='word_1_526' title='bbox 2395 702 2518 758; x_wconf 88' lang='lat' dir='ltr'><strong>Non</strong></span> <span class='ocrx_word' id='word_1_527' title='bbox 2554 705 2733 768; x_wconf 79' lang='lat' dir='ltr'><strong>literte,</strong></span> <span class='ocrx_word' id='word_1_528' title='bbox 2775 706 2864 760; x_wconf 83' lang='lat' dir='ltr'><strong>sed</strong></span> <span class='ocrx_word' id='word_1_529' title='bbox 2903 706 3135 776; x_wconf 78' lang='lat' dir='ltr'><strong>spiritus.</strong></span> <span class='ocrx_word' id='word_1_530' title='bbox 3175 705 3256 759; x_wconf 88' lang='lat' dir='ltr'><strong>Eu</strong></span> <span class='ocrx_word' id='word_1_531' title='bbox 3286 719 3475 760; x_wconf 86' lang='lat' dir='ltr'><strong>rursus</strong></span> <span class='ocrx_word' id='word_1_532' title='bbox 3514 702 3656 761; x_wconf 83' lang='lat' dir='ltr'><strong>aliud</strong></span> 
     </span>
    </p>
   </div>
   <div class='ocr_carea' id='block_1_68' title="bbox 2073 792 3660 867">
    <p class='ocr_par' dir='ltr' id='par_1_68' title="bbox 2073 792 3660 867">
     <span class='ocr_line' id='line_1_68' title="bbox 2073 792 3660 867; baseline 0.001 -20"><span class='ocrx_word' id='word_1_533' title='bbox 2073 792 2386 850; x_wconf 85' lang='lat' dir='ltr'><strong>discrimen.</strong></span> <span class='ocrx_word' id='word_1_534' title='bbox 2417 794 2555 861; x_wconf 81' lang='lat' dir='ltr'><strong>Quid</strong></span> <span class='ocrx_word' id='word_1_535' title='bbox 2597 797 2817 851; x_wconf 86' lang='lat' dir='ltr'><strong>autem?</strong></span> <span class='ocrx_word' id='word_1_536' title='bbox 2860 812 3039 850; x_wconf 86' lang='lat' dir='ltr'><strong>annon</strong></span> <span class='ocrx_word' id='word_1_537' title='bbox 3070 797 3151 852; x_wconf 77' lang='lat' dir='ltr'><strong>lex</strong></span> <span class='ocrx_word' id='word_1_538' title='bbox 3180 810 3397 867; x_wconf 86' lang='lat' dir='ltr'><strong>quoque</strong></span> <span class='ocrx_word' id='word_1_539' title='bbox 3438 795 3529 852; x_wconf 86' lang='lat' dir='ltr'><strong>illa</strong></span> <span class='ocrx_word' id='word_1_540' title='bbox 3558 795 3660 864; x_wconf 84' lang='lat' dir='ltr'><strong>spi-</strong></span> 
     </span>
    </p>
   </div>
   <div class='ocr_carea' id='block_1_69' title="bbox 2073 883 3661 958">
    <p class='ocr_par' dir='ltr' id='par_1_69' title="bbox 2073 883 3661 958">
     <span class='ocr_line' id='line_1_69' title="bbox 2073 883 3661 958; baseline -0.002 -18"><span class='ocrx_word' id='word_1_541' title='bbox 2073 883 2280 941; x_wconf 82' lang='lat' dir='ltr'><strong>ritualis</strong></span> <span class='ocrx_word' id='word_1_542' title='bbox 2330 887 2483 941; x_wconf 85' lang='lat' dir='ltr'><strong>erat?</strong></span> <span class='ocrx_word' id='word_1_543' title='bbox 2520 888 2790 957; x_wconf 86' lang='lat' dir='ltr'><strong>quomodo</strong></span> <span class='ocrx_word' id='word_1_544' title='bbox 2830 904 2961 958; x_wconf 85' lang='lat' dir='ltr'><strong>ergo</strong></span> <span class='ocrx_word' id='word_1_545' title='bbox 3006 889 3081 943; x_wconf 85' lang='lat' dir='ltr'><strong>ait</strong></span> <span class='ocrx_word' id='word_1_546' title='bbox 3113 905 3126 942; x_wconf 91' lang='lat'><strong>:</strong></span> <span class='ocrx_word' id='word_1_547' title='bbox 3160 887 3364 943; x_wconf 73' lang='lat' dir='ltr'><strong>Scimus</strong></span> <span class='ocrx_word' id='word_1_548' title='bbox 3401 886 3539 957; x_wconf 84' lang='lat' dir='ltr'><strong>quod</strong></span> <span class='ocrx_word' id='word_1_549' title='bbox 3580 886 3661 939; x_wconf 73' lang='lat' dir='ltr'><strong>lca:</strong></span> 
     </span>
    </p>
   </div>
   <div class='ocr_carea' id='block_1_70' title="bbox 2074 979 3659 1054">
    <p class='ocr_par' dir='ltr' id='par_1_70' title="bbox 2074 979 3659 1054">
     <span class='ocr_line' id='line_1_70' title="bbox 2074 979 3659 1054; baseline 0 -19"><span class='ocrx_word' id='word_1_550' title='bbox 2074 981 2357 1048; x_wconf 85' lang='lat' dir='ltr'><strong>spiritualis</strong></span> <span class='ocrx_word' id='word_1_551' title='bbox 2381 991 2453 1034; x_wconf 87' lang='lat' dir='ltr'><strong>est</strong></span> <span class='ocrx_word' id='word_1_552' title='bbox 2479 979 2656 1054; x_wconf 82' lang='lat' dir='ltr'><strong>(Rom.</strong></span> <span class='ocrx_word' id='word_1_553' title='bbox 2686 983 2742 1036; x_wconf 89' lang='lat'><strong>7.</strong></span> <span class='ocrx_word' id='word_1_554' title='bbox 2777 981 2910 1051; x_wconf 72' lang='lat' dir='ltr'><strong>l4)?</strong></span> <span class='ocrx_word' id='word_1_555' title='bbox 2946 980 3252 1050; x_wconf 86' lang='lat' dir='ltr'><strong>Spiritualis</strong></span> <span class='ocrx_word' id='word_1_556' title='bbox 3278 980 3494 1051; x_wconf 82' lang='lat' dir='ltr'><strong>quidem</strong></span> <span class='ocrx_word' id='word_1_557' title='bbox 3519 988 3659 1049; x_wconf 78' lang='lat' dir='ltr'><strong>erat.</strong></span> 
     </span>
    </p>
   </div>
   <div class='ocr_carea' id='block_1_71' title="bbox 2074 1072 3658 1144">
    <p class='ocr_par' dir='ltr' id='par_1_71' title="bbox 2074 1072 3658 1144">
     <span class='ocr_line' id='line_1_71' title="bbox 2074 1072 3658 1144; baseline 0 -17"><span class='ocrx_word' id='word_1_558' title='bbox 2074 1072 2168 1128; x_wconf 90' lang='lat' dir='ltr'><strong>sed</strong></span> <span class='ocrx_word' id='word_1_559' title='bbox 2196 1075 2443 1143; x_wconf 86' lang='lat' dir='ltr'><strong>spiritum</strong></span> <span class='ocrx_word' id='word_1_560' title='bbox 2492 1076 2712 1130; x_wconf 89' lang='lat' dir='ltr'><strong>minime</strong></span> <span class='ocrx_word' id='word_1_561' title='bbox 2739 1076 3011 1144; x_wconf 74' lang='lat' dir='ltr'><strong>praebebat</strong></span> <span class='ocrx_word' id='word_1_562' title='bbox 3041 1095 3056 1131; x_wconf 89' lang='lat'><strong>:</strong></span> <span class='ocrx_word' id='word_1_563' title='bbox 3089 1091 3194 1130; x_wconf 85' lang='lat' dir='ltr'><strong>non</strong></span> <span class='ocrx_word' id='word_1_564' title='bbox 3236 1077 3379 1130; x_wconf 89' lang='lat' dir='ltr'><strong>enim</strong></span> <span class='ocrx_word' id='word_1_565' title='bbox 3412 1075 3658 1143; x_wconf 83' lang='lat' dir='ltr'><strong>spiritum</strong></span> 
     </span>
    </p>
   </div>
   <div class='ocr_carea' id='block_1_72' title="bbox 2075 1163 3657 1233">
    <p class='ocr_par' dir='ltr' id='par_1_72' title="bbox 2075 1163 3657 1233">
     <span class='ocr_line' id='line_1_72' title="bbox 2075 1163 3657 1233; baseline 0.001 -15"><span class='ocrx_word' id='word_1_566' title='bbox 2075 1163 2272 1232; x_wconf 81' lang='lat' dir='ltr'><strong>Moses,</strong></span> <span class='ocrx_word' id='word_1_567' title='bbox 2314 1165 2409 1220; x_wconf 90' lang='lat' dir='ltr'><strong>sed</strong></span> <span class='ocrx_word' id='word_1_568' title='bbox 2440 1166 2622 1221; x_wconf 89' lang='lat' dir='ltr'><strong>literas</strong></span> <span class='ocrx_word' id='word_1_569' title='bbox 2645 1167 2861 1233; x_wconf 86' lang='lat' dir='ltr'><strong>attulit;</strong></span> <span class='ocrx_word' id='word_1_570' title='bbox 2898 1175 3100 1222; x_wconf 62' lang='lat' dir='ltr'><strong>nostra;</strong></span> <span class='ocrx_word' id='word_1_571' title='bbox 3136 1178 3314 1222; x_wconf 86' lang='lat' dir='ltr'><strong>autem</strong></span> <span class='ocrx_word' id='word_1_572' title='bbox 3342 1167 3465 1222; x_wconf 84' lang='lat' dir='ltr'><strong>ﬁdei</strong></span> <span class='ocrx_word' id='word_1_573' title='bbox 3508 1181 3657 1220; x_wconf 85' lang='lat' dir='ltr'><strong>eom-</strong></span> 
     </span>
    </p>
   </div>
   <div class='ocr_carea' id='block_1_73' title="bbox 2078 1256 3656 1327">
    <p class='ocr_par' dir='ltr' id='par_1_73' title="bbox 2078 1256 3656 1327">
     <span class='ocr_line' id='line_1_73' title="bbox 2078 1256 3656 1327; baseline -0.002 -15"><span class='ocrx_word' id='word_1_574' title='bbox 2078 1257 2300 1312; x_wconf 88' lang='lat' dir='ltr'><strong>missum</strong></span> <span class='ocrx_word' id='word_1_575' title='bbox 2331 1266 2435 1322; x_wconf 90' lang='lat' dir='ltr'><strong>est,</strong></span> <span class='ocrx_word' id='word_1_576' title='bbox 2484 1264 2542 1312; x_wconf 92' lang='lat' dir='ltr'><strong>ut</strong></span> <span class='ocrx_word' id='word_1_577' title='bbox 2580 1259 2825 1327; x_wconf 79' lang='lat' dir='ltr'><strong>Spiritum</strong></span> <span class='ocrx_word' id='word_1_578' title='bbox 2873 1258 3060 1313; x_wconf 86' lang='lat' dir='ltr'><strong>demus</strong></span> <span class='ocrx_word' id='word_1_579' title='bbox 3096 1274 3109 1311; x_wconf 92' lang='lat'><strong>:</strong></span> <span class='ocrx_word' id='word_1_580' title='bbox 3138 1258 3282 1312; x_wconf 82' lang='lat' dir='ltr'><strong>unde</strong></span> <span class='ocrx_word' id='word_1_581' title='bbox 3324 1257 3484 1311; x_wconf 86' lang='lat' dir='ltr'><strong>etiam</strong></span> <span class='ocrx_word' id='word_1_582' title='bbox 3516 1256 3656 1310; x_wconf 87' lang='lat' dir='ltr'><strong>istud</strong></span> 
     </span>
    </p>
   </div>
   <div class='ocr_carea' id='block_1_74' title="bbox 2077 1345 3659 1419">
    <p class='ocr_par' dir='ltr' id='par_1_74' title="bbox 2077 1345 3659 1419">
     <span class='ocr_line' id='line_1_74' title="bbox 2077 1345 3659 1419; baseline -0.004 -16"><span class='ocrx_word' id='word_1_583' title='bbox 2077 1348 2317 1405; x_wconf 85' lang='lat' dir='ltr'><strong>studiose</strong></span> <span class='ocrx_word' id='word_1_584' title='bbox 2361 1350 2731 1419; x_wconf 83' lang='lat' dir='ltr'><strong>prosequitur,</strong></span> <span class='ocrx_word' id='word_1_585' title='bbox 2782 1349 3004 1412; x_wconf 88' lang='lat' dir='ltr'><strong>dicens,</strong></span> <span class='ocrx_word' id='word_1_586' title='bbox 3050 1348 3222 1403; x_wconf 83' lang='lat' dir='ltr'><strong>Litera</strong></span> <span class='ocrx_word' id='word_1_587' title='bbox 3260 1348 3394 1401; x_wconf 79' lang='lat' dir='ltr'><strong>enim</strong></span> <span class='ocrx_word' id='word_1_588' title='bbox 3439 1345 3659 1411; x_wconf 77' lang='lat' dir='ltr'><strong>occidit,</strong></span> 
     </span>
    </p>
   </div>
   <div class='ocr_carea' id='block_1_75' title="bbox 2077 1436 3660 1510">
    <p class='ocr_par' dir='ltr' id='par_1_75' title="bbox 2077 1436 3660 1510">
     <span class='ocr_line' id='line_1_75' title="bbox 2077 1436 3660 1510; baseline -0.004 -14"><span class='ocrx_word' id='word_1_589' title='bbox 2077 1440 2288 1508; x_wconf 81' lang='lat' dir='ltr'><strong>spiritus</strong></span> <span class='ocrx_word' id='word_1_590' title='bbox 2313 1451 2478 1495; x_wconf 87' lang='lat' dir='ltr'><strong>autem</strong></span> <span class='ocrx_word' id='word_1_591' title='bbox 2508 1441 2741 1510; x_wconf 76' lang='lat' dir='ltr'><strong>viuiﬁcat.</strong></span> <span class='ocrx_word' id='word_1_592' title='bbox 2771 1441 2898 1496; x_wconf 62' lang='lat' dir='ltr'><strong>Haec</strong></span> <span class='ocrx_word' id='word_1_593' title='bbox 2920 1448 3229 1496; x_wconf 80' lang='lat' dir='ltr'><strong>autemnon</strong></span> <span class='ocrx_word' id='word_1_594' title='bbox 3260 1449 3464 1493; x_wconf 85' lang='lat' dir='ltr'><strong>temere</strong></span> <span class='ocrx_word' id='word_1_595' title='bbox 3503 1436 3660 1501; x_wconf 80' lang='lat' dir='ltr'><strong>dixit,</strong></span> 
     </span>
    </p>
   </div>
   <div class='ocr_carea' id='block_1_76' title="bbox 2079 1526 3658 1603">
    <p class='ocr_par' dir='ltr' id='par_1_76' title="bbox 2079 1526 3658 1603">
     <span class='ocr_line' id='line_1_76' title="bbox 2079 1526 3658 1603; baseline -0.004 -16"><span class='ocrx_word' id='word_1_596' title='bbox 2079 1532 2173 1587; x_wconf 90' lang='lat' dir='ltr'><strong>sed</strong></span> <span class='ocrx_word' id='word_1_597' title='bbox 2199 1548 2294 1588; x_wconf 89' lang='lat' dir='ltr'><strong>eos</strong></span> <span class='ocrx_word' id='word_1_598' title='bbox 2322 1532 2664 1588; x_wconf 89' lang='lat' dir='ltr'><strong>subindicans</strong></span> <span class='ocrx_word' id='word_1_599' title='bbox 2692 1533 2780 1603; x_wconf 91' lang='lat' dir='ltr'><strong>qui</strong></span> <span class='ocrx_word' id='word_1_600' title='bbox 2807 1532 2873 1587; x_wconf 89' lang='lat' dir='ltr'><strong>de</strong></span> <span class='ocrx_word' id='word_1_601' title='bbox 2899 1531 3133 1587; x_wconf 78' lang='lat' dir='ltr'><strong>Judaicis</strong></span> <span class='ocrx_word' id='word_1_602' title='bbox 3159 1531 3321 1586; x_wconf 85' lang='lat' dir='ltr'><strong>altum</strong></span> <span class='ocrx_word' id='word_1_603' title='bbox 3359 1526 3658 1598; x_wconf 85' lang='lat' dir='ltr'><strong>sapiebant.</strong></span> 
     </span>
    </p>
   </div>
   <div class='ocr_carea' id='block_1_77' title="bbox 2081 1620 3664 1696">
    <p class='ocr_par' dir='ltr' id='par_1_77' title="bbox 2081 1620 3664 1696">
     <span class='ocr_line' id='line_1_77' title="bbox 2081 1620 3664 1696; baseline -0.005 -15"><span class='ocrx_word' id='word_1_604' title='bbox 2081 1625 2184 1681; x_wconf 86' lang='lat' dir='ltr'><strong>Per</strong></span> <span class='ocrx_word' id='word_1_605' title='bbox 2223 1626 2432 1681; x_wconf 84' lang='lat' dir='ltr'><strong>literam</strong></span> <span class='ocrx_word' id='word_1_606' title='bbox 2476 1637 2654 1681; x_wconf 90' lang='lat' dir='ltr'><strong>autem</strong></span> <span class='ocrx_word' id='word_1_607' title='bbox 2701 1626 2804 1682; x_wconf 89' lang='lat' dir='ltr'><strong>hoc</strong></span> <span class='ocrx_word' id='word_1_608' title='bbox 2851 1625 2971 1681; x_wconf 90' lang='lat' dir='ltr'><strong>loco</strong></span> <span class='ocrx_word' id='word_1_609' title='bbox 3012 1626 3182 1696; x_wconf 74' lang='lat' dir='ltr'><strong>legem</strong></span> <span class='ocrx_word' id='word_1_610' title='bbox 3229 1620 3498 1693; x_wconf 76' lang='lat' dir='ltr'><strong>intelligit,</strong></span> <span class='ocrx_word' id='word_1_611' title='bbox 3546 1635 3664 1690; x_wconf 71' lang='lat' dir='ltr'><strong>qtae</strong></span> 
     </span>
    </p>
   </div>
   <div class='ocr_carea' id='block_1_78' title="bbox 2083 1715 3660 1788">
    <p class='ocr_par' dir='ltr' id='par_1_78' title="bbox 2083 1715 3660 1788">
     <span class='ocr_line' id='line_1_78' title="bbox 2083 1715 3660 1788; baseline -0.006 -14"><span class='ocrx_word' id='word_1_612' title='bbox 2083 1726 2368 1787; x_wconf 87' lang='lat' dir='ltr'><strong>peccantes</strong></span> <span class='ocrx_word' id='word_1_613' title='bbox 2416 1719 2680 1788; x_wconf 88' lang='lat' dir='ltr'><strong>supplicio</strong></span> <span class='ocrx_word' id='word_1_614' title='bbox 2721 1717 3019 1783; x_wconf 71' lang='lat' dir='ltr'><strong>alliciebat;</strong></span> <span class='ocrx_word' id='word_1_615' title='bbox 3051 1731 3147 1786; x_wconf 89' lang='lat' dir='ltr'><strong>per</strong></span> <span class='ocrx_word' id='word_1_616' title='bbox 3191 1715 3437 1785; x_wconf 89' lang='lat' dir='ltr'><strong>spiritum</strong></span> <span class='ocrx_word' id='word_1_617' title='bbox 3479 1722 3660 1767; x_wconf 84' lang='lat' dir='ltr'><strong>autem</strong></span> 
     </span>
    </p>
   </div>
   <div class='ocr_carea' id='block_1_79' title="bbox 2080 1805 3662 1882">
    <p class='ocr_par' dir='ltr' id='par_1_79' title="bbox 2080 1805 3662 1882">
     <span class='ocr_line' id='line_1_79' title="bbox 2080 1805 3662 1882; baseline -0.004 -17"><span class='ocrx_word' id='word_1_618' title='bbox 2080 1810 2308 1880; x_wconf 79' lang='lat' dir='ltr'><strong>gratiam</strong></span> <span class='ocrx_word' id='word_1_619' title='bbox 2342 1811 2618 1882; x_wconf 87' lang='lat' dir='ltr'><strong>baptismi,</strong></span> <span class='ocrx_word' id='word_1_620' title='bbox 2646 1826 2750 1882; x_wconf 89' lang='lat' dir='ltr'><strong>qua</strong></span> <span class='ocrx_word' id='word_1_621' title='bbox 2794 1812 2853 1877; x_wconf 90' lang='lat' dir='ltr'><strong>ii,</strong></span> <span class='ocrx_word' id='word_1_622' title='bbox 2898 1810 2987 1882; x_wconf 90' lang='lat' dir='ltr'><strong>qui</strong></span> <span class='ocrx_word' id='word_1_623' title='bbox 3029 1825 3060 1864; x_wconf 91' lang='lat' dir='ltr'><strong>a</strong></span> <span class='ocrx_word' id='word_1_624' title='bbox 3104 1819 3324 1879; x_wconf 86' lang='lat' dir='ltr'><strong>peccato</strong></span> <span class='ocrx_word' id='word_1_625' title='bbox 3356 1805 3662 1875; x_wconf 72' lang='lat' dir='ltr'><strong>interempti</strong></span> 
     </span>
    </p>
   </div>
   <div class='ocr_carea' id='block_1_80' title="bbox 2082 1896 3666 1970">
    <p class='ocr_par' dir='ltr' id='par_1_80' title="bbox 2082 1896 3666 1970">
     <span class='ocr_line' id='line_1_80' title="bbox 2082 1896 3666 1970; baseline -0.006 -12"><span class='ocrx_word' id='word_1_626' title='bbox 2082 1911 2223 1967; x_wconf 81' lang='lat' dir='ltr'><strong>Sunt,</strong></span> <span class='ocrx_word' id='word_1_627' title='bbox 2268 1902 2335 1957; x_wconf 91' lang='lat' dir='ltr'><strong>ad</strong></span> <span class='ocrx_word' id='word_1_628' title='bbox 2376 1904 2539 1957; x_wconf 88' lang='lat' dir='ltr'><strong>vitam</strong></span> <span class='ocrx_word' id='word_1_629' title='bbox 2590 1910 2931 1959; x_wconf 83' lang='lat' dir='ltr'><strong>revocantur.</strong></span> <span class='ocrx_word' id='word_1_630' title='bbox 2963 1900 3254 1970; x_wconf 78' lang='lat' dir='ltr'><strong>Postquam</strong></span> <span class='ocrx_word' id='word_1_631' title='bbox 3300 1897 3447 1953; x_wconf 81' lang='lat' dir='ltr'><strong>enim</strong></span> <span class='ocrx_word' id='word_1_632' title='bbox 3475 1896 3666 1951; x_wconf 83' lang='lat' dir='ltr'><strong>discri-</strong></span> 
     </span>
    </p>
   </div>
   <div class='ocr_carea' id='block_1_81' title="bbox 2081 1992 3665 2065">
    <p class='ocr_par' dir='ltr' id='par_1_81' title="bbox 2081 1992 3665 2065">
     <span class='ocr_line' id='line_1_81' title="bbox 2081 1992 3665 2065; baseline -0.001 -18"><span class='ocrx_word' id='word_1_633' title='bbox 2081 2009 2202 2050; x_wconf 87' lang='lat' dir='ltr'><strong>men</strong></span> <span class='ocrx_word' id='word_1_634' title='bbox 2234 1994 2364 2049; x_wconf 92' lang='lat' dir='ltr'><strong>illud</strong></span> <span class='ocrx_word' id='word_1_635' title='bbox 2407 1995 2868 2062; x_wconf 85' lang='lat' dir='ltr'><strong>commemoravit,</strong></span> <span class='ocrx_word' id='word_1_636' title='bbox 2900 1993 3043 2065; x_wconf 87' lang='lat' dir='ltr'><strong>quod</strong></span> <span class='ocrx_word' id='word_1_637' title='bbox 3081 1993 3221 2047; x_wconf 88' lang='lat' dir='ltr'><strong>inter</strong></span> <span class='ocrx_word' id='word_1_638' title='bbox 3265 1992 3544 2062; x_wconf 83' lang='lat' dir='ltr'><strong>utriusque</strong></span> <span class='ocrx_word' id='word_1_639' title='bbox 3585 1997 3665 2045; x_wconf 84' lang='lat' dir='ltr'><strong>ta-</strong></span> 
     </span>
    </p>
   </div>
   <div class='ocr_carea' id='block_1_82' title="bbox 2083 2083 3664 2154">
    <p class='ocr_par' dir='ltr' id='par_1_82' title="bbox 2083 2083 3664 2154">
     <span class='ocr_line' id='line_1_82' title="bbox 2083 2083 3664 2154; baseline -0.002 -14"><span class='ocrx_word' id='word_1_640' title='bbox 2083 2085 2223 2140; x_wconf 83' lang='lat' dir='ltr'><strong>bulae</strong></span> <span class='ocrx_word' id='word_1_641' title='bbox 2256 2097 2500 2141; x_wconf 91' lang='lat' dir='ltr'><strong>naturam</strong></span> <span class='ocrx_word' id='word_1_642' title='bbox 2536 2093 2673 2154; x_wconf 84' lang='lat' dir='ltr'><strong>erat,</strong></span> <span class='ocrx_word' id='word_1_643' title='bbox 2716 2100 2823 2141; x_wconf 90' lang='lat' dir='ltr'><strong>non</strong></span> <span class='ocrx_word' id='word_1_644' title='bbox 2863 2086 2919 2140; x_wconf 84' lang='lat' dir='ltr'><strong>in</strong></span> <span class='ocrx_word' id='word_1_645' title='bbox 2957 2100 3024 2140; x_wconf 91' lang='lat' dir='ltr'><strong>eo</strong></span> <span class='ocrx_word' id='word_1_646' title='bbox 3055 2085 3243 2150; x_wconf 75' lang='lat' dir='ltr'><strong>lueret,</strong></span> <span class='ocrx_word' id='word_1_647' title='bbox 3298 2083 3397 2140; x_wconf 82' lang='lat' dir='ltr'><strong>sed</strong></span> <span class='ocrx_word' id='word_1_648' title='bbox 3435 2083 3664 2139; x_wconf 87' lang='lat' dir='ltr'><strong>ulterius</strong></span> 
     </span>
    </p>
   </div>
   <div class='ocr_carea' id='block_1_83' title="bbox 2084 2172 3663 2249">
    <p class='ocr_par' dir='ltr' id='par_1_83' title="bbox 2084 2172 3663 2249">
     <span class='ocr_line' id='line_1_83' title="bbox 2084 2172 3663 2249; baseline -0.003 -19"><span class='ocrx_word' id='word_1_649' title='bbox 2084 2191 2442 2249; x_wconf 84' lang='lat' dir='ltr'><strong>progressus,</strong></span> <span class='ocrx_word' id='word_1_650' title='bbox 2496 2177 2598 2232; x_wconf 89' lang='lat' dir='ltr'><strong>hoc</strong></span> <span class='ocrx_word' id='word_1_651' title='bbox 2642 2177 2803 2232; x_wconf 87' lang='lat' dir='ltr'><strong>latius</strong></span> <span class='ocrx_word' id='word_1_652' title='bbox 2850 2176 3191 2246; x_wconf 84' lang='lat' dir='ltr'><strong>prosequitur</strong></span> <span class='ocrx_word' id='word_1_653' title='bbox 3236 2192 3250 2227; x_wconf 89' lang='lat'>:</span> <span class='ocrx_word' id='word_1_654' title='bbox 3299 2188 3404 2243; x_wconf 88' lang='lat' dir='ltr'><strong>qua</strong></span> <span class='ocrx_word' id='word_1_655' title='bbox 3454 2172 3663 2228; x_wconf 79' lang='lat' dir='ltr'><strong>ratione</strong></span> 
     </span>
    </p>
   </div>
   <div class='ocr_carea' id='block_1_84' title="bbox 2083 2263 3663 2339">
    <p class='ocr_par' dir='ltr' id='par_1_84' title="bbox 2083 2263 3663 2339">
     <span class='ocr_line' id='line_1_84' title="bbox 2083 2263 3663 2339; baseline -0.004 -16"><span class='ocrx_word' id='word_1_656' title='bbox 2083 2269 2379 2324; x_wconf 87' lang='lat' dir='ltr'><strong>auditorem</strong></span> <span class='ocrx_word' id='word_1_657' title='bbox 2414 2270 2580 2339; x_wconf 85' lang='lat' dir='ltr'><strong>magis</strong></span> <span class='ocrx_word' id='word_1_658' title='bbox 2598 2283 2793 2339; x_wconf 91' lang='lat' dir='ltr'><strong>capere</strong></span> <span class='ocrx_word' id='word_1_659' title='bbox 2815 2276 3042 2338; x_wconf 88' lang='lat' dir='ltr'><strong>poterat,</strong></span> <span class='ocrx_word' id='word_1_660' title='bbox 3071 2267 3319 2322; x_wconf 88' lang='lat' dir='ltr'><strong>nimirum</strong></span> <span class='ocrx_word' id='word_1_661' title='bbox 3345 2266 3415 2321; x_wconf 88' lang='lat' dir='ltr'><strong>ab</strong></span> <span class='ocrx_word' id='word_1_662' title='bbox 3435 2263 3663 2320; x_wconf 82' lang='lat' dir='ltr'><strong>utilitate</strong></span> 
     </span>
    </p>
   </div>
   <div class='ocr_carea' id='block_1_85' title="bbox 2085 2356 3664 2432">
    <p class='ocr_par' dir='ltr' id='par_1_85' title="bbox 2085 2356 3664 2432">
     <span class='ocr_line' id='line_1_85' title="bbox 2085 2356 3664 2432; baseline -0.004 -16"><span class='ocrx_word' id='word_1_663' title='bbox 2085 2370 2139 2416; x_wconf 91' lang='lat' dir='ltr'><strong>et</strong></span> <span class='ocrx_word' id='word_1_664' title='bbox 2169 2359 2435 2417; x_wconf 82' lang='lat' dir='ltr'><strong>facilitate.</strong></span> <span class='ocrx_word' id='word_1_665' title='bbox 2468 2361 2650 2432; x_wconf 85' lang='lat' dir='ltr'><strong>Neque</strong></span> <span class='ocrx_word' id='word_1_666' title='bbox 2690 2361 2831 2414; x_wconf 91' lang='lat' dir='ltr'><strong>enim</strong></span> <span class='ocrx_word' id='word_1_667' title='bbox 2863 2359 3099 2414; x_wconf 86' lang='lat' dir='ltr'><strong>laborem</strong></span> <span class='ocrx_word' id='word_1_668' title='bbox 3141 2357 3324 2422; x_wconf 83' lang='lat' dir='ltr'><strong>habet,</strong></span> <span class='ocrx_word' id='word_1_669' title='bbox 3373 2356 3565 2426; x_wconf 81' lang='lat' dir='ltr'><strong>inquit,</strong></span> <span class='ocrx_word' id='word_1_670' title='bbox 3609 2364 3664 2409; x_wconf 86' lang='lat' dir='ltr'><strong>et</strong></span> 
     </span>
    </p>
   </div>
   <div class='ocr_carea' id='block_1_86' title="bbox 2086 2449 3665 2523">
    <p class='ocr_par' dir='ltr' id='par_1_86' title="bbox 2086 2449 3665 2523">
     <span class='ocr_line' id='line_1_86' title="bbox 2086 2449 3665 2523; baseline -0.003 -17"><span class='ocrx_word' id='word_1_671' title='bbox 2086 2453 2343 2522; x_wconf 87' lang='lat' dir='ltr'><strong>majorem</strong></span> <span class='ocrx_word' id='word_1_672' title='bbox 2387 2453 2613 2523; x_wconf 82' lang='lat' dir='ltr'><strong>gratiam</strong></span> <span class='ocrx_word' id='word_1_673' title='bbox 2643 2451 2817 2508; x_wconf 76' lang='lat' dir='ltr'><strong>affert.</strong></span> <span class='ocrx_word' id='word_1_674' title='bbox 2848 2451 2983 2506; x_wconf 83' lang='lat' dir='ltr'><strong>Nam</strong></span> <span class='ocrx_word' id='word_1_675' title='bbox 3006 2450 3052 2505; x_wconf 90' lang='lat' dir='ltr'><strong>si</strong></span> <span class='ocrx_word' id='word_1_676' title='bbox 3079 2450 3146 2506; x_wconf 91' lang='lat' dir='ltr'><strong>de</strong></span> <span class='ocrx_word' id='word_1_677' title='bbox 3169 2449 3386 2506; x_wconf 86' lang='lat' dir='ltr'><strong>Christo</strong></span> <span class='ocrx_word' id='word_1_678' title='bbox 3416 2449 3665 2518; x_wconf 88' lang='lat' dir='ltr'><strong>loquens,</strong></span> 
     </span>
    </p>
   </div>
   <div class='ocr_carea' id='block_1_87' title="bbox 2085 2541 3662 2614">
    <p class='ocr_par' dir='ltr' id='par_1_87' title="bbox 2085 2541 3662 2614">
     <span class='ocr_line' id='line_1_87' title="bbox 2085 2541 3662 2614; baseline -0.004 -16"><span class='ocrx_word' id='word_1_679' title='bbox 2085 2558 2149 2598; x_wconf 90' lang='lat' dir='ltr'><strong>ea</strong></span> <span class='ocrx_word' id='word_1_680' title='bbox 2192 2543 2527 2614; x_wconf 79' lang='lat' dir='ltr'><strong>potissimum</strong></span> <span class='ocrx_word' id='word_1_681' title='bbox 2561 2544 2711 2613; x_wconf 89' lang='lat' dir='ltr'><strong>ponit</strong></span> <span class='ocrx_word' id='word_1_682' title='bbox 2735 2557 2855 2613; x_wconf 67' lang='lat' dir='ltr'><strong>quae</strong></span> <span class='ocrx_word' id='word_1_683' title='bbox 2897 2541 3239 2612; x_wconf 80' lang='lat' dir='ltr'><strong>benignitatis</strong></span> <span class='ocrx_word' id='word_1_684' title='bbox 3270 2541 3435 2610; x_wconf 85' lang='lat' dir='ltr'><strong>ipsius</strong></span> <span class='ocrx_word' id='word_1_685' title='bbox 3462 2541 3662 2609; x_wconf 88' lang='lat' dir='ltr'><strong>potius,</strong></span> 
     </span>
    </p>
   </div>
   <div class='ocr_carea' id='block_1_88' title="bbox 2086 2631 3666 2705">
    <p class='ocr_par' dir='ltr' id='par_1_88' title="bbox 2086 2631 3666 2705">
     <span class='ocr_line' id='line_1_88' title="bbox 2086 2631 3666 2705; baseline -0.003 -17"><span class='ocrx_word' id='word_1_686' title='bbox 2086 2649 2246 2705; x_wconf 89' lang='lat' dir='ltr'><strong>quam</strong></span> <span class='ocrx_word' id='word_1_687' title='bbox 2277 2635 2442 2689; x_wconf 88' lang='lat' dir='ltr'><strong>nostri</strong></span> <span class='ocrx_word' id='word_1_688' title='bbox 2474 2634 2648 2688; x_wconf 92' lang='lat' dir='ltr'><strong>meriti</strong></span> <span class='ocrx_word' id='word_1_689' title='bbox 2694 2643 2837 2697; x_wconf 89' lang='lat' dir='ltr'><strong>sunt,</strong></span> <span class='ocrx_word' id='word_1_690' title='bbox 2867 2649 3095 2704; x_wconf 64' lang='lat' dir='ltr'><strong>quaeque</strong></span> <span class='ocrx_word' id='word_1_691' title='bbox 3142 2633 3281 2689; x_wconf 86' lang='lat' dir='ltr'><strong>inter</strong></span> <span class='ocrx_word' id='word_1_692' title='bbox 3320 2648 3381 2687; x_wconf 86' lang='lat' dir='ltr'><strong>se</strong></span> <span class='ocrx_word' id='word_1_693' title='bbox 3418 2631 3666 2686; x_wconf 83' lang='lat' dir='ltr'><strong>devincta</strong></span> 
     </span>
    </p>
   </div>
   <div class='ocr_carea' id='block_1_89' title="bbox 2088 2723 3669 2795">
    <p class='ocr_par' dir='ltr' id='par_1_89' title="bbox 2088 2723 3669 2795">
     <span class='ocr_line' id='line_1_89' title="bbox 2088 2723 3669 2795; baseline -0.003 -13"><span class='ocrx_word' id='word_1_694' title='bbox 2088 2735 2249 2793; x_wconf 90' lang='lat' dir='ltr'><strong>sunt,</strong></span> <span class='ocrx_word' id='word_1_695' title='bbox 2282 2726 2452 2781; x_wconf 91' lang='lat' dir='ltr'><strong>multo</strong></span> <span class='ocrx_word' id='word_1_696' title='bbox 2508 2727 2677 2795; x_wconf 88' lang='lat' dir='ltr'><strong>magis</strong></span> <span class='ocrx_word' id='word_1_697' title='bbox 2728 2725 2829 2780; x_wconf 86' lang='lat' dir='ltr'><strong>hoc</strong></span> <span class='ocrx_word' id='word_1_698' title='bbox 2872 2726 3178 2781; x_wconf 84' lang='lat' dir='ltr'><strong>necessario</strong></span> <span class='ocrx_word' id='word_1_699' title='bbox 3227 2725 3372 2787; x_wconf 83' lang='lat' dir='ltr'><strong>facit,</strong></span> <span class='ocrx_word' id='word_1_700' title='bbox 3418 2739 3541 2780; x_wconf 90' lang='lat' dir='ltr'><strong>cum</strong></span> <span class='ocrx_word' id='word_1_701' title='bbox 3599 2723 3669 2778; x_wconf 90' lang='lat' dir='ltr'><strong>de</strong></span> 
     </span>
    </p>
   </div>
   <div class='ocr_carea' id='block_1_90' title="bbox 2092 2816 3671 2889">
    <p class='ocr_par' dir='ltr' id='par_1_90' title="bbox 2092 2816 3671 2889">
     <span class='ocr_line' id='line_1_90' title="bbox 2092 2816 3671 2889; baseline -0.001 -20"><span class='ocrx_word' id='word_1_702' title='bbox 2092 2827 2415 2873; x_wconf 90' lang='lat' dir='ltr'><strong>testamento</strong></span> <span class='ocrx_word' id='word_1_703' title='bbox 2442 2818 2709 2889; x_wconf 87' lang='lat' dir='ltr'><strong>loquitur.</strong></span> <span class='ocrx_word' id='word_1_704' title='bbox 2748 2817 3013 2882; x_wconf 86' lang='lat' dir='ltr'><strong>Quidnam</strong></span> <span class='ocrx_word' id='word_1_705' title='bbox 3056 2818 3219 2887; x_wconf 77' lang='lat' dir='ltr'><strong>igitur</strong></span> <span class='ocrx_word' id='word_1_706' title='bbox 3261 2819 3376 2873; x_wconf 76' lang='lat' dir='ltr'><strong>iure</strong></span> <span class='ocrx_word' id='word_1_707' title='bbox 3403 2816 3567 2871; x_wconf 87' lang='lat' dir='ltr'><strong>verba</strong></span> <span class='ocrx_word' id='word_1_708' title='bbox 3598 2816 3671 2870; x_wconf 80' lang='lat' dir='ltr'><strong>si-</strong></span> 
     </span>
    </p>
   </div>
   <div class='ocr_carea' id='block_1_91' title="bbox 2089 2906 3674 2979">
    <p class='ocr_par' dir='ltr' id='par_1_91' title="bbox 2089 2906 3674 2979">
     <span class='ocr_line' id='line_1_91' title="bbox 2089 2906 3674 2979; baseline -0.001 -18"><span class='ocrx_word' id='word_1_709' title='bbox 2089 2907 2366 2979; x_wconf 85' lang='lat' dir='ltr'><strong>gniﬁcant,</strong></span> <span class='ocrx_word' id='word_1_710' title='bbox 2410 2908 2582 2962; x_wconf 84' lang='lat' dir='ltr'><strong>Lilera</strong></span> <span class='ocrx_word' id='word_1_711' title='bbox 2624 2907 2848 2963; x_wconf 80' lang='lat' dir='ltr'><strong>occidit?</strong></span> <span class='ocrx_word' id='word_1_712' title='bbox 2878 2907 3093 2963; x_wconf 78' lang='lat' dir='ltr'><strong>Dixerat</strong></span> <span class='ocrx_word' id='word_1_713' title='bbox 3117 2906 3331 2978; x_wconf 86' lang='lat' dir='ltr'><strong>quidem</strong></span> <span class='ocrx_word' id='word_1_714' title='bbox 3379 2907 3431 2960; x_wconf 85' lang='lat' dir='ltr'><strong>in</strong></span> <span class='ocrx_word' id='word_1_715' title='bbox 3476 2906 3674 2960; x_wconf 85' lang='lat' dir='ltr'><strong>tabulis</strong></span> 
     </span>
    </p>
   </div>
   <div class='ocr_carea' id='block_1_92' title="bbox 2090 3000 3671 3072">
    <p class='ocr_par' dir='ltr' id='par_1_92' title="bbox 2090 3000 3671 3072">
     <span class='ocr_line' id='line_1_92' title="bbox 2090 3000 3671 3072; baseline 0.001 -19"><span class='ocrx_word' id='word_1_716' title='bbox 2090 3000 2315 3072; x_wconf 83' lang='lat' dir='ltr'><strong>lapideis</strong></span> <span class='ocrx_word' id='word_1_717' title='bbox 2360 3012 2415 3058; x_wconf 85' lang='lat' dir='ltr'><strong>et</strong></span> <span class='ocrx_word' id='word_1_718' title='bbox 2463 3002 2715 3057; x_wconf 89' lang='lat' dir='ltr'><strong>cordibus</strong></span> <span class='ocrx_word' id='word_1_719' title='bbox 2748 3002 2998 3066; x_wconf 88' lang='lat' dir='ltr'><strong>carneis;</strong></span> <span class='ocrx_word' id='word_1_720' title='bbox 3051 3011 3105 3056; x_wconf 90' lang='lat' dir='ltr'><strong>at</strong></span> <span class='ocrx_word' id='word_1_721' title='bbox 3146 3001 3382 3055; x_wconf 89' lang='lat' dir='ltr'><strong>nondum</strong></span> <span class='ocrx_word' id='word_1_722' title='bbox 3420 3015 3671 3069; x_wconf 81' lang='lat' dir='ltr'><strong>magnum</strong></span> 
     </span>
    </p>
   </div>
   <div class='ocr_carea' id='block_1_93' title="bbox 2090 3092 3671 3165">
    <p class='ocr_par' dir='ltr' id='par_1_93' title="bbox 2090 3092 3671 3165">
     <span class='ocr_line' id='line_1_93' title="bbox 2090 3092 3671 3165; baseline 0 -19"><span class='ocrx_word' id='word_1_723' title='bbox 2090 3094 2360 3165; x_wconf 86' lang='lat' dir='ltr'><strong>quoddam</strong></span> <span class='ocrx_word' id='word_1_724' title='bbox 2421 3094 2712 3149; x_wconf 87' lang='lat' dir='ltr'><strong>discrimen</strong></span> <span class='ocrx_word' id='word_1_725' title='bbox 2767 3095 3006 3163; x_wconf 79' lang='lat' dir='ltr'><strong>proferre</strong></span> <span class='ocrx_word' id='word_1_726' title='bbox 3059 3093 3360 3149; x_wconf 88' lang='lat' dir='ltr'><strong>videbatur.</strong></span> <span class='ocrx_word' id='word_1_727' title='bbox 3410 3092 3671 3161; x_wconf 76' lang='lat' dir='ltr'><strong>Adjunxit</strong></span> 
     </span>
    </p>
   </div>
   <div class='ocr_carea' id='block_1_94' title="bbox 2091 3185 3673 3257">
    <p class='ocr_par' dir='ltr' id='par_1_94' title="bbox 2091 3185 3673 3257">
     <span class='ocr_line' id='line_1_94' title="bbox 2091 3185 3673 3257; baseline -0.003 -15"><span class='ocrx_word' id='word_1_728' title='bbox 2091 3188 2291 3257; x_wconf 87' lang='lat' dir='ltr'><strong>itaque,</strong></span> <span class='ocrx_word' id='word_1_729' title='bbox 2312 3187 2451 3256; x_wconf 91' lang='lat' dir='ltr'><strong>quod</strong></span> <span class='ocrx_word' id='word_1_730' title='bbox 2476 3187 2563 3242; x_wconf 90' lang='lat' dir='ltr'><strong>illa</strong></span> <span class='ocrx_word' id='word_1_731' title='bbox 2581 3187 2734 3241; x_wconf 88' lang='lat' dir='ltr'><strong>litera</strong></span> <span class='ocrx_word' id='word_1_732' title='bbox 2751 3196 2843 3241; x_wconf 90' lang='lat' dir='ltr'><strong>aut</strong></span> <span class='ocrx_word' id='word_1_733' title='bbox 2864 3194 3186 3251; x_wconf 87' lang='lat' dir='ltr'><strong>atramento,</strong></span> <span class='ocrx_word' id='word_1_734' title='bbox 3210 3185 3327 3239; x_wconf 55' lang='lat' dir='ltr'><strong>haec</strong></span> <span class='ocrx_word' id='word_1_735' title='bbox 3343 3185 3530 3255; x_wconf 87' lang='lat' dir='ltr'><strong>spiritu</strong></span> <span class='ocrx_word' id='word_1_736' title='bbox 3559 3199 3673 3252; x_wconf 85' lang='lat' dir='ltr'><strong>per-</strong></span> 
     </span>
    </p>
   </div>
   <div class='ocr_carea' id='block_1_95' title="bbox 2092 3276 3671 3351">
    <p class='ocr_par' dir='ltr' id='par_1_95' title="bbox 2092 3276 3671 3351">
     <span class='ocr_line' id='line_1_95' title="bbox 2092 3276 3671 3351; baseline -0.005 -15"><span class='ocrx_word' id='word_1_737' title='bbox 2092 3283 2288 3351; x_wconf 86' lang='lat' dir='ltr'><strong>scripta</strong></span> <span class='ocrx_word' id='word_1_738' title='bbox 2316 3282 2406 3335; x_wconf 87' lang='lat' dir='ltr'><strong>sit-</strong></span> <span class='ocrx_word' id='word_1_739' title='bbox 2462 3281 2572 3334; x_wconf 90' lang='lat' dir='ltr'><strong>lloc</strong></span> <span class='ocrx_word' id='word_1_740' title='bbox 2599 3289 2775 3334; x_wconf 87' lang='lat' dir='ltr'><strong>autem</strong></span> <span class='ocrx_word' id='word_1_741' title='bbox 2808 3294 2916 3334; x_wconf 89' lang='lat' dir='ltr'><strong>non</strong></span> <span class='ocrx_word' id='word_1_742' title='bbox 2944 3294 3039 3335; x_wconf 90' lang='lat' dir='ltr'><strong>eos</strong></span> <span class='ocrx_word' id='word_1_743' title='bbox 3064 3278 3350 3333; x_wconf 88' lang='lat' dir='ltr'><strong>admodum</strong></span> <span class='ocrx_word' id='word_1_744' title='bbox 3381 3276 3671 3331; x_wconf 80' lang='lat' dir='ltr'><strong>excitabat.</strong></span> 
     </span>
    </p>
   </div>
   <div class='ocr_carea' id='block_1_96' title="bbox 2095 3368 3675 3442">
    <p class='ocr_par' dir='ltr' id='par_1_96' title="bbox 2095 3368 3675 3442">
     <span class='ocr_line' id='line_1_96' title="bbox 2095 3368 3675 3442; baseline -0.004 -15"><span class='ocrx_word' id='word_1_745' title='bbox 2095 3372 2208 3427; x_wconf 85' lang='lat' dir='ltr'><strong>Hoc</strong></span> <span class='ocrx_word' id='word_1_746' title='bbox 2235 3388 2363 3442; x_wconf 88' lang='lat' dir='ltr'><strong>ergo</strong></span> <span class='ocrx_word' id='word_1_747' title='bbox 2389 3373 2604 3427; x_wconf 88' lang='lat' dir='ltr'><strong>demum</strong></span> <span class='ocrx_word' id='word_1_748' title='bbox 2635 3372 2787 3438; x_wconf 88' lang='lat' dir='ltr'><strong>dicit,</strong></span> <span class='ocrx_word' id='word_1_749' title='bbox 2819 3371 2962 3441; x_wconf 87' lang='lat' dir='ltr'><strong>qttod</strong></span> <span class='ocrx_word' id='word_1_750' title='bbox 2993 3371 3074 3424; x_wconf 85' lang='lat' dir='ltr'><strong>vel</strong></span> <span class='ocrx_word' id='word_1_751' title='bbox 3103 3384 3306 3440; x_wconf 87' lang='lat' dir='ltr'><strong>pennas</strong></span> <span class='ocrx_word' id='word_1_752' title='bbox 3347 3370 3455 3423; x_wconf 89' lang='lat' dir='ltr'><strong>illis</strong></span> <span class='ocrx_word' id='word_1_753' title='bbox 3482 3368 3675 3423; x_wconf 70' lang='lat' dir='ltr'><strong>afferre</strong></span> 
     </span>
    </p>
   </div>
   <div class='ocr_carea' id='block_1_97' title="bbox 2092 3462 3672 3533">
    <p class='ocr_par' dir='ltr' id='par_1_97' title="bbox 2092 3462 3672 3533">
     <span class='ocr_line' id='line_1_97' title="bbox 2092 3462 3672 3533; baseline -0.002 -16"><span class='ocrx_word' id='word_1_754' title='bbox 2092 3474 2272 3533; x_wconf 87' lang='lat' dir='ltr'><strong>queat,</strong></span> <span class='ocrx_word' id='word_1_755' title='bbox 2304 3478 2518 3531; x_wconf 89' lang='lat' dir='ltr'><strong>nempe,</strong></span> <span class='ocrx_word' id='word_1_756' title='bbox 2550 3462 2724 3517; x_wconf 82' lang='lat' dir='ltr'><strong>Litera</strong></span> <span class='ocrx_word' id='word_1_757' title='bbox 2755 3464 2958 3528; x_wconf 81' lang='lat' dir='ltr'><strong>occidit,</strong></span> <span class='ocrx_word' id='word_1_758' title='bbox 2994 3463 3205 3533; x_wconf 77' lang='lat' dir='ltr'><strong>spiritus</strong></span> <span class='ocrx_word' id='word_1_759' title='bbox 3241 3472 3411 3516; x_wconf 85' lang='lat' dir='ltr'><strong>autem</strong></span> <span class='ocrx_word' id='word_1_760' title='bbox 3433 3462 3672 3524; x_wconf 73' lang='lat' dir='ltr'><strong>aiei/icat.</strong></span> 
     </span>
    </p>
   </div>
   <div class='ocr_carea' id='block_1_98' title="bbox 2165 3551 3676 3622">
    <p class='ocr_par' dir='ltr' id='par_1_98' title="bbox 2165 3551 3676 3622">
     <span class='ocr_line' id='line_1_98' title="bbox 2165 3551 3676 3622; baseline -0.002 -14"><span class='ocrx_word' id='word_1_761' title='bbox 2165 3555 2218 3608; x_wconf 78' lang='lat'><strong>&#39;5.</strong></span> <span class='ocrx_word' id='word_1_762' title='bbox 2264 3554 2530 3621; x_wconf 90' lang='lat' dir='ltr'><strong>Quidnam</strong></span> <span class='ocrx_word' id='word_1_763' title='bbox 2559 3562 2735 3608; x_wconf 88' lang='lat' dir='ltr'><strong>autem</strong></span> <span class='ocrx_word' id='word_1_764' title='bbox 2776 3554 2879 3609; x_wconf 90' lang='lat' dir='ltr'><strong>hoc</strong></span> <span class='ocrx_word' id='word_1_765' title='bbox 2915 3553 3039 3608; x_wconf 87' lang='lat' dir='ltr'><strong>est?</strong></span> <span class='ocrx_word' id='word_1_766' title='bbox 3072 3552 3127 3606; x_wconf 91' lang='lat' dir='ltr'><strong>In</strong></span> <span class='ocrx_word' id='word_1_767' title='bbox 3159 3552 3275 3622; x_wconf 80' lang='lat' dir='ltr'><strong>lege</strong></span> <span class='ocrx_word' id='word_1_768' title='bbox 3299 3552 3345 3606; x_wconf 92' lang='lat' dir='ltr'><strong>is</strong></span> <span class='ocrx_word' id='word_1_769' title='bbox 3367 3551 3457 3620; x_wconf 87' lang='lat' dir='ltr'><strong>qui</strong></span> <span class='ocrx_word' id='word_1_770' title='bbox 3480 3565 3676 3621; x_wconf 76' lang='lat' dir='ltr'><strong>pecca-</strong></span> 
     </span>
    </p>
   </div>
   <div class='ocr_carea' id='block_1_99' title="bbox 2095 3644 3679 3716">
    <p class='ocr_par' dir='ltr' id='par_1_99' title="bbox 2095 3644 3679 3716">
     <span class='ocr_line' id='line_1_99' title="bbox 2095 3644 3679 3716; baseline -0.002 -15"><span class='ocrx_word' id='word_1_771' title='bbox 2095 3657 2206 3701; x_wconf 91' lang='lat' dir='ltr'><strong>tum</strong></span> <span class='ocrx_word' id='word_1_772' title='bbox 2240 3647 2418 3710; x_wconf 88' lang='lat' dir='ltr'><strong>habet,</strong></span> <span class='ocrx_word' id='word_1_773' title='bbox 2453 3648 2708 3716; x_wconf 84' lang='lat' dir='ltr'><strong>punitur;</strong></span> <span class='ocrx_word' id='word_1_774' title='bbox 2755 3646 2844 3701; x_wconf 89' lang='lat' dir='ltr'><strong>hic</strong></span> <span class='ocrx_word' id='word_1_775' title='bbox 2873 3647 2962 3715; x_wconf 92' lang='lat' dir='ltr'><strong>qui</strong></span> <span class='ocrx_word' id='word_1_776' title='bbox 2993 3653 3271 3716; x_wconf 87' lang='lat' dir='ltr'><strong>peccatum</strong></span> <span class='ocrx_word' id='word_1_777' title='bbox 3298 3644 3478 3712; x_wconf 88' lang='lat' dir='ltr'><strong>habet,</strong></span> <span class='ocrx_word' id='word_1_778' title='bbox 3523 3659 3679 3698; x_wconf 81' lang='lat' dir='ltr'><strong>acce-</strong></span> 
     </span>
    </p>
   </div>
   <div class='ocr_carea' id='block_1_100' title="bbox 2098 3736 3674 3809">
    <p class='ocr_par' dir='ltr' id='par_1_100' title="bbox 2098 3736 3674 3809">
     <span class='ocr_line' id='line_1_100' title="bbox 2098 3736 3674 3809; baseline -0.001 -16"><span class='ocrx_word' id='word_1_779' title='bbox 2098 3739 2232 3793; x_wconf 89' lang='lat' dir='ltr'><strong>dens</strong></span> <span class='ocrx_word' id='word_1_780' title='bbox 2279 3738 2600 3809; x_wconf 80' lang='lat' dir='ltr'><strong>baptizatur,</strong></span> <span class='ocrx_word' id='word_1_781' title='bbox 2646 3754 2709 3792; x_wconf 79' lang='lat' dir='ltr'><strong>ac</strong></span> <span class='ocrx_word' id='word_1_782' title='bbox 2753 3739 2930 3807; x_wconf 84' lang='lat' dir='ltr'><strong>justus</strong></span> <span class='ocrx_word' id='word_1_783' title='bbox 2974 3736 3203 3792; x_wconf 83' lang='lat' dir='ltr'><strong>efﬁcitur</strong></span> <span class='ocrx_word' id='word_1_784' title='bbox 3231 3753 3245 3788; x_wconf 89' lang='lat'><strong>:</strong></span> <span class='ocrx_word' id='word_1_785' title='bbox 3272 3736 3455 3805; x_wconf 77' lang='lat' dir='ltr'><strong>justus</strong></span> <span class='ocrx_word' id='word_1_786' title='bbox 3494 3745 3674 3791; x_wconf 77' lang='lat' dir='ltr'><strong>autem</strong></span> 
     </span>
    </p>
   </div>
   <div class='ocr_carea' id='block_1_101' title="bbox 2096 3825 3671 3900">
    <p class='ocr_par' dir='ltr' id='par_1_101' title="bbox 2096 3825 3671 3900">
     <span class='ocr_line' id='line_1_101' title="bbox 2096 3825 3671 3900; baseline -0.004 -14"><span class='ocrx_word' id='word_1_787' title='bbox 2096 3831 2343 3893; x_wconf 85' lang='lat' dir='ltr'><strong>cll‘ectns,</strong></span> <span class='ocrx_word' id='word_1_788' title='bbox 2388 3830 2539 3896; x_wconf 90' lang='lat' dir='ltr'><strong>vivit,</strong></span> <span class='ocrx_word' id='word_1_789' title='bbox 2583 3838 2767 3900; x_wconf 89' lang='lat' dir='ltr'><strong>utpote</strong></span> <span class='ocrx_word' id='word_1_790' title='bbox 2797 3831 2999 3900; x_wconf 85' lang='lat' dir='ltr'><strong>peccati</strong></span> <span class='ocrx_word' id='word_1_791' title='bbox 3044 3839 3218 3884; x_wconf 80' lang='lat' dir='ltr'><strong>morte</strong></span> <span class='ocrx_word' id='word_1_792' title='bbox 3247 3828 3527 3882; x_wconf 87' lang='lat' dir='ltr'><strong>liberatus.</strong></span> <span class='ocrx_word' id='word_1_793' title='bbox 3558 3825 3671 3883; x_wconf 84' lang='lat' dir='ltr'><strong>Lex</strong></span> 
     </span>
    </p>
   </div>
   <div class='ocr_carea' id='block_1_102' title="bbox 2095 3918 3677 3995">
    <p class='ocr_par' dir='ltr' id='par_1_102' title="bbox 2095 3918 3677 3995">
     <span class='ocr_line' id='line_1_102' title="bbox 2095 3918 3677 3995; baseline -0.006 -15"><span class='ocrx_word' id='word_1_794' title='bbox 2095 3929 2139 3981; x_wconf 89' lang='lat' dir='ltr'><strong>si</strong></span> <span class='ocrx_word' id='word_1_795' title='bbox 2173 3925 2491 3981; x_wconf 84' lang='lat' dir='ltr'><strong>homicidam</strong></span> <span class='ocrx_word' id='word_1_796' title='bbox 2515 3925 2822 3995; x_wconf 88' lang='lat' dir='ltr'><strong>arripuerit,</strong></span> <span class='ocrx_word' id='word_1_797' title='bbox 2853 3939 2977 3978; x_wconf 92' lang='lat' dir='ltr'><strong>eum</strong></span> <span class='ocrx_word' id='word_1_798' title='bbox 3006 3930 3179 3977; x_wconf 89' lang='lat' dir='ltr'><strong>morte</strong></span> <span class='ocrx_word' id='word_1_799' title='bbox 3204 3920 3374 3975; x_wconf 83' lang='lat' dir='ltr'><strong>afﬁcit</strong></span> <span class='ocrx_word' id='word_1_800' title='bbox 3399 3938 3411 3975; x_wconf 93' lang='lat'>:</span> <span class='ocrx_word' id='word_1_801' title='bbox 3437 3918 3605 3989; x_wconf 83' lang='lat' dir='ltr'><strong>gratia</strong></span> <span class='ocrx_word' id='word_1_802' title='bbox 3630 3919 3677 3973; x_wconf 88' lang='lat' dir='ltr'><strong>si</strong></span> 
     </span>
    </p>
   </div>
   <div class='ocr_carea' id='block_1_103' title="bbox 2095 4011 3677 4086">
    <p class='ocr_par' dir='ltr' id='par_1_103' title="bbox 2095 4011 3677 4086">
     <span class='ocr_line' id='line_1_103' title="bbox 2095 4011 3677 4086; baseline -0.005 -15"><span class='ocrx_word' id='word_1_803' title='bbox 2095 4016 2416 4073; x_wconf 88' lang='lat' dir='ltr'><strong>homicidam</strong></span> <span class='ocrx_word' id='word_1_804' title='bbox 2437 4015 2942 4086; x_wconf 88' lang='lat' dir='ltr'><strong>eeperit,illuminat</strong></span> <span class='ocrx_word' id='word_1_805' title='bbox 2967 4029 3031 4069; x_wconf 90' lang='lat' dir='ltr'><strong>ac</strong></span> <span class='ocrx_word' id='word_1_806' title='bbox 3057 4011 3307 4068; x_wconf 84' lang='lat' dir='ltr'><strong>viviﬁcat.</strong></span> <span class='ocrx_word' id='word_1_807' title='bbox 3332 4011 3469 4080; x_wconf 88' lang='lat' dir='ltr'><strong>Quid</strong></span> <span class='ocrx_word' id='word_1_808' title='bbox 3498 4021 3677 4066; x_wconf 88' lang='lat' dir='ltr'><strong>autem</strong></span> 
     </span>
    </p>
   </div>
   <div class='ocr_carea' id='block_1_104' title="bbox 2095 4104 3679 4177">
    <p class='ocr_par' dir='ltr' id='par_1_104' title="bbox 2095 4104 3679 4177">
     <span class='ocr_line' id='line_1_104' title="bbox 2095 4104 3679 4177; baseline -0.006 -11"><span class='ocrx_word' id='word_1_809' title='bbox 2095 4111 2416 4166; x_wconf 86' lang='lat' dir='ltr'><strong>homicidam</strong></span> <span class='ocrx_word' id='word_1_810' title='bbox 2455 4109 2611 4166; x_wconf 88' lang='lat' dir='ltr'><strong>dico?</strong></span> <span class='ocrx_word' id='word_1_811' title='bbox 2657 4109 2765 4164; x_wconf 87' lang='lat' dir='ltr'><strong>Lex</strong></span> <span class='ocrx_word' id='word_1_812' title='bbox 2813 4123 2972 4172; x_wconf 90' lang='lat' dir='ltr'><strong>eum,</strong></span> <span class='ocrx_word' id='word_1_813' title='bbox 3015 4106 3105 4177; x_wconf 89' lang='lat' dir='ltr'><strong>qui</strong></span> <span class='ocrx_word' id='word_1_814' title='bbox 3153 4106 3359 4161; x_wconf 82' lang='lat' dir='ltr'><strong>sabbati</strong></span> <span class='ocrx_word' id='word_1_815' title='bbox 3404 4104 3493 4159; x_wconf 86' lang='lat' dir='ltr'><strong>die</strong></span> <span class='ocrx_word' id='word_1_816' title='bbox 3537 4104 3679 4173; x_wconf 87' lang='lat' dir='ltr'><strong>ligna</strong></span> 
     </span>
    </p>
   </div>
   <div class='ocr_carea' id='block_1_105' title="bbox 2095 4194 3678 4272">
    <p class='ocr_par' dir='ltr' id='par_1_105' title="bbox 2095 4194 3678 4272">
     <span class='ocr_line' id='line_1_105' title="bbox 2095 4194 3678 4272; baseline -0.006 -16"><span class='ocrx_word' id='word_1_817' title='bbox 2095 4202 2405 4272; x_wconf 82' lang='lat' dir='ltr'><strong>collegerat,</strong></span> <span class='ocrx_word' id='word_1_818' title='bbox 2459 4208 2730 4271; x_wconf 89' lang='lat' dir='ltr'><strong>arreptum</strong></span> <span class='ocrx_word' id='word_1_819' title='bbox 2781 4198 3045 4267; x_wconf 89' lang='lat' dir='ltr'><strong>lapidibus</strong></span> <span class='ocrx_word' id='word_1_820' title='bbox 3088 4196 3266 4251; x_wconf 88' lang='lat' dir='ltr'><strong>obruit</strong></span> <span class='ocrx_word' id='word_1_821' title='bbox 3307 4194 3499 4263; x_wconf 86' lang='lat' dir='ltr'><strong>(Num.</strong></span> <span class='ocrx_word' id='word_1_822' title='bbox 3547 4195 3678 4263; x_wconf 74' lang='lat'><strong>15);</strong></span> 
     </span>
    </p>
   </div>
   <div class='ocr_carea' id='block_1_106' title="bbox 2097 4286 3678 4359">
    <p class='ocr_par' dir='ltr' id='par_1_106' title="bbox 2097 4286 3678 4359">
     <span class='ocr_line' id='line_1_106' title="bbox 2097 4286 3678 4359; baseline -0.006 -12"><span class='ocrx_word' id='word_1_823' title='bbox 2097 4295 2200 4348; x_wconf 90' lang='lat' dir='ltr'><strong>hoc</strong></span> <span class='ocrx_word' id='word_1_824' title='bbox 2244 4293 2388 4347; x_wconf 91' lang='lat' dir='ltr'><strong>enim</strong></span> <span class='ocrx_word' id='word_1_825' title='bbox 2423 4299 2509 4346; x_wconf 88' lang='lat' dir='ltr'><strong>est</strong></span> <span class='ocrx_word' id='word_1_826' title='bbox 2534 4291 2673 4359; x_wconf 89' lang='lat' dir='ltr'><strong>quod</strong></span> <span class='ocrx_word' id='word_1_827' title='bbox 2704 4290 2800 4356; x_wconf 90' lang='lat' dir='ltr'><strong>ait,</strong></span> <span class='ocrx_word' id='word_1_828' title='bbox 2824 4288 2998 4343; x_wconf 86' lang='lat' dir='ltr'><strong>Litera</strong></span> <span class='ocrx_word' id='word_1_829' title='bbox 3026 4286 3207 4341; x_wconf 79' lang='lat' dir='ltr'><strong>occidit</strong></span> <span class='ocrx_word' id='word_1_830' title='bbox 3234 4303 3253 4340; x_wconf 90' lang='lat'><strong><em>:</em></strong></span> <span class='ocrx_word' id='word_1_831' title='bbox 3281 4287 3451 4357; x_wconf 89' lang='lat' dir='ltr'><strong>gratia</strong></span> <span class='ocrx_word' id='word_1_832' title='bbox 3493 4295 3678 4340; x_wconf 76' lang='lat' dir='ltr'><strong>contra</strong></span> 
     </span>
    </p>
   </div>
   <div class='ocr_carea' id='block_1_107' title="bbox 2097 4375 3679 4447">
    <p class='ocr_par' dir='ltr' id='par_1_107' title="bbox 2097 4375 3679 4447">
     <span class='ocr_line' id='line_1_107' title="bbox 2097 4375 3679 4447; baseline -0.008 -7"><span class='ocrx_word' id='word_1_833' title='bbox 2097 4393 2380 4440; x_wconf 84' lang='lat' dir='ltr'><strong>sexcentos</strong></span> <span class='ocrx_word' id='word_1_834' title='bbox 2410 4381 2702 4436; x_wconf 88' lang='lat' dir='ltr'><strong>homicidas</strong></span> <span class='ocrx_word' id='word_1_835' title='bbox 2741 4388 2796 4433; x_wconf 90' lang='lat' dir='ltr'><strong>et</strong></span> <span class='ocrx_word' id='word_1_836' title='bbox 2824 4380 3061 4434; x_wconf 87' lang='lat' dir='ltr'><strong>latrones</strong></span> <span class='ocrx_word' id='word_1_837' title='bbox 3087 4378 3311 4447; x_wconf 83' lang='lat' dir='ltr'><strong>accepit,</strong></span> <span class='ocrx_word' id='word_1_838' title='bbox 3340 4391 3403 4430; x_wconf 84' lang='lat' dir='ltr'><strong>ac</strong></span> <span class='ocrx_word' id='word_1_839' title='bbox 3431 4375 3679 4445; x_wconf 84' lang='lat' dir='ltr'><strong>baptismi</strong></span> 
     </span>
    </p>
   </div>
   <div class='ocr_carea' id='block_1_108' title="bbox 2100 4468 3676 4548">
    <p class='ocr_par' dir='ltr' id='par_1_108' title="bbox 2100 4468 3676 4548">
     <span class='ocr_line' id='line_1_108' title="bbox 2100 4468 3676 4548; baseline -0.006 -16"><span class='ocrx_word' id='word_1_840' title='bbox 2100 4492 2236 4548; x_wconf 89' lang='lat' dir='ltr'><strong>aqua</strong></span> <span class='ocrx_word' id='word_1_841' title='bbox 2270 4477 2468 4530; x_wconf 88' lang='lat' dir='ltr'><strong>tinctos</strong></span> <span class='ocrx_word' id='word_1_842' title='bbox 2490 4474 2760 4546; x_wconf 88' lang='lat' dir='ltr'><strong>prioribus</strong></span> <span class='ocrx_word' id='word_1_843' title='bbox 2785 4472 2940 4527; x_wconf 90' lang='lat' dir='ltr'><strong>malis</strong></span> <span class='ocrx_word' id='word_1_844' title='bbox 2968 4471 3194 4534; x_wconf 87' lang='lat' dir='ltr'><strong>liberat;</strong></span> <span class='ocrx_word' id='word_1_845' title='bbox 3224 4470 3327 4524; x_wconf 89' lang='lat' dir='ltr'><strong>hoc</strong></span> <span class='ocrx_word' id='word_1_846' title='bbox 3368 4477 3471 4536; x_wconf 84' lang='lat' dir='ltr'><strong>est,</strong></span> <span class='ocrx_word' id='word_1_847' title='bbox 3502 4468 3676 4540; x_wconf 84' lang='lat' dir='ltr'><strong>Spiri-</strong></span> 
     </span>
    </p>
   </div>
   <div class='ocr_carea' id='block_1_109' title="bbox 2102 4561 3682 4636">
    <p class='ocr_par' dir='ltr' id='par_1_109' title="bbox 2102 4561 3682 4636">
     <span class='ocr_line' id='line_1_109' title="bbox 2102 4561 3682 4636; baseline -0.005 -13"><span class='ocrx_word' id='word_1_848' title='bbox 2102 4577 2184 4623; x_wconf 88' lang='lat' dir='ltr'><strong>tus</strong></span> <span class='ocrx_word' id='word_1_849' title='bbox 2221 4567 2459 4636; x_wconf 78' lang='lat' dir='ltr'><strong>uiviﬁcat.</strong></span> <span class='ocrx_word' id='word_1_850' title='bbox 2492 4565 2583 4620; x_wconf 89' lang='lat' dir='ltr'><strong>llla</strong></span> <span class='ocrx_word' id='word_1_851' title='bbox 2610 4580 2757 4632; x_wconf 89' lang='lat' dir='ltr'><strong>eum,</strong></span> <span class='ocrx_word' id='word_1_852' title='bbox 2804 4564 2894 4634; x_wconf 87' lang='lat' dir='ltr'><strong>qui</strong></span> <span class='ocrx_word' id='word_1_853' title='bbox 2922 4561 3297 4633; x_wconf 88' lang='lat' dir='ltr'><strong>deprehensus</strong></span> <span class='ocrx_word' id='word_1_854' title='bbox 3324 4571 3428 4627; x_wconf 90' lang='lat' dir='ltr'><strong>est,</strong></span> <span class='ocrx_word' id='word_1_855' title='bbox 3467 4576 3532 4616; x_wconf 87' lang='lat' dir='ltr'><strong>ex</strong></span> <span class='ocrx_word' id='word_1_856' title='bbox 3558 4561 3682 4615; x_wconf 88' lang='lat' dir='ltr'><strong>vivo</strong></span> 
     </span>
    </p>
   </div>
   <div class='ocr_carea' id='block_1_110' title="bbox 2100 4649 3680 4715">
    <p class='ocr_par' dir='ltr' id='par_1_110' title="bbox 2100 4649 3680 4715">
     <span class='ocr_line' id='line_1_110' title="bbox 2100 4649 3680 4715; baseline -0.005 -1"><span class='ocrx_word' id='word_1_857' title='bbox 2100 4668 2369 4715; x_wconf 88' lang='lat' dir='ltr'><strong>mortuum</strong></span> <span class='ocrx_word' id='word_1_858' title='bbox 2395 4656 2605 4714; x_wconf 86' lang='lat' dir='ltr'><strong>reddit:</strong></span> <span class='ocrx_word' id='word_1_859' title='bbox 2634 4656 2749 4711; x_wconf 66' lang='lat' dir='ltr'><strong>haec</strong></span> <span class='ocrx_word' id='word_1_860' title='bbox 2775 4670 2926 4711; x_wconf 91' lang='lat' dir='ltr'><strong>reum</strong></span> <span class='ocrx_word' id='word_1_861' title='bbox 2952 4670 3019 4710; x_wconf 87' lang='lat' dir='ltr'><strong>ex</strong></span> <span class='ocrx_word' id='word_1_862' title='bbox 3045 4661 3257 4708; x_wconf 88' lang='lat' dir='ltr'><strong>mortuo</strong></span> <span class='ocrx_word' id='word_1_863' title='bbox 3282 4653 3463 4707; x_wconf 90' lang='lat' dir='ltr'><strong>vivum</strong></span> <span class='ocrx_word' id='word_1_864' title='bbox 3493 4649 3680 4707; x_wconf 67' lang='lat' dir='ltr'><strong>efﬁcit.</strong></span> 
     </span>
    </p>
   </div>
   <div class='ocr_carea' id='block_1_111' title="bbox 2113 4743 3681 4820">
    <p class='ocr_par' dir='ltr' id='par_1_111' title="bbox 2113 4743 3681 4820">
     <span class='ocr_line' id='line_1_111' title="bbox 2113 4743 3681 4820; baseline -0.006 -13"><span class='ocrx_word' id='word_1_865' title='bbox 2113 4751 2284 4807; x_wconf 84' lang='lat' dir='ltr'><strong>Venite</strong></span> <span class='ocrx_word' id='word_1_866' title='bbox 2317 4751 2481 4816; x_wconf 90' lang='lat' dir='ltr'><strong>enim,</strong></span> <span class='ocrx_word' id='word_1_867' title='bbox 2529 4749 2721 4820; x_wconf 89' lang='lat' dir='ltr'><strong>inquit,</strong></span> <span class='ocrx_word' id='word_1_868' title='bbox 2774 4748 2843 4801; x_wconf 87' lang='lat' dir='ltr'><strong>ad</strong></span> <span class='ocrx_word' id='word_1_869' title='bbox 2892 4763 2972 4801; x_wconf 85' lang='lat' dir='ltr'><strong>me</strong></span> <span class='ocrx_word' id='word_1_870' title='bbox 3016 4761 3187 4801; x_wconf 76' lang='lat' dir='ltr'><strong>omnes</strong></span> <span class='ocrx_word' id='word_1_871' title='bbox 3227 4745 3312 4816; x_wconf 83' lang='lat' dir='ltr'><strong>qui</strong></span> <span class='ocrx_word' id='word_1_872' title='bbox 3355 4743 3595 4799; x_wconf 78' lang='lat' dir='ltr'><strong>laboratis</strong></span> <span class='ocrx_word' id='word_1_873' title='bbox 3636 4753 3681 4797; x_wconf 82' lang='lat' dir='ltr'><strong>et</strong></span> 
     </span>
    </p>
   </div>
   <div class='ocr_carea' id='block_1_112' title="bbox 2099 4835 3683 4905">
    <p class='ocr_par' dir='ltr' id='par_1_112' title="bbox 2099 4835 3683 4905">
     <span class='ocr_line' id='line_1_112' title="bbox 2099 4835 3683 4905; baseline -0.006 -7"><span class='ocrx_word' id='word_1_874' title='bbox 2099 4843 2296 4898; x_wconf 86' lang='lat' dir='ltr'><strong>onerati</strong></span> <span class='ocrx_word' id='word_1_875' title='bbox 2321 4843 2480 4897; x_wconf 89' lang='lat' dir='ltr'><strong>estis:</strong></span> <span class='ocrx_word' id='word_1_876' title='bbox 2506 4852 2561 4897; x_wconf 90' lang='lat' dir='ltr'><strong>et</strong></span> <span class='ocrx_word' id='word_1_877' title='bbox 2590 4855 2694 4894; x_wconf 92' lang='lat' dir='ltr'><strong>non</strong></span> <span class='ocrx_word' id='word_1_878' title='bbox 2733 4838 2887 4905; x_wconf 89' lang='lat' dir='ltr'><strong>dixit,</strong></span> <span class='ocrx_word' id='word_1_879' title='bbox 2928 4836 3247 4893; x_wconf 83' lang='lat' dir='ltr'><strong>excruciabo</strong></span> <span class='ocrx_word' id='word_1_880' title='bbox 3272 4851 3388 4903; x_wconf 87' lang='lat' dir='ltr'><strong>vos,</strong></span> <span class='ocrx_word' id='word_1_881' title='bbox 3420 4835 3536 4901; x_wconf 89' lang='lat' dir='ltr'><strong>sed,</strong></span> <span class='ocrx_word' id='word_1_882' title='bbox 3564 4836 3683 4904; x_wconf 77' lang='lat' dir='ltr'><strong>reﬁ-</strong></span> 
     </span>
    </p>
   </div>
   <div class='ocr_carea' id='block_1_113' title="bbox 2100 4928 3682 5001">
    <p class='ocr_par' dir='ltr' id='par_1_113' title="bbox 2100 4928 3682 5001">
     <span class='ocr_line' id='line_1_113' title="bbox 2100 4928 3682 5001; baseline -0.004 -12"><span class='ocrx_word' id='word_1_883' title='bbox 2100 4935 2235 4990; x_wconf 76' lang='lat' dir='ltr'><strong>ciam</strong></span> <span class='ocrx_word' id='word_1_884' title='bbox 2257 4950 2344 4987; x_wconf 82' lang='lat' dir='ltr'><strong>oos</strong></span> <span class='ocrx_word' id='word_1_885' title='bbox 2365 4932 2579 5001; x_wconf 81' lang='lat' dir='ltr'><strong>(Matth.</strong></span> <span class='ocrx_word' id='word_1_886' title='bbox 2603 4932 2692 4985; x_wconf 86' lang='lat' dir='ltr'><strong>ll.</strong></span> <span class='ocrx_word' id='word_1_887' title='bbox 2716 4930 2836 4999; x_wconf 74' lang='lat'><strong>28).</strong></span> <span class='ocrx_word' id='word_1_888' title='bbox 2861 4930 3074 4985; x_wconf 90' lang='lat' dir='ltr'><strong>Etenim</strong></span> <span class='ocrx_word' id='word_1_889' title='bbox 3099 4929 3151 4984; x_wconf 93' lang='lat' dir='ltr'><strong>in</strong></span> <span class='ocrx_word' id='word_1_890' title='bbox 3170 4928 3434 5001; x_wconf 85' lang='lat' dir='ltr'><strong>baptismo</strong></span> <span class='ocrx_word' id='word_1_891' title='bbox 3460 4938 3682 4999; x_wconf 82' lang='lat' dir='ltr'><strong>peccata</strong></span> 
     </span>
    </p>
   </div>
   <div class='ocr_carea' id='block_1_114' title="bbox 2103 5018 3686 5095">
    <p class='ocr_par' dir='ltr' id='par_1_114' title="bbox 2103 5018 3686 5095">
     <span class='ocr_line' id='line_1_114' title="bbox 2103 5018 3686 5095; baseline -0.004 -14"><span class='ocrx_word' id='word_1_892' title='bbox 2103 5025 2456 5095; x_wconf 89' lang='lat' dir='ltr'><strong>sepeliuntur,</strong></span> <span class='ocrx_word' id='word_1_893' title='bbox 2484 5023 2664 5095; x_wconf 90' lang='lat' dir='ltr'><strong>priora</strong></span> <span class='ocrx_word' id='word_1_894' title='bbox 2686 5022 2952 5088; x_wconf 89' lang='lat' dir='ltr'><strong>delentur,</strong></span> <span class='ocrx_word' id='word_1_895' title='bbox 2981 5022 3142 5077; x_wconf 89' lang='lat' dir='ltr'><strong>homo</strong></span> <span class='ocrx_word' id='word_1_896' title='bbox 3162 5020 3483 5084; x_wconf 82' lang='lat' dir='ltr'><strong>viviﬁcatur,</strong></span> <span class='ocrx_word' id='word_1_897' title='bbox 3510 5018 3686 5076; x_wconf 86' lang='lat' dir='ltr'><strong>omnis</strong></span> 
     </span>
    </p>
   </div>
   <div class='ocr_carea' id='block_1_115' title="bbox 2102 5109 3684 5185">
    <p class='ocr_par' dir='ltr' id='par_1_115' title="bbox 2102 5109 3684 5185">
     <span class='ocr_line' id='line_1_115' title="bbox 2102 5109 3684 5185; baseline -0.004 -15"><span class='ocrx_word' id='word_1_898' title='bbox 2102 5116 2269 5185; x_wconf 88' lang='lat' dir='ltr'><strong>gratia</strong></span> <span class='ocrx_word' id='word_1_899' title='bbox 2301 5115 2353 5169; x_wconf 93' lang='lat' dir='ltr'><strong>in</strong></span> <span class='ocrx_word' id='word_1_900' title='bbox 2384 5115 2553 5184; x_wconf 89' lang='lat' dir='ltr'><strong>ipsius</strong></span> <span class='ocrx_word' id='word_1_901' title='bbox 2580 5122 2818 5184; x_wconf 89' lang='lat' dir='ltr'><strong>pectore,</strong></span> <span class='ocrx_word' id='word_1_902' title='bbox 2852 5123 3124 5184; x_wconf 88' lang='lat' dir='ltr'><strong>tamquam</strong></span> <span class='ocrx_word' id='word_1_903' title='bbox 3170 5111 3224 5167; x_wconf 88' lang='lat' dir='ltr'><strong>in</strong></span> <span class='ocrx_word' id='word_1_904' title='bbox 3265 5109 3463 5167; x_wconf 88' lang='lat' dir='ltr'><strong>tabulis</strong></span> <span class='ocrx_word' id='word_1_905' title='bbox 3493 5111 3684 5167; x_wconf 84' lang='lat' dir='ltr'><strong>inscri-</strong></span> 
     </span>
    </p>
   </div>
   <div class='ocr_carea' id='block_1_116' title="bbox 2104 5205 3686 5278">
    <p class='ocr_par' dir='ltr' id='par_1_116' title="bbox 2104 5205 3686 5278">
     <span class='ocr_line' id='line_1_116' title="bbox 2104 5205 3686 5278; baseline -0.002 -14"><span class='ocrx_word' id='word_1_906' title='bbox 2104 5210 2269 5264; x_wconf 91' lang='lat' dir='ltr'><strong>bitur.</strong></span> <span class='ocrx_word' id='word_1_907' title='bbox 2291 5209 2473 5278; x_wconf 89' lang='lat' dir='ltr'><strong>!taque</strong></span> <span class='ocrx_word' id='word_1_908' title='bbox 2495 5219 2734 5278; x_wconf 87' lang='lat' dir='ltr'><strong>reputes,</strong></span> <span class='ocrx_word' id='word_1_909' title='bbox 2768 5207 2949 5272; x_wconf 88' lang='lat' dir='ltr'><strong>velim,</strong></span> <span class='ocrx_word' id='word_1_910' title='bbox 2973 5215 3169 5276; x_wconf 90' lang='lat' dir='ltr'><strong>quanta</strong></span> <span class='ocrx_word' id='word_1_911' title='bbox 3198 5206 3428 5275; x_wconf 85' lang='lat' dir='ltr'><strong>Spiritus</strong></span> <span class='ocrx_word' id='word_1_912' title='bbox 3453 5205 3686 5277; x_wconf 78' lang='lat' dir='ltr'><strong>dignitas</strong></span> 
     </span>
    </p>
   </div>
   <div class='ocr_carea' id='block_1_117' title="bbox 2105 5297 3682 5370">
    <p class='ocr_par' dir='ltr' id='par_1_117' title="bbox 2105 5297 3682 5370">
     <span class='ocr_line' id='line_1_117' title="bbox 2105 5297 3682 5370; baseline -0.003 -15"><span class='ocrx_word' id='word_1_913' title='bbox 2105 5301 2196 5367; x_wconf 89' lang='lat' dir='ltr'><strong>sit,</strong></span> <span class='ocrx_word' id='word_1_914' title='bbox 2214 5299 2412 5370; x_wconf 90' lang='lat' dir='ltr'><strong>quippe</strong></span> <span class='ocrx_word' id='word_1_915' title='bbox 2430 5314 2551 5353; x_wconf 89' lang='lat' dir='ltr'><strong>cum</strong></span> <span class='ocrx_word' id='word_1_916' title='bbox 2580 5297 2749 5370; x_wconf 86' lang='lat' dir='ltr'><strong>ipsius</strong></span> <span class='ocrx_word' id='word_1_917' title='bbox 2770 5298 2969 5359; x_wconf 66' lang='lat' dir='ltr'><strong>tabulae,</strong></span> <span class='ocrx_word' id='word_1_918' title='bbox 2984 5298 3253 5369; x_wconf 86' lang='lat' dir='ltr'><strong>prioribus</strong></span> <span class='ocrx_word' id='word_1_919' title='bbox 3281 5299 3530 5355; x_wconf 88' lang='lat' dir='ltr'><strong>meliores</strong></span> <span class='ocrx_word' id='word_1_920' title='bbox 3554 5299 3682 5359; x_wconf 88' lang='lat' dir='ltr'><strong>sint.</strong></span> 
     </span>
    </p>
   </div>
   <div class='ocr_carea' id='block_1_118' title="bbox 2106 5388 3685 5460">
    <p class='ocr_par' dir='ltr' id='par_1_118' title="bbox 2106 5388 3685 5460">
     <span class='ocr_line' id='line_1_118' title="bbox 2106 5388 3685 5460; baseline -0.003 -16"><span class='ocrx_word' id='word_1_921' title='bbox 2106 5401 2269 5460; x_wconf 86' lang='lat' dir='ltr'><strong>atque</strong></span> <span class='ocrx_word' id='word_1_922' title='bbox 2316 5391 2431 5459; x_wconf 85' lang='lat' dir='ltr'><strong>ipsa</strong></span> <span class='ocrx_word' id='word_1_923' title='bbox 2469 5389 2631 5445; x_wconf 81' lang='lat' dir='ltr'><strong>etiam</strong></span> <span class='ocrx_word' id='word_1_924' title='bbox 2674 5389 3071 5445; x_wconf 86' lang='lat' dir='ltr'><strong>resurrectione</strong></span> <span class='ocrx_word' id='word_1_925' title='bbox 3109 5392 3445 5460; x_wconf 71' lang='lat' dir='ltr'><strong>prtestantius</strong></span> <span class='ocrx_word' id='word_1_926' title='bbox 3488 5388 3685 5457; x_wconf 80' lang='lat' dir='ltr'><strong>aliquid</strong></span> 
     </span>
    </p>
   </div>
   <div class='ocr_carea' id='block_1_119' title="bbox 2115 5481 3687 5554">
    <p class='ocr_par' dir='ltr' id='par_1_119' title="bbox 2115 5481 3687 5554">
     <span class='ocr_line' id='line_1_119' title="bbox 2115 5481 3687 5554; baseline -0.003 -18"><span class='ocrx_word' id='word_1_927' title='bbox 2115 5482 2384 5538; x_wconf 89' lang='lat' dir='ltr'><strong>ostendat.</strong></span> <span class='ocrx_word' id='word_1_928' title='bbox 2412 5482 2544 5538; x_wconf 89' lang='lat' dir='ltr'><strong>Nam</strong></span> <span class='ocrx_word' id='word_1_929' title='bbox 2570 5491 2625 5538; x_wconf 91' lang='lat' dir='ltr'><strong>et</strong></span> <span class='ocrx_word' id='word_1_930' title='bbox 2648 5497 2792 5538; x_wconf 90' lang='lat' dir='ltr'><strong>mors</strong></span> <span class='ocrx_word' id='word_1_931' title='bbox 2828 5496 2912 5549; x_wconf 88' lang='lat' dir='ltr'><strong>ea,</strong></span> <span class='ocrx_word' id='word_1_932' title='bbox 2943 5498 2974 5537; x_wconf 92' lang='lat' dir='ltr'><strong>a</strong></span> <span class='ocrx_word' id='word_1_933' title='bbox 2998 5499 3100 5553; x_wconf 91' lang='lat' dir='ltr'><strong>qua</strong></span> <span class='ocrx_word' id='word_1_934' title='bbox 3131 5483 3243 5554; x_wconf 90' lang='lat' dir='ltr'><strong>ipsa</strong></span> <span class='ocrx_word' id='word_1_935' title='bbox 3273 5485 3481 5546; x_wconf 88' lang='lat' dir='ltr'><strong>liberat,</strong></span> <span class='ocrx_word' id='word_1_936' title='bbox 3513 5481 3687 5549; x_wconf 81' lang='lat' dir='ltr'><strong>priore</strong></span> 
     </span>
    </p>
   </div>
   <div class='ocr_carea' id='block_1_120' title="bbox 2108 5573 3684 5647">
    <p class='ocr_par' dir='ltr' id='par_1_120' title="bbox 2108 5573 3684 5647">
     <span class='ocr_line' id='line_1_120' title="bbox 2108 5573 3684 5647; baseline -0.003 -18"><span class='ocrx_word' id='word_1_937' title='bbox 2108 5577 2325 5646; x_wconf 87' lang='lat' dir='ltr'><strong>gravior</strong></span> <span class='ocrx_word' id='word_1_938' title='bbox 2356 5587 2458 5642; x_wconf 89' lang='lat' dir='ltr'><strong>est,</strong></span> <span class='ocrx_word' id='word_1_939' title='bbox 2491 5587 2546 5631; x_wconf 84' lang='lat' dir='ltr'><strong>et</strong></span> <span class='ocrx_word' id='word_1_940' title='bbox 2573 5577 2789 5647; x_wconf 89' lang='lat' dir='ltr'><strong>quidem</strong></span> <span class='ocrx_word' id='word_1_941' title='bbox 2835 5585 3004 5644; x_wconf 90' lang='lat' dir='ltr'><strong>tanto,</strong></span> <span class='ocrx_word' id='word_1_942' title='bbox 3034 5589 3235 5647; x_wconf 89' lang='lat' dir='ltr'><strong>quanto</strong></span> <span class='ocrx_word' id='word_1_943' title='bbox 3262 5579 3435 5633; x_wconf 88' lang='lat' dir='ltr'><strong>anima</strong></span> <span class='ocrx_word' id='word_1_944' title='bbox 3472 5573 3684 5640; x_wconf 66' lang='lat' dir='ltr'><strong>corpori</strong></span> 
     </span>
    </p>
   </div>
   <div class='ocr_carea' id='block_1_121' title="bbox 2113 5662 3685 5739">
    <p class='ocr_par' dir='ltr' id='par_1_121' title="bbox 2113 5662 3685 5739">
     <span class='ocr_line' id='line_1_121' title="bbox 2113 5662 3685 5739; baseline -0.006 -17"><span class='ocrx_word' id='word_1_945' title='bbox 2113 5677 2333 5737; x_wconf 66' lang='lat' dir='ltr'><strong>praestat</strong></span> <span class='ocrx_word' id='word_1_946' title='bbox 2364 5686 2377 5724; x_wconf 89' lang='lat'><em>:</em></span> <span class='ocrx_word' id='word_1_947' title='bbox 2407 5676 2567 5738; x_wconf 87' lang='lat' dir='ltr'><strong>atque</strong></span> <span class='ocrx_word' id='word_1_948' title='bbox 2604 5684 2665 5723; x_wconf 90' lang='lat' dir='ltr'><strong>ea</strong></span> <span class='ocrx_word' id='word_1_949' title='bbox 2693 5669 2824 5734; x_wconf 86' lang='lat' dir='ltr'><strong>vita,</strong></span> <span class='ocrx_word' id='word_1_950' title='bbox 2857 5684 3016 5738; x_wconf 89' lang='lat' dir='ltr'><strong>quam</strong></span> <span class='ocrx_word' id='word_1_951' title='bbox 3047 5670 3280 5739; x_wconf 91' lang='lat' dir='ltr'><strong>Spiritus</strong></span> <span class='ocrx_word' id='word_1_952' title='bbox 3307 5662 3559 5734; x_wconf 87' lang='lat' dir='ltr'><strong>impertit,</strong></span> <span class='ocrx_word' id='word_1_953' title='bbox 3591 5676 3685 5728; x_wconf 85' lang='lat' dir='ltr'><strong>per</strong></span> 
     </span>
    </p>
   </div>
   <div class='ocr_carea' id='block_1_122' title="bbox 2113 5751 3683 5828">
    <p class='ocr_par' dir='ltr' id='par_1_122' title="bbox 2113 5751 3683 5828">
     <span class='ocr_line' id='line_1_122' title="bbox 2113 5751 3683 5828; baseline -0.008 -13"><span class='ocrx_word' id='word_1_954' title='bbox 2113 5776 2230 5815; x_wconf 84' lang='lat' dir='ltr'><strong>eam</strong></span> <span class='ocrx_word' id='word_1_955' title='bbox 2282 5759 2559 5815; x_wconf 82' lang='lat' dir='ltr'><strong>conﬂatur.</strong></span> <span class='ocrx_word' id='word_1_956' title='bbox 2600 5760 2752 5828; x_wconf 80' lang='lat' dir='ltr'><strong>Quod</strong></span> <span class='ocrx_word' id='word_1_957' title='bbox 2786 5760 2832 5816; x_wconf 86' lang='lat' dir='ltr'><strong>si</strong></span> <span class='ocrx_word' id='word_1_958' title='bbox 2875 5760 3010 5815; x_wconf 90' lang='lat' dir='ltr'><strong>hanc</strong></span> <span class='ocrx_word' id='word_1_959' title='bbox 3054 5759 3248 5813; x_wconf 71' lang='lat' dir='ltr'><strong>all‘erre</strong></span> <span class='ocrx_word' id='word_1_960' title='bbox 3278 5762 3467 5818; x_wconf 87' lang='lat' dir='ltr'><strong>potest,</strong></span> <span class='ocrx_word' id='word_1_961' title='bbox 3515 5751 3683 5805; x_wconf 83' lang='lat' dir='ltr'><strong>multo</strong></span> 
     </span>
    </p>
   </div>
   <div class='ocr_carea' id='block_1_123' title="bbox 3237 5854 3318 5912">
    <p class='ocr_par' dir='ltr' id='par_1_123' title="bbox 3237 5854 3318 5912">
     <span class='ocr_line' id='line_1_123' title="bbox 3237 5854 3318 5912; baseline 0.025 -2"><span class='ocrx_word' id='word_1_962' title='bbox 3237 5854 3318 5912; x_wconf 76' lang='lat'><strong>‘28</strong></span> 
     </span>
    </p>
   </div>
  </div>
