  <div class='ocr_page' id='page_1' title='image "/cluster/home/n/w/nwhite01/storage/ocr_20150623/61/mdp.39015008622618/445.png"; bbox 0 0 4070 6152; ppageno 0'>
   <div class='ocr_carea' id='block_1_1' title="bbox 404 297 508 356">
    <p class='ocr_par' dir='ltr' id='par_1_1' title="bbox 404 297 508 356">
     <span class='ocr_line' id='line_1_1' title="bbox 404 297 508 356; baseline 0.029 -3"><span class='ocrx_word' id='word_1_1' title='bbox 404 297 508 356; x_wconf 68' lang='grc'><strong>439</strong></span> 
     </span>
    </p>
   </div>
   <div class='ocr_carea' id='block_1_2' title="bbox 403 406 1983 482">
    <p class='ocr_par' dir='ltr' id='par_1_2' title="bbox 403 406 1983 482">
     <span class='ocr_line' id='line_1_2' title="bbox 403 406 1983 482; baseline -0.006 -16"><span class='ocrx_word' id='word_1_2' title='bbox 403 413 576 482; x_wconf 79' lang='lat' dir='ltr'><strong>magis</strong></span> <span class='ocrx_word' id='word_1_3' title='bbox 598 411 858 467; x_wconf 84' lang='lat' dir='ltr'><strong>minorem</strong></span> <span class='ocrx_word' id='word_1_4' title='bbox 885 429 898 465; x_wconf 90' lang='lat'><strong><em>:</em></strong></span> <span class='ocrx_word' id='word_1_5' title='bbox 923 409 1064 465; x_wconf 88' lang='lat' dir='ltr'><strong>illam</strong></span> <span class='ocrx_word' id='word_1_6' title='bbox 1091 409 1288 464; x_wconf 91' lang='lat' dir='ltr'><strong>etenim</strong></span> <span class='ocrx_word' id='word_1_7' title='bbox 1320 406 1596 480; x_wconf 74' lang='lat' dir='ltr'><strong>propheta:</strong></span> <span class='ocrx_word' id='word_1_8' title='bbox 1622 416 1833 476; x_wconf 89' lang='lat' dir='ltr'><strong>quoque</strong></span> <span class='ocrx_word' id='word_1_9' title='bbox 1853 417 1983 458; x_wconf 88' lang='lat' dir='ltr'><strong>con-</strong></span> 
     </span>
    </p>
   </div>
   <div class='ocr_carea' id='block_1_3' title="bbox 403 490 1985 570">
    <p class='ocr_par' dir='ltr' id='par_1_3' title="bbox 403 490 1985 570">
     <span class='ocr_line' id='line_1_3' title="bbox 403 490 1985 570; baseline -0.006 -15"><span class='ocrx_word' id='word_1_10' title='bbox 403 505 659 563; x_wconf 81' lang='lat' dir='ltr'><strong>tulerunt.</strong></span> <span class='ocrx_word' id='word_1_11' title='bbox 693 502 827 556; x_wconf 90' lang='lat' dir='ltr'><strong>hanc</strong></span> <span class='ocrx_word' id='word_1_12' title='bbox 855 509 1031 555; x_wconf 89' lang='lat' dir='ltr'><strong>autem</strong></span> <span class='ocrx_word' id='word_1_13' title='bbox 1062 514 1166 554; x_wconf 92' lang='lat' dir='ltr'><strong>non</strong></span> <span class='ocrx_word' id='word_1_14' title='bbox 1192 498 1434 570; x_wconf 87' lang='lat' dir='ltr'><strong>perinde.</strong></span> <span class='ocrx_word' id='word_1_15' title='bbox 1465 496 1634 552; x_wconf 86' lang='lat' dir='ltr'><strong>Nemo</strong></span> <span class='ocrx_word' id='word_1_16' title='bbox 1677 496 1844 560; x_wconf 90' lang='lat' dir='ltr'><strong>enim,</strong></span> <span class='ocrx_word' id='word_1_17' title='bbox 1874 490 1985 548; x_wconf 87' lang='lat' dir='ltr'><strong>Deo</strong></span> 
     </span>
    </p>
   </div>
   <div class='ocr_carea' id='block_1_4' title="bbox 401 585 1986 664">
    <p class='ocr_par' dir='ltr' id='par_1_4' title="bbox 401 585 1986 664">
     <span class='ocr_line' id='line_1_4' title="bbox 401 585 1986 664; baseline -0.005 -16"><span class='ocrx_word' id='word_1_18' title='bbox 401 608 510 648; x_wconf 90' lang='lat' dir='ltr'><strong>uno</strong></span> <span class='ocrx_word' id='word_1_19' title='bbox 537 605 780 664; x_wconf 80' lang='lat' dir='ltr'><strong>excepto,</strong></span> <span class='ocrx_word' id='word_1_20' title='bbox 810 602 1026 662; x_wconf 82' lang='lat' dir='ltr'><strong>peccata</strong></span> <span class='ocrx_word' id='word_1_21' title='bbox 1057 592 1332 646; x_wconf 92' lang='lat' dir='ltr'><strong>remittere</strong></span> <span class='ocrx_word' id='word_1_22' title='bbox 1359 599 1554 661; x_wconf 88' lang='lat' dir='ltr'><strong>potest.</strong></span> <span class='ocrx_word' id='word_1_23' title='bbox 1579 587 1718 657; x_wconf 85' lang='lat' dir='ltr'><strong>Quin</strong></span> <span class='ocrx_word' id='word_1_24' title='bbox 1749 603 1818 643; x_wconf 88' lang='lat' dir='ltr'><strong>ne</strong></span> <span class='ocrx_word' id='word_1_25' title='bbox 1839 585 1986 641; x_wconf 90' lang='lat' dir='ltr'><strong>illam</strong></span> 
     </span>
    </p>
   </div>
   <div class='ocr_carea' id='block_1_5' title="bbox 400 684 1981 760">
    <p class='ocr_par' dir='ltr' id='par_1_5' title="bbox 400 684 1981 760">
     <span class='ocr_line' id='line_1_5' title="bbox 400 684 1981 760; baseline -0.003 -17"><span class='ocrx_word' id='word_1_26' title='bbox 400 689 612 760; x_wconf 87' lang='lat' dir='ltr'><strong>quidem</strong></span> <span class='ocrx_word' id='word_1_27' title='bbox 640 688 768 742; x_wconf 90' lang='lat' dir='ltr'><strong>citra</strong></span> <span class='ocrx_word' id='word_1_28' title='bbox 790 687 1018 757; x_wconf 77' lang='lat' dir='ltr'><strong>Spiritus</strong></span> <span class='ocrx_word' id='word_1_29' title='bbox 1041 701 1195 754; x_wconf 88' lang='lat' dir='ltr'><strong>opem</strong></span> <span class='ocrx_word' id='word_1_30' title='bbox 1217 687 1523 755; x_wconf 63' lang='lat' dir='ltr'><strong>praebebant</strong></span> <span class='ocrx_word' id='word_1_31' title='bbox 1547 686 1842 754; x_wconf 72' lang='lat' dir='ltr'><strong>prephetaa.</strong></span> <span class='ocrx_word' id='word_1_32' title='bbox 1869 684 1981 740; x_wconf 85' lang='lat' dir='ltr'><strong>Nec</strong></span> 
     </span>
    </p>
   </div>
   <div class='ocr_carea' id='block_1_6' title="bbox 405 775 1979 848">
    <p class='ocr_par' dir='ltr' id='par_1_6' title="bbox 405 775 1979 848">
     <span class='ocr_line' id='line_1_6' title="bbox 405 775 1979 848; baseline 0 -18"><span class='ocrx_word' id='word_1_33' title='bbox 405 795 534 833; x_wconf 89' lang='lat' dir='ltr'><strong>vero</strong></span> <span class='ocrx_word' id='word_1_34' title='bbox 581 777 682 832; x_wconf 85' lang='lat' dir='ltr'><strong>hoc</strong></span> <span class='ocrx_word' id='word_1_35' title='bbox 709 777 986 832; x_wconf 83' lang='lat' dir='ltr'><strong>dumtaxat</strong></span> <span class='ocrx_word' id='word_1_36' title='bbox 1026 778 1218 832; x_wconf 89' lang='lat' dir='ltr'><strong>mirum</strong></span> <span class='ocrx_word' id='word_1_37' title='bbox 1263 787 1367 842; x_wconf 90' lang='lat' dir='ltr'><strong>est,</strong></span> <span class='ocrx_word' id='word_1_38' title='bbox 1407 777 1548 848; x_wconf 90' lang='lat' dir='ltr'><strong>quod</strong></span> <span class='ocrx_word' id='word_1_39' title='bbox 1575 776 1830 844; x_wconf 83' lang='lat' dir='ltr'><strong>vivificet,</strong></span> <span class='ocrx_word' id='word_1_40' title='bbox 1882 775 1979 831; x_wconf 89' lang='lat' dir='ltr'><strong>sed</strong></span> 
     </span>
    </p>
   </div>
   <div class='ocr_carea' id='block_1_7' title="bbox 401 869 1978 941">
    <p class='ocr_par' dir='ltr' id='par_1_7' title="bbox 401 869 1978 941">
     <span class='ocr_line' id='line_1_7' title="bbox 401 869 1978 941; baseline -0.001 -17"><span class='ocrx_word' id='word_1_41' title='bbox 401 871 564 924; x_wconf 87' lang='lat' dir='ltr'><strong>etiam</strong></span> <span class='ocrx_word' id='word_1_42' title='bbox 593 870 736 941; x_wconf 87' lang='lat' dir='ltr'><strong>quod</strong></span> <span class='ocrx_word' id='word_1_43' title='bbox 770 869 819 924; x_wconf 92' lang='lat' dir='ltr'><strong>id</strong></span> <span class='ocrx_word' id='word_1_44' title='bbox 851 869 1076 924; x_wconf 82' lang='lat' dir='ltr'><strong>faciendi</strong></span> <span class='ocrx_word' id='word_1_45' title='bbox 1101 879 1416 938; x_wconf 82' lang='lat' dir='ltr'><strong>potestatem</strong></span> <span class='ocrx_word' id='word_1_46' title='bbox 1443 870 1564 923; x_wconf 89' lang='lat' dir='ltr'><strong>aliis</strong></span> <span class='ocrx_word' id='word_1_47' title='bbox 1590 883 1802 940; x_wconf 91' lang='lat' dir='ltr'><strong>quoque</strong></span> <span class='ocrx_word' id='word_1_48' title='bbox 1835 883 1978 938; x_wconf 76' lang='lat' dir='ltr'><strong>pra:-</strong></span> 
     </span>
    </p>
   </div>
   <div class='ocr_carea' id='block_1_8' title="bbox 398 958 1982 1030">
    <p class='ocr_par' dir='ltr' id='par_1_8' title="bbox 398 958 1982 1030">
     <span class='ocr_line' id='line_1_8' title="bbox 398 958 1982 1030; baseline -0.003 -14"><span class='ocrx_word' id='word_1_49' title='bbox 398 961 594 1016; x_wconf 86' lang='lat' dir='ltr'><strong>buerit.</strong></span> <span class='ocrx_word' id='word_1_50' title='bbox 651 961 878 1030; x_wconf 76' lang='lat' dir='ltr'><strong>Accipite</strong></span> <span class='ocrx_word' id='word_1_51' title='bbox 937 961 1118 1026; x_wconf 88' lang='lat' dir='ltr'><strong>enim,</strong></span> <span class='ocrx_word' id='word_1_52' title='bbox 1174 960 1383 1030; x_wconf 86' lang='lat' dir='ltr'><strong>inquit,</strong></span> <span class='ocrx_word' id='word_1_53' title='bbox 1439 958 1692 1029; x_wconf 81' lang='lat' dir='ltr'><strong>Spiritum</strong></span> <span class='ocrx_word' id='word_1_54' title='bbox 1748 968 1982 1014; x_wconf 80' lang='lat' dir='ltr'><strong>sanctum</strong></span> 
     </span>
    </p>
   </div>
   <div class='ocr_carea' id='block_1_9' title="bbox 409 1050 1976 1122">
    <p class='ocr_par' dir='ltr' id='par_1_9' title="bbox 409 1050 1976 1122">
     <span class='ocr_line' id='line_1_9' title="bbox 409 1050 1976 1122; baseline 0.001 -17"><span class='ocrx_word' id='word_1_55' title='bbox 409 1051 588 1120; x_wconf 82' lang='lat' dir='ltr'><strong>(Joan.</strong></span> <span class='ocrx_word' id='word_1_56' title='bbox 612 1050 700 1107; x_wconf 69' lang='lat'><strong>90.</strong></span> <span class='ocrx_word' id='word_1_57' title='bbox 726 1051 836 1122; x_wconf 69' lang='lat'><strong>22).</strong></span> <span class='ocrx_word' id='word_1_58' title='bbox 867 1051 1002 1120; x_wconf 80' lang='lat' dir='ltr'><strong>Quid</strong></span> <span class='ocrx_word' id='word_1_59' title='bbox 1026 1053 1094 1105; x_wconf 90' lang='lat' dir='ltr'><strong>ita</strong></span> <span class='ocrx_word' id='word_1_60' title='bbox 1115 1051 1140 1103; x_wconf 86' lang='lat'><strong>?</strong></span> <span class='ocrx_word' id='word_1_61' title='bbox 1165 1068 1231 1106; x_wconf 88' lang='lat' dir='ltr'><strong>an</strong></span> <span class='ocrx_word' id='word_1_62' title='bbox 1264 1052 1312 1106; x_wconf 93' lang='lat' dir='ltr'><strong>id</strong></span> <span class='ocrx_word' id='word_1_63' title='bbox 1343 1053 1461 1107; x_wconf 88' lang='lat' dir='ltr'><strong>sine</strong></span> <span class='ocrx_word' id='word_1_64' title='bbox 1485 1051 1682 1122; x_wconf 88' lang='lat' dir='ltr'><strong>Spiritu</strong></span> <span class='ocrx_word' id='word_1_65' title='bbox 1714 1066 1817 1105; x_wconf 91' lang='lat' dir='ltr'><strong>non</strong></span> <span class='ocrx_word' id='word_1_66' title='bbox 1845 1050 1976 1106; x_wconf 88' lang='lat' dir='ltr'><strong>lice-</strong></span> 
     </span>
    </p>
   </div>
   <div class='ocr_carea' id='block_1_10' title="bbox 396 1141 1975 1212">
    <p class='ocr_par' dir='ltr' id='par_1_10' title="bbox 396 1141 1975 1212">
     <span class='ocr_line' id='line_1_10' title="bbox 396 1141 1975 1212; baseline 0.002 -17"><span class='ocrx_word' id='word_1_67' title='bbox 396 1141 530 1195; x_wconf 85' lang='lat' dir='ltr'><strong>bat?</strong></span> <span class='ocrx_word' id='word_1_68' title='bbox 556 1142 658 1197; x_wconf 91' lang='lat' dir='ltr'><strong>Sed</strong></span> <span class='ocrx_word' id='word_1_69' title='bbox 691 1151 745 1195; x_wconf 93' lang='lat' dir='ltr'><strong>nt</strong></span> <span class='ocrx_word' id='word_1_70' title='bbox 771 1143 1079 1197; x_wconf 84' lang='lat' dir='ltr'><strong>ostenderet</strong></span> <span class='ocrx_word' id='word_1_71' title='bbox 1105 1143 1244 1197; x_wconf 83' lang='lat' dir='ltr'><strong>Deus</strong></span> <span class='ocrx_word' id='word_1_72' title='bbox 1289 1142 1438 1196; x_wconf 88' lang='lat' dir='ltr'><strong>illum</strong></span> <span class='ocrx_word' id='word_1_73' title='bbox 1481 1157 1746 1212; x_wconf 68' lang='lat' dir='ltr'><strong>supremae</strong></span> <span class='ocrx_word' id='word_1_74' title='bbox 1785 1151 1975 1212; x_wconf 84' lang='lat' dir='ltr'><strong>poten-</strong></span> 
     </span>
    </p>
   </div>
   <div class='ocr_carea' id='block_1_11' title="bbox 398 1233 1976 1303">
    <p class='ocr_par' dir='ltr' id='par_1_11' title="bbox 398 1233 1976 1303">
     <span class='ocr_line' id='line_1_11' title="bbox 398 1233 1976 1303; baseline 0.001 -18"><span class='ocrx_word' id='word_1_75' title='bbox 398 1234 486 1286; x_wconf 71' lang='lat' dir='ltr'><strong>tia:</strong></span> <span class='ocrx_word' id='word_1_76' title='bbox 527 1248 589 1287; x_wconf 90' lang='lat' dir='ltr'><strong>ac</strong></span> <span class='ocrx_word' id='word_1_77' title='bbox 618 1233 777 1302; x_wconf 60' lang='lat' dir='ltr'><strong>regite</strong></span> <span class='ocrx_word' id='word_1_78' title='bbox 817 1233 960 1287; x_wconf 91' lang='lat' dir='ltr'><strong>illius</strong></span> <span class='ocrx_word' id='word_1_79' title='bbox 1003 1237 1250 1288; x_wconf 67' lang='lat' dir='ltr'><strong>essentim</strong></span> <span class='ocrx_word' id='word_1_80' title='bbox 1294 1249 1435 1302; x_wconf 85' lang='lat' dir='ltr'><strong>esse,</strong></span> <span class='ocrx_word' id='word_1_81' title='bbox 1477 1233 1832 1303; x_wconf 81' lang='lat' dir='ltr'><strong>eamdemque</strong></span> <span class='ocrx_word' id='word_1_82' title='bbox 1870 1235 1976 1288; x_wconf 92' lang='lat' dir='ltr'><strong>vim</strong></span> 
     </span>
    </p>
   </div>
   <div class='ocr_carea' id='block_1_12' title="bbox 398 1324 1978 1395">
    <p class='ocr_par' dir='ltr' id='par_1_12' title="bbox 398 1324 1978 1395">
     <span class='ocr_line' id='line_1_12' title="bbox 398 1324 1978 1395; baseline 0.001 -19"><span class='ocrx_word' id='word_1_83' title='bbox 398 1324 618 1391; x_wconf 88' lang='lat' dir='ltr'><strong>habere,</strong></span> <span class='ocrx_word' id='word_1_84' title='bbox 645 1325 726 1378; x_wconf 89' lang='lat' dir='ltr'><strong>his</strong></span> <span class='ocrx_word' id='word_1_85' title='bbox 749 1325 921 1378; x_wconf 90' lang='lat' dir='ltr'><strong>verbis</strong></span> <span class='ocrx_word' id='word_1_86' title='bbox 944 1326 1108 1380; x_wconf 86' lang='lat' dir='ltr'><strong>utitur</strong></span> <span class='ocrx_word' id='word_1_87' title='bbox 1131 1342 1144 1378; x_wconf 87' lang='lat'><strong>:</strong></span> <span class='ocrx_word' id='word_1_88' title='bbox 1167 1325 1390 1393; x_wconf 85' lang='lat' dir='ltr'><strong>ideoque</strong></span> <span class='ocrx_word' id='word_1_89' title='bbox 1418 1325 1711 1395; x_wconf 86' lang='lat' dir='ltr'><strong>subjungit,</strong></span> <span class='ocrx_word' id='word_1_90' title='bbox 1748 1325 1978 1392; x_wconf 83' lang='lat' dir='ltr'><strong>Quorum</strong></span> 
     </span>
    </p>
   </div>
   <div class='ocr_carea' id='block_1_13' title="bbox 398 1417 1975 1487">
    <p class='ocr_par' dir='ltr' id='par_1_13' title="bbox 398 1417 1975 1487">
     <span class='ocr_line' id='line_1_13' title="bbox 398 1417 1975 1487; baseline 0.001 -20"><span class='ocrx_word' id='word_1_91' title='bbox 398 1417 688 1470; x_wconf 76' lang='lat' dir='ltr'><strong>remiseritis</strong></span> <span class='ocrx_word' id='word_1_92' title='bbox 715 1427 936 1485; x_wconf 78' lang='lat' dir='ltr'><strong>peccata,</strong></span> <span class='ocrx_word' id='word_1_93' title='bbox 967 1417 1286 1471; x_wconf 82' lang='lat' dir='ltr'><strong>remittuntur</strong></span> <span class='ocrx_word' id='word_1_94' title='bbox 1314 1418 1419 1480; x_wconf 83' lang='lat' dir='ltr'><strong>eis;</strong></span> <span class='ocrx_word' id='word_1_95' title='bbox 1443 1427 1489 1470; x_wconf 86' lang='lat' dir='ltr'><strong>et</strong></span> <span class='ocrx_word' id='word_1_96' title='bbox 1509 1433 1721 1487; x_wconf 80' lang='lat' dir='ltr'><strong>quarunt</strong></span> <span class='ocrx_word' id='word_1_97' title='bbox 1747 1417 1975 1469; x_wconf 83' lang='lat' dir='ltr'><strong>retinue-</strong></span> 
     </span>
    </p>
   </div>
   <div class='ocr_carea' id='block_1_14' title="bbox 397 1506 1974 1577">
    <p class='ocr_par' dir='ltr' id='par_1_14' title="bbox 397 1506 1974 1577">
     <span class='ocr_line' id='line_1_14' title="bbox 397 1506 1974 1577; baseline 0.001 -17"><span class='ocrx_word' id='word_1_98' title='bbox 397 1507 531 1572; x_wconf 77' lang='lat' dir='ltr'><strong>ritis,</strong></span> <span class='ocrx_word' id='word_1_99' title='bbox 562 1518 752 1561; x_wconf 86' lang='lat' dir='ltr'><strong>retenta</strong></span> <span class='ocrx_word' id='word_1_100' title='bbox 781 1518 913 1562; x_wconf 83' lang='lat' dir='ltr'><strong>sunt.</strong></span> <span class='ocrx_word' id='word_1_101' title='bbox 945 1507 1385 1577; x_wconf 77' lang='lat' dir='ltr'><strong>Quandoquidem</strong></span> <span class='ocrx_word' id='word_1_102' title='bbox 1418 1508 1579 1576; x_wconf 79' lang='lat' dir='ltr'><strong>igitur</strong></span> <span class='ocrx_word' id='word_1_103' title='bbox 1615 1522 1713 1561; x_wconf 88' lang='lat' dir='ltr'><strong>nos</strong></span> <span class='ocrx_word' id='word_1_104' title='bbox 1739 1507 1843 1560; x_wconf 89' lang='lat' dir='ltr'><strong>vita</strong></span> <span class='ocrx_word' id='word_1_105' title='bbox 1874 1506 1974 1561; x_wconf 86' lang='lat' dir='ltr'><strong>do-</strong></span> 
     </span>
    </p>
   </div>
   <div class='ocr_carea' id='block_1_15' title="bbox 398 1599 1975 1666">
    <p class='ocr_par' dir='ltr' id='par_1_15' title="bbox 398 1599 1975 1666">
     <span class='ocr_line' id='line_1_15' title="bbox 398 1599 1975 1666; baseline -0.003 -11"><span class='ocrx_word' id='word_1_106' title='bbox 398 1600 564 1665; x_wconf 80' lang='lat' dir='ltr'><strong>navit,</strong></span> <span class='ocrx_word' id='word_1_107' title='bbox 597 1599 834 1654; x_wconf 83' lang='lat' dir='ltr'><strong>viventes</strong></span> <span class='ocrx_word' id='word_1_108' title='bbox 877 1615 1209 1662; x_wconf 83' lang='lat' dir='ltr'><strong>maneamus,</strong></span> <span class='ocrx_word' id='word_1_109' title='bbox 1246 1613 1346 1653; x_wconf 89' lang='lat' dir='ltr'><strong>nec</strong></span> <span class='ocrx_word' id='word_1_110' title='bbox 1374 1599 1438 1652; x_wconf 92' lang='lat' dir='ltr'><strong>ad</strong></span> <span class='ocrx_word' id='word_1_111' title='bbox 1469 1600 1698 1666; x_wconf 85' lang='lat' dir='ltr'><strong>priorem</strong></span> <span class='ocrx_word' id='word_1_112' title='bbox 1747 1608 1975 1652; x_wconf 88' lang='lat' dir='ltr'><strong>mortem</strong></span> 
     </span>
    </p>
   </div>
   <div class='ocr_carea' id='block_1_16' title="bbox 395 1689 1976 1759">
    <p class='ocr_par' dir='ltr' id='par_1_16' title="bbox 395 1689 1976 1759">
     <span class='ocr_line' id='line_1_16' title="bbox 395 1689 1976 1759; baseline -0.003 -13"><span class='ocrx_word' id='word_1_113' title='bbox 395 1706 582 1746; x_wconf 85' lang='lat' dir='ltr'><strong>rursus</strong></span> <span class='ocrx_word' id='word_1_114' title='bbox 629 1691 910 1746; x_wconf 85' lang='lat' dir='ltr'><strong>redeamus</strong></span> <span class='ocrx_word' id='word_1_115' title='bbox 943 1709 956 1743; x_wconf 93' lang='lat'>:</span> <span class='ocrx_word' id='word_1_116' title='bbox 989 1690 1219 1744; x_wconf 79' lang='lat' dir='ltr'><strong>Christus</strong></span> <span class='ocrx_word' id='word_1_117' title='bbox 1267 1690 1408 1743; x_wconf 89' lang='lat' dir='ltr'><strong>enim</strong></span> <span class='ocrx_word' id='word_1_118' title='bbox 1447 1691 1563 1759; x_wconf 85' lang='lat' dir='ltr'><strong>jam</strong></span> <span class='ocrx_word' id='word_1_119' title='bbox 1609 1706 1709 1743; x_wconf 83' lang='lat' dir='ltr'><strong>non</strong></span> <span class='ocrx_word' id='word_1_120' title='bbox 1761 1689 1976 1742; x_wconf 82' lang='lat' dir='ltr'><strong>moritur</strong></span> 
     </span>
    </p>
   </div>
   <div class='ocr_carea' id='block_1_17' title="bbox 397 1783 1970 1856">
    <p class='ocr_par' dir='ltr' id='par_1_17' title="bbox 397 1783 1970 1856">
     <span class='ocr_line' id='line_1_17' title="bbox 397 1783 1970 1856; baseline -0.003 -17"><span class='ocrx_word' id='word_1_121' title='bbox 397 1783 572 1852; x_wconf 83' lang='lat' dir='ltr'><strong>(Rom.</strong></span> <span class='ocrx_word' id='word_1_122' title='bbox 599 1785 652 1840; x_wconf 84' lang='lat'><strong>6.</strong></span> <span class='ocrx_word' id='word_1_123' title='bbox 686 1785 800 1856; x_wconf 80' lang='grc'><strong>10).</strong></span> <span class='ocrx_word' id='word_1_124' title='bbox 822 1783 973 1852; x_wconf 87' lang='lat' dir='ltr'><strong>Quod</strong></span> <span class='ocrx_word' id='word_1_125' title='bbox 1003 1785 1144 1838; x_wconf 91' lang='lat' dir='ltr'><strong>enim</strong></span> <span class='ocrx_word' id='word_1_126' title='bbox 1179 1792 1418 1837; x_wconf 87' lang='lat' dir='ltr'><strong>mortuus</strong></span> <span class='ocrx_word' id='word_1_127' title='bbox 1446 1791 1548 1848; x_wconf 89' lang='lat' dir='ltr'><strong>est,</strong></span> <span class='ocrx_word' id='word_1_128' title='bbox 1579 1791 1796 1851; x_wconf 87' lang='lat' dir='ltr'><strong>peccato</strong></span> <span class='ocrx_word' id='word_1_129' title='bbox 1823 1797 1970 1835; x_wconf 90' lang='lat' dir='ltr'><strong>mor-</strong></span> 
     </span>
    </p>
   </div>
   <div class='ocr_carea' id='block_1_18' title="bbox 394 1872 1976 1943">
    <p class='ocr_par' dir='ltr' id='par_1_18' title="bbox 394 1872 1976 1943">
     <span class='ocr_line' id='line_1_18' title="bbox 394 1872 1976 1943; baseline -0.001 -15"><span class='ocrx_word' id='word_1_130' title='bbox 394 1884 519 1929; x_wconf 85' lang='lat' dir='ltr'><strong>tuus</strong></span> <span class='ocrx_word' id='word_1_131' title='bbox 545 1884 626 1931; x_wconf 88' lang='lat' dir='ltr'><strong>est</strong></span> <span class='ocrx_word' id='word_1_132' title='bbox 655 1875 842 1939; x_wconf 88' lang='lat' dir='ltr'><strong>semel,</strong></span> <span class='ocrx_word' id='word_1_133' title='bbox 873 1889 972 1929; x_wconf 90' lang='lat' dir='ltr'><strong>nec</strong></span> <span class='ocrx_word' id='word_1_134' title='bbox 1000 1875 1111 1928; x_wconf 90' lang='lat' dir='ltr'><strong>vult</strong></span> <span class='ocrx_word' id='word_1_135' title='bbox 1133 1889 1345 1943; x_wconf 87' lang='lat' dir='ltr'><strong>semper</strong></span> <span class='ocrx_word' id='word_1_136' title='bbox 1375 1888 1471 1927; x_wconf 91' lang='lat' dir='ltr'><strong>nos</strong></span> <span class='ocrx_word' id='word_1_137' title='bbox 1499 1873 1683 1942; x_wconf 61' lang='lat' dir='ltr'><strong>gratias</strong></span> <span class='ocrx_word' id='word_1_138' title='bbox 1711 1872 1976 1927; x_wconf 82' lang='lat' dir='ltr'><strong>beneficio</strong></span> 
     </span>
    </p>
   </div>
   <div class='ocr_carea' id='block_1_19' title="bbox 396 1962 1972 2037">
    <p class='ocr_par' dir='ltr' id='par_1_19' title="bbox 396 1962 1972 2037">
     <span class='ocr_line' id='line_1_19' title="bbox 396 1962 1972 2037; baseline -0.003 -17"><span class='ocrx_word' id='word_1_139' title='bbox 396 1966 620 2021; x_wconf 82' lang='lat' dir='ltr'><strong>salutem</strong></span> <span class='ocrx_word' id='word_1_140' title='bbox 649 1966 938 2037; x_wconf 90' lang='lat' dir='ltr'><strong>consequi;</strong></span> <span class='ocrx_word' id='word_1_141' title='bbox 967 1965 1166 2035; x_wconf 89' lang='lat' dir='ltr'><strong>alioqui</strong></span> <span class='ocrx_word' id='word_1_142' title='bbox 1189 1965 1331 2019; x_wconf 91' lang='lat' dir='ltr'><strong>enim</strong></span> <span class='ocrx_word' id='word_1_143' title='bbox 1361 1965 1600 2018; x_wconf 89' lang='lat' dir='ltr'><strong>omnium</strong></span> <span class='ocrx_word' id='word_1_144' title='bbox 1633 1964 1782 2017; x_wconf 90' lang='lat' dir='ltr'><strong>vacui</strong></span> <span class='ocrx_word' id='word_1_145' title='bbox 1811 1962 1972 2018; x_wconf 89' lang='lat' dir='ltr'><strong>futuri</strong></span> 
     </span>
    </p>
   </div>
   <div class='ocr_carea' id='block_1_20' title="bbox 394 2055 1972 2127">
    <p class='ocr_par' dir='ltr' id='par_1_20' title="bbox 394 2055 1972 2127">
     <span class='ocr_line' id='line_1_20' title="bbox 394 2055 1972 2127; baseline -0.001 -18"><span class='ocrx_word' id='word_1_146' title='bbox 394 2071 580 2112; x_wconf 87' lang='lat' dir='ltr'><strong>sumus</strong></span> <span class='ocrx_word' id='word_1_147' title='bbox 611 2075 623 2109; x_wconf 87' lang='lat'>:</span> <span class='ocrx_word' id='word_1_148' title='bbox 655 2071 719 2110; x_wconf 90' lang='lat' dir='ltr'><strong>ac</strong></span> <span class='ocrx_word' id='word_1_149' title='bbox 746 2056 973 2127; x_wconf 85' lang='lat' dir='ltr'><strong>proinde</strong></span> <span class='ocrx_word' id='word_1_150' title='bbox 1001 2071 1032 2110; x_wconf 88' lang='lat' dir='ltr'><strong>a</strong></span> <span class='ocrx_word' id='word_1_151' title='bbox 1073 2056 1226 2110; x_wconf 90' lang='lat' dir='ltr'><strong>nobis</strong></span> <span class='ocrx_word' id='word_1_152' title='bbox 1253 2070 1466 2125; x_wconf 86' lang='lat' dir='ltr'><strong>quoque</strong></span> <span class='ocrx_word' id='word_1_153' title='bbox 1497 2055 1694 2125; x_wconf 90' lang='lat' dir='ltr'><strong>aliquid</strong></span> <span class='ocrx_word' id='word_1_154' title='bbox 1739 2055 1972 2110; x_wconf 87' lang='lat' dir='ltr'><strong>conferri</strong></span> 
     </span>
    </p>
   </div>
   <div class='ocr_carea' id='block_1_21' title="bbox 393 2148 1970 2219">
    <p class='ocr_par' dir='ltr' id='par_1_21' title="bbox 393 2148 1970 2219">
     <span class='ocr_line' id='line_1_21' title="bbox 393 2148 1970 2219; baseline 0 -17"><span class='ocrx_word' id='word_1_155' title='bbox 393 2149 527 2203; x_wconf 84' lang='lat' dir='ltr'><strong>vult.</strong></span> <span class='ocrx_word' id='word_1_156' title='bbox 560 2150 742 2219; x_wconf 87' lang='lat' dir='ltr'><strong>Itaque</strong></span> <span class='ocrx_word' id='word_1_157' title='bbox 788 2149 892 2205; x_wconf 91' lang='lat' dir='ltr'><strong>hoc</strong></span> <span class='ocrx_word' id='word_1_158' title='bbox 926 2149 1287 2216; x_wconf 81' lang='lat' dir='ltr'><strong>conferamus,</strong></span> <span class='ocrx_word' id='word_1_159' title='bbox 1335 2156 1391 2202; x_wconf 93' lang='lat' dir='ltr'><strong>ut</strong></span> <span class='ocrx_word' id='word_1_160' title='bbox 1433 2148 1666 2202; x_wconf 90' lang='lat' dir='ltr'><strong>animam</strong></span> <span class='ocrx_word' id='word_1_161' title='bbox 1701 2149 1970 2202; x_wconf 89' lang='lat' dir='ltr'><strong>viventem</strong></span> 
     </span>
    </p>
   </div>
   <div class='ocr_carea' id='block_1_22' title="bbox 391 2256 792 2297">
    <p class='ocr_par' dir='ltr' id='par_1_22' title="bbox 391 2256 792 2297">
     <span class='ocr_line' id='line_1_22' title="bbox 391 2256 792 2297; baseline -0.007 0"><span class='ocrx_word' id='word_1_162' title='bbox 391 2256 792 2297; x_wconf 85' lang='lat' dir='ltr'><strong>conservemus.</strong></span> 
     </span>
    </p>
   </div>
   <div class='ocr_carea' id='block_1_23' title="bbox 465 2330 1969 2401">
    <p class='ocr_par' dir='ltr' id='par_1_23' title="bbox 465 2330 1969 2401">
     <span class='ocr_line' id='line_1_23' title="bbox 465 2330 1969 2401; baseline -0.001 -15"><span class='ocrx_word' id='word_1_163' title='bbox 465 2335 660 2386; x_wconf 76' lang='lat' dir='ltr'><strong>Anima</strong></span> <span class='ocrx_word' id='word_1_164' title='bbox 682 2333 807 2396; x_wconf 81' lang='lat' dir='ltr'><strong>vita,</strong></span> <span class='ocrx_word' id='word_1_165' title='bbox 837 2346 970 2401; x_wconf 72' lang='lat' dir='ltr'><strong>quae.</strong></span> <span class='ocrx_word' id='word_1_166' title='bbox 997 2359 1068 2370; x_wconf 90' lang='lat'><strong>-—</strong></span> <span class='ocrx_word' id='word_1_167' title='bbox 1093 2330 1230 2398; x_wconf 84' lang='lat' dir='ltr'><strong>Quid</strong></span> <span class='ocrx_word' id='word_1_168' title='bbox 1257 2340 1433 2384; x_wconf 91' lang='lat' dir='ltr'><strong>autem</strong></span> <span class='ocrx_word' id='word_1_169' title='bbox 1465 2332 1656 2385; x_wconf 62' lang='lat' dir='ltr'><strong>anima:</strong></span> <span class='ocrx_word' id='word_1_170' title='bbox 1683 2330 1785 2385; x_wconf 85' lang='lat' dir='ltr'><strong>vita</strong></span> <span class='ocrx_word' id='word_1_171' title='bbox 1818 2332 1906 2395; x_wconf 86' lang='lat' dir='ltr'><strong>sit,</strong></span> <span class='ocrx_word' id='word_1_172' title='bbox 1939 2345 1969 2385; x_wconf 89' lang='lat' dir='ltr'><strong>a</strong></span> 
     </span>
    </p>
   </div>
   <div class='ocr_carea' id='block_1_24' title="bbox 391 2423 1969 2496">
    <p class='ocr_par' dir='ltr' id='par_1_24' title="bbox 391 2423 1969 2496">
     <span class='ocr_line' id='line_1_24' title="bbox 391 2423 1969 2496; baseline -0.002 -15"><span class='ocrx_word' id='word_1_173' title='bbox 391 2440 620 2496; x_wconf 85' lang='lat' dir='ltr'><strong>corpore</strong></span> <span class='ocrx_word' id='word_1_174' title='bbox 665 2425 830 2479; x_wconf 92' lang='lat' dir='ltr'><strong>disce.</strong></span> <span class='ocrx_word' id='word_1_175' title='bbox 876 2423 1083 2478; x_wconf 84' lang='lat' dir='ltr'><strong>Etenim</strong></span> <span class='ocrx_word' id='word_1_176' title='bbox 1131 2439 1325 2492; x_wconf 85' lang='lat' dir='ltr'><strong>corpus</strong></span> <span class='ocrx_word' id='word_1_177' title='bbox 1370 2434 1479 2478; x_wconf 92' lang='lat' dir='ltr'><strong>tum</strong></span> <span class='ocrx_word' id='word_1_178' title='bbox 1529 2424 1743 2478; x_wconf 90' lang='lat' dir='ltr'><strong>demum</strong></span> <span class='ocrx_word' id='word_1_179' title='bbox 1793 2425 1969 2478; x_wconf 82' lang='lat' dir='ltr'><strong>vivere</strong></span> 
     </span>
    </p>
   </div>
   <div class='ocr_carea' id='block_1_25' title="bbox 390 2513 1968 2584">
    <p class='ocr_par' dir='ltr' id='par_1_25' title="bbox 390 2513 1968 2584">
     <span class='ocr_line' id='line_1_25' title="bbox 390 2513 1968 2584; baseline 0 -14"><span class='ocrx_word' id='word_1_180' title='bbox 390 2517 588 2570; x_wconf 88' lang='lat' dir='ltr'><strong>dicitur</strong></span> <span class='ocrx_word' id='word_1_181' title='bbox 615 2531 735 2570; x_wconf 91' lang='lat' dir='ltr'><strong>cum</strong></span> <span class='ocrx_word' id='word_1_182' title='bbox 767 2529 899 2569; x_wconf 89' lang='lat' dir='ltr'><strong>sano</strong></span> <span class='ocrx_word' id='word_1_183' title='bbox 929 2513 1157 2584; x_wconf 87' lang='lat' dir='ltr'><strong>quodam</strong></span> <span class='ocrx_word' id='word_1_184' title='bbox 1186 2531 1372 2584; x_wconf 81' lang='lat' dir='ltr'><strong>gressu</strong></span> <span class='ocrx_word' id='word_1_185' title='bbox 1399 2515 1631 2570; x_wconf 88' lang='lat' dir='ltr'><strong>incedit:</strong></span> <span class='ocrx_word' id='word_1_186' title='bbox 1655 2526 1708 2570; x_wconf 92' lang='lat' dir='ltr'><strong>at</strong></span> <span class='ocrx_word' id='word_1_187' title='bbox 1739 2517 1824 2569; x_wconf 85' lang='lat' dir='ltr'><strong>tibi</strong></span> <span class='ocrx_word' id='word_1_188' title='bbox 1855 2517 1968 2570; x_wconf 78' lang='lat' dir='ltr'><strong>dis-</strong></span> 
     </span>
    </p>
   </div>
   <div class='ocr_carea' id='block_1_26' title="bbox 389 2608 1969 2677">
    <p class='ocr_par' dir='ltr' id='par_1_26' title="bbox 389 2608 1969 2677">
     <span class='ocr_line' id='line_1_26' title="bbox 389 2608 1969 2677; baseline 0.001 -15"><span class='ocrx_word' id='word_1_189' title='bbox 389 2608 622 2662; x_wconf 86' lang='lat' dir='ltr'><strong>solutum</strong></span> <span class='ocrx_word' id='word_1_190' title='bbox 647 2609 807 2676; x_wconf 89' lang='lat' dir='ltr'><strong>jacet,</strong></span> <span class='ocrx_word' id='word_1_191' title='bbox 837 2621 897 2661; x_wconf 90' lang='lat' dir='ltr'><strong>ac</strong></span> <span class='ocrx_word' id='word_1_192' title='bbox 919 2618 1244 2677; x_wconf 59' lang='lat' dir='ltr'><strong>praepostere</strong></span> <span class='ocrx_word' id='word_1_193' title='bbox 1271 2616 1534 2673; x_wconf 89' lang='lat' dir='ltr'><strong>movetur,</strong></span> <span class='ocrx_word' id='word_1_194' title='bbox 1559 2609 1766 2663; x_wconf 88' lang='lat' dir='ltr'><strong>etiamsi</strong></span> <span class='ocrx_word' id='word_1_195' title='bbox 1791 2608 1969 2663; x_wconf 79' lang='lat' dir='ltr'><strong>vivere</strong></span> 
     </span>
    </p>
   </div>
   <div class='ocr_carea' id='block_1_27' title="bbox 389 2699 1968 2770">
    <p class='ocr_par' dir='ltr' id='par_1_27' title="bbox 389 2699 1968 2770">
     <span class='ocr_line' id='line_1_27' title="bbox 389 2699 1968 2770; baseline -0.001 -16"><span class='ocrx_word' id='word_1_196' title='bbox 389 2711 481 2754; x_wconf 92' lang='lat' dir='ltr'><strong>aut</strong></span> <span class='ocrx_word' id='word_1_197' title='bbox 509 2699 780 2756; x_wconf 84' lang='lat' dir='ltr'><strong>ambulare</strong></span> <span class='ocrx_word' id='word_1_198' title='bbox 806 2699 1057 2755; x_wconf 89' lang='lat' dir='ltr'><strong>videatur</strong></span> <span class='ocrx_word' id='word_1_199' title='bbox 1078 2741 1093 2766; x_wconf 97' lang='lat'><strong>,</strong></span> <span class='ocrx_word' id='word_1_200' title='bbox 1141 2709 1317 2754; x_wconf 89' lang='lat' dir='ltr'><strong>tamen</strong></span> <span class='ocrx_word' id='word_1_201' title='bbox 1348 2700 1534 2770; x_wconf 90' lang='lat' dir='ltr'><strong>quavis</strong></span> <span class='ocrx_word' id='word_1_202' title='bbox 1561 2708 1731 2754; x_wconf 90' lang='lat' dir='ltr'><strong>morte</strong></span> <span class='ocrx_word' id='word_1_203' title='bbox 1754 2699 1968 2769; x_wconf 79' lang='lat' dir='ltr'><strong>gravior</strong></span> 
     </span>
    </p>
   </div>
   <div class='ocr_carea' id='block_1_28' title="bbox 293 2787 1968 2864">
    <p class='ocr_par' dir='ltr' id='par_1_28' title="bbox 293 2787 1968 2864">
     <span class='ocr_line' id='line_1_28' title="bbox 293 2787 1968 2864; baseline -0.001 -17"><span class='ocrx_word' id='word_1_204' title='bbox 293 2787 295 2789; x_wconf 69' lang='grc'><strong>’</strong></span> <span class='ocrx_word' id='word_1_205' title='bbox 388 2803 470 2847; x_wconf 91' lang='lat' dir='ltr'><strong>est</strong></span> <span class='ocrx_word' id='word_1_206' title='bbox 496 2793 801 2864; x_wconf 91' lang='lat' dir='ltr'><strong>hujusmodi</strong></span> <span class='ocrx_word' id='word_1_207' title='bbox 829 2794 959 2848; x_wconf 89' lang='lat' dir='ltr'><strong>vita.</strong></span> <span class='ocrx_word' id='word_1_208' title='bbox 986 2790 1193 2849; x_wconf 82' lang='lat' dir='ltr'><strong>Eodem</strong></span> <span class='ocrx_word' id='word_1_209' title='bbox 1226 2793 1386 2848; x_wconf 90' lang='lat' dir='ltr'><strong>modo</strong></span> <span class='ocrx_word' id='word_1_210' title='bbox 1413 2793 1456 2847; x_wconf 86' lang='lat' dir='ltr'><strong>si</strong></span> <span class='ocrx_word' id='word_1_211' title='bbox 1483 2793 1612 2846; x_wconf 85' lang='lat' dir='ltr'><strong>nihil</strong></span> <span class='ocrx_word' id='word_1_212' title='bbox 1638 2795 1751 2848; x_wconf 86' lang='lat' dir='ltr'><strong>sani</strong></span> <span class='ocrx_word' id='word_1_213' title='bbox 1783 2794 1968 2862; x_wconf 80' lang='lat' dir='ltr'><strong>loqua-</strong></span> 
     </span>
    </p>
   </div>
   <div class='ocr_carea' id='block_1_29' title="bbox 392 2884 1966 2955">
    <p class='ocr_par' dir='ltr' id='par_1_29' title="bbox 392 2884 1966 2955">
     <span class='ocr_line' id='line_1_29' title="bbox 392 2884 1966 2955; baseline -0.003 -17"><span class='ocrx_word' id='word_1_214' title='bbox 392 2894 498 2951; x_wconf 91' lang='lat' dir='ltr'><strong>tur,</strong></span> <span class='ocrx_word' id='word_1_215' title='bbox 528 2886 620 2940; x_wconf 91' lang='lat' dir='ltr'><strong>sed</strong></span> <span class='ocrx_word' id='word_1_216' title='bbox 651 2901 857 2952; x_wconf 89' lang='lat' dir='ltr'><strong>eorum,</strong></span> <span class='ocrx_word' id='word_1_217' title='bbox 889 2887 976 2955; x_wconf 86' lang='lat' dir='ltr'><strong>qui</strong></span> <span class='ocrx_word' id='word_1_218' title='bbox 1009 2885 1204 2939; x_wconf 85' lang='lat' dir='ltr'><strong>mentis</strong></span> <span class='ocrx_word' id='word_1_219' title='bbox 1234 2893 1430 2939; x_wconf 73' lang='lat' dir='ltr'><strong>emota:</strong></span> <span class='ocrx_word' id='word_1_220' title='bbox 1457 2893 1609 2949; x_wconf 86' lang='lat' dir='ltr'><strong>sunt,</strong></span> <span class='ocrx_word' id='word_1_221' title='bbox 1640 2884 1815 2938; x_wconf 85' lang='lat' dir='ltr'><strong>verbis</strong></span> <span class='ocrx_word' id='word_1_222' title='bbox 1847 2893 1966 2937; x_wconf 84' lang='lat' dir='ltr'><strong>uta-</strong></span> 
     </span>
    </p>
   </div>
   <div class='ocr_carea' id='block_1_30' title="bbox 389 2975 1967 3047">
    <p class='ocr_par' dir='ltr' id='par_1_30' title="bbox 389 2975 1967 3047">
     <span class='ocr_line' id='line_1_30' title="bbox 389 2975 1967 3047; baseline -0.001 -17"><span class='ocrx_word' id='word_1_223' title='bbox 389 2986 509 3043; x_wconf 85' lang='lat' dir='ltr'><strong>tur,</strong></span> <span class='ocrx_word' id='word_1_224' title='bbox 553 2987 712 3047; x_wconf 90' lang='lat' dir='ltr'><strong>atque</strong></span> <span class='ocrx_word' id='word_1_225' title='bbox 741 2977 844 3030; x_wconf 88' lang='lat' dir='ltr'><strong>alia</strong></span> <span class='ocrx_word' id='word_1_226' title='bbox 877 2991 973 3045; x_wconf 88' lang='lat' dir='ltr'><strong>pro</strong></span> <span class='ocrx_word' id='word_1_227' title='bbox 996 2976 1116 3028; x_wconf 90' lang='lat' dir='ltr'><strong>aliis</strong></span> <span class='ocrx_word' id='word_1_228' title='bbox 1145 2985 1361 3036; x_wconf 87' lang='lat' dir='ltr'><strong>cernat,</strong></span> <span class='ocrx_word' id='word_1_229' title='bbox 1393 2989 1581 3028; x_wconf 89' lang='lat' dir='ltr'><strong>rursus</strong></span> <span class='ocrx_word' id='word_1_230' title='bbox 1613 2975 1967 3029; x_wconf 84' lang='lat' dir='ltr'><strong>miserabilior</strong></span> 
     </span>
    </p>
   </div>
   <div class='ocr_carea' id='block_1_31' title="bbox 388 3065 1964 3136">
    <p class='ocr_par' dir='ltr' id='par_1_31' title="bbox 388 3065 1964 3136">
     <span class='ocr_line' id='line_1_31' title="bbox 388 3065 1964 3136; baseline -0.001 -16"><span class='ocrx_word' id='word_1_231' title='bbox 388 3077 470 3120; x_wconf 85' lang='lat' dir='ltr'><strong>est</strong></span> <span class='ocrx_word' id='word_1_232' title='bbox 496 3067 584 3121; x_wconf 91' lang='lat' dir='ltr'><strong>ille</strong></span> <span class='ocrx_word' id='word_1_233' title='bbox 605 3108 619 3129; x_wconf 92' lang='lat'><strong>,</strong></span> <span class='ocrx_word' id='word_1_234' title='bbox 651 3083 808 3136; x_wconf 90' lang='lat' dir='ltr'><strong>quam</strong></span> <span class='ocrx_word' id='word_1_235' title='bbox 839 3066 1054 3120; x_wconf 90' lang='lat' dir='ltr'><strong>mortui.</strong></span> <span class='ocrx_word' id='word_1_236' title='bbox 1088 3065 1179 3120; x_wconf 91' lang='lat' dir='ltr'><strong>Sic</strong></span> <span class='ocrx_word' id='word_1_237' title='bbox 1207 3065 1382 3120; x_wconf 90' lang='lat' dir='ltr'><strong>anima</strong></span> <span class='ocrx_word' id='word_1_238' title='bbox 1409 3081 1624 3134; x_wconf 86' lang='lat' dir='ltr'><strong>quoque</strong></span> <span class='ocrx_word' id='word_1_239' title='bbox 1645 3107 1657 3128; x_wconf 89' lang='lat'><strong>,</strong></span> <span class='ocrx_word' id='word_1_240' title='bbox 1689 3080 1808 3120; x_wconf 89' lang='lat' dir='ltr'><strong>cum</strong></span> <span class='ocrx_word' id='word_1_241' title='bbox 1835 3065 1964 3119; x_wconf 89' lang='lat' dir='ltr'><strong>nihil</strong></span> 
     </span>
    </p>
   </div>
   <div class='ocr_carea' id='block_1_32' title="bbox 388 3156 1964 3226">
    <p class='ocr_par' dir='ltr' id='par_1_32' title="bbox 388 3156 1964 3226">
     <span class='ocr_line' id='line_1_32' title="bbox 388 3156 1964 3226; baseline -0.001 -14"><span class='ocrx_word' id='word_1_242' title='bbox 388 3160 503 3212; x_wconf 89' lang='lat' dir='ltr'><strong>sani</strong></span> <span class='ocrx_word' id='word_1_243' title='bbox 537 3159 714 3222; x_wconf 89' lang='lat' dir='ltr'><strong>habet,</strong></span> <span class='ocrx_word' id='word_1_244' title='bbox 746 3157 955 3212; x_wconf 89' lang='lat' dir='ltr'><strong>etiamsi</strong></span> <span class='ocrx_word' id='word_1_245' title='bbox 988 3158 1212 3212; x_wconf 88' lang='lat' dir='ltr'><strong>viventis</strong></span> <span class='ocrx_word' id='word_1_246' title='bbox 1239 3156 1471 3226; x_wconf 86' lang='lat' dir='ltr'><strong>speciem</strong></span> <span class='ocrx_word' id='word_1_247' title='bbox 1503 3157 1753 3226; x_wconf 69' lang='lat' dir='ltr'><strong>praebeat,</strong></span> <span class='ocrx_word' id='word_1_248' title='bbox 1788 3166 1964 3211; x_wconf 87' lang='lat' dir='ltr'><strong>tamen</strong></span> 
     </span>
    </p>
   </div>
   <div class='ocr_carea' id='block_1_33' title="bbox 388 3248 1966 3313">
    <p class='ocr_par' dir='ltr' id='par_1_33' title="bbox 388 3248 1966 3313">
     <span class='ocr_line' id='line_1_33' title="bbox 388 3248 1966 3313; baseline -0.003 -9"><span class='ocrx_word' id='word_1_249' title='bbox 388 3259 596 3304; x_wconf 89' lang='lat' dir='ltr'><strong>mortua</strong></span> <span class='ocrx_word' id='word_1_250' title='bbox 626 3259 708 3304; x_wconf 88' lang='lat' dir='ltr'><strong>est</strong></span> <span class='ocrx_word' id='word_1_251' title='bbox 731 3265 745 3301; x_wconf 90' lang='lat'><strong>:</strong></span> <span class='ocrx_word' id='word_1_252' title='bbox 769 3265 887 3303; x_wconf 92' lang='lat' dir='ltr'><strong>cum</strong></span> <span class='ocrx_word' id='word_1_253' title='bbox 921 3263 1109 3301; x_wconf 91' lang='lat' dir='ltr'><strong>aurum</strong></span> <span class='ocrx_word' id='word_1_254' title='bbox 1145 3263 1248 3301; x_wconf 91' lang='lat' dir='ltr'><strong>non</strong></span> <span class='ocrx_word' id='word_1_255' title='bbox 1281 3256 1333 3301; x_wconf 94' lang='lat' dir='ltr'><strong>ut</strong></span> <span class='ocrx_word' id='word_1_256' title='bbox 1362 3262 1580 3313; x_wconf 88' lang='lat' dir='ltr'><strong>aurum,</strong></span> <span class='ocrx_word' id='word_1_257' title='bbox 1613 3248 1708 3302; x_wconf 87' lang='lat' dir='ltr'><strong>sed</strong></span> <span class='ocrx_word' id='word_1_258' title='bbox 1758 3255 1817 3302; x_wconf 87' lang='lat' dir='ltr'><strong>ut</strong></span> <span class='ocrx_word' id='word_1_259' title='bbox 1854 3261 1966 3301; x_wconf 85' lang='lat' dir='ltr'><strong>ma-</strong></span> 
     </span>
    </p>
   </div>
   <div class='ocr_carea' id='block_1_34' title="bbox 386 3338 1964 3412">
    <p class='ocr_par' dir='ltr' id='par_1_34' title="bbox 386 3338 1964 3412">
     <span class='ocr_line' id='line_1_34' title="bbox 386 3338 1964 3412; baseline -0.001 -18"><span class='ocrx_word' id='word_1_260' title='bbox 386 3357 549 3412; x_wconf 88' lang='lat' dir='ltr'><strong>gnum</strong></span> <span class='ocrx_word' id='word_1_261' title='bbox 595 3338 790 3412; x_wconf 87' lang='lat' dir='ltr'><strong>aliquid</strong></span> <span class='ocrx_word' id='word_1_262' title='bbox 822 3355 885 3395; x_wconf 90' lang='lat' dir='ltr'><strong>ac</strong></span> <span class='ocrx_word' id='word_1_263' title='bbox 912 3341 1204 3411; x_wconf 91' lang='lat' dir='ltr'><strong>pretiosum</strong></span> <span class='ocrx_word' id='word_1_264' title='bbox 1244 3340 1450 3406; x_wconf 89' lang='lat' dir='ltr'><strong>cernit;</strong></span> <span class='ocrx_word' id='word_1_265' title='bbox 1496 3355 1618 3395; x_wconf 90' lang='lat' dir='ltr'><strong>cum</strong></span> <span class='ocrx_word' id='word_1_266' title='bbox 1658 3341 1826 3394; x_wconf 90' lang='lat' dir='ltr'><strong>futura</strong></span> <span class='ocrx_word' id='word_1_267' title='bbox 1859 3353 1964 3393; x_wconf 91' lang='lat' dir='ltr'><strong>non</strong></span> 
     </span>
    </p>
   </div>
   <div class='ocr_carea' id='block_1_35' title="bbox 387 3430 1960 3506">
    <p class='ocr_par' dir='ltr' id='par_1_35' title="bbox 387 3430 1960 3506">
     <span class='ocr_line' id='line_1_35' title="bbox 387 3430 1960 3506; baseline -0.004 -17"><span class='ocrx_word' id='word_1_268' title='bbox 387 3436 620 3506; x_wconf 77' lang='lat' dir='ltr'><strong>cogitat,</strong></span> <span class='ocrx_word' id='word_1_269' title='bbox 664 3433 755 3489; x_wconf 89' lang='lat' dir='ltr'><strong>sed</strong></span> <span class='ocrx_word' id='word_1_270' title='bbox 794 3435 937 3488; x_wconf 92' lang='lat' dir='ltr'><strong>humi</strong></span> <span class='ocrx_word' id='word_1_271' title='bbox 985 3434 1188 3504; x_wconf 89' lang='lat' dir='ltr'><strong>serpit;</strong></span> <span class='ocrx_word' id='word_1_272' title='bbox 1229 3447 1350 3490; x_wconf 90' lang='lat' dir='ltr'><strong>cum</strong></span> <span class='ocrx_word' id='word_1_273' title='bbox 1383 3447 1478 3502; x_wconf 90' lang='lat' dir='ltr'><strong>pro</strong></span> <span class='ocrx_word' id='word_1_274' title='bbox 1515 3433 1636 3486; x_wconf 87' lang='lat' dir='ltr'><strong>aliis</strong></span> <span class='ocrx_word' id='word_1_275' title='bbox 1662 3433 1764 3486; x_wconf 89' lang='lat' dir='ltr'><strong>alia</strong></span> <span class='ocrx_word' id='word_1_276' title='bbox 1812 3430 1960 3485; x_wconf 89' lang='lat' dir='ltr'><strong>facit.</strong></span> 
     </span>
    </p>
   </div>
   <div class='ocr_carea' id='block_1_36' title="bbox 387 3522 1964 3593">
    <p class='ocr_par' dir='ltr' id='par_1_36' title="bbox 387 3522 1964 3593">
     <span class='ocr_line' id='line_1_36' title="bbox 387 3522 1964 3593; baseline -0.004 -11"><span class='ocrx_word' id='word_1_277' title='bbox 387 3526 540 3582; x_wconf 82' lang='lat' dir='ltr'><strong>Unde</strong></span> <span class='ocrx_word' id='word_1_278' title='bbox 570 3526 714 3582; x_wconf 89' lang='lat' dir='ltr'><strong>enim</strong></span> <span class='ocrx_word' id='word_1_279' title='bbox 746 3539 846 3580; x_wconf 88' lang='lat' dir='ltr'><strong>nos</strong></span> <span class='ocrx_word' id='word_1_280' title='bbox 874 3526 1048 3578; x_wconf 87' lang='lat' dir='ltr'><strong>anima</strong></span> <span class='ocrx_word' id='word_1_281' title='bbox 1092 3524 1342 3593; x_wconf 71' lang='lat' dir='ltr'><strong>praeditos</strong></span> <span class='ocrx_word' id='word_1_282' title='bbox 1368 3537 1489 3578; x_wconf 90' lang='lat' dir='ltr'><strong>esse</strong></span> <span class='ocrx_word' id='word_1_283' title='bbox 1517 3522 1759 3578; x_wconf 86' lang='lat' dir='ltr'><strong>constat?</strong></span> <span class='ocrx_word' id='word_1_284' title='bbox 1787 3537 1964 3576; x_wconf 92' lang='lat' dir='ltr'><strong>annon</strong></span> 
     </span>
    </p>
   </div>
   <div class='ocr_carea' id='block_1_37' title="bbox 384 3615 1964 3686">
    <p class='ocr_par' dir='ltr' id='par_1_37' title="bbox 384 3615 1964 3686">
     <span class='ocr_line' id='line_1_37' title="bbox 384 3615 1964 3686; baseline -0.003 -12"><span class='ocrx_word' id='word_1_285' title='bbox 384 3634 450 3674; x_wconf 84' lang='lat' dir='ltr'><strong>ex</strong></span> <span class='ocrx_word' id='word_1_286' title='bbox 481 3619 822 3674; x_wconf 81' lang='lat' dir='ltr'><strong>actionibus?</strong></span> <span class='ocrx_word' id='word_1_287' title='bbox 850 3617 985 3672; x_wconf 89' lang='lat' dir='ltr'><strong>Cum</strong></span> <span class='ocrx_word' id='word_1_288' title='bbox 1023 3617 1182 3686; x_wconf 82' lang='lat' dir='ltr'><strong>igitur</strong></span> <span class='ocrx_word' id='word_1_289' title='bbox 1225 3616 1336 3671; x_wconf 88' lang='lat' dir='ltr'><strong>suis</strong></span> <span class='ocrx_word' id='word_1_290' title='bbox 1367 3617 1478 3686; x_wconf 90' lang='lat' dir='ltr'><strong>ipsa</strong></span> <span class='ocrx_word' id='word_1_291' title='bbox 1519 3615 1829 3671; x_wconf 90' lang='lat' dir='ltr'><strong>muneribus</strong></span> <span class='ocrx_word' id='word_1_292' title='bbox 1857 3631 1964 3670; x_wconf 91' lang='lat' dir='ltr'><strong>non</strong></span> 
     </span>
    </p>
   </div>
   <div class='ocr_carea' id='block_1_38' title="bbox 386 3708 1965 3782">
    <p class='ocr_par' dir='ltr' id='par_1_38' title="bbox 386 3708 1965 3782">
     <span class='ocr_line' id='line_1_38' title="bbox 386 3708 1965 3782; baseline -0.003 -16"><span class='ocrx_word' id='word_1_293' title='bbox 386 3711 656 3782; x_wconf 80' lang='lat' dir='ltr'><strong>fungitur,</strong></span> <span class='ocrx_word' id='word_1_294' title='bbox 687 3726 865 3765; x_wconf 91' lang='lat' dir='ltr'><strong>annon</strong></span> <span class='ocrx_word' id='word_1_295' title='bbox 894 3720 1104 3763; x_wconf 90' lang='lat' dir='ltr'><strong>mortua</strong></span> <span class='ocrx_word' id='word_1_296' title='bbox 1134 3710 1252 3764; x_wconf 83' lang='lat' dir='ltr'><strong>est?</strong></span> <span class='ocrx_word' id='word_1_297' title='bbox 1282 3708 1438 3763; x_wconf 85' lang='lat' dir='ltr'><strong>Verbi</strong></span> <span class='ocrx_word' id='word_1_298' title='bbox 1467 3711 1634 3780; x_wconf 89' lang='lat' dir='ltr'><strong>gratia</strong></span> <span class='ocrx_word' id='word_1_299' title='bbox 1656 3750 1671 3775; x_wconf 96' lang='lat'><strong>,</strong></span> <span class='ocrx_word' id='word_1_300' title='bbox 1699 3724 1818 3763; x_wconf 91' lang='lat' dir='ltr'><strong>cum</strong></span> <span class='ocrx_word' id='word_1_301' title='bbox 1854 3709 1965 3763; x_wconf 89' lang='lat' dir='ltr'><strong>vir-</strong></span> 
     </span>
    </p>
   </div>
   <div class='ocr_carea' id='block_1_39' title="bbox 388 3801 1963 3871">
    <p class='ocr_par' dir='ltr' id='par_1_39' title="bbox 388 3801 1963 3871">
     <span class='ocr_line' id='line_1_39' title="bbox 388 3801 1963 3871; baseline -0.004 -12"><span class='ocrx_word' id='word_1_302' title='bbox 388 3805 518 3858; x_wconf 88' lang='lat' dir='ltr'><strong>tutis</strong></span> <span class='ocrx_word' id='word_1_303' title='bbox 543 3818 668 3857; x_wconf 91' lang='lat' dir='ltr'><strong>cura</strong></span> <span class='ocrx_word' id='word_1_304' title='bbox 713 3816 817 3856; x_wconf 89' lang='lat' dir='ltr'><strong>non</strong></span> <span class='ocrx_word' id='word_1_305' title='bbox 854 3810 1062 3856; x_wconf 89' lang='lat' dir='ltr'><strong>tenetur</strong></span> <span class='ocrx_word' id='word_1_306' title='bbox 1085 3843 1101 3866; x_wconf 91' lang='lat'><strong>,</strong></span> <span class='ocrx_word' id='word_1_307' title='bbox 1141 3801 1234 3856; x_wconf 90' lang='lat' dir='ltr'><strong>sed</strong></span> <span class='ocrx_word' id='word_1_308' title='bbox 1264 3802 1401 3870; x_wconf 90' lang='lat' dir='ltr'><strong>rapit</strong></span> <span class='ocrx_word' id='word_1_309' title='bbox 1429 3816 1491 3855; x_wconf 86' lang='lat' dir='ltr'><strong>ac</strong></span> <span class='ocrx_word' id='word_1_310' title='bbox 1517 3801 1777 3871; x_wconf 83' lang='lat' dir='ltr'><strong>ﬂagitiose</strong></span> <span class='ocrx_word' id='word_1_311' title='bbox 1803 3801 1963 3866; x_wconf 84' lang='lat' dir='ltr'><strong>vivit,</strong></span> 
     </span>
    </p>
   </div>
   <div class='ocr_carea' id='block_1_40' title="bbox 388 3891 1967 3962">
    <p class='ocr_par' dir='ltr' id='par_1_40' title="bbox 388 3891 1967 3962">
     <span class='ocr_line' id='line_1_40' title="bbox 388 3891 1967 3962; baseline -0.003 -14"><span class='ocrx_word' id='word_1_312' title='bbox 388 3893 530 3948; x_wconf 88' lang='lat' dir='ltr'><strong>unde</strong></span> <span class='ocrx_word' id='word_1_313' title='bbox 556 3907 747 3962; x_wconf 90' lang='lat' dir='ltr'><strong>queam</strong></span> <span class='ocrx_word' id='word_1_314' title='bbox 774 3892 956 3945; x_wconf 85' lang='lat' dir='ltr'><strong>dicere</strong></span> <span class='ocrx_word' id='word_1_315' title='bbox 982 3892 1214 3944; x_wconf 89' lang='lat' dir='ltr'><strong>animam</strong></span> <span class='ocrx_word' id='word_1_316' title='bbox 1235 3891 1328 3944; x_wconf 88' lang='lat' dir='ltr'><strong>tibi</strong></span> <span class='ocrx_word' id='word_1_317' title='bbox 1355 3891 1569 3946; x_wconf 85' lang='lat' dir='ltr'><strong>inesse?</strong></span> <span class='ocrx_word' id='word_1_318' title='bbox 1594 3908 1660 3945; x_wconf 91' lang='lat' dir='ltr'><strong>an</strong></span> <span class='ocrx_word' id='word_1_319' title='bbox 1683 3892 1822 3961; x_wconf 91' lang='lat' dir='ltr'><strong>quod</strong></span> <span class='ocrx_word' id='word_1_320' title='bbox 1850 3907 1967 3944; x_wconf 78' lang='lat' dir='ltr'><strong>ani-</strong></span> 
     </span>
    </p>
   </div>
   <div class='ocr_carea' id='block_1_41' title="bbox 394 3980 1968 4050">
    <p class='ocr_par' dir='ltr' id='par_1_41' title="bbox 394 3980 1968 4050">
     <span class='ocr_line' id='line_1_41' title="bbox 394 3980 1968 4050; baseline -0.001 -13"><span class='ocrx_word' id='word_1_321' title='bbox 394 3982 592 4037; x_wconf 70' lang='lat' dir='ltr'><strong>bules?</strong></span> <span class='ocrx_word' id='word_1_322' title='bbox 618 3981 687 4036; x_wconf 81' lang='lat' dir='ltr'><strong>At</strong></span> <span class='ocrx_word' id='word_1_323' title='bbox 717 3981 817 4034; x_wconf 90' lang='lat' dir='ltr'><strong>hoc</strong></span> <span class='ocrx_word' id='word_1_324' title='bbox 847 3980 1000 4035; x_wconf 90' lang='lat' dir='ltr'><strong>bruta</strong></span> <span class='ocrx_word' id='word_1_325' title='bbox 1029 3980 1186 4033; x_wconf 86' lang='lat' dir='ltr'><strong>etiam</strong></span> <span class='ocrx_word' id='word_1_326' title='bbox 1219 3981 1440 4034; x_wconf 86' lang='lat' dir='ltr'><strong>habent.</strong></span> <span class='ocrx_word' id='word_1_327' title='bbox 1471 3982 1552 4034; x_wconf 83' lang='lat' dir='ltr'><strong>An</strong></span> <span class='ocrx_word' id='word_1_328' title='bbox 1581 3982 1720 4050; x_wconf 93' lang='lat' dir='ltr'><strong>quod</strong></span> <span class='ocrx_word' id='word_1_329' title='bbox 1747 3981 1875 4036; x_wconf 89' lang='lat' dir='ltr'><strong>edas</strong></span> <span class='ocrx_word' id='word_1_330' title='bbox 1904 3996 1968 4036; x_wconf 89' lang='lat' dir='ltr'><strong>ac</strong></span> 
     </span>
    </p>
   </div>
   <div class='ocr_carea' id='block_1_42' title="bbox 387 4072 1968 4142">
    <p class='ocr_par' dir='ltr' id='par_1_42' title="bbox 387 4072 1968 4142">
     <span class='ocr_line' id='line_1_42' title="bbox 387 4072 1968 4142; baseline -0.002 -11"><span class='ocrx_word' id='word_1_331' title='bbox 387 4073 579 4131; x_wconf 81' lang='lat' dir='ltr'><strong>bibas?</strong></span> <span class='ocrx_word' id='word_1_332' title='bbox 620 4075 690 4129; x_wconf 86' lang='lat' dir='ltr'><strong>At</strong></span> <span class='ocrx_word' id='word_1_333' title='bbox 733 4073 836 4128; x_wconf 92' lang='lat' dir='ltr'><strong>hoc</strong></span> <span class='ocrx_word' id='word_1_334' title='bbox 877 4072 1108 4127; x_wconf 90' lang='lat' dir='ltr'><strong>ferarum</strong></span> <span class='ocrx_word' id='word_1_335' title='bbox 1149 4087 1361 4142; x_wconf 89' lang='lat' dir='ltr'><strong>quoque</strong></span> <span class='ocrx_word' id='word_1_336' title='bbox 1390 4082 1490 4127; x_wconf 88' lang='lat' dir='ltr'><strong>est.</strong></span> <span class='ocrx_word' id='word_1_337' title='bbox 1521 4077 1602 4127; x_wconf 81' lang='lat' dir='ltr'><strong>An</strong></span> <span class='ocrx_word' id='word_1_338' title='bbox 1633 4073 1775 4142; x_wconf 89' lang='lat' dir='ltr'><strong>quod</strong></span> <span class='ocrx_word' id='word_1_339' title='bbox 1820 4083 1968 4128; x_wconf 88' lang='lat' dir='ltr'><strong>recto</strong></span> 
     </span>
    </p>
   </div>
   <div class='ocr_carea' id='block_1_43' title="bbox 391 4164 1968 4237">
    <p class='ocr_par' dir='ltr' id='par_1_43' title="bbox 391 4164 1968 4237">
     <span class='ocr_line' id='line_1_43' title="bbox 391 4164 1968 4237; baseline -0.001 -16"><span class='ocrx_word' id='word_1_340' title='bbox 391 4181 618 4237; x_wconf 84' lang='lat' dir='ltr'><strong>corpore</strong></span> <span class='ocrx_word' id='word_1_341' title='bbox 644 4166 737 4230; x_wconf 88' lang='lat' dir='ltr'><strong>sis,</strong></span> <span class='ocrx_word' id='word_1_342' title='bbox 767 4180 830 4220; x_wconf 91' lang='lat' dir='ltr'><strong>ac</strong></span> <span class='ocrx_word' id='word_1_343' title='bbox 856 4164 1065 4220; x_wconf 89' lang='lat' dir='ltr'><strong>duobus</strong></span> <span class='ocrx_word' id='word_1_344' title='bbox 1094 4164 1317 4234; x_wconf 89' lang='lat' dir='ltr'><strong>pedibus</strong></span> <span class='ocrx_word' id='word_1_345' title='bbox 1343 4165 1594 4220; x_wconf 77' lang='lat' dir='ltr'><strong>insistas?</strong></span> <span class='ocrx_word' id='word_1_346' title='bbox 1619 4167 1686 4219; x_wconf 89' lang='lat' dir='ltr'><strong>At</strong></span> <span class='ocrx_word' id='word_1_347' title='bbox 1710 4166 1813 4218; x_wconf 89' lang='lat' dir='ltr'><strong>hoc</strong></span> <span class='ocrx_word' id='word_1_348' title='bbox 1839 4166 1968 4220; x_wconf 90' lang='lat' dir='ltr'><strong>mihi</strong></span> 
     </span>
    </p>
   </div>
   <div class='ocr_carea' id='block_1_44' title="bbox 388 4254 1966 4330">
    <p class='ocr_par' dir='ltr' id='par_1_44' title="bbox 388 4254 1966 4330">
     <span class='ocr_line' id='line_1_44' title="bbox 388 4254 1966 4330; baseline -0.002 -17"><span class='ocrx_word' id='word_1_349' title='bbox 388 4259 567 4330; x_wconf 79' lang='lat' dir='ltr'><strong>potius</strong></span> <span class='ocrx_word' id='word_1_350' title='bbox 611 4258 809 4313; x_wconf 90' lang='lat' dir='ltr'><strong>indicat</strong></span> <span class='ocrx_word' id='word_1_351' title='bbox 837 4267 888 4313; x_wconf 90' lang='lat' dir='ltr'><strong>te</strong></span> <span class='ocrx_word' id='word_1_352' title='bbox 917 4257 1148 4312; x_wconf 85' lang='lat' dir='ltr'><strong>belluam</strong></span> <span class='ocrx_word' id='word_1_353' title='bbox 1196 4254 1427 4310; x_wconf 86' lang='lat' dir='ltr'><strong>humana</strong></span> <span class='ocrx_word' id='word_1_354' title='bbox 1461 4254 1630 4310; x_wconf 86' lang='lat' dir='ltr'><strong>forma</strong></span> <span class='ocrx_word' id='word_1_355' title='bbox 1663 4271 1802 4310; x_wconf 78' lang='lat' dir='ltr'><strong>esse.</strong></span> <span class='ocrx_word' id='word_1_356' title='bbox 1837 4256 1966 4310; x_wconf 81' lang='lat' dir='ltr'><strong>Nam</strong></span> 
     </span>
    </p>
   </div>
   <div class='ocr_carea' id='block_1_45' title="bbox 387 4348 1969 4414">
    <p class='ocr_par' dir='ltr' id='par_1_45' title="bbox 387 4348 1969 4414">
     <span class='ocr_line' id='line_1_45' title="bbox 387 4348 1969 4414; baseline -0.002 -8"><span class='ocrx_word' id='word_1_357' title='bbox 387 4366 510 4406; x_wconf 84' lang='lat' dir='ltr'><strong>cum</strong></span> <span class='ocrx_word' id='word_1_358' title='bbox 534 4361 730 4408; x_wconf 71' lang='lat' dir='ltr'><strong>caetera</strong></span> <span class='ocrx_word' id='word_1_359' title='bbox 752 4350 942 4406; x_wconf 87' lang='lat' dir='ltr'><strong>eadem</strong></span> <span class='ocrx_word' id='word_1_360' title='bbox 967 4348 1058 4404; x_wconf 91' lang='lat' dir='ltr'><strong>tibi</strong></span> <span class='ocrx_word' id='word_1_361' title='bbox 1080 4364 1202 4404; x_wconf 92' lang='lat' dir='ltr'><strong>cum</strong></span> <span class='ocrx_word' id='word_1_362' title='bbox 1225 4348 1402 4403; x_wconf 90' lang='lat' dir='ltr'><strong>bellua</strong></span> <span class='ocrx_word' id='word_1_363' title='bbox 1427 4351 1552 4414; x_wconf 89' lang='lat' dir='ltr'><strong>sint,</strong></span> <span class='ocrx_word' id='word_1_364' title='bbox 1573 4349 1771 4403; x_wconf 82' lang='lat' dir='ltr'><strong>erectio</strong></span> <span class='ocrx_word' id='word_1_365' title='bbox 1792 4359 1969 4403; x_wconf 91' lang='lat' dir='ltr'><strong>autem</strong></span> 
     </span>
    </p>
   </div>
   <div class='ocr_carea' id='block_1_46' title="bbox 396 4441 1968 4514">
    <p class='ocr_par' dir='ltr' id='par_1_46' title="bbox 396 4441 1968 4514">
     <span class='ocr_line' id='line_1_46' title="bbox 396 4441 1968 4514; baseline -0.001 -17"><span class='ocrx_word' id='word_1_366' title='bbox 396 4460 501 4497; x_wconf 86' lang='lat' dir='ltr'><strong>nun</strong></span> <span class='ocrx_word' id='word_1_367' title='bbox 547 4445 672 4498; x_wconf 91' lang='lat' dir='ltr'><strong>item</strong></span> <span class='ocrx_word' id='word_1_368' title='bbox 701 4485 715 4510; x_wconf 89' lang='lat'><strong>,</strong></span> <span class='ocrx_word' id='word_1_369' title='bbox 749 4445 851 4498; x_wconf 88' lang='lat' dir='ltr'><strong>hoc</strong></span> <span class='ocrx_word' id='word_1_370' title='bbox 882 4443 999 4514; x_wconf 90' lang='lat' dir='ltr'><strong>ipso</strong></span> <span class='ocrx_word' id='word_1_371' title='bbox 1026 4441 1396 4497; x_wconf 87' lang='lat' dir='ltr'><strong>vehementius</strong></span> <span class='ocrx_word' id='word_1_372' title='bbox 1425 4456 1512 4497; x_wconf 89' lang='lat' dir='ltr'><strong>me</strong></span> <span class='ocrx_word' id='word_1_373' title='bbox 1542 4441 1722 4496; x_wconf 86' lang='lat' dir='ltr'><strong>turbas</strong></span> <span class='ocrx_word' id='word_1_374' title='bbox 1751 4455 1814 4497; x_wconf 88' lang='lat' dir='ltr'><strong>ae</strong></span> <span class='ocrx_word' id='word_1_375' title='bbox 1845 4457 1968 4512; x_wconf 54' lang='lat' dir='ltr'><strong>per.</strong></span> 
     </span>
    </p>
   </div>
   <div class='ocr_carea' id='block_1_47' title="bbox 385 4533 1968 4605">
    <p class='ocr_par' dir='ltr' id='par_1_47' title="bbox 385 4533 1968 4605">
     <span class='ocr_line' id='line_1_47' title="bbox 385 4533 1968 4605; baseline 0.001 -16"><span class='ocrx_word' id='word_1_376' title='bbox 385 4535 681 4598; x_wconf 73' lang='lat' dir='ltr'><strong>terrefaicis,</strong></span> <span class='ocrx_word' id='word_1_377' title='bbox 709 4536 983 4605; x_wconf 86' lang='lat' dir='ltr'><strong>magisque</strong></span> <span class='ocrx_word' id='word_1_378' title='bbox 1003 4543 1304 4604; x_wconf 79' lang='lat' dir='ltr'><strong>portentum</strong></span> <span class='ocrx_word' id='word_1_379' title='bbox 1327 4533 1377 4587; x_wconf 93' lang='lat' dir='ltr'><strong>id</strong></span> <span class='ocrx_word' id='word_1_380' title='bbox 1394 4548 1514 4588; x_wconf 88' lang='lat' dir='ltr'><strong>esse</strong></span> <span class='ocrx_word' id='word_1_381' title='bbox 1538 4535 1804 4601; x_wconf 82' lang='lat' dir='ltr'><strong>existimo,</strong></span> <span class='ocrx_word' id='word_1_382' title='bbox 1828 4535 1968 4604; x_wconf 89' lang='lat' dir='ltr'><strong>quod</strong></span> 
     </span>
    </p>
   </div>
   <div class='ocr_carea' id='block_1_48' title="bbox 387 4623 1968 4694">
    <p class='ocr_par' dir='ltr' id='par_1_48' title="bbox 387 4623 1968 4694">
     <span class='ocr_line' id='line_1_48' title="bbox 387 4623 1968 4694; baseline -0.001 -13"><span class='ocrx_word' id='word_1_383' title='bbox 387 4640 572 4681; x_wconf 80' lang='lat' dir='ltr'><strong>cerno.</strong></span> <span class='ocrx_word' id='word_1_384' title='bbox 618 4623 831 4678; x_wconf 89' lang='lat' dir='ltr'><strong>Etenim</strong></span> <span class='ocrx_word' id='word_1_385' title='bbox 871 4623 920 4679; x_wconf 89' lang='lat' dir='ltr'><strong>si</strong></span> <span class='ocrx_word' id='word_1_386' title='bbox 965 4624 1130 4679; x_wconf 91' lang='lat' dir='ltr'><strong>feram</strong></span> <span class='ocrx_word' id='word_1_387' title='bbox 1177 4624 1408 4678; x_wconf 87' lang='lat' dir='ltr'><strong>humana</strong></span> <span class='ocrx_word' id='word_1_388' title='bbox 1448 4624 1623 4694; x_wconf 91' lang='lat' dir='ltr'><strong>lingua</strong></span> <span class='ocrx_word' id='word_1_389' title='bbox 1667 4624 1968 4694; x_wconf 88' lang='lat' dir='ltr'><strong>loquentem</strong></span> 
     </span>
    </p>
   </div>
   <div class='ocr_carea' id='block_1_49' title="bbox 387 4715 1966 4784">
    <p class='ocr_par' dir='ltr' id='par_1_49' title="bbox 387 4715 1966 4784">
     <span class='ocr_line' id='line_1_49' title="bbox 387 4715 1966 4784; baseline 0 -13"><span class='ocrx_word' id='word_1_390' title='bbox 387 4730 667 4771; x_wconf 81' lang='lat' dir='ltr'><strong>cernerem</strong></span> <span class='ocrx_word' id='word_1_391' title='bbox 693 4756 709 4781; x_wconf 92' lang='lat'><strong>,</strong></span> <span class='ocrx_word' id='word_1_392' title='bbox 754 4729 862 4770; x_wconf 92' lang='lat' dir='ltr'><strong>non</strong></span> <span class='ocrx_word' id='word_1_393' title='bbox 905 4725 1186 4784; x_wconf 86' lang='lat' dir='ltr'><strong>prepterea</strong></span> <span class='ocrx_word' id='word_1_394' title='bbox 1232 4715 1503 4770; x_wconf 90' lang='lat' dir='ltr'><strong>hominem</strong></span> <span class='ocrx_word' id='word_1_395' title='bbox 1539 4730 1660 4770; x_wconf 88' lang='lat' dir='ltr'><strong>esse</strong></span> <span class='ocrx_word' id='word_1_396' title='bbox 1689 4716 1920 4772; x_wconf 87' lang='lat' dir='ltr'><strong>dicerem</strong></span> <span class='ocrx_word' id='word_1_397' title='bbox 1952 4735 1966 4771; x_wconf 90' lang='lat'><strong>:</strong></span> 
     </span>
    </p>
   </div>
   <div class='ocr_carea' id='block_1_50' title="bbox 391 4806 1970 4880">
    <p class='ocr_par' dir='ltr' id='par_1_50' title="bbox 391 4806 1970 4880">
     <span class='ocr_line' id='line_1_50' title="bbox 391 4806 1970 4880; baseline 0.001 -18"><span class='ocrx_word' id='word_1_398' title='bbox 391 4809 520 4877; x_wconf 91' lang='lat' dir='ltr'><strong>quin</strong></span> <span class='ocrx_word' id='word_1_399' title='bbox 548 4806 651 4862; x_wconf 90' lang='lat' dir='ltr'><strong>hoc</strong></span> <span class='ocrx_word' id='word_1_400' title='bbox 671 4807 792 4876; x_wconf 86' lang='lat' dir='ltr'><strong>ipso</strong></span> <span class='ocrx_word' id='word_1_401' title='bbox 818 4807 1037 4863; x_wconf 89' lang='lat' dir='ltr'><strong>nomine</strong></span> <span class='ocrx_word' id='word_1_402' title='bbox 1067 4809 1244 4878; x_wconf 83' lang='lat' dir='ltr'><strong>potius</strong></span> <span class='ocrx_word' id='word_1_403' title='bbox 1269 4809 1458 4874; x_wconf 85' lang='lat' dir='ltr'><strong>feram,</strong></span> <span class='ocrx_word' id='word_1_404' title='bbox 1483 4809 1592 4863; x_wconf 89' lang='lat' dir='ltr'><strong>fera</strong></span> <span class='ocrx_word' id='word_1_405' title='bbox 1613 4809 1970 4880; x_wconf 88' lang='lat' dir='ltr'><strong>prodigiosio-</strong></span> 
     </span>
    </p>
   </div>
   <div class='ocr_carea' id='block_1_51' title="bbox 392 4899 1970 4972">
    <p class='ocr_par' dir='ltr' id='par_1_51' title="bbox 392 4899 1970 4972">
     <span class='ocr_line' id='line_1_51' title="bbox 392 4899 1970 4972; baseline -0.001 -16"><span class='ocrx_word' id='word_1_406' title='bbox 392 4916 528 4956; x_wconf 86' lang='lat' dir='ltr'><strong>rem.</strong></span> <span class='ocrx_word' id='word_1_407' title='bbox 562 4899 714 4956; x_wconf 83' lang='lat' dir='ltr'><strong>Unde</strong></span> <span class='ocrx_word' id='word_1_408' title='bbox 743 4914 870 4969; x_wconf 88' lang='lat' dir='ltr'><strong>ergo</strong></span> <span class='ocrx_word' id='word_1_409' title='bbox 897 4899 1026 4953; x_wconf 87' lang='lat' dir='ltr'><strong>mihi</strong></span> <span class='ocrx_word' id='word_1_410' title='bbox 1055 4901 1390 4969; x_wconf 83' lang='lat' dir='ltr'><strong>exploratum</strong></span> <span class='ocrx_word' id='word_1_411' title='bbox 1419 4913 1538 4955; x_wconf 88' lang='lat' dir='ltr'><strong>esse</strong></span> <span class='ocrx_word' id='word_1_412' title='bbox 1562 4909 1743 4972; x_wconf 88' lang='lat' dir='ltr'><strong>queat,</strong></span> <span class='ocrx_word' id='word_1_413' title='bbox 1778 4901 1970 4956; x_wconf 87' lang='lat' dir='ltr'><strong>huma-</strong></span> 
     </span>
    </p>
   </div>
   <div class='ocr_carea' id='block_1_52' title="bbox 319 4990 1973 5059">
    <p class='ocr_par' dir='ltr' id='par_1_52' title="bbox 319 4990 1973 5059">
     <span class='ocr_line' id='line_1_52' title="bbox 319 4990 1973 5059; baseline 0 -11"><span class='ocrx_word' id='word_1_414' title='bbox 319 5024 323 5026; x_wconf 88' lang='lat'><em>—</em></span> <span class='ocrx_word' id='word_1_415' title='bbox 392 5007 516 5048; x_wconf 83' lang='lat' dir='ltr'><strong>nam</strong></span> <span class='ocrx_word' id='word_1_416' title='bbox 543 4993 776 5049; x_wconf 83' lang='lat' dir='ltr'><strong>animam</strong></span> <span class='ocrx_word' id='word_1_417' title='bbox 809 4990 906 5048; x_wconf 83' lang='lat' dir='ltr'><strong>tibi</strong></span> <span class='ocrx_word' id='word_1_418' title='bbox 949 4991 1162 5057; x_wconf 81' lang='lat' dir='ltr'><strong>inesse,</strong></span> <span class='ocrx_word' id='word_1_419' title='bbox 1194 5005 1317 5046; x_wconf 87' lang='lat' dir='ltr'><strong>eum</strong></span> <span class='ocrx_word' id='word_1_420' title='bbox 1344 5000 1406 5048; x_wconf 91' lang='lat' dir='ltr'><strong>ut</strong></span> <span class='ocrx_word' id='word_1_421' title='bbox 1443 4993 1580 5048; x_wconf 84' lang='lat' dir='ltr'><strong>asini</strong></span> <span class='ocrx_word' id='word_1_422' title='bbox 1604 4993 1882 5059; x_wconf 88' lang='lat' dir='ltr'><strong>calcitres,</strong></span> <span class='ocrx_word' id='word_1_423' title='bbox 1914 5002 1973 5048; x_wconf 89' lang='lat' dir='ltr'><strong>ut</strong></span> 
     </span>
    </p>
   </div>
   <div class='ocr_carea' id='block_1_53' title="bbox 388 5082 1974 5154">
    <p class='ocr_par' dir='ltr' id='par_1_53' title="bbox 388 5082 1974 5154">
     <span class='ocr_line' id='line_1_53' title="bbox 388 5082 1974 5154; baseline -0.001 -14"><span class='ocrx_word' id='word_1_424' title='bbox 388 5085 579 5140; x_wconf 85' lang='lat' dir='ltr'><strong>cameli</strong></span> <span class='ocrx_word' id='word_1_425' title='bbox 622 5098 830 5141; x_wconf 86' lang='lat' dir='ltr'><strong>memor</strong></span> <span class='ocrx_word' id='word_1_426' title='bbox 867 5083 943 5140; x_wconf 84' lang='lat' dir='ltr'><strong>sis</strong></span> <span class='ocrx_word' id='word_1_427' title='bbox 982 5083 1317 5154; x_wconf 87' lang='lat' dir='ltr'><strong>i&#39;njuriarum,</strong></span> <span class='ocrx_word' id='word_1_428' title='bbox 1358 5092 1416 5138; x_wconf 92' lang='lat' dir='ltr'><strong>ut</strong></span> <span class='ocrx_word' id='word_1_429' title='bbox 1459 5083 1568 5139; x_wconf 86' lang='lat' dir='ltr'><strong>utsi</strong></span> <span class='ocrx_word' id='word_1_430' title='bbox 1613 5082 1886 5151; x_wconf 88' lang='lat' dir='ltr'><strong>mordeas,</strong></span> <span class='ocrx_word' id='word_1_431' title='bbox 1917 5093 1974 5139; x_wconf 91' lang='lat' dir='ltr'><strong>ut</strong></span> 
     </span>
    </p>
   </div>
   <div class='ocr_carea' id='block_1_54' title="bbox 391 5176 1972 5250">
    <p class='ocr_par' dir='ltr' id='par_1_54' title="bbox 391 5176 1972 5250">
     <span class='ocr_line' id='line_1_54' title="bbox 391 5176 1972 5250; baseline 0 -19"><span class='ocrx_word' id='word_1_432' title='bbox 391 5178 502 5249; x_wconf 78' lang='lat' dir='ltr'><strong>lupi</strong></span> <span class='ocrx_word' id='word_1_433' title='bbox 533 5179 709 5247; x_wconf 81' lang='lat' dir='ltr'><strong>rapias</strong></span> <span class='ocrx_word' id='word_1_434' title='bbox 730 5219 746 5246; x_wconf 94' lang='lat'><strong>,</strong></span> <span class='ocrx_word' id='word_1_435' title='bbox 775 5187 836 5233; x_wconf 90' lang='lat' dir='ltr'><strong>ut</strong></span> <span class='ocrx_word' id='word_1_436' title='bbox 863 5178 1049 5250; x_wconf 85' lang='lat' dir='ltr'><strong>vulpes</strong></span> <span class='ocrx_word' id='word_1_437' title='bbox 1075 5176 1275 5234; x_wconf 87' lang='lat' dir='ltr'><strong>fureris</strong></span> <span class='ocrx_word' id='word_1_438' title='bbox 1299 5219 1314 5243; x_wconf 95' lang='lat'><strong>,</strong></span> <span class='ocrx_word' id='word_1_439' title='bbox 1346 5186 1404 5233; x_wconf 89' lang='lat' dir='ltr'><strong>ut</strong></span> <span class='ocrx_word' id='word_1_440' title='bbox 1432 5189 1710 5248; x_wconf 83' lang='lat' dir='ltr'><strong>serpentes</strong></span> <span class='ocrx_word' id='word_1_441' title='bbox 1736 5177 1884 5234; x_wconf 88' lang='lat' dir='ltr'><strong>vafer</strong></span> <span class='ocrx_word' id='word_1_442' title='bbox 1909 5192 1972 5232; x_wconf 88' lang='lat' dir='ltr'><strong>ac</strong></span> 
     </span>
    </p>
   </div>
   <div class='ocr_carea' id='block_1_55' title="bbox 391 5266 1969 5341">
    <p class='ocr_par' dir='ltr' id='par_1_55' title="bbox 391 5266 1969 5341">
     <span class='ocr_line' id='line_1_55' title="bbox 391 5266 1969 5341; baseline 0 -19"><span class='ocrx_word' id='word_1_443' title='bbox 391 5266 762 5323; x_wconf 79' lang='lat' dir='ltr'><strong>fraudulentus</strong></span> <span class='ocrx_word' id='word_1_444' title='bbox 780 5271 875 5334; x_wconf 82' lang='lat' dir='ltr'><strong>sis,</strong></span> <span class='ocrx_word' id='word_1_445' title='bbox 896 5279 956 5325; x_wconf 80' lang='lat' dir='ltr'><strong>ut</strong></span> <span class='ocrx_word' id='word_1_446' title='bbox 977 5271 1125 5325; x_wconf 89' lang='lat' dir='ltr'><strong>canis</strong></span> <span class='ocrx_word' id='word_1_447' title='bbox 1145 5269 1486 5341; x_wconf 88' lang='lat' dir='ltr'><strong>impudenter</strong></span> <span class='ocrx_word' id='word_1_448' title='bbox 1506 5277 1559 5324; x_wconf 87' lang='lat' dir='ltr'><strong>te</strong></span> <span class='ocrx_word' id='word_1_449' title='bbox 1581 5270 1780 5339; x_wconf 82' lang='lat' dir='ltr'><strong>geras?</strong></span> <span class='ocrx_word' id='word_1_450' title='bbox 1805 5269 1969 5332; x_wconf 88' lang='lat' dir='ltr'><strong>unde,</strong></span> 
     </span>
    </p>
   </div>
   <div class='ocr_carea' id='block_1_56' title="bbox 392 5360 1972 5434">
    <p class='ocr_par' dir='ltr' id='par_1_56' title="bbox 392 5360 1972 5434">
     <span class='ocr_line' id='line_1_56' title="bbox 392 5360 1972 5434; baseline -0.002 -17"><span class='ocrx_word' id='word_1_451' title='bbox 392 5368 634 5434; x_wconf 72' lang='lat' dir='ltr'><strong>Inquam,</strong></span> <span class='ocrx_word' id='word_1_452' title='bbox 664 5369 717 5417; x_wconf 90' lang='lat' dir='ltr'><strong>te</strong></span> <span class='ocrx_word' id='word_1_453' title='bbox 747 5360 976 5418; x_wconf 89' lang='lat' dir='ltr'><strong>humana</strong></span> <span class='ocrx_word' id='word_1_454' title='bbox 1006 5364 1182 5418; x_wconf 85' lang='lat' dir='ltr'><strong>anima</strong></span> <span class='ocrx_word' id='word_1_455' title='bbox 1219 5361 1501 5432; x_wconf 67' lang='lat' dir='ltr'><strong>praeditum</strong></span> <span class='ocrx_word' id='word_1_456' title='bbox 1529 5376 1649 5416; x_wconf 86' lang='lat' dir='ltr'><strong>esse</strong></span> <span class='ocrx_word' id='word_1_457' title='bbox 1676 5361 1972 5430; x_wconf 74' lang='lat' dir='ltr'><strong>intelligere</strong></span> 
     </span>
    </p>
   </div>
   <div class='ocr_carea' id='block_1_57' title="bbox 383 5451 1973 5525">
    <p class='ocr_par' dir='ltr' id='par_1_57' title="bbox 383 5451 1973 5525">
     <span class='ocr_line' id='line_1_57' title="bbox 383 5451 1973 5525; baseline -0.004 -16"><span class='ocrx_word' id='word_1_458' title='bbox 383 5453 630 5525; x_wconf 77' lang='lat' dir='ltr'><strong>queam?</strong></span> <span class='ocrx_word' id='word_1_459' title='bbox 658 5451 832 5508; x_wconf 79' lang='lat' dir='ltr'><strong>Vultis</strong></span> <span class='ocrx_word' id='word_1_460' title='bbox 856 5461 1122 5508; x_wconf 89' lang='lat' dir='ltr'><strong>mortuam</strong></span> <span class='ocrx_word' id='word_1_461' title='bbox 1149 5467 1212 5507; x_wconf 85' lang='lat' dir='ltr'><strong>ac</strong></span> <span class='ocrx_word' id='word_1_462' title='bbox 1237 5454 1504 5508; x_wconf 87' lang='lat' dir='ltr'><strong>viventem</strong></span> <span class='ocrx_word' id='word_1_463' title='bbox 1531 5451 1763 5506; x_wconf 85' lang='lat' dir='ltr'><strong>animam</strong></span> <span class='ocrx_word' id='word_1_464' title='bbox 1792 5457 1973 5504; x_wconf 84' lang='lat' dir='ltr'><strong>osten-</strong></span> 
     </span>
    </p>
   </div>
   <div class='ocr_carea' id='block_1_58' title="bbox 395 5538 1970 5619">
    <p class='ocr_par' dir='ltr' id='par_1_58' title="bbox 395 5538 1970 5619">
     <span class='ocr_line' id='line_1_58' title="bbox 395 5538 1970 5619; baseline -0.004 -19"><span class='ocrx_word' id='word_1_465' title='bbox 395 5546 564 5602; x_wconf 80' lang='lat' dir='ltr'><strong>dam?</strong></span> <span class='ocrx_word' id='word_1_466' title='bbox 589 5546 669 5601; x_wconf 80' lang='lat' dir='ltr'><strong>Ad</strong></span> <span class='ocrx_word' id='word_1_467' title='bbox 699 5550 904 5616; x_wconf 80' lang='lat' dir='ltr'><strong>priscas</strong></span> <span class='ocrx_word' id='word_1_468' title='bbox 933 5544 1051 5598; x_wconf 85' lang='lat' dir='ltr'><strong>illos</strong></span> <span class='ocrx_word' id='word_1_469' title='bbox 1081 5544 1224 5598; x_wconf 87' lang='lat' dir='ltr'><strong>viros</strong></span> <span class='ocrx_word' id='word_1_470' title='bbox 1254 5555 1559 5598; x_wconf 83' lang='lat' dir='ltr'><strong>sermonem</strong></span> <span class='ocrx_word' id='word_1_471' title='bbox 1586 5538 1927 5619; x_wconf 69' lang='lat' dir='ltr'><strong>conferamus</strong></span> <span class='ocrx_word' id='word_1_472' title='bbox 1952 5579 1970 5605; x_wconf 94' lang='lat'><strong>,</strong></span> 
     </span>
    </p>
   </div>
   <div class='ocr_carea' id='block_1_59' title="bbox 395 5634 1974 5710">
    <p class='ocr_par' dir='ltr' id='par_1_59' title="bbox 395 5634 1974 5710">
     <span class='ocr_line' id='line_1_59' title="bbox 395 5634 1974 5710; baseline -0.007 -14"><span class='ocrx_word' id='word_1_473' title='bbox 395 5655 479 5706; x_wconf 78' lang='lat' dir='ltr'><strong>ac,</strong></span> <span class='ocrx_word' id='word_1_474' title='bbox 508 5639 555 5694; x_wconf 80' lang='lat' dir='ltr'><strong>si</strong></span> <span class='ocrx_word' id='word_1_475' title='bbox 582 5638 776 5710; x_wconf 84' lang='lat' dir='ltr'><strong>placet,</strong></span> <span class='ocrx_word' id='word_1_476' title='bbox 803 5639 1022 5692; x_wconf 86' lang='lat' dir='ltr'><strong>divitem</strong></span> <span class='ocrx_word' id='word_1_477' title='bbox 1053 5637 1233 5705; x_wconf 88' lang='lat' dir='ltr'><strong>illum,</strong></span> <span class='ocrx_word' id='word_1_478' title='bbox 1259 5637 1349 5706; x_wconf 87' lang='lat' dir='ltr'><strong>qui</strong></span> <span class='ocrx_word' id='word_1_479' title='bbox 1376 5634 1562 5689; x_wconf 85' lang='lat' dir='ltr'><strong>Lazari</strong></span> <span class='ocrx_word' id='word_1_480' title='bbox 1593 5642 1836 5703; x_wconf 85' lang='lat' dir='ltr'><strong>tempore</strong></span> <span class='ocrx_word' id='word_1_481' title='bbox 1857 5640 1974 5686; x_wconf 86' lang='lat' dir='ltr'><strong>erat</strong></span> 
     </span>
    </p>
   </div>
   <div class='ocr_carea' id='block_1_60' title="bbox 399 5720 1970 5808">
    <p class='ocr_par' dir='ltr' id='par_1_60' title="bbox 399 5720 1970 5808">
     <span class='ocr_line' id='line_1_60' title="bbox 399 5720 1970 5808; baseline -0.007 -17"><span class='ocrx_word' id='word_1_482' title='bbox 399 5736 460 5808; x_wconf 71' lang='lat' dir='ltr'><strong>tl</strong></span> <span class='ocrx_word' id='word_1_483' title='bbox 469 5752 551 5790; x_wconf 85' lang='lat' dir='ltr'><strong>uc.</strong></span> <span class='ocrx_word' id='word_1_484' title='bbox 584 5734 708 5806; x_wconf 72' lang='lat'><strong>16),</strong></span> <span class='ocrx_word' id='word_1_485' title='bbox 743 5731 794 5787; x_wconf 92' lang='lat' dir='ltr'><strong>in</strong></span> <span class='ocrx_word' id='word_1_486' title='bbox 827 5730 1060 5787; x_wconf 82' lang='lat' dir='ltr'><strong>medium</strong></span> <span class='ocrx_word' id='word_1_487' title='bbox 1092 5727 1455 5802; x_wconf 80' lang='lat' dir='ltr'><strong>proferamus;</strong></span> <span class='ocrx_word' id='word_1_488' title='bbox 1483 5733 1684 5796; x_wconf 74' lang='lat' dir='ltr'><strong>atque,</strong></span> <span class='ocrx_word' id='word_1_489' title='bbox 1719 5720 1970 5794; x_wconf 83' lang='lat' dir='ltr'><strong>quidnam</strong></span> 
     </span>
    </p>
   </div>
   <div class='ocr_carea' id='block_1_61' title="bbox 1185 287 2998 354">
    <p class='ocr_par' dir='ltr' id='par_1_61' title="bbox 1185 287 2998 354">
     <span class='ocr_line' id='line_1_61' title="bbox 1185 287 2998 354; baseline -0.001 -1"><span class='ocrx_word' id='word_1_490' title='bbox 1185 295 1242 354; x_wconf 87' lang='lat' dir='ltr'><strong>S.</strong></span> <span class='ocrx_word' id='word_1_491' title='bbox 1283 293 1561 352; x_wconf 77' lang='lat' dir='ltr'><strong>JOANNIS</strong></span> <span class='ocrx_word' id='word_1_492' title='bbox 1598 287 2068 348; x_wconf 77' lang='lat' dir='ltr'><strong>CHRYSOSTOMI</strong></span> <span class='ocrx_word' id='word_1_493' title='bbox 2108 288 2424 347; x_wconf 78' lang='lat' dir='ltr'><strong>ARCHIEP.</strong></span> <span class='ocrx_word' id='word_1_494' title='bbox 2463 290 2998 350; x_wconf 82' lang='lat' dir='ltr'><strong>CONSTANTINOP.</strong></span> 
     </span>
    </p>
   </div>
   <div class='ocr_carea' id='block_1_62' title="bbox 3569 295 3677 351">
    <p class='ocr_par' dir='ltr' id='par_1_62' title="bbox 3569 295 3677 351">
     <span class='ocr_line' id='line_1_62' title="bbox 3569 295 3677 351; baseline 0.009 -1"><span class='ocrx_word' id='word_1_495' title='bbox 3569 295 3677 351; x_wconf 65' lang='lat'><strong>41.0</strong></span> 
     </span>
    </p>
   </div>
   <div class='ocr_carea' id='block_1_63' title="bbox 2093 401 3673 478">
    <p class='ocr_par' dir='ltr' id='par_1_63' title="bbox 2093 401 3673 478">
     <span class='ocr_line' id='line_1_63' title="bbox 2093 401 3673 478; baseline 0.009 -24"><span class='ocrx_word' id='word_1_496' title='bbox 2093 401 2305 458; x_wconf 88' lang='lat' dir='ltr'><strong>tandem</strong></span> <span class='ocrx_word' id='word_1_497' title='bbox 2345 419 2492 460; x_wconf 89' lang='lat' dir='ltr'><strong>mors</strong></span> <span class='ocrx_word' id='word_1_498' title='bbox 2527 405 2720 461; x_wconf 70' lang='lat' dir='ltr'><strong>animae</strong></span> <span class='ocrx_word' id='word_1_499' title='bbox 2763 409 2870 475; x_wconf 88' lang='lat' dir='ltr'><strong>sit,</strong></span> <span class='ocrx_word' id='word_1_500' title='bbox 2917 407 3295 478; x_wconf 75' lang='lat' dir='ltr'><strong>intelligemus.</strong></span> <span class='ocrx_word' id='word_1_501' title='bbox 3333 411 3540 466; x_wconf 84' lang='lat' dir='ltr'><strong>Etenim</strong></span> <span class='ocrx_word' id='word_1_502' title='bbox 3583 414 3673 468; x_wconf 87' lang='lat' dir='ltr'><strong>ille</strong></span> 
     </span>
    </p>
   </div>
   <div class='ocr_carea' id='block_1_64' title="bbox 2097 496 3671 572">
    <p class='ocr_par' dir='ltr' id='par_1_64' title="bbox 2097 496 3671 572">
     <span class='ocr_line' id='line_1_64' title="bbox 2097 496 3671 572; baseline 0.008 -26"><span class='ocrx_word' id='word_1_503' title='bbox 2097 501 2359 548; x_wconf 88' lang='lat' dir='ltr'><strong>mortuam</strong></span> <span class='ocrx_word' id='word_1_504' title='bbox 2384 496 2618 552; x_wconf 87' lang='lat' dir='ltr'><strong>animam</strong></span> <span class='ocrx_word' id='word_1_505' title='bbox 2647 496 2878 554; x_wconf 83' lang='lat' dir='ltr'><strong>habebat</strong></span> <span class='ocrx_word' id='word_1_506' title='bbox 2902 516 2918 565; x_wconf 95' lang='lat'><strong>;</strong></span> <span class='ocrx_word' id='word_1_507' title='bbox 2943 501 3100 570; x_wconf 88' lang='lat' dir='ltr'><strong>idque</strong></span> <span class='ocrx_word' id='word_1_508' title='bbox 3122 515 3186 556; x_wconf 80' lang='lat' dir='ltr'><strong>ex</strong></span> <span class='ocrx_word' id='word_1_509' title='bbox 3215 501 3279 556; x_wconf 91' lang='lat' dir='ltr'><strong>iis</strong></span> <span class='ocrx_word' id='word_1_510' title='bbox 3299 516 3420 572; x_wconf 69' lang='lat' dir='ltr'><strong>quae</strong></span> <span class='ocrx_word' id='word_1_511' title='bbox 3445 501 3671 559; x_wconf 81' lang='lat' dir='ltr'><strong>faciebat</strong></span> 
     </span>
    </p>
   </div>
   <div class='ocr_carea' id='block_1_65' title="bbox 2088 581 3664 662">
    <p class='ocr_par' dir='ltr' id='par_1_65' title="bbox 2088 581 3664 662">
     <span class='ocr_line' id='line_1_65' title="bbox 2088 581 3664 662; baseline 0.01 -26"><span class='ocrx_word' id='word_1_512' title='bbox 2088 581 2296 654; x_wconf 89' lang='lat' dir='ltr'><strong>liquet:</strong></span> <span class='ocrx_word' id='word_1_513' title='bbox 2325 601 2514 641; x_wconf 90' lang='lat' dir='ltr'><strong>eorum</strong></span> <span class='ocrx_word' id='word_1_514' title='bbox 2553 588 2702 645; x_wconf 74' lang='lat' dir='ltr'><strong>enim</strong></span> <span class='ocrx_word' id='word_1_515' title='bbox 2746 603 3030 646; x_wconf 88' lang='lat' dir='ltr'><strong>munerum</strong></span> <span class='ocrx_word' id='word_1_516' title='bbox 3055 632 3072 658; x_wconf 92' lang='lat'><strong>,</strong></span> <span class='ocrx_word' id='word_1_517' title='bbox 3117 608 3236 662; x_wconf 63' lang='lat' dir='ltr'><strong>quas</strong></span> <span class='ocrx_word' id='word_1_518' title='bbox 3277 595 3470 648; x_wconf 66' lang='lat' dir='ltr'><strong>animae</strong></span> <span class='ocrx_word' id='word_1_519' title='bbox 3511 606 3664 659; x_wconf 85' lang='lat' dir='ltr'><strong>sunt,</strong></span> 
     </span>
    </p>
   </div>
   <div class='ocr_carea' id='block_1_66' title="bbox 2088 677 3668 750">
    <p class='ocr_par' dir='ltr' id='par_1_66' title="bbox 2088 677 3668 750">
     <span class='ocr_line' id='line_1_66' title="bbox 2088 677 3668 750; baseline 0.009 -21"><span class='ocrx_word' id='word_1_520' title='bbox 2088 677 2290 731; x_wconf 92' lang='lat' dir='ltr'><strong>nullum</strong></span> <span class='ocrx_word' id='word_1_521' title='bbox 2317 679 2746 750; x_wconf 83' lang='lat' dir='ltr'><strong>exsequebatur,</strong></span> <span class='ocrx_word' id='word_1_522' title='bbox 2791 684 2888 738; x_wconf 83' lang='lat' dir='ltr'><strong>sed</strong></span> <span class='ocrx_word' id='word_1_523' title='bbox 2925 684 3098 740; x_wconf 79' lang='lat' dir='ltr'><strong>solum</strong></span> <span class='ocrx_word' id='word_1_524' title='bbox 3125 683 3322 740; x_wconf 88' lang='lat' dir='ltr'><strong>edebat</strong></span> <span class='ocrx_word' id='word_1_525' title='bbox 3349 700 3412 742; x_wconf 89' lang='lat' dir='ltr'><strong>ac</strong></span> <span class='ocrx_word' id='word_1_526' title='bbox 3453 686 3668 744; x_wconf 87' lang='lat' dir='ltr'><strong>bibebat</strong></span> 
     </span>
    </p>
   </div>
   <div class='ocr_carea' id='block_1_67' title="bbox 2087 773 2977 846">
    <p class='ocr_par' dir='ltr' id='par_1_67' title="bbox 2087 773 2977 846">
     <span class='ocr_line' id='line_1_67' title="bbox 2087 773 2977 846; baseline 0.008 -20"><span class='ocrx_word' id='word_1_527' title='bbox 2087 782 2141 827; x_wconf 93' lang='lat' dir='ltr'><strong>et</strong></span> <span class='ocrx_word' id='word_1_528' title='bbox 2168 773 2529 843; x_wconf 84' lang='lat' dir='ltr'><strong>voluptatibus</strong></span> <span class='ocrx_word' id='word_1_529' title='bbox 2553 791 2768 846; x_wconf 86' lang='lat' dir='ltr'><strong>operam</strong></span> <span class='ocrx_word' id='word_1_530' title='bbox 2795 776 2977 836; x_wconf 82' lang='lat' dir='ltr'><strong>dabat.</strong></span> 
     </span>
    </p>
   </div>
   <div class='ocr_carea' id='block_1_68' title="bbox 2166 863 3666 941">
    <p class='ocr_par' dir='ltr' id='par_1_68' title="bbox 2166 863 3666 941">
     <span class='ocr_line' id='line_1_68' title="bbox 2166 863 3666 941; baseline 0.011 -23"><span class='ocrx_word' id='word_1_531' title='bbox 2166 865 2208 918; x_wconf 81' lang='grc' dir='ltr'>ι.</span> <span class='ocrx_word' id='word_1_532' title='bbox 2244 863 2400 920; x_wconf 87' lang='lat' dir='ltr'><strong>Tales</strong></span> <span class='ocrx_word' id='word_1_533' title='bbox 2430 882 2573 923; x_wconf 89' lang='lat' dir='ltr'><strong>nunc</strong></span> <span class='ocrx_word' id='word_1_534' title='bbox 2609 868 2772 924; x_wconf 88' lang='lat' dir='ltr'><strong>etiam</strong></span> <span class='ocrx_word' id='word_1_535' title='bbox 2814 880 2979 938; x_wconf 87' lang='lat' dir='ltr'><strong>sunt,</strong></span> <span class='ocrx_word' id='word_1_536' title='bbox 3012 871 3101 941; x_wconf 92' lang='lat' dir='ltr'><strong>qui</strong></span> <span class='ocrx_word' id='word_1_537' title='bbox 3143 870 3581 929; x_wconf 85' lang='lat' dir='ltr'><strong>immisericordta</strong></span> <span class='ocrx_word' id='word_1_538' title='bbox 3610 885 3666 934; x_wconf 72' lang='lat' dir='ltr'><strong>et</strong></span> 
     </span>
    </p>
   </div>
   <div class='ocr_carea' id='block_1_69' title="bbox 2084 953 3662 1033">
    <p class='ocr_par' dir='ltr' id='par_1_69' title="bbox 2084 953 3662 1033">
     <span class='ocr_line' id='line_1_69' title="bbox 2084 953 3662 1033; baseline 0.008 -27"><span class='ocrx_word' id='word_1_539' title='bbox 2084 953 2401 1012; x_wconf 89' lang='lat' dir='ltr'><strong>crudelitate</strong></span> <span class='ocrx_word' id='word_1_540' title='bbox 2437 956 2682 1014; x_wconf 84' lang='lat' dir='ltr'><strong>laborant</strong></span> <span class='ocrx_word' id='word_1_541' title='bbox 2715 975 2730 1014; x_wconf 86' lang='lat'><strong>:</strong></span> <span class='ocrx_word' id='word_1_542' title='bbox 2760 969 3025 1015; x_wconf 86' lang='lat' dir='ltr'><strong>mortuam</strong></span> <span class='ocrx_word' id='word_1_543' title='bbox 3053 961 3194 1015; x_wconf 89' lang='lat' dir='ltr'><strong>enim</strong></span> <span class='ocrx_word' id='word_1_544' title='bbox 3226 961 3281 1016; x_wconf 92' lang='lat' dir='ltr'><strong>hi</strong></span> <span class='ocrx_word' id='word_1_545' title='bbox 3309 977 3520 1033; x_wconf 89' lang='lat' dir='ltr'><strong>quoque</strong></span> <span class='ocrx_word' id='word_1_546' title='bbox 3546 966 3662 1020; x_wconf 85' lang='lat' dir='ltr'><strong>ani-</strong></span> 
     </span>
    </p>
   </div>
   <div class='ocr_carea' id='block_1_70' title="bbox 2083 1045 3658 1128">
    <p class='ocr_par' dir='ltr' id='par_1_70' title="bbox 2083 1045 3658 1128">
     <span class='ocr_line' id='line_1_70' title="bbox 2083 1045 3658 1128; baseline 0.011 -31"><span class='ocrx_word' id='word_1_547' title='bbox 2083 1059 2224 1099; x_wconf 91' lang='lat' dir='ltr'><strong>mam</strong></span> <span class='ocrx_word' id='word_1_548' title='bbox 2254 1045 2475 1115; x_wconf 89' lang='lat' dir='ltr'><strong>habent,</strong></span> <span class='ocrx_word' id='word_1_549' title='bbox 2504 1059 2562 1104; x_wconf 92' lang='lat' dir='ltr'><strong>ut</strong></span> <span class='ocrx_word' id='word_1_550' title='bbox 2589 1060 2644 1106; x_wconf 90' lang='lat' dir='ltr'><strong>et</strong></span> <span class='ocrx_word' id='word_1_551' title='bbox 2673 1052 2784 1108; x_wconf 91' lang='lat' dir='ltr'><strong>ille.</strong></span> <span class='ocrx_word' id='word_1_552' title='bbox 2815 1052 3108 1108; x_wconf 89' lang='lat' dir='ltr'><strong>Universus</strong></span> <span class='ocrx_word' id='word_1_553' title='bbox 3132 1055 3276 1110; x_wconf 90' lang='lat' dir='ltr'><strong>enim</strong></span> <span class='ocrx_word' id='word_1_554' title='bbox 3305 1056 3350 1110; x_wconf 88' lang='lat' dir='ltr'><strong>is</strong></span> <span class='ocrx_word' id='word_1_555' title='bbox 3376 1057 3535 1123; x_wconf 82' lang='lat' dir='ltr'><strong>calor,</strong></span> <span class='ocrx_word' id='word_1_556' title='bbox 3565 1058 3658 1128; x_wconf 90' lang='lat' dir='ltr'><strong>qui</strong></span> 
     </span>
    </p>
   </div>
   <div class='ocr_carea' id='block_1_71' title="bbox 2085 1133 3658 1220">
    <p class='ocr_par' dir='ltr' id='par_1_71' title="bbox 2085 1133 3658 1220">
     <span class='ocr_line' id='line_1_71' title="bbox 2085 1133 3658 1220; baseline 0.01 -31"><span class='ocrx_word' id='word_1_557' title='bbox 2085 1133 2154 1189; x_wconf 80' lang='lat' dir='ltr'><strong>ab</strong></span> <span class='ocrx_word' id='word_1_558' title='bbox 2173 1152 2358 1194; x_wconf 89' lang='lat' dir='ltr'><strong>amore</strong></span> <span class='ocrx_word' id='word_1_559' title='bbox 2378 1156 2501 1210; x_wconf 88' lang='lat' dir='ltr'><strong>erga</strong></span> <span class='ocrx_word' id='word_1_560' title='bbox 2525 1143 2826 1212; x_wconf 77' lang='lat' dir='ltr'><strong>proximum</strong></span> <span class='ocrx_word' id='word_1_561' title='bbox 2854 1154 3056 1214; x_wconf 90' lang='lat' dir='ltr'><strong>manat,</strong></span> <span class='ocrx_word' id='word_1_562' title='bbox 3071 1147 3382 1218; x_wconf 91' lang='lat' dir='ltr'><strong>absumptus</strong></span> <span class='ocrx_word' id='word_1_563' title='bbox 3405 1151 3658 1220; x_wconf 87' lang='lat' dir='ltr'><strong>est,ipsa-</strong></span> 
     </span>
    </p>
   </div>
   <div class='ocr_carea' id='block_1_72' title="bbox 2083 1231 3665 1311">
    <p class='ocr_par' dir='ltr' id='par_1_72' title="bbox 2083 1231 3665 1311">
     <span class='ocr_line' id='line_1_72' title="bbox 2083 1231 3665 1311; baseline 0.01 -31"><span class='ocrx_word' id='word_1_564' title='bbox 2083 1241 2189 1295; x_wconf 91' lang='lat' dir='ltr'><strong>que</strong></span> <span class='ocrx_word' id='word_1_565' title='bbox 2217 1231 2387 1298; x_wconf 89' lang='lat' dir='ltr'><strong>magis</strong></span> <span class='ocrx_word' id='word_1_566' title='bbox 2410 1248 2567 1302; x_wconf 90' lang='lat' dir='ltr'><strong>quam</strong></span> <span class='ocrx_word' id='word_1_567' title='bbox 2589 1234 2835 1291; x_wconf 85' lang='lat' dir='ltr'><strong>exanime</strong></span> <span class='ocrx_word' id='word_1_568' title='bbox 2857 1251 3050 1307; x_wconf 89' lang='lat' dir='ltr'><strong>corpus</strong></span> <span class='ocrx_word' id='word_1_569' title='bbox 3077 1248 3284 1294; x_wconf 90' lang='lat' dir='ltr'><strong>mortua</strong></span> <span class='ocrx_word' id='word_1_570' title='bbox 3310 1249 3412 1295; x_wconf 89' lang='lat' dir='ltr'><strong>est.</strong></span> <span class='ocrx_word' id='word_1_571' title='bbox 3440 1243 3508 1296; x_wconf 85' lang='lat' dir='ltr'><strong>At</strong></span> <span class='ocrx_word' id='word_1_572' title='bbox 3535 1257 3665 1311; x_wconf 80' lang='lat' dir='ltr'><strong>pau-</strong></span> 
     </span>
    </p>
   </div>
   <div class='ocr_carea' id='block_1_73' title="bbox 2086 1324 3657 1402">
    <p class='ocr_par' dir='ltr' id='par_1_73' title="bbox 2086 1324 3657 1402">
     <span class='ocr_line' id='line_1_73' title="bbox 2086 1324 3657 1402; baseline 0.01 -28"><span class='ocrx_word' id='word_1_573' title='bbox 2086 1335 2186 1391; x_wconf 87' lang='lat' dir='ltr'><strong>per</strong></span> <span class='ocrx_word' id='word_1_574' title='bbox 2229 1337 2334 1378; x_wconf 92' lang='lat' dir='ltr'><strong>non</strong></span> <span class='ocrx_word' id='word_1_575' title='bbox 2382 1324 2494 1391; x_wconf 88' lang='lat' dir='ltr'><strong>ita;</strong></span> <span class='ocrx_word' id='word_1_576' title='bbox 2537 1327 2630 1382; x_wconf 89' lang='lat' dir='ltr'><strong>sed</strong></span> <span class='ocrx_word' id='word_1_577' title='bbox 2669 1327 2722 1384; x_wconf 91' lang='lat' dir='ltr'><strong>in</strong></span> <span class='ocrx_word' id='word_1_578' title='bbox 2762 1329 2874 1400; x_wconf 90' lang='lat' dir='ltr'><strong>ipsa</strong></span> <span class='ocrx_word' id='word_1_579' title='bbox 2919 1331 3272 1402; x_wconf 79' lang='lat' dir='ltr'><strong>pliilosOpliiae</strong></span> <span class='ocrx_word' id='word_1_580' title='bbox 3316 1347 3441 1389; x_wconf 91' lang='lat' dir='ltr'><strong>arce</strong></span> <span class='ocrx_word' id='word_1_581' title='bbox 3488 1342 3657 1401; x_wconf 86' lang='lat' dir='ltr'><strong>stans,</strong></span> 
     </span>
    </p>
   </div>
   <div class='ocr_carea' id='block_1_74' title="bbox 2082 1413 3656 1493">
    <p class='ocr_par' dir='ltr' id='par_1_74' title="bbox 2082 1413 3656 1493">
     <span class='ocr_line' id='line_1_74' title="bbox 2082 1413 3656 1493; baseline 0.008 -24"><span class='ocrx_word' id='word_1_582' title='bbox 2082 1413 2327 1471; x_wconf 88' lang='lat' dir='ltr'><strong>elucebat</strong></span> <span class='ocrx_word' id='word_1_583' title='bbox 2352 1435 2365 1471; x_wconf 91' lang='lat'><strong>:</strong></span> <span class='ocrx_word' id='word_1_584' title='bbox 2395 1425 2451 1474; x_wconf 90' lang='lat' dir='ltr'><strong>et</strong></span> <span class='ocrx_word' id='word_1_585' title='bbox 2477 1421 2720 1489; x_wconf 86' lang='lat' dir='ltr'><strong>quamvis</strong></span> <span class='ocrx_word' id='word_1_586' title='bbox 2759 1433 3016 1493; x_wconf 87' lang='lat' dir='ltr'><strong>perpetua</strong></span> <span class='ocrx_word' id='word_1_587' title='bbox 3048 1423 3187 1479; x_wconf 90' lang='lat' dir='ltr'><strong>fame</strong></span> <span class='ocrx_word' id='word_1_588' title='bbox 3215 1425 3618 1482; x_wconf 80' lang='lat' dir='ltr'><strong>conflictaretur</strong></span> <span class='ocrx_word' id='word_1_589' title='bbox 3638 1469 3656 1493; x_wconf 95' lang='lat'><strong>,</strong></span> 
     </span>
    </p>
   </div>
   <div class='ocr_carea' id='block_1_75' title="bbox 2080 1511 3656 1588">
    <p class='ocr_par' dir='ltr' id='par_1_75' title="bbox 2080 1511 3656 1588">
     <span class='ocr_line' id='line_1_75' title="bbox 2080 1511 3656 1588; baseline 0.009 -27"><span class='ocrx_word' id='word_1_590' title='bbox 2080 1521 2144 1562; x_wconf 91' lang='lat' dir='ltr'><strong>ac</strong></span> <span class='ocrx_word' id='word_1_591' title='bbox 2166 1523 2232 1564; x_wconf 92' lang='lat' dir='ltr'><strong>ne</strong></span> <span class='ocrx_word' id='word_1_592' title='bbox 2255 1511 2588 1566; x_wconf 88' lang='lat' dir='ltr'><strong>necessarius</strong></span> <span class='ocrx_word' id='word_1_593' title='bbox 2609 1514 2821 1582; x_wconf 91' lang='lat' dir='ltr'><strong>quidem</strong></span> <span class='ocrx_word' id='word_1_594' title='bbox 2839 1516 2990 1571; x_wconf 90' lang='lat' dir='ltr'><strong>cibus</strong></span> <span class='ocrx_word' id='word_1_595' title='bbox 3011 1517 3110 1586; x_wconf 92' lang='lat' dir='ltr'><strong>ipsi</strong></span> <span class='ocrx_word' id='word_1_596' title='bbox 3135 1528 3462 1588; x_wconf 88' lang='lat' dir='ltr'><strong>suppeteret,</strong></span> <span class='ocrx_word' id='word_1_597' title='bbox 3482 1528 3656 1575; x_wconf 88' lang='lat' dir='ltr'><strong>tamen</strong></span> 
     </span>
    </p>
   </div>
   <div class='ocr_carea' id='block_1_76' title="bbox 2082 1603 3656 1681">
    <p class='ocr_par' dir='ltr' id='par_1_76' title="bbox 2082 1603 3656 1681">
     <span class='ocr_line' id='line_1_76' title="bbox 2082 1603 3656 1681; baseline 0.01 -26"><span class='ocrx_word' id='word_1_598' title='bbox 2082 1617 2151 1656; x_wconf 92' lang='lat' dir='ltr'><strong>ne</strong></span> <span class='ocrx_word' id='word_1_599' title='bbox 2176 1603 2254 1657; x_wconf 83' lang='lat' dir='ltr'><strong>sic</strong></span> <span class='ocrx_word' id='word_1_600' title='bbox 2282 1604 2496 1674; x_wconf 92' lang='lat' dir='ltr'><strong>quidem</strong></span> <span class='ocrx_word' id='word_1_601' title='bbox 2544 1606 2842 1677; x_wconf 87' lang='lat' dir='ltr'><strong>blasphemi</strong></span> <span class='ocrx_word' id='word_1_602' title='bbox 2871 1611 3156 1681; x_wconf 88' lang='lat' dir='ltr'><strong>quidquam</strong></span> <span class='ocrx_word' id='word_1_603' title='bbox 3202 1612 3460 1667; x_wconf 87' lang='lat' dir='ltr'><strong>adversus</strong></span> <span class='ocrx_word' id='word_1_604' title='bbox 3493 1614 3656 1670; x_wconf 91' lang='lat' dir='ltr'><strong>Deum</strong></span> 
     </span>
    </p>
   </div>
   <div class='ocr_carea' id='block_1_77' title="bbox 2079 1693 3659 1772">
    <p class='ocr_par' dir='ltr' id='par_1_77' title="bbox 2079 1693 3659 1772">
     <span class='ocr_line' id='line_1_77' title="bbox 2079 1693 3659 1772; baseline 0.01 -25"><span class='ocrx_word' id='word_1_605' title='bbox 2079 1693 2331 1763; x_wconf 89' lang='lat' dir='ltr'><strong>loquutus</strong></span> <span class='ocrx_word' id='word_1_606' title='bbox 2373 1705 2493 1762; x_wconf 91' lang='lat' dir='ltr'><strong>est,</strong></span> <span class='ocrx_word' id='word_1_607' title='bbox 2528 1699 2621 1753; x_wconf 90' lang='lat' dir='ltr'><strong>sed</strong></span> <span class='ocrx_word' id='word_1_608' title='bbox 2648 1701 2826 1754; x_wconf 89' lang='lat' dir='ltr'><strong>omnia</strong></span> <span class='ocrx_word' id='word_1_609' title='bbox 2870 1716 3132 1772; x_wconf 86' lang='lat' dir='ltr'><strong>generoso</strong></span> <span class='ocrx_word' id='word_1_610' title='bbox 3173 1705 3351 1759; x_wconf 83' lang='lat' dir='ltr'><strong>animo</strong></span> <span class='ocrx_word' id='word_1_611' title='bbox 3379 1707 3518 1760; x_wconf 90' lang='lat' dir='ltr'><strong>tulit.</strong></span> <span class='ocrx_word' id='word_1_612' title='bbox 3549 1708 3659 1763; x_wconf 89' lang='lat' dir='ltr'><strong>lloe</strong></span> 
     </span>
    </p>
   </div>
   <div class='ocr_carea' id='block_1_78' title="bbox 2082 1791 3660 1863">
    <p class='ocr_par' dir='ltr' id='par_1_78' title="bbox 2082 1791 3660 1863">
     <span class='ocr_line' id='line_1_78' title="bbox 2082 1791 3660 1863; baseline 0.01 -25"><span class='ocrx_word' id='word_1_613' title='bbox 2082 1798 2242 1853; x_wconf 91' lang='lat' dir='ltr'><strong>porro</strong></span> <span class='ocrx_word' id='word_1_614' title='bbox 2269 1801 2375 1841; x_wconf 92' lang='lat' dir='ltr'><strong>non</strong></span> <span class='ocrx_word' id='word_1_615' title='bbox 2405 1802 2625 1856; x_wconf 90' lang='lat' dir='ltr'><strong>parvum</strong></span> <span class='ocrx_word' id='word_1_616' title='bbox 2653 1791 2844 1846; x_wconf 75' lang='lat' dir='ltr'><strong>anima:</strong></span> <span class='ocrx_word' id='word_1_617' title='bbox 2871 1808 3005 1863; x_wconf 90' lang='lat' dir='ltr'><strong>opus</strong></span> <span class='ocrx_word' id='word_1_618' title='bbox 3033 1803 3134 1860; x_wconf 90' lang='lat' dir='ltr'><strong>est,</strong></span> <span class='ocrx_word' id='word_1_619' title='bbox 3163 1795 3257 1850; x_wconf 91' lang='lat' dir='ltr'><strong>sed</strong></span> <span class='ocrx_word' id='word_1_620' title='bbox 3286 1799 3576 1852; x_wconf 77' lang='lat' dir='ltr'><strong>maximum</strong></span> <span class='ocrx_word' id='word_1_621' title='bbox 3601 1807 3660 1854; x_wconf 85' lang='lat' dir='ltr'><strong>et</strong></span> 
     </span>
    </p>
   </div>
   <div class='ocr_carea' id='block_1_79' title="bbox 2079 1875 3657 1953">
    <p class='ocr_par' dir='ltr' id='par_1_79' title="bbox 2079 1875 3657 1953">
     <span class='ocr_line' id='line_1_79' title="bbox 2079 1875 3657 1953; baseline 0.011 -26"><span class='ocrx_word' id='word_1_622' title='bbox 2079 1875 2366 1931; x_wconf 84' lang='lat' dir='ltr'><strong>nervortt‘ln</strong></span> <span class='ocrx_word' id='word_1_623' title='bbox 2395 1888 2449 1932; x_wconf 90' lang='lat' dir='ltr'><strong>et</strong></span> <span class='ocrx_word' id='word_1_624' title='bbox 2475 1880 2720 1935; x_wconf 88' lang='lat' dir='ltr'><strong>sanitatis</strong></span> <span class='ocrx_word' id='word_1_625' title='bbox 2748 1894 3140 1953; x_wconf 80' lang='lat' dir='ltr'><strong>argumentum.</strong></span> <span class='ocrx_word' id='word_1_626' title='bbox 3172 1886 3302 1941; x_wconf 88' lang='lat' dir='ltr'><strong>Cum</strong></span> <span class='ocrx_word' id='word_1_627' title='bbox 3333 1897 3508 1943; x_wconf 91' lang='lat' dir='ltr'><strong>autem</strong></span> <span class='ocrx_word' id='word_1_628' title='bbox 3541 1887 3657 1944; x_wconf 78' lang='lat' dir='ltr'><strong>litee</strong></span> 
     </span>
    </p>
   </div>
   <div class='ocr_carea' id='block_1_80' title="bbox 2079 1963 3652 2046">
    <p class='ocr_par' dir='ltr' id='par_1_80' title="bbox 2079 1963 3652 2046">
     <span class='ocr_line' id='line_1_80' title="bbox 2079 1963 3652 2046; baseline 0.01 -28"><span class='ocrx_word' id='word_1_629' title='bbox 2079 1963 2488 2034; x_wconf 80' lang='lat' dir='ltr'><strong>desiderantur,</strong></span> <span class='ocrx_word' id='word_1_630' title='bbox 2523 1969 2691 2040; x_wconf 90' lang='lat' dir='ltr'><strong>liquet</strong></span> <span class='ocrx_word' id='word_1_631' title='bbox 2736 1973 2858 2028; x_wconf 89' lang='lat' dir='ltr'><strong>ideo</strong></span> <span class='ocrx_word' id='word_1_632' title='bbox 2887 1989 2946 2028; x_wconf 88' lang='lat' dir='ltr'><strong>ea</strong></span> <span class='ocrx_word' id='word_1_633' title='bbox 2979 1974 3280 2040; x_wconf 90' lang='lat' dir='ltr'><strong>interiisse,</strong></span> <span class='ocrx_word' id='word_1_634' title='bbox 3325 1979 3445 2046; x_wconf 89' lang='lat' dir='ltr'><strong>quia</strong></span> <span class='ocrx_word' id='word_1_635' title='bbox 3475 1980 3652 2033; x_wconf 83' lang='lat' dir='ltr'><strong>anima</strong></span> 
     </span>
    </p>
   </div>
   <div class='ocr_carea' id='block_1_81' title="bbox 2077 2058 3648 2124">
    <p class='ocr_par' dir='ltr' id='par_1_81' title="bbox 2077 2058 3648 2124">
     <span class='ocr_line' id='line_1_81' title="bbox 2077 2058 3648 2124; baseline 0.011 -16"><span class='ocrx_word' id='word_1_636' title='bbox 2077 2064 2286 2109; x_wconf 88' lang='lat' dir='ltr'><strong>mortua</strong></span> <span class='ocrx_word' id='word_1_637' title='bbox 2317 2058 2404 2111; x_wconf 89' lang='lat' dir='ltr'><strong>sit.</strong></span> <span class='ocrx_word' id='word_1_638' title='bbox 2433 2061 2624 2115; x_wconf 83' lang='lat' dir='ltr'><strong>Annon</strong></span> <span class='ocrx_word' id='word_1_639' title='bbox 2649 2073 2912 2118; x_wconf 89' lang='lat' dir='ltr'><strong>mortuam</strong></span> <span class='ocrx_word' id='word_1_640' title='bbox 2935 2067 3166 2120; x_wconf 89' lang='lat' dir='ltr'><strong>animam</strong></span> <span class='ocrx_word' id='word_1_641' title='bbox 3190 2067 3333 2121; x_wconf 88' lang='lat' dir='ltr'><strong>illam</strong></span> <span class='ocrx_word' id='word_1_642' title='bbox 3360 2082 3478 2124; x_wconf 72' lang='lat' dir='ltr'><strong>esse</strong></span> <span class='ocrx_word' id='word_1_643' title='bbox 3500 2069 3648 2124; x_wconf 90' lang='lat' dir='ltr'><strong>dice-</strong></span> 
     </span>
    </p>
   </div>
   <div class='ocr_carea' id='block_1_82' title="bbox 2077 2150 3654 2226">
    <p class='ocr_par' dir='ltr' id='par_1_82' title="bbox 2077 2150 3654 2226">
     <span class='ocr_line' id='line_1_82' title="bbox 2077 2150 3654 2226; baseline 0.01 -28"><span class='ocrx_word' id='word_1_644' title='bbox 2077 2161 2214 2210; x_wconf 91' lang='lat' dir='ltr'><strong>mus,</strong></span> <span class='ocrx_word' id='word_1_645' title='bbox 2243 2163 2401 2215; x_wconf 90' lang='lat' dir='ltr'><strong>quam</strong></span> <span class='ocrx_word' id='word_1_646' title='bbox 2424 2150 2627 2205; x_wconf 87' lang='lat' dir='ltr'><strong>invadit</strong></span> <span class='ocrx_word' id='word_1_647' title='bbox 2647 2152 2911 2221; x_wconf 89' lang='lat' dir='ltr'><strong>diabolus,</strong></span> <span class='ocrx_word' id='word_1_648' title='bbox 2937 2155 3158 2221; x_wconf 90' lang='lat' dir='ltr'><strong>feriens,</strong></span> <span class='ocrx_word' id='word_1_649' title='bbox 3187 2158 3482 2226; x_wconf 87' lang='lat' dir='ltr'><strong>lancinans,</strong></span> <span class='ocrx_word' id='word_1_650' title='bbox 3505 2175 3654 2213; x_wconf 88' lang='lat' dir='ltr'><strong>mor-</strong></span> 
     </span>
    </p>
   </div>
   <div class='ocr_carea' id='block_1_83' title="bbox 2075 2238 3654 2322">
    <p class='ocr_par' dir='ltr' id='par_1_83' title="bbox 2075 2238 3654 2322">
     <span class='ocr_line' id='line_1_83' title="bbox 2075 2238 3654 2322; baseline 0.009 -30"><span class='ocrx_word' id='word_1_651' title='bbox 2075 2238 2210 2294; x_wconf 90' lang='lat' dir='ltr'><strong>dens</strong></span> <span class='ocrx_word' id='word_1_652' title='bbox 2235 2281 2250 2305; x_wconf 95' lang='lat'><strong>,</strong></span> <span class='ocrx_word' id='word_1_653' title='bbox 2296 2241 2531 2298; x_wconf 91' lang='lat' dir='ltr'><strong>calcibus</strong></span> <span class='ocrx_word' id='word_1_654' title='bbox 2581 2245 2844 2314; x_wconf 87' lang='lat' dir='ltr'><strong>impetens</strong></span> <span class='ocrx_word' id='word_1_655' title='bbox 2871 2289 2885 2311; x_wconf 93' lang='lat'><strong>,</strong></span> <span class='ocrx_word' id='word_1_656' title='bbox 2916 2263 3018 2303; x_wconf 92' lang='lat' dir='ltr'><strong>nec</strong></span> <span class='ocrx_word' id='word_1_657' title='bbox 3059 2259 3234 2304; x_wconf 88' lang='lat' dir='ltr'><strong>tamen</strong></span> <span class='ocrx_word' id='word_1_658' title='bbox 3273 2266 3333 2306; x_wconf 88' lang='lat' dir='ltr'><strong>ea</strong></span> <span class='ocrx_word' id='word_1_659' title='bbox 3363 2252 3654 2322; x_wconf 89' lang='lat' dir='ltr'><strong>quidquam</strong></span> 
     </span>
    </p>
   </div>
   <div class='ocr_carea' id='block_1_84' title="bbox 2075 2332 3654 2418">
    <p class='ocr_par' dir='ltr' id='par_1_84' title="bbox 2075 2332 3654 2418">
     <span class='ocr_line' id='line_1_84' title="bbox 2075 2332 3654 2418; baseline 0.009 -32"><span class='ocrx_word' id='word_1_660' title='bbox 2075 2332 2265 2388; x_wconf 88' lang='lat' dir='ltr'><strong>horum</strong></span> <span class='ocrx_word' id='word_1_661' title='bbox 2295 2335 2496 2402; x_wconf 90' lang='lat' dir='ltr'><strong>sentit,</strong></span> <span class='ocrx_word' id='word_1_662' title='bbox 2527 2338 2620 2392; x_wconf 92' lang='lat' dir='ltr'><strong>sed</strong></span> <span class='ocrx_word' id='word_1_663' title='bbox 2650 2351 2856 2418; x_wconf 86' lang='lat' dir='ltr'><strong>mortua</strong></span> <span class='ocrx_word' id='word_1_664' title='bbox 2880 2342 3056 2410; x_wconf 87' lang='lat' dir='ltr'><strong>jacet,</strong></span> <span class='ocrx_word' id='word_1_665' title='bbox 3089 2358 3217 2408; x_wconf 90' lang='lat' dir='ltr'><strong>nec,</strong></span> <span class='ocrx_word' id='word_1_666' title='bbox 3250 2359 3369 2399; x_wconf 90' lang='lat' dir='ltr'><strong>eum</strong></span> <span class='ocrx_word' id='word_1_667' title='bbox 3399 2347 3496 2414; x_wconf 88' lang='lat' dir='ltr'><strong>ipsi</strong></span> <span class='ocrx_word' id='word_1_668' title='bbox 3522 2361 3654 2416; x_wconf 86' lang='lat' dir='ltr'><strong>opes</strong></span> 
     </span>
    </p>
   </div>
   <div class='ocr_carea' id='block_1_85' title="bbox 2075 2429 3650 2506">
    <p class='ocr_par' dir='ltr' id='par_1_85' title="bbox 2075 2429 3650 2506">
     <span class='ocr_line' id='line_1_85' title="bbox 2075 2429 3650 2506; baseline 0.008 -27"><span class='ocrx_word' id='word_1_669' title='bbox 2075 2441 2186 2481; x_wconf 74' lang='lat' dir='ltr'><strong>sua:</strong></span> <span class='ocrx_word' id='word_1_670' title='bbox 2215 2429 2521 2485; x_wconf 90' lang='lat' dir='ltr'><strong>adimuntur</strong></span> <span class='ocrx_word' id='word_1_671' title='bbox 2544 2473 2559 2498; x_wconf 95' lang='lat'><strong>,</strong></span> <span class='ocrx_word' id='word_1_672' title='bbox 2592 2431 2737 2486; x_wconf 90' lang='lat' dir='ltr'><strong>dolet</strong></span> <span class='ocrx_word' id='word_1_673' title='bbox 2769 2450 2782 2486; x_wconf 93' lang='lat'><strong>:</strong></span> <span class='ocrx_word' id='word_1_674' title='bbox 2814 2449 3001 2488; x_wconf 88' lang='lat' dir='ltr'><strong>verum</strong></span> <span class='ocrx_word' id='word_1_675' title='bbox 3032 2436 3120 2490; x_wconf 90' lang='lat' dir='ltr'><strong>ille</strong></span> <span class='ocrx_word' id='word_1_676' title='bbox 3149 2437 3362 2506; x_wconf 88' lang='lat' dir='ltr'><strong>quidem</strong></span> <span class='ocrx_word' id='word_1_677' title='bbox 3394 2437 3650 2502; x_wconf 91' lang='lat' dir='ltr'><strong>insultat,</strong></span> 
     </span>
    </p>
   </div>
   <div class='ocr_carea' id='block_1_86' title="bbox 2074 2516 3652 2596">
    <p class='ocr_par' dir='ltr' id='par_1_86' title="bbox 2074 2516 3652 2596">
     <span class='ocr_line' id='line_1_86' title="bbox 2074 2516 3652 2596; baseline 0.008 -26"><span class='ocrx_word' id='word_1_678' title='bbox 2074 2516 2188 2572; x_wconf 67' lang='lat' dir='ltr'><strong>haec</strong></span> <span class='ocrx_word' id='word_1_679' title='bbox 2213 2529 2387 2574; x_wconf 90' lang='lat' dir='ltr'><strong>autem</strong></span> <span class='ocrx_word' id='word_1_680' title='bbox 2415 2521 2702 2576; x_wconf 90' lang='lat' dir='ltr'><strong>immobilis</strong></span> <span class='ocrx_word' id='word_1_681' title='bbox 2726 2535 2925 2590; x_wconf 91' lang='lat' dir='ltr'><strong>manet,</strong></span> <span class='ocrx_word' id='word_1_682' title='bbox 2949 2534 3004 2580; x_wconf 91' lang='lat' dir='ltr'><strong>et</strong></span> <span class='ocrx_word' id='word_1_683' title='bbox 3029 2527 3195 2581; x_wconf 88' lang='lat' dir='ltr'><strong>instar</strong></span> <span class='ocrx_word' id='word_1_684' title='bbox 3215 2528 3457 2596; x_wconf 88' lang='lat' dir='ltr'><strong>corporis</strong></span> <span class='ocrx_word' id='word_1_685' title='bbox 3477 2530 3652 2583; x_wconf 87' lang='lat' dir='ltr'><strong>anima</strong></span> 
     </span>
    </p>
   </div>
   <div class='ocr_carea' id='block_1_87' title="bbox 2071 2608 3653 2673">
    <p class='ocr_par' dir='ltr' id='par_1_87' title="bbox 2071 2608 3653 2673">
     <span class='ocr_line' id='line_1_87' title="bbox 2071 2608 3653 2673; baseline 0.007 -12"><span class='ocrx_word' id='word_1_686' title='bbox 2071 2608 2244 2663; x_wconf 90' lang='lat' dir='ltr'><strong>orbati</strong></span> <span class='ocrx_word' id='word_1_687' title='bbox 2272 2609 2419 2663; x_wconf 91' lang='lat' dir='ltr'><strong>nullo</strong></span> <span class='ocrx_word' id='word_1_688' title='bbox 2447 2625 2606 2666; x_wconf 91' lang='lat' dir='ltr'><strong>sensu</strong></span> <span class='ocrx_word' id='word_1_689' title='bbox 2637 2611 2903 2668; x_wconf 84' lang='lat' dir='ltr'><strong>afficitur?</strong></span> <span class='ocrx_word' id='word_1_690' title='bbox 2927 2614 3058 2668; x_wconf 90' lang='lat' dir='ltr'><strong>Nam</strong></span> <span class='ocrx_word' id='word_1_691' title='bbox 3089 2631 3208 2670; x_wconf 89' lang='lat' dir='ltr'><strong>cum</strong></span> <span class='ocrx_word' id='word_1_692' title='bbox 3241 2616 3332 2670; x_wconf 89' lang='lat' dir='ltr'><strong>Dei</strong></span> <span class='ocrx_word' id='word_1_693' title='bbox 3363 2618 3522 2671; x_wconf 91' lang='lat' dir='ltr'><strong>timor</strong></span> <span class='ocrx_word' id='word_1_694' title='bbox 3549 2634 3653 2673; x_wconf 86' lang='lat' dir='ltr'><strong>una</strong></span> 
     </span>
    </p>
   </div>
   <div class='ocr_carea' id='block_1_88' title="bbox 2071 2703 3654 2773">
    <p class='ocr_par' dir='ltr' id='par_1_88' title="bbox 2071 2703 3654 2773">
     <span class='ocr_line' id='line_1_88' title="bbox 2071 2703 3654 2773; baseline 0.006 -19"><span class='ocrx_word' id='word_1_695' title='bbox 2071 2715 2193 2754; x_wconf 90' lang='lat' dir='ltr'><strong>cum</strong></span> <span class='ocrx_word' id='word_1_696' title='bbox 2241 2715 2367 2755; x_wconf 90' lang='lat' dir='ltr'><strong>cura</strong></span> <span class='ocrx_word' id='word_1_697' title='bbox 2409 2717 2469 2755; x_wconf 91' lang='lat' dir='ltr'><strong>ac</strong></span> <span class='ocrx_word' id='word_1_698' title='bbox 2512 2703 2780 2773; x_wconf 82' lang='lat' dir='ltr'><strong>diligentia</strong></span> <span class='ocrx_word' id='word_1_699' title='bbox 2827 2721 2932 2760; x_wconf 84' lang='lat' dir='ltr'><strong>non</strong></span> <span class='ocrx_word' id='word_1_700' title='bbox 2981 2706 3161 2772; x_wconf 86' lang='lat' dir='ltr'><strong>adest,</strong></span> <span class='ocrx_word' id='word_1_701' title='bbox 3196 2707 3353 2762; x_wconf 89' lang='lat' dir='ltr'><strong>talem</strong></span> <span class='ocrx_word' id='word_1_702' title='bbox 3388 2723 3505 2763; x_wconf 91' lang='lat' dir='ltr'><strong>eam</strong></span> <span class='ocrx_word' id='word_1_703' title='bbox 3532 2723 3654 2763; x_wconf 90' lang='lat' dir='ltr'><strong>esse</strong></span> 
     </span>
    </p>
   </div>
   <div class='ocr_carea' id='block_1_89' title="bbox 2072 2797 3650 2868">
    <p class='ocr_par' dir='ltr' id='par_1_89' title="bbox 2072 2797 3650 2868">
     <span class='ocr_line' id='line_1_89' title="bbox 2072 2797 3650 2868; baseline 0.003 -20"><span class='ocrx_word' id='word_1_704' title='bbox 2072 2810 2295 2850; x_wconf 87' lang='lat' dir='ltr'><strong>necesse</strong></span> <span class='ocrx_word' id='word_1_705' title='bbox 2320 2805 2401 2850; x_wconf 90' lang='lat' dir='ltr'><strong>est</strong></span> <span class='ocrx_word' id='word_1_706' title='bbox 2421 2838 2436 2860; x_wconf 88' lang='lat'><strong>,</strong></span> <span class='ocrx_word' id='word_1_707' title='bbox 2465 2811 2528 2851; x_wconf 89' lang='lat' dir='ltr'><strong>ac</strong></span> <span class='ocrx_word' id='word_1_708' title='bbox 2556 2798 2780 2850; x_wconf 86' lang='lat' dir='ltr'><strong>mortuis</strong></span> <span class='ocrx_word' id='word_1_709' title='bbox 2810 2798 3160 2853; x_wconf 89' lang='lat' dir='ltr'><strong>miseriorem.</strong></span> <span class='ocrx_word' id='word_1_710' title='bbox 3201 2797 3384 2868; x_wconf 86' lang='lat' dir='ltr'><strong>Neque</strong></span> <span class='ocrx_word' id='word_1_711' title='bbox 3425 2800 3566 2854; x_wconf 90' lang='lat' dir='ltr'><strong>enim</strong></span> <span class='ocrx_word' id='word_1_712' title='bbox 3597 2800 3650 2853; x_wconf 89' lang='lat' dir='ltr'><strong>in</strong></span> 
     </span>
    </p>
   </div>
   <div class='ocr_carea' id='block_1_90' title="bbox 2077 2887 3649 2959">
    <p class='ocr_par' dir='ltr' id='par_1_90' title="bbox 2077 2887 3649 2959">
     <span class='ocr_line' id='line_1_90' title="bbox 2077 2887 3649 2959; baseline 0.003 -18"><span class='ocrx_word' id='word_1_713' title='bbox 2077 2887 2281 2941; x_wconf 89' lang='lat' dir='ltr'><strong>saniem</strong></span> <span class='ocrx_word' id='word_1_714' title='bbox 2317 2897 2370 2941; x_wconf 91' lang='lat' dir='ltr'><strong>et</strong></span> <span class='ocrx_word' id='word_1_715' title='bbox 2393 2888 2626 2942; x_wconf 89' lang='lat' dir='ltr'><strong>cinerem</strong></span> <span class='ocrx_word' id='word_1_716' title='bbox 2655 2903 2717 2942; x_wconf 89' lang='lat' dir='ltr'><strong>ac</strong></span> <span class='ocrx_word' id='word_1_717' title='bbox 2743 2889 3036 2958; x_wconf 87' lang='lat' dir='ltr'><strong>pulverem,</strong></span> <span class='ocrx_word' id='word_1_718' title='bbox 3059 2890 3302 2959; x_wconf 90' lang='lat' dir='ltr'><strong>corporis</strong></span> <span class='ocrx_word' id='word_1_719' title='bbox 3329 2890 3382 2945; x_wconf 90' lang='lat' dir='ltr'><strong>in</strong></span> <span class='ocrx_word' id='word_1_720' title='bbox 3410 2891 3649 2954; x_wconf 89' lang='lat' dir='ltr'><strong>modum.</strong></span> 
     </span>
    </p>
   </div>
   <div class='ocr_carea' id='block_1_91' title="bbox 2072 2977 3651 3048">
    <p class='ocr_par' dir='ltr' id='par_1_91' title="bbox 2072 2977 3651 3048">
     <span class='ocr_line' id='line_1_91' title="bbox 2072 2977 3651 3048; baseline 0.004 -20"><span class='ocrx_word' id='word_1_721' title='bbox 2072 2977 2245 3030; x_wconf 90' lang='lat' dir='ltr'><strong>anima</strong></span> <span class='ocrx_word' id='word_1_722' title='bbox 2269 2977 2539 3043; x_wconf 87' lang='lat' dir='ltr'><strong>dilabitur,</strong></span> <span class='ocrx_word' id='word_1_723' title='bbox 2566 2977 2660 3032; x_wconf 87' lang='lat' dir='ltr'><strong>sed</strong></span> <span class='ocrx_word' id='word_1_724' title='bbox 2686 2978 2737 3032; x_wconf 92' lang='lat' dir='ltr'><strong>in</strong></span> <span class='ocrx_word' id='word_1_725' title='bbox 2764 2993 2847 3043; x_wconf 90' lang='lat' dir='ltr'><strong>ea,</strong></span> <span class='ocrx_word' id='word_1_726' title='bbox 2874 2994 2992 3048; x_wconf 77' lang='lat' dir='ltr'><strong>qua:</strong></span> <span class='ocrx_word' id='word_1_727' title='bbox 3017 2979 3100 3034; x_wconf 91' lang='lat' dir='ltr'><strong>his</strong></span> <span class='ocrx_word' id='word_1_728' title='bbox 3126 2979 3388 3034; x_wconf 75' lang='lat' dir='ltr'><strong>ftetidiora</strong></span> <span class='ocrx_word' id='word_1_729' title='bbox 3419 2991 3562 3046; x_wconf 92' lang='lat' dir='ltr'><strong>sunt,</strong></span> <span class='ocrx_word' id='word_1_730' title='bbox 3597 2982 3651 3035; x_wconf 91' lang='lat' dir='ltr'><strong>in</strong></span> 
     </span>
    </p>
   </div>
   <div class='ocr_carea' id='block_1_92' title="bbox 2071 3068 3652 3136">
    <p class='ocr_par' dir='ltr' id='par_1_92' title="bbox 2071 3068 3652 3136">
     <span class='ocr_line' id='line_1_92' title="bbox 2071 3068 3652 3136; baseline 0.003 -13"><span class='ocrx_word' id='word_1_731' title='bbox 2071 3068 2385 3124; x_wconf 83' lang='lat' dir='ltr'><strong>ebrietatem</strong></span> <span class='ocrx_word' id='word_1_732' title='bbox 2407 3112 2421 3136; x_wconf 90' lang='lat'><strong>,</strong></span> <span class='ocrx_word' id='word_1_733' title='bbox 2451 3069 2502 3124; x_wconf 92' lang='lat' dir='ltr'><strong>in</strong></span> <span class='ocrx_word' id='word_1_734' title='bbox 2532 3070 2807 3124; x_wconf 85' lang='lat' dir='ltr'><strong>avaritiam</strong></span> <span class='ocrx_word' id='word_1_735' title='bbox 2833 3112 2846 3132; x_wconf 89' lang='lat'><strong>,</strong></span> <span class='ocrx_word' id='word_1_736' title='bbox 2882 3070 2934 3124; x_wconf 91' lang='lat' dir='ltr'><strong>in</strong></span> <span class='ocrx_word' id='word_1_737' title='bbox 2962 3071 3223 3128; x_wconf 90' lang='lat' dir='ltr'><strong>absurdos</strong></span> <span class='ocrx_word' id='word_1_738' title='bbox 3249 3089 3462 3128; x_wconf 88' lang='lat' dir='ltr'><strong>amores</strong></span> <span class='ocrx_word' id='word_1_739' title='bbox 3489 3082 3544 3129; x_wconf 89' lang='lat' dir='ltr'><strong>et</strong></span> <span class='ocrx_word' id='word_1_740' title='bbox 3572 3074 3652 3128; x_wconf 87' lang='lat' dir='ltr'><strong>in-</strong></span> 
     </span>
    </p>
   </div>
   <div class='ocr_carea' id='block_1_93' title="bbox 2074 3160 3650 3233">
    <p class='ocr_par' dir='ltr' id='par_1_93' title="bbox 2074 3160 3650 3233">
     <span class='ocr_line' id='line_1_93' title="bbox 2074 3160 3650 3233; baseline 0.005 -21"><span class='ocrx_word' id='word_1_741' title='bbox 2074 3161 2419 3229; x_wconf 83' lang='lat' dir='ltr'><strong>tempestivas</strong></span> <span class='ocrx_word' id='word_1_742' title='bbox 2445 3161 2783 3230; x_wconf 87' lang='lat' dir='ltr'><strong>cupiditates.</strong></span> <span class='ocrx_word' id='word_1_743' title='bbox 2815 3160 2966 3226; x_wconf 81' lang='lat' dir='ltr'><strong>Quod</strong></span> <span class='ocrx_word' id='word_1_744' title='bbox 2998 3163 3041 3216; x_wconf 91' lang='lat' dir='ltr'><strong>si</strong></span> <span class='ocrx_word' id='word_1_745' title='bbox 3075 3164 3240 3233; x_wconf 88' lang='lat' dir='ltr'><strong>ipsius</strong></span> <span class='ocrx_word' id='word_1_746' title='bbox 3265 3165 3509 3220; x_wconf 58' lang='lat' dir='ltr'><strong>faetorem</strong></span> <span class='ocrx_word' id='word_1_747' title='bbox 3536 3181 3650 3221; x_wconf 86' lang='lat' dir='ltr'><strong>cer-</strong></span> 
     </span>
    </p>
   </div>
   <div class='ocr_carea' id='block_1_94' title="bbox 2075 3251 3652 3322">
    <p class='ocr_par' dir='ltr' id='par_1_94' title="bbox 2075 3251 3652 3322">
     <span class='ocr_line' id='line_1_94' title="bbox 2075 3251 3652 3322; baseline 0.003 -16"><span class='ocrx_word' id='word_1_748' title='bbox 2075 3252 2179 3306; x_wconf 89' lang='lat' dir='ltr'><strong>tius</strong></span> <span class='ocrx_word' id='word_1_749' title='bbox 2209 3253 2400 3307; x_wconf 89' lang='lat' dir='ltr'><strong>intueri</strong></span> <span class='ocrx_word' id='word_1_750' title='bbox 2428 3253 2579 3322; x_wconf 91' lang='lat' dir='ltr'><strong>cupis</strong></span> <span class='ocrx_word' id='word_1_751' title='bbox 2603 3295 2617 3318; x_wconf 89' lang='lat'><strong>,</strong></span> <span class='ocrx_word' id='word_1_752' title='bbox 2659 3253 2725 3306; x_wconf 91' lang='lat' dir='ltr'><strong>da</strong></span> <span class='ocrx_word' id='word_1_753' title='bbox 2755 3251 2882 3306; x_wconf 90' lang='lat' dir='ltr'><strong>mihi</strong></span> <span class='ocrx_word' id='word_1_754' title='bbox 2917 3268 3100 3322; x_wconf 88' lang='lat' dir='ltr'><strong>puram</strong></span> <span class='ocrx_word' id='word_1_755' title='bbox 3144 3256 3377 3310; x_wconf 88' lang='lat' dir='ltr'><strong>animam</strong></span> <span class='ocrx_word' id='word_1_756' title='bbox 3403 3298 3418 3322; x_wconf 93' lang='lat'><strong>,</strong></span> <span class='ocrx_word' id='word_1_757' title='bbox 3449 3271 3513 3311; x_wconf 90' lang='lat' dir='ltr'><strong>ac</strong></span> <span class='ocrx_word' id='word_1_758' title='bbox 3541 3267 3652 3311; x_wconf 87' lang='lat' dir='ltr'><strong>tntn</strong></span> 
     </span>
    </p>
   </div>
   <div class='ocr_carea' id='block_1_95' title="bbox 2073 3343 3650 3416">
    <p class='ocr_par' dir='ltr' id='par_1_95' title="bbox 2073 3343 3650 3416">
     <span class='ocr_line' id='line_1_95' title="bbox 2073 3343 3650 3416; baseline 0.001 -19"><span class='ocrx_word' id='word_1_759' title='bbox 2073 3343 2351 3413; x_wconf 63' lang='lat' dir='ltr'><strong>perstiicue</strong></span> <span class='ocrx_word' id='word_1_760' title='bbox 2372 3357 2561 3397; x_wconf 86' lang='lat' dir='ltr'><strong>cernes</strong></span> <span class='ocrx_word' id='word_1_761' title='bbox 2583 3358 2740 3414; x_wconf 90' lang='lat' dir='ltr'><strong>quam</strong></span> <span class='ocrx_word' id='word_1_762' title='bbox 2771 3343 2950 3398; x_wconf 77' lang='lat' dir='ltr'><strong>fmtida</strong></span> <span class='ocrx_word' id='word_1_763' title='bbox 2971 3343 3040 3398; x_wconf 91' lang='lat' dir='ltr'><strong>sit</strong></span> <span class='ocrx_word' id='word_1_764' title='bbox 3061 3346 3227 3414; x_wconf 91' lang='lat' dir='ltr'><strong>turpis</strong></span> <span class='ocrx_word' id='word_1_765' title='bbox 3244 3345 3331 3399; x_wconf 88' lang='lat' dir='ltr'><strong>illa</strong></span> <span class='ocrx_word' id='word_1_766' title='bbox 3353 3356 3407 3401; x_wconf 93' lang='lat' dir='ltr'><strong>et</strong></span> <span class='ocrx_word' id='word_1_767' title='bbox 3423 3346 3490 3400; x_wconf 90' lang='lat' dir='ltr'><strong>im</strong></span> <span class='ocrx_word' id='word_1_768' title='bbox 3499 3362 3650 3416; x_wconf 90' lang='lat' dir='ltr'><strong>pura.</strong></span> 
     </span>
    </p>
   </div>
   <div class='ocr_carea' id='block_1_96' title="bbox 2069 3434 3653 3508">
    <p class='ocr_par' dir='ltr' id='par_1_96' title="bbox 2069 3434 3653 3508">
     <span class='ocr_line' id='line_1_96' title="bbox 2069 3434 3653 3508; baseline 0.003 -20"><span class='ocrx_word' id='word_1_769' title='bbox 2069 3435 2221 3488; x_wconf 88' lang='lat' dir='ltr'><strong>Nunc</strong></span> <span class='ocrx_word' id='word_1_770' title='bbox 2249 3435 2388 3488; x_wconf 90' lang='lat' dir='ltr'><strong>enim</strong></span> <span class='ocrx_word' id='word_1_771' title='bbox 2418 3434 2466 3487; x_wconf 92' lang='lat' dir='ltr'><strong>id</strong></span> <span class='ocrx_word' id='word_1_772' title='bbox 2487 3435 2704 3489; x_wconf 91' lang='lat' dir='ltr'><strong>minime</strong></span> <span class='ocrx_word' id='word_1_773' title='bbox 2725 3435 3036 3504; x_wconf 82' lang='lat' dir='ltr'><strong>perSpicere</strong></span> <span class='ocrx_word' id='word_1_774' title='bbox 3058 3436 3289 3505; x_wconf 87' lang='lat' dir='ltr'><strong>poteris;</strong></span> <span class='ocrx_word' id='word_1_775' title='bbox 3319 3453 3439 3492; x_wconf 92' lang='lat' dir='ltr'><strong>nam</strong></span> <span class='ocrx_word' id='word_1_776' title='bbox 3461 3453 3653 3508; x_wconf 84' lang='lat' dir='ltr'><strong>quam-</strong></span> 
     </span>
    </p>
   </div>
   <div class='ocr_carea' id='block_1_97' title="bbox 2070 3526 3649 3592">
    <p class='ocr_par' dir='ltr' id='par_1_97' title="bbox 2070 3526 3649 3592">
     <span class='ocr_line' id='line_1_97' title="bbox 2070 3526 3649 3592; baseline 0.002 -12"><span class='ocrx_word' id='word_1_777' title='bbox 2070 3527 2160 3580; x_wconf 90' lang='lat' dir='ltr'><strong>diu</strong></span> <span class='ocrx_word' id='word_1_778' title='bbox 2202 3526 2376 3582; x_wconf 70' lang='lat' dir='ltr'><strong>fmtori</strong></span> <span class='ocrx_word' id='word_1_779' title='bbox 2408 3529 2607 3581; x_wconf 86' lang='lat' dir='ltr'><strong>assueti</strong></span> <span class='ocrx_word' id='word_1_780' title='bbox 2636 3542 2821 3581; x_wconf 87' lang='lat' dir='ltr'><strong>sumus</strong></span> <span class='ocrx_word' id='word_1_781' title='bbox 2842 3569 2857 3592; x_wconf 94' lang='lat'><strong>,</strong></span> <span class='ocrx_word' id='word_1_782' title='bbox 2910 3527 2960 3581; x_wconf 90' lang='lat' dir='ltr'><strong>id</strong></span> <span class='ocrx_word' id='word_1_783' title='bbox 2994 3543 3100 3582; x_wconf 86' lang='lat' dir='ltr'><strong>non</strong></span> <span class='ocrx_word' id='word_1_784' title='bbox 3127 3529 3388 3584; x_wconf 89' lang='lat' dir='ltr'><strong>sentimus</strong></span> <span class='ocrx_word' id='word_1_785' title='bbox 3417 3547 3429 3584; x_wconf 92' lang='lat'><strong>:</strong></span> <span class='ocrx_word' id='word_1_786' title='bbox 3454 3541 3507 3584; x_wconf 92' lang='lat' dir='ltr'><strong>at</strong></span> <span class='ocrx_word' id='word_1_787' title='bbox 3529 3546 3649 3584; x_wconf 91' lang='lat' dir='ltr'><strong>cum</strong></span> 
     </span>
    </p>
   </div>
   <div class='ocr_carea' id='block_1_98' title="bbox 2071 3621 3651 3690">
    <p class='ocr_par' dir='ltr' id='par_1_98' title="bbox 2071 3621 3651 3690">
     <span class='ocr_line' id='line_1_98' title="bbox 2071 3621 3651 3690; baseline 0.001 -16"><span class='ocrx_word' id='word_1_788' title='bbox 2071 3622 2434 3690; x_wconf 84' lang='lat' dir='ltr'><strong>spiritualibus</strong></span> <span class='ocrx_word' id='word_1_789' title='bbox 2477 3621 2816 3675; x_wconf 84' lang='lat' dir='ltr'><strong>sermonibus</strong></span> <span class='ocrx_word' id='word_1_790' title='bbox 2856 3621 3048 3675; x_wconf 91' lang='lat' dir='ltr'><strong>alimur</strong></span> <span class='ocrx_word' id='word_1_791' title='bbox 3071 3661 3086 3685; x_wconf 94' lang='lat'><strong>,</strong></span> <span class='ocrx_word' id='word_1_792' title='bbox 3135 3630 3262 3676; x_wconf 91' lang='lat' dir='ltr'><strong>tunc</strong></span> <span class='ocrx_word' id='word_1_793' title='bbox 3294 3623 3490 3677; x_wconf 90' lang='lat' dir='ltr'><strong>malum</strong></span> <span class='ocrx_word' id='word_1_794' title='bbox 3521 3622 3651 3676; x_wconf 90' lang='lat' dir='ltr'><strong>illud</strong></span> 
     </span>
    </p>
   </div>
   <div class='ocr_carea' id='block_1_99' title="bbox 2071 3710 3650 3782">
    <p class='ocr_par' dir='ltr' id='par_1_99' title="bbox 2071 3710 3650 3782">
     <span class='ocr_line' id='line_1_99' title="bbox 2071 3710 3650 3782; baseline 0 -18"><span class='ocrx_word' id='word_1_795' title='bbox 2071 3713 2408 3782; x_wconf 84' lang='lat' dir='ltr'><strong>agnoscimus</strong></span> <span class='ocrx_word' id='word_1_796' title='bbox 2429 3757 2443 3779; x_wconf 84' lang='lat'><strong>,</strong></span> <span class='ocrx_word' id='word_1_797' title='bbox 2468 3712 2680 3766; x_wconf 85' lang='lat' dir='ltr'><strong>etiamsi</strong></span> <span class='ocrx_word' id='word_1_798' title='bbox 2705 3711 2982 3781; x_wconf 89' lang='lat' dir='ltr'><strong>permultis</strong></span> <span class='ocrx_word' id='word_1_799' title='bbox 3005 3710 3311 3767; x_wconf 73' lang='lat' dir='ltr'><strong>indifferens</strong></span> <span class='ocrx_word' id='word_1_800' title='bbox 3332 3727 3449 3766; x_wconf 85' lang='lat' dir='ltr'><strong>esse</strong></span> <span class='ocrx_word' id='word_1_801' title='bbox 3473 3712 3650 3767; x_wconf 83' lang='lat' dir='ltr'><strong>videa-</strong></span> 
     </span>
    </p>
   </div>
   <div class='ocr_carea' id='block_1_100' title="bbox 2073 3803 3647 3874">
    <p class='ocr_par' dir='ltr' id='par_1_100' title="bbox 2073 3803 3647 3874">
     <span class='ocr_line' id='line_1_100' title="bbox 2073 3803 3647 3874; baseline -0.002 -16"><span class='ocrx_word' id='word_1_802' title='bbox 2073 3813 2180 3859; x_wconf 90' lang='lat' dir='ltr'><strong>tur.</strong></span> <span class='ocrx_word' id='word_1_803' title='bbox 2215 3807 2290 3859; x_wconf 86' lang='lat' dir='ltr'><strong>Ac</strong></span> <span class='ocrx_word' id='word_1_804' title='bbox 2329 3805 2397 3859; x_wconf 91' lang='lat' dir='ltr'><strong>de</strong></span> <span class='ocrx_word' id='word_1_805' title='bbox 2439 3805 2681 3874; x_wconf 84' lang='lat' dir='ltr'><strong>geltenna</strong></span> <span class='ocrx_word' id='word_1_806' title='bbox 2732 3803 2965 3857; x_wconf 88' lang='lat' dir='ltr'><strong>nondum</strong></span> <span class='ocrx_word' id='word_1_807' title='bbox 3017 3805 3238 3874; x_wconf 90' lang='lat' dir='ltr'><strong>loquor;</strong></span> <span class='ocrx_word' id='word_1_808' title='bbox 3277 3805 3369 3858; x_wconf 90' lang='lat' dir='ltr'><strong>sed</strong></span> <span class='ocrx_word' id='word_1_809' title='bbox 3409 3803 3455 3858; x_wconf 92' lang='lat' dir='ltr'><strong>si</strong></span> <span class='ocrx_word' id='word_1_810' title='bbox 3503 3803 3647 3856; x_wconf 88' lang='lat' dir='ltr'><strong>lubet</strong></span> 
     </span>
    </p>
   </div>
   <div class='ocr_carea' id='block_1_101' title="bbox 2073 3893 3641 3965">
    <p class='ocr_par' dir='ltr' id='par_1_101' title="bbox 2073 3893 3641 3965">
     <span class='ocr_line' id='line_1_101' title="bbox 2073 3893 3641 3965; baseline -0.003 -16"><span class='ocrx_word' id='word_1_811' title='bbox 2073 3895 2351 3965; x_wconf 74' lang='lat' dir='ltr'><strong>prmsentia</strong></span> <span class='ocrx_word' id='word_1_812' title='bbox 2375 3893 2760 3964; x_wconf 83' lang='lat' dir='ltr'><strong>expendamus,</strong></span> <span class='ocrx_word' id='word_1_813' title='bbox 2785 3908 2886 3949; x_wconf 87' lang='lat' dir='ltr'><strong>nec</strong></span> <span class='ocrx_word' id='word_1_814' title='bbox 2907 3909 3027 3948; x_wconf 92' lang='lat' dir='ltr'><strong>eum</strong></span> <span class='ocrx_word' id='word_1_815' title='bbox 3053 3895 3142 3964; x_wconf 90' lang='lat' dir='ltr'><strong>qui</strong></span> <span class='ocrx_word' id='word_1_816' title='bbox 3167 3894 3331 3963; x_wconf 89' lang='lat' dir='ltr'><strong>turpia</strong></span> <span class='ocrx_word' id='word_1_817' title='bbox 3353 3901 3641 3961; x_wconf 87' lang='lat' dir='ltr'><strong>perpetrat,</strong></span> 
     </span>
    </p>
   </div>
   <div class='ocr_carea' id='block_1_102' title="bbox 2073 3983 3644 4053">
    <p class='ocr_par' dir='ltr' id='par_1_102' title="bbox 2073 3983 3644 4053">
     <span class='ocr_line' id='line_1_102' title="bbox 2073 3983 3644 4053; baseline -0.006 -11"><span class='ocrx_word' id='word_1_818' title='bbox 2073 3987 2166 4042; x_wconf 87' lang='lat' dir='ltr'><strong>sed</strong></span> <span class='ocrx_word' id='word_1_819' title='bbox 2211 4001 2331 4040; x_wconf 89' lang='lat' dir='ltr'><strong>eum</strong></span> <span class='ocrx_word' id='word_1_820' title='bbox 2377 3986 2468 4052; x_wconf 91' lang='lat' dir='ltr'><strong>qui</strong></span> <span class='ocrx_word' id='word_1_821' title='bbox 2514 3985 2683 4053; x_wconf 87' lang='lat' dir='ltr'><strong>turpia</strong></span> <span class='ocrx_word' id='word_1_822' title='bbox 2730 3984 2996 4052; x_wconf 87' lang='lat' dir='ltr'><strong>loquitur,</strong></span> <span class='ocrx_word' id='word_1_823' title='bbox 3026 3983 3455 4046; x_wconf 89' lang='lat' dir='ltr'><strong>consideremus,</strong></span> <span class='ocrx_word' id='word_1_824' title='bbox 3485 3996 3644 4052; x_wconf 90' lang='lat' dir='ltr'><strong>quam</strong></span> 
     </span>
    </p>
   </div>
   <div class='ocr_carea' id='block_1_103' title="bbox 2073 4071 3652 4144">
    <p class='ocr_par' dir='ltr' id='par_1_103' title="bbox 2073 4071 3652 4144">
     <span class='ocr_line' id='line_1_103' title="bbox 2073 4071 3652 4144; baseline -0.004 -13"><span class='ocrx_word' id='word_1_825' title='bbox 2073 4077 2333 4131; x_wconf 87' lang='lat' dir='ltr'><strong>ridiculus</strong></span> <span class='ocrx_word' id='word_1_826' title='bbox 2361 4076 2452 4141; x_wconf 91' lang='lat' dir='ltr'><strong>sit,</strong></span> <span class='ocrx_word' id='word_1_827' title='bbox 2484 4090 2752 4144; x_wconf 86' lang='lat' dir='ltr'><strong>quantque</strong></span> <span class='ocrx_word' id='word_1_828' title='bbox 2781 4089 2900 4130; x_wconf 87' lang='lat' dir='ltr'><strong>sese</strong></span> <span class='ocrx_word' id='word_1_829' title='bbox 2927 4073 3159 4144; x_wconf 89' lang='lat' dir='ltr'><strong>pritnum</strong></span> <span class='ocrx_word' id='word_1_830' title='bbox 3187 4073 3504 4128; x_wconf 90' lang='lat' dir='ltr'><strong>contumelia</strong></span> <span class='ocrx_word' id='word_1_831' title='bbox 3534 4071 3652 4126; x_wconf 83' lang='lat' dir='ltr'><strong>alli-</strong></span> 
     </span>
    </p>
   </div>
   <div class='ocr_carea' id='block_1_104' title="bbox 2073 4163 3654 4236">
    <p class='ocr_par' dir='ltr' id='par_1_104' title="bbox 2073 4163 3654 4236">
     <span class='ocr_line' id='line_1_104' title="bbox 2073 4163 3654 4236; baseline -0.003 -14"><span class='ocrx_word' id='word_1_832' title='bbox 2073 4167 2198 4233; x_wconf 87' lang='lat' dir='ltr'><strong>ciat,</strong></span> <span class='ocrx_word' id='word_1_833' title='bbox 2229 4176 2410 4235; x_wconf 90' lang='lat' dir='ltr'><strong>atque,</strong></span> <span class='ocrx_word' id='word_1_834' title='bbox 2443 4175 2501 4219; x_wconf 91' lang='lat' dir='ltr'><strong>ut</strong></span> <span class='ocrx_word' id='word_1_835' title='bbox 2526 4165 2615 4236; x_wconf 87' lang='lat' dir='ltr'><strong>qtti</strong></span> <span class='ocrx_word' id='word_1_836' title='bbox 2643 4179 2854 4221; x_wconf 77' lang='lat' dir='ltr'><strong>cmnum</strong></span> <span class='ocrx_word' id='word_1_837' title='bbox 2881 4164 3095 4234; x_wconf 91' lang='lat' dir='ltr'><strong>aliquod</strong></span> <span class='ocrx_word' id='word_1_838' title='bbox 3120 4180 3184 4219; x_wconf 80' lang='lat' dir='ltr'><strong>ex</strong></span> <span class='ocrx_word' id='word_1_839' title='bbox 3212 4180 3306 4219; x_wconf 91' lang='lat' dir='ltr'><strong>ore</strong></span> <span class='ocrx_word' id='word_1_840' title='bbox 3334 4165 3548 4228; x_wconf 88' lang='lat' dir='ltr'><strong>emittit,</strong></span> <span class='ocrx_word' id='word_1_841' title='bbox 3575 4163 3654 4218; x_wconf 91' lang='lat' dir='ltr'><strong>sic</strong></span> 
     </span>
    </p>
   </div>
   <div class='ocr_carea' id='block_1_105' title="bbox 2074 4255 3652 4327">
    <p class='ocr_par' dir='ltr' id='par_1_105' title="bbox 2074 4255 3652 4327">
     <span class='ocr_line' id='line_1_105' title="bbox 2074 4255 3652 4327; baseline -0.004 -15"><span class='ocrx_word' id='word_1_842' title='bbox 2074 4273 2135 4313; x_wconf 92' lang='lat' dir='ltr'><strong>se</strong></span> <span class='ocrx_word' id='word_1_843' title='bbox 2174 4258 2285 4327; x_wconf 89' lang='lat' dir='ltr'><strong>ipse</strong></span> <span class='ocrx_word' id='word_1_844' title='bbox 2313 4257 2660 4311; x_wconf 89' lang='lat' dir='ltr'><strong>contaminet.</strong></span> <span class='ocrx_word' id='word_1_845' title='bbox 2690 4256 2902 4310; x_wconf 87' lang='lat' dir='ltr'><strong>Etenim</strong></span> <span class='ocrx_word' id='word_1_846' title='bbox 2933 4256 2976 4310; x_wconf 91' lang='lat' dir='ltr'><strong>si</strong></span> <span class='ocrx_word' id='word_1_847' title='bbox 3006 4255 3168 4310; x_wconf 78' lang='lat' dir='ltr'><strong>lluxio</strong></span> <span class='ocrx_word' id='word_1_848' title='bbox 3195 4269 3364 4325; x_wconf 89' lang='lat' dir='ltr'><strong>usque</strong></span> <span class='ocrx_word' id='word_1_849' title='bbox 3390 4255 3524 4309; x_wconf 88' lang='lat' dir='ltr'><strong>adeo</strong></span> <span class='ocrx_word' id='word_1_850' title='bbox 3552 4255 3652 4307; x_wconf 87' lang='lat' dir='ltr'><strong>im-</strong></span> 
     </span>
    </p>
   </div>
   <div class='ocr_carea' id='block_1_106' title="bbox 2077 4344 3656 4419">
    <p class='ocr_par' dir='ltr' id='par_1_106' title="bbox 2077 4344 3656 4419">
     <span class='ocr_line' id='line_1_106' title="bbox 2077 4344 3656 4419; baseline -0.005 -16"><span class='ocrx_word' id='word_1_851' title='bbox 2077 4365 2208 4419; x_wconf 89' lang='lat' dir='ltr'><strong>pnra</strong></span> <span class='ocrx_word' id='word_1_852' title='bbox 2237 4359 2339 4413; x_wconf 90' lang='lat' dir='ltr'><strong>est,</strong></span> <span class='ocrx_word' id='word_1_853' title='bbox 2365 4348 2559 4417; x_wconf 85' lang='lat' dir='ltr'><strong>cogita,</strong></span> <span class='ocrx_word' id='word_1_854' title='bbox 2591 4360 2774 4417; x_wconf 78' lang='lat' dir='ltr'><strong>quaeso</strong></span> <span class='ocrx_word' id='word_1_855' title='bbox 2793 4387 2809 4412; x_wconf 94' lang='lat'><strong>,</strong></span> <span class='ocrx_word' id='word_1_856' title='bbox 2837 4346 3011 4416; x_wconf 90' lang='lat' dir='ltr'><strong>qualis</strong></span> <span class='ocrx_word' id='word_1_857' title='bbox 3041 4345 3197 4414; x_wconf 89' lang='lat' dir='ltr'><strong>hujus</strong></span> <span class='ocrx_word' id='word_1_858' title='bbox 3221 4345 3361 4399; x_wconf 66' lang='lat' dir='ltr'><strong>caeni</strong></span> <span class='ocrx_word' id='word_1_859' title='bbox 3389 4344 3656 4412; x_wconf 87' lang='lat' dir='ltr'><strong>scaturigo</strong></span> 
     </span>
    </p>
   </div>
   <div class='ocr_carea' id='block_1_107' title="bbox 2077 4435 3652 4506">
    <p class='ocr_par' dir='ltr' id='par_1_107' title="bbox 2077 4435 3652 4506">
     <span class='ocr_line' id='line_1_107' title="bbox 2077 4435 3652 4506; baseline -0.004 -11"><span class='ocrx_word' id='word_1_860' title='bbox 2077 4442 2145 4495; x_wconf 90' lang='lat' dir='ltr'><strong>sit</strong></span> <span class='ocrx_word' id='word_1_861' title='bbox 2170 4458 2182 4494; x_wconf 91' lang='lat'><strong>:</strong></span> <span class='ocrx_word' id='word_1_862' title='bbox 2210 4440 2292 4495; x_wconf 84' lang='lat' dir='ltr'><strong>Ea:</strong></span> <span class='ocrx_word' id='word_1_863' title='bbox 2311 4440 2624 4494; x_wconf 84' lang='lat' dir='ltr'><strong>abundantia</strong></span> <span class='ocrx_word' id='word_1_864' title='bbox 2645 4441 2777 4492; x_wconf 86' lang='lat' dir='ltr'><strong>enim</strong></span> <span class='ocrx_word' id='word_1_865' title='bbox 2804 4439 2972 4494; x_wconf 76' lang='lat' dir='ltr'><strong>cordis</strong></span> <span class='ocrx_word' id='word_1_866' title='bbox 2999 4455 3054 4492; x_wconf 80' lang='lat' dir='ltr'><strong>os</strong></span> <span class='ocrx_word' id='word_1_867' title='bbox 3080 4437 3298 4506; x_wconf 81' lang='lat' dir='ltr'><strong>loquitur</strong></span> <span class='ocrx_word' id='word_1_868' title='bbox 3328 4435 3542 4506; x_wconf 79' lang='lat' dir='ltr'><strong>(Matth.</strong></span> <span class='ocrx_word' id='word_1_869' title='bbox 3567 4436 3652 4491; x_wconf 69' lang='grc'><strong>12.</strong></span> 
     </span>
    </p>
   </div>
   <div class='ocr_carea' id='block_1_108' title="bbox 2076 4525 3657 4602">
    <p class='ocr_par' dir='ltr' id='par_1_108' title="bbox 2076 4525 3657 4602">
     <span class='ocr_line' id='line_1_108' title="bbox 2076 4525 3657 4602; baseline -0.004 -15"><span class='ocrx_word' id='word_1_870' title='bbox 2076 4532 2189 4602; x_wconf 65' lang='lat' dir='ltr'><strong>5t).</strong></span> <span class='ocrx_word' id='word_1_871' title='bbox 2220 4532 2332 4601; x_wconf 78' lang='lat' dir='ltr'><strong>Ego</strong></span> <span class='ocrx_word' id='word_1_872' title='bbox 2359 4547 2487 4586; x_wconf 85' lang='lat' dir='ltr'><strong>vero</strong></span> <span class='ocrx_word' id='word_1_873' title='bbox 2530 4545 2634 4585; x_wconf 90' lang='lat' dir='ltr'><strong>non</strong></span> <span class='ocrx_word' id='word_1_874' title='bbox 2680 4530 2781 4584; x_wconf 87' lang='lat' dir='ltr'><strong>hoc</strong></span> <span class='ocrx_word' id='word_1_875' title='bbox 2825 4538 3027 4584; x_wconf 91' lang='lat' dir='ltr'><strong>tantum</strong></span> <span class='ocrx_word' id='word_1_876' title='bbox 3073 4527 3288 4583; x_wconf 90' lang='lat' dir='ltr'><strong>nomine</strong></span> <span class='ocrx_word' id='word_1_877' title='bbox 3336 4525 3526 4597; x_wconf 88' lang='lat' dir='ltr'><strong>lugeo,</strong></span> <span class='ocrx_word' id='word_1_878' title='bbox 3561 4527 3657 4582; x_wconf 86' lang='lat' dir='ltr'><strong>sed</strong></span> 
     </span>
    </p>
   </div>
   <div class='ocr_carea' id='block_1_109' title="bbox 2077 4617 3654 4692">
    <p class='ocr_par' dir='ltr' id='par_1_109' title="bbox 2077 4617 3654 4692">
     <span class='ocr_line' id='line_1_109' title="bbox 2077 4617 3654 4692; baseline -0.004 -16"><span class='ocrx_word' id='word_1_879' title='bbox 2077 4623 2218 4692; x_wconf 90' lang='lat' dir='ltr'><strong>quod</strong></span> <span class='ocrx_word' id='word_1_880' title='bbox 2246 4623 2384 4692; x_wconf 90' lang='lat' dir='ltr'><strong>apud</strong></span> <span class='ocrx_word' id='word_1_881' title='bbox 2415 4621 2701 4675; x_wconf 85' lang='lat' dir='ltr'><strong>nonnullos</strong></span> <span class='ocrx_word' id='word_1_882' title='bbox 2729 4637 2794 4674; x_wconf 90' lang='lat' dir='ltr'><strong>ne</strong></span> <span class='ocrx_word' id='word_1_883' title='bbox 2817 4629 2971 4688; x_wconf 82' lang='lat' dir='ltr'><strong>turpe</strong></span> <span class='ocrx_word' id='word_1_884' title='bbox 2991 4619 3201 4689; x_wconf 89' lang='lat' dir='ltr'><strong>quidem</strong></span> <span class='ocrx_word' id='word_1_885' title='bbox 3225 4617 3365 4672; x_wconf 90' lang='lat' dir='ltr'><strong>istud</strong></span> <span class='ocrx_word' id='word_1_886' title='bbox 3392 4618 3654 4672; x_wconf 87' lang='lat' dir='ltr'><strong>videatur.</strong></span> 
     </span>
    </p>
   </div>
   <div class='ocr_carea' id='block_1_110' title="bbox 2078 4711 3658 4779">
    <p class='ocr_par' dir='ltr' id='par_1_110' title="bbox 2078 4711 3658 4779">
     <span class='ocr_line' id='line_1_110' title="bbox 2078 4711 3658 4779; baseline -0.003 -12"><span class='ocrx_word' id='word_1_887' title='bbox 2078 4713 2211 4769; x_wconf 88' lang='lat' dir='ltr'><strong>Hinc</strong></span> <span class='ocrx_word' id='word_1_888' title='bbox 2241 4714 2378 4767; x_wconf 90' lang='lat' dir='ltr'><strong>mala</strong></span> <span class='ocrx_word' id='word_1_889' title='bbox 2408 4713 2586 4767; x_wconf 91' lang='lat' dir='ltr'><strong>omnia</strong></span> <span class='ocrx_word' id='word_1_890' title='bbox 2615 4713 3002 4766; x_wconf 89' lang='lat' dir='ltr'><strong>incrementum</strong></span> <span class='ocrx_word' id='word_1_891' title='bbox 3030 4711 3264 4779; x_wconf 86' lang='lat' dir='ltr'><strong>capiunt,</strong></span> <span class='ocrx_word' id='word_1_892' title='bbox 3297 4723 3420 4763; x_wconf 91' lang='lat' dir='ltr'><strong>cum</strong></span> <span class='ocrx_word' id='word_1_893' title='bbox 3447 4718 3504 4763; x_wconf 91' lang='lat' dir='ltr'><strong>et</strong></span> <span class='ocrx_word' id='word_1_894' title='bbox 3529 4723 3658 4778; x_wconf 84' lang='lat' dir='ltr'><strong>pec-</strong></span> 
     </span>
    </p>
   </div>
   <div class='ocr_carea' id='block_1_111' title="bbox 2077 4799 3478 4872">
    <p class='ocr_par' dir='ltr' id='par_1_111' title="bbox 2077 4799 3478 4872">
     <span class='ocr_line' id='line_1_111' title="bbox 2077 4799 3478 4872; baseline -0.006 -11"><span class='ocrx_word' id='word_1_895' title='bbox 2077 4819 2283 4870; x_wconf 88' lang='lat' dir='ltr'><strong>camus,</strong></span> <span class='ocrx_word' id='word_1_896' title='bbox 2314 4819 2414 4858; x_wconf 90' lang='lat' dir='ltr'><strong>nec</strong></span> <span class='ocrx_word' id='word_1_897' title='bbox 2445 4811 2618 4857; x_wconf 89' lang='lat' dir='ltr'><strong>tamen</strong></span> <span class='ocrx_word' id='word_1_898' title='bbox 2649 4816 2870 4872; x_wconf 85' lang='lat' dir='ltr'><strong>peccnre</strong></span> <span class='ocrx_word' id='word_1_899' title='bbox 2898 4801 3185 4872; x_wconf 89' lang='lat' dir='ltr'><strong>nobisipsis</strong></span> <span class='ocrx_word' id='word_1_900' title='bbox 3212 4799 3478 4855; x_wconf 89' lang='lat' dir='ltr'><strong>videmur.</strong></span> 
     </span>
    </p>
   </div>
   <div class='ocr_carea' id='block_1_112' title="bbox 2153 4890 3657 4963">
    <p class='ocr_par' dir='ltr' id='par_1_112' title="bbox 2153 4890 3657 4963">
     <span class='ocr_line' id='line_1_112' title="bbox 2153 4890 3657 4963; baseline -0.003 -15"><span class='ocrx_word' id='word_1_901' title='bbox 2153 4895 2396 4948; x_wconf 72' lang='lat' dir='ltr'><strong>Obscaena</strong></span> <span class='ocrx_word' id='word_1_902' title='bbox 2420 4893 2556 4962; x_wconf 84' lang='lat' dir='ltr'><strong>loqui</strong></span> <span class='ocrx_word' id='word_1_903' title='bbox 2574 4902 2816 4963; x_wconf 84' lang='lat' dir='ltr'><strong>quantum</strong></span> <span class='ocrx_word' id='word_1_904' title='bbox 2837 4891 3046 4946; x_wconf 87' lang='lat' dir='ltr'><strong>malum.</strong></span> <span class='ocrx_word' id='word_1_905' title='bbox 3070 4921 3143 4935; x_wconf 87' lang='lat'><strong>--</strong></span> <span class='ocrx_word' id='word_1_906' title='bbox 3158 4892 3322 4947; x_wconf 80' lang='lat' dir='ltr'><strong>Visne</strong></span> <span class='ocrx_word' id='word_1_907' title='bbox 3343 4891 3500 4961; x_wconf 87' lang='lat' dir='ltr'><strong>igitur</strong></span> <span class='ocrx_word' id='word_1_908' title='bbox 3519 4890 3657 4944; x_wconf 87' lang='lat' dir='ltr'><strong>scire</strong></span> 
     </span>
    </p>
   </div>
   <div class='ocr_carea' id='block_1_113' title="bbox 2078 4981 3658 5057">
    <p class='ocr_par' dir='ltr' id='par_1_113' title="bbox 2078 4981 3658 5057">
     <span class='ocr_line' id='line_1_113' title="bbox 2078 4981 3658 5057; baseline -0.004 -19"><span class='ocrx_word' id='word_1_909' title='bbox 2078 4995 2333 5057; x_wconf 90' lang='lat' dir='ltr'><strong>quantum</strong></span> <span class='ocrx_word' id='word_1_910' title='bbox 2364 4985 2561 5040; x_wconf 90' lang='lat' dir='ltr'><strong>malum</strong></span> <span class='ocrx_word' id='word_1_911' title='bbox 2591 4984 2659 5038; x_wconf 90' lang='lat' dir='ltr'><strong>sit</strong></span> <span class='ocrx_word' id='word_1_912' title='bbox 2690 4984 2864 5053; x_wconf 89' lang='lat' dir='ltr'><strong>turpia</strong></span> <span class='ocrx_word' id='word_1_913' title='bbox 2896 4981 3084 5052; x_wconf 81' lang='lat' dir='ltr'><strong>loqui?</strong></span> <span class='ocrx_word' id='word_1_914' title='bbox 3110 4981 3494 5037; x_wconf 88' lang='lat' dir='ltr'><strong>Animadverte</strong></span> <span class='ocrx_word' id='word_1_915' title='bbox 3519 4995 3658 5050; x_wconf 87' lang='lat' dir='ltr'><strong>quo-</strong></span> 
     </span>
    </p>
   </div>
   <div class='ocr_carea' id='block_1_114' title="bbox 2079 5069 3655 5146">
    <p class='ocr_par' dir='ltr' id='par_1_114' title="bbox 2079 5069 3655 5146">
     <span class='ocr_line' id='line_1_114' title="bbox 2079 5069 3655 5146; baseline -0.005 -14"><span class='ocrx_word' id='word_1_916' title='bbox 2079 5076 2240 5133; x_wconf 91' lang='lat' dir='ltr'><strong>modo</strong></span> <span class='ocrx_word' id='word_1_917' title='bbox 2266 5091 2360 5132; x_wconf 91' lang='lat' dir='ltr'><strong>eos</strong></span> <span class='ocrx_word' id='word_1_918' title='bbox 2379 5117 2393 5142; x_wconf 89' lang='lat'><strong>,</strong></span> <span class='ocrx_word' id='word_1_919' title='bbox 2423 5076 2514 5146; x_wconf 87' lang='lat' dir='ltr'><strong>qui</strong></span> <span class='ocrx_word' id='word_1_920' title='bbox 2541 5083 2595 5130; x_wconf 89' lang='lat' dir='ltr'><strong>te</strong></span> <span class='ocrx_word' id='word_1_921' title='bbox 2623 5074 2843 5129; x_wconf 91' lang='lat' dir='ltr'><strong>audiunt</strong></span> <span class='ocrx_word' id='word_1_922' title='bbox 2866 5113 2881 5137; x_wconf 89' lang='lat'><strong>,</strong></span> <span class='ocrx_word' id='word_1_923' title='bbox 2913 5073 3283 5128; x_wconf 72' lang='lat' dir='ltr'><strong>obscaenitatis</strong></span> <span class='ocrx_word' id='word_1_924' title='bbox 3313 5081 3415 5126; x_wconf 79' lang='lat' dir='ltr'><strong>tua:</strong></span> <span class='ocrx_word' id='word_1_925' title='bbox 3441 5069 3655 5140; x_wconf 87' lang='lat' dir='ltr'><strong>pudeat.</strong></span> 
     </span>
    </p>
   </div>
   <div class='ocr_carea' id='block_1_115' title="bbox 2023 5160 3659 5238">
    <p class='ocr_par' dir='ltr' id='par_1_115' title="bbox 2023 5160 3659 5238">
     <span class='ocr_line' id='line_1_115' title="bbox 2023 5160 3659 5238; baseline -0.006 -17"><span class='ocrx_word' id='word_1_926' title='bbox 2023 5163 2034 5178; x_wconf 85' lang='grc'><strong>“’</strong></span> <span class='ocrx_word' id='word_1_927' title='bbox 2078 5169 2214 5238; x_wconf 84' lang='lat' dir='ltr'><strong>Quid</strong></span> <span class='ocrx_word' id='word_1_928' title='bbox 2232 5171 2373 5222; x_wconf 92' lang='lat' dir='ltr'><strong>enim</strong></span> <span class='ocrx_word' id='word_1_929' title='bbox 2403 5167 2577 5229; x_wconf 90' lang='lat' dir='ltr'><strong>vilius,</strong></span> <span class='ocrx_word' id='word_1_930' title='bbox 2599 5165 2724 5235; x_wconf 90' lang='lat' dir='ltr'><strong>quid</strong></span> <span class='ocrx_word' id='word_1_931' title='bbox 2745 5164 3106 5234; x_wconf 88' lang='lat' dir='ltr'><strong>contemptius</strong></span> <span class='ocrx_word' id='word_1_932' title='bbox 3137 5163 3352 5218; x_wconf 90' lang='lat' dir='ltr'><strong>homine</strong></span> <span class='ocrx_word' id='word_1_933' title='bbox 3379 5161 3549 5228; x_wconf 88' lang='lat' dir='ltr'><strong>turpia</strong></span> <span class='ocrx_word' id='word_1_934' title='bbox 3581 5160 3659 5213; x_wconf 78' lang='lat' dir='ltr'><strong>lo-</strong></span> 
     </span>
    </p>
   </div>
   <div class='ocr_carea' id='block_1_116' title="bbox 2079 5250 3655 5330">
    <p class='ocr_par' dir='ltr' id='par_1_116' title="bbox 2079 5250 3655 5330">
     <span class='ocr_line' id='line_1_116' title="bbox 2079 5250 3655 5330; baseline -0.006 -17"><span class='ocrx_word' id='word_1_935' title='bbox 2079 5259 2309 5330; x_wconf 84' lang='lat' dir='ltr'><strong>quente?</strong></span> <span class='ocrx_word' id='word_1_936' title='bbox 2335 5258 2466 5312; x_wconf 81' lang='lat' dir='ltr'><strong>Nam</strong></span> <span class='ocrx_word' id='word_1_937' title='bbox 2495 5256 2582 5326; x_wconf 92' lang='lat' dir='ltr'><strong>qui</strong></span> <span class='ocrx_word' id='word_1_938' title='bbox 2614 5255 2748 5310; x_wconf 86' lang='lat' dir='ltr'><strong>tales</strong></span> <span class='ocrx_word' id='word_1_939' title='bbox 2775 5262 2900 5308; x_wconf 88' lang='lat' dir='ltr'><strong>sunt</strong></span> <span class='ocrx_word' id='word_1_940' title='bbox 2921 5295 2937 5321; x_wconf 96' lang='lat'><strong>,</strong></span> <span class='ocrx_word' id='word_1_941' title='bbox 2969 5254 3020 5308; x_wconf 92' lang='lat' dir='ltr'><strong>in</strong></span> <span class='ocrx_word' id='word_1_942' title='bbox 3051 5253 3371 5308; x_wconf 91' lang='lat' dir='ltr'><strong>histrionum</strong></span> <span class='ocrx_word' id='word_1_943' title='bbox 3393 5250 3617 5304; x_wconf 87' lang='lat' dir='ltr'><strong>classem</strong></span> <span class='ocrx_word' id='word_1_944' title='bbox 3637 5289 3655 5313; x_wconf 88' lang='lat'><strong>,</strong></span> 
     </span>
    </p>
   </div>
   <div class='ocr_carea' id='block_1_117' title="bbox 2079 5340 3660 5419">
    <p class='ocr_par' dir='ltr' id='par_1_117' title="bbox 2079 5340 3660 5419">
     <span class='ocr_line' id='line_1_117' title="bbox 2079 5340 3660 5419; baseline -0.008 -15"><span class='ocrx_word' id='word_1_945' title='bbox 2079 5361 2238 5419; x_wconf 90' lang='lat' dir='ltr'><strong>atque</strong></span> <span class='ocrx_word' id='word_1_946' title='bbox 2266 5350 2317 5403; x_wconf 92' lang='lat' dir='ltr'><strong>in</strong></span> <span class='ocrx_word' id='word_1_947' title='bbox 2350 5347 2647 5418; x_wconf 73' lang='lat' dir='ltr'><strong>prostitutae</strong></span> <span class='ocrx_word' id='word_1_948' title='bbox 2677 5344 2945 5414; x_wconf 79' lang='lat' dir='ltr'><strong>pudicitia:</strong></span> <span class='ocrx_word' id='word_1_949' title='bbox 2967 5343 3251 5398; x_wconf 90' lang='lat' dir='ltr'><strong>mulierum</strong></span> <span class='ocrx_word' id='word_1_950' title='bbox 3276 5340 3518 5396; x_wconf 91' lang='lat' dir='ltr'><strong>ordinem</strong></span> <span class='ocrx_word' id='word_1_951' title='bbox 3540 5352 3660 5392; x_wconf 82' lang='lat' dir='ltr'><strong>sese</strong></span> 
     </span>
    </p>
   </div>
   <div class='ocr_carea' id='block_1_118' title="bbox 2080 5430 3663 5507">
    <p class='ocr_par' dir='ltr' id='par_1_118' title="bbox 2080 5430 3663 5507">
     <span class='ocr_line' id='line_1_118' title="bbox 2080 5430 3663 5507; baseline -0.008 -10"><span class='ocrx_word' id='word_1_952' title='bbox 2080 5442 2405 5498; x_wconf 90' lang='lat' dir='ltr'><strong>contrudunt</strong></span> <span class='ocrx_word' id='word_1_953' title='bbox 2426 5458 2439 5494; x_wconf 92' lang='lat'>:</span> <span class='ocrx_word' id='word_1_954' title='bbox 2460 5440 2570 5494; x_wconf 90' lang='lat' dir='ltr'><strong>imo</strong></span> <span class='ocrx_word' id='word_1_955' title='bbox 2590 5438 2751 5493; x_wconf 87' lang='lat' dir='ltr'><strong>etiam</strong></span> <span class='ocrx_word' id='word_1_956' title='bbox 2773 5437 2894 5507; x_wconf 86' lang='lat' dir='ltr'><strong>plus</strong></span> <span class='ocrx_word' id='word_1_957' title='bbox 2914 5437 3042 5501; x_wconf 88' lang='lat' dir='ltr'><strong>illis,</strong></span> <span class='ocrx_word' id='word_1_958' title='bbox 3065 5450 3224 5506; x_wconf 90' lang='lat' dir='ltr'><strong>quam</strong></span> <span class='ocrx_word' id='word_1_959' title='bbox 3249 5433 3420 5498; x_wconf 87' lang='lat' dir='ltr'><strong>vobis,</strong></span> <span class='ocrx_word' id='word_1_960' title='bbox 3443 5430 3663 5502; x_wconf 79' lang='lat' dir='ltr'><strong>pudoris</strong></span> 
     </span>
    </p>
   </div>
   <div class='ocr_carea' id='block_1_119' title="bbox 2081 5518 3661 5599">
    <p class='ocr_par' dir='ltr' id='par_1_119' title="bbox 2081 5518 3661 5599">
     <span class='ocr_line' id='line_1_119' title="bbox 2081 5518 3661 5599; baseline -0.012 -10"><span class='ocrx_word' id='word_1_961' title='bbox 2081 5535 2239 5589; x_wconf 86' lang='lat' dir='ltr'><strong>inest.</strong></span> <span class='ocrx_word' id='word_1_962' title='bbox 2267 5532 2508 5599; x_wconf 85' lang='lat' dir='ltr'><strong>Quonam</strong></span> <span class='ocrx_word' id='word_1_963' title='bbox 2552 5537 2728 5583; x_wconf 89' lang='lat' dir='ltr'><strong>autem</strong></span> <span class='ocrx_word' id='word_1_964' title='bbox 2769 5527 2931 5582; x_wconf 90' lang='lat' dir='ltr'><strong>modo</strong></span> <span class='ocrx_word' id='word_1_965' title='bbox 2975 5539 3197 5579; x_wconf 76' lang='lat' dir='ltr'><strong>uxorem</strong></span> <span class='ocrx_word' id='word_1_966' title='bbox 3241 5521 3307 5577; x_wconf 89' lang='lat' dir='ltr'><strong>ad</strong></span> <span class='ocrx_word' id='word_1_967' title='bbox 3351 5518 3661 5590; x_wconf 86' lang='lat' dir='ltr'><strong>pudicitiam</strong></span> 
     </span>
    </p>
   </div>
   <div class='ocr_carea' id='block_1_120' title="bbox 2081 5611 3665 5696">
    <p class='ocr_par' dir='ltr' id='par_1_120' title="bbox 2081 5611 3665 5696">
     <span class='ocr_line' id='line_1_120' title="bbox 2081 5611 3665 5696; baseline -0.011 -13"><span class='ocrx_word' id='word_1_968' title='bbox 2081 5627 2295 5684; x_wconf 90' lang='lat' dir='ltr'><strong>erudire</strong></span> <span class='ocrx_word' id='word_1_969' title='bbox 2320 5639 2507 5696; x_wconf 88' lang='lat' dir='ltr'><strong>queas,</strong></span> <span class='ocrx_word' id='word_1_970' title='bbox 2530 5638 2650 5679; x_wconf 92' lang='lat' dir='ltr'><strong>cum</strong></span> <span class='ocrx_word' id='word_1_971' title='bbox 2675 5638 2770 5692; x_wconf 91' lang='lat' dir='ltr'><strong>per</strong></span> <span class='ocrx_word' id='word_1_972' title='bbox 2795 5619 3097 5691; x_wconf 89' lang='lat' dir='ltr'><strong>hujusmodi</strong></span> <span class='ocrx_word' id='word_1_973' title='bbox 3118 5616 3277 5672; x_wconf 85' lang='lat' dir='ltr'><strong>verba</strong></span> <span class='ocrx_word' id='word_1_974' title='bbox 3298 5629 3417 5668; x_wconf 89' lang='lat' dir='ltr'><strong>eam</strong></span> <span class='ocrx_word' id='word_1_975' title='bbox 3444 5612 3512 5665; x_wconf 92' lang='lat' dir='ltr'><strong>ad</strong></span> <span class='ocrx_word' id='word_1_976' title='bbox 3539 5611 3665 5665; x_wconf 84' lang='lat' dir='ltr'><strong>libi-</strong></span> 
     </span>
    </p>
   </div>
   <div class='ocr_carea' id='block_1_121' title="bbox 2081 5702 3663 5778">
    <p class='ocr_par' dir='ltr' id='par_1_121' title="bbox 2081 5702 3663 5778">
     <span class='ocr_line' id='line_1_121' title="bbox 2081 5702 3663 5778; baseline -0.015 -1"><span class='ocrx_word' id='word_1_977' title='bbox 2081 5723 2260 5778; x_wconf 88' lang='lat' dir='ltr'><strong>dinem</strong></span> <span class='ocrx_word' id='word_1_978' title='bbox 2300 5715 2584 5774; x_wconf 87' lang='lat' dir='ltr'><strong>instituas?</strong></span> <span class='ocrx_word' id='word_1_979' title='bbox 2615 5713 2839 5771; x_wconf 76' lang='lat' dir='ltr'><strong>Prtestat</strong></span> <span class='ocrx_word' id='word_1_980' title='bbox 2883 5709 3085 5768; x_wconf 89' lang='lat' dir='ltr'><strong>saniem</strong></span> <span class='ocrx_word' id='word_1_981' title='bbox 3123 5720 3188 5762; x_wconf 79' lang='lat' dir='ltr'><strong>ex</strong></span> <span class='ocrx_word' id='word_1_982' title='bbox 3230 5717 3326 5760; x_wconf 86' lang='lat' dir='ltr'><strong>ore</strong></span> <span class='ocrx_word' id='word_1_983' title='bbox 3373 5702 3663 5768; x_wconf 86' lang='lat' dir='ltr'><strong>emittere,</strong></span> 
     </span>
    </p>
   </div>
  </div>
