4070 6152
354 306 458 363 L39

353 420 566 490 ἐκείνην
597 417 652 470 δέ
697 416 862 488 χωρὶς
896 410 1209 480 Πνεύματος
1239 406 1498 476 παρεῖχον
1543 401 1593 453 οί
1625 398 1920 490 προφῆται.

353 513 426 565 Οὐ
458 509 618 563 τοῦτο
644 509 700 562 δέ
732 511 845 561 ἐστι
877 505 1033 575 μόνον
1061 501 1122 553 τὸ
1155 497 1487 568 θαυμαστὸν,
1522 495 1602 547 ὅτι
1650 489 1921 554 ζωοποιεῖ,

353 601 466 656 ἀλλ’
494 601 576 654 ὅτι
618 600 712 652 καὶ
753 597 955 665 ἔτέροις
997 593 1154 645 τοῦτο
1195 587 1436 658 παρέσχε
1465 586 1656 640 ποιεῖν.
1706 578 1926 635 Λάϐετε

361 695 482 762 7&9,
519 690 674 760 φησὶ,
702 686 937 753 Πνεῦμα
965 683 1152 752 ἅγιον.
1181 681 1277 734 Διά
1307 680 1390 741 τίς
1421 678 1588 748 χωρὶς
1611 673 1924 742 Πνεύματος

355 782 462 850 γὰρ
498 780 598 832 οὐκ
647 778 810 844 ἔνῆν;
860 775 1018 828 Ἃ).λά
1044 772 1255 833 δεικνὺς
1292 770 1322 821 ὁ
1353 766 1614 831 Θεὸς,·ὅτι
1647 761 1802 816 τοῦτο
1826 763 1926 830 τῆς

357 868 601 934 ἐξουσίας
638 866 752 918 ἐστὶ
781 865 880 934 τῆς
906 863 1190 924 ἀνωτάτω,
1220 859 1314 913 καλ⁵
1343 858 1445 927 τῆς
1481 854 1666 916 οὐσίας
1697 852 1797 922 τῆς
1828 852 1924 919 βα-

356 960 566 1026 σιλικῆς
603 957 816 1026 ἐκείνης
846 955 941 1008 καὶ
964 954 1064 1024 τὴν
1095 952 1262 1022 αὐτὴν
1295 950 1407 1020 ἔχει
1441 947 1612 1016 ἰσχὺν,
1646 943 1742 997 καὶ
1769 941 1928 995 τοῦτό

354 1064 515 1119 φησι·
536 1047 614 1100 διὸ
641 1048 736 1100 καὶ
761 1047 978 1112 ἐπάγει,
1005 1039 1118 1099 Ὧν
1141 1041 1248 1094 ἐὰν
1269 1039 1460 1108 ἀφῆτε
1490 1037 1596 1102 τὰς
1616 1033 1922 1104 ἁμαρτίας,

354 1135 663 1206 ἀφέωνται,
686 1134 785 1188 καὶ
805 1129 892 1188 ὧν
910 1135 1016 1187 ἐὰν
1033 1131 1304 1201 κρατῆτε,
1327 1126 1737 1196 κεκράτηνται.
1773 1123 1925 1176 Ἐπεὶ

353 1225 444 1282 οὖν
495 1226 862 1297 ἐζωοποίησεν
913 1225 1080 1294 ἡμᾶς,
1136 1224 1384 1292 μένωμεν
1431 1218 1651 1282 ζῶντες,
1705 1215 1800 1268 καὶ
1849 1213 1923 1285 μὴ

352 1320 517 1372 πάλιν
551 1317 645 1369 ἐπὶ
677 1317 776 1386 τὴν
808 1316 1078 1386 προτέραν
1130 1312 1436 1379 ἐπανίωμεν
1473 1307 1772 1376 νεκρότητα
1795 1321 1810 1336 ·
1859 1305 1922 1358 '0

354 1406 611 1476 Χριστὸς
634 1405 744 1474 γὰρ
780 1403 977 1457 οὐκέτι
1005 1401 1391 1466 ἀποθνήσκει.
1435 1399 1499 1449 '0
1527 1395 1632 1464 7&9
1663 1393 1922 1455 ἀπέθανε,

353 1500 421 1566 τῇ
455 1495 698 1564 ἁμαρτίᾳ
745 1491 1011 1545 ἀπέθανεν
1053 1485 1302 1557 ἐφάπαξ·
1335 1485 1428 1538 καὶ
1454 1484 1516 1537 οὺ
1560 1481 1803 1552 βούλεται
1837 1480 1926 1533 ἀεὶ

355 1589 538 1656 χάριτι
587 1586 734 1656 ἡμᾶς
784 1582 1068 1647 σώζεσθαι,
1126 1579 1248 1633 ἐπεὶ
1290 1578 1437 1630 κενοὶ
1496 1575 1712 1629 πάντων
1762 1573 1924 1641 ἡμεῖς

356 1675 619 1746 ἐσόμεθα·
648 1675 726 1728 διὸ
754 1676 846 1727 καὶ
867 1675 994 1743 παρ’
1017 1669 1170 1742 ἡμῶν
1200 1665 1548 1738 είσφέρεσθαί
1570 1683 1623 1718 τι
1655 1664 1921 1734 βούλεται.

358 1767 770 1835 Εἱσενέγκωμεν
806 1763 1002 1830 τοίνυν,
1059 1763 1150 1816 καὶ
1200 1761 1296 1832 τὴν
1323 1760 1499 1832 ψυχὴν
1526 1759 1705 1824 ζῶσαν
1741 1757 1923 1825 διατη-

363 1857 564 1928 ρῶμεν.

428 1967 495 2020 Τί
520 1967 575 2020 δέ
601 1969 714 2019 ἐστι
741 1966 916 2037 ψυχῆς
964 1967 1095 2037 ζωὴ,
1131 1967 1238 2022 ἀπὸ
1263 1967 1355 2021 τοῦ
1380 1966 1630 2039 σώματος
1661 1967 1919 2037 μάνθανε.

354 2055 463 2105 Καὶ
501 2056 607 2123 γὰρ
653 2056 712 2107 τὸ
762 2057 921 2125 σῶμα
964 2057 1084 2109 τότε
1123 2057 1351 2127 λέγομεν
1403 2057 1520 2128 ζῇν,
1563 2057 1690 2110 ὅταν
1731 2054 1921 2127 βαδίζῃ

353 2146 483 2215 ὑγιῆ
522 2164 641 2200 τινα
675 2147 911 2217 βάδισιν·
947 2149 1074 2201 ὅταν
1108 2148 1163 2202 δὲ
1198 2148 1529 2218 κατακέηται
1557 2147 1706 2219 [477]
1742 2147 1923 2200 διαλυ-

353 2239 464 2301 θὲν,
500 2240 593 2292 καὶ
630 2239 780 2308 παρά
805 2238 956 2303 τάξιν
986 2239 1222 2307 κινῆται,
1259 2239 1361 2292 κᾶν
1391 2239 1520 2308 δοκῇ
1556 2239 1654 2308 ζῇν
1689 2237 1722 2307 ἢ
1772 2235 1920 2306 βαδί-

353 2329 486 2392 ζειν,
522 2328 722 2389 παντὸς
759 2328 987 2382 θανάτου
1042 2329 1395 2401 χαλεπωτέρα
1434 2331 1467 2400 ὴ
1513 2329 1735 2399 τοιαύτη
1782 2328 1917 2399 ζωή.

352 2418 471 2469 Κᾶν
502 2416 798 2485 φθέγγηται
830 2419 995 2487 μηδὲν
1030 2419 1198 2487 ὑγιὲς,
1245 2419 1380 2474 ἀλλά
1404 2421 1509 2473 τῶν
1547 2420 1922 2492 παραπλήγων

354 2506 593 2576 ῥήματα,
644 2506 740 2558 καὶ
782 2507 945 2577 ἔτερα
974 2505 1090 2560 ἀνθ’
1143 2507 1345 2578 ἐτέρων
1391 2508 1586 2581 βλέπῃ,
1618 2509 1780 2562 πάλιν
1812 2508 1920 2562 τῶν

351 2594 812 2664 τετελευτηκότων
841 2595 1194 2668 ἐλεεινότερος
1225 2599 1253 2650 ὁ
1283 2598 1538 2662 τοιοῦτος.
1585 2598 1739 2652 Οὕτω
1767 2598 1858 2651 καὶ
1886 2600 1918 2667 ἡ

352 2682 517 2753 ψυχὴ,
558 2686 685 2738 ὅταν
738 2685 903 2756 μηδὲν
951 2687 1104 2756 ὑγιές
1133 2688 1250 2760 ἔχῃ,
1279 2689 1383 2744 κᾶν
1412 2690 1540 2762 δοκῇ
1568 2689 1688 2761 ζῇν,
1733 2690 1922 2762 τέθνη-

353 2792 477 2828 κεν·
519 2777 647 2830 ὅταν
699 2777 759 2829 τὸ
793 2777 1015 2848 χρυσίον
1065 2780 1137 2850 μὴ
1191 2779 1359 2853 βλέπῃ
1404 2783 1480 2845 ὡς
1516 2783 1758 2854 χρυσίον,
1802 2785 1917 2838 ἀλλ’

353 2865 426 2926 ὡς
458 2865 597 2936 μέγα
639 2884 691 2919 τι
724 2869 817 2920 καὶ
860 2868 1059 2938 τίμιον,
1092 2870 1221 2923 ὅταν
1252 2871 1318 2924 τά
1347 2872 1606 2941 μέλλοντα
1637 2874 1712 2945 μὴ
1740 2877 1914 2947 ἔννοῇ,

354 2957 488 3010 ἀλλά
510 2958 682 3028 χαμαὶ
707 2958 958 3029 σύρηται,
983 2960 1109 3014 ὅταν
1129 2961 1248 3014 ἀνθ’
1270 2962 1469 3032 ἐτέρων
1489 2964 1651 3034 ἕτερα
1682 2981 1914 3036 πραττῃ.

353 3048 522 3101 Πόθεν
569 3049 677 3120 γὰρ
725 3050 883 3119 δῆλον
932 3051 1013 3104 ὃτι
1043 3051 1221 3122 ψυχὴν
1272 3052 1497 3122 ἔχομενς
1536 3054 1636 3108 οὐκ
1677 3056 1785 3109 ἀπὸ
1810 3055 1918 3109 τῶν

352 3136 672 3206 ἐνεργειῶν;
709 3139 876 3192 Ὅταν
916 3135 1007 3192 οὖν
1045 3140 1108 3192 τὰ
1142 3140 1310 3211 αὐτῆς
1337 3142 1408 3212 μὴ
1437 3143 1654 3215 ἐνεργῇ,
1683 3145 1802 3214 οὐχὶ
1827 3145 1916 3199 τέ-

353 3228 579 3297 θνηκεν;
611 3225 754 3293 Οίον,
788 3231 915 3282 ὅταν
952 3229 1025 3300 μὴ
1053 3233 1372 3302 ἐπιμελῆται
1405 3234 1630 3306 ἀρετῆς,
1659 3235 1793 3289 ἀλλὰ
1820 3237 1919 3307 ἀρ-

357 3317 506 3390 πάζῃ
534 3319 627 3372 καὶ
659 3324 968 3391 παρανομῇ,
1000 3321 1162 3376 πόθεν
1187 3323 1419 3395 δύναμαι
1444 3328 1617 3380 εἰπεῖν
1635 3326 1716 3380 ὅτι
1740 3327 1918 3400 ψυχὴν

356 3409 538 3478 ἔχεις;
573 3411 654 3463 ὅτι
702 3412 966 3480 βαδίζειςς
1022 3415 1177 3469 Ἀλλά
1216 3416 1373 3470 τοῦτο
1407 3419 1502 3472 καὶ
1528 3419 1637 3473 τῶν
1682 3420 1912 3488 ἀλόγων.

372 3500 511 3552 Ἀλλ’
550 3502 630 3554 ὅτι
673 3502 868 3568 ἐσθίεις
896 3506 989 3558 καὶ
1041 3507 1250 3573 πίνεις;
1299 3509 1459 3562 Ἀλλά
1500 3511 1654 3565 τοῦτο
1679 3512 1772 3564 καὶ
1809 3513 1917 3564 τῶν

359 3591 584 3661 θηρίων.
629 3593 762 3646 Ἀλλ’
785 3595 864 3647 ὅτι
886 3595 1040 3666 ὀρθὸς
1064 3597 1299 3667 ἕστηκας
1326 3598 1418 3652 ἐπὶ
1446 3598 1539 3653 δύο
1563 3601 1690 3654 ποσί
1710 3618 1724 3666 ;
1749 3601 1919 3655 Τοῦτό

357 3700 450 3752 μοι
485 3683 683 3752 μᾶλλον
715 3685 999 3749 δείκνυσιν,
1027 3688 1108 3740 ὅτι
1136 3688 1322 3757 θηρίον
1351 3684 1402 3741 εἴ
1429 3687 1914 3761 ἀνθρωπόμορφον.

355 3777 522 3830 Ὅταν
555 3777 654 3848 μὲν
685 3779 792 3848 γάρ
821 3779 889 3832 τὰ
922 3779 1054 3834 ἄλλα
1095 3780 1223 3853 ἔχῃς
1248 3781 1478 3845 ἐκείνου,
1503 3784 1602 3849 τὴν
1644 3783 1700 3836 δέ
1732 3783 1916 3837 διανά-

355 3885 537 3922 στασιν
590 3871 805 3942 μηκέτι,
857 3872 1056 3941 μᾶλλόν
1093 3891 1160 3943 με
1196 3875 1481 3945 ταράττεις
1530 3875 1624 3928 καὶ
1664 3876 1918 3947 ἐκδειμα-

351 3962 482 4026 τοῖς,
512 3963 606 4015 καὶ
642 3962 841 4031 μᾶλλον
873 3964 1036 4036 τέρας
1083 3961 1221 4019 εῖναι
1253 3966 1457 4034 νομίζω
1482 3967 1543 4019 τὸ
1571 3966 1914 4038 φαινόμενον.

356 4051 462 4102 Καὶ
502 4053 610 4120 γάρ
631 4054 678 4105 εἰ
711 4053 898 4123 θηρίον
942 4051 1078 4108 εἶδον
1109 4056 1422 4128 ἀνθρωπίνῃ
1450 4056 1819 4129 φθεγγόμενον
1848 4061 1914 4129 τῇ

354 4145 525 4211 φωνῇ,
558 4145 659 4196 οὐκ
685 4144 751 4196 ἂν
780 4145 847 4196 δι’
876 4145 1008 4198 αὐτὸ
1035 4145 1193 4200 τοῦτο
1221 4146 1356 4216 ἔφην
1387 4147 1672 4218 ἄνθρωπον
1705 4147 1844 4203 εἶναι
1867 4163 1916 4213 ιι,

352 4231 487 4284 ἀλλὰ
515 4233 581 4284 δι’
611 4235 739 4287 αὐτὸ
765 4237 862 4305 μὲν
893 4234 984 4288 οὖν
1008 4237 1164 4290 τοῦτο
1196 4238 1380 4308 θηρίον
1405 4239 1590 4308 θηρίου
1625 4240 1922 4310 τερατωδέ-

354 4336 565 4388 στερον.
592 4324 760 4375 Πόθεν
781 4320 872 4377 οὖν
897 4326 1193 4394 δυνήσομαι
1227 4327 1437 4396 μαθεῖν,
1469 4329 1549 4381 ὅτι
1578 4329 1751 4400 ψυχὴν
1777 4329 1919 4399 ἔχεις

351 4415 662 4484 ἀνθρώπου,
694 4417 821 4469 ὅταν
861 4417 1119 4489 λακτίζῃς
1151 4418 1225 4480 ὡς
1266 4421 1313 4471 οί
1339 4419 1468 4482 ὄνοι,
1497 4421 1624 4473 ὅταν
1654 4439 1921 4492 μνησικαο

351 4508 457 4574 κῇς
485 4505 558 4568 ὡς
587 4507 644 4558 αί
680 4509 936 4577 κάμηλοι,
967 4509 1093 4561 ὅταν
1130 4509 1331 4582 δάκνῃς
1363 4511 1438 4573 ὡς
1469 4511 1525 4564 αἱ
1551 4510 1762 4581 ἄρκτοι,
1790 4513 1920 4565 ὅταν

352 4597 604 4667 ἁρπάζῃς
623 4599 697 4661 ὡς
733 4601 780 4651 οἱ
810 4598 980 4663 λύκοι,
1009 4600 1135 4656 ὅταν
1171 4600 1402 4673 κλέπτῃς
1428 4600 1502 4664 ὡς
1530 4602 1586 4655 αἱ
1616 4601 1919 4666 ἀλώπεκες,

351 4687 481 4739 ὅταν
526 4687 736 4756 δολερὸς
765 4687 831 4760 ᾖς
858 4689 934 4752 ὡς
958 4691 1006 4744 οί
1026 4690 1196 4760 ὄφεις,
1233 4693 1362 4745 ὅταν
1390 4694 1753 4765 ἀναισχυντῇς
1785 4695 1861 4758 ὡς
1893 4697 1921 4748 ὁ

353 4775 529 4840 κύων;
565 4777 726 4831 πόθεν
763 4779 1059 4849 δυνήσομαι
1105 4781 1292 4849 μαθεῖν
1331 4783 1412 4836 ὅτι
1443 4783 1620 4854 ψυχὴν
1650 4784 1794 4855 ἔχεις
1819 4788 1919 4840 ἀν-

356 4866 608 4935 θρώπους
653 4867 913 4922 Βούλεσθε
946 4870 1104 4936 δείξω
1147 4871 1344 4942 νεκράν
1367 4872 1545 4942 ψυχὴν
1575 4875 1670 4927 καὶ
1698 4874 1918 4940 ζῶσαν;

359 4958 615 5029 ’Ἄγωμεν
660 4959 752 5012 τὸν
793 4961 948 5028 λόγον
979 4961 1138 5015 πάλιν
1168 4963 1261 5014 ἐπὶ
1288 4965 1410 5026 τοὺς
1441 4964 1696 5034 ἀρχαίους
1727 4967 1922 5039 ἄνδρας

355 5047 617 5111 ἐκείνους,
663 5050 776 5114 καὶ,
822 5053 871 5103 εί
917 5051 1080 5115 δοκεῖ,
1112 5051 1201 5105 τὸν
1250 5051 1500 5105 πλούσιον
1529 5054 1606 5114 εἰς
1641 5055 1799 5121 μέσον
1824 5072 1913 5107 κα-

353 5137 648 5207 ταθώμεθα
695 5142 789 5194 τὸν
838 5143 929 5195 ἐπὶ
978 5142 1070 5195 τοῦ
1128 5141 1400 5214 Λαζάρου,
1456 5143 1548 5195 καὶ
1585 5143 1838 5213 εἰσόμεθα
1870 5145 1922 5196 τί

354 5228 489 5280 ποτέ
529 5231 645 5283 ἐστι
670 5230 849 5301 ψυχῆς
893 5234 1180 5303 νέκρωσις.
1215 5233 1322 5288 Καὶ
1356 5235 1462 5304 7&9
1493 5235 1698 5296 ἐκεῖνος
1726 5237 1921 5305 νεκρὰν

352 5310 466 5388 εἶχε
509 5318 708 5392 ψυχὴν,
763 5324 854 5375 καὶ
883 5323 1041 5390 δῆλον
1079 5325 1170 5391 ἀφ’
1200 5319 1274 5378 ὧν
1307 5326 1508 5378 ἐποίει·
1545 5325 1652 5378 τῶν
1687 5327 1782 5394 μὲν
1817 5327 1922 5398 7&9

358 5583 770 5696 τείιὶῃέξῇξῷτο
815 5588 928 5651 ἔθην
966 5589 1207 5653 ἄνθρωπον
1233 5591 1366 5654 εἶναι»
1393 5598 1490 5645 εισι
1516 5595 1725 5648 deerant
1747 5595 1793 5649 in
1819 5600 1920 5652 Mo—

1389 287 1456 342 IN
1499 281 1715 340 EPIST.
1759 283 1797 336 11
1843 280 1930 333 AD
1971 276 2127 334 COH.
2171 276 2404 332 HOMIL.
2450 275 2536 330 Vl.

3471 273 3581 326 ιιι)

2027 395 2203 463 ψυχῆς
2241 394 2422 463 ἔργων
2443 391 2592 444 οὐδὲν
2621 387 2907 460 ἔπραττεν,
2939 386 3092 458 ἤσθιε
3125 386 3178 440 δέ
3207 388 3297 440 καὶ
3325 386 3472 441 ἔπινε
3507 390 3603 442 καὶ

2026 483 2236 553 ἐτρύφα
2262 483 2439 552 μόνον.

2091 575 2154 628 δ’.
2184 571 2428 626 Τοιοῦτοί
2456 571 2562 622 εἱσι
2589 569 2681 622 καὶ
2711 568 2808 621 νῦν
2829 568 2878 621 οί
2908 567 3270 637 ἀνελεήμονες
3298 567 3391 619 καὶ
3423 566 3564 636 ὠμοί
3583 584 3597 599 ·

2023 663 2222 734 νεκρὰν
2248 663 2356 732 γὰρ
2385 662 2568 731 ἔχουσι
2606 662 2701 713 καὶ
2728 654 2872 712 οὗτοι
2902 658 3102 728 ψυχὴν,
3141 656 3328 728 ὥσπερ
3373 659 3598 719 ἐκεῖνος.

2025 753 2098 805 Τὸ
2123 752 2231 822 γὰρ
2253 752 2452 822 θερμὸν
2475 750 2645 820 αὐτῆς
2667 750 2812 804 ἀπαν
2839 749 2901 802 τὸ
2925 749 3031 802 ἀπὸ
3059 751 3158 818 τῆς
3187 749 3366 817 φιλίας
3396 750 3493 817 τῆς
3520 752 3600 812 είς

2022 842 2114 896 τδν
2147 842 2374 912 πλησίον
2415 841 2708 910 ἀνήλωται,
2763 840 2858 892 καὶ
2907 838 3052 891 ἔστιν
3099 838 3309 908 ἀψύχου
3349 838 3601 906 σώματος

2023 933 2337 1004 νεκροτέρα.
2379 933 2437 986 Ὀ
2461 933 2516 986 δὲ
2542 932 2708 1000 πένης
2727 931 2788 984 οὐ
2816 929 3080 994 τοιοῦτος,
3116 930 3232 982 ἀλλ’
3259 933 3316 984 ἐν
3343 930 3492 1000 αὐτῷ
3521 930 3600 996 τῷ

2024 1027 2178 1097 ἄκρῳ
2203 1027 2301 1096 τῆς
2329 1024 2643 1094 φιλοσοφίας
2667 1022 2837 1085 ἑστὼς
2860 1021 3122 1092 διέλαμπε
3144 1039 3160 1055 ·
3187 1023 3283 1076 καὶ
3313 1023 3459 1094 λιμῷ
3492 1041 3598 1076 πα-

2023 1117 2188 1169 λαίων
2237 1116 2494 1185 διηνεκεῖ,
2538 1113 2634 1167 καὶ
2677 1112 2798 1165 ούδέ
2847 1113 2949 1178 τῆς
2999 1112 3305 1177 ἀναγκαίας
3353 1113 3602 1181 εὐπορῶν

2022 1207 2247 1276 τροφῆς,
2273 1205 2392 1258 οὐδὲ
2427 1204 2598 1266 οὕτως
2631 1200 2750 1256 εἶπέ
2784 1221 2836 1256 τι
2874 1202 3190 1272 βλάσφημον
3217 1204 3294 1264 είς
3323 1201 3414 1254 τὸν
3445 1202 3597 1263 Θεὸν,

2023 1299 2134 1352 ἀλλ’
2165 1298 2357 1368 ἔφερεν
2394 1295 2608 1350 ἅπαντα
2653 1295 2933 1361 γενναίως.
2987 1295 3062 1347 Οὐ
3117 1294 3311 1363 μικρὸν
3338 1293 3393 1346 δὲ
3443 1294 3602 1346 τοῦτο

2021 1389 2196 1460 ψυχῆς
2242 1388 2422 1457 ἔργον,
2458 1387 2594 1440 ἀλλά
2621 1384 2720 1443 κε).
2747 1386 2846 1454 τῆς
2873 1384 3111 1449 εὐτονίας
3153 1384 3248 1438 καὶ
3277 1383 3378 1452 τῆς
3412 1383 3600 1450 ὑγείας

2020 1479 2318 1548 τεκμήριον
2365 1477 2638 1547 μέγιστον.
2684 1473 2851 1528 Ὅταν
2899 1474 2954 1527 δὲ
2998 1474 3168 1526 ταῦτα
3223 1474 3296 1544 μὴ
3331 1469 3385 1547 ᾖ,
3440 1472 3600 1543 δῆλον

2021 1570 2102 1622 ὅτι
2135 1569 2284 1640 παρὰ
2319 1567 2379 1620 τὸ
2427 1565 2793 1636 νενεκρῶσοαι
2847 1564 3145 1618 ἀπόλωλεν.
3181 1564 3254 1616 Ἢ
3303 1565 3364 1618 οὐ
3400 1563 3600 1634 νεκράν

2021 1661 2232 1729 ἐκείνην
2269 1654 2406 1711 εἶναι
2431 1660 2698 1730 φήσομεν,
2729 1657 2852 1709 είπέ
2879 1672 2988 1725 μοι,
3092 1655 3269 1708 ἔπεισι
3305 1656 3402 1724 μὲν
3426 1657 3457 1707 ὀ
3481 1653 3598 1706 διά-

2022 1752 2175 1815 ϐολος
2203 1751 2471 1820 πλήττων,
2498 1748 2723 1813 κεντῶν,
2753 1748 2985 1810 δάκνων,
3016 1745 3308 1810 λακτίζων,
3336 1745 3592 1799 αἰσθάνε-

2021 1859 2110 1893 ται
2141 1840 2196 1892 δὲ
2229 1839 2410 1907 ἐκείνη
2448 1836 2658 1899 οὐδενὸς
2691 1835 2841 1908 [478]
2876 1838 3099 1899 τούτων,
3125 1834 3262 1887 ἀλλά
3293 1837 3468 1888 κεῖται
3499 1851 3590 1888 νε-

2020 1929 2362 1999 νεκρωμένη,
2396 1928 2489 1980 καὶ
2511 1927 2610 1996 τῆς
2646 1924 2962 1996 περιουσίας
2987 1925 3155 1994 αὐτῆς
3187 1925 3592 1995 ἀφαιρουμένης

2018 2023 2119 2074 οὐκ
2147 2020 2320 2087 ἀλγεῖ,
2347 2017 2461 2070 ἀλλ’
2483 2016 2773 2085 ὲφάλλεται
2803 2017 2902 2085 μὲν
2933 2017 3157 2078 ἐκεῖνος,
3193 2016 3343 2084 μένει
3372 2015 3425 2068 δὲ
3459 2013 3592 2086 αὕτη

2018 2113 2289 2183 ἀκίνητος,
2331 2110 2517 2180 ὥσπερ
2565 2109 2723 2177 σῶμα
2749 2107 2929 2177 ψυχῆς
2966 2106 3326 2179 ἀπελθούσης,
3359 2109 3478 2162 οὐδὲ
3509 2113 3595 2163 αξ-

2021 2203 2353 2273 σθανομένη;
2390 2202 2562 2254 Ὅταν
2615 2200 2723 2270 γὰρ
2764 2202 2790 2254 ὁ
2817 2199 2911 2251 τοῦ
2939 2197 3074 2253 Θεοῦ
3128 2200 3293 2269 φόϐος
3326 2201 3399 2272 μὴ
3443 2204 3594 2273 παρῇ

2020 2295 2158 2366 μετά
2197 2294 2502 2364 ἀκριϐείας,
2537 2291 2790 2360 τοιαύτην
2830 2290 3001 2363 αὐτὴν
3044 2287 3183 2345 εἶναι
3230 2292 3466 2362 ἀνάγκη,
3502 2295 3598 2346 καὶ

2018 2386 2227 2459 νεκρῶν
2264 2383 2601 2456 ἀθλιωτέραν
2665 2385 2800 2438 Οὐδὲ
2851 2385 2958 2456 γὰρ
2987 2385 3066 2447 είς
3114 2385 3286 2455 ἰχῶρα
3317 2385 3596 2438 διαλύεται

2020 2483 2112 2536 καὶ
2146 2481 2350 2550 τέφραν
2391 2479 2484 2532 καὶ
2515 2478 2660 2533 κόνιν
2705 2480 2736 2548 ἡ
2787 2477 2952 2548 ψυχὴ,
3001 2477 3253 2550 καθάπερ
3301 2476 3362 2530 τὸ
3413 2477 3595 2548 σῶμα,

2017 2574 2131 2627 ἀλλ’
2186 2575 2264 2635 είς
2301 2571 2368 2625 τὰ
2416 2571 2622 2625 τούτων
2680 2569 3072 2641 δυσωδέστερα,
3129 2569 3211 2632 εἰς
3269 2569 3441 2639 μέθην
3502 2571 3598 2623 καὶ

2017 2665 2185 2735 θυμὸν
2211 2664 2302 2717 καὶ
2333 2661 2665 2726 πλεονεξίαν,
2697 2661 2776 2724 είς
2802 2661 3039 2724 ἀτόπους
3067 2659 3276 2731 ἔρωτας
3307 2661 3402 2714 καὶ
3437 2662 3596 2715 ἀκαί-

2018 2774 2145 2828 ρους
2191 2755 2507 2824 ἐπιθυμίας.
2553 2754 2616 2806 El
2665 2752 2722 2805 δὲ
2759 2752 2938 2822 βούλει
2983 2752 3153 2822 αὐτῆς
3197 2753 3592 2825 ἀκριϐέστερον

2018 2848 2148 2900 ίδεῖν
2175 2847 2234 2899 τὸ
2270 2844 2528 2907 δυσῶδες.
2573 2842 2662 2906 δός
2692 2860 2782 2913 μοι
2824 2842 3000 2914 ψυχὴν
3042 2843 3312 2914 καθαρὰν,
3353 2845 3446 2896 καὶ
3475 2846 3596 2897 τότε

2014 2937 2134 3006 ὄψει
2184 2937 2371 3004 σαφῶς
2421 2934 2538 2998 πῶς
2588 2935 2704 2988 ἐστι
2743 2933 2985 3005 δυσώδης
3033 2934 3300 3006 ήαίσχρά
3332 2934 3468 3006 αὕτη
3502 2937 3598 2989 καὶ

2014 3029 2344 3100 ἀκάθαρτος.
2378 3027 2490 3082 Νῦν
2537 3026 2636 3097 μὲν
2668 3027 2777 3098 γὰρ
2821 3027 2882 3080 οὐ
2933 3027 3138 3100 δυνήσῃ
3191 3027 3456 3081 συνιδεῖν·
3490 3029 3596 3092 ἕως

2014 3121 2123 3191 γὰρ
2152 3121 2218 3174 ἂν
2240 3115 2387 3190 ὦμεν
2411 3121 2468 3171 ἐν
2492 3119 2750 3190 συνηθείᾳ
2768 3119 3049 3182 δυσωδίας,
3072 3120 3172 3174 οὐκ
3203 3120 3592 3192 αἰσθανόμεθα·

2013 3213 2143 3266 ὅταν
2172 3213 2227 3266 δὲ
2277 3215 2666 3282 πνευματικοῖς
2691 3211 3020 3284 τρεφὼμεοα
3053 3214 3279 3284 ῥήμασι,
3311 3215 3432 3268 τότε
3455 3215 3597 3268 είσὸ-

2020 3303 2160 3373 μεθα
2210 3305 2386 3356 ἐκεῖνο
2434 3303 2496 3356 τὸ
2551 3303 2752 3357 κακόν·
2811 3303 2983 3356 καίτοι
3036 3303 3250 3366 πολλοῖς
3305 3304 3594 3377 ἀδιάφορον

2012 3394 2172 3448 τοῦτο
2220 3390 2356 3447 εἶναι
2391 3395 2556 3446 δοκεῖ.
2595 3393 2704 3446 Καὶ
2736 3393 2946 3447 οὐδέπω
2990 3395 3134 3462 λέγω
3164 3395 3292 3465 περὶ
3335 3396 3556 3465 γεέννης
3578 3413 3592 3427 ·

2015 3485 2154 3550 ἀλλ’,
2187 3486 2236 3537 εί
2286 3482 2562 3554 βούλεσθε,
2609 3481 2678 3535 τὰ
2713 3483 2958 3552 παρόντα
2997 3483 3359 3552 ἐξετάσωμεν,
3394 3484 3488 3537 καὶ
3519 3484 3594 3554 μὴ

2013 3575 2104 3628 τδν
2153 3575 2354 3645 αἰσχρά
2398 3575 2730 3645 πράττοντα,
2762 3574 2899 3628 ἀλλά
2929 3574 3019 3626 τὸν
3063 3574 3263 3645 αίσχρά
3291 3575 3595 3644 φθεγγόμε-

2014 3684 2126 3730 νον,
2151 3667 2266 3732 πῶς
2299 3669 2415 3719 ἐστι
2447 3666 2868 3734 καταγέλαστος,
2910 3667 3026 3730 πῶς
3053 3666 3246 3721 ἐαυτὸν
3275 3665 3593 3737 καθυϐρίζει

2017 3759 2261 3830 πρῶτον·
2303 3759 2553 3828 καθάπερ
2577 3776 2662 3822 τις
2697 3758 2955 3829 βόρϐορόν
2983 3776 3102 3812 τινα
3131 3758 3238 3812 ἀπὸ
3264 3758 3358 3813 τοῦ
3391 3760 3593 3829 στόμα-

2014 3867 2105 3912 τος
2131 3849 2334 3918 ἀφιεὶς,
2371 3849 2544 3912 οὕτως
2573 3851 2762 3903 ἐαυτὸν
2801 3849 3039 3920 μολύνει.
3070 3851 3133 3903 Εἰ
3156 3849 3262 3921 γὰρ
3290 3849 3350 3903 τὸ
3376 3849 3592 3922 ῥεῖθρον

2015 3940 2188 4005 οὕτως
2226 3941 2556 4009 ἀκάθαρτον,
2581 3941 2833 4012 ἐννόησον
2864 3942 2952 3996 οἵα
2974 3944 3006 4012 ἡ
3031 3942 3180 4013 πηγὴ
3209 3941 3301 3996 τοῦ
3325 3942 3590 4014 βορϐόρου

2015 4029 2205 4084 τούτου
2226 4047 2240 4060 ·
2286 4031 2390 4084 Ἐκ
2426 4031 2535 4100 τὰρ
2563 4031 2671 4085 τοῦ
2697 4033 3173 4100 περισσεύματος
3201 4031 3310 4099 τῆς
3341 4033 3585 4102 καρδίας

2014 4121 2080 4173 τὸ
2106 4121 2302 4189 στόμα
2326 4120 2522 4174 λαλεῖ.
2568 4119 2709 4188 Ἐγὼ
2738 4121 2795 4174 δὲ
2814 4123 2874 4173 οὐ
2898 4121 2986 4174 διὰ
3010 4120 3168 4174 τοῦτο
3191 4121 3372 4175 πενθῶ
3407 4123 3588 4192 μόνον,

2015 4210 2130 4264 ἀλλ’
2179 4213 2260 4265 ὃτι
2308 4212 2430 4265 οὐδὲ
2481 4206 2798 4266 εἶναιδοκεῖ
2841 4211 2950 4264 τῶν
2996 4213 3210 4266 ἀτόπων
3250 4212 3406 4264 τοῦτο
3439 4214 3591 4284 παρά

2017 4318 2178 4356 τισιν.
2222 4302 2504 4355 Ἐντεῦθεν
2534 4301 2749 4355 ἅπαντα
2773 4300 2991 4365 αὔξεται
3019 4302 3088 4354 τά
3132 4300 3298 4361 κακά,
3339 4301 3466 4354 ὅταν
3496 4305 3590 4353 καί

2018 4393 2439 4464 ἁμαρτάνωμεν,
2468 4395 2563 4446 καὶ
2587 4393 2719 4462 μηδὲ
2754 4392 3091 4463 πλημμελεῖν
3118 4392 3448 4462 νομίζωμεν.

2090 4484 2277 4538 Βούλει
2324 4480 2416 4539 οὖν
2475 4484 2664 4554 μαθεῖν
2711 4485 2832 4538 ὅσον
2869 4485 3038 4538 κακὸν
3084 4485 3144 4538 τδ
3173 4485 3376 4556 αἰσχρά
3414 4485 3579 4554 φθέγ-

2021 4576 2258 4642 γεσθαι;
2307 4574 2591 4646 Ἐννόησον
2612 4575 2739 4638 τοὺς
2766 4574 3084 4638 ἀκούοντας,
3115 4575 3233 4638 πῶς
3262 4577 3584 4647 ἐρυθριῶσιν

2019 4666 2078 4719 ἐν
2109 4668 2175 4737 τῇ
2216 4665 2573 4738 ἀσχημοσύνῃ
2615 4668 2682 4737 τῇ
2720 4669 2808 4737 σῇ.
2858 4667 2924 4719 Τί
2956 4665 3064 4736 γὰρ
3087 4666 3466 4739 εὐτελέστερον
3494 4668 3591 4720 ἀν-

2020 4755 2144 4826 δρὸς
2173 4755 2564 4827 αἰσχρολόγου;
2592 4756 2644 4809 τί
2701 4756 3059 4826 ἀτιμότερον;
3092 4757 3186 4820 Et;
3215 4755 3323 4827 7&9
3347 4756 3445 4826 τὴν
3481 4755 3589 4809 τῶν

2023 4845 2205 4916 μίμων
2233 4847 2465 4900 ὠθοῦσιν
2497 4846 2724 4910 ἑαυτοὺς
2747 4846 3038 4900 οίτοιοῦτοι
3059 4846 3235 4912 τάξιν,
3265 4847 3358 4902 καὶ
3392 4849 3469 4910 είς
3490 4845 3589 4916 τὴν

2019 4936 2125 4988 τῶν
2162 4934 2619 5007 πεπορνευμένων
2656 4936 2961 5003 γυναικῶν·
2992 4937 3193 5007 μᾶλλον
3241 4936 3298 4989 δέ
3322 4978 3336 5002 ,
3376 4938 3585 4989 ἐκεῖναι

2018 5025 2314 5095 ἐρυθριῶσι
2349 5024 2567 5093 μᾶλλον,
2599 5024 2630 5094 ἦ
2662 5025 2838 5094 ὑμεῖς.
2869 5026 2992 5089 Πῶς
3013 5025 3239 5080 δύνασαι
3261 5023 3467 5088 διδάξαι
3488 5040 3586 5091 γυ-

2017 5116 2181 5165 καῑκα
2217 5113 2534 5181 σωφρονεῖν,
2569 5112 2839 5166 παιδεύων
2873 5113 3041 5184 αὐτὴν
3073 5115 3150 5171 είς
3185 5112 3473 5182 ἀσέλγειαν
3498 5112 3585 5166 διά
3629 5113 3634 5120 ’

2019 5201 2223 5254 τούτων
2269 5201 2542 5254 ἐκϐαίνειν
2585 5202 2694 5254 τῶν
2727 5203 2987 5273 ῥημάτιον
3017 5221 3031 5267 ;
3073 5205 3289 5257 Βέλτιον
3318 5204 3584 5276 σηπεδόνα

2021 5293 2129 5345 ἀπὸ
2176 5291 2269 5344 τοῦ
2299 5293 2561 5362 στόματος
2582 5293 2823 5361 ἀφιέναι,
2860 5293 2891 5364 ἦ
2917 5295 3066 5366 ῥῆμα
3096 5297 3337 5368 αἰσχρόν.
3367 5296 3482 5351 Νῦν
3503 5298 3578 5359 δὲ,

2020 5381 2086 5434 ἂν
2139 5382 2238 5453 μὴν
2263 5380 2362 5455 ὂζῃ
2398 5383 2457 5435 τὸ
2484 5385 2680 5454 στόμα,
2707 5385 2826 5438 οὐδέ
2856 5385 2965 5437 τῶν
3000 5389 3191 5440 κοινῶν
3215 5389 3459 5459 μετέχεις
3500 5404 3584 5439 σι-‹

2019 5475 2176 5526 τίων·
2210 5473 2475 5544 τοσαύτης
2506 5474 2562 5529 δὲ
2590 5476 2854 5540 δυσωδίας
2897 5477 3064 5549 οΰσης
3093 5479 3150 5531 ὲν
3177 5483 3240 5551 τῇ
3267 5481 3410 5549 ψυχῇ
3433 5519 3444 5539 ,
3475 5494 3576 5545 μυ-

2021 5563 2256 5634 στηρίων
2306 5565 2507 5636 τολμᾷς
2560 5571 2866 5634 κοινωνεῖν,
2903 5571 3023 5622 εἰπέ
3071 5587 3200 5638 μοις
3244 5569 3351 5620 Καὶ
3394 5569 3440 5619 εί
3480 5565 3578 5633 μὲν

2027 5653 2216 5718 σκεῦος
2241 5654 2545 5726 ἀκάθαρτον
2561 5673 2644 5721 τις
2659 5657 2838 5713 λαϐὼν
2859 5701 2871 5725 ,
2905 5661 2994 5712 ἐπὶ
3017 5660 3113 5727 τῆς
3135 5657 3410 5727 τραπέζης
3449 5669 3586 5705 κατι
