4070 6152
459 250 559 307 αι

455 367 611 420 έθετο
638 363 739 434 τῆς
765 364 888 432 σῆς.
921 363 1100 428 ξυλο.ς
1121 366 1280 420 αὐτὸν
1303 367 1370 420 ἂν
1399 368 1577 423 παίων
1603 369 1811 440 ἧλασας
1829 386 1842 399 ·
1872 370 1962 423 τὸν
1977 370 2036 425 δέ

456 457 593 511 Θεὸν
623 457 717 508 ἐπὶ
746 456 850 526 τῆς
879 456 1160 526 τραπέζης
1179 456 1280 527 τῆς
1311 458 1478 512 αὑτοῦ
1510 459 1781 532 (τράπεζα
1807 463 1916 532 γὰρ
1941 461 2038 515 αῦ-

456 547 553 602 τοῦ
582 587 596 609 ,
619 546 682 600 τὸ
709 545 883 616 στόμα
913 545 974 600 τὸ
1011 546 1278 618 ἡμέτερον
1309 549 1664 618 εὐχαριστίας
1718 551 2036 622 πληρούμε-

458 637 603 709 νον),
632 635 860 700 σκεύους
895 637 1208 708 ἀκαθάρτου
1248 640 1450 703 παντδς
1490 641 1712 712 ῥήματα
1761 641 2033 715 βδελυρῶς

456 747 592 802 τερα
605 728 916 799 προφέρων,
933 730 1035 784 οὐκ
1049 730 1151 784 οῖει
1169 731 1510 802 παροξύνειν,
1531 733 1656 786 εἰπέ
1673 751 1763 803 μοι
1780 751 1795 798 ;
1813 734 2037 798 καὶπῶς

454 819 538 876 ενι
568 819 756 886 τοῦτο;
777 820 943 874 Οὐδὲν
973 821 1083 892 γὰρ
1103 820 1249 876 οὕτω
1285 824 1606 898 παροργίζει
1629 826 1722 878 τὺν
1756 825 1911 894 ἆγιον
1940 826 2036 881 καὶ

451 912 549 966 τὸν
563 911 905 984 καθαρὸν,ὡς
919 914 988 966 τὰ
1005 914 1224 984 ῥήματα
1236 915 1412 970 ταῦτα
1425 933 1439 948 ο
1457 915 1609 970 οὐδὲν
1620 915 1793 981 οὕτως
1809 917 2036 988 ἰταμοὺς

456 1005 555 1058 καὶ
605 1003 1002 1075 ἀναισχύντους
1046 1007 1226 1070 ποιεῖ,
1261 1006 1338 1070 ὡς
1386 1007 1448 1061 τὸ
1483 1007 1664 1077 λέγειν
1685 1008 1912 1062 τοιαῦτα
1939 1009 2036 1062 καὶ

453 1095 678 1152 ἀκούειν
701 1113 715 1130 υ
749 1095 900 1150 οὐδὲν
926 1093 1101 1160 οὕτως
1118 1096 1308 1150 ἐκλύει
1339 1105 1362 1133 ⁸
1394 1097 1464 1151 τά
1495 1097 1669 1169 νεῦρα
1694 1100 1792 1168 τῆς
1823 1115 2036 1168 σωφρο-

456 1186 644 1257 σύνης,
701 1186 780 1251 ὡς
823 1188 859 1257 ἡ
893 1187 982 1240 διά
1016 1185 1225 1240 τούτων
1266 1188 1619 1259 ἀναπτομένη
1665 1187 1814 1257 φλόξ.
1848 1187 2035 1258 Μύρον

455 1280 669 1334 ἐνέθετό
696 1297 791 1334 σου
817 1280 896 1352 τῷ
920 1280 1148 1352 στόματι
1175 1282 1204 1335 ὁ
1235 1280 1367 1346 Θεός
1384 1295 1398 1311 ⁸
1423 1283 1488 1336 σὺ
1510 1281 1567 1334 δὲ
1593 1279 1788 1352 νεκροῦ
1806 1279 2036 1333 δυσωδέ-

456 1389 623 1443 στερα
666 1373 992 1428 ἀποτίθεσαι
1036 1375 1278 1444 ῥήματα,
1312 1374 1407 1427 καὶ
1438 1372 1610 1442 αὐτὴν
1650 1371 1898 1441 ἀναιρεῖς
1935 1368 2035 1439 τὴν

453 1463 751 1535 ψυχὴν,καὶ
763 1465 1020 1535 ἀκίνητον
1035 1462 1186 1536 [479]
1203 1467 1392 1528 ποιεῖς.
1407 1464 1517 1517 Καὶ
1526 1463 1634 1533 γὰρ
1645 1463 1774 1515 ὅταν
1787 1460 2032 1533 ύϐρίζῃς,

454 1553 554 1606 οῦκ
591 1553 710 1608 ἐστι
752 1553 908 1607 τοῦτο
937 1553 1118 1624 ψυχῆς
1158 1553 1307 1623 φωνὴ
1329 1593 1344 1617 ,
1381 1552 1519 1605 ἀλλά
1544 1549 1752 1620 θυμοῦ·
1788 1551 1915 1603 ὅταν
1951 1551 2036 1603 αἱ·

455 1642 596 1713 σχρά
627 1642 812 1716 λέγῃς,
841 1642 941 1696 οὐκ
975 1642 1158 1714 ἐκείνη
1190 1640 1511 1711 ἐφθέγξατο,
1535 1639 1650 1693 ἀλλ’
1673 1640 1707 1707 ἡ
1737 1637 1998 1691 ἀκολασία
2016 1653 2031 1668 ο

452 1734 581 1786 ὅταν
614 1735 956 1804 κακηγορῇς,
989 1733 1023 1805 ἡ
1055 1731 1326 1804 βασκανία
1345 1747 1358 1760 ο
1397 1731 1529 1784 ὅταν
1569 1726 1933 1797 ἐπιϐουλεύῃς
1956 1765 1971 1790 ,
1999 1727 2034 1796 ἡ

452 1825 754 1890 πλεονεξία.
782 1825 968 1878 Ταῦτα
996 1825 1108 1895 γὰρ
1136 1823 1236 1878 οὐκ
1268 1821 1503 1892 ἐκείνης,
1537 1818 1675 1872 ἀλλά
1701 1818 1810 1871 τῶν
1842 1817 2033 1872 παθῶν

445 1917 640 1988 αὐτῆς,
665 1917 759 1971 καὶ
783 1917 894 1970 τῶν
919 1915 1265 1988 νοσημάτων.
1288 1915 1499 1982 Ὥσπερ
1519 1907 1613 1964 οὖν
1629 1909 1689 1963 τὸ
1709 1906 2031 1976 φθείρεσθαι

441 2011 551 2082 οὐχ
589 2010 780 2075 ἅπλῶς
810 2009 908 2064 τοῦ
944 2008 1198 2080 σώματος
1225 2051 1238 2074 ,
1268 2005 1406 2062 ἀλλά
1429 2003 1524 2066 τοῦ
1548 2001 1782 2058 θανάτου
1815 2001 1910 2056 καὶ
1936 1999 2032 2054 τοῦ

511 2311 541 2342 ο
563 2300 674 2360 M3,,
697 2298 894 2350 διαλύει.

463 2527 768 2548 ﬂ

1103 252 1161 309 3.
1202 252 1485 310 JOANNIS
1516 253 2003 313 CHRYSOSTOMI
2031 254 2349 314 ARCHIEP.
2386 259 2937 319 CONSTANTINOP.

3614 269 3726 325 ΗΞ

2141 373 2354 436 πάθους
2393 374 2489 426 τοῦ
2522 375 2579 427 ἐν
2612 373 2689 446 τῷ
2726 375 2972 446 σώματι·
3002 373 3146 429 οὕτω
3173 375 3240 447 δὴ
3266 376 3362 430 καὶ
3383 375 3581 440 ταῦτα,
3609 382 3723 434 τῶν

2143 463 2594 534 προσγινομένων
2631 465 2768 535 αὐτῇ
2819 464 3026 519 παθῶν.
3052 465 3117 518 El
3162 467 3274 534 γὰρ
3332 465 3512 534 βούλει
3543 467 3723 540 ψυχῆς

2137 552 2369 608 ἀκοῦσαι
2415 555 2599 624 φωνῆς
2634 553 2850 626 ζώσης,
2891 554 3123 610 ἄκουσον
3167 555 3384 608 Παύλου
3433 556 3710 625 λέγοντος

2143 647 2431 715 Ἔχοντες
2452 647 2678 715 τροφὰς
2697 648 2795 701 καί
2818 649 3219 716 σκεπάσματα
3247 687 3262 711 ,
3289 648 3525 715 τούτοις
3552 652 3720 719 ἀρκε-

2137 739 2488 808 σθησόμεθα
2513 755 2525 768 ·
2563 741 2658 794 καὶ
2677 781 2692 807 ,
2729 742 2903 794 Ἐστι
2939 739 3235 809 πορισμὸς
3247 739 3444 810 μέγ-ας
3472 743 3510 810 ἡ
3541 743 3718 797 εὐσέ-

2139 833 2270 885 ϐεια
2303 847 2317 860 ⁸
2351 832 2446 886 καὶ
2471 871 2486 896 ,
2525 831 2690 901 Ἐμοί
2719 833 2948 902 κόσμος
2986 833 3379 900 ἐσταύρωται,
3426 836 3593 904 κάγὼ
3637 836 3720 902 τῷ

2136 925 2364 992 κόσμῳ.
2397 927 2662 979 ’Ἄκουσον
2699 924 2910 996 Πέτρου
2953 925 3234 992 λέγοντος,
3281 928 3593 996 Ἀργύριον
3613 929 3716 983 καὶ

2137 1018 2402 1083 χρυσίον
2440 1018 2554 1085 οὐχ
2583 1016 2839 1086 ὑπάρχει
2851 1033 2989 1086 μοι’
3033 1016 3065 1072 ὃ
3103 1016 3174 1070 δὲ
3224 1017 3378 1087 ἔχω,
3410 1019 3587 1072 τοῦτό
3610 1035 3720 1072 σοι

2141 1104 2352 1176 δίδωμι
2375 1121 2390 1136 °
2435 1106 2668 1161 ἄκουσον
2699 1107 2796 1160 τοῦ
2843 1107 2963 1161 Ἰὼϐ
2996 1107 3446 1177 εὐχαριστοῦντος
3485 1109 3576 1162 καὶ
3624 1109 3719 1164 λέ-

2135 1211 2344 1264 γοντος,
2361 1197 2426 1250 ‘0
2443 1197 2660 1264 Κύριος
2673 1196 2916 1262 ἔδωκεν,
2935 1200 2970 1252 ὁ
2984 1199 3199 1264 Κύριος
3210 1197 3512 1265 ἀφείλετο.
3527 1198 3720 1254 Ταῦτα

2138 1287 2322 1358 ψυχῆς
2359 1285 2542 1358 ζώσης
2576 1287 2648 1341 τά
2681 1289 2926 1360 ῥήματα,
2953 1289 3129 1343 ταῦτα
3157 1290 3492 1362 ἐνεργούσης
3505 1292 3604 1362 τὴν
3632 1295 3717 1346 οἱ·

2136 1379 2292 1432 κείαν
2303 1379 2602 1450 ἐνέργειαν.
2621 1378 2776 1432 Οὖτω
2792 1380 2886 1433 καὶ
2900 1378 3093 1434 Ἰακὼϐ
3111 1381 3296 1448 ἔλεγεν
3311 1399 3323 1411 ·
3356 1383 3502 1435 Ἐὰν
3517 1381 3600 1448 δῷ
3610 1401 3716 1452 μοι

2137 1470 2354 1536 Κύριος
2389 1470 2571 1537 ἄρτον
2603 1470 2838 1539 φαγεῖν,
2869 1470 2968 1524 καί
2995 1470 3226 1540 ἱμάτιον
3251 1473 3677 1539 περιϐαλέσθαι
3696 1489 3711 1506 ο

2141 1559 2292 1614 οὕτω
2331 1561 2426 1615 καὶ⁵
2474 1560 2676 1632 Ἰωσὴφ
2698 1602 2712 1625 ,
2743 1561 2873 1628 Πῶς
2902 1562 3138 1628 ποιήσω
3166 1561 3233 1616 τὸ
3257 1563 3428 1632 ῥῆμα
3448 1565 3513 1618 τὸ
3539 1581 3718 1633 πονη-

2134 1651 2250 1720 ρὸν
2285 1651 2464 1706 τοῦτο
2485 1693 2499 1716 ,
2538 1651 2637 1705 καὶ
2673 1652 3091 1723 ἀμαρτήσομαι
3115 1652 3371 1708 ἐνώπιον
3391 1655 3501 1710 τοῦ
3530 1655 3718 1720 Θεοῦ;

2152 1743 2294 1796 Ἀλλ’
2325 1744 2423 1814 οὐχ
2463 1745 2496 1814 ή
2525 1743 2802 1815 βάρϐαρος
2825 1744 3032 1816 ἐκείνη,
3068 1744 3185 1798 ἀλλ’
3216 1744 3406 1817 ὥσπερ
3431 1747 3720 1822 ,μεθύουσα

2139 1835 2235 1887 καὶ
2275 1837 2686 1905 παραπαίουσα,
2738 1834 2912 1900 οὕτως
2957 1837 3257 1907 ἐφθέγγετο
3301 1839 3555 1906 λέγουσα,
3590 1844 3721 1895 Κοι-

2130 1923 2350 1992 μήθητι
2366 1926 2487 1992 μετ’
2509 1925 2677 1994 ἐμοῦ.
2697 1926 2861 1980 Ταῦτ’
2877 1925 2971 1981 οῦν
2992 1927 3193 1991 εἰδότες
3209 1969 3224 1992 ,
3255 1927 3591 2000 ζηλὼσωμεν
3614 1932 3718 2002 τὴν

2132 2013 2311 2078 ζῶσαν
2335 2015 2535 2087 ψυχὴν,
2573 2016 2838 2087 φύγωμεν
2877 2018 2974 2089 τὴν
3006 2020 3438 2090 νενεκρωμένην,
3487 2021 3574 2074 ἵνα
3608 2024 3711 2075 καὶ

2133 2110 2231 2179 τῆς
2266 2110 2570 2183 μελλούσης
2586 2111 2936 2183 ἐπιτύχωμεν
2969 2112 3117 2183 ζωῆς
3137 2130 3151 2145 ο
3186 2109 3254 2185 ἦς
3278 2116 3488 2182 γένοιτο
3505 2116 3720 2181 πάντας

2133 2204 2284 2272 ἡμᾶς
2339 2206 2652 2275 μετασχεῖν,
2693 2205 2880 2277 χάριτι
2927 2206 3024 2259 καὶ
3059 2205 3466 2279 φιλανθρωπίᾳ,
3509 2210 3605 2263 καὶ
3647 2209 3721 2264 τὰ

2137 2294 2284 2365 ἑξῆςο

1985 2737 2231 2795 OMIAIA
2271 2734 2344 2792 Z'.

445 2857 517 2912 El
546 2854 617 2912 δὲ
645 2857 684 2927 ἠ
722 2856 998 2912 διακονία
1029 2857 1137 2913 τοῦ
1169 2857 1428 2913 θανάτου
1450 2859 1522 2912 ἐν
1551 2859 1896 2930 γράμμασιν
1930 2859 2028 2912 ἐν·

520 2949 907 3022 τετυπωμένη
942 2949 1015 3004 ἐν
1047 2952 1263 3018 λίθοις,
1296 2950 1553 3020 ἐγενήθη
1587 2952 1658 3005 ἐν
1685 2951 1833 3018 δόξῃ
1871 2950 2028 3005 ὥστε

517 3042 601 3113 μὴ
642 3041 941 3096 δύνασθαι
977 3041 1254 3096 ἀτενίσαι
1288 3043 1431 3110 τοὺς
1465 3044 1638 3110 υἱοὺς
1665 3043 1916 3112 Ἰσραὴλ
1941 3046 2029 3110 εις

520 3132 588 3186 τὸ
653 3133 982 3200 πρόσωπον
1028 3129 1346 3198 Μωῦσέως,
1393 3131 1492 3186 διὰ
1529 3133 1646 3199 τὴν
1682 3133 1871 3199 δόξαν
1919 3135 2029 3188 τοῦ

520 3221 850 3291 προσώπου
915 3221 1105 3276 αὺτοῦ
1159 3221 1278 3289 τὴν
1329 3225 1828 3296 καταργουμένην
1853 3243 1867 3256 ο
1900 3226 2029 3293 πῶς

506 3315 652 3384 ὀὐχί
677 3311 919 3384 μᾶλλον
945 3314 986 3384 ἠ
1013 3313 1290 3370 διακονία
1333 3315 1442 3372 τοῦ
1476 3319 1818 3388 πνεύματος
1853 3318 2029 3374 ἔσται

516 3404 587 3457 ἑν
632 3403 781 3473 δόξῃ
804 3420 825 3471 ;

515 3501 584 3548 α’.
607 3491 793 3559 Εἶπεν,
826 3496 909 3550 ὃτι
935 3493 1131 3550 λίθιναι
1152 3498 1208 3550 αἱ
1228 3495 1436 3562 πλάκες
1459 3500 1515 3552 αί
1532 3499 1830 3566 Μωϋσέως,
1852 3500 1927 3564 ὡς
1947 3501 2030 3554 ὅτι

447 3586 751 3660 γράμματα
779 3583 946 3658 εἶχον,
982 3588 1077 3642 καὶ
1108 3589 1189 3642 ὅτι
1225 3589 1487 3660 σάρκιναι
1508 3585 1690 3656 αὗται,
1719 3593 1775 3644 αἱ
1809 3591 2030 3662 καρδίαι

445 3679 552 3733 τῶν
569 3679 906 3743 ἀποστόλων,
925 3680 1020 3733 καὶ
1044 3678 1319 3749 πνεύματι
1346 3677 1489 3752 ἦσαν
1514 3682 1974 3754 ἐγγεγραμμέναι
2010 3697 2024 3712 ⁸

448 3771 547 3825 καὶ
595 3771 676 3823 ὅτι
723 3771 784 3824 τὸ
836 3771 934 3841 μέν
985 3773 1222 3842 γράμμα
1267 3774 1602 3838 ἀποκτείνει,
1635 3774 1696 3828 τὸ
1721 3775 1778 3828 δέ
1813 3775 2032 3846 πνεῦμα

447 3857 708 3923 ζωοποιεῖ
729 3876 744 3891 ο
774 3859 1021 3912 ἐλείπετο
1038 3860 1224 3914 λοιπὸν
1244 3865 1310 3933 τῇ
1337 3864 1627 3934 συγκρίσει
1649 3864 1824 3937 ταύτῃ
1862 3881 2030 3935 προσο

441 3950 620 4003 θεῖναι
645 3953 740 4002 καὶ
769 3950 954 4019 ἕτερον
984 3950 1045 4003 οὐ
1077 3953 1291 4022 μικρὸν,
1316 3953 1376 4006 τὸ
1394 3955 1493 4024 τῆς
1521 3953 1678 4026 δόξης
1707 3955 1986 4020 Μωῦσέως
2012 3973 2026 3987 ο

446 4042 585 4111 ὅπερ
631 4040 863 4095 ἐνταῦθα
891 4041 1067 4106 οὐδεὶς
1094 4038 1235 4096 εἶδεν
1273 4045 1368 4098 ἐπὶ
1404 4048 1504 4116 τῆς
1542 4048 1755 4116 Καινῆς
1789 4049 1902 4111 τοῖς
1931 4046 2025 4101 τοῦ

449 4133 709 4203 σώματος
735 4131 1058 4203 ὀφθαλμοῖς.
1085 4132 1178 4186 Διὸ
1201 4133 1294 4187 καὶ
1321 4133 1468 4205 μέγα
1492 4136 1668 4190 ἐδόκει
1689 4132 1848 4201 εἶναι,
1881 4139 2030 4191 ἐπει-

443 4221 510 4294 δὴ
530 4223 763 4295 αἰσθητὴ
788 4219 856 4296 ἦν
878 4223 1004 4290 δόξα
1025 4242 1039 4257 ·
1075 4224 1376 4296 ὀφθαλμοῖς
1394 4226 1502 4298 γάρ
1522 4228 1733 4299 ἑωρᾶτο
1757 4229 2028 4298 σώματος,

435 4316 496 4368 εί
528 4315 624 4370 καὶ
641 4316 938 4387 ἀπρόσιτος
953 4312 1052 4389 ἦν’
1087 4316 1196 4388 ἠδὲ
1222 4316 1322 4388 τῆς
1352 4318 1561 4389 Καινῆς
1595 4320 1783 4392 νοητή.
1815 4321 1888 4374 Οὐ
1920 4323 2030 4390 γὰρ

447 4406 624 4480 σαφὴς
652 4411 764 4473 τοῖς
784 4408 1198 4481 ἀσθενεστέροις
1237 4409 1341 4481 τῆς
1387 4411 1648 4483 τοιαύτης
1703 4413 1979 4485 ὑπεροχῆς
1997 4415 2030 4485 ἡ

439 4501 783 4572 κατάληψις·
811 4501 926 4556 ἀλλ’
962 4501 1145 4572 ἐκείνη
1175 4501 1380 4573 μᾶλλον
1405 4504 1601 4569 αὐτοὺς
1619 4505 1634 4524 ⁶
1664 4498 1792 4574 ἦρε,
1810 4505 1905 4558 καὶ
1928 4505 2030 4556 ἐπ-

442 4590 684 4662 έστρεφε
716 4592 854 4663 πρὸς
885 4594 1108 4664 ἐαυτήν.
1159 4594 1312 4648 Ἐπεὶ
1336 4592 1431 4650 οὖν
1461 4596 1542 4658 είς
1575 4595 1782 4667 ταύτην
1804 4597 2030 4652 ἐνέπεσε

444 4683 546 4752 τὴν
589 4683 880 4756 σύγκρισιν
900 4726 914 4750 ,
939 4686 1034 4738 καὶ
1059 4687 1354 4752 σπουδάζει
1386 4686 1560 4753 δεῖξαι
1587 4687 1686 4757 τὴν
1713 4689 1988 4762 ὑπεροχὴν
2011 4729 2027 4755 ,

447 4775 654 4848 σφόδρα
691 4776 748 4830 δὲ
780 4775 1036 4830 δύσκολον
1073 4774 1142 4849 ἦν
1172 4779 1260 4833 διά
1287 4778 1350 4833 τὺ
1383 4779 1530 4850 παχὺ
1557 4777 1664 4831 τῶν
1701 4779 1987 4850 ἀκροατῶν
2011 4796 2027 4811 ο

445 4869 550 4939 δρα
577 4867 630 4922 τί
651 4869 816 4932 ποιεῖ,
836 4869 1060 4934 καὶπῶς
1076 4871 1208 4925 αὐτὸ
1236 4870 1535 4943 μεθοδεύει,
1559 4871 1776 4942 πρῶτον
1805 4871 1914 4926 ἀπὸ
1941 4872 2030 4926 λο-

445 4961 658 5034 γισμῶν
677 4961 829 5036 [480]
843 4962 941 5034 τὴν
955 4963 1217 5034 διαφορὰν
1232 4964 1588 5033 είσάγων,καὶ
1604 4963 1816 5018 πλέκων
1832 4965 2030 5029 αὐτοὺς

445 5051 557 5106 ἀπὸ
601 5054 712 5108 τῶν
746 5053 1058 5128 ἔμπροσθεν
1093 5055 1421 5128 εἰρημένων.
1475 5057 1538 5110 Εἰ
1577 5056 1687 5129 γάρ
1712 5057 1895 5128 ἐκείνη
1929 5057 2029 5128 μὲν

445 5144 704 5209 θανάτου,
742 5145 881 5219 αῦτη
908 5147 962 5201 δὲ
989 5145 1198 5219 ζωῆςή
1231 5147 1497 5214 διακονία,
1533 5149 1903 5220 ἀναμφίϐολον
1946 5149 2029 5203 ὅτι

448 5237 544 5292 καὶ
572 5238 606 5308 ἡ
643 5237 768 5305 δόξα
818 5239 956 5312 αῦτη
1011 5241 1214 5311 μείζων
1261 5241 1500 5310 ἐκείνης,
1548 5241 1733 5310 φησίν.
1796 5240 2023 5313 Ἐπειδὴ

447 5327 559 5400 γὰρ
595 5329 700 5384 οὐκ
732 5327 877 5401 εἶχεν
919 5333 1091 5403 αὐτὴν
1120 5332 1292 5398 δεῖξαι
1317 5336 1430 5395 τοῖς
1454 5333 1751 5405 ὀφθαλμοῖς
1781 5336 1892 5397 τοῖς
1920 5351 2029 5386 σω·-

451 5423 723 5492 ματικοῖς,
777 5421 856 5492 τῷ
921 5423 1267 5494 συλλογισμῷ
1327 5425 1670 5495 παρέστησεν
1733 5424 1908 5496 αὐτῆς
1961 5423 2023 5477 τὸ

447 5514 717 5587 ὑπερέχον
743 5554 757 5580 ,
797 5513 971 5583 λέγων
997 5530 1012 5545 °
1045 5518 1114 5570 Εί
1143 5515 1211 5568 δὲ
1246 5517 1284 5584 ἡ
1319 5517 1594 5570 διακονία
1624 5516 1731 5571 τοῦ
1765 5516 2028 5576 θανάτου

449 5606 704 5677 ἐγενήθη
732 5608 806 5662 ὲν
833 5607 982 5676 δόξῃ
1013 5649 1028 5671 ,
1060 5608 1187 5672 πῶς
1232 5607 1369 5676 οὐχί
1405 5607 1650 5677 μᾶλλον
1680 5608 1714 5675 ὴ
1752 5592 2026 5664 διακονία

452 5697 558 5750 τοῦ
587 5702 931 5770 πνεύματος
949 5701 1120 5754 ἔσται
1147 5701 1216 5754 ἐν
1241 5699 1428 5770 δόξῃ;
1466 5700 1752 5754 Διακονίαν
1779 5701 1835 5754 δὲ
1865 5700 2030 5753 θανά-

2144 2870 2242 2909 του
2272 2854 2367 2907 τὸν
2397 2852 2562 2922 νόμον
2591 2849 2761 2920 λέγει.
2783 2850 2895 2906 Καὶ
2912 2850 3107 2906 σκόπει
3137 2850 3254 2914 πῶς
3277 2853 3372 2904 καὶ
3402 2853 3462 2905 ἐν
3489 2854 3557 2924 τῇ
3587 2869 3709 2922 συγ-

2133 2945 2316 3016 κρίσει
2369 2943 2571 3015 πολλὴν
2616 2945 2850 2998 ποιεῖται
2896 2943 2996 3014 τὴν
3057 2943 3382 3012 ἀσφάλειαν,
3425 2944 3570 2998 ὥστε
3609 2965 3719 3017 μη-

2131 3036 2326 3107 δεμίαν
2359 3035 2545 3091 δοῦναι
2573 3039 2685 3098 τοῖς
2719 3037 3017 3108 αίρετικοῖς
3057 3035 3250 3105 λαϐήν.
3297 3037 3375 3090 Οὔ
3407 3037 3515 3108 γὰρ
3537 3032 3713 3102 εἷπεν,

2142 3129 2203 3183 '0
2226 3127 2511 3200 ποιητικὸς
2549 3127 2645 3181 τοῦ
2681 3127 2945 3194 θανάτου,
2980 3125 3114 3191 ἀλλ’,
3182 3127 3254 3182 Ἠ
3305 3127 3578 3183 διακονία
3605 3133 3715 3185 τοῦ

2136 3207 2400 3274 θανᾶτου
2424 3235 2438 3250 ο
2478 3219 2718 3272 διακονεῖ
2765 3218 2874 3289 γὰρ
2934 3220 3018 3282 εἰς
3075 3217 3346 3287 θάνατον,
3377 3219 3471 3272 οὐκ
3528 3219 3709 3273 ἔτικτε

2134 3309 2384 3365 θάνατον.
2439 3308 2503 3363 Ἦ
2537 3309 2648 3380 γάρ
2675 3308 2770 3363 τοῦ
2814 3309 3047 3365 θανάτου
3090 3312 3372 3382 ποιητικὴ,
3407 3313 3438 3380 ἡ
3469 3311 3712 3381 ἁμαρτία

2138 3400 2209 3474 ἦν
2229 3418 2243 3432 °
2276 3396 2434 3466 οὗτος
2477 3403 2535 3456 δέ
2578 3401 2678 3474 τὴν
2711 3402 2934 3456 κόλασιν
2965 3402 3161 3473 ἐπῆγε,
3197 3403 3294 3457 καὶ
3321 3403 3420 3473 τῆς
3444 3403 3715 3475 ἁμαρτίας

2133 3495 2405 3558 δεικτικὸς
2423 3491 2491 3566 ἦν
2513 3533 2529 3559 ,
2552 3495 2614 3548 οὐ
2645 3495 2932 3565 ποιητικός
2958 3511 2972 3526 ⁸
3004 3494 3362 3550 ἀπεκάλυπτε
3408 3500 3519 3567 γὰρ
3549 3496 3716 3563 σαφέ-

2136 3604 2328 3659 στερον
2350 3586 2410 3640 τὸ
2432 3578 2717 3640 κακὸνκαὶ
2737 3587 3021 3651 ἐκόλαζεν,
3051 3587 3152 3641 οὐκ
3182 3585 3314 3640 ὤθει
3333 3589 3414 3651 είς
3435 3589 3496 3642 τὸ
3525 3587 3714 3642 κακόνο

2135 3679 2233 3732 καὶ
2263 3677 2527 3746 διηκόνει,
2563 3678 2626 3731 οὐ
2654 3679 2791 3748 πρὸς
2823 3681 2885 3732 τὸ
2914 3677 3171 3746 γενέσθαι
3199 3679 3475 3750 ἁμαρτίαν
3496 3680 3528 3750 ἢ
3550 3680 3713 3733 θάναο

2133 3788 2247 3836 τον,
2302 3770 2440 3824 ἀλλά
2497 3771 2635 3841 πρὸς
2691 3770 2753 3824 τὸ
2805 3771 2991 3825 δοῦναι
3046 3771 3206 3842 δίκην
3244 3774 3336 3825 τὸν
3362 3772 3709 3843 ἁμαρτόνταο

2133 3862 2273 3916 ὥστε
2305 3863 2399 3914 καὶ
2435 3862 2781 3932 ἀναιρετικὸς
2799 3857 2869 3932 ἦν
2899 3862 3071 3934 ταύτῃ
3111 3863 3213 3932 τῆς
3247 3863 3534 3932 ἁμαρτίας.

2220 3951 2280 4002 '0
2324 3949 2431 4020 γὰρ
2461 3949 2602 4003 οὕτω
2631 3949 2872 4021 φοϐερὰν
2905 3951 3077 4022 αὐτὴν
3109 3951 3343 4015 δεικνὺς,
3377 3950 3598 4022 εὔδηλον
3626 3951 3718 4008 ὅτι

2136 4041 2232 4095 καὶ
2261 4041 2500 4110 φευκτὴν
2547 4043 2710 4094 ποιεῖ.
2749 4041 2961 4111 ’Ὠσπερ
3002 4038 3094 4096 οῦν
3119 4044 3148 4096 ὁ
3187 4044 3249 4096 τὸ
3273 4043 3426 4113 ξίφος
3459 4060 3705 4114 μεταχει-

2136 4131 2338 4204 ρίζων,
2367 4131 2581 4186 καὶτὸν
2619 4133 2914 4188 κατάδικον
2964 4136 3315 4207 ἀποτέμνων,
3358 4138 3595 4192 διακονεῖ
3635 4137 3715 4209 τῷ

2132 4225 2361 4296 δικαστῇ
2390 4224 2831 4294 ἀποφαινομένῳ,
2859 4227 2956 4280 καὶ⁹
2991 4228 3094 4281 οὐκ
3121 4229 3291 4293 αὐτός
3316 4232 3465 4284 ἐστιν
3487 4232 3517 4284 ό
3550 4233 3708 4285 ἀναι-

2136 4317 2282 4388 ρῶν,
2309 4317 2488 4370 καίτοι
2524 4334 2587 4386 γε
2633 4317 2798 4382 αὐτὸς
2842 4319 3186 4390 ἀποτέμνων,
3223 4321 3341 4374 ἀλλ’
3370 4322 3491 4375 οὒδέ
3526 4323 3556 4374 ὁ
3579 4324 3713 4376 ἀπο-

2134 4410 2462 4481 φαινόμενος
2509 4410 2607 4464 καὶ
2655 4410 3037 4477 καταδικάζων
3062 4450 3077 4476 ,
3121 4411 3240 4465 ἀλλ’
3275 4413 3308 4483 ἡ
3341 4412 3436 4466 τοῦ
3488 4413 3713 4478 κολαζο-

2136 4502 2302 4571 μένου
2324 4515 2350 4544 ι
2372 4501 2626 4573 πονηρία⁶
2645 4501 2787 4556 οὕτω
2815 4502 2880 4574 δὴ
2901 4503 2997 4558 καὶ
3015 4503 3248 4557 ἐνταῦθα
3266 4505 3367 4557 οὐκ
3385 4505 3547 4568 αὐτὸς
3562 4507 3714 4559 ἀναι-

2134 4596 2240 4666 ρεῖ,
2259 4594 2376 4648 ἀλλ’
2396 4597 2430 4665 ἡ
2451 4595 2700 4664 ἁμαρτία
2719 4613 2733 4627 ·
2764 4594 2904 4666 αὕτη
2925 4595 3019 4648 καὶ
3034 4594 3224 4666 ἀνῄρει
3247 4595 3342 4650 καὶ
3353 4597 3674 4661 κατεδίκαζε
3697 4613 3710 4627 ⁸

2133 4684 2552 4757 τιμωρούμενος
2601 4685 2661 4739 δέ
2713 4677 2890 4752 οὗτος,
2945 4686 3166 4757 ἐκείνης
3225 4687 3560 4758 ὑπετέμνετο
3614 4689 3712 4758 τὴν

2135 4779 2293 4850 ἰσχὺν
2315 4819 2331 4844 ,
2358 4777 2439 4849 τῷ
2473 4777 2625 4848 φόϐῳ
2659 4779 2760 4850 τῆς
2790 4779 3064 4849 τιμωρίας
3099 4779 3444 4834 ἀναστέλλων
3485 4782 3661 4851 αὐτήν
3692 4819 3708 4834 .

2133 4871 2247 4924 Οὐκ
2273 4869 2518 4940 ἠρκέσθη
2548 4870 2605 4923 δὲ
2629 4870 2805 4941 τούτῳ
2841 4870 2988 4941 μόνῳ
3012 4873 3092 4935 είς
3123 4870 3224 4942 τὴν
3248 4873 3592 4941 παράστασιν
3609 4872 3713 4941 τῆς

2132 4962 2430 5033 ὑπεροχῆς,
2464 4962 2601 5016 ἀλλά
2628 4962 2723 5017 καὶ
2753 4963 2940 5034 ἕτερον
2981 4963 3328 5034 προστίθησι,
3357 4964 3563 5034 λέγων·
3607 4965 3709 5018 Ἐν
3738 4967 3746 4982 ¹

2129 5054 2474 5126 γράμμασιν
2522 5054 2978 5126 ἐντετυπωμένη
3033 5055 3104 5109 ἐν
3147 5056 3367 5121 λίθοις.
3396 5056 3542 5127 Ὅρα
3590 5055 3708 5117 πῶς

2132 5149 2297 5203 πάλιν
2326 5148 2696 5220 ὑποτέμνεται
2729 5148 2790 5200 τὸ
2822 5149 3077 5219 φρόνημα
3110 5148 3170 5202 τὸ
3210 5148 3515 5202 Ἰουδαϊκόν.
3545 5147 3709 5202 Οὐδὲν

2129 5241 2239 5311 γὰρ
2263 5241 2450 5311 ἓτερον
2476 5235 2543 5310 ἦν
2577 5239 2610 5308 ἥ
2641 5240 2947 5311 γράμματα
2971 5243 3000 5292 ό
3028 5241 3194 5310 νόμος
3215 5259 3229 5271 ο
3273 5241 3335 5293 οὐ
3369 5239 3595 5310 βοήθειά
3623 5255 3710 5303 τις

2132 5332 2240 5385 ἀπὸ
2261 5331 2371 5385 τῶν
2398 5331 2746 5402 γραμμάτων
2773 5332 3090 5403 ἐκπηδῶσα,
3126 5333 3222 5386 καὶ
3253 5333 3568 5403 ἐμπνέουσα
3596 5333 3712 5394 τοῖς

2131 5423 2580 5492 ἀγωνιζομένοις,
2615 5423 2868 5496 καθάπερ
2900 5423 2989 5476 ἐπὶ
3022 5422 3116 5477 τοῦ
3143 5423 3544 5492 βαπτίσματος,
3573 5420 3714 5474 ἀλλά

2137 5513 2331 5583 στῆλαι
2365 5513 2460 5568 καὶ
2490 5515 2702 5585 γραφαὶ¹
2733 5515 2962 5569 θάνατον
3002 5515 3268 5585 φέρουσαι
3296 5515 3410 5576 τοῖς
3429 5513 3498 5565 τὰ
3527 5512 3714 5583 γράμ-

2137 5625 2281 5678 ματα
2330 5605 2781 5676 παραϐαίνουσιν.
2833 5601 2983 5670 Εἶδες
3036 5605 3152 5668 πῶς
3198 5602 3582 5675 διορθούμενος
3611 5602 3715 5675 τὴν

2198 5710 2223 5737 ⁸
2255 5710 2284 5756 Α
2297 5747 2308 5768 ,
2341 5709 2784 5770 καταδικαζομένου.
