4070 6152
333 420 433 477 ιιι

337 545 500 602 quam
531 526 750 583 verbum
781 523 1114 580 obsctenum.
1148 517 1225 575 Ae
1251 531 1417 582 none,
1443 519 1490 572 si
1518 516 1705 573 fmteat
1733 531 1816 582 os,
1850 531 1920 571 ne

344 621 412 674 ad
442 630 755 675 communes
791 613 1008 685 quidem
1035 611 1187 666 cibos
1213 609 1514 665 admitteris
1531 651 1546 672 ,
1587 623 1710 664 cum
1737 617 1918 663 autem

337 713 517 767 anima
541 723 709 779 usque
727 706 860 761 adeo
881 704 1084 768 fteteat,
1104 701 1236 757 heus
1257 709 1336 766 tu,
1362 699 1617 772 mysteria
1639 699 1916 769 percipere
1951 739 1962 753 κ

339 819 451 858 non
486 799 742 856 dubitas?
775 799 852 853 Ac
877 797 921 851 si
948 794 1142 865 aliquis
1183 806 1280 848 vas
1318 793 1584 862 impurum
1613 790 1919 860 acciperet,

340 903 502 962 atque
523 893 575 946 in
597 903 778 946 mensa
801 899 889 942 tua
914 885 1220 946 collocaret,
1248 882 1475 937 fustibus
1494 895 1708 952 quoque
1725 893 1923 935 caesum

341 986 492 1039 illum
521 985 767 1052 exigeres
792 997 804 1031 :
833 988 890 1032 tu
911 992 1044 1032 vero
1063 977 1228 1031 Deum
1251 973 1458 1029 habens
1476 973 1530 1027 in
1552 983 1736 1026 mensa
1759 971 1925 1040 ipsius

338 1078 548 1142 (mensa
575 1072 716 1124 enim
745 1069 916 1138 ipsius
958 1081 1022 1121 os
1068 1074 1311 1120 nostrum
1341 1070 1443 1126 est,
1475 1076 1594 1116 cum
1633 1061 1924 1132 gratiarum

338 1165 556 1235 plenum
584 1163 714 1231 est),
733 1159 924 1228 quovis
950 1158 1160 1227 impuro
1181 1170 1307 1210 vase
1328 1153 1737 1210 exsecrabiliora
1761 1151 1926 1206 verba

340 1255 617 1325 proferens
637 1294 653 1313 ,
682 1265 868 1321 quaeso
913 1261 965 1304 te
987 1291 1001 1313 ,
1049 1264 1156 1302 non
1196 1261 1318 1303 eum
1343 1247 1409 1300 ad
1448 1245 1774 1299 iracundiam
1803 1257 1927 1313 pro-

338 1361 534 1402 Vocare
563 1345 756 1412 putas?
784 1353 839 1398 et
863 1341 956 1412 qui"
975 1341 1079 1394 hoc
1101 1338 1215 1394 fieri
1237 1336 1431 1406 queat?
1447 1331 1587 1390 Nihil
1609 1334 1752 1388 enim
1771 1347 1927 1402 aeque

340 1447 587 1493 sanctum
615 1435 765 1489 illum
792 1445 856 1487 ac
884 1445 1077 1502 purum
1115 1426 1399 1483 exacerbat
1426 1465 1442 1489 ,
1486 1433 1544 1478 ut
1578 1423 1742 1479 verba
1766 1421 1885 1477 haec
1907 1464 1921 1478 .

345 1520 481 1575 nihil
530 1519 602 1572 ita
633 1515 949 1572 temerarios
977 1523 1032 1568 et
1060 1509 1402 1580 impudentes
1430 1507 1677 1562 homines
1707 1505 1926 1573 reddit,

342 1624 402 1668 nt
435 1607 741 1681 huiusmodi
769 1606 931 1662 verba
964 1604 1107 1674 loqui
1135 1612 1191 1657 et
1218 1601 1443 1656 audire:
1469 1598 1605 1654 nihil
1642 1611 1796 1668 atque
1824 1611 1924 1667 pu-

342 1703 541 1759 dicitia:
571 1715 766 1756 nervos
794 1696 1061 1767 refringit.
1082 1705 1143 1750 ut
1165 1693 1399 1758 ﬂamma,
1419 1706 1539 1762 qua:
1564 1705 1660 1761 per
1687 1704 1752 1746 ea
1778 1689 1926 1745 exci-

349 1803 509 1848 tatur.
542 1793 682 1848 Deus
713 1797 1041 1860 unguentum
1071 1786 1153 1840 ori
1195 1795 1288 1839 tuo
1334 1781 1619 1852 imposuit;
1663 1788 1756 1836 tuo
1797 1793 1932 1835 vero

347 1885 612 1940 cadavere
638 1880 906 1936 imtidiora
938 1877 1100 1934 verba
1131 1876 1184 1930 in
1214 1889 1282 1930 eo
1311 1873 1594 1937 recondis,
1626 1879 1786 1942 atque
1814 1870 1928 1924 ani-

346 1993 489 2035 mam
536 1979 702 2048 ipsam
747 1973 948 2029 occidis
994 1981 1048 2025 et
1093 1967 1420 2024 immobilem
1470 1964 1668 2019 reddis.
1716 1962 1927 2018 Etenim

344 2084 466 2125 cum
491 2070 725 2137 aliquem
751 2063 1074 2120 contumelia
1103 2057 1426 2136 afficis,_boc
1454 2071 1559 2110 non
1587 2055 1803 2120 animae,
1831 2052 1926 2108 sed

344 2160 640 2217 iracundiae
663 2171 768 2211 vox
796 2164 912 2221 est;
943 2168 1067 2209 cum
1094 2151 1347 2207 obscaena
1378 2147 1633 2218 loqueris,
1665 2161 1770 2200 non
1798 2145 1886 2200 illa
1909 2186 1924 2210 ,

344 2252 440 2308 sed
477 2251 644 2306 libido
668 2249 885 2318 loquuta
914 2254 1034 2311 est;
1065 2257 1188 2300 cum
1215 2241 1507 2305 obtrectas,
1541 2237 1734 2293 invidia
1760 2254 1776 2303 ;
1805 2253 1926 2294 cum

344 2341 566 2398 insidias
595 2339 780 2406 struis,
813 2335 1058 2392 avaritia.
1090 2333 1217 2388 Haec
1244 2330 1387 2387 enim
1419 2345 1526 2385 non
1556 2330 1751 2383 animae
1781 2336 1926 2395 sunt,

344 2436 438 2490 scd
461 2432 920 2504 perturbationum
941 2427 1110 2497 ipsius
1129 2441 1193 2480 ac
1214 2424 1545 2478 morborum.
1565 2419 1926 2488 Quemadmo-

345 2527 470 2580 dum
499 2524 644 2579 enim
673 2519 989 2589 corrumpi,
1024 2532 1130 2570 non
1169 2512 1484 2582 simpliciter
1522 2511 1768 2580 corporis
1803 2521 1885 2565 est
1908 2552 1926 2578 ,

1358 400 1423 459 IN
1461 399 1674 458 EPIST.
1715 399 1758 456 11
1822 398 1914 454 AD
1949 397 2106 454 COR.
2145 396 2376 455 ιιοιιιι..
2419 396 2529 454 VII.

3505 391 3609 448 ιη

2033 515 2131 571 sed
2160 515 2350 570 mortis
2375 524 2431 570 et
2457 514 2569 570 vitii
2595 512 2740 586 quod
2767 513 2821 568 in
2846 525 3075 584 corpore
3094 520 3182 568 est
3200 529 3213 566 :
3233 510 3424 566 eodem
3456 508 3616 566 modo

2031 605 2132 660 ista
2169 621 2382 675 quoque
2405 646 2424 672 ,
2466 604 2881 660 adventitiarum
2927 603 3124 659 anima:
3153 603 3615 674 perturbationum

2029 705 2174 750 sunt.
2204 696 2340 751 Nam
2369 697 2413 750 si
2441 697 2670 752 viventis
2695 697 2890 751 anima:
2919 711 3106 751 vocem
3132 695 3318 750 audire
3341 695 3426 748 vis
3447 735 3462 759 ,
3494 691 3620 747 audi

2034 785 2255 842 Paulum
2283 786 2551 843 dicentem
2577 807 2590 844 :
2619 787 2876 842 Habentes
2899 789 3140 842 alimenta
3157 829 3170 850 ,
3199 797 3248 842 et
3272 786 3452 858 quibus
3477 795 3618 857 tega-

2028 892 2146 930 mttr
2167 916 2180 940 ,
2209 877 2292 931 his
2316 879 2542 932 contenti
2568 895 2744 933 suetus
2783 878 2860 952 (1.
2893 877 3025 932 Tim.
3054 880 3107 934 5.
3136 879 3192 950 Β)
3217 895 3231 944 ;
3265 889 3352 945 et,
3385 879 3622 945 Quaestus

2031 985 2249 1040 magnus
2274 979 2348 1025 est
2377 971 2538 1042 pietas
2566 970 2729 1044 (Ibid.
2757 986 2807 1025 υ.
2840 971 2895 1043 6)
2925 988 2941 1038 ;
2971 980 3050 1038 et,
3077 971 3226 1038 Mihi,
3260 973 3482 1026 ntundtts
3504 986 3619 1024 eruo

2032 1063 2218 1132 ciﬁaus
2247 1075 2356 1131 est,
2387 1073 2437 1119 et
2461 1082 2552 1136 ego
2582 1064 2772 1119 mundo
2801 1063 2946 1135 (Gal.
2991 1064 3046 1120 6.
3091 1064 3206 1136 14).
3236 1063 3374 1120 Audi
3403 1063 3620 1118 Petrum

2031 1154 2320 1221 dicentem,
2342 1154 2621 1227 Argentum
2634 1165 2691 1224 et
2709 1171 2893 1210 aurum
2912 1171 3014 1210 non
3031 1165 3102 1209 est
3122 1155 3248 1208 mihi
3266 1170 3286 1219 ;
3301 1154 3437 1225 quod
3456 1161 3622 1207 autem

2034 1245 2192 1301 habeo
2210 1288 2226 1314 ,
2256 1247 2352 1301 hoc
2381 1248 2472 1303 tibi
2498 1248 2565 1302 do
2593 1247 2732 1321 (Act.
2763 1247 2818 1304 3.
2844 1247 2903 1318 6)
2927 1264 2941 1301 :
2964 1247 3088 1301 audi
3113 1245 3216 1302 Job
3240 1247 3437 1318 gratias
3462 1261 3624 1316 agcn~

2032 1347 2140 1393 tem
2185 1354 2250 1395 ac
2287 1339 2557 1396 dicentem
2578 1381 2594 1407 ,
2625 1339 2880 1394 Dominus
2919 1339 3096 1405 dedit,
3134 1337 3384 1394 Dominus
3417 1337 3624 1391 abstulit

2031 1428 2176 1501 (Job
2207 1429 2260 1486 l.
2304 1429 2417 1500 21).
2451 1430 2580 1486 llam
2614 1430 2842 1485 viventis
2885 1430 3079 1484 animae
3120 1427 3287 1484 verba
3316 1438 3476 1493 sunt,
3505 1427 3622 1481 lim

2031 1533 2182 1576 suam
2206 1523 2312 1576 vim
2339 1524 2656 1579 exserentis.
2684 1521 2774 1579 Sic
2797 1520 2966 1578 Jacob
2992 1522 3156 1577 etiam
3185 1519 3419 1588 dicebat,
3445 1519 3506 1576 Si
3535 1519 3624 1574 de-

2032 1612 2164 1666 derit
2189 1613 2313 1666 mihi
2341 1612 2588 1668 Dominus
2622 1629 2803 1682 panem
2825 1612 2894 1667 ad
2918 1611 3328 1668 manducandum
3347 1653 3362 1676 ,
3402 1621 3450 1664 et
3477 1612 3625 1666 vesti-

2032 1714 2256 1758 mentum
2285 1705 2352 1756 ad
2390 1703 2702 1759 induendum
2736 1703 2886 1776 (Gen.
2916 1704 3009 1760 28.
3040 1703 3136 1776 20)
3165 1721 3179 1759 :
3206 1704 3284 1758 sic
3310 1712 3367 1758 et
3393 1701 3621 1773 Ioseph,

2036 1794 2148 1861 Quo
2170 1803 2316 1864 pacto
2343 1796 2531 1865 faciam
2554 1796 2757 1850 uerbum
2778 1796 2875 1850 hoc
2897 1797 3112 1862 malum,
3144 1801 3190 1850 et
3215 1795 3428 1865 ρει-σαὺο
3452 1809 3622 1850 coram

2032 1883 2144 1938 Deo
2175 1883 2334 1954 (Ibid.
2369 1885 2456 1940 39.
2489 1885 2586 1955 9)?
2616 1887 2681 1940 At
2712 1901 2819 1940 non
2842 1885 3067 1956 perinde
3101 1885 3326 1940 barbara
3365 1885 3451 1940 illa
3477 1927 3492 1951 ,
3523 1885 3620 1941 sed

2035 1977 2186 2032 velut
2209 1977 2358 2032 ebria
2388 1992 2450 2034 ac
2475 1978 2736 2045 delirans,
2767 1979 2838 2032 ita
2864 1978 3184 2048 loquebatur
3206 1979 3413 2046 dicens,
3441 1977 3622 2034 Donni

2033 2082 2228 2120 mecum
2254 2066 2412 2136 (Ibid.
2444 2084 2492 2121 υ.
2524 2068 2602 2138 7).
2650 2069 2775 2121 Hth
2806 2068 2966 2138 igitur
3000 2083 3122 2123 cum
3161 2069 3472 2123 noverimus
3494 2109 3510 2135 ,
3539 2069 3620 2123 vi-

2031 2166 2244 2213 ventem
2274 2159 2509 2212 animam
2543 2159 2862 2214 mmulemnr
2881 2200 2897 2226 ,
2938 2167 3202 2213 mortuam
3233 2159 3498 2229 fugiamus
3520 2201 3538 2226 ,
3567 2169 3628 2215 ut

2034 2245 2263 2304 futttram
2295 2263 2506 2319 quoque
2533 2249 2698 2303 vitam
2743 2262 3142 2318 consequamur
3173 2266 3188 2302 :
3218 2261 3384 2318 quam
3415 2251 3622 2305 utinam

2033 2341 2192 2397 nobis
2235 2342 2486 2396 omnibus
2530 2341 2785 2412 consequi
2828 2341 3126 2412 contingat,
3165 2355 3262 2411 per
3301 2341 3526 2412 gratiam
3570 2351 3627 2398 et

2035 2431 2443 2504 benignitatem,
2470 2443 2573 2488 etc.

354 2635 2588 2661 —___—..—————-———'_———_‘__-————

1734 2696 1907 2758 HOM
1916 2698 2081 2760 ILIA
2127 2700 2263 2761 VII.

347 2852 546 2908 (ΣΑιιοὸ.
569 2867 624 2903 v.
668 2849 724 2901 'l.
755 2845 906 2912 Quod
946 2845 990 2898 si
1024 2842 1331 2896 ministratio
1378 2841 1555 2894 mortis
1583 2839 1738 2893 literis
1776 2839 1932 2907 e/for-

425 2952 560 2995 mata
598 2941 652 2993 in
681 2938 960 3008 lapidibus,
988 2935 1084 3004 [uit
1114 2935 1168 2986 in
1207 2933 1393 3002 gloria,
1420 2933 1492 2984 ita
1518 2941 1573 2984 ut
1612 2948 1712 2984 non
1737 2941 1936 3001 possent

423 3035 518 3104 ﬁlii
540 3031 706 3087 Israel
735 3028 998 3084 intendere
1022 3028 1076 3079 in
1106 3025 1289 3095 faciem
1333 3022 1549 3094 Moysis,
1579 3033 1784 3093 propter
1821 3023 1937 3094 glo-

421 3127 550 3180 riam
577 3123 748 3178 oultus
789 3120 922 3188 ejus,
964 3132 1078 3187 quin
1116 3125 1389 3170 evacuatur
1410 3129 1430 3167 :
1459 3113 1513 3168 8.
1557 3113 1809 3182 quomodo
1838 3131 1940 3169 non

423 3217 582 3288 magis
607 3211 914 3268 ministratio
944 3209 1154 3274 spiritus
1179 3206 1272 3261 erit
1300 3206 1354 3259 in
1381 3205 1587 3275 gloria?

426 3309 477 3363 ι.
512 3307 732 3361 Dixerat
759 3300 903 3371 quod
933 3299 1096 3354 Mosis
1144 3297 1340 3352 tabulae
1387 3295 1614 3365 lapidea:
1653 3305 1856 3361 essent,
1885 3306 1942 3351 ut

353 3399 516 3452 etiam
542 3394 684 3466 quod
705 3394 889 3448 literas
914 3389 1199 3452 haberent,
1223 3395 1280 3441 et
1302 3386 1446 3455 quod
1477 3387 1720 3441 carnales
1738 3396 1937 3454 essent,

358 3485 721 3554 apostolorum
742 3480 930 3545 corda,
947 3488 1002 3534 et
1024 3478 1215 3548 spiritu
1237 3475 1524 3545 descripta,
1553 3483 1608 3529 et
1627 3476 1766 3544 quod
1791 3476 1942 3530 litera

361 3575 655 3640 occideret,
686 3571 902 3641 spiritus
943 3577 1123 3624 autem
1168 3565 1489 3622 viviﬁcarct.
1517 3564 1808 3636 Supererat
1831 3566 1942 3635 jam

365 3667 491 3722 huic
532 3661 919 3734 comparationi
947 3659 1090 3716 aliud
1121 3674 1228 3714 non
1271 3657 1538 3712 modicum
1560 3655 1940 3725 adjiciendum,

361 3774 556 3827 nempe
604 3756 766 3812 Musis
811 3753 980 3824 gloria
1010 3769 1025 3808 :
1055 3765 1216 3822 quam
1264 3749 1482 3820 quidem
1533 3762 1692 3801 nemo
1741 3744 1843 3800 hoc
1890 3745 1942 3800 in

361 3851 509 3906 Novo
539 3847 882 3902 Testamento
909 3841 1188 3913 corporeis
1216 3838 1385 3894 oculis
1415 3836 1564 3891 vidit.
1599 3834 1752 3890 Unde
1781 3836 1942 3889 etiam

361 3957 550 4012 magna
581 3937 884 4001 videbatur,
913 3933 1165 4004 quoniam
1194 3929 1362 4000 gloria
1389 3943 1450 3984 ea
1481 3927 1582 3982 sub
1617 3941 1833 3982 sensum
1856 3941 1944 3980 ca-

360 4034 561 4088 debat:
604 4028 850 4099 corporis
903 4026 1048 4082 enim
1097 4023 1267 4078 oculis
1315 4021 1656 4087 cernebatur,
1707 4020 1831 4074 licet
1874 4017 1941 4072 ad

362 4142 478 4181 eam
519 4123 778 4180 accedere
807 4133 969 4175 nemo
999 4125 1202 4188 posset,
1242 4129 1363 4170 cum
1391 4122 1577 4169 contra
1603 4113 1770 4184 gloria
1809 4111 1942 4166 Novi

362 4215 694 4272 Testamenti
741 4212 1022 4268 intellectu
1062 4214 1401 4264 cerneretur.
1434 4204 1618 4274 Neque
1661 4204 1804 4258 enim
1842 4203 1942 4257 im-

362 4306 728 4363 becillioribus
773 4303 1053 4374 perspicua
1091 4306 1177 4354 est
1217 4295 1518 4366 ltujusmodi
1571 4293 1943 4362 praecellentia!

362 4398 594 4468 cognitio
621 4412 637 4461 ;
682 4410 867 4450 verum
894 4393 1062 4462 gloria
1090 4390 1177 4444 illa
1207 4387 1376 4458 magis
1402 4400 1496 4441 eos
1532 4382 1839 4449 attollebat,
1862 4391 1942 4438 at-

361 4504 468 4558 que
495 4487 562 4542 ad
588 4503 647 4542 se
674 4484 1046 4542 convertebat.
1071 4479 1333 4548 Quoniam
1360 4478 1522 4546 igitur
1560 4476 1615 4529 in
1642 4474 1943 4561 lntjusmodi

362 4579 815 4651 comparationem
855 4575 1137 4638 inciderat,
1166 4580 1326 4641 atque
1351 4578 1607 4640 quantum
1646 4567 1762 4622 haec
1800 4565 1942 4620 illam

362 4669 650 4726 antecellat
691 4668 1065 4723 demonstrare
1103 4661 1374 4726 studebat,
1408 4659 1566 4730 idque
1605 4666 1825 4728 propter
1848 4673 1944 4711 an-

366 4762 594 4817 ditorum
624 4760 926 4816 crassitiem
953 4756 1170 4812 difﬁcile
1202 4764 1353 4818 erat;
1387 4753 1507 4807 vide
1533 4751 1658 4819 quid
1687 4750 1864 4816 faciat,
1889 4758 1945 4804 et

361 4870 467 4926 qua
488 4860 604 4908 arte
639 4851 690 4907 id
717 4851 968 4906 moliatur
997 4868 1008 4904 :
1042 4849 1216 4919 primo
1246 4847 1500 4908 rationes,
1528 4845 1805 4914 exquibus
1833 4843 1946 4898 dis-

361 4948 565 5000 crimen
609 4953 970 5015 agnoscatur,
1022 4941 1309 5000 inducens,
1359 4952 1557 5003 easque
1604 4952 1668 4990 ex
1720 4937 1784 4991 iis
1823 4952 1943 5007 quae

318 5067 324 5073 -
361 5048 488 5094 ante
510 5038 717 5093 dixerat
752 5045 1068 5091 contexens.
1101 5033 1233 5088 Nam
1281 5031 1323 5085 si
1370 5030 1459 5084 illa
1509 5031 1716 5093 mortis,
1749 5031 1938 5099 inquit,

363 5132 478 5185 lucc
525 5139 704 5184 autem
738 5129 861 5182 vita:
891 5124 1213 5181 ministratio
1243 5131 1360 5186 est;
1404 5119 1622 5175 dubium
1671 5134 1790 5173 esse
1835 5135 1941 5174 non

363 5231 562 5293 potest,
589 5222 714 5291 quin
739 5220 855 5274 hanc
875 5234 1086 5289 quoque
1112 5215 1278 5287 gloria
1309 5214 1453 5267 illam
1484 5210 1787 5264 antecellat.
1809 5210 1941 5276 Quia

358 5313 503 5368 enim
551 5312 729 5367 facere
777 5325 881 5365 non
911 5316 1147 5380 poterat,
1179 5317 1237 5360 nt
1281 5305 1556 5374 corporeis
1611 5301 1778 5355 oculis
1821 5317 1940 5356 eam

360 5403 704 5475 spectandam
738 5407 1081 5473 proponeret,
1103 5398 1268 5468 ipsius
1296 5395 1601 5466 praestantia
1628 5402 1942 5463 argumento

359 5494 656 5550 declaravit
683 5491 868 5546 dicens
895 5507 910 5544 :
945 5489 1096 5555 Quod
1138 5488 1182 5540 si
1214 5484 1521 5538 ministratio
1550 5483 1722 5536 mortis
1754 5484 1848 5554 fuit
1887 5483 1942 5538 t'n

359 5587 549 5656 gloria,
581 5585 834 5654 quomodo
872 5598 971 5635 non
1004 5580 1164 5650 magis
1211 5576 1515 5630 ministratio
1539 5575 1746 5644 spiritus
1773 5575 1867 5628 erit
1888 5575 1941 5629 in

361 5679 528 5746 gloria
552 5677 577 5730 .’
627 5678 729 5731 Per
756 5674 946 5729 mortis
975 5681 1156 5726 autem
1183 5668 1539 5724 ministerium
1568 5668 1736 5735 legem
1780 5667 1938 5723 intel-

364 5768 498 5836 ligit.
531 5769 704 5837 Atque
730 5765 941 5820 interim
983 5762 1122 5829 vide,
1153 5775 1309 5832 quam
1357 5758 1544 5814 sedulo
1587 5759 1639 5813 in
1670 5759 1766 5812 ista
1793 5774 1940 5812 cont-

367 5859 646 5930 paratione
671 5867 877 5924 caveat,
897 5872 963 5913 ne
993 5854 1151 5910 ullam
1180 5851 1444 5909 hmrcticis
1466 5867 1650 5908 ansam
1681 5850 1932 5920 praebeat.

2041 2842 2159 2899 Non
2201 2847 2346 2900 enim
2390 2847 2566 2914 dixit,
2605 2847 2718 2904 Lex
2760 2858 2986 2904 mortem
3025 2849 3209 2914 efﬁcit,
3258 2849 3390 2912 sed,
3439 2849 3624 2903 Mortis

2041 2937 2346 2991 ministratio
2371 2947 2483 2993 est:
2513 2948 2742 2994 mortem
2768 2939 2911 2994 enim
2937 2940 3298 3006 ministrabat,
3319 2955 3424 2995 non
3448 2951 3625 2995 autem

2045 3028 2306 3097 pariebat.
2338 3029 2470 3084 Nam
2502 3039 2777 3098 peceatum
2819 3031 2869 3086 id
2900 3041 3038 3096 erat,
3066 3031 3210 3102 quod
3247 3042 3475 3087 mortem
3513 3031 3628 3086 efli-

2042 3117 2255 3182 ciebat;
2297 3121 2384 3175 lex
2413 3129 2592 3176 autem
2619 3121 2938 3191 supplicium
2990 3122 3300 3184 invehebat.
3329 3137 3392 3177 ac
3433 3137 3624 3192 pecea-

2045 3217 2154 3262 tum
2179 3208 2468 3276 indicabat,
2487 3227 2593 3266 non
2621 3221 2799 3267 autem
2823 3212 3070 3268 faciebat.
3086 3213 3283 3267 Malum
3303 3212 3446 3268 enim
3471 3227 3629 3282 aper-

2045 3299 2150 3355 tius
2176 3300 2478 3371 detegebat,
2519 3318 2583 3357 ac
2609 3303 2907 3372 plectebat,
2938 3319 3048 3358 non
3090 3313 3270 3358 autem
3317 3301 3384 3357 ad
3429 3303 3626 3357 malum

2045 3391 2352 3461 impellebat
2384 3412 2397 3448 :
2429 3410 2604 3465 neque
2663 3396 2730 3448 ad
2782 3395 2833 3449 id
2868 3395 3228 3461 ministrabat,
3254 3403 3313 3448 ut
3352 3405 3628 3462 peccatum

2045 3483 2220 3550 ﬁeret,
2252 3495 2344 3539 aut
2374 3501 2520 3540 mors
2548 3486 2858 3553 exsisteret,
2885 3487 2978 3541 sed
3005 3495 3062 3540 ut
3091 3499 3278 3556 poenas
3302 3484 3454 3539 daret
3475 3487 3518 3538 is
3537 3487 3629 3554 qui

2046 3585 2353 3644 peccasset:
2381 3591 2446 3632 ac
2473 3576 2700 3646 proinde
2724 3576 2828 3632 hac
2853 3592 3068 3648 quoque
3097 3576 3307 3632 ratione
3347 3587 3626 3645 peccatum

2045 3665 2278 3720 delcbat.

2119 3757 2224 3811 Lex
2246 3759 2499 3826 quomodo
2541 3768 2754 3814 mortem
2797 3758 3062 3826 alferebat.
3084 3788 3154 3800 ——
3179 3758 3312 3813 Nam
3341 3757 3468 3813 dum
3517 3757 3630 3826 ipsa

2045 3857 2323 3916 peccatum
2347 3848 2481 3903 adeo
2506 3848 2899 3904 formidandum
2927 3864 3048 3905 esse
3070 3849 3397 3912 ostenderet,
3419 3848 3633 3917 procul-

2044 3937 2207 3991 dubio
2252 3937 2356 3992 hoc
2385 3938 2548 3994 etiam
2593 3939 2841 4003 faciebat,
2875 3949 2932 3993 ut
2971 3939 3145 4009 ipsum
3173 3938 3481 4007 fugiendum
3510 3952 3634 3992 esse

2045 4028 2338 4084 videretur.
2365 4029 2513 4084 Sicut
2538 4029 2698 4100 igitur
2722 4030 2787 4094 is,
2810 4031 2899 4100 qui
2921 4044 3106 4085 ensem
3138 4030 3190 4084 in
3219 4045 3411 4083 manus
3443 4029 3630 4092 sumit,

2044 4134 2108 4174 ac
2129 4120 2269 4175 sonti
2290 4129 2450 4191 caput
2474 4131 2732 4192 amputat,
2751 4123 2918 4193 jndici
2945 4123 3302 4192 pronuntianti
3327 4121 3630 4176 ministrum

2044 4226 2104 4264 se
2130 4209 2369 4280 praebet;
2402 4227 2575 4282 neque
2604 4213 2721 4283 ipse
2745 4221 2829 4268 est
2856 4216 2948 4283 qui
2973 4215 3252 4281 interimit,
3284 4215 3492 4268 etiamsi
3518 4215 3634 4283 ipse

2049 4309 2211 4370 caput
2235 4301 2550 4366 abscindat;
2580 4319 2680 4358 nec
2702 4319 2914 4357 rursum
2947 4304 3011 4364 is,
3041 4303 3131 4372 qui
3160 4302 3479 4358 sententiam
3503 4317 3630 4371 pro-

2047 4389 2150 4445 fert
2175 4401 2232 4445 et
2257 4392 2602 4458 condemnat,
2633 4392 2728 4446 sed
2754 4392 2870 4461 ejus
2898 4391 2967 4446 de
2993 4407 3099 4462 quo
3120 4391 3439 4462 supplicium
3466 4394 3634 4446 sumi-

2049 4490 2134 4535 tur
2159 4482 2475 4551 improbitas
2517 4499 2531 4535 :
2579 4482 2651 4536 ita
2692 4481 2780 4536 hic
2805 4497 3018 4553 quoque
3041 4496 3149 4537 non
3177 4484 3263 4538 lex
3286 4496 3474 4538 necem
3501 4483 3631 4538 atl'e-

2046 4571 2219 4638 rebat,
2246 4572 2342 4627 sed
2369 4582 2645 4642 peccatum
2677 4573 2853 4643 ipsum
2880 4581 3016 4640 erat,
3047 4573 3190 4643 quod
3209 4583 3266 4628 et
3290 4573 3634 4630 interimebat

2046 4670 2102 4716 et
2128 4661 2555 4728 condemnabat;
2601 4663 2716 4720 haec
2761 4679 2912 4730 vero,
2943 4665 2995 4720 in
3042 4675 3250 4720 sontem
3293 4665 3634 4723 animadver-

2049 4768 2187 4825 tens,
2218 4759 2325 4813 vim
2353 4759 2497 4814 illius
2524 4760 2851 4825 succidebat,
2880 4759 3127 4830 supplicii
3157 4770 3304 4815 metu
3331 4777 3454 4816 eum
3480 4775 3634 4818 coer-

2046 4863 2202 4905 cens.
2249 4849 2360 4905 Ncc
2402 4865 2531 4905 vero
2574 4851 2703 4905 satis
2733 4850 2920 4905 habuit
2948 4849 3142 4906 Paulus
3172 4853 3491 4921 praestantia:
3531 4854 3631 4908 de-

2046 4938 2310 4994 claranda:
2340 4954 2500 4993 causa
2532 4941 2634 4994 hoc
2657 4939 2832 4994 solum
2875 4939 3182 5010 protulisse,
3212 4940 3305 4994 sed
3330 4941 3472 4996 aliud
3498 4958 3632 5011 qne-

2046 5047 2151 5101 que
2170 5030 2434 5100 adjungit,
2454 5030 2640 5086 dicens
2663 5048 2676 5083 :
2705 5028 2773 5085 In
2795 5031 2952 5087 literis
2971 5031 3253 5102 deformata
3273 5033 3328 5085 in
3349 5032 3627 5103 lapidibus.

2049 5120 2182 5175 Vide
2210 5119 2482 5189 quomodo
2531 5135 2720 5175 rursus
2772 5121 3027 5177 Iudaicos
3077 5121 3298 5190 spiritus
3342 5121 3625 5193 deprimat.

2045 5210 2185 5266 Nihil
2208 5210 2355 5265 enim
2381 5208 2529 5265 aliud
2571 5211 2662 5265 lex
2688 5221 2826 5275 erat,
2857 5226 3016 5281 quam
3063 5211 3270 5276 litera};
3312 5227 3418 5266 non
3449 5225 3626 5268 autem

2045 5301 2347 5357 subsidium
2397 5303 2562 5356 ullum
2595 5318 2627 5357 e
2661 5302 2832 5357 literis
2881 5301 3156 5372 prodicns,
3186 5313 3344 5372 atque
3387 5305 3631 5374 aspirans

2045 5397 2110 5452 iis
2140 5395 2229 5466 qui
2277 5394 2564 5462 dimicant,
2608 5395 2750 5449 sicut
2788 5395 2843 5450 in
2894 5394 3182 5465 baptismo,
3212 5395 3307 5451 sed
3355 5396 3549 5451 tabula:
3574 5404 3630 5450 et

2045 5488 2349 5557 scripturae,
2376 5498 2605 5541 mortem
2652 5486 2718 5542 iis
2747 5487 2836 5558 qui
2868 5485 3050 5541 literas
3094 5487 3364 5542 violabant
3402 5485 3628 5539 all‘eren-

2049 5587 2151 5634 tes.
2187 5577 2352 5632 Vides
2375 5593 2482 5647 quo
2510 5588 2668 5648 pacto
2694 5577 2970 5634 Iudaicum
3000 5580 3359 5634 contentionis
3388 5576 3624 5632 studium

2046 5671 2361 5736 retundens,
2393 5686 2488 5740 per
2526 5673 2640 5742 ipsa
2685 5687 2899 5742 quoque
2947 5671 3205 5726 vocabula
3255 5667 3626 5722 auctoritatem

2048 5763 2184 5832 legis
2213 5777 2357 5816 nunc
2383 5762 2618 5832 dejiciat,
2662 5763 2892 5833 lapidem
2938 5763 3124 5816 dicens
3153 5768 3208 5815 et
3237 5759 3421 5812 literas
3444 5764 3498 5810 et
3525 5756 3629 5810 mi-

2050 5853 2429 5910 nistrationem
2460 5853 2672 5921 mortis,
2703 5853 3012 5920 addensque
3055 5857 3337 5920 praetcrea,
3368 5845 3506 5915 quod
3536 5844 3630 5899 do-
