4070 6152
479 349 583 404 ΗΞ

477 468 705 526 formata
732 471 890 532 atque
919 459 1218 528 impressa?
1272 456 1406 512 llinc
1441 457 1585 511 enim
1630 455 1701 510 nil
1743 453 1888 508 aliud
1916 451 2057 508 desi-

481 566 643 622 gnat,
678 568 836 622 quam
866 547 1009 620 quod
1053 549 1137 602 lex
1183 549 1237 602 in
1281 562 1388 602 uno
1417 547 1537 601 loco
1565 545 1741 600 deﬁxa
1773 552 1908 608 erat,
1951 558 2059 598 non

480 641 931 714 quemadmodum
968 639 1208 708 Spiritus,
1239 639 1328 708 qui
1360 637 1555 706 ubique
1580 635 1786 698 aderat,
1814 637 1920 688 vim
1947 649 2061 688 ma-

477 751 638 805 gnam
663 733 873 788 cunctis
895 731 1164 799 inspirans
1191 749 1204 783 :
1236 729 1318 784 vel
1359 737 1508 784 certe
1536 728 1639 783 hoe
1675 726 1893 790 indicat,
1918 725 2059 796 quod

479 828 648 878 litera:
693 824 866 876 minas
913 823 1107 877 multas
1150 820 1425 884 elllabant,
1457 829 1512 874 et
1551 819 1771 889 quidem
1795 816 2060 887 ejusmodi

478 913 651 969 minas
674 930 794 984 qua:
813 913 981 968 deleri
1008 928 1110 966 non
1140 921 1380 982 possent,
1403 910 1496 965 sed
1526 926 1737 979 semper
1757 917 2056 972 manerent,

476 1017 668 1078 utpote
712 1008 862 1062 saxis
907 1006 1208 1076 insculptas.
1260 1003 1464 1058 Deinde
1492 1005 1676 1066 etiam,
1706 1001 1830 1055 dum
1877 1008 2059 1054 vetera

413 1111 420 1167 ξ
479 1099 728 1154 laudibus
772 1098 965 1153 elTerre
1008 1096 1236 1161 videtur,
1269 1110 1454 1150 rursus
1500 1094 1804 1148 Iudaeorum
1835 1106 2058 1146 accusa-

477 1193 676 1246 tionem
700 1190 859 1244 simul
892 1189 1165 1258 inspergit.
1192 1187 1322 1242 Cum
1351 1188 1492 1241 enim
1512 1187 1758 1250 dixisset,
1789 1184 1852 1238 In
1878 1184 2054 1248 literis,

476 1287 765 1356 deformata
791 1284 846 1337 in
886 1283 1162 1354 lapidibus,
1192 1283 1287 1351 fuit
1317 1282 1369 1333 in
1409 1279 1616 1351 gloria;
1647 1278 1941 1347 subjunxit,
1975 1275 2060 1328 lta

477 1385 533 1427 ut
571 1391 673 1429 non
699 1383 902 1444 possent
947 1373 1043 1442 ﬁlii
1079 1371 1244 1426 Israel
1270 1372 1527 1424 intendere
1554 1371 1606 1424 in
1639 1371 1822 1440 faciem
1866 1366 2054 1436 Moysi.

476 1467 632 1534 Quod
659 1466 876 1536 quidem
910 1479 1155 1534 magnam
1195 1478 1382 1519 eorum
1413 1461 1831 1516 imbecillitatem
1861 1456 2058 1512 animi-

475 1575 581 1629 que
610 1557 676 1614 ad
710 1574 796 1612 res
847 1567 1091 1614 terrenas
1137 1554 1556 1625 prepeusionem
1602 1550 1928 1607 declarabat.
1980 1549 2060 1602 Ae

475 1663 666 1703 rursus
694 1647 846 1714 dicit,
877 1663 1006 1713 non,
1039 1646 1267 1716 Propter
1317 1644 1614 1700 tabularum
1659 1641 1905 1711 gloriam,
1939 1638 2054 1703 sed,

475 1740 699 1810 Propter
737 1741 960 1812 gloriam
987 1740 1156 1793 vultus
1178 1740 1304 1809 ejus,
1330 1753 1444 1808 qua:
1489 1745 1775 1790 evacuatur.
1815 1729 2060 1787 Ostendit

471 1833 616 1889 enim
639 1849 785 1900 eum,
814 1835 906 1903 qui
937 1832 1143 1887 tabulas
1176 1831 1402 1896 ferebat,
1437 1829 1606 1900 gloria
1639 1827 1802 1890 allici,
1830 1841 1934 1880 non
1959 1839 2056 1877 au-

474 1934 586 1980 tem
618 1924 756 1980 illas.
792 1924 908 1980 Non
937 1927 1080 1980 enim
1104 1923 1258 1987 dixit,
1288 1923 1424 1988 Quia
1473 1936 1579 1975 non
1630 1927 1850 1989 possent
1879 1918 2056 1971 inten-

473 2015 605 2070 dere
654 2016 706 2070 in
753 2015 984 2080 tabulas,
1012 2015 1130 2081 sed,
1162 2013 1228 2067 In
1267 2014 1466 2066 vultum
1514 2010 1752 2079 Mogsis:
1783 2023 1846 2063 ac
1873 2022 2056 2060 rursus

469 2122 578 2160 non
609 2105 764 2171 dixit,
795 2107 1023 2176 Propter
1047 2105 1274 2175 gloriam
1309 2103 1630 2162 tabularum,
1674 2099 1792 2167 sed,
1840 2097 2058 2166 Propter

468 2197 691 2266 gloriam
718 2198 884 2250 vultus
915 2198 1096 2265 ipsius.
1142 2195 1344 2250 Deinde
1393 2203 1673 2262 postquam
1698 2205 1815 2245 eam
1842 2189 2052 2252 extulit,

467 2285 588 2342 vide
603 2303 709 2357 quo
732 2295 886 2357 pacto
900 2302 1021 2342 eam
1043 2300 1228 2340 rursus
1242 2283 1674 2353 dejiciatdicens,
1695 2282 1819 2347 Qua:
1840 2297 2056 2334 evacua-

467 2387 582 2431 tur:
601 2393 923 2447 quamquam
949 2377 1050 2430 hoc
1074 2375 1432 2430 accusationis
1460 2374 1722 2427 rationem
1743 2387 1848 2425 non
1871 2370 2052 2436 habet,

466 2467 566 2522 sed
595 2467 1011 2522 extenuatiouis.
1034 2466 1151 2520 Non
1171 2467 1313 2521 enim
1336 2464 1494 2526 dixit,
1521 2463 1651 2530 Quae
1672 2472 1922 2530 corrupta
1945 2470 2050 2527 est,

468 2565 583 2622 aut,
613 2557 744 2624 Qua:
789 2557 929 2612 mala
953 2569 1073 2623 θείς
1113 2557 1230 2620 sed,
1259 2557 1388 2624 Quae
1429 2555 1642 2620 desinit,
1682 2569 1746 2608 ac
1777 2553 1936 2607 linem
1965 2567 2054 2605 ae-

465 2647 616 2716 cipit.
650 2647 916 2714 Quomodo
955 2665 1056 2702 non
1087 2649 1248 2718 magis
1280 2647 1581 2701 ministratio
1625 2646 1837 2715 spiritus
1866 2644 1959 2698 erit
1999 2643 2052 2696 in

468 2738 677 2808 gloria?
732 2738 939 2793 Fidenti
972 2741 1114 2793 enim
1162 2739 1342 2792 animo
1384 2739 1495 2807 jam
1540 2736 1674 2790 Novi
1723 2733 2052 2791 Testameuti

467 2829 782 2900 dignitatem
823 2830 1042 2896 attollit,
1079 2839 1138 2885 ut
1163 2831 1339 2886 omnis
1369 2829 1716 2884 dubitationis
1745 2834 2044 2896 expertem.

467 2925 546 2978 Ac
576 2923 699 2979 vide
721 2924 847 2993 quid
877 2925 1022 2995 agit:
1057 2925 1309 2996 opposuit
1342 2925 1571 2994 lapidem
1593 2922 1838 2988 cordi,et
1863 2921 2048 2976 literas

467 3016 701 3084 spiritui.
747 3016 951 3072 Deinde
978 3032 1100 3072 cum
1133 3032 1195 3071 ea
1237 3033 1356 3086 qua:
1399 3031 1464 3070 ex
1511 3016 1752 3082 utrisque
1786 3014 2053 3068 orirentur

465 3105 780 3169 indicasset,
811 3122 916 3160 non
947 3107 1055 3176 jam
1087 3123 1208 3178 qua:
1235 3124 1300 3162 ex
1322 3108 1566 3176 utrisque
1595 3107 1702 3160 sint
1731 3106 1914 3176 ponit;
1956 3103 2051 3158 sed

469 3205 652 3262 postea
679 3212 840 3266 quam
865 3195 916 3250 id
939 3198 1081 3266 quod
1119 3213 1148 3250 a
1188 3198 1340 3252 litera
1368 3208 1544 3251 ortum
1575 3197 1736 3250 habet
1763 3196 2044 3264 expressit,

466 3300 661 3356 nempe
687 3297 915 3342 mortem
939 3297 994 3342 et
1015 3288 1539 3348 condemnationem.
1567 3287 1616 3341 id
1641 3286 1781 3356 quod
1806 3303 1834 3340 a
1860 3286 2048 3356 spiritu

465 3378 846 3446 proficiscitur,
881 3393 987 3433 non
1039 3380 1166 3434 item
1213 3380 1485 3449 exprimit,
1517 3377 1618 3432 hoc
1652 3389 1756 3444 est,
1787 3377 1948 3431 vitam
1995 3383 2050 3430 et

457 3468 743 3540 justitiam,
774 3471 870 3526 sed
897 3472 1073 3542 ipsum
1103 3473 1348 3542 spiritum
1377 3491 1391 3526 :
1425 3472 1566 3541 quod
1595 3471 1809 3539 quidem
1838 3483 2046 3524 sermo-

465 3576 587 3616 nem
628 3563 1011 3633 ampliﬁeabat.
1042 3563 1251 3619 Novum
1301 3565 1442 3618 enim
1492 3563 1894 3618 Testamentum
1940 3576 2045 3614 non

462 3653 627 3708 vitam
656 3657 827 3709 solam
873 3655 1054 3722 dabat,
1084 3655 1177 3710 sed
1207 3656 1366 3710 etiam
1414 3657 1681 3725 spiritum,
1715 3669 1746 3708 a
1792 3669 1898 3724 quo
1941 3653 2045 3707 vita

461 3746 807 3813 alferebatur,
841 3749 1285 3804 subministrabat
1317 3767 1330 3801 :
1362 3748 1504 3818 quod
1537 3751 1642 3802 vita
1679 3747 1845 3801 multo
1876 3745 2046 3814 majus

463 3846 601 3891 erat.
635 3836 764 3891 Ideo
792 3837 947 3901 dixit,
977 3837 1293 3891 Ministratio
1342 3839 1571 3907 spiritus.
1607 3839 1684 3892 Ac
1713 3847 1895 3904 postea
1929 3851 2046 3889 rur-

462 3940 554 3978 sus
584 3925 827 3980 eamdem
861 3942 972 3980 rem
1007 3927 1254 3992 inculcat,
1287 3927 1512 3982 dicens:
1553 3927 1610 3982 9.
1655 3925 1796 3980 Nam
1821 3927 1865 3980 si
1893 3927 2045 3980 mini-

465 4016 644 4071 stratio
667 4018 1032 4085 damnationis,
1057 4020 1244 4089 gloria.

534 4109 590 4164 9..
623 4110 700 4164 Ac
720 4109 1008 4166 dilucidius
1034 4113 1256 4182 exponit
1281 4110 1532 4181 quidnam
1566 4111 1650 4166 his
1682 4111 1859 4166 verbis
1881 4111 2046 4180 signi-

463 4201 674 4270 ﬁcetur,
709 4201 881 4257 Litera
925 4203 1145 4268 occidit;
1191 4204 1294 4258 hoc
1322 4204 1572 4258 videlicet
1601 4204 1869 4274 inquiens,
1902 4203 2041 4272 quod

461 4303 590 4350 ante
616 4293 868 4361 diximus,
903 4311 1098 4365 nempe
1126 4295 1295 4366 legem
1342 4307 1620 4367 peccatum
1654 4295 1909 4361 indicare,
1936 4310 2040 4349 non

464 4398 645 4443 autem
671 4389 908 4444 efﬁcere.
938 4389 1104 4444 Multo
1127 4391 1287 4460 magis
1316 4389 1620 4443 ministratio
1635 4389 1852 4458 justitia:
1876 4389 2036 4442 abun-

456 4477 546 4531 dat
571 4478 623 4531 in
639 4477 824 4549 gloria.
848 4480 1058 4535 Etenim
1101 4480 1291 4534 tabula:
1322 4480 1430 4535 illze
1451 4491 1764 4550 peceatores
1782 4481 2036 4536 ostende-

461 4567 612 4632 bant,
639 4584 702 4622 ac
731 4570 994 4639 supplicio
1032 4571 1382 4627 efficiebant:
1418 4572 1531 4626 haec
1571 4582 1749 4628 autem
1795 4582 2042 4643 peccato-

460 4674 554 4714 res
579 4675 686 4714 non
714 4662 876 4715 modo
905 4679 1010 4716 non
1039 4665 1312 4732 puniebat,
1331 4663 1426 4718 sed
1455 4665 1616 4718 etiam
1639 4665 1815 4733 justos
1845 4665 2043 4720 efﬁcie-

465 4752 592 4817 bat;
634 4753 931 4822 baptismus
958 4757 1100 4811 enim
1139 4758 1242 4812 hoc
1268 4757 1611 4827 largiebatur.
1649 4758 1735 4812 ll).
1771 4757 1890 4811 Non
1911 4759 2042 4811 enim

465 4843 810 4912 gloriﬁcatum
855 4855 950 4911 est,
981 4847 1116 4916 quod
1159 4848 1503 4917 glori/iculum
1546 4857 1616 4901 est
1645 4849 1699 4902 in
1745 4848 1839 4902 hac
1879 4860 2040 4918 parte,

465 4947 672 5007 propter
713 4939 1032 4992 excellentem
1075 4939 1312 5010 gloriam.
1358 4940 1738 5011 Superioribus
1781 4941 1962 4995 verbis
1991 4941 2044 4995 id

463 5028 683 5096 quidem
709 5029 960 5092 ostendit,
988 5031 1130 5099 quod
1163 5030 1262 5085 hoc
1289 5048 1503 5102 quoque
1543 5033 1597 5086 in
1625 5033 1795 5103 gloria
1823 5033 1911 5097 sit,
1945 5048 2045 5089 nec

463 5119 778 5188 simpliciter
791 5121 842 5175 in
859 5121 1154 5190 gloria,sed
1169 5121 1309 5192 quod
1326 5124 1485 5177 etiam
1499 5123 1734 5178 abundet
1752 5142 1764 5177 :
1782 5139 1885 5178 non
1899 5124 2044 5178 enim

467 5207 630 5274 dixit,
658 5211 937 5276 Quomodo
965 5229 1069 5268 non
1098 5215 1264 5284 magis
1305 5216 1628 5270 ministratio
1675 5215 1894 5284 spiritus
1943 5216 2048 5271 erit

471 5300 523 5354 in
547 5301 754 5372 gloria?
781 5303 894 5368 sed,
924 5304 1159 5358 Abundat
1188 5307 1239 5359 in
1266 5307 1432 5376 gloria
1455 5323 1474 5370 ;
1525 5307 1844 5376 supradictis
1892 5305 2048 5359 nimi-

470 5407 589 5447 rum
629 5396 957 5461 argumentis
1003 5395 1056 5448 id
1087 5396 1338 5464 probans.
1386 5396 1483 5451 Hic
1530 5412 1658 5466 vero
1687 5395 2046 5466 prmcellentia

470 5498 683 5554 quoque
714 5492 912 5553 quanta
940 5485 1030 5551 sit,
1063 5486 1144 5538 his
1175 5487 1350 5540 verbis
1372 5487 1644 5541 ostendit:
1675 5487 1719 5540 si
1751 5485 1892 5540 hanc.
1915 5501 2044 5541 cum

474 5575 560 5629 illa
592 5589 923 5644 comparem,
962 5590 1028 5629 ne
1061 5576 1227 5646 gloria
1257 5577 1468 5645 quidem
1496 5587 1580 5633 est
1609 5577 1816 5633 Veteris
1848 5577 2042 5632 Testa-

472 5667 638 5721 menti
676 5667 868 5738 gloria.
895 5667 1100 5734 Quibus
1129 5669 1305 5724 verbis
1346 5685 1450 5725 non
1480 5671 1582 5726 hoc
1605 5671 1919 5740 simpliciter
1942 5671 2041 5726 ad-

473 5761 652 5823 struit,
672 5759 808 5828 quod
833 5760 997 5831 gloria
1021 5777 1124 5816 non
1150 5765 1236 5831 sit,
1255 5760 1349 5819 scd
1368 5762 1777 5833 comparationis
1805 5763 2042 5823 ratione;

1207 335 1261 398 S.
1303 340 1582 398 JOANNIS
1616 337 2087 397 CIIRYSOSTOMI
2127 337 2440 394 ARClllEP.
2477 337 3007 396 CONSTANTiNOP.

3653 335 3760 394 ιιι

2171 452 2312 508 unde
2337 453 2497 507 etiam
2524 454 2824 524 subjunxit,
2853 453 2919 509 In
2951 455 3046 508 hac
3075 462 3237 524 parte,
3268 452 3371 510 hoc
3395 459 3500 517 est,
3529 452 3578 506 si
3603 467 3760 509 eom-

2166 544 2368 612 paratio
2416 543 2689 600 habeatur.
2744 543 2854 600 Nec
2883 553 3057 600 tamen
3100 545 3201 598 hoc
3230 542 3395 598 Vetus
3438 540 3758 598 Testamen-

2172 643 2283 688 tum
2325 633 2574 700 traducit,
2602 636 2696 690 sed
2725 637 3071 691 vehementer
3097 634 3257 689 etiam
3279 633 3452 702 ipsum
3479 647 3756 688 commen-

2167 725 2298 779 dat:
2329 728 2529 781 etenim
2559 729 2992 796 comparationes
3029 725 3096 781 de
3149 726 3311 780 rebus
3358 725 3602 792 cegnatis
3639 723 3756 780 ﬁeri

2166 830 2582 874 Consueveruut.
2629 820 2746 875 Mox
2797 819 2941 874 aliud
2988 826 3362 888 argumentum
3389 827 3589 881 movet,
3611 817 3754 884 quod

2165 911 2270 964 alia
2299 925 2516 980 quoque
2544 915 2752 965 ratione
2794 910 3157 980 prazstantiam
3189 909 3542 964 demonstrat.
3584 907 3754 974 Quale

2166 1001 2348 1056 istud?
2377 1002 2638 1057 Nimirum
2670 1019 2698 1058 a
2733 1015 2974 1072 tempore
2995 1003 3210 1056 dicens:
3241 1002 3328 1054 Η.
3347 1001 3408 1056 Si
3432 1011 3596 1054 autem
3615 1000 3756 1069 quod

2165 1103 2459 1160 evacuatur,
2490 1110 2578 1163 per
2601 1095 2819 1162 gloriam
2845 1105 2915 1148 est
2940 1111 2957 1157 ;
2999 1094 3160 1146 multo
3202 1096 3363 1162 magis
3403 1092 3455 1144 id
3477 1092 3609 1160 quod
3631 1109 3754 1144 ma-

2161 1185 2266 1248 ~net,
2297 1195 2373 1239 est
2398 1187 2448 1238 in
2477 1186 2663 1255 gloria.
2689 1185 2821 1240 Illud
2850 1185 2992 1239 enim
3026 1186 3182 1238 linem
3212 1183 3454 1251 accepit;
3497 1183 3595 1237 hoc
3622 1198 3752 1249 per-

2165 1285 2326 1345 petuo
2357 1287 2555 1332 manet.
2608 1279 2695 1333 12.
2742 1278 2999 1332 Habentes
3025 1279 3180 1347 igitur
3209 1277 3360 1330 talem
3385 1292 3545 1346 spent,
3589 1276 3752 1330 multa

2164 1366 2354 1433 ﬁducia
2380 1369 2589 1422 utimur.
2613 1369 2744 1435 Quia
2770 1369 2913 1424 enim
2941 1368 3154 1421 auditor
3175 1377 3252 1422 tot
3270 1383 3334 1422 ac
3355 1376 3496 1421 tanta
3518 1365 3587 1421 de
3603 1366 3751 1421 Novo

2164 1458 2513 1515 Testamento
2536 1462 2799 1526 audierat,
2815 1470 2978 1532 atque
3002 1461 3139 1514 hanc
3158 1461 3382 1530 gloriam
3413 1459 3584 1512 oculis
3611 1458 3744 1527 ipsis

2167 1564 2427 1618 usurpare
2453 1552 2724 1621 cupiebat,
2756 1553 2874 1606 vide
2903 1568 3138 1622 quonam
3169 1562 3326 1620 pacto
3366 1551 3542 1621 ipsum
3572 1548 3638 1602 ad
3669 1547 3751 1602 fu-

2166 1652 2344 1695 turum
2369 1659 2540 1697 :evum
2575 1644 2799 1712 rejieiat.
2825 1643 2951 1699 Ideo
2975 1659 3125 1713 spem
3157 1643 3207 1696 in
3239 1642 3475 1696 medium
3503 1640 3745 1710 protulit,

2162 1733 2368 1798 dicens,
2407 1735 2664 1790 Habentes
2699 1736 2855 1806 igitur
2876 1737 3025 1790 talem
3046 1751 3206 1805 spent.
3235 1734 3462 1801 Qualem
3494 1731 3747 1786 tandem?

2162 1825 2315 1891 Quod
2349 1826 2608 1895 majorem
2649 1827 2961 1896 dignitatem
3006 1841 3164 1896 quam
3209 1826 3385 1880 Moses
3429 1821 3747 1892 consequuti

2159 1931 2367 1977 smnus.
2413 1932 2518 1971 non
2557 1927 2758 1971 tantum
2788 1933 2886 1970 nos
2915 1917 3164 1986 apostoli,
3211 1915 3308 1970 sed
3350 1916 3512 1970 etiam
3556 1929 3747 1969 omnes

2163 2008 2369 2064 ﬁdeles.
2405 2009 2572 2062 Multa
2603 2010 2794 2078 ﬁducia
2836 2011 3046 2062 utimur.
3094 2008 3247 2078 Apud
3292 2009 3487 2078 quem?
3517 2021 3742 2076 quaeso;

2160 2101 2298 2169 apud
2336 2102 2522 2166 Deum,
2552 2117 2620 2156 an
2661 2101 2801 2170 apud
2831 2100 3162 2169 discipulos?
3205 2099 3358 2168 Apud
3406 2111 3519 2157 vos,
3549 2096 3745 2164 inquit,

2159 2207 2293 2260 quos
2315 2193 2608 2260 discipulos
2629 2193 2802 2247 habeo
2827 2211 2840 2246 :
2863 2193 2964 2246 hoc
2985 2203 3070 2247 est
3091 2207 3108 2245 :
3127 2191 3259 2246 Cum
3281 2191 3525 2245 libertate
3546 2187 3746 2256 ubique

2160 2285 2450 2354 loquimur,
2474 2285 2602 2339 nihil
2633 2287 2985 2351 occultantes,
3012 2285 3140 2339 nihil
3169 2284 3588 2343 dissimulantes,
3610 2281 3745 2336 nihil

2160 2377 2518 2445 suspicantes,
2550 2378 2644 2432 sed
2677 2380 2956 2447 perspicue
2997 2378 3278 2458 loqueqtes
3306 2393 3322 2426 ε
3357 2389 3458 2430 nec
3494 2389 3746 2428 veremur

2122 2516 2133 2526 .
2160 2483 2228 2521 ne
2256 2468 2535 2522 oculorum
2559 2478 2862 2523 vestrorum
2893 2469 3061 2522 aciem
3095 2467 3536 2534 perstringamus,
3554 2478 3745 2533 quem-

2157 2560 2444 2614 admodum
2477 2561 2652 2616 Moses
2681 2561 3010 2614 Judacornm.
3056 2560 3186 2614 Nam
3213 2559 3354 2630 quod
3388 2559 3526 2612 istud
3558 2557 3743 2611 subin-

2158 2650 2370 2706 diearit.
2416 2651 2538 2705 audi
2589 2667 2710 2720 quae
2756 2661 3082 2720 sequuntur;
3136 2652 3241 2704 imo
3286 2665 3416 2703 vero
3463 2647 3741 2702 historiam

2159 2741 2308 2810 prius
2352 2740 2553 2796 referre
2586 2741 2949 2795 necessarium
2979 2750 3062 2795 est
3087 2759 3099 2794 :
3134 2756 3254 2795 nam
3285 2753 3337 2794 et
3365 2740 3478 2808 ipse
3506 2755 3624 2793 eam
3654 2753 3743 2792 as-

2159 2831 2311 2886 sidue
2339 2842 2536 2884 versat.
2562 2833 2818 2899 Quaenam
2846 2831 3005 2901 igitur
3035 2841 3116 2885 est
3145 2830 3259 2885 ha-c
3291 2827 3560 2884 historia?
3605 2828 3738 2881 Cum

2156 2920 2332 2976 Moses
2375 2924 2608 2994 acceptis
2653 2922 2828 2978 denuo
2882 2923 3076 2976 tabulis
3120 2923 3513 2987 descenderet,
3570 2921 3738 2987 gloria

2156 3013 2400 3082 qnmdam
2432 3030 2493 3067 ex
2546 3014 2712 3084 ipsius
2764 3013 2907 3066 vultu
2939 3014 3218 3075 exsiliens,
3252 3013 3388 3067 adeo
3433 3011 3736 3081 el'fnlgehat,

2157 3113 2216 3156 ut
2244 3103 2412 3158 Judaei
2441 3119 2541 3158 nee
2569 3105 2633 3156 ad
2662 3119 2782 3157 eum
2825 3103 3106 3167 accedere,
3138 3117 3236 3157 nec
3262 3117 3383 3156 cum
3413 3115 3480 3155 eo
3505 3098 3736 3168 colloqui

2159 3204 2406 3262 possent,
2441 3212 2714 3266 quousque
2743 3195 2896 3250 faciei
2928 3213 3038 3250 suae
3085 3196 3328 3250 velamen
3375 3194 3727 3264 imposuisset.

2155 3285 2244 3342 Sic
2270 3289 2410 3341 enim
2445 3289 2496 3341 in
2542 3287 2730 3342 Exodo
2777 3289 3034 3357 scriptum
3071 3298 3154 3343 est
3188 3309 3201 3343 :
3234 3287 3362 3341 Cum
3400 3284 3727 3338 descendisset

2158 3378 2364 3450 Moyses
2390 3379 2453 3434 de
2482 3390 2667 3445 monte,
2699 3382 2815 3435 dua:
2844 3383 3030 3435 tabulae
3071 3391 3212 3434 erant
3242 3381 3293 3434 in
3338 3380 3560 3432 manibus
3597 3377 3725 3446 ejus.

2159 3470 2226 3526 Et
2250 3471 2513 3541 ignorabat
2538 3474 2674 3543 quod
2694 3474 3010 3543 gloriﬁcatus
3026 3483 3150 3526 esset
3170 3483 3404 3541 aspectus
3426 3471 3568 3542 [aciei
3591 3469 3734 3540 ejus:

2154 3573 2203 3617 et
2230 3564 2500 3616 timuerunt
2530 3566 2940 3634 appropinquare
2963 3566 3027 3618 ei.
3072 3562 3136 3616 Et
3178 3565 3370 3616 vocavit
3397 3579 3481 3616 eos
3511 3561 3729 3629 Moyses,

2153 3667 2200 3712 et
2227 3658 2462 3728 loquutus
2491 3669 2565 3711 est
2605 3659 2674 3710 ad
2701 3675 2805 3712 eos.
2854 3657 2918 3710 Et
2955 3667 3216 3728 postquam
3261 3657 3471 3709 cessarit
3510 3654 3643 3718 loqui
3668 3651 3735 3704 ad

2151 3767 2255 3816 eos,
2283 3751 2522 3820 imposuit
2549 3751 2700 3821 faciei
2726 3767 2833 3804 sua:
2859 3751 3106 3803 velamen.
3136 3748 3263 3800 Cum
3290 3758 3457 3800 autem
3479 3745 3730 3814 ingredie-

2153 3844 2304 3898 batur
2341 3855 2396 3898 ut
2433 3843 2720 3914 loqueretur
2763 3861 2932 3898 coram
2976 3843 3215 3906 Domino,
3262 3841 3463 3893 tollebat
3503 3839 3728 3890 velamen

2148 3953 2408 4007 quousque
2441 3937 2759 4007 egrederetur
2797 3936 2816 4006 (
2845 3935 3014 3989 Exod.
3040 3936 3127 3990 54.
3151 3934 3220 3988 ΞΣ)
3239 3964 3262 3974 -
3281 3933 3347 3985 54
3365 3929 3405 4001 ).
3438 3929 3604 3998 Hujus
3645 3927 3730 3980 hi-

2146 4027 2325 4081 εισι-επ
2357 4029 2681 4080 mentionem
2715 4025 2915 4080 faciens
2945 4027 3018 4079 ait
3047 4043 3059 4079 :
3096 4027 3180 4079 15.
3214 4023 3272 4076 Et
3297 4038 3396 4074 non
3427 4021 3554 4073 sicut
3579 4017 3731 4088 Moy-

2147 4132 2225 4170 ses
2259 4117 2471 4186 ponebat
2498 4118 2719 4170 velamen
2747 4133 2899 4187 super
2939 4117 3118 4187 faciem
3148 4131 3314 4178 suam,
3345 4122 3399 4166 ut
3437 4128 3535 4165 non
3566 4111 3730 4162 inten-

2150 4208 2325 4262 derent
2365 4209 2461 4276 ﬁlii
2489 4208 2655 4264 Israel
2679 4211 2731 4263 in
2755 4212 2936 4280 [aciem
2965 4211 3075 4281 ejus
3099 4210 3234 4272 quod
3258 4217 3548 4262 evacuatur.
3578 4202 3728 4271 Quod

2147 4309 2326 4354 autem
2353 4300 2502 4365 dicit,
2536 4311 2618 4354 est
2647 4301 2907 4372 ejusmodi
2943 4321 2956 4356 :
2988 4301 3125 4356 Nihil
3155 4315 3377 4354 necesse
3405 4307 3506 4354 est.
3541 4307 3597 4350 ut
3621 4295 3730 4348 illo-

2148 4392 2224 4446 sis
2255 4393 2423 4447 instar
2446 4394 2693 4462 nosipsos
2719 4395 3029 4449 obvelemus
3060 4415 3072 4449 :
3103 4393 3325 4462 potestis
3352 4391 3498 4445 enim
3543 4390 3639 4458 ipsi
3675 4388 3725 4441 in

2146 4483 2370 4552 gloriam
2405 4484 2677 4554 hanc,qua
2706 4485 2864 4539 cincti
2886 4493 2938 4539 et
2959 4485 3130 4538 ornati
3153 4498 3358 4544 sumus,
3385 4480 3602 4538 intueri.
3627 4479 3726 4534 etsi

2148 4573 2318 4627 multo
2347 4575 2516 4644 major
2553 4589 2614 4628 ac
2650 4574 2978 4643 splendidior
3006 4582 3088 4628 est
3117 4588 3272 4642 quam
3301 4571 3387 4625 illa
3425 4571 3606 4626 illusis.
3639 4568 3730 4622 Vi-

2145 4667 2312 4722 desne
2337 4680 2590 4738 quantum
2632 4671 2704 4722 illi
2761 4670 3122 4739 profecerim?
3170 4669 3299 4723 Nam
3327 4669 3413 4738 qui
3456 4669 3508 4722 in
3551 4667 3730 4737 priore

2148 4760 2374 4826 epistola
2411 4759 2643 4823 dicebat,
2690 4759 2795 4814 Lac
2823 4762 2958 4814 vobis
3009 4771 3180 4828 potum
3230 4760 3366 4824 dedi,
3418 4775 3519 4812 non
3565 4757 3729 4809 cibum

2147 4849 2223 4917 (l.
2271 4847 2390 4903 Cor.
2439 4849 2491 4903 5.
2544 4850 2624 4920 2),
2668 4850 2755 4905 hic
2790 4854 2908 4906 ait:
2948 4851 3108 4903 Multa
3156 4850 3344 4919 ﬁducia
3391 4850 3625 4902 utimur:
3668 4862 3730 4900 ac

2147 4937 2347 4992 Mosem
2385 4938 2436 4992 in
2467 4939 2702 4994 medium
2732 4940 2998 5010 producit,
3026 4954 3440 5007 sermonemque
3465 4952 3557 5007 per
3584 4951 3733 4990 com-

2148 5027 2477 5099 parationem
2530 5033 2794 5102 provehit,
2828 5044 2885 5087 ut
2923 5033 3023 5087 hac
3051 5047 3264 5103 quoque
3294 5034 3496 5086 ratione
3523 5028 3733 5084 audito-

2149 5138 2262 5177 rem
2295 5123 2347 5177 in
2399 5124 2564 5177 altum
2614 5124 2894 5178 subducat.
2941 5125 3018 5178 Ae
3068 5125 3295 5193 primum
3340 5121 3540 5176 ludatis
3585 5121 3731 5187 ipsos

2149 5217 2424 5285 anteponit
2439 5217 2645 5282 dicens,
2666 5217 2778 5271 Non
2800 5233 2932 5287 opus
2958 5217 3218 5270 habemus
3240 5215 3522 5276 velamine,
3544 5228 3735 5281 quem-

2148 5309 2436 5363 admodum
2484 5311 2572 5363 ille
2620 5309 2759 5380 apud
2790 5326 2906 5376 eos,
2941 5311 3136 5380 quibus
3185 5319 3448 5379 praeerat:
3483 5321 3600 5376 qnte
3644 5319 3733 5357 se-

2149 5409 2385 5468 quuntur
2413 5409 2592 5453 autem
2623 5401 2688 5455 ad
2735 5400 3054 5470 legislatoris
3083 5401 3394 5469 dignitatem
3426 5397 3649 5458 ducunt,
3682 5401 3737 5448 et

2149 5489 2322 5544 multo
2372 5489 2573 5557 majora
2630 5501 2773 5544 sunt.
2828 5490 3044 5544 Interim
3095 5498 3440 5554 airtem,qu:e
3479 5484 3736 5547 deinceps

2150 5590 2473 5651 sequuntur,
2507 5581 2806 5636 audiamus.
2843 5581 2930 5636 14.
2963 5580 3068 5635 Sed
3094 5579 3256 5632 obtusi
3297 5587 3415 5632 sunt
3448 5590 3621 5630 sensus
3650 5589 3736 5626 eo.

2149 5688 2283 5727 rum.
2319 5671 2491 5740 Usque
2535 5673 2587 5724 in
2614 5673 2910 5726 hodiernum
2937 5673 3071 5724 enim
3098 5671 3230 5723 diem
3261 5668 3482 5737 idipsum
3510 5665 3740 5718 velamen

2151 5766 2202 5818 in
2233 5763 2448 5820 lectione
2482 5761 2673 5819 Veteris
2726 5762 3026 5818 Testamcnti
3077 5768 3238 5815 ntanet
3286 5774 3386 5812 non
3436 5757 3740 5824 revelatum,
