4070 6152
369 344 557 426 ,με

463 455 764 528 Ἰουδαῖκὴν
807 455 1156 525 φιλονεικίαν,
1208 457 1303 509 καὶ
1347 456 1436 509 διὰ
1460 455 1569 510 τῶν
1601 455 1884 526 ὀνομάτων
1912 454 2018 508 αὖα

452 549 563 604 τῶν
583 548 833 620 καθαιρεῖ
850 549 910 601 τὸ
933 547 1148 617 ἀξίωμα
1174 547 1320 602 λίθον
1358 550 1549 614 εἰπὼν,
1566 548 1664 602 καὶ
1682 550 2013 619 γράμματα,

459 643 556 697 καὶ
585 641 859 696 διακονίαν
880 640 1137 705 θανάτου,
1168 641 1265 696 καὶ
1298 641 1562 715 προσθεὶς
1598 641 1682 696 ὅτι
1713 643 2018 695 ἐντετυπω-

460 734 597 805 μένη
623 749 639 797 ;
682 732 961 786 Ἐντεῦθεν
992 733 1103 804 γάρ
1130 733 1283 787 οὐδὲν
1312 735 1443 789 ἀλλο
1463 733 1757 804 ἐμφαίνει,
1784 733 1820 805 ή
1852 733 1933 787 ὅτι
1962 733 2021 785 ἐν

458 825 537 879 ἐνὶ
584 824 768 895 χωρίῳ
796 825 825 878 ό
848 825 1013 896 νόμος
1057 825 1261 897 ἵδρυτο,
1295 825 1358 878 οὐ
1404 825 1656 896 καθάπερ
1690 824 1752 878 τὸ
1805 822 2021 891 πνεῦμα

455 912 730 983 πανταχοῦ
771 915 958 985 παρῆν
983 914 1184 986 πολλὴν
1208 916 1234 967 ἐ
1242 914 1443 985 μπνέον
1470 914 1566 987 τὴν
1595 915 1748 985 ἰσχὺν
1775 914 1978 968 ἀπασιν
2001 929 2018 942 ο

452 1003 484 1073 ἢ
514 1004 596 1057 δτι
635 1003 836 1076 πολλήν
870 1007 1070 1076 ἐμπνεῖ
1093 1006 1193 1077 τὴν
1213 1006 1443 1079 ἀπειλὴν
1472 1005 1542 1060 τὰ
1574 1005 1900 1076 γράμματα,
1923 1002 2022 1057 καὶ

449 1089 678 1162 ἀπειλήν
690 1091 814 1145 οὐδὲ
834 1092 1195 1164 ἀφανισθῆναι
1224 1095 1547 1166 δυναμένην,
1569 1094 1705 1148 ἀλλὰ
1732 1093 2022 1157 διαπαντὸς

455 1181 727 1250 μένουσαν
751 1221 768 1247 ,
794 1181 891 1236 am
912 1182 1081 1247 λίθοις
1127 1185 1627 1256 ἐγκεκολαμμένην.
1656 1178 1788 1237 Εἶτα
1809 1185 1905 1239 καὶ
1932 1184 2022 1237 δοο

451 1270 565 1324 κῶν
591 1272 964 1343 ἐγκωμιάζειν
985 1275 1055 1329 τά
1081 1276 1306 1341 παλαιὰ,
1338 1277 1669 1348 κατηγορίαν
1697 1276 1860 1330 πάλιν
1887 1278 2021 1331 ἀνα-

455 1359 709 1430 μίγνυσιν
764 1361 1037 1417 1ουδαίων.
1062 1363 1244 1418 Εἰπὼν
1273 1365 1402 1436 γάρ,
1440 1366 1545 1420 Ἐν
1558 1364 1899 1435 γράμμασιν
1920 1365 2021 1419 ἐν-

451 1450 833 1517 τετυπωμένη
847 1452 1136 1520 ἐνλίθοις,
1157 1453 1407 1523 ἐγενήθη
1426 1455 1495 1509 ἐν
1513 1454 1688 1523 δόξῃ,
1712 1456 2016 1526 ἐπήγαγεν,

456 1540 635 1593 Ὥστε
650 1539 738 1609 μὴ
768 1540 1060 1598 δύνασθαι
1079 1545 1352 1601 ἀτενίσαι
1387 1546 1528 1611 τοὺς
1560 1547 1730 1613 υἱοὺς
1773 1544 2021 1615 Ἰσραὴλ

450 1631 540 1695 είς
584 1630 653 1684 τὸ
689 1634 1015 1699 πρόσωπον
1049 1636 1351 1703 Μωυσέως
1372 1653 1387 1669 ·
1416 1637 1445 1691 δ
1469 1637 1675 1708 πολλῆς
1711 1633 1782 1709 ἦν
1809 1636 2019 1692 ,αὐτῶν

452 1716 740 1782 ἀσθενείας
763 1720 861 1775 καὶ
896 1720 1284 1794 χαμαιζηλίας.
1317 1727 1429 1780 Καὶ
1462 1727 1643 1790 πάλιν,
1670 1729 1763 1794 οὐ,
1798 1728 1896 1782 Διά
1916 1729 2020 1800 τὴν

451 1808 609 1874 δόξαν
629 1809 737 1864 τῶν
763 1811 1007 1868 πλακῶν·
1036 1815 1194 1881 ἀλλὰ,
1222 1816 1326 1871 Διά
1344 1817 1463 1888 τὴν
1489 1818 1678 1885 δόξαν
1704 1819 1809 1875 τοῦ
1830 1836 2019 1889 προσ-

449 1897 613 1954 ὡπου
650 1902 838 1958 αὐτοῦ
870 1904 985 1973 τὴν
1014 1909 1530 1980 καταργουμένην,
1584 1910 1737 1981 φησί.
1769 1912 2016 1966 Δείκνυσι

447 1990 557 2076 γὰρ
598 1991 691 2046 τὸν
720 1994 954 2066 φέροντα
987 1997 1376 2071 δοξαζόμενον,
1407 2002 1509 2056 οὐκ
1543 2004 1776 2067 ἐκείνας.
1803 2004 1878 2058 Οὐ
1905 2004 2016 2076 γάρ

446 2074 592 2145 εἷπε,
626 2081 726 2135 Διά
762 2083 825 2137 τὸ
856 2085 931 2156 μή
982 2085 1239 2142 δύνασθαι
1258 2090 1504 2145 ἀτενίσαι
1527 2093 1610 2155 είς
1639 2092 1742 2156 τάς
1775 2074 2013 2159 πλάκας,

444 2166 582 2234 ἀλλ’,
606 2172 711 2237 Είς
728 2172 796 2225 τὸ
818 2175 1146 2242 πρόσωπον
1172 2180 1467 2247 Μωυσέως
1486 2198 1500 2212 ·
1536 2183 1630 2237 καὶ
1659 2184 1841 2249 πάλιν,
1862 2183 2011 2258 [481]

441 2259 525 2321 οὐ,
548 2258 649 2314 Διά
665 2259 764 2332 τὴν
785 2261 940 2328 δόξαν
969 2264 1078 2319 τῶν
1096 2266 1340 2335 πλακῶν,
1372 2271 1530 2336 ἀλλά,
1556 2271 1659 2326 Διά
1679 2272 1795 2340 τὴν
1822 2273 2014 2339 δόξαν

440 2349 551 2449 τοῦ
584 2352 912 2449 προσώπου
922 2357 1158 2449 αυτοῦ.
1191 2355 1324 2414 Είτα
1366 2362 1556 2433 ἐπειδὴ
1590 2363 1794 2435 ἐπῆρεν
1816 2364 2009 2435 αὐτὴν,

439 2441 548 2512 δρα
582 2442 700 2507 πῶς
720 2444 884 2499 πάλιν
922 2441 1174 2519 ὶᾶθαιρεϊ
1199 2450 1374 2521 λέγων
1398 2493 1415 2520 ,
1455 2453 1578 2521 Τὴν
1608 2456 2012 2526 καταρτουμέ·

439 2552 576 2603 νην.
607 2537 682 2590 Οὐ
714 2536 820 2609 μὴν
848 2538 1009 2594 τοῦτο
1040 2544 1378 2613 κατηγορίας
1407 2545 1582 2610 ἐστὶν,
1608 2544 1746 2599 ἀλλά
1778 2546 2014 2601 ἐλαττώ-

442 2642 581 2690 σεως
608 2643 623 2659 ·
664 2628 786 2683 οὐδὲ
817 2627 927 2700 γὰρ
953 2624 1099 2696 εἷπε,
1141 2631 1254 2701 Τὴν
1277 2633 1701 2706 διεφθαρμένην,
1723 2637 1822 2708 τήν
1846 2654 2014 2709 πονη-

442 2717 569 2788 ράν,
620 2716 784 2787 ἀλλὰ,
810 2720 922 2792 Τήν
941 2723 1280 2793 παυομένην,
1310 2725 1403 2779 καὶ
1430 2726 1585 2789 τέλος
1605 2726 2008 2795 λαμϐάνουσαν.

441 2810 576 2878 Πῶς
618 2812 754 2881 οὐχὶ
796 2811 1043 2882 μᾶλλον
1097 2817 1138 2885 ὴ
1187 2816 1465 2873 διακονία
1516 2819 1626 2873 τοῦ
1672 2822 2016 2891 πνεύματος

439 2903 612 2959 ἔσται
656 2905 730 2959 ἐν
769 2904 921 2975 δόξῃ
944 2923 964 2972 ;
992 2907 1365 2981 Τεθαρρηκὼς
1415 2911 1523 2983 γὰρ
1561 2913 1756 2967 λοιπὸν
1804 2915 1875 2968 τά
1910 2915 2013 2982 τῆς

440 2994 648 3066 Καινῆς
697 2996 862 3068 αἴρει,
899 2998 978 3063 ὡς
1029 3001 1514 3075 ἀναμφισϐήτητα.
1559 3007 1670 3060 Καὶ
1718 3006 1910 3060 σκόπει
1958 3007 2013 3061 τί

440 3092 589 3143 ποιεῖ
621 3107 634 3120 ·
662 3092 963 3163 άντέστησε
1000 3092 1148 3146 λίθον
1201 3096 1421 3167 καρδίᾳ,
1454 3096 1551 3149 καὶ
1578 3097 1817 3168 γράμμα
1848 3097 2014 3150 πνεύ-

441 3197 594 3250 ματι.
646 3177 783 3235 Εἶτα
816 3182 1000 3247 δείξας
1029 3183 1099 3237 τά
1128 3185 1186 3251 ἐξ
1221 3185 1577 3258 ἀμφοτέρων,
1607 3187 1792 3241 οὐκέτι
1830 3187 2013 3258 τίθησι

438 3272 506 3326 τά
533 3273 592 3340 ἐξ
621 3273 949 3347 ἀμφοτέρων
971 3292 988 3310 ·
1019 3277 1156 3330 ἀλλά
1168 3278 1232 3331 τὸ
1258 3279 1367 3332 ἀπὸ
1385 3280 1478 3333 τοῦ
1507 3281 1838 3351 γράμματος
1860 3281 1975 3344 θεὶς
1993 3321 2008 3346 ,

442 3364 538 3416 τὸν
588 3364 818 3421 θάνατον
856 3368 951 3422 καὶ
982 3368 1082 3440 τὴν
1124 3369 1473 3441 κατάκρισιν,
1510 3372 1570 3424 τὸ
1598 3370 1705 3425 ἀπὺ
1732 3371 1828 3424 τοῦ
1851 3371 2013 3425 πνεύ-

449 3473 617 3526 ματος
635 3459 1027 3531 οὐκέτιτίθησι,
1059 3461 1159 3534 τήν
1201 3463 1347 3533 ζωήν
1377 3463 1475 3517 καὶ·
1498 3465 1596 3534 τὴν
1626 3464 1973 3536 δικαιοσύνην
1993 3508 2008 3532 ,

446 3544 565 3598 ἀλλ’
596 3546 727 3600 αὐτὸ
750 3547 812 3602 τδ
838 3549 1054 3621 πνεῦμα
1081 3567 1096 3583 ·
1129 3552 1266 3622 ὅπερ
1290 3552 1514 3622 μείζονα
1528 3554 1809 3608 ἐποίειτδν
1829 3555 2007 3624 λόγον.

459 3637 522 3691 Ἢ
539 3638 645 3708 γὰρ
672 3640 831 3711 καινή
850 3642 1092 3714 Διαθήκη
1108 3643 1168 3696 ού
1194 3643 1338 3714 ζωὴν
1369 3645 1540 3698 ἐδίδου
1560 3647 1741 3714 μόνον,
1765 3646 1900 3702 ἀλλά
1919 3649 2011 3701 καὶ

443 3729 662 3801 πνεῦμα
692 3732 944 3803 ἐχορήγει
998 3735 1061 3789 τὸ
1106 3736 1206 3807 τὴν
1248 3735 1394 3807 ζωήν
1438 3737 1713 3808 παρέχον·
1745 3739 1775 3792 ὃ
1819 3739 2002 3812 πολλῷ

443 3823 630 3893 μεῖζον
653 3825 751 3895 τῆς
781 3825 927 3895 ζωῆς
953 3822 1021 3899 ἦν
1041 3843 1056 3859 ·
1090 3828 1280 3901 διόπερ
1318 3825 1491 3896 εἶπεν,
1530 3830 1593 3887 Ἠ
1610 3830 1884 3886 διακονία
1906 3834 2012 3889 τοῦ

441 3917 813 3986 πνεύματος.
844 3915 978 3972 Εἶτα
1027 3921 1190 3975 πάλιν
1230 3921 1292 3975 τὸ
1332 3922 1467 3976 αὐτὸ
1513 3924 1887 3996 περιστρέφει,
1918 3925 2012 3980 λέ-

439 4022 576 4075 γων,
610 4009 678 4062 Εί
700 4009 812 4077 γὰρ
840 4009 879 4077 ἡ
916 4010 1193 4065 διακονία
1215 4011 1326 4081 τῆς
1351 4016 1788 4084 κατακρίσεως,
1816 4014 1990 4082 δοξα.

512 4098 706 4169 β⁹.Καὶ
739 4101 1032 4171 ἐρμηνεύει
1061 4103 1392 4172 σαφέστερον
1415 4102 1468 4156 τί
1489 4106 1627 4169 ἐστι,
1666 4105 1739 4160 Τὸ
1774 4105 2012 4176 τρὰμμα

441 4190 800 4254 ἀποκτείνει,
829 4191 987 4245 τοῦτο
1006 4192 1177 4261 λέγων
1201 4195 1337 4265 ὅπερ
1361 4194 1669 4265 ἔμπροσθεν
1688 4198 2010 4269 είρήκαμεν,

444 4280 523 4335 ὅτι
563 4282 829 4346 δεικτικδς
881 4283 1156 4355 ἁμαρτίας
1194 4278 1263 4352 ἦν
1306 4285 1335 4337 ό
1373 4285 1558 4355 νόμος,
1604 4285 1665 4339 οὐ
1710 4289 2009 4358 ποιητικός.

441 4373 659 4439 Πολλῷ
715 4373 958 4443 μᾶλλον
1013 4376 1052 4444 ὴ
1119 4375 1393 4429 διακονία
1449 4374 1559 4444 τῆς
1619 4377 2013 4450 δικαιοσύνης

442 4466 787 4531 περισσεύει
831 4465 901 4518 ἐν
937 4464 1107 4533 δόξῃ.
1148 4466 1381 4520 Ἐκεῖναι
1420 4467 1519 4537 μὲν
1565 4468 1675 4540 γὰρ
1718 4472 1776 4524 al
1804 4471 2011 4538 πλάκες

440 4556 567 4619 τοὺς
613 4555 966 4627 ἁμαρτωλοὺς
1006 4556 1276 4611 ἐδείκνυον
1332 4557 1427 4612 καὶ
1454 4558 1730 4624 ἐκόλαζον·
1779 4561 1916 4633 αῦτη
1952 4563 2010 4616 δὲ

439 4647 567 4709 τοὺς
618 4647 974 4718 ἁμαρτωλοὺς
1010 4649 1072 4701 οὺ
1116 4649 1273 4718 μόνον
1321 4649 1420 4704 οὐκ
1451 4651 1729 4716 ἐκόλαζεν,
1754 4652 1891 4707 ἀλλά
1918 4654 2013 4707 καὶ

439 4737 681 4801 δικαίους
721 4739 912 4792 ἐποίει·
964 4740 1120 4793 τοῦτο
1145 4740 1255 4813 γὰρ
1290 4742 1353 4795 τὺ
1382 4741 1662 4815 βάπτισμα
1705 4745 2009 4817 ἐχαρίζετο.

441 4829 549 4882 Καὶ
610 4829 721 4899 γὰρ
762 4829 905 4884 οὐδὲ
963 4831 1319 4896 δεδόξασται
1360 4832 1430 4886 τὸ
1471 4834 1920 4906 δεδοξασμένον
1943 4839 2014 4892 ἐν

439 4921 631 4988 τούτῳ
666 4921 747 4987 τῷ
772 4923 959 4992 μέρει,
994 4924 1202 4977 ἕνεκεν
1233 4923 1342 4990 τῆς
1364 4927 1870 4998 ὑπερϐαλλούσης
1914 4932 2014 4985 δό-

441 5011 578 5079 ξης.
631 5014 722 5067 Ἐν
776 5014 874 5083 μὲν
912 5009 1004 5069 οὖν
1060 5018 1172 5078 τοῖς
1222 5015 1508 5085 προτέροις
1547 5017 1767 5083 ἔδειξεν,
1802 5021 1885 5074 ὃτι
1919 5023 2015 5074 καὶ

437 5103 598 5157 τοῦτο
649 5105 706 5158 ἐν
760 5103 908 5177 δόξῃ,
957 5107 1049 5159 καὶ
1102 5107 1199 5177 οὐχ
1235 5106 1422 5170 ἁπλῶς
1461 5109 1520 5161 ἐν
1554 5107 1701 5182 δόξῃ,
1735 5111 1872 5165 ἀλλά
1920 5113 2014 5166 καὶ

440 5195 777 5267 περισσεύει·
813 5198 872 5250 ού
906 5198 1015 5268 γὰρ
1043 5193 1185 5260 εἷπε,
1229 5199 1351 5262 Πῶς
1384 5199 1504 5270 οὐχὶ
1534 5200 1734 5267 μᾶλλον
1766 5202 1798 5272 ή
1828 5202 2013 5258 διακο-

439 5285 528 5339 νία
556 5286 652 5340 τοῦ
685 5287 992 5358 πνεύματος
1021 5288 1172 5341 ἔσται
1207 5291 1264 5342 ἐν
1288 5290 1443 5362 δόξῃ,
1472 5291 1627 5356 ἀλλὰ,
1662 5295 2016 5361 Περισσεύει

439 5379 511 5431 ἐν
536 5378 711 5448 δόξῃ,
733 5380 831 5449 τήν
860 5382 969 5433 ἀπὸ
989 5379 1096 5433 τῶν
1125 5379 1399 5452 λογισμῶν
1422 5383 1530 5436 τῶν
1548 5384 1857 5455 εἰρημένων
1878 5386 2014 5457 ἔχων

441 5470 736 5536 ἀπόδειξιν.
778 5471 1044 5525 Ἐνταῦθα
1070 5473 1164 5525 καὶ
1182 5471 1279 5543 τὴν
1312 5473 1602 5545 ὑπεροχήν,
1635 5477 1754 5546 ὅση,
1778 5477 2014 5534 δείκνυσι

442 5562 635 5633 λέγων,
664 5566 747 5618 ὅτι
789 5565 914 5618 Ἐὰν
951 5564 1223 5636 συγκρίνω
1267 5565 1472 5637 ταύτην
1503 5569 1704 5642 ἐκείνῃ,
1738 5569 1857 5623 οὐδὲ
1888 5571 2014 5636 δόξα

443 5656 592 5709 ἐστὶν
611 5657 646 5726 ἡ
671 5655 798 5720 δόξα
825 5656 925 5726 τῆς
959 5655 1219 5720 Παλαιᾶς·
1242 5656 1340 5727 οὐχ
1367 5656 1552 5721 ἁπλῶς
1575 5658 1635 5713 τὸ
1663 5660 1736 5732 μὴ
1763 5656 1898 5715 εἶναι
1929 5662 2015 5715 δό-

448 5743 546 5808 ξαν
582 5746 1022 5815 κατασκευάζων,
1057 5746 1192 5804 ἀλλά
1230 5747 1308 5819 τῷ
1348 5749 1443 5821 τῆς
1477 5751 1814 5822 συγκρίσεως
1843 5751 2005 5824 λόγῳ·

1470 340 1541 396 IN
1581 339 1801 413 EEIST.
1852 336 1899 397 ll
1951 337 2045 393 AD
2082 337 2243 396 COR.
2287 337 2524 395 HOMIL.
2564 336 2676 394 VII.

3591 335 3697 390 ιιι

2124 451 2206 506 διδ
2246 452 2339 506 καὶ
2376 453 2643 524 ἐπήγαγε,
2683 450 2874 516 Τούτῳ
2917 448 2996 517 τῷ
3023 448 3188 519 μέρει
3208 464 3223 477 ’
3256 445 3523 508 τουτέστι,
3555 448 3697 499 κατὰ

2120 544 2215 598 τδν
2252 544 2353 614 τ’ἡς
2395 544 2734 616 συγκρίσεως
2759 543 2934 610 λόγον.
2971 542 3044 596 Οὐ
3094 540 3197 613 μὴν
3226 539 3385 593 τοῦτο
3419 536 3695 591 διαϐάλλει

2120 636 2220 707 τὴν
2250 636 2514 701 Παλαιὰν,
2547 635 2683 689 ἀλλά
2712 635 2805 689 καὶ
2840 634 3046 704 σφόδρα
3074 631 3246 703 αὐτὴν
3273 634 3605 699 συνίστησιν·
3636 629 3706 682 αι’

2117 726 2231 797 γὰρ
2258 728 2577 800 συγκρίσεις
2605 728 2697 780 ἐπὶ
2720 727 2831 781 τῶν
2865 725 3141 796 συγγενῶν
3170 723 3395 779 εἰώθασι
3427 720 3693 791 γίνεσθαι.

2119 815 2254 872 Εἶτα
2280 820 2376 872 καὶ
2401 817 2557 873 ἄλλον
2582 821 2720 872 κινεῖ
2744 817 3004 887 λογισμὸν
3045 816 3143 870 τὸν
3173 813 3568 869 ἀποδεικνύντα
3593 808 3695 882 τήν

2121 909 2395 979 ὑπεροχὴν
2443 910 2537 964 καὶ
2575 908 2860 981 ἑτέρωθεν.
2905 909 3064 961 Ποῖον
3100 906 3166 977 δὴ
3190 904 3415 970 τοῦτον;
3446 902 3551 957 Τδν
3586 900 3697 956 ἀπὸ

2120 1000 2215 1054 τοῦ
2250 1001 2462 1072 χρόνου,
2494 999 2689 1067 λέγων·
2728 1002 2799 1054 El
2840 999 2909 1052 δὲ
2946 999 3015 1054 τὸ
3061 998 3563 1069 καταργούμενον,
3597 991 3697 1047 διὰ

2120 1089 2326 1157 δόξης,
2362 1088 2575 1154 πολλῷ
2588 1087 2833 1158 μᾶλλον
2859 1089 2926 1143 τὸ
2953 1088 3163 1158 μένον,
3192 1088 3261 1140 ἐν
3287 1087 3458 1155 δόξῃ.
3486 1085 3561 1139 Τὸ
3595 1083 3698 1151 μὲν

2119 1180 2230 1252 γάρ
2257 1180 2556 1243 ἐπαύσατο,
2590 1181 2651 1233 τὸ
2681 1181 2739 1235 δέ
2768 1181 2918 1251 μένει
2954 1180 3238 1251 διηνεκῶς.
3272 1181 3552 1248 Ἔχοντες
3581 1171 3697 1231 οὖν

2119 1272 2404 1340 τοιαύτην
2461 1269 2702 1335 ἐλπίδα,
2765 1270 2966 1339 πολλῇ
3036 1270 3343 1339 παρρησίᾳ
3403 1268 3691 1337 χρώμεθα.

2134 1363 2353 1435 Ἐπειδὴ
2404 1362 2515 1433 γὰρ
2574 1361 2809 1416 τοσαῦτα
2867 1362 2962 1417 καὶ
3020 1361 3322 1434 τηλικαῦτα
3366 1360 3604 1423 ἀκούσας
3663 1360 3697 1411 6

2119 1455 2395 1526 ἀκροατής
2436 1455 2565 1526 περὶ
2590 1454 2740 1528 [482]
2772 1455 2873 1525 τῆς
2908 1455 3137 1524 Καινῆς,
3165 1452 3346 1524 ἐζήτει
3375 1451 3471 1506 καὶ
3494 1450 3696 1521 ὀφθαλ-

2122 1545 2382 1618 μοφανῶς
2416 1550 2517 1617 τήν
2541 1546 2700 1611 δόξαν
2734 1545 2942 1619 ταύτην
2979 1547 3128 1611 ίδεϊν,
3154 1546 3255 1616 δρα
3287 1544 3389 1598 ποῦ
3423 1541 3586 1598 αὐτὸν
3607 1542 3697 1606 ἐξά

2118 1637 2393 1703 ἀκοντίζει
2417 1637 2555 1710 πρὸς
2582 1638 2677 1692 τδν
2706 1637 2968 1709 μέλλοντα
2998 1637 3190 1693 αίῶνα.
3237 1636 3330 1691 Διδ
3359 1637 3454 1690 καὶ
3480 1635 3580 1707 τήν
3605 1634 3696 1687 ἐλ-

2120 1731 2248 1787 πίδα
2274 1733 2354 1796 είς
2389 1732 2552 1802 μέσον
2588 1731 2755 1802 ἐθηκε
2785 1729 2980 1800 λέγων,
3011 1731 3295 1799 Ἔχοντες
3330 1724 3445 1783 οὖν
3481 1726 3696 1780 τοιαύ-

2118 1838 2230 1889 την
2277 1822 2519 1877 ἐλπίδα.
2570 1820 2877 1893 Τοιαύτηνς
2931 1822 3218 1893 ποταπήν;
3256 1820 3380 1872 Ὀτι
3431 1816 3694 1887 μειζόνων

2117 1910 2431 1982 ἠξιώθημεν
2457 1912 2490 1984 ἢ
2520 1911 2781 1982 Μωῦσῆς,
2813 1911 2912 1982 οὐχ
2943 1912 2993 1965 οί
3017 1910 3301 1964 ἀπόστολοι
3329 1908 3487 1979 μόνον
3509 1908 3690 1979 ἡμεῖς,

2117 2000 2254 2055 ἀλλά
2279 2001 2375 2054 καὶ
2408 2002 2608 2064 πάντες
2639 2002 2688 2054 οί
2719 1999 2921 2055 πιστοί.
2962 1998 3172 2068 Πολλῇ
3204 1997 3508 2068 παρρησίᾳ
3544 1994 3694 2066 χρώ-

2110 2097 2282 2164 μεθα.
2318 2093 2462 2164 Πρὸς
2492 2093 2636 2157 τίνα,
2669 2093 2791 2147 είπέ
2840 2109 2964 2162 μοις
2999 2092 3138 2162 πρὸς
3164 2090 3254 2144 τὸν
3283 2089 3439 2151 Θεὸν,
3481 2087 3515 2159 ἢ
3555 2087 3693 2159 πρὸς

2116 2184 2240 2247 τοὺς
2271 2184 2545 2255 μαθητάς;
2576 2184 2719 2255 Πρὸς
2748 2183 2893 2253 ὑμᾶς
2914 2181 3039 2244 τοὺς
3069 2179 3564 2251 μαθητευομένους,
3588 2193 3693 2247 φη-

2118 2275 2189 2328 σί·
2223 2276 2491 2335 τουτέστι.
2514 2275 2648 2329 Μετ’
2676 2273 2986 2344 ἐλευθερίας
3014 2270 3293 2342 πανταχοῦ
3316 2269 3690 2340 φθεγγόμεθα,

2115 2368 2267 2421 οὐδὲν
2296 2365 2774 2435 ὑποστελλόμενοι,
2813 2364 2964 2418 οὐδὲν
2992 2363 3470 2434 ἀποκρυπτόμενοι
3489 2401 3507 2428 ,
3539 2360 3694 2415 evble

2116 2458 2479 2530 ὑφορώμενοι,
2502 2457 2640 2511 ἀλλά
2660 2457 2846 2525 σαφῶς
2871 2454 3141 2521 λέγοντες·
3169 2452 3271 2507 καὶ·
3291 2453 3352 2507 οὐ
3374 2452 3694 2523 δεδοίκαμεν

2117 2550 2191 2621 μή
2219 2550 2511 2620 πλήξωμεν
2536 2548 2691 2619 ὑμῶν
2717 2548 2815 2610 τάς
2847 2545 3020 2617 δψεις,
3058 2544 3311 2617 καθάπερ
3329 2544 3569 2616 Μωῢσῆς
3592 2544 3692 2607 τὰς

2126 2639 2415 2694 Ἰουδαίων.
2465 2640 2592 2693 Ὅτι
2651 2640 2762 2707 γάρ
2814 2638 2973 2691 τοῦτο
3018 2637 3257 2708 ᾐνίξατο,
3310 2634 3544 2690 ἄκουσον
3583 2634 3693 2690 τῶν

2112 2732 2257 2803 ἑξῆς·
2293 2730 2493 2801 μᾶλλον
2523 2730 2581 2784 δέ
2609 2730 2707 2800 τὴν
2738 2730 2981 2801 ἱστορίαν
3020 2728 3238 2801 πρῶτον
3270 2729 3567 2795 ἀναγκαῖον
3609 2728 3693 2779 εί-

2114 2826 2256 2877 πεῖν.
2291 2822 2403 2876 Καὶ
2437 2822 2547 2893 γὰρ
2593 2821 2756 2885 αὐτὸς
2794 2820 2965 2892 αὐτὴν
3018 2820 3261 2889 συνεχῶς
3308 2817 3691 2892 περιστρέφει.

2112 2912 2211 2975 Τίς
2259 2907 2359 2966 οὖν
2416 2913 2451 2981 ή
2512 2910 2754 2982 ἱστορίας
2780 2911 2912 2966 Ὅτε
2950 2912 3015 2964 ἐκ
3055 2909 3309 2981 δευτέρου
3353 2909 3453 2973 τὰς
3477 2907 3693 2969 πλάκας

2113 3003 2305 3074 κατῄει
2359 3001 2542 3056 λαδὼν
2595 3003 2625 3055 ό
2677 3002 2937 3073 Μωῦσῆς,
2971 3000 3100 3066 δόξα
3142 3017 3227 3065 τις
3258 2998 3555 3074 ἐκπηδῶσα
3597 2998 3692 3051 τοῦ

2113 3093 2408 3164 προσώπου
2443 3092 2609 3148 αὐτοῦ
2640 3091 2896 3148 τοσοῦτον
2942 3092 3292 3169 ἀπέλαμπεν,
3319 3064 3395 3153 eo;
3423 3090 3498 3161 μὴ
3535 3088 3695 3143 δύνα-

2113 3186 2241 3240 σθαι
2261 3186 2388 3248 τοὺς
2422 3185 2709 3248 Ἰουδαίους
2738 3183 3019 3256 προσιέναι
3042 3181 3190 3253 αὐτῷ
3212 3182 3305 3237 καὶ
3325 3179 3693 3249 διαλέγεσθαι,

2112 3279 2217 3344 ἕως
2243 3282 2332 3334 ὅτε
2362 3279 2597 3350 ἐπέθηκε
2619 3278 2887 3347 κάλυμμα
2906 3276 2984 3346 τῷ
3014 3275 3311 3347 προσώπῳ.
3347 3273 3458 3329 Καὶ
3490 3272 3694 3344 γέγρα-

2114 3388 2248 3425 πται
2281 3370 2454 3432 οὕτως
2483 3372 2542 3423 ἐν
2574 3372 2640 3440 τῇ
2678 3369 2894 3439 Ἐξόδῳ·
2934 3368 3144 3423 Ἦνίκα
3176 3365 3394 3432 κατέϐη
3426 3362 3695 3430 Μωῦσῆς

2112 3461 2181 3515 ἐκ
2219 3461 2327 3515 τοῦ
2361 3460 2559 3529 ὅρους.
2593 3462 2654 3512 al
2687 3460 2796 3513 δύο
2827 3458 3060 3524 πλάκες
3085 3458 3155 3511 ἐν
3187 3456 3317 3522 ταῖς
3342 3455 3556 3525 χερσίν
3583 3455 3693 3508 αὺ-

2112 3553 2240 3608 τοῦ.
2264 3552 2373 3607 Καί
2404 3552 2517 3605 οὐκ
2545 3550 2678 3619 ᾔδει
2703 3547 2961 3616 Μωῠσῆς
2986 3547 3076 3602 ὅτι
3104 3547 3462 3612 δεδόξασται
3487 3546 3525 3614 ἡ
3554 3545 3695 3613 ὄψις

2113 3643 2220 3697 τοῦ
2253 3641 2480 3712 χρωτὸς
2513 3640 2620 3695 τοῦ
2649 3637 2973 3708 προσώπου
3013 3634 3231 3692 αὐτοῦ·
3264 3634 3362 3689 καί
3395 3632 3694 3703 ἐφοϐήθη-

2113 3752 2234 3790 σαν
2275 3733 2511 3803 ἐγγίσαι
2551 3729 2730 3797 αὐτῷ.
2775 3728 2885 3784 Καὶ
2927 3728 3221 3784 ἐκάλεσεν
3255 3726 3476 3792 αὐτοὺς
3528 3728 3695 3780 Μωῡ·

2113 3826 2255 3895 σῆς,
2287 3826 2387 3880 καί
2414 3822 2686 3890 ἐλάλησε
2715 3824 2867 3892 πρὸς
2899 3822 3147 3888 αὐτούς.
3175 3819 3289 3875 Καὶ
3315 3816 3520 3884 ἐπειδὴ
3554 3833 3695 3872 κατ-

2112 3918 2345 3972 έπαυσε
2386 3915 2651 3985 Μωῦσῆς
2689 3915 2898 3970 λαλῶν
2935 3914 3088 3982 πρὸς
3127 3912 3369 3977 αὐτοὺς,
3398 3908 3694 3977 ἐπέθηκεν

2111 4009 2209 4064 ἐπί
2243 4008 2310 4063 τὸ
2342 4011 2666 4077 πρόσωπον
2691 4005 2878 4061 αὐτοῦ
2907 4005 3207 4075 κάλυμμα.
3247 4004 3447 4059 Ἠνίκα
3470 4001 3540 4057 δὲ
3571 4004 3695 4057 εισ-

2111 4101 2428 4171 επορεύετο
2460 4100 2740 4153 ἐναντίον
2767 4097 2875 4154 τοῦ
2902 4099 3124 4166 Κυρίου
3154 4096 3389 4159 λαλεῖν,
3429 4096 3693 4164 περιῄρει

2113 4195 2177 4248 τὸ
2205 4193 2487 4262 κάλυμμα
2510 4193 2623 4259 ἕως
2646 4192 2758 4246 τοῦ
2773 4191 3207 4259 ἐκπορεύεσθαι
3239 4191 3446 4243 αὐτόν.
3477 4186 3693 4257 Ταύτης

2112 4290 2206 4347 οὖν
2234 4294 2558 4363 ἀναμνήσας
2584 4293 2685 4360 τῆς
2712 4292 2973 4361 ἱστορίας,
3006 4286 3159 4358 φησί·
3185 4283 3297 4337 Καί
3328 4283 3399 4335 οὐ
3427 4277 3692 4343 καθάπερ

2114 4381 2377 4450 Μωϋσῆς
2397 4382 2574 4435 ἐτίθει
2597 4381 2877 4449 κάλυμμα
2895 4378 2993 4432 ἐπὶ
3013 4378 3077 4431 τὸ
3101 4376 3427 4442 πρόσωπον
3451 4368 3690 4432 ἑαυτοῦ,

2114 4472 2270 4527 ὥστε
2288 4471 2381 4541 μὴ
2407 4472 2680 4526 ἀτενίσαι
2700 4470 2842 4537 τοὺς
2861 4468 3031 4534 υἱοὺς
3061 4463 3300 4535 Ἰσραὴλ
3321 4464 3406 4529 είς
3432 4459 3495 4514 τό
3519 4458 3692 4523 τέλος

2116 4563 2223 4618 τοῦ
2250 4562 2758 4631 καταργουμένου.
2794 4562 2860 4613 Ὃ
2882 4559 2939 4613 δὲ
2963 4557 3133 4627 λέγει,
3164 4553 3402 4610 τοιοῦτόν
3424 4554 3590 4606 ἐστιν·
3614 4550 3689 4603 Οὐ

2115 4654 2274 4727 χρεία
2306 4653 2678 4709 καλύπτεσθαι
2703 4653 2874 4723 ἡμᾶς,
2903 4645 3445 4720 καθάπερΜωῠσῆς·
3473 4642 3691 4697 δυνατοὶ⁵

2114 4749 2224 4818 γὰρ
2269 4747 2428 4818 ὑμεῖς
2472 4746 2598 4800 ίδεῖν
2628 4746 2727 4815 τὴν
2763 4744 2921 4811 δόξαν
2948 4741 3172 4812 ταύτην,
3206 4739 3272 4810 ἢν
3306 4732 3687 4809 περικείμεθα,

2115 4840 2294 4894 καίτοι
2314 4836 2494 4908 πολλῷ
2520 4835 2742 4907 μείζονα
2767 4835 2861 4888 καὶ
2885 4832 3241 4905 φαιδροτέραν
3264 4825 3428 4883 οὖσαν
3450 4824 3688 4896 ἐκείνης.

2115 4928 2270 4994 Εἶδες
2302 4929 2403 4996 τὴν
2434 4928 2762 4998 προκοπήν;
2807 4927 2865 4980 '0
2892 4923 3000 4996 γὰρ
3044 4925 3102 4978 ἐν
3130 4925 3197 4994 τῇ
3230 4920 3471 4992 προτέρᾳ
3496 4915 3688 4980 εἰπὼν,

2113 5018 2287 5074 Γάλα
2313 5019 2470 5089 ὑμᾶς
2496 5019 2774 5083 ἐπότισα,
2803 5019 2875 5073 οὐ
2896 5016 3129 5086 βρῶμα,
3163 5010 3397 5066 ἐνταῦθα
3417 5008 3586 5077 λέγει,
3609 5007 3691 5061 ὃτι

2115 5109 2326 5178 Πολλῇ
2363 5109 2668 5178 παρρησίᾳ
2695 5108 2987 5179 χρώμεθα·
3018 5106 3114 5160 καὶ
3141 5102 3380 5159 Μωῦσέα
3411 5101 3492 5164 είς
3524 5099 3690 5171 μέσον

2115 5203 2376 5274 παράγει,
2407 5200 2551 5256 κατά
2602 5200 2887 5273 σύγκρισιν
2933 5199 3192 5270 προάγων
3237 5195 3329 5249 τὸν
3378 5194 3555 5263 λόγον,
3597 5191 3692 5246 καὶ

2114 5294 2288 5366 ταύτῃ
2317 5293 2408 5347 τὸν
2440 5291 2713 5364 ἀκροατὴν
2739 5291 2976 5359 ἀνάγων.
3002 5290 3114 5350 Καὶ
3138 5288 3276 5351 τέως
3303 5285 3569 5340 Ἰουδαίων
3597 5283 3691 5336 αύ-

2114 5389 2241 5451 τοὺς
2270 5386 2560 5458 προτίθησι
2593 5384 2789 5454 λέγων,
2816 5385 2897 5445 ὅτι
2935 5383 3010 5437 Οὐ
3039 5380 3274 5453 δεόμεθα
3305 5377 3686 5447 καλύμματος.

2116 5479 2364 5547 καθάπερ
2381 5479 2584 5540 ἐκεῖνος
2607 5475 2826 5534 ἐπὶτῶν
2845 5473 3181 5546 ἀρχομένων·
3202 5471 3271 5526 τά
3286 5469 3342 5523 δὲ
3362 5466 3497 5538 μετά
3517 5462 3687 5516 ταῦτα

2113 5571 2210 5622 ναὶ
2248 5570 2328 5632 είς
2357 5568 2489 5622 αὐτὸ
2510 5567 2604 5622 τοῦ
2630 5567 2921 5639 νομοθέτου
2950 5566 3012 5619 τὸ
3037 5564 3249 5633 ἀξίωμα
3278 5559 3491 5624 ἀνάγει,
3528 5553 3562 5621 ἢ
3593 5554 3688 5604 καὶ

2117 5658 2296 5730 πολλῷ
2333 5659 2535 5729 μεῖζον.
2575 5660 2725 5724 Τέως
2755 5660 2812 5714 δὲ
2839 5658 2949 5711 τῶν
2980 5656 3108 5726 ἐξῆς
3148 5652 3489 5717 ἀκούσωμεν·
3533 5639 3686 5696 Ἀλλ’

2121 5752 2400 5823 ἐπωρώθη
2431 5755 2501 5810 τὰ
2534 5753 2799 5821 νοήματα
2827 5748 3040 5803 αὐτῶν.
3086 5748 3257 5811 ’Ἄχρι
3295 5738 3402 5809 γὰρ
3435 5733 3544 5801 τῆς
3569 5732 3685 5799 σῖῦ
