4070 6152
390 293 502 351 665

385 425 575 477 μερον
598 408 668 462 τὸ
695 407 844 463 αὐτὸ
869 406 1152 475 κάλυμμα
1180 406 1252 460 ἐν
1273 405 1350 474 τῇ
1372 405 1709 475 ἀναγνώσει
1735 404 1844 474 τῆς
1860 409 1978 459 Πα-

1082 294 1139 350 S.
1184 292 1472 350 JOANNIS
1511 288 2012 349 CBRYSOSTOMI
2049 289 2377 355 ARCHIEP.
2424 298 2972 360 CONSTANTINOP.

3558 306 3665 365 ιιε

2089 405 2332 465 ἅπασαν.
2372 413 2484 466 Καὶ
2517 414 2619 467 ποῦ
2654 416 2812 469 τοῦτο
2842 412 2984 481 εἷπε,
3024 412 3211 485 φησὶν,
3234 414 3319 468 δτι
3353 415 3411 469 ὲν
3444 416 3666 489 Χριστῷ

388 502 568 569 λαιᾶς
589 502 888 569 Διαθήκης
916 499 1086 568 μένει
1129 498 1216 567 μὴ
1251 498 1854 568 ἀνακαλυπτόμενον,
1889 497 1982 552 ὅτι
2085 505 2477 572 καταργεῖται;
2513 508 2627 560 Οὐκ
2659 503 2780 560 εἷπε
2807 509 2986 579 μόνον,
3011 507 3147 561 ἀλλὰ
3176 507 3271 561 καὶ
3297 506 3385 560 διὰ
3405 509 3663 579 πραγμά-

388 596 460 647 8-w-
487 591 721 662 Χριστῷ
759 589 1155 660 καταργεῖται.
1189 589 1332 661 Ὅρα
1365 590 1420 643 τί
1451 589 1854 655 κατασκευάζει
1890 590 1985 645 διὰ
2083 607 2192 645 των
2226 590 2416 660 ἔδειξε·
2452 595 2545 649 καὶ
2566 595 2782 668 πρῶτον
2814 597 2937 668 μὲν,
2960 597 3039 669 τῷ
3080 597 3178 660 τὰς
3220 596 3411 659 θυσίας
3444 597 3540 650 καὶ
3564 597 3665 668 τὴν

385 684 612 742 τούτων.
643 684 823 754 Ὅπερ
844 682 954 754 7&9
972 682 1195 752 γέγονεν
1222 684 1315 736 ἐπὶ
1340 683 1622 747 Μωῦσέως
1653 684 1776 737 τότε
1807 683 1978 751 ἅπαξ,

387 777 552 831 τοῦτο
580 775 673 833 ἰπὶ
702 775 797 828 τοῦ
837 776 1003 844 νόμου
1036 774 1247 844 γίνεται
1275 773 1560 844 διηνεκῶς.
1589 774 1703 828 Οὐκ
1733 773 1843 846 ἄρα
1881 773 1977 829 τοῦ

387 869 555 940 νόμου
592 867 815 938 διαϐολὴ
857 866 920 921 τὸ
957 867 1270 939 εἰρημένον,
1301 867 1492 939 ὥσπερ
1536 867 1660 922 οὐδὲ
1692 867 1978 933 Μωῠσέως

385 961 509 1016 τότε
540 960 972 1031 καλυπτομένου,
1002 959 1141 1015 ἀλλά
1176 960 1283 1014 τῶν
1316 962 1648 1032 ἀγνωμόνων
1683 961 1976 1017 Ἰουδαίων·

384 1053 591 1114 ἐκεῖνος
620 1051 720 1120 μὲν
749 1052 857 1123 7&9
879 1050 994 1122 ἔχει
1023 1051 1123 1122 τὴν
1155 1050 1364 1104 οίκείαν
1389 1049 1570 1117 δόξαν,
1599 1041 1748 1104 οὗτοι
1781 1051 1838 1104 δὲ
1871 1051 1971 1106 a6-

383 1143 486 1213 τὴν
537 1142 665 1197 ἰδεῖν
717 1144 818 1198 οὐκ
871 1143 1237 1214 ἠδυνήθησαν.
1288 1142 1441 1216 [483]
1495 1143 1560 1196 Τί
1621 1142 1804 1196 τοίνυν
1858 1144 1968 1197 διας

386 1237 631 1307 πορεῖτε,
675 1235 864 1307 φησὶν,
888 1238 938 1290 εἰ
961 1237 1060 1306 τὴν
1093 1234 1250 1301 δόξαν
1282 1235 1490 1305 ταύτην
1526 1236 1657 1288 ἰδεῖν
1690 1235 1752 1287 οὐ
1780 1234 1975 1288 δύναν-

383 1342 475 1380 ται
505 1327 603 1399 τὴν
624 1329 722 1400 τῆς
760 1329 1006 1400 χάριτος,
1038 1329 1171 1383 ὅπου
1205 1344 1269 1397 γε
1295 1328 1396 1399 τὴν
1427 1327 1635 1382 ἐλάττω
1668 1328 1772 1398 τὴν
1800 1330 1971 1382 Μωῦ-

386 1418 528 1482 σίως
567 1419 667 1474 οὐκ
715 1414 879 1484 εἶδον,
926 1418 1048 1472 οὐδὲ
1090 1417 1226 1490 πρὸς
1277 1416 1339 1471 τὸ
1399 1418 1692 1489 πρόσωπον
1744 1418 1974 1488 ἴσχυσαν

384 1510 631 1566 ἀτενίσαι
677 1510 742 1565 τὸ
792 1511 1034 1578 ἐκείνους
1081 1510 1135 1565 τί
1177 1510 1235 1564 δὲ
1278 1510 1630 1581 ταράττεσθε,
1679 1513 1728 1564 εί
1776 1513 1838 1565 οὐ
1881 1529 1974 1565 πι-

388 1602 677 1659 στεύουσιν
709 1602 955 1659 Ἰουδαῖοι
988 1602 1230 1674 Χριστῷ.
1264 1602 1399 1656 ὅπου
1440 1619 1504 1672 γε
1535 1602 1655 1656 οὐδὲ
1697 1602 1776 1674 τῷ
1820 1605 1972 1676 νόμῳ

387 1692 733 1758 πιστεύουσις
756 1694 863 1748 Διά
884 1692 997 1765 7&9
1020 1693 1176 1748 τοῦτο
1211 1695 1306 1748 καὶ
1334 1696 1434 1765 τὴν
1474 1695 1635 1766 χάριν
1673 1696 1969 1767 ἠγνόησαν.

386 1783 576 1857 ἐπειδὴ
612 1785 739 1840 οὐδὲ
785 1785 887 1856 τὴν
922 1785 1157 1841 παλαιάν
1198 1779 1475 1858 Διαθήκῆν
1508 1784 1670 1852 εῐδον,
1718 1788 1839 1841 οὐδὲ
1872 1789 1974 1859 τὴν

385 1878 445 1931 ὲν
472 1876 610 1948 αὐτῇ
643 1875 803 1944 δόξαν
823 1894 840 1909 ν
870 1876 1002 1943 δόξα
1039 1877 1151 1949 γὰρ
1181 1878 1366 1949 νόμου,
1394 1879 1533 1949 πρὸς
1575 1879 1808 1950 Χριστὸν
1852 1882 1976 1933 ἐπι-

388 1969 641 2041 στρέψαι.

455 2066 527 2129 γ’.
556 2063 719 2134 Ὁρᾷς
747 2061 867 2126 πῶς
889 2062 1185 2117 κάντεῦθεν
1203 2063 1458 2136 καθαιρεῖ
1477 2063 1536 2118 τὸ
1557 2064 1667 2117 τῶν
1700 2063 1969 2119 Ἰουδαίων

386 2153 651 2226 φύσημας
689 2156 808 2224 Ἀφ’
836 2148 915 2209 ὧν
944 2156 1054 2227 7&9
1087 2155 1310 2210 ἐδόκουν
1340 2155 1706 2224 πλεονεκτεῖν,
1744 2155 1838 2211 τοῦ
1869 2158 1973 2229 τὴν

383 2247 505 2316 ὄψιν
543 2247 824 2311 Μωῦσέως
861 2246 1288 2318 ὲξαστράπτειν,
1319 2248 1428 2302 ἀπὸ
1460 2248 1668 2303 τούτων
1698 2249 1972 2303 δείκνυσιν

384 2337 564 2392 αὐτῶν
605 2337 667 2391 τὸ
708 2339 856 2408 παχὺ
904 2339 1000 2393 καὶ
1044 2339 1404 2411 χαμαίζηλον.
1451 2340 1543 2412 Μὴ
1577 2340 1759 2394 τοίνυν
1794 2339 1974 2411 τούτῳ

384 2428 935 2493 κήλωπιζέσθωσαν·
964 2429 1017 2484 τί
1042 2429 1156 2501 7&9
1177 2429 1340 2483 τοῦτο
1363 2430 1500 2502 πρὸς
1534 2430 1823 2495 Ἰουδαίους
1846 2434 1973 2495 τοὺς

386 2520 465 2592 μὴ
488 2519 932 2587 ἀπολαύσαντας;
972 2522 1067 2575 Διὸ
1096 2523 1190 2576 καὶ
1232 2522 1471 2594 συνεχῶς
1509 2523 1644 2577 αὐτὸ
1676 2524 1971 2595 περιστρέ-

384 2628 496 2678 φει,
516 2609 614 2665 νῦν
632 2610 739 2682 μὲν
748 2612 947 2682 λέγων,
965 2614 1047 2669 ὅτι
1092 2616 1165 2669 Τὸ
1184 2618 1330 2671 αὐτὸ
1352 2615 1637 2687 κάλυμμα
1650 2617 1805 2685 ἐντίξ
1830 2617 1973 2671 ἀνα-

383 2702 605 2772 γνώσει
635 2703 744 2773 τῆς
762 2705 1032 2772 Παλαιᾶς
1046 2707 1348 2777 Διαθήκης
1362 2708 1530 2779 μένει
1550 2710 1636 2779 μὴ
1662 2710 1970 2765 ἀνακαλυ-

384 2795 711 2864 πτόμενον,
751 2794 842 2850 ὅτι
864 2797 936 2851 ἐν
964 2798 1201 2867 Χριστῷ
1223 2801 1731 2869 καταργεῖται·νῦν
1768 2801 1846 2867 δὲ,
1887 2803 1971 2856 ὅτι

390 2890 543 2956 Ἕως
571 2885 862 2958 σήμερον,
896 2891 1080 2959 ἡνίκα
1100 2892 1576 2962 ἀναγινώσκεται
1599 2893 1882 2964 Μωῢσῆς,
1903 2897 1972 2949 τὸ

382 2999 421 3034 α
431 2981 531 3035 ὺτὸ
552 2979 843 3051 κάλυμμα
850 2981 950 3035 ἐπὶ
968 2981 1083 3049 τὴν
1096 2983 1351 3051 καρδίαν
1368 2985 1565 3039 αὐτῶν
1580 2985 1785 3051 κεῖται,
1804 2989 1901 3041 καὶ
1912 2989 1970 3040 ἐν

383 3076 452 3144 τῇ
474 3073 783 3141 ἀναγνώσει
801 3074 898 3129 καὶ
917 3076 977 3127 ὲν
994 3078 1060 3146 τῇ
1090 3076 1293 3147 καρδία⁴
1315 3077 1495 3129 αὐτῶν
1518 3078 1732 3142 δεικνὺς
1753 3081 1967 3133 ἐπικεί-

387 3179 570 3235 μενον·
585 3164 846 3237 ἀνωτέρω
859 3165 1126 3233 δὲ,Ὠστε
1139 3166 1226 3237 μὴ
1241 3168 1513 3223 ἀτενίσαι
1526 3169 1668 3236 τοὺς
1679 3171 1845 3239 υἱοὺς
1863 3174 1971 3227 Ἱσ-

378 3254 547 3325 ραὴλ
573 3258 664 3324 εὶς
696 3255 762 3312 τὸ
792 3258 1120 3328 πρόσωπον
1149 3258 1466 3327 Μωῦσέως,
1503 3261 1601 3316 διὰ
1637 3262 1753 3330 τὴν
1780 3263 1972 3329 δόξαν

381 3349 492 3405 τοῦ
512 3350 840 3419 προσώπου
881 3352 1073 3407 αὑτοῦ
1116 3352 1233 3421 τὴν
1265 3356 1777 3424 καταργουμένην·
1810 3353 1872 3412 οὗ
1915 3358 1969 3412 τί

382 3443 586 3509 γένοιτ’
624 3443 692 3498 ἀν
727 3445 1141 3517 εὐτελέστερονς
1184 3447 1314 3501 ὅταν
1350 3447 1485 3519 μηδὲ
1518 3451 1971 3520 καταργουμένης

382 3534 568 3608 δόξης,
605 3535 806 3607 μᾶλλον
842 3537 900 3592 δὲ
931 3538 1032 3610 τῆς
1072 3539 1209 3610 μηδὲ
1236 3538 1405 3612 οὖσης
1439 3542 1504 3613 τῇ
1542 3542 1850 3612 συγκρίσει,
1881 3542 1972 3595 δύ-

381 3644 580 3681 νωνται
605 3627 795 3683 θεαταὶ
814 3629 1089 3699 γενέσθαι,
1109 3631 1247 3685 ἀλλὰ
1264 3632 1612 3705 καλύπτηται
1640 3635 1738 3688 ἀπ’
1764 3634 1966 3701 αὐτῶν,

382 3721 464 3784 εἰς
490 3720 552 3773 τὺ
586 3721 663 3792 μὴ
695 3722 940 3775 ἀτενίσαι
977 3724 1058 3786 είς
1086 3723 1154 3777 τὸ
1175 3726 1329 3789 τέλος
1369 3725 1464 3780 τοῦ
1498 3730 1968 3799 καταργουμένου,

380 3811 651 3874 τουτέστι,
681 3811 777 3865 τοῦ
808 3813 998 3882 νόμου,
1030 3815 1058 3867 6
1084 3832 1136 3868 τι
1162 3816 1314 3879 τέλος
1341 3816 1475 3887 εχει.
1513 3819 1667 3872 Ἀλλ’
1687 3819 1968 3889 ἐπωρώθη

383 3902 457 3955 τὰ
482 3902 756 3971 νοήματα
784 3904 1002 3958 αὐτῶν.
1027 3906 1138 3959 Kal
1158 3907 1214 3960 τί
1240 3909 1401 3961 τοῦτο
1431 3909 1566 3978 πρὸς
1596 3910 1658 3961 τὸ
1680 3896 1967 3980 κάλυμμα,

385 3990 542 4059 φησι,
566 3990 727 4059 τότε;
758 3992 881 4045 Ὅτι
908 3992 979 4046 τὰ
1010 3993 1270 4064 μέλλοντα
1299 3997 1718 4067 προδιέγραφεν.
1752 4000 1828 4052 υύ
1862 4001 1970 4070 γὰρ

387 4081 557 4153 μόνον
579 4084 701 4137 τότε
730 4085 831 4139 οὐκ
864 4079 1026 4151 εῐδον,
1060 4086 1177 4141 ἀλλ’
1204 4087 1326 4142 οὐδὲ
1355 4088 1449 4143 νῦν
1473 4089 1641 4160 ὁρῶσι
1670 4090 1761 4143 τὸν
1781 4092 1965 4161 νόμον.

385 4176 498 4231 Καὶ
524 4178 559 4249 τι,
591 4178 739 4232 αίτία
764 4180 896 4250 παρ’
931 4181 1112 4242 αὐτοῖς
1142 4193 1169 4222 ι
1196 4199 1211 4215 θ
1242 4183 1273 4251 ὴ
1312 4181 1423 4253 γὰρ
1458 4182 1716 4252 πώρωσις
1741 4184 1969 4255 γνώμης

384 4269 539 4324 ἔστὶν
559 4270 888 4344 ἀναισθήτου
919 4274 1013 4327 καὶ
1048 4274 1382 4347 ἀγνώμονος.
1422 4276 1584 4329 Ὥστε
1604 4278 1768 4348 ἡμεῖς
1798 4277 1968 4348 ἐσμεν

382 4364 433 4417 οῖ
458 4366 555 4418 καὶ
584 4364 676 4419 τὸν
699 4366 864 4437 νόμον
889 4366 1113 4431 εἰδότες·
1141 4368 1374 4433 ἐκείνοις
1401 4368 1458 4424 δὲ
1490 4370 1591 4440 οὐχ
1618 4370 1652 4441 ἡ
1683 4370 1842 4442 χάρις
1869 4371 1966 4441 μόο

383 4474 496 4524 νον,
526 4459 664 4514 ἀλλὰ
701 4462 796 4514 καὶ
844 4455 999 4525 οὗτος
1039 4463 1446 4518 συνεσκίασται.
1484 4465 1658 4533 Ἀχρι
1702 4464 1813 4534 γὰρ
1855 4464 1966 4533 τῆς

384 4549 660 4619 σήμερον
685 4551 752 4604 τὸ
784 4554 928 4606 αὐτὸ
973 4552 1257 4624 κάλυμμα
1291 4554 1362 4608 ἐν
1393 4554 1466 4623 τῇ
1491 4555 1826 4622 ἀναγνώσει
1856 4555 1968 4623 τῆς

383 4640 658 4706 Παλαιᾶς
690 4642 989 4710 Διαθήκης
1010 4643 1197 4714 μένει,
1229 4645 1385 4713 φησὶ,
1414 4644 1499 4713 μὴ
1546 4645 1966 4700 ἀνακαλυπτό-

381 4747 590 4800 μενον,
621 4731 713 4786 ὅτι
768 4734 839 4787 ἐν
879 4734 1111 4802 Χριστῷ
1161 4735 1553 4806 καταργεῖται.
1589 4737 1654 4788 '0
1690 4736 1747 4789 δὲ
1790 4736 1960 4805 λέγει,

383 4821 545 4877 τοῦτό
574 4824 716 4877 ἑστι·
740 4823 911 4879 Τοῦτο
944 4827 1075 4881 αὐτὸ
1106 4828 1166 4881 o6
1196 4829 1454 4883 δύνανται
1495 4828 1725 4882 συνιδεῖν
1755 4830 1836 4882 ὃτι
1864 4829 1958 4882 πέ-

387 4931 613 4979 παυται,
636 4916 824 4988 ἐπειδὴ
847 4916 924 4990 τῷ
945 4919 1166 4990 Χριστῷ
1187 4920 1250 4973 οὐ
1275 4921 1641 4975 πιστεύουσιν.
1659 4921 1720 4973 Et
1751 4920 1859 4992 7&9
1879 4920 1966 4974 διά

385 5007 479 5061 τοῦ
508 5009 747 5081 Χριστοῦ
772 5010 1066 5075 πέπαυται,
1092 5010 1283 5082 ὥσπερ
1306 5008 1400 5065 οὖν
1427 5012 1521 5066 καὶ
1542 5012 1839 5072 πέπαυται.
1870 5013 1965 5066 καὶ

386 5100 416 5152 6
441 5099 604 5170 νόμος
630 5101 789 5157 τοῦτο
810 5103 843 5144 δ
864 5102 1156 5176 προλαϐὼν
1185 5098 1326 5167 εἷπε,
1360 5103 1477 5168 πῶς
1510 5105 1561 5158 οἱ
1587 5104 1660 5174 μὴ
1684 5105 1965 5176 δεχόμενοι

386 5190 478 5243 τὸν
507 5192 741 5261 Χριστὸν
762 5194 852 5247 τὸν
876 5198 1303 5269 καταργήσαντα
1329 5196 1420 5250 τὸν
1439 5198 1622 5267 νόμον,
1645 5195 1965 5268 δυνήσονται

392 5282 540 5347 ίδεῖν,
594 5282 677 5335 ὅτι
738 5288 1081 5358 κατήργηται
1132 5290 1161 5341 6
1208 5288 1406 5359 νόμος;
1441 5291 1515 5342 Οὐ
1556 5290 1858 5360 χωροῦντες
1905 5290 1963 5342 δὲ

388 5374 549 5429 τοῦτο
584 5373 731 5439 ἰδεῖν,
767 5374 989 5446 εὔδηλον
1028 5379 1110 5432 ὅτι
1162 5380 1256 5432 καὶ
1305 5379 1468 5432 αὐτοῦ
1520 5378 1617 5433 τοῦ
1661 5380 1825 5451 νόμου
1867 5379 1963 5432 τοῦ

387 5466 562 5521 ταῦτα
606 5464 856 5535 λέγοντος
892 5466 992 5535 τὴν
1044 5469 1195 5540 ἰσχὺν
1230 5469 1505 5537 ἀγνοοῦσι,
1539 5471 1631 5524 καὶ
1676 5470 1778 5541 τὴν
1806 5469 1963 5535 δόξαν

454 5661 477 5725 _'
498 5656 646 5725 Edili,
670 5662 780 5724 παρ’
802 5661 988 5725 αὐτούς.
1011 5659 1097 5712 Ms.
1126 5659 1236 5725 παρ’
1257 5661 1426 5717 αὐτοῖς.

453 5717 482 5759 δ
516 5717 769 5785 legebam}
792 5724 848 5773 τὸ
866 5726 995 5773 αὐτὸ.

2083 683 2364 752 ἀγιστείαν
2401 684 2620 744 ἃπασαν
2648 692 2706 743 ὲν
2729 690 2811 743 ἑνὶ
2839 689 3198 744 κατακλεῖσαι
3229 689 3405 759 τόπῳ,
3428 689 3507 760 τῷ
3526 688 3661 762 ναῷ,

2080 777 2175 830 καὶ
2207 778 2371 830 αὑτὸν
2401 776 2627 850 ὕστερον
2651 780 2919 836 καθελεῖν.
2948 782 3011 834 Et
3034 782 3143 852 7&9
3170 781 3247 852 μὴ
3280 780 3536 835 ἐϐούλετο
3561 783 3663 837 a6-

2082 868 2181 933 τάς
2216 869 2531 926 παύσασθαι
2572 873 2665 927 καὶ
2696 873 2786 927 τὸν
2818 873 2950 944 περὶ
2981 873 3189 928 τούτων
3225 873 3392 944 νόμον
3420 872 3659 939 ἅπαντα,

2078 961 2222 1016 δυοῖν
2251 961 2479 1034 θάτερον
2499 964 2567 1018 ἀν
2594 966 2868 1035 ἐποίησεν,
2895 965 2930 1036 ἢ
2956 965 3055 1018 οὐκ
3075 964 3141 1020 ἂν
3160 964 3379 1019 καθεῖλε
3398 965 3490 1019 τὸν
3509 966 3657 1031 ναὸν,

2081 1052 2114 1122 ἦ
2144 1052 2412 1121 καθελὼν,
2450 1055 2551 1108 οὐκ
2589 1054 2656 1110 ἀν
2699 1056 3082 1127 ἀπηγόρευσεν
3122 1055 3357 1127 ἀλλαχοῦ
3409 1056 3654 1110 θύεσθαι.

2082 1144 2230 1217 μοι]
2258 1145 2374 1200 Νῦν
2405 1146 2464 1200 δὲ
2500 1149 2601 1219 τὴν
2630 1148 2956 1220 οἰκουμένην
2981 1150 3221 1215 ἃπασαν,
3249 1148 3347 1203 καὶ
3386 1148 3561 1221 αὐτὴν
3601 1149 3660 1204 δὲ

2077 1234 2174 1306 τὴν
2214 1235 2573 1311 Ἰερουσαλὴμ
2599 1239 2800 1294 ἀϐατον
2836 1244 2957 1305 ταῖς
3003 1240 3283 1305 τοιαύταις
3325 1241 3660 1313 κατέστησεν

2078 1325 2432 1397 ἱερουργίαις·
2464 1330 2627 1399 μόνον
2652 1330 2709 1383 δὲ
2736 1330 2829 1385 τὸν
2862 1333 2991 1388 ναὸν
3018 1333 3205 1396 αὐταῖς
3228 1331 3377 1394 ἀνείς
3406 1332 3502 1386 καὶ
3531 1334 3661 1387 ἀποο

2075 1415 2262 1481 τάξας,
2293 1414 2414 1472 εἶτα
2454 1419 2618 1474 αὐτὸν
2654 1420 2846 1492 τοῦτον
2881 1422 3108 1494 ὓστερον
3146 1422 3410 1487 καθελών,
3447 1423 3544 1478 καὶ
3578 1424 3661 1487 είς

2072 1508 2228 1572 τέλος
2257 1510 2426 1576 ἔδειξε
2450 1512 2539 1566 διά
2559 1513 2669 1568 τῶν
2689 1515 3029 1583 πραγμάτων
3055 1514 3258 1578 αὐτῶν,
3282 1515 3363 1569 ὅτι
3383 1514 3659 1569 πέπαυται

2072 1599 2143 1655 τὰ
2181 1601 2276 1655 τοῦ
2302 1601 2469 1672 νόμου
2509 1602 2598 1656 διὰ
2626 1603 2882 1674 Χριστοῦ·
2916 1604 3010 1657 καὶ
3038 1604 3148 1675 γὰρ
3176 1605 3270 1658 τὸν
3300 1604 3427 1657 ναὸν
3469 1607 3499 1658 6
3523 1606 3661 1675 Χρι⁹

2076 1694 2201 1750 στὸς
2234 1693 2507 1748 καθεῖλεν.
2546 1695 2607 1748 El
2636 1696 2694 1748 δὲ
2740 1695 2919 1766 βούλει
2957 1696 3054 1751 καὶ
3086 1696 3177 1749 διὰ
3215 1696 3478 1767 ῥημάτων
3526 1696 3663 1750 ίδείν

2074 1784 2193 1848 πῶς
2215 1786 2304 1839 διὰ
2322 1785 2418 1839 τοῦ
2445 1786 2686 1857 Χριστοῦ
2706 1791 3085 1858 καταργεῖται.
3114 1787 3346 1843 ἄκουσον
3372 1788 3540 1843 αὐτοῦ
3560 1787 3661 1842 τοῦ

2074 1878 2364 1949 νομοθέτου
2395 1878 2646 1946 λέγοντος
2676 1878 2839 1933 οὕτω·
2865 1880 3193 1949 Προφήτην
3218 1881 3362 1949 ὑμῖν
3382 1879 3660 1948 ἀναστή-

2080 1984 2177 2023 σει
2207 1970 2422 2040 Κύριος
2452 1971 2521 2025 ἐκ
2542 1968 2665 2024 τῶν
2687 1970 2970 2041 ἀδελφῶν
2990 1967 3180 2041 ὑμῶν,
3207 1972 3288 2036 ὡς
3312 1971 3435 2040 ἐμέ·
3466 1970 3661 2026 αὐτοῦ

2081 2061 2420 2117 ἀκούσεσθε
2456 2061 2610 2115 κατά
2633 2060 2852 2126 πάντα,
2889 2061 3008 2116 ὅσα
3039 2061 3118 2116 ἂν
3146 2060 3461 2130 ἐντελῆται
3489 2061 3659 2132 ὑμῖν.

2075 2153 2186 2207 Καὶ
2211 2152 2407 2217 ἔσται,
2443 2152 2612 2209 πᾶσα
2649 2154 2822 2224 ψυχὴ
2851 2154 2985 2221 ἣτις
3032 2154 3109 2209 ἂν
3140 2153 3228 2223 μὴ
3270 2154 3507 2222 ἀκούσῃ
3548 2153 3663 2208 τοῦ

2073 2244 2386 2314 προφήτου
2426 2246 2688 2311 ἐκείνου,
2729 2246 3321 2315 ἐξολοθρευθήσεται.
3354 2243 3506 2310 Εἶδες
3538 2246 3661 2311 πῶς

2072 2335 2272 2403 ἔδειξεν
2297 2340 2326 2391 6
2345 2338 2509 2409 νόμος
2538 2339 2622 2393 ὃτι
2653 2340 2714 2392 ὲν
2739 2339 2961 2409 Χριστῷ
3000 2337 3265 2404 παύεται;
3306 2338 3366 2391 '0
3394 2337 3505 2409 γὰρ
3527 2354 3662 2409 προσ

2072 2427 2250 2498 φήτης
2281 2423 2457 2492 οὗτος,
2484 2429 2765 2482 τουτέστιν
2796 2430 2825 2481 6
2848 2430 3085 2498 Χριστὸς
3112 2428 3174 2481 τὸ
3201 2426 3343 2482 κατά
3371 2428 3570 2499 σάρκα.
3594 2421 3660 2483 οὗ

2073 2520 2293 2574 ἀκούειν
2334 2522 2589 2575 ἐκέλευσε
2619 2522 2880 2591 Μωῦσῆς,
2919 2522 3014 2575 καὶ
3044 2521 3316 2575 σάϐϐατον
3358 2520 3454 2575 καὶ
3502 2537 3661 2588 περι-

2073 2611 2249 2682 τομὴν
2292 2614 2387 2664 καὶ
2428 2612 2599 2665 τάλλα
2628 2613 2809 2668 πάντα
2840 2611 3068 2666 ἔπαυσε.
3101 2613 3215 2666 Kal
3248 2614 3277 2664 6
3308 2611 3472 2666 Aau‘tB
3506 2611 3566 2664 δὲ
3594 2610 3660 2664 τὸ

2073 2701 2207 2755 αὐτὸ
2227 2701 2385 2756 τοῦτο
2407 2702 2604 2772 δηλῶν,
2626 2702 2783 2773 ἔλεγε
2805 2701 3047 2774 περὶτοῦ
3071 2701 3330 2774 Χριστοῦ·
3357 2702 3442 2757 Σὺ
3465 2702 3659 2770 ἱερεὺς

2071 2797 2159 2859 είς
2206 2793 2314 2848 τόν
2352 2794 2558 2858 αἰῶνα,
2601 2797 2752 2850 κατὰ
2786 2797 2903 2865 τὴν
2935 2794 3114 2859 τάξιν
3145 2794 3548 2865 Μελχισεδὲκ,
3591 2795 3656 2848 οὒ

2072 2888 2214 2942 κατά
2238 2888 2340 2957 τὴν
2374 2888 2526 2955 τάξιν
2549 2888 2780 2959 Ἀαρών.
2813 2888 2906 2942 Διδ
2938 2889 3030 2943 xal
3053 2886 3242 2957 σαφῶς
3270 2892 3299 2942 6
3319 2887 3532 2952 Παῦλος
3557 2888 3655 2959 ἑρ-

2076 2979 2326 3051 μηνεύων
2355 2980 2507 3041 αὐτὸ,
2536 2981 2723 3052 φησὶν,
2751 2981 2835 3035 ὅτι
2855 2980 3333 3050 Μετατιθεμένης
3365 2977 3472 3047 τῆς
3489 2982 3654 3046 ἱερω-

2071 3074 2287 3139 σύνης.
2314 3074 2382 3137 ἐξ
2414 3073 2684 3143 ἀνάγκης
2712 3073 2810 3127 καί
2836 3074 3026 3143 νόμου
3047 3072 3363 3143 μετάθεσις
3394 3072 3646 3142 γίνεται.

2072 3166 2183 3219 Καὶ
2218 3166 2455 3236 ἀλλαχοῦ
2482 3166 2539 3220 δὲ
2577 3166 2740 3221 πάλιν
2772 3166 2905 3236 φησί
2925 3182 2939 3197 ·
2977 3168 3211 3221 Θυσίαν
3241 3164 3337 3218 καὶ
3376 3178 3645 3232 προσφο-

2064 3257 2184 3326 ρὰν
2205 3259 2317 3313 οὐκ
2335 3241 2665 3326 ἠθέλησας,
2698 3257 3162 3326 ὁλοκαυτώματα
3184 3256 3283 3312 καί
3311 3255 3439 3324 περὶ
3462 3255 3646 3323 ἀμαρ-

2071 3349 2203 3415 τίας
2231 3350 2343 3404 οὐκ
2375 3349 2748 3416 ηὺδόκησας·
2786 3352 2920 3404 τότε
2944 3346 3137 3413 εἷπον,
3175 3349 3333 3405 Ἰδοὺ
3359 3348 3503 3416 ήκω.
3535 3345 3649 3401 Kal.

2072 3439 2263 3511 ἑτέρας
2290 3440 2345 3494 δὲ
2380 3439 2561 3511 πολλῴ
2592 3441 2797 3495 τούτων
2822 3440 3040 3504 πλείους
3065 3440 3290 3494 δυνατὸν
3320 3442 3388 3494 ὲκ
3416 3439 3513 3507 τῆς
3534 3439 3652 3491 Πα-

2069 3532 2230 3597 λαιάς
2258 3535 2606 3605 παραγαγεῖν
2640 3533 2966 3605 μαρτυρίας.
3001 3531 3269 3603 δηλούσας
3299 3531 3418 3595 πῶς
3443 3529 3531 3584 διὰ
3557 3529 3657 3583 τοῦ

2070 3624 2310 3697 Χριστοῦ
2344 3628 2703 3697 καταργεῖται
2750 3627 2778 3678 6
2820 3626 3002 3694 νόμος.
3043 3625 3206 3678 Ὥστε
3238 3625 3369 3678 ὅταν
3409 3623 3654 3693 ἀποστῇς

2070 3717 2165 3771 τοῦ
2196 3718 2387 3787 νόμου,
2415 3718 2538 3771 τότε
2568 3718 2686 3787 ὄψει
2714 3718 2804 3771 τὸν
2832 3718 2997 3787 νόμον
3034 3717 3235 3780 καλῶς·
3271 3716 3377 3778 ἕως
3400 3715 3445 3769 δ’
3466 3714 3533 3769 ἂν
3555 3715 3653 3767 αὐ-

2068 3809 2161 3862 τὸν
2201 3810 2460 3881 κατέχῃς,
2503 3809 2599 3862 καὶ
2651 3808 2726 3879 μὴ
2774 3808 3035 3879 πιστεύῃς
3064 3806 3308 3878 Χριστῷ,
3357 3807 3458 3860 οὐκ
3503 3799 3649 3869 οἶδας

2070 3900 2190 3953 οὐδὲ
2213 3900 2375 3953 αὐτὸν
2407 3899 2499 3951 τὸν
2532 3898 2715 3969 νόμον.
2747 3898 2839 3952 Διὸ
2862 3899 2956 3951 καὶ
2989 3897 3290 3967 ἐπήγαγεν,
3319 3894 3651 3963 σαφέστερον

2069 3988 2228 4042 τοῦτο
2253 3989 2385 4042 αὐτὸ
2413 3988 2865 4053 κατασκευάζων,
2883 3989 3034 4042 Ἀλλ’
3058 3987 3170 4053 ἕως
3199 3986 3488 4056 σήμερον,
3518 3984 3653 4051 ήνί-

2069 4097 2147 4134 κα
2200 4078 2674 4147 ἀναγινώσκεται
2729 4080 3011 4147 Μωϋσῆς,
3064 4078 3347 4148 κάλυμμα
3398 4077 3500 4132 ἐπὶ
3537 4076 3654 4143 τὴν

2069 4169 2322 4238 καρδίαν
2342 4170 2543 4225 αὐτῶν
2572 4170 2779 4224 κεῖται.
2814 4168 3034 4240 Ἐπειδὴ
3054 4168 3162 4239 γὰρ
3188 4163 3364 4230 εἶπεν,
3388 4167 3470 4220 ὅτι
3497 4167 3557 4218 ὲν
3579 4167 3650 4237 τῇ

2069 4257 2374 4328 ἀναγνώσει
2398 4258 2500 4329 τῆς
2528 4259 2767 4323 Παλαιάς
2793 4259 3069 4331 Διαθήκης
3103 4258 3255 4328 μένει
3278 4256 3340 4310 τὺ
3362 4256 3649 4326 κάλυμμα·

2071 4351 2158 4403 ἵνα
2191 4350 2265 4420 μή
2293 4366 2377 4414 τις
2406 4348 2602 4420 νομίσῃ
2628 4350 2725 4419 τῆς
2763 4349 3027 4418 ἀσαφείας
3070 4347 3165 4401 τοῦ
3203 4349 3367 4416 νόμου
3404 4341 3547 4399 εἶναι
3588 4345 3651 4398 τὸ

2070 4442 2381 4514 εἰρημένον,
2429 4443 2520 4496 καὶ
2548 4442 2614 4496 δι’
2645 4441 2848 4512 ἑτέρων
2900 4442 2998 4512 μὲν
3038 4440 3169 4494 αὐτὸ
3206 4438 3299 4494 καὶ
3335 4436 3651 4509 ἔμπροσθεν

2070 4533 2239 4601 ἔδειξε
2267 4534 2366 4604 (τῷ
2393 4533 2501 4605 γὰρ
2536 4535 2734 4598 εἰπεῖν,
2775 4532 3086 4600 Ἐπωρώθη
3120 4534 3193 4585 τὰ
3227 4529 3499 4600 νοήματα
3542 4529 3651 4582 αὐ·-

2068 4627 2208 4690 τῶν,
2236 4626 2507 4679 δείκνυσιν
2555 4626 2736 4679 αὐτῶν
2761 4624 2821 4678 τὸ
2852 4624 3103 4695 ἔγκλημα
3134 4622 3238 4693 ὃν),
3274 4622 3371 4676 καὶ
3412 4621 3472 4673 ὲν
3498 4615 3651 4689 αὐτῷ

2068 4721 2124 4774 δὲ
2156 4719 2331 4788 τούτῳ
2380 4718 2563 4774 πάλιν.
2601 4719 2675 4771 Οὐ
2709 4718 2818 4789 7&9
2840 4714 3016 4781 εἶπεν,
3067 4717 3156 4769 Ἐν
3190 4716 3304 4778 τοῖς
3352 4714 3650 4785 γράμμασι

2072 4812 2221 4881 μένει
2268 4811 2329 4864 τὸ
2370 4811 2653 4881 κάλυμμα,
2686 4810 2825 4875 ἀλλ’,
2869 4812 2973 4864 Ἐν
3009 4807 3085 4877 τῇ
3128 4806 3488 4876 ἀναγνώσει·
3526 4805 3560 4874 ἠ
3589 4803 3650 4856 δὲ

2069 4902 2377 4970 ἀνάγνωσις
2413 4901 2664 4972 ἐνέργεια
2710 4902 2818 4955 τῶν
2846 4898 3329 4965 ἀναγινωσκόντων
3367 4895 3508 4949 ὲστί·
3551 4894 3649 4948 καὶ

2068 4992 2251 5055 πάλιν,
2285 4992 2494 5046 Ἠνίκα
2508 4991 2977 5060 ἀναγινώσκεται
3003 4985 3285 5054 Μωῦσὴς.
3307 4982 3651 5053 Σαφέστερον

2066 5083 2123 5136 δὲ
2142 5082 2273 5136 αὐτὸ
2294 5086 2360 5154 τῇ
2386 5081 2528 5147 λέξει
2551 5085 2615 5151 τῇ
2642 5062 2773 5149 ἑξῆς
2796 5079 3085 5150 ἐδήλωσεν,
3109 5069 3649 5141 ἀνακεκαλυμμένως

2067 5176 2258 5240 εἰπὼν,
2290 5176 2585 5246 Κάλυμμα
2630 5175 2728 5229 ἐπὶ
2755 5174 2869 5241 τὴν
2897 5170 3148 5241 καρδίαν
3189 5167 3388 5225 αὐτῶν
3434 5163 3642 5218 κεῖται.

2078 5269 2232 5322 Ἐπεὶ
2262 5271 2355 5322 καὶ
2379 5271 2437 5323 ὲν
2462 5272 2529 5340 τῇ
2551 5268 2671 5337 ὕψει
2702 5266 3001 5330 Μωῦσέως,
3032 5264 3094 5317 οὐ
3120 5261 3211 5315 διὰ
3241 5256 3482 5316 Μωῦσέα
3512 5255 3653 5309 ἔκει-

2064 5375 2148 5421 το,
2189 5357 2327 5411 ἀλλά
2359 5357 2446 5411 διά
2491 5358 2591 5427 τὴν
2637 5357 2841 5409 τούτων
2877 5352 3165 5424 παχύτητα
3219 5351 3316 5405 καὶ
3373 5346 3650 5420 σαρκικὴν

2103 5466 2314 5502 νωμην.

2103 5467 2179 5502 νω
2264 5466 2314 5502 ν.

2066 5464 2102 5516 γ
2138 5467 2627 5611 δ’ῗιιτέατηγορήσας
2648 5539 2825 5592 τοίνυν
2846 5536 3024 5591 αὐτῶν
3046 5537 3267 5615 ἰκανῷς,
3286 5535 3531 5589 δείκνυσι
3553 5533 3653 5589 καὶ

2137 5728 2157 5758 ⁸
2182 5726 2323 5789 1.03.,
2347 5726 2630 5783 ἐντέλληται,
2654 5725 2732 5774 \el
2767 5721 3039 5775 ἑντείληται.
