4070 6152
418 332 520 386 445

420 448 654 517 quoniam
676 446 726 498 in
755 444 952 497 Christo
976 448 1263 494 evacuatur.
1279 433 1415 488 Vide
1431 433 1554 502 quid
1577 447 1669 500 per
1693 432 1807 484 lucc
1834 427 1994 482 verba

421 543 682 596 ailstruat.
710 537 840 592 Nam
868 534 1006 604 quod
1039 543 1148 586 tum
1179 528 1348 584 semel
1378 528 1432 580 in
1459 525 1606 580 Mose
1630 523 1873 592 contigit,
1889 520 1990 574 hoc

423 643 680 702 perpetuo
733 631 786 682 in
833 635 951 696 lege
989 623 1269 691 contingit.
1316 619 1425 675 Nec
1477 627 1655 672 tamen
1687 615 1772 670 bis
1815 609 1992 668 verbis

424 727 592 795 legem
633 721 967 784 criminatur,
999 712 1447 787 quemadmodum
1502 724 1602 763 nec
1646 707 1852 762 Mosem
1881 713 1990 757 tum

418 834 538 872 sese
552 809 1016 873 obvelautem,sed
1037 807 1342 863 Judaeorum
1361 801 1663 858 vecordiam
1692 817 1706 854 :
1734 799 1822 852 illa
1843 797 1986 852 enim

417 921 566 960 suam
588 903 811 973 gloriam
844 900 1038 963 habet;
1057 906 1111 952 at
1132 895 1220 951 isti
1244 909 1362 950 eam
1390 892 1584 947 intueri
1611 889 1988 958 nequiverunt.

416 997 550 1064 Quid
581 997 738 1062 igitur
780 993 975 1047 mirum
1013 989 1166 1044 vobis
1191 996 1294 1050 est,
1327 985 1518 1055 inquit,
1548 984 1592 1038 si
1620 983 1759 1038 hanc
1804 981 1992 1051 gratia

415 1087 642 1157 gloriam
669 1098 894 1138 cernere
922 1087 1212 1150 nequeant,
1231 1092 1354 1132 cum
1376 1076 1636 1130 minorem
1657 1073 1802 1126 illam
1829 1070 1992 1126 Musis

418 1193 519 1231 non
555 1171 950 1244 perspexerint,
980 1183 1081 1225 nec
1125 1167 1272 1223 illius
1298 1167 1500 1220 vultum
1545 1161 1754 1216 obtueri
1802 1170 1991 1230 potue-

415 1269 560 1324 rint?
590 1265 718 1335 quid
751 1263 1065 1328 turbamini,
1093 1260 1139 1314 si
1168 1258 1336 1314 Judaei
1357 1255 1573 1311 Christo
1595 1269 1701 1308 non
1743 1251 1986 1315 credant,

415 1374 533 1414 cum
565 1372 633 1412 ne
663 1355 767 1424 legi
806 1352 1023 1423 quidem
1066 1348 1324 1404 credant?
1365 1345 1496 1402 Nam
1541 1344 1612 1397 ob
1664 1343 1715 1396 id
1763 1341 1986 1411 gratiam

413 1449 575 1502 etiam
619 1446 950 1514 ignorarunt,
973 1441 1222 1509 quoniam
1265 1453 1331 1492 ne
1361 1436 1522 1490 Vetus
1555 1433 1772 1496 quidem
1803 1431 1992 1486 Testa-

411 1541 656 1585 mentum
690 1544 790 1583 nec
821 1529 993 1598 ipsius
1025 1526 1250 1596 gloriam
1281 1531 1684 1595 cognoverunt;
1711 1523 1980 1592 siquidem

411 1625 549 1694 legis
577 1623 746 1694 gloria
781 1621 832 1674 in
867 1620 972 1674 hoc
999 1619 1102 1673 sita
1131 1625 1239 1682 est,
1279 1616 1424 1686 quod
1459 1614 1527 1669 ad
1555 1613 1830 1669 Christum
1860 1614 1983 1668 ani-

413 1728 536 1768 mos
563 1719 868 1767 convertat.
1810 1699 1814 1702 ’

485 1807 540 1858 5.
565 1803 727 1858 Vides
749 1812 806 1856 ut
840 1802 967 1856 hinc
999 1795 1542 1870 quoqueJudzeorum
1563 1795 1763 1850 fastum
1797 1803 1984 1850 retun-

414 1897 541 1949 tlat?
563 1895 771 1948 Etenim
797 1892 940 1946 unde
961 1891 1037 1945 illi
1062 1889 1436 1959 praestantiore
1456 1886 1764 1942 conditione
1783 1901 1842 1941 se
1861 1899 1984 1941 esse

412 1984 818 2047 existimabant,
834 1996 1025 2050 nempe
1040 1979 1185 2048 quod
1199 1977 1363 2031 Musis
1377 1977 1542 2030 facies
1559 1974 1821 2043 fulgorem
1835 1973 1987 2026 emit-

413 2088 573 2142 teret,
600 2078 726 2130 hinc
740 2091 926 2130 eorum
951 2073 1255 2128 crassitiem
1273 2069 1701 2138 etabjectionem
1721 2065 1984 2120 ostendit.

412 2169 492 2224 Ne
510 2185 642 2241 ergo
661 2170 765 2224 hoc
782 2168 1002 2223 nomine
1021 2167 1094 2220 illi
1113 2165 1419 2235 glorientur
1442 2181 1454 2215 :
1479 2161 1607 2232 quid
1628 2161 1775 2215 enim
1794 2161 1900 2215 hoc
1919 2159 1988 2214 ad

413 2259 632 2316 Judteos
661 2261 755 2330 qui
786 2260 891 2313 frui
919 2273 1026 2312 non
1051 2255 1390 2326 potuerunt?
1428 2252 1774 2310 Unde‘etiam
1812 2251 1868 2307 id
1899 2265 1991 2305 as-

405 2352 555 2406 sidue
610 2349 875 2413 inculcat,
920 2362 1061 2402 nunc
1109 2347 1359 2402 videlicet
1411 2346 1581 2414 ipsum
1636 2345 1874 2398 velamen
1929 2345 1983 2398 in

412 2444 617 2499 Veteris
655 2441 986 2497 Testamenti
1032 2440 1260 2494 lectione
1297 2453 1406 2492 non
1441 2437 1736 2493 revelatum
1767 2452 1984 2492 manere

405 2535 588 2590 dicens
608 2574 623 2598 ,
651 2534 773 2604 quia
820 2533 872 2586 in
907 2529 1122 2586 Christo
1157 2539 1475 2595 evacuetur;
1519 2543 1660 2584 nunc
1683 2570 1699 2596 ,
1731 2544 1900 2599 usque
1929 2530 1982 2584 in

407 2625 718 2680 hodiernum
740 2623 906 2688 diem,
925 2637 1030 2693 quo
1053 2631 1290 2691 tempore
1314 2620 1504 2689 legitur
1523 2620 1718 2684 Moses,
1737 2620 1788 2674 id
1810 2620 1982 2689 ipsum

405 2719 644 2773 velamen
687 2718 738 2771 in
780 2718 1018 2784 ipsorum
1049 2714 1212 2769 corde
1253 2715 1479 2783 positum
1510 2728 1663 2778 esse;
1695 2727 1758 2768 ac
1787 2722 1898 2766 tum
1928 2713 1981 2768 in

405 2811 632 2865 lcetiune
651 2851 667 2876 ,
698 2819 809 2862 tum
846 2809 898 2862 in
928 2820 1116 2860 eorum
1144 2805 1306 2860 corde
1335 2805 1535 2874 imponi
1570 2804 1774 2858 dicens.
1805 2803 1979 2873 Supe-

404 2902 515 2956 rius
537 2916 666 2955 vero
690 2899 898 2954 dixerat
926 2915 941 2954 :
974 2896 1040 2952 Ut
1063 2896 1319 2950 intendere
1342 2911 1442 2948 non
1471 2905 1668 2962 possent
1692 2895 1791 2963 ﬁlii
1816 2894 1981 2948 Israel

404 2995 456 3047 in
487 2994 665 3065 facient
701 2991 863 3046 Musis
882 3032 897 3056 ,
926 2999 1131 3060 prapter
1156 2988 1369 3059 gloriam
1394 2987 1561 3041 vultus
1590 2990 1699 3057 ejus
1722 3003 1835 3056 qua:
1861 3003 1978 3041 etta-

404 3099 580 3140 cuatur
605 3102 622 3138 :
651 3099 756 3154 quo
788 3083 916 3154 quid
945 3081 1202 3150 abjectius
1233 3080 1355 3150 fingi
1384 3080 1590 3149 possit?
1617 3096 1737 3133 cum
1769 3094 1836 3132 ne
1864 3079 1980 3147 ejus

403 3181 614 3249 quidem
661 3153 886 3247 glorias,
925 3188 1046 3243 qua:
1086 3172 1390 3235 evanescit,
1427 3171 1534 3224 imo
1572 3171 1615 3224 si
1656 3185 1777 3224 cum
1816 3170 1978 3222 altera

403 3270 729 3332 conferatur,
763 3267 904 3321 nulla
943 3272 1028 3320 est
1053 3273 1379 3332 spectatores
1406 3278 1526 3316 esse
1550 3273 1766 3330 queant,
1795 3264 1888 3317 sed
1912 3263 1980 3315 ah

405 3361 537 3429 ipsis
557 3375 618 3413 ea
646 3359 956 3427 obtegatur,
991 3365 1050 3409 ut
1092 3369 1195 3408 non
1247 3353 1522 3408 intendant
1564 3353 1618 3407 in
1663 3354 1818 3408 linem
1865 3357 1981 3422 ejus

406 3448 548 3518 quod
574 3458 855 3502 evacuatur
878 3488 892 3512 ,
923 3447 1024 3501 hoc
1047 3446 1204 3500 estin
1237 3446 1427 3514 legem,
1460 3461 1577 3514 qua:
1609 3445 1768 3499 finem
1800 3445 1977 3499 habet.

408 3540 515 3593 Sed
537 3538 700 3591 obtusi
723 3546 838 3591 sunt
863 3553 1033 3591 sensus
1061 3551 1251 3590 eorum.
1278 3536 1343 3589 Et
1367 3536 1491 3604 quid
1520 3536 1641 3602 hoc,
1664 3535 1858 3590 dixerit
1883 3535 1981 3589 ali-

407 3633 545 3699 quis,
569 3629 635 3684 ad
665 3630 908 3685 velamen
934 3629 1101 3683 illud?
1122 3629 1384 3696 Quoniam
1406 3627 1580 3682 futura
1603 3629 1978 3698 praesignabat.

407 3723 585 3792 Neque
614 3722 754 3776 enim
785 3731 905 3776 tunc
931 3729 1132 3775 tantum
1167 3736 1270 3774 non
1301 3720 1587 3784 viderunt,
1623 3722 1715 3775 sed
1745 3736 1812 3774 ne
1841 3737 1981 3776 nunc

402 3814 614 3883 quidem
645 3815 814 3884 legem
847 3813 1050 3868 vident.
1087 3813 1197 3866 lloc
1222 3820 1400 3867 autem
1443 3813 1678 3881 ipsorum
1717 3814 1844 3866 vitio
1872 3813 1929 3867 ﬁt
1963 3832 1976 3869 :

402 3907 612 3961 ubtusio
633 3907 773 3961 enim
797 3905 990 3960 mentis
1014 3917 1285 3974 stuporem
1311 3919 1375 3959 ac
1396 3907 1698 3960 vecordiam
1719 3905 1974 3961 declarat.

403 3995 583 4064 Itaque
622 4011 721 4051 nos
765 4010 987 4060 sumus,
1035 3995 1125 4065 qui
1167 3996 1335 4066 legem
1375 3997 1640 4066 cognitam
1672 3998 1928 4053 habemus
1961 4017 1974 4052 :

403 4103 522 4140 nam
555 4087 656 4140 illis
697 4102 803 4140 non
836 4087 994 4141 modo
1023 4088 1188 4156 gratia
1211 4128 1228 4152 ,
1258 4087 1354 4141 sed
1387 4087 1498 4156 ipsa
1527 4103 1740 4158 quoque
1768 4091 1851 4144 lex
1879 4091 1978 4144 ob-

403 4177 642 4231 umbrata
669 4187 772 4232 est.
809 4177 979 4247 Usque
1016 4179 1070 4230 in
1111 4177 1409 4231 hodiernum
1438 4179 1569 4230 enim
1598 4179 1728 4232 diem
1757 4180 1978 4248 itlipsum

402 4271 622 4323 relamen
650 4273 701 4323 in
733 4271 941 4323 lectione
979 4268 1170 4322 Veteris
1208 4267 1514 4322 Testamenti
1540 4279 1740 4336 manet,
1774 4272 1976 4339 inquit,

403 4376 502 4412 non
528 4361 817 4423 revelatum,
848 4359 964 4427 quia
992 4359 1043 4410 in
1074 4355 1272 4411 Christo
1306 4367 1592 4410 evacuatur.
1620 4359 1771 4424 Quod
1800 4370 1981 4415 autem

401 4454 508 4516 ait,
545 4451 680 4506 hanc
709 4452 1028 4506 sententiam
1060 4449 1218 4504 habet
1249 4466 1264 4502 :
1302 4449 1412 4504 lloc
1438 4449 1607 4517 ipsum
1637 4464 1860 4505 cernere
1888 4467 1979 4506 ne-

401 4552 637 4612 queunt,
665 4558 782 4597 eam
815 4542 975 4597 ﬁnem
1004 4541 1274 4612 accepisse
1294 4581 1307 4604 ,
1339 4540 1463 4609 quia
1488 4538 1702 4595 Christo
1732 4557 1836 4596 non
1863 4557 1982 4596 cre-

401 4637 554 4690 dunt.
587 4636 796 4691 Etenim
823 4636 867 4689 si
899 4651 994 4706 per
1022 4633 1290 4690 Christum
1321 4634 1478 4688 linem
1504 4635 1728 4704 accepit,
1763 4647 1821 4690 ut
1853 4651 1981 4692 vere

401 4727 638 4796 accepit,
666 4727 825 4795 idque
852 4727 1015 4781 etiam
1041 4725 1124 4780 lex
1153 4735 1277 4780 ante
1305 4725 1440 4780 dixit
1468 4744 1480 4780 :
1509 4726 1596 4796 qui
1628 4727 1744 4781 ﬁeri
1779 4737 1940 4797 queat
1963 4767 1977 4791 ,

403 4828 458 4871 ut
483 4819 573 4887 qui
601 4817 873 4872 Christum
895 4859 910 4881 ,
938 4833 966 4870 a
998 4832 1103 4887 quo
1140 4817 1225 4872 lex
1261 4817 1530 4886 antiquata
1562 4827 1676 4884 est,
1706 4835 1811 4872 non
1840 4820 1978 4873 rcci-

403 4912 592 4975 piunt,
638 4910 808 4977 legem
857 4909 1026 4978 ipsam
1073 4909 1398 4977 antiquatum
1447 4925 1568 4964 esse
1617 4911 1979 4979 perspiciam?

405 4999 570 5053 Porro
595 5000 684 5069 qui
715 4999 816 5053 hoc
843 4999 1148 5069 perspicere
1180 5010 1469 5067 nequeunt,
1505 5002 1674 5067 palam
1715 5017 1844 5057 sane
1875 5011 1978 5068 est,

401 5091 542 5158 quod
585 5092 751 5159 ipsius
779 5095 938 5145 etiam
970 5092 1098 5160 legis
1131 5107 1248 5159 qua:
1290 5089 1403 5142 haec
1431 5089 1556 5142 dicit
1591 5092 1694 5142 vim
1727 5107 1787 5144 ac
1819 5092 1982 5146 robur

399 5184 733 5252 gloriamque
760 5185 1059 5236 universam
1091 5183 1351 5252 ignorent.
1387 5189 1452 5235 At
1480 5182 1690 5236 ubinam
1718 5183 1870 5249 dixit,
1902 5187 1982 5240 in-

400 5275 552 5341 quies
573 5315 587 5337 ,
618 5275 699 5328 lex
731 5291 789 5328 se
833 5276 884 5327 in
915 5274 1130 5328 Christo
1168 5273 1408 5327 aboleri?
1445 5272 1560 5326 Non
1605 5275 1776 5328 solum
1808 5276 1978 5342 dixit,

401 5365 492 5418 ted
535 5365 698 5418 etiam
745 5381 839 5433 per
881 5379 968 5418 res
1012 5365 1155 5432 ipsas
1194 5365 1578 5418 demonstravit
1611 5383 1621 5417 :
1653 5381 1714 5419 ac
1755 5367 1980 5434 primum

400 5457 616 5526 quidem
645 5457 786 5523 quod
813 5456 1076 5510 sacriﬁcia
1105 5466 1158 5509 et
1185 5455 1655 5511 sanctiﬁcationem
1685 5473 1896 5512 onmem
1927 5461 1979 5512 iu

403 5562 508 5599 uno
538 5546 687 5612 loco,
719 5547 821 5600 hoc
846 5556 929 5602 est
958 5547 1010 5601 in
1042 5547 1268 5618 templo,
1294 5548 1648 5613 concluserit,
1685 5561 1842 5621 atque
1883 5552 1984 5607 hoc

404 5639 578 5705 ipsum
606 5641 863 5710 templum
897 5651 1078 5710 postea
1109 5641 1434 5696 destructum
1464 5643 1552 5696 sit.
1583 5643 1691 5696 Nisi
1719 5645 1860 5698 enim
1891 5659 1979 5698 sa-

405 5731 606 5787 criﬁcia
630 5742 687 5789 et
714 5734 882 5802 legent
912 5750 1123 5790 onmem
1153 5735 1219 5790 de
1251 5736 1332 5789 his
1374 5734 1660 5790 institutam
1695 5738 1854 5792 ﬁnem
1887 5736 1982 5790 ha-

1476 317 1543 374 IN
1581 316 1794 372 EPIST.
1835 314 1878 369 11
1944 313 2036 368 AD
2072 313 2228 369 COR.
2272 314 2498 370 HOMIL.
2540 314 2653 370 ΥΠ.

3581 322 3686 379 ιω

2104 426 2232 483 bere
2255 429 2532 494 voluisset,
2557 427 2782 482 duorum
2804 427 3029 482 alterum
3057 426 3288 493 fecisset,
3313 437 3405 484 aut
3427 431 3682 501 templum

2102 535 2206 573 non
2244 520 2585 584 sustulisset,
2614 529 2700 574 aut
2724 561 2746 590 ,
2783 521 2826 573 si
2870 519 3208 586 sustulisset,
3241 523 3496 577 sacrillcia
3534 535 3683 580 certe

2097 611 2216 664 aliis
2247 611 2300 664 in
2336 611 2466 665 locis
2497 611 2611 666 ﬁeri
2641 625 2745 665 non
2777 610 3154 679 prohibuisset.
3190 612 3339 668 Nunc
3366 629 3527 673 vero.
3556 630 3679 668 cum

2097 700 2348 755 universo
2371 711 2628 756 terrarum
2652 702 2765 757 orbi
2795 711 2848 756 et
2879 703 2975 771 ipsi
3005 719 3219 774 quoque
3245 705 3540 760 Jerusalem
3565 705 3679 760 adi~

2096 799 2207 845 tum
2248 793 2313 845 ad
2352 791 2655 860 hujusmodi
2703 793 2961 848 sacriﬁcia
3005 797 3330 863 pra-cluSerit
3357 837 3369 859 ,
3401 797 3680 865 solumque

2098 884 2350 952 templum
2402 883 2530 953 ipsis
2578 885 2880 951 permiserit
2921 895 2975 938 et
3021 885 3336 955 assignarit,
3377 896 3534 956 atque
3578 886 3681 942 hoc

2095 975 2269 1044 ipsum
2298 983 2479 1043 postea
2509 975 2782 1029 sustulerit
2810 992 2823 1027 :
2851 990 2947 1044 per
2974 990 3062 1029 res
3089 975 3231 1044 ipsas
3261 977 3472 1032 tandem
3499 977 3682 1031 decla~

2095 1065 2264 1131 ravit,
2295 1065 2426 1132 legis
2455 1065 2586 1119 ritus
2615 1080 2710 1134 per
2737 1063 3006 1118 Christum
3053 1065 3211 1119 linem
3253 1067 3525 1136 accepisse
3557 1085 3568 1118 :
3599 1069 3677 1122 si-

2093 1156 2308 1226 quidem
2337 1157 2593 1224 templum
2621 1170 2651 1208 a
2675 1153 2891 1209 Christo
2917 1155 3183 1209 sublatum
3207 1165 3309 1210 est.
3333 1157 3484 1222 Quod
3513 1159 3555 1212 si
3583 1173 3680 1227 per

2096 1248 2256 1302 verba
2287 1261 2499 1316 quoque
2534 1246 2716 1301 videre
2755 1245 2916 1312 libet,
2962 1248 3229 1315 quomodo
3277 1263 3370 1316 per
3407 1248 3677 1306 Christum

2094 1337 2178 1392 lex
2207 1337 2458 1408 abrogata
2485 1336 2575 1404 sit,
2605 1337 2892 1406 ipsummet
2931 1338 3288 1408 legislatorcm
3316 1342 3458 1404 audi,
3485 1344 3563 1397 sic
3592 1343 3676 1398 lo-

2091 1440 2342 1502 quentem
2373 1448 2389 1485 :
2417 1429 2731 1501 Propltetam
2765 1431 2902 1486 vobis
2941 1431 3200 1486 suscitabit
3240 1431 3380 1488 Deus
3415 1434 3477 1488 de
3511 1437 3677 1491 medio

2091 1528 2310 1595 fratrum
2353 1534 2631 1579 uestrorum
2652 1566 2668 1591 ,
2717 1535 2974 1595 tamquam
3019 1542 3098 1578 me
3123 1543 3142 1580 :
3165 1526 3332 1594 ipsum
3369 1528 3585 1582 audietis
3621 1529 3676 1584 in

2091 1615 2342 1680 omnibus,
2371 1630 2696 1684 quacumque
2731 1616 3042 1669 mandaverit
3081 1616 3237 1671 vobis.
3272 1615 3340 1671 Et
3369 1618 3482 1683 erit,
3513 1621 3676 1674 omnis

2090 1707 2260 1759 anima
2285 1722 2396 1775 qua:
2421 1707 2719 1777 prophetam
2747 1706 2894 1761 illum
2925 1724 3025 1761 non
3052 1708 3291 1775 audierit,
3321 1711 3678 1764 exterminabi-

2091 1809 2173 1854 tur
2202 1799 2382 1870 (Deat.
2416 1801 2502 1856 18.
2533 1802 2619 1857 18.
2650 1801 2762 1872 19).
2803 1801 2961 1857 Vides
2989 1817 3092 1872 quo
3119 1812 3276 1872 pacto
3303 1802 3387 1856 lex
3417 1803 3668 1858 ostende-

2091 1895 2194 1958 rit,
2221 1892 2362 1963 quod
2397 1893 2448 1947 in
2486 1891 2701 1948 Christo
2739 1892 2898 1947 ﬁnem
2941 1902 3224 1962 acceptura
3248 1894 3432 1948 esset?
3457 1893 3670 1951 Etenim

2091 1984 2344 2054 propheta
2387 1984 2510 2049 hic,
2554 1985 2606 2039 id
2648 1994 2764 2050 est,
2799 1984 3044 2040 Christus
3081 1984 3374 2040 secundum
3411 2001 3628 2041 carnem
3652 2027 3670 2050 .

2089 2091 2246 2145 quem
2274 2076 2448 2132 Moses
2473 2077 2661 2133 audire
2698 2078 2886 2147 iussit,
2915 2086 2972 2133 et
2998 2077 3276 2132 sabbatum
3307 2089 3362 2132 et
3387 2078 3672 2134 circumci-

2088 2169 2296 2222 sionem
2327 2169 2536 2238 aliaque
2561 2169 2738 2222 omnia
2769 2169 2999 2223 sustulit.
3031 2170 3109 2222 Ac
3139 2169 3302 2224 David
3331 2169 3434 2224 hoc
3461 2185 3672 2240 quoque

2088 2258 2259 2326 ipsum
2287 2251 2550 2318 indicans,
2582 2258 2650 2313 de
2677 2257 2890 2314 Christo
2915 2258 3160 2312 dicebat:
3187 2257 3268 2312 Tu
3289 2275 3343 2313 es
3361 2259 3671 2314 sacerdosin

2087 2361 2330 2404 cateruam
2371 2350 2647 2404 secundum
2693 2349 2920 2403 ordinem
2961 2347 3297 2403 Melcltisedec
3326 2349 3510 2418 (Psal.
3543 2351 3667 2406 109.

2085 2441 2166 2510 4),
2193 2456 2297 2494 11011
2324 2449 2500 2494 autem
2526 2441 2818 2496 secundum
2844 2439 3084 2494 ordinem
3111 2442 3312 2495 Aaron.
3341 2441 3421 2495 0b
3444 2456 3670 2510 eamque

2085 2546 2299 2586 causam
2327 2531 2520 2585 l’aulus
2547 2531 2825 2600 perspicue
2857 2529 2958 2584 hoc
2985 2545 3258 2600 exponens
3277 2570 3294 2595 ,
3325 2531 3399 2585 ait
3424 2548 3437 2584 :
3468 2531 3666 2586 Trans-

2087 2621 2190 2676 lato
2215 2622 2515 2687 sacerdotio,
2545 2637 2742 2675 necesse
2761 2631 2832 2674 est
2857 2630 2910 2674 ut
2935 2621 3058 2691 legis
3083 2622 3347 2675 translatio
3367 2622 3458 2690 ﬁat
3479 2621 3665 2692 (Hebr.

2086 2716 2138 2770 7.
2165 2715 2276 2786 12).
2299 2719 2473 2785 Atque
2494 2715 2597 2768 alio
2627 2716 2743 2768 loco
2771 2714 2852 2767 his
2875 2729 3086 2768 rursum
3110 2714 3288 2768 verbis
3321 2715 3483 2770 utitur
3513 2733 3527 2770 :
3559 2716 3665 2768 Sa-

2084 2808 2332 2875 cri/icium
2361 2816 2405 2861 et
2430 2807 2728 2860 oblationem
2754 2805 2960 2859 noluisti
2985 2821 3004 2858 :
3030 2803 3324 2860 holocausta
3351 2815 3397 2858 et
3426 2823 3516 2875 pro
3548 2823 3667 2873 pec-

2083 2908 2196 2952 cato
2224 2915 2324 2952 non
2360 2897 2655 2966 placuerunt
2681 2895 2766 2948 tibi
2797 2910 2815 2947 :
2842 2904 2960 2949 tunc
2988 2895 3098 2950 dixi
3115 2937 3130 2960 ,
3158 2892 3292 2949 Ecce
3323 2895 3463 2949 venio
3492 2894 3664 2967 (Psal.

2084 2991 2174 3046 39.
2201 2990 2260 3047 7;
2307 2987 2465 3042 Hebr.
2509 2987 2596 3042 10.
2624 2986 2785 3055 5-7).
2829 2987 3001 3056 Atque
3039 2986 3140 3040 alia
3185 2986 3352 3041 multo
3391 2985 3474 3039 his
3514 2987 3665 3055 plura

2086 3082 2388 3136 testimonia
2419 3097 2484 3135 ex
2519 3079 2692 3134 Veteri
2727 3078 3067 3134 Testamento
3097 3080 3338 3149 proferre
3367 3079 3510 3144 licet,
3542 3080 3664 3149 qui-

2083 3174 2202 3240 bus,
2231 3173 2498 3243 quomodo
2529 3173 2612 3227 lex
2646 3189 2739 3241 per
2764 3171 3030 3227 Christum
3061 3171 3313 3242 abrogata
3342 3173 3434 3238 sit,
3462 3173 3667 3242 perspi-

2083 3281 2241 3320 cuum
2268 3265 2376 3319 ﬁat.
2398 3266 2577 3334 itaque
2607 3275 2950 3333 posteaquam
2977 3279 3005 3315 a
3035 3264 3149 3333 lege
3175 3265 3520 3327 abscesseris,
3549 3276 3660 3319 tum

2081 3355 2298 3410 demum
2343 3357 2514 3425 legem
2564 3355 2784 3422 pulchre
2832 3353 3120 3422 perspicies
3149 3371 3164 3409 :
3190 3355 3440 3424 quamdiu
3483 3367 3661 3412 autem

2083 3461 2201 3500 eam
2229 3446 2534 3510 retiuueris,
2566 3461 2665 3500 nec
2692 3444 2902 3500 Christo
2927 3445 3238 3509 credideris,
3263 3462 3330 3501 ne
3357 3448 3527 3516 legem
3549 3449 3665 3516 qui.

2083 3535 2204 3590 dem
2251 3536 2420 3604 ipsam
2465 3543 2802 3602 perspectam
2848 3534 3126 3588 habiturus
3163 3549 3240 3588 es.
3281 3535 3439 3599 Ideo,
3467 3545 3526 3589 ut
3564 3537 3666 3594 hoc

2086 3628 2257 3695 ipsum
2288 3626 2608 3680 luculentius
2636 3626 2895 3691 adsuuat,
2923 3626 3232 3694 subjunxit:
3259 3627 3344 3681 15.
3375 3627 3482 3681 Sed
3499 3630 3550 3682 in
3577 3630 3670 3682 Ito-

2083 3719 2315 3772 diernum
2341 3734 2496 3788 usque
2524 3719 2675 3782 diem,
2705 3734 2820 3770 cum
2849 3717 3033 3788 legitur
3062 3717 3285 3787 Moyses,
3317 3720 3538 3772 velamen
3569 3737 3665 3790 po-

2083 3810 2232 3862 situm
2259 3817 2329 3862 est
2355 3824 2506 3876 super
2541 3824 2628 3860 cor
2666 3823 2855 3860 eorum.
2886 3808 3147 3874 Quoniam
3175 3810 3316 3862 enim
3347 3809 3583 3872 dixerat,
3613 3811 3668 3864 in

2087 3899 2293 3954 Veteris
2315 3899 2638 3952 'festamenti
2665 3899 2891 3952 lectione
2918 3899 3154 3952 velamen
3183 3915 3434 3966 manere;
3461 3916 3528 3956 ne
3546 3903 3670 3971 quis

2085 3991 2200 4046 inec
2225 3992 2382 4046 verba
2410 3991 2477 4045 de
2515 3991 2644 4059 legis
2673 3991 2994 4045 obscuritate
3034 3991 3372 4061 intelligenda
3402 4008 3521 4048 esse
3545 3994 3663 4048 exi-

2082 4084 2343 4146 stimaret,
2378 4095 2485 4136 tum
2515 4099 2609 4152 per
2633 4084 2732 4136 alia
2759 4083 2916 4137 verba
2946 4085 3045 4138 hoc
3072 4086 3242 4152 ipsqu
3273 4087 3420 4154 prius
3443 4086 3666 4142 demon-

2082 4177 2269 4231 stravit
2300 4175 2443 4247 (natn
2473 4191 2594 4228 cum
2626 4177 2869 4240 dixisset,
2903 4175 3076 4230 Obtusi
3116 4188 3234 4231 sunt
3259 4195 3438 4232 sensus
3471 4197 3664 4246 eorum,

2084 4270 2316 4323 ostendit
2339 4285 2432 4323 eos
2457 4270 2506 4322 iu
2535 4269 2687 4338 culpa
2710 4269 2884 4340 esse);
2919 4279 3026 4322 tum
3055 4285 3238 4323 rursus
3264 4271 3315 4323 itt
3349 4272 3431 4323 his
3456 4287 3668 4340 quoque

2085 4361 2281 4413 verbis.
2331 4359 2444 4412 Non
2485 4359 2626 4412 enim
2669 4360 2834 4420 dixit.
2867 4359 2922 4411 In
2959 4359 3124 4413 literis
3164 4370 3342 4414 manet
3383 4361 3663 4430 velamen,

2085 4450 2201 4514 sed,
2231 4448 2295 4501 In
2328 4448 2576 4511 lectione;
2603 4447 2758 4502 lectio
2787 4463 2945 4517 porro
2973 4448 3260 4518 legentium
3285 4451 3426 4504 actio
3451 4463 3533 4505 est
3562 4470 3576 4510 :
3603 4469 3666 4508 ac

2087 4559 2328 4606 rursum,
2359 4543 2486 4597 Cum
2522 4542 2702 4612 legitur
2731 4540 2955 4611 Moyses.
3000 4542 3288 4598 Dilucidius
3316 4555 3492 4598 autem
3524 4546 3665 4604 istud

2084 4635 2338 4703 deinceps
2377 4634 2623 4688 iudicavit
2651 4675 2667 4698 ,
2699 4643 2884 4704 aperte
2911 4633 3095 4688 dicens
3114 4677 3128 4700 ,
3171 4633 3406 4690 Velamen
3447 4640 3665 4706 positum

2085 4735 2158 4779 est
2185 4742 2337 4790 super
2360 4742 2446 4777 cor
2467 4741 2662 4777 eorum.
2691 4723 3127 4793 Quandoquidem
3167 4734 3220 4780 et
3257 4727 3311 4780 in
3341 4727 3500 4782 Mosis
3529 4729 3666 4788 faeie

2086 4837 2190 4874 non
2218 4821 2288 4875 ob
2314 4821 2512 4874 Mosem
2540 4820 2762 4888 positum
2786 4829 2922 4883 erat,
2946 4819 3038 4873 sed
3069 4830 3288 4890 [ποριοῑ
3309 4837 3492 4876 eorum
3518 4838 3667 4878 cras-

2085 4913 2258 4966 sitietn
2286 4923 2337 4965 et
2370 4911 2636 4965 carnalem
2669 4923 2921 4963 mentem.

2157 5003 2211 5056 tl.
2242 5001 2376 5056 Cum
2405 5002 2563 5071 igitur
2593 5015 2687 5053 eos
2717 5003 2846 5053 satis
2871 5003 3220 5071 coarguisset,
3240 5003 3350 5070 jam
3377 5006 3667 5059 correctio.

2088 5095 2170 5148 nis
2199 5094 2358 5148 etiam
2385 5093 2599 5147 modum
2626 5093 2879 5148 ostendit.
2907 5093 3130 5160 Quinam
3163 5104 3338 5149 autem
3369 5095 3452 5150 hic
3477 5098 3666 5153 modus

2085 5185 2200 5239 est?
2233 5185 2319 5237 16.
2351 5183 2477 5237 Cum
2507 5193 2674 5236 autem
2699 5199 2962 5238 conversus
2984 5185 3134 5253 fuerit
3154 5184 3221 5236 ad
3246 5184 3539 5252 Dominum,
3567 5189 3666 5242 huc

2086 5285 2186 5339 est,
2217 5292 2246 5329 a
2279 5275 2393 5344 lege
2421 5273 2761 5340 abscesserit,
2793 5279 3049 5346 auferetur
3079 5276 3321 5330 velamen.
3357 5277 3540 5332 Viden’
3569 5295 3664 5333 ve-

2089 5368 2263 5422 lamen
2292 5365 2417 5420 lllUd
2449 5382 2552 5419 non
2583 5367 2766 5420 faciem
2805 5366 2994 5432 Musis,
3021 5369 3114 5432 sed
3145 5368 3329 5422 faciem
3361 5369 3662 5424 Judaeurtnv

2087 5460 2396 5514 obtexis'se?
2421 5458 2533 5512 Non
2557 5460 2696 5513 enim
2719 5468 2776 5513 ut
2797 5459 2957 5513 Musis
2979 5461 3144 5530 gloria
3166 5462 3541 5522 occultaretur,
3567 5461 3667 5512 hoc

2089 5554 2269 5614 ﬁebat.
2295 5553 2389 5607 sed
2413 5568 2478 5606 ne
2499 5553 2571 5605 illi
2597 5552 2871 5606 viderent:
2893 5568 3066 5622 neque
3087 5553 3228 5607 enim
3249 5565 3472 5618 capaces
3491 5561 3664 5604 erant.

2088 5644 2268 5715 Itaque
2309 5645 2520 5698 illorum
2567 5645 2665 5698 1100
2707 5645 2890 5698 vitium
2934 5655 3052 5697 erat
3084 5661 3097 5696 :
3133 5641 3470 5708 nequeenim
3508 5639 3663 5704 fecit,

2090 5749 2146 5791 ut
2174 5739 2262 5792 ille
2287 5737 2570 5808 quidquam
2600 5738 2887 5806 ignoraret,
2915 5735 3008 5791 sed
3040 5744 3095 5787 ut
3123 5733 3220 5787 illi.
3253 5731 3356 5783 Nec
3385 5728 3522 5782 dixit
3547 5731 3664 5798 qui.
