  <div class='ocr_page' id='page_1' title='image "/cluster/home/n/w/nwhite01/storage/ocr_20150623/61/mdp.39015008622618/453.png"; bbox 0 0 4070 6152; ppageno 0'>
   <div class='ocr_carea' id='block_1_1' title="bbox 402 305 502 361">
    <p class='ocr_par' dir='ltr' id='par_1_1' title="bbox 402 305 502 361">
     <span class='ocr_line' id='line_1_1' title="bbox 402 305 502 361; baseline -0.02 0"><span class='ocrx_word' id='word_1_1' title='bbox 402 305 502 361; x_wconf 75' lang='lat' dir='ltr'><strong>M7</strong></span> 
     </span>
    </p>
   </div>
   <div class='ocr_carea' id='block_1_2' title="bbox 401 393 1987 484">
    <p class='ocr_par' dir='ltr' id='par_1_2' title="bbox 401 393 1987 484">
     <span class='ocr_line' id='line_1_2' title="bbox 401 393 1987 484; baseline -0.02 -9"><span class='ocrx_word' id='word_1_2' title='bbox 401 424 544 484; x_wconf 86' lang='lat' dir='ltr'><strong>dem,</strong></span> <span class='ocrx_word' id='word_1_3' title='bbox 569 414 702 472; x_wconf 83' lang='lat' dir='ltr'><strong>Cum</strong></span> <span class='ocrx_word' id='word_1_4' title='bbox 724 414 894 483; x_wconf 90' lang='lat' dir='ltr'><strong>legem</strong></span> <span class='ocrx_word' id='word_1_5' title='bbox 916 404 1191 477; x_wconf 75' lang='lat' dir='ltr'><strong>reliquerit</strong></span> <span class='ocrx_word' id='word_1_6' title='bbox 1213 419 1229 468; x_wconf 88' lang='lat'><strong>;</strong></span> <span class='ocrx_word' id='word_1_7' title='bbox 1252 401 1346 456; x_wconf 92' lang='lat' dir='ltr'><strong>sed</strong></span> <span class='ocrx_word' id='word_1_8' title='bbox 1367 399 1470 453; x_wconf 94' lang='lat' dir='ltr'><strong>hoc</strong></span> <span class='ocrx_word' id='word_1_9' title='bbox 1490 393 1843 452; x_wconf 85' lang='lat' dir='ltr'><strong>subindicavit</strong></span> <span class='ocrx_word' id='word_1_10' title='bbox 1865 405 1987 446; x_wconf 88' lang='lat' dir='ltr'><strong>cum</strong></span> 
     </span>
    </p>
   </div>
   <div class='ocr_carea' id='block_1_3' title="bbox 405 488 1991 568">
    <p class='ocr_par' dir='ltr' id='par_1_3' title="bbox 405 488 1991 568">
     <span class='ocr_line' id='line_1_3' title="bbox 405 488 1991 568; baseline -0.021 0"><span class='ocrx_word' id='word_1_11' title='bbox 405 515 606 568; x_wconf 77' lang='lat' dir='ltr'><strong>diceret</strong></span> <span class='ocrx_word' id='word_1_12' title='bbox 636 528 652 566; x_wconf 89' lang='lat'><strong>:</strong></span> <span class='ocrx_word' id='word_1_13' title='bbox 678 505 804 562; x_wconf 82' lang='lat' dir='ltr'><strong>Cum</strong></span> <span class='ocrx_word' id='word_1_14' title='bbox 837 503 969 558; x_wconf 88' lang='lat' dir='ltr'><strong>enim</strong></span> <span class='ocrx_word' id='word_1_15' title='bbox 995 512 1263 554; x_wconf 78' lang='lat' dir='ltr'><strong>conversus</strong></span> <span class='ocrx_word' id='word_1_16' title='bbox 1291 494 1442 566; x_wconf 84' lang='lat' dir='ltr'><strong>fuerit</strong></span> <span class='ocrx_word' id='word_1_17' title='bbox 1468 490 1536 544; x_wconf 85' lang='lat' dir='ltr'><strong>ad</strong></span> <span class='ocrx_word' id='word_1_18' title='bbox 1575 488 1868 549; x_wconf 77' lang='lat' dir='ltr'><strong>Demittunt,</strong></span> <span class='ocrx_word' id='word_1_19' title='bbox 1895 499 1991 538; x_wconf 77' lang='lat' dir='ltr'><strong>au-</strong></span> 
     </span>
    </p>
   </div>
   <div class='ocr_carea' id='block_1_4' title="bbox 410 579 1990 676">
    <p class='ocr_par' dir='ltr' id='par_1_4' title="bbox 410 579 1990 676">
     <span class='ocr_line' id='line_1_4' title="bbox 410 579 1990 676; baseline -0.019 -18"><span class='ocrx_word' id='word_1_20' title='bbox 410 606 594 676; x_wconf 76' lang='lat' dir='ltr'><strong><em>feretur</em></strong></span> <span class='ocrx_word' id='word_1_21' title='bbox 621 600 866 654; x_wconf 80' lang='lat' dir='ltr'><strong>oelamen.</strong></span> <span class='ocrx_word' id='word_1_22' title='bbox 892 593 972 648; x_wconf 76' lang='lat' dir='ltr'><strong>Ad</strong></span> <span class='ocrx_word' id='word_1_23' title='bbox 998 600 1300 647; x_wconf 83' lang='lat' dir='ltr'><strong>extremum</strong></span> <span class='ocrx_word' id='word_1_24' title='bbox 1331 598 1499 653; x_wconf 90' lang='lat' dir='ltr'><strong>usque</strong></span> <span class='ocrx_word' id='word_1_25' title='bbox 1526 582 1578 636; x_wconf 92' lang='lat' dir='ltr'><strong>in</strong></span> <span class='ocrx_word' id='word_1_26' title='bbox 1607 579 1828 676; x_wconf 67' lang='lat' dir='ltr'><strong>historia</strong></span> <span class='ocrx_word' id='word_1_27' title='bbox 1864 592 1990 676; x_wconf 81' lang='lat' dir='ltr'><strong>per-</strong></span> 
     </span>
    </p>
   </div>
   <div class='ocr_carea' id='block_1_5' title="bbox 410 669 1989 748">
    <p class='ocr_par' dir='ltr' id='par_1_5' title="bbox 410 669 1989 748">
     <span class='ocr_line' id='line_1_5' title="bbox 410 669 1989 748; baseline -0.018 -1"><span class='ocrx_word' id='word_1_28' title='bbox 410 669 558 748; x_wconf 72' lang='lat' dir='ltr'><strong>stitit.</strong></span> <span class='ocrx_word' id='word_1_29' title='bbox 587 688 794 744; x_wconf 80' lang='lat' dir='ltr'><strong>Etenim</strong></span> <span class='ocrx_word' id='word_1_30' title='bbox 816 699 938 739; x_wconf 90' lang='lat' dir='ltr'><strong>cum</strong></span> <span class='ocrx_word' id='word_1_31' title='bbox 959 683 1134 737; x_wconf 79' lang='lat' dir='ltr'><strong>Moses</strong></span> <span class='ocrx_word' id='word_1_32' title='bbox 1153 677 1369 734; x_wconf 75' lang='lat' dir='ltr'><strong>Judzeos</strong></span> <span class='ocrx_word' id='word_1_33' title='bbox 1389 676 1773 743; x_wconf 89' lang='lat' dir='ltr'><strong>alloqueretur,</strong></span> <span class='ocrx_word' id='word_1_34' title='bbox 1801 669 1989 723; x_wconf 80' lang='lat' dir='ltr'><strong>faciem</strong></span> 
     </span>
    </p>
   </div>
   <div class='ocr_carea' id='block_1_6' title="bbox 412 765 1988 840">
    <p class='ocr_par' dir='ltr' id='par_1_6' title="bbox 412 765 1988 840">
     <span class='ocr_line' id='line_1_6' title="bbox 412 765 1988 840; baseline -0.02 -1"><span class='ocrx_word' id='word_1_35' title='bbox 412 798 556 840; x_wconf 84' lang='lat' dir='ltr'><strong>suam</strong></span> <span class='ocrx_word' id='word_1_36' title='bbox 586 777 864 834; x_wconf 84' lang='lat' dir='ltr'><strong>obvelabat</strong></span> <span class='ocrx_word' id='word_1_37' title='bbox 884 793 899 838; x_wconf 86' lang='lat'><strong>;</strong></span> <span class='ocrx_word' id='word_1_38' title='bbox 923 789 1043 828; x_wconf 91' lang='lat' dir='ltr'><strong>cum</strong></span> <span class='ocrx_word' id='word_1_39' title='bbox 1073 780 1250 825; x_wconf 90' lang='lat' dir='ltr'><strong>autem</strong></span> <span class='ocrx_word' id='word_1_40' title='bbox 1279 767 1344 821; x_wconf 89' lang='lat' dir='ltr'><strong>ad</strong></span> <span class='ocrx_word' id='word_1_41' title='bbox 1374 765 1653 819; x_wconf 90' lang='lat' dir='ltr'><strong>Dominum</strong></span> <span class='ocrx_word' id='word_1_42' title='bbox 1682 776 1741 814; x_wconf 87' lang='lat' dir='ltr'><strong>se</strong></span> <span class='ocrx_word' id='word_1_43' title='bbox 1768 773 1988 814; x_wconf 88' lang='lat' dir='ltr'><strong>conver-</strong></span> 
     </span>
    </p>
   </div>
   <div class='ocr_carea' id='block_1_7' title="bbox 414 849 1994 942">
    <p class='ocr_par' dir='ltr' id='par_1_7' title="bbox 414 849 1994 942">
     <span class='ocr_line' id='line_1_7' title="bbox 414 849 1994 942; baseline -0.021 -10"><span class='ocrx_word' id='word_1_44' title='bbox 414 878 585 942; x_wconf 85' lang='lat' dir='ltr'><strong>tebat,</strong></span> <span class='ocrx_word' id='word_1_45' title='bbox 614 888 732 927; x_wconf 86' lang='lat' dir='ltr'><strong>eam</strong></span> <span class='ocrx_word' id='word_1_46' title='bbox 765 867 1064 938; x_wconf 90' lang='lat' dir='ltr'><strong>detegebat.</strong></span> <span class='ocrx_word' id='word_1_47' title='bbox 1109 863 1220 917; x_wconf 91' lang='lat' dir='ltr'><strong>Iloc</strong></span> <span class='ocrx_word' id='word_1_48' title='bbox 1264 871 1440 913; x_wconf 88' lang='lat' dir='ltr'><strong>autetu</strong></span> <span class='ocrx_word' id='word_1_49' title='bbox 1485 856 1562 910; x_wconf 89' lang='lat' dir='ltr'><strong>rei</strong></span> <span class='ocrx_word' id='word_1_50' title='bbox 1604 854 1794 906; x_wconf 63' lang='lat' dir='ltr'><strong>futurae</strong></span> <span class='ocrx_word' id='word_1_51' title='bbox 1829 849 1994 917; x_wconf 77' lang='lat' dir='ltr'><strong>ﬁgura</strong></span> 
     </span>
    </p>
   </div>
   <div class='ocr_carea' id='block_1_8' title="bbox 414 944 1991 1030">
    <p class='ocr_par' dir='ltr' id='par_1_8' title="bbox 414 944 1991 1030">
     <span class='ocr_line' id='line_1_8' title="bbox 414 944 1991 1030; baseline -0.021 -7"><span class='ocrx_word' id='word_1_52' title='bbox 414 977 563 1030; x_wconf 51' lang='lat' dir='ltr'><strong>«at;</strong></span> <span class='ocrx_word' id='word_1_53' title='bbox 602 977 792 1030; x_wconf 80' lang='lat' dir='ltr'><strong>nempe</strong></span> <span class='ocrx_word' id='word_1_54' title='bbox 832 958 970 1026; x_wconf 92' lang='lat' dir='ltr'><strong>quod</strong></span> <span class='ocrx_word' id='word_1_55' title='bbox 993 997 1006 1021; x_wconf 96' lang='lat'><strong>,</strong></span> <span class='ocrx_word' id='word_1_56' title='bbox 1039 970 1160 1010; x_wconf 92' lang='lat' dir='ltr'><strong>cum</strong></span> <span class='ocrx_word' id='word_1_57' title='bbox 1186 951 1251 1006; x_wconf 90' lang='lat' dir='ltr'><strong>ad</strong></span> <span class='ocrx_word' id='word_1_58' title='bbox 1283 949 1563 1004; x_wconf 91' lang='lat' dir='ltr'><strong>Dominum</strong></span> <span class='ocrx_word' id='word_1_59' title='bbox 1592 944 1836 1012; x_wconf 89' lang='lat' dir='ltr'><strong>nosipsos</strong></span> <span class='ocrx_word' id='word_1_60' title='bbox 1862 955 1991 994; x_wconf 86' lang='lat' dir='ltr'><strong>con-</strong></span> 
     </span>
    </p>
   </div>
   <div class='ocr_carea' id='block_1_9' title="bbox 415 1031 1998 1117">
    <p class='ocr_par' dir='ltr' id='par_1_9' title="bbox 415 1031 1998 1117">
     <span class='ocr_line' id='line_1_9' title="bbox 415 1031 1998 1117; baseline -0.017 -7"><span class='ocrx_word' id='word_1_61' title='bbox 415 1057 734 1112; x_wconf 69' lang='lat' dir='ltr'><strong>venerimus</strong></span> <span class='ocrx_word' id='word_1_62' title='bbox 755 1095 769 1114; x_wconf 86' lang='lat'><strong>,</strong></span> <span class='ocrx_word' id='word_1_63' title='bbox 801 1061 924 1106; x_wconf 88' lang='lat' dir='ltr'><strong>tunc</strong></span> <span class='ocrx_word' id='word_1_64' title='bbox 952 1048 1087 1117; x_wconf 80' lang='lat' dir='ltr'><strong>legis</strong></span> <span class='ocrx_word' id='word_1_65' title='bbox 1116 1045 1340 1116; x_wconf 80' lang='lat' dir='ltr'><strong>gloriam</strong></span> <span class='ocrx_word' id='word_1_66' title='bbox 1369 1056 1432 1095; x_wconf 89' lang='lat' dir='ltr'><strong>ac</strong></span> <span class='ocrx_word' id='word_1_67' title='bbox 1463 1039 1656 1093; x_wconf 89' lang='lat' dir='ltr'><strong>nudam</strong></span> <span class='ocrx_word' id='word_1_68' title='bbox 1683 1031 1998 1104; x_wconf 74' lang='lat' dir='ltr'><strong>legislatoris</strong></span> 
     </span>
    </p>
   </div>
   <div class='ocr_carea' id='block_1_10' title="bbox 417 1122 1998 1216">
    <p class='ocr_par' dir='ltr' id='par_1_10' title="bbox 417 1122 1998 1216">
     <span class='ocr_line' id='line_1_10' title="bbox 417 1122 1998 1216; baseline -0.02 -11"><span class='ocrx_word' id='word_1_69' title='bbox 417 1152 605 1204; x_wconf 80' lang='lat' dir='ltr'><strong>faciem</strong></span> <span class='ocrx_word' id='word_1_70' title='bbox 651 1145 1035 1216; x_wconf 66' lang='lat' dir='ltr'><strong>perspiciemus</strong></span> <span class='ocrx_word' id='word_1_71' title='bbox 1067 1152 1082 1195; x_wconf 86' lang='lat'><strong>:</strong></span> <span class='ocrx_word' id='word_1_72' title='bbox 1111 1139 1218 1190; x_wconf 92' lang='lat' dir='ltr'><strong>imo</strong></span> <span class='ocrx_word' id='word_1_73' title='bbox 1258 1149 1362 1187; x_wconf 94' lang='lat' dir='ltr'><strong>non</strong></span> <span class='ocrx_word' id='word_1_74' title='bbox 1406 1131 1508 1186; x_wconf 88' lang='lat' dir='ltr'><strong>hoc</strong></span> <span class='ocrx_word' id='word_1_75' title='bbox 1547 1137 1753 1182; x_wconf 87' lang='lat' dir='ltr'><strong>tantum</strong></span> <span class='ocrx_word' id='word_1_76' title='bbox 1775 1166 1791 1190; x_wconf 94' lang='lat'><strong>,</strong></span> <span class='ocrx_word' id='word_1_77' title='bbox 1821 1122 1912 1177; x_wconf 87' lang='lat' dir='ltr'><strong>sed</strong></span> <span class='ocrx_word' id='word_1_78' title='bbox 1947 1123 1998 1174; x_wconf 91' lang='lat' dir='ltr'><strong>in</strong></span> 
     </span>
    </p>
   </div>
   <div class='ocr_carea' id='block_1_11' title="bbox 419 1217 2002 1299">
    <p class='ocr_par' dir='ltr' id='par_1_11' title="bbox 419 1217 2002 1299">
     <span class='ocr_line' id='line_1_11' title="bbox 419 1217 2002 1299; baseline -0.021 -3"><span class='ocrx_word' id='word_1_79' title='bbox 419 1238 581 1295; x_wconf 75' lang='lat' dir='ltr'><strong>Musis</strong></span> <span class='ocrx_word' id='word_1_80' title='bbox 609 1237 780 1290; x_wconf 78' lang='lat' dir='ltr'><strong>classe</strong></span> <span class='ocrx_word' id='word_1_81' title='bbox 820 1240 978 1299; x_wconf 88' lang='lat' dir='ltr'><strong>atque</strong></span> <span class='ocrx_word' id='word_1_82' title='bbox 1019 1226 1207 1281; x_wconf 84' lang='lat' dir='ltr'><strong>ordine</strong></span> <span class='ocrx_word' id='word_1_83' title='bbox 1244 1223 1464 1277; x_wconf 83' lang='lat' dir='ltr'><strong>erimus.</strong></span> <span class='ocrx_word' id='word_1_84' title='bbox 1508 1217 1668 1271; x_wconf 85' lang='lat' dir='ltr'><strong>Vides</strong></span> <span class='ocrx_word' id='word_1_85' title='bbox 1701 1229 1808 1285; x_wconf 90' lang='lat' dir='ltr'><strong>quo</strong></span> <span class='ocrx_word' id='word_1_86' title='bbox 1845 1219 2002 1281; x_wconf 90' lang='lat' dir='ltr'><strong>pacto</strong></span> 
     </span>
    </p>
   </div>
   <div class='ocr_carea' id='block_1_12' title="bbox 419 1305 2001 1388">
    <p class='ocr_par' dir='ltr' id='par_1_12' title="bbox 419 1305 2001 1388">
     <span class='ocr_line' id='line_1_12' title="bbox 419 1305 2001 1388; baseline -0.018 0"><span class='ocrx_word' id='word_1_87' title='bbox 419 1333 662 1388; x_wconf 69' lang='lat' dir='ltr'><strong>Judaeum</strong></span> <span class='ocrx_word' id='word_1_88' title='bbox 694 1327 758 1380; x_wconf 90' lang='lat' dir='ltr'><strong>ad</strong></span> <span class='ocrx_word' id='word_1_89' title='bbox 794 1325 948 1378; x_wconf 84' lang='lat' dir='ltr'><strong>fidem</strong></span> <span class='ocrx_word' id='word_1_90' title='bbox 977 1319 1214 1375; x_wconf 81' lang='lat' dir='ltr'><strong>excitet?</strong></span> <span class='ocrx_word' id='word_1_91' title='bbox 1249 1317 1373 1370; x_wconf 91' lang='lat' dir='ltr'><strong>dum</strong></span> <span class='ocrx_word' id='word_1_92' title='bbox 1404 1311 1638 1368; x_wconf 81' lang='lat' dir='ltr'><strong>ostendit</strong></span> <span class='ocrx_word' id='word_1_93' title='bbox 1672 1325 1793 1364; x_wconf 92' lang='lat' dir='ltr'><strong>eum</strong></span> <span class='ocrx_word' id='word_1_94' title='bbox 1817 1348 1830 1369; x_wconf 91' lang='lat'><strong>,</strong></span> <span class='ocrx_word' id='word_1_95' title='bbox 1860 1307 1905 1360; x_wconf 95' lang='lat' dir='ltr'><strong>si</strong></span> <span class='ocrx_word' id='word_1_96' title='bbox 1935 1305 2001 1360; x_wconf 90' lang='lat' dir='ltr'><strong>ad</strong></span> 
     </span>
    </p>
   </div>
   <div class='ocr_carea' id='block_1_13' title="bbox 423 1396 2002 1478">
    <p class='ocr_par' dir='ltr' id='par_1_13' title="bbox 423 1396 2002 1478">
     <span class='ocr_line' id='line_1_13' title="bbox 423 1396 2002 1478; baseline -0.018 0"><span class='ocrx_word' id='word_1_97' title='bbox 423 1425 580 1478; x_wconf 78' lang='lat' dir='ltr'><strong>ﬁdetlt</strong></span> <span class='ocrx_word' id='word_1_98' title='bbox 611 1415 918 1477; x_wconf 88' lang='lat' dir='ltr'><strong>accesserit,</strong></span> <span class='ocrx_word' id='word_1_99' title='bbox 941 1427 1047 1467; x_wconf 91' lang='lat' dir='ltr'><strong>non</strong></span> <span class='ocrx_word' id='word_1_100' title='bbox 1071 1409 1228 1464; x_wconf 92' lang='lat' dir='ltr'><strong>modo</strong></span> <span class='ocrx_word' id='word_1_101' title='bbox 1252 1406 1453 1461; x_wconf 86' lang='lat' dir='ltr'><strong>Mosem</strong></span> <span class='ocrx_word' id='word_1_102' title='bbox 1481 1402 1672 1457; x_wconf 92' lang='lat' dir='ltr'><strong>intueri</strong></span> <span class='ocrx_word' id='word_1_103' title='bbox 1703 1414 1881 1471; x_wconf 90' lang='lat' dir='ltr'><strong>posse,</strong></span> <span class='ocrx_word' id='word_1_104' title='bbox 1908 1396 2002 1451; x_wconf 92' lang='lat' dir='ltr'><strong>sed</strong></span> 
     </span>
    </p>
   </div>
   <div class='ocr_carea' id='block_1_14' title="bbox 420 1489 2004 1574">
    <p class='ocr_par' dir='ltr' id='par_1_14' title="bbox 420 1489 2004 1574">
     <span class='ocr_line' id='line_1_14' title="bbox 420 1489 2004 1574; baseline -0.018 -4"><span class='ocrx_word' id='word_1_105' title='bbox 420 1515 582 1570; x_wconf 89' lang='lat' dir='ltr'><strong>etiam</strong></span> <span class='ocrx_word' id='word_1_106' title='bbox 613 1511 664 1564; x_wconf 91' lang='lat' dir='ltr'><strong>in</strong></span> <span class='ocrx_word' id='word_1_107' title='bbox 692 1508 880 1563; x_wconf 89' lang='lat' dir='ltr'><strong>eodem</strong></span> <span class='ocrx_word' id='word_1_108' title='bbox 905 1519 1010 1574; x_wconf 92' lang='lat' dir='ltr'><strong>quo</strong></span> <span class='ocrx_word' id='word_1_109' title='bbox 1038 1500 1308 1570; x_wconf 85' lang='lat' dir='ltr'><strong>legislator</strong></span> <span class='ocrx_word' id='word_1_110' title='bbox 1329 1497 1416 1551; x_wconf 91' lang='lat' dir='ltr'><strong>ille</strong></span> <span class='ocrx_word' id='word_1_111' title='bbox 1436 1493 1604 1564; x_wconf 88' lang='lat' dir='ltr'><strong>gradu</strong></span> <span class='ocrx_word' id='word_1_112' title='bbox 1631 1500 1790 1560; x_wconf 89' lang='lat' dir='ltr'><strong>atque</strong></span> <span class='ocrx_word' id='word_1_113' title='bbox 1813 1489 2004 1544; x_wconf 86' lang='lat' dir='ltr'><strong>ordine</strong></span> 
     </span>
    </p>
   </div>
   <div class='ocr_carea' id='block_1_15' title="bbox 423 1580 2004 1661">
    <p class='ocr_par' dir='ltr' id='par_1_15' title="bbox 423 1580 2004 1661">
     <span class='ocr_line' id='line_1_15' title="bbox 423 1580 2004 1661; baseline -0.019 0"><span class='ocrx_word' id='word_1_114' title='bbox 423 1619 564 1661; x_wconf 90' lang='lat' dir='ltr'><strong>esse.</strong></span> <span class='ocrx_word' id='word_1_115' title='bbox 595 1600 712 1655; x_wconf 85' lang='lat' dir='ltr'><strong>Non</strong></span> <span class='ocrx_word' id='word_1_116' title='bbox 744 1596 902 1652; x_wconf 93' lang='lat' dir='ltr'><strong>modo</strong></span> <span class='ocrx_word' id='word_1_117' title='bbox 941 1593 1084 1648; x_wconf 90' lang='lat' dir='ltr'><strong>enim</strong></span> <span class='ocrx_word' id='word_1_118' title='bbox 1119 1603 1237 1645; x_wconf 88' lang='lat' dir='ltr'><strong>eam</strong></span> <span class='ocrx_word' id='word_1_119' title='bbox 1277 1587 1500 1658; x_wconf 76' lang='lat' dir='ltr'><strong>gloriam</strong></span> <span class='ocrx_word' id='word_1_120' title='bbox 1542 1596 1766 1647; x_wconf 88' lang='lat' dir='ltr'><strong>cernes,</strong></span> <span class='ocrx_word' id='word_1_121' title='bbox 1797 1580 2004 1649; x_wconf 87' lang='lat' dir='ltr'><strong>inquit,</strong></span> 
     </span>
    </p>
   </div>
   <div class='ocr_carea' id='block_1_16' title="bbox 427 1675 2008 1768">
    <p class='ocr_par' dir='ltr' id='par_1_16' title="bbox 427 1675 2008 1768">
     <span class='ocr_line' id='line_1_16' title="bbox 427 1675 2008 1768; baseline -0.016 -17"><span class='ocrx_word' id='word_1_122' title='bbox 427 1711 586 1768; x_wconf 90' lang='lat' dir='ltr'><strong>quam</strong></span> <span class='ocrx_word' id='word_1_123' title='bbox 614 1702 726 1748; x_wconf 92' lang='lat' dir='ltr'><strong>tum</strong></span> <span class='ocrx_word' id='word_1_124' title='bbox 755 1690 974 1744; x_wconf 89' lang='lat' dir='ltr'><strong>minime</strong></span> <span class='ocrx_word' id='word_1_125' title='bbox 1000 1685 1178 1740; x_wconf 87' lang='lat' dir='ltr'><strong>vidisti</strong></span> <span class='ocrx_word' id='word_1_126' title='bbox 1203 1723 1220 1750; x_wconf 98' lang='lat'><strong>,</strong></span> <span class='ocrx_word' id='word_1_127' title='bbox 1250 1681 1345 1737; x_wconf 81' lang='lat' dir='ltr'><strong>sed</strong></span> <span class='ocrx_word' id='word_1_128' title='bbox 1374 1689 1428 1735; x_wconf 91' lang='lat' dir='ltr'><strong>et</strong></span> <span class='ocrx_word' id='word_1_129' title='bbox 1464 1679 1579 1748; x_wconf 90' lang='lat' dir='ltr'><strong>ipse</strong></span> <span class='ocrx_word' id='word_1_130' title='bbox 1611 1677 1666 1730; x_wconf 92' lang='lat' dir='ltr'><strong>in</strong></span> <span class='ocrx_word' id='word_1_131' title='bbox 1694 1675 1881 1730; x_wconf 92' lang='lat' dir='ltr'><strong>eadem</strong></span> <span class='ocrx_word' id='word_1_132' title='bbox 1907 1687 2008 1742; x_wconf 91' lang='lat' dir='ltr'><strong>qua</strong></span> 
     </span>
    </p>
   </div>
   <div class='ocr_carea' id='block_1_17' title="bbox 425 1768 2012 1863">
    <p class='ocr_par' dir='ltr' id='par_1_17' title="bbox 425 1768 2012 1863">
     <span class='ocr_line' id='line_1_17' title="bbox 425 1768 2012 1863; baseline -0.018 -20"><span class='ocrx_word' id='word_1_133' title='bbox 425 1789 515 1845; x_wconf 90' lang='lat' dir='ltr'><strong>ille</strong></span> <span class='ocrx_word' id='word_1_134' title='bbox 543 1785 708 1856; x_wconf 78' lang='lat' dir='ltr'><strong>gloria</strong></span> <span class='ocrx_word' id='word_1_135' title='bbox 741 1781 948 1836; x_wconf 87' lang='lat' dir='ltr'><strong>futurus</strong></span> <span class='ocrx_word' id='word_1_136' title='bbox 973 1791 1052 1838; x_wconf 87' lang='lat' dir='ltr'><strong>es,</strong></span> <span class='ocrx_word' id='word_1_137' title='bbox 1078 1775 1187 1830; x_wconf 91' lang='lat' dir='ltr'><strong>imo</strong></span> <span class='ocrx_word' id='word_1_138' title='bbox 1213 1774 1382 1826; x_wconf 92' lang='lat' dir='ltr'><strong>multo</strong></span> <span class='ocrx_word' id='word_1_139' title='bbox 1405 1770 1564 1825; x_wconf 89' lang='lat' dir='ltr'><strong>etiam</strong></span> <span class='ocrx_word' id='word_1_140' title='bbox 1599 1768 1821 1863; x_wconf 78' lang='lat' dir='ltr'><strong>majore,</strong></span> <span class='ocrx_word' id='word_1_141' title='bbox 1853 1773 2012 1863; x_wconf 78' lang='lat' dir='ltr'><strong>atque</strong></span> 
     </span>
    </p>
   </div>
   <div class='ocr_carea' id='block_1_18' title="bbox 427 1854 2013 1939">
    <p class='ocr_par' dir='ltr' id='par_1_18' title="bbox 427 1854 2013 1939">
     <span class='ocr_line' id='line_1_18' title="bbox 427 1854 2013 1939; baseline -0.017 -8"><span class='ocrx_word' id='word_1_142' title='bbox 427 1854 611 1939; x_wconf 80' lang='lat' dir='ltr'><strong>tanta,</strong></span> <span class='ocrx_word' id='word_1_143' title='bbox 641 1883 700 1927; x_wconf 92' lang='lat' dir='ltr'><strong>ut</strong></span> <span class='ocrx_word' id='word_1_144' title='bbox 726 1887 794 1926; x_wconf 92' lang='lat' dir='ltr'><strong>ne</strong></span> <span class='ocrx_word' id='word_1_145' title='bbox 831 1869 918 1924; x_wconf 92' lang='lat' dir='ltr'><strong>illa</strong></span> <span class='ocrx_word' id='word_1_146' title='bbox 948 1865 1163 1936; x_wconf 90' lang='lat' dir='ltr'><strong>quidem</strong></span> <span class='ocrx_word' id='word_1_147' title='bbox 1194 1863 1376 1932; x_wconf 73' lang='lat' dir='ltr'><strong>gloriae</strong></span> <span class='ocrx_word' id='word_1_148' title='bbox 1406 1859 1641 1928; x_wconf 84' lang='lat' dir='ltr'><strong>speciem</strong></span> <span class='ocrx_word' id='word_1_149' title='bbox 1677 1854 1940 1925; x_wconf 69' lang='lat' dir='ltr'><strong>praebeat,</strong></span> <span class='ocrx_word' id='word_1_150' title='bbox 1968 1854 2013 1905; x_wconf 91' lang='lat' dir='ltr'><strong>si</strong></span> 
     </span>
    </p>
   </div>
   <div class='ocr_carea' id='block_1_19' title="bbox 428 1945 2014 2030">
    <p class='ocr_par' dir='ltr' id='par_1_19' title="bbox 428 1945 2014 2030">
     <span class='ocr_line' id='line_1_19' title="bbox 428 1945 2014 2030; baseline -0.018 -6"><span class='ocrx_word' id='word_1_151' title='bbox 428 1985 550 2025; x_wconf 91' lang='lat' dir='ltr'><strong>cum</strong></span> <span class='ocrx_word' id='word_1_152' title='bbox 587 1967 686 2020; x_wconf 92' lang='lat' dir='ltr'><strong>hac</strong></span> <span class='ocrx_word' id='word_1_153' title='bbox 725 1972 1086 2030; x_wconf 78' lang='lat' dir='ltr'><strong>comparetur.</strong></span> <span class='ocrx_word' id='word_1_154' title='bbox 1125 1955 1366 2024; x_wconf 90' lang='lat' dir='ltr'><strong>Quonam</strong></span> <span class='ocrx_word' id='word_1_155' title='bbox 1401 1951 1615 2006; x_wconf 87' lang='lat' dir='ltr'><strong>tandem</strong></span> <span class='ocrx_word' id='word_1_156' title='bbox 1648 1946 1842 2003; x_wconf 82' lang='lat' dir='ltr'><strong>modo?</strong></span> <span class='ocrx_word' id='word_1_157' title='bbox 1867 1945 2014 2012; x_wconf 87' lang='lat' dir='ltr'><strong>Quo-</strong></span> 
     </span>
    </p>
   </div>
   <div class='ocr_carea' id='block_1_20' title="bbox 433 2038 2016 2124">
    <p class='ocr_par' dir='ltr' id='par_1_20' title="bbox 433 2038 2016 2124">
     <span class='ocr_line' id='line_1_20' title="bbox 433 2038 2016 2124; baseline -0.016 -6"><span class='ocrx_word' id='word_1_158' title='bbox 433 2063 575 2118; x_wconf 86' lang='lat' dir='ltr'><strong>niam</strong></span> <span class='ocrx_word' id='word_1_159' title='bbox 601 2100 616 2124; x_wconf 94' lang='lat'><strong>,</strong></span> <span class='ocrx_word' id='word_1_160' title='bbox 646 2071 767 2113; x_wconf 90' lang='lat' dir='ltr'><strong>eum</strong></span> <span class='ocrx_word' id='word_1_161' title='bbox 797 2053 861 2106; x_wconf 85' lang='lat' dir='ltr'><strong>ad</strong></span> <span class='ocrx_word' id='word_1_162' title='bbox 896 2051 1176 2106; x_wconf 90' lang='lat' dir='ltr'><strong>Dominum</strong></span> <span class='ocrx_word' id='word_1_163' title='bbox 1220 2061 1512 2102; x_wconf 88' lang='lat' dir='ltr'><strong>conversus</strong></span> <span class='ocrx_word' id='word_1_164' title='bbox 1539 2044 1704 2099; x_wconf 87' lang='lat' dir='ltr'><strong>fueris</strong></span> <span class='ocrx_word' id='word_1_165' title='bbox 1726 2083 1742 2109; x_wconf 98' lang='lat'><strong>,</strong></span> <span class='ocrx_word' id='word_1_166' title='bbox 1774 2051 1931 2109; x_wconf 90' lang='lat' dir='ltr'><strong>atque</strong></span> <span class='ocrx_word' id='word_1_167' title='bbox 1961 2038 2016 2092; x_wconf 89' lang='lat' dir='ltr'><strong>in</strong></span> 
     </span>
    </p>
   </div>
   <div class='ocr_carea' id='block_1_21' title="bbox 432 2129 2018 2224">
    <p class='ocr_par' dir='ltr' id='par_1_21' title="bbox 432 2129 2018 2224">
     <span class='ocr_line' id='line_1_21' title="bbox 432 2129 2018 2224; baseline -0.016 -17"><span class='ocrx_word' id='word_1_168' title='bbox 432 2151 601 2224; x_wconf 84' lang='lat' dir='ltr'><strong>gratia</strong></span> <span class='ocrx_word' id='word_1_169' title='bbox 631 2162 752 2203; x_wconf 91' lang='lat' dir='ltr'><strong>esse</strong></span> <span class='ocrx_word' id='word_1_170' title='bbox 779 2145 1030 2214; x_wconf 63' lang='lat' dir='ltr'><strong>coeperis,</strong></span> <span class='ocrx_word' id='word_1_171' title='bbox 1060 2142 1149 2195; x_wconf 91' lang='lat' dir='ltr'><strong>illa</strong></span> <span class='ocrx_word' id='word_1_172' title='bbox 1185 2139 1350 2209; x_wconf 85' lang='lat' dir='ltr'><strong>gloria</strong></span> <span class='ocrx_word' id='word_1_173' title='bbox 1381 2137 1603 2202; x_wconf 91' lang='lat' dir='ltr'><strong>frueris,</strong></span> <span class='ocrx_word' id='word_1_174' title='bbox 1629 2149 1748 2188; x_wconf 92' lang='lat' dir='ltr'><strong>cum</strong></span> <span class='ocrx_word' id='word_1_175' title='bbox 1774 2147 1877 2202; x_wconf 90' lang='lat' dir='ltr'><strong>qua</strong></span> <span class='ocrx_word' id='word_1_176' title='bbox 1902 2129 2018 2224; x_wconf 76' lang='lat' dir='ltr'><strong>Mo-</strong></span> 
     </span>
    </p>
   </div>
   <div class='ocr_carea' id='block_1_22' title="bbox 435 2220 2017 2309">
    <p class='ocr_par' dir='ltr' id='par_1_22' title="bbox 435 2220 2017 2309">
     <span class='ocr_line' id='line_1_22' title="bbox 435 2220 2017 2309; baseline -0.016 -12"><span class='ocrx_word' id='word_1_177' title='bbox 435 2220 510 2297; x_wconf 78' lang='lat' dir='ltr'><strong>sis</strong></span> <span class='ocrx_word' id='word_1_178' title='bbox 539 2239 703 2309; x_wconf 81' lang='lat' dir='ltr'><strong>gloria</strong></span> <span class='ocrx_word' id='word_1_179' title='bbox 730 2236 942 2295; x_wconf 81' lang='lat' dir='ltr'><strong>collata,</strong></span> <span class='ocrx_word' id='word_1_180' title='bbox 973 2245 1142 2299; x_wconf 86' lang='lat' dir='ltr'><strong>usque</strong></span> <span class='ocrx_word' id='word_1_181' title='bbox 1168 2229 1304 2283; x_wconf 90' lang='lat' dir='ltr'><strong>adeo</strong></span> <span class='ocrx_word' id='word_1_182' title='bbox 1336 2226 1557 2281; x_wconf 86' lang='lat' dir='ltr'><strong>inferior</strong></span> <span class='ocrx_word' id='word_1_183' title='bbox 1581 2231 1685 2290; x_wconf 89' lang='lat' dir='ltr'><strong>est,</strong></span> <span class='ocrx_word' id='word_1_184' title='bbox 1715 2231 1773 2276; x_wconf 94' lang='lat' dir='ltr'><strong>ut</strong></span> <span class='ocrx_word' id='word_1_185' title='bbox 1808 2235 1874 2275; x_wconf 92' lang='lat' dir='ltr'><strong>ne</strong></span> <span class='ocrx_word' id='word_1_186' title='bbox 1902 2220 2017 2290; x_wconf 89' lang='lat' dir='ltr'><strong>glo-</strong></span> 
     </span>
    </p>
   </div>
   <div class='ocr_carea' id='block_1_23' title="bbox 438 2312 2021 2398">
    <p class='ocr_par' dir='ltr' id='par_1_23' title="bbox 438 2312 2021 2398">
     <span class='ocr_line' id='line_1_23' title="bbox 438 2312 2021 2398; baseline -0.015 -12"><span class='ocrx_word' id='word_1_187' title='bbox 438 2333 513 2386; x_wconf 86' lang='lat' dir='ltr'><strong>ria</strong></span> <span class='ocrx_word' id='word_1_188' title='bbox 541 2328 755 2398; x_wconf 87' lang='lat' dir='ltr'><strong>quidem</strong></span> <span class='ocrx_word' id='word_1_189' title='bbox 785 2325 874 2379; x_wconf 85' lang='lat' dir='ltr'><strong>sit.</strong></span> <span class='ocrx_word' id='word_1_190' title='bbox 909 2323 972 2376; x_wconf 87' lang='lat' dir='ltr'><strong>Et</strong></span> <span class='ocrx_word' id='word_1_191' title='bbox 1000 2331 1176 2374; x_wconf 88' lang='lat' dir='ltr'><strong>tamen</strong></span> <span class='ocrx_word' id='word_1_192' title='bbox 1208 2317 1452 2388; x_wconf 88' lang='lat' dir='ltr'><strong>quamvis</strong></span> <span class='ocrx_word' id='word_1_193' title='bbox 1476 2316 1668 2385; x_wconf 82' lang='lat' dir='ltr'><strong>exigua</strong></span> <span class='ocrx_word' id='word_1_194' title='bbox 1695 2329 1757 2367; x_wconf 91' lang='lat' dir='ltr'><strong>ea</strong></span> <span class='ocrx_word' id='word_1_195' title='bbox 1784 2312 1873 2375; x_wconf 90' lang='lat' dir='ltr'><strong>sit,</strong></span> <span class='ocrx_word' id='word_1_196' title='bbox 1906 2312 2021 2365; x_wconf 88' lang='lat' dir='ltr'><strong>lon-</strong></span> 
     </span>
    </p>
   </div>
   <div class='ocr_carea' id='block_1_24' title="bbox 437 2403 2022 2492">
    <p class='ocr_par' dir='ltr' id='par_1_24' title="bbox 437 2403 2022 2492">
     <span class='ocr_line' id='line_1_24' title="bbox 437 2403 2022 2492; baseline -0.01 -22"><span class='ocrx_word' id='word_1_197' title='bbox 437 2434 610 2492; x_wconf 81' lang='lat' dir='ltr'><strong>geque</strong></span> <span class='ocrx_word' id='word_1_198' title='bbox 655 2417 828 2469; x_wconf 90' lang='lat' dir='ltr'><strong>minor</strong></span> <span class='ocrx_word' id='word_1_199' title='bbox 866 2413 965 2466; x_wconf 87' lang='lat' dir='ltr'><strong>ista</strong></span> <span class='ocrx_word' id='word_1_200' title='bbox 987 2451 1003 2475; x_wconf 91' lang='lat'><strong>,</strong></span> <span class='ocrx_word' id='word_1_201' title='bbox 1035 2420 1211 2464; x_wconf 91' lang='lat' dir='ltr'><strong>tamen</strong></span> <span class='ocrx_word' id='word_1_202' title='bbox 1252 2407 1505 2479; x_wconf 75' lang='lat' dir='ltr'><strong>quamdiu</strong></span> <span class='ocrx_word' id='word_1_203' title='bbox 1538 2404 1755 2460; x_wconf 68' lang='lat' dir='ltr'><strong>Judazus</strong></span> <span class='ocrx_word' id='word_1_204' title='bbox 1779 2403 1886 2492; x_wconf 85' lang='lat' dir='ltr'><strong>eris</strong></span> <span class='ocrx_word' id='word_1_205' title='bbox 1910 2416 2022 2492; x_wconf 79' lang='lat' dir='ltr'><strong>,ne</strong></span> 
     </span>
    </p>
   </div>
   <div class='ocr_carea' id='block_1_25' title="bbox 445 2488 2025 2575">
    <p class='ocr_par' dir='ltr' id='par_1_25' title="bbox 445 2488 2025 2575">
     <span class='ocr_line' id='line_1_25' title="bbox 445 2488 2025 2575; baseline -0.012 -11"><span class='ocrx_word' id='word_1_206' title='bbox 445 2488 585 2564; x_wconf 84' lang='lat' dir='ltr'><strong>hanc</strong></span> <span class='ocrx_word' id='word_1_207' title='bbox 613 2505 825 2575; x_wconf 84' lang='lat' dir='ltr'><strong>quidem</strong></span> <span class='ocrx_word' id='word_1_208' title='bbox 861 2502 1245 2570; x_wconf 88' lang='lat' dir='ltr'><strong>consequeris;</strong></span> <span class='ocrx_word' id='word_1_209' title='bbox 1286 2512 1414 2566; x_wconf 87' lang='lat' dir='ltr'><strong>ergo</strong></span> <span class='ocrx_word' id='word_1_210' title='bbox 1460 2510 1632 2565; x_wconf 88' lang='lat' dir='ltr'><strong>neque</strong></span> <span class='ocrx_word' id='word_1_211' title='bbox 1680 2505 1805 2548; x_wconf 90' lang='lat' dir='ltr'><strong>tunc</strong></span> <span class='ocrx_word' id='word_1_212' title='bbox 1851 2488 2025 2546; x_wconf 74' lang='lat' dir='ltr'><strong>Judaei</strong></span> 
     </span>
    </p>
   </div>
   <div class='ocr_carea' id='block_1_26' title="bbox 443 2582 2024 2660">
    <p class='ocr_par' dir='ltr' id='par_1_26' title="bbox 443 2582 2024 2660">
     <span class='ocr_line' id='line_1_26' title="bbox 443 2582 2024 2660; baseline -0.013 -5"><span class='ocrx_word' id='word_1_213' title='bbox 443 2601 590 2656; x_wconf 85' lang='lat' dir='ltr'><strong>illam</strong></span> <span class='ocrx_word' id='word_1_214' title='bbox 622 2597 891 2659; x_wconf 89' lang='lat' dir='ltr'><strong>videbant,</strong></span> <span class='ocrx_word' id='word_1_215' title='bbox 923 2606 1095 2660; x_wconf 89' lang='lat' dir='ltr'><strong>neque</strong></span> <span class='ocrx_word' id='word_1_216' title='bbox 1134 2604 1273 2644; x_wconf 90' lang='lat' dir='ltr'><strong>nunc</strong></span> <span class='ocrx_word' id='word_1_217' title='bbox 1300 2589 1484 2642; x_wconf 87' lang='lat' dir='ltr'><strong>vident</strong></span> <span class='ocrx_word' id='word_1_218' title='bbox 1512 2604 1526 2641; x_wconf 89' lang='lat'><strong>:</strong></span> <span class='ocrx_word' id='word_1_219' title='bbox 1564 2585 1608 2640; x_wconf 90' lang='lat' dir='ltr'><strong>si</strong></span> <span class='ocrx_word' id='word_1_220' title='bbox 1651 2594 1825 2638; x_wconf 90' lang='lat' dir='ltr'><strong>autem</strong></span> <span class='ocrx_word' id='word_1_221' title='bbox 1869 2582 2024 2635; x_wconf 84' lang='lat' dir='ltr'><strong>fidem</strong></span> 
     </span>
    </p>
   </div>
   <div class='ocr_carea' id='block_1_27' title="bbox 446 2672 2028 2758">
    <p class='ocr_par' dir='ltr' id='par_1_27' title="bbox 446 2672 2028 2758">
     <span class='ocr_line' id='line_1_27' title="bbox 446 2672 2028 2758; baseline -0.013 -12"><span class='ocrx_word' id='word_1_222' title='bbox 446 2691 723 2758; x_wconf 80' lang='lat' dir='ltr'><strong>amplexus</strong></span> <span class='ocrx_word' id='word_1_223' title='bbox 751 2685 927 2747; x_wconf 67' lang='lat' dir='ltr'><strong>fut-ris,</strong></span> <span class='ocrx_word' id='word_1_224' title='bbox 959 2686 1057 2736; x_wconf 87' lang='lat' dir='ltr'><strong>hac</strong></span> <span class='ocrx_word' id='word_1_225' title='bbox 1085 2681 1252 2734; x_wconf 92' lang='lat' dir='ltr'><strong>multo</strong></span> <span class='ocrx_word' id='word_1_226' title='bbox 1280 2678 1536 2748; x_wconf 78' lang='lat' dir='ltr'><strong>majorem</strong></span> <span class='ocrx_word' id='word_1_227' title='bbox 1563 2676 1744 2730; x_wconf 88' lang='lat' dir='ltr'><strong>divino</strong></span> <span class='ocrx_word' id='word_1_228' title='bbox 1771 2672 2028 2728; x_wconf 82' lang='lat' dir='ltr'><strong>beneficio</strong></span> 
     </span>
    </p>
   </div>
   <div class='ocr_carea' id='block_1_28' title="bbox 449 2766 2025 2854">
    <p class='ocr_par' dir='ltr' id='par_1_28' title="bbox 449 2766 2025 2854">
     <span class='ocr_line' id='line_1_28' title="bbox 449 2766 2025 2854; baseline -0.013 -17"><span class='ocrx_word' id='word_1_229' title='bbox 449 2779 764 2854; x_wconf 74' lang='lat' dir='ltr'><strong>perspicies.</strong></span> <span class='ocrx_word' id='word_1_230' title='bbox 793 2777 860 2831; x_wconf 85' lang='lat' dir='ltr'><strong>Et</strong></span> <span class='ocrx_word' id='word_1_231' title='bbox 887 2774 1098 2844; x_wconf 87' lang='lat' dir='ltr'><strong>quidem</strong></span> <span class='ocrx_word' id='word_1_232' title='bbox 1124 2814 1140 2839; x_wconf 92' lang='lat'><strong>,</strong></span> <span class='ocrx_word' id='word_1_233' title='bbox 1166 2787 1288 2827; x_wconf 92' lang='lat' dir='ltr'><strong>cum</strong></span> <span class='ocrx_word' id='word_1_234' title='bbox 1329 2770 1573 2825; x_wconf 78' lang='lat' dir='ltr'><strong>fidelibus</strong></span> <span class='ocrx_word' id='word_1_235' title='bbox 1600 2768 1763 2822; x_wconf 88' lang='lat' dir='ltr'><strong>verba</strong></span> <span class='ocrx_word' id='word_1_236' title='bbox 1795 2766 2025 2831; x_wconf 89' lang='lat' dir='ltr'><strong>faceret,</strong></span> 
     </span>
    </p>
   </div>
   <div class='ocr_carea' id='block_1_29' title="bbox 446 2858 2029 2947">
    <p class='ocr_par' dir='ltr' id='par_1_29' title="bbox 446 2858 2029 2947">
     <span class='ocr_line' id='line_1_29' title="bbox 446 2858 2029 2947; baseline -0.013 -17"><span class='ocrx_word' id='word_1_237' title='bbox 446 2873 798 2947; x_wconf 85' lang='lat' dir='ltr'><strong>glorificatnm</strong></span> <span class='ocrx_word' id='word_1_238' title='bbox 840 2869 1004 2922; x_wconf 88' lang='lat' dir='ltr'><strong>fuisse</strong></span> <span class='ocrx_word' id='word_1_239' title='bbox 1030 2867 1260 2936; x_wconf 82' lang='lat' dir='ltr'><strong>negabat</strong></span> <span class='ocrx_word' id='word_1_240' title='bbox 1285 2864 1337 2918; x_wconf 92' lang='lat' dir='ltr'><strong>id</strong></span> <span class='ocrx_word' id='word_1_241' title='bbox 1363 2861 1502 2932; x_wconf 91' lang='lat' dir='ltr'><strong>quod</strong></span> <span class='ocrx_word' id='word_1_242' title='bbox 1533 2859 1880 2931; x_wconf 79' lang='lat' dir='ltr'><strong>gloriﬁcatnm</strong></span> <span class='ocrx_word' id='word_1_243' title='bbox 1911 2858 2029 2911; x_wconf 91' lang='lat' dir='ltr'><strong>fue-</strong></span> 
     </span>
    </p>
   </div>
   <div class='ocr_carea' id='block_1_30' title="bbox 447 2948 2032 3022">
    <p class='ocr_par' dir='ltr' id='par_1_30' title="bbox 447 2948 2032 3022">
     <span class='ocr_line' id='line_1_30' title="bbox 447 2948 2032 3022; baseline -0.014 -2"><span class='ocrx_word' id='word_1_244' title='bbox 447 2975 568 3020; x_wconf 88' lang='lat' dir='ltr'><strong>rat:</strong></span> <span class='ocrx_word' id='word_1_245' title='bbox 590 2963 679 3018; x_wconf 86' lang='lat' dir='ltr'><strong>hic</strong></span> <span class='ocrx_word' id='word_1_246' title='bbox 701 2971 877 3014; x_wconf 91' lang='lat' dir='ltr'><strong>autem</strong></span> <span class='ocrx_word' id='word_1_247' title='bbox 900 2973 1004 3011; x_wconf 90' lang='lat' dir='ltr'><strong>non</strong></span> <span class='ocrx_word' id='word_1_248' title='bbox 1030 2957 1122 3020; x_wconf 92' lang='lat' dir='ltr'><strong>ita,</strong></span> <span class='ocrx_word' id='word_1_249' title='bbox 1147 2952 1242 3009; x_wconf 88' lang='lat' dir='ltr'><strong>sed</strong></span> <span class='ocrx_word' id='word_1_250' title='bbox 1269 2967 1373 3022; x_wconf 92' lang='lat' dir='ltr'><strong>quo</strong></span> <span class='ocrx_word' id='word_1_251' title='bbox 1402 2959 1555 3020; x_wconf 85' lang='lat' dir='ltr'><strong>pacto</strong></span> <span class='ocrx_word' id='word_1_252' title='bbox 1575 2951 1598 3003; x_wconf 81' lang='lat'><strong>?</strong></span> <span class='ocrx_word' id='word_1_253' title='bbox 1621 2948 1744 3002; x_wconf 86' lang='lat' dir='ltr'><strong>Cum</strong></span> <span class='ocrx_word' id='word_1_254' title='bbox 1765 2961 2032 3002; x_wconf 88' lang='lat' dir='ltr'><strong>conversus</strong></span> 
     </span>
    </p>
   </div>
   <div class='ocr_carea' id='block_1_31' title="bbox 451 3039 2034 3126">
    <p class='ocr_par' dir='ltr' id='par_1_31' title="bbox 451 3039 2034 3126">
     <span class='ocr_line' id='line_1_31' title="bbox 451 3039 2034 3126; baseline -0.012 -17"><span class='ocrx_word' id='word_1_255' title='bbox 451 3055 602 3126; x_wconf 78' lang='lat' dir='ltr'><strong>fuerit</strong></span> <span class='ocrx_word' id='word_1_256' title='bbox 627 3052 694 3106; x_wconf 85' lang='lat' dir='ltr'><strong>ad</strong></span> <span class='ocrx_word' id='word_1_257' title='bbox 725 3051 1014 3112; x_wconf 86' lang='lat' dir='ltr'><strong>Dominum,</strong></span> <span class='ocrx_word' id='word_1_258' title='bbox 1046 3047 1249 3099; x_wconf 79' lang='lat' dir='ltr'><strong>tolletur</strong></span> <span class='ocrx_word' id='word_1_259' title='bbox 1274 3044 1496 3097; x_wconf 82' lang='lat' dir='ltr'><strong>velamen</strong></span> <span class='ocrx_word' id='word_1_260' title='bbox 1517 3057 1536 3104; x_wconf 91' lang='lat'><em>;</em></span> <span class='ocrx_word' id='word_1_261' title='bbox 1561 3041 1764 3095; x_wconf 87' lang='lat' dir='ltr'><strong>sensim</strong></span> <span class='ocrx_word' id='word_1_262' title='bbox 1788 3039 2034 3092; x_wconf 84' lang='lat' dir='ltr'><strong>videlicet</strong></span> 
     </span>
    </p>
   </div>
   <div class='ocr_carea' id='block_1_32' title="bbox 450 3131 2031 3203">
    <p class='ocr_par' dir='ltr' id='par_1_32' title="bbox 450 3131 2031 3203">
     <span class='ocr_line' id='line_1_32' title="bbox 450 3131 2031 3203; baseline -0.011 -4"><span class='ocrx_word' id='word_1_263' title='bbox 450 3147 600 3200; x_wconf 89' lang='lat' dir='ltr'><strong>illum</strong></span> <span class='ocrx_word' id='word_1_264' title='bbox 639 3139 976 3199; x_wconf 88' lang='lat' dir='ltr'><strong>subvehens,</strong></span> <span class='ocrx_word' id='word_1_265' title='bbox 1009 3152 1072 3191; x_wconf 89' lang='lat' dir='ltr'><strong>ac</strong></span> <span class='ocrx_word' id='word_1_266' title='bbox 1109 3135 1336 3202; x_wconf 90' lang='lat' dir='ltr'><strong>primum</strong></span> <span class='ocrx_word' id='word_1_267' title='bbox 1366 3133 1577 3203; x_wconf 86' lang='lat' dir='ltr'><strong>quidem</strong></span> <span class='ocrx_word' id='word_1_268' title='bbox 1611 3133 1663 3186; x_wconf 92' lang='lat' dir='ltr'><strong>in</strong></span> <span class='ocrx_word' id='word_1_269' title='bbox 1694 3131 1882 3186; x_wconf 91' lang='lat' dir='ltr'><strong>eodem</strong></span> <span class='ocrx_word' id='word_1_270' title='bbox 1909 3145 2031 3184; x_wconf 90' lang='lat' dir='ltr'><strong>eum</strong></span> 
     </span>
    </p>
   </div>
   <div class='ocr_carea' id='block_1_33' title="bbox 455 3222 2033 3304">
    <p class='ocr_par' dir='ltr' id='par_1_33' title="bbox 455 3222 2033 3304">
     <span class='ocr_line' id='line_1_33' title="bbox 455 3222 2033 3304; baseline -0.008 -17"><span class='ocrx_word' id='word_1_271' title='bbox 455 3237 604 3293; x_wconf 76' lang='lat' dir='ltr'><strong>Mose</strong></span> <span class='ocrx_word' id='word_1_272' title='bbox 632 3233 796 3304; x_wconf 88' lang='lat' dir='ltr'><strong>gradu</strong></span> <span class='ocrx_word' id='word_1_273' title='bbox 821 3230 1111 3292; x_wconf 78' lang='lat' dir='ltr'><strong>collocatis,</strong></span> <span class='ocrx_word' id='word_1_274' title='bbox 1136 3227 1330 3281; x_wconf 92' lang='lat' dir='ltr'><strong>deinde</strong></span> <span class='ocrx_word' id='word_1_275' title='bbox 1355 3234 1531 3279; x_wconf 88' lang='lat' dir='ltr'><strong>autem</strong></span> <span class='ocrx_word' id='word_1_276' title='bbox 1563 3222 1822 3293; x_wconf 88' lang='lat' dir='ltr'><strong>majorum</strong></span> <span class='ocrx_word' id='word_1_277' title='bbox 1855 3236 2033 3276; x_wconf 90' lang='lat' dir='ltr'><strong>rerum</strong></span> 
     </span>
    </p>
   </div>
   <div class='ocr_carea' id='block_1_34' title="bbox 455 3313 2035 3383">
    <p class='ocr_par' dir='ltr' id='par_1_34' title="bbox 455 3313 2035 3383">
     <span class='ocr_line' id='line_1_34' title="bbox 455 3313 2035 3383; baseline -0.012 0"><span class='ocrx_word' id='word_1_278' title='bbox 455 3333 760 3383; x_wconf 88' lang='lat' dir='ltr'><strong>consortem</strong></span> <span class='ocrx_word' id='word_1_279' title='bbox 793 3335 914 3375; x_wconf 92' lang='lat' dir='ltr'><strong>eum</strong></span> <span class='ocrx_word' id='word_1_280' title='bbox 947 3318 1164 3373; x_wconf 83' lang='lat' dir='ltr'><strong>faciens.</strong></span> <span class='ocrx_word' id='word_1_281' title='bbox 1194 3322 1326 3372; x_wconf 84' lang='lat' dir='ltr'><strong>Nam</strong></span> <span class='ocrx_word' id='word_1_282' title='bbox 1355 3331 1475 3371; x_wconf 91' lang='lat' dir='ltr'><strong>cum</strong></span> <span class='ocrx_word' id='word_1_283' title='bbox 1507 3315 1726 3377; x_wconf 85' lang='lat' dir='ltr'><strong>Mosem,</strong></span> <span class='ocrx_word' id='word_1_284' title='bbox 1759 3313 1948 3382; x_wconf 88' lang='lat' dir='ltr'><strong>inquit,</strong></span> <span class='ocrx_word' id='word_1_285' title='bbox 1983 3313 2035 3365; x_wconf 93' lang='lat' dir='ltr'><strong>in</strong></span> 
     </span>
    </p>
   </div>
   <div class='ocr_carea' id='block_1_35' title="bbox 455 3407 2034 3489">
    <p class='ocr_par' dir='ltr' id='par_1_35' title="bbox 455 3407 2034 3489">
     <span class='ocr_line' id='line_1_35' title="bbox 455 3407 2034 3489; baseline -0.009 -17"><span class='ocrx_word' id='word_1_286' title='bbox 455 3416 622 3489; x_wconf 87' lang='lat' dir='ltr'><strong>gloria</strong></span> <span class='ocrx_word' id='word_1_287' title='bbox 663 3413 858 3467; x_wconf 87' lang='lat' dir='ltr'><strong>videris</strong></span> <span class='ocrx_word' id='word_1_288' title='bbox 882 3452 897 3476; x_wconf 96' lang='lat'><strong>,</strong></span> <span class='ocrx_word' id='word_1_289' title='bbox 939 3419 1048 3464; x_wconf 91' lang='lat' dir='ltr'><strong>tum</strong></span> <span class='ocrx_word' id='word_1_290' title='bbox 1087 3407 1298 3463; x_wconf 92' lang='lat' dir='ltr'><strong>demum</strong></span> <span class='ocrx_word' id='word_1_291' title='bbox 1333 3407 1398 3460; x_wconf 91' lang='lat' dir='ltr'><strong>ad</strong></span> <span class='ocrx_word' id='word_1_292' title='bbox 1443 3407 1607 3461; x_wconf 90' lang='lat' dir='ltr'><strong>Deum</strong></span> <span class='ocrx_word' id='word_1_293' title='bbox 1638 3414 1689 3460; x_wconf 89' lang='lat' dir='ltr'><strong>te</strong></span> <span class='ocrx_word' id='word_1_294' title='bbox 1717 3413 2034 3469; x_wconf 89' lang='lat' dir='ltr'><strong>convertes,</strong></span> 
     </span>
    </p>
   </div>
   <div class='ocr_carea' id='block_1_36' title="bbox 457 3495 2038 3577">
    <p class='ocr_par' dir='ltr' id='par_1_36' title="bbox 457 3495 2038 3577">
     <span class='ocr_line' id='line_1_36' title="bbox 457 3495 2038 3577; baseline -0.009 -15"><span class='ocrx_word' id='word_1_295' title='bbox 457 3507 820 3577; x_wconf 86' lang='lat' dir='ltr'><strong>atnplioreque</strong></span> <span class='ocrx_word' id='word_1_296' title='bbox 859 3516 1018 3571; x_wconf 91' lang='lat' dir='ltr'><strong>quam</strong></span> <span class='ocrx_word' id='word_1_297' title='bbox 1061 3500 1175 3554; x_wconf 70' lang='lat' dir='ltr'><strong>hare</strong></span> <span class='ocrx_word' id='word_1_298' title='bbox 1219 3498 1290 3552; x_wconf 90' lang='lat' dir='ltr'><strong>sit</strong></span> <span class='ocrx_word' id='word_1_299' title='bbox 1326 3499 1492 3568; x_wconf 82' lang='lat' dir='ltr'><strong>gloria</strong></span> <span class='ocrx_word' id='word_1_300' title='bbox 1539 3497 1750 3552; x_wconf 88' lang='lat' dir='ltr'><strong>frueris.</strong></span> <span class='ocrx_word' id='word_1_301' title='bbox 1791 3495 1972 3565; x_wconf 89' lang='lat' dir='ltr'><strong>Itaque</strong></span> <span class='ocrx_word' id='word_1_302' title='bbox 2007 3509 2038 3548; x_wconf 89' lang='lat' dir='ltr'><strong>a</strong></span> 
     </span>
    </p>
   </div>
   <div class='ocr_carea' id='block_1_37' title="bbox 458 3587 2038 3668">
    <p class='ocr_par' dir='ltr' id='par_1_37' title="bbox 458 3587 2038 3668">
     <span class='ocr_line' id='line_1_37' title="bbox 458 3587 2038 3668; baseline -0.008 -16"><span class='ocrx_word' id='word_1_303' title='bbox 458 3597 717 3668; x_wconf 85' lang='lat' dir='ltr'><strong>principio</strong></span> <span class='ocrx_word' id='word_1_304' title='bbox 746 3593 864 3648; x_wconf 86' lang='lat' dir='ltr'><strong>vide</strong></span> <span class='ocrx_word' id='word_1_305' title='bbox 889 3601 1142 3661; x_wconf 91' lang='lat' dir='ltr'><strong>quotnam</strong></span> <span class='ocrx_word' id='word_1_306' title='bbox 1180 3604 1267 3644; x_wconf 92' lang='lat' dir='ltr'><strong>res</strong></span> <span class='ocrx_word' id='word_1_307' title='bbox 1303 3588 1575 3658; x_wconf 86' lang='lat' dir='ltr'><strong>posuerit,</strong></span> <span class='ocrx_word' id='word_1_308' title='bbox 1602 3603 1720 3657; x_wconf 64' lang='lat' dir='ltr'><strong>quae</strong></span> <span class='ocrx_word' id='word_1_309' title='bbox 1748 3587 2038 3640; x_wconf 91' lang='lat' dir='ltr'><strong>discrimen</strong></span> 
     </span>
    </p>
   </div>
   <div class='ocr_carea' id='block_1_38' title="bbox 457 3677 2041 3752">
    <p class='ocr_par' dir='ltr' id='par_1_38' title="bbox 457 3677 2041 3752">
     <span class='ocr_line' id='line_1_38' title="bbox 457 3677 2041 3752; baseline -0.009 -9"><span class='ocrx_word' id='word_1_310' title='bbox 457 3689 752 3751; x_wconf 87' lang='lat' dir='ltr'><strong>eflicerent,</strong></span> <span class='ocrx_word' id='word_1_311' title='bbox 778 3695 938 3752; x_wconf 90' lang='lat' dir='ltr'><strong>atque</strong></span> <span class='ocrx_word' id='word_1_312' title='bbox 961 3681 1088 3736; x_wconf 86' lang='lat' dir='ltr'><strong>illud</strong></span> <span class='ocrx_word' id='word_1_313' title='bbox 1114 3679 1478 3742; x_wconf 89' lang='lat' dir='ltr'><strong>ostenderent,</strong></span> <span class='ocrx_word' id='word_1_314' title='bbox 1502 3679 1706 3733; x_wconf 83' lang='lat' dir='ltr'><strong>Novum</strong></span> <span class='ocrx_word' id='word_1_315' title='bbox 1729 3677 2041 3733; x_wconf 87' lang='lat' dir='ltr'><strong>Testamen-</strong></span> 
     </span>
    </p>
   </div>
   <div class='ocr_carea' id='block_1_39' title="bbox 460 3775 2043 3842">
    <p class='ocr_par' dir='ltr' id='par_1_39' title="bbox 460 3775 2043 3842">
     <span class='ocr_line' id='line_1_39' title="bbox 460 3775 2043 3842; baseline -0.008 -7"><span class='ocrx_word' id='word_1_316' title='bbox 460 3790 570 3834; x_wconf 89' lang='lat' dir='ltr'><strong>tum</strong></span> <span class='ocrx_word' id='word_1_317' title='bbox 619 3775 794 3830; x_wconf 81' lang='lat' dir='ltr'><strong>Veteri</strong></span> <span class='ocrx_word' id='word_1_318' title='bbox 843 3781 1129 3842; x_wconf 71' lang='lat' dir='ltr'><strong>prmstare,</strong></span> <span class='ocrx_word' id='word_1_319' title='bbox 1172 3787 1275 3824; x_wconf 92' lang='lat' dir='ltr'><strong>non</strong></span> <span class='ocrx_word' id='word_1_320' title='bbox 1319 3780 1496 3823; x_wconf 92' lang='lat' dir='ltr'><strong>autem</strong></span> <span class='ocrx_word' id='word_1_321' title='bbox 1535 3785 1654 3823; x_wconf 93' lang='lat' dir='ltr'><strong>cum</strong></span> <span class='ocrx_word' id='word_1_322' title='bbox 1695 3783 1762 3823; x_wconf 92' lang='lat' dir='ltr'><strong>eo</strong></span> <span class='ocrx_word' id='word_1_323' title='bbox 1806 3781 2043 3838; x_wconf 84' lang='lat' dir='ltr'><strong>pugnare</strong></span> 
     </span>
    </p>
   </div>
   <div class='ocr_carea' id='block_1_40' title="bbox 460 3860 2039 3936">
    <p class='ocr_par' dir='ltr' id='par_1_40' title="bbox 460 3860 2039 3936">
     <span class='ocr_line' id='line_1_40' title="bbox 460 3860 2039 3936; baseline -0.006 -14"><span class='ocrx_word' id='word_1_324' title='bbox 460 3881 620 3936; x_wconf 89' lang='lat' dir='ltr'><strong>atque</strong></span> <span class='ocrx_word' id='word_1_325' title='bbox 645 3865 746 3932; x_wconf 85' lang='lat' dir='ltr'><strong>ipsi</strong></span> <span class='ocrx_word' id='word_1_326' title='bbox 771 3863 1063 3917; x_wconf 83' lang='lat' dir='ltr'><strong>adversari.</strong></span> <span class='ocrx_word' id='word_1_327' title='bbox 1100 3861 1254 3925; x_wconf 92' lang='lat' dir='ltr'><strong>lllud,</strong></span> <span class='ocrx_word' id='word_1_328' title='bbox 1286 3860 1478 3931; x_wconf 90' lang='lat' dir='ltr'><strong>inquit,</strong></span> <span class='ocrx_word' id='word_1_329' title='bbox 1507 3871 1561 3915; x_wconf 92' lang='lat' dir='ltr'><strong>et</strong></span> <span class='ocrx_word' id='word_1_330' title='bbox 1590 3861 1766 3926; x_wconf 91' lang='lat' dir='ltr'><strong>litera,</strong></span> <span class='ocrx_word' id='word_1_331' title='bbox 1796 3869 1851 3914; x_wconf 92' lang='lat' dir='ltr'><strong>et</strong></span> <span class='ocrx_word' id='word_1_332' title='bbox 1883 3861 2039 3928; x_wconf 91' lang='lat' dir='ltr'><strong>lapis,</strong></span> 
     </span>
    </p>
   </div>
   <div class='ocr_carea' id='block_1_41' title="bbox 462 3952 2044 4016">
    <p class='ocr_par' dir='ltr' id='par_1_41' title="bbox 462 3952 2044 4016">
     <span class='ocr_line' id='line_1_41' title="bbox 462 3952 2044 4016; baseline -0.005 -4"><span class='ocrx_word' id='word_1_333' title='bbox 462 3966 517 4014; x_wconf 89' lang='lat' dir='ltr'><strong>et</strong></span> <span class='ocrx_word' id='word_1_334' title='bbox 545 3955 732 4009; x_wconf 90' lang='lat' dir='ltr'><strong>mortis</strong></span> <span class='ocrx_word' id='word_1_335' title='bbox 766 3952 1084 4006; x_wconf 86' lang='lat' dir='ltr'><strong>ministratio</strong></span> <span class='ocrx_word' id='word_1_336' title='bbox 1121 3958 1263 4015; x_wconf 90' lang='lat' dir='ltr'><strong>erat,</strong></span> <span class='ocrx_word' id='word_1_337' title='bbox 1291 3963 1345 4004; x_wconf 92' lang='lat' dir='ltr'><strong>et</strong></span> <span class='ocrx_word' id='word_1_338' title='bbox 1378 3952 1660 4016; x_wconf 87' lang='lat' dir='ltr'><strong>aboletur;</strong></span> <span class='ocrx_word' id='word_1_339' title='bbox 1690 3959 1744 4004; x_wconf 93' lang='lat' dir='ltr'><strong>et</strong></span> <span class='ocrx_word' id='word_1_340' title='bbox 1773 3962 1948 4004; x_wconf 89' lang='lat' dir='ltr'><strong>tamen</strong></span> <span class='ocrx_word' id='word_1_341' title='bbox 1978 3965 2044 4004; x_wconf 92' lang='lat' dir='ltr'><strong>ne</strong></span> 
     </span>
    </p>
   </div>
   <div class='ocr_carea' id='block_1_42' title="bbox 465 4040 2042 4115">
    <p class='ocr_par' dir='ltr' id='par_1_42' title="bbox 465 4040 2042 4115">
     <span class='ocr_line' id='line_1_42' title="bbox 465 4040 2042 4115; baseline -0.005 -13"><span class='ocrx_word' id='word_1_342' title='bbox 465 4048 567 4102; x_wconf 85' lang='lat' dir='ltr'><strong>hac</strong></span> <span class='ocrx_word' id='word_1_343' title='bbox 586 4043 798 4115; x_wconf 81' lang='lat' dir='ltr'><strong>quidem</strong></span> <span class='ocrx_word' id='word_1_344' title='bbox 821 4042 985 4112; x_wconf 87' lang='lat' dir='ltr'><strong>gloria</strong></span> <span class='ocrx_word' id='word_1_345' title='bbox 1007 4040 1174 4096; x_wconf 65' lang='lat' dir='ltr'><strong>Judaei</strong></span> <span class='ocrx_word' id='word_1_346' title='bbox 1198 4041 1340 4110; x_wconf 88' lang='lat' dir='ltr'><strong>digni</strong></span> <span class='ocrx_word' id='word_1_347' title='bbox 1368 4041 1530 4095; x_wconf 88' lang='lat' dir='ltr'><strong>habiti</strong></span> <span class='ocrx_word' id='word_1_348' title='bbox 1558 4052 1680 4095; x_wconf 89' lang='lat' dir='ltr'><strong>sunt</strong></span> <span class='ocrx_word' id='word_1_349' title='bbox 1705 4060 1718 4095; x_wconf 88' lang='lat'><strong>:</strong></span> <span class='ocrx_word' id='word_1_350' title='bbox 1744 4041 1844 4095; x_wconf 93' lang='lat' dir='ltr'><strong>hoc</strong></span> <span class='ocrx_word' id='word_1_351' title='bbox 1864 4051 2042 4094; x_wconf 91' lang='lat' dir='ltr'><strong>autem</strong></span> 
     </span>
    </p>
   </div>
   <div class='ocr_carea' id='block_1_43' title="bbox 464 4131 2047 4201">
    <p class='ocr_par' dir='ltr' id='par_1_43' title="bbox 464 4131 2047 4201">
     <span class='ocr_line' id='line_1_43' title="bbox 464 4131 2047 4201; baseline -0.004 -9"><span class='ocrx_word' id='word_1_352' title='bbox 464 4136 695 4192; x_wconf 86' lang='lat' dir='ltr'><strong>carnalis</strong></span> <span class='ocrx_word' id='word_1_353' title='bbox 716 4133 894 4189; x_wconf 85' lang='lat' dir='ltr'><strong>tabula</strong></span> <span class='ocrx_word' id='word_1_354' title='bbox 919 4142 1021 4197; x_wconf 91' lang='lat' dir='ltr'><strong>est,</strong></span> <span class='ocrx_word' id='word_1_355' title='bbox 1049 4140 1104 4186; x_wconf 91' lang='lat' dir='ltr'><strong>et</strong></span> <span class='ocrx_word' id='word_1_356' title='bbox 1127 4132 1366 4200; x_wconf 92' lang='lat' dir='ltr'><strong>spiritus,</strong></span> <span class='ocrx_word' id='word_1_357' title='bbox 1393 4140 1448 4186; x_wconf 92' lang='lat' dir='ltr'><strong>et</strong></span> <span class='ocrx_word' id='word_1_358' title='bbox 1469 4131 1694 4201; x_wconf 89' lang='lat' dir='ltr'><strong>justitia,</strong></span> <span class='ocrx_word' id='word_1_359' title='bbox 1721 4142 1775 4187; x_wconf 92' lang='lat' dir='ltr'><strong>et</strong></span> <span class='ocrx_word' id='word_1_360' title='bbox 1798 4141 2047 4186; x_wconf 84' lang='lat' dir='ltr'><strong>constan-</strong></span> 
     </span>
    </p>
   </div>
   <div class='ocr_carea' id='block_1_44' title="bbox 467 4222 2046 4293">
    <p class='ocr_par' dir='ltr' id='par_1_44' title="bbox 467 4222 2046 4293">
     <span class='ocr_line' id='line_1_44' title="bbox 467 4222 2046 4293; baseline -0.005 -9"><span class='ocrx_word' id='word_1_361' title='bbox 467 4239 548 4284; x_wconf 91' lang='lat' dir='ltr'><strong>ter</strong></span> <span class='ocrx_word' id='word_1_362' title='bbox 573 4235 791 4290; x_wconf 89' lang='lat' dir='ltr'><strong>manet;</strong></span> <span class='ocrx_word' id='word_1_363' title='bbox 823 4235 982 4293; x_wconf 88' lang='lat' dir='ltr'><strong>atqtte</strong></span> <span class='ocrx_word' id='word_1_364' title='bbox 1009 4237 1196 4278; x_wconf 85' lang='lat' dir='ltr'><strong>omnes</strong></span> <span class='ocrx_word' id='word_1_365' title='bbox 1221 4237 1286 4276; x_wconf 92' lang='lat' dir='ltr'><strong>eo</strong></span> <span class='ocrx_word' id='word_1_366' title='bbox 1305 4222 1448 4293; x_wconf 88' lang='lat' dir='ltr'><strong>digni</strong></span> <span class='ocrx_word' id='word_1_367' title='bbox 1472 4223 1748 4289; x_wconf 87' lang='lat' dir='ltr'><strong>habemur,</strong></span> <span class='ocrx_word' id='word_1_368' title='bbox 1780 4241 1883 4277; x_wconf 93' lang='lat' dir='ltr'><strong>non</strong></span> <span class='ocrx_word' id='word_1_369' title='bbox 1911 4237 2046 4277; x_wconf 91' lang='lat' dir='ltr'><strong>unus</strong></span> 
     </span>
    </p>
   </div>
   <div class='ocr_carea' id='block_1_45' title="bbox 467 4312 2043 4380">
    <p class='ocr_par' dir='ltr' id='par_1_45' title="bbox 467 4312 2043 4380">
     <span class='ocr_line' id='line_1_45' title="bbox 467 4312 2043 4380; baseline -0.004 -7"><span class='ocrx_word' id='word_1_370' title='bbox 467 4329 692 4380; x_wconf 86' lang='lat' dir='ltr'><strong>tantum,</strong></span> <span class='ocrx_word' id='word_1_371' title='bbox 726 4326 782 4370; x_wconf 84' lang='grc' dir='ltr'><strong>ιιι</strong></span> <span class='ocrx_word' id='word_1_372' title='bbox 809 4325 918 4368; x_wconf 91' lang='lat' dir='ltr'><strong>tum</strong></span> <span class='ocrx_word' id='word_1_373' title='bbox 947 4313 1119 4367; x_wconf 79' lang='lat' dir='ltr'><strong>Moses</strong></span> <span class='ocrx_word' id='word_1_374' title='bbox 1147 4313 1238 4366; x_wconf 92' lang='lat' dir='ltr'><strong>illo</strong></span> <span class='ocrx_word' id='word_1_375' title='bbox 1266 4313 1472 4368; x_wconf 90' lang='lat' dir='ltr'><strong>minore</strong></span> <span class='ocrx_word' id='word_1_376' title='bbox 1501 4331 1522 4366; x_wconf 73' lang='lat'><strong>:&#39;</strong></span> <span class='ocrx_word' id='word_1_377' title='bbox 1548 4312 1658 4367; x_wconf 87' lang='lat' dir='ltr'><strong>Nos</strong></span> <span class='ocrx_word' id='word_1_378' title='bbox 1687 4317 1827 4369; x_wconf 91' lang='lat' dir='ltr'><strong>enim</strong></span> <span class='ocrx_word' id='word_1_379' title='bbox 1852 4330 2043 4378; x_wconf 82' lang='lat' dir='ltr'><strong>omnes,</strong></span> 
     </span>
    </p>
   </div>
   <div class='ocr_carea' id='block_1_46' title="bbox 467 4405 2049 4481">
    <p class='ocr_par' dir='ltr' id='par_1_46' title="bbox 467 4405 2049 4481">
     <span class='ocr_line' id='line_1_46' title="bbox 467 4405 2049 4481; baseline -0.003 -16"><span class='ocrx_word' id='word_1_380' title='bbox 467 4411 659 4481; x_wconf 87' lang='lat' dir='ltr'><strong>inquit,</strong></span> <span class='ocrx_word' id='word_1_381' title='bbox 687 4407 906 4462; x_wconf 82' lang='lat' dir='ltr'><strong>revelata</strong></span> <span class='ocrx_word' id='word_1_382' title='bbox 930 4406 1060 4476; x_wconf 84' lang='lat' dir='ltr'><strong>facie</strong></span> <span class='ocrx_word' id='word_1_383' title='bbox 1080 4405 1315 4476; x_wconf 86' lang='lat' dir='ltr'><strong>gloriam,</strong></span> <span class='ocrx_word' id='word_1_384' title='bbox 1345 4421 1448 4459; x_wconf 91' lang='lat' dir='ltr'><strong>non</strong></span> <span class='ocrx_word' id='word_1_385' title='bbox 1476 4405 1692 4477; x_wconf 87' lang='lat' dir='ltr'><strong>Moysis,</strong></span> <span class='ocrx_word' id='word_1_386' title='bbox 1722 4407 1815 4462; x_wconf 89' lang='lat' dir='ltr'><strong>sed</strong></span> <span class='ocrx_word' id='word_1_387' title='bbox 1842 4407 2049 4461; x_wconf 83' lang='lat' dir='ltr'><strong>Domini</strong></span> 
     </span>
    </p>
   </div>
   <div class='ocr_carea' id='block_1_47' title="bbox 465 4497 2048 4571">
    <p class='ocr_par' dir='ltr' id='par_1_47' title="bbox 465 4497 2048 4571">
     <span class='ocr_line' id='line_1_47' title="bbox 465 4497 2048 4571; baseline -0.002 -14"><span class='ocrx_word' id='word_1_388' title='bbox 465 4503 742 4557; x_wconf 77' lang='lat' dir='ltr'><strong>intuemur.</strong></span> <span class='ocrx_word' id='word_1_389' title='bbox 789 4497 984 4552; x_wconf 79' lang='lat' dir='ltr'><strong>Verum</strong></span> <span class='ocrx_word' id='word_1_390' title='bbox 1031 4499 1279 4567; x_wconf 87' lang='lat' dir='ltr'><strong>quoniam</strong></span> <span class='ocrx_word' id='word_1_391' title='bbox 1327 4499 1597 4564; x_wconf 90' lang='lat' dir='ltr'><strong>nonnulli,</strong></span> <span class='ocrx_word' id='word_1_392' title='bbox 1641 4500 1799 4554; x_wconf 89' lang='lat' dir='ltr'><strong>rebus</strong></span> <span class='ocrx_word' id='word_1_393' title='bbox 1836 4516 1954 4571; x_wconf 75' lang='lat' dir='ltr'><strong>qua:</strong></span> <span class='ocrx_word' id='word_1_394' title='bbox 1996 4502 2048 4554; x_wconf 92' lang='lat' dir='ltr'><strong>in</strong></span> 
     </span>
    </p>
   </div>
   <div class='ocr_carea' id='block_1_48' title="bbox 469 4589 2050 4654">
    <p class='ocr_par' dir='ltr' id='par_1_48' title="bbox 469 4589 2050 4654">
     <span class='ocr_line' id='line_1_48' title="bbox 469 4589 2050 4654; baseline -0.003 -5"><span class='ocrx_word' id='word_1_395' title='bbox 469 4594 718 4649; x_wconf 80' lang='lat' dir='ltr'><strong>confesso</strong></span> <span class='ocrx_word' id='word_1_396' title='bbox 752 4598 905 4644; x_wconf 89' lang='lat' dir='ltr'><strong>erant</strong></span> <span class='ocrx_word' id='word_1_397' title='bbox 943 4589 1266 4643; x_wconf 91' lang='lat' dir='ltr'><strong>reluctantes</strong></span> <span class='ocrx_word' id='word_1_398' title='bbox 1287 4630 1302 4654; x_wconf 96' lang='lat'><strong>,</strong></span> <span class='ocrx_word' id='word_1_399' title='bbox 1332 4589 1448 4643; x_wconf 68' lang='lat' dir='ltr'><strong>haec</strong></span> <span class='ocrx_word' id='word_1_400' title='bbox 1491 4591 1649 4643; x_wconf 90' lang='lat' dir='ltr'><strong>verba</strong></span> <span class='ocrx_word' id='word_1_401' title='bbox 1671 4629 1685 4653; x_wconf 97' lang='lat'><strong>,</strong></span> <span class='ocrx_word' id='word_1_402' title='bbox 1721 4591 1849 4644; x_wconf 91' lang='lat' dir='ltr'><strong>Cum</strong></span> <span class='ocrx_word' id='word_1_403' title='bbox 1882 4600 2050 4644; x_wconf 88' lang='lat' dir='ltr'><strong>autem</strong></span> 
     </span>
    </p>
   </div>
   <div class='ocr_carea' id='block_1_49' title="bbox 472 4676 2050 4748">
    <p class='ocr_par' dir='ltr' id='par_1_49' title="bbox 472 4676 2050 4748">
     <span class='ocr_line' id='line_1_49' title="bbox 472 4676 2050 4748; baseline 0 -13"><span class='ocrx_word' id='word_1_404' title='bbox 472 4695 740 4735; x_wconf 81' lang='lat' dir='ltr'><strong>conversus</strong></span> <span class='ocrx_word' id='word_1_405' title='bbox 762 4678 914 4748; x_wconf 86' lang='lat' dir='ltr'><strong>fuerit</strong></span> <span class='ocrx_word' id='word_1_406' title='bbox 937 4677 1003 4729; x_wconf 87' lang='lat' dir='ltr'><strong>ad</strong></span> <span class='ocrx_word' id='word_1_407' title='bbox 1024 4676 1299 4731; x_wconf 87' lang='lat' dir='ltr'><strong>Dominum</strong></span> <span class='ocrx_word' id='word_1_408' title='bbox 1315 4720 1330 4744; x_wconf 97' lang='lat'><strong>,</strong></span> <span class='ocrx_word' id='word_1_409' title='bbox 1354 4679 1421 4734; x_wconf 92' lang='lat' dir='ltr'><strong>de</strong></span> <span class='ocrx_word' id='word_1_410' title='bbox 1447 4679 1582 4732; x_wconf 89' lang='lat' dir='ltr'><strong>Filio</strong></span> <span class='ocrx_word' id='word_1_411' title='bbox 1607 4679 1746 4733; x_wconf 90' lang='lat' dir='ltr'><strong>dicta</strong></span> <span class='ocrx_word' id='word_1_412' title='bbox 1771 4695 1888 4735; x_wconf 89' lang='lat' dir='ltr'><strong>esse</strong></span> <span class='ocrx_word' id='word_1_413' title='bbox 1916 4695 2050 4735; x_wconf 89' lang='lat' dir='ltr'><strong>con-</strong></span> 
     </span>
    </p>
   </div>
   <div class='ocr_carea' id='block_1_50' title="bbox 475 4769 2053 4843">
    <p class='ocr_par' dir='ltr' id='par_1_50' title="bbox 475 4769 2053 4843">
     <span class='ocr_line' id='line_1_50' title="bbox 475 4769 2053 4843; baseline 0.003 -19"><span class='ocrx_word' id='word_1_414' title='bbox 475 4771 718 4832; x_wconf 85' lang='lat' dir='ltr'><strong>tendunt,</strong></span> <span class='ocrx_word' id='word_1_415' title='bbox 740 4769 1041 4827; x_wconf 78' lang='lat' dir='ltr'><strong>accuratius</strong></span> <span class='ocrx_word' id='word_1_416' title='bbox 1065 4771 1199 4824; x_wconf 89' lang='lat' dir='ltr'><strong>istud</strong></span> <span class='ocrx_word' id='word_1_417' title='bbox 1222 4770 1602 4840; x_wconf 75' lang='lat' dir='ltr'><strong>expendamus,</strong></span> <span class='ocrx_word' id='word_1_418' title='bbox 1627 4772 1757 4826; x_wconf 92' lang='lat' dir='ltr'><strong>illud</strong></span> <span class='ocrx_word' id='word_1_419' title='bbox 1785 4773 1930 4842; x_wconf 87' lang='lat' dir='ltr'><strong>prius</strong></span> <span class='ocrx_word' id='word_1_420' title='bbox 1956 4790 2053 4843; x_wconf 83' lang='lat' dir='ltr'><strong>po-</strong></span> 
     </span>
    </p>
   </div>
   <div class='ocr_carea' id='block_1_51' title="bbox 477 4860 2051 4935">
    <p class='ocr_par' dir='ltr' id='par_1_51' title="bbox 477 4860 2051 4935">
     <span class='ocr_line' id='line_1_51' title="bbox 477 4860 2051 4935; baseline 0.003 -18"><span class='ocrx_word' id='word_1_421' title='bbox 477 4872 666 4918; x_wconf 85' lang='lat' dir='ltr'><strong>nentes</strong></span> <span class='ocrx_word' id='word_1_422' title='bbox 691 4903 702 4917; x_wconf 90' lang='lat'><strong>.</strong></span> <span class='ocrx_word' id='word_1_423' title='bbox 733 4860 872 4914; x_wconf 89' lang='lat' dir='ltr'><strong>unde</strong></span> <span class='ocrx_word' id='word_1_424' title='bbox 899 4860 949 4913; x_wconf 93' lang='lat' dir='ltr'><strong>id</strong></span> <span class='ocrx_word' id='word_1_425' title='bbox 975 4875 1033 4914; x_wconf 93' lang='lat' dir='ltr'><strong>se</strong></span> <span class='ocrx_word' id='word_1_426' title='bbox 1063 4861 1341 4917; x_wconf 90' lang='lat' dir='ltr'><strong>adstruere</strong></span> <span class='ocrx_word' id='word_1_427' title='bbox 1381 4878 1444 4916; x_wconf 89' lang='lat' dir='ltr'><strong>ac</strong></span> <span class='ocrx_word' id='word_1_428' title='bbox 1477 4864 1800 4919; x_wconf 80' lang='lat' dir='ltr'><strong>confirmare</strong></span> <span class='ocrx_word' id='word_1_429' title='bbox 1843 4874 2051 4935; x_wconf 91' lang='lat' dir='ltr'><strong>putant.</strong></span> 
     </span>
    </p>
   </div>
   <div class='ocr_carea' id='block_1_52' title="bbox 476 4952 2050 5027">
    <p class='ocr_par' dir='ltr' id='par_1_52' title="bbox 476 4952 2050 5027">
     <span class='ocr_line' id='line_1_52' title="bbox 476 4952 2050 5027; baseline 0.003 -19"><span class='ocrx_word' id='word_1_430' title='bbox 476 4955 739 5022; x_wconf 79' lang='lat' dir='ltr'><strong>Quidnam</strong></span> <span class='ocrx_word' id='word_1_431' title='bbox 766 4960 942 5006; x_wconf 88' lang='lat' dir='ltr'><strong>autem</strong></span> <span class='ocrx_word' id='word_1_432' title='bbox 975 4952 1077 5005; x_wconf 92' lang='lat' dir='ltr'><strong>hoc</strong></span> <span class='ocrx_word' id='word_1_433' title='bbox 1105 4952 1223 5006; x_wconf 81' lang='lat' dir='ltr'><strong>est?</strong></span> <span class='ocrx_word' id='word_1_434' title='bbox 1252 4953 1739 5020; x_wconf 86' lang='lat' dir='ltr'><strong>Quemadmodum,</strong></span> <span class='ocrx_word' id='word_1_435' title='bbox 1770 4956 2050 5027; x_wconf 89' lang='lat' dir='ltr'><strong>inquiunt,</strong></span> 
     </span>
    </p>
   </div>
   <div class='ocr_carea' id='block_1_53' title="bbox 477 5042 2055 5115">
    <p class='ocr_par' dir='ltr' id='par_1_53' title="bbox 477 5042 2055 5115">
     <span class='ocr_line' id='line_1_53' title="bbox 477 5042 2055 5115; baseline 0.001 -13"><span class='ocrx_word' id='word_1_436' title='bbox 477 5047 748 5115; x_wconf 77' lang='lat' dir='ltr'><strong>Scriptura</strong></span> <span class='ocrx_word' id='word_1_437' title='bbox 774 5043 920 5104; x_wconf 87' lang='lat' dir='ltr'><strong>dicit.</strong></span> <span class='ocrx_word' id='word_1_438' title='bbox 945 5042 1174 5112; x_wconf 89' lang='lat' dir='ltr'><strong>Spiritus</strong></span> <span class='ocrx_word' id='word_1_439' title='bbox 1194 5053 1271 5097; x_wconf 90' lang='lat' dir='ltr'><strong>est</strong></span> <span class='ocrx_word' id='word_1_440' title='bbox 1298 5044 1436 5098; x_wconf 88' lang='lat' dir='ltr'><strong>Deus</strong></span> <span class='ocrx_word' id='word_1_441' title='bbox 1461 5061 1473 5098; x_wconf 75' lang='grc' dir='ltr'>ι</span> <span class='ocrx_word' id='word_1_442' title='bbox 1498 5045 1686 5101; x_wconf 89' lang='lat' dir='ltr'><strong>eodem</strong></span> <span class='ocrx_word' id='word_1_443' title='bbox 1708 5047 1868 5102; x_wconf 92' lang='lat' dir='ltr'><strong>modo</strong></span> <span class='ocrx_word' id='word_1_444' title='bbox 1894 5048 2055 5104; x_wconf 88' lang='lat' dir='ltr'><strong>etiam</strong></span> 
     </span>
    </p>
   </div>
   <div class='ocr_carea' id='block_1_54' title="bbox 480 5135 2057 5211">
    <p class='ocr_par' dir='ltr' id='par_1_54' title="bbox 480 5135 2057 5211">
     <span class='ocr_line' id='line_1_54' title="bbox 480 5135 2057 5211; baseline 0.003 -20"><span class='ocrx_word' id='word_1_445' title='bbox 480 5137 584 5192; x_wconf 89' lang='lat' dir='ltr'><strong>hoc</strong></span> <span class='ocrx_word' id='word_1_446' title='bbox 608 5136 746 5198; x_wconf 85' lang='lat' dir='ltr'><strong>loco,</strong></span> <span class='ocrx_word' id='word_1_447' title='bbox 771 5135 999 5204; x_wconf 91' lang='lat' dir='ltr'><strong>Spiritus</strong></span> <span class='ocrx_word' id='word_1_448' title='bbox 1026 5135 1280 5190; x_wconf 90' lang='lat' dir='ltr'><strong>Dominus</strong></span> <span class='ocrx_word' id='word_1_449' title='bbox 1306 5145 1408 5191; x_wconf 90' lang='lat' dir='ltr'><strong>est.</strong></span> <span class='ocrx_word' id='word_1_450' title='bbox 1427 5135 1541 5191; x_wconf 84' lang='lat' dir='ltr'><strong>Non</strong></span> <span class='ocrx_word' id='word_1_451' title='bbox 1558 5140 1700 5193; x_wconf 85' lang='lat' dir='ltr'><strong>enim</strong></span> <span class='ocrx_word' id='word_1_452' title='bbox 1719 5139 1871 5202; x_wconf 79' lang='lat' dir='ltr'><strong>dixit,</strong></span> <span class='ocrx_word' id='word_1_453' title='bbox 1888 5141 2057 5211; x_wconf 68' lang='lat' dir='ltr'><strong>Spirio</strong></span> 
     </span>
    </p>
   </div>
   <div class='ocr_carea' id='block_1_55' title="bbox 481 5225 2054 5300">
    <p class='ocr_par' dir='ltr' id='par_1_55' title="bbox 481 5225 2054 5300">
     <span class='ocr_line' id='line_1_55' title="bbox 481 5225 2054 5300; baseline 0.004 -20"><span class='ocrx_word' id='word_1_454' title='bbox 481 5237 566 5280; x_wconf 88' lang='lat' dir='ltr'><strong>tus</strong></span> <span class='ocrx_word' id='word_1_455' title='bbox 594 5234 678 5278; x_wconf 86' lang='lat' dir='ltr'><strong>est</strong></span> <span class='ocrx_word' id='word_1_456' title='bbox 715 5225 986 5288; x_wconf 87' lang='lat' dir='ltr'><strong>Dominus,</strong></span> <span class='ocrx_word' id='word_1_457' title='bbox 1016 5226 1131 5289; x_wconf 88' lang='lat' dir='ltr'><strong>sed,</strong></span> <span class='ocrx_word' id='word_1_458' title='bbox 1167 5226 1423 5283; x_wconf 91' lang='lat' dir='ltr'><strong>Dominus</strong></span> <span class='ocrx_word' id='word_1_459' title='bbox 1451 5237 1533 5283; x_wconf 92' lang='lat' dir='ltr'><strong>est</strong></span> <span class='ocrx_word' id='word_1_460' title='bbox 1559 5229 1806 5300; x_wconf 90' lang='lat' dir='ltr'><strong>Spiritus.</strong></span> <span class='ocrx_word' id='word_1_461' title='bbox 1835 5232 2054 5288; x_wconf 85' lang='lat' dir='ltr'><strong>Multum</strong></span> 
     </span>
    </p>
   </div>
   <div class='ocr_carea' id='block_1_56' title="bbox 478 5315 2050 5390">
    <p class='ocr_par' dir='ltr' id='par_1_56' title="bbox 478 5315 2050 5390">
     <span class='ocr_line' id='line_1_56' title="bbox 478 5315 2050 5390; baseline 0.004 -19"><span class='ocrx_word' id='word_1_462' title='bbox 478 5331 642 5390; x_wconf 87' lang='lat' dir='ltr'><strong>porro</strong></span> <span class='ocrx_word' id='word_1_463' title='bbox 685 5315 823 5369; x_wconf 90' lang='lat' dir='ltr'><strong>inter</strong></span> <span class='ocrx_word' id='word_1_464' title='bbox 868 5317 1002 5370; x_wconf 86' lang='lat' dir='ltr'><strong>hanc</strong></span> <span class='ocrx_word' id='word_1_465' title='bbox 1044 5329 1097 5371; x_wconf 91' lang='lat' dir='ltr'><strong>et</strong></span> <span class='ocrx_word' id='word_1_466' title='bbox 1138 5318 1284 5372; x_wconf 89' lang='lat' dir='ltr'><strong>illam</strong></span> <span class='ocrx_word' id='word_1_467' title='bbox 1325 5321 1767 5389; x_wconf 86' lang='lat' dir='ltr'><strong>compositionem</strong></span> <span class='ocrx_word' id='word_1_468' title='bbox 1809 5322 2050 5378; x_wconf 85' lang='lat' dir='ltr'><strong>interest.</strong></span> 
     </span>
    </p>
   </div>
   <div class='ocr_carea' id='block_1_57' title="bbox 482 5405 2056 5480">
    <p class='ocr_par' dir='ltr' id='par_1_57' title="bbox 482 5405 2056 5480">
     <span class='ocr_line' id='line_1_57' title="bbox 482 5405 2056 5480; baseline 0.004 -19"><span class='ocrx_word' id='word_1_469' title='bbox 482 5409 611 5462; x_wconf 85' lang='lat' dir='ltr'><strong>Nam</strong></span> <span class='ocrx_word' id='word_1_470' title='bbox 632 5421 754 5461; x_wconf 94' lang='lat' dir='ltr'><strong>cum</strong></span> <span class='ocrx_word' id='word_1_471' title='bbox 784 5405 853 5458; x_wconf 89' lang='lat' dir='ltr'><strong>ita</strong></span> <span class='ocrx_word' id='word_1_472' title='bbox 882 5406 1023 5477; x_wconf 89' lang='lat' dir='ltr'><strong>loqui</strong></span> <span class='ocrx_word' id='word_1_473' title='bbox 1052 5407 1183 5472; x_wconf 93' lang='lat' dir='ltr'><strong>vult,</strong></span> <span class='ocrx_word' id='word_1_474' title='bbox 1214 5418 1269 5460; x_wconf 93' lang='lat' dir='ltr'><strong>ut</strong></span> <span class='ocrx_word' id='word_1_475' title='bbox 1293 5415 1349 5463; x_wconf 92' lang='lat' dir='ltr'><strong>tu</strong></span> <span class='ocrx_word' id='word_1_476' title='bbox 1373 5410 1474 5471; x_wconf 85' lang='lat' dir='ltr'><strong>ais,</strong></span> <span class='ocrx_word' id='word_1_477' title='bbox 1497 5411 1755 5480; x_wconf 82' lang='lat' dir='ltr'><strong>adjective</strong></span> <span class='ocrx_word' id='word_1_478' title='bbox 1775 5413 2056 5468; x_wconf 87' lang='lat' dir='ltr'><strong>articulum</strong></span> 
     </span>
    </p>
   </div>
   <div class='ocr_carea' id='block_1_58' title="bbox 482 5497 2058 5574">
    <p class='ocr_par' dir='ltr' id='par_1_58' title="bbox 482 5497 2058 5574">
     <span class='ocr_line' id='line_1_58' title="bbox 482 5497 2058 5574; baseline 0.003 -19"><span class='ocrx_word' id='word_1_479' title='bbox 482 5517 587 5556; x_wconf 91' lang='lat' dir='ltr'><strong>non</strong></span> <span class='ocrx_word' id='word_1_480' title='bbox 632 5497 798 5552; x_wconf 88' lang='lat' dir='ltr'><strong>addit.</strong></span> <span class='ocrx_word' id='word_1_481' title='bbox 837 5497 973 5564; x_wconf 92' lang='lat' dir='ltr'><strong>Quin</strong></span> <span class='ocrx_word' id='word_1_482' title='bbox 1015 5499 1171 5553; x_wconf 87' lang='lat' dir='ltr'><strong>aliter</strong></span> <span class='ocrx_word' id='word_1_483' title='bbox 1214 5499 1375 5554; x_wconf 90' lang='lat' dir='ltr'><strong>etiam</strong></span> <span class='ocrx_word' id='word_1_484' title='bbox 1411 5503 1588 5557; x_wconf 85' lang='lat' dir='ltr'><strong>omnia</strong></span> <span class='ocrx_word' id='word_1_485' title='bbox 1625 5519 1723 5568; x_wconf 91' lang='lat' dir='ltr'><strong>ea,</strong></span> <span class='ocrx_word' id='word_1_486' title='bbox 1751 5520 1870 5574; x_wconf 63' lang='lat' dir='ltr'><strong>quae</strong></span> <span class='ocrx_word' id='word_1_487' title='bbox 1899 5519 2058 5574; x_wconf 87' lang='lat' dir='ltr'><strong>supra</strong></span> 
     </span>
    </p>
   </div>
   <div class='ocr_carea' id='block_1_59' title="bbox 480 5589 2054 5660">
    <p class='ocr_par' dir='ltr' id='par_1_59' title="bbox 480 5589 2054 5660">
     <span class='ocr_line' id='line_1_59' title="bbox 480 5589 2054 5660; baseline 0.006 -17"><span class='ocrx_word' id='word_1_488' title='bbox 480 5600 896 5646; x_wconf 80' lang='lat' dir='ltr'><strong>commemorata</strong></span> <span class='ocrx_word' id='word_1_489' title='bbox 935 5597 1098 5654; x_wconf 89' lang='lat' dir='ltr'><strong>sunt,</strong></span> <span class='ocrx_word' id='word_1_490' title='bbox 1126 5589 1194 5644; x_wconf 90' lang='lat' dir='ltr'><strong>de</strong></span> <span class='ocrx_word' id='word_1_491' title='bbox 1219 5606 1446 5660; x_wconf 88' lang='lat' dir='ltr'><strong>quonam</strong></span> <span class='ocrx_word' id='word_1_492' title='bbox 1475 5592 1706 5660; x_wconf 73' lang='lat' dir='ltr'><strong>dixerit,</strong></span> <span class='ocrx_word' id='word_1_493' title='bbox 1737 5596 2010 5651; x_wconf 88' lang='lat' dir='ltr'><strong>videamus</strong></span> <span class='ocrx_word' id='word_1_494' title='bbox 2040 5613 2054 5652; x_wconf 93' lang='lat'>:</span> 
     </span>
    </p>
   </div>
   <div class='ocr_carea' id='block_1_60' title="bbox 481 5679 2058 5754">
    <p class='ocr_par' dir='ltr' id='par_1_60' title="bbox 481 5679 2058 5754">
     <span class='ocr_line' id='line_1_60' title="bbox 481 5679 2058 5754; baseline 0.005 -19"><span class='ocrx_word' id='word_1_495' title='bbox 481 5679 625 5738; x_wconf 84' lang='lat' dir='ltr'><strong>velut</strong></span> <span class='ocrx_word' id='word_1_496' title='bbox 649 5697 769 5737; x_wconf 91' lang='lat' dir='ltr'><strong>cum</strong></span> <span class='ocrx_word' id='word_1_497' title='bbox 798 5682 1024 5749; x_wconf 84' lang='lat' dir='ltr'><strong>dicebat,</strong></span> <span class='ocrx_word' id='word_1_498' title='bbox 1057 5680 1228 5737; x_wconf 75' lang='lat' dir='ltr'><strong>Litora</strong></span> <span class='ocrx_word' id='word_1_499' title='bbox 1257 5683 1459 5754; x_wconf 84' lang='lat' dir='ltr'><strong>occidit,</strong></span> <span class='ocrx_word' id='word_1_500' title='bbox 1485 5683 1708 5754; x_wconf 79' lang='lat' dir='ltr'><strong>Spiritus</strong></span> <span class='ocrx_word' id='word_1_501' title='bbox 1737 5699 1901 5743; x_wconf 87' lang='lat' dir='ltr'><strong>autem</strong></span> <span class='ocrx_word' id='word_1_502' title='bbox 1933 5689 2058 5743; x_wconf 83' lang='lat' dir='ltr'><strong>vivi-</strong></span> 
     </span>
    </p>
   </div>
   <div class='ocr_carea' id='block_1_61' title="bbox 517 5781 561 5807">
    <p class='ocr_par' dir='ltr' id='par_1_61' title="bbox 517 5781 561 5807">
     <span class='ocr_line' id='line_1_61' title="bbox 517 5781 561 5807; baseline 0 0"><span class='ocrx_word' id='word_1_503' title='bbox 517 5781 561 5807; x_wconf 64' lang='grc' dir='ltr'><strong>ιι</strong></span> 
     </span>
    </p>
   </div>
   <div class='ocr_carea' id='block_1_62' title="bbox 1194 267 2999 346">
    <p class='ocr_par' dir='ltr' id='par_1_62' title="bbox 1194 267 2999 346">
     <span class='ocr_line' id='line_1_62' title="bbox 1194 267 2999 346; baseline -0.01 -1"><span class='ocrx_word' id='word_1_504' title='bbox 1194 289 1251 346; x_wconf 78' lang='lat' dir='ltr'><strong>S.</strong></span> <span class='ocrx_word' id='word_1_505' title='bbox 1291 282 1570 343; x_wconf 75' lang='lat' dir='ltr'><strong>JOANNIS</strong></span> <span class='ocrx_word' id='word_1_506' title='bbox 1604 267 2076 335; x_wconf 74' lang='lat' dir='ltr'><strong>CllRYSOSTOMI</strong></span> <span class='ocrx_word' id='word_1_507' title='bbox 2112 269 2428 326; x_wconf 79' lang='lat' dir='ltr'><strong>ARCHIEP.</strong></span> <span class='ocrx_word' id='word_1_508' title='bbox 2467 269 2999 330; x_wconf 79' lang='lat' dir='ltr'><strong>CONSTANTINOP.</strong></span> 
     </span>
    </p>
   </div>
   <div class='ocr_carea' id='block_1_63' title="bbox 3567 279 3732 336">
    <p class='ocr_par' dir='ltr' id='par_1_63' title="bbox 3567 279 3732 336">
     <span class='ocr_line' id='line_1_63' title="bbox 3567 279 3732 336; baseline 0.012 -2"><span class='ocrx_word' id='word_1_509' title='bbox 3567 279 3732 336; x_wconf 67' lang='grc'><strong>«668</strong></span> 
     </span>
    </p>
   </div>
   <div class='ocr_carea' id='block_1_64' title="bbox 2095 387 3736 464">
    <p class='ocr_par' dir='ltr' id='par_1_64' title="bbox 2095 387 3736 464">
     <span class='ocr_line' id='line_1_64' title="bbox 2095 387 3736 464; baseline 0.005 -24"><span class='ocrx_word' id='word_1_510' title='bbox 2095 387 2255 456; x_wconf 82' lang='lat' dir='ltr'><strong>ﬁcat;</strong></span> <span class='ocrx_word' id='word_1_511' title='bbox 2281 403 2342 443; x_wconf 87' lang='lat' dir='ltr'><strong>ac</strong></span> <span class='ocrx_word' id='word_1_512' title='bbox 2366 403 2554 444; x_wconf 86' lang='lat' dir='ltr'><strong>rursus</strong></span> <span class='ocrx_word' id='word_1_513' title='bbox 2573 430 2588 454; x_wconf 90' lang='lat'><strong>,</strong></span> <span class='ocrx_word' id='word_1_514' title='bbox 2617 388 2824 460; x_wconf 81' lang='lat' dir='ltr'><strong>Scripta</strong></span> <span class='ocrx_word' id='word_1_515' title='bbox 2857 407 2961 445; x_wconf 87' lang='lat' dir='ltr'><strong>non</strong></span> <span class='ocrx_word' id='word_1_516' title='bbox 3000 398 3280 445; x_wconf 80' lang='lat' dir='ltr'><strong>atramento</strong></span> <span class='ocrx_word' id='word_1_517' title='bbox 3301 432 3317 457; x_wconf 93' lang='lat'><strong>,</strong></span> <span class='ocrx_word' id='word_1_518' title='bbox 3352 393 3444 448; x_wconf 84' lang='lat' dir='ltr'><strong>sed</strong></span> <span class='ocrx_word' id='word_1_519' title='bbox 3477 393 3736 464; x_wconf 71' lang='lat' dir='ltr'><strong>Spir-im</strong></span> 
     </span>
    </p>
   </div>
   <div class='ocr_carea' id='block_1_65' title="bbox 2094 476 3733 556">
    <p class='ocr_par' dir='ltr' id='par_1_65' title="bbox 2094 476 3733 556">
     <span class='ocr_line' id='line_1_65' title="bbox 2094 476 3733 556; baseline 0.005 -24"><span class='ocrx_word' id='word_1_520' title='bbox 2094 476 2192 532; x_wconf 84' lang='lat' dir='ltr'><strong>Dei</strong></span> <span class='ocrx_word' id='word_1_521' title='bbox 2231 479 2440 532; x_wconf 75' lang='lat' dir='ltr'><strong>uiuentis</strong></span> <span class='ocrx_word' id='word_1_522' title='bbox 2469 494 2488 532; x_wconf 90' lang='lat'><strong><em>:</em></strong></span> <span class='ocrx_word' id='word_1_523' title='bbox 2517 488 2695 534; x_wconf 90' lang='lat' dir='ltr'><strong>utrum</strong></span> <span class='ocrx_word' id='word_1_524' title='bbox 2727 480 2795 536; x_wconf 89' lang='lat' dir='ltr'><strong>de</strong></span> <span class='ocrx_word' id='word_1_525' title='bbox 2833 480 2972 536; x_wconf 85' lang='lat' dir='ltr'><strong>Filio</strong></span> <span class='ocrx_word' id='word_1_526' title='bbox 3009 496 3076 535; x_wconf 90' lang='lat' dir='ltr'><strong>an</strong></span> <span class='ocrx_word' id='word_1_527' title='bbox 3116 481 3184 536; x_wconf 93' lang='lat' dir='ltr'><strong>de</strong></span> <span class='ocrx_word' id='word_1_528' title='bbox 3221 481 3420 550; x_wconf 84' lang='lat' dir='ltr'><strong>Spiritu</strong></span> <span class='ocrx_word' id='word_1_529' title='bbox 3436 485 3463 536; x_wconf 60' lang='lat' dir='ltr'><strong>&#39;l&#39;</strong></span> <span class='ocrx_word' id='word_1_530' title='bbox 3489 483 3733 556; x_wconf 71' lang='lat' dir='ltr'><strong>Liquet</strong></span> 
     </span>
    </p>
   </div>
   <div class='ocr_carea' id='block_1_66' title="bbox 2093 569 3735 642">
    <p class='ocr_par' dir='ltr' id='par_1_66' title="bbox 2093 569 3735 642">
     <span class='ocr_line' id='line_1_66' title="bbox 2093 569 3735 642; baseline 0.005 -20"><span class='ocrx_word' id='word_1_531' title='bbox 2093 569 2334 642; x_wconf 86' lang='lat' dir='ltr'><strong>profecto</strong></span> <span class='ocrx_word' id='word_1_532' title='bbox 2361 569 2504 638; x_wconf 92' lang='lat' dir='ltr'><strong>quod</strong></span> <span class='ocrx_word' id='word_1_533' title='bbox 2530 569 2599 626; x_wconf 92' lang='lat' dir='ltr'><strong>de</strong></span> <span class='ocrx_word' id='word_1_534' title='bbox 2625 569 2824 641; x_wconf 86' lang='lat' dir='ltr'><strong>Spiritu</strong></span> <span class='ocrx_word' id='word_1_535' title='bbox 2858 589 2871 626; x_wconf 91' lang='lat'><strong>:</strong></span> <span class='ocrx_word' id='word_1_536' title='bbox 2901 571 2970 627; x_wconf 90' lang='lat' dir='ltr'><strong>ad</strong></span> <span class='ocrx_word' id='word_1_537' title='bbox 3007 587 3131 626; x_wconf 89' lang='lat' dir='ltr'><strong>eum</strong></span> <span class='ocrx_word' id='word_1_538' title='bbox 3169 574 3310 627; x_wconf 90' lang='lat' dir='ltr'><strong>enim</strong></span> <span class='ocrx_word' id='word_1_539' title='bbox 3346 589 3378 628; x_wconf 91' lang='lat' dir='ltr'><strong>a</strong></span> <span class='ocrx_word' id='word_1_540' title='bbox 3406 575 3557 631; x_wconf 87' lang='lat' dir='ltr'><strong>litera</strong></span> <span class='ocrx_word' id='word_1_541' title='bbox 3593 590 3735 631; x_wconf 78' lang='lat' dir='ltr'><strong>eos</strong></span> 
     </span>
    </p>
   </div>
   <div class='ocr_carea' id='block_1_67' title="bbox 2097 659 3726 731">
    <p class='ocr_par' dir='ltr' id='par_1_67' title="bbox 2097 659 3726 731">
     <span class='ocr_line' id='line_1_67' title="bbox 2097 659 3726 731; baseline 0.006 -19"><span class='ocrx_word' id='word_1_542' title='bbox 2097 659 2340 714; x_wconf 87' lang='lat' dir='ltr'><strong>vocabat.</strong></span> <span class='ocrx_word' id='word_1_543' title='bbox 2377 660 2587 715; x_wconf 90' lang='lat' dir='ltr'><strong>Etenim</strong></span> <span class='ocrx_word' id='word_1_544' title='bbox 2636 677 2702 716; x_wconf 90' lang='lat' dir='ltr'><strong>ne</strong></span> <span class='ocrx_word' id='word_1_545' title='bbox 2745 663 2863 731; x_wconf 90' lang='lat' dir='ltr'><strong>quis</strong></span> <span class='ocrx_word' id='word_1_546' title='bbox 2889 704 2902 724; x_wconf 92' lang='lat'><strong>,</strong></span> <span class='ocrx_word' id='word_1_547' title='bbox 2934 677 3054 717; x_wconf 91' lang='lat' dir='ltr'><strong>cum</strong></span> <span class='ocrx_word' id='word_1_548' title='bbox 3098 662 3331 730; x_wconf 82' lang='lat' dir='ltr'><strong>Spiritus</strong></span> <span class='ocrx_word' id='word_1_549' title='bbox 3365 666 3726 722; x_wconf 85' lang='lat' dir='ltr'><strong>vocabulum</strong></span> 
     </span>
    </p>
   </div>
   <div class='ocr_carea' id='block_1_68' title="bbox 2097 748 3732 824">
    <p class='ocr_par' dir='ltr' id='par_1_68' title="bbox 2097 748 3732 824">
     <span class='ocr_line' id='line_1_68' title="bbox 2097 748 3732 824; baseline 0.006 -21"><span class='ocrx_word' id='word_1_550' title='bbox 2097 748 2414 816; x_wconf 90' lang='lat' dir='ltr'><strong>audivisset,</strong></span> <span class='ocrx_word' id='word_1_551' title='bbox 2446 766 2510 806; x_wconf 91' lang='lat' dir='ltr'><strong>ac</strong></span> <span class='ocrx_word' id='word_1_552' title='bbox 2538 751 2732 806; x_wconf 92' lang='lat' dir='ltr'><strong>deinde</strong></span> <span class='ocrx_word' id='word_1_553' title='bbox 2759 753 2859 807; x_wconf 90' lang='lat' dir='ltr'><strong>hoc</strong></span> <span class='ocrx_word' id='word_1_554' title='bbox 2888 767 3071 808; x_wconf 84' lang='lat' dir='ltr'><strong>secum</strong></span> <span class='ocrx_word' id='word_1_555' title='bbox 3111 765 3386 824; x_wconf 88' lang='lat' dir='ltr'><strong>reputans,</strong></span> <span class='ocrx_word' id='word_1_556' title='bbox 3416 757 3472 810; x_wconf 94' lang='lat' dir='ltr'><strong>Si</strong></span> <span class='ocrx_word' id='word_1_557' title='bbox 3508 757 3732 812; x_wconf 71' lang='lat' dir='ltr'><strong>Moses</strong></span> 
     </span>
    </p>
   </div>
   <div class='ocr_carea' id='block_1_69' title="bbox 2098 841 3727 916">
    <p class='ocr_par' dir='ltr' id='par_1_69' title="bbox 2098 841 3727 916">
     <span class='ocr_line' id='line_1_69' title="bbox 2098 841 3727 916; baseline 0.006 -23"><span class='ocrx_word' id='word_1_558' title='bbox 2098 841 2164 894; x_wconf 84' lang='lat' dir='ltr'><strong>ad</strong></span> <span class='ocrx_word' id='word_1_559' title='bbox 2201 841 2476 896; x_wconf 88' lang='lat' dir='ltr'><strong>Dominum</strong></span> <span class='ocrx_word' id='word_1_560' title='bbox 2507 857 2798 898; x_wconf 82' lang='lat' dir='ltr'><strong>conversus</strong></span> <span class='ocrx_word' id='word_1_561' title='bbox 2829 844 3013 909; x_wconf 87' lang='lat' dir='ltr'><strong>fuerit,</strong></span> <span class='ocrx_word' id='word_1_562' title='bbox 3041 845 3159 914; x_wconf 84' lang='lat' dir='ltr'><strong>ipse</strong></span> <span class='ocrx_word' id='word_1_563' title='bbox 3189 857 3366 900; x_wconf 84' lang='lat' dir='ltr'><strong>autem</strong></span> <span class='ocrx_word' id='word_1_564' title='bbox 3401 846 3468 902; x_wconf 82' lang='lat' dir='ltr'><strong>ad</strong></span> <span class='ocrx_word' id='word_1_565' title='bbox 3507 847 3727 916; x_wconf 80' lang='lat' dir='ltr'><strong>Spiri-</strong></span> 
     </span>
    </p>
   </div>
   <div class='ocr_carea' id='block_1_70' title="bbox 2103 933 3726 998">
    <p class='ocr_par' dir='ltr' id='par_1_70' title="bbox 2103 933 3726 998">
     <span class='ocr_line' id='line_1_70' title="bbox 2103 933 3726 998; baseline 0.002 -10"><span class='ocrx_word' id='word_1_566' title='bbox 2103 941 2214 988; x_wconf 92' lang='lat' dir='ltr'><strong>tum</strong></span> <span class='ocrx_word' id='word_1_567' title='bbox 2238 975 2253 998; x_wconf 91' lang='lat'><strong>,</strong></span> <span class='ocrx_word' id='word_1_568' title='bbox 2286 933 2537 988; x_wconf 87' lang='lat' dir='ltr'><strong>inferiore</strong></span> <span class='ocrx_word' id='word_1_569' title='bbox 2577 935 2880 989; x_wconf 86' lang='lat' dir='ltr'><strong>conditione</strong></span> <span class='ocrx_word' id='word_1_570' title='bbox 2918 950 3038 991; x_wconf 89' lang='lat' dir='ltr'><strong>esse</strong></span> <span class='ocrx_word' id='word_1_571' title='bbox 3067 936 3416 992; x_wconf 87' lang='lat' dir='ltr'><strong>arbitraretur</strong></span> <span class='ocrx_word' id='word_1_572' title='bbox 3449 955 3461 990; x_wconf 93' lang='lat'>:</span> <span class='ocrx_word' id='word_1_573' title='bbox 3494 949 3550 992; x_wconf 91' lang='lat' dir='ltr'><strong>ut</strong></span> <span class='ocrx_word' id='word_1_574' title='bbox 3587 941 3726 992; x_wconf 72' lang='lat' dir='ltr'><strong>liu-</strong></span> 
     </span>
    </p>
   </div>
   <div class='ocr_carea' id='block_1_71' title="bbox 2099 1025 3719 1100">
    <p class='ocr_par' dir='ltr' id='par_1_71' title="bbox 2099 1025 3719 1100">
     <span class='ocr_line' id='line_1_71' title="bbox 2099 1025 3719 1100; baseline 0.006 -23"><span class='ocrx_word' id='word_1_575' title='bbox 2099 1025 2332 1095; x_wconf 83' lang='lat' dir='ltr'><strong>jusmodi</strong></span> <span class='ocrx_word' id='word_1_576' title='bbox 2375 1027 2664 1094; x_wconf 91' lang='lat' dir='ltr'><strong>suspicioni</strong></span> <span class='ocrx_word' id='word_1_577' title='bbox 2697 1027 3005 1100; x_wconf 80' lang='lat' dir='ltr'><strong>medeatur,</strong></span> <span class='ocrx_word' id='word_1_578' title='bbox 3038 1028 3120 1082; x_wconf 88' lang='lat' dir='ltr'><strong>his</strong></span> <span class='ocrx_word' id='word_1_579' title='bbox 3151 1029 3326 1084; x_wconf 83' lang='lat' dir='ltr'><strong>verbis</strong></span> <span class='ocrx_word' id='word_1_580' title='bbox 3355 1031 3520 1086; x_wconf 90' lang='lat' dir='ltr'><strong>utitur</strong></span> <span class='ocrx_word' id='word_1_581' title='bbox 3548 1049 3564 1083; x_wconf 87' lang='lat'><strong>:</strong></span> <span class='ocrx_word' id='word_1_582' title='bbox 3604 1032 3719 1086; x_wconf 83' lang='grc'><strong>17.</strong></span> 
     </span>
    </p>
   </div>
   <div class='ocr_carea' id='block_1_72' title="bbox 2107 1116 3729 1190">
    <p class='ocr_par' dir='ltr' id='par_1_72' title="bbox 2107 1116 3729 1190">
     <span class='ocr_line' id='line_1_72' title="bbox 2107 1116 3729 1190; baseline 0.007 -24"><span class='ocrx_word' id='word_1_583' title='bbox 2107 1116 2352 1170; x_wconf 85' lang='lat' dir='ltr'><strong>Dominus</strong></span> <span class='ocrx_word' id='word_1_584' title='bbox 2394 1126 2563 1169; x_wconf 84' lang='lat' dir='ltr'><strong>autem</strong></span> <span class='ocrx_word' id='word_1_585' title='bbox 2609 1116 2835 1186; x_wconf 76' lang='lat' dir='ltr'><strong>Spiritus</strong></span> <span class='ocrx_word' id='word_1_586' title='bbox 2875 1126 2964 1170; x_wconf 84' lang='lat' dir='ltr'><strong>est.</strong></span> <span class='ocrx_word' id='word_1_587' title='bbox 3017 1117 3131 1173; x_wconf 85' lang='lat' dir='ltr'><strong>Hoc</strong></span> <span class='ocrx_word' id='word_1_588' title='bbox 3169 1128 3285 1184; x_wconf 82' lang='lat' dir='ltr'><strong>est,</strong></span> <span class='ocrx_word' id='word_1_589' title='bbox 3319 1119 3437 1186; x_wconf 87' lang='lat' dir='ltr'><strong>Ipse</strong></span> <span class='ocrx_word' id='word_1_590' title='bbox 3476 1136 3729 1190; x_wconf 74' lang='lat' dir='ltr'><strong>quoque</strong></span> 
     </span>
    </p>
   </div>
   <div class='ocr_carea' id='block_1_73' title="bbox 2109 1205 3730 1279">
    <p class='ocr_par' dir='ltr' id='par_1_73' title="bbox 2109 1205 3730 1279">
     <span class='ocr_line' id='line_1_73' title="bbox 2109 1205 3730 1279; baseline 0.006 -22"><span class='ocrx_word' id='word_1_591' title='bbox 2109 1205 2361 1260; x_wconf 86' lang='lat' dir='ltr'><strong>Dominus</strong></span> <span class='ocrx_word' id='word_1_592' title='bbox 2405 1217 2507 1261; x_wconf 92' lang='lat' dir='ltr'><strong>est.</strong></span> <span class='ocrx_word' id='word_1_593' title='bbox 2549 1208 2723 1278; x_wconf 87' lang='lat' dir='ltr'><strong>Atque</strong></span> <span class='ocrx_word' id='word_1_594' title='bbox 2763 1216 2818 1261; x_wconf 94' lang='lat' dir='ltr'><strong>ut</strong></span> <span class='ocrx_word' id='word_1_595' title='bbox 2864 1209 3126 1277; x_wconf 86' lang='lat' dir='ltr'><strong>intelligas</strong></span> <span class='ocrx_word' id='word_1_596' title='bbox 3167 1210 3266 1279; x_wconf 91' lang='lat' dir='ltr'><strong>ipsi</strong></span> <span class='ocrx_word' id='word_1_597' title='bbox 3305 1210 3372 1265; x_wconf 91' lang='lat' dir='ltr'><strong>de</strong></span> <span class='ocrx_word' id='word_1_598' title='bbox 3415 1211 3730 1267; x_wconf 82' lang='lat' dir='ltr'><strong>Paracleto</strong></span> 
     </span>
    </p>
   </div>
   <div class='ocr_carea' id='block_1_74' title="bbox 2107 1300 3730 1373">
    <p class='ocr_par' dir='ltr' id='par_1_74' title="bbox 2107 1300 3730 1373">
     <span class='ocr_line' id='line_1_74' title="bbox 2107 1300 3730 1373; baseline 0.005 -23"><span class='ocrx_word' id='word_1_599' title='bbox 2107 1311 2409 1352; x_wconf 87' lang='lat' dir='ltr'><strong>sermonem</strong></span> <span class='ocrx_word' id='word_1_600' title='bbox 2441 1313 2588 1364; x_wconf 89' lang='lat' dir='ltr'><strong>esse,</strong></span> <span class='ocrx_word' id='word_1_601' title='bbox 2627 1300 2927 1368; x_wconf 86' lang='lat' dir='ltr'><strong>subjnnxit,</strong></span> <span class='ocrx_word' id='word_1_602' title='bbox 2968 1300 3071 1355; x_wconf 85' lang='lat' dir='ltr'><strong>Ubi</strong></span> <span class='ocrx_word' id='word_1_603' title='bbox 3106 1311 3272 1355; x_wconf 85' lang='lat' dir='ltr'><strong>autem</strong></span> <span class='ocrx_word' id='word_1_604' title='bbox 3315 1302 3543 1373; x_wconf 85' lang='lat' dir='ltr'><strong>Spiritus</strong></span> <span class='ocrx_word' id='word_1_605' title='bbox 3591 1304 3730 1359; x_wconf 84' lang='lat' dir='ltr'><strong>Do-</strong></span> 
     </span>
    </p>
   </div>
   <div class='ocr_carea' id='block_1_75' title="bbox 2108 1389 3733 1466">
    <p class='ocr_par' dir='ltr' id='par_1_75' title="bbox 2108 1389 3733 1466">
     <span class='ocr_line' id='line_1_75' title="bbox 2108 1389 3733 1466; baseline 0.006 -26"><span class='ocrx_word' id='word_1_606' title='bbox 2108 1389 2252 1453; x_wconf 90' lang='lat' dir='ltr'><strong>mini,</strong></span> <span class='ocrx_word' id='word_1_607' title='bbox 2277 1389 2348 1441; x_wconf 87' lang='lat' dir='ltr'><strong>ibi</strong></span> <span class='ocrx_word' id='word_1_608' title='bbox 2383 1390 2606 1444; x_wconf 86' lang='lat' dir='ltr'><strong>libertas.</strong></span> <span class='ocrx_word' id='word_1_609' title='bbox 2637 1391 2821 1460; x_wconf 86' lang='lat' dir='ltr'><strong>Neque</strong></span> <span class='ocrx_word' id='word_1_610' title='bbox 2845 1391 2988 1446; x_wconf 90' lang='lat' dir='ltr'><strong>enim</strong></span> <span class='ocrx_word' id='word_1_611' title='bbox 3011 1392 3232 1457; x_wconf 73' lang='lat' dir='ltr'><strong>dixeris,</strong></span> <span class='ocrx_word' id='word_1_612' title='bbox 3260 1409 3380 1448; x_wconf 89' lang='lat' dir='ltr'><strong>eum</strong></span> <span class='ocrx_word' id='word_1_613' title='bbox 3410 1395 3478 1447; x_wconf 85' lang='lat' dir='ltr'><strong>ita</strong></span> <span class='ocrx_word' id='word_1_614' title='bbox 3506 1397 3733 1466; x_wconf 79' lang='lat' dir='ltr'><strong>loquu-</strong></span> 
     </span>
    </p>
   </div>
   <div class='ocr_carea' id='block_1_76' title="bbox 2113 1481 3725 1546">
    <p class='ocr_par' dir='ltr' id='par_1_76' title="bbox 2113 1481 3725 1546">
     <span class='ocr_line' id='line_1_76' title="bbox 2113 1481 3725 1546; baseline 0.003 -9"><span class='ocrx_word' id='word_1_615' title='bbox 2113 1492 2223 1537; x_wconf 92' lang='lat' dir='ltr'><strong>tum</strong></span> <span class='ocrx_word' id='word_1_616' title='bbox 2251 1481 2416 1538; x_wconf 89' lang='lat' dir='ltr'><strong>fuisse</strong></span> <span class='ocrx_word' id='word_1_617' title='bbox 2445 1500 2456 1534; x_wconf 94' lang='lat'>:</span> <span class='ocrx_word' id='word_1_618' title='bbox 2488 1482 2586 1538; x_wconf 89' lang='lat' dir='ltr'><strong>Ubi</strong></span> <span class='ocrx_word' id='word_1_619' title='bbox 2614 1493 2790 1537; x_wconf 89' lang='lat' dir='ltr'><strong>autem</strong></span> <span class='ocrx_word' id='word_1_620' title='bbox 2822 1483 3080 1539; x_wconf 90' lang='lat' dir='ltr'><strong>Dominus</strong></span> <span class='ocrx_word' id='word_1_621' title='bbox 3112 1485 3340 1546; x_wconf 85' lang='lat' dir='ltr'><strong>Domini.</strong></span> <span class='ocrx_word' id='word_1_622' title='bbox 3363 1485 3725 1542; x_wconf 80' lang='lat' dir='ltr'><strong>Libertatem</strong></span> 
     </span>
    </p>
   </div>
   <div class='ocr_carea' id='block_1_77' title="bbox 2112 1572 3727 1643">
    <p class='ocr_par' dir='ltr' id='par_1_77' title="bbox 2112 1572 3727 1643">
     <span class='ocr_line' id='line_1_77' title="bbox 2112 1572 3727 1643; baseline 0.002 -15"><span class='ocrx_word' id='word_1_623' title='bbox 2112 1582 2288 1628; x_wconf 89' lang='lat' dir='ltr'><strong>autem</strong></span> <span class='ocrx_word' id='word_1_624' title='bbox 2319 1572 2491 1638; x_wconf 79' lang='lat' dir='ltr'><strong>dixit,</strong></span> <span class='ocrx_word' id='word_1_625' title='bbox 2523 1573 2700 1627; x_wconf 87' lang='lat' dir='ltr'><strong>habita</strong></span> <span class='ocrx_word' id='word_1_626' title='bbox 2736 1574 2942 1629; x_wconf 89' lang='lat' dir='ltr'><strong>ratione</strong></span> <span class='ocrx_word' id='word_1_627' title='bbox 2982 1574 3222 1643; x_wconf 76' lang='lat' dir='ltr'><strong>pristinae</strong></span> <span class='ocrx_word' id='word_1_628' title='bbox 3262 1575 3552 1631; x_wconf 86' lang='lat' dir='ltr'><strong>servitutis.</strong></span> <span class='ocrx_word' id='word_1_629' title='bbox 3593 1577 3727 1632; x_wconf 85' lang='lat' dir='ltr'><strong>De-</strong></span> 
     </span>
    </p>
   </div>
   <div class='ocr_carea' id='block_1_78' title="bbox 2115 1663 3722 1734">
    <p class='ocr_par' dir='ltr' id='par_1_78' title="bbox 2115 1663 3722 1734">
     <span class='ocr_line' id='line_1_78' title="bbox 2115 1663 3722 1734; baseline 0.002 -16"><span class='ocrx_word' id='word_1_630' title='bbox 2115 1664 2258 1727; x_wconf 88' lang='lat' dir='ltr'><strong>inde,</strong></span> <span class='ocrx_word' id='word_1_631' title='bbox 2286 1679 2354 1719; x_wconf 91' lang='lat' dir='ltr'><strong>ne</strong></span> <span class='ocrx_word' id='word_1_632' title='bbox 2382 1679 2504 1718; x_wconf 91' lang='lat' dir='ltr'><strong>eum</strong></span> <span class='ocrx_word' id='word_1_633' title='bbox 2531 1663 2598 1718; x_wconf 92' lang='lat' dir='ltr'><strong>de</strong></span> <span class='ocrx_word' id='word_1_634' title='bbox 2623 1663 2796 1718; x_wconf 84' lang='lat' dir='ltr'><strong>futuro</strong></span> <span class='ocrx_word' id='word_1_635' title='bbox 2824 1672 3064 1733; x_wconf 89' lang='lat' dir='ltr'><strong>tempore</strong></span> <span class='ocrx_word' id='word_1_636' title='bbox 3089 1664 3231 1734; x_wconf 93' lang='lat' dir='ltr'><strong>loqui</strong></span> <span class='ocrx_word' id='word_1_637' title='bbox 3261 1672 3436 1734; x_wconf 91' lang='lat' dir='ltr'><strong>putes,</strong></span> <span class='ocrx_word' id='word_1_638' title='bbox 3466 1666 3538 1718; x_wconf 85' lang='lat' dir='ltr'><strong>ait</strong></span> <span class='ocrx_word' id='word_1_639' title='bbox 3564 1683 3579 1719; x_wconf 91' lang='lat'><strong>:</strong></span> <span class='ocrx_word' id='word_1_640' title='bbox 3614 1667 3722 1721; x_wconf 82' lang='grc'><strong>18.</strong></span> 
     </span>
    </p>
   </div>
   <div class='ocr_carea' id='block_1_79' title="bbox 2117 1753 3730 1826">
    <p class='ocr_par' dir='ltr' id='par_1_79' title="bbox 2117 1753 3730 1826">
     <span class='ocr_line' id='line_1_79' title="bbox 2117 1753 3730 1826; baseline 0.001 -17"><span class='ocrx_word' id='word_1_641' title='bbox 2117 1753 2228 1809; x_wconf 87' lang='lat' dir='ltr'><strong>Nos</strong></span> <span class='ocrx_word' id='word_1_642' title='bbox 2254 1764 2418 1808; x_wconf 87' lang='lat' dir='ltr'><strong>autem</strong></span> <span class='ocrx_word' id='word_1_643' title='bbox 2443 1770 2613 1809; x_wconf 87' lang='lat' dir='ltr'><strong>omnes</strong></span> <span class='ocrx_word' id='word_1_644' title='bbox 2639 1754 2856 1808; x_wconf 76' lang='lat' dir='ltr'><strong>revelata</strong></span> <span class='ocrx_word' id='word_1_645' title='bbox 2883 1755 3014 1826; x_wconf 86' lang='lat' dir='ltr'><strong>facie</strong></span> <span class='ocrx_word' id='word_1_646' title='bbox 3045 1755 3261 1826; x_wconf 82' lang='lat' dir='ltr'><strong>gloriam</strong></span> <span class='ocrx_word' id='word_1_647' title='bbox 3286 1755 3496 1810; x_wconf 81' lang='lat' dir='ltr'><strong>Domini</strong></span> <span class='ocrx_word' id='word_1_648' title='bbox 3518 1773 3730 1824; x_wconf 76' lang='lat' dir='ltr'><strong>specu-</strong></span> 
     </span>
    </p>
   </div>
   <div class='ocr_carea' id='block_1_80' title="bbox 2119 1843 3725 1918">
    <p class='ocr_par' dir='ltr' id='par_1_80' title="bbox 2119 1843 3725 1918">
     <span class='ocr_line' id='line_1_80' title="bbox 2119 1843 3725 1918; baseline 0.004 -21"><span class='ocrx_word' id='word_1_649' title='bbox 2119 1843 2319 1909; x_wconf 86' lang='lat' dir='ltr'><strong>lantes;</strong></span> <span class='ocrx_word' id='word_1_650' title='bbox 2351 1859 2458 1898; x_wconf 87' lang='lat' dir='ltr'><strong>non</strong></span> <span class='ocrx_word' id='word_1_651' title='bbox 2498 1844 2642 1898; x_wconf 90' lang='lat' dir='ltr'><strong>illam</strong></span> <span class='ocrx_word' id='word_1_652' title='bbox 2665 1885 2684 1911; x_wconf 93' lang='lat'><strong>,</strong></span> <span class='ocrx_word' id='word_1_653' title='bbox 2716 1846 2929 1916; x_wconf 90' lang='lat' dir='ltr'><strong>inquam</strong></span> <span class='ocrx_word' id='word_1_654' title='bbox 2953 1886 2968 1911; x_wconf 93' lang='lat'><strong>,</strong></span> <span class='ocrx_word' id='word_1_655' title='bbox 2997 1862 3116 1915; x_wconf 70' lang='lat' dir='ltr'><strong>qua:</strong></span> <span class='ocrx_word' id='word_1_656' title='bbox 3146 1847 3305 1902; x_wconf 88' lang='lat' dir='ltr'><strong>linem</strong></span> <span class='ocrx_word' id='word_1_657' title='bbox 3346 1849 3577 1918; x_wconf 86' lang='lat' dir='ltr'><strong>accipit,</strong></span> <span class='ocrx_word' id='word_1_658' title='bbox 3608 1849 3725 1903; x_wconf 81' lang='lat' dir='ltr'><strong>sed</strong></span> 
     </span>
    </p>
   </div>
   <div class='ocr_carea' id='block_1_81' title="bbox 2118 1935 3728 2008">
    <p class='ocr_par' dir='ltr' id='par_1_81' title="bbox 2118 1935 3728 2008">
     <span class='ocr_line' id='line_1_81' title="bbox 2118 1935 3728 2008; baseline 0.002 -20"><span class='ocrx_word' id='word_1_659' title='bbox 2118 1951 2237 2006; x_wconf 66' lang='lat' dir='ltr'><strong>quae</strong></span> <span class='ocrx_word' id='word_1_660' title='bbox 2276 1945 2492 2001; x_wconf 89' lang='lat' dir='ltr'><strong>manet;</strong></span> <span class='ocrx_word' id='word_1_661' title='bbox 2522 1935 2576 1989; x_wconf 88' lang='lat' dir='ltr'><strong>in</strong></span> <span class='ocrx_word' id='word_1_662' title='bbox 2619 1937 2846 1990; x_wconf 83' lang='lat' dir='ltr'><strong>eamdem</strong></span> <span class='ocrx_word' id='word_1_663' title='bbox 2886 1937 3158 2008; x_wconf 81' lang='lat' dir='ltr'><strong>imaginem</strong></span> <span class='ocrx_word' id='word_1_664' title='bbox 3207 1938 3643 2005; x_wconf 77' lang='lat' dir='ltr'><strong>transformamur</strong></span> <span class='ocrx_word' id='word_1_665' title='bbox 3687 1956 3728 1992; x_wconf 73' lang='grc' dir='ltr'><em>α</em></span> 
     </span>
    </p>
   </div>
   <div class='ocr_carea' id='block_1_82' title="bbox 2120 2027 3556 2098">
    <p class='ocr_par' dir='ltr' id='par_1_82' title="bbox 2120 2027 3556 2098">
     <span class='ocr_line' id='line_1_82' title="bbox 2120 2027 3556 2098; baseline 0.003 -18"><span class='ocrx_word' id='word_1_666' title='bbox 2120 2027 2349 2080; x_wconf 83' lang='lat' dir='ltr'><strong>claritate</strong></span> <span class='ocrx_word' id='word_1_667' title='bbox 2371 2027 2425 2080; x_wconf 86' lang='lat' dir='ltr'><strong>in</strong></span> <span class='ocrx_word' id='word_1_668' title='bbox 2449 2027 2731 2081; x_wconf 71' lang='lat' dir='ltr'><strong>claritatem</strong></span> <span class='ocrx_word' id='word_1_669' title='bbox 2753 2037 3007 2098; x_wconf 83' lang='lat' dir='ltr'><strong>tamquam</strong></span> <span class='ocrx_word' id='word_1_670' title='bbox 3028 2044 3060 2082; x_wconf 90' lang='lat' dir='ltr'><strong>a</strong></span> <span class='ocrx_word' id='word_1_671' title='bbox 3086 2028 3304 2083; x_wconf 91' lang='lat' dir='ltr'><strong>Domino</strong></span> <span class='ocrx_word' id='word_1_672' title='bbox 3336 2029 3556 2098; x_wconf 86' lang='lat' dir='ltr'><strong>Spiritu.</strong></span> 
     </span>
    </p>
   </div>
   <div class='ocr_carea' id='block_1_83' title="bbox 2193 2119 3726 2194">
    <p class='ocr_par' dir='ltr' id='par_1_83' title="bbox 2193 2119 3726 2194">
     <span class='ocr_line' id='line_1_83' title="bbox 2193 2119 3726 2194; baseline 0.003 -20"><span class='ocrx_word' id='word_1_673' title='bbox 2193 2119 2419 2188; x_wconf 88' lang='lat' dir='ltr'><strong>Spiritus</strong></span> <span class='ocrx_word' id='word_1_674' title='bbox 2447 2130 2650 2174; x_wconf 85' lang='lat' dir='ltr'><strong>sanctus</strong></span> <span class='ocrx_word' id='word_1_675' title='bbox 2675 2121 2727 2174; x_wconf 89' lang='lat' dir='ltr'><strong>in</strong></span> <span class='ocrx_word' id='word_1_676' title='bbox 2747 2119 2844 2174; x_wconf 86' lang='lat' dir='ltr'><strong>Dei</strong></span> <span class='ocrx_word' id='word_1_677' title='bbox 2867 2123 3044 2175; x_wconf 84' lang='lat' dir='ltr'><strong>ordine</strong></span> <span class='ocrx_word' id='word_1_678' title='bbox 3065 2121 3397 2177; x_wconf 64' lang='lat' dir='ltr'><strong>est—Vides</strong></span> <span class='ocrx_word' id='word_1_679' title='bbox 3421 2138 3526 2192; x_wconf 92' lang='lat' dir='ltr'><strong>quo</strong></span> <span class='ocrx_word' id='word_1_680' title='bbox 3547 2132 3726 2194; x_wconf 87' lang='lat' dir='ltr'><strong>pacto</strong></span> 
     </span>
    </p>
   </div>
   <div class='ocr_carea' id='block_1_84' title="bbox 2122 2212 3722 2285">
    <p class='ocr_par' dir='ltr' id='par_1_84' title="bbox 2122 2212 3722 2285">
     <span class='ocr_line' id='line_1_84' title="bbox 2122 2212 3722 2285; baseline 0.003 -18"><span class='ocrx_word' id='word_1_681' title='bbox 2122 2227 2307 2267; x_wconf 89' lang='lat' dir='ltr'><strong>rursus</strong></span> <span class='ocrx_word' id='word_1_682' title='bbox 2353 2212 2608 2280; x_wconf 86' lang='lat' dir='ltr'><strong>Spiritum</strong></span> <span class='ocrx_word' id='word_1_683' title='bbox 2657 2214 2709 2266; x_wconf 90' lang='lat' dir='ltr'><strong>in</strong></span> <span class='ocrx_word' id='word_1_684' title='bbox 2753 2213 2846 2269; x_wconf 92' lang='lat' dir='ltr'><strong>Dei</strong></span> <span class='ocrx_word' id='word_1_685' title='bbox 2893 2213 3084 2268; x_wconf 89' lang='lat' dir='ltr'><strong>ordine</strong></span> <span class='ocrx_word' id='word_1_686' title='bbox 3126 2214 3374 2282; x_wconf 92' lang='lat' dir='ltr'><strong>collocet,</strong></span> <span class='ocrx_word' id='word_1_687' title='bbox 3419 2231 3625 2285; x_wconf 90' lang='lat' dir='ltr'><strong>eosque</strong></span> <span class='ocrx_word' id='word_1_688' title='bbox 3661 2218 3722 2271; x_wconf 88' lang='lat' dir='ltr'><strong>in</strong></span> 
     </span>
    </p>
   </div>
   <div class='ocr_carea' id='block_1_85' title="bbox 2122 2305 3726 2378">
    <p class='ocr_par' dir='ltr' id='par_1_85' title="bbox 2122 2305 3726 2378">
     <span class='ocr_line' id='line_1_85' title="bbox 2122 2305 3726 2378; baseline 0.002 -19"><span class='ocrx_word' id='word_1_689' title='bbox 2122 2305 2487 2373; x_wconf 79' lang='lat' dir='ltr'><strong>apostolorum</strong></span> <span class='ocrx_word' id='word_1_690' title='bbox 2533 2305 2762 2361; x_wconf 90' lang='lat' dir='ltr'><strong>classem</strong></span> <span class='ocrx_word' id='word_1_691' title='bbox 2807 2305 3114 2360; x_wconf 76' lang='lat' dir='ltr'><strong>subvehat?</strong></span> <span class='ocrx_word' id='word_1_692' title='bbox 3147 2307 3361 2360; x_wconf 89' lang='lat' dir='ltr'><strong>Etenim</strong></span> <span class='ocrx_word' id='word_1_693' title='bbox 3391 2308 3537 2378; x_wconf 91' lang='lat' dir='ltr'><strong>prius</strong></span> <span class='ocrx_word' id='word_1_694' title='bbox 3559 2309 3726 2362; x_wconf 76' lang='lat' dir='ltr'><strong>dixe-</strong></span> 
     </span>
    </p>
   </div>
   <div class='ocr_carea' id='block_1_86' title="bbox 2125 2395 3723 2465">
    <p class='ocr_par' dir='ltr' id='par_1_86' title="bbox 2125 2395 3723 2465">
     <span class='ocr_line' id='line_1_86' title="bbox 2125 2395 3723 2465; baseline 0.002 -15"><span class='ocrx_word' id='word_1_695' title='bbox 2125 2405 2229 2459; x_wconf 84' lang='lat' dir='ltr'><strong>rat,</strong></span> <span class='ocrx_word' id='word_1_696' title='bbox 2261 2395 2492 2465; x_wconf 82' lang='lat' dir='ltr'><strong>Epistola</strong></span> <span class='ocrx_word' id='word_1_697' title='bbox 2541 2397 2658 2450; x_wconf 87' lang='lat' dir='ltr'><strong>estis</strong></span> <span class='ocrx_word' id='word_1_698' title='bbox 2689 2395 2915 2458; x_wconf 77' lang='lat' dir='ltr'><strong>Christi;</strong></span> <span class='ocrx_word' id='word_1_699' title='bbox 2954 2405 3010 2452; x_wconf 92' lang='lat' dir='ltr'><strong>et</strong></span> <span class='ocrx_word' id='word_1_700' title='bbox 3059 2397 3163 2452; x_wconf 90' lang='lat' dir='ltr'><strong>hoc</strong></span> <span class='ocrx_word' id='word_1_701' title='bbox 3202 2399 3340 2465; x_wconf 88' lang='lat' dir='ltr'><strong>loco,</strong></span> <span class='ocrx_word' id='word_1_702' title='bbox 3390 2397 3504 2452; x_wconf 87' lang='lat' dir='ltr'><strong>Nos</strong></span> <span class='ocrx_word' id='word_1_703' title='bbox 3545 2409 3723 2453; x_wconf 83' lang='lat' dir='ltr'><strong>autem</strong></span> 
     </span>
    </p>
   </div>
   <div class='ocr_carea' id='block_1_87' title="bbox 2125 2488 3720 2560">
    <p class='ocr_par' dir='ltr' id='par_1_87' title="bbox 2125 2488 3720 2560">
     <span class='ocr_line' id='line_1_87' title="bbox 2125 2488 3720 2560; baseline -0.001 -14"><span class='ocrx_word' id='word_1_704' title='bbox 2125 2505 2299 2546; x_wconf 73' lang='lat' dir='ltr'><strong>amnes</strong></span> <span class='ocrx_word' id='word_1_705' title='bbox 2326 2488 2545 2542; x_wconf 82' lang='lat' dir='ltr'><strong>revelata</strong></span> <span class='ocrx_word' id='word_1_706' title='bbox 2589 2489 2737 2559; x_wconf 87' lang='lat' dir='ltr'><strong>facie.</strong></span> <span class='ocrx_word' id='word_1_707' title='bbox 2772 2489 2932 2558; x_wconf 84' lang='lat' dir='ltr'><strong>Atqui</strong></span> <span class='ocrx_word' id='word_1_708' title='bbox 2974 2489 3073 2557; x_wconf 89' lang='lat' dir='ltr'><strong>ipsi</strong></span> <span class='ocrx_word' id='word_1_709' title='bbox 3103 2490 3297 2560; x_wconf 83' lang='lat' dir='ltr'><strong>legem,</strong></span> <span class='ocrx_word' id='word_1_710' title='bbox 3331 2490 3490 2545; x_wconf 78' lang='lat' dir='ltr'><strong>Mosis</strong></span> <span class='ocrx_word' id='word_1_711' title='bbox 3521 2493 3720 2556; x_wconf 81' lang='lat' dir='ltr'><strong>instar,</strong></span> 
     </span>
    </p>
   </div>
   <div class='ocr_carea' id='block_1_88' title="bbox 2129 2580 3722 2655">
    <p class='ocr_par' dir='ltr' id='par_1_88' title="bbox 2129 2580 3722 2655">
     <span class='ocr_line' id='line_1_88' title="bbox 2129 2580 3722 2655; baseline 0.001 -19"><span class='ocrx_word' id='word_1_712' title='bbox 2129 2591 2398 2652; x_wconf 87' lang='lat' dir='ltr'><strong>gestantes</strong></span> <span class='ocrx_word' id='word_1_713' title='bbox 2422 2591 2698 2637; x_wconf 90' lang='lat' dir='ltr'><strong>venerant.</strong></span> <span class='ocrx_word' id='word_1_714' title='bbox 2741 2580 2846 2637; x_wconf 88' lang='lat' dir='ltr'><strong>Sed</strong></span> <span class='ocrx_word' id='word_1_715' title='bbox 2873 2582 3348 2651; x_wconf 91' lang='lat' dir='ltr'><strong>quemadmodum,</strong></span> <span class='ocrx_word' id='word_1_716' title='bbox 3385 2583 3568 2655; x_wconf 86' lang='lat' dir='ltr'><strong>inquit,</strong></span> <span class='ocrx_word' id='word_1_717' title='bbox 3613 2598 3722 2638; x_wconf 86' lang='lat' dir='ltr'><strong>nos</strong></span> 
     </span>
    </p>
   </div>
   <div class='ocr_carea' id='block_1_89' title="bbox 2130 2674 3720 2747">
    <p class='ocr_par' dir='ltr' id='par_1_89' title="bbox 2130 2674 3720 2747">
     <span class='ocr_line' id='line_1_89' title="bbox 2130 2674 3720 2747; baseline 0.002 -19"><span class='ocrx_word' id='word_1_718' title='bbox 2130 2675 2394 2730; x_wconf 82' lang='lat' dir='ltr'><strong>velamine</strong></span> <span class='ocrx_word' id='word_1_719' title='bbox 2425 2691 2529 2728; x_wconf 90' lang='lat' dir='ltr'><strong>non</strong></span> <span class='ocrx_word' id='word_1_720' title='bbox 2559 2689 2694 2744; x_wconf 90' lang='lat' dir='ltr'><strong>opus</strong></span> <span class='ocrx_word' id='word_1_721' title='bbox 2724 2674 3007 2729; x_wconf 91' lang='lat' dir='ltr'><strong>habuimus</strong></span> <span class='ocrx_word' id='word_1_722' title='bbox 3037 2693 3052 2729; x_wconf 90' lang='lat'><strong>:</strong></span> <span class='ocrx_word' id='word_1_723' title='bbox 3085 2676 3165 2731; x_wconf 91' lang='lat' dir='ltr'><strong>sic</strong></span> <span class='ocrx_word' id='word_1_724' title='bbox 3205 2691 3305 2730; x_wconf 92' lang='lat' dir='ltr'><strong>nec</strong></span> <span class='ocrx_word' id='word_1_725' title='bbox 3334 2693 3431 2732; x_wconf 93' lang='lat' dir='ltr'><strong>vos</strong></span> <span class='ocrx_word' id='word_1_726' title='bbox 3473 2677 3720 2747; x_wconf 90' lang='lat' dir='ltr'><strong>quidem,</strong></span> 
     </span>
    </p>
   </div>
   <div class='ocr_carea' id='block_1_90' title="bbox 2133 2765 3724 2839">
    <p class='ocr_par' dir='ltr' id='par_1_90' title="bbox 2133 2765 3724 2839">
     <span class='ocr_line' id='line_1_90' title="bbox 2133 2765 3724 2839; baseline 0.003 -21"><span class='ocrx_word' id='word_1_727' title='bbox 2133 2766 2222 2836; x_wconf 92' lang='lat' dir='ltr'><strong>qui</strong></span> <span class='ocrx_word' id='word_1_728' title='bbox 2261 2766 2594 2834; x_wconf 84' lang='lat' dir='ltr'><strong>evangelium</strong></span> <span class='ocrx_word' id='word_1_729' title='bbox 2634 2766 2967 2835; x_wconf 90' lang='lat' dir='ltr'><strong>suscepistis.</strong></span> <span class='ocrx_word' id='word_1_730' title='bbox 3015 2765 3174 2836; x_wconf 87' lang='lat' dir='ltr'><strong>Atqui</strong></span> <span class='ocrx_word' id='word_1_731' title='bbox 3221 2767 3378 2839; x_wconf 89' lang='lat' dir='ltr'><strong>longe</strong></span> <span class='ocrx_word' id='word_1_732' title='bbox 3421 2769 3590 2837; x_wconf 86' lang='lat' dir='ltr'><strong>major</strong></span> <span class='ocrx_word' id='word_1_733' title='bbox 3631 2777 3724 2823; x_wconf 91' lang='lat' dir='ltr'><strong>est</strong></span> 
     </span>
    </p>
   </div>
   <div class='ocr_carea' id='block_1_91' title="bbox 2134 2855 3726 2928">
    <p class='ocr_par' dir='ltr' id='par_1_91' title="bbox 2134 2855 3726 2928">
     <span class='ocr_line' id='line_1_91' title="bbox 2134 2855 3726 2928; baseline 0.002 -20"><span class='ocrx_word' id='word_1_734' title='bbox 2134 2855 2252 2911; x_wconf 66' lang='lat' dir='ltr'><strong>haec</strong></span> <span class='ocrx_word' id='word_1_735' title='bbox 2287 2857 2488 2925; x_wconf 90' lang='lat' dir='ltr'><strong>gloria;</strong></span> <span class='ocrx_word' id='word_1_736' title='bbox 2520 2871 2691 2925; x_wconf 91' lang='lat' dir='ltr'><strong>neque</strong></span> <span class='ocrx_word' id='word_1_737' title='bbox 2719 2858 2860 2910; x_wconf 92' lang='lat' dir='ltr'><strong>enim</strong></span> <span class='ocrx_word' id='word_1_738' title='bbox 2887 2857 3067 2912; x_wconf 83' lang='lat' dir='ltr'><strong>vultus</strong></span> <span class='ocrx_word' id='word_1_739' title='bbox 3096 2860 3263 2912; x_wconf 91' lang='lat' dir='ltr'><strong>nostri</strong></span> <span class='ocrx_word' id='word_1_740' title='bbox 3291 2869 3392 2925; x_wconf 76' lang='lat' dir='ltr'><strong>est,</strong></span> <span class='ocrx_word' id='word_1_741' title='bbox 3423 2861 3516 2913; x_wconf 91' lang='lat' dir='ltr'><strong>sed</strong></span> <span class='ocrx_word' id='word_1_742' title='bbox 3546 2859 3726 2928; x_wconf 80' lang='lat' dir='ltr'><strong>Spir-i-</strong></span> 
     </span>
    </p>
   </div>
   <div class='ocr_carea' id='block_1_92' title="bbox 2136 2951 3720 3019">
    <p class='ocr_par' dir='ltr' id='par_1_92' title="bbox 2136 2951 3720 3019">
     <span class='ocr_line' id='line_1_92' title="bbox 2136 2951 3720 3019; baseline 0.003 -17"><span class='ocrx_word' id='word_1_743' title='bbox 2136 2957 2262 3002; x_wconf 90' lang='lat' dir='ltr'><strong>tus:</strong></span> <span class='ocrx_word' id='word_1_744' title='bbox 2297 2957 2353 3003; x_wconf 93' lang='lat' dir='ltr'><strong>et</strong></span> <span class='ocrx_word' id='word_1_745' title='bbox 2397 2957 2572 3003; x_wconf 87' lang='lat' dir='ltr'><strong>tamen</strong></span> <span class='ocrx_word' id='word_1_746' title='bbox 2600 2963 2717 3015; x_wconf 88' lang='lat' dir='ltr'><strong>vos,</strong></span> <span class='ocrx_word' id='word_1_747' title='bbox 2749 2965 2900 3019; x_wconf 70' lang='lat' dir='ltr'><strong>teque</strong></span> <span class='ocrx_word' id='word_1_748' title='bbox 2929 2966 2992 3004; x_wconf 91' lang='lat' dir='ltr'><strong>ac</strong></span> <span class='ocrx_word' id='word_1_749' title='bbox 3037 2966 3157 3017; x_wconf 90' lang='lat' dir='ltr'><strong>nos,</strong></span> <span class='ocrx_word' id='word_1_750' title='bbox 3203 2951 3251 3004; x_wconf 92' lang='lat' dir='ltr'><strong>in</strong></span> <span class='ocrx_word' id='word_1_751' title='bbox 3282 2967 3397 3006; x_wconf 88' lang='lat' dir='ltr'><strong>eam</strong></span> <span class='ocrx_word' id='word_1_752' title='bbox 3433 2952 3720 3006; x_wconf 88' lang='lat' dir='ltr'><strong>oculorum</strong></span> 
     </span>
    </p>
   </div>
   <div class='ocr_carea' id='block_1_93' title="bbox 2138 3039 3718 3112">
    <p class='ocr_par' dir='ltr' id='par_1_93' title="bbox 2138 3039 3718 3112">
     <span class='ocr_line' id='line_1_93' title="bbox 2138 3039 3718 3112; baseline 0.003 -19"><span class='ocrx_word' id='word_1_753' title='bbox 2138 3039 2305 3095; x_wconf 91' lang='lat' dir='ltr'><strong>aciem</strong></span> <span class='ocrx_word' id='word_1_754' title='bbox 2334 3040 2610 3096; x_wconf 89' lang='lat' dir='ltr'><strong>intendere</strong></span> <span class='ocrx_word' id='word_1_755' title='bbox 2636 3042 2879 3111; x_wconf 89' lang='lat' dir='ltr'><strong>potestis.</strong></span> <span class='ocrx_word' id='word_1_756' title='bbox 2911 3040 2988 3094; x_wconf 84' lang='lat' dir='ltr'><strong>Illi</strong></span> <span class='ocrx_word' id='word_1_757' title='bbox 3017 3057 3240 3110; x_wconf 87' lang='lat' dir='ltr'><strong>namque</strong></span> <span class='ocrx_word' id='word_1_758' title='bbox 3267 3057 3362 3096; x_wconf 90' lang='lat' dir='ltr'><strong>nec</strong></span> <span class='ocrx_word' id='word_1_759' title='bbox 3387 3057 3480 3112; x_wconf 89' lang='lat' dir='ltr'><strong>per</strong></span> <span class='ocrx_word' id='word_1_760' title='bbox 3506 3043 3718 3097; x_wconf 86' lang='lat' dir='ltr'><strong>media-</strong></span> 
     </span>
    </p>
   </div>
   <div class='ocr_carea' id='block_1_94' title="bbox 2141 3133 3708 3203">
    <p class='ocr_par' dir='ltr' id='par_1_94' title="bbox 2141 3133 3708 3203">
     <span class='ocr_line' id='line_1_94' title="bbox 2141 3133 3708 3203; baseline 0.004 -20"><span class='ocrx_word' id='word_1_761' title='bbox 2141 3139 2349 3197; x_wconf 87' lang='lat' dir='ltr'><strong>torem;</strong></span> <span class='ocrx_word' id='word_1_762' title='bbox 2377 3147 2470 3186; x_wconf 91' lang='lat' dir='ltr'><strong>vos</strong></span> <span class='ocrx_word' id='word_1_763' title='bbox 2496 3143 2674 3186; x_wconf 91' lang='lat' dir='ltr'><strong>autem</strong></span> <span class='ocrx_word' id='word_1_764' title='bbox 2702 3133 2818 3186; x_wconf 92' lang='lat' dir='ltr'><strong>sine</strong></span> <span class='ocrx_word' id='word_1_765' title='bbox 2857 3133 3151 3188; x_wconf 87' lang='lat' dir='ltr'><strong>mediatore</strong></span> <span class='ocrx_word' id='word_1_766' title='bbox 3193 3133 3406 3203; x_wconf 88' lang='lat' dir='ltr'><strong>potestis</strong></span> <span class='ocrx_word' id='word_1_767' title='bbox 3450 3133 3708 3200; x_wconf 86' lang='lat' dir='ltr'><strong>majorem</strong></span> 
     </span>
    </p>
   </div>
   <div class='ocr_carea' id='block_1_95' title="bbox 2143 3222 3712 3294">
    <p class='ocr_par' dir='ltr' id='par_1_95' title="bbox 2143 3222 3712 3294">
     <span class='ocr_line' id='line_1_95' title="bbox 2143 3222 3712 3294; baseline 0.002 -19"><span class='ocrx_word' id='word_1_768' title='bbox 2143 3223 2368 3278; x_wconf 84' lang='lat' dir='ltr'><strong>videre:</strong></span> <span class='ocrx_word' id='word_1_769' title='bbox 2399 3223 2474 3276; x_wconf 92' lang='lat' dir='ltr'><strong>illi</strong></span> <span class='ocrx_word' id='word_1_770' title='bbox 2525 3222 2682 3276; x_wconf 86' lang='lat' dir='ltr'><strong>Mosis</strong></span> <span class='ocrx_word' id='word_1_771' title='bbox 2730 3223 2917 3278; x_wconf 79' lang='lat' dir='ltr'><strong>faciem</strong></span> <span class='ocrx_word' id='word_1_772' title='bbox 2972 3239 3197 3279; x_wconf 90' lang='lat' dir='ltr'><strong>cernere</strong></span> <span class='ocrx_word' id='word_1_773' title='bbox 3245 3241 3348 3278; x_wconf 90' lang='lat' dir='ltr'><strong>non</strong></span> <span class='ocrx_word' id='word_1_774' title='bbox 3391 3235 3712 3294; x_wconf 87' lang='lat' dir='ltr'><strong>potuerunt;</strong></span> 
     </span>
    </p>
   </div>
   <div class='ocr_carea' id='block_1_96' title="bbox 2139 3315 3723 3386">
    <p class='ocr_par' dir='ltr' id='par_1_96' title="bbox 2139 3315 3723 3386">
     <span class='ocr_line' id='line_1_96' title="bbox 2139 3315 3723 3386; baseline 0.004 -20"><span class='ocrx_word' id='word_1_775' title='bbox 2139 3329 2237 3368; x_wconf 90' lang='lat' dir='ltr'><strong>vos</strong></span> <span class='ocrx_word' id='word_1_776' title='bbox 2253 3315 2481 3381; x_wconf 88' lang='lat' dir='ltr'><strong>Spiritus</strong></span> <span class='ocrx_word' id='word_1_777' title='bbox 2499 3329 2709 3383; x_wconf 88' lang='lat' dir='ltr'><strong>quoque</strong></span> <span class='ocrx_word' id='word_1_778' title='bbox 2724 3315 2948 3385; x_wconf 88' lang='lat' dir='ltr'><strong>gloriam</strong></span> <span class='ocrx_word' id='word_1_779' title='bbox 2979 3317 3220 3384; x_wconf 90' lang='lat' dir='ltr'><strong>potestis.</strong></span> <span class='ocrx_word' id='word_1_780' title='bbox 3245 3316 3396 3384; x_wconf 86' lang='lat' dir='ltr'><strong>Quod</strong></span> <span class='ocrx_word' id='word_1_781' title='bbox 3424 3318 3468 3370; x_wconf 91' lang='lat' dir='ltr'><strong>si</strong></span> <span class='ocrx_word' id='word_1_782' title='bbox 3492 3317 3723 3386; x_wconf 86' lang='lat' dir='ltr'><strong>Spiritus</strong></span> 
     </span>
    </p>
   </div>
   <div class='ocr_carea' id='block_1_97' title="bbox 2142 3405 3726 3474">
    <p class='ocr_par' dir='ltr' id='par_1_97' title="bbox 2142 3405 3726 3474">
     <span class='ocr_line' id='line_1_97' title="bbox 2142 3405 3726 3474; baseline 0.002 -14"><span class='ocrx_word' id='word_1_783' title='bbox 2142 3405 2450 3460; x_wconf 89' lang='lat' dir='ltr'><strong>inferiorem</strong></span> <span class='ocrx_word' id='word_1_784' title='bbox 2497 3405 2672 3459; x_wconf 90' lang='lat' dir='ltr'><strong>locum</strong></span> <span class='ocrx_word' id='word_1_785' title='bbox 2723 3406 3012 3471; x_wconf 84' lang='lat' dir='ltr'><strong>obtineret,</strong></span> <span class='ocrx_word' id='word_1_786' title='bbox 3043 3405 3162 3462; x_wconf 60' lang='lat' dir='ltr'><strong>haec</strong></span> <span class='ocrx_word' id='word_1_787' title='bbox 3190 3417 3361 3474; x_wconf 91' lang='lat' dir='ltr'><strong>certe,</strong></span> <span class='ocrx_word' id='word_1_788' title='bbox 3394 3417 3451 3462; x_wconf 94' lang='lat' dir='ltr'><strong>ut</strong></span> <span class='ocrx_word' id='word_1_789' title='bbox 3479 3409 3576 3462; x_wconf 90' lang='lat' dir='ltr'><strong>illis</strong></span> <span class='ocrx_word' id='word_1_790' title='bbox 3602 3423 3726 3463; x_wconf 88' lang='lat' dir='ltr'><strong>ma-</strong></span> 
     </span>
    </p>
   </div>
   <div class='ocr_carea' id='block_1_98' title="bbox 2138 3496 2848 3567">
    <p class='ocr_par' dir='ltr' id='par_1_98' title="bbox 2138 3496 2848 3567">
     <span class='ocr_line' id='line_1_98' title="bbox 2138 3496 2848 3567; baseline 0 -17"><span class='ocrx_word' id='word_1_791' title='bbox 2138 3496 2278 3567; x_wconf 91' lang='lat' dir='ltr'><strong>jora,</strong></span> <span class='ocrx_word' id='word_1_792' title='bbox 2310 3497 2531 3551; x_wconf 90' lang='lat' dir='ltr'><strong>minime</strong></span> <span class='ocrx_word' id='word_1_793' title='bbox 2564 3497 2848 3565; x_wconf 90' lang='lat' dir='ltr'><strong>posuisset.</strong></span> 
     </span>
    </p>
   </div>
   <div class='ocr_carea' id='block_1_99' title="bbox 2214 3587 3728 3662">
    <p class='ocr_par' dir='ltr' id='par_1_99' title="bbox 2214 3587 3728 3662">
     <span class='ocr_line' id='line_1_99' title="bbox 2214 3587 3728 3662; baseline 0.001 -21"><span class='ocrx_word' id='word_1_794' title='bbox 2214 3588 2268 3642; x_wconf 82' lang='lat'><strong>5.</strong></span> <span class='ocrx_word' id='word_1_795' title='bbox 2309 3587 2573 3655; x_wconf 89' lang='lat' dir='ltr'><strong>Quidnam</strong></span> <span class='ocrx_word' id='word_1_796' title='bbox 2607 3597 2787 3642; x_wconf 90' lang='lat' dir='ltr'><strong>autem</strong></span> <span class='ocrx_word' id='word_1_797' title='bbox 2826 3597 2929 3652; x_wconf 91' lang='lat' dir='ltr'><strong>est,</strong></span> <span class='ocrx_word' id='word_1_798' title='bbox 2960 3587 3186 3642; x_wconf 83' lang='lat' dir='ltr'><strong>Gloriam</strong></span> <span class='ocrx_word' id='word_1_799' title='bbox 3224 3589 3430 3644; x_wconf 86' lang='lat' dir='ltr'><strong>Domini</strong></span> <span class='ocrx_word' id='word_1_800' title='bbox 3457 3591 3728 3662; x_wconf 83' lang='lat' dir='ltr'><strong>speculan-</strong></span> 
     </span>
    </p>
   </div>
   <div class='ocr_carea' id='block_1_100' title="bbox 2145 3679 3728 3754">
    <p class='ocr_par' dir='ltr' id='par_1_100' title="bbox 2145 3679 3728 3754">
     <span class='ocr_line' id='line_1_100' title="bbox 2145 3679 3728 3754; baseline 0.002 -22"><span class='ocrx_word' id='word_1_801' title='bbox 2145 3689 2237 3741; x_wconf 87' lang='lat' dir='ltr'><strong>tes,</strong></span> <span class='ocrx_word' id='word_1_802' title='bbox 2266 3679 2320 3732; x_wconf 89' lang='lat' dir='ltr'><strong>in</strong></span> <span class='ocrx_word' id='word_1_803' title='bbox 2349 3680 2573 3732; x_wconf 84' lang='lat' dir='ltr'><strong>eamdem</strong></span> <span class='ocrx_word' id='word_1_804' title='bbox 2601 3680 2871 3748; x_wconf 83' lang='lat' dir='ltr'><strong>imaginem</strong></span> <span class='ocrx_word' id='word_1_805' title='bbox 2901 3683 3365 3751; x_wconf 77' lang='lat' dir='ltr'><strong>transformamur?</strong></span> <span class='ocrx_word' id='word_1_806' title='bbox 3394 3683 3642 3754; x_wconf 88' lang='lat' dir='ltr'><strong>Apertius</strong></span> <span class='ocrx_word' id='word_1_807' title='bbox 3675 3681 3728 3736; x_wconf 88' lang='lat' dir='ltr'><strong>id</strong></span> 
     </span>
    </p>
   </div>
   <div class='ocr_carea' id='block_1_101' title="bbox 2145 3769 3727 3838">
    <p class='ocr_par' dir='ltr' id='par_1_101' title="bbox 2145 3769 3727 3838">
     <span class='ocr_line' id='line_1_101' title="bbox 2145 3769 3727 3838; baseline 0.002 -15"><span class='ocrx_word' id='word_1_808' title='bbox 2145 3769 2360 3838; x_wconf 91' lang='lat' dir='ltr'><strong>quidem</strong></span> <span class='ocrx_word' id='word_1_809' title='bbox 2387 3769 2875 3835; x_wconf 89' lang='lat' dir='ltr'><strong>demonstrabatur,</strong></span> <span class='ocrx_word' id='word_1_810' title='bbox 2908 3784 3028 3824; x_wconf 90' lang='lat' dir='ltr'><strong>cum</strong></span> <span class='ocrx_word' id='word_1_811' title='bbox 3061 3772 3436 3826; x_wconf 90' lang='lat' dir='ltr'><strong>miraculorum</strong></span> <span class='ocrx_word' id='word_1_812' title='bbox 3460 3774 3597 3827; x_wconf 92' lang='lat' dir='ltr'><strong>dona</strong></span> <span class='ocrx_word' id='word_1_813' title='bbox 3619 3773 3727 3826; x_wconf 85' lang='lat' dir='ltr'><strong>vim</strong></span> 
     </span>
    </p>
   </div>
   <div class='ocr_carea' id='block_1_102' title="bbox 2145 3863 3730 3933">
    <p class='ocr_par' dir='ltr' id='par_1_102' title="bbox 2145 3863 3730 3933">
     <span class='ocr_line' id='line_1_102' title="bbox 2145 3863 3730 3933; baseline 0.001 -18"><span class='ocrx_word' id='word_1_814' title='bbox 2145 3877 2296 3915; x_wconf 90' lang='lat' dir='ltr'><strong>suam</strong></span> <span class='ocrx_word' id='word_1_815' title='bbox 2325 3871 2637 3916; x_wconf 78' lang='lat' dir='ltr'><strong>exsererent</strong></span> <span class='ocrx_word' id='word_1_816' title='bbox 2666 3879 2679 3914; x_wconf 92' lang='lat'>:</span> <span class='ocrx_word' id='word_1_817' title='bbox 2714 3871 2891 3916; x_wconf 88' lang='lat' dir='ltr'><strong>tamen</strong></span> <span class='ocrx_word' id='word_1_818' title='bbox 2923 3877 2990 3915; x_wconf 91' lang='lat' dir='ltr'><strong>ne</strong></span> <span class='ocrx_word' id='word_1_819' title='bbox 3021 3878 3161 3916; x_wconf 90' lang='lat' dir='ltr'><strong>nunc</strong></span> <span class='ocrx_word' id='word_1_820' title='bbox 3187 3863 3400 3932; x_wconf 87' lang='lat' dir='ltr'><strong>quidem</strong></span> <span class='ocrx_word' id='word_1_821' title='bbox 3443 3864 3493 3918; x_wconf 92' lang='lat' dir='ltr'><strong>id</strong></span> <span class='ocrx_word' id='word_1_822' title='bbox 3525 3863 3730 3933; x_wconf 67' lang='lat' dir='ltr'><strong>perspi-</strong></span> 
     </span>
    </p>
   </div>
   <div class='ocr_carea' id='block_1_103' title="bbox 2147 3952 3732 4026">
    <p class='ocr_par' dir='ltr' id='par_1_103' title="bbox 2147 3952 3732 4026">
     <span class='ocr_line' id='line_1_103' title="bbox 2147 3952 3732 4026; baseline 0.001 -18"><span class='ocrx_word' id='word_1_823' title='bbox 2147 3969 2272 4008; x_wconf 89' lang='lat' dir='ltr'><strong>cere</strong></span> <span class='ocrx_word' id='word_1_824' title='bbox 2300 3952 2518 4008; x_wconf 86' lang='lat' dir='ltr'><strong>diflieile</strong></span> <span class='ocrx_word' id='word_1_825' title='bbox 2564 3952 2722 4008; x_wconf 87' lang='lat' dir='ltr'><strong>fuerit</strong></span> <span class='ocrx_word' id='word_1_826' title='bbox 2751 3955 2822 4021; x_wconf 93' lang='lat' dir='ltr'><strong>ei,</strong></span> <span class='ocrx_word' id='word_1_827' title='bbox 2851 3954 2939 4023; x_wconf 89' lang='lat' dir='ltr'><strong>qui</strong></span> <span class='ocrx_word' id='word_1_828' title='bbox 2973 3954 3094 4010; x_wconf 87' lang='lat' dir='ltr'><strong>fidei</strong></span> <span class='ocrx_word' id='word_1_829' title='bbox 3123 3957 3291 4010; x_wconf 93' lang='lat' dir='ltr'><strong>oculis</strong></span> <span class='ocrx_word' id='word_1_830' title='bbox 3333 3957 3587 4026; x_wconf 67' lang='lat' dir='ltr'><strong>praeditus</strong></span> <span class='ocrx_word' id='word_1_831' title='bbox 3619 3956 3732 4010; x_wconf 84' lang='lat' dir='ltr'><strong>fue-</strong></span> 
     </span>
    </p>
   </div>
   <div class='ocr_carea' id='block_1_104' title="bbox 2147 4043 3731 4114">
    <p class='ocr_par' dir='ltr' id='par_1_104' title="bbox 2147 4043 3731 4114">
     <span class='ocr_line' id='line_1_104' title="bbox 2147 4043 3731 4114; baseline 0.002 -16"><span class='ocrx_word' id='word_1_832' title='bbox 2147 4043 2239 4098; x_wconf 89' lang='lat' dir='ltr'><strong>rit.</strong></span> <span class='ocrx_word' id='word_1_833' title='bbox 2269 4043 2401 4097; x_wconf 88' lang='lat' dir='ltr'><strong>Nam</strong></span> <span class='ocrx_word' id='word_1_834' title='bbox 2433 4043 2590 4098; x_wconf 90' lang='lat' dir='ltr'><strong>simul</strong></span> <span class='ocrx_word' id='word_1_835' title='bbox 2611 4053 2771 4112; x_wconf 91' lang='lat' dir='ltr'><strong>atque</strong></span> <span class='ocrx_word' id='word_1_836' title='bbox 2800 4044 3146 4113; x_wconf 86' lang='lat' dir='ltr'><strong>baptizamur,</strong></span> <span class='ocrx_word' id='word_1_837' title='bbox 3173 4061 3335 4114; x_wconf 86' lang='lat' dir='ltr'><strong>supra</strong></span> <span class='ocrx_word' id='word_1_838' title='bbox 3363 4047 3530 4102; x_wconf 76' lang='lat' dir='ltr'><strong>Solem</strong></span> <span class='ocrx_word' id='word_1_839' title='bbox 3552 4047 3731 4102; x_wconf 89' lang='lat' dir='ltr'><strong>anima</strong></span> 
     </span>
    </p>
   </div>
   <div class='ocr_carea' id='block_1_105' title="bbox 2149 4133 3734 4206">
    <p class='ocr_par' dir='ltr' id='par_1_105' title="bbox 2149 4133 3734 4206">
     <span class='ocr_line' id='line_1_105' title="bbox 2149 4133 3734 4206; baseline 0.003 -18"><span class='ocrx_word' id='word_1_840' title='bbox 2149 4133 2562 4203; x_wconf 83' lang='lat' dir='ltr'><strong>exsplendescit,</strong></span> <span class='ocrx_word' id='word_1_841' title='bbox 2609 4149 2639 4187; x_wconf 92' lang='lat' dir='ltr'><strong>a</strong></span> <span class='ocrx_word' id='word_1_842' title='bbox 2685 4135 2883 4203; x_wconf 90' lang='lat' dir='ltr'><strong>Spiritu</strong></span> <span class='ocrx_word' id='word_1_843' title='bbox 2934 4147 3249 4206; x_wconf 89' lang='lat' dir='ltr'><strong>perpurgata</strong></span> <span class='ocrx_word' id='word_1_844' title='bbox 3283 4154 3297 4190; x_wconf 93' lang='lat'><strong>:</strong></span> <span class='ocrx_word' id='word_1_845' title='bbox 3329 4152 3393 4192; x_wconf 86' lang='lat' dir='ltr'><strong>ac</strong></span> <span class='ocrx_word' id='word_1_846' title='bbox 3432 4154 3540 4193; x_wconf 91' lang='lat' dir='ltr'><strong>non</strong></span> <span class='ocrx_word' id='word_1_847' title='bbox 3574 4138 3734 4193; x_wconf 89' lang='lat' dir='ltr'><strong>modo</strong></span> 
     </span>
    </p>
   </div>
   <div class='ocr_carea' id='block_1_106' title="bbox 2149 4225 3736 4299">
    <p class='ocr_par' dir='ltr' id='par_1_106' title="bbox 2149 4225 3736 4299">
     <span class='ocr_line' id='line_1_106' title="bbox 2149 4225 3736 4299; baseline 0.002 -20"><span class='ocrx_word' id='word_1_848' title='bbox 2149 4226 2376 4296; x_wconf 84' lang='lat' dir='ltr'><strong>gloriam</strong></span> <span class='ocrx_word' id='word_1_849' title='bbox 2409 4225 2500 4280; x_wconf 92' lang='lat' dir='ltr'><strong>Dei</strong></span> <span class='ocrx_word' id='word_1_850' title='bbox 2528 4226 2905 4294; x_wconf 81' lang='lat' dir='ltr'><strong>prOSpicimns,</strong></span> <span class='ocrx_word' id='word_1_851' title='bbox 2938 4227 3032 4281; x_wconf 90' lang='lat' dir='ltr'><strong>sed</strong></span> <span class='ocrx_word' id='word_1_852' title='bbox 3074 4229 3218 4283; x_wconf 90' lang='lat' dir='ltr'><strong>illinc</strong></span> <span class='ocrx_word' id='word_1_853' title='bbox 3241 4244 3452 4298; x_wconf 91' lang='lat' dir='ltr'><strong>quoque</strong></span> <span class='ocrx_word' id='word_1_854' title='bbox 3481 4230 3736 4299; x_wconf 89' lang='lat' dir='ltr'><strong>splendo-</strong></span> 
     </span>
    </p>
   </div>
   <div class='ocr_carea' id='block_1_107' title="bbox 2150 4316 3732 4390">
    <p class='ocr_par' dir='ltr' id='par_1_107' title="bbox 2150 4316 3732 4390">
     <span class='ocr_line' id='line_1_107' title="bbox 2150 4316 3732 4390; baseline -0.001 -18"><span class='ocrx_word' id='word_1_855' title='bbox 2150 4333 2262 4372; x_wconf 88' lang='lat' dir='ltr'><strong>rem</strong></span> <span class='ocrx_word' id='word_1_856' title='bbox 2291 4318 2519 4387; x_wconf 85' lang='lat' dir='ltr'><strong>aliquem</strong></span> <span class='ocrx_word' id='word_1_857' title='bbox 2549 4316 2842 4371; x_wconf 89' lang='lat' dir='ltr'><strong>haurimus.</strong></span> <span class='ocrx_word' id='word_1_858' title='bbox 2875 4317 3023 4373; x_wconf 83' lang='lat' dir='ltr'><strong>Sicut</strong></span> <span class='ocrx_word' id='word_1_859' title='bbox 3047 4320 3188 4372; x_wconf 92' lang='lat' dir='ltr'><strong>enim</strong></span> <span class='ocrx_word' id='word_1_860' title='bbox 3217 4334 3404 4388; x_wconf 89' lang='lat' dir='ltr'><strong>purum</strong></span> <span class='ocrx_word' id='word_1_861' title='bbox 3430 4330 3732 4390; x_wconf 84' lang='lat' dir='ltr'><strong>argentum,</strong></span> 
     </span>
    </p>
   </div>
   <div class='ocr_carea' id='block_1_108' title="bbox 2153 4407 3734 4479">
    <p class='ocr_par' dir='ltr' id='par_1_108' title="bbox 2153 4407 3734 4479">
     <span class='ocr_line' id='line_1_108' title="bbox 2153 4407 3734 4479; baseline 0.001 -18"><span class='ocrx_word' id='word_1_862' title='bbox 2153 4408 2220 4461; x_wconf 92' lang='lat' dir='ltr'><strong>ad</strong></span> <span class='ocrx_word' id='word_1_863' title='bbox 2247 4408 2376 4462; x_wconf 91' lang='lat' dir='ltr'><strong>solis</strong></span> <span class='ocrx_word' id='word_1_864' title='bbox 2402 4407 2581 4462; x_wconf 87' lang='lat' dir='ltr'><strong>radios</strong></span> <span class='ocrx_word' id='word_1_865' title='bbox 2611 4407 2794 4473; x_wconf 90' lang='lat' dir='ltr'><strong>situm,</strong></span> <span class='ocrx_word' id='word_1_866' title='bbox 2840 4407 3015 4476; x_wconf 90' lang='lat' dir='ltr'><strong>ipsum</strong></span> <span class='ocrx_word' id='word_1_867' title='bbox 3043 4424 3254 4479; x_wconf 91' lang='lat' dir='ltr'><strong>quoque</strong></span> <span class='ocrx_word' id='word_1_868' title='bbox 3292 4409 3472 4464; x_wconf 87' lang='lat' dir='ltr'><strong>radios</strong></span> <span class='ocrx_word' id='word_1_869' title='bbox 3517 4410 3734 4473; x_wconf 89' lang='lat' dir='ltr'><strong>emittit,</strong></span> 
     </span>
    </p>
   </div>
   <div class='ocr_carea' id='block_1_109' title="bbox 2153 4499 3736 4565">
    <p class='ocr_par' dir='ltr' id='par_1_109' title="bbox 2153 4499 3736 4565">
     <span class='ocr_line' id='line_1_109' title="bbox 2153 4499 3736 4565; baseline -0.001 -11"><span class='ocrx_word' id='word_1_870' title='bbox 2153 4515 2260 4554; x_wconf 88' lang='lat' dir='ltr'><strong>non</strong></span> <span class='ocrx_word' id='word_1_871' title='bbox 2291 4499 2360 4554; x_wconf 86' lang='lat' dir='ltr'><strong>ob</strong></span> <span class='ocrx_word' id='word_1_872' title='bbox 2385 4513 2535 4553; x_wconf 91' lang='lat' dir='ltr'><strong>suam</strong></span> <span class='ocrx_word' id='word_1_873' title='bbox 2563 4499 2842 4552; x_wconf 81' lang='lat' dir='ltr'><strong>dumtaxat</strong></span> <span class='ocrx_word' id='word_1_874' title='bbox 2888 4510 3151 4565; x_wconf 89' lang='lat' dir='ltr'><strong>naturam,</strong></span> <span class='ocrx_word' id='word_1_875' title='bbox 3183 4501 3276 4555; x_wconf 91' lang='lat' dir='ltr'><strong>sed</strong></span> <span class='ocrx_word' id='word_1_876' title='bbox 3306 4503 3468 4556; x_wconf 88' lang='lat' dir='ltr'><strong>etiam</strong></span> <span class='ocrx_word' id='word_1_877' title='bbox 3497 4502 3568 4556; x_wconf 93' lang='lat' dir='ltr'><strong>ob</strong></span> <span class='ocrx_word' id='word_1_878' title='bbox 3600 4502 3736 4558; x_wconf 87' lang='lat' dir='ltr'><strong>sola-</strong></span> 
     </span>
    </p>
   </div>
   <div class='ocr_carea' id='block_1_110' title="bbox 2155 4588 3738 4661">
    <p class='ocr_par' dir='ltr' id='par_1_110' title="bbox 2155 4588 3738 4661">
     <span class='ocr_line' id='line_1_110' title="bbox 2155 4588 3738 4661; baseline 0 -17"><span class='ocrx_word' id='word_1_879' title='bbox 2155 4605 2268 4644; x_wconf 91' lang='lat' dir='ltr'><strong>rem</strong></span> <span class='ocrx_word' id='word_1_880' title='bbox 2301 4589 2563 4658; x_wconf 71' lang='lat' dir='ltr'><strong>fulgorem</strong></span> <span class='ocrx_word' id='word_1_881' title='bbox 2589 4607 2603 4642; x_wconf 90' lang='lat'><strong>:</strong></span> <span class='ocrx_word' id='word_1_882' title='bbox 2627 4588 2816 4644; x_wconf 91' lang='lat' dir='ltr'><strong>eodem</strong></span> <span class='ocrx_word' id='word_1_883' title='bbox 2849 4589 3010 4644; x_wconf 93' lang='lat' dir='ltr'><strong>modo</strong></span> <span class='ocrx_word' id='word_1_884' title='bbox 3039 4591 3214 4644; x_wconf 90' lang='lat' dir='ltr'><strong>anima</strong></span> <span class='ocrx_word' id='word_1_885' title='bbox 3255 4591 3534 4657; x_wconf 64' lang='lat' dir='ltr'><strong>defamata,</strong></span> <span class='ocrx_word' id='word_1_886' title='bbox 3580 4602 3738 4661; x_wconf 88' lang='lat' dir='ltr'><strong>atque</strong></span> 
     </span>
    </p>
   </div>
   <div class='ocr_carea' id='block_1_111' title="bbox 2155 4683 3736 4756">
    <p class='ocr_par' dir='ltr' id='par_1_111' title="bbox 2155 4683 3736 4756">
     <span class='ocr_line' id='line_1_111' title="bbox 2155 4683 3736 4756; baseline -0.002 -17"><span class='ocrx_word' id='word_1_887' title='bbox 2155 4694 2375 4753; x_wconf 85' lang='lat' dir='ltr'><strong>argento</strong></span> <span class='ocrx_word' id='word_1_888' title='bbox 2403 4683 2734 4753; x_wconf 89' lang='lat' dir='ltr'><strong>splendidior</strong></span> <span class='ocrx_word' id='word_1_889' title='bbox 2759 4684 2969 4750; x_wconf 81' lang='lat' dir='ltr'><strong>eﬂ‘ecta,</strong></span> <span class='ocrx_word' id='word_1_890' title='bbox 2999 4701 3028 4738; x_wconf 94' lang='lat' dir='ltr'><strong>a</strong></span> <span class='ocrx_word' id='word_1_891' title='bbox 3074 4685 3300 4754; x_wconf 90' lang='lat' dir='ltr'><strong>Spiritus</strong></span> <span class='ocrx_word' id='word_1_892' title='bbox 3328 4685 3496 4756; x_wconf 90' lang='lat' dir='ltr'><strong>gloria</strong></span> <span class='ocrx_word' id='word_1_893' title='bbox 3531 4685 3736 4739; x_wconf 88' lang='lat' dir='ltr'><strong>radium</strong></span> 
     </span>
    </p>
   </div>
   <div class='ocr_carea' id='block_1_112' title="bbox 2157 4773 3737 4843">
    <p class='ocr_par' dir='ltr' id='par_1_112' title="bbox 2157 4773 3737 4843">
     <span class='ocr_line' id='line_1_112' title="bbox 2157 4773 3737 4843; baseline -0.003 -13"><span class='ocrx_word' id='word_1_894' title='bbox 2157 4775 2396 4843; x_wconf 86' lang='lat' dir='ltr'><strong>suscipit,</strong></span> <span class='ocrx_word' id='word_1_895' title='bbox 2447 4790 2512 4830; x_wconf 89' lang='lat' dir='ltr'><strong>ac</strong></span> <span class='ocrx_word' id='word_1_896' title='bbox 2549 4773 2784 4830; x_wconf 87' lang='lat' dir='ltr'><strong>vicissim</strong></span> <span class='ocrx_word' id='word_1_897' title='bbox 2815 4775 3060 4830; x_wconf 91' lang='lat' dir='ltr'><strong>remittit.</strong></span> <span class='ocrx_word' id='word_1_898' title='bbox 3096 4774 3248 4831; x_wconf 88' lang='lat' dir='ltr'><strong>Unde</strong></span> <span class='ocrx_word' id='word_1_899' title='bbox 3276 4777 3434 4831; x_wconf 92' lang='lat' dir='ltr'><strong>etiam</strong></span> <span class='ocrx_word' id='word_1_900' title='bbox 3465 4775 3560 4842; x_wconf 92' lang='lat' dir='ltr'><strong>ait,</strong></span> <span class='ocrx_word' id='word_1_901' title='bbox 3607 4776 3737 4843; x_wconf 80' lang='lat' dir='ltr'><strong>Spe-</strong></span> 
     </span>
    </p>
   </div>
   <div class='ocr_carea' id='block_1_113' title="bbox 2158 4867 3736 4939">
    <p class='ocr_par' dir='ltr' id='par_1_113' title="bbox 2158 4867 3736 4939">
     <span class='ocr_line' id='line_1_113' title="bbox 2158 4867 3736 4939; baseline -0.003 -17"><span class='ocrx_word' id='word_1_902' title='bbox 2158 4869 2403 4932; x_wconf 87' lang='lat' dir='ltr'><strong>culantes,</strong></span> <span class='ocrx_word' id='word_1_903' title='bbox 2435 4868 2490 4921; x_wconf 90' lang='lat' dir='ltr'><strong>in</strong></span> <span class='ocrx_word' id='word_1_904' title='bbox 2534 4867 2762 4922; x_wconf 87' lang='lat' dir='ltr'><strong>eamdem</strong></span> <span class='ocrx_word' id='word_1_905' title='bbox 2802 4868 3073 4938; x_wconf 84' lang='lat' dir='ltr'><strong>imaginem</strong></span> <span class='ocrx_word' id='word_1_906' title='bbox 3103 4869 3530 4938; x_wconf 80' lang='lat' dir='ltr'><strong>transformamur</strong></span> <span class='ocrx_word' id='word_1_907' title='bbox 3556 4879 3590 4923; x_wconf 76' lang='grc' dir='ltr'><em>α</em></span> <span class='ocrx_word' id='word_1_908' title='bbox 3631 4867 3736 4939; x_wconf 87' lang='lat' dir='ltr'><strong>glo-</strong></span> 
     </span>
    </p>
   </div>
   <div class='ocr_carea' id='block_1_114' title="bbox 2159 4958 3736 5030">
    <p class='ocr_par' dir='ltr' id='par_1_114' title="bbox 2159 4958 3736 5030">
     <span class='ocr_line' id='line_1_114' title="bbox 2159 4958 3736 5030; baseline -0.001 -18"><span class='ocrx_word' id='word_1_909' title='bbox 2159 4976 2258 5025; x_wconf 77' lang='lat' dir='ltr'><strong>ria,</strong></span> <span class='ocrx_word' id='word_1_910' title='bbox 2287 4959 2539 5028; x_wconf 91' lang='lat' dir='ltr'><strong>Spiritus,</strong></span> <span class='ocrx_word' id='word_1_911' title='bbox 2589 4959 2644 5013; x_wconf 85' lang='lat' dir='ltr'><strong>in</strong></span> <span class='ocrx_word' id='word_1_912' title='bbox 2693 4959 2929 5030; x_wconf 90' lang='lat' dir='ltr'><strong>gloriam,</strong></span> <span class='ocrx_word' id='word_1_913' title='bbox 2978 4968 3238 5025; x_wconf 87' lang='lat' dir='ltr'><strong>nostram,</strong></span> <span class='ocrx_word' id='word_1_914' title='bbox 3269 4976 3428 5030; x_wconf 90' lang='lat' dir='ltr'><strong>quam</strong></span> <span class='ocrx_word' id='word_1_915' title='bbox 3459 4958 3736 5015; x_wconf 87' lang='lat' dir='ltr'><strong>contrahi-</strong></span> 
     </span>
    </p>
   </div>
   <div class='ocr_carea' id='block_1_115' title="bbox 2161 5050 3738 5122">
    <p class='ocr_par' dir='ltr' id='par_1_115' title="bbox 2161 5050 3738 5122">
     <span class='ocr_line' id='line_1_115' title="bbox 2161 5050 3738 5122; baseline -0.002 -17"><span class='ocrx_word' id='word_1_916' title='bbox 2161 5067 2301 5115; x_wconf 91' lang='lat' dir='ltr'><strong>mus,</strong></span> <span class='ocrx_word' id='word_1_917' title='bbox 2330 5066 2554 5122; x_wconf 81' lang='lat' dir='ltr'><strong>quaeque</strong></span> <span class='ocrx_word' id='word_1_918' title='bbox 2583 5052 2701 5106; x_wconf 92' lang='lat' dir='ltr'><strong>talis</strong></span> <span class='ocrx_word' id='word_1_919' title='bbox 2718 5059 2800 5106; x_wconf 90' lang='lat' dir='ltr'><strong>est</strong></span> <span class='ocrx_word' id='word_1_920' title='bbox 2827 5051 3040 5122; x_wconf 89' lang='lat' dir='ltr'><strong>qualem</strong></span> <span class='ocrx_word' id='word_1_921' title='bbox 3071 5065 3192 5107; x_wconf 90' lang='lat' dir='ltr'><strong>esse</strong></span> <span class='ocrx_word' id='word_1_922' title='bbox 3219 5066 3318 5121; x_wconf 87' lang='lat' dir='ltr'><strong>par</strong></span> <span class='ocrx_word' id='word_1_923' title='bbox 3343 5061 3446 5120; x_wconf 90' lang='lat' dir='ltr'><strong>est,</strong></span> <span class='ocrx_word' id='word_1_924' title='bbox 3469 5069 3503 5105; x_wconf 81' lang='grc' dir='ltr'><em>α</em></span> <span class='ocrx_word' id='word_1_925' title='bbox 3522 5050 3738 5106; x_wconf 86' lang='lat' dir='ltr'><strong>Domino</strong></span> 
     </span>
    </p>
   </div>
   <div class='ocr_carea' id='block_1_116' title="bbox 2163 5142 2385 5211">
    <p class='ocr_par' dir='ltr' id='par_1_116' title="bbox 2163 5142 2385 5211">
     <span class='ocr_line' id='line_1_116' title="bbox 2163 5142 2385 5211; baseline -0.005 -14"><span class='ocrx_word' id='word_1_926' title='bbox 2163 5142 2385 5211; x_wconf 85' lang='lat' dir='ltr'><strong>Spiritu.</strong></span> 
     </span>
    </p>
   </div>
   <div class='ocr_carea' id='block_1_117' title="bbox 2235 5233 3719 5308">
    <p class='ocr_par' dir='ltr' id='par_1_117' title="bbox 2235 5233 3719 5308">
     <span class='ocr_line' id='line_1_117' title="bbox 2235 5233 3719 5308; baseline -0.004 -18"><span class='ocrx_word' id='word_1_927' title='bbox 2235 5235 2461 5305; x_wconf 83' lang='lat' dir='ltr'><strong>Spiritus</strong></span> <span class='ocrx_word' id='word_1_928' title='bbox 2479 5243 2685 5289; x_wconf 87' lang='lat' dir='ltr'><strong>sanctus</strong></span> <span class='ocrx_word' id='word_1_929' title='bbox 2705 5233 2931 5305; x_wconf 84' lang='lat' dir='ltr'><strong>ejusdem</strong></span> <span class='ocrx_word' id='word_1_930' title='bbox 2951 5235 3211 5306; x_wconf 86' lang='lat' dir='ltr'><strong>dignitatis</strong></span> <span class='ocrx_word' id='word_1_931' title='bbox 3236 5237 3383 5308; x_wconf 82' lang='lat' dir='ltr'><strong>cujus</strong></span> <span class='ocrx_word' id='word_1_932' title='bbox 3405 5235 3562 5288; x_wconf 87' lang='lat' dir='ltr'><strong>Pater</strong></span> <span class='ocrx_word' id='word_1_933' title='bbox 3579 5242 3719 5289; x_wconf 83' lang='lat' dir='ltr'><strong>est.-</strong></span> 
     </span>
    </p>
   </div>
   <div class='ocr_carea' id='block_1_118' title="bbox 2164 5325 3738 5396">
    <p class='ocr_par' dir='ltr' id='par_1_118' title="bbox 2164 5325 3738 5396">
     <span class='ocr_line' id='line_1_118' title="bbox 2164 5325 3738 5396; baseline -0.002 -17"><span class='ocrx_word' id='word_1_934' title='bbox 2164 5325 2300 5380; x_wconf 81' lang='lat' dir='ltr'><strong>Vide</strong></span> <span class='ocrx_word' id='word_1_935' title='bbox 2334 5325 2603 5396; x_wconf 91' lang='lat' dir='ltr'><strong>quomodo</strong></span> <span class='ocrx_word' id='word_1_936' title='bbox 2631 5326 2732 5380; x_wconf 86' lang='lat' dir='ltr'><strong>hoc</strong></span> <span class='ocrx_word' id='word_1_937' title='bbox 2759 5326 2888 5380; x_wconf 92' lang='lat' dir='ltr'><strong>item</strong></span> <span class='ocrx_word' id='word_1_938' title='bbox 2918 5325 3037 5380; x_wconf 90' lang='lat' dir='ltr'><strong>loco</strong></span> <span class='ocrx_word' id='word_1_939' title='bbox 3060 5325 3316 5395; x_wconf 89' lang='lat' dir='ltr'><strong>Spiritum</strong></span> <span class='ocrx_word' id='word_1_940' title='bbox 3348 5327 3631 5380; x_wconf 91' lang='lat' dir='ltr'><strong>Dominum</strong></span> <span class='ocrx_word' id='word_1_941' title='bbox 3653 5336 3738 5389; x_wconf 81' lang='lat' dir='ltr'><strong>ap-</strong></span> 
     </span>
    </p>
   </div>
   <div class='ocr_carea' id='block_1_119' title="bbox 2166 5419 3735 5490">
    <p class='ocr_par' dir='ltr' id='par_1_119' title="bbox 2166 5419 3735 5490">
     <span class='ocr_line' id='line_1_119' title="bbox 2166 5419 3735 5490; baseline -0.003 -19"><span class='ocrx_word' id='word_1_942' title='bbox 2166 5419 2347 5489; x_wconf 72' lang='lat' dir='ltr'><strong>pellet.</strong></span> <span class='ocrx_word' id='word_1_943' title='bbox 2417 5421 2591 5487; x_wconf 86' lang='lat' dir='ltr'><strong>Atque</strong></span> <span class='ocrx_word' id='word_1_944' title='bbox 2650 5419 2778 5473; x_wconf 88' lang='lat' dir='ltr'><strong>alibi</strong></span> <span class='ocrx_word' id='word_1_945' title='bbox 2835 5435 3047 5490; x_wconf 88' lang='lat' dir='ltr'><strong>quoque</strong></span> <span class='ocrx_word' id='word_1_946' title='bbox 3101 5421 3271 5490; x_wconf 88' lang='lat' dir='ltr'><strong>ipsius</strong></span> <span class='ocrx_word' id='word_1_947' title='bbox 3322 5419 3735 5473; x_wconf 89' lang='lat' dir='ltr'><strong>dominationem</strong></span> 
     </span>
    </p>
   </div>
   <div class='ocr_carea' id='block_1_120' title="bbox 2167 5508 3734 5579">
    <p class='ocr_par' dir='ltr' id='par_1_120' title="bbox 2167 5508 3734 5579">
     <span class='ocr_line' id='line_1_120' title="bbox 2167 5508 3734 5579; baseline -0.003 -17"><span class='ocrx_word' id='word_1_948' title='bbox 2167 5510 2470 5579; x_wconf 80' lang='lat' dir='ltr'><strong>perspicere</strong></span> <span class='ocrx_word' id='word_1_949' title='bbox 2518 5510 2683 5565; x_wconf 90' lang='lat' dir='ltr'><strong>licet:</strong></span> <span class='ocrx_word' id='word_1_950' title='bbox 2719 5509 3128 5564; x_wconf 79' lang='lat' dir='ltr'><strong>Ministrantibus</strong></span> <span class='ocrx_word' id='word_1_951' title='bbox 3165 5512 3308 5564; x_wconf 89' lang='lat' dir='ltr'><strong>enim</strong></span> <span class='ocrx_word' id='word_1_952' title='bbox 3335 5510 3461 5578; x_wconf 86' lang='lat' dir='ltr'><strong>ipsis</strong></span> <span class='ocrx_word' id='word_1_953' title='bbox 3502 5508 3734 5567; x_wconf 85' lang='lat' dir='ltr'><strong>Domino,</strong></span> 
     </span>
    </p>
   </div>
   <div class='ocr_carea' id='block_1_121' title="bbox 2168 5601 3738 5672">
    <p class='ocr_par' dir='ltr' id='par_1_121' title="bbox 2168 5601 3738 5672">
     <span class='ocr_line' id='line_1_121' title="bbox 2168 5601 3738 5672; baseline 0 -17"><span class='ocrx_word' id='word_1_954' title='bbox 2168 5601 2356 5670; x_wconf 90' lang='lat' dir='ltr'><strong>inquit,</strong></span> <span class='ocrx_word' id='word_1_955' title='bbox 2388 5617 2448 5654; x_wconf 85' lang='lat' dir='ltr'><strong>ac</strong></span> <span class='ocrx_word' id='word_1_956' title='bbox 2463 5601 2836 5672; x_wconf 82' lang='lat' dir='ltr'><strong>jejunantibsts,</strong></span> <span class='ocrx_word' id='word_1_957' title='bbox 2861 5602 2986 5655; x_wconf 74' lang='lat' dir='ltr'><strong>dixit</strong></span> <span class='ocrx_word' id='word_1_958' title='bbox 3018 5602 3243 5671; x_wconf 83' lang='lat' dir='ltr'><strong>Spiritus</strong></span> <span class='ocrx_word' id='word_1_959' title='bbox 3281 5611 3487 5656; x_wconf 89' lang='lat' dir='ltr'><strong>sanctus</strong></span> <span class='ocrx_word' id='word_1_960' title='bbox 3514 5619 3534 5654; x_wconf 93' lang='lat'><em>:</em></span> <span class='ocrx_word' id='word_1_961' title='bbox 3565 5602 3738 5668; x_wconf 44' lang='lat' dir='ltr'><strong>Segne</strong></span> 
     </span>
    </p>
   </div>
   <div class='ocr_carea' id='block_1_122' title="bbox 2169 5681 3736 5764">
    <p class='ocr_par' dir='ltr' id='par_1_122' title="bbox 2169 5681 3736 5764">
     <span class='ocr_line' id='line_1_122' title="bbox 2169 5681 3736 5764; baseline -0.002 -19"><span class='ocrx_word' id='word_1_962' title='bbox 2169 5705 2282 5764; x_wconf 66' lang='grc' dir='ltr'><strong>σακε</strong></span> <span class='ocrx_word' id='word_1_963' title='bbox 2322 5693 2447 5747; x_wconf 83' lang='lat' dir='ltr'><strong>mihi</strong></span> <span class='ocrx_word' id='word_1_964' title='bbox 2487 5692 2710 5748; x_wconf 82' lang='lat' dir='ltr'><strong>Paulum</strong></span> <span class='ocrx_word' id='word_1_965' title='bbox 2753 5703 2800 5748; x_wconf 89' lang='lat' dir='ltr'><strong>et</strong></span> <span class='ocrx_word' id='word_1_966' title='bbox 2848 5691 3134 5748; x_wconf 77' lang='lat' dir='ltr'><strong>Barnabam</strong></span> <span class='ocrx_word' id='word_1_967' title='bbox 3169 5692 3304 5764; x_wconf 79' lang='lat' dir='ltr'><strong>(Act.</strong></span> <span class='ocrx_word' id='word_1_968' title='bbox 3337 5692 3424 5746; x_wconf 76' lang='lat' dir='ltr'><strong>l3.</strong></span> <span class='ocrx_word' id='word_1_969' title='bbox 3462 5690 3546 5764; x_wconf 75' lang='lat'><strong>2).</strong></span> <span class='ocrx_word' id='word_1_970' title='bbox 3583 5689 3663 5745; x_wconf 83' lang='lat' dir='ltr'><strong>Ob</strong></span> <span class='ocrx_word' id='word_1_971' title='bbox 3688 5681 3736 5742; x_wconf 68' lang='lat' dir='ltr'><strong>id</strong></span> 
     </span>
    </p>
   </div>
  </div>
