4070 6152
441 318 545 377 H7

437 431 530 486 τὸν
548 428 749 499 τρόπον
764 425 860 496 τῆς
887 422 1245 495 διορθώσεως.
1264 419 1362 482 Τίς
1381 418 1439 471 δέ
1453 411 1605 480 οὗτός
1631 418 1777 469 ἐστιν
1796 432 1811 479 ;
1845 410 2005 469 Ἡνί-

439 537 519 577 κα
545 521 601 575 δ’
634 518 709 574 ἂν
731 513 1063 583 ἐπιστρέψῃ
1095 510 1245 580 πρὸς
1281 511 1520 577 Κύριον,
1538 508 1676 577 ὅπερ
1699 504 1847 558 ἐστὶν
1875 504 2008 557 ἀπο-

443 611 637 682 στῆναι
671 608 767 663 τοῦ
795 608 981 676 νόμου,
1008 600 1392 671 περιαιρεῖται
1417 598 1484 653 τὸ
1510 598 1811 665 κάλυμμα.
1847 594 2006 664 Ὁρᾷς

440 705 525 758 ὅτι
568 704 628 755 οὐ
654 700 747 753 τοῦ
789 697 1082 769 προσώπου
1114 694 1395 756 Μωῢσέως
1425 692 1693 761 κάλυμμα
1718 684 1786 759 ἦν
1811 688 2007 750 ἐκεῖνο,

444 797 578 850 ἀλλά
597 796 694 864 τῆς
717 768 888 861 ὄψεως
920 790 1021 860 τῆς
1057 785 1388 854 ἰουδαῖκῆςς
1424 783 1497 835 Ού
1528 782 1638 851 γὰρ
1657 780 1743 834 ῖνα
1760 768 2011 848 κρύπτη-

444 906 533 943 ται
566 889 598 957 ή
635 885 760 949 δόξα
776 882 1079 945 Μωῦσέως,
1100 878 1260 932 τοῦτο
1281 875 1513 945 ἐγίνετο,
1541 867 1666 927 ἀλλ’
1696 870 1783 924 ἵνα
1816 871 2012 923 ἐκεῖνοι

447 981 522 1053 μὴ
546 979 837 1049 βλέπωσιν·
861 974 982 1027 οὐδὲ
1014 972 1123 1041 γάρ
1150 969 1414 1038 ἐχώρουν.
1431 965 1594 1017 Ὥστε
1611 961 1834 1017 ἐκείνων
1859 957 2014 1012 ἐλάτ-

442 1052 605 1142 τωμα
637 1068 813 1124 τοῦτο’
832 1064 984 1139 [485]
1015 1063 1135 1118 οὐδὲ
1162 1061 1270 1131 γὰρ
1290 1059 1479 1113 τοῦτον
1501 1054 1672 1109 ἐποίει
1698 1069 1750 1106 τι
1779 1052 2013 1119 ἀγνοεῖν,

444 1140 560 1218 ἀλλ’
595 1160 857 1222 ἐκείνους.
898 1157 1010 1210 Καὶ
1042 1156 1143 1208 ούκ
1165 1149 1287 1205 εἷπε
1319 1149 1419 1219 μὲν
1439 1180 1465 1211 κ
1491 1145 1683 1200 Ἡνίκα
1700 1142 1767 1196 ἂν
1787 1143 1898 1213 ἀφῇ
1924 1140 2015 1194 τὸν

444 1259 634 1326 νόμον,
662 1252 822 1307 τοῦτο
842 1251 900 1304 δὲ
927 1246 1166 1320 ᾐνίξατο.
1193 1245 1333 1298 Ὀτε
1359 1241 1469 1311 γὰρ
1503 1235 1836 1304 ἐπιστρέψῃ
1866 1231 2020 1302 πρὸς

350 1350 364 1359 ’
446 1323 705 1415 Κύριον,
731 1337 1119 1408 περιαιρεῖται
1160 1335 1227 1389 τὸ
1256 1332 1560 1399 κάλυμμα.
1604 1327 1786 1396 Μέχρι
1829 1323 2019 1385 τέλους

449 1412 705 1507 ἐπέμεινε
740 1436 809 1504 τῇ
845 1429 1071 1502 ἱστορίᾳ.
1108 1426 1217 1481 Καὶ
1244 1425 1351 1495 γὰρ
1386 1425 1476 1477 ὅτε
1510 1418 1790 1482 Ἰουδαίοις
1842 1412 2019 1469 διελέ-

451 1552 581 1606 γετο
627 1530 868 1600 Μωῦσῆς
889 1567 905 1590 ,
939 1526 1242 1581 ἐκάλυπτεν
1285 1518 1452 1575 αὑτοῦ
1484 1517 1547 1572 τὸ
1572 1515 1864 1586 πρόσωπον
1887 1527 1902 1542 ·
1930 1510 2021 1564 ὅτε

453 1596 512 1682 δέ
543 1625 679 1697 πρὸς
718 1596 967 1677 τὸν-Θεὸν
992 1617 1345 1687 ἐπέστρεφεν,
1372 1604 1901 1676 ἁποκεκαλυμμένον
1928 1596 2015 1673 ἦν.

454 1694 625 1773 Τοῦτο
650 1715 708 1769 δὲ
743 1711 914 1775 τύπος
948 1705 1019 1780 ἣν
1055 1707 1149 1760 τοῦ
1187 1705 1473 1776 μέλλοντος
1504 1696 1756 1760 ἔσεσθαι,
1782 1696 1865 1749 ὅτι
1894 1694 2023 1747 ὃταν

455 1804 877 1878 ἐπιστρέψωμεν
907 1799 1044 1871 πρὸς
1060 1796 1287 1867 Κύριον,
1312 1794 1435 1847 τότε
1473 1788 1717 1861 ὀψόμεθα
1737 1786 1838 1858 τὴν
1865 1783 2023 1851 δόξαν

454 1897 551 1952 τοῦ
586 1875 778 1966 νόμον,
817 1891 911 1945 καὶ
938 1888 1147 1959 γυμνὸν
1168 1885 1231 1940 τὸ
1264 1883 1556 1954 πρόσωπον
1581 1877 1674 1934 τοῦ
1696 1875 1985 1948 νομοθέτου
2003 1888 2022 1904 ο

457 1986 661 2059 μᾶλλον
709 1983 766 2037 δέ
807 1982 870 2035 ού
914 1981 1073 2034 τοῦτο
1108 1978 1289 2050 μόνον,
1328 1972 1465 2028 ἀλλά
1511 1972 1632 2025 τότε
1661 1967 1900 2040 ἐσόμεθα
1932 1967 2027 2020 καὶ

455 2054 513 2131 ἐν
551 2074 704 2139 τάξει
737 2069 1039 2133 Μωῦσέως.
1071 2063 1227 2128 Εἶδες
1264 2062 1381 2125 πῶς
1418 2058 1733 2114 ἐκκαλεῖται
1767 2054 1858 2108 τδν
1893 2054 2028 2107 Ἰου-

452 2171 601 2225 δαῖον
627 2167 719 2221 ἐπὶ
756 2164 854 2235 τὴν
889 2162 1094 2225 πίστιν,
1133 2157 1349 2219 δεικνὺς
1377 2155 1460 2207 ὅτι
1489 2152 1551 2204 οὐ
1591 2150 1753 2222 μόνον
1787 2144 2029 2210 Μωῦσέα

454 2264 675 2318 δύναται
718 2260 880 2324 ίδεῖν,
913 2257 1051 2328 πρὸς
1091 2254 1191 2323 τὴν
1224 2252 1385 2324 χάριν
1427 2247 1623 2313 ἐλθὼν,
1674 2243 1811 2299 ἀλλά
1841 2241 1937 2295 καὶ
1971 2241 2031 2293 ἐν

456 2356 593 2425 αὐτῇ
632 2349 888 2422 γενέσθαι
924 2350 994 2419 τῇ
1045 2344 1198 2412 τάξει
1250 2340 1345 2395 τοῦ
1394 2337 1745 2410 νομοθέτους
1797 2333 1872 2388 Οὐ
1921 2331 2033 2400 γάρ

460 2420 656 2516 μόνον,
670 2442 827 2512 φησὶ,
855 2436 956 2509 τὴν
996 2435 1153 2501 δόξαν
1182 2432 1303 2502 δψει
1346 2432 1413 2502 ἢν
1440 2429 1562 2482 τότε
1585 2428 1686 2480 οὐκ
1709 2421 1869 2491 εἶδες,
1899 2420 2036 2476 ἀλλὰ

459 2506 558 2589 καὶ
605 2506 766 2594 abab;
814 2530 873 2583 ἐν
913 2506 1043 2597 δόξῃ
1075 2523 1174 2594 ἔσῃ
1200 2524 1269 2592 τῇ
1308 2520 1446 2589 αὐτῇ
1471 2535 1484 2549 ι
1513 2514 1712 2587 μᾶλλον
1758 2511 1815 2564 δὲ
1857 2506 2035 2578 πολλῷ

463 2624 691 2687 πλείονι,
715 2621 811 2675 καὶ
842 2616 1100 2688 τοσαύτῃ,
1130 2612 1272 2666 ὥστε
1307 2609 1442 2681 μηδὲ
1468 2606 1625 2671 δόξαν
1654 2603 1870 2672 ἐκείνην
1902 2599 2034 2671 φαί-

462 2717 650 2772 νεσθαι
680 2711 858 2785 ταύτῃ
881 2699 1532 2779 παραύαλλομέηνᾘῶς
1566 2697 1659 2751 καὶ
1680 2695 1789 2748 τίνι
1810 2692 2034 2765 τρόπῳ;

464 2810 590 2865 Ὀτι
619 2806 755 2878 πρὸς
786 2784 878 2857 τόν
925 2799 1129 2871 Κύριον
1156 2792 1512 2866 ἐπιστρέψας,
1540 2791 1636 2845 καὶ
1667 2787 1956 2857 γενόμενος
1979 2784 2038 2837 ἐν

465 2903 532 2972 τῇ
581 2874 765 2970 χάριτι
787 2935 802 2959 ,
827 2891 1043 2960 ἐκείνης
1083 2885 1373 2956 ἀπολαύσῃ
1399 2884 1501 2953 τῆς
1538 2881 1718 2950 δόξης,
1748 2876 1884 2949 πρὸς
1904 2876 1971 2946 ἢν
2003 2874 2040 2945 ἡ

467 2966 913 3058 «animum;
966 2976 1366 3051 συγκρινομένη
1397 2973 1570 3035 οὕτως
1608 2970 1848 3024 ἐλάττων
1869 2966 2037 3030 ἐστὶν,

475 3053 554 3146 ὡς
603 3079 738 3152 μηδέ
797 3074 925 3139 δόξα
965 3067 1126 3125 εἶναι.
1175 3067 1313 3122 Ἀλλ’
1349 3067 1498 3136 ὅμως
1543 3064 1589 3115 εί
1619 3061 1712 3114 καὶ
1748 3055 1920 3129 μικρά
1942 3053 2043 3108 καὶ

471 3141 678 3242 σιρόδρα
726 3165 1031 3222 ἀποδέουσα
1071 3159 1307 3229 ἐκείνης,
1346 3153 1597 3213 Ἰουδαῖος
1649 3148 1746 3219 μέν
1785 3145 1884 3203 ὣν.
1914 3141 2039 3196 οὐδὲ

469 3230 672 3331 τάύτης
733 3255 1014 3326 ἀξιωθήσῃ
1057 3250 1196 3321 [οὐκ
1243 3243 1335 3300 οῦν
1371 3244 1481 3297 ἴδον
1514 3240 1683 3310 αὐτὴν
1729 3235 1973 3289 Ἰουδαῖοι
1991 3230 2043 3282 οἱ

470 3320 698 3418 τότε,όὺ
724 3320 819 3403 νῦν
847 3359 873 3387 ³
988 3320 1184 3402 ⁷πιστὸς
1209 3338 1267 3391 δέ
1290 3336 1599 3406 γένομενος,
1624 3329 1719 3382 καὶ
1744 3325 1842 3397 τήν
1865 3320 2046 3391 πολλῷ

483 3444 710 3516 μείζονα
754 3417 927 3508 αὐτῆς
983 3429 1370 3499 καταξιωθήσῃ
1427 3421 1746 3477 θεάσασθαι.
1795 3418 1904 3471 Καὶ
1953 3417 2043 3469 ὅτε

484 3508 583 3607 μὲν
603 3536 714 3596 τοῖς
744 3531 950 3592 πιστοῖς
970 3525 1240 3590 διελέγετο
1263 3560 1277 3582 ,
1307 3520 1367 3573 ού
1403 3513 1716 3580 δεδοξάσθαι
1745 3512 1806 3563 τὸ
1828 3508 2044 3574 δεδοξα-

486 3597 685 3698 σμένον
723 3622 906 3689 ἐλεγεν
927 3637 939 3648 ·
981 3612 1216 3670 ἐνταῦθα
1249 3611 1307 3663 δὲ
1350 3609 1450 3677 οὑχ
1478 3603 1648 3666 οὕτως
1675 3643 1691 3668 ,
1716 3599 1853 3653 ἀλλά
1883 3597 2000 3661 πῶς
2026 3613 2041 3663 ;

482 3687 660 3770 ’ὁταν
705 3687 1036 3778 ἐπιστρέψῃ
1091 3703 1244 3773 πρὸς
1273 3701 1495 3768 Κύριον
1520 3735 1535 3759 ,
1571 3689 1953 3778 περιαιρεῖται
1981 3687 2048 3740 τὸ

477 3802 791 3871 κάλυμμα
833 3774 977 3851 κατά
1007 3774 1202 3863 μικρὸν
1229 3786 1392 3840 αὑτὸν
1427 3782 1670 3849 ἀνάγων,
1704 3777 1796 3831 καὶ
1821 3778 1877 3828 ἐν
1897 3774 2049 3839 τάξει

406 3954 410 3957 Α
476 3863 759 3951 Μωῦσέως
824 3885 1042 3955 πρῶτον
1090 3878 1245 3940 ίστάς
1279 3915 1295 3940 ,
1330 3874 1425 3928 καὶ
1465 3870 1587 3924 τότε
1629 3866 1738 3920 τῶν
1789 3863 2051 3936 μειζόνων

478 3977 651 4031 ποιῶν
689 3951 970 4028 κοινωνόν.
1022 3969 1189 4020 Ὅταν
1230 3963 1336 4033 γὰρ
1397 3959 1513 4030 ῖδῃς
1565 3955 1658 4008 τὸν
1711 3951 1951 4007 Μωῦσέα
1994 3951 2052 4002 ἐν

476 4064 604 4137 δόξῃ
630 4100 646 4125 ,
680 4061 802 4114 τότε
837 4055 1026 4110 λοιπὸν
1070 4052 1166 4106 καὶ
1206 4050 1342 4120 πρὸς
1390 4047 1480 4100 τὸν
1521 4043 1654 4096 Θεὸν
1680 4036 2050 4109 ἐπιστρέψεις,

480 4125 604 4205 καί..
643 4147 890 4221 μείζονος
942 4142 1273 4202 ἀπολαύσεις
1314 4137 1542 4204 ταύτης.
1589 4133 1731 4201 Ὅρα
1771 4128 1955 4182 τοίνυν
1992 4125 2052 4191 ἐξ

482 4212 656 4309 ἀρχῆς
695 4235 836 4289 πόσα
871 4231 1081 4284 τέθεικε
1122 4228 1193 4280 τὰ
1231 4222 1487 4278 ποιοῦντα
1516 4219 1615 4288 τὴν
1640 4214 1933 4285 διαφορὰν,
1959 4212 2053 4265 καὶ

481 4303 769 4380 δεικνύντα
800 4322 899 4392 τῆς
927 4318 1140 4385 Καινῆς
1191 4313 1326 4384 πρὸς
1355 4311 1453 4380 τὴν
1484 4305 1732 4361 Παλαιὰν
1758 4304 1855 4373 τὴν
1883 4303 2052 4372 ὑπερ-

483 4414 648 4484 οχὴν,
678 4412 741 4465 οὺ
782 4387 882 4479 τὴν
923 4406 1129 4478 μάχην,
1170 4400 1290 4454 οὐδὲ
1314 4398 1412 4468 τὴν
1454 4392 1794 4449 ἐναντίωσιν.
1840 4387 2059 4462 Ἐκείνη

485 4473 745 4570 γράμμα,
777 4473 937 4565 φησι,
957 4473 1053 4546 καὶ
1071 4489 1242 4550 λίθος.
1277 4485 1373 4539 καὶ
1398 4481 1633 4536 θανάτου
1664 4476 1932 4537 διακονία,
1961 4473 2057 4527 καὶ⁹

485 4562 865 4653 καταργεῖται)
888 4581 984 4633 καὶ
1009 4578 1158 4647 ὅμως
1179 4573 1299 4627 οὐδὲ
1314 4570 1517 4639 ταύτης
1534 4565 1846 4636 ἠξιώθησαν
1865 4562 1915 4614 οί
1930 4562 2059 4614 ἰου-

485 4646 740 4740 δαῖοιτῆς
755 4668 933 4738 δόξης
958 4646 1100 4734 αῦτη
1124 4659 1402 4732 σαρκίνηή
1427 4654 1587 4719 πλὰξ,
1613 4655 1710 4706 καὶ
1724 4648 1943 4719 πνεῦμα
1967 4646 2059 4701 καὶ

486 4757 801 4827 δικαιοσύνη
821 4794 837 4819 ,
862 4754 957 4808 καὶ⁵
989 4751 1138 4823 μένει
1169 4766 1182 4780 ·
1216 4747 1310 4800 καὶ
1338 4746 1539 4806 πάντες
1570 4741 1739 4811 αὐτῆς
1770 4733 2061 4801 καταξιού-

490 4845 651 4916 μεθα,
682 4823 893 4914 οὑχ-εἶς
930 4840 1091 4911 μόνος
1116 4876 1131 4900 ,
1164 4834 1414 4900 καθάπερ
1444 4828 1691 4896 Μωῦσῆς
1711 4825 1808 4896 τῆς
1837 4823 2059 4877 ἐλάττο-

486 4915 575 4999 νος
613 4934 736 4987 τότε
767 4947 781 4961 ⁸
817 4929 1016 4999 Ἡμεῖς
1048 4926 1180 4998 γὰρ,
1204 4922 1358 4993 φησὶ,
1389 4917 1613 4982 πάντες
1642 4915 2062 4982 ἀνακεκαλυμσ⁸

483 5022 648 5092 μένῳ
679 5018 981 5090 προσώπῳ
1005 5013 1118 5081 τὴν
1158 5010 1348 5073 δόξαν
1368 5004 1475 5059 τοῦ
1504 5004 1725 5070 Κυρίου
1744 5016 2030 5065 κατοπτρι
2050 5026 2062 5038 ο

487 5085 744 5177 ἱζόμεθα,
780 5105 840 5158 ού
895 5102 992 5173 τὴν
1023 5098 1323 5158 Μωῦσὲως.
1393 5090 1533 5144 Ἀλλ’
1571 5088 1758 5157 ἐπειδή
1792 5103 1934 5148 τινες
1963 5085 2022 5139 τὸ
2043 5127 2057 5150 ,

499 5170 713 5249 ’ἐνίκα
738 5191 819 5246 ἂν
837 5170 1176 5256 ἐπιστρέψῃ
1195 5183 1347 5251 πρὸς
1372 5181 1611 5246 Κύριον,
1645 5173 1889 5245 περὶτοῦ
1927 5170 2060 5225 Υἱοῦ

487 5279 742 5351 εἰρῆσθαί
788 5293 941 5345 φασι,
971 5275 1085 5335 τοῖς
1115 5271 1319 5340 σφόδρα
1350 5262 1802 5337 ὡμολογημένοις
1844 5258 2062 5314 ἀντιπίο

489 5346 718 5429 πτοντες
750 5366 779 5406 1³
828 5360 1219 5432 ἀκριϐέστερον
1269 5354 1401 5410 αὐτὸ
1454 5352 1831 5418 ἐξετάσωμεν,
1879 5346 2062 5408 θέντες

491 5457 758 5527 πρότερον
772 5455 970 5517 ἐκεῖνο,
998 5450 1088 5517 ἀφ’
1107 5442 1168 5501 οῦ
1194 5444 1441 5499 δοκοῦσιν
1457 5441 1588 5495 αὐτὸ
1609 5435 1968 5499 κατασκευάξι
1989 5452 2054 5489 ιν.

492 5520 558 5594 Τί
586 5540 645 5594 δὲ
666 5520 841 5592 ’τοῦτό
870 5538 1024 5601 ἐστι;
1058 5530 1323 5600 Καθάπερ
1342 5569 1358 5596 ,
1388 5525 1524 5598 φησὶ⁸
1543 5567 1558 5591 ,
1577 5524 1724 5592 λέγει
1765 5520 1992 5592 Πνεῦμα
2033 5520 2062 5570 ό

557 5646 579 5671 ⁶
598 5649 734 5701 Hac.
755 5649 844 5697 οὐκ
866 5645 948 5695 οὖν
966 5646 1069 5694 ίδον
1090 5643 1237 5697 αὐτὴν
1272 5637 1491 5689 Ἰουδαῖοι
1523 5640 1567 5685 οἱ
1588 5635 1714 5701 τότε,
1738 5632 1793 5681 οῦ
1831 5630 1916 5680 νῦν
1948 5643 2061 5693 ηοω

492 5695 906 5765 ἰιιΕΗΪσεέιοοι,
931 5711 984 5756 et
1009 5707 1097 5755 lnt.
1140 5695 1245 5765 ιιι.
1283 5701 1493 5765 leget-ag,
1535 5710 1597 5746 ex
1645 5695 1731 5745 Ms.
1757 5701 2056 5745 mutuamur.

559 5771 588 5814 δ
608 5769 756 5834 Edili,
779 5762 1140 5821 ἀιτιπίπτοντες.
1166 5764 1275 5825 Ms.,
1299 5762 1640 5813 ἀντιτείνοντες.

1459 302 1523 359 ΙΝ
1567 297 1790 359 ΕΡΙΘΤι
1814 297 1864 355 ιι
1889 296 1984 352 AD
2021 292 2180 352 (ΞΟΠ.
2223 291 2461 350 HOMIL.
2498 289 2615 347 VII.

3576 285 3686 343 με

2112 408 2267 473 Θεὸς,
2296 405 2440 460 οὕτω
2473 405 2567 459 καὶ
2597 400 2854 469 ἐνταῦθα,
2875 400 3100 472 Πνεῦμα
3130 401 3158 455 ό
3183 399 3409 471 Κύριος.
3439 399 3688 455 ’Δλλόὑκ

2112 492 2234 549 εἷπε
2257 535 2273 558 ,
2304 492 2533 562 Πνεῦμα
2563 492 2592 544 ὁ
2621 488 2823 561 Κύριος
2849 529 2864 553 ,
2904 485 3057 560 [486]
3091 486 3228 553 ἀλλ’,
3271 475 3335 534 Ὀ
3363 487 3575 555 Κύριος
3618 488 3688 540 τὸ

2117 579 2360 649 Πνεῦμά
2376 579 2528 632 ἐστι.
2548 575 2688 630 Πολὺ
2706 577 2764 629 δέ
2781 574 2985 645 ταύτης
3013 574 3274 644 κάκείνης
3289 572 3390 642 τῆς
3413 572 3692 643 συνθήκης

2116 667 2177 722 τὸ
2229 667 2416 737 μέσον.
2447 664 2619 716 Ὅταν
2664 663 2773 733 γὰρ
2815 661 3070 732 βούληται
3111 660 3252 713 οῦτω
3280 659 3485 727 λέγειν,
3512 659 3587 722 ὡς
3624 661 3692 712 σὺ

2117 755 2249 825 φής,
2276 751 2355 823 τῷ
2393 750 2628 821 ἐπιθέτῳ
2659 748 2860 821 ἀρθρον
2886 749 2948 802 οὐ
2986 747 3362 819 προστίθησιν.
3400 744 3606 809 Ἄλλως
3638 744 3694 798 δέ

2122 842 2325 911 ίδωμεν
2394 839 2575 892 πάντα
2640 837 2743 892 ὃσα
2799 835 3046 907 διελέχθη
3093 835 3318 893 ἀνωθεν,
3380 833 3508 904 περὶ
3551 831 3696 892 τίνος

2120 927 2341 999 εἴρηκεν
2365 941 2382 957 ο
2412 922 2541 981 οἷον.
2574 924 2663 978 ὅτε
2697 923 2872 992 ἐλεγε,
2900 923 2972 977 Τὸ
2997 922 3229 991 γράμμα
3260 916 3697 982 Monstrat,“

2123 1014 2370 1082 Πνεῦμα
2416 1010 2718 1074 ζωοποιεῒ-
2749 1010 2845 1064 καὶ
2875 1008 3059 1073 πάλιν,
3108 1007 3601 1077 Ἐγγετιοαμμένη,
3624 1006 3698 1060 οὐ

2117 1102 2336 1174 μέλανι
2357 1143 2373 1165 ,
2400 1098 2561 1154 ἀλλὰ
2598 1099 2899 1166 Πνεύματι
2946 1094 3096 1149 Θεοῦ
3142 1092 3359 1161 ζῶντος
3379 1109 3396 1126 ⁸
3430 1090 3541 1164 ἆρα
3574 1092 3700 1163 «apt

2122 1187 2219 1241 τοῦ
2279 1184 2435 1251 Υίοῦ,
2469 1183 2504 1253 ἢ
2538 1182 2667 1254 περὶ
2699 1182 2794 1235 τοῦ
2834 1180 3186 1250 Πνεύματος;
3209 1179 3439 1249 Εὔδηλον
3454 1178 3535 1231 δτι
3572 1179 3701 1250 περὶ

2122 1273 2217 1328 τοῦ
2243 1271 2564 1342 Πνεύματος
2589 1286 2604 1300 ο
2640 1268 2776 1339 «pb;
2803 1267 2912 1339 γὰρ
2935 1265 3095 1319 τοῦτο
3113 1264 3218 1319 ἀπὶ
3257 1264 3352 1318 τοῦ
3374 1266 3702 1335 γράμματος

2128 1360 2328 1423 αὐτοὺς
2380 1356 2735 1411 ἐκάλει.⁶Ἰνα
2791 1350 2919 1425 γὰρ’
2958 1353 3033 1423 μὴ
3070 1351 3312 1415 ἀκούσας
3333 1367 3416 1413 τις
3455 1347 3700 1419 Πνεῦμα,

2126 1442 2245 1501 εἶτα
2273 1446 2629 1515 λογισάμενος
2652 1483 2668 1507 ,
2700 1444 2749 1497 εί
2786 1442 3029 1512 Μωῦσῆς
3055 1440 3192 1511 πρὸς
3219 1438 3423 1509 Κύριον
3443 1438 3704 1504 ἐπέστρε-

2125 1535 2247 1604 ψεν,
2299 1532 2460 1596 αὐτὸς
2487 1531 2546 1585 δέ
2587 1530 2725 1603 πρὸς
2770 1528 3026 1599 Πνεῦμα,
3057 1527 3280 1581 ἔλαττον
3307 1526 3454 1597 ἔχειν
3480 1524 3704 1595 νομίσῃ,

2128 1618 2514 1691 διορθούμενος
2566 1617 2664 1688 τὴν
2715 1615 2973 1686 τοιαύτην
3019 1614 3298 1676 ὑπόνοιαν,
3321 1612 3507 1682 φησὶν,
3543 1609 3606 1664 '0
3633 1607 3706 1662 δὲ

2133 1709 2354 1777 Κύριος
2398 1705 2467 1759 τὸ
2501 1703 2746 1774 Πνεῦμα
2787 1704 2939 1757 ἐστι.
2995 1701 3106 1756 Καὶ
3152 1699 3311 1752 τοῦτο
3333 1698 3538 1769 Κύριός
3565 1698 3707 1762 ἐστι,

2132 1794 2287 1867 φησί.
2314 1794 2431 1848 Καὶ
2456 1793 2543 1846 ἵνα
2572 1791 2772 1863 μάθῃς,
2799 1791 2883 1844 δτι
2907 1789 3037 1858 περὶ
3060 1787 3156 1840 τοῦ
3184 1785 3547 1857 Παρακλήτου
3573 1783 3709 1838 ὁλό-

2132 1898 2250 1952 γος,
2295 1881 2576 1950 ἐπήγαγεν
2602 1893 2618 1909 ο
2659 1872 2743 1932 Οὗ
2783 1875 2854 1929 δὲ
2892 1876 2961 1929 τὸ
3009 1874 3253 1944 Πνεῦμα
3314 1873 3555 1941 Κυρίου,
3588 1869 3718 1924 ἐκεῖ

2133 1968 2465 2036 ἐλευθερία.
2495 1965 2570 2018 Οὐ
2597 1963 2708 2033 γάρ
2735 1963 2910 2034 δήπου
2932 1961 3092 2015 τοῦτο
3126 1961 3193 2015 ἂν
3220 1958 3397 2022 εἴποις
3429 1957 3596 2012 αὑτὸν
3620 1956 3710 2009 λέ-

2134 2073 2274 2125 γειν,
2317 2047 2394 2108 οῦ
2434 2053 2492 2107 δὲ
2525 2054 2555 2106 ό
2594 2050 2803 2121 Κύριος
2861 2048 2956 2103 τοῦ
3004 2048 3229 2116 Κυρίου.
3273 2045 3619 2115 Ἐλευθερίαν
3646 2042 3707 2096 δὲ

2137 2141 2258 2199 εἷπε
2309 2140 2449 2213 πρὸς
2480 2138 2579 2210 τὴν
2600 2135 2910 2210 ἔμπροσθεν
2939 2135 3205 2190 δουλείαν.
3236 2131 3371 2188 Εἶτα
3398 2132 3486 2185 ἵνα
3516 2130 3592 2202 μὴ
3621 2144 3713 2182 νο-

2142 2232 2330 2302 μίσῃς,
2386 2228 2468 2282 ὅτι
2514 2226 2645 2296 περὶ
2689 2222 2975 2294 μέλλοντος
3020 2223 3215 2293 χρόνου
3257 2221 3443 2289 λέγει,
3501 2216 3668 2287 φησίν
3693 2230 3711 2247 ο

2149 2318 2341 2388 Ἡμεῖς
2363 2315 2433 2369 δὲ
2457 2313 2682 2378 πάντες
2702 2309 3251 2380 ἀνακεκαλυμμένῳ
3277 2307 3574 2378 προσώπῳ
3599 2303 3715 2371 τὴν

2138 2405 2331 2470 δόξαν
2354 2403 2579 2471 Κυρίου
2598 2396 3114 2467 κατοπτριζόμενοι
3136 2412 3150 2426 ⁸
3175 2396 3242 2449 οὐ
3273 2396 3371 2466 τὴν
3399 2392 3716 2464 παυομένην

2144 2493 2363 2564 ἐκείνην
2385 2483 2408 2558 ,’
2433 2489 2571 2544 ἀλλά
2622 2485 2723 2557 τὴν
2776 2485 3044 2557 μένουσαν
3070 2500 3084 2513 ’
3109 2482 3225 2551 τὴν
3274 2481 3472 2548 αὐτὴν
3510 2478 3718 2534 εἰκόνα

2136 2578 2670 2652 μεταμορφούμεθα
2718 2573 2838 2629 ἀπὸ
2875 2572 3059 2639 δόξης
3091 2573 3181 2637 είς
3213 2568 3423 2635 δόξαν,
3454 2565 3719 2633 καθάπερ

2141 2667 2263 2725 ἀπὸ
2289 2666 2510 2733 Κυρίου
2537 2663 2906 2731 Πνεύματος.

2217 2748 2376 2817 Εἶδες
2399 2750 2518 2815 πῶς
2546 2749 2709 2803 πάλιν
2728 2748 2787 2799 ἐν
2814 2746 2966 2812 τάξει
2987 2744 3082 2798 τοῦ
3115 2743 3251 2797 Θεοῦ
3290 2744 3351 2798 τὸ
3388 2741 3616 2806 Πνεῦμα
3646 2741 3727 2793 τί-

2146 2842 2293 2913 θησι,
2325 2839 2420 2893 καὶ
2448 2837 2647 2899 αὐτοὺς
2673 2835 2753 2898 είς
2781 2834 2881 2904 τήν
2903 2832 3058 2898 τάξιν
3078 2827 3397 2893 άναὸιὸάζει
3432 2828 3543 2882 τῶν
3577 2828 3724 2881 ἀπο·-

2150 2928 2395 2991 στόλωνς
2426 2925 2539 2980 Καὶ
2581 2923 2691 2995 γάρ
2737 2918 3049 2992 ἔμπροσθεν
3093 2919 3335 2989 είρηκεν,
3382 2915 3715 2982 Ἐπιστολή

2148 3017 2294 3071 ἐστε
2340 3010 2643 3081 Χριστοῦ·
2694 3013 2792 3062 καὶ
2836 3006 3092 3069 ἐνταῦθα,
3150 3003 3346 3071 Ἡμεῖς
3393 3002 3462 3055 δὲ
3502 3001 3729 3067 πάντες

2148 3096 2702 3168 ἀνακεκαλυμμένῳ
2755 3092 3073 3163 προσώπῳ.
3117 3091 3311 3144 Καίτοι
3362 3088 3517 3142 αὐτοὶ
3562 3083 3727 3157 ἦλθον

2150 3191 2408 3263 φέροντες
2447 3186 2586 3241 κατὰ
2624 3182 2863 3251 Μωῦσέα
2902 3184 3085 3250 νόμον.
3132 3178 3272 3232 Ἀλλ’
3296 3177 3493 3246 ὥσπερ
3537 3177 3726 3244 ήμεῖς,

2152 3279 2338 3349 φησὶν,
2378 3276 2479 3328 οὐκ
2504 3272 2803 3341 ἐδεήθημεν
2824 3269 3205 3338 καλύμματος,
3223 3265 3392 3329 οὕτως
3423 3263 3543 3316 οὐδὲ
3568 3263 3730 3330 ὑμεῖς

2151 3348 2219 3418 οίν
2244 3362 2554 3432 δεξάμενοι.
2601 3359 2796 3411 Καίτοι
2822 3372 2887 3423 γε
2916 3353 3093 3423 πολλῷ
3125 3352 3327 3421 μείζων
3355 3349 3495 3418 αῦτη
3521 3350 3554 3418 ή
3578 3348 3725 3412 δόξα,

2153 3452 2215 3504 οὐ
2255 3453 2363 3519 γὰρ
2402 3445 2499 3500 τοῦ
2542 3441 2836 3515 προσώπου
2881 3439 3035 3511 ήμῶν
3081 3438 3245 3507 αῦτη,
3273 3436 3412 3490 ἀλλά
3434 3435 3528 3487 τοῦ
3561 3434 3729 3487 Πνεύ-

2158 3552 2328 3607 ματος
2354 3551 2369 3565 ·
2402 3532 2518 3588 ἀλλ’
2551 3531 2702 3601 ὅμως
2731 3529 2864 3598 ήμῖν
2886 3524 3087 3596 ὁμοίως
3120 3526 3370 3579 ἀτενίσαι
3401 3520 3630 3574 δύνασθε
3649 3521 3732 3584 είς

2155 3622 2384 3692 ταύτην.
2438 3619 2669 3671 Ἐκεῖνοι
2711 3614 2811 3684 μὲν
2850 3613 2962 3684 γὰρ
3005 3612 3126 3666 ούδέ
3169 3611 3258 3664 διὰ
3302 3609 3542 3680 μεσίτου,
3573 3608 3730 3677 ὑμεῖς

2155 3710 2213 3763 δέ
2246 3708 2344 3763 καὶ
2395 3704 2566 3778 χωρὶς
2621 3702 2839 3774 μεσίτου
2863 3699 3094 3755 δύνασθε
3114 3699 3212 3769 τὴν
3245 3699 3468 3769 μείζονα
3488 3713 3503 3727 ο
3531 3697 3731 3749 ἐκεῖνοι

2158 3798 2237 3858 είς
2259 3794 2357 3866 τὴν
2387 3791 2668 3853 Μωῦσέως
2684 3790 2785 3842 οὑκ
2807 3788 3059 3859 ἴσχυσαν,
3093 3787 3250 3856 ὑμεῖς
3276 3785 3371 3839 καὶ
3396 3786 3476 3847 είς
3504 3782 3602 3853 τὴν
3634 3780 3730 3835 τοῦ

2158 3881 2476 3952 Πνεύματος
2503 3893 2519 3909 ·
2563 3877 2664 3930 ούκ
2686 3875 2752 3929 ἂν
2781 3875 2858 3940 δὲ,
2905 3877 2955 3927 εί
2993 3872 3419 3943 καταδεέστερον
3446 3871 3509 3923 τὸ
3558 3868 3732 3922 Πνεῦ-

2162 3987 2237 4040 μα
2264 3966 2354 4039 ἦν,
2384 3968 2461 4030 ὡς
2501 3965 2724 4037 μείζονα
2751 3962 2925 4016 ταῦτα
2957 3961 3181 4014 ἐκείνων
3208 3959 3393 4029 eam.

2227 4063 2288 4109 ε’.
2304 4056 2369 4108 Τί
2383 4055 2440 4108 δέ
2456 4056 2592 4117 ἐστι,
2616 4051 2734 4120 Τὴν
2753 4051 2943 4115 δόξαν
2956 4050 3177 4116 Κυρίου
3200 4045 3730 4114 κατοπτριζόμενοι,

2158 4144 2274 4212 τὴν
2297 4141 2494 4209 αὐτὴν
2546 4142 2752 4193 εἰκόνα
2789 4138 3349 4207 μεταμορφούμεθα;
3395 4134 3734 4204 Σαφέστερον

2164 4233 2261 4302 μὲν
2302 4229 2459 4282 τοῦτο
2500 4227 2792 4291 ἐδείκνυτο,
2830 4226 2990 4295 ήνίκα
3032 4222 3140 4275 τῶν
3188 4221 3432 4291 σημείων
3475 4220 3541 4271 τά
3579 4219 3736 4288 χαρί-

2163 4333 2345 4386 σματα
2375 4316 2636 4384 ἐνήργει·
2675 4310 2817 4381 πλὴν
2855 4310 2976 4362 ούδέ
3010 4308 3104 4361 νῦν
3144 4305 3402 4358 δύσκολον
3441 4305 3573 4357 αὐτὸ
3606 4321 3738 4357 κατ-

2165 4404 2291 4456 ιδεῖν
2335 4401 2414 4470 τῷ
2452 4399 2673 4461 πιστοὺς
2712 4396 3025 4465 ὀφθαλμοὺς
3075 4392 3271 4462 ἔχοντι.
3326 4390 3490 4460 Ὁμοῦ
3537 4406 3597 4442 τε
3628 4389 3739 4460 γὰρ

2166 4487 2558 4560 βαπτιζόμεθα,
2606 4485 2702 4538 καὶ
2749 4484 2890 4551 ὑπὲρ
2927 4481 3019 4534 τὸν
3057 4479 3207 4548 ἥλιον
3255 4479 3287 4546 ή
3331 4476 3477 4547 ψυχὴ
3511 4476 3736 4545 λάμπει,

2162 4575 2240 4646 τῷ
2269 4573 2545 4644 Πνεύματι
2575 4569 2949 4640 καθαιρομένη
2975 4585 2989 4598 ’
3019 4567 3114 4620 καὶ
3146 4565 3206 4618 ού
3239 4564 3399 4635 μόνον
3424 4563 3637 4633 ὁρῶμεν
3659 4566 3740 4624 εἰς

2164 4664 2263 4735 τὴν
2291 4662 2447 4727 δόξαν
2469 4659 2562 4712 τοῦ
2598 4657 2754 4719 Θεοῦ,
2795 4654 2932 4709 ἀλλὰ
2964 4655 3059 4708 καὶ
3087 4651 3293 4707 ἐκεῖθεν
3313 4650 3582 4721 δεχόμεθά
3620 4666 3740 4702 τινα

2164 4752 2380 4820 αἴγλην.
2434 4749 2642 4816 ’Ὠσπερ
2685 4745 2751 4798 ἂν
2792 4745 2841 4795 εί
2890 4743 3127 4812 ἄργυρος
3174 4738 3412 4810 καθαρὸς
3458 4738 3594 4809 πρὸς
3641 4738 3741 4799 τὰς

2164 4842 2389 4902 ἀκτῖνας
2435 4837 2703 4906 κείμενος,
2760 4832 2852 4885 καὶ
2889 4831 3055 4893 αὐτὸς
3111 4830 3335 4890 ἀκτῖνας
3383 4827 3738 4897 ἐκπέμψειεν,

2165 4929 2266 4981 οὐκ
2289 4925 2398 4981 ἀπὸ
2425 4925 2523 4994 τῆς
2545 4921 2750 4983 οἰκείας
2773 4918 2988 4988 φύσεως
3023 4916 3203 4987 μόνον,
3233 4915 3366 4968 ἀλλά
3392 4917 3487 4966 καὶ
3514 4912 3621 4966 ἀπὸ
3644 4913 3741 4983 τῆς

2166 5015 2507 5086 λαμπηδόνος
2540 5012 2639 5081 τῆς
2669 5007 2898 5079 ἡλιακῆς
2916 5024 2929 5039 ·
2954 5006 3094 5059 οῦτω
3127 5006 3220 5058 καὶ
3249 5007 3282 5074 ή
3309 5004 3451 5073 ψυχὴ
3491 5003 3743 5072 καθαιρε-

2171 5109 2331 5179 μένη,
2374 5106 2466 5159 καὶ
2519 5100 2758 5174 ἀργύρου
2800 5098 3155 5169 λαμπροτέρα
3200 5096 3479 5166 γινομένη,
3527 5094 3738 5164 δέχεται

2163 5197 2361 5250 ἀκτῖνα
2398 5192 2506 5247 ἀπὸ
2546 5191 2645 5260 τῆς
2685 5189 2841 5258 δόξης
2886 5186 2980 5239 τοῦ
3019 5183 3357 5254 Πνεύματος,
3412 5183 3504 5237 καὶ
3538 5182 3740 5251 ταύτην

2167 5286 2516 5354 ἀντιπέμπει.
2564 5281 2654 5335 Διὸ
2691 5281 2783 5334 καί
2835 5295 2988 5348 φησι,
3039 5274 3581 5344 Κατοπτριζόμενοι,
3628 5271 3742 5339 τὴν

2167 5373 2364 5442 αὐτὴν
2384 5374 2586 5427 είκόνα
2606 5369 3133 5440 μεταμορφούμεθα
3158 5367 3275 5422 ἀπὸ
3294 5367 3498 5433 δόξης,
3521 5365 3618 5424 τῆς
3646 5362 3739 5416 τοῦ

2169 5463 2506 5534 Πνεύματος,
2546 5462 2633 5526 εις
2665 5459 2887 5523 δόξαν,
2929 5458 3025 5530 τὴν
3064 5456 3358 5528 ἡμετέραν,
3388 5456 3486 5521 τὴν
3528 5454 3740 5518 ἐγγινοο

2174 5557 2364 5628 μένην,
2402 5554 2495 5606 καὶ
2530 5551 2682 5626 [487]
2714 5555 2867 5611 τοιαύ
2881 5574 2967 5627 την
2998 5557 3114 5610 οἵαν
3147 5555 3291 5617 εἰκὸς
3310 5595 3325 5619 ,
3357 5549 3475 5606 ἀπὸ
3522 5548 3742 5612 Κυρίου

2172 5647 2535 5712 ιΙνεύματος.

2245 5743 2385 5813 Ὅρα
2423 5742 2532 5804 πῶς
2571 5743 2662 5797 καὶ
2694 5744 2927 5798 ἐνταῦθα
2977 5742 3032 5796 τδ
3064 5739 3284 5807 Πνεῦμα
3320 5735 3520 5806 Κύριον
3567 5727 3738 5785 καλεῖ.
