4070 6152
381 241 487 296 “9

383 352 494 406 Kal
533 348 768 421 ἀλλαχοῦ
814 350 872 404 δὲ
924 348 1086 403 αὐτοῦ
1120 348 1219 419 τὴν
1258 348 1554 418 κυριότητα
1596 345 1742 398 ἐστιν
1783 345 1910 396 ἰδεῖν
1938 357 1954 374 ο

387 445 895 512 Λειτουργούντων
924 442 1034 513 γὰρ
1061 439 1280 506 αὐτῶν,
1319 439 1417 493 καὶ
1440 436 1863 506 νηστευόντων
1879 432 1961 498 τῷ

259 535 272 540 ”
383 534 598 599 Κυρίῳ,
643 531 830 600 φησὶν,
878 527 1008 584 εἷπε
1053 530 1120 584 τὸ
1147 529 1418 598 Πνεῦμαο
1472 526 1815 596 Ἀφορίσατέ
1857 540 1962 594 μοι

383 627 629 677 Παῦλον
674 622 770 674 καί
797 622 1128 690 Βαρνάϐαν.
1166 621 1267 674 Διά
1291 622 1400 692 γὰρ
1436 619 1596 674 τοῦτο
1645 613 1787 684 εἷπε,
1826 621 1960 672 Λευ-

383 714 791 781 τουργούντων
827 711 1026 769 αὐτῶν
1066 711 1148 778 τῷ
1176 713 1393 780 Κυρίῳ,
1445 709 1799 781 Ἀφορίσατέ
1833 726 1958 779 μοι,

382 802 469 855 ἴνα
504 803 564 855 τὸ
587 803 845 874 ὁμότιμον
891 803 1059 875 δείξῃ.
1095 804 1203 858 Kal
1245 804 1406 858 πάλιν
1444 805 1472 857 ό
1499 803 1732 872 Χριστός
1774 817 1958 872 φησιν,

390 894 456 945 ὀ
480 893 701 959 δοῦλος
727 897 836 948 οὐκ
866 890 990 948 οἵδε
1017 897 1075 949 τι
1099 895 1259 948 ποιεῖ
1283 898 1316 949 ὁ
1342 895 1546 962 κύριος
1571 893 1758 947 αὑτοῦ
1780 909 1796 923 ο
1821 891 1884 944 τὸ
1903 891 1960 942 δὲ

381 984 627 1055 Πνεῦμα,
657 985 732 1048 ὠς
760 985 1042 1056 ἄνθρωπος
1069 983 1174 1039 οἵδε
1209 987 1277 1041 τά
1305 983 1520 1050 ἐαυτοῦ,
1560 983 1732 1046 οὕτως
1760 977 1866 1036 οἶδε
1890 980 1960 1034 τά

379 1075 475 1129 τοῦ
504 1075 660 1138 Θεοῦ,
683 1077 803 1146 οὐχὶ
831 1077 1216 1147 διδασκόμενον
1239 1093 1255 1108 ·
1287 1078 1410 1130 ἐπεὶ
1441 1078 1476 1148 ή
1504 1075 1668 1130 εἰκὼν
1698 1076 1757 1128 οὐ
1785 1074 1955 1143 μένει.

383 1168 494 1221 Kal
523 1167 583 1220 τὸ
606 1169 849 1237 ἐνεργεῖν
885 1169 942 1220 δὲ
965 1168 1148 1233 καθὼς
1179 1168 1448 1238 βούλεται,
1487 1168 1758 1220 δείκνυσιν
1792 1165 1959 1218 αὐτοῦ

381 1260 482 1330 τὴν
505 1261 754 1326 ἐξουσίαν
787 1263 882 1333 καὶ
929 1263 1028 1332 τὴν
1058 1262 1374 1333 κυριότητα.
1402 1259 1572 1314 Τοῦτο
1599 1260 1956 1330 μεταμορφοῖ,

380 1351 542 1404 τοῦτο
570 1353 669 1405 οὐκ
703 1353 766 1422 ἐᾷ
812 1332 1313 1422 συσχηματίζεσθαι
1353 1354 1502 1423 ἡμᾶς
1532 1350 1611 1421 τῷ
1647 1351 1802 1403 αίῶνι
1838 1349 1962 1402 τού-

382 1459 482 1513 τῳ,
519 1442 676 1495 τοῦτο
705 1442 1033 1513 δημιουργὸν
1065 1443 1166 1511 τῆς
1190 1442 1446 1512 τοιαύτης
1469 1442 1716 1506 κτίσεως.
1746 1441 1961 1512 Ὠσπερ

383 1532 493 1603 γάρ
530 1549 680 1603 φησι,
716 1533 1072 1597 Κτισθέντες
1109 1533 1182 1586 ἐν
1218 1532 1452 1602 Χριστῷ
1512 1533 1716 1600 Ἰησοῦ
1760 1549 1775 1564 ·
1817 1531 1960 1585 οὕτω

382 1622 535 1689 φησὶ,
571 1619 836 1689 Καρδίαν
881 1621 1150 1690 καθαρὰν
1185 1623 1400 1676 κτίσον
1454 1623 1524 1675 ἐν
1562 1620 1712 1690 ἐμοί,
1737 1624 1770 1674 ὁ
1796 1621 1958 1688 Θεὸς,

381 1711 482 1764 καὶ
518 1710 756 1781 πνεῦμα
799 1712 973 1777 εὺθὲς
1014 1713 1365 1783 ἑγκαίνισον
1409 1713 1480 1766 ἐν
1527 1711 1654 1778 τοῖς
1687 1712 1961 1782 ἐγκάτοις

378 1816 518 1868 μου.
549 1799 736 1854 Βούλει
763 1818 845 1854 σοι
867 1801 1024 1864 δείξω
1050 1802 1207 1856 τοῦτο
1240 1804 1335 1857 καὶ
1368 1803 1479 1857 ἀπὸ
1509 1804 1620 1857 τῶν
1643 1805 1959 1858 ἀποστόλων

384 1890 878 1962 αίσθητικώτερον;
945 1893 1226 1964 Ἐννόησον
1280 1894 1512 1962 Παῦλον,
1560 1889 1621 1949 οῦ
1653 1895 1724 1948 τά
1769 1896 1960 1966 ἱμάτια

383 1985 623 2054 ἐνήργει,
661 1984 887 2054 Πέτρον,
917 1977 979 2036 οὗ
1007 1984 1102 2038 καὶ
1129 1987 1184 2038 al
1215 1986 1364 2039 σκιαὶ
1390 1985 1594 2055 ἴσχυον.
1636 1987 1711 2039 Οὐ
1741 1986 1956 2057 γὰρᾶν,

382 2077 430 2129 εί
467 2076 543 2145 μὴ
576 2075 839 2145 βασιλέως
880 2075 1075 2146 ἔφερον
1113 2077 1322 2140 είκόνα,
1361 2078 1456 2130 καὶ
1493 2078 1780 2146 ἀπρόσιτοι
1819 2074 1959 2149 ἦσαν

382 2165 561 2219 αὐτῶν
583 2167 638 2219 αἱ
664 2166 1046 2237 μαρμαρυγαὶ,
1076 2166 1330 2220 τοσοῦτον
1355 2168 1420 2220 τὰ
1449 2169 1639 2236 ἱμάτια
1667 2168 1846 2222 αὐτῶν
1867 2169 1961 2222 καὶ

383 2255 439 2307 αἱ
481 2256 631 2308 σκιαὶ
671 2257 1000 2325 ἐνήργησαν.
1045 2254 1318 2319 Βασιλέως
1357 2257 1466 2326 γὰρ
1500 2258 1689 2328 ίμάτια
1719 2259 1812 2312 καὶ
1847 2261 1960 2322 τοῖς

381 2344 606 2417 λῃσταῖς
630 2345 748 2397 ἐστι
779 2345 1003 2415 φοσερά.
1036 2346 1222 2409 Θέλεις
1258 2346 1383 2400 ἰδεῖν
1408 2347 1502 2398 καὶ
1525 2347 1616 2400 διά
1641 2346 1737 2419 τοῦ
1770 2348 1959 2416 σώμα-

383 2451 476 2497 τος
513 2434 834 2504 λάμπουσαν
872 2437 1108 2508 ταύτην;
1166 2439 1599 2506 Ἀτενίσαντες,
1643 2441 1828 2511 φησὶν,
1874 2442 1960 2507 εις

379 2525 448 2577 τὸ
475 2529 803 2591 πρόσωπον
831 2526 1162 2595 Στεφάνου,
1199 2524 1363 2582 εἶδον
1384 2529 1464 2595 ὡς
1495 2532 1822 2598 πρόσωπον
1855 2533 1960 2600 ἁγ-

382 2612 586 2684 γέλου.
636 2613 776 2667 Ἀλλ’
798 2615 951 2668 οὐδὲν
978 2615 1136 2668 τοῦτο
1160 2617 1297 2687 πρὸς
1335 2617 1435 2688 τὴν
1492 2617 1704 2672 ένδοθεν
1747 2620 1958 2690 ἀστρά-

383 2723 622 2760 πτουσαν
650 2705 1014 2777 δόξαν.”υπερ
1034 2707 1142 2778 γὰρ
1167 2706 1404 2775 Μωῦσῆς
1430 2709 1524 2762 ἐπὶ
1549 2711 1644 2762 τοῦ
1661 2709 1958 2782 προσώπου

382 2791 519 2864 εἶχε,
546 2794 702 2848 τοῦτο
721 2788 866 2847 οὗτοι
902 2793 995 2847 ἐπὶ
1030 2795 1130 2862 τῆς
1153 2795 1336 2866 ψυχῆς
1381 2797 1724 2870 περιέφερον,
1759 2799 1958 2869 μᾶλλον

379 2889 437 2942 δὲ
467 2895 560 2942 καὶ
587 2888 765 2960 πολλῷ
819 2889 1000 2941 πλέον,
1037 2888 1109 2940 Τὸ
1141 2891 1236 2958 μὲν
1263 2891 1371 2960 γὰρ
1403 2891 1684 2955 Μωῢσέως
1715 2893 1960 2965 αἰσθητι-

380 2980 622 3051 κὼτερον
646 2975 734 3050 ἦν,
772 2980 931 3031 τοῦτο
970 2980 1026 3055 δὲ
1056 2979 1366 3049 ἀσώματον.
1404 2982 1513 3034 Kal
1540 2982 1790 3054 καθάπερ
1818 3001 1958 3055 πυρ-

381 3071 527 3140 αυγῆ
557 3069 785 3137 σώματα
833 3069 942 3121 ἀπὸ
983 3069 1093 3120 τῶν
1137 3069 1405 3141 λαμπρῶν
1446 3073 1714 3142 σωμάτων
1766 3077 1857 3126 ἐπὶ
1898 3076 1960 3128 τὸ

380 3158 612 3228 πλησίον
636 3160 995 3229 ἀπορρέοντα,
1025 3161 1116 3212 καὶ
1159 3163 1388 3225 ἐκείνοις
1417 3163 1736 3232 μεταδίδωσι
1759 3166 1854 3235 τῆς
1881 3167 1959 3217 ol-

381 3249 534 3311 κείας
562 3249 736 3320 αὐγῆς
762 3269 774 3280 ·
801 3249 942 3302 οὓτω
964 3250 1028 3322 δὴ
1054 3252 1147 3303 καὶ
1166 3253 1258 3304 ἐπὶ
1278 3252 1388 3305 τῶν
1411 3255 1618 3306 πιστῶν
1648 3255 1956 3325 συμϐαίνει.

381 3341 480 3394 Διά
530 3340 596 3412 δὴ
637 3339 794 3393 τοῦτο
837 3341 936 3411 τῆς
965 3343 1066 3414 γῆς
1112 3343 1544 3398 ἀπαλλάττονται
1583 3347 1632 3398 οἱ
1668 3347 1824 3400 τοῦτο
1851 3349 1958 3402 πά-

382 3451 624 3504 σχοντες,
660 3434 754 3486 καὶ
781 3433 851 3487 τὰ
877 3436 935 3488 ἐν
960 3437 1071 3498 τοῖς
1097 3437 1347 3507 οὐρανοῖς
1376 3437 1830 3508 ὀνειροπολοῦσιν.
1869 3441 1961 3492 Οἴ-

382 3543 474 3595 μοι
512 3542 526 3556 ’
558 3525 721 3579 καλὸν
770 3527 879 3596 γὰρ
920 3525 1152 3580 ἐνταῦθα
1197 3529 1293 3581 καὶ
1333 3529 1585 3594 στενάξαι
1617 3531 1835 3600 πικρὸν,
1876 3532 1958 3584 ὅτι

379 3617 647 3685 τοσαύτης
671 3618 1035 3682 ἀπολαύοντες
1067 3620 1345 3688 εὐγενείας
1366 3629 1407 3686 ⁸,
1443 3624 1562 3676 οὐδέ
1594 3624 1660 3676 τά
1690 3624 1957 3694 λεγόμενα

382 3707 669 3777 ίσμεν,διά
697 3709 757 3760 τὸ
807 3709 1016 3778 ταχέως
1057 3710 1450 3765 ἀπολλύναιτά
1499 3714 1818 3783 πράγματα,
1864 3713 1958 3766 καὶ

382 3798 519 3869 πρὸς
569 3798 638 3850 τὰ
684 3797 916 3866 αίσθητά
958 3799 1276 3868 ἐπτοῆσθαι,
1325 3803 1472 3872 Αὕτη
1522 3804 1631 3874 γὰρ
1669 3805 1702 3873 ἡ
1745 3804 1872 3868 δόξα
1921 3807 1954 3874 ἡ

379 3887 692 3954 ἀπόρρητος
715 3886 808 3936 καὶ
829 3884 1102 3954 φρικώδης
1130 3887 1291 3958 μέχρι
1316 3890 1412 3957 μὲν
1438 3892 1566 3957 μιᾶς
1587 3892 1681 3943 καὶ
1703 3891 1958 3962 δευτέρας

382 3974 596 4045 ἡμέρας
623 3975 679 4027 ἐν
708 3976 841 4044 ἡμῖν
882 3973 1054 4043 μένει,
1085 3975 1269 4029 λοιπὸν
1294 3978 1351 4030 δὲ
1390 3979 1558 4049 αὐτὴν
1597 3982 1960 4034 κατασϐέννυ-

385 4083 506 4136 μεν,
541 4065 632 4118 τὸν
661 4065 907 4135 χειμῶνα
935 4066 1234 4133 ἐπάγοντες
1266 4068 1375 4122 τῶν
1407 4069 1678 4139 βιωτικῶν
1702 4075 1938 4143 πραγμά

380 4174 508 4222 των,
553 4157 647 4210 καὶ
691 4159 758 4228 τῇ
801 4157 1096 4227 πυκνότητι
1138 4157 1247 4212 τῶν
1296 4160 1473 4230 νεφῶν
1520 4163 1950 4235 ἀποκρουόμενοι

380 4250 479 4311 τὰς
504 4249 750 4312 ἀκτῖνας.

452 4338 672 4410 Χειμὼν
705 4338 812 4409 γὰρ
837 4337 906 4392 τά
936 4337 1187 4409 βιωτικά,
1223 4340 1318 4392 καὶ
1343 4343 1611 4413 χειμῶνος
1638 4346 1958 4416 σκυθρωπό-

383 4447 536 4500 τερα.
561 4431 634 4482 Οὐ
669 4428 775 4500 γὰρ
823 4429 1034 4498 κρυμὸς
1065 4429 1308 4482 τίκτεται
1335 4432 1604 4501 ἐντεῦθεν,
1635 4437 1754 4489 οὐδὲ
1780 4437 1952 4502 ὑετὸς,

379 4523 502 4576 οὐδὲ
530 4521 700 4592 πηλὸν
745 4523 889 4572 ποιεῖ
923 4522 1016 4573 καὶ
1055 4521 1227 4591 τέλμα
1270 4522 1426 4592 βαθὺ,
1461 4525 1597 4578 ἀλλά
1627 4527 1695 4578 τὰ
1740 4529 1957 4583 πάντων

383 4611 735 4688 χαλεπώτερα
757 4609 982 4673 τούτων,
1015 4612 1240 4679 γέενναν
1275 4613 1575 4685 συνίστησι,
1623 4619 1716 4670 καὶ
1758 4620 1825 4671 τά
1857 4623 1957 4690 τῆς

380 4704 604 4776 γεέννης
636 4701 801 4754 κακά.
851 4701 962 4754 Kal
999 4703 1246 4775 καθάπερ
1287 4706 1344 4757 ἐν
1391 4706 1587 4776 κρυμῷ
1618 4708 1831 4778 σφοδρῴ
1863 4711 1958 4763 πέ-

383 4813 528 4867 πηγε
556 4795 731 4848 πάντα
761 4792 833 4846 τὰ
871 4794 1028 4865 μέλη,
1058 4799 1154 4849 καὶ
1186 4797 1302 4850 ἐστι
1344 4799 1514 4868 νεκρά
1534 4814 1547 4828 ⁸
1594 4798 1734 4852 οὕτω
1763 4801 1826 4871 δὴ
1862 4804 1956 4855 καὶ

384 4889 443 4940 ἐν
473 4885 548 4956 τῷ
571 4884 798 4956 χειμῶνι
824 4884 932 4938 τῶν
958 4886 1367 4956 ἁμαρτημάτων
1406 4890 1699 4958 φρίττουσα
1725 4893 1756 4960 ἠ
1785 4890 1951 4963 ψυχὴ,

381 4978 531 5030 οὐδὲν
560 4978 664 5031 τῶν
694 4976 864 5046 αὐτῆς
901 4975 1192 5046 ἐργάζεται
1216 5017 1230 5039 ,
1277 4982 1553 5049 πεπηγυῖα
1582 4979 1828 5052 καθάπερ
1851 4983 1955 5035 ὑπὸ

384 5068 536 5140 [488]
576 5069 788 5138 κρυμοῦ
816 5069 909 5121 τοῦ
939 5069 1262 5132 συνειδότος.
1295 5069 1476 5140 Ὅπερ
1502 5071 1609 5141 γὰρ
1635 5071 1712 5139 τῷ
1746 5071 1953 5142 σώματι

382 5156 573 5226 ψῦχος,
607 5155 763 5208 τοῦτο
813 5159 1047 5229 πονηρὸν
1083 5158 1318 5222 συνειδὸς
1353 5163 1417 5230 τῇ
1462 5160 1643 5232 ψυχῇ·
1695 5160 1815 5214 ὅθεν
1862 5165 1956 5216 καὶ

383 5245 552 5300 δειλία
573 5244 803 5312 γίνεται.
839 5247 1002 5300 Οὐδὲν
1027 5248 1135 5319 γὰρ
1159 5248 1459 5318 δειλότερον
1491 5250 1586 5302 τοῦ
1614 5252 1726 5314 τοῖς
1769 5251 1954 5320 βιωτι-

385 5340 500 5401 κοῖς
535 5335 955 5408 προσηλωμένου
979 5353 994 5368 ο
1023 5339 1116 5393 τὸν
1144 5340 1252 5410 γάρ
1285 5338 1377 5393 τοῦ
1417 5340 1555 5394 Κάῖν
1586 5340 1698 5411 βίον
1729 5344 1758 5394 ό
1789 5341 1952 5396 τοιοῦ-

385 5443 474 5490 τος
509 5426 596 5497 ζῇ,
635 5424 756 5478 καθ’
790 5424 1027 5494 ἐκάστην
1055 5427 1268 5497 ἡμέραν
1289 5428 1528 5498 τρέμων.
1565 5430 1676 5482 Kal
1715 5431 1770 5483 τί
1813 5431 1954 5499 λέγω

445 5592 472 5620 ⁸
502 5589 992 5657 Εὐγεγείας,ξὶςτ.ῳ5.,
1013 5597 1064 5637 el
1090 5604 1240 5657 marg.
1283 5586 1458 5650 Savil.,
1479 5599 1532 5641 cl
1554 5589 1618 5641 ita
1649 5590 1771 5654 legit
1793 5593 1950 5643 Inter-

382 5663 500 5717 ρης
531 5650 748 5702 Laliuus.
779 5650 925 5711 EdiLi,
949 5650 1231 5715 εὐεργεσίας.

1089 240 1147 296 S.
1189 238 1476 294 JOANNIS
1505 233 1995 293 CHRYSOSTUMI
2036 233 2356 290 ARCHIEP.
2396 229 2947 289 CONSTANTINOP.

3509 231 3619 287 450

2067 342 2326 406 θανάτους
2352 345 2445 398 καὶ
2460 342 2662 414 ζημίας
2681 342 2774 397 καὶ
2791 342 3217 412 προσκρούματα
3237 342 3330 396 καὶ
3350 342 3642 407 κολακείας

2065 433 2157 486 καὶ
2186 433 2481 505 θεραπείας
2501 452 2516 501 ;
2545 433 2768 504 καὶγὰρ
2792 435 2887 488 καὶ
2909 433 3307 505 τούτων,χωρὶς
3335 435 3536 505 μυρίας
3555 436 3642 489 δέ·

2064 523 2211 578 δοικε
2238 526 2560 594 μεταϐολάς.
2590 529 2699 580 Kal
2725 528 2786 580 τὸ
2807 528 2905 598 μὲν
2927 529 3170 597 ταμιεῖον
3195 527 3359 598 γέμει
3388 528 3642 598 χρυσίου,

2065 617 2099 685 η
2120 615 2265 687 ψυχὴ
2297 617 2354 670 δέ
2389 618 2490 670 οὐκ
2538 618 2879 690 ἀπήλλακται.
2923 617 3016 671 τοῦ
3060 618 3160 688 τῆς
3210 617 3403 683 πενίας
3432 619 3597 688 φόϐου
3619 633 3640 648 °

2064 708 2159 762 καὶ
2206 709 2351 779 μάλα
2391 712 2634 775 είκότως.
2675 713 2762 776 Ὠς
2797 714 2888 765 ἐπὶ
2926 713 3268 782 πραγμάτων
3295 711 3405 784 γὰρ
3430 713 3644 784 ὁρμεῖδ

2055 799 2300 870 σαθρῶν,
2328 803 2422 855 καὶ
2447 803 2507 854 εὐ
2515 802 2884 874 μεταπτώτων
2902 821 2916 836 ο
2939 804 3043 857 κᾶν
3074 804 3150 875 μὴ
3184 802 3345 867 αὐτὸς
3370 803 3643 876 ὑπομείνῃ

2062 891 2164 960 τὴν
2190 893 2511 962 μεταόολὴν,
2542 894 2600 946 ἐν
2624 892 2830 963 ἑτέροις
2857 894 3145 964 γινομένην
3167 893 3330 966 ὁρῶν,
3353 894 3599 947 ἀπόλωλε
3619 909 3638 924 ⁸

2065 983 2159 1037 καί⁹
2196 983 2366 1053 πολλὴ
2407 984 2506 1053 μὲν
2540 984 2792 1055 ήδειλία,
2827 984 2997 1054 πολλὴ
3038 986 3093 1037 δὲ
3126 988 3160 1056 ἡ
3189 986 3465 1057 ἀνανδρία.
3505 987 3646 1042 Οὐδὲ

2064 1079 2174 1146 γὰρ
2207 1077 2365 1144 μόνον
2403 1076 2539 1147 πρὸς
2566 1075 2844 1140 κινδύνους
2880 1076 3111 1147 ἄτολμος
3145 1078 3174 1129 ό
3201 1078 3465 1143 τοιοῦτος,
3503 1076 3646 1131 ἀλλά

2065 1167 2158 1218 καὶ
2189 1167 2326 1236 πρὸς
2359 1166 2428 1218 τά
2472 1165 2606 1219 ἄλλα
2639 1167 2813 1220 πάντα
2834 1182 2848 1196 ·
2895 1166 3002 1220 κᾶν
3039 1165 3306 1237 ἐπιθυμία
3341 1170 3644 1240 χρημάτων

2066 1258 2304 1328 ἐμπέσῃ,
2346 1257 2442 1327 οὐχ
2493 1257 2571 1319 ὡς
2622 1257 2762 1327 ἀνὴρ
2809 1256 3097 1329 ἐλεύθερος
3142 1258 3506 1329 ἀποκρούεται
3541 1258 3646 1330 τὴν

2067 1348 2392 1419 προσϐολὴν,
2448 1349 2562 1401 ἀλλ’
2593 1349 2669 1413 ὡς
2715 1347 3102 1421 ἀργυρώνητος
3154 1350 3334 1404 πάντα
3385 1351 3643 1421 πράττει,

2065 1442 2318 1513 καθάπερ
2346 1442 2604 1514 δεσποίνῃ
2629 1442 2840 1514 χαλεπῇ
2869 1445 2937 1514 τῇ
2965 1442 3298 1514 φιλαργυρίᾳ
3325 1442 3592 1496 δουλεύων
3623 1461 3638 1475 ·

2066 1534 2171 1586 κᾶν
2201 1533 2475 1604 εὔμορφόν
2514 1550 2639 1587 τινα
2682 1533 2853 1604 κόρην
2893 1533 3000 1605 ἴδῃ,
3046 1533 3392 1604 κατέπτηχεν
3437 1535 3645 1598 εὐθέως

2065 1623 2248 1689 ἁλοὺς,
2283 1624 2375 1676 καὶ
2399 1621 2588 1694 ῶσπερ
2615 1622 2762 1677 κύων
2785 1625 2991 1678 λυττῶν
3022 1623 3236 1692 ἕπεται,
3277 1625 3396 1678 δέον
3421 1625 3646 1678 τούναν-

2063 1713 2180 1767 τίον
2217 1717 2418 1768 ποιεῖν.

2123 1833 2203 1883 ς’.
2223 1829 2390 1882 Ὅταν
2412 1831 2520 1902 γὰρ
2543 1829 2656 1900 ἴδῃς
2674 1832 2906 1897 γυναῖκα
2926 1827 3156 1900 ὡραίαν,
3178 1827 3253 1899 μὴ
3273 1828 3434 1882 τοῦτο
3445 1830 3644 1883 σκόπει

2064 1922 2212 1985 ὅπως
2232 1921 2544 1994 ἀπολαύσῃς
2563 1921 2663 1992 τῆς
2687 1921 3001 1993 ἐπιθυμίας,
3025 1922 3161 1976 ἀλλά
3181 1921 3298 1986 πῶς
3319 1921 3645 1993 ἀπαλλαγῇς

2065 2013 2163 2082 τῆς
2197 2013 2510 2082 ἐπιθυμίας.
2554 2014 2662 2065 Kal
2695 2012 2814 2076 πῶς
2849 2012 3004 2067 τοῦτο
3047 2013 3148 2074 ἐνι,
3191 2014 3386 2084 φησίν;
3433 2013 3495 2065 οὐ
3531 2013 3644 2083 γάρ

2065 2104 2181 2157 ἐστι
2211 2105 2272 2156 τὸ
2304 2103 2434 2176 ἐρᾷν
2457 2105 2609 2174 ἐμόν.
2652 2105 2814 2158 Ἀλλά
2848 2105 3015 2169 τίνος,
3063 2105 3187 2159 εἰπέ
3217 2122 3344 2176 μοι;
3388 2105 3498 2174 Τῆς
3545 2104 3644 2159 τοῦ

2063 2196 2315 2265 δαίμονος
2341 2197 2628 2268 ἐπηρείας.
2661 2195 2837 2260 Ὀλως
2881 2197 3112 2266 δαίμονα
3151 2192 3291 2250 εῖναι
3314 2195 3555 2267 νομίζεις
3579 2196 3644 2249 τὸ

2064 2287 2456 2355 ἐπιϐουλεῦον;
2503 2287 2711 2341 Οὐκοῦν
2753 2289 2989 2342 πύκτευε
3022 2289 3116 2342 καὶ
3149 2289 3324 2361 μάχου
3352 2290 3641 2359 νοσήματι.

2077 2380 2215 2433 Ἀλλ’
2238 2382 2299 2433 οὐ
2325 2379 2581 2451 δύναμαι,
2615 2382 2768 2451 φησί.
2802 2382 2938 2452 Φέρε
2968 2377 3082 2447 οῦν,
3123 2382 3344 2451 πρῶτον
3374 2381 3532 2436 τοῦτό
3578 2398 3643 2433 σε

2063 2469 2368 2542 διδάξομεν,
2409 2471 2492 2524 ὅτι
2528 2471 2630 2541 τῆς
2665 2471 2763 2542 σῆς
2795 2471 3066 2542 ῥᾳθυμίας
3118 2473 3178 2525 τὸ
3215 2473 3518 2543 γινόμενον,
3547 2472 3644 2525 καὶ

2064 2563 2145 2615 ὅτι
2172 2563 2236 2614 σὺ
2266 2561 2416 2633 παρὰ
2445 2563 2542 2631 τὴν
2569 2563 2742 2633 ἀρχὴν
2763 2562 2842 2633 τῷ
2870 2563 3084 2632 δαίμονι
3106 2562 3354 2627 δέδωκας
3387 2562 3640 2633 πάροδον,

2064 2652 2160 2704 καὶ
2186 2650 2300 2716 νῦν,
2336 2650 2402 2704 ἂν
2435 2650 2626 2722 ἐθέλῃς
2649 2691 2666 2716 ,
2713 2651 2852 2721 μετὰ
2887 2651 3089 2721 πολλῆς
3127 2652 3291 2704 αὐτὸν
3319 2651 3518 2724 ἀπὼοῃ
3544 2653 3643 2721 τῆς

2064 2741 2334 2805 εὐκολίας.
2396 2743 2532 2795 Είπέ
2573 2744 2682 2814 γάρ
2733 2761 2846 2814 μοι,
2895 2744 2946 2796 οἱ
2990 2744 3356 2814 μοιχεύοντες,
3411 2743 3643 2813 ἐρῶντες

2068 2830 2428 2901 μοιχεύουσιν,
2461 2831 2493 2901 ἢ
2541 2833 2726 2895 ἁπλῶς
2763 2833 3021 2887 κινδύνων
3053 2832 3486 2904 ἐπιθυμοῦντες;
3530 2831 3641 2885 Εὔ-

2064 2922 2220 2992 δηλον
2243 2923 2326 2975 ὅτι
2349 2921 2599 2994 ἐρῶντες.
2621 2919 2747 2994 'Ap’
2773 2917 2865 2977 οὖν
2900 2922 3230 2995 συγγνώμης
3252 2924 3634 2992 τυγχάνουσινς

2065 3013 2351 3084 Οὐδαμῶς.
2391 3014 2456 3066 Τί
2493 3013 2728 3083 δήποτε;
2777 3016 2899 3068 Ὅτι
2940 3015 3121 3068 αὐτῶν
3148 3014 3257 3066 ἐστι
3287 3013 3345 3066 τὸ
3376 3014 3630 3082 ἁμάρτη-

2067 3122 2163 3175 μα.
2206 3106 2367 3158 Ἀλλά
2401 3105 2454 3157 τί
2479 3123 2567 3174 μοι
2607 3105 2997 3176 συλλογισμοὺς
3027 3106 3263 3168 πλέκεις,
3294 3104 3488 3174 φησίν;
3513 3104 3628 3171 ἐγὼ

2067 3195 2284 3250 σύνοιδα
2327 3196 2549 3267 ἐμαυτῷ
2597 3197 2916 3268 βουλόμενος
2971 3197 3407 3270 ἀποκρούσασθαι
3434 3196 3495 3249 τὸ
3523 3195 3628 3248 πάο

2066 3284 2176 3349 θος,
2208 3287 2299 3340 καὶ
2349 3287 2448 3340 οὐκ
2481 3287 2668 3357 ίσχύω,
2715 3288 2829 3342 ἀλλ’
2874 3289 3144 3359 ἐφέστηκε
3197 3290 3292 3341 καὶ
3323 3287 3497 3351 πιέζει
3537 3287 3636 3340 καὶ

2064 3377 2222 3448 ὀδυνᾷ
2247 3377 2516 3447 χαλεπῶς.
2540 3379 2724 3431 Βούλει
2754 3379 2852 3449 μὲν
2872 3378 3341 3450 ἀποκρούσασθαι,
3363 3377 3640 3448 ἄνθρωπε,

2064 3471 2122 3523 οὐ
2155 3473 2325 3532 ποιεῖς
2351 3470 2408 3522 δέ
2431 3470 2468 3524 ἀ
2491 3469 2600 3522 τῶν
2628 3471 3084 3541 ἀποκρουομένων
3111 3470 3262 3523 ἐστίν
3288 3484 3304 3500 ⁸
3343 3468 3481 3522 ἀλλά
3507 3468 3642 3521 ταύ-

2064 3562 2155 3614 τὸν
2186 3562 2433 3632 πάσχεις,
2474 3557 2585 3616 οἷον
2625 3561 2690 3616 ἂν
2730 3563 2783 3616 ετ
2823 3580 2905 3624 τις
2945 3564 3247 3632 πυρέττων,
3287 3560 3380 3614 καὶ
3411 3557 3642 3630 ψυχρῶν

2065 3652 2469 3725 ἐμφορούμενος
2498 3653 2778 3722 ναμάτων,
2812 3652 2959 3721 λέγοι
2993 3668 3007 3684 ·
3044 3653 3193 3706 Πόσα
3219 3652 3420 3705 ἐπινοῶ
3453 3649 3640 3720 βουλό-

2068 3761 2224 3814 μενος
2260 3744 2448 3796 σϐέσαι
2472 3743 2562 3796 τὸν
2586 3743 2819 3814 πυρετὸν
2847 3744 2939 3796 καὶ
2967 3744 3068 3797 οὐκ
3101 3744 3290 3815 ἰσχύω,
3325 3743 3465 3798 ἀλλά
3501 3743 3639 3813 μᾶλ-

2063 3835 2154 3887 λόν
2184 3852 2286 3906 μου
2315 3835 2412 3905 τὴν
2442 3834 2613 3902 φλόγα
2637 3835 2862 3888 ἀνάπτω
2889 3860 2905 3909 ;

2138 3947 2365 4016 Ἰδωμεν
2380 3941 2474 4000 οῦν
2496 3946 2568 4016 μή
2577 3962 2704 3998 ποτε
2724 3945 2817 3998 καὶ
2837 3947 2900 3999 σὺ
2920 3946 2987 3999 τά
3014 3946 3114 4016 μὲν
3129 3948 3417 4003 ἐκκαίοντα
3439 3955 3631 4015 ποιεῖς,

2064 4036 2304 4108 νομίζεις
2327 4037 2382 4090 δέ
2416 4038 2650 4089 ἐπινοεῖν
2673 4037 2743 4090 τά
2784 4038 3094 4092 σὸεννύντα.
3136 4039 3233 4103 Οὓ,
3269 4043 3452 4110 φησίν.
3498 4044 3635 4096 Εἰπὲ

2062 4123 2178 4194 οὖν,
2205 4127 2258 4180 τί
2287 4143 2416 4179 ποτε
2448 4127 2811 4197 ἐπεχείρησας
2836 4129 3058 4199 ποιῆσαι
3085 4129 3221 4199 πρὸς
3248 4131 3310 4184 τὸ
3349 4132 3539 4186 σϐέσαι
3570 4134 3636 4186 τὸ

2063 4220 2271 4288 πάθος;
2300 4218 2353 4272 τί
2397 4219 2454 4272 δέ
2498 4221 2644 4272 ἐστιν
2682 4219 2819 4282 ὅλως
2850 4219 2944 4272 τοῦ
2974 4219 3179 4284 πάθους
3210 4223 3536 4292 αὐξητικόν;
3568 4224 3633 4276 El

2061 4312 2172 4382 γὰρ
2211 4311 2305 4364 καὶ
2345 4309 2419 4380 μὴ
2445 4310 2647 4372 πάντες
2675 4309 2967 4362 ὑπεύθυνοι
2999 4313 3110 4375 τοῖς
3153 4312 3462 4382 ἐγκλήμασι
3503 4314 3632 4367 τούυ

2061 4420 2170 4467 τοις
2213 4402 2379 4473 ἐσμὲν
2408 4402 2647 4472 (πλείους
2670 4401 2779 4473 γάρ
2806 4401 2872 4456 ἂν
2907 4401 3162 4474 εὕροιμεν
3189 4404 3266 4475 τῷ
3287 4405 3396 4459 τῶν
3421 4408 3634 4478 χρημά-

2063 4514 2190 4559 των,
2219 4496 2253 4566 ἢ
2280 4493 2357 4565 τῷ
2387 4493 2496 4547 τῶν
2526 4495 2798 4564 σωμάτων
2827 4495 3215 4566 ἁλισκομένους
3246 4497 3456 4568 ἔρωτι),
3493 4500 3630 4553 ἀλλά

2061 4587 2239 4641 κοινὸν
2275 4588 2410 4639 πᾶσι
2448 4586 2796 4655 προκείσεται
2829 4587 2890 4639 τὸ
2921 4589 3231 4659 φάρμακον,
3276 4590 3372 4644 καὶ
3419 4590 3631 4654 τούτοις

2062 4680 2355 4742 κάκείνοις.
2382 4679 2494 4732 Kal
2532 4679 2636 4748 γὰρ
2669 4681 2888 4732 κάκεῖνο
2913 4679 3053 4751 ἔρως
3081 4683 3302 4745 ἄτοπος,
3328 4683 3424 4735 καὶ
3450 4682 3628 4746 τοῦτο,

2062 4771 2177 4825 ἀλλ’
2206 4765 2358 4830 οὗτος
2411 4769 2620 4823 ἐκείνου
2660 4769 2811 4842 [489]
2852 4771 3178 4842 δριμύτερος
3219 4773 3315 4826 καὶ
3355 4771 3628 4842 δεύτερος.

2063 4865 2230 4918 Ὅταν
2270 4859 2362 4917 οῦν
2408 4864 2500 4916 τοῦ
2544 4863 2785 4932 μείζονος
2832 4862 3266 4933 περιγενώμεθα,
3299 4864 3519 4933 εῦδηλον
3547 4866 3630 4917 ὅτι

2063 4956 2268 5009 καὶτὸν
2296 4955 2500 5008 ἐλάττω
2532 4955 2731 5026 ῥᾳδίως
2762 4957 3082 5027 αἱρήσομεν.
3126 4958 3236 5009 Kal
3263 4957 3400 5022 πῶς,
3435 4960 3484 5011 εί
3517 4958 3632 5028 δρι-

2065 5047 2291 5118 μύτερος
2314 5041 2486 5111 οὗτος,
2520 5047 2704 5116 φησὶν,
2744 5047 2802 5100 οὐ
2845 5048 3042 5111 πάντες
3071 5049 3381 5103 ἁλίσκονται
3411 5049 3488 5120 τῷ
3529 5067 3631 5103 κα-

2061 5135 2161 5206 κῷ,
2189 5136 2302 5189 ἀλλ’
2341 5138 2390 5189 οἱ
2423 5137 2641 5200 πλείους
2679 5139 2806 5206 περὶ
2850 5141 3106 5210 χρήματα
3142 5141 3632 5212 μεμήνασιν;“οτι

2064 5227 2276 5297 πρῶτον
2303 5228 2399 5296 μὲν
2429 5227 2714 5291 ἀκίνδυνος
2755 5227 2895 5298 αὕτη
2926 5225 3060 5283 εἶναι
3087 5230 3232 5284 δοκεῖ
3259 5233 3292 5302 ὴ
3325 5232 3588 5301 ἐπιθυμία
3615 5248 3629 5262 ·

2059 5318 2268 5385 ἔπειτα,
2303 5321 2350 5371 εἰ
2379 5319 2472 5371 καὶ
2507 5317 2736 5390 ὀξυτέρα
2775 5321 2920 5374 ἐστὶν
2966 5323 2999 5392 ἡ
3037 5322 3146 5374 τῶν
3176 5322 3464 5393 σωμάτων,
3493 5323 3631 5376 ἀλλά

2120 5471 2148 5506 h
2179 5467 2321 5539 Edim:
2351 5473 2488 5534 ὁρμᾷ,
2515 5485 2607 5539 ms._
2628 5474 2768 5534 ὁρμῇ,
2793 5472 2944 5522 Savil.
2967 5475 3226 5539 legendqm
3248 5473 3559 5539 putatﬁpagi,
3580 5480 3634 5539 ςι

2060 5531 2470 5602 ίιουςξιιεοιὶοιιοηι
2507 5531 2749 5602 νεενίοὲιέιιι
2771 5549 2905 5602 __esse
2946 5531 3117 5602 [ξι-ὁδοί
3157 5531 3449 5602 Duriaeugniu'
3470 5531 3632 5602 ‘Ngljs

2061 5593 2338 5704 Smiliililis,
2365 5593 2611 5657 exemplis
2654 5609 2715 5645 ex
2769 5593 3102 5648 Demoslhene
3135 5604 3189 5648 et
3230 5611 3291 5646 ex
3340 5593 3632 5660 Thucydide

2064 5669 2142 5703 um
2171 5668 2226 5704 ua
2272 5670 2315 5703 ε.
