  <div class='ocr_page' id='page_1' title='image "/cluster/home/n/w/nwhite01/storage/ocr_20150623/61/mdp.39015008622618/456.png"; bbox 0 0 4070 6152; ppageno 0'>
   <div class='ocr_carea' id='block_1_1' title="bbox 383 258 490 314">
    <p class='ocr_par' dir='ltr' id='par_1_1' title="bbox 383 258 490 314">
     <span class='ocr_line' id='line_1_1' title="bbox 383 258 490 314; baseline 0 0"><span class='ocrx_word' id='word_1_1' title='bbox 383 258 490 314; x_wconf 67' lang='grc'><strong>649</strong></span> 
     </span>
    </p>
   </div>
   <div class='ocr_carea' id='block_1_2' title="bbox 384 375 1968 451">
    <p class='ocr_par' dir='ltr' id='par_1_2' title="bbox 384 375 1968 451">
     <span class='ocr_line' id='line_1_2' title="bbox 384 375 1968 451; baseline 0.001 -19"><span class='ocrx_word' id='word_1_2' title='bbox 384 379 531 432; x_wconf 87' lang='lat' dir='ltr'><strong>enim</strong></span> <span class='ocrx_word' id='word_1_3' title='bbox 578 375 665 433; x_wconf 83' lang='lat' dir='ltr'><strong>bis</strong></span> <span class='ocrx_word' id='word_1_4' title='bbox 689 377 865 435; x_wconf 80' lang='lat' dir='ltr'><strong>verbis</strong></span> <span class='ocrx_word' id='word_1_5' title='bbox 888 377 1160 446; x_wconf 79' lang='lat' dir='ltr'><strong>Scriptura</strong></span> <span class='ocrx_word' id='word_1_6' title='bbox 1191 375 1376 442; x_wconf 87' lang='lat' dir='ltr'><strong>utitur,</strong></span> <span class='ocrx_word' id='word_1_7' title='bbox 1409 377 1818 434; x_wconf 81' lang='lat' dir='ltr'><strong>Miuistrantibus</strong></span> <span class='ocrx_word' id='word_1_8' title='bbox 1842 379 1968 451; x_wconf 80' lang='lat' dir='ltr'><strong>ipsis</strong></span> 
     </span>
    </p>
   </div>
   <div class='ocr_carea' id='block_1_3' title="bbox 388 467 1969 541">
    <p class='ocr_par' dir='ltr' id='par_1_3' title="bbox 388 467 1969 541">
     <span class='ocr_line' id='line_1_3' title="bbox 388 467 1969 541; baseline 0.004 -20"><span class='ocrx_word' id='word_1_9' title='bbox 388 467 630 534; x_wconf 80' lang='lat' dir='ltr'><strong>Domina,</strong></span> <span class='ocrx_word' id='word_1_10' title='bbox 659 468 933 540; x_wconf 70' lang='lat' dir='ltr'><strong>Segrqate</strong></span> <span class='ocrx_word' id='word_1_11' title='bbox 962 470 1108 537; x_wconf 67' lang='lat' dir='ltr'><strong>mihi,</strong></span> <span class='ocrx_word' id='word_1_12' title='bbox 1148 478 1207 526; x_wconf 91' lang='lat' dir='ltr'><strong>ut</strong></span> <span class='ocrx_word' id='word_1_13' title='bbox 1245 484 1367 524; x_wconf 92' lang='lat' dir='ltr'><strong>eum</strong></span> <span class='ocrx_word' id='word_1_14' title='bbox 1407 469 1648 540; x_wconf 85' lang='lat' dir='ltr'><strong>ejusdem</strong></span> <span class='ocrx_word' id='word_1_15' title='bbox 1696 470 1969 541; x_wconf 75' lang='lat' dir='ltr'><strong>dignitatis</strong></span> 
     </span>
    </p>
   </div>
   <div class='ocr_carea' id='block_1_4' title="bbox 385 561 1970 626">
    <p class='ocr_par' dir='ltr' id='par_1_4' title="bbox 385 561 1970 626">
     <span class='ocr_line' id='line_1_4' title="bbox 385 561 1970 626; baseline 0.004 -13"><span class='ocrx_word' id='word_1_16' title='bbox 385 573 510 614; x_wconf 87' lang='lat' dir='ltr'><strong>esse</strong></span> <span class='ocrx_word' id='word_1_17' title='bbox 534 561 802 615; x_wconf 89' lang='lat' dir='ltr'><strong>ostendat.</strong></span> <span class='ocrx_word' id='word_1_18' title='bbox 829 563 907 617; x_wconf 83' lang='lat' dir='ltr'><strong>Ac</strong></span> <span class='ocrx_word' id='word_1_19' title='bbox 945 577 1157 617; x_wconf 81' lang='lat' dir='ltr'><strong>rursum</strong></span> <span class='ocrx_word' id='word_1_20' title='bbox 1183 562 1258 618; x_wconf 92' lang='lat' dir='ltr'><strong>ait</strong></span> <span class='ocrx_word' id='word_1_21' title='bbox 1293 562 1563 626; x_wconf 86' lang='lat' dir='ltr'><strong>Christus,</strong></span> <span class='ocrx_word' id='word_1_22' title='bbox 1598 563 1785 619; x_wconf 86' lang='lat' dir='ltr'><strong>Servus</strong></span> <span class='ocrx_word' id='word_1_23' title='bbox 1815 565 1970 621; x_wconf 85' lang='lat' dir='ltr'><strong>nescit</strong></span> 
     </span>
    </p>
   </div>
   <div class='ocr_carea' id='block_1_5' title="bbox 384 651 1969 726">
    <p class='ocr_par' dir='ltr' id='par_1_5' title="bbox 384 651 1969 726">
     <span class='ocr_line' id='line_1_5' title="bbox 384 651 1969 726; baseline 0.004 -22"><span class='ocrx_word' id='word_1_24' title='bbox 384 651 512 720; x_wconf 80' lang='lat' dir='ltr'><strong>quid</strong></span> <span class='ocrx_word' id='word_1_25' title='bbox 549 653 705 722; x_wconf 79' lang='lat' dir='ltr'><strong>faciat</strong></span> <span class='ocrx_word' id='word_1_26' title='bbox 731 652 964 707; x_wconf 82' lang='lat' dir='ltr'><strong>dominus</strong></span> <span class='ocrx_word' id='word_1_27' title='bbox 1006 655 1116 725; x_wconf 81' lang='lat' dir='ltr'><strong>ejus</strong></span> <span class='ocrx_word' id='word_1_28' title='bbox 1164 652 1343 726; x_wconf 84' lang='lat' dir='ltr'><strong>(Joan.</strong></span> <span class='ocrx_word' id='word_1_29' title='bbox 1386 654 1476 708; x_wconf 85' lang='grc'><strong>15.</strong></span> <span class='ocrx_word' id='word_1_30' title='bbox 1526 654 1618 725; x_wconf 76' lang='lat' dir='ltr'><strong>ib)</strong></span> <span class='ocrx_word' id='word_1_31' title='bbox 1650 671 1664 708; x_wconf 90' lang='lat'><strong>:</strong></span> <span class='ocrx_word' id='word_1_32' title='bbox 1695 667 1753 710; x_wconf 90' lang='lat' dir='ltr'><strong>ut</strong></span> <span class='ocrx_word' id='word_1_33' title='bbox 1787 665 1969 711; x_wconf 87' lang='lat' dir='ltr'><strong>autem</strong></span> 
     </span>
    </p>
   </div>
   <div class='ocr_carea' id='block_1_6' title="bbox 387 742 1967 818">
    <p class='ocr_par' dir='ltr' id='par_1_6' title="bbox 387 742 1967 818">
     <span class='ocr_line' id='line_1_6' title="bbox 387 742 1967 818; baseline 0.005 -22"><span class='ocrx_word' id='word_1_34' title='bbox 387 742 550 797; x_wconf 88' lang='lat' dir='ltr'><strong>homo</strong></span> <span class='ocrx_word' id='word_1_35' title='bbox 574 745 725 797; x_wconf 87' lang='lat' dir='ltr'><strong>novit</strong></span> <span class='ocrx_word' id='word_1_36' title='bbox 751 758 814 797; x_wconf 91' lang='lat' dir='ltr'><strong>ea</strong></span> <span class='ocrx_word' id='word_1_37' title='bbox 843 759 963 814; x_wconf 66' lang='lat' dir='ltr'><strong>qua:</strong></span> <span class='ocrx_word' id='word_1_38' title='bbox 990 760 1084 800; x_wconf 91' lang='lat' dir='ltr'><strong>sua</strong></span> <span class='ocrx_word' id='word_1_39' title='bbox 1113 754 1258 813; x_wconf 88' lang='lat' dir='ltr'><strong>sunt,</strong></span> <span class='ocrx_word' id='word_1_40' title='bbox 1299 748 1370 801; x_wconf 90' lang='lat' dir='ltr'><strong>ita</strong></span> <span class='ocrx_word' id='word_1_41' title='bbox 1410 747 1641 816; x_wconf 90' lang='lat' dir='ltr'><strong>Spiritus</strong></span> <span class='ocrx_word' id='word_1_42' title='bbox 1671 749 1818 803; x_wconf 89' lang='lat' dir='ltr'><strong>novit</strong></span> <span class='ocrx_word' id='word_1_43' title='bbox 1850 763 1967 818; x_wconf 75' lang='lat' dir='ltr'><strong>qua:</strong></span> 
     </span>
    </p>
   </div>
   <div class='ocr_carea' id='block_1_7' title="bbox 390 834 1972 910">
    <p class='ocr_par' dir='ltr' id='par_1_7' title="bbox 390 834 1972 910">
     <span class='ocr_line' id='line_1_7' title="bbox 390 834 1972 910; baseline 0.005 -23"><span class='ocrx_word' id='word_1_44' title='bbox 390 834 483 888; x_wconf 86' lang='lat' dir='ltr'><strong>Dei</strong></span> <span class='ocrx_word' id='word_1_45' title='bbox 512 843 638 889; x_wconf 90' lang='lat' dir='ltr'><strong>sunt</strong></span> <span class='ocrx_word' id='word_1_46' title='bbox 660 834 736 906; x_wconf 85' lang='lat' dir='ltr'><strong>(l.</strong></span> <span class='ocrx_word' id='word_1_47' title='bbox 769 834 889 890; x_wconf 89' lang='lat' dir='ltr'><strong>Cor.</strong></span> <span class='ocrx_word' id='word_1_48' title='bbox 919 837 974 892; x_wconf 78' lang='lat'><strong>2.</strong></span> <span class='ocrx_word' id='word_1_49' title='bbox 1005 838 1122 906; x_wconf 76' lang='grc'><strong>11),</strong></span> <span class='ocrx_word' id='word_1_50' title='bbox 1163 853 1271 894; x_wconf 91' lang='lat' dir='ltr'><strong>non</strong></span> <span class='ocrx_word' id='word_1_51' title='bbox 1309 839 1450 910; x_wconf 91' lang='lat' dir='ltr'><strong>quod</strong></span> <span class='ocrx_word' id='word_1_52' title='bbox 1479 841 1771 895; x_wconf 90' lang='lat' dir='ltr'><strong>edoceatur</strong></span> <span class='ocrx_word' id='word_1_53' title='bbox 1801 858 1816 895; x_wconf 87' lang='lat'>:</span> <span class='ocrx_word' id='word_1_54' title='bbox 1845 856 1972 896; x_wconf 88' lang='lat' dir='ltr'><strong>nam</strong></span> 
     </span>
    </p>
   </div>
   <div class='ocr_carea' id='block_1_8' title="bbox 385 924 1970 1002">
    <p class='ocr_par' dir='ltr' id='par_1_8' title="bbox 385 924 1970 1002">
     <span class='ocr_line' id='line_1_8' title="bbox 385 924 1970 1002; baseline 0.006 -25"><span class='ocrx_word' id='word_1_55' title='bbox 385 926 455 978; x_wconf 87' lang='lat' dir='ltr'><strong>ita</strong></span> <span class='ocrx_word' id='word_1_56' title='bbox 485 924 780 980; x_wconf 86' lang='lat' dir='ltr'><strong>similitudo</strong></span> <span class='ocrx_word' id='word_1_57' title='bbox 806 926 911 981; x_wconf 89' lang='lat' dir='ltr'><strong>sibi</strong></span> <span class='ocrx_word' id='word_1_58' title='bbox 938 942 1046 982; x_wconf 90' lang='lat' dir='ltr'><strong>non</strong></span> <span class='ocrx_word' id='word_1_59' title='bbox 1080 938 1374 986; x_wconf 81' lang='lat' dir='ltr'><strong>constaret.</strong></span> <span class='ocrx_word' id='word_1_60' title='bbox 1411 929 1548 998; x_wconf 83' lang='lat' dir='ltr'><strong>Quin</strong></span> <span class='ocrx_word' id='word_1_61' title='bbox 1597 931 1721 984; x_wconf 89' lang='lat' dir='ltr'><strong>hinc</strong></span> <span class='ocrx_word' id='word_1_62' title='bbox 1759 948 1970 1002; x_wconf 89' lang='lat' dir='ltr'><strong>quoque</strong></span> 
     </span>
    </p>
   </div>
   <div class='ocr_carea' id='block_1_9' title="bbox 383 1016 1968 1094">
    <p class='ocr_par' dir='ltr' id='par_1_9' title="bbox 383 1016 1968 1094">
     <span class='ocr_line' id='line_1_9' title="bbox 383 1016 1968 1094; baseline 0.007 -26"><span class='ocrx_word' id='word_1_63' title='bbox 383 1016 753 1073; x_wconf 85' lang='lat' dir='ltr'><strong>auctoritatem</strong></span> <span class='ocrx_word' id='word_1_64' title='bbox 784 1033 849 1074; x_wconf 90' lang='lat' dir='ltr'><strong>ac</strong></span> <span class='ocrx_word' id='word_1_65' title='bbox 885 1020 1305 1079; x_wconf 89' lang='lat' dir='ltr'><strong>dominationem</strong></span> <span class='ocrx_word' id='word_1_66' title='bbox 1337 1039 1487 1078; x_wconf 90' lang='lat' dir='ltr'><strong>suam</strong></span> <span class='ocrx_word' id='word_1_67' title='bbox 1515 1024 1771 1093; x_wconf 87' lang='lat' dir='ltr'><strong>ostendit,</strong></span> <span class='ocrx_word' id='word_1_68' title='bbox 1803 1027 1968 1094; x_wconf 85' lang='lat' dir='ltr'><strong>quod,</strong></span> 
     </span>
    </p>
   </div>
   <div class='ocr_carea' id='block_1_10' title="bbox 381 1108 1971 1184">
    <p class='ocr_par' dir='ltr' id='par_1_10' title="bbox 381 1108 1971 1184">
     <span class='ocr_line' id='line_1_10' title="bbox 381 1108 1971 1184; baseline 0.008 -24"><span class='ocrx_word' id='word_1_69' title='bbox 381 1115 539 1176; x_wconf 84' lang='lat' dir='ltr'><strong>prout</strong></span> <span class='ocrx_word' id='word_1_70' title='bbox 581 1108 716 1174; x_wconf 82' lang='lat' dir='ltr'><strong>vult,</strong></span> <span class='ocrx_word' id='word_1_71' title='bbox 746 1120 1019 1184; x_wconf 82' lang='lat' dir='ltr'><strong>operatur.</strong></span> <span class='ocrx_word' id='word_1_72' title='bbox 1066 1112 1163 1168; x_wconf 84' lang='lat' dir='ltr'><strong>Hic</strong></span> <span class='ocrx_word' id='word_1_73' title='bbox 1195 1128 1292 1170; x_wconf 89' lang='lat' dir='ltr'><strong>nos</strong></span> <span class='ocrx_word' id='word_1_74' title='bbox 1336 1113 1698 1179; x_wconf 89' lang='lat' dir='ltr'><strong>transformat,</strong></span> <span class='ocrx_word' id='word_1_75' title='bbox 1746 1115 1834 1171; x_wconf 89' lang='lat' dir='ltr'><strong>hic</strong></span> <span class='ocrx_word' id='word_1_76' title='bbox 1872 1128 1971 1172; x_wconf 87' lang='lat' dir='ltr'><strong>nos</strong></span> 
     </span>
    </p>
   </div>
   <div class='ocr_carea' id='block_1_11' title="bbox 381 1195 1972 1275">
    <p class='ocr_par' dir='ltr' id='par_1_11' title="bbox 381 1195 1972 1275">
     <span class='ocr_line' id='line_1_11' title="bbox 381 1195 1972 1275; baseline 0.008 -25"><span class='ocrx_word' id='word_1_77' title='bbox 381 1195 506 1254; x_wconf 89' lang='lat' dir='ltr'><strong>huic</strong></span> <span class='ocrx_word' id='word_1_78' title='bbox 549 1200 750 1254; x_wconf 68' lang='lat' dir='ltr'><strong>saeculo</strong></span> <span class='ocrx_word' id='word_1_79' title='bbox 791 1200 1118 1258; x_wconf 89' lang='lat' dir='ltr'><strong>conformari</strong></span> <span class='ocrx_word' id='word_1_80' title='bbox 1167 1218 1273 1260; x_wconf 90' lang='lat' dir='ltr'><strong>non</strong></span> <span class='ocrx_word' id='word_1_81' title='bbox 1319 1205 1476 1269; x_wconf 83' lang='lat' dir='ltr'><strong>sinit,</strong></span> <span class='ocrx_word' id='word_1_82' title='bbox 1533 1205 1620 1260; x_wconf 90' lang='lat' dir='ltr'><strong>hic</strong></span> <span class='ocrx_word' id='word_1_83' title='bbox 1660 1204 1972 1275; x_wconf 87' lang='lat' dir='ltr'><strong>lmjusmodi</strong></span> 
     </span>
    </p>
   </div>
   <div class='ocr_carea' id='block_1_12' title="bbox 381 1290 1968 1364">
    <p class='ocr_par' dir='ltr' id='par_1_12' title="bbox 381 1290 1968 1364">
     <span class='ocr_line' id='line_1_12' title="bbox 381 1290 1968 1364; baseline 0.005 -20"><span class='ocrx_word' id='word_1_84' title='bbox 381 1290 671 1346; x_wconf 87' lang='lat' dir='ltr'><strong>creatiunis</strong></span> <span class='ocrx_word' id='word_1_85' title='bbox 722 1291 918 1346; x_wconf 90' lang='lat' dir='ltr'><strong>artifex</strong></span> <span class='ocrx_word' id='word_1_86' title='bbox 987 1302 1089 1349; x_wconf 90' lang='lat' dir='ltr'><strong>est.</strong></span> <span class='ocrx_word' id='word_1_87' title='bbox 1151 1293 1608 1361; x_wconf 83' lang='lat' dir='ltr'><strong>Quemadmodum</strong></span> <span class='ocrx_word' id='word_1_88' title='bbox 1660 1295 1804 1350; x_wconf 89' lang='lat' dir='ltr'><strong>enim</strong></span> <span class='ocrx_word' id='word_1_89' title='bbox 1857 1297 1968 1364; x_wconf 89' lang='lat' dir='ltr'><strong>ait,</strong></span> 
     </span>
    </p>
   </div>
   <div class='ocr_carea' id='block_1_13' title="bbox 380 1381 1972 1459">
    <p class='ocr_par' dir='ltr' id='par_1_13' title="bbox 380 1381 1972 1459">
     <span class='ocr_line' id='line_1_13' title="bbox 380 1381 1972 1459; baseline 0.007 -23"><span class='ocrx_word' id='word_1_90' title='bbox 380 1381 552 1437; x_wconf 87' lang='lat' dir='ltr'><strong>Creati</strong></span> <span class='ocrx_word' id='word_1_91' title='bbox 578 1383 633 1436; x_wconf 82' lang='lat' dir='ltr'><strong>in</strong></span> <span class='ocrx_word' id='word_1_92' title='bbox 683 1381 888 1439; x_wconf 84' lang='lat' dir='ltr'><strong>Christo</strong></span> <span class='ocrx_word' id='word_1_93' title='bbox 924 1385 1050 1442; x_wconf 77' lang='lat' dir='ltr'><strong>Iesu</strong></span> <span class='ocrx_word' id='word_1_94' title='bbox 1081 1385 1294 1459; x_wconf 79' lang='lat' dir='ltr'><strong>(Ephes.</strong></span> <span class='ocrx_word' id='word_1_95' title='bbox 1325 1387 1379 1442; x_wconf 78' lang='grc'><strong>2.</strong></span> <span class='ocrx_word' id='word_1_96' title='bbox 1414 1387 1507 1458; x_wconf 87' lang='grc'><strong>10)</strong></span> <span class='ocrx_word' id='word_1_97' title='bbox 1538 1406 1554 1444; x_wconf 88' lang='lat'><strong>:</strong></span> <span class='ocrx_word' id='word_1_98' title='bbox 1582 1389 1772 1446; x_wconf 88' lang='lat' dir='ltr'><strong>eodem</strong></span> <span class='ocrx_word' id='word_1_99' title='bbox 1810 1393 1972 1446; x_wconf 90' lang='lat' dir='ltr'><strong>modo</strong></span> 
     </span>
    </p>
   </div>
   <div class='ocr_carea' id='block_1_14' title="bbox 383 1471 1970 1552">
    <p class='ocr_par' dir='ltr' id='par_1_14' title="bbox 383 1471 1970 1552">
     <span class='ocr_line' id='line_1_14' title="bbox 383 1471 1970 1552; baseline 0.008 -26"><span class='ocrx_word' id='word_1_100' title='bbox 383 1473 480 1537; x_wconf 86' lang='lat' dir='ltr'><strong>ait,</strong></span> <span class='ocrx_word' id='word_1_101' title='bbox 505 1471 605 1527; x_wconf 90' lang='lat' dir='ltr'><strong>Cor</strong></span> <span class='ocrx_word' id='word_1_102' title='bbox 628 1475 872 1530; x_wconf 84' lang='lat' dir='ltr'><strong>mundum</strong></span> <span class='ocrx_word' id='word_1_103' title='bbox 897 1493 1010 1532; x_wconf 85' lang='lat' dir='ltr'><strong>crea</strong></span> <span class='ocrx_word' id='word_1_104' title='bbox 1033 1480 1087 1536; x_wconf 82' lang='lat' dir='ltr'><strong>in</strong></span> <span class='ocrx_word' id='word_1_105' title='bbox 1115 1495 1217 1543; x_wconf 77' lang='lat' dir='ltr'><strong>me,</strong></span> <span class='ocrx_word' id='word_1_106' title='bbox 1234 1479 1391 1546; x_wconf 87' lang='lat' dir='ltr'><strong>Deus,</strong></span> <span class='ocrx_word' id='word_1_107' title='bbox 1425 1491 1471 1536; x_wconf 90' lang='lat' dir='ltr'><strong>et</strong></span> <span class='ocrx_word' id='word_1_108' title='bbox 1509 1482 1748 1552; x_wconf 81' lang='lat' dir='ltr'><strong>spiritum</strong></span> <span class='ocrx_word' id='word_1_109' title='bbox 1778 1493 1970 1538; x_wconf 84' lang='lat' dir='ltr'><strong>rectum</strong></span> 
     </span>
    </p>
   </div>
   <div class='ocr_carea' id='block_1_15' title="bbox 383 1562 1971 1642">
    <p class='ocr_par' dir='ltr' id='par_1_15' title="bbox 383 1562 1971 1642">
     <span class='ocr_line' id='line_1_15' title="bbox 383 1562 1971 1642; baseline 0.008 -27"><span class='ocrx_word' id='word_1_110' title='bbox 383 1562 572 1616; x_wconf 82' lang='lat' dir='ltr'><strong>innova</strong></span> <span class='ocrx_word' id='word_1_111' title='bbox 600 1563 652 1617; x_wconf 85' lang='lat' dir='ltr'><strong>in</strong></span> <span class='ocrx_word' id='word_1_112' title='bbox 678 1565 946 1620; x_wconf 84' lang='lat' dir='ltr'><strong>uisceribus</strong></span> <span class='ocrx_word' id='word_1_113' title='bbox 979 1569 1101 1627; x_wconf 77' lang='lat' dir='ltr'><strong>meis</strong></span> <span class='ocrx_word' id='word_1_114' title='bbox 1127 1567 1296 1639; x_wconf 79' lang='lat' dir='ltr'><strong>(Psal.</strong></span> <span class='ocrx_word' id='word_1_115' title='bbox 1329 1571 1420 1627; x_wconf 83' lang='lat'><strong>50.</strong></span> <span class='ocrx_word' id='word_1_116' title='bbox 1451 1572 1565 1642; x_wconf 67' lang='grc'><strong>12).</strong></span> <span class='ocrx_word' id='word_1_117' title='bbox 1600 1572 1694 1629; x_wconf 85' lang='lat' dir='ltr'><strong>Vis</strong></span> <span class='ocrx_word' id='word_1_118' title='bbox 1732 1573 1834 1628; x_wconf 86' lang='lat' dir='ltr'><strong>hoc</strong></span> <span class='ocrx_word' id='word_1_119' title='bbox 1876 1573 1971 1628; x_wconf 87' lang='lat' dir='ltr'><strong>tibi</strong></span> 
     </span>
    </p>
   </div>
   <div class='ocr_carea' id='block_1_16' title="bbox 384 1653 1972 1728">
    <p class='ocr_par' dir='ltr' id='par_1_16' title="bbox 384 1653 1972 1728">
     <span class='ocr_line' id='line_1_16' title="bbox 384 1653 1972 1728; baseline 0.009 -22"><span class='ocrx_word' id='word_1_120' title='bbox 384 1653 455 1706; x_wconf 86' lang='lat' dir='ltr'><strong>ab</strong></span> <span class='ocrx_word' id='word_1_121' title='bbox 497 1655 756 1724; x_wconf 77' lang='lat' dir='ltr'><strong>apostolis</strong></span> <span class='ocrx_word' id='word_1_122' title='bbox 812 1672 1022 1728; x_wconf 88' lang='lat' dir='ltr'><strong>quoque</strong></span> <span class='ocrx_word' id='word_1_123' title='bbox 1072 1661 1392 1717; x_wconf 89' lang='lat' dir='ltr'><strong>sensibiliori</strong></span> <span class='ocrx_word' id='word_1_124' title='bbox 1436 1665 1597 1719; x_wconf 88' lang='lat' dir='ltr'><strong>modo</strong></span> <span class='ocrx_word' id='word_1_125' title='bbox 1642 1664 1972 1722; x_wconf 77' lang='lat' dir='ltr'><strong>ostendam!</strong></span> 
     </span>
    </p>
   </div>
   <div class='ocr_carea' id='block_1_17' title="bbox 386 1743 1968 1826">
    <p class='ocr_par' dir='ltr' id='par_1_17' title="bbox 386 1743 1968 1826">
     <span class='ocr_line' id='line_1_17' title="bbox 386 1743 1968 1826; baseline 0.009 -29"><span class='ocrx_word' id='word_1_126' title='bbox 386 1743 608 1800; x_wconf 85' lang='lat' dir='ltr'><strong>Paulum</strong></span> <span class='ocrx_word' id='word_1_127' title='bbox 638 1748 834 1817; x_wconf 87' lang='lat' dir='ltr'><strong>cogita,</strong></span> <span class='ocrx_word' id='word_1_128' title='bbox 876 1751 1029 1821; x_wconf 86' lang='lat' dir='ltr'><strong>cujus</strong></span> <span class='ocrx_word' id='word_1_129' title='bbox 1067 1763 1245 1811; x_wconf 88' lang='lat' dir='ltr'><strong>vestes</strong></span> <span class='ocrx_word' id='word_1_130' title='bbox 1289 1757 1681 1824; x_wconf 85' lang='lat' dir='ltr'><strong>cperabantur;</strong></span> <span class='ocrx_word' id='word_1_131' title='bbox 1730 1757 1968 1826; x_wconf 86' lang='lat' dir='ltr'><strong>Petrum,</strong></span> 
     </span>
    </p>
   </div>
   <div class='ocr_carea' id='block_1_18' title="bbox 384 1836 1973 1922">
    <p class='ocr_par' dir='ltr' id='par_1_18' title="bbox 384 1836 1973 1922">
     <span class='ocr_line' id='line_1_18' title="bbox 384 1836 1973 1922; baseline 0.011 -32"><span class='ocrx_word' id='word_1_132' title='bbox 384 1836 539 1906; x_wconf 89' lang='lat' dir='ltr'><strong>cujus</strong></span> <span class='ocrx_word' id='word_1_133' title='bbox 565 1839 693 1909; x_wconf 69' lang='lat' dir='ltr'><strong>ipsa:</strong></span> <span class='ocrx_word' id='word_1_134' title='bbox 727 1854 938 1910; x_wconf 89' lang='lat' dir='ltr'><strong>quoque</strong></span> <span class='ocrx_word' id='word_1_135' title='bbox 985 1843 1189 1900; x_wconf 75' lang='lat' dir='ltr'><strong>umbra:</strong></span> <span class='ocrx_word' id='word_1_136' title='bbox 1234 1847 1436 1904; x_wconf 90' lang='lat' dir='ltr'><strong>viribus</strong></span> <span class='ocrx_word' id='word_1_137' title='bbox 1468 1850 1758 1920; x_wconf 86' lang='lat' dir='ltr'><strong>pollebant.</strong></span> <span class='ocrx_word' id='word_1_138' title='bbox 1786 1851 1973 1922; x_wconf 84' lang='lat' dir='ltr'><strong>Neque</strong></span> 
     </span>
    </p>
   </div>
   <div class='ocr_carea' id='block_1_19' title="bbox 384 1928 1971 2016">
    <p class='ocr_par' dir='ltr' id='par_1_19' title="bbox 384 1928 1971 2016">
     <span class='ocr_line' id='line_1_19' title="bbox 384 1928 1971 2016; baseline 0.011 -35"><span class='ocrx_word' id='word_1_139' title='bbox 384 1928 551 1992; x_wconf 89' lang='lat' dir='ltr'><strong>enim,</strong></span> <span class='ocrx_word' id='word_1_140' title='bbox 597 1929 699 1983; x_wconf 91' lang='lat' dir='ltr'><strong>nisi</strong></span> <span class='ocrx_word' id='word_1_141' title='bbox 734 1930 894 2002; x_wconf 80' lang='lat' dir='ltr'><strong>Regis</strong></span> <span class='ocrx_word' id='word_1_142' title='bbox 941 1933 1224 2005; x_wconf 78' lang='lat' dir='ltr'><strong>imaginem</strong></span> <span class='ocrx_word' id='word_1_143' title='bbox 1253 1948 1574 2008; x_wconf 89' lang='lat' dir='ltr'><strong>gestassent,</strong></span> <span class='ocrx_word' id='word_1_144' title='bbox 1604 1951 1658 1997; x_wconf 89' lang='lat' dir='ltr'><strong>et</strong></span> <span class='ocrx_word' id='word_1_145' title='bbox 1693 1942 1971 2016; x_wconf 84' lang='lat' dir='ltr'><strong>incompa-</strong></span> 
     </span>
    </p>
   </div>
   <div class='ocr_carea' id='block_1_20' title="bbox 383 2017 1971 2098">
    <p class='ocr_par' dir='ltr' id='par_1_20' title="bbox 383 2017 1971 2098">
     <span class='ocr_line' id='line_1_20' title="bbox 383 2017 1971 2098; baseline 0.013 -27"><span class='ocrx_word' id='word_1_146' title='bbox 383 2017 568 2073; x_wconf 88' lang='lat' dir='ltr'><strong>rabilis</strong></span> <span class='ocrx_word' id='word_1_147' title='bbox 597 2020 811 2090; x_wconf 87' lang='lat' dir='ltr'><strong>quidam</strong></span> <span class='ocrx_word' id='word_1_148' title='bbox 840 2022 1019 2093; x_wconf 78' lang='lat' dir='ltr'><strong>fulgor</strong></span> <span class='ocrx_word' id='word_1_149' title='bbox 1041 2041 1110 2081; x_wconf 90' lang='lat' dir='ltr'><strong>ex</strong></span> <span class='ocrx_word' id='word_1_150' title='bbox 1145 2027 1276 2096; x_wconf 90' lang='lat' dir='ltr'><strong>ipsis</strong></span> <span class='ocrx_word' id='word_1_151' title='bbox 1309 2029 1618 2098; x_wconf 77' lang='lat' dir='ltr'><strong>effulsisset,</strong></span> <span class='ocrx_word' id='word_1_152' title='bbox 1644 2048 1831 2090; x_wconf 90' lang='lat' dir='ltr'><strong>eorum</strong></span> <span class='ocrx_word' id='word_1_153' title='bbox 1875 2051 1971 2090; x_wconf 90' lang='lat' dir='ltr'><strong>ve-</strong></span> 
     </span>
    </p>
   </div>
   <div class='ocr_carea' id='block_1_21' title="bbox 381 2115 1973 2196">
    <p class='ocr_par' dir='ltr' id='par_1_21' title="bbox 381 2115 1973 2196">
     <span class='ocr_line' id='line_1_21' title="bbox 381 2115 1973 2196; baseline 0.011 -32"><span class='ocrx_word' id='word_1_154' title='bbox 381 2119 494 2167; x_wconf 86' lang='lat' dir='ltr'><strong>stes</strong></span> <span class='ocrx_word' id='word_1_155' title='bbox 539 2120 702 2182; x_wconf 87' lang='lat' dir='ltr'><strong>atque</strong></span> <span class='ocrx_word' id='word_1_156' title='bbox 756 2115 962 2170; x_wconf 61' lang='lat' dir='ltr'><strong>umbrae</strong></span> <span class='ocrx_word' id='word_1_157' title='bbox 1007 2124 1085 2172; x_wconf 92' lang='lat' dir='ltr'><strong>tot</strong></span> <span class='ocrx_word' id='word_1_158' title='bbox 1131 2119 1386 2176; x_wconf 87' lang='lat' dir='ltr'><strong>miracula</strong></span> <span class='ocrx_word' id='word_1_159' title='bbox 1439 2123 1749 2182; x_wconf 84' lang='lat' dir='ltr'><strong>edidissent.</strong></span> <span class='ocrx_word' id='word_1_160' title='bbox 1811 2125 1973 2196; x_wconf 82' lang='lat' dir='ltr'><strong>Regis</strong></span> 
     </span>
    </p>
   </div>
   <div class='ocr_carea' id='block_1_22' title="bbox 381 2203 1974 2277">
    <p class='ocr_par' dir='ltr' id='par_1_22' title="bbox 381 2203 1974 2277">
     <span class='ocr_line' id='line_1_22' title="bbox 381 2203 1974 2277; baseline 0.011 -20"><span class='ocrx_word' id='word_1_161' title='bbox 381 2203 582 2275; x_wconf 88' lang='lat' dir='ltr'><strong>quippe</strong></span> <span class='ocrx_word' id='word_1_162' title='bbox 605 2215 783 2261; x_wconf 83' lang='lat' dir='ltr'><strong>vestes</strong></span> <span class='ocrx_word' id='word_1_163' title='bbox 810 2205 1106 2264; x_wconf 88' lang='lat' dir='ltr'><strong>latronibus</strong></span> <span class='ocrx_word' id='word_1_164' title='bbox 1150 2211 1310 2266; x_wconf 89' lang='lat' dir='ltr'><strong>etiam</strong></span> <span class='ocrx_word' id='word_1_165' title='bbox 1351 2215 1543 2269; x_wconf 90' lang='lat' dir='ltr'><strong>terrori</strong></span> <span class='ocrx_word' id='word_1_166' title='bbox 1571 2226 1716 2274; x_wconf 88' lang='lat' dir='ltr'><strong>sunt.</strong></span> <span class='ocrx_word' id='word_1_167' title='bbox 1748 2217 1974 2277; x_wconf 88' lang='lat' dir='ltr'><strong>Libetne</strong></span> 
     </span>
    </p>
   </div>
   <div class='ocr_carea' id='block_1_23' title="bbox 383 2296 1973 2374">
    <p class='ocr_par' dir='ltr' id='par_1_23' title="bbox 383 2296 1973 2374">
     <span class='ocr_line' id='line_1_23' title="bbox 383 2296 1973 2374; baseline 0.007 -20"><span class='ocrx_word' id='word_1_168' title='bbox 383 2296 568 2354; x_wconf 88' lang='lat' dir='ltr'><strong>videre</strong></span> <span class='ocrx_word' id='word_1_169' title='bbox 588 2297 727 2354; x_wconf 88' lang='lat' dir='ltr'><strong>hanc</strong></span> <span class='ocrx_word' id='word_1_170' title='bbox 753 2313 849 2370; x_wconf 85' lang='lat' dir='ltr'><strong>per</strong></span> <span class='ocrx_word' id='word_1_171' title='bbox 869 2314 1067 2370; x_wconf 89' lang='lat' dir='ltr'><strong>corpus</strong></span> <span class='ocrx_word' id='word_1_172' title='bbox 1102 2317 1314 2374; x_wconf 87' lang='lat' dir='ltr'><strong>quoque</strong></span> <span class='ocrx_word' id='word_1_173' title='bbox 1337 2306 1727 2364; x_wconf 86' lang='lat' dir='ltr'><strong>collucentem?</strong></span> <span class='ocrx_word' id='word_1_174' title='bbox 1755 2308 1973 2366; x_wconf 81' lang='lat' dir='ltr'><strong>Intuen-</strong></span> 
     </span>
    </p>
   </div>
   <div class='ocr_carea' id='block_1_24' title="bbox 383 2386 1975 2472">
    <p class='ocr_par' dir='ltr' id='par_1_24' title="bbox 383 2386 1975 2472">
     <span class='ocr_line' id='line_1_24' title="bbox 383 2386 1975 2472; baseline 0.009 -33"><span class='ocrx_word' id='word_1_175' title='bbox 383 2395 475 2450; x_wconf 88' lang='lat' dir='ltr'><strong>tes,</strong></span> <span class='ocrx_word' id='word_1_176' title='bbox 507 2386 700 2457; x_wconf 79' lang='lat' dir='ltr'><strong>inquit,</strong></span> <span class='ocrx_word' id='word_1_177' title='bbox 731 2389 918 2460; x_wconf 80' lang='lat' dir='ltr'><strong>faciem</strong></span> <span class='ocrx_word' id='word_1_178' title='bbox 946 2389 1220 2460; x_wconf 78' lang='lat' dir='ltr'><strong>Stephani,</strong></span> <span class='ocrx_word' id='word_1_179' title='bbox 1247 2395 1481 2451; x_wconf 85' lang='lat' dir='ltr'><strong>viderunt</strong></span> <span class='ocrx_word' id='word_1_180' title='bbox 1504 2406 1762 2468; x_wconf 77' lang='lat' dir='ltr'><strong>tamquam</strong></span> <span class='ocrx_word' id='word_1_181' title='bbox 1789 2401 1975 2472; x_wconf 79' lang='lat' dir='ltr'><strong>{aciem</strong></span> 
     </span>
    </p>
   </div>
   <div class='ocr_carea' id='block_1_25' title="bbox 382 2478 1974 2561">
    <p class='ocr_par' dir='ltr' id='par_1_25' title="bbox 382 2478 1974 2561">
     <span class='ocr_line' id='line_1_25' title="bbox 382 2478 1974 2561; baseline 0.007 -26"><span class='ocrx_word' id='word_1_182' title='bbox 382 2479 552 2548; x_wconf 83' lang='lat' dir='ltr'><strong>angeli</strong></span> <span class='ocrx_word' id='word_1_183' title='bbox 580 2478 776 2548; x_wconf 80' lang='lat' dir='ltr'><strong>(Actor.</strong></span> <span class='ocrx_word' id='word_1_184' title='bbox 800 2481 854 2536; x_wconf 85' lang='lat'><strong>5.</strong></span> <span class='ocrx_word' id='word_1_185' title='bbox 881 2481 991 2552; x_wconf 86' lang='lat' dir='ltr'><strong>l5).</strong></span> <span class='ocrx_word' id='word_1_186' title='bbox 1018 2485 1350 2554; x_wconf 78' lang='lat' dir='ltr'><strong>Quamquam</strong></span> <span class='ocrx_word' id='word_1_187' title='bbox 1389 2486 1522 2543; x_wconf 88' lang='lat' dir='ltr'><strong>nihil</strong></span> <span class='ocrx_word' id='word_1_188' title='bbox 1552 2490 1690 2544; x_wconf 89' lang='lat' dir='ltr'><strong>istud</strong></span> <span class='ocrx_word' id='word_1_189' title='bbox 1715 2501 1831 2545; x_wconf 90' lang='lat' dir='ltr'><strong>erat</strong></span> <span class='ocrx_word' id='word_1_190' title='bbox 1863 2507 1974 2561; x_wconf 78' lang='lat' dir='ltr'><strong>prae</strong></span> 
     </span>
    </p>
   </div>
   <div class='ocr_carea' id='block_1_26' title="bbox 384 2569 1972 2649">
    <p class='ocr_par' dir='ltr' id='par_1_26' title="bbox 384 2569 1972 2649">
     <span class='ocr_line' id='line_1_26' title="bbox 384 2569 1972 2649; baseline 0.01 -27"><span class='ocrx_word' id='word_1_191' title='bbox 384 2569 550 2638; x_wconf 81' lang='lat' dir='ltr'><strong>gloria</strong></span> <span class='ocrx_word' id='word_1_192' title='bbox 572 2583 656 2635; x_wconf 86' lang='lat' dir='ltr'><strong>ca,</strong></span> <span class='ocrx_word' id='word_1_193' title='bbox 688 2586 810 2640; x_wconf 71' lang='lat' dir='ltr'><strong>qua:</strong></span> <span class='ocrx_word' id='word_1_194' title='bbox 848 2571 1060 2630; x_wconf 90' lang='lat' dir='ltr'><strong>interne</strong></span> <span class='ocrx_word' id='word_1_195' title='bbox 1087 2576 1362 2632; x_wconf 86' lang='lat' dir='ltr'><strong>rutilabat.</strong></span> <span class='ocrx_word' id='word_1_196' title='bbox 1389 2577 1522 2633; x_wconf 89' lang='lat' dir='ltr'><strong>Nam</strong></span> <span class='ocrx_word' id='word_1_197' title='bbox 1551 2581 1692 2649; x_wconf 89' lang='lat' dir='ltr'><strong>quod</strong></span> <span class='ocrx_word' id='word_1_198' title='bbox 1721 2582 1893 2637; x_wconf 79' lang='lat' dir='ltr'><strong>Moses</strong></span> <span class='ocrx_word' id='word_1_199' title='bbox 1918 2583 1972 2638; x_wconf 93' lang='lat' dir='ltr'><strong>in</strong></span> 
     </span>
    </p>
   </div>
   <div class='ocr_carea' id='block_1_27' title="bbox 386 2659 1972 2740">
    <p class='ocr_par' dir='ltr' id='par_1_27' title="bbox 386 2659 1972 2740">
     <span class='ocr_line' id='line_1_27' title="bbox 386 2659 1972 2740; baseline 0.011 -29"><span class='ocrx_word' id='word_1_200' title='bbox 386 2659 534 2713; x_wconf 90' lang='lat' dir='ltr'><strong>vultu</strong></span> <span class='ocrx_word' id='word_1_201' title='bbox 576 2659 837 2728; x_wconf 83' lang='lat' dir='ltr'><strong>habebat,</strong></span> <span class='ocrx_word' id='word_1_202' title='bbox 893 2662 993 2718; x_wconf 91' lang='lat' dir='ltr'><strong>hoc</strong></span> <span class='ocrx_word' id='word_1_203' title='bbox 1045 2665 1134 2720; x_wconf 91' lang='lat' dir='ltr'><strong>isti</strong></span> <span class='ocrx_word' id='word_1_204' title='bbox 1177 2667 1230 2721; x_wconf 90' lang='lat' dir='ltr'><strong>in</strong></span> <span class='ocrx_word' id='word_1_205' title='bbox 1273 2669 1452 2723; x_wconf 88' lang='lat' dir='ltr'><strong>anima</strong></span> <span class='ocrx_word' id='word_1_206' title='bbox 1504 2672 1972 2740; x_wconf 81' lang='lat' dir='ltr'><strong>circumferebant,</strong></span> 
     </span>
    </p>
   </div>
   <div class='ocr_carea' id='block_1_28' title="bbox 386 2751 1974 2833">
    <p class='ocr_par' dir='ltr' id='par_1_28' title="bbox 386 2751 1974 2833">
     <span class='ocr_line' id='line_1_28' title="bbox 386 2751 1974 2833; baseline 0.011 -30"><span class='ocrx_word' id='word_1_207' title='bbox 386 2760 545 2819; x_wconf 82' lang='lat' dir='ltr'><strong>atque</strong></span> <span class='ocrx_word' id='word_1_208' title='bbox 569 2751 704 2807; x_wconf 89' lang='lat' dir='ltr'><strong>adeo</strong></span> <span class='ocrx_word' id='word_1_209' title='bbox 729 2754 899 2808; x_wconf 87' lang='lat' dir='ltr'><strong>multo</strong></span> <span class='ocrx_word' id='word_1_210' title='bbox 927 2757 1176 2827; x_wconf 83' lang='lat' dir='ltr'><strong>amplius.</strong></span> <span class='ocrx_word' id='word_1_211' title='bbox 1209 2757 1420 2816; x_wconf 85' lang='lat' dir='ltr'><strong>Etenim</strong></span> <span class='ocrx_word' id='word_1_212' title='bbox 1441 2761 1494 2816; x_wconf 90' lang='lat' dir='ltr'><strong>id</strong></span> <span class='ocrx_word' id='word_1_213' title='bbox 1519 2763 1661 2833; x_wconf 91' lang='lat' dir='ltr'><strong>quod</strong></span> <span class='ocrx_word' id='word_1_214' title='bbox 1691 2764 1823 2820; x_wconf 86' lang='lat' dir='ltr'><strong>Mosi</strong></span> <span class='ocrx_word' id='word_1_215' title='bbox 1844 2781 1974 2821; x_wconf 86' lang='lat' dir='ltr'><strong>con-</strong></span> 
     </span>
    </p>
   </div>
   <div class='ocr_carea' id='block_1_29' title="bbox 389 2841 1974 2926">
    <p class='ocr_par' dir='ltr' id='par_1_29' title="bbox 389 2841 1974 2926">
     <span class='ocr_line' id='line_1_29' title="bbox 389 2841 1974 2926; baseline 0.012 -32"><span class='ocrx_word' id='word_1_216' title='bbox 389 2841 643 2910; x_wconf 85' lang='lat' dir='ltr'><strong>tingebat,</strong></span> <span class='ocrx_word' id='word_1_217' title='bbox 673 2845 858 2902; x_wconf 85' lang='lat' dir='ltr'><strong>sensui</strong></span> <span class='ocrx_word' id='word_1_218' title='bbox 883 2846 1182 2915; x_wconf 86' lang='lat' dir='ltr'><strong>subjectum</strong></span> <span class='ocrx_word' id='word_1_219' title='bbox 1213 2859 1331 2905; x_wconf 87' lang='lat' dir='ltr'><strong>erat</strong></span> <span class='ocrx_word' id='word_1_220' title='bbox 1356 2867 1371 2916; x_wconf 91' lang='lat'><strong>;</strong></span> <span class='ocrx_word' id='word_1_221' title='bbox 1397 2851 1500 2910; x_wconf 90' lang='lat' dir='ltr'><strong>hoc</strong></span> <span class='ocrx_word' id='word_1_222' title='bbox 1529 2865 1707 2908; x_wconf 87' lang='lat' dir='ltr'><strong>autem</strong></span> <span class='ocrx_word' id='word_1_223' title='bbox 1730 2858 1974 2926; x_wconf 88' lang='lat' dir='ltr'><strong>corporis</strong></span> 
     </span>
    </p>
   </div>
   <div class='ocr_carea' id='block_1_30' title="bbox 388 2933 1974 3014">
    <p class='ocr_par' dir='ltr' id='par_1_30' title="bbox 388 2933 1974 3014">
     <span class='ocr_line' id='line_1_30' title="bbox 388 2933 1974 3014; baseline 0.013 -29"><span class='ocrx_word' id='word_1_224' title='bbox 388 2947 577 3002; x_wconf 79' lang='lat' dir='ltr'><strong>expers</strong></span> <span class='ocrx_word' id='word_1_225' title='bbox 603 2943 705 2988; x_wconf 87' lang='lat' dir='ltr'><strong>est.</strong></span> <span class='ocrx_word' id='word_1_226' title='bbox 738 2933 807 2989; x_wconf 81' lang='lat' dir='ltr'><strong>Et</strong></span> <span class='ocrx_word' id='word_1_227' title='bbox 840 2936 978 2990; x_wconf 89' lang='lat' dir='ltr'><strong>sicut</strong></span> <span class='ocrx_word' id='word_1_228' title='bbox 1013 2937 1165 3009; x_wconf 84' lang='lat' dir='ltr'><strong>ignea</strong></span> <span class='ocrx_word' id='word_1_229' title='bbox 1191 2954 1442 3011; x_wconf 88' lang='lat' dir='ltr'><strong>corpora,</strong></span> <span class='ocrx_word' id='word_1_230' title='bbox 1481 2960 1510 2998; x_wconf 85' lang='lat' dir='ltr'><strong>a</strong></span> <span class='ocrx_word' id='word_1_231' title='bbox 1538 2945 1834 3014; x_wconf 86' lang='lat' dir='ltr'><strong>splendidis</strong></span> <span class='ocrx_word' id='word_1_232' title='bbox 1853 2963 1974 3004; x_wconf 84' lang='lat' dir='ltr'><strong>cor-</strong></span> 
     </span>
    </p>
   </div>
   <div class='ocr_carea' id='block_1_31' title="bbox 390 3023 1975 3108">
    <p class='ocr_par' dir='ltr' id='par_1_31' title="bbox 390 3023 1975 3108">
     <span class='ocr_line' id='line_1_31' title="bbox 390 3023 1975 3108; baseline 0.012 -31"><span class='ocrx_word' id='word_1_233' title='bbox 390 3023 609 3092; x_wconf 84' lang='lat' dir='ltr'><strong>poribus</strong></span> <span class='ocrx_word' id='word_1_234' title='bbox 635 3025 688 3079; x_wconf 92' lang='lat' dir='ltr'><strong>in</strong></span> <span class='ocrx_word' id='word_1_235' title='bbox 727 3025 780 3081; x_wconf 91' lang='lat' dir='ltr'><strong>id</strong></span> <span class='ocrx_word' id='word_1_236' title='bbox 819 3027 964 3098; x_wconf 90' lang='lat' dir='ltr'><strong>quod</strong></span> <span class='ocrx_word' id='word_1_237' title='bbox 991 3031 1346 3104; x_wconf 88' lang='lat' dir='ltr'><strong>propinquutn</strong></span> <span class='ocrx_word' id='word_1_238' title='bbox 1373 3042 1456 3088; x_wconf 89' lang='lat' dir='ltr'><strong>est</strong></span> <span class='ocrx_word' id='word_1_239' title='bbox 1493 3035 1802 3103; x_wconf 83' lang='lat' dir='ltr'><strong>defluentia,</strong></span> <span class='ocrx_word' id='word_1_240' title='bbox 1845 3039 1975 3108; x_wconf 89' lang='lat' dir='ltr'><strong>ipsis</strong></span> 
     </span>
    </p>
   </div>
   <div class='ocr_carea' id='block_1_32' title="bbox 387 3117 1975 3193">
    <p class='ocr_par' dir='ltr' id='par_1_32' title="bbox 387 3117 1975 3193">
     <span class='ocr_line' id='line_1_32' title="bbox 387 3117 1975 3193; baseline 0.012 -26"><span class='ocrx_word' id='word_1_241' title='bbox 387 3130 600 3187; x_wconf 89' lang='lat' dir='ltr'><strong>quoque</strong></span> <span class='ocrx_word' id='word_1_242' title='bbox 627 3117 967 3187; x_wconf 88' lang='lat' dir='ltr'><strong>splendorem</strong></span> <span class='ocrx_word' id='word_1_243' title='bbox 1003 3133 1158 3176; x_wconf 88' lang='lat' dir='ltr'><strong>suum</strong></span> <span class='ocrx_word' id='word_1_244' title='bbox 1190 3123 1503 3193; x_wconf 88' lang='lat' dir='ltr'><strong>impertiunt</strong></span> <span class='ocrx_word' id='word_1_245' title='bbox 1530 3143 1544 3178; x_wconf 90' lang='lat'><strong>:</strong></span> <span class='ocrx_word' id='word_1_246' title='bbox 1578 3127 1766 3185; x_wconf 91' lang='lat' dir='ltr'><strong>eodem</strong></span> <span class='ocrx_word' id='word_1_247' title='bbox 1814 3131 1975 3185; x_wconf 89' lang='lat' dir='ltr'><strong>modo</strong></span> 
     </span>
    </p>
   </div>
   <div class='ocr_carea' id='block_1_33' title="bbox 390 3206 1974 3286">
    <p class='ocr_par' dir='ltr' id='par_1_33' title="bbox 390 3206 1974 3286">
     <span class='ocr_line' id='line_1_33' title="bbox 390 3206 1974 3286; baseline 0.01 -26"><span class='ocrx_word' id='word_1_248' title='bbox 390 3207 442 3262; x_wconf 92' lang='lat' dir='ltr'><strong>in</strong></span> <span class='ocrx_word' id='word_1_249' title='bbox 485 3206 735 3262; x_wconf 82' lang='lat' dir='ltr'><strong>ﬁdelibus</strong></span> <span class='ocrx_word' id='word_1_250' title='bbox 774 3223 988 3279; x_wconf 89' lang='lat' dir='ltr'><strong>quoque</strong></span> <span class='ocrx_word' id='word_1_251' title='bbox 1027 3226 1125 3266; x_wconf 90' lang='lat' dir='ltr'><strong>usu</strong></span> <span class='ocrx_word' id='word_1_252' title='bbox 1151 3214 1318 3269; x_wconf 90' lang='lat' dir='ltr'><strong>venit.</strong></span> <span class='ocrx_word' id='word_1_253' title='bbox 1349 3214 1429 3270; x_wconf 93' lang='lat' dir='ltr'><strong>Ob</strong></span> <span class='ocrx_word' id='word_1_254' title='bbox 1452 3232 1677 3286; x_wconf 84' lang='lat' dir='ltr'><strong>eamque</strong></span> <span class='ocrx_word' id='word_1_255' title='bbox 1703 3233 1918 3274; x_wconf 81' lang='lat' dir='ltr'><strong>causam</strong></span> <span class='ocrx_word' id='word_1_256' title='bbox 1943 3236 1974 3276; x_wconf 89' lang='lat' dir='ltr'><strong>a</strong></span> 
     </span>
    </p>
   </div>
   <div class='ocr_carea' id='block_1_34' title="bbox 389 3295 1974 3382">
    <p class='ocr_par' dir='ltr' id='par_1_34' title="bbox 389 3295 1974 3382">
     <span class='ocr_line' id='line_1_34' title="bbox 389 3295 1974 3382; baseline 0.009 -32"><span class='ocrx_word' id='word_1_257' title='bbox 389 3306 532 3352; x_wconf 89' lang='lat' dir='ltr'><strong>terra</strong></span> <span class='ocrx_word' id='word_1_258' title='bbox 558 3295 872 3362; x_wconf 88' lang='lat' dir='ltr'><strong>abscedunt,</strong></span> <span class='ocrx_word' id='word_1_259' title='bbox 901 3301 992 3370; x_wconf 87' lang='lat' dir='ltr'><strong>qui</strong></span> <span class='ocrx_word' id='word_1_260' title='bbox 1016 3300 1090 3356; x_wconf 92' lang='lat' dir='ltr'><strong>ita</strong></span> <span class='ocrx_word' id='word_1_261' title='bbox 1114 3303 1296 3359; x_wconf 87' lang='lat' dir='ltr'><strong>affecti</strong></span> <span class='ocrx_word' id='word_1_262' title='bbox 1323 3315 1467 3373; x_wconf 89' lang='lat' dir='ltr'><strong>sunt,</strong></span> <span class='ocrx_word' id='word_1_263' title='bbox 1495 3307 1836 3382; x_wconf 76' lang='lat' dir='ltr'><strong>caelesnaque</strong></span> <span class='ocrx_word' id='word_1_264' title='bbox 1859 3311 1974 3366; x_wconf 88' lang='lat' dir='ltr'><strong>sola</strong></span> 
     </span>
    </p>
   </div>
   <div class='ocr_carea' id='block_1_35' title="bbox 391 3388 1977 3460">
    <p class='ocr_par' dir='ltr' id='par_1_35' title="bbox 391 3388 1977 3460">
     <span class='ocr_line' id='line_1_35' title="bbox 391 3388 1977 3460; baseline 0.014 -21"><span class='ocrx_word' id='word_1_265' title='bbox 391 3388 525 3456; x_wconf 84' lang='lat' dir='ltr'><strong>ipsis</strong></span> <span class='ocrx_word' id='word_1_266' title='bbox 553 3389 606 3450; x_wconf 87' lang='lat' dir='ltr'><strong>in</strong></span> <span class='ocrx_word' id='word_1_267' title='bbox 633 3397 812 3446; x_wconf 89' lang='lat' dir='ltr'><strong>mente</strong></span> <span class='ocrx_word' id='word_1_268' title='bbox 835 3402 1138 3452; x_wconf 84' lang='lat' dir='ltr'><strong>versantur.</strong></span> <span class='ocrx_word' id='word_1_269' title='bbox 1167 3395 1267 3453; x_wconf 85' lang='lat' dir='ltr'><strong>Hei</strong></span> <span class='ocrx_word' id='word_1_270' title='bbox 1296 3398 1460 3455; x_wconf 88' lang='lat' dir='ltr'><strong>mihi!</strong></span> <span class='ocrx_word' id='word_1_271' title='bbox 1493 3401 1580 3456; x_wconf 88' lang='lat' dir='ltr'><strong>hic</strong></span> <span class='ocrx_word' id='word_1_272' title='bbox 1606 3403 1750 3458; x_wconf 90' lang='lat' dir='ltr'><strong>enim</strong></span> <span class='ocrx_word' id='word_1_273' title='bbox 1783 3405 1977 3460; x_wconf 88' lang='lat' dir='ltr'><strong>acerbe</strong></span> 
     </span>
    </p>
   </div>
   <div class='ocr_carea' id='block_1_36' title="bbox 393 3479 1975 3563">
    <p class='ocr_par' dir='ltr' id='par_1_36' title="bbox 393 3479 1975 3563">
     <span class='ocr_line' id='line_1_36' title="bbox 393 3479 1975 3563; baseline 0.013 -32"><span class='ocrx_word' id='word_1_274' title='bbox 393 3493 606 3550; x_wconf 87' lang='lat' dir='ltr'><strong>quoque</strong></span> <span class='ocrx_word' id='word_1_275' title='bbox 653 3479 1002 3550; x_wconf 77' lang='lat' dir='ltr'><strong>ingemiscere</strong></span> <span class='ocrx_word' id='word_1_276' title='bbox 1056 3486 1339 3554; x_wconf 88' lang='lat' dir='ltr'><strong>pulchrum</strong></span> <span class='ocrx_word' id='word_1_277' title='bbox 1394 3489 1576 3556; x_wconf 89' lang='lat' dir='ltr'><strong>fuerit,</strong></span> <span class='ocrx_word' id='word_1_278' title='bbox 1633 3494 1799 3563; x_wconf 90' lang='lat' dir='ltr'><strong>quod,</strong></span> <span class='ocrx_word' id='word_1_279' title='bbox 1853 3511 1975 3551; x_wconf 91' lang='lat' dir='ltr'><strong>cum</strong></span> 
     </span>
    </p>
   </div>
   <div class='ocr_carea' id='block_1_37' title="bbox 395 3569 1977 3656">
    <p class='ocr_par' dir='ltr' id='par_1_37' title="bbox 395 3569 1977 3656">
     <span class='ocr_line' id='line_1_37' title="bbox 395 3569 1977 3656; baseline 0.013 -34"><span class='ocrx_word' id='word_1_280' title='bbox 395 3577 540 3623; x_wconf 88' lang='lat' dir='ltr'><strong>tanta</strong></span> <span class='ocrx_word' id='word_1_281' title='bbox 571 3569 846 3628; x_wconf 81' lang='lat' dir='ltr'><strong>nobilitate</strong></span> <span class='ocrx_word' id='word_1_282' title='bbox 871 3574 1080 3644; x_wconf 63' lang='lat' dir='ltr'><strong>praediti</strong></span> <span class='ocrx_word' id='word_1_283' title='bbox 1108 3576 1300 3645; x_wconf 90' lang='lat' dir='ltr'><strong>simus,</strong></span> <span class='ocrx_word' id='word_1_284' title='bbox 1343 3588 1520 3636; x_wconf 89' lang='lat' dir='ltr'><strong>tamen</strong></span> <span class='ocrx_word' id='word_1_285' title='bbox 1553 3598 1620 3638; x_wconf 87' lang='lat' dir='ltr'><strong>ne</strong></span> <span class='ocrx_word' id='word_1_286' title='bbox 1662 3598 1724 3639; x_wconf 85' lang='lat' dir='ltr'><strong>ea</strong></span> <span class='ocrx_word' id='word_1_287' title='bbox 1761 3585 1977 3656; x_wconf 91' lang='lat' dir='ltr'><strong>quidem</strong></span> 
     </span>
    </p>
   </div>
   <div class='ocr_carea' id='block_1_38' title="bbox 393 3661 1978 3737">
    <p class='ocr_par' dir='ltr' id='par_1_38' title="bbox 393 3661 1978 3737">
     <span class='ocr_line' id='line_1_38' title="bbox 393 3661 1978 3737; baseline 0.013 -26"><span class='ocrx_word' id='word_1_288' title='bbox 393 3674 513 3730; x_wconf 76' lang='lat' dir='ltr'><strong>qua:</strong></span> <span class='ocrx_word' id='word_1_289' title='bbox 539 3661 790 3717; x_wconf 88' lang='lat' dir='ltr'><strong>dicuntur</strong></span> <span class='ocrx_word' id='word_1_290' title='bbox 813 3665 1080 3734; x_wconf 81' lang='lat' dir='ltr'><strong>novimus,</strong></span> <span class='ocrx_word' id='word_1_291' title='bbox 1123 3668 1248 3737; x_wconf 87' lang='lat' dir='ltr'><strong>quia</strong></span> <span class='ocrx_word' id='word_1_292' title='bbox 1274 3669 1553 3726; x_wconf 84' lang='lat' dir='ltr'><strong>confestim</strong></span> <span class='ocrx_word' id='word_1_293' title='bbox 1583 3673 1680 3728; x_wconf 89' lang='lat' dir='ltr'><strong>has</strong></span> <span class='ocrx_word' id='word_1_294' title='bbox 1710 3690 1796 3730; x_wconf 91' lang='lat' dir='ltr'><strong>res</strong></span> <span class='ocrx_word' id='word_1_295' title='bbox 1824 3677 1978 3732; x_wconf 91' lang='lat' dir='ltr'><strong>nobis</strong></span> 
     </span>
    </p>
   </div>
   <div class='ocr_carea' id='block_1_39' title="bbox 390 3755 1980 3830">
    <p class='ocr_par' dir='ltr' id='par_1_39' title="bbox 390 3755 1980 3830">
     <span class='ocr_line' id='line_1_39' title="bbox 390 3755 1980 3830; baseline 0.009 -21"><span class='ocrx_word' id='word_1_296' title='bbox 390 3755 568 3825; x_wconf 88' lang='lat' dir='ltr'><strong>perire</strong></span> <span class='ocrx_word' id='word_1_297' title='bbox 591 3755 834 3822; x_wconf 82' lang='lat' dir='ltr'><strong>sinimus,</strong></span> <span class='ocrx_word' id='word_1_298' title='bbox 863 3765 1023 3829; x_wconf 88' lang='lat' dir='ltr'><strong>atque</strong></span> <span class='ocrx_word' id='word_1_299' title='bbox 1051 3759 1116 3816; x_wconf 91' lang='lat' dir='ltr'><strong>iis</strong></span> <span class='ocrx_word' id='word_1_300' title='bbox 1136 3777 1255 3830; x_wconf 85' lang='lat' dir='ltr'><strong>quae</strong></span> <span class='ocrx_word' id='word_1_301' title='bbox 1277 3763 1330 3817; x_wconf 92' lang='lat' dir='ltr'><strong>in</strong></span> <span class='ocrx_word' id='word_1_302' title='bbox 1357 3777 1572 3819; x_wconf 89' lang='lat' dir='ltr'><strong>sensum</strong></span> <span class='ocrx_word' id='word_1_303' title='bbox 1594 3767 1788 3822; x_wconf 87' lang='lat' dir='ltr'><strong>cadunt</strong></span> <span class='ocrx_word' id='word_1_304' title='bbox 1809 3767 1980 3823; x_wconf 86' lang='lat' dir='ltr'><strong>inhia-</strong></span> 
     </span>
    </p>
   </div>
   <div class='ocr_carea' id='block_1_40' title="bbox 388 3847 1976 3928">
    <p class='ocr_par' dir='ltr' id='par_1_40' title="bbox 388 3847 1976 3928">
     <span class='ocr_line' id='line_1_40' title="bbox 388 3847 1976 3928; baseline 0.011 -28"><span class='ocrx_word' id='word_1_305' title='bbox 388 3861 528 3901; x_wconf 89' lang='lat' dir='ltr'><strong>mus.</strong></span> <span class='ocrx_word' id='word_1_306' title='bbox 559 3847 765 3905; x_wconf 86' lang='lat' dir='ltr'><strong>Arcana</strong></span> <span class='ocrx_word' id='word_1_307' title='bbox 793 3848 936 3904; x_wconf 90' lang='lat' dir='ltr'><strong>enim</strong></span> <span class='ocrx_word' id='word_1_308' title='bbox 966 3849 1080 3906; x_wconf 58' lang='lat' dir='ltr'><strong>base</strong></span> <span class='ocrx_word' id='word_1_309' title='bbox 1116 3862 1169 3908; x_wconf 90' lang='lat' dir='ltr'><strong>et</strong></span> <span class='ocrx_word' id='word_1_310' title='bbox 1198 3855 1472 3910; x_wconf 88' lang='lat' dir='ltr'><strong>tremenda</strong></span> <span class='ocrx_word' id='word_1_311' title='bbox 1515 3857 1680 3928; x_wconf 79' lang='lat' dir='ltr'><strong>gloria</strong></span> <span class='ocrx_word' id='word_1_312' title='bbox 1720 3861 1786 3915; x_wconf 92' lang='lat' dir='ltr'><strong>ad</strong></span> <span class='ocrx_word' id='word_1_313' title='bbox 1816 3878 1976 3918; x_wconf 87' lang='lat' dir='ltr'><strong>unum</strong></span> 
     </span>
    </p>
   </div>
   <div class='ocr_carea' id='block_1_41' title="bbox 388 3941 1978 4023">
    <p class='ocr_par' dir='ltr' id='par_1_41' title="bbox 388 3941 1978 4023">
     <span class='ocr_line' id='line_1_41' title="bbox 388 3941 1978 4023; baseline 0.01 -29"><span class='ocrx_word' id='word_1_314' title='bbox 388 3941 605 4010; x_wconf 90' lang='lat' dir='ltr'><strong>quidem</strong></span> <span class='ocrx_word' id='word_1_315' title='bbox 633 3951 724 3996; x_wconf 91' lang='lat' dir='ltr'><strong>aut</strong></span> <span class='ocrx_word' id='word_1_316' title='bbox 753 3944 980 3998; x_wconf 90' lang='lat' dir='ltr'><strong>alterum</strong></span> <span class='ocrx_word' id='word_1_317' title='bbox 1019 3943 1159 4000; x_wconf 92' lang='lat' dir='ltr'><strong>diem</strong></span> <span class='ocrx_word' id='word_1_318' title='bbox 1203 3946 1256 4001; x_wconf 90' lang='lat' dir='ltr'><strong>in</strong></span> <span class='ocrx_word' id='word_1_319' title='bbox 1298 3948 1449 4003; x_wconf 91' lang='lat' dir='ltr'><strong>nobis</strong></span> <span class='ocrx_word' id='word_1_320' title='bbox 1478 3959 1694 4016; x_wconf 86' lang='lat' dir='ltr'><strong>manet;</strong></span> <span class='ocrx_word' id='word_1_321' title='bbox 1722 3953 1978 4023; x_wconf 87' lang='lat' dir='ltr'><strong>deinceps</strong></span> 
     </span>
    </p>
   </div>
   <div class='ocr_carea' id='block_1_42' title="bbox 389 4034 1978 4113">
    <p class='ocr_par' dir='ltr' id='par_1_42' title="bbox 389 4034 1978 4113">
     <span class='ocr_line' id='line_1_42' title="bbox 389 4034 1978 4113; baseline 0.012 -28"><span class='ocrx_word' id='word_1_322' title='bbox 389 4042 567 4086; x_wconf 86' lang='lat' dir='ltr'><strong>autem</strong></span> <span class='ocrx_word' id='word_1_323' title='bbox 609 4048 729 4087; x_wconf 88' lang='lat' dir='ltr'><strong>eam</strong></span> <span class='ocrx_word' id='word_1_324' title='bbox 771 4034 1178 4105; x_wconf 78' lang='lat' dir='ltr'><strong>exstinguimus,</strong></span> <span class='ocrx_word' id='word_1_325' title='bbox 1207 4037 1335 4093; x_wconf 91' lang='lat' dir='ltr'><strong>dum</strong></span> <span class='ocrx_word' id='word_1_326' title='bbox 1376 4041 1709 4109; x_wconf 84' lang='lat' dir='ltr'><strong>negotiorum</strong></span> <span class='ocrx_word' id='word_1_327' title='bbox 1759 4043 1978 4113; x_wconf 81' lang='lat' dir='ltr'><strong>hujusce</strong></span> 
     </span>
    </p>
   </div>
   <div class='ocr_carea' id='block_1_43' title="bbox 391 4121 1978 4199">
    <p class='ocr_par' dir='ltr' id='par_1_43' title="bbox 391 4121 1978 4199">
     <span class='ocr_line' id='line_1_43' title="bbox 391 4121 1978 4199; baseline 0.011 -25"><span class='ocrx_word' id='word_1_328' title='bbox 391 4121 512 4176; x_wconf 75' lang='lat' dir='ltr'><strong>vitae</strong></span> <span class='ocrx_word' id='word_1_329' title='bbox 543 4131 914 4193; x_wconf 85' lang='lat' dir='ltr'><strong>tempestatem</strong></span> <span class='ocrx_word' id='word_1_330' title='bbox 944 4127 1288 4196; x_wconf 90' lang='lat' dir='ltr'><strong>accersimus,</strong></span> <span class='ocrx_word' id='word_1_331' title='bbox 1326 4145 1389 4184; x_wconf 90' lang='lat' dir='ltr'><strong>ac</strong></span> <span class='ocrx_word' id='word_1_332' title='bbox 1417 4145 1511 4199; x_wconf 91' lang='lat' dir='ltr'><strong>per</strong></span> <span class='ocrx_word' id='word_1_333' title='bbox 1550 4132 1766 4188; x_wconf 91' lang='lat' dir='ltr'><strong>nubium</strong></span> <span class='ocrx_word' id='word_1_334' title='bbox 1796 4135 1978 4191; x_wconf 81' lang='lat' dir='ltr'><strong>densi-</strong></span> 
     </span>
    </p>
   </div>
   <div class='ocr_carea' id='block_1_44' title="bbox 392 4215 1170 4288">
    <p class='ocr_par' dir='ltr' id='par_1_44' title="bbox 392 4215 1170 4288">
     <span class='ocr_line' id='line_1_44' title="bbox 392 4215 1170 4288; baseline 0.006 -21"><span class='ocrx_word' id='word_1_335' title='bbox 392 4220 552 4269; x_wconf 83' lang='lat' dir='ltr'><strong>tatem</strong></span> <span class='ocrx_word' id='word_1_336' title='bbox 583 4215 760 4271; x_wconf 87' lang='lat' dir='ltr'><strong>radios</strong></span> <span class='ocrx_word' id='word_1_337' title='bbox 778 4219 1170 4288; x_wconf 87' lang='lat' dir='ltr'><strong>propulsamus.</strong></span> 
     </span>
    </p>
   </div>
   <div class='ocr_carea' id='block_1_45' title="bbox 464 4307 1978 4384">
    <p class='ocr_par' dir='ltr' id='par_1_45' title="bbox 464 4307 1978 4384">
     <span class='ocr_line' id='line_1_45' title="bbox 464 4307 1978 4384; baseline 0.009 -23"><span class='ocrx_word' id='word_1_338' title='bbox 464 4307 591 4362; x_wconf 69' lang='lat' dir='ltr'><strong>flere</strong></span> <span class='ocrx_word' id='word_1_339' title='bbox 616 4310 717 4364; x_wconf 81' lang='lat' dir='ltr'><strong>vita</strong></span> <span class='ocrx_word' id='word_1_340' title='bbox 751 4320 1020 4382; x_wconf 78' lang='lat' dir='ltr'><strong>tempestas</strong></span> <span class='ocrx_word' id='word_1_341' title='bbox 1047 4322 1224 4367; x_wconf 82' lang='lat' dir='ltr'><strong>est.—</strong></span> <span class='ocrx_word' id='word_1_342' title='bbox 1242 4313 1555 4384; x_wconf 86' lang='lat' dir='ltr'><strong>Tempestas</strong></span> <span class='ocrx_word' id='word_1_343' title='bbox 1581 4317 1722 4371; x_wconf 88' lang='lat' dir='ltr'><strong>enim</strong></span> <span class='ocrx_word' id='word_1_344' title='bbox 1761 4333 1850 4376; x_wconf 87' lang='lat' dir='ltr'><strong>res</strong></span> <span class='ocrx_word' id='word_1_345' title='bbox 1876 4320 1978 4374; x_wconf 88' lang='lat' dir='ltr'><strong>hu-</strong></span> 
     </span>
    </p>
   </div>
   <div class='ocr_carea' id='block_1_46' title="bbox 389 4399 1975 4478">
    <p class='ocr_par' dir='ltr' id='par_1_46' title="bbox 389 4399 1975 4478">
     <span class='ocr_line' id='line_1_46' title="bbox 389 4399 1975 4478; baseline 0.009 -26"><span class='ocrx_word' id='word_1_346' title='bbox 389 4399 540 4469; x_wconf 85' lang='lat' dir='ltr'><strong>jusce</strong></span> <span class='ocrx_word' id='word_1_347' title='bbox 563 4402 685 4456; x_wconf 71' lang='lat' dir='ltr'><strong>vitae</strong></span> <span class='ocrx_word' id='word_1_348' title='bbox 714 4411 855 4468; x_wconf 90' lang='lat' dir='ltr'><strong>sunt,</strong></span> <span class='ocrx_word' id='word_1_349' title='bbox 887 4418 950 4458; x_wconf 90' lang='lat' dir='ltr'><strong>ac</strong></span> <span class='ocrx_word' id='word_1_350' title='bbox 976 4413 1289 4474; x_wconf 89' lang='lat' dir='ltr'><strong>tempestate</strong></span> <span class='ocrx_word' id='word_1_351' title='bbox 1322 4406 1601 4462; x_wconf 84' lang='lat' dir='ltr'><strong>tristiores.</strong></span> <span class='ocrx_word' id='word_1_352' title='bbox 1629 4407 1810 4478; x_wconf 81' lang='lat' dir='ltr'><strong>Neque</strong></span> <span class='ocrx_word' id='word_1_353' title='bbox 1833 4411 1975 4466; x_wconf 89' lang='lat' dir='ltr'><strong>enim</strong></span> 
     </span>
    </p>
   </div>
   <div class='ocr_carea' id='block_1_47' title="bbox 395 4492 1979 4570">
    <p class='ocr_par' dir='ltr' id='par_1_47' title="bbox 395 4492 1979 4570">
     <span class='ocr_line' id='line_1_47' title="bbox 395 4492 1979 4570; baseline 0.009 -24"><span class='ocrx_word' id='word_1_354' title='bbox 395 4492 520 4547; x_wconf 87' lang='lat' dir='ltr'><strong>hinc</strong></span> <span class='ocrx_word' id='word_1_355' title='bbox 548 4493 714 4565; x_wconf 82' lang='lat' dir='ltr'><strong>frigus</strong></span> <span class='ocrx_word' id='word_1_356' title='bbox 741 4496 930 4561; x_wconf 88' lang='lat' dir='ltr'><strong>oritur,</strong></span> <span class='ocrx_word' id='word_1_357' title='bbox 960 4511 1058 4552; x_wconf 92' lang='lat' dir='ltr'><strong>nec</strong></span> <span class='ocrx_word' id='word_1_358' title='bbox 1084 4497 1258 4567; x_wconf 87' lang='lat' dir='ltr'><strong>pluvia</strong></span> <span class='ocrx_word' id='word_1_359' title='bbox 1289 4513 1389 4554; x_wconf 90' lang='lat' dir='ltr'><strong>nec</strong></span> <span class='ocrx_word' id='word_1_360' title='bbox 1407 4500 1573 4554; x_wconf 90' lang='lat' dir='ltr'><strong>lutum</strong></span> <span class='ocrx_word' id='word_1_361' title='bbox 1593 4514 1656 4556; x_wconf 92' lang='lat' dir='ltr'><strong>ac</strong></span> <span class='ocrx_word' id='word_1_362' title='bbox 1687 4502 1979 4570; x_wconf 87' lang='lat' dir='ltr'><strong>profundus</strong></span> 
     </span>
    </p>
   </div>
   <div class='ocr_carea' id='block_1_48' title="bbox 393 4586 1980 4666">
    <p class='ocr_par' dir='ltr' id='par_1_48' title="bbox 393 4586 1980 4666">
     <span class='ocr_line' id='line_1_48' title="bbox 393 4586 1980 4666; baseline 0.008 -27"><span class='ocrx_word' id='word_1_363' title='bbox 393 4586 574 4654; x_wconf 88' lang='lat' dir='ltr'><strong>limus,</strong></span> <span class='ocrx_word' id='word_1_364' title='bbox 605 4587 722 4653; x_wconf 91' lang='lat' dir='ltr'><strong>sed,</strong></span> <span class='ocrx_word' id='word_1_365' title='bbox 763 4605 882 4660; x_wconf 60' lang='lat' dir='ltr'><strong>qua:</strong></span> <span class='ocrx_word' id='word_1_366' title='bbox 923 4590 1004 4644; x_wconf 89' lang='lat' dir='ltr'><strong>his</strong></span> <span class='ocrx_word' id='word_1_367' title='bbox 1033 4591 1280 4648; x_wconf 89' lang='lat' dir='ltr'><strong>omnibus</strong></span> <span class='ocrx_word' id='word_1_368' title='bbox 1324 4592 1567 4661; x_wconf 76' lang='lat' dir='ltr'><strong>graviora</strong></span> <span class='ocrx_word' id='word_1_369' title='bbox 1611 4603 1755 4661; x_wconf 91' lang='lat' dir='ltr'><strong>sunt,</strong></span> <span class='ocrx_word' id='word_1_370' title='bbox 1785 4611 1980 4666; x_wconf 88' lang='lat' dir='ltr'><strong>nempe</strong></span> 
     </span>
    </p>
   </div>
   <div class='ocr_carea' id='block_1_49' title="bbox 392 4677 1979 4758">
    <p class='ocr_par' dir='ltr' id='par_1_49' title="bbox 392 4677 1979 4758">
     <span class='ocr_line' id='line_1_49' title="bbox 392 4677 1979 4758; baseline 0.009 -27"><span class='ocrx_word' id='word_1_371' title='bbox 392 4677 634 4747; x_wconf 87' lang='lat' dir='ltr'><strong>gehenna</strong></span> <span class='ocrx_word' id='word_1_372' title='bbox 678 4688 733 4734; x_wconf 90' lang='lat' dir='ltr'><strong>et</strong></span> <span class='ocrx_word' id='word_1_373' title='bbox 772 4683 1032 4751; x_wconf 66' lang='lat' dir='ltr'><strong>gehennae</strong></span> <span class='ocrx_word' id='word_1_374' title='bbox 1073 4683 1230 4738; x_wconf 89' lang='lat' dir='ltr'><strong>mala.</strong></span> <span class='ocrx_word' id='word_1_375' title='bbox 1262 4682 1332 4739; x_wconf 91' lang='lat' dir='ltr'><strong>Et</strong></span> <span class='ocrx_word' id='word_1_376' title='bbox 1356 4686 1803 4755; x_wconf 86' lang='lat' dir='ltr'><strong>quemadmodum</strong></span> <span class='ocrx_word' id='word_1_377' title='bbox 1823 4704 1979 4758; x_wconf 85' lang='lat' dir='ltr'><strong>gras-</strong></span> 
     </span>
    </p>
   </div>
   <div class='ocr_carea' id='block_1_50' title="bbox 394 4771 1980 4848">
    <p class='ocr_par' dir='ltr' id='par_1_50' title="bbox 394 4771 1980 4848">
     <span class='ocr_line' id='line_1_50' title="bbox 394 4771 1980 4848; baseline 0.006 -21"><span class='ocrx_word' id='word_1_378' title='bbox 394 4778 546 4827; x_wconf 82' lang='lat' dir='ltr'><strong>sante</strong></span> <span class='ocrx_word' id='word_1_379' title='bbox 561 4771 825 4826; x_wconf 88' lang='lat' dir='ltr'><strong>acerrimo</strong></span> <span class='ocrx_word' id='word_1_380' title='bbox 845 4771 1042 4842; x_wconf 79' lang='lat' dir='ltr'><strong>frigore</strong></span> <span class='ocrx_word' id='word_1_381' title='bbox 1067 4774 1301 4830; x_wconf 90' lang='lat' dir='ltr'><strong>membra</strong></span> <span class='ocrx_word' id='word_1_382' title='bbox 1319 4777 1497 4831; x_wconf 89' lang='lat' dir='ltr'><strong>omnia</strong></span> <span class='ocrx_word' id='word_1_383' title='bbox 1515 4789 1889 4848; x_wconf 89' lang='lat' dir='ltr'><strong>concrescunt,</strong></span> <span class='ocrx_word' id='word_1_384' title='bbox 1917 4795 1980 4838; x_wconf 86' lang='lat' dir='ltr'><strong>ac</strong></span> 
     </span>
    </p>
   </div>
   <div class='ocr_carea' id='block_1_51' title="bbox 394 4865 1980 4943">
    <p class='ocr_par' dir='ltr' id='par_1_51' title="bbox 394 4865 1980 4943">
     <span class='ocr_line' id='line_1_51' title="bbox 394 4865 1980 4943; baseline 0.011 -29"><span class='ocrx_word' id='word_1_385' title='bbox 394 4872 601 4916; x_wconf 89' lang='lat' dir='ltr'><strong>mortua</strong></span> <span class='ocrx_word' id='word_1_386' title='bbox 626 4872 752 4918; x_wconf 85' lang='lat' dir='ltr'><strong>sunt</strong></span> <span class='ocrx_word' id='word_1_387' title='bbox 779 4879 794 4916; x_wconf 88' lang='lat'><strong>:</strong></span> <span class='ocrx_word' id='word_1_388' title='bbox 821 4865 898 4920; x_wconf 88' lang='lat' dir='ltr'><strong>sic</strong></span> <span class='ocrx_word' id='word_1_389' title='bbox 925 4867 1082 4920; x_wconf 90' lang='lat' dir='ltr'><strong>etiam</strong></span> <span class='ocrx_word' id='word_1_390' title='bbox 1111 4866 1320 4922; x_wconf 88' lang='lat' dir='ltr'><strong>animus</strong></span> <span class='ocrx_word' id='word_1_391' title='bbox 1346 4869 1398 4922; x_wconf 92' lang='lat' dir='ltr'><strong>in</strong></span> <span class='ocrx_word' id='word_1_392' title='bbox 1414 4881 1753 4938; x_wconf 87' lang='lat' dir='ltr'><strong>peccatorum</strong></span> <span class='ocrx_word' id='word_1_393' title='bbox 1780 4871 1980 4943; x_wconf 87' lang='lat' dir='ltr'><strong>frigore</strong></span> 
     </span>
    </p>
   </div>
   <div class='ocr_carea' id='block_1_52' title="bbox 393 4955 1978 5035">
    <p class='ocr_par' dir='ltr' id='par_1_52' title="bbox 393 4955 1978 5035">
     <span class='ocr_line' id='line_1_52' title="bbox 393 4955 1978 5035; baseline 0.009 -30"><span class='ocrx_word' id='word_1_394' title='bbox 393 4955 1056 5030; x_wconf 34' lang='lat' dir='ltr'><strong>contremiscensknullum</strong></span> <span class='ocrx_word' id='word_1_395' title='bbox 1079 4973 1272 5013; x_wconf 91' lang='lat' dir='ltr'><strong>munus</strong></span> <span class='ocrx_word' id='word_1_396' title='bbox 1287 4975 1440 5014; x_wconf 89' lang='lat' dir='ltr'><strong>suum</strong></span> <span class='ocrx_word' id='word_1_397' title='bbox 1472 4964 1797 5032; x_wconf 81' lang='lat' dir='ltr'><strong>exsequitur,</strong></span> <span class='ocrx_word' id='word_1_398' title='bbox 1814 4976 1872 5019; x_wconf 92' lang='lat' dir='ltr'><strong>ut</strong></span> <span class='ocrx_word' id='word_1_399' title='bbox 1887 4966 1978 5035; x_wconf 91' lang='lat' dir='ltr'><strong>qui</strong></span> 
     </span>
    </p>
   </div>
   <div class='ocr_carea' id='block_1_53' title="bbox 394 5043 1976 5121">
    <p class='ocr_par' dir='ltr' id='par_1_53' title="bbox 394 5043 1976 5121">
     <span class='ocr_line' id='line_1_53' title="bbox 394 5043 1976 5121; baseline 0.011 -27"><span class='ocrx_word' id='word_1_400' title='bbox 394 5043 642 5100; x_wconf 75' lang='lat' dir='ltr'><strong>videlicet</strong></span> <span class='ocrx_word' id='word_1_401' title='bbox 657 5048 980 5103; x_wconf 88' lang='lat' dir='ltr'><strong>conscientia</strong></span> <span class='ocrx_word' id='word_1_402' title='bbox 996 5063 1059 5103; x_wconf 86' lang='lat' dir='ltr'><strong>ac.</strong></span> <span class='ocrx_word' id='word_1_403' title='bbox 1071 5050 1114 5104; x_wconf 94' lang='lat' dir='ltr'><strong>si</strong></span> <span class='ocrx_word' id='word_1_404' title='bbox 1133 5052 1252 5120; x_wconf 90' lang='lat' dir='ltr'><strong>gelu</strong></span> <span class='ocrx_word' id='word_1_405' title='bbox 1268 5063 1550 5107; x_wconf 88' lang='lat' dir='ltr'><strong>concretus</strong></span> <span class='ocrx_word' id='word_1_406' title='bbox 1563 5053 1647 5106; x_wconf 89' lang='lat' dir='ltr'><strong>sit.</strong></span> <span class='ocrx_word' id='word_1_407' title='bbox 1666 5054 1817 5121; x_wconf 86' lang='lat' dir='ltr'><strong>Quod</strong></span> <span class='ocrx_word' id='word_1_408' title='bbox 1833 5057 1976 5112; x_wconf 89' lang='lat' dir='ltr'><strong>enim</strong></span> 
     </span>
    </p>
   </div>
   <div class='ocr_carea' id='block_1_54' title="bbox 393 5134 1981 5206">
    <p class='ocr_par' dir='ltr' id='par_1_54' title="bbox 393 5134 1981 5206">
     <span class='ocr_line' id='line_1_54' title="bbox 393 5134 1981 5206; baseline 0.01 -19"><span class='ocrx_word' id='word_1_409' title='bbox 393 5135 605 5203; x_wconf 82' lang='lat' dir='ltr'><strong>corpori</strong></span> <span class='ocrx_word' id='word_1_410' title='bbox 636 5134 804 5206; x_wconf 83' lang='lat' dir='ltr'><strong>frigus</strong></span> <span class='ocrx_word' id='word_1_411' title='bbox 823 5147 925 5206; x_wconf 90' lang='lat' dir='ltr'><strong>est,</strong></span> <span class='ocrx_word' id='word_1_412' title='bbox 949 5138 1051 5194; x_wconf 92' lang='lat' dir='ltr'><strong>hoc</strong></span> <span class='ocrx_word' id='word_1_413' title='bbox 1079 5140 1258 5195; x_wconf 92' lang='lat' dir='ltr'><strong>animo</strong></span> <span class='ocrx_word' id='word_1_414' title='bbox 1279 5141 1415 5195; x_wconf 86' lang='lat' dir='ltr'><strong>mala</strong></span> <span class='ocrx_word' id='word_1_415' title='bbox 1443 5143 1766 5198; x_wconf 88' lang='lat' dir='ltr'><strong>conscientia</strong></span> <span class='ocrx_word' id='word_1_416' title='bbox 1797 5163 1810 5199; x_wconf 90' lang='lat'><strong>:</strong></span> <span class='ocrx_word' id='word_1_417' title='bbox 1839 5147 1981 5204; x_wconf 83' lang='lat' dir='ltr'><strong>unde</strong></span> 
     </span>
    </p>
   </div>
   <div class='ocr_carea' id='block_1_55' title="bbox 395 5224 1981 5292">
    <p class='ocr_par' dir='ltr' id='par_1_55' title="bbox 395 5224 1981 5292">
     <span class='ocr_line' id='line_1_55' title="bbox 395 5224 1981 5292; baseline 0.011 -17"><span class='ocrx_word' id='word_1_418' title='bbox 395 5224 555 5278; x_wconf 78' lang='lat' dir='ltr'><strong>etiam</strong></span> <span class='ocrx_word' id='word_1_419' title='bbox 588 5225 840 5282; x_wconf 89' lang='lat' dir='ltr'><strong>timiditas</strong></span> <span class='ocrx_word' id='word_1_420' title='bbox 867 5231 1096 5285; x_wconf 78' lang='lat' dir='ltr'><strong>exsistit.</strong></span> <span class='ocrx_word' id='word_1_421' title='bbox 1117 5229 1254 5285; x_wconf 87' lang='lat' dir='ltr'><strong>Nihil</strong></span> <span class='ocrx_word' id='word_1_422' title='bbox 1286 5233 1430 5286; x_wconf 91' lang='lat' dir='ltr'><strong>enim</strong></span> <span class='ocrx_word' id='word_1_423' title='bbox 1457 5233 1671 5286; x_wconf 89' lang='lat' dir='ltr'><strong>homine</strong></span> <span class='ocrx_word' id='word_1_424' title='bbox 1699 5236 1981 5292; x_wconf 87' lang='lat' dir='ltr'><strong>mundanis</strong></span> 
     </span>
    </p>
   </div>
   <div class='ocr_carea' id='block_1_56' title="bbox 396 5314 1981 5394">
    <p class='ocr_par' dir='ltr' id='par_1_56' title="bbox 396 5314 1981 5394">
     <span class='ocr_line' id='line_1_56' title="bbox 396 5314 1981 5394; baseline 0.01 -27"><span class='ocrx_word' id='word_1_425' title='bbox 396 5314 555 5370; x_wconf 86' lang='lat' dir='ltr'><strong>rebus</strong></span> <span class='ocrx_word' id='word_1_426' title='bbox 580 5316 741 5372; x_wconf 78' lang='lat' dir='ltr'><strong>affixo</strong></span> <span class='ocrx_word' id='word_1_427' title='bbox 768 5318 1001 5375; x_wconf 90' lang='lat' dir='ltr'><strong>timidius</strong></span> <span class='ocrx_word' id='word_1_428' title='bbox 1041 5319 1162 5389; x_wconf 84' lang='lat' dir='ltr'><strong>ﬁngi</strong></span> <span class='ocrx_word' id='word_1_429' title='bbox 1191 5331 1364 5388; x_wconf 89' lang='lat' dir='ltr'><strong>potest</strong></span> <span class='ocrx_word' id='word_1_430' title='bbox 1396 5339 1408 5377; x_wconf 83' lang='lat'><strong>;</strong></span> <span class='ocrx_word' id='word_1_431' title='bbox 1444 5338 1563 5376; x_wconf 90' lang='lat' dir='ltr'><strong>nam</strong></span> <span class='ocrx_word' id='word_1_432' title='bbox 1603 5325 1693 5394; x_wconf 93' lang='lat' dir='ltr'><strong>qui</strong></span> <span class='ocrx_word' id='word_1_433' title='bbox 1719 5325 1981 5394; x_wconf 86' lang='lat' dir='ltr'><strong>ejusmodi</strong></span> 
     </span>
    </p>
   </div>
   <div class='ocr_carea' id='block_1_57' title="bbox 397 5407 1980 5486">
    <p class='ocr_par' dir='ltr' id='par_1_57' title="bbox 397 5407 1980 5486">
     <span class='ocr_line' id='line_1_57' title="bbox 397 5407 1980 5486; baseline 0.008 -27"><span class='ocrx_word' id='word_1_434' title='bbox 397 5415 498 5471; x_wconf 87' lang='lat' dir='ltr'><strong>est,</strong></span> <span class='ocrx_word' id='word_1_435' title='bbox 539 5416 597 5460; x_wconf 91' lang='lat' dir='ltr'><strong>ut</strong></span> <span class='ocrx_word' id='word_1_436' title='bbox 635 5407 768 5463; x_wconf 86' lang='lat' dir='ltr'><strong>Cain</strong></span> <span class='ocrx_word' id='word_1_437' title='bbox 812 5409 962 5473; x_wconf 81' lang='lat' dir='ltr'><strong>vivit,</strong></span> <span class='ocrx_word' id='word_1_438' title='bbox 997 5410 1232 5479; x_wconf 89' lang='lat' dir='ltr'><strong>quotidie</strong></span> <span class='ocrx_word' id='word_1_439' title='bbox 1276 5421 1509 5465; x_wconf 88' lang='lat' dir='ltr'><strong>tremens</strong></span> <span class='ocrx_word' id='word_1_440' title='bbox 1539 5411 1690 5484; x_wconf 76' lang='lat' dir='ltr'><strong>(Gen.</strong></span> <span class='ocrx_word' id='word_1_441' title='bbox 1731 5415 1812 5486; x_wconf 76' lang='grc'><strong>4).</strong></span> <span class='ocrx_word' id='word_1_442' title='bbox 1845 5416 1980 5483; x_wconf 88' lang='lat' dir='ltr'><strong>Quid</strong></span> 
     </span>
    </p>
   </div>
   <div class='ocr_carea' id='block_1_58' title="bbox 397 5499 1982 5562">
    <p class='ocr_par' dir='ltr' id='par_1_58' title="bbox 397 5499 1982 5562">
     <span class='ocr_line' id='line_1_58' title="bbox 397 5499 1982 5562; baseline 0.01 -15"><span class='ocrx_word' id='word_1_443' title='bbox 397 5508 570 5551; x_wconf 86' lang='lat' dir='ltr'><strong>autem</strong></span> <span class='ocrx_word' id='word_1_444' title='bbox 610 5509 809 5554; x_wconf 88' lang='lat' dir='ltr'><strong>mortes</strong></span> <span class='ocrx_word' id='word_1_445' title='bbox 846 5508 904 5555; x_wconf 92' lang='lat' dir='ltr'><strong>et</strong></span> <span class='ocrx_word' id='word_1_446' title='bbox 931 5499 1248 5555; x_wconf 82' lang='lat' dir='ltr'><strong>detrimenta</strong></span> <span class='ocrx_word' id='word_1_447' title='bbox 1275 5510 1330 5556; x_wconf 88' lang='lat' dir='ltr'><strong>et</strong></span> <span class='ocrx_word' id='word_1_448' title='bbox 1357 5501 1681 5558; x_wconf 76' lang='lat' dir='ltr'><strong>offensiones</strong></span> <span class='ocrx_word' id='word_1_449' title='bbox 1710 5515 1764 5559; x_wconf 79' lang='lat' dir='ltr'><strong>ct</strong></span> <span class='ocrx_word' id='word_1_450' title='bbox 1796 5522 1982 5562; x_wconf 86' lang='lat' dir='ltr'><strong>assen-</strong></span> 
     </span>
    </p>
   </div>
   <div class='ocr_carea' id='block_1_59' title="bbox 401 5585 1983 5661">
    <p class='ocr_par' dir='ltr' id='par_1_59' title="bbox 401 5585 1983 5661">
     <span class='ocr_line' id='line_1_59' title="bbox 401 5585 1983 5661; baseline 0.011 -24"><span class='ocrx_word' id='word_1_451' title='bbox 401 5585 628 5642; x_wconf 81' lang='lat' dir='ltr'><strong>tationes</strong></span> <span class='ocrx_word' id='word_1_452' title='bbox 670 5599 724 5644; x_wconf 92' lang='lat' dir='ltr'><strong>et</strong></span> <span class='ocrx_word' id='word_1_453' title='bbox 768 5591 1025 5660; x_wconf 88' lang='lat' dir='ltr'><strong>obsequia</strong></span> <span class='ocrx_word' id='word_1_454' title='bbox 1076 5594 1534 5647; x_wconf 88' lang='lat' dir='ltr'><strong>commemorem?</strong></span> <span class='ocrx_word' id='word_1_455' title='bbox 1581 5609 1724 5661; x_wconf 90' lang='lat' dir='ltr'><strong>nam,</strong></span> <span class='ocrx_word' id='word_1_456' title='bbox 1767 5607 1825 5651; x_wconf 90' lang='lat' dir='ltr'><strong>ut</strong></span> <span class='ocrx_word' id='word_1_457' title='bbox 1869 5597 1983 5654; x_wconf 77' lang='lat' dir='ltr'><strong>lucc</strong></span> 
     </span>
    </p>
   </div>
   <div class='ocr_carea' id='block_1_60' title="bbox 400 5677 1978 5760">
    <p class='ocr_par' dir='ltr' id='par_1_60' title="bbox 400 5677 1978 5760">
     <span class='ocr_line' id='line_1_60' title="bbox 400 5677 1978 5760; baseline 0.011 -33"><span class='ocrx_word' id='word_1_458' title='bbox 400 5677 659 5740; x_wconf 87' lang='lat' dir='ltr'><strong>omittam.</strong></span> <span class='ocrx_word' id='word_1_459' title='bbox 684 5692 962 5738; x_wconf 81' lang='lat' dir='ltr'><strong>sexcentas</strong></span> <span class='ocrx_word' id='word_1_460' title='bbox 986 5683 1300 5739; x_wconf 78' lang='lat' dir='ltr'><strong>mutationes</strong></span> <span class='ocrx_word' id='word_1_461' title='bbox 1324 5685 1640 5740; x_wconf 78' lang='lat' dir='ltr'><strong>extimescit.</strong></span> <span class='ocrx_word' id='word_1_462' title='bbox 1668 5689 1838 5760; x_wconf 88' lang='lat' dir='ltr'><strong>Atque</strong></span> <span class='ocrx_word' id='word_1_463' title='bbox 1857 5705 1978 5746; x_wconf 90' lang='lat' dir='ltr'><strong>arca</strong></span> 
     </span>
    </p>
   </div>
   <div class='ocr_carea' id='block_1_61' title="bbox 1441 259 2626 330">
    <p class='ocr_par' dir='ltr' id='par_1_61' title="bbox 1441 259 2626 330">
     <span class='ocr_line' id='line_1_61' title="bbox 1441 259 2626 330; baseline 0.011 -12"><span class='ocrx_word' id='word_1_464' title='bbox 1441 259 1509 318; x_wconf 83' lang='lat' dir='ltr'><strong>lN</strong></span> <span class='ocrx_word' id='word_1_465' title='bbox 1547 259 1766 318; x_wconf 72' lang='lat' dir='ltr'><strong>EPIST.</strong></span> <span class='ocrx_word' id='word_1_466' title='bbox 1806 261 1855 320; x_wconf 87' lang='lat' dir='ltr'><strong>ll</strong></span> <span class='ocrx_word' id='word_1_467' title='bbox 1913 265 2006 322; x_wconf 84' lang='lat' dir='ltr'><strong>AD</strong></span> <span class='ocrx_word' id='word_1_468' title='bbox 2042 265 2199 326; x_wconf 77' lang='lat' dir='ltr'><strong>GOR.</strong></span> <span class='ocrx_word' id='word_1_469' title='bbox 2242 268 2472 328; x_wconf 82' lang='lat' dir='ltr'><strong>HOMIL.</strong></span> <span class='ocrx_word' id='word_1_470' title='bbox 2517 273 2626 330; x_wconf 89' lang='lat' dir='ltr'><strong>Vll.</strong></span> 
     </span>
    </p>
   </div>
   <div class='ocr_carea' id='block_1_62' title="bbox 2073 569 3656 663">
    <p class='ocr_par' dir='ltr' id='par_1_62' title="bbox 2073 569 3656 663">
     <span class='ocr_line' id='line_1_62' title="bbox 2073 569 3656 663; baseline 0.016 -41"><span class='ocrx_word' id='word_1_471' title='bbox 2073 569 2356 626; x_wconf 85' lang='lat' dir='ltr'><strong>imbecillis</strong></span> <span class='ocrx_word' id='word_1_472' title='bbox 2404 582 2459 628; x_wconf 91' lang='lat' dir='ltr'><strong>ct</strong></span> <span class='ocrx_word' id='word_1_473' title='bbox 2504 591 2623 645; x_wconf 68' lang='lat' dir='ltr'><strong>qua:</strong></span> <span class='ocrx_word' id='word_1_474' title='bbox 2676 579 2828 634; x_wconf 89' lang='lat' dir='ltr'><strong>facile</strong></span> <span class='ocrx_word' id='word_1_475' title='bbox 2876 593 3149 640; x_wconf 89' lang='lat' dir='ltr'><strong>mutentur</strong></span> <span class='ocrx_word' id='word_1_476' title='bbox 3195 601 3446 645; x_wconf 84' lang='lat' dir='ltr'><strong>ancoram</strong></span> <span class='ocrx_word' id='word_1_477' title='bbox 3495 592 3656 663; x_wconf 81' lang='lat' dir='ltr'><strong>figit:</strong></span> 
     </span>
    </p>
   </div>
   <div class='ocr_carea' id='block_1_63' title="bbox 2069 664 3660 746">
    <p class='ocr_par' dir='ltr' id='par_1_63' title="bbox 2069 664 3660 746">
     <span class='ocr_line' id='line_1_63' title="bbox 2069 664 3660 746; baseline 0.018 -30"><span class='ocrx_word' id='word_1_478' title='bbox 2069 664 2279 718; x_wconf 90' lang='lat' dir='ltr'><strong>etiamsi</strong></span> <span class='ocrx_word' id='word_1_479' title='bbox 2311 667 2426 736; x_wconf 90' lang='lat' dir='ltr'><strong>ipse</strong></span> <span class='ocrx_word' id='word_1_480' title='bbox 2466 669 2796 741; x_wconf 84' lang='lat' dir='ltr'><strong>naufragium</strong></span> <span class='ocrx_word' id='word_1_481' title='bbox 2839 690 2945 729; x_wconf 92' lang='lat' dir='ltr'><strong>non</strong></span> <span class='ocrx_word' id='word_1_482' title='bbox 2974 681 3220 746; x_wconf 83' lang='lat' dir='ltr'><strong>patiatur,</strong></span> <span class='ocrx_word' id='word_1_483' title='bbox 3255 683 3304 735; x_wconf 90' lang='lat' dir='ltr'><strong>in</strong></span> <span class='ocrx_word' id='word_1_484' title='bbox 3330 685 3449 740; x_wconf 89' lang='lat' dir='ltr'><strong>aliis</strong></span> <span class='ocrx_word' id='word_1_485' title='bbox 3480 695 3660 744; x_wconf 83' lang='lat' dir='ltr'><strong>tainen</strong></span> 
     </span>
    </p>
   </div>
   <div class='ocr_carea' id='block_1_64' title="bbox 2073 752 3658 841">
    <p class='ocr_par' dir='ltr' id='par_1_64' title="bbox 2073 752 3658 841">
     <span class='ocr_line' id='line_1_64' title="bbox 2073 752 3658 841; baseline 0.017 -36"><span class='ocrx_word' id='word_1_486' title='bbox 2073 752 2126 806; x_wconf 91' lang='lat' dir='ltr'><strong>id</strong></span> <span class='ocrx_word' id='word_1_487' title='bbox 2153 757 2502 826; x_wconf 85' lang='lat' dir='ltr'><strong>perspiciens,</strong></span> <span class='ocrx_word' id='word_1_488' title='bbox 2533 762 2904 831; x_wconf 87' lang='lat' dir='ltr'><strong>examinatur;</strong></span> <span class='ocrx_word' id='word_1_489' title='bbox 2937 777 3094 837; x_wconf 90' lang='lat' dir='ltr'><strong>atque</strong></span> <span class='ocrx_word' id='word_1_490' title='bbox 3122 781 3180 824; x_wconf 90' lang='lat' dir='ltr'><strong>ut</strong></span> <span class='ocrx_word' id='word_1_491' title='bbox 3211 772 3408 841; x_wconf 86' lang='lat' dir='ltr'><strong>ingenti</strong></span> <span class='ocrx_word' id='word_1_492' title='bbox 3457 777 3658 832; x_wconf 91' lang='lat' dir='ltr'><strong>timidi-</strong></span> 
     </span>
    </p>
   </div>
   <div class='ocr_carea' id='block_1_65' title="bbox 2073 848 3658 937">
    <p class='ocr_par' dir='ltr' id='par_1_65' title="bbox 2073 848 3658 937">
     <span class='ocr_line' id='line_1_65' title="bbox 2073 848 3658 937; baseline 0.013 -39"><span class='ocrx_word' id='word_1_493' title='bbox 2073 853 2202 911; x_wconf 88' lang='lat' dir='ltr'><strong>tate,</strong></span> <span class='ocrx_word' id='word_1_494' title='bbox 2244 848 2312 901; x_wconf 92' lang='lat' dir='ltr'><strong>ita</strong></span> <span class='ocrx_word' id='word_1_495' title='bbox 2341 849 2540 918; x_wconf 87' lang='lat' dir='ltr'><strong>ingenti</strong></span> <span class='ocrx_word' id='word_1_496' title='bbox 2570 853 2775 921; x_wconf 84' lang='lat' dir='ltr'><strong>ignavia</strong></span> <span class='ocrx_word' id='word_1_497' title='bbox 2816 856 3041 913; x_wconf 83' lang='lat' dir='ltr'><strong>laborat.</strong></span> <span class='ocrx_word' id='word_1_498' title='bbox 3074 861 3258 932; x_wconf 89' lang='lat' dir='ltr'><strong>Neque</strong></span> <span class='ocrx_word' id='word_1_499' title='bbox 3285 865 3431 919; x_wconf 89' lang='lat' dir='ltr'><strong>enim</strong></span> <span class='ocrx_word' id='word_1_500' title='bbox 3473 867 3658 937; x_wconf 88' lang='lat' dir='ltr'><strong>hujus-</strong></span> 
     </span>
    </p>
   </div>
   <div class='ocr_carea' id='block_1_66' title="bbox 2072 938 3658 1015">
    <p class='ocr_par' dir='ltr' id='par_1_66' title="bbox 2072 938 3658 1015">
     <span class='ocr_line' id='line_1_66' title="bbox 2072 938 3658 1015; baseline 0.015 -25"><span class='ocrx_word' id='word_1_501' title='bbox 2072 938 2216 992; x_wconf 92' lang='lat' dir='ltr'><strong>modi</strong></span> <span class='ocrx_word' id='word_1_502' title='bbox 2255 938 2416 996; x_wconf 90' lang='lat' dir='ltr'><strong>homo</strong></span> <span class='ocrx_word' id='word_1_503' title='bbox 2457 941 2510 995; x_wconf 94' lang='lat' dir='ltr'><strong>in</strong></span> <span class='ocrx_word' id='word_1_504' title='bbox 2557 945 2808 1012; x_wconf 89' lang='lat' dir='ltr'><strong>periculis</strong></span> <span class='ocrx_word' id='word_1_505' title='bbox 2852 949 3146 1015; x_wconf 81' lang='lat' dir='ltr'><strong>dumtaxat,</strong></span> <span class='ocrx_word' id='word_1_506' title='bbox 3180 953 3273 1008; x_wconf 87' lang='lat' dir='ltr'><strong>sed</strong></span> <span class='ocrx_word' id='word_1_507' title='bbox 3314 955 3368 1010; x_wconf 90' lang='lat' dir='ltr'><strong>in</strong></span> <span class='ocrx_word' id='word_1_508' title='bbox 3409 958 3658 1013; x_wconf 84' lang='lat' dir='ltr'><strong>omnibus</strong></span> 
     </span>
    </p>
   </div>
   <div class='ocr_carea' id='block_1_67' title="bbox 2071 1028 3658 1114">
    <p class='ocr_par' dir='ltr' id='par_1_67' title="bbox 2071 1028 3658 1114">
     <span class='ocr_line' id='line_1_67' title="bbox 2071 1028 3658 1114; baseline 0.015 -34"><span class='ocrx_word' id='word_1_509' title='bbox 2071 1028 2191 1084; x_wconf 90' lang='lat' dir='ltr'><strong>aliis</strong></span> <span class='ocrx_word' id='word_1_510' title='bbox 2216 1031 2438 1099; x_wconf 87' lang='lat' dir='ltr'><strong>ignavus</strong></span> <span class='ocrx_word' id='word_1_511' title='bbox 2464 1045 2562 1088; x_wconf 89' lang='lat' dir='ltr'><strong>est.</strong></span> <span class='ocrx_word' id='word_1_512' title='bbox 2594 1035 2725 1090; x_wconf 88' lang='lat' dir='ltr'><strong>Nam</strong></span> <span class='ocrx_word' id='word_1_513' title='bbox 2753 1038 2797 1092; x_wconf 92' lang='lat' dir='ltr'><strong>si</strong></span> <span class='ocrx_word' id='word_1_514' title='bbox 2828 1041 3173 1107; x_wconf 88' lang='lat' dir='ltr'><strong>pecuniarum</strong></span> <span class='ocrx_word' id='word_1_515' title='bbox 3201 1045 3465 1114; x_wconf 86' lang='lat' dir='ltr'><strong>cupiditas</strong></span> <span class='ocrx_word' id='word_1_516' title='bbox 3485 1048 3658 1104; x_wconf 89' lang='lat' dir='ltr'><strong>irrue-</strong></span> 
     </span>
    </p>
   </div>
   <div class='ocr_carea' id='block_1_68' title="bbox 2072 1121 3659 1207">
    <p class='ocr_par' dir='ltr' id='par_1_68' title="bbox 2072 1121 3659 1207">
     <span class='ocr_line' id='line_1_68' title="bbox 2072 1121 3659 1207; baseline 0.014 -33"><span class='ocrx_word' id='word_1_517' title='bbox 2072 1121 2162 1186; x_wconf 90' lang='lat' dir='ltr'><strong>rit,</strong></span> <span class='ocrx_word' id='word_1_518' title='bbox 2193 1139 2299 1178; x_wconf 91' lang='lat' dir='ltr'><strong>non</strong></span> <span class='ocrx_word' id='word_1_519' title='bbox 2343 1134 2399 1180; x_wconf 93' lang='lat' dir='ltr'><strong>ut</strong></span> <span class='ocrx_word' id='word_1_520' title='bbox 2425 1127 2684 1197; x_wconf 87' lang='lat' dir='ltr'><strong>ingenuus</strong></span> <span class='ocrx_word' id='word_1_521' title='bbox 2711 1131 2794 1184; x_wconf 84' lang='lat' dir='ltr'><strong>vir</strong></span> <span class='ocrx_word' id='word_1_522' title='bbox 2822 1133 3080 1201; x_wconf 88' lang='lat' dir='ltr'><strong>impetum</strong></span> <span class='ocrx_word' id='word_1_523' title='bbox 3125 1140 3432 1207; x_wconf 89' lang='lat' dir='ltr'><strong>propulsat;</strong></span> <span class='ocrx_word' id='word_1_524' title='bbox 3476 1142 3572 1196; x_wconf 91' lang='lat' dir='ltr'><strong>sed</strong></span> <span class='ocrx_word' id='word_1_525' title='bbox 3600 1150 3659 1196; x_wconf 87' lang='lat' dir='ltr'><strong>ut</strong></span> 
     </span>
    </p>
   </div>
   <div class='ocr_carea' id='block_1_69' title="bbox 2074 1214 3656 1292">
    <p class='ocr_par' dir='ltr' id='par_1_69' title="bbox 2074 1214 3656 1292">
     <span class='ocr_line' id='line_1_69' title="bbox 2074 1214 3656 1292; baseline 0.013 -27"><span class='ocrx_word' id='word_1_526' title='bbox 2074 1214 2246 1281; x_wconf 89' lang='lat' dir='ltr'><strong>pretio</strong></span> <span class='ocrx_word' id='word_1_527' title='bbox 2269 1223 2506 1285; x_wconf 90' lang='lat' dir='ltr'><strong>emptum</strong></span> <span class='ocrx_word' id='word_1_528' title='bbox 2529 1220 2851 1288; x_wconf 87' lang='lat' dir='ltr'><strong>mancipium</strong></span> <span class='ocrx_word' id='word_1_529' title='bbox 2869 1224 3080 1292; x_wconf 86' lang='lat' dir='ltr'><strong>quidvis</strong></span> <span class='ocrx_word' id='word_1_530' title='bbox 3096 1224 3241 1292; x_wconf 89' lang='lat' dir='ltr'><strong>facit,</strong></span> <span class='ocrx_word' id='word_1_531' title='bbox 3259 1229 3496 1284; x_wconf 84' lang='lat' dir='ltr'><strong>avaritiae</strong></span> <span class='ocrx_word' id='word_1_532' title='bbox 3518 1239 3656 1284; x_wconf 86' lang='lat' dir='ltr'><strong>tam-</strong></span> 
     </span>
    </p>
   </div>
   <div class='ocr_carea' id='block_1_70' title="bbox 2071 1306 3655 1391">
    <p class='ocr_par' dir='ltr' id='par_1_70' title="bbox 2071 1306 3655 1391">
     <span class='ocr_line' id='line_1_70' title="bbox 2071 1306 3655 1391; baseline 0.015 -36"><span class='ocrx_word' id='word_1_533' title='bbox 2071 1317 2230 1372; x_wconf 90' lang='lat' dir='ltr'><strong>quam</strong></span> <span class='ocrx_word' id='word_1_534' title='bbox 2256 1306 2464 1362; x_wconf 70' lang='lat' dir='ltr'><strong>acerba:</strong></span> <span class='ocrx_word' id='word_1_535' title='bbox 2484 1308 2716 1366; x_wconf 67' lang='lat' dir='ltr'><strong>domina:</strong></span> <span class='ocrx_word' id='word_1_536' title='bbox 2744 1315 3004 1370; x_wconf 86' lang='lat' dir='ltr'><strong>serviens.</strong></span> <span class='ocrx_word' id='word_1_537' title='bbox 3032 1317 3089 1374; x_wconf 91' lang='lat' dir='ltr'><strong>Si</strong></span> <span class='ocrx_word' id='word_1_538' title='bbox 3111 1317 3398 1376; x_wconf 81' lang='lat' dir='ltr'><strong>formosam</strong></span> <span class='ocrx_word' id='word_1_539' title='bbox 3423 1322 3655 1391; x_wconf 79' lang='lat' dir='ltr'><strong>aliquam</strong></span> 
     </span>
    </p>
   </div>
   <div class='ocr_carea' id='block_1_71' title="bbox 2072 1392 3658 1479">
    <p class='ocr_par' dir='ltr' id='par_1_71' title="bbox 2072 1392 3658 1479">
     <span class='ocr_line' id='line_1_71' title="bbox 2072 1392 3658 1479; baseline 0.013 -34"><span class='ocrx_word' id='word_1_540' title='bbox 2072 1392 2302 1460; x_wconf 85' lang='lat' dir='ltr'><strong>puellam</strong></span> <span class='ocrx_word' id='word_1_541' title='bbox 2316 1398 2652 1468; x_wconf 85' lang='lat' dir='ltr'><strong>conspicatus</strong></span> <span class='ocrx_word' id='word_1_542' title='bbox 2665 1401 2842 1469; x_wconf 88' lang='lat' dir='ltr'><strong>fuerit,</strong></span> <span class='ocrx_word' id='word_1_543' title='bbox 2863 1407 3104 1474; x_wconf 88' lang='lat' dir='ltr'><strong>protinus</strong></span> <span class='ocrx_word' id='word_1_544' title='bbox 3120 1417 3307 1478; x_wconf 82' lang='lat' dir='ltr'><strong>captus</strong></span> <span class='ocrx_word' id='word_1_545' title='bbox 3324 1411 3572 1479; x_wconf 87' lang='lat' dir='ltr'><strong>trepidat,</strong></span> <span class='ocrx_word' id='word_1_546' title='bbox 3579 1427 3658 1469; x_wconf 85' lang='lat' dir='ltr'><strong>ra-</strong></span> 
     </span>
    </p>
   </div>
   <div class='ocr_carea' id='block_1_72' title="bbox 2071 1482 3654 1566">
    <p class='ocr_par' dir='ltr' id='par_1_72' title="bbox 2071 1482 3654 1566">
     <span class='ocr_line' id='line_1_72' title="bbox 2071 1482 3654 1566; baseline 0.009 -28"><span class='ocrx_word' id='word_1_547' title='bbox 2071 1482 2290 1554; x_wconf 90' lang='lat' dir='ltr'><strong>bidique</strong></span> <span class='ocrx_word' id='word_1_548' title='bbox 2320 1488 2471 1542; x_wconf 84' lang='lat' dir='ltr'><strong>canis</strong></span> <span class='ocrx_word' id='word_1_549' title='bbox 2497 1488 2552 1544; x_wconf 93' lang='lat' dir='ltr'><strong>in</strong></span> <span class='ocrx_word' id='word_1_550' title='bbox 2579 1506 2786 1548; x_wconf 90' lang='lat' dir='ltr'><strong>morem</strong></span> <span class='ocrx_word' id='word_1_551' title='bbox 2809 1508 2926 1550; x_wconf 88' lang='lat' dir='ltr'><strong>eam</strong></span> <span class='ocrx_word' id='word_1_552' title='bbox 2948 1499 3205 1566; x_wconf 88' lang='lat' dir='ltr'><strong>sequitur,</strong></span> <span class='ocrx_word' id='word_1_553' title='bbox 3228 1509 3351 1550; x_wconf 90' lang='lat' dir='ltr'><strong>cum</strong></span> <span class='ocrx_word' id='word_1_554' title='bbox 3371 1505 3562 1555; x_wconf 88' lang='lat' dir='ltr'><strong>contra</strong></span> <span class='ocrx_word' id='word_1_555' title='bbox 3583 1502 3654 1553; x_wconf 87' lang='lat' dir='ltr'><strong>fa-</strong></span> 
     </span>
    </p>
   </div>
   <div class='ocr_carea' id='block_1_73' title="bbox 2074 1568 2445 1627">
    <p class='ocr_par' dir='ltr' id='par_1_73' title="bbox 2074 1568 2445 1627">
     <span class='ocr_line' id='line_1_73' title="bbox 2074 1568 2445 1627; baseline 0.005 -2"><span class='ocrx_word' id='word_1_556' title='bbox 2074 1568 2327 1625; x_wconf 90' lang='lat' dir='ltr'><strong>ciendum</strong></span> <span class='ocrx_word' id='word_1_557' title='bbox 2352 1571 2445 1627; x_wconf 89' lang='lat' dir='ltr'><strong>sit.</strong></span> 
     </span>
    </p>
   </div>
   <div class='ocr_carea' id='block_1_74' title="bbox 2153 1656 3656 1741">
    <p class='ocr_par' dir='ltr' id='par_1_74' title="bbox 2153 1656 3656 1741">
     <span class='ocr_line' id='line_1_74' title="bbox 2153 1656 3656 1741; baseline 0.013 -29"><span class='ocrx_word' id='word_1_558' title='bbox 2153 1657 2207 1714; x_wconf 90' lang='lat'><strong>6.</strong></span> <span class='ocrx_word' id='word_1_559' title='bbox 2247 1656 2461 1715; x_wconf 90' lang='lat' dir='ltr'><strong>Etenim</strong></span> <span class='ocrx_word' id='word_1_560' title='bbox 2491 1674 2618 1716; x_wconf 87' lang='lat' dir='ltr'><strong>cum</strong></span> <span class='ocrx_word' id='word_1_561' title='bbox 2656 1660 2960 1722; x_wconf 81' lang='lat' dir='ltr'><strong>formosam</strong></span> <span class='ocrx_word' id='word_1_562' title='bbox 2994 1667 3278 1726; x_wconf 84' lang='lat' dir='ltr'><strong>mulierem</strong></span> <span class='ocrx_word' id='word_1_563' title='bbox 3327 1673 3544 1741; x_wconf 82' lang='lat' dir='ltr'><strong>cernis,</strong></span> <span class='ocrx_word' id='word_1_564' title='bbox 3589 1692 3656 1732; x_wconf 90' lang='lat' dir='ltr'><strong>ne</strong></span> 
     </span>
    </p>
   </div>
   <div class='ocr_carea' id='block_1_75' title="bbox 2083 1750 3652 1834">
    <p class='ocr_par' dir='ltr' id='par_1_75' title="bbox 2083 1750 3652 1834">
     <span class='ocr_line' id='line_1_75' title="bbox 2083 1750 3652 1834; baseline 0.013 -32"><span class='ocrx_word' id='word_1_565' title='bbox 2083 1750 2186 1804; x_wconf 88' lang='lat' dir='ltr'><strong>hoc</strong></span> <span class='ocrx_word' id='word_1_566' title='bbox 2217 1761 2432 1820; x_wconf 90' lang='lat' dir='ltr'><strong>spectes</strong></span> <span class='ocrx_word' id='word_1_567' title='bbox 2455 1756 2731 1821; x_wconf 90' lang='lat' dir='ltr'><strong>quomodo</strong></span> <span class='ocrx_word' id='word_1_568' title='bbox 2760 1757 3078 1826; x_wconf 89' lang='lat' dir='ltr'><strong>cupiditatis</strong></span> <span class='ocrx_word' id='word_1_569' title='bbox 3109 1769 3216 1814; x_wconf 84' lang='lat' dir='ltr'><strong>tuae</strong></span> <span class='ocrx_word' id='word_1_570' title='bbox 3257 1777 3482 1834; x_wconf 87' lang='lat' dir='ltr'><strong>compos</strong></span> <span class='ocrx_word' id='word_1_571' title='bbox 3525 1767 3652 1830; x_wconf 87' lang='lat' dir='ltr'><strong>fias,</strong></span> 
     </span>
    </p>
   </div>
   <div class='ocr_carea' id='block_1_76' title="bbox 2079 1843 3652 1924">
    <p class='ocr_par' dir='ltr' id='par_1_76' title="bbox 2079 1843 3652 1924">
     <span class='ocr_line' id='line_1_76' title="bbox 2079 1843 3652 1924; baseline 0.011 -28"><span class='ocrx_word' id='word_1_572' title='bbox 2079 1843 2172 1901; x_wconf 87' lang='lat' dir='ltr'><strong>sed</strong></span> <span class='ocrx_word' id='word_1_573' title='bbox 2191 1843 2466 1911; x_wconf 86' lang='lat' dir='ltr'><strong>quomodo</strong></span> <span class='ocrx_word' id='word_1_574' title='bbox 2486 1846 2781 1915; x_wconf 88' lang='lat' dir='ltr'><strong>cupiditate</strong></span> <span class='ocrx_word' id='word_1_575' title='bbox 2800 1849 3067 1906; x_wconf 87' lang='lat' dir='ltr'><strong>libereris.</strong></span> <span class='ocrx_word' id='word_1_576' title='bbox 3099 1853 3164 1907; x_wconf 86' lang='lat' dir='ltr'><strong>Et</strong></span> <span class='ocrx_word' id='word_1_577' title='bbox 3180 1870 3417 1924; x_wconf 87' lang='lat' dir='ltr'><strong>quanam</strong></span> <span class='ocrx_word' id='word_1_578' title='bbox 3439 1859 3652 1913; x_wconf 87' lang='lat' dir='ltr'><strong>ratione</strong></span> 
     </span>
    </p>
   </div>
   <div class='ocr_carea' id='block_1_77' title="bbox 2079 1935 3652 2014">
    <p class='ocr_par' dir='ltr' id='par_1_77' title="bbox 2079 1935 3652 2014">
     <span class='ocr_line' id='line_1_77' title="bbox 2079 1935 3652 2014; baseline 0.012 -26"><span class='ocrx_word' id='word_1_579' title='bbox 2079 1935 2181 1991; x_wconf 87' lang='lat' dir='ltr'><strong>hoc</strong></span> <span class='ocrx_word' id='word_1_580' title='bbox 2210 1937 2327 1992; x_wconf 86' lang='lat' dir='ltr'><strong>fieri</strong></span> <span class='ocrx_word' id='word_1_581' title='bbox 2356 1938 2551 2006; x_wconf 88' lang='lat' dir='ltr'><strong>possit,</strong></span> <span class='ocrx_word' id='word_1_582' title='bbox 2574 1941 2826 2011; x_wconf 86' lang='lat' dir='ltr'><strong>inquies?</strong></span> <span class='ocrx_word' id='word_1_583' title='bbox 2850 1960 3028 2014; x_wconf 90' lang='lat' dir='ltr'><strong>neque</strong></span> <span class='ocrx_word' id='word_1_584' title='bbox 3055 1947 3200 2001; x_wconf 91' lang='lat' dir='ltr'><strong>enim</strong></span> <span class='ocrx_word' id='word_1_585' title='bbox 3229 1963 3414 2005; x_wconf 87' lang='lat' dir='ltr'><strong>amare</strong></span> <span class='ocrx_word' id='word_1_586' title='bbox 3437 1953 3542 2006; x_wconf 91' lang='lat' dir='ltr'><strong>mei</strong></span> <span class='ocrx_word' id='word_1_587' title='bbox 3565 1965 3652 2007; x_wconf 86' lang='lat' dir='ltr'><strong>est</strong></span> 
     </span>
    </p>
   </div>
   <div class='ocr_carea' id='block_1_78' title="bbox 2078 2029 3641 2102">
    <p class='ocr_par' dir='ltr' id='par_1_78' title="bbox 2078 2029 3641 2102">
     <span class='ocr_line' id='line_1_78' title="bbox 2078 2029 3641 2102; baseline 0.008 -20"><span class='ocrx_word' id='word_1_588' title='bbox 2078 2029 2308 2084; x_wconf 82' lang='lat' dir='ltr'><strong>arbitrii.</strong></span> <span class='ocrx_word' id='word_1_589' title='bbox 2337 2031 2508 2100; x_wconf 89' lang='lat' dir='ltr'><strong>Cujus</strong></span> <span class='ocrx_word' id='word_1_590' title='bbox 2537 2047 2668 2102; x_wconf 87' lang='lat' dir='ltr'><strong>ergo</strong></span> <span class='ocrx_word' id='word_1_591' title='bbox 2695 2074 2711 2100; x_wconf 97' lang='lat'><strong>,</strong></span> <span class='ocrx_word' id='word_1_592' title='bbox 2749 2033 2836 2090; x_wconf 91' lang='lat' dir='ltr'><strong>dic</strong></span> <span class='ocrx_word' id='word_1_593' title='bbox 2871 2037 3042 2091; x_wconf 81' lang='lat' dir='ltr'><strong>mibi?</strong></span> <span class='ocrx_word' id='word_1_594' title='bbox 3075 2037 3314 2096; x_wconf 88' lang='lat' dir='ltr'><strong>lnsultns</strong></span> <span class='ocrx_word' id='word_1_595' title='bbox 3361 2041 3641 2096; x_wconf 59' lang='lat' dir='ltr'><strong>damonis.</strong></span> 
     </span>
    </p>
   </div>
   <div class='ocr_carea' id='block_1_79' title="bbox 2079 2119 3696 2202">
    <p class='ocr_par' dir='ltr' id='par_1_79' title="bbox 2079 2119 3696 2202">
     <span class='ocr_line' id='line_1_79' title="bbox 2079 2119 3696 2202; baseline 0.007 -26"><span class='ocrx_word' id='word_1_596' title='bbox 2079 2119 2314 2179; x_wconf 89' lang='lat' dir='ltr'><strong>Omnino</strong></span> <span class='ocrx_word' id='word_1_597' title='bbox 2333 2122 2495 2192; x_wconf 88' lang='lat' dir='ltr'><strong>igitur</strong></span> <span class='ocrx_word' id='word_1_598' title='bbox 2509 2123 2811 2179; x_wconf 75' lang='lat' dir='ltr'><strong>daemonem</strong></span> <span class='ocrx_word' id='word_1_599' title='bbox 2831 2141 2954 2182; x_wconf 86' lang='lat' dir='ltr'><strong>esse</strong></span> <span class='ocrx_word' id='word_1_600' title='bbox 2972 2128 3282 2193; x_wconf 87' lang='lat' dir='ltr'><strong>arbitraris,</strong></span> <span class='ocrx_word' id='word_1_601' title='bbox 3309 2133 3402 2201; x_wconf 91' lang='lat' dir='ltr'><strong>qui</strong></span> <span class='ocrx_word' id='word_1_602' title='bbox 3421 2132 3648 2186; x_wconf 83' lang='lat' dir='ltr'><strong>insidias</strong></span> <span class='ocrx_word' id='word_1_603' title='bbox 3693 2199 3696 2202; x_wconf 8' lang='grc' dir='ltr'><strong><em>ἢ</em></strong></span> 
     </span>
    </p>
   </div>
   <div class='ocr_carea' id='block_1_80' title="bbox 2077 2214 3644 2289">
    <p class='ocr_par' dir='ltr' id='par_1_80' title="bbox 2077 2214 3644 2289">
     <span class='ocr_line' id='line_1_80' title="bbox 2077 2214 3644 2289; baseline 0.004 -19"><span class='ocrx_word' id='word_1_604' title='bbox 2077 2216 2295 2270; x_wconf 84' lang='lat' dir='ltr'><strong>struat?</strong></span> <span class='ocrx_word' id='word_1_605' title='bbox 2315 2214 2548 2273; x_wconf 85' lang='lat' dir='ltr'><strong>Luctare</strong></span> <span class='ocrx_word' id='word_1_606' title='bbox 2569 2217 2752 2289; x_wconf 87' lang='lat' dir='ltr'><strong>igitur,</strong></span> <span class='ocrx_word' id='word_1_607' title='bbox 2777 2235 2841 2274; x_wconf 88' lang='lat' dir='ltr'><strong>ac</strong></span> <span class='ocrx_word' id='word_1_608' title='bbox 2858 2235 3038 2289; x_wconf 80' lang='lat' dir='ltr'><strong>pugna</strong></span> <span class='ocrx_word' id='word_1_609' title='bbox 3056 2238 3178 2276; x_wconf 92' lang='lat' dir='ltr'><strong>cum</strong></span> <span class='ocrx_word' id='word_1_610' title='bbox 3206 2229 3417 2278; x_wconf 81' lang='lat' dir='ltr'><strong>morbo.</strong></span> <span class='ocrx_word' id='word_1_611' title='bbox 3442 2225 3510 2279; x_wconf 84' lang='lat' dir='ltr'><strong>At</strong></span> <span class='ocrx_word' id='word_1_612' title='bbox 3535 2239 3644 2278; x_wconf 91' lang='lat' dir='ltr'><strong>non</strong></span> 
     </span>
    </p>
   </div>
   <div class='ocr_carea' id='block_1_81' title="bbox 2075 2299 3658 2376">
    <p class='ocr_par' dir='ltr' id='par_1_81' title="bbox 2075 2299 3658 2376">
     <span class='ocr_line' id='line_1_81' title="bbox 2075 2299 3658 2376; baseline 0.013 -25"><span class='ocrx_word' id='word_1_613' title='bbox 2075 2312 2314 2366; x_wconf 90' lang='lat' dir='ltr'><strong>possum,</strong></span> <span class='ocrx_word' id='word_1_614' title='bbox 2357 2299 2584 2368; x_wconf 88' lang='lat' dir='ltr'><strong>inquies.</strong></span> <span class='ocrx_word' id='word_1_615' title='bbox 2617 2303 2730 2374; x_wconf 86' lang='lat' dir='ltr'><strong>Age</strong></span> <span class='ocrx_word' id='word_1_616' title='bbox 2758 2303 2916 2374; x_wconf 85' lang='lat' dir='ltr'><strong>igitur</strong></span> <span class='ocrx_word' id='word_1_617' title='bbox 2952 2305 3052 2360; x_wconf 88' lang='lat' dir='ltr'><strong>hoc</strong></span> <span class='ocrx_word' id='word_1_618' title='bbox 3093 2308 3324 2376; x_wconf 88' lang='lat' dir='ltr'><strong>primum</strong></span> <span class='ocrx_word' id='word_1_619' title='bbox 3353 2322 3404 2366; x_wconf 91' lang='lat' dir='ltr'><strong>te</strong></span> <span class='ocrx_word' id='word_1_620' title='bbox 3437 2314 3658 2370; x_wconf 86' lang='lat' dir='ltr'><strong>docebi-</strong></span> 
     </span>
    </p>
   </div>
   <div class='ocr_carea' id='block_1_82' title="bbox 2074 2393 3662 2478">
    <p class='ocr_par' dir='ltr' id='par_1_82' title="bbox 2074 2393 3662 2478">
     <span class='ocr_line' id='line_1_82' title="bbox 2074 2393 3662 2478; baseline 0.011 -32"><span class='ocrx_word' id='word_1_621' title='bbox 2074 2407 2214 2459; x_wconf 87' lang='lat' dir='ltr'><strong>mus,</strong></span> <span class='ocrx_word' id='word_1_622' title='bbox 2246 2393 2470 2464; x_wconf 66' lang='lat' dir='ltr'><strong>ignaviaa</strong></span> <span class='ocrx_word' id='word_1_623' title='bbox 2492 2402 2595 2449; x_wconf 71' lang='lat' dir='ltr'><strong>tuae</strong></span> <span class='ocrx_word' id='word_1_624' title='bbox 2623 2410 2742 2450; x_wconf 89' lang='lat' dir='ltr'><strong>esse</strong></span> <span class='ocrx_word' id='word_1_625' title='bbox 2773 2398 2824 2451; x_wconf 91' lang='lat' dir='ltr'><strong>id</strong></span> <span class='ocrx_word' id='word_1_626' title='bbox 2851 2399 2993 2468; x_wconf 89' lang='lat' dir='ltr'><strong>quod</strong></span> <span class='ocrx_word' id='word_1_627' title='bbox 3027 2400 3121 2456; x_wconf 89' lang='lat' dir='ltr'><strong>tibi</strong></span> <span class='ocrx_word' id='word_1_628' title='bbox 3160 2404 3374 2469; x_wconf 90' lang='lat' dir='ltr'><strong>accidit,</strong></span> <span class='ocrx_word' id='word_1_629' title='bbox 3410 2414 3568 2478; x_wconf 89' lang='lat' dir='ltr'><strong>teque</strong></span> <span class='ocrx_word' id='word_1_630' title='bbox 3592 2409 3662 2463; x_wconf 91' lang='lat' dir='ltr'><strong>ab</strong></span> 
     </span>
    </p>
   </div>
   <div class='ocr_carea' id='block_1_83' title="bbox 2076 2485 3662 2560">
    <p class='ocr_par' dir='ltr' id='par_1_83' title="bbox 2076 2485 3662 2560">
     <span class='ocr_line' id='line_1_83' title="bbox 2076 2485 3662 2560; baseline 0.011 -22"><span class='ocrx_word' id='word_1_631' title='bbox 2076 2485 2227 2540; x_wconf 90' lang='lat' dir='ltr'><strong>initio</strong></span> <span class='ocrx_word' id='word_1_632' title='bbox 2249 2485 2478 2541; x_wconf 67' lang='lat' dir='ltr'><strong>daemoni</strong></span> <span class='ocrx_word' id='word_1_633' title='bbox 2504 2487 2706 2543; x_wconf 85' lang='lat' dir='ltr'><strong>aditum</strong></span> <span class='ocrx_word' id='word_1_634' title='bbox 2734 2491 3044 2560; x_wconf 70' lang='lat' dir='ltr'><strong>prmbuisse,</strong></span> <span class='ocrx_word' id='word_1_635' title='bbox 3074 2509 3136 2549; x_wconf 88' lang='lat' dir='ltr'><strong>ac</strong></span> <span class='ocrx_word' id='word_1_636' title='bbox 3156 2510 3316 2560; x_wconf 90' lang='lat' dir='ltr'><strong>nunc,</strong></span> <span class='ocrx_word' id='word_1_637' title='bbox 3343 2497 3388 2551; x_wconf 91' lang='lat' dir='ltr'><strong>si</strong></span> <span class='ocrx_word' id='word_1_638' title='bbox 3414 2499 3662 2554; x_wconf 86' lang='lat' dir='ltr'><strong>voluntas</strong></span> 
     </span>
    </p>
   </div>
   <div class='ocr_carea' id='block_1_84' title="bbox 2076 2576 3658 2656">
    <p class='ocr_par' dir='ltr' id='par_1_84' title="bbox 2076 2576 3658 2656">
     <span class='ocr_line' id='line_1_84' title="bbox 2076 2576 3658 2656; baseline 0.009 -26"><span class='ocrx_word' id='word_1_639' title='bbox 2076 2576 2146 2630; x_wconf 88' lang='lat' dir='ltr'><strong>ita</strong></span> <span class='ocrx_word' id='word_1_640' title='bbox 2177 2576 2376 2644; x_wconf 88' lang='lat' dir='ltr'><strong>tulerit,</strong></span> <span class='ocrx_word' id='word_1_641' title='bbox 2405 2594 2527 2632; x_wconf 90' lang='lat' dir='ltr'><strong>eum</strong></span> <span class='ocrx_word' id='word_1_642' title='bbox 2565 2578 2818 2637; x_wconf 85' lang='lat' dir='ltr'><strong>facillime</strong></span> <span class='ocrx_word' id='word_1_643' title='bbox 2843 2585 3146 2653; x_wconf 86' lang='lat' dir='ltr'><strong>propellere</strong></span> <span class='ocrx_word' id='word_1_644' title='bbox 3173 2601 3350 2656; x_wconf 86' lang='lat' dir='ltr'><strong>posse.</strong></span> <span class='ocrx_word' id='word_1_645' title='bbox 3381 2590 3474 2644; x_wconf 90' lang='lat' dir='ltr'><strong>Dic</strong></span> <span class='ocrx_word' id='word_1_646' title='bbox 3504 2591 3658 2656; x_wconf 91' lang='lat' dir='ltr'><strong>mihi,</strong></span> 
     </span>
    </p>
   </div>
   <div class='ocr_carea' id='block_1_85' title="bbox 2074 2666 3661 2752">
    <p class='ocr_par' dir='ltr' id='par_1_85' title="bbox 2074 2666 3661 2752">
     <span class='ocr_line' id='line_1_85' title="bbox 2074 2666 3661 2752; baseline 0.011 -32"><span class='ocrx_word' id='word_1_647' title='bbox 2074 2666 2163 2736; x_wconf 89' lang='lat' dir='ltr'><strong>qui</strong></span> <span class='ocrx_word' id='word_1_648' title='bbox 2189 2667 2510 2722; x_wconf 87' lang='lat' dir='ltr'><strong>adulterium</strong></span> <span class='ocrx_word' id='word_1_649' title='bbox 2537 2682 2867 2741; x_wconf 88' lang='lat' dir='ltr'><strong>perpetrant,</strong></span> <span class='ocrx_word' id='word_1_650' title='bbox 2894 2683 3067 2729; x_wconf 91' lang='lat' dir='ltr'><strong>utrum</strong></span> <span class='ocrx_word' id='word_1_651' title='bbox 3093 2692 3277 2733; x_wconf 89' lang='lat' dir='ltr'><strong>amore</strong></span> <span class='ocrx_word' id='word_1_652' title='bbox 3299 2679 3442 2735; x_wconf 91' lang='lat' dir='ltr'><strong>ducti</strong></span> <span class='ocrx_word' id='word_1_653' title='bbox 3466 2681 3517 2736; x_wconf 94' lang='lat' dir='ltr'><strong>id</strong></span> <span class='ocrx_word' id='word_1_654' title='bbox 3542 2697 3661 2752; x_wconf 89' lang='lat' dir='ltr'><strong>per-</strong></span> 
     </span>
    </p>
   </div>
   <div class='ocr_carea' id='block_1_86' title="bbox 2076 2762 3665 2842">
    <p class='ocr_par' dir='ltr' id='par_1_86' title="bbox 2076 2762 3665 2842">
     <span class='ocr_line' id='line_1_86' title="bbox 2076 2762 3665 2842; baseline 0.013 -31"><span class='ocrx_word' id='word_1_655' title='bbox 2076 2768 2322 2828; x_wconf 88' lang='lat' dir='ltr'><strong>petrant,</strong></span> <span class='ocrx_word' id='word_1_656' title='bbox 2380 2775 2448 2814; x_wconf 89' lang='lat' dir='ltr'><strong>an</strong></span> <span class='ocrx_word' id='word_1_657' title='bbox 2499 2762 2642 2831; x_wconf 90' lang='lat' dir='ltr'><strong>quod</strong></span> <span class='ocrx_word' id='word_1_658' title='bbox 2699 2764 3013 2833; x_wconf 90' lang='lat' dir='ltr'><strong>simpliciter</strong></span> <span class='ocrx_word' id='word_1_659' title='bbox 3072 2770 3307 2837; x_wconf 84' lang='lat' dir='ltr'><strong>pericula</strong></span> <span class='ocrx_word' id='word_1_660' title='bbox 3371 2777 3665 2842; x_wconf 72' lang='lat' dir='ltr'><strong>expetant?</strong></span> 
     </span>
    </p>
   </div>
   <div class='ocr_carea' id='block_1_87' title="bbox 2078 2849 3653 2933">
    <p class='ocr_par' dir='ltr' id='par_1_87' title="bbox 2078 2849 3653 2933">
     <span class='ocr_line' id='line_1_87' title="bbox 2078 2849 3653 2933; baseline 0.009 -29"><span class='ocrx_word' id='word_1_661' title='bbox 2078 2851 2275 2904; x_wconf 83' lang='lat' dir='ltr'><strong>Amore</strong></span> <span class='ocrx_word' id='word_1_662' title='bbox 2320 2849 2464 2906; x_wconf 91' lang='lat' dir='ltr'><strong>ducti</strong></span> <span class='ocrx_word' id='word_1_663' title='bbox 2505 2851 2646 2907; x_wconf 88' lang='lat' dir='ltr'><strong>haud</strong></span> <span class='ocrx_word' id='word_1_664' title='bbox 2688 2852 2866 2910; x_wconf 87' lang='lat' dir='ltr'><strong>dubie.</strong></span> <span class='ocrx_word' id='word_1_665' title='bbox 2899 2856 3036 2910; x_wconf 89' lang='lat' dir='ltr'><strong>Num</strong></span> <span class='ocrx_word' id='word_1_666' title='bbox 3082 2859 3245 2928; x_wconf 86' lang='lat' dir='ltr'><strong>igitur</strong></span> <span class='ocrx_word' id='word_1_667' title='bbox 3289 2862 3500 2917; x_wconf 87' lang='lat' dir='ltr'><strong>veniam</strong></span> <span class='ocrx_word' id='word_1_668' title='bbox 3531 2880 3653 2933; x_wconf 89' lang='lat' dir='ltr'><strong>pro-</strong></span> 
     </span>
    </p>
   </div>
   <div class='ocr_carea' id='block_1_88' title="bbox 2075 2941 3661 3025">
    <p class='ocr_par' dir='ltr' id='par_1_88' title="bbox 2075 2941 3661 3025">
     <span class='ocr_line' id='line_1_88' title="bbox 2075 2941 3661 3025; baseline 0.011 -32"><span class='ocrx_word' id='word_1_669' title='bbox 2075 2948 2260 3008; x_wconf 90' lang='lat' dir='ltr'><strong>pterea</strong></span> <span class='ocrx_word' id='word_1_670' title='bbox 2290 2941 2577 2998; x_wconf 86' lang='lat' dir='ltr'><strong>obtinent?</strong></span> <span class='ocrx_word' id='word_1_671' title='bbox 2619 2944 2856 3002; x_wconf 81' lang='lat' dir='ltr'><strong>Minime.</strong></span> <span class='ocrx_word' id='word_1_672' title='bbox 2896 2948 3032 3015; x_wconf 85' lang='lat' dir='ltr'><strong>Quid</strong></span> <span class='ocrx_word' id='word_1_673' title='bbox 3069 2951 3183 3004; x_wconf 87' lang='lat' dir='ltr'><strong>ita?</strong></span> <span class='ocrx_word' id='word_1_674' title='bbox 3212 2953 3474 3019; x_wconf 87' lang='lat' dir='ltr'><strong>Quoniam</strong></span> <span class='ocrx_word' id='word_1_675' title='bbox 3520 2955 3661 3025; x_wconf 81' lang='lat' dir='ltr'><strong>ipso-</strong></span> 
     </span>
    </p>
   </div>
   <div class='ocr_carea' id='block_1_89' title="bbox 2076 3039 3664 3112">
    <p class='ocr_par' dir='ltr' id='par_1_89' title="bbox 2076 3039 3664 3112">
     <span class='ocr_line' id='line_1_89' title="bbox 2076 3039 3664 3112; baseline 0.011 -26"><span class='ocrx_word' id='word_1_676' title='bbox 2076 3047 2194 3086; x_wconf 90' lang='lat' dir='ltr'><strong>rum</strong></span> <span class='ocrx_word' id='word_1_677' title='bbox 2235 3042 2318 3087; x_wconf 90' lang='lat' dir='ltr'><strong>est</strong></span> <span class='ocrx_word' id='word_1_678' title='bbox 2362 3046 2660 3103; x_wconf 88' lang='lat' dir='ltr'><strong>peccatum.</strong></span> <span class='ocrx_word' id='word_1_679' title='bbox 2694 3040 2762 3092; x_wconf 84' lang='lat' dir='ltr'><strong>At</strong></span> <span class='ocrx_word' id='word_1_680' title='bbox 2795 3039 2921 3108; x_wconf 91' lang='lat' dir='ltr'><strong>quid</strong></span> <span class='ocrx_word' id='word_1_681' title='bbox 2967 3041 3305 3112; x_wconf 86' lang='lat' dir='ltr'><strong>syllogismos</strong></span> <span class='ocrx_word' id='word_1_682' title='bbox 3349 3045 3549 3104; x_wconf 79' lang='lat' dir='ltr'><strong>nectis?</strong></span> <span class='ocrx_word' id='word_1_683' title='bbox 3581 3051 3664 3102; x_wconf 83' lang='lat' dir='ltr'><strong>in-</strong></span> 
     </span>
    </p>
   </div>
   <div class='ocr_carea' id='block_1_90' title="bbox 2077 3127 3663 3201">
    <p class='ocr_par' dir='ltr' id='par_1_90' title="bbox 2077 3127 3663 3201">
     <span class='ocr_line' id='line_1_90' title="bbox 2077 3127 3663 3201; baseline 0.011 -24"><span class='ocrx_word' id='word_1_684' title='bbox 2077 3127 2544 3194; x_wconf 88' lang='lat' dir='ltr'><strong>quies;conscius</strong></span> <span class='ocrx_word' id='word_1_685' title='bbox 2582 3130 2713 3186; x_wconf 90' lang='lat' dir='ltr'><strong>mihi</strong></span> <span class='ocrx_word' id='word_1_686' title='bbox 2761 3131 2878 3201; x_wconf 90' lang='lat' dir='ltr'><strong>ipse</strong></span> <span class='ocrx_word' id='word_1_687' title='bbox 2922 3148 3063 3199; x_wconf 92' lang='lat' dir='ltr'><strong>sum,</strong></span> <span class='ocrx_word' id='word_1_688' title='bbox 3097 3152 3184 3191; x_wconf 91' lang='lat' dir='ltr'><strong>me</strong></span> <span class='ocrx_word' id='word_1_689' title='bbox 3229 3137 3478 3193; x_wconf 79' lang='lat' dir='ltr'><strong>affectum</strong></span> <span class='ocrx_word' id='word_1_690' title='bbox 3521 3139 3663 3194; x_wconf 89' lang='lat' dir='ltr'><strong>hunc</strong></span> 
     </span>
    </p>
   </div>
   <div class='ocr_carea' id='block_1_91' title="bbox 2077 3216 3664 3296">
    <p class='ocr_par' dir='ltr' id='par_1_91' title="bbox 2077 3216 3664 3296">
     <span class='ocr_line' id='line_1_91' title="bbox 2077 3216 3664 3296; baseline 0.011 -26"><span class='ocrx_word' id='word_1_691' title='bbox 2077 3216 2398 3272; x_wconf 87' lang='lat' dir='ltr'><strong>submovere</strong></span> <span class='ocrx_word' id='word_1_692' title='bbox 2415 3220 2574 3284; x_wconf 85' lang='lat' dir='ltr'><strong>velle,</strong></span> <span class='ocrx_word' id='word_1_693' title='bbox 2606 3235 2708 3278; x_wconf 87' lang='lat' dir='ltr'><strong>nec</strong></span> <span class='ocrx_word' id='word_1_694' title='bbox 2732 3229 2909 3282; x_wconf 88' lang='lat' dir='ltr'><strong>tamen</strong></span> <span class='ocrx_word' id='word_1_695' title='bbox 2939 3225 2990 3280; x_wconf 90' lang='lat' dir='ltr'><strong>id</strong></span> <span class='ocrx_word' id='word_1_696' title='bbox 3020 3242 3259 3296; x_wconf 88' lang='lat' dir='ltr'><strong>possum,</strong></span> <span class='ocrx_word' id='word_1_697' title='bbox 3284 3231 3378 3285; x_wconf 90' lang='lat' dir='ltr'><strong>sed</strong></span> <span class='ocrx_word' id='word_1_698' title='bbox 3410 3231 3462 3286; x_wconf 93' lang='lat' dir='ltr'><strong>id</strong></span> <span class='ocrx_word' id='word_1_699' title='bbox 3487 3233 3664 3288; x_wconf 90' lang='lat' dir='ltr'><strong>immi-</strong></span> 
     </span>
    </p>
   </div>
   <div class='ocr_carea' id='block_1_92' title="bbox 2079 3310 3663 3394">
    <p class='ocr_par' dir='ltr' id='par_1_92' title="bbox 2079 3310 3663 3394">
     <span class='ocr_line' id='line_1_92' title="bbox 2079 3310 3663 3394; baseline 0.013 -32"><span class='ocrx_word' id='word_1_700' title='bbox 2079 3318 2190 3371; x_wconf 88' lang='lat' dir='ltr'><strong>net,</strong></span> <span class='ocrx_word' id='word_1_701' title='bbox 2219 3310 2559 3382; x_wconf 83' lang='lat' dir='ltr'><strong>graviterque</strong></span> <span class='ocrx_word' id='word_1_702' title='bbox 2579 3327 2666 3370; x_wconf 89' lang='lat' dir='ltr'><strong>me</strong></span> <span class='ocrx_word' id='word_1_703' title='bbox 2692 3316 2890 3382; x_wconf 89' lang='lat' dir='ltr'><strong>premit</strong></span> <span class='ocrx_word' id='word_1_704' title='bbox 2917 3325 2965 3370; x_wconf 90' lang='lat' dir='ltr'><strong>et</strong></span> <span class='ocrx_word' id='word_1_705' title='bbox 2993 3322 3287 3377; x_wconf 81' lang='lat' dir='ltr'><strong>excruciat.</strong></span> <span class='ocrx_word' id='word_1_706' title='bbox 3313 3322 3408 3378; x_wconf 88' lang='lat' dir='ltr'><strong>Vis</strong></span> <span class='ocrx_word' id='word_1_707' title='bbox 3445 3324 3663 3394; x_wconf 90' lang='lat' dir='ltr'><strong>quidem</strong></span> 
     </span>
    </p>
   </div>
   <div class='ocr_carea' id='block_1_93' title="bbox 2078 3400 3663 3485">
    <p class='ocr_par' dir='ltr' id='par_1_93' title="bbox 2078 3400 3663 3485">
     <span class='ocr_line' id='line_1_93' title="bbox 2078 3400 3663 3485; baseline 0.012 -32"><span class='ocrx_word' id='word_1_708' title='bbox 2078 3400 2232 3468; x_wconf 89' lang='lat' dir='ltr'><strong>illud,</strong></span> <span class='ocrx_word' id='word_1_709' title='bbox 2263 3417 2298 3455; x_wconf 92' lang='grc' dir='ltr'><strong>ο</strong></span> <span class='ocrx_word' id='word_1_710' title='bbox 2328 3403 2507 3468; x_wconf 90' lang='lat' dir='ltr'><strong>homo,</strong></span> <span class='ocrx_word' id='word_1_711' title='bbox 2543 3404 2899 3472; x_wconf 87' lang='lat' dir='ltr'><strong>submovere;</strong></span> <span class='ocrx_word' id='word_1_712' title='bbox 2931 3417 2986 3462; x_wconf 90' lang='lat' dir='ltr'><strong>at</strong></span> <span class='ocrx_word' id='word_1_713' title='bbox 3015 3425 3120 3464; x_wconf 94' lang='lat' dir='ltr'><strong>non</strong></span> <span class='ocrx_word' id='word_1_714' title='bbox 3149 3426 3212 3466; x_wconf 89' lang='lat' dir='ltr'><strong>ea</strong></span> <span class='ocrx_word' id='word_1_715' title='bbox 3238 3412 3392 3479; x_wconf 88' lang='lat' dir='ltr'><strong>facis,</strong></span> <span class='ocrx_word' id='word_1_716' title='bbox 3423 3431 3544 3485; x_wconf 63' lang='lat' dir='ltr'><strong>quae</strong></span> <span class='ocrx_word' id='word_1_717' title='bbox 3573 3434 3663 3472; x_wconf 89' lang='lat' dir='ltr'><strong>rc-</strong></span> 
     </span>
    </p>
   </div>
   <div class='ocr_carea' id='block_1_94' title="bbox 2082 3492 3664 3574">
    <p class='ocr_par' dir='ltr' id='par_1_94' title="bbox 2082 3492 3664 3574">
     <span class='ocr_line' id='line_1_94' title="bbox 2082 3492 3664 3574; baseline 0.014 -31"><span class='ocrx_word' id='word_1_718' title='bbox 2082 3492 2282 3560; x_wconf 89' lang='lat' dir='ltr'><strong>pellere</strong></span> <span class='ocrx_word' id='word_1_719' title='bbox 2309 3494 2549 3561; x_wconf 89' lang='lat' dir='ltr'><strong>possint;</strong></span> <span class='ocrx_word' id='word_1_720' title='bbox 2574 3509 2760 3550; x_wconf 87' lang='lat' dir='ltr'><strong>verum</strong></span> <span class='ocrx_word' id='word_1_721' title='bbox 2792 3497 3014 3565; x_wconf 90' lang='lat' dir='ltr'><strong>perinde</strong></span> <span class='ocrx_word' id='word_1_722' title='bbox 3044 3499 3195 3568; x_wconf 86' lang='lat' dir='ltr'><strong>facis,</strong></span> <span class='ocrx_word' id='word_1_723' title='bbox 3229 3511 3286 3556; x_wconf 91' lang='lat' dir='ltr'><strong>ut</strong></span> <span class='ocrx_word' id='word_1_724' title='bbox 3309 3505 3355 3560; x_wconf 88' lang='lat' dir='ltr'><strong>si</strong></span> <span class='ocrx_word' id='word_1_725' title='bbox 3377 3501 3495 3574; x_wconf 84' lang='lat' dir='ltr'><strong>quis</strong></span> <span class='ocrx_word' id='word_1_726' title='bbox 3526 3509 3664 3565; x_wconf 89' lang='lat' dir='ltr'><strong>febri</strong></span> 
     </span>
    </p>
   </div>
   <div class='ocr_carea' id='block_1_95' title="bbox 2080 3585 3652 3663">
    <p class='ocr_par' dir='ltr' id='par_1_95' title="bbox 2080 3585 3652 3663">
     <span class='ocr_line' id='line_1_95' title="bbox 2080 3585 3652 3663; baseline 0.012 -27"><span class='ocrx_word' id='word_1_727' title='bbox 2080 3592 2380 3650; x_wconf 87' lang='lat' dir='ltr'><strong>correptus,</strong></span> <span class='ocrx_word' id='word_1_728' title='bbox 2412 3598 2473 3639; x_wconf 89' lang='lat' dir='ltr'><strong>ac</strong></span> <span class='ocrx_word' id='word_1_729' title='bbox 2513 3599 2633 3640; x_wconf 88' lang='lat' dir='ltr'><strong>sese</strong></span> <span class='ocrx_word' id='word_1_730' title='bbox 2671 3585 2862 3655; x_wconf 84' lang='lat' dir='ltr'><strong>frigida</strong></span> <span class='ocrx_word' id='word_1_731' title='bbox 2897 3603 3034 3657; x_wconf 88' lang='lat' dir='ltr'><strong>aqua</strong></span> <span class='ocrx_word' id='word_1_732' title='bbox 3079 3590 3428 3663; x_wconf 88' lang='lat' dir='ltr'><strong>ingurgitans,</strong></span> <span class='ocrx_word' id='word_1_733' title='bbox 3469 3597 3609 3654; x_wconf 82' lang='lat' dir='ltr'><strong>dicat</strong></span> <span class='ocrx_word' id='word_1_734' title='bbox 3640 3619 3652 3653; x_wconf 91' lang='lat'>:</span> 
     </span>
    </p>
   </div>
   <div class='ocr_carea' id='block_1_96' title="bbox 2080 3675 3666 3756">
    <p class='ocr_par' dir='ltr' id='par_1_96' title="bbox 2080 3675 3666 3756">
     <span class='ocr_line' id='line_1_96' title="bbox 2080 3675 3666 3756; baseline 0.011 -28"><span class='ocrx_word' id='word_1_735' title='bbox 2080 3675 2284 3741; x_wconf 87' lang='lat' dir='ltr'><strong>Quanta</strong></span> <span class='ocrx_word' id='word_1_736' title='bbox 2312 3677 2712 3744; x_wconf 89' lang='lat' dir='ltr'><strong>comminiscor,</strong></span> <span class='ocrx_word' id='word_1_737' title='bbox 2744 3678 2872 3734; x_wconf 90' lang='lat' dir='ltr'><strong>dum</strong></span> <span class='ocrx_word' id='word_1_738' title='bbox 2904 3680 3091 3736; x_wconf 86' lang='lat' dir='ltr'><strong>febrim</strong></span> <span class='ocrx_word' id='word_1_739' title='bbox 3113 3685 3451 3756; x_wconf 83' lang='lat' dir='ltr'><strong>exstinguere</strong></span> <span class='ocrx_word' id='word_1_740' title='bbox 3476 3691 3666 3746; x_wconf 84' lang='lat' dir='ltr'><strong>studeo</strong></span> 
     </span>
    </p>
   </div>
   <div class='ocr_carea' id='block_1_97' title="bbox 2081 3766 3575 3839">
    <p class='ocr_par' dir='ltr' id='par_1_97' title="bbox 2081 3766 3575 3839">
     <span class='ocr_line' id='line_1_97' title="bbox 2081 3766 3575 3839; baseline 0.008 -18"><span class='ocrx_word' id='word_1_741' title='bbox 2081 3781 2181 3822; x_wconf 89' lang='lat' dir='ltr'><strong>nec</strong></span> <span class='ocrx_word' id='word_1_742' title='bbox 2205 3781 2447 3834; x_wconf 87' lang='lat' dir='ltr'><strong>possum,</strong></span> <span class='ocrx_word' id='word_1_743' title='bbox 2475 3767 2570 3822; x_wconf 88' lang='lat' dir='ltr'><strong>sed</strong></span> <span class='ocrx_word' id='word_1_744' title='bbox 2597 3766 2863 3824; x_wconf 86' lang='lat' dir='ltr'><strong>flammam</strong></span> <span class='ocrx_word' id='word_1_745' title='bbox 2891 3771 3068 3839; x_wconf 84' lang='lat' dir='ltr'><strong>pntius</strong></span> <span class='ocrx_word' id='word_1_746' title='bbox 3093 3788 3266 3828; x_wconf 85' lang='lat' dir='ltr'><strong>meam</strong></span> <span class='ocrx_word' id='word_1_747' title='bbox 3296 3780 3575 3834; x_wconf 87' lang='lat' dir='ltr'><strong>accendo?</strong></span> 
     </span>
    </p>
   </div>
   <div class='ocr_carea' id='block_1_98' title="bbox 2150 3856 3668 3942">
    <p class='ocr_par' dir='ltr' id='par_1_98' title="bbox 2150 3856 3668 3942">
     <span class='ocr_line' id='line_1_98' title="bbox 2150 3856 3668 3942; baseline 0.009 -28"><span class='ocrx_word' id='word_1_748' title='bbox 2150 3856 2456 3927; x_wconf 81' lang='lat' dir='ltr'><strong>Cupiditatis</strong></span> <span class='ocrx_word' id='word_1_749' title='bbox 2475 3860 2853 3931; x_wconf 64' lang='lat' dir='ltr'><strong>exstinguenda:</strong></span> <span class='ocrx_word' id='word_1_750' title='bbox 2880 3864 3080 3917; x_wconf 82' lang='lat' dir='ltr'><strong>modus.</strong></span> <span class='ocrx_word' id='word_1_751' title='bbox 3103 3894 3177 3905; x_wconf 90' lang='lat'><strong>—</strong></span> <span class='ocrx_word' id='word_1_752' title='bbox 3197 3867 3481 3926; x_wconf 85' lang='lat' dir='ltr'><strong>Videamus</strong></span> <span class='ocrx_word' id='word_1_753' title='bbox 3509 3873 3668 3942; x_wconf 82' lang='lat' dir='ltr'><strong>igitur</strong></span> 
     </span>
    </p>
   </div>
   <div class='ocr_carea' id='block_1_99' title="bbox 2082 3951 3664 4032">
    <p class='ocr_par' dir='ltr' id='par_1_99' title="bbox 2082 3951 3664 4032">
     <span class='ocr_line' id='line_1_99' title="bbox 2082 3951 3664 4032; baseline 0.009 -28"><span class='ocrx_word' id='word_1_754' title='bbox 2082 3965 2207 4004; x_wconf 90' lang='lat' dir='ltr'><strong>num</strong></span> <span class='ocrx_word' id='word_1_755' title='bbox 2240 3959 2296 4003; x_wconf 94' lang='lat' dir='ltr'><strong>tu</strong></span> <span class='ocrx_word' id='word_1_756' title='bbox 2324 3965 2537 4020; x_wconf 90' lang='lat' dir='ltr'><strong>quoque</strong></span> <span class='ocrx_word' id='word_1_757' title='bbox 2563 3965 2625 4004; x_wconf 90' lang='lat' dir='ltr'><strong>ea</strong></span> <span class='ocrx_word' id='word_1_758' title='bbox 2669 3951 2855 4018; x_wconf 90' lang='lat' dir='ltr'><strong>facias,</strong></span> <span class='ocrx_word' id='word_1_759' title='bbox 2883 3969 3003 4023; x_wconf 66' lang='lat' dir='ltr'><strong>quae</strong></span> <span class='ocrx_word' id='word_1_760' title='bbox 3032 3959 3278 4012; x_wconf 83' lang='lat' dir='ltr'><strong>morbum</strong></span> <span class='ocrx_word' id='word_1_761' title='bbox 3309 3960 3664 4032; x_wconf 87' lang='lat' dir='ltr'><strong>inflamment,</strong></span> 
     </span>
    </p>
   </div>
   <div class='ocr_carea' id='block_1_100' title="bbox 2081 4043 3664 4122">
    <p class='ocr_par' dir='ltr' id='par_1_100' title="bbox 2081 4043 3664 4122">
     <span class='ocr_line' id='line_1_100' title="bbox 2081 4043 3664 4122; baseline 0.009 -26"><span class='ocrx_word' id='word_1_762' title='bbox 2081 4057 2202 4096; x_wconf 92' lang='lat' dir='ltr'><strong>cum</strong></span> <span class='ocrx_word' id='word_1_763' title='bbox 2235 4049 2288 4097; x_wconf 87' lang='lat' dir='ltr'><strong>te</strong></span> <span class='ocrx_word' id='word_1_764' title='bbox 2327 4056 2389 4096; x_wconf 89' lang='lat' dir='ltr'><strong>ea</strong></span> <span class='ocrx_word' id='word_1_765' title='bbox 2419 4043 2725 4112; x_wconf 89' lang='lat' dir='ltr'><strong>excogitare</strong></span> <span class='ocrx_word' id='word_1_766' title='bbox 2767 4053 2941 4114; x_wconf 89' lang='lat' dir='ltr'><strong>putes,</strong></span> <span class='ocrx_word' id='word_1_767' title='bbox 2982 4063 3102 4116; x_wconf 81' lang='lat' dir='ltr'><strong>quae</strong></span> <span class='ocrx_word' id='word_1_768' title='bbox 3129 4051 3493 4122; x_wconf 82' lang='lat' dir='ltr'><strong>exstinguant.</strong></span> <span class='ocrx_word' id='word_1_769' title='bbox 3523 4053 3664 4122; x_wconf 89' lang='lat' dir='ltr'><strong>Non,</strong></span> 
     </span>
    </p>
   </div>
   <div class='ocr_carea' id='block_1_101' title="bbox 2082 4133 3664 4215">
    <p class='ocr_par' dir='ltr' id='par_1_101' title="bbox 2082 4133 3664 4215">
     <span class='ocr_line' id='line_1_101' title="bbox 2082 4133 3664 4215; baseline 0.008 -26"><span class='ocrx_word' id='word_1_770' title='bbox 2082 4133 2277 4203; x_wconf 89' lang='lat' dir='ltr'><strong>inquis.</strong></span> <span class='ocrx_word' id='word_1_771' title='bbox 2303 4133 2395 4188; x_wconf 90' lang='lat' dir='ltr'><strong>Dic</strong></span> <span class='ocrx_word' id='word_1_772' title='bbox 2417 4133 2596 4204; x_wconf 84' lang='lat' dir='ltr'><strong>igitur,</strong></span> <span class='ocrx_word' id='word_1_773' title='bbox 2625 4134 2899 4204; x_wconf 83' lang='lat' dir='ltr'><strong>quidnam,</strong></span> <span class='ocrx_word' id='word_1_774' title='bbox 2925 4147 2983 4191; x_wconf 93' lang='lat' dir='ltr'><strong>ut</strong></span> <span class='ocrx_word' id='word_1_775' title='bbox 3007 4141 3247 4194; x_wconf 89' lang='lat' dir='ltr'><strong>morbum</strong></span> <span class='ocrx_word' id='word_1_776' title='bbox 3271 4147 3664 4215; x_wconf 83' lang='lat' dir='ltr'><strong>exstingueres,</strong></span> 
     </span>
    </p>
   </div>
   <div class='ocr_carea' id='block_1_102' title="bbox 2082 4225 3664 4303">
    <p class='ocr_par' dir='ltr' id='par_1_102' title="bbox 2082 4225 3664 4303">
     <span class='ocr_line' id='line_1_102' title="bbox 2082 4225 3664 4303; baseline 0.006 -21"><span class='ocrx_word' id='word_1_777' title='bbox 2082 4225 2258 4282; x_wconf 83' lang='lat' dir='ltr'><strong>facere</strong></span> <span class='ocrx_word' id='word_1_778' title='bbox 2291 4240 2538 4294; x_wconf 90' lang='lat' dir='ltr'><strong>umquam</strong></span> <span class='ocrx_word' id='word_1_779' title='bbox 2567 4240 2628 4281; x_wconf 91' lang='lat' dir='ltr'><strong>es</strong></span> <span class='ocrx_word' id='word_1_780' title='bbox 2656 4235 2884 4281; x_wconf 88' lang='lat' dir='ltr'><strong>conatus</strong></span> <span class='ocrx_word' id='word_1_781' title='bbox 2905 4227 2928 4279; x_wconf 68' lang='grc' dir='ltr'><strong><em>Ἰ</em></strong></span> <span class='ocrx_word' id='word_1_782' title='bbox 2949 4229 3075 4296; x_wconf 93' lang='lat' dir='ltr'><strong>quid</strong></span> <span class='ocrx_word' id='word_1_783' title='bbox 3100 4242 3279 4285; x_wconf 88' lang='lat' dir='ltr'><strong>autem</strong></span> <span class='ocrx_word' id='word_1_784' title='bbox 3310 4236 3532 4291; x_wconf 91' lang='lat' dir='ltr'><strong>omnino</strong></span> <span class='ocrx_word' id='word_1_785' title='bbox 3558 4250 3664 4303; x_wconf 89' lang='lat' dir='ltr'><strong>est,</strong></span> 
     </span>
    </p>
   </div>
   <div class='ocr_carea' id='block_1_103' title="bbox 2081 4316 3668 4386">
    <p class='ocr_par' dir='ltr' id='par_1_103' title="bbox 2081 4316 3668 4386">
     <span class='ocr_line' id='line_1_103' title="bbox 2081 4316 3668 4386; baseline 0.009 -17"><span class='ocrx_word' id='word_1_786' title='bbox 2081 4317 2222 4386; x_wconf 91' lang='lat' dir='ltr'><strong>quod</strong></span> <span class='ocrx_word' id='word_1_787' title='bbox 2263 4316 2510 4369; x_wconf 90' lang='lat' dir='ltr'><strong>morbum</strong></span> <span class='ocrx_word' id='word_1_788' title='bbox 2547 4318 2782 4385; x_wconf 80' lang='lat' dir='ltr'><strong>augeat?</strong></span> <span class='ocrx_word' id='word_1_789' title='bbox 2806 4317 3040 4384; x_wconf 85' lang='lat' dir='ltr'><strong>Etenim,</strong></span> <span class='ocrx_word' id='word_1_790' title='bbox 3083 4321 3206 4376; x_wconf 84' lang='lat' dir='ltr'><strong>licet</strong></span> <span class='ocrx_word' id='word_1_791' title='bbox 3235 4337 3340 4378; x_wconf 93' lang='lat' dir='ltr'><strong>non</strong></span> <span class='ocrx_word' id='word_1_792' title='bbox 3370 4339 3558 4381; x_wconf 87' lang='lat' dir='ltr'><strong>omnes</strong></span> <span class='ocrx_word' id='word_1_793' title='bbox 3586 4330 3668 4385; x_wconf 84' lang='lat' dir='ltr'><strong>his</strong></span> 
     </span>
    </p>
   </div>
   <div class='ocr_carea' id='block_1_104' title="bbox 2082 4405 3663 4488">
    <p class='ocr_par' dir='ltr' id='par_1_104' title="bbox 2082 4405 3663 4488">
     <span class='ocr_line' id='line_1_104' title="bbox 2082 4405 3663 4488; baseline 0.008 -27"><span class='ocrx_word' id='word_1_794' title='bbox 2082 4405 2398 4461; x_wconf 89' lang='lat' dir='ltr'><strong>criminibus</strong></span> <span class='ocrx_word' id='word_1_795' title='bbox 2432 4405 2649 4462; x_wconf 86' lang='lat' dir='ltr'><strong>obnoxii</strong></span> <span class='ocrx_word' id='word_1_796' title='bbox 2674 4407 2844 4460; x_wconf 90' lang='lat' dir='ltr'><strong>simus</strong></span> <span class='ocrx_word' id='word_1_797' title='bbox 2883 4407 3089 4476; x_wconf 85' lang='lat' dir='ltr'><strong>(plures</strong></span> <span class='ocrx_word' id='word_1_798' title='bbox 3111 4411 3257 4468; x_wconf 91' lang='lat' dir='ltr'><strong>enim</strong></span> <span class='ocrx_word' id='word_1_799' title='bbox 3295 4417 3533 4484; x_wconf 81' lang='lat' dir='ltr'><strong>reperire</strong></span> <span class='ocrx_word' id='word_1_800' title='bbox 3559 4431 3663 4488; x_wconf 89' lang='lat' dir='ltr'><strong>est,</strong></span> 
     </span>
    </p>
   </div>
   <div class='ocr_carea' id='block_1_105' title="bbox 2084 4495 3668 4567">
    <p class='ocr_par' dir='ltr' id='par_1_105' title="bbox 2084 4495 3668 4567">
     <span class='ocr_line' id='line_1_105' title="bbox 2084 4495 3668 4567; baseline 0.011 -18"><span class='ocrx_word' id='word_1_801' title='bbox 2084 4498 2174 4565; x_wconf 87' lang='lat' dir='ltr'><strong>qui</strong></span> <span class='ocrx_word' id='word_1_802' title='bbox 2205 4495 2551 4565; x_wconf 90' lang='lat' dir='ltr'><strong>pecuniarum</strong></span> <span class='ocrx_word' id='word_1_803' title='bbox 2581 4510 2741 4565; x_wconf 89' lang='lat' dir='ltr'><strong>quam</strong></span> <span class='ocrx_word' id='word_1_804' title='bbox 2785 4498 2876 4567; x_wconf 88' lang='lat' dir='ltr'><strong>qui</strong></span> <span class='ocrx_word' id='word_1_805' title='bbox 2913 4513 3200 4566; x_wconf 82' lang='lat' dir='ltr'><strong>corporum</strong></span> <span class='ocrx_word' id='word_1_806' title='bbox 3233 4518 3418 4563; x_wconf 86' lang='lat' dir='ltr'><strong>amore</strong></span> <span class='ocrx_word' id='word_1_807' title='bbox 3449 4518 3668 4566; x_wconf 67' lang='lat' dir='ltr'><strong>teneam-</strong></span> 
     </span>
    </p>
   </div>
   <div class='ocr_carea' id='block_1_106' title="bbox 2085 4588 3668 4669">
    <p class='ocr_par' dir='ltr' id='par_1_106' title="bbox 2085 4588 3668 4669">
     <span class='ocr_line' id='line_1_106' title="bbox 2085 4588 3668 4669; baseline 0.009 -26"><span class='ocrx_word' id='word_1_808' title='bbox 2085 4588 2233 4658; x_wconf 92' lang='lat' dir='ltr'><strong>tur);</strong></span> <span class='ocrx_word' id='word_1_809' title='bbox 2273 4601 2558 4644; x_wconf 88' lang='lat' dir='ltr'><strong>commune</strong></span> <span class='ocrx_word' id='word_1_810' title='bbox 2589 4595 2766 4644; x_wconf 89' lang='lat' dir='ltr'><strong>tamen</strong></span> <span class='ocrx_word' id='word_1_811' title='bbox 2796 4590 3064 4658; x_wconf 89' lang='lat' dir='ltr'><strong>omnibus,</strong></span> <span class='ocrx_word' id='word_1_812' title='bbox 3113 4603 3219 4648; x_wconf 89' lang='lat' dir='ltr'><strong>tam</strong></span> <span class='ocrx_word' id='word_1_813' title='bbox 3259 4595 3344 4652; x_wconf 87' lang='lat' dir='ltr'><strong>his</strong></span> <span class='ocrx_word' id='word_1_814' title='bbox 3370 4613 3528 4669; x_wconf 89' lang='lat' dir='ltr'><strong>quam</strong></span> <span class='ocrx_word' id='word_1_815' title='bbox 3560 4603 3668 4658; x_wconf 88' lang='lat' dir='ltr'><strong>illis</strong></span> 
     </span>
    </p>
   </div>
   <div class='ocr_carea' id='block_1_107' title="bbox 2085 4679 3669 4751">
    <p class='ocr_par' dir='ltr' id='par_1_107' title="bbox 2085 4679 3669 4751">
     <span class='ocr_line' id='line_1_107' title="bbox 2085 4679 3669 4751; baseline 0.009 -16"><span class='ocrx_word' id='word_1_816' title='bbox 2085 4679 2381 4737; x_wconf 85' lang='lat' dir='ltr'><strong>remedium</strong></span> <span class='ocrx_word' id='word_1_817' title='bbox 2413 4688 2760 4750; x_wconf 89' lang='lat' dir='ltr'><strong>proponetur.</strong></span> <span class='ocrx_word' id='word_1_818' title='bbox 2808 4679 2944 4734; x_wconf 89' lang='lat' dir='ltr'><strong>Nam</strong></span> <span class='ocrx_word' id='word_1_819' title='bbox 2982 4690 3040 4737; x_wconf 93' lang='lat' dir='ltr'><strong>et</strong></span> <span class='ocrx_word' id='word_1_820' title='bbox 3083 4682 3175 4739; x_wconf 88' lang='lat' dir='ltr'><strong>ille</strong></span> <span class='ocrx_word' id='word_1_821' title='bbox 3209 4701 3365 4743; x_wconf 88' lang='lat' dir='ltr'><strong>amor</strong></span> <span class='ocrx_word' id='word_1_822' title='bbox 3403 4690 3669 4751; x_wconf 85' lang='lat' dir='ltr'><strong>absurdus</strong></span> 
     </span>
    </p>
   </div>
   <div class='ocr_carea' id='block_1_108' title="bbox 2084 4769 3669 4842">
    <p class='ocr_par' dir='ltr' id='par_1_108' title="bbox 2084 4769 3669 4842">
     <span class='ocr_line' id='line_1_108' title="bbox 2084 4769 3669 4842; baseline 0.009 -15"><span class='ocrx_word' id='word_1_823' title='bbox 2084 4781 2188 4838; x_wconf 91' lang='lat' dir='ltr'><strong>est,</strong></span> <span class='ocrx_word' id='word_1_824' title='bbox 2215 4781 2270 4826; x_wconf 89' lang='lat' dir='ltr'><strong>et</strong></span> <span class='ocrx_word' id='word_1_825' title='bbox 2295 4769 2382 4826; x_wconf 92' lang='lat' dir='ltr'><strong>hic</strong></span> <span class='ocrx_word' id='word_1_826' title='bbox 2419 4785 2665 4842; x_wconf 89' lang='lat' dir='ltr'><strong>quoque;</strong></span> <span class='ocrx_word' id='word_1_827' title='bbox 2697 4786 2882 4827; x_wconf 91' lang='lat' dir='ltr'><strong>verum</strong></span> <span class='ocrx_word' id='word_1_828' title='bbox 2915 4771 3001 4828; x_wconf 89' lang='lat' dir='ltr'><strong>hic</strong></span> <span class='ocrx_word' id='word_1_829' title='bbox 3039 4773 3136 4830; x_wconf 93' lang='lat' dir='ltr'><strong>illo</strong></span> <span class='ocrx_word' id='word_1_830' title='bbox 3167 4779 3344 4834; x_wconf 91' lang='lat' dir='ltr'><strong>acrior</strong></span> <span class='ocrx_word' id='word_1_831' title='bbox 3370 4790 3453 4837; x_wconf 89' lang='lat' dir='ltr'><strong>est</strong></span> <span class='ocrx_word' id='word_1_832' title='bbox 3487 4798 3552 4840; x_wconf 86' lang='lat' dir='ltr'><strong>ac</strong></span> <span class='ocrx_word' id='word_1_833' title='bbox 3577 4800 3669 4840; x_wconf 84' lang='lat' dir='ltr'><strong>ve-</strong></span> 
     </span>
    </p>
   </div>
   <div class='ocr_carea' id='block_1_109' title="bbox 2086 4863 3665 4947">
    <p class='ocr_par' dir='ltr' id='par_1_109' title="bbox 2086 4863 3665 4947">
     <span class='ocr_line' id='line_1_109' title="bbox 2086 4863 3665 4947; baseline 0.009 -30"><span class='ocrx_word' id='word_1_834' title='bbox 2086 4863 2404 4919; x_wconf 89' lang='lat' dir='ltr'><strong>hementior.</strong></span> <span class='ocrx_word' id='word_1_835' title='bbox 2427 4863 2788 4929; x_wconf 86' lang='lat' dir='ltr'><strong>Quamobrem</strong></span> <span class='ocrx_word' id='word_1_836' title='bbox 2820 4864 2861 4918; x_wconf 86' lang='lat' dir='ltr'><strong>si</strong></span> <span class='ocrx_word' id='word_1_837' title='bbox 2898 4865 3155 4936; x_wconf 89' lang='lat' dir='ltr'><strong>majorem</strong></span> <span class='ocrx_word' id='word_1_838' title='bbox 3189 4876 3623 4940; x_wconf 88' lang='lat' dir='ltr'><strong>superaverimus</strong></span> <span class='ocrx_word' id='word_1_839' title='bbox 3647 4920 3665 4947; x_wconf 90' lang='lat'><strong>,</strong></span> 
     </span>
    </p>
   </div>
   <div class='ocr_carea' id='block_1_110' title="bbox 2085 4955 3666 5031">
    <p class='ocr_par' dir='ltr' id='par_1_110' title="bbox 2085 4955 3666 5031">
     <span class='ocr_line' id='line_1_110' title="bbox 2085 4955 3666 5031; baseline 0.008 -21"><span class='ocrx_word' id='word_1_840' title='bbox 2085 4972 2192 5011; x_wconf 91' lang='lat' dir='ltr'><strong>non</strong></span> <span class='ocrx_word' id='word_1_841' title='bbox 2219 4966 2302 5010; x_wconf 91' lang='lat' dir='ltr'><strong>est</strong></span> <span class='ocrx_word' id='word_1_842' title='bbox 2330 4955 2548 5010; x_wconf 89' lang='lat' dir='ltr'><strong>dubium</strong></span> <span class='ocrx_word' id='word_1_843' title='bbox 2573 4955 2702 5025; x_wconf 91' lang='lat' dir='ltr'><strong>quin</strong></span> <span class='ocrx_word' id='word_1_844' title='bbox 2746 4956 3007 5012; x_wconf 89' lang='lat' dir='ltr'><strong>minorem</strong></span> <span class='ocrx_word' id='word_1_845' title='bbox 3041 4975 3254 5031; x_wconf 88' lang='lat' dir='ltr'><strong>quoque</strong></span> <span class='ocrx_word' id='word_1_846' title='bbox 3292 4963 3448 5021; x_wconf 86' lang='lat' dir='ltr'><strong>facile</strong></span> <span class='ocrx_word' id='word_1_847' title='bbox 3485 4969 3666 5022; x_wconf 89' lang='lat' dir='ltr'><strong>vinca-</strong></span> 
     </span>
    </p>
   </div>
   <div class='ocr_carea' id='block_1_111' title="bbox 2087 5047 3666 5126">
    <p class='ocr_par' dir='ltr' id='par_1_111' title="bbox 2087 5047 3666 5126">
     <span class='ocr_line' id='line_1_111' title="bbox 2087 5047 3666 5126; baseline 0.008 -22"><span class='ocrx_word' id='word_1_848' title='bbox 2087 5064 2227 5104; x_wconf 88' lang='lat' dir='ltr'><strong>mus.</strong></span> <span class='ocrx_word' id='word_1_849' title='bbox 2271 5047 2360 5112; x_wconf 86' lang='lat' dir='ltr'><strong>At,</strong></span> <span class='ocrx_word' id='word_1_850' title='bbox 2391 5047 2619 5117; x_wconf 89' lang='lat' dir='ltr'><strong>inquies,</strong></span> <span class='ocrx_word' id='word_1_851' title='bbox 2656 5048 2700 5102; x_wconf 91' lang='lat' dir='ltr'><strong>si</strong></span> <span class='ocrx_word' id='word_1_852' title='bbox 2727 5049 2901 5104; x_wconf 88' lang='lat' dir='ltr'><strong>acrior</strong></span> <span class='ocrx_word' id='word_1_853' title='bbox 2941 5050 3026 5105; x_wconf 93' lang='lat' dir='ltr'><strong>hic</strong></span> <span class='ocrx_word' id='word_1_854' title='bbox 3058 5068 3210 5106; x_wconf 92' lang='lat' dir='ltr'><strong>amor</strong></span> <span class='ocrx_word' id='word_1_855' title='bbox 3234 5065 3337 5118; x_wconf 89' lang='lat' dir='ltr'><strong>est,</strong></span> <span class='ocrx_word' id='word_1_856' title='bbox 3370 5059 3459 5126; x_wconf 91' lang='lat' dir='ltr'><strong>qui</strong></span> <span class='ocrx_word' id='word_1_857' title='bbox 3500 5059 3577 5126; x_wconf 79' lang='lat' dir='ltr'><strong>fit,</strong></span> <span class='ocrx_word' id='word_1_858' title='bbox 3611 5072 3666 5118; x_wconf 85' lang='lat' dir='ltr'><strong>ut</strong></span> 
     </span>
    </p>
   </div>
   <div class='ocr_carea' id='block_1_112' title="bbox 2087 5138 3665 5215">
    <p class='ocr_par' dir='ltr' id='par_1_112' title="bbox 2087 5138 3665 5215">
     <span class='ocr_line' id='line_1_112' title="bbox 2087 5138 3665 5215; baseline 0.006 -20"><span class='ocrx_word' id='word_1_859' title='bbox 2087 5155 2194 5195; x_wconf 89' lang='lat' dir='ltr'><strong>non</strong></span> <span class='ocrx_word' id='word_1_860' title='bbox 2222 5154 2410 5194; x_wconf 91' lang='lat' dir='ltr'><strong>omnes</strong></span> <span class='ocrx_word' id='word_1_861' title='bbox 2439 5138 2541 5193; x_wconf 89' lang='lat' dir='ltr'><strong>hoc</strong></span> <span class='ocrx_word' id='word_1_862' title='bbox 2565 5139 2707 5194; x_wconf 90' lang='lat' dir='ltr'><strong>malo</strong></span> <span class='ocrx_word' id='word_1_863' title='bbox 2731 5141 3112 5210; x_wconf 87' lang='lat' dir='ltr'><strong>corripiantur,</strong></span> <span class='ocrx_word' id='word_1_864' title='bbox 3148 5145 3241 5199; x_wconf 92' lang='lat' dir='ltr'><strong>sed</strong></span> <span class='ocrx_word' id='word_1_865' title='bbox 3287 5147 3466 5215; x_wconf 89' lang='lat' dir='ltr'><strong>plures</strong></span> <span class='ocrx_word' id='word_1_866' title='bbox 3492 5151 3558 5206; x_wconf 90' lang='lat' dir='ltr'><strong>ad</strong></span> <span class='ocrx_word' id='word_1_867' title='bbox 3586 5155 3665 5206; x_wconf 87' lang='lat' dir='ltr'><strong>in-</strong></span> 
     </span>
    </p>
   </div>
   <div class='ocr_carea' id='block_1_113' title="bbox 2088 5229 3664 5311">
    <p class='ocr_par' dir='ltr' id='par_1_113' title="bbox 2088 5229 3664 5311">
     <span class='ocr_line' id='line_1_113' title="bbox 2088 5229 3664 5311; baseline 0.008 -26"><span class='ocrx_word' id='word_1_868' title='bbox 2088 5231 2291 5285; x_wconf 87' lang='lat' dir='ltr'><strong>saniam</strong></span> <span class='ocrx_word' id='word_1_869' title='bbox 2323 5244 2490 5300; x_wconf 88' lang='lat' dir='ltr'><strong>usque</strong></span> <span class='ocrx_word' id='word_1_870' title='bbox 2515 5229 2768 5299; x_wconf 88' lang='lat' dir='ltr'><strong>pecunias</strong></span> <span class='ocrx_word' id='word_1_871' title='bbox 2784 5233 3008 5285; x_wconf 88' lang='lat' dir='ltr'><strong>ament?</strong></span> <span class='ocrx_word' id='word_1_872' title='bbox 3029 5233 3262 5288; x_wconf 87' lang='lat' dir='ltr'><strong>Primum</strong></span> <span class='ocrx_word' id='word_1_873' title='bbox 3291 5240 3410 5306; x_wconf 88' lang='lat' dir='ltr'><strong>quia</strong></span> <span class='ocrx_word' id='word_1_874' title='bbox 3432 5243 3664 5311; x_wconf 79' lang='lat' dir='ltr'><strong>pericula</strong></span> 
     </span>
    </p>
   </div>
   <div class='ocr_carea' id='block_1_114' title="bbox 2089 5320 3670 5398">
    <p class='ocr_par' dir='ltr' id='par_1_114' title="bbox 2089 5320 3670 5398">
     <span class='ocr_line' id='line_1_114' title="bbox 2089 5320 3670 5398; baseline 0.007 -23"><span class='ocrx_word' id='word_1_875' title='bbox 2089 5336 2274 5376; x_wconf 89' lang='lat' dir='ltr'><strong>carere</strong></span> <span class='ocrx_word' id='word_1_876' title='bbox 2299 5321 2510 5374; x_wconf 89' lang='lat' dir='ltr'><strong>videtur</strong></span> <span class='ocrx_word' id='word_1_877' title='bbox 2541 5320 2655 5374; x_wconf 73' lang='lat' dir='ltr'><strong>tunc</strong></span> <span class='ocrx_word' id='word_1_878' title='bbox 2693 5321 2991 5391; x_wconf 86' lang='lat' dir='ltr'><strong>cupiditas;</strong></span> <span class='ocrx_word' id='word_1_879' title='bbox 3032 5323 3227 5380; x_wconf 90' lang='lat' dir='ltr'><strong>deinde</strong></span> <span class='ocrx_word' id='word_1_880' title='bbox 3261 5333 3536 5398; x_wconf 88' lang='lat' dir='ltr'><strong>quoniam,</strong></span> <span class='ocrx_word' id='word_1_881' title='bbox 3569 5335 3670 5386; x_wconf 70' lang='lat' dir='ltr'><strong>etsi</strong></span> 
     </span>
    </p>
   </div>
   <div class='ocr_carea' id='block_1_115' title="bbox 2090 5410 3669 5482">
    <p class='ocr_par' dir='ltr' id='par_1_115' title="bbox 2090 5410 3669 5482">
     <span class='ocr_line' id='line_1_115' title="bbox 2090 5410 3669 5482; baseline 0.004 -14"><span class='ocrx_word' id='word_1_882' title='bbox 2090 5427 2381 5482; x_wconf 87' lang='lat' dir='ltr'><strong>corporum</strong></span> <span class='ocrx_word' id='word_1_883' title='bbox 2402 5410 2666 5482; x_wconf 76' lang='lat' dir='ltr'><strong>cupiditas</strong></span> <span class='ocrx_word' id='word_1_884' title='bbox 2705 5413 2882 5468; x_wconf 88' lang='lat' dir='ltr'><strong>acrior</strong></span> <span class='ocrx_word' id='word_1_885' title='bbox 2907 5425 3013 5481; x_wconf 90' lang='lat' dir='ltr'><strong>est,</strong></span> <span class='ocrx_word' id='word_1_886' title='bbox 3057 5425 3236 5473; x_wconf 91' lang='lat' dir='ltr'><strong>tamen</strong></span> <span class='ocrx_word' id='word_1_887' title='bbox 3270 5421 3430 5477; x_wconf 89' lang='lat' dir='ltr'><strong>citius</strong></span> <span class='ocrx_word' id='word_1_888' title='bbox 3464 5423 3669 5476; x_wconf 79' lang='lat' dir='ltr'><strong>exstin-</strong></span> 
     </span>
    </p>
   </div>
   <div class='ocr_carea' id='block_1_116' title="bbox 2091 5504 3670 5581">
    <p class='ocr_par' dir='ltr' id='par_1_116' title="bbox 2091 5504 3670 5581">
     <span class='ocr_line' id='line_1_116' title="bbox 2091 5504 3670 5581; baseline 0.003 -21"><span class='ocrx_word' id='word_1_889' title='bbox 2091 5505 2289 5576; x_wconf 85' lang='lat' dir='ltr'><strong>guitur.</strong></span> <span class='ocrx_word' id='word_1_890' title='bbox 2336 5504 2467 5560; x_wconf 73' lang='lat' dir='ltr'><strong>Nam</strong></span> <span class='ocrx_word' id='word_1_891' title='bbox 2503 5505 2547 5559; x_wconf 91' lang='lat' dir='ltr'><strong>si</strong></span> <span class='ocrx_word' id='word_1_892' title='bbox 2590 5516 2870 5575; x_wconf 88' lang='lat' dir='ltr'><strong>perstaret.</strong></span> <span class='ocrx_word' id='word_1_893' title='bbox 2914 5518 2970 5561; x_wconf 91' lang='lat' dir='ltr'><strong>ut</strong></span> <span class='ocrx_word' id='word_1_894' title='bbox 2998 5512 3344 5580; x_wconf 88' lang='lat' dir='ltr'><strong>pecuniarum</strong></span> <span class='ocrx_word' id='word_1_895' title='bbox 3386 5511 3670 5581; x_wconf 83' lang='lat' dir='ltr'><strong>cupiditas,</strong></span> 
     </span>
    </p>
   </div>
   <div class='ocr_carea' id='block_1_117' title="bbox 2093 5599 3667 5672">
    <p class='ocr_par' dir='ltr' id='par_1_117' title="bbox 2093 5599 3667 5672">
     <span class='ocr_line' id='line_1_117' title="bbox 2093 5599 3667 5672; baseline -0.001 -18"><span class='ocrx_word' id='word_1_896' title='bbox 2093 5615 2213 5656; x_wconf 92' lang='lat' dir='ltr'><strong>eum</strong></span> <span class='ocrx_word' id='word_1_897' title='bbox 2240 5599 2329 5669; x_wconf 92' lang='lat' dir='ltr'><strong>qui</strong></span> <span class='ocrx_word' id='word_1_898' title='bbox 2361 5608 2548 5669; x_wconf 86' lang='lat' dir='ltr'><strong>captus</strong></span> <span class='ocrx_word' id='word_1_899' title='bbox 2575 5611 2716 5654; x_wconf 89' lang='lat' dir='ltr'><strong>esset</strong></span> <span class='ocrx_word' id='word_1_900' title='bbox 2753 5599 2992 5656; x_wconf 86' lang='lat' dir='ltr'><strong>funditus</strong></span> <span class='ocrx_word' id='word_1_901' title='bbox 3034 5603 3300 5670; x_wconf 80' lang='lat' dir='ltr'><strong>perderet.</strong></span> <span class='ocrx_word' id='word_1_902' title='bbox 3339 5603 3451 5672; x_wconf 78' lang='lat' dir='ltr'><strong>Age</strong></span> <span class='ocrx_word' id='word_1_903' title='bbox 3488 5602 3667 5668; x_wconf 84' lang='lat' dir='ltr'><strong>igitur,</strong></span> 
     </span>
    </p>
   </div>
   <div class='ocr_carea' id='block_1_118' title="bbox 2098 5687 3673 5760">
    <p class='ocr_par' dir='ltr' id='par_1_118' title="bbox 2098 5687 3673 5760">
     <span class='ocr_line' id='line_1_118' title="bbox 2098 5687 3673 5760; baseline -0.002 -15"><span class='ocrx_word' id='word_1_904' title='bbox 2098 5691 2165 5746; x_wconf 91' lang='lat' dir='ltr'><strong>dc</strong></span> <span class='ocrx_word' id='word_1_905' title='bbox 2192 5691 2294 5745; x_wconf 87' lang='lat' dir='ltr'><strong>hoc</strong></span> <span class='ocrx_word' id='word_1_906' title='bbox 2322 5705 2604 5760; x_wconf 89' lang='lat' dir='ltr'><strong>corporum</strong></span> <span class='ocrx_word' id='word_1_907' title='bbox 2629 5707 2812 5746; x_wconf 86' lang='lat' dir='ltr'><strong>amore</strong></span> <span class='ocrx_word' id='word_1_908' title='bbox 2832 5692 2898 5746; x_wconf 87' lang='lat' dir='ltr'><strong>ad</strong></span> <span class='ocrx_word' id='word_1_909' title='bbox 2923 5708 3015 5746; x_wconf 92' lang='lat' dir='ltr'><strong>vos</strong></span> <span class='ocrx_word' id='word_1_910' title='bbox 3040 5693 3384 5754; x_wconf 87' lang='lat' dir='ltr'><strong>disseramus,</strong></span> <span class='ocrx_word' id='word_1_911' title='bbox 3406 5705 3467 5743; x_wconf 90' lang='lat' dir='ltr'><strong>ac</strong></span> <span class='ocrx_word' id='word_1_912' title='bbox 3491 5687 3673 5742; x_wconf 71' lang='lat' dir='ltr'><strong>vidua-</strong></span> 
     </span>
    </p>
   </div>
  </div>
