4070 6152
427 286 536 348 451

435 422 558 464 mus
586 403 852 460 undenam
896 401 1279 455 incrementum
1307 401 1484 448 sumat
1526 393 1629 446 hoc
1671 391 1909 444 malum:
1939 387 2016 443 sic

436 499 578 552 enim
631 502 969 566 perspectqu
1020 488 1356 550 habebimus,
1410 494 1590 539 utrum
1631 481 1790 551 culpa
1837 491 2020 534 nostra

436 588 801 646 contrahatur,
839 595 1007 637 necne
1040 601 1054 636 :
1083 594 1165 642 ac,
1196 578 1241 632 si
1271 577 1426 645 culpa
1455 581 1636 628 nostra
1659 570 2018 635 contrahitur,

435 678 566 733 nihil
597 693 700 730 non
746 674 1024 736 faciamus,
1057 686 1166 740 quo
1187 668 1493 738 superiores
1522 679 1588 718 eo
1626 664 1830 726 simus;
1858 661 1900 714 si
1929 674 2022 712 au-

436 777 541 822 tem
569 775 718 820 extra
745 763 955 832 culpam
992 776 1199 825 sumus,
1227 757 1356 828 quid
1388 755 1582 809 frustra
1619 753 1869 821 nosipsos
1908 764 2022 803 ma-

433 857 715 913 ceremus?
744 855 871 924 quid
898 855 1024 908 item
1055 853 1140 918 iis,
1179 849 1268 920 qui
1298 863 1364 902 eo
1392 847 1699 915 capiuntur,
1734 857 1840 896 non
1871 840 2022 910 igno-

434 950 634 1004 scimus
683 948 892 1018 potius,
950 959 1110 1014 quam
1177 938 1602 996 succensemus?
1654 935 1808 992 Unde
1863 934 2022 1002 igitur

435 1042 672 1096 nascitur
719 1039 806 1092 hic
850 1036 1044 1090 amor?
1089 1035 1172 1088 Ab
1215 1032 1478 1102 elegantia
1531 1029 1738 1091 formze,
1789 1027 2020 1094 inquies.

433 1146 553 1185 cum
582 1129 790 1184 scilicet
817 1128 1034 1196 pulchra
1063 1134 1118 1178 et
1150 1132 1372 1178 venusta
1393 1137 1454 1175 ea
1477 1121 1655 1183 fuerit,
1687 1133 1804 1186 qme
1826 1116 2023 1170 vulnus

436 1223 599 1277 infert
638 1221 858 1275 Frustra
872 1227 929 1273 et
951 1229 1154 1271 temere
1177 1219 1290 1268 hare
1306 1214 1458 1268 dicis.
1476 1211 1603 1264 Nam
1631 1211 1675 1263 si
1707 1210 1889 1264 format
1913 1207 2023 1276 pul-

437 1313 685 1367 chritudo
711 1321 978 1364 amatores
998 1309 1255 1368 alliceret,
1287 1319 1475 1360 omnes
1502 1303 1724 1357 haberet
1753 1307 2020 1354 amatores

436 1405 553 1460 h:cc
583 1405 752 1475 puella
781 1421 797 1454 :
829 1402 968 1471 quod
997 1402 1041 1455 si
1079 1415 1181 1453 non
1223 1412 1411 1452 omnes
1443 1396 1623 1459 habet,
1655 1390 1881 1461 proinde
1918 1404 2019 1444 nec

435 1507 641 1551 natura'
668 1511 764 1549 nec
793 1494 1018 1562 eleganti
1043 1492 1246 1552 formae,
1271 1489 1364 1544 sed
1389 1486 1669 1556 impudicis
1689 1485 1858 1538 oculis
1879 1481 2019 1536 Istud

435 1585 846 1642 adscribendum
875 1591 974 1639 est.
1006 1581 1137 1636 Nam
1163 1595 1285 1636 cum
1309 1594 1427 1632 eam
1453 1580 1668 1632 curiose
1689 1576 1905 1629 intuens
1931 1588 2024 1626 su-

435 1677 698 1748 spexeris,
739 1685 897 1745 atque
931 1673 1219 1737 adamaris,
1249 1671 1410 1725 telum
1438 1668 1718 1738 excepisti.
1761 1666 2017 1733 Quisnam

433 1783 634 1835 autem,
667 1768 894 1837 inquies,
920 1765 1096 1819 facere
1125 1765 1311 1832 possit,
1345 1769 1402 1814 ut
1429 1761 1704 1829 pulchram
1737 1758 2017 1812 mulierem

432 1876 682 1925 cernens,
731 1873 835 1911 non
864 1871 982 1911 eam
1026 1853 1234 1908 laudet?
1264 1853 1380 1920 Quo
1421 1852 1498 1917 fit,
1535 1859 1594 1904 ut
1630 1864 1754 1903 cum
1790 1862 1878 1903 res
1920 1847 2021 1901 hu-

431 1950 664 2021 jusmodi
717 1948 923 2012 mirari,
964 1944 1256 1999 voluntatis
1306 1951 1504 1997 nostrae
1553 1940 1774 1995 minime
1817 1939 1910 2003 sit,
1951 1951 2019 1991 ne

434 2059 585 2098 amor
611 2043 824 2113 quidem
867 2040 920 2094 in
951 2049 1140 2093 nostro
1179 2036 1401 2091 arbitrio
1431 2034 1568 2088 situs
1597 2033 1688 2087 sit.
1719 2031 1954 2095 Absiste,
1985 2044 2020 2083 ο

431 2136 630 2190 homo!
675 2133 813 2200 Quid
843 2132 1022 2186 omnia
1049 2130 1206 2182 simul
1244 2125 1544 2190 confundis,
1575 2123 1812 2193 undique
1839 2123 1892 2176 in
1925 2136 2021 2175 or-

431 2229 554 2283 bem
577 2240 889 2288 excurrens,
917 2238 1017 2278 nec
1043 2221 1168 2275 mali
1195 2219 1429 2273 radicem
1460 2215 1766 2286 perspicere
1792 2214 2018 2267 volens?

433 2319 694 2389 siquidem
745 2317 1032 2386 plerosque
1070 2311 1246 2374 video,
1295 2309 1385 2378 qui
1427 2308 1652 2360 formam
1685 2303 2022 2358 admirentur

433 2425 498 2465 ac
525 2409 771 2464 laudibus
818 2407 1064 2469 cll'eraut,
1098 2419 1198 2457 nec
1226 2413 1402 2456 tamen
1442 2407 1644 2455 ament.
1689 2399 1755 2453 Et
1781 2399 1871 2467 qui
1902 2398 2028 2452 fieri

434 2514 631 2574 poteSt,
664 2501 860 2570 inquis,
893 2498 1057 2568 utqui
1091 2497 1371 2554 mirantur.
1406 2508 1510 2547 non
1541 2493 1667 2546 item
1703 2491 1918 2544 ament?
1940 2488 2018 2544 Ne

433 2594 784 2654 tumultuare,
814 2604 1027 2660 quasso;
1076 2587 1176 2641 hoc
1203 2586 1344 2640 enim
1383 2583 1561 2638 dicere
1600 2597 1768 2652 paro;
1798 2580 1893 2636 sed
1923 2596 2019 2635 ex-

432 2691 640 2755 specta,
669 2691 722 2736 et
750 2680 934 2734 audies
975 2678 1198 2740 Mosem,
1245 2675 1409 2729 filium
1450 2673 1616 2728 .Iacob
1638 2673 2013 2737 admirantem,

431 2792 495 2829 ac
522 2776 786 2828 dicentem
814 2789 827 2824 :
858 2769 924 2824 Et
947 2777 1052 2822 erat
1080 2768 1275 2836 Joseph
1302 2765 1516 2836 pulchra
1537 2765 1689 2834 facie,
1728 2773 1776 2816 et
1809 2772 2018 2832 aspectu

433 2866 647 2919 decorus
674 2864 820 2916 valde
848 2859 999 2928 (Gen.
1040 2858 1129 2914 59.
1171 2858 1249 2927 6).
1287 2856 1425 2911 Num
1457 2856 1615 2925 igitur
1655 2866 1936 2924 propterea
1969 2853 2014 2910 is

430 2957 663 3022 amabat,
686 2956 773 3022 qui
797 2952 911 3006 ιιιεε
931 2949 1172 3004 dicebat?
1197 2948 1430 3003 Minime.
1455 2946 1568 3002 Non
1592 2947 1757 3012 enim,
1783 2946 2012 3015 inquies,

430 3062 554 3102 eum
605 3059 762 3114 quem
819 3042 1066 3096 laudabat
1119 3041 1390 3093 cernebat.
1437 3039 1595 3108 Atqui
1641 3053 1768 3107 erga
1807 3037 2015 3091 auditas

430 3151 642 3209 quoque
669 3137 866 3187 formas
895 3134 964 3186 ita
995 3128 1389 3200 quodammodo
1413 3127 1698 3193 aflicimur,
1729 3142 1834 3181 non
1856 3127 2015 3181 modo

430 3243 555 3296 erga
587 3235 921 3294 couSpectas.
963 3222 1158 3277 Verum
1189 3236 1255 3276 ne
1293 3219 1424 3274 mihi
1465 3220 1518 3274 in
1563 3218 1646 3274 his
1691 3218 1852 3273 rebus
1880 3234 2013 3274 con-

431 3320 722 3373 tentionem
748 3328 961 3369 moveas
989 3333 1005 3377 ;
1036 3328 1214 3367 annon
1240 3311 1402 3366 David
1428 3311 1716 3366 admodum
1746 3311 2014 3366 formosus

429 3421 566 3473 erat,
597 3425 661 3465 ac
691 3407 941 3464 subrufus
967 3421 1087 3461 cum
1120 3407 1396 3460 oculorum
1427 3403 1866 3473 pulchritudine?
1895 3420 2014 3473 qua:

429 3475 704 3559 oculorum
743 3500 1004 3570 elegantia
1043 3499 1274 3552 maxime
1317 3497 1551 3550 violenta
1595 3495 2014 3565 pulchritudinis

428 3612 554 3667 pars
598 3603 697 3649 est.
744 3592 878 3647 Num
921 3591 1078 3660 igitur
1117 3589 1381 3659 quispiam
1411 3587 1579 3658 ipsius
1609 3601 1797 3641 amore
1825 3594 2014 3654 captus

428 3689 551 3744 est?
581 3687 796 3741 Minime
823 3703 836 3738 :
864 3699 970 3738 non
997 3685 1152 3752 igitur
1180 3697 1284 3735 una
1314 3696 1434 3734 cum
1474 3680 1825 3734 admiratione
1861 3696 2015 3735 amor

429 3779 588 3834 etiam
618 3777 871 3830 nascitur.
907 3772 1039 3827 Nam
1079 3781 1132 3825 ct
1161 3782 1356 3825 matres
1386 3772 1539 3825 multi
1565 3771 1869 3825 habuerunt
1893 3787 2016 3826 eor-

431 3871 575 3939 poris
615 3863 1006 3935 pulchritudine
1039 3861 1441 3915 ﬂorentissimas
1483 3879 1497 3914 :
1539 3878 1666 3915 num
1715 3863 1875 3931 igitur
1919 3864 2011 3918 filii

429 3972 615 4013 earum
645 3970 826 4008 amore
855 3953 1053 4006 incensi
1085 3952 1238 4005 sunt?
1279 3951 1430 4005 Absit
1475 3951 1636 4005 istud.
1679 3953 2010 4022 Quamquam

429 4052 572 4106 enim
612 4047 661 4101 id
689 4045 829 4116 quod
870 4053 1098 4098 cernunt
1135 4043 1485 4105 admirentur,
1520 4030 1697 4096 tamen
1729 4044 1782 4097 in
1810 4044 2011 4099 ftedum

428 4155 668 4196 amorem
707 4152 811 4192 non
842 4135 1098 4190 incidunt.
1127 4136 1215 4199 At,
1243 4149 1452 4187 rursum
1488 4133 1718 4211 inquies,
1753 4136 1855 4191 hoc
1882 4137 2011 4206 ipsis

428 4244 614 4288 natura
660 4236 895 4301 pratstat.
937 4226 1342 4292 Quaanam,oro,
1359 4226 1592 4279 natura?
1627 4225 1762 4294 Quia
1813 4238 2010 4284 matres

427 4337 571 4393 sunt,
609 4324 836 4394 inquies.
880 4321 1070 4376 Annon
1102 4317 1256 4372 audis
1300 4316 1491 4372 Persas
1523 4319 1738 4374 nemine
1761 4329 2007 4388 cogente,

425 4433 546 4473 cum
589 4415 844 4470 matribus
870 4411 981 4467 suis
1019 4409 1255 4474 misceri,
1294 4423 1576 4464 ncc‘unum
1608 4419 1698 4463 aut
1724 4409 1880 4478 duos,
1914 4411 2010 4467 sed

424 4513 727 4565 universam
755 4504 1008 4577 gentem?
1032 4503 1170 4570 Quin
1191 4502 1323 4556 citra
1353 4501 1467 4555 haec
1495 4503 1698 4572 liquido
1725 4504 1851 4558 hinc
1878 4519 1998 4560 con<

424 4611 530 4657 stat
565 4601 811 4654 morbum
839 4598 979 4650 hunc
1004 4611 1110 4649 non
1139 4596 1382 4664 corporis
1405 4593 1706 4664 elegantiae,
1748 4611 1848 4650 nec
1875 4598 2008 4651 sim-

425 4693 634 4764 pliciter
661 4688 1041 4762 pulchritudini
1071 4685 1480 4742 adscribendum
1526 4702 1670 4752 esse,
1708 4689 1804 4744 sed
1840 4692 2007 4748 animi

425 4782 686 4841 socordia}
731 4791 890 4850 atque
935 4779 1282 4835 oberrationi.
1332 4780 1585 4836 Permulti
1625 4783 1849 4850 etenim,
1887 4799 2006 4841 cum

424 4877 730 4932 innumeras
770 4871 1041 4943 praestanti
1085 4870 1254 4925 forma
1299 4873 1552 4927 mulieres
1589 4875 2003 4944 prazteriissent,

422 4965 749 5023 deformibus
787 4977 908 5019 sese
937 4961 1238 5016 dederunt:
1267 4978 1333 5016 ex
1376 4979 1482 5032 quo
1516 4965 1858 5033 perSpicuum
1897 4977 2001 5032 est,

421 5075 657 5116 amorem
687 5073 716 5112 a
753 5056 938 5111 forma:
978 5062 1254 5108 venustate
1295 5055 1518 5111 minime
1544 5056 1836 5128 proficisci.
1871 5058 2003 5114 Nam

422 5156 468 5210 si
497 5155 566 5208 ita
596 5160 758 5217 esset,
781 5152 836 5216 ii,
867 5151 956 5220 qui
982 5149 1034 5205 in
1059 5161 1297 5203 amorem
1325 5147 1648 5215 inciderunt,
1672 5151 1740 5208 ab
1773 5151 1878 5206 illis
1905 5168 2005 5222 po-

425 5245 530 5300 tius
561 5257 717 5313 quam
747 5243 814 5297 ab
857 5243 973 5296 istis
1000 5239 1140 5309 capti
1179 5239 1424 5296 fuissent.
1455 5240 1718 5308 Quidnam
1753 5243 1913 5314 igitur
1951 5245 2004 5300 in

421 5350 581 5392 causa
602 5332 973 5401 est?inquies;
1012 5347 1134 5385 nam
1168 5332 1211 5384 si
1243 5331 1429 5386 forma:
1458 5332 1713 5388 honestas
1742 5350 1846 5388 non
1879 5336 2006 5390 facit

421 5438 481 5482 ut
507 5426 768 5497 quispiam
792 5431 956 5487 amet,
989 5423 1128 5476 unde
1155 5423 1312 5491 igitur
1341 5438 1493 5477 amor
1521 5439 1737 5479 causam
1764 5440 1827 5479 ac
1854 5427 1997 5480 radi-

419 5535 538 5576 cem
569 5515 763 5572 habet?
784 5531 851 5570 an
882 5531 910 5568 a
942 5514 1083 5570 malo
1103 5513 1382 5568 daemone?
1410 5513 1581 5570 [labet
1618 5531 1830 5586 quoque
1857 5517 2004 5573 illinc

422 5621 618 5677 ortum,
643 5608 740 5664 sed
763 5624 868 5663 non
891 5605 993 5662 hoc
1013 5614 1096 5662 est
1122 5605 1265 5676 quod
1285 5605 1544 5674 quaeritur
1569 5621 1585 5670 ;
1609 5623 1793 5662 verum
1823 5623 2000 5664 annon

420 5707 516 5780 ipsi
544 5719 753 5779 quoque
778 5702 830 5760 in
847 5717 1004 5761 causa
1036 5701 1223 5757 simus.
1247 5698 1430 5770 Neque
1449 5700 1591 5756 enim
1611 5701 1822 5758 illorum
1844 5703 2002 5760 dum-

1163 282 1221 340 S.
1252 277 1528 336 JOANNIS
1556 269 2038 331 CHRYSOSTOMI
2075 267 2397 326 ARCIIIEP.
2439 270 2979 331 CONSTANTINOP.

3608 279 3717 336 452

2131 396 2277 444 taxat
2312 399 2436 446 sunt
2479 391 2706 456 insidize,
2752 395 2845 448 sed
2889 408 3010 450 cum
3042 392 3149 450 illis
3194 408 3223 448 a
3265 393 3420 451 nobis
3458 396 3715 467 primum.

2127 478 2242 534 Non
2275 481 2490 537 aliunde
2516 483 2848 552 perniciosus
2868 485 2956 540 hic
2984 485 3204 540 morbus
3228 503 3380 556 aeque
3401 499 3578 544 ortum
3607 501 3720 548 tra-

2129 569 2228 638 hit,
2259 581 2419 643 atque
2451 589 2483 628 a
2523 576 2911 630 consuetudine
2935 585 2990 631 et
3021 578 3302 632 verborum
3341 578 3633 645 blanditiis,
3661 593 3719 638 et

2128 663 2240 717 otio
2277 678 2340 718 ac
2367 666 2686 731 cessatione,
2718 668 2967 738 quodque
3008 667 3141 723 nihil
3171 668 3312 739 quod
3341 686 3582 739 agamus,
3614 671 3714 728 ha-

2126 752 2370 809 beamus.
3724 810 3734 835 f

2201 847 2252 900 7.
2296 845 2484 903 Modus
2507 849 2883 920 exstinguenda:
2909 851 3238 905 libidinis.—
3261 851 3447 923 Magna
3492 841 3739 928 quippe,t

2128 954 2338 1009 magna,
2390 941 2628 1013 inquam,
2679 945 3081 1000 consuetudinis
3121 945 3199 999 vis
3243 956 3345 1011 est,
3392 957 3550 1018 atque
3580 950 3717 1005 adeo

2128 1038 2294 1096 tanta,
2328 1033 2456 1086 utin
2487 1044 2688 1089 naturae
2709 1037 3082 1089 necessitatem
3113 1037 3324 1106 migret.
3346 1037 3497 1104 Quod
3523 1043 3563 1094 si
3595 1055 3718 1094 con-

2126 1122 2426 1177 suetudinis
2441 1135 2521 1178 est
2545 1124 2679 1179 hanc
2703 1141 3004 1194 procreare,
3035 1143 3137 1181 non
3165 1129 3382 1182 dubium
3402 1131 3528 1199 quin
3552 1132 3714 1186 etiam

2126 1216 2485 1284 exstinguere.
2513 1214 2654 1272 Sane
2684 1218 2834 1272 multi
2862 1228 3102 1274 amantes
3123 1219 3199 1273 sic
3216 1235 3393 1275 amare
3413 1221 3715 1290 desierunt,

2125 1322 2246 1361 cum
2293 1324 2424 1378 quas
2462 1311 2732 1373 amabant,
2775 1327 2879 1365 non
2924 1322 3228 1367 cernerent.
3276 1313 3387 1368 lloc
3428 1325 3603 1369 autem
3643 1315 3714 1372 ad

2126 1395 2287 1451 breve
2314 1398 2529 1469 quidem
2562 1409 2772 1472 tempus
2801 1401 3054 1456 acerbum
3085 1417 3147 1458 ac
3177 1418 3431 1472 perquam
3463 1405 3713 1474 injucun-

2125 1490 2251 1544 dum
2279 1507 2398 1546 esse
2428 1492 2672 1559 videtur;
2710 1505 2766 1550 at
2791 1510 3078 1566 progressu
3109 1497 3363 1562 temporis
3389 1512 3554 1552 snave
3591 1499 3713 1554 effr-

2125 1582 2286 1650 citur,
2331 1597 2394 1637 ac
2442 1599 2510 1638 ne
2555 1585 2598 1638 si
2646 1585 2814 1640 velint
2866 1586 3106 1656 quidem,
3157 1587 3403 1641 morbum
3455 1605 3712 1647 revocare

2125 1683 2344 1743 queant.
2377 1674 2514 1742 Quid
2556 1676 2736 1745 igitur,
2767 1677 2996 1747 inquies,
3029 1693 3151 1732 cum
3196 1679 3328 1732 citra
3368 1683 3714 1736 consuetudi-

2125 1779 2247 1818 nem
2276 1766 2436 1819 ullam
2468 1767 2536 1822 ab
2565 1767 2682 1836 ipso
2710 1767 2882 1836 primo
2926 1777 3145 1837 aspectu
3177 1780 3364 1838 captus
3393 1769 3579 1824 fuero?
3617 1771 3714 1827 liic

2124 1871 2335 1926 quoque
2366 1859 2417 1912 in
2445 1873 2603 1913 causa
2631 1870 2712 1913 est
2742 1859 2987 1928 corporis
3006 1859 3233 1923 desidia,
3258 1871 3347 1913 aut
3369 1860 3594 1926 delicize,
3620 1873 3714 1917 aut

2123 1948 2264 2018 quod
2296 1964 2360 2003 ea
2385 1965 2504 2018 qum
2533 1965 2669 2019 Opus
2696 1957 2821 2004 sunt
2851 1966 2957 2005 non
2986 1964 3163 2012 cures,
3190 1966 3290 2004 nec
3312 1951 3363 2005 in
3389 1954 3713 2008 necessariis

2125 2040 2352 2109 negotiis
2373 2041 2624 2095 verseris.
2648 2041 2779 2094 Nam
2807 2041 2898 2111 qui
2929 2040 3052 2094 talis
3079 2047 3184 2104 est,
3211 2041 3380 2095 instar
3393 2042 3598 2096 errouis
3619 2058 3712 2096 eu-

2118 2129 2353 2200 juspiam
2387 2133 2574 2200 quovis
2605 2132 2748 2186 malo
2791 2132 3155 2202 transfigitur:
3198 2140 3361 2201 atque
3405 2132 3710 2202 huiusmodi

2123 2221 2379 2287 animam,
2412 2237 2520 2276 non
2550 2237 2708 2278 secus
2745 2238 2809 2276 ac
2853 2239 3076 2293 puerum
3121 2233 3424 2292 vagantem,
3469 2226 3710 2295 quisquis

2123 2313 2239 2367 vult
2267 2314 2319 2368 in
2351 2314 2664 2369 servitutem
2700 2315 2885 2369 trahit.
2916 2315 3180 2383 Quoniam
3209 2317 3352 2370 enim
3384 2317 3498 2386 ipsa
3529 2317 3631 2373 hoc
3655 2319 3707 2373 in

2124 2419 2273 2459 more
2299 2405 2530 2474 positum
2555 2405 2736 2470 habet,
2768 2415 2826 2460 ut
2846 2406 3048 2475 aliquid
3079 2416 3352 2476 operetur,
3380 2408 3424 2462 si
3456 2409 3621 2479 ipsius
3652 2411 3709 2464 in

2121 2493 2282 2549 rebus
2309 2495 2570 2560 honestis,
2590 2498 2854 2551 actionem
2873 2498 3220 2567 comprimas,
3248 2500 3373 2569 quia
3396 2499 3523 2555 nihil
3551 2515 3709 2570 agere

2122 2601 2228 2640 non
2254 2596 2453 2658 potest,
2481 2588 2583 2641 alia
2610 2588 2784 2658 pariat
2805 2603 3028 2643 necesse
3054 2596 3155 2644 est.
3189 2589 3342 2645 Sicut
3362 2593 3505 2645 enim
3543 2603 3705 2659 terra,

2121 2691 2245 2732 cum
2273 2693 2371 2732 nec
2387 2678 2583 2732 seritur
2605 2693 2704 2733 nec
2727 2679 3016 2749 plantatur,
3039 2679 3262 2735 herbam
3285 2680 3561 2737 dumtaxat
3587 2698 3709 2753 pro-

2119 2766 2259 2824 fert:
2293 2769 2365 2823 ita
2405 2777 2459 2823 et
2488 2770 2686 2837 anima,
2729 2784 2853 2824 cum
2901 2771 3328 2825 necessariarum
3362 2787 3543 2828 rerum
3576 2773 3707 2830 nihil

2121 2858 2282 2914 habet
2319 2859 2461 2928 quod
2511 2868 2653 2930 agat,
2684 2869 2846 2930 atque
2882 2861 3083 2931 aliquid
3111 2877 3270 2931 agere
3299 2865 3498 2932 cupiat,
3526 2867 3710 2936 pravis

2119 2950 2280 3004 rebus
2305 2965 2366 3005 se
2397 2951 2576 3005 tradit.
2606 2951 2674 3006 Et
2699 2952 2842 3006 sicut
2869 2952 3076 3018 oculus,
3101 2953 3194 3023 qui
3214 2969 3432 3008 cernere
3457 2970 3564 3009 non
3586 2971 3708 3012 ces-

2118 3051 2223 3109 sat,
2259 3057 2419 3112 prava
2447 3052 2630 3098 cernat
2651 3058 2874 3099 necesse
2900 3052 3004 3110 est,
3035 3059 3156 3098 cum
3179 3043 3326 3098 bonis
3355 3043 3579 3112 objectis
3606 3062 3706 3101 ca-

2117 3143 2233 3189 ret:
2259 3134 2336 3188 sic
2356 3135 2515 3190 etiam
2536 3135 2764 3200 animus,
2789 3150 2909 3190 cum
2932 3151 2990 3190 se
3012 3150 3040 3188 a
3067 3134 3370 3191 necessariis
3389 3135 3696 3202 abduxerit,

2113 3228 2224 3298 jam
2255 3229 2395 3282 circa
2419 3227 2623 3281 inutilia
2652 3237 2918 3283 versatur.
2943 3229 3154 3299 Alioqui
3183 3227 3320 3299 quod
3347 3230 3624 3299 occupatio
3639 3239 3698 3286 et

2118 3334 2244 3374 cura
2277 3319 2504 3388 primum
2530 3334 2740 3389 quoque
2765 3319 3020 3389 impetum
3043 3321 3341 3390 prepellere
3366 3330 3544 3389 queat,
3562 3322 3700 3375 mul-

2119 3411 2185 3465 tis
2200 3411 2527 3481 argumentis
2550 3412 2731 3479 liquet.
2759 3411 3117 3479 Quamobrem
3141 3428 3262 3467 cum
3291 3413 3565 3482 pulchram
3587 3430 3708 3468 mu-

2119 3503 2306 3557 lierem
2333 3503 2704 3572 conspexeris,
2733 3503 2802 3557 ab
2849 3519 3018 3571 eaque
3063 3513 3116 3559 te
3156 3504 3408 3559 affectum
3449 3507 3707 3573 senseris,

2118 3609 2236 3649 eam
2265 3609 2332 3650 ne
2355 3595 2492 3648 ultra
2519 3609 2732 3661 cernas,
2763 3605 2815 3649 et
2845 3595 3104 3650 liberatus
3130 3610 3209 3651 es.
3241 3596 3310 3652 Et
3332 3599 3419 3668 qui
3459 3597 3574 3652 fieri
3609 3614 3708 3668 po-

2120 3688 2266 3753 terit,
2299 3688 2528 3755 inquies,
2555 3698 2610 3740 ut
2637 3703 2754 3740 eam
2785 3688 2917 3741 ultra
2949 3704 3053 3742 non
3079 3703 3318 3756 cernam,
3349 3706 3470 3744 cum
3502 3691 3708 3760 cupidi-

2119 3786 2227 3833 tate
2256 3777 2471 3832 trahar?
2503 3779 2636 3832 Aliis
2668 3779 2848 3842 rebus,
2876 3795 2994 3849 qua:
3018 3781 3254 3835 animum
3278 3781 3603 3847 distrahant,
3624 3783 3707 3837 fac

2118 3877 2170 3924 te
2192 3870 2425 3934 addicas,
2457 3869 2606 3924 libris
2629 3871 2902 3935 nimirum,
2932 3873 3250 3928 necessariis
3277 3875 3438 3940 curis,
3467 3877 3704 3946 patroci-

2118 3960 2240 4024 niis,
2265 3961 2705 4028 opitulationibus
2731 3978 2938 4029 eorum,
2971 3964 3164 4033 quibus
3210 3965 3403 4034 injuria
3453 3967 3701 4035 infertur,

2117 4050 2386 4120 precibus,
2412 4065 2589 4104 rerum
2617 4050 2914 4107 futurarum
2935 4053 3266 4109 meditationi
3299 4074 3312 4108 :
3356 4057 3441 4111 his
3467 4058 3703 4112 animum

2116 4141 2408 4210 adstringe.
2437 4140 2526 4196 Sic
2547 4158 2652 4196 non
2683 4157 2870 4197 recens
2897 4152 3102 4198 tantum
3125 4147 3317 4200 vulnus
3347 4147 3584 4214 curabis,
3608 4147 3702 4204 sed

2117 4244 2428 4288 concretum
2461 4235 2622 4290 etiam
2654 4247 2815 4307 atque
2847 4237 3207 4293 inveteratum
3235 4239 3395 4295 facile
3422 4241 3701 4297 discuties.

2116 4322 2246 4378 Nam
2274 4325 2318 4379 si
2344 4326 2692 4393 contumelia,
2727 4337 2784 4381 ut
2811 4335 2895 4381 est
2923 4329 2973 4382 in
3007 4331 3314 4399 proverbio,
3351 4333 3552 4385 amanti
3579 4348 3704 4401 per—

2116 4416 2327 4484 suadet,
2357 4427 2414 4472 ut
2451 4434 2691 4473 amorem
2732 4420 3035 4489 abrumpat,
3077 4422 3346 4492 quomodo
3390 4438 3496 4478 non
3531 4411 3703 4479 multo

2116 4510 2285 4580 magis
2307 4510 2610 4580 spirituales
2641 4510 2726 4565 lite
2769 4511 3160 4568 incantationes
3190 4515 3388 4569 malum
3428 4516 3571 4570 istud
3611 4532 3704 4570 sn-

2115 4611 2324 4672 perent,
2347 4602 2639 4657 dummodo
2666 4604 2734 4659 ab
2759 4619 2826 4659 eo
2851 4621 2949 4660 nos
2975 4621 3258 4662 removere
3279 4608 3331 4662 in
3361 4609 3594 4662 animum
3619 4609 3701 4663 in-

2113 4695 2403 4750 ducamus?
2432 4695 2588 4761 Quod
2608 4695 2653 4749 si
2682 4711 2802 4750 cum
2836 4698 2940 4753 illis
2971 4712 3251 4753 versemur
3276 4714 3338 4754 ac
3385 4700 3700 4755 confabule-

2115 4801 2252 4852 mur,
2287 4800 2406 4854 qua:
2443 4783 2749 4856 hujusmodi
2793 4788 2897 4843 tela
2927 4789 2976 4842 in
3005 4803 3104 4843 nos
3132 4799 3508 4860 contorquent,
3543 4807 3604 4846 ac
3634 4791 3700 4844 de

2115 4876 2221 4930 illis
2251 4884 2361 4929 tum
2383 4875 2688 4946 loquamur,
2720 4886 2833 4932 tum
2859 4877 3163 4945 audiamus,
3199 4881 3443 4935 morbum
3469 4881 3572 4936 hoc
3595 4898 3703 4950 pa-

2114 4975 2203 5021 cto
2231 4966 2443 5021 alimus.
2466 4968 2710 5033 Quonam
2736 4982 2866 5038 ergo
2903 4969 3065 5023 modo
3093 4970 3270 5040 ignem
3303 4972 3574 5041 exstingui
3605 4988 3706 5025 cu-

2115 5059 2217 5130 pis,
2248 5074 2367 5114 cum
2399 5060 2637 5130 quotidie
2661 5059 2931 5114 flammam
2958 5061 3257 5116 accendas?
3281 5062 3359 5116 Ac
3383 5061 3450 5117 de
3471 5077 3701 5117 rousue-

2115 5152 2299 5207 tudine
2325 5152 2441 5207 haec
2467 5152 2595 5206 mihi
2618 5151 2684 5207 ad
2708 5151 2938 5221 juvenes
2957 5151 3098 5207 dicta
3121 5153 3229 5208 sint
3254 5171 3269 5207 :
3299 5169 3421 5208 nam
3453 5155 3594 5225 quod
3633 5155 3702 5209 ad

2114 5244 2258 5297 viros
2288 5244 2500 5309 attinet,
2543 5257 2746 5312 eosque
2785 5243 2872 5313 qui
2905 5243 3274 5314 philosophari
3316 5254 3535 5309 norunt,
3566 5246 3701 5300 nilnt

2113 5336 2336 5404 perinde
2356 5337 2527 5406 juvat,
2550 5346 2607 5389 ut
2626 5337 2717 5391 Dei
2741 5337 2921 5403 timor,
2949 5337 3212 5408 gehennae
3241 5340 3524 5405 memoria,
3547 5339 3702 5409 regni

2111 5427 2364 5481 caelorum
2412 5426 2705 5496 cupiditas;
2763 5428 2879 5482 haec
2931 5429 3071 5483 enim
3133 5429 3198 5482 ad
3247 5431 3699 5502 exstinguendum

2112 5517 2289 5588 ignem
2315 5519 2606 5574 sufﬁciunt.
2637 5520 2714 5573 Ac
2745 5530 3002 5588 prmterea
3034 5520 3161 5575 illud
3191 5529 3366 5575 tecum
3400 5533 3612 5592 reputa,
3647 5525 3700 5577 id

2111 5610 2254 5680 quod
2296 5612 2474 5667 cernis
2513 5612 2647 5666 nihil
2687 5612 2829 5667 aliud
2854 5627 2994 5680 esse,
3027 5629 3182 5683 quam
3217 5613 3462 5683 pituitam
3492 5624 3547 5670 et
3573 5631 3700 5670 san-

2113 5707 2328 5780 guinem
2374 5720 2436 5761 ac
2471 5705 2706 5776 corrupti
2747 5705 2984 5761 alimenti
3033 5719 3271 5760 succum.
3328 5707 3400 5761 At
3440 5707 3593 5763 lactus
3634 5722 3702 5762 ac
