4070 6152
353 273 456 329 l5!

353 391 549 445 θᾶττον
574 383 763 453 ἐκείνη
793 382 1076 438 σϐέννυται
1101 397 1114 410 ο
1143 379 1219 442 ὡς
1257 377 1311 431 εί
1329 394 1394 446 γε
1426 375 1758 447 παρέμενεν,
1786 373 1862 438 ὡς
1892 374 1927 442 ἡ

353 479 464 535 τῶν
505 477 826 550 χρημάτων,
877 473 975 527 κᾶν
1034 470 1284 526 ἀπώλεσε
1337 468 1428 522 τὸν
1479 467 1677 521 ἁλόντα
1736 466 1925 536 ἄρδην.

353 574 490 644 Φέρε
517 566 630 636 οὖν,
683 567 809 639 περὶ
855 565 1041 619 τούτου
1099 564 1228 632 ὑμῖν
1273 561 1667 631 διαλεχθῶμεν,
1693 557 1788 611 τοῦ
1818 557 1930 612 τῶν

357 664 647 732 σωμάτων,
682 659 774 712 καὶ
802 657 998 726 ἴδωμεν
1024 654 1186 708 πόθεν
1212 652 1437 718 αὐξεται
1465 650 1526 704 τὺ
1557 649 1725 704 κακόν
1745 669 1759 682 ο
1787 648 1930 702 οῦτω

355 754 466 826 γὰρ
510 752 801 823 εἰσόμεθα,
840 749 948 802 εἴτε
987 747 1255 818 ⁴ἡμέτερον
1298 744 1456 798 τοῦτο
1501 743 1775 815 ἔγκλημα,
1819 743 1933 797 εἴτε

351 847 457 918 οὐχ
481 845 778 917 ἡμέτερον*
818 843 914 896 καὶ
943 842 991 894 εί
1035 840 1132 910 μὲν
1177 839 1464 908 ἡμέτερον,
1502 837 1680 890 πάντα
1710 833 1932 905 πράξων

361 955 459 1009 μεν
475 949 522 1002 α,
548 936 687 988 ὥστε
734 931 1120 1003 περιγενέσθαι
1157 947 1172 962 ο
1229 931 1277 982 εἰ
1307 928 1364 982 δὲ
1408 929 1508 998 οὐχ
1553 927 1846 998 ἡμέτερον,
1881 925 1932 978 τί

357 1029 536 1096 μάτην
563 1026 839 1092 κόπτομεν
873 1022 1136 1086 ἐαυτούς;
1167 1019 1222 1073 τί
1269 1020 1324 1072 δέ
1357 1019 1420 1071 οὐ
1461 1015 1931 1086 συγγινώσκομεν,

355 1117 467 1171 ἀλλ’
496 1115 833 1186 ἐγκαλοῦμεν
881 1116 994 1176 τοῖς
1041 1111 1464 1182 ἀλισκομένοις;
1503 1108 1674 1162 Πόθεν
1715 1103 1809 1161 οὖν
1851 1105 1932 1158 τί-

355 1225 543 1262 κτεται
570 1200 724 1269 οὗτος
774 1208 803 1258 ὁ
854 1204 1029 1276 ἔρωςς
1081 1202 1213 1255 Ἀπὸ
1254 1201 1556 1273 εὐμορφίας
1612 1197 1932 1270 προσώπου,

355 1299 541 1370 φησὶν,
571 1299 700 1350 ὅταν
724 1295 864 1364 καλὴ
895 1295 988 1348 καὶ
1013 1293 1222 1364 εὐειδὴς
1248 1294 1280 1362 ἠ
1314 1292 1686 1362 τιτρώσκουσα
1795 1291 1932 1361 Εἰκῆ

356 1390 532 1444 ταῦτα
561 1389 740 1456 λέγεις
772 1390 865 1441 καὶ
907 1387 1102 1456 μάτην.
1137 1386 1201 1438 Εί
1238 1385 1348 1456 γάρ
1392 1384 1491 1454 τῆς
1531 1382 1838 1453 εὐμορφίας
1874 1381 1934 1434 τὸ

357 1480 595 1552 ἐραστάς
636 1477 1060 1541 ἐπισπάσασθαι,
1093 1476 1297 1538 πάντας
1329 1475 1396 1528 ἀν
1434 1474 1590 1546 ἔσχεν
1635 1475 1871 1545 ἐραστάς
1901 1475 1934 1545 ἡ

358 1571 582 1642 τοιαύτη
615 1569 748 1641 κόρη
774 1587 787 1600 ·
816 1571 863 1622 εί
900 1570 958 1622 δέ
983 1569 1044 1622 οὐ
1074 1569 1283 1632 πάντας
1315 1567 1450 1638 ἔχει,
1474 1569 1537 1620 οὐ
1572 1567 1672 1637 τῆς
1719 1566 1936 1634 φύσεως

360 1663 540 1726 τοῦτο,
572 1663 694 1716 οὐδέ
724 1661 784 1725 ἐξ
807 1661 1129 1732 εὐμορφίας,
1155 1661 1272 1714 ἀλλ’
1302 1659 1360 1724 ἐξ
1389 1659 1704 1712 ἀκολάστων
1736 1657 1937 1726 ὀφθαλ-

366 1752 515 1824 μῶν·
556 1754 685 1806 ὅταν
712 1752 820 1822 γάρ
857 1751 976 1805 ἰδὼν
1008 1751 1317 1822 περιέργως
1347 1750 1635 1822 θαυμάσῃς
1676 1750 1770 1802 καὶ
1809 1750 1937 1820 ἐρα-

365 1845 520 1916 σθῇς,
551 1844 712 1908 ἐδέξω
744 1842 804 1896 τὸ
833 1842 1004 1911 βέλος.
1041 1842 1152 1894 Καὶ
1182 1842 1264 1904 τίς
1303 1841 1368 1894 ἂν
1393 1840 1608 1893 δύναιτο
1638 1839 1807 1908 καλὴν
1840 1855 1938 1905 γυ-

365 1939 524 1988 ναῖκα
552 1935 714 2004 δρῶν,
753 1934 826 2003 μὴ
857 1931 1142 1986 ἐπαινέσαι
1173 1931 1270 2001 τὴν
1299 1930 1618 2000 ὁρωμένην;
1655 1927 1835 1997 φησίν.
1875 1926 1936 1979 El

361 2025 538 2077 τοίνυν
559 2025 618 2076 οὐ
652 2025 750 2093 τῆς
783 2023 1158 2093 προαιρέσεως
1187 2019 1343 2091 ἡμῶν
1372 2021 1433 2072 τὸ
1461 2019 1530 2072 τὰ
1559 2018 1782 2071 τοιαῦτα
1809 2017 1938 2070 θαυ-

361 2118 576 2188 μάζειν,
606 2118 707 2170 οὐκ
734 2118 790 2171 ἐν
814 2117 944 2186 ἡμῖν
963 2115 1072 2186 ἀρα
1097 2117 1126 2168 δ
1152 2113 1312 2185 ἔρως.
1357 2113 1628 2183 Ἐπίσχες,
1656 2111 1934 2183 άνθρωπε.

360 2211 426 2262 Τί
455 2210 632 2263 πάντα
675 2208 866 2279 φύρεις
913 2207 1074 2278 ὁμοῦ,
1119 2205 1394 2276 πανταχοῦ
1439 2188 1801 2276 περιτρέχων,
1845 2205 1939 2258 καὶ

359 2301 454 2355 τοῦ
481 2300 651 2353 κακοῦ
674 2302 773 2370 τὴν
801 2298 956 2368 ῥίζαν
987 2299 1088 2350 οὐκ
1119 2297 1318 2350 ἐθέλων
1347 2297 1512 2362 ίδεῖν;
1541 2297 1638 2349 καὶ
1665 2298 1775 2366 γὰρ
1809 2295 1940 2348 πολ-

361 2391 486 2453 λοὺς
519 2390 631 2461 ὁρῶ
661 2388 1041 2458 θαυμάζοντας
1089 2387 1182 2440 καὶ
1222 2383 1599 2448 ἐπαινοῦντας,
1637 2386 1737 2438 οὐκ
1770 2385 1939 2454 ἐρῶν-

360 2499 460 2543 τας
484 2481 561 2536 δέ.
589 2482 698 2535 Καὶ
733 2479 848 2543 πῶς
876 2480 955 2532 ἔνι
986 2477 1363 2548 θαυμάζοντας
1398 2477 1472 2548 μὴ
1508 2479 1638 2548 ἐρᾷν
1664 2497 1678 2543 ς
1719 2478 1812 2546 Μὴ
1855 2477 1943 2530 θο-

367 2575 519 2649 ρύϐει
544 2591 560 2605 ο
597 2573 755 2626 τοῦτο
799 2571 908 2642 γὰρ
944 2570 1175 2640 ἔρχομαι
1214 2569 1388 2621 εἰπεῖν
1415 2585 1429 2597 ·
1467 2567 1584 2622 ἀλλ’
1628 2568 1939 2638 ἀνάμεινον,

365 2669 462 2722 καὶ
488 2667 692 2738 ἀκούσῃ
725 2664 819 2718 τοῦ
846 2663 1124 2724 Μωῦσέως
1149 2659 1518 2731 θαυμάζοντος
1550 2659 1642 2713 τὸν
1664 2659 1827 2713 παῖδα
1847 2659 1940 2712 τοῦ

380 2757 592 2822 Ἰακὼϐ,
641 2757 734 2810 καί⁵
767 2755 1016 2823 λέγοντος
1043 2769 1056 2781 ·
1115 2753 1224 2806 Καὶ
1253 2748 1332 2822 ἦν
1371 2749 1593 2819 Ἰωσὴφ
1634 2749 1824 2814 καλὸς
1861 2749 1942 2814 τῷ

363 2852 529 2917 εῖδει,
562 2849 660 2904 καί
691 2848 903 2917 ὡραῖος
926 2845 999 2914 τῇ
1028 2845 1162 2914 ὄψει
1195 2842 1451 2913 σφόδρα.
1475 2839 1624 2913 τΑρα.
1652 2838 1744 2894 οὖν
1782 2841 1890 2910 ἦρα
1913 2842 1942 2894 ὁ

366 2942 539 2995 ταῦτα
566 2942 780 3009 λέγων;
821 2937 1106 3008 Οὐδαμῶς.
1142 2937 1276 2991 Οὐδὲ
1311 2936 1419 3006 7&9
1451 2934 1618 3005 ἐώρα,
1654 2933 1810 3004 φησὶ,
1851 2935 1942 2987 τὸν

369 3033 779 3103 ἐπαινούμενον.
823 3031 981 3083 Ἀλλά
1014 3032 1106 3084 καὶ
1137 3029 1273 3100 πρὸς
1305 3030 1374 3082 τά
1415 3027 1726 3098 ἀκουόμενα
1767 3027 1940 3096 κάλλη

370 3123 647 3193 πάσχομέν
672 3139 724 3174 τι
769 3120 1031 3185 τοιοῦτον,
1072 3121 1134 3172 οὐ
1170 3120 1308 3188 πρὸς
1355 3119 1424 3172 τὰ
1466 3118 1722 3189 ὁρώμενα
1759 3117 1941 3188 μόνον.

371 3217 485 3269 ’Ὶνα
509 3217 566 3268 δὲ
600 3214 676 3286 μὴ
717 3213 1025 3284 φιλονεικῇς
1063 3214 1197 3282 ἡμῖν
1238 3214 1296 3264 ἐν
1326 3212 1557 3276 τούτοις,
1587 3213 1616 3263 δ
1642 3210 1805 3264 Δαυῒδ
1843 3211 1945 3263 οὐκ

367 3303 437 3378 ἦν
483 3307 681 3378 ὡραῖος
729 3305 956 3376 σφόδρα,
1016 3304 1111 3357 καὶ
1162 3302 1468 3374 ὑπέρυθρος
1523 3302 1662 3374 μετὰ
1715 3301 1945 3365 κάλλους

369 3397 700 3468 ὀφθαλμῶν;
739 3398 767 3450 ὃ
789 3398 852 3466 δὴ
877 3396 1112 3466 μάλιστά
1139 3397 1254 3450 ἐστι
1285 3395 1748 3466 τυραννικώτερον
1779 3394 1944 3465 μέρος

372 3489 476 3556 τῆς
503 3488 821 3557 εὐμορφίας,
856 3487 964 3540 τῶν
1003 3487 1296 3558 ὀφθαλμῶν
1328 3487 1388 3539 τὸ
1433 3487 1648 3550 κάλλος.
1690 3482 1816 3557 'A9’
1853 3483 1945 3541 οῦν

343 3625 345 3627 ,
375 3579 592 3650 ἠράσθη
621 3596 704 3642 τις
731 3579 925 3644 αὐτοῦ;
951 3577 1236 3649 Οὐδαμῶς.
1264 3579 1376 3632 Οὐκ
1397 3579 1505 3647 ἄρα
1529 3578 1668 3648 μετὰ
1690 3578 1782 3631 τοῦ
1812 3579 1945 3630 θαυ-

374 3669 572 3742 μάζειν
599 3669 692 3722 καὶ
733 3670 795 3722 τὸ
832 3671 961 3740 ἐρᾷν
998 3669 1226 3738 γίνεται.
1271 3669 1380 3721 Καὶ
1415 3668 1524 3738 7&9
1569 3667 1663 3720 καὶ
1703 3668 1946 3738 μητέρας

372 3765 532 3834 ἔσχον
564 3761 748 3816 πολλοὶ
779 3761 982 3832 σφόδρα
1007 3761 1273 3822 ἀνθούσας
1298 3763 1364 3830 τῇ
1396 3759 1490 3812 τοῦ
1522 3757 1773 3829 σώματος
1803 3759 1944 3830 ὥρᾳ.

372 3855 439 3906 Τί
473 3849 566 3907 οὖν
591 3869 606 3918 ;
631 3851 947 3923 ἠράσθησαν
980 3851 1160 3904 αὐτῶν
1190 3852 1238 3903 οί
1263 3851 1455 3914 παῖδες
1481 3867 1494 3916 ;
1535 3852 1752 3919 ’Ἄπαγε
1772 3868 1784 3880 ·
1811 3850 1946 3904 ἀλλά

375 3942 714 4012 θαυμάζουσι
751 3941 850 4011 μὲν
878 3941 938 3993 τὸ
959 3941 1255 4011 ὁρώμενον,
1285 3941 1385 3994 οὐκ
1421 3941 1752 4012 ἐμπίπτουσι
1782 3940 1839 3994 δὲ
1867 3942 1946 4004 εἰς

375 4034 552 4107 ἔρωτα
585 4034 832 4104 αἰσχρόν.
865 4033 1032 4086 Πάλιν
1062 4032 1170 4103 γὰρ
1195 4032 1295 4101 τῆς
1327 4031 1542 4102 φύσεως
1579 4033 1640 4086 τὸ
1668 4032 1945 4104 κατόρθω-

377 4126 458 4196 μά
485 4128 616 4178 ἐστι.
647 4125 815 4187 Ποίας
842 4124 1076 4192 φύσεως,
1101 4124 1222 4176 είπέ
1249 4141 1375 4194 μοι;
1415 4124 1536 4176 Ὅτι
1565 4133 1795 4196 μητέρες
1815 4124 1942 4188 είσὶ,

375 4219 564 4290 φησίν.
601 4215 734 4274 Εἶτα
757 4218 858 4271 οὐκ
898 4217 1136 4280 ἀκούεις,
1180 4218 1262 4270 ὃτι
1295 4217 1522 4287 Πέρσαι,
1556 4217 1782 4287 μηδενὸς
1825 4234 1948 4271 κατ-

374 4310 798 4380 αναγκάζοντος,
849 4313 967 4373 ταῖς
1001 4308 1179 4363 αὐτῶν
1232 4310 1516 4378 μίγνυνται
1567 4308 1824 4379 μητράσι,
1855 4310 1949 4361 καὶ

373 4404 475 4474 οὐχ
503 4397 581 4467 εἷς
611 4402 730 4456 οὐδὲ
757 4403 1028 4472 δεύτερος,
1069 4400 1184 4453 ἀλλ’
1216 4399 1508 4470 ὁλόκληρον
1546 4398 1696 4462 ἔθνος
1724 4416 1737 4464 ;
1767 4399 1949 4468 Χωρὶς

373 4494 436 4548 δέ
462 4494 686 4560 τούτων,
714 4493 963 4549 κάκεῖθεν
992 4491 1141 4566 [490]
1165 4490 1343 4562 δῆλον,
1373 4491 1454 4544 ὃτι
1479 4490 1539 4542 τὸ
1561 4489 1774 4560 νόσημα
1795 4488 1950 4542 τοῦτο

374 4587 440 4638 οὐ
465 4586 567 4656 τῆς
595 4585 742 4657 ῶρας
769 4586 863 4639 τοῦ
902 4585 1172 4655 σώματος,
1203 4583 1322 4637 οὐδὲ
1345 4583 1445 4653 τῆς
1475 4582 1778 4654 εὐμορφίας
1802 4580 1950 4634 ἐστὶν

378 4677 588 4740 ἁπλῶς,
616 4677 750 4730 ἀλλά
779 4680 878 4747 τῆς
917 4676 1161 4747 ῥᾳθύμου
1212 4677 1306 4729 καὶ
1348 4675 1708 4745 πλανωμένης
1749 4672 1947 4744 ψυχῆς.

375 4769 572 4824 Πολλοὶ
603 4768 733 4838 γοῦν
781 4769 1040 4831 πολλάκις
1092 4768 1286 4840 μυρίας
1335 4769 1630 4838 εὐπρεπεῖς
1670 4767 1951 4838 παραδρα-

381 4862 574 4932 μόντες
599 4864 885 4928 γυναῖκας,
915 4863 1034 4924 ταῖς
1060 4859 1310 4930 αἰσχροτέ
1322 4877 1437 4930 ραις
1465 4861 1670 4914 ἔδωκαν
1701 4859 1947 4920 ἑαυτούς·

375 4951 500 5005 ὅθεν
524 4951 680 5021 δῆλον
704 4952 787 5004 ὅτι
815 4953 877 5004 ob
907 4952 1003 5022 τῆς
1027 4951 1330 5022 εὐμορφίας
1365 4951 1426 5003 τὸ
1458 4953 1586 5022 ἐρᾷν
1631 4969 1644 4982 ·
1686 4951 1718 5021 ἢ
1751 4951 1860 5021 γὰρ
1885 4950 1952 5004 ἂν

379 5038 524 5097 εἷλον
551 5047 755 5098 ἐκεῖναι
778 5044 884 5115 πρὸ
908 5045 1112 5098 τούτων
1143 5045 1269 5107 τοὺς
1301 5045 1660 5113 ἐμπεσόντας.
1685 5043 1748 5093 Τί
1774 5039 1866 5096 οὖν
1889 5044 1950 5096 τὸ

381 5136 584 5200 αῖτιον;
638 5140 685 5189 εἰ
734 5138 844 5207 γὰρ
893 5136 966 5208 μὴ
1003 5137 1104 5205 τῆς
1139 5135 1436 5206 εὐμορφίας
1473 5134 1534 5186 τὸ
1585 5135 1736 5204 ὲρᾷν,
1790 5133 1951 5186 πόθεν

380 5229 494 5298 ἔχει
523 5229 621 5300 την
645 5231 820 5301 ἀρχὴν
849 5231 941 5282 καὶ
966 5231 1064 5299 τὴν
1095 5229 1270 5299 ῥίζαν,
1302 5228 1498 5299 φησίν;
1545 5226 1678 5279 Ἀπὸ
1702 5226 1953 5296 δαίμονος

383 5319 623 5391 πονηροῦ
649 5335 665 5384 ;
701 5320 854 5389 Ἔχει
883 5320 980 5390 μὲν
1012 5320 1108 5372 καὶ
1143 5318 1351 5371 ἐκεῖθεν
1375 5333 1388 5346 ·
1422 5317 1534 5371 ἀλλ’
1561 5317 1620 5369 οὐ
1656 5317 1812 5369 τοῦτό
1837 5319 1952 5370 ἐττι

379 5412 443 5464 τδ
477 5411 835 5482 ζητούμενον,
867 5412 981 5464 ἀλλ’
1011 5413 1058 5463 εί
1085 5410 1158 5480 μὴ
1199 5412 1293 5463 καὶ
1332 5412 1492 5480 ἡμεῖς
1519 5409 1699 5463 αἴτιοι.
1735 5411 1810 5462 Οὐ
1845 5410 1953 5482 γάρ

383 5503 607 5557 ἐκείνων
642 5504 804 5574 μόνον
841 5504 876 5574 ἡ
932 5502 1212 5571 ἐπιϐουλὴ,
1259 5501 1393 5556 ἀλλά
1447 5503 1565 5572 μετ’
1603 5503 1826 5557 ἐκείνων
1859 5504 1954 5558 κα)⁸

443 5681 462 5703 ’
490 5682 752 5746 ιεςρὸαίιιν
781 5684 1032 5747 πράξομεν.

1378 257 1446 315 ΙΝ
1487 254 1710 315 EPIST.
1749 256 1794 314 ll
1831 255 1924 314 AD
1954 255 2115 316 COB.
2151 257 2394 317 HOMIL.
2438 260 2552 317 Vll'.

3501 270 3611 324 £52

2045 373 2202 444 ἡμῶν
2229 374 2460 446 πρώτων
2483 377 2533 430 ι).
2577 376 2887 446 Οὐδαμόθεν
2911 377 3020 450 γὰρ
3059 379 3328 450 ἑτέρωθεν
3363 379 3505 436 οῦτω
3529 387 3614 438 τί-

2038 480 2226 519 κτεται
2248 467 2308 519 τὸ
2337 467 2571 538 πονηρὸν
2593 469 2752 523 τοῦτο
2788 471 3020 540 νόσημα,
3048 470 3123 534 ώς
3162 473 3270 526 ἀπὸ
3301 476 3612 546 συνηθείας,

2039 557 2133 608 καὶ
2162 557 2448 622 κολακείας
2479 560 2758 630 ῥημάτων,
2801 563 2894 615 καὶ
2920 559 3112 632 σχολῆς
3147 563 3239 616 καὶ
3275 564 3476 634 ἀργίας
3523 569 3619 623 καί⁵

2037 646 2133 700 τοῦ
2161 648 2328 717 μηδὲν
2351 649 2498 718 ἔχειν
2529 655 2723 706 ποιεῖν.

2110 738 2173 802 ζ’.
2194 739 2420 810 Μεγάλη
2449 741 2578 812 γὰρ,
2603 743 2814 815 μεγάλη
2842 745 2943 815 τῆς
2968 747 3256 820 συνηθείας
3278 751 3311 821 ἡ
3337 753 3615 821 τυραννὶς,

2039 832 2132 882 καί⁸
2159 830 2416 902 τοσαύτη,
2448 832 2525 896 ὡς
2547 836 2626 896 είς
2653 835 2870 902 φύσεως
2892 839 3138 909 ἀνάγκην
3169 841 3534 898 καθίστασθαι
3559 856 3610 898 ε.

2041 923 2102 974 Εί
2124 920 2183 974 δὲ
2218 922 2475 993 συνήθεια
2507 925 2568 978 τὸ
2590 926 2796 980 τίκτειν
2829 929 3029 998 αὐτὴν,
3060 930 3282 1002 εὔδηλον
3307 935 3388 987 ὃτι
3415 937 3510 989 καὶ
3557 935 3622 990 τὸ

2042 1008 2352 1069 σϐεννύναι.
2385 1012 2579 1067 Πολλοὶ
2631 1015 2763 1084 γοῦν
2810 1016 3044 1086 ἐρῶντες
3085 1019 3260 1086 οὕτως
3286 1023 3619 1090 ἐπαύσαντο,

2045 1100 2119 1171 μὴ
2149 1102 2441 1172 ὁρωμένων
2467 1105 2576 1159 τῶν
2605 1108 2915 1178 ἐρωμένων.
2953 1109 3122 1165 Τοῦτο
3164 1113 3221 1166 δὲ
3252 1115 3388 1186 πρὸς
3445 1117 3621 1189 βραχύ

2047 1193 2145 1263 μέν
2167 1195 2314 1248 δοκεῖ
2335 1197 2532 1267 πικρὸν
2564 1195 2724 1263 εἶναι,
2757 1200 2852 1254 καὶ
2881 1202 3086 1274 σφόδρα
3109 1204 3273 1272 ἀηδές
3299 1219 3314 1236 ο
3343 1208 3420 1277 τῷ
3443 1212 3623 1280 χρόνῳ

2043 1283 2100 1338 δέ
2129 1286 2224 1355 ήδύ
2250 1286 2478 1355 γίνεται,
2515 1292 2610 1344 καί
2630 1291 2749 1344 οὐδέ
2781 1292 3132 1364 βουλομένοις
3161 1295 3347 1350 λοιπὸν
3380 1297 3459 1351 ἐνι
3493 1301 3624 1354 ἀνα-

2044 1380 2348 1449 κτήσασθαι
2366 1381 2426 1434 τὸ
2455 1382 2644 1446 πάθος.
2668 1384 2732 1436 Τί
2757 1380 2852 1438 οὖν
2870 1385 2999 1438 ὅταν
3015 1386 3308 1456 συνηθείας
3329 1389 3498 1459 χωρὶς
3513 1391 3625 1445 ἀπὸ

2045 1469 2267 1540 πρώτης
2297 1473 2396 1543 τῆς
2419 1473 2594 1542 ὅψεως
2622 1475 2733 1528 ἀλῶ
2754 1493 2768 1538 ;
2790 1478 3086 1532 Κάνταῦθα
3113 1481 3281 1551 ἀργία
3308 1481 3404 1535 τοῦ
3433 1481 3624 1550 σώμα-

2044 1562 2198 1631 τος,ἢ
2224 1563 2457 1634 τρυφὴά,
2477 1566 2645 1618 καὶτὸ
2665 1568 2738 1638 μὴ
2761 1568 3064 1639 φροντίζειν
3086 1572 3193 1625 τῶν
3212 1575 3622 1645 προσηκόντων,

2049 1652 2184 1723 μηδὲ
2213 1654 2271 1706 ἐν
2314 1655 2636 1723 ἀναγκαίοις
2683 1655 2823 1712 εἶναι
2860 1663 3169 1732 πράγμασι.
3206 1664 3474 1736 Καθάπερ
3513 1667 3626 1738 7&9

2046 1743 2247 1808 πλάνος
2262 1749 2392 1809 τιςό
2423 1747 2666 1812 τοιοῦτος
2692 1753 3137 1822 περιερχόμενος,
3177 1756 3338 1808 παντὶ
3369 1756 3626 1826 περιπεί-

2051 1853 2200 1907 ρεται
2231 1837 2451 1909 πονηρῷ
2471 1854 2484 1866 ⁶
2510 1841 2602 1893 καὶ
2631 1841 2883 1914 καθάπερ
2909 1843 3116 1897 παιδίον
3139 1844 3354 1914 ἄφετον.
3384 1847 3412 1898 ό
3443 1846 3625 1916 βουλό-

2051 1943 2211 1995 μενος
2238 1929 2615 1998 ἀνδραποδίζει
2637 1933 2736 2003 τὴν
2757 1934 3011 2005 τοιαύτην
3032 1937 3229 2006 ψυχήν.
3271 1937 3490 2009 Ἐπειδὴ
3516 1939 3625 2010 γάρ

2047 2019 2167 2082 ἔθος
2189 2019 2324 2090 αὐτῇ
2360 2024 2621 2091 ἐνεργεῖν,
2640 2024 2767 2076 ὅταν
2792 2025 2963 2094 αὐτῆς
2984 2028 3200 2100 παύσῃς
3219 2029 3317 2097 τὴν
3345 2029 3624 2100 ἐνέργειαν

2047 2109 2145 2179 τὴν
2175 2110 2234 2162 ἐν
2285 2114 2396 2172 τοῖς
2445 2112 2690 2179 ἀγαθοῖς,
2754 2116 2942 2187 ἐπειδὴ
3009 2119 3198 2188 ἀργεῖν
3251 2122 3313 2174 οὐ
3362 2120 3623 2186 δύναται,

2048 2201 2420 2269 ἀναγκάζεται
2455 2204 2618 2278 ἔτερα
2652 2207 2876 2260 τίκτειν.
2908 2208 3174 2280 Καθάπερ
3208 2212 3240 2280 ή
3270 2210 3362 2281 γῆ,
3390 2213 3518 2278 ὅταν
3550 2214 3626 2283 μὴ

2050 2294 2340 2365 σπείρηται
2404 2296 2540 2366 μηδέ
2602 2297 2902 2368 φυτεύηται
2937 2338 2951 2360 ,
3016 2300 3244 2372 βοτάνην
3304 2303 3627 2358 ἀναδίδωσιν

2051 2384 2233 2446 ἀπλὼς
2257 2399 2269 2412 ·
2301 2383 2444 2437 οὕτω
2497 2386 2590 2438 καί⁷
2640 2388 2672 2456 ὴ
2722 2386 2888 2458 ψυχὴ,
2920 2388 3049 2442 ὅταν
3088 2390 3160 2460 μὴ
3191 2391 3291 2463 ἔχῃ
3317 2408 3369 2444 τι
3424 2391 3629 2461 πρᾶξαι

2047 2475 2157 2528 τῶν
2206 2478 2540 2544 ἀναγκαίων,
2572 2480 2788 2543 πάντως
2827 2480 2919 2534 τοῦ
2975 2481 3234 2552 πράττειν
3263 2483 3627 2553 ἐπιθυμοῦσα,

2050 2573 2303 2641 πονηροῖς
2325 2571 2521 2640 ἐαυτὴν
2541 2571 2722 2624 δίδωσι
2757 2573 3062 2644 πράγμασι.
3094 2576 3202 2627 Καὶ
3225 2575 3374 2628 ὥσπε
3383 2594 3414 2647 ρ
3432 2575 3633 2642 ὀφθαλ-

2053 2661 2153 2732 μὸς
2183 2662 2277 2714 τοῦ
2319 2663 2416 2732 μὲν
2448 2665 2580 2733 ὁρᾷν
2609 2664 2670 2715 οὐ
2713 2664 2969 2727 παύεται,
3002 2666 3097 2717 καὶ
3122 2667 3210 2719 διὰ
3257 2666 3414 2720 τοῦτο
3441 2666 3630 2736 ὄψεται

2051 2756 2283 2824 πονηρά,
2331 2756 2456 2808 ὅταν
2490 2753 2672 2822 ἀγαθά
2705 2755 2780 2826 μὴ
2879 2757 3212 2827 ὑποκείμενα
3250 2774 3263 2786 ·
3288 2759 3432 2812 οὕτω
3479 2762 3573 2814 καὶ
3601 2764 3629 2814 ὁ

2050 2844 2306 2914 λογισμὸς
2330 2887 2346 2910 ,
2403 2846 2530 2899 ὅταν
2580 2846 2690 2898 τῶν
2737 2848 3050 2915 ἀναγκαίων
3098 2850 3287 2902 ἐαυτὸν
3341 2851 3626 2923 ἀπαγάγῃ,

2053 2936 2181 3007 περὶ
2208 2937 2274 2988 τά
2301 2935 2547 3008 ἀχρηστα
2572 2937 2863 3009 στρέφεται
2895 2938 3081 2992 λοιπόν
3107 2956 3122 2970 ’
3151 2940 3274 2992 ἐπεὶ
3301 2941 3382 2994 ὃτι
3406 2942 3502 2995 καὶ
3529 2943 3630 3013 τὴν

2052 3022 2274 3094 πρώτην
2329 3024 2634 3096 προσϐολὴν
2666 3025 2887 3080 δύναται
2920 3028 3366 3097 ἀποκρούσασθαι
3403 3032 3630 3102 ἀσχολία

2053 3116 2145 3168 καὶ
2181 3117 2422 3184 φροντὶς,
2458 3116 2783 3188 πολλαχόθεν
2832 3118 3008 3188 δῆλον.
3043 3120 3211 3174 Ὅταν
3239 3118 3332 3176 οῦν
3371 3121 3485 3194 ίδῃς
3528 3140 3630 3190 7U-

2053 3211 2214 3261 ναῖκα
2237 3209 2428 3280 καλὴν,
2453 3209 2546 3262 καὶ
2563 3211 2741 3280 πάθῃς
2770 3228 2822 3264 τι
2858 3211 2995 3281 πρὸς
3018 3211 3208 3282 αὐτὴν,
3234 3214 3434 3283 μηκέτι
3484 3215 3625 3286 ἴδῃς,

2055 3299 2148 3351 καὶ
2175 3298 2520 3370 ἀπηλλάγης.
2545 3302 2653 3353 Καὶ
2681 3301 2797 3363 πῶς
2825 3300 3123 3371 δυνήσομαι
3148 3307 3346 3374 μηκέτι
3375 3307 3502 3359 ἰδεῖν
3526 3308 3630 3360 ὐπὸ

2053 3390 2153 3461 τῆς
2192 3391 2489 3462 ἐπιθυμίας
2543 3394 2832 3460 ἐλκόμενος
2856 3435 2870 3457 ,
2902 3394 3094 3464 φησίν;
3139 3397 3376 3467 Ἐτέροις
3409 3401 3631 3452 σεαυτὸν

2053 3485 2142 3548 δὺς
2174 3523 2188 3546 ,
2253 3484 2598 3556 περιέλκουσι
2643 3485 2740 3555 τὴν
2770 3485 2948 3554 ψυχὴν
2980 3524 2996 3550 ,
3035 3485 3261 3555 βιϐλίοις
3289 3528 3304 3552 ,
3353 3492 3632 3560 φροντίσιν

2055 3575 2417 3642 ἀναγκαίαις,
2471 3575 2862 3645 προστασίαις,
2906 3575 3178 3647 βοηθείαις
3237 3579 3630 3649 ἀδικουμένων,

2055 3669 2261 3736 εὐχαῖς,
2297 3666 2584 3738 φιλοσοφίᾳ
2612 3668 2675 3735 τῇ
2705 3666 2961 3737 περὶτῶν
2993 3667 3291 3737 μελλόντων
3321 3688 3336 3703 ·
3370 3670 3633 3735 τοιούτοις

2056 3758 2358 3827 κατάδησον
2409 3756 2506 3826 τὴν
2559 3757 2759 3827 ψυχήν.
2826 3757 3010 3820 Οὕτως
3061 3760 3182 3830 οὐχὶ
3236 3762 3427 3832 νεαρὸν
3477 3763 3633 3827 ἕλκος

2055 3848 2323 3920 διορθώσῃ
2355 3848 2533 3916 μόνον,
2565 3847 2702 3901 ἀλλά
2753 3850 2928 3917 παγέν
2969 3851 3060 3904 καὶ
3106 3852 3317 3923 χρόνιον
3347 3855 3633 3925 γενόμενον

2057 3943 2333 4013 άποτρίψῃ
2356 3941 2729 4015 ρᾳδίως.[491]
2747 3944 2807 3997 Εἰ
2830 3943 2936 4014 γὰρ
2956 3944 3212 4016 ὐϐριςτὸν
3235 3947 3442 4018 ἐρῶντα
3456 3948 3636 4003 πείθει

2056 4035 2344 4089 καταλύειν
2375 4035 2466 4088 τὸν
2517 4035 2712 4106 ἔρωτα,
2749 4037 2890 4090 κατά
2917 4038 3016 4107 τὴν
3054 4039 3351 4110 παροιμίαν
3375 4083 3389 4104 ,
3422 4039 3539 4104 πῶς
3571 4043 3633 4094 οὐ

2058 4129 2236 4200 πολλῷ
2270 4129 2470 4199 μᾶλλον
2508 4131 2563 4182 αἱ
2617 4132 2986 4200 πνευματικαὶ
3020 4125 3178 4184 αὗται
3216 4133 3420 4204 ἐπῳδαὶ
3476 4153 3635 4205 περι-

2055 4223 2268 4275 έσονται
2299 4221 2394 4274 τοῦ
2444 4219 2645 4284 κακοῦ,
2678 4221 2835 4289 μόνον
2876 4220 2941 4274 ἂν
2982 4222 3252 4290 ἐθέλωμεν
3302 4225 3634 4294 ἀποστῆναι;

2063 4314 2158 4364 Ἂν
2205 4312 2262 4364 δέ
2313 4312 2401 4364 ἀεὶ
2461 4310 2882 4380 προσομιλῶμεν
2922 4313 3016 4364 καὶ
3068 4313 3638 4384 συναναστρεφώμεθα

2057 4405 2178 4464 ταῖς
2223 4400 2567 4464 τοξευούσαις
2599 4402 2746 4469 ἡμᾶς
2789 4401 2857 4452 τὰ
2908 4401 3132 4455 τοιαῦτα
3165 4402 3491 4474 τοξεύματα,
3545 4408 3639 4459 καὶ

2059 4495 2305 4562 λέγοντες
2330 4494 2424 4546 καὶ
2457 4491 2745 4554 ἀκούοντες
2772 4492 2843 4545 τά
2897 4495 3027 4564 παρ’
3063 4494 3309 4559 ἐκείνων,
3368 4497 3639 4568 τρέφομεν

2059 4586 2122 4638 τὸ
2159 4585 2395 4654 νόσημα.
2437 4585 2562 4647 Πῶς
2593 4580 2690 4638 οὖν
2718 4584 2890 4649 ἀξιοῖς
2925 4584 3218 4654 σϐεσθῆναι
3252 4586 3311 4639 τὸ
3353 4587 3484 4658 πῦρ,
3517 4589 3638 4643 καθ’

2062 4678 2298 4748 ἑκάστην
2349 4678 2564 4748 ἡμέραν
2615 4679 2715 4745 τὴν
2765 4676 2936 4746 φλόγα
2979 4678 3278 4739 ἀνάπτων;
3324 4681 3436 4734 Καὶ
3464 4682 3640 4736 ταῦτα

2065 4771 2162 4841 μὲν
2190 4773 2320 4842 ἡμῖν
2345 4771 2414 4824 τὰ
2437 4765 2538 4840 τῆς
2564 4768 2851 4839 συνηθείας
2873 4768 3008 4838 πρὸς
3025 4770 3152 4833 τούς
3172 4773 3327 4835 νέους
3353 4773 3594 4844 εἰρήσθω
3622 4791 3637 4804 ο

2059 4864 2134 4928 ὡς
2192 4866 2302 4926 τοῖς
2359 4879 2422 4932 γε
2466 4862 2713 4934 ἀνδράσι,
2746 4863 2839 4913 καί⁵
2893 4860 3203 4930 φιλοσοφεῖν
3235 4864 3637 4934 ἐπισταμένοις,

2061 4957 2278 5010 πάντων
2339 4954 2540 5025 μείζων
2588 4957 2616 5006 ὁ
2649 4951 2742 5004 τοῦ
2790 4951 2922 5004 Θεοῦ
2971 4952 3154 5020 φόϐος,
3193 4956 3225 5022 ἡ
3276 4954 3374 5026 τῆς
3419 4955 3642 5026 γεέννης

2065 5048 2354 5117 μνήμη,ή
2410 5047 2510 5115 τῆς
2573 5042 2848 5113 βασιλείας
2896 5044 3004 5096 τῶν
3057 5043 3300 5115 οὐρανῶν
3343 5043 3638 5114 ἐπιθυμία’

2067 5139 2225 5191 ικανά
2256 5137 2365 5207 7&9
2401 5136 2575 5190 ταῦτα
2620 5136 2812 5189 σϐέσαι
2844 5136 2906 5188 τὺ
2960 5135 3091 5207 πῦρ.
3140 5137 3294 5189 Μετά
3337 5135 3393 5187 δέ
3441 5136 3648 5193 τούτων

2065 5232 2286 5282 κάκεῖνο
2320 5229 2512 5292 ἐννόει,
2549 5229 2630 5281 ὅτι
2673 5225 2826 5281 οὐδὲν
2862 5227 3049 5298 ἕτερόν
3091 5227 3209 5279 ἐστι
3246 5226 3307 5278 τὸ
3346 5226 3643 5297 δρώμενον,

2063 5315 2096 5382 ἢ
2131 5315 2350 5384 φλέγμα
2373 5313 2468 5366 καὶ
2498 5307 2638 5382 αἷμα
2672 5316 2764 5366 καὶ
2784 5314 2992 5384 τροφῆς
3026 5313 3416 5385 διασεσηπυίας
3445 5317 3637 5385 χυμός.

2078 5407 2240 5458 ’Λλλά
2284 5405 2506 5476 φαιδρὸν
2550 5404 2612 5458 τὸ
2656 5405 2818 5471 ἄνθος
2880 5406 2980 5477 τῆς
3025 5405 3220 5476 ὄψεως,
3266 5407 3449 5478 φησίν.
3503 5401 3640 5456 Ἀλλ’

2129 5568 2157 5609 ιι
2185 5569 2294 5634 M8,,
2313 5571 2392 5634 καὶ
2414 5572 2550 5631 ἡμῶν
2581 5573 2781 5634 πρῶτον.

2134 5642 2157 5692 ς
2187 5631 2445 5691 Legebamr
2468 5631 2782 5692 μεθίστασθαι.

2132 5691 2156 5732 ιλ
2184 5693 2441 5755 Legebamr
2466 5691 2632 5758 τροφή.
