4070 6152
525 282 679 337 οὑδέν
692 280 802 334 τῶν
827 279 1002 334 ἀνθῶν
1021 279 1130 334 τῶν
1158 278 1266 331 ἀπὸ
1286 279 1384 347 τῆς
1411 277 1516 346 γῆς
1545 276 1896 347 φαιδρότερον
1921 291 1936 307 ο
1971 278 2107 332 ἀλλά

527 369 828 429 καὶταῦτα
854 372 1086 441 σήπεται
1130 369 1225 422 καὶ
1260 369 1607 439 μαραίνεται.
1639 367 1731 437 Μὴ
1758 367 1939 419 τοίνυν
1971 368 2108 439 μηδέ

535 462 768 518 ἐνταῦθα
798 461 879 532 τῷ
905 460 1057 516 ἄνθει
1101 461 1336 531 πρόσεχε
1372 476 1386 492 ·
1416 459 1530 513 ἀλλ’
1587 460 1860 530 ἐνδότερον
1889 460 2105 530 διάϐηθι

527 550 609 622 τῷ
637 548 901 619 λογισμῷ,
950 548 1043 602 καὶ
1075 547 1144 600 τὸ-
1164 548 1339 618 δέρμα
1366 547 1428 600 τὸ
1455 546 1620 600 καλὸν
1641 548 1816 599 ἐκεῖνο
1845 545 2107 617 περιελὼν

521 642 603 710 τῷ
650 638 918 710 λογισμῷ,
963 638 1329 710 περιεργάζου
1380 639 1450 692 τά
1497 637 1603 690 ὑπὸ
1651 637 1810 691 τοῦτο
1852 639 2104 707 κείμενα.

538 725 688 784 Ἐπεὶ
715 731 893 785 καὶτὸ
916 730 1026 784 τῶν
1062 729 1399 801 ὑδεριώντων
1430 729 1591 800 σῶμα
1616 729 1932 782 ἀποστίλϐει
1959 730 2103 798 λαμ-

529 823 687 893 πρὸν,
723 823 819 877 καὶ
845 822 994 876 οὑδέν
1038 824 1071 893 ἡ
1103 822 1396 890 ἐπιφάνεια
1450 821 1653 890 φαῦλον
1691 822 1822 891 ἔχει,
1860 820 1997 873 ἀλλά
2036 824 2103 891 τῇ

527 915 705 986 ἐννοίᾳ
750 913 846 968 τοῦ
888 914 1035 968 ένδον
1074 914 1436 982 ἀποκειμένου
1487 912 1663 984 χυμοῦ
1708 912 2103 983 πληττόμενοι,

526 1003 701 1075 φιλεῖν
743 1004 870 1066 τοὺς
913 1002 1188 1066 τοιούτους
1235 1004 1295 1056 οὑ
1353 1004 1651 1075 δυνάμεθα.
1692 1002 1831 1056 Ἀλλ’
1878 1003 2040 1074 ὑγρὸς
2076 1004 2105 1070 δ

524 1094 825 1166 ὀφθαλμὸς,
873 1098 967 1148 καὶ
1011 1094 1229 1165 γοργδς,
1284 1096 1379 1148 καὶ
1431 1095 1612 1157 καλῶς
1659 1094 2038 1163 ἀποτεταμένη
2068 1094 2102 1163 ἡ

525 1186 723 1255 όφρὺς,
745 1184 841 1237 καὶ
862 1186 1133 1238 κυαναῖαί
1171 1184 1509 1255 βλεφαρίδες,
1533 1186 1627 1239 καὶ
1645 1185 1851 1253 ἥμερος
1883 1185 1917 1252 ἠ
1941 1183 2101 1253 κόρη,

528 1277 624 1332 καὶ
651 1276 885 1346 γαληνὸν
920 1275 981 1328 τὸ
1007 1274 1182 1345 δμμα.
1233 1276 1373 1327 Ἀλλ’
1404 1276 1507 1345 ὅρα
1531 1276 1612 1328 ὅτι
1653 1276 1788 1328 αὐτὸ
1818 1274 1976 1326 τοῦτο
2007 1272 2106 1325 πά-

525 1365 611 1419 λιν
665 1366 816 1419 οὑδέν
866 1365 1051 1434 ἕτερόν
1103 1367 1271 1426 ἐστιν,
1322 1364 1355 1434 ἢ
1409 1365 1579 1434 νεῦρα
1623 1363 1719 1417 καὶ
1750 1363 1945 1431 φλέϐες
2001 1363 2102 1415 καὶ

527 1457 726 1526 ὑμένες
781 1457 876 1510 καὶ
909 1457 1187 1527 ἀρτηρίαι.
1223 1455 1294 1507 Σὺ
1338 1455 1397 1508 δέ
1439 1472 1529 1523 μοι
1564 1454 1655 1507 τδν
1715 1454 1880 1507 καλὸν
1910 1453 2101 1506 τοῦτον

528 1546 809 1616 ὀφθαλμὸν
834 1546 1087 1612 ἐννόησον
1115 1544 1396 1613 νοσοῦντα,
1431 1542 1706 1613 γηρῶντα,
1740 1543 1846 1596 ὑπὸ
1863 1543 2100 1612 ἀθυμίας

518 1637 943 1708 μαραινόμενον,
997 1636 1102 1689 ὑπὸ
1155 1636 1327 1706 ὀργῆς
1375 1633 1640 1696 οἰδοῦντα,
1673 1633 1790 1697 πῶς
1834 1634 2095 1705 εἰδεχθὴς,

527 1728 646 1792 πῶς
668 1728 877 1798 ταχέως
910 1726 1226 1788 ἀπόλλυται,
1251 1726 1344 1779 καὶ
1368 1727 1478 1778 τῶν
1497 1724 1894 1794 γεγραμμένων
1916 1727 2099 1795 τάχιον

525 1820 869 1889 ἀφανίζεται.
919 1818 1051 1871 Ἀπὸ
1075 1817 1278 1871 τούτων
1308 1816 1584 1886 μετάγαγε
1614 1816 1711 1886 τὴν
1735 1816 1976 1868 διάνοιαν
2007 1816 2099 1867 ἐπὶ

523 1912 586 1962 τὸ
628 1910 823 1974 κάλλος
848 1909 910 1963 τὸ
946 1908 1214 1979 ἀληθινόν.
1254 1907 1394 1959 Ἀλλ’
1425 1908 1524 1976 οὑχ
1552 1906 1682 1977 ὁρῶ,
1719 1905 1872 1976 φησὶ,
1910 1905 2104 1967 κάλλος

522 2000 724 2071 ψυχῆς.
790 2000 931 2053 Ἀλλ’
987 1999 1054 2053 ἂν
1114 1998 1323 2069 ἐθέλῃς,
1371 1997 1493 2066 ὄψει
1524 2015 1538 2029 σ
1587 1996 1681 2050 καὶ
1735 1996 1923 2066 ὥσπερ
1979 1997 2104 2058 τοὺς

525 2093 764 2156 ἀτύντας
812 2092 1011 2154 καλοὺς
1066 2091 1212 2144 ἐστιν
1240 2089 1537 2160 ὀφθαλμοῖς
1574 2088 1650 2159 μὴ
1685 2087 1858 2140 ἰδόντα
1901 2087 1977 2157 τῷ
2027 2087 2103 2156 νῷ

1236 164 1296 220 S.
1331 162 1615 221 JOANNIS
1652 160 2143 221 CIIRYSOSTOMI
2178 161 2500 221 ARCHIEP.
2540 159 3096 221 CONSTANTINOI‘.

3661 163 3779 217 ιειι

2210 277 2487 349 θαυμάσαι
2509 292 2525 309 ’
2543 275 2684 331 οὕτω
2710 277 2931 331 δυνατὸν
2956 276 3133 346 ψυχῆς
3162 274 3358 340 κάλλος
3379 274 3550 347 χωρὶς
3575 275 3782 345 ὀφθαλ-

2210 368 2328 434 μῶν
2362 368 2511 423 ίδεῖν.
2538 369 2651 439 Οὑχ
2679 368 2999 438 ὑπέγραψας
3028 367 3286 431 πολλάκις
3325 368 3539 439 μορφὴν
3571 370 3775 439 εὐειδῆ,

2205 459 2300 511 καὶ
2317 458 2522 521 επαθές
2542 476 2595 513 τι
2617 458 2754 529 πρὸς
2781 458 2880 529 τὴν
2916 458 3235 523 διάπλασιν;
3276 459 3656 515 Ἀνατύπωσον
3680 462 3779 514 καὶ

2203 547 2302 601 νῦν
2338 548 2517 619 ψυχῆς
2544 548 2758 614 κάλλος,
2799 551 2892 602 καὶ
2919 549 3159 619 ἐντρύφα
3186 551 3254 619 τῇ
3301 550 3597 621 εὐμορφίᾳ.
3632 552 3780 604 Ἀλλ’

2202 638 2301 706 οὑχ
2340 639 2472 709 δρῶ,
2510 638 2704 708 φησὶν,
2750 640 3037 708 ἀσώματα.
3069 638 3180 691 Καὶ
3231 639 3336 709 μὴν
3372 640 3483 692 τῶν
3507 642 3780 709 σωμάτων

2203 729 2345 782 αὑτά
2385 728 2583 800 μᾶλλον
2607 729 2821 799 δρῶμεν
2848 728 2926 798 τῷ
2952 728 3043 798 νῷ.
3080 728 3180 781 Διά
3211 729 3369 781 τοῦτο
3400 728 3529 797 γοῦν
3560 729 3777 800 θαυμά-

2203 819 2370 889 ζομεν
2409 819 2503 872 καὶ
2533 818 2799 888 ἀγγέλους
2834 818 2928 872 καὶ
2953 817 3347 889 ἀρχαγγέλους,
3394 819 3570 872 καίτοι
3599 836 3660 887 γε
3697 821 3775 890 μὴ

2199 909 2455 980 δρῶντες,
2484 910 2576 962 καὶ
2628 911 2845 980 τρόπων
2882 909 2984 980 ἢθη
3042 909 3136 961 καὶ
3176 909 3354 978 ψυχῆς
3385 910 3607 978 ἀρετήν.
3655 911 3805 984 Kay!

2201 1001 2319 1071 ἴδῃς
2342 1001 2626 1071 ἄνθρωπον
2651 1003 2867 1071 ἐπιεικῆ
2898 1000 2993 1053 καὶ
3018 1000 3257 1070 μέτριον,
3289 1001 3491 1069 μᾶλλον
3515 1000 3773 1071 θαυμάσῃ
3798 1000 3805 1008 ’

2202 1091 2391 1144 τοῦτον
2438 1092 2471 1161 ἢ
2524 1092 2737 1160 ἐκείνην
2786 1091 2887 1161 τὴν
2944 1088 3216 1159 εὔμορφον
3267 1089 3390 1158 ὄψιν
3429 1107 3442 1120 ’
3505 1092 3609 1143 κᾶν
3657 1091 3778 1160 ἴδῃς

2203 1181 2590 1252 ὑϐριζόμενον,
2631 1181 2726 1235 καὶ
2756 1181 2988 1252 φέροντα
3041 1181 3391 1250 ἀδικούμενον
3418 1222 3434 1244 ,
3488 1180 3628 1249 μετὰ
3673 1180 3773 1234 τοῦ

2203 1268 2506 1339 θαυμάζειν
2539 1269 2638 1339 ἔρα
2662 1270 2771 1322 τῶν
2797 1270 3070 1332 τοιούτων,
3098 1269 3202 1323 κᾶν
3256 1271 3625 1340 γεγηρακότες
3646 1263 3771 1322 ὦσι.

2202 1362 2312 1414 Καὶ
2338 1360 2446 1431 γὰρ
2474 1361 2712 1414 τοιοῦτον
2748 1361 2847 1431 τῆς
2877 1361 3055 1432 ψυχῆς
3084 1362 3144 1413 τὸ
3167 1360 3395 1424 κάλλος,
3422 1360 3517 1414 καὶ
3545 1362 3605 1413 ἐν
3625 1362 3771 1431 γήρᾳ

2204 1452 2429 1513 πολλοὺς
2450 1452 2561 1522 ἔχει
2592 1453 2717 1515 τοὺς
2740 1451 2996 1524 ἐραστὰς,
3024 1453 3119 1505 καὶ
3144 1452 3400 1505 οὐδέποτε
3426 1451 3769 1522 μαραίνεται,

2198 1543 2320 1596 ἀλλ’
2350 1542 2501 1595 ἀνθεῖ
2545 1542 2825 1611 διηνεκῶς.
2865 1542 2964 1595 Ἵν’
3001 1537 3093 1595 οὖν
3138 1543 3233 1594 καὶ
3267 1541 3422 1593 αὐτοὶ
3459 1540 3617 1594 τοῦτο
3640 1557 3772 1605 κτη-

2206 1634 2447 1704 σώμεθα,
2462 1633 2583 1695 τοὺς
2604 1633 2825 1702 ἔχοντας
2845 1633 2974 1685 αὑτὸ
2989 1631 3263 1702 θηρῶμεν,
3282 1630 3369 1684 καὶ
3390 1630 3769 1702 ἐρασταὶμθὶ]

2202 1727 2407 1782 τούτων
2423 1725 2718 1796 γινώμεθα.
2743 1725 2897 1778 Οῦτω
2937 1725 3046 1793 γὰρ
3071 1726 3167 1777 καὶ
3206 1724 3360 1778 αὑτοὶ
3408 1722 3769 1791 δυνησόμεθα,

2206 1816 2412 1886 ταύτην
2437 1816 2690 1879 λαϐόντες
2713 1816 2811 1884 τὴν
2837 1815 3157 1886 εὐμορφίαν,
3187 1813 3296 1866 τῶν
3320 1811 3553 1866 αἰωνίων
3578 1814 3769 1865 ἐπιτυ-

2210 1910 2330 1977 χεῖν
2382 1904 2602 1973 ἀγαθῶν
2634 1922 2645 1933 ·
2671 1898 2745 1957 ὧν
2786 1904 2994 1973 γένοιτο
3033 1904 3238 1966 πάντας
3280 1902 3427 1973 ἡμᾶς
3455 1904 3769 1970 μετασχεῖν,

2209 1999 2389 2068 χάριτι
2418 1996 2513 2049 καὶ
2537 1994 2934 2065 φιλανθρωπίᾳ,
2966 1996 3060 2049 καὶ
3082 1995 3152 2050 τά
3180 1994 3329 2066 ἑξῆς.

2034 2360 2278 2414 OMIAIA
2317 2361 2401 2417 H'.

531 2459 815 2527 Ἔχοντες
883 2450 996 2511 οὖν
1045 2454 1163 2523 τὴν
1223 2454 1534 2507 διακονίαν
1568 2455 1797 2520 ταύτην
1821 2496 1836 2512 .
1900 2454 2094 2520 καθὼς

595 2548 959 2618 ἠλεήθημεν,
1003 2549 1115 2601 οὐκ
1133 2545 1530 2615 ἑκκακοῦμεν,
1563 2546 1701 2600 ἀλλ’
1721 2545 2096 2615 ἀπειπάμεθα

595 2640 671 2693 τὰ
700 2637 932 2708 κρυπτὰ
959 2637 1070 2706 τῆς
1092 2637 1418 2706 αἰσχύνης.

595 2737 666 2787 α’.
692 2730 907 2800 Ἐπειδὴ
931 2729 1142 2801 μεγάλα
1156 2729 1477 2798 ἐφθέγξατο,
1495 2728 1589 2783 καὶ
1608 2730 1883 2793 Μωῦσέως
1907 2730 2097 2784 ἑαυτὸν

524 2821 832 2893 προύθηκε,
888 2822 983 2874 καὶ
1044 2821 1172 2884 τοὺς
1214 2821 1442 2883 πιστοὺς
1494 2820 1725 2885 πάντας,
1775 2822 2097 2891 αἰσθόμενος

524 2913 624 2983 τῆς
654 2911 959 2983 ὑπερϐολῆς
988 2911 1196 2964 καὶτοῦ
1230 2911 1493 2981 μεγέθους
1519 2912 1626 2965 τῶν
1642 2912 1967 2982 εἰρημένων,
1996 2913 2096 2982 ὅρα

532 3003 650 3067 πῶς
677 3004 955 3073 μετριάζει
984 3002 1167 3055 πάλιν.
1193 3002 1303 3056 Καὶ
1325 3002 1433 3072 γὰρ
1455 3003 1703 3073 ἐπαίρειν
1730 3002 1838 3055 ἔδει
1862 3003 1952 3056 διά
1971 3004 2097 3066 τοὺς

522 3088 986 3159 ψευδαποστόλους
1013 3089 1109 3142 καὶ
1127 3089 1256 3151 τοὺς
1288 3090 1584 3160 ἀκροατὰς,
1616 3091 1710 3143 καὶ
1729 3090 1889 3144 πάλιν
1923 3108 2096 3162 παρα-

527 3178 811 3250 μυθεῖσθαι
871 3179 963 3232 τὸν
1009 3178 1204 3248 δγκον,
1256 3180 1378 3249 οὑχὶ
1427 3179 1730 3252 καθαιρεῖν,
1776 3182 1900 3234 ἐπεὶ
1940 3182 2096 3235 τοῦτο

525 3269 810 3334 παίζοντος
846 3265 935 3341 ἦν.
979 3272 1180 3341 Διόπερ
1223 3272 1428 3342 ἐτέρως
1470 3272 1600 3325 αὐτὸ
1658 3272 1965 3343 μεθοδεύει,
2015 3273 2095 3343 τῷ

520 3360 820 3425 δεικνύναι,
852 3362 935 3415 ὅτι
954 3362 1054 3417 οὑκ
1074 3364 1140 3416 ἐκ
1158 3362 1265 3416 τῶν
1287 3364 1501 3416 οἰκείων
1531 3364 1969 3435 κατορθωμάτων
1998 3366 2092 3433 γέ-

521 3469 699 3521 γονεν,
730 3452 845 3505 ἀλλ’
890 3456 954 3507 ἐκ
982 3454 1080 3524 τῆς
1123 3452 1218 3508 τοῦ
1264 3454 1397 3508 θεοῦ
1427 3454 1838 3527 φιλανθρωπίας
1860 3456 1918 3508 τδ
1944 3458 2052 3510 πᾶν
2079 3475 2091 3488 ·

518 3542 602 3596 διὸ
623 3542 715 3596 καί
731 3559 914 3612 φησιν,
939 3545 1226 3612 Ἔχοντες
1246 3538 1362 3600 οὖν
1380 3543 1494 3613 τὴν
1514 3543 1828 3598 διακονίαν
1846 3546 2091 3611 ταύτην.

521 3632 692 3687 Οὐδὲν
724 3634 834 3704 γάρ
865 3633 1024 3687 πλέον
1075 3635 1236 3704 ἡμεῖς
1266 3635 1684 3706 εἰσηνέγκαμεν,
1712 3634 1828 3688 ἀλλ’
1855 3634 1886 3704 ἦ
1915 3634 2094 3688 διάκο-

523 3741 607 3779 νοι
640 3723 805 3795 μόνον
831 3725 1150 3795 ἐγενόμεθα,
1172 3727 1264 3780 καὶ
1287 3729 1399 3790 τοῖς
1427 3727 1576 3795 παρά
1591 3725 1686 3778 τοῦ
1710 3726 1846 3779 Θεοῦ
1867 3726 2096 3780 δοθεῖσιν

523 3815 972 3885 ὑπηρετήσαμεν.
994 3816 1196 3887 Διόπερ
1216 3817 1318 3871 οὐκ
1340 3812 1461 3870 εἰπε
1485 3816 1751 3887 παροχὴν,
1777 3817 1897 3870 οὑδέ
1931 3835 2097 3888 χορη-

524 3902 657 3970 γίαν
680 3940 696 3965 ,
730 3902 868 3955 ἀλλά
905 3904 1257 3967 Διακονίαν,
1305 3905 1399 3956 καὶ
1438 3905 1560 3958 οὑδέ
1610 3904 1784 3975 τούτῳ
1822 3906 2091 3977 ἠρκέσθη,

523 3991 639 4046 ἀλλ’
682 3994 949 4063 ἐπήγαγε,
993 3993 1198 4059 Καθὼς
1236 3994 1598 4064 ἠλεήθημεν.
1650 3998 1759 4052 Καὶ
1801 3997 1910 4068 γὰρ
1937 3998 2095 4051 τοῦτο

524 4082 677 4143 αὑτὸ,
709 4084 860 4155 φησί,
890 4084 951 4136 τὸ
982 4083 1399 4154 διακονήσασθαι
1422 4072 1650 4150 τούτοις,
1687 4087 1795 4140 ἀπὸ
1818 4087 1967 4141 ἐλέου
1999 4089 2095 4141 καὶ

522 4173 951 4246 φιλανθρωπίας.
1014 4175 1206 4229 Καίτοι
1261 4192 1325 4244 γε
1387 4175 1570 4241 ἐλέους
1623 4178 1742 4232 ἐστί
1782 4179 1844 4231 τὸ
1907 4179 2093 4232 κακῶν

519 4264 844 4331 ἀπαλλάξαι,
873 4266 991 4337 οὐχὶ
1025 4265 1085 4318 τὸ
1118 4268 1209 4319 καὶ⁵
1238 4264 1475 4321 τοσαῦτα
1510 4265 1694 4322 δοῦναι
1724 4267 1936 4337 ἀγαθάο
1974 4268 2090 4322 ἀλλ’

519 4358 549 4410 ὁ
580 4357 673 4411 τοῦ
705 4355 839 4411 Θεοῦ
869 4356 1016 4422 ἕλεος
1060 4358 1154 4410 καὶ
1180 4355 1336 4410 τοῦτο
1370 4356 1503 4429 ἔχει.
1543 4360 1665 4413 Οὐκ
1692 4359 2086 4431 ἐκκακοῦμεν.

519 4449 628 4502 Kal
655 4449 812 4502 τοῦτο
851 4449 908 4502 δέ
956 4448 1122 4503 αὑτοῦ
1160 4451 1228 4520 τῇ
1280 4449 1659 4523 φιλανθρωπίᾳ
1692 4454 1985 4521 λογιστέον.
2018 4454 2090 4506 Τὸ

518 4539 648 4610 γὰρ,
688 4539 891 4606 Καθὼς
919 4540 1297 4610 ἠλεήθημεν,
1344 4543 1440 4595 καὶ
1479 4543 1619 4614 ὑπὲρ
1644 4543 1745 4612 τῆς
1791 4544 2087 4610 διακονίας,

518 4633 614 4684 καὶ
644 4632 783 4703 ὑπὲρ
826 4631 940 4692 τοῦ,
976 4634 1097 4685 Οὐκ
1147 4631 1544 4695 ἐκκακοῦμεν,
1581 4632 1830 4702 εἰρῆσθαι
1876 4632 2084 4705 νόμιζε.

519 4721 627 4773 Καὶ
659 4720 851 4774 σκόπει
876 4721 989 4785 πῶς
1020 4723 1309 4786 σπουδάζει
1328 4722 1396 4776 τὰ
1414 4722 1538 4777 καθ’
1564 4725 1753 4777 ἐαυτὸν
1782 4726 2083 4798 καθαιρεῖν.

517 4810 620 4862 Τὸν
641 4809 750 4880 γάρ
784 4811 1045 4866 τοιούτων
1066 4813 1385 4881 ἀξιωθέντα,
1427 4814 1583 4884 φησί,
1610 4816 1705 4869 καὶ
1730 4816 2082 4888 τηλικούτων,

516 4902 611 4955 καὶ
640 4900 814 4957 ταῦτα
834 4902 941 4955 ἀπὸ
974 4903 1126 4958 ἐλέου
1161 4907 1319 4975 μόνον
1347 4906 1440 4961 καὶ
1469 4905 1903 4979 φιλανθρωπίας,
1932 4911 2085 4965 οὐδὲν

517 4991 660 5062 μέγα
710 4990 987 5056 τοιούτους
1051 4993 1455 5049 ἐπιδείκνυσθαι
1506 4995 1724 5060 πόνους,
1757 4997 1852 5050 καὶ
1901 4999 2085 5051 κινδυ-

513 5082 690 5136 νεύειν
713 5085 810 5138 καὶ
838 5086 1177 5157 πειρασμοὺς
1201 5088 1511 5157 ὑπομένειν.
1534 5086 1631 5141 Διά
1657 5086 1814 5141 τοῦτο
1838 5088 1897 5141 οὑ
1927 5090 2086 5156 μόνον

514 5174 575 5226 οὑ
605 5176 1038 5248 καταπίπτομεν,
1066 5177 1202 5233 ἀλλὰ
1229 5179 1321 5232 καὶ
1344 5180 1624 5250 χαίρομεν,
1652 5180 1746 5232 καὶ
1772 5182 2086 5252 παρρησια-

515 5263 739 5334 ζόμεθα.
766 5266 948 5321 Εἰπὼν
980 5269 1131 5337 γοῦν,
1166 5271 1287 5325 Οὐκ
1328 5271 1719 5340 ἐκκακοῦμεν,
1766 5273 2045 5343 ἐπήγαγεν
2068 5290 2080 5304 ·

528 5355 680 5410 Ἀλλ’
723 5356 1090 5426 ἀπειπάμεθα
1121 5361 1192 5414 τὰ
1209 5360 1443 5429 κρυπτὰ
1481 5360 1590 5428 τῆς
1641 5364 1963 5430 αἰσχύνης,
1986 5361 2073 5430 μὴ

514 5445 981 5514 περιπατοῦντες
1019 5449 1089 5501 ἐν
1136 5452 1485 5517 πανουργίᾳ,
1531 5450 1683 5519 μηδὲ
1747 5452 2075 5517 δολοῦντες

512 5535 621 5591 τὸν
650 5537 836 5606 λόγον
866 5537 971 5591 τοῦ
1012 5538 1175 5592 Θεοῦ.
1223 5540 1326 5590 Καὶ
1353 5539 1404 5591 τί
1440 5542 1574 5601 ἐστι,
1612 5541 1687 5594 Τὰ
1707 5541 1940 5607 κρυπτὰ
1963 5539 2071 5607 τῆς

2200 2454 2533 2521 αίσχύνηςς
2558 2455 2671 2509 Ούκ
2696 2454 3157 2526 ἐπαγγελλόμεθα.
3183 2456 3339 2525 φησὶ,
3372 2458 3468 2509 καὶ
3491 2457 3772 2527 ὑπισχνοῦ·

2205 2545 2348 2614 μεθα
2381 2547 2608 2615 μεγάλα,
2631 2549 2724 2599 καὶ
2750 2546 2913 2616 ἔτερα
2930 2546 2986 2599 δέ
3019 2548 3107 2599 ἐπὶ
3134 2548 3242 2600 τῶν
3268 2548 3446 2617 ἔργων
3464 2549 3765 2619 δείκνυμεν,

2203 2637 2458 2708 καθάπερ
2490 2640 2688 2691 ἐκεῖνοι
2719 2655 2732 2669 ·
2763 2638 2844 2690 διὸ
2881 2639 2974 2691 καὶ
3009 2638 3182 2705 ἔλεγε,
3217 2639 3295 2692 Τὰ
3341 2641 3492 2693 κατὰ
3540 2642 3769 2706 πρόσω-

2200 2740 2339 2786 κον,
2357 2727 2620 2789 βλέπετε
2648 2743 2662 2757 ·
2700 2727 2836 2781 ἀλλά
2864 2726 3095 2780 τοιοῦτοί
3123 2729 3309 2797 ἐσμεν,
3343 2726 3447 2783 οἷοι
3495 2730 3766 2801 ὀρώμεθα,

2200 2821 2319 2890 οὐχ).
2349 2820 2573 2889 διπλόην
2619 2822 2742 2875 τινὰ
2780 2821 3023 2892 ἔχοντες,
3085 2820 3208 2874 οὔτε
3251 2823 3475 2877 τοιαῦτα
3527 2824 3770 2888 λέγοντες

2201 2911 2294 2963 καὶ
2322 2910 2600 2974 ποιοῦντες
2624 2911 2661 2964 ὂ.
2689 2912 2950 2982 κρύπτειν
2979 2912 3060 2964 δεῖ
3099 2913 3192 2965 καὶ
3224 2913 3537 2975 συσκιάζειν
3579 2917 3770 2983 αἰσχυ-

2201 3003 2461 3071 νομένους
2499 3003 2592 3056 καὶ
2625 3003 3012 3073 ἐρυθριῶντας.
3067 3006 3177 3057 Καὶ
3197 3003 3349 3056 τοῦτο
3408 3005 3767 3074 ἑρμηνεύων,

2200 3092 2469 3161 ἐπήγαγε,
2498 3090 2594 3159 Μὴ
2621 3093 3087 3159 περιπατοῦντες
3105 3094 3172 3146 ἐν
3188 3092 3531 3158 πανουργίᾳ.
3568 3094 3635 3144 Ὃ
3656 3094 3770 3163 γὰρ

2200 3180 2446 3250 ἐνόμιζον
2465 3180 2735 3251 ἐγκώμιον
2750 3178 2888 3235 εἶναι
2905 3182 3284 3245 ἐκεῖνοι,τοῦτο
3303 3181 3520 3252 αἰσχρὸν
3544 3183 3638 3233 καί
3666 3199 3767 3234 κο-

2199 3271 2527 3341 ταγέλαστον
2549 3274 2856 3340 ἀποφαίνει.
2877 3272 3025 3346 [495]
3042 3275 3106 3327 Τί
3128 3274 3183 3328 δέ
3208 3276 3370 3333 ἐστιν,
3386 3274 3481 3325 Ἐν
3498 3287 3760 3340 itaret-po

2199 3364 2328 3430 γ[ᾳ;
2347 3360 2517 3427 Δόξαν
2539 3358 2683 3432 εἶχον
2709 3364 2783 3435 μὴ
2810 3364 3195 3434 λαμϐανόντων
3225 3368 3439 3428 ἐκεῖνοι,
3460 3365 3766 3435 ἐλάμϐανον

2198 3453 2257 3506 δέ
2290 3455 2384 3507 καὶ
2416 3454 2690 3525 ἔκρυπτον
2718 3471 2732 3486 ·
2769 3455 2925 3520 δόξαν
2947 3455 3090 3527 εἶχον
3125 3457 3296 3525 ἁγίων
3328 3461 3421 3511 καὶ
3456 3458 3769 3511 ἀποστόλων

2198 3545 2436 3616 δοκίμων
2459 3584 2473 3609 ,
2504 3543 2644 3617 ἦσαν
2697 3547 2754 3599 δὲ
2803 3549 3011 3618 μυρίων
3063 3549 3329 3619 γέμοντες
3386 3548 3586 3602 κακῶν.
3626 3547 3768 3601 Ἀλλ’

2200 3636 2378 3704 ἡμεῖς,
2432 3636 2594 3705 φησὶ,
2626 3636 2839 3700 τούτοις
2882 3639 3233 3709 ἀπειπάμεθα
3286 3640 3479 3711 (ταῦτα
3522 3639 3632 3710 γὰρ
3676 3641 3767 3693 καὶ

2190 3728 2415 3795 ,κρυπτά
2439 3728 2698 3799 αἰσχύνης
2736 3729 2934 3797 καλεῖ),
2982 3730 3211 3783 τοιοῦτοι
3265 3731 3417 3794 δντες
3448 3726 3550 3784 οἷοι
3579 3733 3765 3798 φαινό-

2199 3818 2359 3887 μεθα,
2385 3819 2480 3871 καὶ
2511 3819 2661 3873 οὐδὲν
2696 3819 2909 3890 ἔχοντες
2947 3822 3431 3891 συνεσκιασμένον,
3461 3824 3554 3874 καὶ
3582 3823 3681 3875 οῦκ
3707 3825 3765 3876 ἐν

2193 3907 2270 3978 τῷ
2300 3908 2399 3978 βίῳ
2437 3909 2595 3978 μόνον
2640 3910 2830 3979 τούτῳ,
2858 3909 2993 3963 ἀλλά
3031 3912 3126 3964 καὶ
3173 3913 3230 3963 ἐν
3263 3912 3412 3982 αὑτῴ
3445 3912 3522 3983 τῷ
3556 3912 3763 3983 κηρύγο

2198 4014 2328 4068 ματι
2354 4014 2369 4030 ο
2394 3997 2549 4050 τοῦτο
2601 4000 2708 4067 γάρ
2733 4001 2900 4063 ἐστιν,
2932 4000 3084 4053 Οὐδὲ
3106 4000 3432 4067 δολοῦντες
3450 4002 3557 4055 τὸν
3578 4005 3762 4070 λόγον

2192 4084 2299 4138 τοῦ
2328 4084 2496 4149 Θεοῦ,
2535 4086 2696 4141 ἀλλὰ
2734 4086 2806 4154 τῇ
2826 4088 3157 4157 φανερώσει
3193 4089 3304 4157 τῆς
3333 4092 3620 4159 ἀληθείας
3643 4108 3657 4120 ο
3697 4092 3758 4145 οὑ

2193 4173 2269 4244 τῷ
2318 4176 2597 4248 προσώπῳ
2635 4178 2727 4230 καὶ
2777 4181 2844 4249 τῇ
2890 4178 3176 4244 ἐπιδείξει,
3217 4181 3336 4234 ἀλλ’
3363 4182 3499 4252 αὐτῇ
3548 4184 3614 4252 τῇ
3652 4182 3759 4235 τῶν

2182 4258 2529 4336 ’πραγμάτων
2557 4268 2846 4335 ἀποδείξει.
2878 4271 3286 4337 Συνιστῶντες
3320 4271 3573 4338 ἑαυτοὺς
3608 4274 3757 4339 πρὸς

2190 4355 2398 4411 πᾶσαν
2421 4358 2782 4427 συνείδησιν
2808 4361 3149 4429 ἀνθρώπων.
3176 4363 3250 4434 Οὐ
3280 4363 3385 4434 γὰρ
3421 4365 3634 4427 πιστοῖς
3665 4366 3759 4434 μάν

2190 4465 2302 4514 νον,
2353 4450 2488 4504 ἀλλά
2517 4453 2610 4504 καὶ
2648 4452 2898 4516 ἀπίστοις
2952 4454 3121 4523 ἐσμὲν
3173 4432 3487 4524 κατάδηλοι,
3539 4432 3759 4526 προκείο

2192 4556 2343 4609 μενοι
2409 4543 2572 4595 πᾶσιν
2626 4544 2707 4606 είς
2755 4543 2816 4596 τὸ
2860 4544 3249 4614 βασανίσαιτά
3288 4547 3550 4617 ἡμέτερα,
3589 4546 3665 4611 ὼς
3693 4547 3760 4600 ἂν

2189 4631 2422 4685 ἐθέλοιεν
2456 4649 2469 4664 ·
2503 4626 2596 4686 καὶ
2637 4634 2746 4687 ἀπὸ
2781 4636 2969 4688 τούτου
3004 4636 3331 4706 συνίσταμεν
3379 4637 3623 4702 ἑαυτοὺς,
3660 4638 3760 4689 οὑκ

2188 4719 2296 4773 ἀπὸ
2341 4718 2436 4773 τοῦ
2487 4722 2893 4793 ὑποκρίνεσθαι,
2921 4725 3016 4778 καὶ
3060 4728 3397 4795 προσωπεῖον
3444 4727 3761 4797 περιφέρειν

2188 4810 2432 4881 φαιδρόν.
2463 4812 2711 4883 Λέγομεν
2735 4810 2827 4868 οὖν
2866 4815 3032 4886 μηδὲν
3058 4817 3390 4886 λαμϐάνειν,
3421 4818 3515 4871 καὶ
3548 4819 3727 4887 μάρτυ

2192 4919 2288 4971 ρας
2317 4903 2460 4972 ὑμᾶς
2502 4904 2772 4975 καλοῦμεν
2805 4923 2817 4935 ·
2843 4906 3073 4977 λέγομεν
3116 4909 3281 4978 μηδὲν
3309 4911 3602 4963 συνειδέναι
3634 4912 3761 4962 ἐαυ-

2184 4994 2296 5056 τοῖς
2318 4999 2571 5067 πονηρὸν,
2604 4997 2699 5049 καὶ
2730 4997 2917 5052 τούτου
2948 4998 3111 5052 πάλιν
3152 5001 3251 5071 τὴν
3289 5003 3593 5072 μαρτυρίαν
3626 5001 3757 5071 παρ’

2185 5085 2339 5155 ὑμῶν
2361 5085 2609 5158 ἕλκομεν,
2641 5091 2700 5142 οὑ
2738 5090 2989 5162 καθάπερ
3032 5095 3250 5157 ἐκεῖνοι,
3277 5091 3662 5156 συσκιάζοντες
3690 5094 3757 5144 τὰ

2184 5175 2305 5228 καθ’
2338 5177 2585 5242 ἑαυτοὺς,
2619 5178 2845 5243 πολλοὺς
2879 5181 3181 5235 ἀπατῶσιν.
3228 5182 3416 5251 Ἡμεῖς
3455 5181 3512 5235 δὲ
3538 5182 3632 5233 καὶ
3666 5181 3759 5233 τὸν

2185 5267 2300 5336 βίον
2334 5266 2491 5337 ήμῶν
2525 5270 2691 5322 πᾶσιν
2736 5272 2815 5329 είς
2866 5272 3027 5341 μέσον
3058 5274 3405 5344 προτίθεμεν,
3439 5271 3620 5325 καὶτὸ
3656 5274 3758 5344 κή-

2187 5373 2372 5426 ρυγμα
2399 5359 2838 5430 ἀπογυμνοῦμεν,
2872 5362 3012 5418 ὥστε
3055 5364 3261 5427 πάντας
3300 5364 3430 5417 αὐτὸ
3478 5380 3760 5433 καταμαν-

2185 5446 2386 5501 θάνειν.
2448 5444 2579 5502 Εἶτα
2617 5449 2801 5521 ἐπειδὴ
2845 5455 2894 5504 οἰ
2953 5455 3167 5507 ἄπιστοι
3212 5456 3439 5524 ἠγνόουν
3465 5456 3629 5509 αὑτοῦ
3658 5455 3759 5524 τὴν

2189 5542 2359 5609 ἰσχὺν,
2390 5541 2695 5613 ἐπήγαγεν,
2727 5547 2806 5599 ὅτι
2844 5548 2943 5617 οὐχ
2971 5549 3124 5617 ήμῶν
3145 5549 3303 5604 τοῦτο
3323 5551 3598 5623 ἔγκλημα,
3620 5549 3759 5604 ἀλλά
