4070 6152
493 206 596 264 e55

495 327 640 378 nium
673 321 935 394 petimus;
962 335 1065 374 non
1099 329 1148 371 ιιι
1179 317 1251 371 illi
1280 317 1476 381 Solent,
1505 316 1595 384 qui
1637 313 1762 367 vitia
1794 328 1888 368 sua
1918 314 2066 367 obte-

492 423 683 484 gentes
718 414 914 466 multos
945 410 1236 480 decipiunt.
1269 407 1400 460 Nam
1434 421 1530 462 nos
1557 415 1610 459 et
1639 406 1800 458 vitam
1834 415 2071 458 nostram

496 506 699 558 cunctis
725 505 773 555 in
807 501 1038 555 medium
1070 498 1439 569 proponimus,
1468 506 1524 550 ct
1555 495 1851 549 doctrinam
1881 494 1952 546 ita
1975 509 2070 564 pa—

497 598 794 657 tefacitnns,
824 602 880 646 ut
907 591 1082 661 quivis
1113 605 1229 644 cam
1256 588 1556 658 intelligere
1585 586 1810 656 possint.
1835 584 1952 640 Mox
1978 601 2072 637 au-

495 697 621 749 tem,
649 683 769 752 quia
797 680 1041 736 infideles
1065 680 1172 733 vim
1197 677 1417 748 hujusce
1437 677 1695 731 doctrina:
1719 675 1934 728 minime
1954 689 2072 742 per-

490 783 728 843 spectam
754 771 1040 835 habebant,
1061 769 1357 839 subjunxit,
1381 765 1482 821 hoc
1503 784 1605 820 non
1628 765 1748 829 sibi,
1775 764 1866 818 sed
1885 779 2068 818 eorum

491 863 697 931 stttpori
746 861 1124 932 assignandum
1154 873 1294 924 esse,
1326 858 1513 911 dicens
1539 876 1552 911 :
1583 857 1636 910 5.
1673 855 1820 920 Quod
1849 859 1896 906 si
1921 854 2070 906 etiam

495 963 722 1024 opertum
754 965 826 1009 est
867 951 1184 1024 evangelium
1228 957 1474 1012 nostrum,
1519 949 1573 1001 in
1615 947 1678 1000 iis
1723 946 1808 1016 qui
1861 953 2071 1016 pereunt

498 1057 724 1116 opertum
753 1055 846 1111 est,
868 1045 921 1098 4.
951 1044 1002 1096 in
1030 1043 1208 1114 quibus
1252 1039 1390 1093 Deus
1420 1041 1572 1110 hujus
1601 1037 1778 1090 swculi
1802 1035 2070 1089 excaecauit

492 1147 676 1190 mentes
698 1135 1001 1204 inﬁdelium.
1034 1131 1186 1200 Quod
1203 1131 1290 1186 hic
1309 1130 1456 1193 dicit,
1487 1128 1727 1183 eamdem
1757 1127 1865 1181 vim
1885 1127 2064 1191 habet,

488 1243 644 1288 quam
667 1241 749 1287 ea,
775 1240 893 1294 qua:
922 1223 1065 1292 prius
1086 1221 1254 1276 dixit:
1279 1219 1407 1274 Aliis
1449 1219 1575 1272 odor
1605 1218 1782 1271 mortis
1818 1231 1989 1270 sumus
2015 1215 2066 1269 in

489 1328 721 1382 mortem,
749 1317 863 1367 aliis
887 1315 1018 1368 odor
1049 1314 1161 1368 υἱιω
1187 1314 1240 1366 in
1267 1312 1420 1364 vitam
1451 1309 1524 1381 (2.
1560 1309 1677 1362 Cor.
1705 1307 1761 1361 2.
1793 1306 1904 1378 16).

560 1409 614 1462 2.
647 1408 1093 1462 Marcionistarum
1117 1415 1162 1459 et
1191 1402 1591 1457 Manio/imorum
1611 1417 1822 1455 errores.
1845 1429 1915 1440 —
1931 1397 2067 1466 Quid

490 1501 588 1555 sibi
633 1501 744 1553 vult
788 1499 955 1562 illud,
1004 1495 1140 1550 Deus
1184 1495 1339 1566 hujus
1391 1494 1604 1548 sa'culi?
1644 1491 1744 1559 Qui
1786 1491 2067 1546 Marcionis

487 1590 678 1646 ntorbo
706 1589 967 1653 laborant,
997 1587 1064 1641 de
1091 1601 1270 1642 rerum
1298 1585 1518 1654 Opiﬁce,
1545 1585 1690 1652 justo
1714 1581 1925 1652 quidem
1954 1581 2064 1648 illo,

488 1683 583 1738 sed
611 1696 716 1735 non
746 1681 870 1734 item
896 1679 1057 1745 bono,
1077 1675 1190 1730 lucc
1217 1677 1353 1730 dicta
1381 1689 1501 1729 esse
1523 1672 1856 1728 contendunt
1880 1689 1893 1724 :
1921 1672 2068 1725 aiunt

491 1776 633 1829 enim
669 1773 830 1827 Deum
863 1769 1146 1841 quemdam
1170 1769 1373 1838 justum
1400 1784 1519 1822 esse
1541 1809 1555 1831 ,
1588 1767 1677 1835 qui
1716 1781 1820 1819 non
1861 1765 1932 1820 sit
1967 1764 2065 1818 bo-

487 1879 605 1921 nus.
639 1860 917 1917 Manil-luci
950 1869 1128 1914 autem
1161 1859 1242 1913 his
1271 1857 1450 1914 verbis
1478 1856 1748 1911 diabolum
1779 1853 2066 1924 significari

486 1961 777 2019 asserunt;
829 1955 951 2007 hinc
997 1952 1248 2008 nimirum
1295 1951 1455 2004 alium
1506 1964 1684 2004 rerum
1732 1947 2065 2002 conditarum

486 2046 816 2114 effectorem,
840 2057 1034 2116 praeter
1061 2059 1181 2099 eum
1211 2043 1300 2111 qui
1325 2057 1447 2096 vere
1476 2051 1846 2110 est,pcrquam
1874 2038 2065 2093 stolide

487 2141 740 2193 inducere
780 2137 1082 2205 cupientes.
1115 2135 1286 2187 Habet
1325 2133 1466 2185 enim
1497 2132 1597 2185 hoc
1624 2131 1881 2184 familiare
1922 2130 2065 2184 Scri-

486 2242 658 2300 ptura,
687 2237 743 2282 ut
770 2227 929 2282 deum
956 2240 1059 2280 non
1085 2241 1149 2278 ex
1179 2224 1341 2292 ipsius
1364 2221 1636 2290 dignitate,
1662 2221 1752 2274 sed
1784 2229 1848 2274 ex
1878 2236 2062 2275 eorum

487 2323 575 2391 qui
624 2320 790 2390 ipsius
828 2317 1052 2387 imperio
1095 2315 1322 2369 subsunt
1365 2312 1722 2366 imbecillitate
1753 2321 2060 2380 nuncupet:

488 2424 545 2467 ιιι
614 2427 737 2467 ettm
808 2423 1109 2463 mamonam
1174 2406 1445 2459 dominum
1503 2405 1667 2466 dicit,
1718 2411 1770 2458 et
1822 2414 2064 2460 ventrem

489 2504 669 2557 deum.
701 2499 883 2570 Neque
911 2499 1052 2554 enim
1085 2509 1364 2567 propterea
1406 2503 1499 2549 aut
1542 2504 1728 2548 venter
1769 2494 1899 2548 dens
1943 2505 2061 2560 est,

488 2608 580 2652 aut
607 2609 852 2652 mamona
892 2592 1162 2655 dominus,
1189 2591 1285 2646 sed
1331 2603 1514 2644 eorum
1562 2589 1796 2654 demum,
1830 2587 1917 2656 qni
1946 2601 2066 2641 sese

492 2691 618 2756 ipsis
649 2685 993 2756 subjecerint.
1026 2686 1224 2738 Atvero
1255 2696 1351 2736 nos
1404 2679 1531 2735 illttd
1570 2679 1830 2745 dicimus,
1864 2693 1967 2732 non
1996 2677 2066 2732 de

492 2780 701 2834 diabolo
729 2775 945 2848 quidem
980 2775 1092 2829 hcce
1135 2773 1295 2827 verba
1325 2771 1500 2826 habita
1531 2786 1682 2836 esse,
1713 2769 1808 2824 sed
1847 2769 1914 2825 de
1944 2769 2063 2824 titti-

494 2885 767 2927 versorum
815 2870 962 2934 Deo;
1014 2869 1194 2937 sicque
1241 2866 1518 2936 legendum
1567 2879 1718 2927 esse,
1771 2863 2066 2932 ln/idelium

494 2959 646 3034 hujus
674 2959 855 3015 sazculi
901 2969 1092 3012 mentes
1133 2955 1273 3010 Deus
1313 2957 1596 3010 excaecauit.
1646 2955 1776 3009 Nam
1831 2954 2064 3010 futurum

494 3070 667 3109 arvum
696 3051 943 3106 infideles
983 3065 1087 3104 non
1124 3047 1433 3102 habiturum
1477 3057 1555 3101 est
1578 3047 1727 3112 ,«scd
1769 3047 1870 3100 hoc
1908 3046 2064 3101 dum-

495 3160 659 3199 taxat.
709 3146 768 3203 Si
803 3156 928 3196 vero
971 3139 1091 3210 quis
1120 3137 1276 3193 aliter
1303 3138 1474 3208 legat,
1520 3153 1712 3206 nempe
1755 3136 1887 3190 Deus
1912 3138 2067 3206 hujus

495 3234 697 3306 δίει-απ,
720 3247 788 3288 ne
821 3233 946 3288 hinc
978 3231 1191 3302 quidem
1233 3232 1337 3284 ulla
1364 3230 1645 3284 calumnia:
1680 3245 1808 3283 ansa
1838 3229 2067 3298 porrigi-

503 3338 592 3382 tur
620 3345 634 3382 :
666 3341 837 3398 neque
863 3323 1004 3382 enim
1031 3324 1156 3378 hinc
1181 3323 1508 3388 ostenditur,
1535 3337 1655 3378 eum
1686 3321 1841 3390 hujus
1868 3331 2068 3375 tantum

493 3419 678 3476 saeculi
721 3418 890 3474 Deum
931 3432 1075 3473 esse.
1119 3417 1250 3472 Nam
1293 3426 1347 3472 et
1392 3415 1528 3470 Deus
1565 3415 1678 3470 ett-li
1711 3415 1934 3479 dicitur;
1969 3429 2068 3470 nec

497 3523 674 3566 tamen
724 3511 840 3565 caeli
873 3519 1078 3565 tantum
1124 3506 1265 3563 Deus
1303 3519 1426 3562 est:
1471 3517 1560 3572 et,
1607 3507 1748 3562 Deus
1793 3507 2068 3576 praesentis

491 3603 632 3669 diei,
669 3602 936 3666 dicimus;
983 3617 1081 3656 nec
1122 3609 1296 3655 tamen
1343 3599 1455 3653 hazc
1496 3600 1568 3652 ita
1607 3598 1832 3653 dicimus
1857 3640 1872 3665 ,
1918 3598 2070 3668 quasi

497 3696 663 3763 ipsius
711 3693 991 3760 imperium
1039 3691 1194 3745 unius
1230 3691 1331 3745 diei
1375 3691 1631 3761 angustiis
1666 3691 2067 3746 circumscriba-

496 3801 632 3839 nnts.
686 3784 823 3851 Quin
866 3785 1006 3836 Dens
1043 3797 1255 3852 quoque
1293 3783 1522 3836 Abraha:
1558 3782 1786 3848 dicitur,
1831 3793 1884 3837 et
1933 3783 2090 3838 Deus»

501 3879 666 3940 Isaae,
695 3886 746 3931 et
775 3877 916 3929 Deus
941 3873 1139 3940 Iacob;
1170 3891 1289 3928 cum
1319 3884 1492 3928 tamen
1521 3889 1623 3928 non
1655 3891 1838 3930 eorum
1867 3883 2070 3930 tantum

500 3971 568 4024 sit
597 3970 754 4023 Deus.
788 3973 862 4021 Ac
888 3967 1142 4036 pleraque
1171 3967 1331 4020 etiam
1361 3967 1461 4020 alia
1495 3965 1793 4035 hujusmodi
1834 3967 2073 4022 testimo-

497 4063 583 4115 nia
633 4060 684 4114 in
729 4057 1019 4127 Scripturis
1064 4057 1289 4111 inveniri
1337 4067 1578 4126 possunt.
1626 4058 1865 4122 Quonam
1911 4073 2072 4127 porro

491 4154 655 4210 modo
684 4151 1007 4209 excaecavit?
1048 4149 1164 4204 Non
1191 4163 1319 4204 sane
1345 4150 1484 4219 quod
1523 4151 1574 4204 in
1624 4149 1723 4204 hoc
1762 4150 1866 4204 ulla
1910 4151 2072 4220 ipsius

489 4245 634 4300 actio
664 4243 844 4308 fuerit,
873 4243 1030 4308 absit,
1051 4242 1144 4296 sed
1171 4242 1291 4312 quia
1317 4241 1368 4295 id
1396 4256 1581 4311 passus
1601 4252 1682 4296 est
1707 4255 1769 4295 ac
1795 4241 2067 4311 permisit:

484 4357 619 4394 aiam
645 4340 938 4406 Scriptura:
966 4351 1084 4391 mos
1112 4346 1193 4389 est
1222 4334 1293 4388 ita
1321 4335 1465 4404 loqui
1489 4376 1501 4397 ,
1533 4343 1586 4388 ιιι
1612 4349 1732 4388 cum
1761 4334 1853 4400 ait,
1886 4333 2072 4388 Tradi-

493 4432 566 4486 dit
591 4449 674 4485 eos
698 4430 841 4484 Deus
878 4430 931 4482 in
958 4429 1227 4498 reprobum
1255 4443 1451 4480 sensum
1483 4425 1671 4496 (Rom.
1703 4427 1748 4479 1.
1779 4424 1901 4497 28).
1931 4425 2074 4494 Quo-

496 4525 636 4577 niam
663 4521 805 4575 enim
835 4519 909 4572 illi
937 4519 1080 4587 prius
1103 4516 1259 4570 fidem
1283 4517 1624 4584 abrogarunt,
1643 4531 1806 4584 seque
1829 4516 2074 4588 indignos

499 4612 844 4670 reddiderunt
887 4610 976 4678 qui
1016 4608 1268 4680 mysteria
1313 4607 1587 4669 viderent,
1630 4607 1749 4660 illos
1780 4608 1891 4675 ipse
1919 4607 2075 4662 dere-

500 4707 671 4776 liquit.
696 4702 832 4771 Quid
861 4703 1000 4756 enim
1029 4702 1116 4756 hic
1143 4701 1444 4756 faciendum
1474 4700 1622 4753 erat?
1643 4715 1708 4753 an
1740 4701 1932 4754 invitos
1963 4715 2072 4755 tra-

507 4798 656 4860 here,
683 4808 885 4862 suaque
913 4806 1105 4846 arcana
1134 4793 1198 4845 iis
1217 4833 1232 4858 ,
1262 4791 1350 4862 qui
1377 4804 1439 4844 ea
1465 4804 1688 4844 cernere
1722 4790 2070 4856 recusabant,

500 4887 746 4960 aperire?
773 4886 842 4940 At
870 4884 1036 4952 magis
1053 4884 1502 4952 contempsissent
1529 4880 1626 4945 illi,
1649 4896 1747 4935 nec
1771 4880 1952 4936 videre
1983 4897 2076 4935 vo-

502 4983 762 5037 luissent:
805 4977 944 5032 unde
970 4975 1128 5030 etiam
1171 4989 1292 5029 mox
1323 4974 1622 5043 snhjunxit,
1655 4973 1722 5028 Ut
1756 4990 1854 5027 non
1879 4975 2074 5046 fulgeat

497 5080 571 5131 eis
589 5073 904 5130 'illuminatio
935 5069 1177 5142 evangelii
1201 5069 1377 5138 gloria:
1402 5068 1620 5131 Christi;
1649 5083 1752 5122 non
1779 5067 1844 5123 ad
1872 5065 1992 5131 hoc,
2019 5076 2076 5120 ttt

508 5168 617 5222 Deo
643 5182 748 5220 non
793 5163 1047 5227 credant,
1076 5159 1171 5217 sed
1204 5169 1259 5214 ut
1297 5175 1416 5230 qua:
1443 5160 1548 5213 sint
1578 5159 1782 5214 interna
1822 5157 2074 5228 mysteria

501 5256 734 5313 infidelis
777 5271 926 5310 mers
971 5253 1191 5308 minime
1234 5252 1558 5322 perspiciat:
1592 5247 1733 5318 quod
1778 5249 1936 5305 etiam
1984 5249 2074 5304 ille

506 5348 661 5402 nobis
684 5346 973 5417 prmcepit,
1003 5355 1060 5398 ut
1091 5361 1158 5399 ne
1193 5342 1504 5412 margaritas
1531 5351 1653 5396 ante
1688 5357 1878 5411 porcos
1905 5338 2072 5410 conji-

502 5444 706 5499 ciamus
753 5436 984 5513 (Matth.
1026 5440 1080 5494 7.
1123 5438 1156 5494 6
1183 5439 1225 5509 ).
1259 5437 1468 5492 Etenim
1497 5437 1540 5490 si
1568 5451 1629 5491 ea
1661 5435 1958 5490 inﬁdelibus
1983 5433 2076 5489 de-

503 5536 738 5604 texisset,
773 5547 962 5592 corum
984 5528 1206 5586 morbus
1235 5528 1402 5598 magis
1430 5526 1802 5582 ineruduisset.
1854 5524 1984 5579 Nam
2030 5527 2074 5580 si

495 5629 620 5700 quis
639 5627 809 5686 oculis
832 5627 1162 5686 laborantem
1183 5629 1335 5691 cogat
1356 5618 1555 5673 solates
1579 5618 1756 5673 radios
1785 5617 2069 5686 respicere,

1221 201 1278 259 S.
1319 202 1594 256 JOXNNIS
1628 197 2101 255 CilliYSOSTUTlll
2144 197 2456 252 ARClllEl’.
2500 195 3031 254 CONSTAK‘TINOP.

3661 202 3768 258 ιττίς

2180 315 2322 368 illius
2363 313 2723 370 infirmitatem
2769 320 2936 388 magis
2965 325 3143 386 anget.
3187 314 3308 369 Ideo
3346 314 3536 370 medici
3567 329 3662 370 cos
3719 318 3772 365 tn

2179 404 2415 459 tenebris
2439 405 2651 460 abditos
2679 416 2892 472 tenent,
2919 423 2986 462 ne
3013 407 3232 461 morbus
3267 406 3619 475 ingravescat.
3677 406 3767 459 Sic

2175 512 2304 567 ergo
2333 498 2418 552 hic
2453 499 2613 553 etiam
2657 499 3059 569 intelligendum
3087 507 3205 565 est,
3244 513 3441 566 nempe
3480 499 3624 568 quod
3675 498 3766 552 icti

2179 591 2310 645 vitio
2351 605 2448 644 suo
2479 589 2738 644 increduli
2780 592 3121 645 exstiterunt.
3157 589 3418 644 lncreduli
3459 601 3634 644 autem
3688 589 3766 644 ef.

2176 680 2318 743 fecti,
2340 681 2602 749 evangelii
2626 694 2820 734 arcana
2847 681 3065 735 minime
3085 680 3194 748 jam
3218 690 3624 749 perspexerunt,
3645 680 3758 735 Deo

2175 771 2424 823 nimirum
2465 770 2644 825 radios
2683 785 2810 824 suos
2846 770 2950 824 illis
2996 770 3251 839 deinceps
3299 770 3650 825 subducente.
3699 770 3755 825 Id

2174 863 2313 931 quod
2344 863 2505 916 etiam
2537 862 2811 932 discipulis
2838 862 3047 917 dicebat
3066 904 3080 929 ,
3114 862 3393 933 Propterea
3420 864 3470 916 in
3497 864 3755 932 parabolis

2174 953 2353 1020 loquor
2390 953 2511 1021 ipsis
2531 995 2544 1019 ,
2575 954 2692 1024 quia
2722 952 2983 1006 audientes
3012 969 3112 1007 non
3149 954 3363 1010 audiunt
3394 953 3620 1024 (Matth.
3661 957 3750 1009 15.

2176 1041 2295 1113 15).
2341 1041 2536 1096 Verum
2567 1052 2624 1095 ut
2662 1041 2802 1111 quod
2843 1041 2964 1097 dico
3003 1041 3249 1112 exemplo
3289 1042 3575 1097 dilucidius
3617 1042 3750 1109 fiat,

2174 1132 2313 1202 finge
2341 1133 2594 1201 gentilem
2626 1148 2747 1188 esse
2775 1134 3100 1203 quemdam,
3140 1135 3232 1202 qui
3274 1149 3362 1190 res
3400 1145 3609 1194 nostras
3653 1151 3752 1204 pro

2173 1225 2363 1279 fabulis
2402 1225 2593 1278 habeat
2620 1244 2634 1278 :
2663 1226 2748 1279 hic
2777 1226 2936 1294 igitur
2958 1226 3148 1296 plusne
3177 1241 3240 1281 ex
3266 1242 3332 1281 eo
3357 1227 3624 1282 commodi
3659 1243 3752 1282 ca-

2173 1318 2301 1387 piet,
2317 1319 2361 1370 si
2385 1317 2655 1385 ingressus
2670 1316 2830 1372 fuerit
2855 1333 2918 1372 ac
2943 1318 3190 1388 mysteria
3212 1319 3747 1388 conspexerit,~quatn

2170 1408 2214 1461 si
2246 1407 2375 1462 l’oris
2403 1408 2647 1462 maneat?
2689 1407 2812 1463 Ideo
2836 1409 2908 1460 ait
2935 1427 2949 1462 :
2991 1407 3057 1462 Ut
3083 1424 3182 1462 non
3211 1409 3402 1479 fulgeat
3425 1409 3531 1462 illis
3557 1410 3749 1464 illumi-

2171 1499 2310 1553 uatio
2325 1514 2345 1561 ;
2377 1499 2429 1552 in
2459 1498 2618 1553 Musis
2643 1499 2893 1554 videlicet
2917 1499 3136 1554 historia
3161 1501 3336 1555 adhuc
3360 1501 3590 1556 luerens.
3613 1503 3743 1558 Nam

2169 1589 2310 1660 quod
2330 1590 2470 1644 illius
2486 1599 2641 1645 actate
2657 1590 2856 1645 Jndteis
2869 1591 3082 1655 accidit,
3102 1591 3200 1646 hoc
3221 1592 3479 1662 evangelii
3507 1603 3747 1663 tempore

2171 1683 2423 1738 omnibus
2460 1682 2768 1740 infidelibus
2797 1700 2893 1739 usu
2921 1686 3089 1739 venit.
3136 1684 3401 1751 Quidnam
3435 1696 3612 1741 autem
3639 1689 3742 1752 sit,

2169 1773 2310 1843 quod
2345 1774 2420 1827 ait
2456 1783 2702 1843 opertum
2738 1775 2844 1828 illis
2870 1774 3033 1830 fuisse
3058 1776 3370 1830 acminime
3392 1776 3741 1844 declaratum,

2168 1865 2289 1920 audi
2335 1866 2460 1935 quid
2503 1866 2622 1935 ipse
2663 1865 2845 1921 dicat:
2890 1865 2958 1922 Ut
2998 1883 3097 1921 non
3123 1869 3314 1938 fulgeat
3342 1869 3414 1922 eis
3440 1869 3746 1924 illuminatio

2167 1959 2411 2028 evangelii
2455 1959 2632 2029 gloriae
2676 1956 2893 2023 Christi,
2937 1959 3022 2028 qui
3058 1969 3132 2014 est
3169 1961 3336 2030 imago
3379 1960 3494 2015 Dei.
3542 1961 3746 2030 Nempe

2168 2047 2308 2118 quod
2339 2049 2484 2104 orbis
2510 2049 2653 2104 salus
2682 2066 2812 2105 crux
2851 2057 2936 2104 est
2973 2051 3244 2120 ipsiusque
3271 2051 3443 2120 gloria
3468 2093 3484 2117 ,
3515 2054 3655 2123 quod
3700 2057 3745 2110 is

2167 2141 2257 2210 qui
2285 2140 2572 2195 cruciﬁxus
2597 2150 2683 2195 est
2707 2156 2831 2196 cum
2861 2142 3029 2197 multo
3053 2141 3338 2210 splendore
3363 2152 3614 2199 venturus
3642 2147 3739 2204 sit:

2167 2242 2326 2302 atque
2351 2231 2453 2284 alia
2483 2231 2660 2284 omnia
2678 2273 2691 2294 ,
2725 2240 2830 2285 tam
2858 2233 3174 2302 pratsentia,
3202 2249 3359 2302 quam
3388 2235 3592 2300 futura,
3637 2245 3741 2290 tam

2169 2324 2220 2376 in
2247 2334 2520 2392 aspectum
2547 2323 2790 2378 cadentia
2809 2364 2824 2388 ,
2854 2337 3012 2392 quam
3038 2325 3246 2378 occulta
3273 2334 3328 2378 et
3351 2325 3631 2380 ineﬂ‘ahilis
3660 2343 3744 2380 re-

2167 2429 2286 2468 rum
2311 2429 2430 2484 quae
2458 2423 2838 2483 exspectantur
2866 2413 3144 2469 adventus.
3177 2412 3331 2469 Unde
3355 2415 3512 2469 etiam
3537 2421 3739 2482 αὐγάσαι

2167 2505 2336 2572 dixit,
2381 2506 2481 2560 hoc
2518 2515 2603 2561 est
2643 2506 2936 2573 irradiare,
2983 2522 3052 2562 ne
3091 2516 3144 2561 tu
3189 2516 3357 2562 totum
3403 2509 3454 2561 in
3500 2508 3597 2563 hac
3638 2512 3739 2564 vita

2167 2613 2396 2668 qumras.
2425 2599 2518 2654 Est
2543 2599 2684 2654 enim
2714 2599 2858 2654 velut
2897 2597 3077 2653 radius
3109 2599 3374 2668 quispiam
3399 2598 3627 2668 Spiritus
3647 2642 3661 2660 .
3691 2601 3738 2654 id

2168 2691 2310 2761 quod
2340 2707 2479 2746 nunc
2504 2692 2682 2746 datur.
2729 2690 2788 2746 ld
2811 2690 2958 2761 quod
2998 2692 3160 2745 etiam
3199 2691 3445 2762 superius
3471 2692 3739 2756 indicans,

2170 2781 2348 2838 odoris
2373 2797 2435 2836 ac
2460 2795 2670 2836 rursum
2701 2782 2935 2853 pignoris
2963 2783 3224 2837 vocabulo
3251 2797 3378 2838 usus
3415 2792 3498 2837 est
3516 2824 3531 2848 ,
3568 2783 3744 2838 decla-

2170 2889 2294 2926 rans
2336 2873 2502 2926 multo
2551 2873 2806 2940 majorem
2835 2883 3037 2942 partem
3067 2875 3118 2926 in
3172 2874 3348 2928 l'nturo
3397 2890 3512 2928 sevo
3556 2891 3746 2942 exstzc-

2169 2963 2418 3018 ctandam
2463 2978 2602 3017 esse.
2630 2962 2734 3019 Sed
2782 2973 2956 3018 tamen
3006 2963 3120 3018 haec
3167 2965 3334 3017 omnia
3390 2964 3520 3033 ipsis
3561 2968 3744 3019 eccul-

2172 3062 2278 3108 tata
2327 3064 2485 3118 sunt,
2512 3062 2566 3109 et
2606 3053 2676 3108 ob
2722 3054 2774 3108 id
2821 3055 3107 3118 occultata,
3132 3054 3250 3123 quia
3277 3053 3418 3121 prius
3445 3054 3542 3121 ipsi
3575 3055 3739 3109 fidem

2172 3145 2283 3201 Deo
2308 3145 2652 3214 abrogarunt.
2679 3146 2890 3206 Postea,
2917 3154 2975 3199 ιιι
2998 3145 3258 3208 ostendat,
3278 3159 3379 3197 non
3400 3143 3589 3197 Christi
3619 3161 3738 3197 nso-

2171 3235 2261 3302 do,
2292 3237 2386 3290 sed
2413 3236 2576 3290 etiam
2604 3237 2775 3290 Patris
2802 3236 3024 3305 gloriam
3057 3236 3121 3291 iis
3148 3234 3456 3304 incognitam
3479 3248 3615 3299 esse,
3642 3237 3732 3304 qtti

2171 3343 2289 3381 eam
2323 3343 2426 3381 non
2455 3327 2726 3392 viderunt,
2764 3327 2988 3397 adjecit,
3032 3327 3131 3392 Qui
3156 3337 3226 3380 est
3253 3329 3414 3398 imago
3445 3324 3556 3380 Dei.
3598 3327 3742 3382 Cave

2171 3419 2310 3473 enim
2353 3419 2404 3472 in
2448 3418 2662 3472 Christo
2707 3419 2822 3473 solo
2867 3419 3148 3474 consistas.
3205 3418 3274 3474 Ut
3313 3419 3456 3473 enim
3489 3433 3582 3488 per
3624 3434 3746 3473 eum

2173 3511 2382 3564 Patrem
2408 3511 2606 3572 cernis,
2635 3511 2727 3575 ita,
2756 3512 2800 3563 si
2829 3509 2995 3578 ipsius
3021 3510 3242 3579 gloriam
3274 3510 3484 3579 ignores
3503 3549 3520 3574 ,
3550 3525 3616 3563 ne
3650 3510 3748 3563 Pa-

2175 3601 2269 3656 tris
2296 3601 2507 3669 quidem
2532 3601 2754 3671 gloriam
2781 3601 3047 3668 cognitam
3077 3600 3319 3656 habebis.
3357 3603 3412 3656 5.
3456 3600 3578 3654 Non
3619 3603 3748 3655 enim

2173 3707 2264 3744 nos
2289 3691 2425 3761 ipsos
2453 3691 2788 3760 prwdicamus
2808 3731 2822 3754 ,
2852 3690 2939 3742 sed
2978 3687 3232 3743 Christum
3261 3689 3295 3742 J
3301 3707 3441 3744 esum
3471 3689 3748 3747 Dominum

2175 3795 2422 3848 nostrum,
2451 3800 2540 3837 nos
2569 3793 2733 3834 autem
2759 3798 2928 3836 servos
2956 3793 3144 3836 vestros
3172 3800 3260 3852 per
3282 3782 3480 3836 Iesum.

2245 3875 2298 3928 5.
2341 3877 2565 3942 Quinam
2600 3875 2683 3928 hic
2711 3876 2976 3929 sermonis
3007 3884 3160 3929 tenor
3189 3876 3308 3930 est?
3343 3876 3467 3944 quid
3503 3878 3601 3930 hoc
3629 3893 3746 3931 cum

2175 3965 2240 4020 iis
2264 4007 2278 4033 ,
2310 3981 2429 4034 quae
2457 3975 2580 4019 ante
2612 3965 2749 4019 dicta
2783 3975 2938 4031 sunt,
2981 3981 3265 4021 commune
3296 3967 3492 4022 habet?
3537 3968 3626 4022 Vel
3656 3983 3746 4022 eos

2177 4065 2326 4110 notat
2382 4067 2438 4109 ut
2491 4055 2804 4110 insolentius
2849 4071 2969 4111 sese
3018 4055 3322 4122 efferentes,
3374 4067 3427 4111 et
3478 4057 3746 4126 discipulis

2176 4147 2402 4204 suadere
2452 4147 2744 4215 cupientes,
2778 4156 2834 4201 ut
2880 4148 2945 4202 ab
2975 4163 3160 4202 eorum
3191 4149 3490 4202 nominibus
3520 4149 3618 4202 sibi
3651 4164 3745 4201 no-

2177 4256 2299 4295 men
2340 4241 2646 4308 imponant,
2675 4239 2812 4292 sicut
2854 4239 2904 4291 in
2938 4241 3216 4308 superiore
3241 4241 3464 4309 epistola
3498 4240 3706 4295 dicebat
3730 4282 3746 4304 ,

2178 4332 2289 4403 Ego
2319 4349 2429 4385 sunt
2461 4331 2636 4393 Pauli,
2668 4347 2760 4402 ego
2785 4342 2952 4383 autem
2982 4330 3166 4401 Apollo
3190 4332 3272 4401 (1.
3297 4330 3416 4385 Cor.
3440 4332 3494 4385 5.
3519 4333 3576 4400 4)
3604 4350 3618 4385 :
3659 4344 3744 4386 aut

2175 4423 2316 4478 aliud
2343 4422 2593 4493 quiddam
2624 4423 2995 4492 gravissimum
3027 4421 3307 4492 significat.
3325 4421 3588 4488 Quidnam
3617 4423 3745 4478 hoc!

2177 4516 2436 4582 Quoniam
2477 4516 2795 4568 acerrimum
2832 4515 2881 4568 in
2923 4514 3066 4581 ipsos
3103 4515 3299 4569 bellum
3350 4515 3425 4569 illi
3454 4515 3748 4586 gerebant,

2177 4619 2338 4679 atque
2370 4607 2588 4662 insidias
2616 4605 2848 4677 undique
2879 4606 3007 4675 ipsis
3033 4606 3330 4662 Struebant.
3375 4605 3532 4672 Num,
3561 4607 3746 4676 inquit,

2179 4703 2458 4757 adversum
2491 4716 2588 4755 nos
2619 4701 2864 4770 pugnatis
2884 4743 2898 4767 ,
2931 4716 2994 4755 ac
3023 4716 3128 4756 non
3157 4700 3414 4757 adversus
3441 4715 3565 4756 eum
3591 4701 3680 4769 qui
3729 4712 3757 4750 a

2181 4794 2331 4848 nobis
2357 4792 2704 4863 pra-dicatur?
2725 4807 2898 4862 neque
2923 4793 3066 4846 enim
3091 4792 3334 4862 nosipsos
3366 4791 3750 4859 praedicamus:

2180 4904 2278 4958 ego
2309 4903 2498 4943 servus
2526 4902 2642 4940 sum
2669 4929 2684 4952 ,
2733 4899 2832 4956 ego
2860 4901 3044 4940 eorum
3075 4885 3165 4954 qui
3193 4885 3624 4954 prtedicationem
3655 4899 3752 4938 cx-

2178 4980 2380 5048 cipiunt
2408 4979 2668 5042 minister,
2688 4991 2903 5047 operam
2929 4989 3144 5032 onmem
3169 4977 3319 5031 alteri
3350 4990 3570 5041 navans,
3593 4984 3758 5044 atque

2181 5069 2345 5138 ipsius
2375 5068 2557 5137 gloria:
2585 5081 2741 5121 causa
2768 5065 2976 5135 quidvis
3000 5066 3217 5120 faciens.
3245 5066 3442 5135 Itaque,
3465 5063 3591 5119 dum
3625 5063 3756 5117 mihi

2183 5159 2378 5212 bellum
2429 5157 2622 5222 infers,
2671 5171 2732 5210 ea
2777 5171 2894 5226 qua:
2925 5156 3069 5210 illius
3098 5165 3223 5210 sunt
3264 5156 3473 5225 dejicis.
3525 5154 3756 5210 Tantum

2181 5250 2321 5304 enim
2351 5249 2520 5315 abest,
2547 5259 2598 5302 ut
2633 5263 2699 5302 ex
2728 5246 3036 5316 evangelico
3061 5261 3285 5302 munere
3308 5246 3592 5316 quidquam
3624 5244 3757 5298 mihi

2180 5356 2423 5411 arrogant
2449 5381 2463 5406 ,
2495 5350 2554 5392 ιιι
2582 5353 2649 5394 ne
2676 5353 2866 5394 servus
2911 5338 3124 5408 quidem
3165 5348 3344 5392 vester
3371 5351 3492 5392 esse
3538 5345 3757 5407 propter

2179 5434 2452 5490 Christum
2478 5439 2825 5485 recusaturus
2849 5431 2970 5495 sim,
2998 5427 3427 5500 quandoquidem
3456 5427 3556 5497 ipsi
3584 5427 3760 5480 visum

2143 5574 2146 5578 ί
2181 5534 2264 5578 est
2307 5532 2454 5578 tanto
2486 5522 2539 5574 in
2569 5521 2740 5591 pretio
2772 5535 2866 5576 vos
2895 5518 3127 5587 habere,
3157 5527 3409 5588 tantoque
3447 5531 3633 5572 amore
3663 5531 3757 5571 vos

2183 5601 2457 5684 complecti
2487 5654 2502 5680 ,
2548 5629 2616 5695 ac
2660 5612 2845 5669 salutis
2877 5622 3067 5668 vestra:
3115 5625 3272 5668 causa
3316 5610 3527 5681 quidvis
3572 5624 3749 5680 agere.
