4070 6152
491 290 595 347 ῘΒἹ

488 402 620 475 φῶς
665 401 923 472 λάμψαι,
967 399 1244 470 ἔλαμψεν
1279 402 1350 454 ἐν
1387 400 1518 468 ταῖς
1568 401 1840 468 καρδίαις
1881 400 2066 469 ὑμῶν.

494 493 650 561 Εἶδες
701 493 820 557 πῶς
866 491 1032 547 πάλιν
1082 494 1196 555 τοῖς
1235 490 1458 564 ζητοῦσι
1508 492 1607 563 τὴν
1653 493 1812 557 δόξαν
1855 494 2071 561 ἐκείνην

495 585 625 639 ἰδεῖν
662 583 759 655 τὴν
795 580 1264 652 ὑπερϐάλλουσαν,
1316 580 1418 652 τὴν
1461 581 1740 646 Μωῦσέως
1772 581 1937 650 λέγω,
1967 581 2073 636 δεί-

491 692 650 730 κνυσι
677 672 819 745 μετά
851 672 1171 745 προσθήκης
1192 673 1654 744 ἀστράπτουσαν;
1691 673 1959 746 Καθάπερ
1990 675 2072 738 είς

490 768 550 820 τὸ
599 766 889 836 πρόσωπον
941 766 1244 830 Μωῦσέως,
1294 763 1468 828 οὕτως
1506 766 1587 829 είς
1634 765 1736 829 τάς
1791 767 2070 838 ὑμετέρας

488 858 716 928 καρδίας
753 856 985 928 ἔλαμψε,
1025 855 1181 927 φησί.
1216 856 1328 910 Καὶ
1362 856 1629 928 πρότερον
1662 858 2070 930 ἀναμιμνήσκει

488 949 600 1004 τῶν
616 951 672 1003 ἐν
701 949 846 1020 ἀρχῇ
870 949 970 1018 τῆς
1000 948 1231 1012 κτίσεως
1252 949 1582 1019 γενομένων,
1602 947 1864 1021 αἰσθητοῦ
1893 948 2072 1019 φωτὸς

490 1039 587 1094 καὶ
616 1039 844 1103 σκότους
875 1037 1165 1111 αἰσθητοῦ,
1209 1039 1424 1102 δεικνὺς
1477 1040 1561 1092 ὅτι
1611 1038 1753 1110 αὕτη
1805 1040 2069 1111 μείζωνὴ

480 1128 841 1203 δημιουργία.
909 1128 1019 1182 Kal
1069 1126 1173 1180 ποῦ
1224 1123 1403 1190 εἶπεν,
1449 1127 1549 1180 Ἐκ
1627 1127 1887 1192 σκότους
1944 1124 2071 1195 φῶς

489 1219 766 1289 λάμψαι;
806 1217 894 1271 Ἑν
928 1218 1072 1289 ἀρχῇ
1102 1219 1198 1270 καὶ
1234 1218 1292 1270 ἐν
1323 1214 1628 1287 προοιμίοις
1669 1215 1773 1285 τῆς
1801 1214 2030 1279 κτίσεως
2050 1230 2065 1246 ’

485 1313 714 1378 Σκότος
747 1309 857 1382 γάρ
889 1307 988 1381 ἦν,
1027 1309 1215 1380 φησὶν,
1251 1310 1451 1362 ἐπάνω
1482 1307 1591 1376 τῆς
1617 1308 1915 1362 ἀϐύσσου.
1959 1308 2069 1361 Kal

490 1400 665 1458 εἶπεν
690 1405 724 1456 ό
757 1401 928 1468 Θεὸς,
959 1401 1281 1469 Γενηθήτω
1313 1397 1439 1470 φῶς
1459 1415 1474 1430 ·
1504 1398 1605 1452 καὶ
1644 1397 1882 1468 ἐγένετο
1921 1399 2066 1468 φῶς.

503 1495 667 1549 Ἀλλά
697 1496 819 1548 τότε
848 1493 948 1566 μὲν
977 1487 1098 1545 εἰπε
1116 1535 1130 1558 ,
1169 1491 1508 1559 Γενηθήτω,
1544 1491 1641 1545 καί
1669 1489 1909 1559 ἐγένετο
1934 1508 1947 1522 ·
1975 1491 2070 1545 νῦν

490 1584 549 1639 δέ
580 1585 683 1638 οὐκ
706 1580 880 1648 εἶπεν,
910 1580 1027 1635 ἀλλ’
1072 1580 1236 1645 αὐτὸς
1279 1581 1410 1652 ἡμῖν
1454 1580 1648 1649 γέγονε
1684 1579 1800 1649 φῶς
1820 1596 1835 1610 ⁸
1866 1579 1926 1633 οὐ
1961 1580 2069 1653 γὰρ

489 1671 664 1742 εἶπεν,
700 1675 781 1727 ὃτι
831 1673 929 1728 καὶ
966 1672 1061 1727 νῦν
1103 1668 1276 1739 εἶπεν,
1309 1672 1426 1726 ἀλλ’
1482 1671 1647 1736 αὐτὸς
1697 1672 1927 1742 ἔλαμψε.
1970 1672 2071 1725 Διά

488 1766 650 1822 τοῦτο
679 1767 804 1820 ούδέ
850 1766 1086 1838 αἰσθητά
1135 1766 1436 1836 πράγματα
1486 1764 1703 1836 ὁρῶμεν
1755 1764 1848 1818 τοῦ
1895 1764 2070 1835 φωτὸς

489 1858 800 1931 λάμποντος
826 1857 1044 1923 τούτου,
1075 1856 1189 1910 ἀλλ’
1225 1856 1388 1911 αὐτὸν
1419 1857 1513 1910 τὸν
1548 1855 1683 1910 Θεὸν
1711 1856 1798 1910 διά
1824 1856 1920 1909 τοῦ
1944 1859 2071 1928 Χρι-

491 1950 640 2006 στοῦ.
677 1951 841 2023 Ὀρᾷς
892 1950 955 2003 τὺ
1006 1948 1430 2021 ἀπαράλλακτον
1472 1948 1571 2018 τῆς
1606 1947 1869 2020 Τριάδος;
1932 1949 2071 2021 Περὶ

491 2043 596 2117 μιν
619 2043 731 2116 γὰρ
761 2043 853 2097 τοῦ
900 2040 1221 2113 Πνεύματός
1269 2056 1459 2113 φησιν·
1506 2041 1705 2111 Ἡμεῖς
1742 2041 1811 2095 δὲ
1845 2044 2070 2108 πάντες

486 2130 1038 2201 ἀνακεκαλυμμένῳ
1094 2129 1395 2199 προσώπῳ
1451 2129 1568 2199 τὴν
1618 2130 1807 2196 δόξαν
1845 2131 2069 2199 Κυρίου

490 2221 1027 2292 κατοπτριζόμενοι,
1058 2220 1173 2288 τὴν
1198 2220 1394 2290 αὐτὴν
1422 2222 1629 2275 εἰκόνα
1654 2222 2068 2292 μεταμορφού·

486 2318 641 2386 μεθα
677 2316 797 2369 ἀπὸ
829 2314 1016 2382 δόξης
1052 2317 1139 2381 εἰς
1162 2313 1370 2381 δόξαν,
1402 2315 1670 2383 καθάπερ
1698 2315 1817 2369 ἀπὸ
1847 2314 2068 2382 Κυρίου

492 2411 841 2476 Πνεύματος
859 2422 873 2434 ·
908 2408 1034 2478 περὶ
1064 2406 1121 2459 δὲ
1161 2404 1255 2459 τοῦ
1282 2406 1436 2470 Υἰοῦ,
1480 2406 1585 2473 Εἰς
1607 2406 1675 2460 τὸ
1698 2406 1783 2477 μὴ
1808 2405 2069 2477 αὐγάσαι

491 2500 699 2567 αὐτοῖς
732 2501 843 2553 τὸν
867 2500 1178 2569 φωτισμόν
1213 2500 1318 2554 τοῦ
1353 2501 1709 2571 εὐαγγελίου
1750 2500 1859 2568 τῆς
1884 2499 2070 2568 δόξης

490 2591 601 2647 τοῦ
644 2589 926 2659 Χριστοῦ,
966 2591 1035 2657 ὅς
1065 2592 1237 2645 ἐστιν
1266 2590 1442 2645 εἰκὼν
1468 2592 1575 2646 τοῦ
1618 2591 1764 2647 Θεοῦ
1789 2611 1802 2624 ·
1855 2592 1984 2664 περὶ
2010 2593 2069 2648 δέ

491 2681 589 2738 τοῦ
622 2681 864 2752 Πατρὸς,
902 2682 957 2735 '0
992 2681 1177 2737 εἰπὼν
1228 2682 1298 2737 ἐκ
1342 2685 1604 2749 σκότους
1656 2682 1784 2753 φῶς
1810 2683 2069 2754 λάμψαι,

490 2771 771 2842 ἔλαμψεν
795 2771 868 2826 ἐν
897 2770 1028 2838 ταῖς
1061 2771 1335 2840 καρδίαις
1357 2772 1546 2841 ὑμῶν,
1576 2772 1726 2842 πρός
1763 2772 2071 2842 φωτισμόν

492 2863 604 2933 τῆς
633 2862 910 2933 γνώσεως
952 2862 1065 2931 τῆς
1103 2863 1291 2931 δόξης
1324 2863 1430 2918 τοῦ
1482 2864 1629 2918 Θεοῦ
1656 2865 1726 2918 ἐν
1770 2862 2072 2932 προσώπῳ

490 2955 770 3026 Χριστοῦ.
801 2956 1010 3027 ’Ὥσπερ
1039 2954 1149 3027 γάρ
1191 2954 1381 3020 εἰπὼν,
1425 2954 1536 3010 Τοῦ
1569 2957 1924 3025 εὐαγγελίου
1957 2954 2070 3026 τῆς

490 3046 677 3114 δόξης
723 3046 831 3101 τοῦ
881 3045 1162 3116 Χριστοῦ,
1205 3048 1507 3116 ἐπήγαγεν,
1530 3047 1628 3113 ⁸⁷ος
1673 3047 1843 3101 ἐστιν
1893 3046 2073 3102 εἰκὼν

492 3136 599 3191 τοῦ
628 3137 799 3199 Θεοῦ,
829 3136 1044 3199 δεικνὺς
1074 3138 1155 3188 ὃτι
1177 3135 1268 3188 καὶ
1296 3136 1395 3205 τῆς
1424 3137 1632 3191 ἐκείνου
1657 3137 1816 3209 δόξης
1841 3139 2071 3192 ἀπεστε-

495 3226 773 3299 ρήθησαν·
823 3225 999 3290 οὕτως
1052 3225 1246 3291 εἰπὼν,
1291 3225 1406 3297 Τῆς
1433 3227 1713 3297 γνώσεως
1748 3229 1855 3283 τοῦ
1896 3228 2068 3298 Θεοῦ,

492 3318 796 3388 ἐπήγαγεν,
828 3317 932 3371 Ἐν
959 3315 1259 3385 προσώπῳ
1292 3318 1573 3385 Χριστοῦ,
1605 3319 1822 3384 δεικνὺς
1853 3319 1940 3374 ὃτι
1981 3319 2071 3375 διά

490 3408 686 3462 τούτου
721 3407 812 3462 τὸν
842 3408 1067 3478 Πατέρα
1088 3407 1453 3479 γινώσκομεν,
1490 3408 1679 3482 ὥσπερ
1713 3406 1808 3465 οῦν
1846 3411 1940 3465 καὶ
1980 3410 2070 3465 διὰ

490 3501 586 3556 τοῦ
614 3502 932 3572 Πνεύματος
970 3500 1122 3573 αὑτῷ
1172 3502 1584 3574 προσαγόμεθα.
1627 3503 1776 3579 [496]
1810 3507 2071 3576 Ἕχομεν

489 3593 560 3647 δε
589 3594 700 3648 τὸν
728 3592 1041 3662 θησαυρόν
1064 3593 1282 3648 τοῦτον
1329 3596 1399 3649 ἐν
1428 3596 1813 3664 ὀστρακίνοις
1854 3599 2069 3653 σκεύε-

488 3703 616 3752 σιν,
650 3686 752 3741 ἵνα
793 3685 832 3752 ἠ
876 3686 1181 3754 ὑπερϐολὴ
1223 3685 1334 3756 τῆς
1359 3686 1668 3758 δυνάμεως
1696 3684 1739 3761 ᾖ
1763 3687 1870 3743 τοῦ
1897 3689 2065 3756 Θεοῦ,

491 3778 589 3831 καί
616 3779 702 3847 μὴ
753 3776 824 3841 ἐξ
867 3776 1055 3846 ἡμῶν.
1088 3776 1307 3849 Ἐπειδὴ
1358 3779 1466 3851 γὰρ
1500 3779 1672 3834 πολλά
1714 3781 1807 3834 xal
1855 3781 2069 3852 μεγάλα

492 3864 615 3920 εἷπε
648 3868 776 3936 περί
826 3866 925 3936 τῆς
973 3867 1289 3939 ἀπορρήτου
1338 3868 1517 3940 δόξης
1557 3871 1645 3923 ἵνα
1678 3872 1752 3941 μή
1787 3889 1873 3935 τις
1908 3872 2065 3944 λέγῃ.

492 3958 606 4012 Kal
638 3959 755 4021 πῶς
788 3956 1059 4026 τοσαύτης
1106 3958 1263 4029 δόξης
1313 3960 1677 4024 ἀπολαύοντες
1724 3962 1961 4033 μένομεν
2010 3967 2069 4018 ἐν

493 4047 674 4119 θνητῷ
708 4046 962 4118 σώματι;
1025 4048 1210 4119 φησιν,
1236 4048 1319 4101 ὅτι
1363 4048 1522 4104 τοῦτο
1553 4051 1653 4121 μὲν
1675 4048 1768 4106 οῦν
1800 4053 1931 4106 αὐτὸ
1961 4054 2068 4125 μά-

492 4139 652 4195 λιστά
683 4141 798 4193 ἐστι
828 4137 888 4192 τὸ
918 4137 1256 4210 θαυμαστὸν,
1290 4139 1386 4193 καὶ
1433 4141 1634 4214 δεῖγμα
1683 4142 1937 4214 μέγιστον
1968 4145 2070 4216 τῆς

492 4229 586 4286 τοῦ
615 4229 752 4284 Θεοῦ
775 4229 1081 4301 δυνάμεως,
1116 4230 1200 4284 ὅτι
1233 4229 1426 4294 σκεῦος
1447 4230 1766 4303 όστράκινον
1799 4235 2069 4308 τοσαύτην

490 4321 730 4395 ἠδυνήθη
771 4321 1136 4394 λαμπρότητα
1172 4322 1442 4392 ἐνεγκεῖν,
1475 4325 1570 4378 καὶ
1605 4324 1926 4395 τηλικοῦτον
1959 4345 2065 4396 φυ-

491 4414 649 4479 λάξαι
705 4413 999 4485 θησαυρόν.
1042 4413 1222 4485 Ὅπερ
1273 4408 1366 4469 οῦν
1414 4415 1507 4468 καὶ
1556 4417 1719 4482 αὐτὸς
1769 4417 2068 4488 θαυμάζων

491 4507 842 4576 ἐλεγεν,⁹ινα
886 4505 925 4573 ἠ
978 4505 1286 4576 ὑπερϐολὴ
1346 4505 1459 4575 τῆς
1511 4506 1821 4577 δυνάμεως
1870 4502 1914 4580 ᾖ
1959 4508 2068 4565 τοῦ

494 4598 667 4665 Θεοῦ,
705 4598 801 4653 καί
845 4596 933 4666 μὴ
971 4597 1039 4663 ἐξ
1076 4596 1283 4667 ἡμῶν·
1330 4597 1494 4651 πάλιν
1545 4600 1789 4661 ἐκείνους
1833 4600 2068 4653 αἰνιττό-

495 4702 657 4758 μενος
709 4686 836 4749 τοῦς
874 4687 1270 4757 καυχωμένους
1310 4688 1395 4756 ἐφ’
1435 4689 1668 4753 ἑαυτοῖς.
1732 4689 1806 4742 Τό
1852 4706 1912 4741 τε
1957 4691 2066 4761 γὰρ

495 4776 724 4848 μέγεθος
756 4774 865 4829 τῶν
895 4775 1176 4845 δοθέντων,
1226 4779 1286 4832 τό
1328 4795 1389 4832 τε
1436 4779 1659 4842 ἀσθενὶς
1687 4779 1795 4834 τῶν
1835 4779 2065 4853 δεξαμέ-

491 4886 597 4923 νων
628 4867 870 4923 δείκνυσι
919 4868 1017 4940 τὴν
1063 4870 1240 4941 ἰσχὺν,
1266 4872 1364 4942 οὐχ
1394 4871 1476 4924 δτι
1526 4871 1738 4942 μεγάλα
1766 4873 2066 4945 ἐχαρίσατο

495 4961 676 5033 μόνον,
703 4960 817 5017 ἀλλ’
843 4962 926 5017 ὅτι
964 4962 1060 5015 καὶ
1095 4964 1310 5032 μικροῖς
1338 4958 1481 5016 οὖσι·
1520 4962 1582 5015 τὸ
1610 4962 1716 5036 γὰρ
1742 4964 2065 5036 όστράκινον

490 5053 552 5105 τὸ
599 5050 933 5124 εὔθραυστον
983 5064 1009 5092 ιι
1053 5051 1155 5123 τῆς
1196 5050 1396 5123 θνητῆς
1451 5051 1668 5121 φύσεως
1693 5055 2066 5127 αἰνιττόμενος

493 5143 668 5213 ελεγι,
697 5148 792 5199 καὶ
834 5146 895 5200 τὺ
934 5144 1035 5215 τῆς
1071 5143 1273 5217 σαρκὸς
1308 5144 1467 5216 ἡμῶν
1497 5146 1723 5210 ἀσθενὲς
1758 5148 2062 5217 ἐμφαίνων.

505 5235 806 5307 ὐστράκου
830 5237 942 5309 γὰρ
973 5241 1194 5310 ἄμεινον
1221 5238 1372 5293 οὐδὲν
1393 5239 1531 5311 αῦτη
1559 5240 1860 5294 διάκειταυ
1892 5240 2066 5307 οὕτως

494 5325 642 5381 ἐστὶν
698 5326 1122 5400 εὐεπηριαστος,
1174 5330 1271 5383 καὶ
1324 5330 1544 5403 θανάτῳ
1599 5334 1694 5385 καὶ
1741 5333 1918 5397 νόσοις
1973 5334 2066 5390 καὶ

492 5417 671 5489 ἀέρων
698 5417 1035 5487 ἀνωμαλίαις
1081 5420 1176 5473 καὶ
1219 5420 1427 5491 ἑτέροις
1478 5422 1692 5492 μυρίοις
1739 5421 2063 5497 διαλυομένη

496 5508 712 5580 ῥᾳδίως.
748 5507 936 5565 Ταῦτα
972 5509 1028 5563 δὲ
1059 5508 1239 5578 ἐλεγε,
1270 5511 1365 5563 καὶ
1407 5512 1797 5567 καταστέλλων
1839 5514 2065 5569 ἐκείνων

558 5726 585 5755 ι
608 5716 758 5782 Mars.
780 5719 952 5784 Sum,
973 5722 1028 5769 τὸ
1054 5720 1307 5787 εὔφθαρτον

1191 289 1254 346 ε.
1290 289 1573 347 JOANNIS
1610 288 2092 346 CHRYSOSTOSII
2143 292 2460 351 ARCHIEP.
2496 295 3042 358 CONSTANTINOP.

3647 311 3759 369 458

2186 408 2248 460 τὸ
2278 409 2526 483 φύσημα,
2560 415 2658 468 καὶ
2686 416 2820 468 πᾶσι
2849 415 3062 481 δεικνὺς
3090 418 3171 472 ὅτι
3217 418 3368 473 οὐδὲν
3411 421 3761 494 ἀνθρώπινον

2182 498 2291 555 τῶν
2324 502 2444 555 καθ’
2476 505 2646 577 ημᾶς.

2256 590 2318 645 δ’.
2363 594 2473 647 Kal
2506 596 2615 667 γὰρ
2639 597 2760 651 τότε
2783 598 3017 670 μάλιστα
3049 600 3386 671 διαφαίνεται
3426 607 3459 676 ἠ
3501 606 3595 662 τοῦ
3618 608 3762 664 Θεοῦ

2180 679 2430 753 δύναμις,
2475 685 2603 739 ὅταν
2635 687 2702 741 δι’
2741 688 2976 743 εὐτελῶν
3026 692 3227 764 ἐνεργῇ
3275 695 3507 765 μεγάλα.
3533 697 3626 751 Διὸ
3657 702 3760 753 καὶ

2180 772 2414 845 ἀλλαχοῦ
2450 772 2655 847 ἔλεγεν,
2689 782 2753 837 Ἠ
2797 782 2908 852 γὰρ
2935 783 3192 855 δύναμίς
3230 804 3350 856 μου
3379 789 3448 841 ἐν
3470 790 3759 860 ἀσθενείᾳ

2179 869 2528 927 τελειοῦται.
2560 875 2671 927 Kal
2701 876 2759 929 ἐν
2788 878 2854 947 τῇ
2891 876 3104 948 Παλαιᾷ
3143 878 3198 932 δὲ
3226 879 3315 933 διὰ
3359 880 3639 936 κωνώπων
3660 886 3759 939 καὶ

2173 953 2356 1031 ¹μυιῶν
2401 964 2672 1038 ὁλόκληρα
2720 970 3062 1040 στρατόπεδα
3110 970 3405 1045 βαρϐάρων
3456 976 3759 1045 ἐτροποῦτο

2182 1051 2283 1123 (διὸ
2306 1055 2400 1109 καί
2432 1058 2681 1131 μεγάλην
2703 1059 2932 1132 δύναμιν
2957 1040 3121 1115 αὐτοῦ
3148 1040 3247 1134 την
3271 1040 3497 1136 κάμπην
3520 1040 3756 1141 ἐκάλει),

2179 1146 2275 1198 καὶ
2319 1149 2377 1200 ἐν
2429 1149 2572 1221 ἀρχῇ
2625 1150 2871 1220 γλώττας
2913 1154 3162 1224 συγχέων
3219 1157 3402 1227 μόνον,
3452 1157 3543 1211 τὸν
3580 1161 3755 1230 μέγαν

2180 1236 2388 1308 πύργον
2414 1239 2621 1295 ἐκεῖνον
2650 1243 2739 1295 τὸν
2763 1245 2819 1297 ἐν
2843 1243 3122 1299 Βαϐυλῶνι
3141 1247 3393 1303 κατέλυε.
3419 1249 3530 1304 Kal
3558 1252 3615 1302 ἐν
3639 1255 3756 1316 τοῖς

2180 1327 2437 1399 πολέμοις
2461 1330 2517 1384 δὲ
2545 1330 2640 1384 νῦν
2669 1334 2767 1403 μὲν
2807 1334 2897 1387 διά
2933 1337 3266 1407 τριακοσίων
3299 1339 3499 1410 ἄπειρα
3526 1342 3755 1413 στρατόο

2180 1419 2318 1472 πεδα
2341 1421 2532 1491 ἤλασε,
2563 1422 2657 1476 νῦν
2695 1424 2751 1478 δὲ
2793 1425 2882 1479 διά
2929 1428 3246 1496 σαλπίγγων
3276 1430 3461 1494 πόλεις
3492 1433 3707 1486 καθεῖλε
3731 1450 3749 1469 ’

2182 1511 2322 1582 μετὰ
2352 1512 2408 1567 δὲ
2430 1515 2604 1570 ταῦτα
2624 1517 2711 1572 διὰ
2744 1519 2958 1573 παιδίου
3006 1520 3207 1592 μικροῦ
3248 1523 3344 1577 καὶ
3374 1523 3627 1587 εὐτελοῦς
3656 1524 3752 1578 τοῦ

2177 1601 2360 1667 Δαυῒδ,
2407 1602 2624 1659 ἃπασαν
2666 1606 2775 1660 τῶν
2803 1607 3096 1681 βαρϐάρων
3134 1611 3233 1680 τὴν
3263 1611 3571 1683 παράταξιν
3600 1615 3753 1683 ἐτροο

2181 1689 2421 1746 πώσατο.
2472 1693 2628 1749 Οὕτω
2663 1695 2727 1768 δὴ
2759 1698 2852 1751 καὶ
2882 1699 3117 1753 ἐνταῦθα
3149 1699 3357 1754 δώδεκα
3392 1701 3586 1769 μόνους
3614 1702 3753 1756 ἀπο-

2180 1780 2413 1847 στείλας,
2446 1781 2545 1851 τῆς
2593 1785 2918 1859 οἰκουμένης
2951 1789 3315 1858 περιεγένετο,
3363 1788 3609 1854 δώδεκα,
3656 1793 3751 1844 καὶ

2176 1871 2404 1938 τούτους
2451 1875 2863 1948 ἐλαυνομένους,
2920 1879 3383 1950 πολεμουμένους.
3430 1882 3750 1951 Ἐκπλαγῶ-

2181 1978 2280 2032 μεν
2310 1960 2404 2015 οὖν
2433 1964 2527 2017 τοῦ
2563 1964 2700 2020 Θεοῦ
2738 1966 2839 2039 τὴν
2865 1967 3117 2039 δύναμιν,
3153 1969 3549 2041 θαυμάσωμεν,
3580 1989 3750 2043 προσ-

2178 2055 2532 2126 κυνήσωμεν·
2589 2059 2958 2131 ἐρωτήσωμεν
3011 2060 3332 2129 Ἰουδαίους,
3379 2062 3750 2136 ἐρωτήσωμεν

2178 2144 2468 2217 Ἕλληνας,
2503 2148 2586 2213 τίς
2641 2148 2824 2205 ἔπεισε
2855 2150 2953 2223 τὴν
2995 2153 3320 2225 οἰκουμένην
3356 2154 3575 2209 ἃπασαν
3611 2158 3746 2211 ἀπο-

2180 2235 2375 2306 στῆναι
2399 2237 2511 2291 τῶν
2542 2240 2788 2310 πατρίων
2815 2240 2973 2309 ἐθῶν,
3003 2243 3099 2296 καὶ
3125 2244 3262 2314 πρὸς
3292 2243 3489 2316 ἑτέραν
3515 2247 3748 2316 μετατά-

2180 2326 2374 2390 ξασθαι
2406 2329 2716 2399 πολιτείαν;
2750 2334 2778 2386 ό
2831 2334 3033 2399 ἁλιεὺς,
3075 2336 3108 2406 ἢ
3142 2337 3170 2389 ό
3221 2339 3571 2408 σκηνοποιός;
3603 2341 3631 2393 ὁ
3659 2357 3747 2393 τε-

2176 2418 2375 2492 λώνης,
2397 2422 2475 2495 ἢό
2497 2424 2863 2497 ἀγράμματος
2883 2427 2978 2480 καὶ
3006 2425 3250 2498 ἰδιώτης;
3279 2431 3391 2483 Kal
3406 2430 3524 2495 πῶς
3551 2432 3615 2485 ἀν
3636 2430 3745 2501 ἔχοι

2177 2511 2351 2568 ταῦτα
2378 2514 2558 2584 λόγον,
2587 2519 2637 2571 εἰ
2670 2518 2745 2591 μὴ
2780 2517 2900 2572 θεία
2929 2517 3159 2590 δύναμις
3188 2515 3258 2591 ἦν
3282 2523 3317 2592 ὴ
3344 2522 3525 2576 πάντα
3556 2539 3746 2592 κατορ-

2179 2604 2349 2661 θοῦσα
2383 2607 2450 2662 δι’
2480 2609 2743 2678 ἐκείνων;
2776 2611 2841 2664 Τί
2871 2610 2926 2665 δὲ
2957 2612 3052 2666 καὶ
3074 2612 3327 2681 λέγοντες
3364 2614 3582 2669 ἔπειθον
3606 2617 3745 2669 ἐκεῖ·

2177 2714 2292 2764 νοις
2327 2698 2674 2772 Βαπτίσθητε
2718 2703 2775 2754 ἐν
2817 2701 2897 2773 τῷ
2940 2703 3167 2770 ὀνόματι
3196 2703 3291 2758 τοῦ
3323 2705 3742 2777 σταυρωθέντος.

2178 2790 2374 2859 Ποίου;
2414 2793 2509 2844 Ὃν
2552 2793 2653 2846 οὐκ
2698 2790 2857 2856 εἶδον,
2893 2794 3014 2847 ούδέ
3055 2793 3368 2849 ἐθεάσαντο.
3415 2797 3557 2850 Ἀλλ’
3602 2797 3747 2867 ὅμως

2176 2880 2346 2935 ταῦτα
2373 2882 2622 2950 λέγοντες
2645 2884 2740 2938 καὶ
2771 2885 3157 2956 κηρύττοντες,
3189 2886 3426 2953 ἔπειθον,
3463 2888 3544 2941 ὅτι
3573 2890 3623 2942 οἰ
3651 2886 3748 2957 μὲν

2181 2971 2569 3041 μαντευόμενοι
2596 2972 2692 3026 καὶ
2716 2975 2779 3026 ἐκ
2812 2974 3094 3044 προγόνων
3118 2974 3299 3040 αὐτοῖς
3328 2976 3746 3047 παραδοθέντες,

2177 3062 2277 3116 οὐκ
2315 3063 2423 3116 εἰσὶ
2480 3062 2615 3129 θεοὶ,
2661 3065 2689 3116 ὁ
2736 3065 2793 3119 δὲ
2845 3066 3236 3138 προσηλωθεὶς,
3278 3058 3433 3129 οὗτος
3480 3066 3740 3137 Χριστὸς,

2179 3153 2386 3218 πάντας
2412 3155 2712 3224 ἐφείλκετο.
2741 3156 2936 3211 Καίτοι
2962 3174 3027 3226 γε
3055 3157 3138 3210 ὃτι
3168 3159 3258 3230 μέν
3283 3154 3597 3226 ἐσταυρώθη
3643 3158 3740 3211 καὶ

2177 3244 2374 3316 ἐτάφη,
2432 3247 2596 3299 παντί
2650 3264 2751 3300 που
2802 3248 2961 3317 δῆλον
2988 3243 3089 3318 ἦν·
3132 3249 3214 3302 ὅτι
3245 3247 3300 3301 δέ
3337 3245 3483 3319 [49η
3514 3247 3733 3318 ἀνέστη,

2178 3334 2354 3401 οὐδεὶς
2379 3336 2518 3406 πλὴν
2541 3336 2740 3406 ὀλίγων
2765 3333 2926 3392 εἰδεν.
2957 3337 3100 3391 Ἀλλ’
3119 3340 3271 3409 ὅμως
3304 3340 3396 3393 καὶ
3420 3339 3570 3392 τοῦτο
3594 3337 3738 3393 ἐπει-

2180 3443 2281 3480 σαν
2308 3428 2434 3491 τοὺς
2464 3428 2561 3498 οὐχ
2587 3429 2901 3500 ἑωρακότας
2924 3445 2938 3459 ’
2970 3430 3066 3483 xal
3098 3431 3197 3500 οὐχ
3226 3431 3309 3484 ὅτι
3335 3429 3533 3500 ἀνέστη
3567 3428 3747 3499 μόνον,

2177 3516 2293 3571 ἀλλ’
2316 3518 2397 3571 ὅτι
2428 3519 2522 3573 καὶ
2548 3519 2627 3583 εἰς
2657 3520 2920 3590 οὐρανοὺς
2944 3518 3163 3591 ἀνῆλθε,
3195 3522 3291 3574 καὶ
3319 3520 3539 3592 ἔρχεται
3571 3523 3749 3592 κρῖναι

2178 3608 2387 3675 ζῶντας
2421 3610 2516 3665 καὶ
2539 3610 2791 3682 νεκρούς.

2248 3702 2421 3757 Πόθεν
2448 3698 2541 3757 οὖν
2565 3703 2626 3755 τὸ
2648 3701 2873 3757 πιθανὸν
2899 3705 3011 3766 τοῖς
3032 3701 3212 3772 λόγοις
3232 3703 3467 3767 τούτοις,
3492 3703 3613 3757 εἰπέ
3638 3718 3746 3774 μοις

2178 3792 2493 3864 Οὐδαμόθεν
2515 3793 2759 3858 ἄλλοθεν,
2785 3793 2900 3848 ἀλλ’
2922 3793 3032 3848 ἀπὸ
3053 3794 3153 3864 τῆς
3175 3793 3269 3847 τοῦ
3287 3792 3424 3847 Θεοῦ
3447 3794 3743 3864 δυνάμεως.

2177 3885 2291 3938 Kal
2316 3885 2425 3959 γάρ
2456 3883 2674 3954 πρῶτον
2705 3884 2843 3956 αὑτὴ
2873 3886 2906 3955 ἡ
2937 3885 3260 3954 καινοτομία
3289 3886 3423 3938 πᾶσι
3460 3885 3746 3957 προσίστα·

2176 3992 2267 4031 το·
2299 3978 2427 4030 ὅταν
2452 3994 2512 4030 τε
2534 3976 2628 4029 καὶ
2656 3975 2882 4030 τοιαῦτά
2901 3993 2985 4038 τις
3016 3978 3330 4046 καινοτομῇ,
3373 3975 3745 4046 χαλεπώτερον

2175 4065 2237 4119 τδ
2285 4067 2518 4137 πρᾶγμα
2555 4064 2786 4134 γίνεται,
2831 4065 2960 4119 ὅταν
2986 4062 3337 4138 ἀναμοχλεύῃ
3363 4065 3599 4129 παλαιᾶς
3626 4082 3746 4118 συν-

2175 4157 2366 4228 ηθείας
2412 4157 2659 4226 θεμέλια,
2714 4158 2841 4211 ὅταν
2896 4158 2960 4210 ἐκ
3012 4156 3227 4226 βάθρων
3266 4158 3484 4227 ἀνασπᾷ
3528 4157 3741 4226 νόμους.

2177 4249 2321 4320 Πρὸς
2367 4249 2425 4303 δὲ
2481 4249 2691 4313 τούτοις
2723 4249 2844 4303 οὐδὲ
2889 4251 2938 4302 οἰ
2984 4251 3226 4322 κήρυκες
3265 4249 3573 4316 ἀξιόπιστοι
3610 4243 3744 4301 εἶναι

2177 4341 2419 4406 ἐδόκουν,
2442 4341 2577 4396 ἀλλὰ
2604 4341 2700 4395 καὶ
2728 4341 2912 4404 ἔθνους
2929 4342 3080 4410 παρὰ
3110 4342 3243 4395 πᾶσι
3277 4340 3655 4411 μεμισημένου
3691 4340 3742 4403 δ,

2176 4434 2273 4487 καὶ
2303 4434 2465 4487 δειλοὶ
2500 4433 2594 4486 καὶ
2631 4432 2882 4503 ἀμαθεῖς.
2915 4433 3089 4488 Πόθεν
3124 4428 3217 4486 οὖν
3249 4432 3627 4502 περιεγένοντο
3650 4430 3744 4501 τῆς

2175 4525 2535 4597 οἰκουμένης;
2592 4524 2757 4579 πόθεν
2788 4526 2930 4596 ὑμᾶς
2963 4526 3059 4580 καὶ
3108 4525 3234 4588 τοὺς
3273 4525 3575 4595 ὑμετέρους
3608 4539 3745 4595 προ-

2175 4616 2367 4685 γόνους
2404 4618 2531 4680 τοὺς
2565 4615 2856 4676 δοκοῦντας
2905 4616 3239 4685 φιλοσοφεῖν,
3281 4614 3421 4686 μετά
3462 4615 3574 4668 τῶν
3609 4614 3744 4667 θεῶν

2177 4707 2359 4761 αὐτῶν
2390 4705 2682 4772 ἐξέϐαλον;
2716 4708 2816 4761 οὐκ
2845 4706 3066 4777 εὔδηλον
3092 4709 3175 4760 ὅτι
3206 4707 3315 4761 ἀπὸ
3356 4706 3451 4759 τοῦ
3484 4706 3576 4759 τὸν
3615 4705 3747 4759 Θεὸν

2175 4796 2319 4868 ἔχειν
2359 4796 2477 4868 μεθ’
2513 4797 2752 4865 ἐαυτῶν;
2796 4797 2928 4851 Οὺδέ
2975 4797 3084 4866 γὰρ
3132 4796 3211 4850 ἔνι
3250 4809 3273 4837 ε
3310 4796 3484 4851 ταῦτα
3537 4794 3747 4865 ἀνθρω-

2176 4889 2339 4959 πίνης
2367 4888 2648 4960 δυνάμεως
2679 4887 3108 4960 κατορθώματα,
3141 4888 3279 4942 ἀλλὰ
3306 4888 3457 4951 θείας
3482 4887 3627 4950 τινὸς
3651 4885 3748 4940 καὶ

2175 4979 2516 5051 ἀπορρήτου.
2547 4979 2704 5049 Οὐχὶ,
2729 4979 2914 5049 φησὶν,
2940 4978 3077 5032 ἀλλά
3109 4978 3391 5049 γοητικῆς.
3422 4975 3632 5031 Οὐκοῦν
3657 4976 3752 5028 αὺ-

2177 5071 2408 5145 ξηθῆναι
2436 5070 2544 5125 ἔδει
2574 5070 2673 5144 τὴν
2714 5071 2823 5125 τῶν
2853 5070 3126 5143 δαιμόνων
3149 5071 3345 5142 ἀρχὴν,
3371 5070 3466 5124 καὶ
3488 5066 3751 5135 ἐπιταθῆ-

2173 5184 2260 5219 ναι
2290 5166 2391 5238 τὴν
2419 5166 2527 5220 τῶν
2555 5165 2790 5220 εἰδώλων
2825 5164 3141 5237 θεραπείαν.
3168 5165 3292 5226 Πῶς
3323 5159 3416 5217 οὖν
3441 5161 3750 5234 καθῄρηται

2174 5259 2268 5312 καὶ
2313 5258 2629 5330 ἠφάνισται,
2679 5259 2775 5311 καὶ
2799 5258 2893 5312 ἀπ’
2937 5256 3187 5319 ἐναντίας
3240 5255 3472 5317 ἐκείνοις
3509 5254 3578 5307 τὰ
3612 5253 3751 5322 ἡμέ-

2173 5364 2342 5420 τερα;
2379 5346 2541 5402 ’Ὥστε
2575 5346 2869 5401 κάντεῦθεν
2904 5345 3084 5416 δῆλον,
3118 5346 3200 5400 ὅτι
3247 5344 3342 5398 τοῦ
3389 5343 3525 5398 Θεοῦ
3569 5342 3751 5413 ψῆφος

2172 5432 2240 5508 ἦν
2284 5437 2352 5490 τά
2405 5439 2689 5509 γινόμενα,
2724 5438 2825 5492 οὐκ
2861 5437 2970 5490 ἀπὸ
3016 5437 3110 5490 τοῦ
3149 5434 3507 5508 κηρύγματος
3566 5433 3749 5504 μόνον,

2175 5528 2313 5581 ἀλλὰ
2342 5530 2437 5582 καὶ
2471 5529 2579 5583 ἀπὸ
2609 5529 2710 5601 τῆς
2741 5528 3018 5593 πολιτείας
3047 5528 3241 5601 αὐτῆς.
3275 5526 3413 5582 Πότε
3443 5524 3555 5598 γὰρ
3603 5540 3752 5599 παρ-

2241 5676 2268 5742 ξι
2296 5673 2559 5742 ἰεθεὺαηιτ
2577 5676 2702 5734 ἔθνος
2809 5678 3125 5742 μεμισημένον

2245 5737 2266 5765 ε
2292 5736 2425 5796 Lege
2453 5737 2553 5785 ἐστί
