4070 6152
438 355 544 412 457

437 469 594 525 Unde
640 467 802 523 etiam
847 464 956 530 ait,
1004 460 1116 517 Nos
1150 469 1320 516 autem
1362 473 1532 514 servos
1575 465 1765 512 uestros
1810 462 2017 524 propter

435 558 718 616 Christum.
743 555 932 613 Viden’
957 555 1196 610 animum
1224 551 1294 608 ab
1320 550 1467 606 omni
1494 549 1679 621 gloriae
1707 546 1885 602 studio
1911 560 2017 616 pu-

437 651 596 706 rum?
633 649 862 704 Tantum
893 647 1064 712 abest,
1095 644 1288 715 inquit,
1317 651 1376 697 ut
1404 654 1589 696 eorum
1612 681 1628 707 ,
1660 653 1781 710 quas
1805 635 2014 693 Domini

436 751 562 796 sunt
582 781 597 804 ,
623 741 908 811 quidquam
939 751 1289 806 usurpetnus,
1318 743 1377 788 ut
1405 733 1565 788 etiam
1595 731 1841 801 nosipsos
1867 727 2016 783 vobis

437 841 655 902 propter
683 845 804 885 eum
835 829 1205 898 subjiciamus.
1228 825 1283 881 6.
1310 824 1565 890 Quoniam
1594 822 1756 885 Deus,
1780 821 1865 891 qui
1889 819 2018 872 dixit

433 925 496 978 de
520 921 736 976 tenebris
761 920 932 974 lumen
963 918 1331 988 splendescere,
1363 919 1475 986 ipse
1502 914 1673 968 illuxit
1702 914 1756 966 in
1783 911 2018 966 cordibus

433 1018 626 1071 vestris.
679 1018 758 1070 En
793 1015 1071 1085 quomodo
1097 1027 1282 1068 rursus
1309 1014 1374 1068 iis
1396 1053 1412 1079 ,
1461 1012 1551 1082 qui
1591 1011 1841 1067 eximiam
1871 1009 2016 1064 illam

428 1110 656 1179 gloriam
675 1149 690 1173 ,
722 1107 886 1162 Mosis
911 1107 1194 1170 videlicet,
1224 1105 1408 1160 videre
1433 1104 1750 1175 cupiebant,
1784 1101 2018 1157 ostendit

431 1203 591 1255 etiam
621 1216 742 1255 cum
773 1199 1139 1254 additameuto
1169 1197 1453 1268 fulgentem
1479 1197 1492 1250 ι
1537 1195 1687 1252 Sicut
1721 1196 1774 1249 in
1811 1195 2016 1249 vultum

433 1295 614 1356 Musis,
648 1291 838 1361 inquit,
874 1290 944 1344 ita
973 1291 1024 1344 in
1052 1290 1212 1344 corda
1242 1298 1416 1343 vestra
1448 1287 1670 1343 effulsit.
1703 1287 1772 1341 Et
1801 1286 2015 1356 quidem

435 1387 582 1454 prius
616 1400 678 1439 ea
703 1426 718 1448 ,
753 1399 871 1453 quae
918 1384 969 1437 in
1015 1398 1191 1438 rerum
1221 1381 1555 1436 conditarum
1604 1381 1757 1435 initio
1785 1380 2014 1435 exstite-

435 1485 594 1538 runt,
654 1476 705 1529 in
761 1475 1069 1527 memoriam
1120 1481 1376 1538 revocat,
1432 1473 1603 1528 lucem
1660 1472 1910 1526 nimirum
1962 1471 2014 1524 in

434 1584 651 1624 sensum
682 1567 958 1622 cadentem
1026 1575 1079 1620 et
1119 1566 1400 1630 tenebras;
1445 1565 1736 1620 ostendens
1767 1563 1868 1618 hoc
1895 1565 2016 1634 opi-

440 1661 614 1715 tieium
673 1658 764 1712 illo
805 1658 1144 1729 praestantius
1174 1671 1315 1712 esse.
1365 1655 1560 1712 Verum
1607 1655 1819 1710 ubinam
1851 1654 2010 1719 dixit,

439 1752 514 1805 De
568 1750 777 1804 tenebris
831 1748 990 1802 lucem
1045 1746 1449 1819 splendescere?
1499 1749 1556 1802 In
1627 1745 1891 1816 principio
1951 1760 2013 1798 ac

438 1828 613 1896 rerum
639 1840 971 1896 conditarum
1001 1838 1340 1909 primordiis:
1368 1837 1604 1892 Tenebras
1628 1838 1789 1901 enim,
1821 1837 2010 1905 inquit,

437 1943 579 1985 erant
608 1948 761 1986 super
789 1931 971 2001 faciem
1002 1929 1189 2000 abyssi.
1222 1929 1291 1982 Et
1314 1928 1448 1983 dixit
1480 1928 1638 1993 Deus,
1670 1927 1788 1979 Fiat
1815 1928 1933 1988 luat,
1967 1933 2012 1979 et

431 2028 567 2092 facta
584 2033 655 2075 est
677 2023 764 2074 tua:
781 2020 935 2091 (Cen.
959 2021 1007 2074 l.
1027 2019 1085 2074 2.
1105 2019 1181 2090 5).
1199 2019 1303 2074 Sed
1325 2028 1448 2073 tunc
1465 2017 1676 2088 quidem
1697 2016 1848 2082 dixit,
1865 2014 2008 2082 Fiat,

432 2125 504 2180 et,
533 2113 749 2166 Factum
776 2122 884 2174 est;
916 2127 1057 2166 nunc
1084 2119 1260 2165 autem
1289 2125 1394 2165 nou
1425 2109 1577 2172 dixit,
1599 2108 1692 2164 sed
1721 2111 1832 2179 ipse
1858 2110 2012 2164 nobis

433 2207 518 2260 lux
546 2205 713 2260 factus
730 2215 832 2260 est.
852 2205 1109 2270 Quocirca
1132 2219 1226 2257 nec
1252 2217 1339 2256 res
1357 2203 1582 2257 seusiles
1605 2201 1704 2258 hac
1723 2203 1840 2257 luce
1857 2201 2011 2257 allul-

427 2311 585 2368 gente
609 2301 893 2362 intut‘mur,
918 2297 1010 2353 sed
1038 2298 1198 2351 Deum
1223 2297 1392 2366 ipsum
1415 2313 1507 2366 per
1528 2295 2012 2352 Christum.Vides—

429 2410 494 2446 ne
525 2408 629 2460 quo
663 2398 812 2458 Iacto
836 2389 968 2444 nihil
1001 2389 1052 2442 iu
1081 2388 1344 2443 Triuitate
1371 2388 1436 2441 sit
1461 2387 1774 2442 diversum?
1795 2388 1924 2442 Nam
1944 2389 2012 2444 de

427 2486 624 2552 Spiritu
658 2483 818 2545 dicit,
856 2481 968 2536 Nos
999 2491 1166 2535 autem
1195 2497 1368 2534 omnes
1397 2481 1614 2534 revelata
1641 2483 1771 2551 facie
1795 2482 2012 2552 gloriam

427 2574 635 2627 Domini
667 2576 1003 2644 speculantes,
1032 2575 1083 2625 in
1116 2572 1344 2626 eamdem
1370 2572 1643 2642 imaginem
1671 2577 2010 2643 transforma-

427 2684 542 2718 nmr
571 2684 601 2718 a
644 2667 805 2736 gloria
836 2667 887 2717 in
916 2665 1171 2734 gloriam,
1203 2673 1458 2733 tamquam
1489 2681 1520 2717 a
1553 2662 1771 2718 Domino
1811 2664 2012 2735 Spiritu

427 2757 516 2828 (Ξ.
545 2757 661 2811 Cor.
693 2759 745 2812 5.
778 2757 908 2825 18);
942 2755 1008 2809 de
1044 2755 1180 2808 Filio
1201 2796 1216 2820 ,
1250 2754 1318 2809 Ut
1348 2772 1448 2809 non
1475 2757 1666 2826 fulgeat
1690 2754 1792 2808 illis
1819 2756 2011 2809 illumi-

429 2853 565 2904 iatio
595 2850 839 2920 evangelii
867 2851 1048 2920 gloria'
1090 2848 1315 2914 Christi,
1347 2850 1434 2916 qui
1462 2859 1533 2902 est
1572 2850 1739 2919 imago
1770 2847 1901 2914 Dei;
1944 2850 2010 2905 de

425 2942 582 2995 Patre
629 2941 878 3010 denique,
914 2932 1012 3005 Qui
1044 2939 1169 2993 dixit
1218 2939 1282 2992 de
1323 2940 1535 2992 tenebris
1588 2939 1750 2992 lucem
1778 2941 2012 3009 splende-

425 3048 582 3097 scere,
614 3032 721 3101 ipse
747 3031 914 3084 illuxit
943 3031 993 3083 in
1024 3029 1260 3084 cordibus
1290 3030 1464 3083 vestris
1490 3029 1558 3081 ad
1588 3029 2011 3083 illuminationcm

424 3125 647 3178 scientia:
676 3123 922 3178 claritatis
950 3122 1044 3177 Dei
1076 3124 1128 3176 in
1159 3124 1289 3192 facie
1318 3119 1525 3176 Christi.
1550 3121 2007 3187 Quemadmodum

425 3218 567 3271 cuitu
597 3234 716 3272 cum
749 3215 990 3280 dixisset,
1026 3215 1291 3286 Evangelii
1325 3215 1502 3286 gloria:
1528 3214 1736 3281 Christi,
1761 3215 2006 3286 subjecit,

431 3311 530 3374 Qui
566 3321 638 3365 est
677 3312 845 3380 imago
877 3305 993 3373 Dei,
1027 3307 1108 3362 his
1136 3307 1311 3362 verbis
1340 3307 1580 3363 indicans
1601 3323 1694 3362 eos
1716 3308 1855 3362 illius
1878 3324 2011 3379 quo-

429 3417 533 3470 que
576 3401 741 3470 gloria
772 3401 987 3455 orbatos
1014 3415 1171 3454 esse:
1218 3400 1287 3452 ila
1335 3414 1455 3452 cum
1486 3399 1742 3465 dixisset,
1775 3399 2012 3454 Scientitc

433 3493 568 3555 Dei,
601 3492 827 3560 adjecit,
869 3489 933 3545 In
965 3491 1100 3562 facie
1125 3489 1353 3555 Christi,
1397 3500 1454 3544 ut
1493 3491 1738 3544 ostendat
1778 3506 1874 3544 nos
1920 3508 2012 3560 per

433 3584 704 3639 Christum
732 3583 794 3636 ad
826 3583 994 3637 Patris
1023 3582 1377 3652 cognitionem
1417 3583 1723 3649 pervenire,
1767 3592 1818 3634 ut
1850 3583 2008 3635 etiam

435 3692 532 3745 per
561 3674 814 3746 Spiritum
850 3674 912 3728 ad
945 3690 1065 3728 eum
1100 3673 1432 3726 adducimur.
1479 3672 1531 3724 7.
1568 3671 1821 3724 Habemus
1847 3681 2012 3726 autem

429 3771 582 3822 istum
614 3768 902 3821 thesaurum
935 3767 988 3820 in
1029 3767 1160 3820 vasis
1205 3763 1444 3834 ﬁctilibus
1483 3779 1502 3817 :
1547 3773 1600 3817 ut
1627 3763 1906 3818 sublimitas
1948 3767 2012 3819 sit

429 3862 629 3914 virtutis
671 3858 802 3923 Dei,
833 3867 877 3912 et
912 3875 1012 3912 non
1053 3874 1115 3910 ca:
1149 3856 1311 3910 nobis.
1355 3854 1614 3920 Quoniam
1643 3854 1783 3908 enim
1815 3854 1881 3909 de
1921 3870 2010 3907 ar-

430 3970 560 4007 cana
601 3952 686 4006 illa
731 3951 902 4022 gloria
944 3951 1108 4005 multa
1155 3958 1208 4003 et
1248 3949 1422 4018 ampla
1463 3947 1624 4001 verba
1656 3945 1897 4014 fecerat,
1945 3965 2014 4003 ne

431 4046 549 4113 quis
579 4043 818 4098 diceret:
864 4041 964 4108 Qui
995 4042 1050 4095 lit
1086 4040 1262 4111 igitur,
1293 4048 1349 4093 ut
1380 4048 1576 4093 tantam
1607 4038 1833 4108 gloriam
1877 4055 2010 4093 con-

433 4136 667 4206 sequuti,
701 4134 753 4188 in
785 4133 995 4188 mortali
1022 4147 1246 4202 corpore
1287 4131 1634 4184 maneamus?
1674 4129 1786 4184 Hoc
1816 4131 2009 4200 ipsum,

435 4228 625 4295 inquit,
669 4233 753 4280 est
790 4238 1131 4292 summopere
1180 4222 1478 4276 mirandum
1505 4261 1519 4284 ,
1563 4237 1626 4276 ac
1655 4221 2012 4278 luculentissi-

436 4333 580 4372 tuum
639 4318 833 4371 divina:
893 4315 1146 4387 potentiae
1198 4324 1610 4383 argumentum,
1657 4314 1797 4384 quod
1853 4316 2014 4374 ﬁctile

435 4408 706 4462 vasculum
758 4417 960 4462 tantum
1002 4405 1337 4477 splendorem
1373 4406 1510 4459 ferre
1553 4419 1615 4458 ac
1656 4414 1857 4460 tantum
1901 4407 2017 4462 the-

433 4514 648 4553 saurum
671 4498 806 4553 tueri
822 4499 1071 4568 potuerit.
1090 4495 1250 4566 Cujus
1269 4496 1427 4550 etiam
1447 4495 1521 4550 rei
1535 4495 1887 4550 admiratione
1901 4496 2015 4566 ipse

435 4599 738 4646 commotus
765 4591 968 4646 diccbat
998 4608 1010 4644 :
1059 4587 1125 4644 Ut
1171 4587 1450 4642 sublimitas
1476 4587 1540 4641 sit
1568 4588 1766 4640 virtutis
1799 4585 1925 4654 Dei,
1972 4596 2016 4640 et

436 4702 536 4738 non
569 4700 631 4738 ea:
671 4685 810 4737 nobis
834 4699 854 4747 ;
891 4683 975 4737 his
1000 4683 1176 4736 verbis
1200 4696 1292 4734 eos
1322 4694 1507 4734 rursus
1533 4677 1900 4742 subindicans,
1927 4678 2017 4749 qui

440 4783 492 4837 in
523 4781 714 4851 seipsis
744 4779 1126 4851 gloriabantur.
1151 4776 1281 4830 Nam
1310 4785 1362 4829 et
1390 4775 1653 4828 donorum
1685 4772 2015 4843 magnitudo,

439 4885 493 4930 et
520 4890 705 4930 eorum
737 4873 824 4944 qui
868 4872 951 4926 his
991 4869 1165 4925 aﬂ‘ecli
1209 4877 1332 4922 sunt
1361 4866 1732 4931 imbecillitas,
1778 4866 1882 4919 vim
1926 4864 2017 4920 Dei

444 4968 859 5028 demonstrant,
908 4978 1012 5016 non
1055 4959 1214 5014 modo
1242 4959 1364 5029 quia
1399 4972 1587 5024 magna
1635 4957 1857 5026 largitus
1897 4967 2017 5023 est,

441 5057 535 5112 sed
563 5058 687 5126 quia
719 5056 898 5126 parvis
925 5065 977 5109 et
1017 5053 1276 5123 ahjectis:
1323 5047 1485 5103 ﬁctile
1515 5049 1708 5117 quippe
1746 5049 1918 5115 dixit,
1967 5057 2022 5102 ut

445 5153 691 5204 humanae
722 5153 925 5202 natura:
952 5146 1290 5216 fragilitatem
1345 5140 1703 5212 signiﬁcaret,
1741 5141 2023 5211 carnisque

445 5251 644 5296 nostra:
693 5239 1108 5294 imbecillitatem
1158 5235 1499 5302 conspicuam
1548 5229 1818 5284 redderet.
1861 5230 2022 5286 Testa

444 5349 681 5403 namque
711 5332 882 5386 nihilo
909 5330 1100 5385 melius
1129 5328 1215 5381 illa
1242 5341 1300 5381 se
1327 5325 1522 5387 habet;
1555 5322 1690 5378 adeo
1715 5322 2025 5378 offensioni-

447 5426 548 5482 bus
577 5433 744 5497 patet,
773 5440 837 5480 ac
864 5433 1060 5488 morte,
1088 5419 1313 5485 morbis,
1345 5418 1462 5472 caeli
1493 5417 1842 5486 intemperiis,
1865 5426 2025 5487 atque

447 5519 741 5575 innumeris
759 5517 878 5573 aliis
894 5516 1048 5570 malis
1073 5512 1223 5568 facile
1247 5510 1578 5566 dissolvitur.
1603 5510 1729 5564 Haec
1754 5525 1918 5580 porro
1938 5510 2024 5565 di-

449 5611 605 5666 cebat
624 5653 640 5677 ,
669 5619 782 5666 tum
812 5617 868 5665 ut
893 5622 1075 5664 eorum
1103 5603 1456 5675 arrogantiam
1485 5604 1879 5672 comprimeret,
1915 5611 2024 5658 tum

452 5715 510 5760 ut
559 5707 691 5761 nihil
743 5721 920 5762 rerum
971 5712 1275 5758 noetrarum
1316 5699 1601 5755 humanum
1643 5713 1760 5753 esse
1803 5696 2025 5752 demon-

451 5807 662 5852 strarct.

1463 341 1530 400 IN
1565 341 1782 400 EPIST.
1823 339 1866 397 ll
1925 339 2019 396 AD
2055 338 2212 398 COR.
2252 339 2485 398 HOMIL.
2525 333 2674 398 νηι-

3607 343 3710 402 888

2195 453 2253 510 4.
2301 455 2435 510 Nam
2461 464 2572 511 tum
2596 456 2811 512 demum
2843 457 2938 513 Dei
2975 459 3054 514 vis
3082 457 3315 514 maxime
3339 459 3514 515 elucet
3538 501 3553 524 ,
3581 474 3706 515 cum

2126 560 2222 615 per
2245 546 2381 602 viles
2413 558 2467 602 et
2495 547 2737 618 abjectos
2765 549 3007 620 ingentes
3031 565 3122 606 res
3151 559 3345 622 patrat.
3373 553 3451 608 Ac
3480 553 3705 622 proinde

2123 635 2232 690 alio
2257 637 2420 691 etiam
2449 638 2568 693 loco
2591 638 2771 695 aiebat
2799 681 2816 707 ,
2857 639 3024 696 Virtus
3053 658 3165 697 mea
3188 644 3242 697 in
3265 643 3566 714 infirmitate
3587 660 3706 714 per-

2124 727 2297 794 ﬁcitur
2323 728 2400 799 (Ξ.
2430 727 2548 785 Cor.
2585 729 2674 785 12.
2707 728 2785 804 9).
2817 730 2874 787 lu
2903 732 3082 788 Veteri
3111 749 3326 805 quoque
3351 734 3702 792 Testamento

2124 831 2222 886 per
2244 818 2446 874 culices
2470 830 2526 875 et
2549 836 2767 876 muscas
2798 832 2940 878 totos
2975 823 3326 881 barbarorum
3354 828 3621 882 exercitus
3650 830 3704 883 in

2123 909 2298 979 fugam
2326 911 2562 968 vertebat
2597 913 2740 984 (ideo
2769 929 2986 970 erucam
3018 931 3264 988 magnam
3294 919 3404 974 vim
3433 933 3585 974 suam
3608 934 3705 988 ap-

2124 1002 2356 1072 pellabat
2382 1002 2539 1076 [loeL
2570 1005 2848 1080 125]),
2896 1015 2950 1063 et
2992 1009 3118 1062 olim
3172 1010 3381 1081 linguas
3428 1011 3708 1068 dumtaxat

2122 1086 2502 1144 confundendo
2529 1131 2544 1154 ,
2578 1090 2849 1161 ingentem
2891 1092 3037 1146 illam
3083 1094 3269 1148 turrim
3324 1094 3704 1167 Babylonicam

2122 1177 2340 1233 delevit.
2391 1180 2448 1234 ln
2488 1180 2643 1237 bellis
2682 1182 2902 1252 insuper
2947 1199 3088 1238 nunc
3137 1201 3233 1255 per
3263 1194 3532 1243 trecentos
3559 1189 3714 1263 viros.

2123 1269 2383 1326 inﬁnitam
2412 1270 2646 1328 hostium
2673 1289 2891 1328 manum
2923 1273 3253 1345 profligabat,
3283 1292 3426 1333 nunc
3453 1280 3704 1336 tubarum

2121 1363 2374 1433 clangore
2407 1364 2570 1421 urbes
2594 1365 2892 1426 evertebat,
2925 1380 2990 1420 ac
3018 1376 3202 1436 postea
3235 1382 3331 1436 per
3362 1370 3614 1440 exiguum
3642 1385 3706 1424 ac

2126 1453 2286 1507 vilem
2311 1453 2709 1510 adolescentem
2739 1457 2990 1511 Davidem
3023 1457 3328 1511 universam
3356 1457 3704 1515 barbarorum

2120 1545 2288 1600 aciem
2313 1547 2364 1600 in
2396 1546 2572 1616 fugam
2595 1549 2804 1618 agebat.
2832 1549 3033 1604 Eodem
3064 1550 3244 1620 itaque
3265 1552 3427 1606 modo
3456 1552 3544 1608 hic
3573 1569 3704 1623 quo-

2121 1652 2224 1707 que
2269 1639 2446 1693 missis
2474 1640 2647 1694 solum
2690 1640 2974 1698 duodecim
3003 1643 3133 1697 viris
3162 1642 3230 1697 de
3265 1643 3396 1698 orbe
3423 1645 3701 1702 victoriam

2118 1732 2345 1801 adeptus
2371 1742 2473 1799 est,
2505 1733 2807 1800 duodecim,
2833 1734 2994 1804 idque
3014 1750 3135 1789 cum
3165 1736 3266 1804 ipsi
3298 1735 3489 1791 infesta
3521 1741 3700 1794 omnia

2122 1823 2403 1890 haberent,
2433 1840 2496 1879 ac
2526 1825 2665 1880 bello
2695 1825 2762 1880 ab
2797 1827 3046 1882 onmibus
3075 1839 3420 1882 vexarentur.
3452 1829 3544 1884 Dei
3575 1847 3705 1902 ergo
3753 1813 3757 1816 i

2120 1918 2411 1986 potentiam
2454 1917 2784 1972 admiremur
2811 1927 2866 1972 et
2891 1917 3176 1974 adoremus
3208 1937 3222 1972 :
3258 1918 3595 1976 sciscitemur
3635 1939 3700 1976 ex

2118 2005 2339 2073 Judmis,
2368 2008 2708 2064 sciscitemur
2733 2025 2797 2063 ex
2824 2009 3114 2080 gentilibus
3133 2050 3147 2075 ,
3181 2011 3428 2081 quisnam
3452 2014 3703 2068 universo

2118 2109 2382 2155 terrarum
2411 2101 2526 2155 orbi
2556 2103 2902 2172 persuaserit,
2937 2110 2996 2156 ut
3024 2118 3052 2155 a
3077 2105 3264 2174 patriis
3293 2104 3547 2160 institutis
3571 2106 3699 2161 abs-

2117 2192 2380 2260 cederet,
2410 2201 2570 2262 atque
2625 2192 2692 2246 ad
2741 2193 2966 2247 alteram
3012 2192 3221 2247 vivendi
3278 2195 3541 2249 rationem
3581 2209 3704 2250 sese

2116 2285 2386 2339 conferret
2411 2285 2434 2337 ‘l
2458 2285 2713 2354 piscator,
2745 2299 2811 2337 an
2843 2284 3196 2339 tentoriorum
3224 2284 3448 2340 eﬂ'ector
3473 2287 3497 2340 Τ
3521 2287 3698 2357 publi-

2118 2391 2283 2431 canus
2309 2419 2323 2444 ,
2354 2392 2420 2431 an
2461 2377 2707 2432 indoctus
2734 2392 2797 2430 ac
2829 2377 3102 2432 literarum
3131 2378 3370 2446 expers?
3400 2379 3570 2445 Quam
3607 2395 3704 2433 au-

2119 2478 2225 2524 tem
2258 2469 2359 2525 hoc
2389 2472 2650 2526 rationem
2685 2470 2947 2536 haberet,
2989 2471 3090 2524 nisi
3124 2472 3202 2525 vis
3247 2471 3422 2526 divina
3466 2471 3655 2527 fuisset
3683 2517 3697 2538 ,

2116 2579 2235 2631 qua:
2267 2577 2360 2632 per
2388 2563 2505 2616 illos
2533 2562 2711 2616 omnia
2743 2561 3087 2617 conﬁceret?
3126 2561 3258 2616 Nam
3303 2563 3428 2633 quid
3461 2564 3700 2619 dicentes

2116 2655 2192 2708 illi
2219 2695 2235 2722 ,
2270 2654 2711 2723 persuadebant?
2751 2655 3101 2724 Baptizemiui
3128 2655 3183 2708 in
3217 2655 3433 2710 nomine
3459 2656 3698 2712 cruciﬁxi

2116 2744 2270 2814 (Act.
2301 2744 2354 2798 2.
2385 2743 2508 2817 58).
2539 2744 2701 2814 Cujus
2748 2743 3000 2800 tandem?
3027 2744 3196 2813 Quem
3229 2762 3516 2816 numquam
3545 2747 3700 2803 vidc-

2115 2844 2254 2890 rant.
2305 2837 2370 2890 Et
2401 2844 2580 2891 tamen
2609 2851 2728 2890 cum
2762 2834 2874 2890 haec
2913 2835 3155 2890 dicerent
3197 2851 3261 2890 ac
3298 2836 3652 2906 praedicarent
3680 2880 3700 2904 ,

2115 2927 2448 2984 auditoribus
2494 2927 2886 2998 persuadebant
2911 2968 2926 2993 ,
2966 2942 3060 2983 eos
3106 2929 3195 2998 qui
3226 2929 3654 2984 vaticinabantur
3680 2971 3698 2994 ,

2116 3030 2278 3092 atque
2303 3036 2330 3074 a
2357 3020 2651 3090 majoribus
2680 3018 2856 3073 traditi
2883 3019 3013 3089 ipsis
3039 3028 3193 3074 erant
3218 3061 3232 3086 ,
3261 3017 3394 3075 deos
3415 3035 3520 3075 non
3555 3037 3698 3076 esse.

2116 3114 2362 3169 Christus
2390 3129 2515 3168 vero
2544 3113 2709 3168 clavis
2733 3111 2926 3167 afﬁxus
2949 3126 3138 3167 omnes
3161 3112 3482 3167 attrahebat.
3514 3114 3696 3182 Atqui,

2118 3206 2260 3278 quod
2294 3206 2345 3259 in
2375 3220 2590 3261 crucem
2630 3205 2870 3260 sublatus
2913 3219 2977 3258 ac
3018 3203 3260 3273 sepultus
3289 3204 3475 3259 fuisset
3508 3245 3522 3270 ,
3558 3206 3697 3274 apud

2117 3312 2306 3352 omnes
2333 3296 2651 3360 constabat;
2680 3295 2821 3362 quod
2851 3305 3030 3349 autem
3081 3295 3461 3350 resurrexisset
3495 3337 3510 3360 ,
3542 3297 3704 3365 pauci.

2116 3389 2336 3442 omnino
2365 3387 2627 3441 viderant.
2659 3384 2837 3439 Nihilo
2866 3385 3044 3439 secius
3072 3392 3248 3439 tamen
3282 3383 3382 3439 hoc
3412 3386 3581 3455 ipsum
3610 3386 3696 3453 iis,

2117 3481 2205 3550 qui
2241 3495 2350 3533 non
2388 3478 2632 3533 viderant
2663 3518 2678 3543 ,
2707 3483 3091 3544 persuaserunt
3123 3491 3260 3532 :nec
3283 3475 3332 3531 id
3356 3476 3528 3531 solum
3555 3519 3569 3543 ,
3603 3478 3697 3532 sed

2117 3572 2300 3636 etiam,
2324 3568 2468 3640 quod
2497 3567 2548 3621 in
2576 3567 2739 3621 caelos
2769 3565 3120 3631 ascendisset,
3151 3574 3312 3636 atque
3342 3565 3409 3620 ad
3433 3565 3695 3636 judicium

2118 3661 2184 3716 de
2215 3660 2351 3714 vivis
2375 3674 2438 3714 ac
2465 3657 2690 3713 mortuis
2721 3655 3000 3711 ferendum
3033 3664 3291 3711 venturus
3316 3666 3482 3714 esset.

2190 3751 2422 3820 Apostoli
2440 3748 2690 3821 quomodo
2713 3748 2883 3802 orbem
2909 3748 3228 3818 subegerunt.
3249 3777 3322 3788 -—
3343 3747 3498 3804 Unde
3514 3748 3695 3819 igitur,

2119 3859 2342 3914 qua-so,
2377 3841 2736 3914 persuadendi
2789 3841 2867 3893 vis
2923 3840 2975 3894 iu
3029 3838 3114 3893 his
3166 3841 3702 3897 sermonibusiNou

2118 3937 2334 3990 aliunde
2362 3978 2376 4002 ,
2405 3950 2563 4005 quam
2585 3951 2614 3987 a
2645 3933 2738 3989 Dei
2772 3933 3028 4004 potentia.
3059 3932 3292 3988 Primum
3317 3934 3460 3990 enim
3493 3936 3700 3990 novitas

2119 4030 2232 4098 ipsa
2269 4029 2507 4084 omnium
2537 4027 2744 4081 animos
2771 4023 3081 4079 oﬂ‘eudebat
3118 4045 3131 4078 :
3161 4041 3280 4079 cum
3312 4035 3491 4080 autem
3516 4026 3568 4080 in
3600 4025 3700 4081 hu.-

2113 4120 2344 4190 jusmodi
2379 4118 2540 4175 rebus
2565 4116 2827 4188 quispiam
2859 4117 3096 4178 innovat,
3114 4124 3242 4170 tunc
3267 4117 3482 4186 gravior
3510 4131 3596 4172 res
3615 4115 3693 4172 ef-

2120 4213 2313 4275 ficitur,
2330 4220 2387 4264 ut
2411 4224 2531 4264 cum
2552 4210 2851 4278 priscorum
2871 4205 3066 4259 rituum
3083 4203 3427 4260 fundamenta
3445 4205 3693 4276 effringit.

2118 4320 2184 4358 ac
2212 4304 2354 4373 leges
2381 4301 2636 4355 radicitus
2661 4299 2863 4354 evellit.
2902 4297 3016 4352 Huc
3040 4297 3247 4350 accedit
3273 4337 3287 4360 ,
3318 4298 3457 4366 quod
3486 4313 3685 4367 praeco.

2121 4411 2216 4449 nes
2242 4410 2346 4449 non
2374 4393 2477 4447 ﬁde
2506 4391 2651 4460 digni
2682 4390 3012 4444 viderentur.
3061 4385 3192 4441 Nam
3225 4395 3278 4441 et
3306 4403 3369 4441 ex
3394 4403 3453 4441 ea
3485 4387 3700 4443 natione

2124 4495 2278 4540 erant
2311 4525 2325 4547 ,
2353 4500 2471 4554 quae
2494 4482 2746 4538 omnibus
2771 4479 2958 4534 odiosa
2988 4486 3130 4534 esset
3161 4517 3177 4543 ,
3216 4488 3270 4533 et
3301 4477 3401 4546 ipsi
3434 4479 3603 4533 timidi
3639 4495 3701 4535 ac

2123 4579 2382 4634 doctrinae
2408 4583 2658 4644 expertes
2684 4581 2855 4628 erant.
2890 4570 3040 4626 Unde
3070 4570 3228 4641 igitur
3253 4569 3438 4624 orbem
3469 4569 3698 4640 subege-

2124 4667 2291 4724 runt?
2342 4666 2481 4721 unde
2509 4679 2603 4720 vos
2629 4673 2684 4720 et
2713 4665 2944 4733 majores
2972 4671 3180 4717 vestros
3207 4702 3222 4726 ,
3266 4660 3356 4732 qui
3398 4659 3700 4731 philosophi

2123 4757 2460 4824 videbantur,
2491 4766 2649 4829 atque
2677 4755 2809 4809 deos
2831 4755 2974 4824 ipsos
3000 4750 3308 4822 ejecerunt?
3335 4766 3512 4807 annon
3537 4752 3703 4823 liquet

2129 4854 2247 4907 illos
2280 4852 2447 4907 Deum
2490 4864 2672 4905 secum
2701 4846 2994 4902 habuisse?
3022 4845 3207 4916 Neque
3245 4845 3390 4900 enim
3420 4853 3527 4899 tam
3568 4860 3707 4914 prai-

2125 4950 2269 5006 clara
2296 4947 2533 5002 facinora
2558 4945 2610 4999 in
2640 4944 2924 4997 humanam
2951 4939 3248 5010 potentiam
3271 4938 3491 5001 cadunt,
3525 4936 3617 4992 sed
3651 4938 3704 4992 in

2127 5041 2365 5095 divinam
2391 5035 2676 5108 quamdam
2707 5042 2761 5088 et
2789 5031 3127 5088 inell‘abilem.
3165 5029 3382 5083 Minime
3412 5043 3539 5082 vero
3574 5069 3590 5094 ,
3623 5027 3705 5082 iu-

2128 5133 2318 5204 quiunt
2349 5132 2433 5215 isti
2463 5147 2477 5195 ;
2510 5128 2602 5184 sed
2628 5127 2909 5197 praestigiis
2937 5124 3017 5178 usi
3045 5131 3191 5178 sunt.
3231 5121 3372 5190 Ergo
3397 5119 3702 5175 daemonum

2132 5213 2414 5296 imperium
2445 5221 2627 5291 augeri
2653 5219 2937 5290 oportebat
2965 5257 2980 5284 ,
3010 5225 3168 5286 atque
3209 5213 3473 5269 idolorum
3505 5213 3705 5270 cultum

2131 5315 2468 5388 ampliﬁcari.
2501 5314 2600 5380 Qui
2631 5312 2789 5383 igitur
2814 5310 3008 5365 factum
3035 5315 3139 5373 est,
3175 5315 3227 5362 ut
3260 5321 3320 5363 ea
3352 5305 3528 5362 deleta
3549 5313 3709 5374 atque

2131 5409 2394 5467 exstincta
2420 5405 2528 5459 sint
2559 5444 2573 5470 ,
2607 5413 2662 5459 ct
2689 5418 2756 5458 ex
2789 5399 3060 5457 contrario
3106 5408 3288 5454 nostra
3323 5396 3660 5452 emet-escam
3688 5393 3712 5443 ι’

2133 5504 2310 5571 Quare
2335 5500 2460 5554 hinc
2484 5511 2696 5568 quoque
2723 5495 2929 5565 liquet,
2961 5493 3052 5548 Dei
3080 5490 3288 5546 calculo
3313 5487 3430 5542 haec
3456 5481 3712 5548 contigis-

2136 5609 2195 5650 se
2223 5613 2237 5649 :
2269 5606 2442 5662 neque
2467 5606 2496 5644 a
2518 5588 2896 5660 prardicatione
2919 5595 3143 5650 tantum,
3163 5581 3258 5638 sed
3279 5579 3347 5632 ab
3367 5577 3478 5644 ipsa
3500 5584 3713 5662 quoque

2137 5688 2258 5741 vitae
2286 5659 2766 5750 rationerQuaudo
2809 5677 2950 5734 enim
2999 5683 3143 5729 tanta
3193 5666 3472 5736 virginitas
3511 5659 3715 5732 passim

2144 5789 2253 5835 toto
2281 5779 2411 5835 orbe
2441 5776 2644 5832 consita
2674 5773 2793 5829 est?
2821 5768 3031 5841 quando
3062 5782 3154 5836 par
3180 5774 3365 5832 opum,
3385 5757 3528 5823 vitm,
3557 5761 3718 5821 atque
