4070 6152
378 317 485 382 850

381 442 605 495 aliarum
637 435 875 491 omnium
905 445 1082 492 rerum
1113 439 1448 497 contemptus
1481 425 1505 478 ?
1547 423 1678 479 Nam
1709 421 1957 490 fiagitiusi

382 545 448 586 ac
470 529 884 601 praestigiatores
903 520 1036 577 nihil
1061 519 1322 588 ejusmodi
1354 516 1629 572 effecerint
1654 553 1669 576 ,
1702 512 1797 566 sed
1821 526 1951 564 con-

384 623 549 678 traria
575 619 752 674 omnia
781 633 796 669 :
824 625 881 669 at
905 613 960 668 hi
987 613 1278 684 angelicam
1303 611 1422 664 vita:
1443 608 1702 663 rationem
1727 605 1879 660 nobis
1903 612 1960 658 et

388 719 442 769 in
475 723 655 768 nostra
695 719 748 765 et
791 709 842 763 in
889 707 1113 762 barbara
1162 704 1381 774 regione
1423 711 1583 770 atque
1624 700 1675 752 in
1703 696 1958 752 extremis

390 817 546 860 terra:
595 800 896 856 recessibus
935 813 1040 853 non
1088 797 1247 850 modo
1291 794 1589 848 docuerunt
1618 831 1633 856 ,
1674 789 1767 844 sed
1798 788 1957 842 etiam

385 894 744 964 perfecerunt.
769 889 926 947 Unde
954 888 1293 958 perspicuum
1314 893 1418 948 est,
1437 881 1634 939 Christi
1663 881 1767 933 vim
1793 878 1960 933 fuisse

388 1002 508 1056 quae
534 984 636 1040 hoc
662 991 831 1038 totum
860 981 1054 1050 ubique
1084 978 1272 1034 iccerit
1294 1017 1310 1042 ,
1337 978 1442 1030 vim
1469 1016 1486 1040 ,
1517 974 1732 1044 inquam
1762 1011 1778 1034 ,
1816 971 1958 1026 illam

388 1076 584 1145 ubique
610 1075 872 1129 lucentem
896 1086 958 1126 ac
985 1070 1193 1138 fulgure
1215 1067 1404 1139 quovis
1426 1066 1658 1121 celerius
1685 1063 1964 1117 hominum

979 362 981 364 .
1065 306 1124 373 s.
1163 305 1443 371 IUANNIS
1479 306 1954 368 cunvsnsrout
1995 292 2313 364 AItClllEP;
2355 292 2894 363 CONSTANTINOP.

3539 305 3650 357 Mill

2067 430 2276 476 mentes
2317 418 2695 474 i-llustrantem.
2729 418 2854 474 Huic
2889 418 3054 492 igitur
3077 418 3260 476 omnia
3292 420 3590 489 cogitantes
3623 457 3640 488 ς

2063 520 2226 579 atque
2250 519 2491 579 apertum
2519 509 2891 579 promissionis
2934 508 3231 565 futurorum
3264 509 3526 566 honorum
3553 528 3644 567 ar-

2063 610 2372 672 gumentum
2397 614 2460 655 ex
2492 600 2556 654 iis
2579 615 2698 670 qua:
2727 597 2863 655 facta
2893 609 3021 655 sunt
3047 599 3320 670 capientes
3339 643 3355 666 ,
3385 602 3644 658 invictam

2065 697 2208 751 illam
2249 695 2500 752 Crucilisi
2541 696 2835 766 potentiam
2883 696 3163 751 nobiscum
3203 695 3426 752 adorate
3457 714 3472 752 :
3505 705 3565 751 ut
3587 705 3648 752 ct

2064 787 2430 842 intolerandos
2451 788 2720 841 cruciatus
2744 785 3028 856 ettugiatis,
3060 797 3114 842 et
3137 788 3525 855 sempiternum
3554 802 3649 842 rc--

2064 892 2226 946 gnum
2272 877 2634 947 assequamini
2664 892 2679 929 ε
2713 876 2857 945 quod
2895 877 3098 931 utinam
3142 875 3299 932 nobis
3331 877 3642 948 contingat,

2067 983 2162 1040 per
2185 969 2412 1040 gratiam
2434 978 2489 1023 et
2519 966 2926 1038 benignitatem,
2957 975 3062 1022 etc.

389 1207 3230 1253 MM

1773 1342 2119 1411 HOMILIA
2164 1346 2279 1408 IX.

387 1520 517 1578 Car.
535 1521 590 1576 4.
610 1536 667 1574 v.
682 1519 734 1575 8.
749 1510 816 1570 In
832 1511 1062 1570 omnibus
1090 1509 1462 1565 tribulationem
1488 1505 1733 1577 patimur,
1751 1504 1839 1557 sed
1867 1518 1969 1556 non

462 1611 817 1684 angustiantur
836 1621 856 1660 :
881 1605 1175 1675 aporiamur
1197 1641 1214 1667 ,
1256 1599 1342 1655 sed
1370 1616 1472 1652 non
1511 1598 1835 1652 destituimur
1863 1611 1881 1650 :
1907 1596 1966 1651 9.

463 1698 900 1772 persequutionem
949 1694 1188 1763 patimur,
1211 1690 1300 1744 sed
1341 1705 1441 1742 non
1474 1687 1890 1757 deretinquimur.

472 1873 522 1930 l.
549 1875 603 1929 lu
631 1887 697 1928 eo
723 1871 896 1925 adhuc
937 1868 1250 1922 immoratur
1276 1906 1290 1929 ,
1320 1873 1380 1919 ut
1404 1862 1653 1918 ostendat
1680 1876 1840 1916 omne
1868 1860 1968 1914 hoc

397 1961 666 2035 negotium
697 1953 892 2016 divinat
926 1956 1178 2028 potentiae
1207 1949 1617 2010 adscribendum
1661 1967 1781 2006 esse
1815 1970 1828 2004 :
1867 1965 1976 2035 quo

400 2032 584 2111 eorum
612 2051 972 2122 arrogantiam
1013 2053 1304 2110 coerceat,
1336 2045 1426 2113 qui
1473 2039 1526 2098 in
1553 2038 1748 2112 seipsis
1776 2032 1976 2111 gloria—

397 2150 610 2202 bantur.
640 2143 758 2199 Non
785 2143 927 2198 enint
947 2181 963 2205 ,
997 2140 1205 2207 inquit,
1239 2135 1342 2190 hoc
1370 2135 1542 2190 solum
1575 2133 1816 2187 mirabile
1843 2136 1926 2188 est
1957 2171 1972 2195 ,

399 2234 541 2305 quod
565 2234 710 2288 hunc
739 2233 1048 2286 thesaurum
1080 2228 1131 2281 in
1159 2225 1409 2279 ﬁctilibus
1431 2225 1571 2278 vasis
1599 2235 1976 2286 asservemus;

404 2327 496 2382 sed
528 2325 687 2380 etiam
715 2321 853 2392 quod
884 2360 901 2386 ,
933 2334 1053 2374 cum
1078 2318 1344 2372 sexcentis
1381 2314 1733 2369 incommodis
1757 2326 1974 2382 prema-

402 2430 520 2470 tnur
548 2454 563 2482 ,
593 2424 753 2484 atque
796 2409 942 2466 omni
979 2423 1045 2463 ex
1091 2416 1241 2477 parte
1285 2405 1556 2474 pulsemur
1581 2445 1596 2468 ,
1628 2418 1751 2458 eum
1799 2410 1975 2455 tamen

403 2518 613 2563 tuemur
658 2514 757 2558 nec
801 2499 1114 2556 amittimus.
1151 2497 1217 2553 Et
1245 2495 1460 2567 quidem
1487 2495 1532 2549 si
1563 2493 1642 2549 vel
1672 2491 1976 2547 adamanti-

405 2611 531 2654 num
571 2609 667 2651 vas
697 2601 857 2660 esset,
882 2599 1033 2647 tanto
1055 2601 1229 2646 tamen
1254 2589 1503 2644 thesauro
1529 2584 1786 2657 gestando
1807 2625 1822 2647 ,
1856 2591 1976 2637 tan-

406 2694 579 2762 iisque
613 2682 824 2744 insidiis
847 2680 1173 2740 sustinendis
1203 2680 1374 2751 impar
1401 2687 1543 2734 esset
1577 2697 1588 2730 :
1620 2692 1762 2731 nunc
1797 2683 1976 2730 autem

401 2794 454 2842 et
475 2779 696 2839 ferimus
725 2786 780 2835 et
804 2792 900 2850 per
920 2775 1012 2831 Dei
1037 2775 1260 2846 gratiam
1285 2769 1414 2826 nihil
1443 2783 1604 2840 grave
1629 2767 1879 2840 patimur.
1909 2762 1978 2819 In

405 2875 634 2932 omnibus
661 2869 1033 2926 tribulationem
1057 2863 1283 2937 patimur
1309 2903 1324 2929 ,
1353 2862 1442 2917 sed
1479 2877 1579 2916 non
1608 2859 1973 2930 angnstiamur.

403 2969 540 3038 Quid
569 2966 694 3023 est?
721 2964 790 3019 In
817 2960 1088 3019 omnibus?
1117 2955 1173 3015 in
1200 2954 1465 3021 hostibus,
1499 2954 1551 3011 in
1579 2951 1786 3018 amicis,
1819 2953 1870 3006 in
1895 2965 1981 3005 ne-

403 3058 674 3118 cessariis.
699 3056 752 3110 in
773 3054 912 3120 aliis,
929 3065 1156 3123 quorum
1182 3047 1400 3119 penuria
1432 3044 1733 3102 laboramus
1754 3085 1768 3106 ,
1791 3042 1859 3097 ab
1885 3043 1980 3096 lio-

407 3154 580 3208 stibus
599 3190 614 3214 ,
640 3164 671 3203 a
693 3147 910 3202 nostris.
933 3144 1040 3201 Sed
1062 3159 1166 3197 non
1189 3139 1558 3211 angustiamur.
1590 3141 1668 3191 Ac
1697 3135 1818 3190 vide
1842 3147 1979 3204 quo-

409 3240 570 3300 modo
599 3244 896 3312 pugnantes
939 3251 1026 3291 res
1051 3234 1230 3300 dicat,
1269 3240 1329 3286 ut
1361 3229 1486 3285 hinc
1515 3241 1726 3300 quoque
1753 3226 1846 3281 Dei
1875 3225 1979 3278 vim

409 3337 812 3392 commonstret.
847 3325 1239 3385 Tributationem
1265 3326 1504 3394 patimur,
1536 3321 1704 3390 inquit
1730 3362 1742 3383 ,
1774 3318 1863 3373 sed
1882 3334 1982 3372 non

409 3427 759 3500 angustiantur
789 3439 809 3478 :
836 3399 1130 3493 aporiamttr
1163 3459 1179 3484 ,
1219 3415 1309 3471 sed
1351 3431 1453 3468 non
1492 3412 1813 3467 destituintur
1835 3426 1854 3462 :
1884 3409 1984 3464 hoc

413 3532 497 3576 ost
521 3562 536 3583 .
563 3535 668 3574 non
698 3511 766 3572 ad
800 3523 1098 3571 extremum
1127 3523 1297 3580 usque
1319 3505 1675 3563 concidimus.
1709 3502 1985 3571 Plerisque

411 3613 551 3667 enim
583 3609 634 3662 in
659 3609 792 3664 locis
811 3603 1078 3670 dolemus,
1093 3616 1192 3658 nec
1211 3594 1352 3670 quod
1369 3597 1608 3652 volumus
1627 3593 1981 3664 asseqnimur,

412 3718 516 3756 non
546 3699 624 3756 sic
648 3709 826 3754 tamen
854 3703 910 3750 ut
935 3710 964 3750 a
995 3687 1288 3763 propositis
1319 3687 1484 3744 rebus
1513 3685 1850 3743 excidamus:
1873 3684 1988 3738 haec

411 3791 608 3860 quippe
637 3803 741 3842 non
770 3800 838 3842 co
869 3783 1132 3854 permittit
1159 3783 1299 3836 Deus
1338 3788 1399 3834 ut
1442 3775 1720 3834 vincamur
1749 3818 1765 3841 ,
1793 3775 1886 3830 sed
1931 3784 1989 3829 ut
2025 3823 2028 3826 .

416 3891 782 3935 exerceamur.
814 3871 1264 3942 Persequutionem
1292 3867 1517 3939 patimur
1547 3909 1562 3931 ,
1591 3869 1678 3921 sed
1709 3883 1810 3920 non
1838 3862 1986 3919 dere-

421 3967 694 4042 Iinqttitnur
713 3982 733 4020 :
763 3964 1048 4034 dejicimur,
1073 3959 1161 4014 sed
1186 3977 1284 4013 non
1311 3960 1553 4029 perimus.
1570 3957 1822 4026 Quamvis
1845 3957 1986 4011 enim

423 4055 744 4116 mutationes
780 4051 1093 4122 contingant
1120 4092 1136 4117 ,
1168 4066 1273 4105 non
1320 4064 1380 4104 ea
1429 4059 1603 4104 tamen
1630 4047 1942 4118 contingunt
1971 4087 1986 4111 ,

421 4169 540 4224 quae
561 4167 628 4207 ex
663 4144 1047 4204 tentationibus
1072 4142 1200 4197 oriri
1227 4141 1406 4196 solent
1438 4157 1450 4192 :
1479 4134 1637 4209 idque
1661 4152 1753 4208 per
1771 4136 1863 4192 Dei
1891 4152 1988 4207 po-

425 4243 642 4299 tentiam
683 4245 739 4294 et
775 4235 1024 4308 gratiam.
1077 4230 1216 4286 Alibi
1243 4237 1422 4286 autem
1451 4227 1566 4282 ιιωο
1592 4227 1761 4282 Deam
1792 4225 1990 4282 idcirco

425 4335 731 4406 permittere
760 4326 854 4396 ait,
883 4337 994 4383 tum
1018 4321 1088 4381 ob
1115 4325 1350 4394 ipsarum
1377 4321 1752 4383 humilitatem,
1785 4327 1893 4373 tum
1923 4317 1990 4373 ad

421 4428 646 4483 aliorum
671 4423 1009 4480 securitatem
1044 4437 1056 4471 :
1087 4415 1170 4471 Ne
1189 4415 1330 4471 enim
1352 4412 1646 4468 insolentius
1671 4409 1875 4478 e/I'erar,
1909 4409 1993 4464 in-

416 4519 552 4589 quit,
571 4517 719 4571 datus
738 4522 811 4568 est
835 4511 958 4566 mihi
986 4509 1218 4564 stimulus
1240 4505 1316 4575 (2.
1334 4503 1452 4560 Cor.
1479 4505 1566 4558 12.
1594 4497 1672 4574 7);
1705 4510 1759 4556 et
1787 4514 1990 4565 rursus,

426 4609 510 4663 Ne
528 4608 639 4680 quis
659 4606 902 4660 existimet
917 4600 980 4654 de
994 4616 1072 4654 me
1081 4615 1236 4668 supra
1251 4597 1303 4652 id
1319 4596 1453 4665 quod
1468 4596 1670 4656 υἱάσινει
1686 4593 1828 4648 audit
1843 4611 1906 4648 επ
1920 4607 1998 4648 τηε

422 4696 584 4768 (Ibid.
613 4713 660 4750 υ.
689 4694 766 4764 6);
794 4701 850 4748 et
896 4691 1003 4746 alio
1042 4691 1180 4754 loco,
1212 4686 1294 4743 Ne
1319 4687 1531 4758 ﬁdentes
1571 4688 1726 4739 simus
1764 4687 1817 4739 in
1859 4687 1999 4741 nobis

426 4791 551 4863 ipsis
575 4783 748 4862 (Ibid.
774 4785 822 4841 l.
849 4785 904 4856 9)
933 4802 946 4839 :
976 4783 1062 4839 hic
1090 4799 1240 4850 vero,
1258 4781 1326 4839 Ut
1348 4781 1440 4836 Dei
1460 4781 1692 4851 potentia
1713 4780 2000 4835 clucescat.

505 4879 586 4936 Ea:
617 4870 972 4934 tentationibus
995 4885 1240 4947 quantum
1260 4874 1476 4929 lucrum.
1495 4902 1566 4913 —
1581 4872 1813 4927 Videsne
1834 4888 2003 4944 quan-

426 4981 518 5033 tus
563 4980 798 5045 qumstus
839 4985 905 5025 ex
950 4966 1335 5023 tentationibus
1377 4965 1605 5021 redeat?
1644 4966 1776 5020 Nam
1822 4975 1877 5020 et
1907 4965 2000 5020 Dei

425 5070 531 5122 vim
565 5062 918 5120 ostendebant
950 5101 964 5126 ,
996 5069 1051 5116 et
1087 5059 1311 5130 gratiam
1357 5058 1585 5129 amplius
1629 5057 1949 5129 detegebant
1983 5073 1998 5121 ;

420 5157 622 5227 Sunicit
650 5156 790 5210 enim
822 5154 909 5208 tibi
928 5152 1092 5224 gratia
1116 5165 1225 5204 mea
1255 5149 1275 5222 (
1303 5147 1439 5203 ibid.
1472 5149 1559 5204 12.
1584 5148 1617 5204 9
1645 5149 1699 5219 ),
1723 5149 1922 5220 inquit;
1946 5157 2000 5204 et

421 5250 483 5304 ad
514 5246 864 5302 humilitatem
894 5245 1266 5309 concitabant,
1294 5243 1430 5297 alios
1457 5242 1872 5310 compesccbant
1898 5283 1911 5307 ,
1944 5251 1999 5296 et

419 5341 541 5396 illos
567 5336 939 5391 tolerantiores
967 5334 1300 5390 ciliciehant:
1328 5332 1580 5387 Patientia
1601 5333 1770 5400 enim,
1801 5333 1993 5402 inquit,

420 5432 771 5506 probationem
791 5437 1048 5500 operatur,
1069 5426 1294 5497 probatio
1310 5443 1448 5496 spent
1470 5425 1643 5497 (Rom.
1667 5427 1720 5483 5.
1751 5426 1831 5498 ti).
1861 5425 1994 5480 Nam

417 5522 505 5597 qui
534 5522 589 5580 in
621 5519 1009 5593 quamplurima
1035 5517 1270 5590 pericula
1299 5517 1632 5583 inciderant,
1657 5527 1818 5588 atque
1843 5518 1996 5574 exiis

422 5629 518 5687 ipe
543 5615 728 5672 divina
753 5611 871 5668 freti
904 5618 1230 5666 emerserunt
1265 5649 1280 5672 ,
1327 5609 1452 5663 hinc
1477 5608 1805 5664 docebantur
1835 5619 1894 5665 ut
1919 5611 1992 5665 illi

421 5707 586 5778 magis
617 5705 880 5762 haererent
905 5703 955 5759 in
986 5701 1246 5758 omnibus.
1280 5699 1362 5759 10.
1399 5699 1608 5771 Semper
1638 5702 1988 5770 morti/iratio-

2075 1515 2189 1552 nem
2211 1495 2338 1552 Iesu
2377 1496 2432 1550 in
2468 1511 2678 1568 corpore
2720 1503 2892 1551 nostra
2927 1487 3333 1566 circumferentes
3361 1535 3377 1560 ,
3408 1501 3466 1548 ut
3483 1505 3526 1548 et
3549 1495 3650 1547 vita

2073 1589 2199 1642 Iesu
2221 1587 2568 1656 manifestetur
2591 1584 2645 1638 in
2663 1599 2875 1654 corpore
2895 1594 3085 1639 nostro.
3100 1584 3363 1653 Quidnam
3390 1592 3506 1639 erat
3534 1583 3648 1638 haec

2076 1675 2418 1733 mortiﬁcatio
2470 1675 2679 1731 Domini
2732 1675 2858 1730 Iesu
2887 1716 2902 1740 ,
2949 1691 3112 1746 quam
3155 1675 3643 1730 circumferebant?

2077 1768 2274 1824 Mortes
2295 1765 2637 1837 quotidianae,
2668 1780 2763 1834 per
2782 1779 2916 1834 quas
2936 1765 3348 1820 resurrectionis
3372 1765 3647 1834 specimen

2076 1862 2350 1918 edebatur.
2385 1859 2516 1915 Nam
2546 1860 2590 1913 si
2612 1859 2732 1928 quis
2761 1867 2862 1922 est,
2889 1858 3077 1927 inquit,
3104 1858 3192 1926 qui
3209 1857 3480 1912 Christum
3498 1872 3643 1910 mor-

2085 1963 2193 2008 tem
2222 1949 2421 2008 obiisse
2453 1993 2470 2018 ,
2499 1945 3046 2021 atque‘resurrexisse
3074 1965 3178 2004 non
3211 1949 3390 2003 credat
3413 1989 3428 2013 ,
3463 1949 3515 2002 in
3555 1963 3654 2001 nos

2083 2047 2371 2108 intueatur,
2401 2043 2491 2114 qui
2517 2043 2738 2113 singulis
2768 2042 2955 2097 diebus
2981 2043 3258 2106 morimur,
3290 2049 3448 2112 atque
3476 2039 3541 2095 ad
3572 2041 3651 2094 vi-

2085 2140 2188 2194 tam
2215 2149 2530 2193 revocamur
2559 2154 2572 2190 :
2603 2150 2668 2190 ac
2697 2146 2806 2189 tum
2832 2136 3216 2190 resurrectioni
3250 2134 3407 2189 (idem
3437 2134 3653 2189 haheat.

2081 2222 2267 2283 Viden‘
2305 2225 2576 2295 quomodo
2617 2223 2772 2278 aliam
2819 2220 2996 2280 adhuc
3038 2228 3389 2280 tentationum
3439 2241 3653 2280 causam

2082 2319 2386 2374 invenerit?
2414 2315 2583 2385 Quam
2626 2315 2886 2371 tandem?
2915 2313 2982 2372 Ut
3027 2326 3073 2371 et
3111 2316 3214 2371 vita
3250 2311 3378 2372 Iesu
3405 2358 3422 2384 ,
3447 2317 3656 2387 inquit,

2083 2413 2431 2484 manifestetur
2455 2411 2507 2464 in
2535 2425 2746 2482 corpore
2775 2419 2946 2464 nostro
2973 2426 2994 2475 ;
3024 2410 3077 2464 in
3103 2425 3169 2466 eo
3198 2410 3452 2466 videlicet
3473 2453 3487 2474 ,
3515 2411 3657 2482 quod

2083 2517 2184 2558 nos
2213 2518 2243 2558 e
2267 2502 2520 2572 periculis
2546 2499 2812 2557 extrahat.
2845 2497 2918 2556 [ta
2944 2500 3002 2555 tit
3033 2543 3047 2564 ,
3077 2512 3133 2555 ut
3163 2503 3305 2572 quod
3339 2502 3659 2558 infirmitatis

2083 2609 2145 2649 ac
2175 2592 2540 2649 derciictionis
2569 2593 2802 2664 speciem
2832 2588 2996 2647 habet
3021 2633 3035 2656 ,
3064 2589 3168 2647 hoc
3211 2593 3379 2662 ipsius
3419 2610 3657 2650 resurre-

2083 2686 2315 2740 ctionem
2339 2685 2612 2754 praedicet.
2641 2683 2826 2752 Neque
2851 2683 3018 2749 enim,
3046 2683 3089 2737 si
3120 2683 3280 2738 nullis
3307 2685 3567 2740 molestiis
3584 2685 3660 2738 aio

2084 2779 2391 2843 ticeremur,
2425 2777 2649 2847 perinde
2669 2776 2837 2847 ipsius
2865 2770 3101 2848 petentia
3132 2777 3399 2834 declarata
3428 2780 3613 2835 luisset
3639 2820 3658 2848 ,

2083 2879 2143 2924 ut
2170 2885 2313 2924 nunc
2340 2869 2645 2924 declaratur
2673 2909 2688 2934 ,
2726 2883 2848 2923 cum
2889 2869 3121 2938 patimur
3149 2885 3249 2925 nec
3279 2880 3452 2926 tamen
3492 2873 3660 2928 vinci-

2082 2977 2223 3016 mur.
2252 2962 2339 3015 Η.
2364 2959 2568 3014 Etenim
2593 2977 2685 3015 nos
2712 2961 2796 3028 qui
2815 2961 3023 3015 vivimus
3047 3001 3062 3025 ,
3100 2962 3153 3016 in
3175 2971 3376 3017 mortem
3403 2965 3659 3018 tradimur

2084 3062 2290 3124 praptcr
2312 3051 2488 3107 Iesum
2513 3093 2528 3118 ,
2557 3062 2612 3105 ut
2641 3061 2688 3105 et
2721 3052 2822 3105 vita
2850 3050 2976 3107 Iesu
2996 3054 3331 3126 ntanifestet'ur
3351 3054 3403 3107 in
3429 3055 3572 3110 nobis
3596 3057 3653 3109 in

2085 3159 2234 3196 carne
2268 3152 2438 3196 nostra
2467 3142 2692 3196 mortali.
2743 3141 2948 3198 Passim
2979 3142 3120 3199 hunc
3145 3158 3340 3198 morem
3369 3154 3511 3200 tenet
3539 3185 3555 3211 ,
3590 3159 3651 3202 ut

2085 3246 2205 3289 cum
2231 3233 2504 3304 quidpiam
2532 3231 2764 3289 obscure
2791 3233 3026 3300 dixerit,
3061 3235 3114 3289 id
3154 3249 3336 3290 rursus
3376 3249 3602 3305 exponat
3625 3255 3643 3292 :

2086 3326 2137 3381 id
2165 3325 2305 3396 quod
2343 3325 2446 3380 hoc
2484 3340 2698 3396 quoque
2728 3326 2847 3382 loco
2880 3325 3008 3383 fecit
3039 3368 3053 3391 ,
3101 3328 3231 3383 illud
3277 3325 3414 3400 quod
3444 3329 3652 3385 dixerat

2087 3418 2323 3487 apertius
2349 3416 2647 3473 declarans.
2677 3417 2964 3488 Propterea
2996 3419 3255 3474 tradimur
3283 3459 3298 3483 ,
3326 3422 3492 3492 inquit
3520 3464 3534 3486 ,
3559 3423 3664 3478 hoc

2089 3521 2172 3568 cst
2191 3509 2652 3568 mortiﬁcationem
2673 3513 3118 3577 circumferimus,
3143 3523 3201 3568 ut
3226 3516 3348 3570 vita:
3380 3516 3544 3586 ipsius
3574 3534 3668 3585 pou

2090 3605 2251 3659 tentia
2283 3603 2562 3674 perspicua
2587 3603 2694 3670 ﬁat,
2728 3619 2834 3658 non
2865 3605 3091 3661 sinentis
3115 3605 3364 3662 nimirum
3389 3609 3665 3663 mortalem

2090 3707 2307 3749 carnem
2336 3702 2481 3748 tanta
2513 3689 2901 3764 perpetientem
2927 3738 2943 3761 ,
2973 3695 3230 3752 malorum
3260 3699 3472 3767 agmine
3497 3700 3660 3754 vinci.

2091 3782 2204 3839 Hoc
2242 3785 2398 3840 aliter
2423 3797 2636 3856 quoque
2679 3785 2846 3857 accipi
2888 3796 3080 3857 potest.
3124 3787 3444 3856 Quomodo?
3467 3789 3536 3845 Ut
3562 3789 3666 3842 alio

2093 3875 2213 3931 loco
2240 3877 2334 3942 ait,
2369 3873 2429 3930 Si
2449 3873 2860 3941 contntoriamur,
2892 3887 2938 3932 et
2956 3880 3272 3934 convivemus
3301 3879 3319 3950 (
3350 3880 3405 3934 2.
3439 3879 3575 3934 Tim.
3603 3880 3660 3934 2.

2094 3967 2153 4021 ll
2185 3967 2226 4037 ).
2248 3963 2318 4023 Ut
2347 3968 2489 4022 enim
2519 3982 2660 4024 nunc
2681 3967 2846 4040 ipsius
2874 3983 3100 4028 mortem
3125 3972 3445 4042 perferimus
3468 4015 3482 4038 ,
3509 3984 3668 4044 atque

2094 4060 2260 4130 ipsius
2293 4076 2450 4116 causa
2482 4061 2640 4117 vitam
2660 4076 2781 4118 cum
2811 4074 2982 4119 morte
3009 4075 3340 4122 commutare
3374 4067 3620 4121 volumus
3649 4105 3664 4127 .

2096 4151 2167 4204 ita
2198 4152 2357 4206 etiam
2391 4153 2504 4222 ipse
2529 4152 2824 4209 exstinctos
2850 4154 2917 4208 ad
2947 4157 3108 4210 vitam
3139 4171 3398 4212 revocare
3424 4167 3550 4211 tunc
3577 4172 3669 4212 vo-

2096 4244 2188 4298 let.
2215 4241 2348 4297 Nam
2377 4241 2419 4297 si
2452 4258 2550 4298 nos
2573 4259 2604 4299 e
2630 4240 2734 4299 vita
2762 4245 2827 4298 ad
2851 4256 3077 4301 mortem
3100 4249 3366 4313 venimus,
3400 4249 3512 4317 ipse
3539 4263 3672 4318 quo-

2097 4349 2203 4404 que
2225 4349 2256 4389 e
2284 4342 2454 4390 morte
2471 4335 2536 4389 ad
2563 4335 2722 4389 vitam
2753 4334 2906 4390 nobis
2925 4336 3030 4392 dux
3059 4339 3179 4392 erit.
3203 4337 3289 4392 l2.
3314 4338 3448 4409 Ergo
3467 4356 3600 4394 mors
3619 4340 3670 4392 in

2099 4426 2240 4480 nobis
2265 4434 2536 4497 aperatur,
2558 4427 2662 4481 vita
2689 4437 2857 4481 autem
2891 4428 2943 4481 in
2969 4427 3124 4482 vobis.
3152 4427 3267 4484 Non
3303 4427 3412 4499 jam
3451 4429 3519 4484 de
3551 4443 3676 4484 cor-

2101 4530 2262 4588 porea
2284 4526 2455 4573 morte
2480 4516 2722 4588 loquens,
2746 4514 2840 4573 sed
2864 4517 2932 4574 de
2957 4519 3334 4574 tentationibus
3355 4528 3412 4575 et
3438 4520 3505 4576 de
3525 4521 3680 4590 quit"

2101 4618 2172 4662 te.
2210 4607 2316 4663 Nos
2343 4609 2485 4663 enim
2514 4608 2566 4662 in
2598 4605 2844 4677 periculis
2871 4623 2936 4664 ac
2968 4610 3347 4665 tentationibus
3374 4625 3671 4673 versamur,

2108 4699 2306 4771 inquit;
2339 4716 2434 4755 vos
2453 4709 2626 4755 autem
2660 4700 2711 4755 in
2742 4701 2920 4771 quiete
2942 4702 3102 4756 vitam
3131 4717 3272 4770 eam,
3303 4717 3422 4772 qua:
3453 4702 3504 4756 in
3533 4703 3673 4772 peri.

2109 4791 2244 4846 culis
2268 4795 2626 4861 comparatur,
2658 4788 2927 4862 percipitis
2960 4810 2974 4846 :
3001 4801 3160 4862 atque
3188 4807 3250 4848 ea
3274 4792 3488 4862 quidem
3511 4834 3527 4857 ,
3556 4807 3674 4862 qua:

2105 4899 2226 4939 cum
2250 4884 2488 4954 periculo
2525 4883 2811 4953 conjbncta
2838 4892 2981 4946 sunt,
3002 4885 3101 4953 ipsi
3122 4886 3448 4940 sustinemus
3469 4902 3483 4951 ;
3505 4894 3561 4939 at
3581 4900 3674 4939 vos

2105 4976 2268 5030 rebus
2306 4973 2554 5030 secundis
2596 4974 2830 5030 fruimini
2864 4991 2880 5030 :
2910 4991 3082 5046 neque
3128 4977 3270 5031 enim
3307 4993 3465 5048 pares
3505 4987 3674 5034 tenta.

2104 5066 2278 5122 tiones
2301 5063 2556 5122 sull'ertis.
2585 5067 2672 5122 15.
2707 5065 2959 5121 Habentes
2987 5076 3154 5122 autem
3178 5069 3418 5144 eumdem
3435 5070 3672 5140 spiritum

2102 5158 2245 5226 ﬁdei,
2271 5159 2400 5212 sicut
2421 5159 2664 5231 scriptum
2683 5167 2758 5212 est
2789 5158 3031 5213 :Credidi
3057 5169 3264 5232 propter
3283 5161 3418 5227 quod
3443 5162 3678 5230 loquutus

2101 5266 2215 5303 sum
2247 5291 2262 5316 ,
2292 5261 2338 5303 et
2367 5266 2459 5304 nos
2484 5251 2732 5304 credimus
2761 5259 2966 5320 propter
3005 5252 3139 5320 quod
3176 5262 3223 5304 et
3265 5253 3520 5321 loquimur
3547 5253 3672 5306 ιη.

2099 5341 2305 5394 scientes
2328 5341 2566 5410 quoniam
2585 5339 2673 5407 qui
2696 5340 2954 5393 suscitavit
2979 5339 3253 5394 Dominum
3277 5339 3474 5405 Iesum,
3497 5352 3545 5395 et
3576 5341 3681 5410 ipse

2101 5431 2359 5484 suscitabit
2388 5446 2478 5484 nos
2505 5446 2594 5500 per
2617 5427 2816 5482 Iesum.
2846 5429 3165 5488 Submonuit
3190 5445 3288 5488 nos
3319 5431 3504 5500 psnlmi
3539 5473 3554 5497 ,
3598 5431 3678 5484 iu-

2100 5523 2303 5592 signem
2350 5520 2749 5592 philosotihiam
2793 5520 3197 5590 complectentis
3230 5563 3246 5589 ,
3300 5521 3390 5592 qui
3443 5522 3676 5576 maxime

2103 5614 2272 5684 possit
2315 5613 2366 5668 in
2419 5612 2672 5684 periculis
2711 5611 2966 5667 excitare.
3022 5611 3148 5667 Haec
3198 5612 3339 5668 enim
3384 5613 3546 5668 verba
3595 5611 3675 5664 vir

2095 5704 2269 5773 justus
2291 5703 2673 5773 pronuntiavit,
2709 5717 2828 5756 cum
2854 5702 2906 5757 in
2931 5701 3135 5772 magnis
3162 5700 3413 5772 periculis
3428 5710 3590 5768 esset,
3625 5713 3679 5763 et
