4070 6152
344 340 353 349 ’
383 367 489 424 ιιςσ

381 484 539 538 θενία
585 483 823 556 τοσαύτη
879 476 1161 555 πανταχοῦ
1196 482 1298 554 τῆς
1325 483 1431 554 γῆς
1470 478 1780 554 ἐφυτεύθης
1822 485 1952 539 πότε

384 577 687 647 χρημάτων
714 574 981 646 ὑπεροψία
1012 577 1108 630 καὶ
1152 572 1298 645 ζωῆς
1329 576 1425 628 καὶ
1451 574 1560 628 τῶν
1585 576 1759 630 ἀλλων
1784 577 1957 631 ἁπάν-

384 686 526 735 των;
578 669 641 720 Οἱ
699 669 806 738 γάρ
854 665 1117 738 μοχθηροὶ
1154 667 1251 720 καὶ
1280 665 1478 736 γόητες
1509 666 1662 720 οὐδὲν
1702 668 1950 721 τοιοῦτον

385 757 661 821 άνύσαιεν,
689 754 825 808 ἀλλά
855 756 1116 809 τάναντία
1145 756 1364 809 ᾶπαντα
1382 769 1398 784 ·
1430 748 1578 809 οῦτοι
1624 755 1681 808 δέ
1710 757 1954 824 ἀγγέλων

384 853 519 922 ἡμῖν
568 849 930 918 εἰσηγήσαντο
991 848 1289 901 πολιτείαν·
1328 848 1430 901 οὑκ
1485 849 1852 918 εἰσηγήσαντο
1898 847 1955 901 δέ

386 943 570 1010 μόνον,
600 939 740 993 ἀλλά
766 940 862 992 καὶ
890 938 1285 1009 κατώρθωσαν,
1316 940 1379 991 ἐν
1401 940 1470 1010 τῇ
1512 938 1775 1010 ἡμετέρᾳ,
1807 940 1865 990 ἐν
1889 943 1955 1009 τῇ

382 1030 490 1084 τῶν
517 1030 834 1102 βαρϐάρων,
891 1031 949 1082 ἐν
981 1030 1173 1093 αὑταῖς
1210 1029 1312 1099 τῆς
1349 1030 1453 1100 γῆς
1485 1032 1606 1092 ταῖς
1650 1031 1952 1099 ἐσχατιαῖς.

384 1122 546 1176 Ὅθεν
574 1123 731 1193 δῆλον
771 1124 853 1176 ὅτι
884 1121 1065 1176 πάντα
1090 1124 1126 1193 η
1153 1120 1249 1174 τοῦ
1281 1121 1518 1191 Χριστοῦ
1550 1122 1823 1192 πανταχοῦ
1864 1122 1956 1175 δύ-

381 1231 544 1287 ναμις
572 1215 793 1284 ῆνυσεν,
824 1215 859 1285 η
887 1211 1163 1283 πανταχοῦ
1190 1211 1502 1282 λάμπουσα,
1535 1214 1630 1267 καὶ
1662 1212 1956 1285 ἀστραπῆς

1374 362 1442 420 TN
1483 365 1704 422 EPIST.
1747 363 1789 418 ll
1821 363 1914 419 AD
1951 364 2109 425 C0“.
2152 368 2387 427 HOMIL.
2429 367 2523 426 IX.

3525 371 3647 429 460·

2057 491 2275 561 ἀπάσης
2320 492 2576 563 ὀξύτερον
2605 489 2703 554 τάς
2729 489 2838 542 τῶν
2869 488 3174 561 ἀνθρώπων
3206 491 3628 565 καταυγάζουσα

2054 583 2313 647 διανοίας.
2364 582 2530 638 Ταῦτ’
2574 577 2667 636 οῦν
2716 582 2933 636 ἃπαντα
2970 583 3346 654 λογισάμενοι,
3401 582 3498 636 καὶ
3528 584 3629 654 τῆς

2055 673 2163 727 τῶν
2191 675 2492 745 μελλόντων
2517 674 2889 745 ὑποσχέσεως,
2918 675 2986 728 τά
3010 674 3353 745 γεγενημένα
3373 674 3631 737 λαϐόντες

2057 765 2332 831 ἀπόδειξιν
2385 766 2612 839 ἐναργῆ,
2672 767 3096 839 προσκυνήσατε
3153 768 3289 838 μεθ’Δ
3320 768 3480 839 ἡμῶν
3531 768 3632 837 τὴν

2059 860 2271 931 ἄμαχον
2293 857 2385 912 τοῦ
2420 859 2830 931 σταυρωθέντος
2863 860 3037 930 ἰσχὺν,
3073 860 3161 914 ἵνα
3187 863 3279 915 καί
3302 861 3400 923 τὰς
3424 862 3631 933 ἀφορή-

2059 968 2182 1014 τους
2222 950 2430 1022 φύγητε
2477 951 2749 1015 κολάσεις,
2803 950 2898 1004 καὶ
2948 952 3048 1020 τῆς
3093 951 3312 1005 αἰωνίου
3356 951 3632 1020 βασιλεῖας

2060 1044 2371 1115 ἐπιτύχητε·
2407 1040 2475 1117 ῆς
2526 1043 2735 1112 γένοιτο
2767 1043 2976 1104 πάντας
3022 1043 3172 1113 ἡμᾶς
3208 1044 3506 1118 ἐπιτυχεῖν,
3535 1044 3631 1117 1a.-

2064 1154 2171 1209 ριτι
2200 1137 2290 1190 καὶ
2314 1135 2713 1209 φιλανθρωπία,
2743 1138 2837 1190 καὶ
2864 1135 2934 1188 τά
2962 1133 3112 1204 ἑξῆς.

1730 1466 1739 1473 ’
1833 1493 2075 1547 omnm
2107 1491 2180 1544 εν.

395 1590 501 1647 Ἐν
534 1586 712 1642 παντὶ
737 1587 1091 1658 θλιϐόμενοι,
1117 1588 1262 1658 ἀλλ’,
1283 1590 1354 1643 οὐ
1378 1589 1919 1658 στενοχωρούμενοι
1940 1604 1955 1618 ·

453 1659 868 1725 ἀπορούμενοι,
907 1657 1041 1711 ἀλλ’
1062 1660 1173 1713 οὐκ
1209 1657 1675 1726 ἐξαπορούμενοι
1696 1674 1711 1689 ·
1748 1658 1955 1712 διωκό-

450 1745 624 1798 μενοι
643 1768 658 1791 ,
697 1727 835 1781 ἀλλ’
865 1729 976 1781 οὐκ
1006 1727 1677 1798 ἐγκαταλιμπανόμενοι.

454 1868 525 1915 a'.
564 1861 685 1913 Ἔτι
710 1859 1105 1931 μένειδεικνὺς,
1131 1860 1211 1913 ὅτι
1239 1859 1340 1930 τῆς
1377 1846 1471 1913 τοῦ
1512 1858 1645 1914 Θεοῦ
1679 1859 1959 1931 δυνάμεως

385 1948 548 2020 ἔργον
578 1948 639 2001 τὸ
674 1948 781 2000 πᾶν
812 1947 946 2009 ἐστι,
981 1946 1364 2002 καταστέλλων
1394 1947 1618 2003 ἐκείνων
1650 1948 1719 2002 τά
1754 1949 1956 2019 φρονή-

384 2057 532 2113 ματα
568 2039 680 2093 τῶν
706 2039 1079 2109 καυχωμένων
1105 2041 1190 2112 ἐφ’
1217 2041 1448 2099 ἑαυτοῖς.
1481 2042 1619 2096 Οὐδὲ
1656 2041 1765 2113 γάρ
1798 2040 1959 2096 τοῦτο

382 2132 546 2204 μόνον
591 2132 732 2197 ἐστὶ,
787 2133 940 2202 φησὶ,
998 2131 1342 2202 θαυμαστὸν,
1377 2132 1459 2186 ὅτι
1510 2135 1568 2187 ἐν
1610 2133 1959 2205 ὀστρακίνοις

381 2221 604 2278 σκεύεσι
639 2222 982 2291 φυλάττομεν
1023 2222 1114 2277 τὸν
1150 2223 1423 2294 θησαυρὸν
1467 2223 1680 2290 τοῦτον,
1714 2225 1829 2280 ἀλλ’
1873 2227 1958 2280 ὅτι

377 2316 476 2370 καὶ
494 2314 666 2385 μυρία
688 2314 989 2383 πάσχοντες
1009 2314 1178 2380 δεινά,
1203 2314 1298 2368 καὶ
1321 2316 1602 2386 πανταχοῦ
1626 2318 1955 2391 περικρουό-

380 2423 534 2478 μενοι
557 2447 572 2471 ,
609 2403 757 2478 [498]
791 2404 1071 2475 τηροῦμεν
1106 2404 1302 2470 αὑτὸν,
1344 2405 1440 2461 καὶ
1484 2406 1587 2459 οὑκ
1624 2406 1954 2477 ἀπόλλυμεν.

378 2497 573 2553 Καίτοι
600 2498 650 2550 εἰ
672 2497 767 2550 καὶ
792 2495 1156 2565 ἀδαμάντινον
1183 2496 1377 2560 σκεῦος
1411 2491 1500 2567 ἦν,
1532 2494 1656 2550 οὔτε
1684 2495 1958 2566 θησαυρὸν

375 2588 630 2644 τοσοῦτον
658 2586 928 2658 βαστάσαι
945 2585 1167 2658 ἴσχυσεν
1188 2587 1275 2652 ἂν,
1300 2588 1411 2641 οὐδ’
1434 2586 1501 2641 ἂν
1527 2587 1665 2658 πρὸς
1685 2586 1958 2649 τοσαύτας

376 2681 614 2752 ἤρκεσεν
674 2678 1003 2742 ἐπιϐουλάς·
1068 2679 1164 2733 νῦν
1208 2678 1266 2732 δέ
1317 2679 1411 2733 καί⁸
1465 2680 1625 2751 φέρει
1665 2678 1761 2733 καὶ
1804 2678 1958 2732 οὑδέν

378 2772 579 2844 πάσχει
616 2771 792 2825 δεινὸν
820 2770 909 2824 διά
946 2771 1046 2841 τὴν
1084 2768 1179 2823 τοῦ
1220 2769 1356 2824 Θεοῦ
1402 2770 1589 2841 χάριν.
1634 2771 1738 2826 Ἐν
1776 2769 1959 2823 παντὶ

374 2865 489 2934 γὰρ
512 2865 870 2933 θλιϐόμενοι,
901 2862 1087 2932 φησὶν,
1118 2861 1255 2916 ἁλλ’
1283 2862 1355 2916 οὐ
1384 2862 1953 2931 στενοχωρούμενοι.

378 2958 446 3012 Τί
470 2959 640 3025 ἐστιν,
679 2957 784 3010 Ἐν
806 2954 1024 3016 παντί;
1056 2953 1145 3006 Ἑν
1159 2954 1272 3016 τοῖς
1293 2951 1523 3024 ἐχθροῖς,
1546 2954 1604 3005 ἐν
1625 2955 1738 3017 τοῖς
1757 2952 1954 3022 φίλοις,

376 3053 438 3105 ἐν
472 3052 586 3114 τοῖς
619 3046 964 3118 ἀναγκαίοις,
993 3047 1049 3099 ἐν
1077 3047 1201 3108 ταῖς
1229 3044 1418 3107 ἄλλαις
1437 3044 1670 3116 χρείαις,
1704 3045 1811 3099 ὑπὸ
1847 3044 1957 3100 τῶν

375 3143 677 3216 πολεμίων,
708 3141 817 3196 ὑπὸ
842 3139 951 3194 τῶν
984 3138 1222 3192 οἰκείων.
1266 3138 1419 3193 Ἀλλ’
1452 3139 1524 3191 οὐ
1552 3138 1959 3207 στενοχωρού-

375 3239 545 3306 μεθα.
584 3231 697 3287 Καὶ
734 3232 837 3303 ὅρα
869 3227 990 3292 πῶς
1034 3228 1340 3300 πράγματα
1372 3226 1593 3280 ἐναντία
1633 3225 1817 3295 λέγει,
1869 3226 1955 3280 ἵνα

375 3323 677 3381 κάντεῦθεν
709 3322 857 3394 δείξῃ
908 3319 1005 3376 τοῦ
1053 3316 1189 3375 Θεοῦ
1236 3319 1336 3389 τὴν
1382 3317 1557 3388 ἰσχύν.
1612 3317 1957 3386 Θλιϐόμενοι

377 3417 490 3487 γὰρ
517 3417 590 3470 οὐ
620 3413 1167 3483 στενοχωρούμεθα,
1194 3410 1358 3483 φησίν
1376 3427 1390 3441 ·
1420 3410 1816 3478 ἀπορούμενοι
1845 3410 1956 3463 οὐκ

380 3500 867 3574 ἐξαπορούμεθα·
907 3501 1217 3565 τουτέστιν,
1258 3500 1359 3554 οὐκ
1399 3501 1479 3563 εἰς
1514 3499 1668 3562 τέλος
1700 3497 1959 3551 ἐκπίπτο-

385 3614 511 3669 μεν.
560 3594 858 3666 Ἀλγοῦμεν
887 3594 996 3665 γάρ
1031 3591 1326 3662 πολλαχοῦ.
1357 3591 1453 3645 καὶ
1482 3589 1955 3661 ἀποτυγχάνομεν,

380 3688 501 3743 ἀλλ’
521 3687 620 3758 οὐχ
646 3685 846 3752 οὕτως,
879 3685 1018 3740 ὥστε
1044 3686 1298 3738 ἐκπεσεῖν
1326 3682 1433 3737 τῶν
1447 3681 1852 3753 προκειμένων·
1878 3680 1958 3744 είς

378 3778 695 3852 γυμνασίαν
726 3776 835 3849 γάρ
867 3779 899 3847 ἡ
909 3777 1026 3847 μῶν
1049 3788 1075 3816 ι
1108 3774 1302 3841 ταῦτα,
1331 3773 1431 3827 οὐκ
1457 3776 1537 3836 είς
1558 3768 1729 3847 ἧτταν
1762 3788 1958 3841 συγκε-

380 3872 630 3945 χώρηται
666 3869 819 3942 παρά
867 3868 963 3923 τοῦ
1002 3867 1158 3923 Θεοῦ.
1212 3867 1603 3936 Διωκόμενοι,
1654 3864 1792 3920 ἀλλ’
1846 3865 1959 3918 οὐκ

378 3962 1069 4033 ἐ-γκαταλιμπανόμενοι·
1100 3958 1642 4027 καταϐαλλόμενοι,
1679 3957 1817 4012 ἀλλ’
1845 3957 1958 4012 οὑκ

382 4055 815 4125 ἀπολλύμενοι.
852 4055 916 4108 Οἱ
953 4053 1054 4125 μέν
1092 4051 1198 4122 γάρ
1239 4051 1536 4122 πειρασμοῖ
1577 4046 1954 4120 συμϐαίνουσι,

381 4145 454 4197 τά
480 4144 537 4198 δὲ
568 4144 676 4199 ἀπὸ
704 4144 814 4197 τῶν
847 4141 1175 4214 πειρασμῶν
1204 4141 1408 4195 οὐκέτι.
1454 4137 1565 4193 Καὶ
1596 4137 1754 4191 τοῦτο
1781 4136 1837 4189 δὲ
1868 4136 1957 4190 διὰ

381 4234 483 4306 τὴν
506 4234 601 4288 τοῦ
638 4232 775 4290 Θεοῦ
804 4233 1036 4300 δύναμιν
1074 4233 1168 4286 καὶ
1197 4231 1379 4303 χάριν.
1425 4225 1685 4297 Ἀλλαχοῦ
1713 4226 1771 4280 δέ
1802 4242 1953 4296 φησι,

384 4328 482 4380 καὶ
518 4326 607 4380 διά
649 4327 747 4397 τὴν
798 4325 980 4381 αὑτῶν
1014 4320 1517 4396 ταπεινοφροσύνην
1539 4360 1552 4383 ,
1589 4318 1682 4372 καὶ
1733 4316 1820 4370 διά
1860 4317 1958 4387 τὴν

382 4419 588 4489 ἐτέρων
618 4418 919 4489 ἀσφάλειαν
954 4413 1414 4486 συγκεχωρῆσθαι
1454 4411 1648 4466 ταῦτα·
1689 4409 1821 4463 Ἵνα
1851 4408 1960 4481 γάρ

377 4507 468 4578 μὴ
515 4508 915 4578 ὑπεραίρωμαι
938 4548 953 4572 ,
984 4506 1163 4575 ἐδόθη
1199 4522 1305 4574 μοι
1337 4505 1610 4570 σκόλοψ,
1648 4500 1814 4571 φησί·
1866 4494 1960 4552 καί

388 4598 571 4664 πάλιν,
598 4599 723 4653 Ἵνα
749 4598 834 4669 μή
869 4616 958 4664 τις
981 4599 1298 4668 λογίσηται
1322 4598 1407 4662 είς
1441 4593 1545 4664 ἐμὲ
1568 4591 1718 4658 ὑπὲρ
1751 4589 1781 4643 δ
1806 4589 1958 4654 ,βλέ-

384 4706 504 4758 πει,
549 4692 647 4745 καί
696 4691 902 4745 ἀκούει
939 4707 998 4744 τι
1051 4689 1120 4753 ἐξ
1149 4687 1323 4759 ἐμοῦ·
1376 4689 1474 4741 καὶ
1502 4687 1736 4760 ἀλλαχοῦ
1771 4690 1957 4753 πάλιν,

389 4782 525 4837 Ἵνα
549 4781 635 4853 μὴ
670 4781 1021 4847 πεποιθότες
1061 4776 1217 4849 ὦμεν
1250 4780 1341 4849 ἐφ’
1389 4780 1641 4847 ἑαυτοῖς.
1697 4780 1960 4835 Ἐνταῦθα

389 4874 600 4944 μέντοι,
634 4874 751 4927 Ἵνα
780 4874 926 4944 φανῇ
955 4872 1049 4925 τοῦ
1073 4871 1209 4925 Θεοῦ
1237 4872 1271 4940 ἡ
1299 4870 1544 4940 δύναμις.

471 4968 634 5039 Ὁρᾷς
665 4969 790 5021 ὅσον
837 4966 946 5019 τῶν
984 4962 1308 5037 πειρασμῶν
1345 4963 1405 5016 τὸ
1436 4963 1664 5034 κέρδος;
1695 4964 1808 5018 Καὶ
1851 4961 1961 5033 γὰρ

385 5058 481 5115 τοῦ
515 5058 652 5112 Θεοῦ
703 5058 803 5127 τὴν
841 5056 1069 5128 δύναμιν
1116 5055 1346 5118 ἐδείκνυ,
1382 5054 1475 5106 καὶ⁸
1515 5053 1614 5123 τὴν
1661 5054 1820 5122 χάριν
1853 5055 1962 5107 άπ-

384 5152 661 5206 εκάλυπτε
711 5150 995 5221 μειζόνως·
1048 5146 1245 5217 Ἀρκεῖ
1272 5147 1380 5218 γάρ
1409 5159 1509 5199 σοι
1544 5147 1582 5214 ἠ
1623 5143 1795 5214 χάρις
1817 5164 1959 5214 μου,

387 5240 545 5312 φησί·
579 5240 675 5293 καὶ
706 5241 787 5302 εἰς
811 5236 1314 5309 ταπεινοφροσύνην
1348 5235 1560 5308 ἤλειφε,
1593 5234 1833 5298 καὶτοὺς
1867 5234 1960 5287 ά).-

386 5331 512 5395 λους
543 5329 1004 5385 καταστέλλεσοαι
1042 5328 1441 5400 παρεσκεύαζε,
1474 5327 1567 5380 καὶ
1593 5325 1791 5389 αὑτοὺς
1823 5343 1960 5398 καρ-

387 5421 789 5494 τερικωτέρους
838 5418 1155 5493 εἰργάζετο·
1217 5419 1273 5475 Ἡ
1323 5418 1432 5488 γάρ
1475 5415 1770 5486 ὑπομονὴ,
1801 5418 1955 5488 φησὶ,

389 5514 645 5585 δοκιμὴν
672 5511 1107 5583 κατεργάζεται,
1151 5512 1190 5578 ἡ
1238 5507 1305 5562 δὲ
1350 5507 1563 5579 δοκιμὴ
1606 5508 1842 5562 ἐλπίδα.
1897 5509 1961 5561 UE

392 5606 500 5677 γὰρ
534 5606 749 5677 μυρίοις
778 5603 1171 5678 περιπεσόντες
1204 5601 1491 5664 κινδύνοις,
1524 5599 1619 5654 καὶ.
1655 5600 1719 5652 ἐκ
1752 5600 1851 5669 τῆς
1883 5602 1964 5664 εἰς

394 5696 482 5748 τὸν
515 5697 649 5750 Θεὸν
681 5697 894 5761 ἐλπίδος
926 5697 1337 5765 ἀνενεγκόντες,
1380 5691 1726 5747 ἐπαιδεύοντο
1760 5692 1963 5763 ταύτης

457 5804 484 5832 ⁸
508 5802 770 5866 [agebatur
812 5806 959 5867 ὑμῶν.

2059 1585 2277 1656 ἔχεσθαι
2300 1584 2392 1638 ἐπὶ
2426 1583 2609 1637 πλεῖον
2634 1584 2692 1636 ἐν
2714 1584 2869 1637 πᾶσι.
2901 1583 3165 1637 Πάντοτε
3191 1583 3308 1650 τὴν
3340 1584 3633 1651 νέκρωσιν

2056 1677 2164 1732 τοῦ
2197 1677 2417 1747 Κυρίου
2464 1676 2658 1745 Ἰησοῦ
2700 1675 2769 1729 ἐν
2801 1675 2879 1740 τῷ
2915 1674 3140 1745 σώματι
3179 1675 3628 1747 περιφέροντες,

2058 1770 2162 1825 ἵνα
2191 1769 2287 1823 καί
2314 1768 2352 1836 ὴ
2376 1766 2487 1835 ζωὴ
2511 1766 2616 1820 τοῦ
2654 1766 2850 1835 Ἰησοῦ
2877 1764 3191 1837 φανερωθῇ
3213 1768 3283 1821 ἐν
3304 1767 3383 1835 τῷ
3408 1767 3652 1838 σώματι·

2058 1861 2248 1931 ἡμῶν.
2283 1861 2393 1915 Καὶ
2420 1861 2472 1914 τί
2510 1862 2655 1913 ἐστιν
2688 1862 2722 1930 ὴ
2753 1859 3020 1932 νέκρωσις
3064 1859 3157 1914 τοῦ
3186 1861 3393 1933 Κυρίου
3434 1862 3630 1931 Ἰησοῦ.

2059 1954 2126 2026 ἢν
2151 1953 2476 2026 περιέφερον
2504 1970 2518 2018 ;
2545 1952 2608 2006 Οἱ
2636 1952 2858 2007 θάνατοι
2882 1953 2932 2006 οἱ
2950 1951 3333 2024 καθημερινοὶ,
3354 1951 3421 2006 δι’
3444 1946 3518 2007 ὧν
3541 1955 3633 2007 καὶ

2058 2049 2091 2118 η
2132 2045 2427 2107 ἀνάστασις
2458 2044 2754 2099 ἐδείκνυτο.
2794 2044 2858 2098 El
2887 2045 2996 2115 γάρ
3027 2061 3111 2107 τις
3159 2044 3399 2109 ἀπιστεῖ,
3446 2047 3630 2115 φησὶν,

2058 2139 2141 2191 ὅτι
2177 2136 2448 2190 ἀπέθανεν
2499 2134 2702 2206 Ἰησοῦς
2738 2134 2834 2188 καὶ
2875 2133 3075 2203 ἀνέστη
3100 2174 3116 2199 ,
3155 2134 3303 2205 ἡμᾶς
3340 2133 3481 2205 ὁρῶν
3510 2134 3635 2195 τοὺς

2059 2229 2181 2284 καθ’
2214 2228 2452 2300 ἑκάστην
2481 2228 2694 2299 ἡμέραν
2738 2226 3179 2299 ἀποθνήσκοντας
3223 2228 3317 2281 καὶ
3346 2228 3635 2297 ἀνισταμέη

2058 2339 2201 2385 νους,
2229 2320 2536 2374 πιστευέτω
2564 2319 2750 2374 λοιπὸν
2775 2323 2842 2391 τῇ
2869 2321 3184 2374 ἀναστάσει.
3216 2316 3371 2384 Εἶδες
3398 2319 3514 2383 πῶς
3537 2320 3634 2373 καὶ

2060 2413 2251 2483 ἐτέραν
2296 2413 2478 2466 αἰτίαν
2532 2411 2734 2482 εὕρηκε
2781 2410 2891 2466 τῶν
2936 2412 3296 2484 πειρασμῶν;
3350 2412 3521 2466 Ποίαν
3568 2411 3634 2482 δὴ

2057 2506 2287 2578 ταύτην;
2325 2508 2458 2562 Ἵνα
2496 2507 2595 2559 καὶ
2638 2506 2677 2573 ἡ
2715 2504 2826 2573 ζωὴ
2868 2505 3055 2560 αὐτοῦ
3097 2504 3412 2575 φανερωθῇ
3443 2505 3514 2560 ἐν
3554 2504 3635 2571 τῷ

2058 2595 2281 2665 σώματι
2319 2596 2507 2664 ἡμῶν,
2541 2595 2695 2665 φησὶ,
2720 2593 2798 2666 τῷ
2827 2592 3157 2667 ἐξαρπάζειν
3185 2596 3334 2666 ἡμᾶς
3374 2594 3483 2648 τῶν
3513 2610 3633 2649 κινο

2055 2684 2248 2741 δύνων.
2291 2686 2455 2739 Ὥστε
2496 2684 2656 2738 τοῦτο
2675 2725 2691 2751 ,
2713 2685 2741 2738 δ
2765 2685 2914 2739 δοκεῖ
2933 2685 3217 2751 ἀσθενείας
3240 2683 3376 2740 εἶναι
3411 2687 3507 2741 καὶ
3539 2688 3633 2756 ἐγ-

2056 2778 2449 2849 καταλείψεως,
2487 2775 2645 2831 τοῦτο
2689 2774 2854 2830 αὑτοῦ
2890 2776 3150 2847 κηρύττει
3178 2777 3277 2848 τὴν
3315 2779 3631 2835 ἀνάστασιν.

2059 2870 2135 2923 Οὐ
2178 2869 2286 2941 γὰρ
2330 2868 2396 2923 ἂν
2433 2867 2606 2931 οὕτως
2639 2866 2849 2936 ἐφάνη,
2901 2866 3068 2938 μηδὲν
3112 2869 3431 2938 πασχόντων
3477 2870 3634 2942 ἡμῶν

2057 2959 2219 3030 ἀηδὲς
2238 2999 2253 3024 ,
2290 2960 2324 3031 ἡ
2361 2957 2594 3029 δύναμις
2619 2959 2653 3028 ἡ
2695 2956 2906 3009 ἐκείνου
2927 2996 2941 3020 ,
2976 2956 3051 3020 ὡς
3081 2955 3175 3011 νῦν
3202 2957 3499 3023 δείκνυται,
3532 2977 3636 3015 πα-

2059 3047 2294 3119 σχόντων
2340 3047 2439 3118 μέν
2463 3088 2479 3114 ,
2506 3046 2567 3100 οὑ
2596 3044 2915 3116 νικωμένων
2963 3045 3041 3102 δέ.
3077 3044 3187 3100 Καὶ
3232 3048 3343 3117 γὰρ
3377 3048 3549 3117 ἡμεῖς
3582 3053 3636 3104 οἱ

2057 3138 2268 3205 ζῶντες
2298 3141 2384 3205 είς
2418 3137 2680 3193 θάνατον
2722 3136 3165 3207 παραδιδόμεθα
3202 3137 3302 3193 διὰ
3344 3139 3592 3208 Ἰησοῦν
3618 3179 3634 3205 ,

2056 3231 2159 3285 ἵνα
2203 3229 2302 3285 καί
2344 3230 2383 3297 ἠ
2425 3228 2537 3298 ζωὴ
2584 3228 2691 3283 τοῦ
2741 3228 2960 3297 ’Ἰησοῦ
3005 3228 3318 3299 φανερωθῇ
3373 3228 3521 3304 [499]
3567 3232 3638 3285 ἐν

2055 3320 2205 3391 ἡμῖν
2248 3321 2320 3375 ἐν
2358 3320 2436 3390 τῇ
2478 3320 2670 3390 θνητῇ
2715 3320 2896 3388 σαρκί
2938 3320 3127 3390 ἡμῶν.
3165 3322 3452 3392 Παντακοῦ
3495 3324 3634 3395 γὰρ,

2057 3413 2187 3467 ὅταν
2215 3430 2269 3466 τι
2298 3413 2508 3482 ἀσαφὲς
2536 3411 2689 3484 εἴπῃ,
2726 3412 2919 3465 ἐαυτὸν
2951 3411 3242 3484 ἐρμηνεύει
3282 3413 3476 3467 πάλιν·
3512 3414 3540 3466 δ
3571 3415 3633 3484 δὴ

2057 3505 2153 3556 καὶ
2181 3502 2417 3557 ἐνταῦθα
2445 3502 2669 3568 ἐποίησε
2690 3541 2705 3566 ,
2737 3501 2915 3568 τοῦτο,
2950 3503 3087 3575 ὅπερ
3121 3497 3294 3568 εἶπεν,
3318 3503 3636 3575 ἑρμηνεύων

2060 3594 2264 3663 σαφῶς.
2292 3593 2393 3648 Διά
2412 3592 2571 3648 τοῦτο
2593 3593 2701 3665 γάρ
2726 3594 3155 3667 παραδιδόμεθα,
3179 3595 3333 3666 φησὶ,
3365 3596 3633 3663 τουτέστι,

2058 3687 2157 3756 τὴν
2188 3686 2459 3757 νέκρωσιν
2491 3686 2884 3757 περιφέρομεν,
2909 3685 2999 3740 ῐνα
3027 3687 3060 3758 ἡ
3088 3687 3318 3760 δύναμις
3342 3687 3506 3742 αὑτοῦ
3536 3690 3636 3760 τῆς

2058 3775 2204 3849 ζωῆς
2228 3780 2393 3850 φανῇ,
2428 3778 2502 3849 μὴ
2530 3777 2943 3850 συγχωροῦντος
2970 3779 3149 3850 σάρκα
3175 3779 3379 3854 θνητὴν
3395 3779 3634 3836 τοσαῦτα

2058 3867 2393 3939 πάσχουσαν,
2427 3868 2533 3922 ὑπὸ
2568 3868 2669 3940 τῆς
2704 3868 2925 3938 νιφάδος
2960 3869 3069 3924 τῶν
3101 3870 3290 3927 κακῶν
3323 3873 3630 3944 νικηθῆναι.

2057 3963 2170 4016 Καὶ
2199 3961 2401 4034 ἐτέρως
2431 3961 2489 4015 δέ
2534 3960 2667 4015 αὐτὸ
2702 3959 3020 4032 ἐκληπτέον.
3071 3961 3233 4030 Πῶς;
3276 3963 3364 4028 Ὠς
3400 3963 3634 4036 ἀλλαχοῦ

2059 4070 2245 4125 φησιν,
2276 4054 2347 4107 El
2367 4038 2888 4123 συναπεθάνομεν,
2909 4054 3008 4109 καὶ
3035 4052 3397 4126 συζήσομεν.
3426 4056 3635 4127 Ὠσπερ

2058 4144 2167 4219 γὰρ
2196 4144 2286 4198 τὸν
2319 4143 2547 4200 θάνατον
2577 4145 2742 4200 αὑτοῦ
2786 4147 3133 4217 ὑπομένομεν
3166 4147 3283 4212 νῦν,
3314 4148 3411 4202 καὶ
3452 4148 3635 4218 αἰρού-

2060 4236 2200 4308 μεθα
2245 4235 2449 4300 ζῶντες
2492 4236 2786 4291 ἀποθανεῖν
2817 4237 2884 4291 δι’
2924 4237 3118 4291 αὑτόν·
3157 4236 3300 4290 οὕτω
3332 4237 3426 4289 καὶ
3472 4236 3634 4300 αὐτὸς

2057 4323 2343 4393 αἱρήσεται
2405 4323 2777 4387 ἀποθανόντας
2829 4324 3167 4396 ζωογονῆσαι
3215 4323 3358 4378 τότε.
3411 4325 3475 4377 Εἰ
3525 4324 3635 4395 γάρ

2059 4415 2221 4484 ἡμεῖς
2243 4415 2350 4466 ἀπὸ
2377 4412 2522 4484 ζωῆς
2548 4417 2627 4478 εἰς
2650 4412 2876 4468 θάνατον
2899 4413 3191 4484 ἐρχόμεθα,
3220 4414 3315 4467 καί
3336 4414 3497 4478 αὑτδς
3525 4416 3635 4468 ἀπὸ

2062 4502 2294 4557 θανάτου
2352 4505 2432 4567 εἰς
2489 4504 2633 4576 ζωὴν
2682 4505 2829 4576 ἡμᾶς
2871 4506 3297 4577 χειραγωγήσει.
3349 4506 3541 4561 ’Ὥστε
3599 4511 3632 4560 ὁ

2062 4590 2316 4660 θάνατος
2346 4592 2665 4663 ἐνεργεῖται
2715 4593 2785 4648 ἐν
2827 4594 2973 4665 ἡμῖν
2991 4634 3006 4660 ,
3042 4596 3077 4663 ἡ
3113 4593 3181 4648 δὲ
3216 4592 3327 4664 ζωὴ
3363 4594 3435 4649 ἐν
3467 4594 3629 4664 ὑμῖν.

2061 4686 2256 4740 Οὐκέτι
2289 4685 2540 4758 περὶτοῦ
2585 4685 2818 4742 θανάτου
2854 4685 3050 4755 λέγων,
3091 4687 3226 4741 ἀλλά
3274 4688 3404 4761 περὶ
3439 4705 3631 4760 πειρασ

2063 4778 2217 4850 σμῶν
2246 4780 2340 4833 καὶ
2365 4780 2623 4846 ἀνέσεως.
2665 4779 2859 4850 Ἡμεῖς
2889 4779 2989 4851 μὲν
3017 4778 3127 4852 γὰρ
3155 4779 3212 4832 ἐν
3240 4779 3507 4845 κινδύνοις
3538 4782 3632 4836 καὶ

2063 4871 2121 4923 ἐν
2169 4873 2494 4941 πειρασμοῖς
2514 4911 2531 4936 ,
2562 4870 2757 4942 φησὶν,
2789 4871 2949 4941 ὑμεῖς
2978 4869 3035 4924 δέ
3070 4872 3128 4924 ἐν
3159 4870 3372 4938 ἀνέσει,
3421 4871 3522 4945 τὴν
3569 4873 3632 4925 ἐκ

2063 4959 2267 5013 τούτων
2289 4960 2399 5014 τῶν
2431 4961 2692 5015 κινδύνων
2722 4960 3093 5032 καρπούμενοι
3124 4961 3292 5033 ζωήν·
3318 4961 3413 5019 καὶ
3435 4946 3503 5014 τά
3533 4961 3631 5033 μὲν

2065 5051 2378 5104 ἐπικίνδυνα
2402 5054 2561 5122 ἡμεῖς
2590 5052 2954 5123 ὑπομένομεν,
2975 5051 3084 5107 τῶν
3114 5052 3168 5105 δέ
3193 5051 3456 5127 χρηστῶν
3474 5051 3630 5117 ὑμεῖς

2066 5141 2387 5194 ἀπολαύετε·
2413 5141 2473 5194 οὑ
2497 5140 2606 5211 γάρ
2632 5141 2918 5204 τοσούτους
2946 5141 3246 5209 ὑπομένετε
3271 5138 3630 5210 πειρασμούς.

2070 5234 2351 5302 Ἔχοντες
2379 5230 2448 5283 δὲ
2475 5231 2542 5284 τὸ
2573 5230 2718 5284 αὐτὸ
2749 5231 2983 5300 πνεῦμα
3022 5229 3134 5298 τῆς
3171 5229 3450 5297 πίστεως,
3484 5231 3635 5284 κατὰ

2067 5324 2132 5377 τὸ
2170 5320 2579 5392 γεγραμμένον
2599 5338 2614 5353 ·
2655 5322 3042 5386 Ἐπίστευσα,
3071 5320 3162 5375 διὸ
3191 5321 3469 5389 ἐλάλησα
3496 5337 3509 5351 ·
3537 5320 3635 5374 καὶ

2070 5415 2237 5485 ἡμεῖς
2259 5413 2643 5484 πιστεύομεν,
2663 5413 2756 5467 διὸ
2774 5412 2872 5473 καὶ
2888 5412 3218 5482 λαλοῦμεν·
3240 5412 3329 5466 ὅτι
3350 5415 3383 5466 ὁ
3405 5411 3636 5482 ἐγείρας

2067 5507 2174 5561 τὸν
2195 5508 2413 5575 Κύριον
2446 5504 2707 5574 Ἰησοῦν,
2741 5506 2838 5558 καί
2873 5504 3030 5575 ἡμᾶς
3062 5503 3160 5558 διὰ
3200 5502 3403 5571 Ἰησοῦ
3426 5499 3632 5569 ἐγερεῖ.

2083 5600 2410 5669 Ἀνέμνησεν
2431 5599 2581 5672 ἡμᾶς
2599 5597 2814 5668 ψαλμοῦ
2843 5596 3040 5668 πολλὴν
3061 5595 3275 5666 ἔχοντος
3298 5589 3632 5660 φιλοσοφίαν,

2073 5690 2166 5743 καὶ
2208 5688 2391 5741 ἱκανοῦ
2429 5671 2671 5758 μάλιστα,
2694 5674 2752 5743 ἐν
2786 5687 3051 5746 κινδύνοις
3082 5682 3345 5746 ἀλείφειν.
3379 5677 3487 5741 Τὴν
3528 5673 3635 5740 γὰρ

2075 5781 2231 5852 ῥῆσιν
2263 5778 2464 5850 ταύτην
2523 5781 2579 5833 ἐν
2635 5782 2891 5852 μεγάλοις
2941 5774 3201 5833 κινδύνοις
3246 5767 3318 5820 ῶν
3364 5769 3392 5818 ὁ
3432 5764 3637 5830 δίκαιος
