4070 6152
485 416 693 477 ἐκεῖνος
717 402 1032 481 ἐφθέγξατο,
1073 411 1168 464 καὶ
1192 409 1254 473 ἐξ
1282 401 1359 463 ὧν
1394 410 1499 463 οὐκ
1521 404 1589 481 ἦν
1620 408 1797 472 ἀλλοις
1835 408 2058 474 ἀνενεγ-

459 506 626 599 θιεϊν,
656 497 690 573 ἧ
722 501 810 554 διά
834 501 933 569 τῆς
958 496 1054 551 τοῦ
1087 496 1224 550 Θεοῦ
1256 496 1532 567 βοηθείας.

562 594 628 665 β’.
681 590 833 645 Ἐπεὶ
852 585 943 643 οῦν
963 588 1033 642 τὰ
1055 589 1292 658 συγγενῆ
1319 587 1554 657 μάλιστα
1579 584 1689 640 οἵδε
1721 584 2063 657 παραμυθεῖ-

492 684 633 746 ”θαι,
680 681 770 736 διὰ
807 678 962 734 τοῦτό
1004 694 1189 751 φησιν,
1220 677 1508 748 Ἔχοντες
1537 677 1603 730 τὸ
1632 675 1780 730 αὐτὸ
1808 674 2061 744 πνεῦμα·

485 773 786 837 τουτέστιν,
818 766 926 825 ἀπὸ
958 772 1059 839 τῆς
1081 769 1252 839 αὐτῆς
1282 768 1619 840 συμμαχίας,
1651 768 1743 837 ἀφ’
1769 762 1837 838 ἧς
1862 767 2067 828 ἐκεῖνος

490 863 697 936 ἐσώθη,
724 863 819 917 καλ
840 863 1000 934 ἡμεῖς
1033 859 1338 931 σωζόμεθα·
1364 860 1472 913 ἀπὸ
1491 860 1585 912 τοῦ
1616 859 1944 930 πνεύματος,
1973 858 2067 928 ἀφ’

490 953 552 1012 οὗ
584 952 905 1025 ἐφθέγξατο,
933 955 1030 1008 καὶ
1061 956 1223 1024 ἡμεῖς
1252 951 1626 1023 φθεγγόμεθα.
1649 951 1811 1004 Ὅθεν
1831 951 2068 1006 δείκνυσι

490 1048 693 1118 πολλὴν
718 1050 786 1119 τῇ
829 1048 1006 1116 Καινῇ
1039 1046 1175 1117 πρὸς
1207 1046 1307 1115 τὴν
1341 1044 1585 1098 Παλαιὰν
1615 1044 1713 1114 τὴν
1750 1042 2068 1114 συμφωνίαν

490 1134 677 1203 οὖσαν,
706 1138 801 1191 καὶ
829 1137 891 1190 τὸ
924 1133 1054 1189 αὐτὸ
1093 1135 1310 1205 πνεῦμα
1342 1136 1398 1187 ἐν
1432 1135 1715 1205 ἑκατέροις
1745 1136 2066 1205 ἐνεργῆσαν,

491 1232 588 1286 καὶ
624 1231 706 1285 ὅτι
738 1230 839 1299 οὐχ
871 1230 1035 1300 ἡμεῖς
1084 1226 1244 1299 μόνον
1271 1228 1330 1279 ἐν
1373 1225 1639 1287 κινδύνοις
1662 1268 1676 1291 ,
1718 1223 1854 1278 ἀλλά
1894 1222 1990 1277 καὶ
2019 1222 2068 1274 οι

491 1324 713 1378 παλαιοὶ⁸
754 1321 957 1383 πάντες
977 1360 991 1382 ,
1022 1313 1119 1374 καὶ
1158 1320 1240 1374 δεῖ
1274 1319 1455 1372 πίστει
1489 1319 1583 1371 καὶ
1612 1317 1785 1371 ἐλπίδι
1828 1314 2070 1389 διορθοῦ⁴

494 1416 641 1482 σθαι,
679 1416 776 1468 καὶ
808 1412 883 1484 μὴ
916 1412 1068 1465 λύσιν
1097 1411 1302 1475 εὐθέως
1332 1411 1515 1481 ζητεῖν
1543 1410 1653 1462 τῶν
1682 1408 2067 1478 ἐπικειμένων.

576 1506 796 1578 Ἐπειδὴ
821 1506 931 1576 7&9
957 1503 1124 1570 ἔδειξε
1149 1503 1237 1556 διὰ
1268 1502 1375 1555 τῶν
1399 1501 1676 1570 λογισμῶν
1702 1499 1801 1561 τὴν
1836 1499 2072 1552 ἀνάστα-

496 1616 581 1655 σιν
618 1598 715 1653 καὶ
748 1598 846 1667 τὴν
878 1595 1047 1665 ζωήν,
1080 1595 1176 1649 καὶ
1208 1595 1290 1647 ὅτι
1316 1593 1415 1647 οὐκ
1449 1590 1734 1653 ἀσθενείας
1756 1589 1879 1643 οὐδὲ
1907 1590 2073 1657 ἐγκα-

493 1689 793 1758 ταλείψεως
819 1690 847 1741 ὁ
873 1687 1136 1749 κίνδυνος⁴
1169 1684 1359 1739 λοιπὸν
1379 1684 1476 1737 καὶ
1500 1682 1600 1754 τὴν
1631 1682 1813 1736 πίστιν
1840 1681 2069 1749 εἰσάγει,

502 1782 592 1835 καὶ
622 1782 761 1849 αὐτῇ
802 1777 863 1832 τὸ
897 1778 1005 1830 πᾶν
1038 1776 1346 1846 ἐπιτρέπει.
1410 1772 1549 1826 ’Δλλ’
1582 1775 1731 1843 ὅμως
1769 1770 1865 1826 καὶ
1900 1770 2073 1839 αὐτῆς

493 1871 767 1938 ἀπόδειξιν
795 1870 1092 1941 παρέχεται
1122 1868 1214 1921 τοῦ
1244 1865 1479 1937 Χριστοῦ
1516 1864 1612 1935 τὴν
1636 1864 1957 1925 ἀνάστασιν,
1990 1863 2071 1914 εἰ-

494 1963 634 2018 πών·
675 1965 760 2017 ὅτι
798 1960 907 2017 Καὶ
955 1954 1127 2029 ἡμεῖς
1159 1959 1522 2026 πιστεύομεν
1544 1994 1558 2018 ,
1593 1955 1682 2008 διὸ
1726 1953 1823 2007 καί
1850 1952 2074 2007 λαλοῦ-

491 2071 626 2125 μεν.
674 2052 740 2107 Τί
769 2049 1121 2121 πιστεύομεν,
1161 2049 1281 2101 εἰπέ
1315 2060 1438 2117 μοις
1473 2046 1602 2099 ’Ὅτι
1633 2048 1666 2099 ό
1693 2044 1925 2113 ἐγείρας
1972 2044 2085 2111 ’Ῑη-,

495 2145 675 2210 σοῦν,
734 2145 832 2198 καὶ
886 2140 1044 2210 ἡμᾶς
1098 2139 1305 2209 ἐγερεῖ,
1363 2138 1462 2191 καὶ
1522 2134 1899 2203 παραστήσει
1953 2134 2076 2190 σὺν

494 2235 660 2305 ὑμῖν.
689 2234 762 2289 Td
793 2235 901 2303 γὰρ
931 2231 1128 2285 πάντα
1155 2230 1227 2282 δι’
1248 2228 1424 2298 ὑμᾶς,
1442 2229 1543 2282 ἵνα
1562 2227 1601 2295 ἡ
1624 2226 1797 2296 χάρις
1823 2225 2077 2280 πλεονά-

495 2343 684 2393 σασα,
698 2325 794 2380 διὰ
834 2324 951 2378 τῶν
974 2325 1274 2377 πλειόνων
1297 2320 1413 2386 τὴν
1445 2319 1841 2388 εὐχαριστίαν
1870 2331 2078 2386 περισ-

498 2421 697 2488 σεύσῃ
747 2419 829 2483 εἰς
888 2415 1004 2482 τὴν
1053 2412 1240 2476 δόξαν
1289 2411 1395 2465 τοῦ
1451 2411 1617 2465 Θεοῦ.
1657 2408 1829 2463 Πάλιν
1880 2409 2082 2480 πληροῖ

500 2511 847 2582 φρονήματος
873 2505 1091 2571 αὐτοὺς,
1120 2504 1207 2557 ἵνα
1236 2503 1310 2574 μή
1336 2501 1643 2573 ἀνθρώποις
1678 2501 1837 2573 χάριν
1873 2499 2075 2564 εἰδῶσι,

500 2605 611 2666 τοῖς
643 2597 1120 2673 ψευδαποστόλοις,
1148 2594 1309 2663 λέγω.
1337 2593 1443 2647 Τοῦ
1473 2593 1583 2665 7&9
1610 2593 1746 2647 Θεοῦ
1775 2590 1836 2647 τὸ
1864 2595 1993 2653 πᾶν,
2020 2591 2078 2655 ὃς

503 2694 751 2765 βούλεται
807 2686 1018 2752 πολλοῖς
1053 2685 1413 2759 χαρίσασθαι,
1463 2684 1604 2738 ὥστε
1655 2682 1805 2756 [500]
1857 2679 2079 2755 μείζονα

500 2783 733 2854 ὀφθῆναι
767 2782 864 2851 τὴν
897 2780 1075 2850 χάριν.
1104 2778 1181 2830 Δι’
1221 2777 1365 2842 ὑμᾶς
1397 2773 1527 2843 γοῦν
1562 2775 1594 2844 ή
1625 2773 1951 2837 ἀνάστασις,
1985 2771 2079 2825 καὶ

498 2873 569 2928 τά
598 2872 734 2925 ἄλλα
787 2870 986 2923 πάντα.
1021 2869 1093 2921 Οὺ
1139 2865 1249 2936 7&9
1294 2858 1413 2927 ἐνὸς
1458 2862 1645 2916 ἕνεκεν
1694 2862 1857 2933 μόνου
1905 2860 2079 2914 ταῦτα

500 2961 822 3031 πεποίηκεν,
852 2957 989 3012 ἀλλὰ
1018 2955 1262 3008 πάντων.
1292 2950 1389 3005 Διὸ
1418 2950 1517 3005 καί
1544 2951 1655 3005 οὐκ
1681 2948 2076 3020 ἐκκακοῦμεν·

501 3046 638 3108 ἀλλ’
675 3052 727 3104 εἰ
754 3048 853 3104 καὶ
890 3050 923 3102 ό
965 3045 1081 3111 ἔξω
1110 3043 1279 3114 ήμῶν
1309 3043 1619 3110 ἄνθρωπος
1656 3038 2077 3110 διαφθείρεται,

503 3144 643 3197 ἀλλ’
682 3144 715 3194 ό
745 3140 866 3195 ἔσω
905 3132 1335 3191 ἀνακαινοῦται
1363 3131 1552 3201 ἡμέρᾳ
1593 3131 1692 3184 καί
1721 3130 1929 3199 ἡμέρᾳ.
1957 3129 2082 3194 Πῶς

505 3231 787 3305 φθείρεται
802 3246 818 3296 ;
851 3225 1286 3295 Μαστιξόμενος,
1334 3222 1715 3292 ἐλαυνόμενος,
1754 3219 1924 3291 μυρία
1972 3218 2083 3273 πά-

507 3341 653 3396 σχων
678 3321 848 3376 δεινά.
897 3319 1061 3375 Ἀλλ’
1099 3319 1132 3371 ό
1153 3316 1275 3371 ἔσω
1301 3313 1730 3369 ἀνακαινοῦται
1768 3310 1959 3381 ἡμέρᾳ
1983 3310 2083 3365 καί

505 3418 718 3488 ἡμέραι
753 3413 880 3477 Πῶς
913 3408 1300 3467 ἀνακαινοῦται
1320 3425 1336 3474 ;
1360 3406 1439 3478 Τῇ
1465 3403 1666 3469 πίστει,
1688 3407 1756 3475 τῇ
1793 3403 1988 3469 ἐλπίδι,
2015 3406 2081 3477 τῇ

508 3508 808 3584 προθυμία.
857 3502 930 3559 Τὸ
969 3503 1155 3557 λοιπὸν
1193 3501 1274 3555 δεῖ
1317 3497 1666 3569 κατατολμᾷν
1714 3496 1823 3550 τῶν
1873 3493 2080 3550 δεινῶν.

510 3598 658 3672 ’Ὀσῳ
676 3600 785 3670 γὰρ
808 3596 873 3652 ἂν
899 3593 1069 3666 μυρία
1096 3593 1282 3667 πάσχῃ
1298 3590 1360 3644 τὸ
1381 3589 1562 3660 σῶμα,
1585 3586 1826 3657 τοσούτῳ
1852 3602 2085 3657 χρηστο-

505 3694 669 3765 τέρας
703 3689 816 3760 ἔχει
863 3686 963 3750 τὰς
1004 3684 1227 3748 ἐλπίδας
1271 3684 1307 3754 ἠ
1352 3680 1533 3752 ψυχὴ,
1584 3680 1680 3733 καὶ
1724 3677 2084 3749 λαμπροτέρα

509 3783 753 3849 γίνεται,
802 3775 1053 3845 καθάπερ
1107 3773 1328 3844 χρυσίον
1380 3770 1722 3843 πυρούμενον
1767 3771 1861 3822 ἐπὶ
1900 3769 2083 3823 πλέον.

511 3868 621 3927 Καὶ
644 3872 749 3941 ὅρα
772 3867 887 3930 πῶς
909 3866 1165 3935 καθαιρεῖ
1187 3863 1256 3917 τὰ
1280 3862 1501 3932 λυπηρά
1527 3860 1621 3914 τοῦ
1653 3861 1918 3932 παρόντος
1942 3860 2080 3931 βίου.

518 3962 588 4017 Τό
624 3960 735 4031 γὰρ
776 3957 1111 4025 παραυτίκα
1145 3952 1413 4022 ἐλαφρὸν
1442 3951 1552 4019 τῆς
1586 3952 1866 4018 θλίψεως,
1896 3953 2081 4021 φησὶν,

508 4056 598 4121 εις
626 4047 970 4120 ὑπερϐολὴν
996 4046 1124 4101 καθ’
1146 4042 1491 4111 ὑπερϐολὴν
1511 4040 1750 4096 αἰώνιον
1770 4042 1960 4109 βάρος
1988 4042 2086 4095 δά-

513 4146 625 4215 ξης
646 4132 1078 4209 κατεργάζεται,
1101 4135 1187 4207 μὴ
1212 4134 1607 4189 σκοπούντων
1639 4128 1809 4203 ήμῶν
1837 4133 1909 4187 τὰ
1937 4134 2086 4198 βλεο

511 4234 762 4307 πόμενα,
787 4229 947 4286 ἀλλὰ
966 4226 1040 4283 τὰ
1061 4225 1146 4297 μὴ
1168 4225 1541 4295 βλεπόμενα.
1571 4225 1664 4286 Εἰς
1690 4222 1787 4295 τὴν
1818 4222 2005 4276 ἐλπίδα
2027 4221 2088 4277 τὸ

513 4329 745 4400 πρᾶγμα
762 4320 1148 4384 κατακλείσας,
1170 4318 1263 4373 καὶ
1284 4318 1421 4389 ὅπερ
1447 4318 1505 4371 ἐν
1523 4320 1588 4388 τῇ
1612 4317 1746 4389 πρὸς
1781 4317 2087 4387 Ῥωμαίους

508 4416 715 4490 ἔλεγεν,
746 4417 829 4471 ὅτι
864 4407 941 4483 Τῇ
968 4410 1171 4467 ἐλπίδι
1199 4410 1530 4479 ἐσώθημεν,
1565 4409 1740 4477 ἐλπὶς
1762 4408 1830 4463 δὲ
1854 4410 2085 4474 βλεπο-

502 4509 657 4579 μένη
699 4508 812 4562 οὐκ
848 4504 1022 4558 ἐστιν
1057 4501 1268 4567 ἐλπὶς,
1308 4499 1467 4553 τοῦτο
1516 4499 1611 4552 καὶ
1659 4498 1889 4553 ἐνταῦθα
1921 4516 2088 4554 κατα-

515 4598 793 4663 σκευάζων
817 4635 833 4659 ,
877 4592 1057 4664 τίθησι
1090 4591 1413 4665 παράλληλα
1443 4590 1511 4644 τὰ
1550 4590 1793 4660 παρόντα
1818 4593 1929 4655 τοῖς
1961 4592 2088 4661 μέλ-

516 4682 689 4753 λουσι,
733 4687 796 4741 τὸ
840 4683 1156 4755 παραυτίκα
1201 4681 1337 4754 πρὸς
1378 4676 1439 4734 τὸ
1484 4680 1734 4745 αἰώνιον,
1769 4681 1830 4735 τὸ
1854 4682 2087 4752 ἐλαφρὸν

518 4777 655 4850 πρὸς
686 4775 745 4829 τὸ
774 4774 936 4846 βαρὺ,
964 4774 1063 4843 τήν
1102 4772 1277 4841 θλῖψιν
1307 4770 1443 4842 πρὸς
1473 4771 1571 4842 τήν
1609 4771 1786 4835 δόξαν.
1822 4772 1934 4825 Καὶ
1965 4773 2086 4827 οὐδέ

507 4867 721 4932 τούτοις
751 4866 1034 4938 ἀρκεῖται,
1068 4861 1183 4917 ἀλλ’
1227 4862 1421 4937 ἑτέραν
1460 4861 1645 4930 τίθησι
1685 4861 1851 4929 λέξιν,
1895 4864 2087 4921 διπλαο

508 4959 709 5026 σιὰζων
733 4956 922 5029 αὐτὴν,
947 4954 1041 5009 καὶ
1063 4953 1260 5023 λέγων,
1283 4953 1423 5009 Καθ’
1447 4953 1791 5025 ὑπερϐολὴν
1804 4958 1892 5023 είς
1914 4958 2088 5027 ὑπερ-

509 5051 718 5119 ϐολήν.
750 5045 884 5104 Εἶτα
920 5047 1016 5102 καὶ
1052 5044 1146 5099 τὸν
1182 5040 1384 5115 τρόπον
1431 5044 1674 5101 δείκνυσι
1708 5047 1825 5112 πῶς
1851 5047 2087 5121 ἐλαφρὸν

512 5145 575 5199 τὸ
618 5142 725 5197 τῶν
768 5140 1036 5195 τοσούτων
1068 5136 1320 5209 θλίψεων.
1370 5134 1495 5203 Πῶς
1524 5133 1618 5194 οὖν
1666 5138 1939 5213 ἐλαφρόνς
1986 5141 2085 5211 Μὴ

505 5234 903 5290 σκοπούντων
952 5232 1122 5304 ἡμῶν
1165 5232 1237 5286 τὰ
1260 5231 1647 5301 βλεπόμενα,
1691 5233 1855 5287 ἀλλὰ
1888 5234 1961 5288 τὰ
1995 5232 2084 5304 μὴ

504 5327 873 5396 βλεπόμενα.
902 5320 1061 5379 Οὕτω
1098 5324 1193 5378 καὶ
1221 5322 1380 5377 τοῦτο
1423 5322 1624 5394 κοῦφον
1647 5323 1711 5379 τὸ
1756 5321 1948 5397 παρὸν,
1980 5327 2083 5381 κά-

503 5420 651 5477 ιιιῖνο
674 5417 819 5489 μέγα
838 5414 899 5469 τὸ
923 5414 1138 5485 μέλλον,
1165 5412 1233 5468 ἀν
1254 5414 1361 5468 τῶν
1384 5412 1681 5485 ὁρωμένων
1701 5416 2085 5488 άπαγάγωμεν

502 5505 752 5573 ἑαυτούς.
789 5504 864 5562 Τὰ
910 5502 1022 5574 γὰρ
1063 5502 1420 5574 βλεπόμενα
1465 5507 1823 5576 πρόσκαιρα.
1874 5508 2085 5563 Οὐκοῦν

498 5599 594 5658 καὶ
611 5599 668 5652 αἰ
691 5595 899 5666 θλίψεις
914 5592 1181 5650 τοιαῦται.
1214 5593 1288 5649 Τὰ
1302 5592 1371 5648 δὲ
1380 5612 1467 5663 μη
1483 5596 1837 5667 ,βλεπόμενα
1855 5598 2080 5658 αἰώνια,

501 5688 709 5745 Οὐκοῦν
740 5689 833 5742 καὶ
874 5687 922 5741 οί
958 5685 1209 5757 στέφανοι
1250 5685 1502 5740 τοιοῦτοι.
1538 5688 1646 5743 Καὶ
1675 5689 1775 5743 οὐκ
1803 5684 1975 5755 εἶπεν,
2008 5693 2076 5746 Αἰ

1158 285 1516 353 SJOANNIS
1552 280 2042 348 CHRYSOSTOM!
2076 286 2397 351 ARCHIEP.
2436 280 2986 350 CONSTANTINOP.

3625 285 3742 349 “Si

2172 408 2378 478 θλίψεις
2403 406 2672 470 τοιαῦται,
2710 405 2869 472 ἀλλά,
2918 404 2995 459 Τὰ
3015 398 3369 472 βλεπόμενα
3403 400 3604 471 πάντα,
3630 407 3744 482 κάν

2168 499 2387 564 κόλασις
2418 495 2477 572 ᾖ,
2510 499 2612 553 κᾶν
2645 498 2970 559 ἀνάπαυσις·
3012 495 3153 549 ὥστε
3182 495 3319 565 μήτε
3354 495 3567 550 ἐκεῖθεν
3601 515 3739 569 χαυ-

2166 590 2416 655 νοῦσθαι,
2461 591 2598 661 μήτε
2638 588 2888 642 ἐντεῦθεν
2925 587 3228 657 βιάζεσθαι.
3268 590 3366 641 Διά
3411 588 3571 644 τοῦτο
3613 590 3739 645 οὐδὲ

2166 682 2298 754 περὶ
2323 682 2431 736 τῶν
2465 682 2769 753 μελλόντων
2798 680 2991 748 λέγων,
3022 674 3198 745 εἶπεν,
3241 680 3305 732 Ἡ
3335 679 3585 751 βασιλεία
3616 682 3743 736 αἰώ-

2167 791 2297 837 νιος,
2326 772 2481 838 ἀλλά,
2508 772 2583 827 Td
2596 772 2683 842 μὴ
2700 771 3055 847 βλεπόμενα
3074 769 3303 835 αἰώνια,
3331 770 3436 825 κᾶν
3468 771 3737 842 βασιλεία,

2168 866 2270 921 κᾶν
2317 864 2607 940 κόλασιςῇ
2658 865 2840 919 πάλιν·
2879 864 3021 918 ὥστε
3070 864 3166 918 καὶ
3216 860 3426 918 ἐκεῖθεν
3477 866 3740 937 φοϐῆσαι,

2167 953 2263 1010 καί
2305 958 2483 1011 ἐκεῖσε
2530 954 2960 1028 προτρέψασθαι.
3008 953 3163 1007 Ἐπεὶ⁸
3194 949 3286 1006 οὖν
3325 954 3395 1009 τά
3428 954 3742 1027 βλεπόμενα

2170 1048 2501 1120 πρόσκαιρα,
2528 1048 2597 1102 τά
2616 1045 2673 1102 δὲ
2705 1048 2781 1118 μὴ
2814 1045 3120 1117 βλεπόμενα
3148 1046 3362 1110 αἰώνια,
3391 1048 3528 1117 πρὸς
3555 1049 3740 1104 ἐκεῖνα

2171 1140 2478 1212 βλέπωμεν.
2512 1140 2678 1194 Ποίαν
2709 1140 2818 1209 γὰρ
2856 1138 2952 1194 καὶ
2998 1134 3259 1209 σχοίημεν
3298 1137 3628 1209 ἀπολογίαν,
3668 1143 3741 1195 τὰ

2171 1233 2485 1302 πρόσκαιρα
2509 1232 2630 1284 ἀντὶ
2658 1230 2765 1282 τῶν
2793 1228 3026 1283 αἰωνίων
3048 1229 3390 1298 αἰρούμενοι;
3422 1229 3486 1284 Εἰ
3509 1230 3617 1301 7&9
3641 1234 3740 1287 καὶ

2168 1319 2229 1377 τὸ
2270 1316 2439 1396 παρὸν
2473 1323 2592 1393 ἡδὺ,
2623 1322 2740 1376 ἀλλ’
2768 1323 2829 1376 οὐ
2864 1322 3129 1393 διηνεκές·
3161 1322 3221 1375 τὸ
3261 1323 3445 1392 μέντοι
3483 1324 3739 1397 ὀδυνηρὸν

2170 1409 2358 1475 αὐτοῦ,
2386 1404 2632 1479 διηνεκὲς
2658 1410 2750 1462 καὶ
2770 1408 3174 1477 ἀσύγγνωστον.
3207 1408 3374 1464 Ποίαν
3397 1408 3506 1480 7&9
3527 1408 3739 1475 ἐξουσιν

2168 1500 2465 1569 ἀπολογίαν
2487 1502 2534 1553 οἱ
2562 1500 2869 1572 πνεύματος
2895 1496 3323 1568 καταξιωθέντες
3352 1503 3447 1555 καὶ
3472 1503 3739 1574 τοσαύτης

2170 1592 2577 1657 ἀπολαύσαντες
2601 1593 2829 1661 δωρεᾶς,
2866 1594 2963 1647 καὶ
2991 1593 3318 1664 χαμαίζηλοι
3346 1595 3619 1664 γινόμενοι
3646 1592 3743 1649 καὶ

2171 1683 2607 1745 καταπίπτοντες
2628 1681 2765 1754 πρὸς
2779 1683 2880 1753 τὴν
2903 1682 3005 1753 γῆν
3025 1700 3041 1749 ;
3069 1679 3179 1736 Καὶ
3203 1683 3311 1753 γὰρ
3328 1682 3538 1737 πολλῶν
3559 1683 3742 1737 ἀκούω

2171 1772 2437 1841 λεγόντων
2464 1772 2533 1826 τὰ
2555 1773 2935 1843 καταγέλαστα
2952 1771 3125 1827 ταῦτα
3146 1774 3212 1843 ρή
3221 1789 3385 1843 ματα·
3411 1774 3510 1837 Δός
3533 1790 3622 1845 μοι
3643 1774 3745 1845 τήν

2173 1864 2437 1935 σήμερον,
2470 1862 2565 1917 καὶ
2587 1862 2717 1918 λάϐε
2748 1863 2848 1936 τήν
2878 1862 3086 1935 αὔριον.
3129 1865 3227 1916 “Av
3258 1863 3357 1933 μὲν
3388 1864 3496 1936 7&9
3521 1864 3747 1919 τοιαῦτα

2170 1949 2228 2026 ᾗ,
2257 1953 2444 2023 φησὶν,
2470 1950 2559 2008 οἷα
2584 1955 2677 2008 καί
2705 1968 2864 2023 φατε,
2890 1956 3026 2019 ἐκεῖ,
3051 1954 3108 2007 ἐν
3136 1953 3252 2008 ἀνθ’
3275 1955 3395 2018 ἐνὸς
3414 1955 3654 2022 γέγονεν·
3677 1955 3744 2008 ἂν

2170 2044 2228 2099 δέ
2255 2044 2421 2115 μηδὲν
2451 2044 2587 2108 ὅλως
2619 2042 2676 2119 ᾖ,
2702 2042 2796 2099 δύο
2834 2045 2947 2099 ἀντ’
2975 2045 3207 2107 οὐδενός.
3251 2041 3315 2098 Τί
3347 2044 3454 2099 τῶν
3486 2045 3745 2116 ῥημάτων

2172 2133 2379 2189 τούτων
2418 2133 2909 2208 παρανομώτερον;
2940 2134 2993 2188 τί
3026 2136 3083 2189 δέ
3116 2132 3268 2207 [501]
3309 2134 3745 2208 ληρωδέστερον;

2186 2226 2378 2297 Ἡμεῖς
2405 2226 2538 2298 περὶ
2573 2226 2807 2298 οὐρανοῦ
2835 2225 3217 2296 διαλεγόμεθα,
3247 2224 3342 2282 καὶ
3366 2227 3474 2280 τῶν
3501 2227 3745 2301 ἀπορρή-

2172 2336 2281 2372 των
2314 2317 2535 2387 ἀγαθῶν
2587 2318 2840 2372 ἐκείνων·
2870 2320 2965 2372 καί⁵
3005 2319 3070 2372 σὺ
3104 2318 3171 2371 τὰ
3214 2317 3325 2371 τῶν
3377 2318 3745 2390 ίπποδρομίων

2175 2412 2309 2481 ἡμῖν
2342 2409 2495 2478 ἄγεις
2530 2411 2610 2474 εἰς
2659 2410 2823 2481 μέσον
2844 2451 2858 2476 ,
2892 2410 2984 2463 καὶ
3014 2410 3115 2463 οὐκ
3158 2409 3393 2483 αἰσχύνῃ
3429 2410 3551 2464 οὐδὲ
3581 2412 3743 2479 ἐγχα.

2172 2502 2351 2576 λύπτῃ
2389 2501 2614 2555 τοιαῦτα
2661 2498 3052 2571 φθεγγόμενος,
3095 2498 3131 2554 ἀ
3176 2500 3285 2553 τῶν
3326 2502 3744 2573 παραπαιόντων

2175 2594 2353 2660 ἐστίν;
2399 2594 2501 2648 οὐκ
2536 2592 2814 2665 ἐρυθριᾷς,
2856 2592 3000 2645 οὕτω
3035 2592 3461 2663 προσηλωμένος
3492 2598 3605 2659 τοῖς
3646 2611 3745 2648 παι

2179 2683 2390 2757 ροῦσιν;
2418 2684 2478 2736 οὐ
2518 2682 2700 2754 παύσῃ
2747 2682 3115 2753 παραφρονῶν
3143 2682 3242 2736 καὶ
3272 2683 3610 2755 ἐξεστηκὼς,
3655 2687 3745 2739 καὶ

2174 2777 2233 2829 ἐν
2265 2775 2476 2843 νεότητι
2507 2774 2571 2845 λη
2581 2774 2725 2845 ρῶν;
2759 2775 2868 2827 Καὶ
2900 2773 2961 2827 τὸ
3001 2775 3099 2844 μὲν
3148 2775 3417 2845 ’Έλληνας
3448 2776 3623 2830 ταῦτα
3666 2777 3749 2830 λέ-

2175 2885 2331 2937 γειν,
2371 2868 2524 2921 οὐδὲν
2577 2865 2907 2937 θαυμαστόν·
2955 2867 3017 2920 τὸ
3063 2864 3122 2921 δὲ
3174 2870 3400 2932 πιστοὺς
3432 2870 3748 2940 ἀνθρώπους

2174 2958 2399 3012 τοιαῦτα
2435 2958 2641 3030 ληρεῖν,
2678 2958 2838 3012 ποίαν
2882 2957 2996 3029 ἔχει
3026 2956 3391 3030 συγγνώμην;
3436 2955 3615 3024 Ὀλως
3642 2960 3749 3032 7&9

2177 3048 2505 3113 ὑποπτεύεις
2551 3050 2650 3112 τὰς
2699 3049 2999 3114 ἀθανάτους
3046 3049 3267 3114 ἐλπίδας
3314 3051 3559 3115 ἐκείνας;
3608 3052 3750 3115 ὅλως

2177 3141 2421 3212 νομίζεις
2446 3140 2726 3212 ἀμφίὸολα
2755 3141 2927 3194 ταῦτα
2957 3135 3133 3206 εἰναις
3168 3143 3262 3196 καὶ
3288 3141 3386 3195 ποῦ
3413 3141 3583 3195 ταῦτα
3614 3142 3742 3209 ἀξια

2180 3231 2547 3302 συγγνώμηςς
2592 3232 2703 3285 Καὶ
2731 3232 2813 3296 τίς
2845 3228 2999 3302 ἦλθε,
3043 3235 3199 3303 φησὶ,
3225 3232 3317 3285 καὶ
3344 3231 3641 3299 ἀπήγγειλε
3669 3233 3739 3284 τά

2178 3326 2403 3391 αὐτόθι;
2446 3324 2567 3378 Ἀνθ
2578 3324 2776 3395 ρώπων
2807 3325 2904 3394 μὲν
2943 3324 3141 3391 οὐδεὶς,
3167 3326 3196 3378 ό
3223 3323 3350 3388 Θεὸς
3380 3322 3436 3377 δὲ
3461 3325 3490 3377 δ
3521 3323 3740 3377 πάντων

2177 3416 2619 3486 ἀξιοπιστότερος
2649 3415 2824 3471 ταῦτα
2855 3415 3192 3487 ἀπεφήνατο.
3237 3415 3376 3469 Ἀλλ’
3400 3415 3498 3485 οὐχ
3526 3416 3655 3485 ὁρᾷς
3676 3415 3748 3468 τά

2183 3511 2335 3575 ἐκεῐ;
2363 3507 2497 3563 Οὑδέ
2528 3509 2637 3580 7&9
2657 3509 2750 3561 τὸν
2775 3508 2906 3562 Θεὸν
2936 3507 3174 3579 βλέπεις·
3204 3503 3294 3579 ἆρ’
3325 3503 3419 3562 οὖν
3447 3509 3548 3578 οὐχ
3574 3508 3752 3579 ἡγήσῃ

2181 3597 2319 3656 εἶναι
2339 3599 2494 3667 Θεὸν,
2523 3602 2605 3654 ὅτι
2626 3603 2705 3671 μὴ
2730 3602 2890 3673 ὁρᾷς;
2921 3602 3030 3655 Καὶ
3050 3601 3255 3672 σφόδρα
3280 3599 3543 3672 ἡγοῦμαι,
3566 3601 3747 3670 φησίν.

2253 3695 2430 3762 γ’.“Αν
2451 3688 2544 3747 οὖν
2567 3711 2625 3746 σε
2646 3692 2835 3764 ἔρηταί
2850 3704 2934 3755 τις
2955 3691 3062 3744 τῶν
3081 3692 3345 3758 ἀπίστων,
3364 3691 3475 3747 Καὶ
3498 3692 3579 3755 τίς
3594 3688 3752 3764 ἦλθεν

2181 3786 2288 3842 ἀπὸ
2316 3786 2409 3839 τοῦ
2437 3783 2687 3857 ούρανοῦ,
2718 3787 2811 3839 καὶ
2838 3785 3011 3839 ταῦτα
3028 3785 3424 3856 ἀπήγγειλε,τί
3451 3787 3631 3857 ἐρεῐς;
3660 3785 3753 3839 πό⁴

2182 3877 2272 3931 θεν
2290 3874 2445 3930 οἶσθα
2467 3878 2549 3930 ὅτι
2572 3876 2689 3930 ἐστι
2721 3876 2886 3944 Θεός;
2932 3876 3066 3930 Ἀπὸ
3090 3876 3197 3929 τῶν
3225 3877 3541 3947 δρωμένων.
3567 3881 3751 3948 φησιν,

2180 3967 2290 4021 ἀπὸ
2318 3970 2417 4037 τῆς
2469 3967 2726 4032 εὐταξίας
2757 3968 2856 4035 τῆς
2885 3968 2943 4021 ἐν
2968 3968 3117 4039 πάσῃ
3146 3970 3211 4038 τῇ
3255 3966 3451 4031 κτίσει,
3503 3970 3614 4024 ἀπὸ
3658 3968 3750 4022 τοῦ

2181 4062 2347 4114 πᾶσιν
2377 4049 2517 4113 εἶναι
2564 4058 2720 4112 τοῦτο
2746 4058 3063 4129 κατάδηλον.
3095 4058 3305 4112 Οὐκοῦν
3358 4059 3571 4114 καὶτὸν
3625 4060 3751 4132 περὶ

2182 4151 2414 4223 κρίσεως
2442 4151 2584 4203 οὓτω
2615 4149 2769 4219 δέχου
2800 4149 2976 4219 λόγον.
3007 4148 3133 4213 Πῶς
3158 4165 3175 4212 ;
3217 4150 3381 4221 φησίν
3400 4160 3415 4181 ⁸
3462 4148 3753 4223 Ἐρήσομαί

2184 4258 2264 4296 σε·
2296 4243 2358 4295 σὺ
2393 4241 2449 4294 δέ
2484 4256 2574 4310 μοι
2612 4240 2927 4311 ἀπόκριναι.
2961 4239 3175 4301 Δίκαιός
3196 4240 3344 4294 ἐστιν
3373 4235 3526 4305 οὗτος
3546 4243 3574 4294 ὁ
3601 4241 3750 4308 Θεὸς,

2182 4335 2276 4388 καὶ
2312 4332 2373 4387 τὸ
2409 4332 2527 4385 κατ’
2563 4332 2719 4398 ἀξίαν
2756 4331 3017 4401 ἀπονέμει
3052 4332 3282 4403 ἑκάστῳ·
3334 4334 3368 4403 ἢ
3423 4335 3750 4399 τούναντίον,

2181 4426 2307 4487 τοὺς
2327 4424 2423 4494 μὲν
2442 4421 2661 4485 ἀδίκους
2685 4421 2934 4492 βούλεται
2954 4422 3243 4493 εὐημερεῖν
3265 4424 3355 4476 καὶ
3375 4428 3609 4497 τρυφᾷν,
3630 4426 3751 4487 τοὺς

2181 4516 2239 4569 δέ
2271 4514 2511 4584 ἀγαθοὺς
2545 4516 2602 4567 ὲν
2634 4517 2745 4577 τοῖς
2772 4515 3034 4578 ἐναντίοις
3064 4509 3203 4568 εἶναι
3225 4532 3240 4582 ;
3263 4515 3549 4585 Οὐδαμῶς,
3568 4516 3749 4586 φησίν·

2183 4602 2306 4660 οὐδὲ
2344 4605 2453 4676 γὰρ
2489 4604 2778 4675 ἄνθρωπος
2801 4605 2961 4659 τοῦτο
3001 4590 3337 4660 πάθοιξΠοῦ
3380 4603 3473 4661 οὖν
3506 4610 3552 4661 οἱ
3575 4608 3752 4673 καλῶς

2183 4694 2414 4749 ἐνταῦθα
2447 4694 2775 4765 πράξαντες,
2808 4696 2917 4749 τῶν
2946 4697 3166 4766 ἀγαθῶν
3198 4696 3595 4752 ἀπολαύσονται
3615 4717 3628 4761 ;
3649 4694 3751 4752 ποῦ

2182 4777 2238 4830 δὲ
2261 4778 2310 4830 οἰ
2327 4777 2552 4846 πονηροὶ
2581 4778 2687 4831 τῶν
2716 4779 3055 4852 ἐναντίων,εἰ
3076 4779 3150 4849 μὴ
3175 4780 3355 4851 μέλλοι
3380 4794 3463 4844 τις
3488 4779 3602 4850 ζωὴ
3618 4781 3752 4850 μιτά

2182 4869 2355 4923 ταῦτα
2402 4864 2499 4922 καὶ
2551 4869 2818 4932 ἀντίδοσις
2873 4865 3050 4934 εἰναις
3101 4870 3263 4942 Ὁρᾷς
3292 4873 3371 4924 ὅτι
3402 4872 3461 4924 ἓν
3489 4874 3604 4925 ἀνθ’
3634 4874 3748 4935 ἐνὸς

2180 4959 2337 5026 τέως,
2385 4955 2480 5013 καὶ
2508 4960 2630 5031 οὐχὶ
2658 4959 2753 5014 δύο
2807 4960 2925 5013 ἀνθ’
2983 4960 3138 5027 ἐνός;
3195 4957 3335 5031 Ἐγὼ
3361 4962 3419 5016 δέ
3461 4978 3544 5017 σοι
3596 4963 3752 5030 δείξω

2182 5050 2407 5124 προῖὼν,
2438 5051 2520 5105 ὃτι
2549 5050 2669 5106 οὐδὲ
2706 5050 2764 5104 ἐν
2803 5051 2922 5104 ἀνθ’
2963 5050 3104 5117 ἐνὸς,
3152 5052 3291 5107 ἀλλά
3339 5053 3433 5107 δύο
3485 5054 3606 5107 ἀνθ’
3637 5054 3753 5117 ἐνὸς

2180 5142 2332 5197 ἔσται
2365 5144 2478 5206 τοῖς
2503 5142 2752 5207 δικαίοις,
2789 5145 2899 5207 τοῖς
2919 5141 2973 5197 δὲ
3001 5141 3347 5215 ἀμαρτωλοῐς
3370 5144 3465 5217 καὶ
3517 5143 3753 5199 ἐνταῦθα

2180 5234 2423 5306 τρυφῶσι
2447 5233 2754 5289 τούναντίον
2781 5235 2947 5290 ἅπαν.
2972 5236 3037 5289 Ol
3078 5236 3179 5306 μὲν
3215 5237 3323 5309 γάρ
3360 5236 3595 5292 ἐνταῦθα
3626 5255 3753 5309 τρυ-

2180 5327 2474 5398 φήσαντες,
2500 5325 2621 5379 οὐδέ
2652 5324 2710 5379 ἐν
2739 5325 2858 5379 ἀνθ’
2889 5324 3008 5391 ἐνὸς
3063 5326 3275 5381 ἔλαϐον·
3325 5329 3375 5381 οί
3400 5326 3459 5381 δὲ
3497 5330 3558 5381 ἐν
3583 5329 3751 5400 ἀρετῇ

2177 5416 2475 5485 διάγοντες,
2503 5414 2596 5470 δύο
2622 5415 2739 5470 ἀνθ’
2772 5415 2911 5481 ἐνός.
2942 5417 3099 5482 Τίνες
3141 5418 3250 5487 7&9
3276 5418 3334 5470 ἐν
3364 5418 3571 5485 ἀνέσει,
3604 5418 3655 5471 οἰ
3677 5418 3754 5488 τῷ

2180 5507 2408 5579 παρόντι
2443 5506 2933 5578 παραχρησάμενοι
2969 5506 3091 5577 βίῳ,
3118 5506 3151 5577 ἢ
3178 5509 3228 5560 οἰ
3251 5506 3754 5577 φιλοσοφήσαντεςς

2179 5599 2252 5652 Σὺ
2286 5597 2386 5669 μὲν
2415 5597 2545 5660 ῐσως
2561 5598 2801 5662 ἐκείνους
2831 5600 3002 5669 ἐρεῖς,
3032 5596 3144 5665 ἐγὼ
3160 5598 3217 5652 δὲ
3232 5597 3453 5661 τούτους
3480 5597 3755 5668 δείκνυμι,

2190 5689 2467 5760 μάρτυρας
2485 5689 2678 5753 αὐτοὺς
2696 5690 2933 5753 ἐκείνους
2952 5689 3153 5752 καλῶν,
3173 5689 3296 5753 τοὺς
3311 5688 3755 5753 ἀπολελαυκότας
