4070 6152
430 327 525 388 Alii

431 459 462 497 e
486 442 682 514 quibus
703 454 808 495 non
826 434 1062 507 aliunde,
1082 449 1240 509 quam
1262 452 1355 509 per
1376 437 1611 494 divinam
1626 451 1805 508 opem,
1833 451 2015 494 eniter-

431 548 561 604 gere
588 540 816 604 poterat.

509 625 564 679 2.
607 624 865 694 Quoniam
897 623 1055 693 igitur
1083 637 1201 693 quae
1226 628 1450 693 cognata
1495 628 1640 687 sunt,
1671 634 1914 692 magnam
1945 621 2015 676 ad

433 715 817 772 consolandum
857 715 960 769 vim
991 714 1190 769 habere
1217 715 1394 769 solent
1413 755 1428 779 ,
1456 711 1659 767 idcirco
1682 710 1816 767 dixit
1846 729 1861 767 :
1896 710 2014 765 Ha-

436 811 603 864 bentes
624 806 848 861 eumdem
867 806 1143 877 spiritum;
1178 805 1232 860 id
1259 794 1364 870 est,
1392 804 1582 862 eodem
1609 803 1848 859 subsidio
1871 802 2013 869 freti,

434 914 539 969 quo
564 899 654 952 ille
674 912 705 952 e
725 896 966 968 periculo
989 903 1206 967 ereptus
1226 904 1330 961 est,
1353 909 1452 949 nos
1471 909 1682 965 quoque
1700 907 1977 950 servamur
1998 909 2013 946 :

433 1005 497 1047 ex
519 990 708 1047 eodem
736 989 956 1060 spiritu,
981 1002 1090 1059 quo
1120 988 1208 1043 ille
1236 987 1487 1059 loquutus
1520 996 1636 1055 est,
1679 1000 1777 1041 nos
1805 998 2017 1056 quoque

435 1085 722 1154 loquimur.
753 1082 959 1151 Quibus
984 1080 1165 1136 verbis
1194 1080 1323 1135 illud
1348 1078 1615 1146 ostendit,
1665 1078 1855 1133 miram
1895 1092 2017 1133 esse

433 1184 572 1230 inter
620 1175 825 1229 Novum
876 1181 934 1227 et
977 1171 1141 1227 Vetus
1189 1169 1588 1227 Testamentum
1637 1167 2012 1233 concordiam,

434 1277 594 1336 atque
642 1263 893 1320 eumdem
938 1263 1182 1332 spiritum
1208 1275 1327 1318 esse
1353 1302 1369 1328 ,
1409 1262 1498 1331 qui
1542 1261 1595 1316 in
1639 1269 1869 1330 utroque
1908 1261 2015 1315 vim

433 1374 585 1415 suam
627 1356 961 1412 exscruerit:
994 1353 1227 1425 illudque
1266 1360 1556 1424 praeterea,
1587 1367 1693 1407 non
1723 1366 1819 1408 nos
1870 1352 2017 1407 solos

438 1454 492 1505 in
536 1449 786 1519 periculis
828 1447 1062 1513 versari,
1108 1445 1203 1501 sed
1230 1445 1392 1500 etiam
1422 1453 1632 1511 veteres
1676 1458 1901 1511 omnes;
1947 1444 2018 1497 ob

437 1542 596 1608 idque
626 1539 731 1595 ﬁde
757 1554 819 1593 ac
855 1553 950 1607 spe
976 1537 1184 1591 animos
1210 1536 1498 1607 erigendos
1522 1550 1663 1601 esse,
1691 1550 1792 1591 nec
1822 1548 2016 1606 urgen-

439 1635 570 1686 tium
596 1631 851 1686 malurum
884 1630 1041 1685 ﬁnem
1068 1630 1246 1684 statim
1275 1630 1582 1700 petendum.

512 1723 699 1778 Christi
736 1722 1054 1787 resurrectio,
1103 1721 1327 1774 omnium
1377 1720 1790 1776 resurrectionem
1818 1719 2013 1790 probat.

436 1842 504 1854 ω-
530 1814 810 1884 Postquam
836 1817 978 1867 cnim
1008 1812 1305 1867 rationibus
1325 1813 1776 1869 resurrectionem
1832 1827 1896 1867 ac
1932 1813 2015 1867 vi-

440 1918 544 1959 tam
571 1900 988 1967 demonstravit;
1031 1903 1272 1974 illudque
1311 1905 1547 1975 insuper,
1581 1904 1811 1974 pericula
1844 1904 2013 1959 imbe-

434 1998 669 2052 eillitatis
695 2011 757 2050 ac
785 1996 1105 2050 desertionis
1130 2006 1503 2065 argumentum
1534 2010 1639 2049 non
1670 2010 1811 2062 esse,
1861 1995 2014 2051 dein-

433 2104 558 2157 ceps
579 2088 688 2158 jam
710 2086 866 2142 fidem
894 2088 1054 2143 etiam
1083 2087 1306 2154 invehit,
1328 2089 1483 2158 eique
1503 2090 1681 2143 omnia
1707 2089 2011 2144 committit.

431 2182 765 2250 Quamquam
802 2180 971 2250 ipsam
1002 2195 1216 2251 quoque
1244 2190 1302 2235 ut
1331 2183 1554 2251 probet,
1603 2181 1804 2238 Christi
1831 2198 2016 2238 resur-

431 2275 727 2328 rectionem
758 2273 811 2327 in
856 2273 1088 2329 medium
1120 2272 1299 2339 affert,
1348 2289 1470 2330 cum
1499 2276 1573 2330 ait
1604 2294 1617 2329 :
1664 2274 1778 2330 NOs
1819 2292 2016 2347 quoque

429 2365 698 2429 credimus,
731 2375 940 2434 propter
957 2365 1089 2436 quod
1115 2367 1387 2434 loquimur.
1411 2367 1550 2433 Quid
1570 2367 1860 2433 credimus,
1885 2367 2018 2422 heus

434 2470 489 2514 tu
513 2459 536 2511 ?
584 2457 733 2531 ngd
763 2461 807 2511 is
834 2459 922 2528 qui
946 2458 1200 2513 Christum
1226 2460 1506 2524 suscitavit,
1540 2475 1629 2513 nos
1656 2459 1807 2513 etiam
1832 2459 2026 2513 excita-

432 2555 499 2606 bit
529 2561 574 2605 et
600 2553 865 2606 constituet
886 2551 1159 2606 uobiscum.
1196 2552 1282 2606 15.
1312 2552 1496 2605 Omnia
1521 2554 1653 2606 enim
1675 2562 1879 2621 propter
1907 2568 2014 2619 vos,

432 2655 485 2696 ut
514 2646 679 2715 gratia
709 2643 974 2697 abundans
1001 2684 1016 2709 ,
1067 2661 1155 2712 per
1185 2644 1367 2699 multos
1404 2644 1457 2697 in
1503 2643 1783 2714 gratiarum
1822 2644 2019 2697 actione

431 2737 652 2790 abundet
682 2738 733 2789 in
762 2736 976 2806 gloriam
1010 2735 1124 2790 Dei.
1157 2735 1366 2790 Rursus
1392 2736 1602 2791 animos
1628 2751 1814 2791 eorum
1840 2736 2014 2803 effert,

433 2840 614 2884 utnon
649 2829 951 2883 hominibus
977 2831 1197 2897 gratiam
1229 2829 1487 2897 habeant,
1522 2828 1627 2885 hoc
1670 2840 1751 2885 est
1773 2871 1788 2896 ,
1815 2831 2015 2900 pseud-

433 2920 712 2992 npostolis.
740 2920 852 2976 Hoc
878 2922 1022 2976 enim
1069 2930 1235 2975 totum
1264 2920 1357 2976 Dei
1387 2931 1472 2976 est
1495 2962 1510 2989 ,
1538 2921 1629 2992 qui
1653 2921 2016 2992 compluribus

433 3014 718 3084 gratificari
748 3015 858 3068 vult
886 3022 942 3069 ut
976 3014 1146 3084 major
1169 3016 1338 3084 gratia
1369 3023 1642 3084 appareat.
1675 3016 1895 3086 Propter
1920 3031 2016 3071 vos

433 3105 628 3174 quippe
655 3114 708 3159 et
755 3106 1082 3159 resurrectio
1128 3106 1294 3177 ipsius
1324 3107 1559 3173 exstitit,
1596 3115 1650 3161 et
1678 3116 1867 3161 cmtera
1896 3123 2015 3161 om-

436 3195 540 3249 nia.
571 3196 755 3266 Neque
785 3197 928 3251 enim
968 3197 1122 3251 unius
1152 3198 1426 3254 dumtaxat
1456 3198 1687 3254 hominis
1716 3215 1872 3255 causa
1902 3199 2017 3254 lucc

435 3285 582 3353 fecit,
606 3287 700 3342 sed
731 3287 989 3343 omnium.
1023 3289 1111 3345 f6.
1143 3288 1363 3359 PrOpter
1407 3291 1541 3362 quod
1569 3308 1669 3346 non
1716 3292 2016 3360 deﬁcimus;

435 3378 524 3431 sed
550 3379 663 3432 licet
693 3380 756 3446 is,
794 3380 880 3449 qui
905 3381 1031 3452 foris
1057 3392 1150 3447 est,
1181 3392 1351 3437 noster
1375 3385 1526 3439 homo
1548 3385 1905 3453 corrumpitur,
1933 3394 2014 3437 ta-

441 3488 553 3525 men
578 3473 640 3537 is,
673 3489 757 3543 qui
785 3473 919 3529 intus
952 3483 1045 3543 est,
1076 3486 1346 3530 renovatur
1383 3477 1444 3531 de
1468 3479 1550 3531 die
1576 3479 1631 3531 in
1672 3478 1824 3531 diem.
1873 3478 2017 3545 Quo-

439 3562 599 3618 modo
625 3565 1015 3634 corrumpitur?
1043 3566 1174 3621 Cum
1205 3566 1385 3637 ﬂagris
1410 3569 1660 3635 exeditur,
1691 3569 2012 3638 exagitatur,

438 3656 707 3711 sexcentis
735 3656 1111 3714 acerbitatibus
1152 3652 1403 3713 afficitur.
1436 3657 1493 3715 Is
1530 3669 1696 3714 tamen
1720 3700 1734 3724 ,
1765 3662 1850 3730 qui
1879 3661 2017 3716 intus

434 3756 529 3813 est,
556 3758 825 3801 renovatur
850 3747 912 3802 de
939 3749 1021 3803 die
1060 3749 1114 3802 in
1154 3749 1307 3802 (fient.
1335 3749 1453 3815 Quo
1495 3757 1649 3820 pacto
1694 3751 2016 3805 renovatur?

431 3838 584 3905 Fide,
616 3854 729 3909 spe,
763 3839 925 3893 animi
962 3838 1401 3911 promptitudine.
1428 3841 1611 3896 Restat
1652 3840 1833 3911 igitur,
1862 3851 1918 3895 ut
1949 3842 2015 3895 ad

432 3934 667 4000 pericula
689 3933 1010 4001 intrepidum
1032 3933 1266 3987 animum
1284 3933 1590 3989 afl‘eramus.
1610 3934 1726 4002 Quo
1746 3935 1886 3989 enim
1906 3935 2018 4006 piu-

435 4024 580 4077 ribus
601 4024 956 4078 incommodis
969 4039 1160 4094 corpus
1178 4024 1476 4091 divexatur,
1497 4040 1562 4081 eo
1579 4025 1767 4080 laetiori
1789 4041 1883 4097 spe
1902 4028 2014 4080 ani-

434 4131 554 4171 mus
584 4115 798 4180 fruitur,
828 4132 890 4170 ac
919 4116 1252 4185 Splendidior
1271 4115 1520 4182 efficitur,
1539 4131 1644 4172 non
1674 4132 1828 4172 secus
1855 4127 2015 4187 atque

435 4222 643 4273 aurum,
675 4208 758 4261 cui
786 4207 925 4277 ignis
948 4206 1147 4260 diutius
1177 4205 1477 4262 adhibetur.
1508 4208 1585 4261 Ac
1609 4208 1728 4262 vide
1748 4207 2016 4278 quomodo

438 4300 717 4368 priesentis
737 4301 862 4354 vita:
883 4299 1158 4354 molestias
1181 4299 1470 4368 abstergat.
1503 4300 1589 4353 l7.
1632 4298 1699 4352 Id
1727 4301 1856 4354 enim
1882 4299 2017 4370 quod

435 4390 489 4443 in
516 4392 747 4461 prteseuti
778 4399 849 4445 est
894 4398 1299 4443 momentaneum
1326 4406 1385 4443 ac
1411 4389 1515 4443 leue
1557 4389 1897 4444 tribulationis
1923 4407 2019 4446 no-

435 4492 574 4550 strae,
594 4501 748 4555 supra
766 4485 969 4538 modum
982 4485 1034 4537 in
1051 4482 1358 4538 sublimitate
1374 4491 1615 4537 teternum
1632 4483 1811 4554 gloria:
1822 4484 2018 4553 pondus

436 4586 677 4646 operatur
692 4578 743 4631 in
766 4578 927 4640 nobis,
948 4576 1036 4632 18.
1061 4593 1162 4631 ηοη
1183 4575 1636 4646 contemplantibus
1652 4574 1795 4629 nobis
1810 4592 1923 4644 qua:
1942 4577 2017 4629 vi-

437 4667 640 4734 dentur,
669 4668 756 4721 sed
780 4683 893 4737 qua:
913 4684 1011 4721 non
1032 4667 1281 4721 uidentur.
1308 4665 1414 4736 Spe
1436 4666 1704 4736 negotium
1733 4666 2016 4732 conclusit,

437 4758 748 4830 quodquein
766 4760 989 4829 epistola
1007 4758 1072 4813 ad
1092 4758 1360 4813 Romanos
1374 4758 1587 4813 dicebat
1607 4775 1620 4812 :
1642 4757 1885 4829 Spesalui
1899 4759 2023 4829 facti

437 4868 612 4906 sumus
634 4867 653 4917 ;
679 4867 791 4919 spes
822 4861 986 4905 autem
1012 4866 1125 4921 qua:
1162 4849 1356 4903 videtur
1385 4866 1485 4902 non
1515 4859 1586 4903 est
1614 4865 1728 4918 spes
1753 4848 1931 4919 (Rom.
1964 4853 2019 4904 8.

438 4943 536 5014 2/5)
565 4962 576 4997 :
600 4943 702 4999 hoc
728 4944 887 4998 etiam
916 4943 1001 4997 hic
1029 4942 1310 4997 adstruens
1333 4982 1346 5007 ,
1382 4941 1661 5010 praesentia
1685 4957 1803 4995 cum
1834 4940 2024 4996 futuris

440 5037 750 5106 componit:
792 5048 1028 5105 prmsens
1065 5048 1185 5089 cum
1228 5041 1461 5098 aeterno,
1509 5032 1627 5086 leve
1669 5046 1789 5085 cum
1830 5032 1977 5102 gravi
2005 5073 2031 5098 ,,

441 5129 839 5184 tribulationem
880 5143 1001 5182 eum
1048 5127 1236 5196 gloria.
1282 5127 1359 5181 Ac
1387 5141 1453 5180 ne
1485 5124 1588 5178 hoc
1624 5123 1839 5194 quidem
1890 5139 2022 5178 con-

444 5231 646 5287 tentus,
669 5223 894 5276 alteram
923 5234 1108 5274 vocem
1134 5217 1390 5288 adjungit,
1420 5231 1644 5286 eamque
1667 5216 2022 5285 conduplicat,

442 5331 563 5368 ('ttm
586 5315 658 5367 ait
682 5330 697 5367 ε
729 5313 901 5382 Supra
927 5310 1131 5365 modum
1155 5308 1207 5361 iu
1231 5308 1553 5362 sublimitate.
1580 5306 1780 5362 Deinde
1808 5306 2022 5361 modum

444 5408 697 5472 declarat,
725 5423 830 5476 quo
853 5414 929 5460 tot
950 5420 1012 5458 ac
1031 5410 1189 5457 tanta:
1211 5400 1525 5455 afﬂictiones
1544 5399 1688 5455 leves
1705 5398 2021 5453 efficiantur.

444 5497 689 5564 Quonam
717 5498 875 5566 igitur
900 5492 1060 5548 modo
1093 5489 1375 5544 levantur?
1410 5488 1531 5544 Non
1575 5487 2025 5557 contemplantibus

445 5588 589 5642 nobis
609 5601 722 5658 qua:
742 5584 994 5648 uidentur,
1025 5579 1114 5635 sed
1139 5595 1249 5649 qute
1276 5595 1375 5633 non
1405 5579 1654 5633 videntur.
1679 5577 1753 5632 Ita
1776 5577 2024 5631 nimirum

448 5688 505 5734 et
530 5686 821 5748 praesentes
850 5673 1112 5731 molestiae
1138 5671 1281 5726 leves
1305 5712 1320 5738 ,
1358 5680 1412 5727 et
1451 5671 1684 5726 futurum
1717 5668 1847 5724 illud
1887 5684 2024 5740 prae-
2079 5710 2088 5722 .

453 5770 616 5827 mium
642 5771 826 5842 ingens
851 5767 975 5836 erit,
1019 5765 1062 5822 si
1094 5780 1123 5819 a
1155 5762 1447 5821 visibilibus
1479 5780 1575 5819 nos
1619 5761 2015 5818 abduxerimus.

1383 320 1452 382 tn
1487 283 1708 384 EPIST.
1744 320 1788 381 ll
1849 323 1941 382 se
1975 322 2132 385 con.
2172 324 2402 388 ttoutL.
2445 329 2536 389 ιχ,

3603 338 3708 398 ιω

2126 441 2257 510 ante
2280 445 2413 498 enim
2439 444 2677 501 videntur
2700 450 3007 520 temporaria
3033 461 3171 507 sunt.
3195 448 3338 525 Ergo
3356 462 3412 511 et
3437 454 3702 525 ejusmodi

2119 542 2247 589 sunt
2281 534 2618 595 afﬂictiones.
2661 539 2791 609 Quae
2830 552 3001 599 autem
3042 562 3144 601 non
3186 547 3438 616 uidentur,
3491 559 3703 608 wterna.

2121 624 2289 696 igitur
2298 640 2352 684 et
2368 644 2580 685 corona:
2591 647 2803 703 quoque
2821 636 2973 692 tales.
2990 637 3099 693 Nec
3114 638 3272 705 dixit,
3291 640 3446 696 Tales
3462 653 3584 697 sunt
3606 649 3705 698 tri-

2120 714 2441 786 bulationes,
2463 720 2579 786 sed,
2611 722 2739 788 Quae
2767 725 2995 780 ridentur
3015 729 3215 796 omnia,
3237 730 3351 786 sive
3384 733 3703 802 supplicium

2122 804 2288 870 dicas,
2312 809 2427 864 sive
2452 812 2682 880 quietem
2710 832 2723 868 :
2751 824 2810 869 ut
2834 832 2939 872 non
2966 818 3036 873 sit
3063 833 3159 874 cur
3178 828 3270 875 aut
3302 822 3426 878 hinc
3451 825 3695 880 emollia-

2122 896 2218 962 ris,
2242 908 2334 953 aut
2353 900 2502 957 illinc
2524 902 2802 974 frangaris.
2825 906 3085 973 Quocirca
3111 926 3212 966 nec
3236 913 3304 968 de
3330 912 3522 969 futuris
3542 916 3706 971 verba

2121 985 2341 1057 faciens,
2371 993 2523 1061 dixit,
2551 996 2794 1068 Regnum
2820 1009 3113 1069 aeternum;
3143 1004 3235 1059 sed
3255 1046 3269 1070 ,
3320 1006 3450 1071 Qua:
3484 1023 3584 1062 non
3626 1010 3705 1063 ui-

2123 1080 2326 1148 dentur,
2356 1095 2546 1139 wterua
2568 1098 2704 1155 sunt,
2737 1091 2853 1145 sive
2878 1106 3099 1161 regnum
3128 1095 3228 1162 sit,
3252 1096 3365 1151 sive
3388 1099 3654 1154 cruciatus
3687 1116 3703 1153 :

2123 1185 2180 1229 ut
2200 1184 2255 1230 et
2275 1175 2400 1232 hinc
2424 1186 2682 1235 terrorem
2709 1182 2863 1236 nobis
2888 1183 3130 1253 incutiat,
3150 1192 3205 1240 et
3225 1187 3371 1243 illinc
3393 1204 3490 1244 nos
3509 1190 3706 1246 adhor-

2126 1276 2283 1322 tetur.
2316 1268 2447 1325 Cum
2474 1271 2632 1341 igitur
2650 1276 2766 1343 quae
2798 1274 3046 1330 videntur
3072 1280 3381 1348 temporalia
3411 1281 3546 1347 sint,
3586 1299 3707 1352 qua:

2123 1366 2298 1412 autem
2327 1375 2431 1414 non
2453 1360 2717 1426 videntur,
2745 1373 2964 1429 aeterna,
2989 1366 3052 1419 ad
3086 1366 3200 1421 haec
3227 1369 3502 1424 oculorum
3532 1373 3701 1426 aciem

2124 1449 2481 1509 intendamus.
2516 1454 2693 1524 Ecqua
2718 1455 2860 1510 enim
2889 1457 3044 1511 nobis
3072 1460 3352 1515 excusatio
3374 1461 3548 1516 futura
3597 1478 3628 1519 e
3658 1473 3699 1527 t,

2122 1542 2167 1596 si
2212 1541 2353 1597 ﬂuxa
2388 1546 2730 1615 sempiternis
2758 1550 3190 1619 praetulerimus?
3240 1551 3373 1607 Nam
3403 1556 3500 1608 etsi
3541 1570 3704 1611 suave

2123 1634 2366 1704 estquod
2396 1651 2632 1705 praesens
2670 1649 2779 1705 est,
2809 1656 2913 1696 non
2945 1651 3027 1697 est
3055 1653 3229 1700 tamen
3257 1653 3607 1715 perpetuum;
3654 1658 3708 1704 at

2123 1726 2420 1795 acerbitas,
2471 1746 2589 1799 quae
2641 1747 2709 1787 ex
2755 1732 2854 1789 hac
2897 1739 3161 1792 suavitate
3198 1739 3454 1804 nascitur,
3503 1755 3601 1795 nec
3640 1742 3706 1794 fi-

2123 1835 2247 1876 nem
2298 1821 2457 1877 habet
2497 1838 2597 1879 ncc
2644 1826 2871 1881 veniam.
2907 1828 3075 1895 Quam
3123 1831 3265 1884 enim
3306 1834 3704 1889 excusationem

2126 1911 2356 1967 habituri
2387 1923 2531 1981 sunt,
2561 1917 2673 1986 qui,
2698 1932 2819 1972 cum
2843 1919 3086 1988 spiritum
3115 1923 3417 1992 acceperint
3454 1932 3705 1995 tantoque

2122 2002 2386 2060 beneﬂcio
2406 2005 2577 2062 affecti
2602 2009 2728 2075 sint,
2752 2010 2973 2078 abjeetis
2995 2019 3196 2066 tantum
3219 2013 3379 2069 rebus
3396 2013 3705 2070 incumbunt

2123 2104 2282 2165 atque
2320 2097 2371 2151 in
2403 2105 2542 2153 terra
2571 2099 2948 2154 collabantur?
2978 2100 3189 2157 Etenim
3219 2105 3522 2173 complures
3549 2107 3708 2162 audio

2123 2188 2212 2257 qui
2236 2187 2476 2244 ridiculis
2511 2189 2658 2245 hisee
2693 2190 2870 2245 verbis
2900 2200 3123 2247 utuntur
3154 2211 3168 2247 :
3211 2192 3286 2247 Da
3316 2194 3445 2249 mihi
3487 2194 3704 2251 hodier-

2122 2295 2250 2335 num
2278 2281 2439 2347 diem,
2468 2292 2521 2337 et
2542 2290 2597 2338 tu
2619 2283 2909 2338 crastinum
2952 2299 3123 2340 sume.
3152 2284 3283 2340 Nam
3312 2286 3358 2340 si
3387 2286 3506 2340 talis
3543 2295 3627 2344 est
3652 2287 3705 2342 in

2121 2370 2300 2428 futuro
2332 2389 2449 2428 :evo
2490 2389 2666 2429 rerum
2707 2384 2876 2431 status
2895 2417 2910 2442 ,
2936 2376 3146 2446 qualem
3175 2377 3352 2433 dicitis
3372 2421 3385 2442 ,
3416 2394 3578 2433 untim
3608 2395 3674 2450 pr
3694 2400 3707 2427 ι

2123 2479 2229 2518 uno
2259 2464 2419 2519 fuerit
2454 2483 2467 2520 :
2501 2465 2544 2520 si
2574 2481 2700 2520 vero
2723 2482 2790 2522 ex
2820 2469 2882 2522 iis
2913 2468 3043 2522 nihil
3070 2469 3291 2522 omnino
3320 2478 3404 2527 est
3424 2511 3438 2535 ,
3479 2468 3584 2524 duo
3612 2484 3707 2539 pro

2122 2555 2291 2611 nihilo
2321 2566 2498 2613 erunt.
2532 2557 2668 2625 Quid
2714 2558 2797 2613 his
2823 2560 3041 2615 vocibus
3068 2561 3382 2617 sceleratius
3402 2601 3417 2626 ,
3447 2561 3573 2632 quid
3603 2562 3701 2616 de-

2123 2649 2353 2703 mentius
2384 2648 2506 2717 fingi
2553 2650 2770 2717 potest?
2811 2649 2920 2705 Nos
2963 2650 3032 2706 de
3073 2652 3206 2705 carie
3242 2651 3551 2707 disserimus
3581 2694 3594 2711 .
3638 2653 3706 2708 de

2122 2742 2330 2795 arcanis
2360 2748 2414 2794 et
2439 2739 2796 2795 inell'abilibus
2815 2741 2922 2796 illis
2942 2741 3096 2796 bonis
3120 2755 3134 2807 ;
3163 2752 3217 2796 et
3241 2753 3295 2797 tu
3319 2743 3478 2798 verba
3507 2760 3538 2799 e
3562 2744 3707 2799 circo

2122 2832 2282 2903 petita
2318 2832 2369 2885 in
2402 2831 2634 2886 medium
2665 2829 2892 2900 profers,
2924 2847 3024 2887 nec
3053 2832 3253 2902 pudore
3283 2832 3607 2890 suﬂ‘underis
3643 2850 3706 2890 ea

2123 2924 2482 2993 proloquens,
2522 2937 2641 2991 quae
2683 2931 2864 2977 mente
2912 2931 3190 2993 captorum
3242 2923 3516 2979 hominum
3547 2933 3702 2989 sunt,

2093 3030 2223 3069 nec
2265 3013 2568 3080 erubescis,
2615 3013 2966 3083 praesentibus
3013 3014 3172 3070 rebus
3215 3015 3286 3069 ita
3333 3014 3570 3069 infixus?
3597 3029 3703 3069 non

2121 3105 2367 3175 desipere
2393 3118 2455 3159 ac
2482 3112 2658 3159 mente
2686 3103 2947 3160 excedere
2991 3104 3207 3160 desines
3232 3146 3247 3171 ,
3279 3115 3438 3176 atque
3467 3105 3518 3160 in
3553 3104 3706 3175 juve-

2120 3195 2212 3250 nili
2244 3204 2401 3251 zetate
2429 3194 2700 3250 delirare?
2730 3194 2880 3262 Quod
2910 3194 2957 3249 si
2998 3194 3113 3250 haec
3139 3195 3302 3250 verba
3333 3211 3397 3250 ex
3424 3196 3701 3266 gentilium

2120 3300 2216 3342 ore
2241 3286 2602 3352 mitterentur,
2624 3285 2753 3340 nihil
2782 3288 2977 3340 mirum
3004 3294 3148 3342 esset
3173 3303 3187 3341 :
3213 3294 3268 3341 at
3292 3302 3420 3343 vero
3438 3288 3545 3343 fide
3570 3302 3706 3357 pras-

2121 3377 2263 3433 ditos
2287 3378 2531 3433 homines
2557 3377 2821 3446 ejusmodi
2846 3392 3123 3433 sermones
3144 3378 3375 3444 eﬂ‘utire,
3406 3394 3565 3448 quam
3589 3387 3704 3432 tan-

2121 3466 2244 3522 dem
2277 3466 2486 3522 veniam
2518 3466 2712 3521 mereri
2736 3466 2788 3522 id
2817 3467 3013 3536 queat?
3041 3482 3108 3521 an
3137 3482 3261 3537 spes
3292 3469 3409 3522 illas
3431 3469 3706 3523 immortua

2122 3560 2200 3615 les
2220 3561 2438 3615 omnino
2459 3569 2738 3630 suspectas
2766 3558 2975 3614 babes?
3000 3574 3068 3613 an
3100 3558 3214 3615 ha-c
3256 3574 3474 3629 prorsus
3504 3560 3704 3615 incerta

2119 3665 2242 3708 esse
2256 3650 2479 3707 censes?
2497 3665 2601 3722 qua
2626 3650 2839 3707 tandem
2855 3651 3005 3705 venia
3026 3649 3141 3705 haec
3155 3650 3313 3721 digna
3336 3666 3454 3706 esse
3471 3651 3706 3721 queant?

2123 3745 2188 3800 Et
2211 3743 2477 3814 quisnam,
2506 3743 2770 3813 inquiunt,
2796 3741 2861 3797 ad
2888 3757 2989 3798 nos
3013 3743 3194 3810 venit,
3224 3757 3288 3797 ac
3328 3757 3448 3812 quze
3480 3742 3589 3797 illic
3613 3756 3705 3811 ge-

2122 3845 2307 3891 rantur
2345 3836 2627 3905 exposuit?
2672 3835 2955 3890 llominum
2990 3848 3122 3891 sane
3164 3849 3364 3901 nemo,
3415 3833 3512 3890 sed
3564 3834 3707 3891 Deus

2122 3928 2255 3999 ipse,
2288 3927 2525 3981 omnium
2552 3925 2654 3980 fide
2680 3926 3024 3997 dignissimus
3045 3967 3058 3992 ,
3108 3925 3223 3981 haec
3259 3925 3571 3981 declaravit.
3599 3927 3707 3983 Sed

2124 4036 2227 4076 non
2255 4020 2407 4076 vides
2434 4035 2520 4074 res
2548 4019 2707 4075 illas?
2733 4019 2914 4090 Neque
2939 4019 3083 4074 enim
3133 4018 3299 4073 Deum
3326 4018 3504 4074 cernis
3535 4035 3549 4073 :
3578 4018 3705 4089 quid

2122 4128 2250 4182 ergo
2276 4153 2290 4177 ,
2323 4128 2389 4165 an
2420 4111 2645 4181 proinde
2677 4111 2840 4165 Deum
2869 4125 2989 4165 esse
3019 4125 3125 4165 non
3167 4110 3495 4165 existimabis
3522 4152 3536 4174 ,
3584 4111 3706 4179 quia

2121 4217 2243 4257 eum
2268 4217 2372 4256 non
2403 4201 2595 4256 vides?
2625 4201 2692 4255 Et
2719 4201 2872 4255 valde
2901 4199 3113 4267 quidem
3140 4200 3408 4266 existimo,
3440 4200 3668 4268 inquies.

2193 4295 2246 4350 '5.
2291 4294 2454 4363 igitur
2494 4294 2537 4348 si
2580 4293 2841 4363 quispiam
2885 4308 2951 4346 ex
2982 4292 3285 4347 infidelibus
3335 4302 3703 4362 percontetur,

2094 4454 2101 4457 ι
2123 4384 2321 4454 Ecquis
2341 4400 2372 4439 e
2401 4385 2534 4438 ca-lo
2555 4384 2719 4449 venit,
2742 4392 2900 4453 atque
2921 4383 3039 4437 lucc
3065 4383 3340 4436 narravit:
3374 4383 3499 4452 quid
3530 4385 3704 4440 dictu-

2124 4492 2217 4531 rus
2247 4476 2349 4529 es?
2378 4475 2517 4530 unde
2545 4475 2683 4530 nosti
2716 4476 2880 4530 Deum
2910 4475 3075 4530 esse?
3105 4475 3187 4530 Ab
3226 4476 3291 4530 iis
3319 4477 3476 4532 rebus
3506 4494 3624 4547 qua:
3655 4481 3706 4534 in

2126 4577 2400 4638 aspectum
2427 4566 2646 4634 eadunt,
2675 4566 2900 4637 inquies,
2925 4565 2993 4620 ab
3025 4581 3090 4622 eo
3115 4567 3322 4633 ordine,
3352 4569 3439 4638 qui
3466 4570 3517 4623 in
3551 4570 3710 4625 rebus

2127 4659 2375 4713 omnibus
2400 4657 2630 4713 conditis
2661 4658 2834 4712 elucet
2868 4675 2880 4709 :
2927 4657 3050 4713 hinc
3091 4658 3319 4729 denique
3348 4659 3488 4729 quod
3528 4660 3597 4716 de
3644 4676 3710 4714 eo

2128 4751 2268 4806 inter
2290 4766 2477 4806 omnes
2507 4760 2735 4806 constat.
2767 4750 2857 4804 Sic
2879 4751 3036 4820 igitur
3056 4767 3361 4806 sermonem
3391 4769 3605 4823 quoque
3638 4755 3711 4808 de

2129 4853 2370 4898 extremo
2392 4841 2596 4913 judicio
2622 4842 2830 4910 excipe.
2859 4841 2976 4909 Quo
3001 4844 3189 4910 pacto?
3208 4843 3433 4912 inquies.
3480 4843 3715 4898 Pereouo-

2132 4937 2284 4989 labor
2308 4942 2392 5000 te;
2423 4943 2476 4987 tu
2506 4947 2633 4987 vero
2663 4932 2947 5003 responde.
2979 4932 3232 4988 Justusne
3281 4933 3368 4989 hic
3410 4935 3550 4989 Deus
3573 4976 3587 4999 ,
3641 4949 3709 4988 an

2129 5029 2322 5097 cuique
2364 5027 2507 5097 quod
2537 5037 2771 5081 meretur
2813 5025 3030 5093 tribuit;
3076 5041 3143 5080 an
3186 5036 3369 5080 contra
3419 5028 3711 5082 sceleratus

2134 5120 2327 5174 florere
2353 5128 2512 5187 atque
2539 5118 2590 5172 in
2636 5118 2842 5173 deliciis
2869 5120 3073 5173 versari
3117 5119 3259 5185 vult,
3309 5119 3505 5188 probos
3534 5129 3710 5175 autem

2132 5210 2397 5263 contraria
2425 5208 2662 5264 habere?
2706 5209 2943 5273 Minime,
2972 5209 3181 5280 inquies
3210 5226 3224 5263 :
3254 5226 3377 5265 nam
3408 5227 3477 5267 ne
3510 5213 3711 5268 homini

2133 5300 2347 5371 quidem
2372 5301 2473 5355 hoc
2499 5299 2772 5354 acciderit.
2805 5299 3029 5355 Ubinam
3058 5301 3237 5371 igitur,
3265 5303 3352 5372 qui
3381 5302 3630 5358 virtutem
3659 5301 3711 5353 in

2132 5392 2233 5448 hac
2264 5393 2370 5446 vita
2397 5391 2692 5456 coluerunt,
2727 5391 2881 5446 bonis
2929 5392 3210 5448 fruentur?
3249 5394 3478 5451 Ubinam
3527 5404 3713 5446 rursus

2133 5483 2390 5555 improbis
2420 5497 2573 5552 paena
2621 5484 2908 5538 constituta
2932 5484 3061 5551 erit,
3112 5486 3155 5540 si
3188 5485 3331 5539 nulla
3378 5487 3509 5539 vita.
3564 5477 3712 5532 nulla

2133 5590 2359 5639 merces,
2391 5584 2480 5628 aut
2508 5588 2658 5643 ptena
2691 5573 2862 5629 futura
2888 5575 3011 5630 est?
3042 5575 3271 5630 Videsne
3294 5614 3310 5638 ,
3361 5568 3499 5639 quod
3547 5581 3709 5617 unum

2134 5680 2231 5736 pro
2260 5681 2366 5718 uno
2396 5663 2573 5718 adhuc
2601 5673 2683 5719 est
2708 5706 2721 5728 ,
2751 5673 2805 5721 et
2829 5681 2934 5720 non
2966 5666 3072 5719 duo
3103 5680 3200 5733 pro
3244 5661 3383 5714 uno?
3429 5657 3537 5724 ligo
3582 5669 3711 5705 vero

2138 5757 2264 5812 illud
2292 5757 2382 5813 tibi
2413 5757 2709 5823 ostendam,
2741 5774 2805 5812 ne
2834 5773 2995 5812 unum
3025 5755 3234 5825 quidem
3264 5767 3357 5819 pro
3387 5764 3489 5801 uno
3520 5746 3716 5810 impro-
