4070 6152
447 233 562 304 -ισδ

453 359 554 414 δυσ
579 358 780 425 habere
803 401 819 426 ,
850 357 943 415 sed
982 356 1092 413 duo
1121 371 1218 427 pro
1244 370 1352 411 uno
1395 355 1558 424 justis
1601 355 1836 409 futurum
1886 367 2034 418 esse,

456 449 824 516 peccatoribus
871 462 1000 504 vero
1045 456 1101 502 et
1139 444 1511 502 deliciantibus
1559 453 1744 499 contra
1793 444 2034 498 omnino.

452 538 586 595 Nam
615 542 701 611 qui
731 542 783 594 iu
816 539 914 595 hac
948 539 1053 594 vita
1088 553 1148 594 se
1188 538 1546 606 voluptatibus
1585 536 1922 602 dediderunt,
1969 551 2035 590 ne

453 647 616 685 unum
644 629 856 700 quidem
887 645 982 698 pro
1011 644 1119 684 uno
1142 637 1460 698 acceperunt
1486 645 1498 680 :
1523 629 1612 698 qui
1641 635 1819 681 autem
1851 627 1900 679 in
1924 627 2034 679 vir-

453 729 564 774 tute
585 721 744 774 vitam
775 719 995 784 ducunt,
1031 718 1136 774 duo
1165 734 1264 788 pro
1295 732 1420 772 uno.
1451 717 1587 783 Utri,
1621 731 1826 787 quaeso,
1859 716 1911 770 in
1936 731 2029 769 vo-

453 811 654 878 luptate
679 819 842 876 sunt,
888 810 978 880 qui
1012 809 1260 880 prteseuti
1294 809 1398 863 vita
1431 808 1583 862 abusi
1616 817 1776 872 sunt,
1825 823 1892 860 an
1942 807 2033 876 qui

453 900 808 970 phil080phia:
828 915 1047 970 Operam
1072 901 1360 956 dederunt?
1383 899 1461 955 Tu
1481 900 1704 954 fortasse
1727 899 1849 952 illos
1865 899 2030 961 dices;

449 1005 550 1060 ego
592 999 770 1044 autem
801 990 899 1046 hos
929 1006 1049 1046 esse
1091 990 1390 1054 ostendam,
1421 999 1475 1044 et
1515 989 1730 1060 quidem
1759 1003 1853 1043 eos
1885 988 2033 1058 ipsos

451 1091 617 1138 testes
641 1083 834 1145 citans,
866 1082 1018 1153 queis
1044 1083 1399 1152 pnesentibus
1421 1080 1578 1136 bonis
1622 1079 1726 1134 frui
1755 1079 1978 1150 contigit
2015 1097 2028 1133 :

451 1191 554 1232 nec
583 1191 710 1230 vero
739 1177 811 1230 ita
852 1175 1101 1244 perfricta
1146 1175 1321 1229 fronte
1348 1183 1542 1239 erunt,
1585 1181 1644 1228 ut
1684 1173 1942 1228 adversus
1969 1187 2032 1227 ea

451 1286 571 1338 qua:
600 1271 839 1324 dicturus
863 1283 980 1322 sum
1003 1311 1017 1335 ,
1055 1269 1150 1323 niti
1195 1268 1446 1323 audeant.
1486 1267 1616 1322 Nam
1661 1275 1716 1322 et
1765 1266 2032 1335 pronubas

451 1377 595 1430 smpe
621 1360 752 1416 diris
778 1360 1029 1415 omnibus
1051 1360 1408 1422 devoverent,
1438 1359 1717 1429 ipsumque
1755 1357 1894 1411 diem
1926 1371 2032 1426 quo

451 1453 669 1507 thalami
696 1453 848 1507 strati
877 1461 1043 1516 sunt,
1084 1465 1284 1520 eosque
1307 1449 1491 1504 felices
1519 1449 1908 1518 przcdicarunt,
1941 1447 2028 1517 qui

451 1557 677 1600 uxorem
704 1557 806 1597 non
849 1542 1135 1598 duxerunt.
1181 1539 1326 1596 Multi
1366 1556 1573 1610 quoque
1611 1541 1837 1609 juvenes
1861 1581 1876 1604 ,
1908 1554 2029 1594 cum

449 1634 669 1689 ineundi
712 1633 1036 1688 matrimonii
1083 1641 1318 1703 potestas
1365 1644 1545 1698 esset,
1601 1649 1705 1687 non
1762 1632 1920 1687 aliam
1961 1634 2030 1688 ob

447 1741 661 1781 causam
701 1725 1039 1790 abnuerunt,
1080 1740 1238 1796 quam
1277 1726 1348 1780 ob
1395 1725 1471 1780 rei
1519 1724 1875 1780 incommoda.
1919 1724 2029 1781 Nec

445 1834 576 1876 vero
602 1819 718 1875 lucc
743 1835 809 1874 eo
833 1835 861 1872 a
912 1835 997 1873 me
1034 1821 1301 1887 dicuntur,
1331 1829 1390 1876 ut
1442 1820 1838 1875 matrimonium
1867 1834 2030 1874 accu-

445 1929 560 1969 sem
586 1931 600 1978 ;
632 1914 948 1972 honorabile
977 1918 1157 1979 enim;
1186 1915 1281 1971 sed
1312 1930 1406 1971 eos
1427 1955 1444 1980 ,
1476 1915 1564 1985 qui
1596 1930 1661 1969 eo
1703 1922 2030 1984 praepostere

446 2007 527 2061 usi
555 2017 696 2062 sunt.
733 2009 884 2074 Quod
913 2010 957 2064 si
989 2009 1023 2064 ii
1050 2010 1139 2080 qui
1167 2009 1563 2063 matrimonium
1591 2007 1844 2067 inierunt,
1873 2019 2029 2060 acer-

445 2097 720 2153 bissimam
769 2101 1082 2171 plerumque
1125 2099 1265 2154 hanc
1304 2101 1465 2154 vitam
1523 2113 1642 2154 esse
1687 2097 2024 2167 iudicarunt,

443 2189 570 2258 quid
593 2189 662 2245 de
689 2190 753 2245 iis
781 2190 1044 2253 dicemus,
1077 2191 1168 2260 qui
1193 2191 1244 2244 in
1277 2189 1692 2260 prostihnlorum
1721 2190 2028 2258 voraginem

445 2280 677 2349 prolapsi
707 2291 854 2345 sunt,
888 2297 950 2336 ac
981 2283 1190 2351 captivo
1220 2282 1408 2352 quovis
1430 2282 1677 2336 servilius
1703 2290 1759 2336 et
1781 2281 2027 2336 miserius

443 2383 566 2427 sese
587 2370 917 2426 affecerunt?
947 2373 1071 2442 quid
1098 2373 1164 2428 de
1194 2373 1293 2439 iis,
1322 2373 1411 2443 qui
1441 2373 1492 2427 in
1523 2371 1833 2427 deliciarum
1871 2387 2028 2428 caeno

443 2475 883 2539 computruerunt
905 2507 919 2532 ,
943 2481 1008 2522 ac
1037 2466 1306 2521 sexcentis
1336 2465 1537 2520 morbis
1561 2480 1756 2534 corpus
1787 2465 2027 2520 involve-

443 2558 599 2613 runt?
625 2559 696 2612 At
718 2558 885 2629 gloria
915 2557 1119 2628 pollere
1147 2557 1305 2614 dulce
1339 2565 1439 2613 est.
1467 2556 1611 2611 Nihil
1643 2556 1742 2612 hac
1770 2557 2027 2612 servitute

441 2652 712 2708 acerbius.
737 2650 870 2706 Nam
900 2651 992 2721 qui
1023 2651 1092 2706 ita
1122 2650 1298 2706 inanis
1315 2650 1497 2720 gloria:
1525 2650 1815 2719 cupiditate
1840 2658 2027 2718 captus

439 2752 546 2810 est,
583 2751 639 2798 ut
666 2743 993 2814 quibuslibet
1032 2743 1245 2812 placere
1299 2741 1543 2807 studeat,
1590 2742 1867 2811 mancipiis
1909 2741 2026 2812 qui-

440 2833 619 2889 busvis
647 2834 895 2891 servilior
918 2843 1000 2889 est
1033 2851 1048 2888 :
1080 2835 1169 2904 qui
1200 2843 1380 2890 autem
1408 2849 1525 2888 eam
1566 2833 1754 2900 calcat,
1783 2849 1881 2889 nec
1909 2835 2026 2904 glo-

439 2927 574 2982 riam
604 2927 878 2982 hominum
906 2935 1082 2993 curat,
1111 2926 1364 2980 omni-bus
1393 2926 1639 2994 superior
1666 2934 1766 2981 est.
1797 2927 1868 2980 At
1893 2941 2024 2996 opes

441 3018 638 3074 habere
684 3027 767 3073 est
812 3019 1196 3088 expetendum.
1230 3017 1428 3072 Verum
1457 3032 1486 3070 a
1539 3017 1693 3072 nobis
1744 3032 1888 3087 smpe
1931 3019 2025 3074 de-

440 3116 795 3164 monstratum
817 3117 922 3174 est,
950 3123 1050 3165 eos
1077 3109 1244 3178 magis
1272 3107 1475 3162 divitiis
1499 3117 1554 3162 et
1573 3109 1749 3178 quiete
1779 3108 1903 3175 frui,
1931 3109 2022 3179 qui

437 3199 631 3271 opibus
654 3200 805 3255 vacui
834 3243 849 3266 ,
883 3200 1015 3255 nihil
1059 3200 1277 3255 habent.
1309 3197 1415 3255 Sed
1445 3199 1692 3255 inebriari
1727 3213 1888 3255 suave
1917 3209 2018 3255 est.

445 3294 512 3348 Et
535 3293 657 3365 quis
678 3292 780 3350 hoc
805 3293 1034 3349 dixerit?
1062 3292 1323 3361 Quocirca
1348 3293 1392 3346 si
1422 3291 1637 3347 suavius
1661 3301 1766 3359 est,
1807 3292 2018 3362 inopem

435 3403 558 3443 esse
593 3402 750 3458 quam
793 3385 1047 3453 divitem,
1087 3401 1117 3440 a
1163 3385 1506 3440 matrimonio
1547 3384 1818 3440 abstinere
1859 3399 2018 3454 quam

438 3479 836 3535 matrimonium
855 3479 1052 3542 subire,
1088 3477 1297 3534 inanem
1319 3477 1543 3548 gloriam
1565 3476 1840 3546 aspernari
1858 3491 2019 3548 quam

433 3581 704 3642 appetere,
732 3587 761 3626 a
785 3571 993 3628 deliciis
1018 3571 1314 3628 abhorrere
1336 3584 1499 3641 quam
1527 3569 1736 3624 deliciis
1761 3568 2015 3625 studere:

434 3671 489 3716 et
542 3661 628 3717 hic
678 3663 796 3731 plus
852 3663 1048 3716 habent
1100 3662 1136 3715 ii
1189 3661 1280 3732 qui
1338 3661 1692 3731 praesentibus
1736 3675 1842 3716 non
1890 3667 2018 3715 sunt

433 3751 601 3807 affixi.
652 3751 768 3806 Hoc
811 3762 986 3807 autem
1033 3752 1183 3816 dico,
1216 3750 1359 3821 quod
1403 3753 1484 3806 vir
1528 3751 1743 3820 quidem
1793 3751 2014 3822 probus,

432 3843 649 3897 tametsi
681 3842 974 3895 innumeris
986 3843 1266 3896 tormentis
1278 3842 1634 3909 excrucietur,
1656 3841 1815 3897 habet
1835 3851 1883 3895 ta
1892 3857 2016 3898 men

433 3949 586 4001 »νυ-πη
626 3933 824 4000 laetam,
855 3948 972 4003 qua:
1018 3934 1187 4004 ipsum
1220 3933 1404 3989 fulciat
1437 3952 1450 3986 :
1511 3935 1783 4004 improbus
1827 3946 2014 3992 contra

432 4027 592 4080 etiam
618 4025 663 4080 si
695 4027 987 4081 innumeris
1014 4026 1371 4095 voluptatibus
1391 4025 1616 4091 fruatur,
1647 4027 1809 4084 habet
1833 4036 2013 4083 tamen

435 4117 594 4172 futuri
633 4117 875 4188 supplicii
903 4127 1124 4183 metum,
1147 4117 1471 4186 voluptatem
1503 4119 1669 4188 ipsius
1697 4120 2014 4189 perturban-

431 4220 560 4266 tem.
589 4207 722 4264 Nam
749 4224 815 4263 nc
837 4207 922 4262 hic
946 4208 1158 4278 quidem
1185 4207 1430 4279 supplicii
1456 4209 1645 4264 modus
1673 4225 1872 4281 parvus
1896 4220 2010 4275 est;

430 4303 729 4356 contrarius
750 4315 897 4366 vero,
918 4300 1205 4370 voluptatis
1231 4309 1286 4355 et
1308 4300 1703 4356 oblectationis.
1734 4303 1826 4357 Est
1846 4303 2009 4358 etiam

429 4396 618 4450 tertius
635 4393 824 4449 modus
839 4402 1035 4464 printer
1051 4393 1150 4449 bus
1166 4393 1318 4448 duos.
1342 4392 1569 4459 Quinam
1591 4393 1839 4450 tandem?
1856 4394 2008 4462 Quod

433 4486 651 4555 hujusce
673 4487 793 4540 vita:
807 4485 1011 4540 delicia:
1033 4500 1100 4539 ne
1118 4495 1226 4539 tum
1243 4485 1458 4554 quidem
1475 4497 1759 4556 apparent,
1784 4502 1904 4542 cum
1926 4487 2016 4542 ad-

430 4585 575 4643 sunt,
603 4585 786 4646 utpote
813 4591 945 4646 quas
973 4587 1029 4632 et
1059 4587 1247 4632 natura
1277 4587 1331 4633 et
1358 4585 1564 4646 tempus
1591 4590 1844 4649 coarguat
1869 4598 1884 4634 :
1909 4581 2013 4636 illa:

430 4675 614 4722 contra
635 4682 738 4719 non
763 4666 922 4721 modo
940 4675 1082 4731 sunt,
1115 4669 1210 4722 sed
1237 4668 1404 4720 firma:
1431 4683 1642 4737 quoque
1665 4679 1900 4723 manent.
1923 4669 2014 4725 Vi-

429 4760 553 4815 den’
581 4758 722 4828 quod
751 4775 856 4813 non
879 4758 1038 4814 modo
1061 4759 1168 4815 duo
1201 4775 1296 4830 pro
1326 4761 1492 4827 nullo,
1546 4761 1640 4816 sed
1687 4762 1847 4817 etiam
1886 4763 2008 4830 tria,

429 4853 686 4924 quinque,
715 4859 872 4921 atque
901 4851 1036 4906 adeo
1059 4861 1308 4907 sexcenta
1336 4867 1432 4923 pro
1461 4853 1605 4908 nullo
1628 4868 1827 4923 ponere
1853 4863 2009 4924 pote-

432 4946 639 5000 rimus?
663 4945 815 5012 Quod
841 4954 896 4998 ut
923 4945 1170 5012 exemplo
1201 4945 1488 5016 intelligas,
1520 4946 1669 5000 dives
1695 4945 1784 5000 ille
1813 4962 1875 5002 ac
1904 4947 2008 5001 La-

429 5053 604 5101 zarus,
635 5037 726 5092 ille
753 5036 1058 5108 praesentia,
1103 5035 1187 5090 hic
1218 5034 1393 5090 futura
1429 5037 1681 5107 percepit.
1715 5041 1796 5091 An
1849 5053 2010 5106 porro

432 5144 594 5182 unum
619 5140 672 5183 et
704 5145 865 5183 unum
889 5144 1008 5185 esse
1037 5129 1221 5182 statuis
1250 5143 1346 5198 per
1370 5143 1530 5183 omne
1562 5137 1772 5197 tempus
1791 5130 1964 5198 puniri
1995 5169 2011 5193 ,

431 5232 590 5292 atque
635 5221 701 5275 ad
730 5222 974 5291 exiguam
1015 5223 1200 5277 horam
1240 5224 1381 5276 fame
1412 5237 1540 5276 vexa
1557 5220 1641 5276 ri?
1697 5222 1748 5276 in
1797 5221 2011 5277 mortali

430 5326 654 5382 corpore
675 5322 952 5382 :cgrotare,
976 5323 1029 5367 et
1056 5315 1107 5366 in
1131 5313 1416 5367 immortali
1439 5314 1690 5368 acerbum
1717 5314 1768 5366 in
1793 5313 2010 5366 modum

435 5409 552 5478 igne
577 5407 847 5465 cruciari?
896 5422 1058 5476 parvo
1089 5408 1178 5460 illo
1219 5409 1406 5461 morbo
1436 5409 1771 5476 perfunctum
1799 5449 1813 5470 ,
1854 5422 2010 5462 coro—

433 5500 546 5552 nari
573 5510 626 5554 et
655 5499 1081 5568 :cternispostea
1108 5497 1310 5552 deliciis
1331 5497 1700 5553 circumfluere
1724 5516 1738 5562 ;
1768 5506 1860 5552 aut
1889 5505 2013 5567 post

435 5590 646 5645 brevem
693 5588 923 5645 fructum
951 5589 1296 5659 sempiternis
1327 5599 1513 5657 postea
1565 5589 1845 5658 suppliciis
1894 5598 2013 5643 tor-

437 5683 582 5752 queri
604 5681 626 5736 ?
651 5692 704 5738 et
730 5682 848 5752 quis
879 5682 992 5739 lucc
1018 5681 1245 5738 dixerit?
1273 5681 1404 5749 Quid
1441 5682 1521 5735 vis
1550 5697 1807 5750 ponamus
1830 5682 1851 5733 ξ’
1873 5696 2005 5750 qua-

1199 241 1256 300 S.
1294 238 1572 298 JOANNIS
1609 235 2078 296 CllllYSOSTOMl
2119 238 2436 294 ARCUIEP.
2478 236 3015 296 CONSTANTINOP.

3622 235 3736 295 £61

2148 354 2424 413 litatemne
2463 367 2529 406 an
2560 352 2950 422 quantitatem?
2979 349 3222 405 ordinem
3254 348 3344 403 Dei
3385 356 3476 403 aut
3503 357 3727 405 senten-

2145 445 2270 499 tiam
2293 445 2360 500 de
2387 454 2613 515 utroque
2640 444 2846 498 latam?
2871 443 3156 512 Quousque
3179 440 3394 496 tandem
3423 442 3722 498 scarabei»

2143 551 2262 590 rum
2298 535 2528 590 income
2555 549 2768 603 semper
2793 548 2912 588 sese
2937 532 3290 587 volutantium
3321 532 3482 586 verba
3530 532 3722 603 loque-

2142 628 2310 681 mini?
2331 627 2514 696 Neque
2540 628 2682 682 enim
2704 627 2976 682 hominum
3000 627 3208 681 ratione
3235 625 3582 696 praeditorum
3614 637 3724 697 estI

2141 721 2396 786 animam,
2418 735 2537 790 qua:
2565 720 2694 774 tanti
2722 719 2875 789 pretii
2901 727 3003 784 est,
3036 733 3132 788 pro
3155 733 3214 772 re
3235 718 3435 772 nullius
3462 719 3723 773 momenti

2141 813 2436 881 projicere,
2467 827 2587 866 cum
2627 819 2903 882 oporteret
2945 825 3039 880 pro
3073 811 3264 881 exiguo
3301 811 3485 867 labore
3529 811 3725 866 caelum

2138 915 2350 972 capere.

2225 992 2487 1047 Iudicium
2534 995 2764 1062 futurum
2819 993 3125 1048 horrendum
3175 994 3288 1047 erit.
3339 1024 3411 1035 —
3453 994 3614 1050 Visne
3661 1006 3720 1049 ut

2137 1085 2352 1142 aliunde
2397 1095 2447 1140 te
2485 1086 2706 1142 doceam
2726 1127 2742 1151 ,
2775 1086 3100 1142 horrendum
3133 1087 3184 1140 in
3213 1087 3382 1141 altero
3411 1102 3527 1143 tcvo
3554 1089 3721 1141 tribu-

2139 1176 2223 1230 nal
2252 1177 2415 1231 esse?
2443 1177 2794 1231 Conscientia:
2823 1187 2926 1231 tua:
2947 1177 3164 1245 januam
3194 1177 3373 1246 aperi,
3403 1178 3718 1244 acjndiecm

2139 1265 2398 1322 inanimo
2428 1275 2519 1322 tuo
2557 1268 2701 1322 velut
2728 1283 2824 1337 pro
2877 1267 3123 1322 tribunali
3170 1268 3446 1324 sedentem
3489 1272 3713 1325 intuere.

2135 1359 2289 1428 Quod
2319 1359 2364 1416 si
2395 1368 2450 1414 tu
2469 1401 2484 1424 ,
2513 1360 2752 1429 quamvis
2780 1369 3110 1429 prmpostero
3141 1361 3214 1414 tui
3243 1376 3427 1416 amore
3456 1360 3673 1416 affectus
3697 1403 3717 1426 ,

2137 1453 2362 1520 teipsum
2394 1452 2719 1506 condemnas
2742 1491 2758 1516 ,
2793 1467 2892 1506 nec
2936 1451 3169 1521 iniquam
3209 1454 3530 1508 sententiam
3575 1453 3718 1511 ferre

2134 1545 2401 1608 sustines;
2448 1559 2516 1598 an
2564 1560 2667 1599 non
2697 1545 2863 1599 multo
2908 1544 3096 1615 majori
3132 1546 3388 1616 cura-jus
3433 1547 3542 1602 Deo
3571 1549 3669 1602 erit
3696 1589 3717 1615 ,

2135 1647 2294 1706 atque
2335 1637 2702 1704 incorruptum
2750 1636 2836 1691 ille
2872 1637 2948 1690 de
2985 1636 3234 1691 omnibus
3277 1637 3532 1707 judicium
3561 1637 3714 1705 feret,

2136 1741 2234 1782 nec
2265 1735 2465 1781 temere
2515 1725 2631 1780 hare
2661 1727 2838 1781 omnia
2872 1725 3001 1781 ferri
3050 1726 3228 1780 sinet?
3275 1726 3471 1797 Ecquis
3501 1727 3713 1782 tandem

2133 1817 2236 1872 hoc
2273 1817 2506 1872 dixerit?
2547 1817 2716 1873 Nemo
2745 1818 2982 1887 profecto
3013 1835 3024 1870 :
3059 1832 3180 1871 nam
3215 1825 3268 1872 et
3297 1817 3467 1872 Grmci
3498 1827 3553 1872 et
3595 1819 3716 1873 bar-

2132 1911 2278 1976 bari,
2309 1919 2365 1966 et
2393 1922 2561 1982 poeta:
2585 1921 2638 1966 et
2661 1910 2961 1982 phi1050phi
2981 1951 2997 1974 ,
3027 1919 3081 1965 ct
3101 1925 3286 1965 omnes
3308 1912 3539 1983 denique
3567 1928 3713 1967 mor-

2134 2002 2267 2060 tales
2307 2003 2357 2056 in
2401 2005 2504 2058 hoc
2550 2003 2854 2066 nobiscum,
2883 2003 2983 2056 etsi
3009 2001 3208 2070 dispari
3257 2002 3448 2068 modo,
3480 2019 3710 2059 consen-

2135 2096 2272 2149 tiunt
2295 2137 2311 2162 ,
2344 2110 2406 2148 ac
2450 2095 2691 2164 quaedam
2735 2096 2786 2149 in
2835 2093 3022 2149 inferis
3057 2095 3342 2149 tribunalia
3371 2110 3490 2150 esse
3517 2098 3663 2151 aiunt
3693 2116 3708 2151 :

2133 2204 2302 2258 usque
2340 2191 2474 2242 adeo
2505 2189 2782 2259 perspicua
2813 2197 2867 2243 et
2911 2189 3204 2244 indubitata
3243 2190 3357 2244 lucc
3388 2207 3475 2247 res
3514 2201 3614 2246 est.
3648 2193 3711 2246 Et

2132 2297 2228 2336 cur
2247 2322 2262 2346 ,
2288 2282 2496 2350 inquies
2519 2323 2535 2346 ,
2572 2282 2712 2337 Deus
2739 2281 2825 2335 hic
2852 2296 2959 2335 non
2991 2284 3180 2352 punit?
3208 2283 3472 2339 Nimirum
3510 2295 3565 2339 ut
3593 2286 3710 2340 lou-

2131 2375 2494 2445 ganimitatem
2527 2391 2677 2430 suam
2705 2376 2992 2441 ostendat,
3023 2377 3281 2448 nobisque
3326 2396 3419 2448 per
3445 2381 3709 2448 pmniten-

2134 2466 2261 2520 tiam
2311 2465 2451 2520 viam
2499 2465 2565 2520 ad
2612 2466 2839 2522 salutem
2885 2467 3127 2534 muniat,
3159 2482 3222 2522 ac
3267 2485 3372 2522 non
3405 2471 3706 2526 universum

2132 2557 2435 2612 mortalium
2485 2572 2652 2629 genus
2695 2556 2932 2612 funditus
2974 2556 3188 2623 deleat,
3234 2573 3438 2628 eosque
3486 2563 3574 2632 qui
3617 2577 3708 2631 per

2130 2649 2385 2717 optimam
2409 2649 2531 2703 vita:
2553 2648 2898 2703 mutationem
2921 2649 3145 2703 salutem
3167 2652 3422 2721 consequi
3446 2661 3705 2721 poterant,

2131 2741 2439 2811 priusquam
2471 2741 2538 2796 ad
2563 2756 2680 2795 eam
2711 2741 3022 2810 perveniant
3045 2783 3060 2805 ,
3088 2742 3155 2796 de
3180 2743 3361 2797 medio
3388 2745 3554 2799 tollat.
3580 2746 3706 2801 Nam

2129 2833 2174 2888 si
2219 2832 2289 2888 de
2317 2832 2551 2902 peccatis
2583 2831 2829 2888 homines
2878 2833 3162 2888 confestim
3213 2837 3384 2904 poenis
3428 2853 3489 2892 ac
3541 2853 3706 2896 morte

2128 2924 2404 2992 afficeret,
2437 2925 2706 2995 quomodo
2739 2926 2967 2980 salutem
2998 2926 3293 2996 accepisset
3320 2929 3514 2983 Paulus
3533 2973 3548 2992 ,
3578 2946 3713 2999 qne-

2128 3016 2288 3072 modo
2333 3015 2563 3082 Petrus,
2595 3015 2862 3086 principes
2889 3015 2999 3081 illi,
3041 3030 3104 3069 ac
3148 3016 3304 3070 totius
3339 3017 3483 3071 orbis
3529 3019 3700 3084 magi-

2127 3108 2264 3164 stri?
2291 3108 2560 3176 quomodo
2579 3108 2742 3162 David
2766 3107 2989 3168 salutem
3009 3125 3076 3165 ex
3101 3106 3399 3180 paenitentia
3424 3110 3695 3175 percepis-

2127 3203 2250 3256 set?
2292 3201 2562 3272 quomodo
2590 3201 2791 3258 Galatae
2814 3243 2829 3268 ,
2861 3202 3060 3273 aliique
3088 3200 3302 3273 plures?
3341 3199 3689 3267 Quamobrem

2126 3308 2228 3348 nec
2270 3293 2337 3348 ab
2365 3293 2689 3348 omnibusin
2724 3294 2823 3348 hac
2848 3294 2954 3348 vita
3001 3309 3188 3366 poenas
3236 3293 3467 3363 expetit,
3509 3291 3600 3347 sed
3627 3307 3692 3348 ex

2125 3385 2377 3440 omnibus
2421 3385 2526 3439 illis
2575 3387 2756 3455 paucis
2810 3394 3017 3441 tantum
3063 3385 3327 3456 supplicia
3377 3385 3573 3447 infert;
3603 3400 3702 3440 nec

2125 3493 2310 3533 rursus
2337 3478 2389 3532 in
2418 3479 2589 3532 altero
2635 3494 2750 3533 aevo
2781 3477 2851 3533 de
2877 3479 3126 3533 omnibus
3157 3493 3346 3549 poenas
3375 3477 3536 3532 sumit
3557 3517 3572 3541 ,
3610 3476 3705 3532 sed

2123 3568 2192 3624 de
2220 3569 2341 3624 aliis
2385 3569 2504 3636 hic,
2533 3569 2602 3624 de
2628 3569 2746 3622 aliis
2787 3568 2894 3624 illic
2923 3587 2936 3624 :
2983 3577 3041 3623 ut
3067 3579 3121 3623 et
3151 3584 3249 3639 per
3273 3583 3369 3624 eos
3392 3610 3409 3634 ,
3439 3583 3574 3639 quos
3619 3568 3706 3623 hic

2124 3659 2341 3729 plectit,
2373 3660 2454 3715 vel
2483 3659 2878 3730 stupidissimos
2925 3660 3156 3724 excitet,
3189 3669 3245 3715 et
3273 3676 3371 3730 per
3410 3674 3536 3725 eos,
3571 3674 3705 3730 quos

2123 3751 2411 3822 impunitos
2432 3750 2578 3817 sinit,
2603 3751 2729 3806 illud
2755 3749 2987 3818 efficiat,
3017 3760 3074 3805 ut
3101 3749 3276 3806 futura
3306 3760 3702 3820 exspectemus.

2120 3845 2313 3899 Annon
2357 3843 2506 3898 vides
2536 3842 2819 3912 plerosque
2861 3841 2948 3896 hic
2989 3855 3175 3910 poenas
3213 3840 3384 3909 luere,
3415 3850 3471 3896 ut
3497 3855 3593 3896 eos
3614 3840 3703 3912 qui

2125 3936 2286 3990 turris
2308 3935 2460 3990 ruina
2489 3932 2729 4003 oppressi
2753 3941 2898 3996 sunt,
2927 3941 2986 3987 ut
3011 3948 3104 3988 eos
3125 3947 3356 4002 quorum
3389 3933 3701 4003 sanguinem

2121 4028 2322 4083 Pilatus
2347 4042 2468 4083 cum
2497 4024 2775 4082 sacrificiis
2801 4025 3154 4091 commiscuit,
3185 4034 3246 4080 ut
3274 4024 3585 4080 Corinthios
3608 4038 3702 4080 eos

2121 4119 2209 4189 qui
2241 4119 2310 4172 ob
2339 4118 2554 4188 indigne
2583 4126 2834 4188 percepta
2862 4117 3116 4189 mysteria
3143 4126 3522 4187 praematuram
3553 4131 3700 4171 mor-

2123 4219 2228 4264 tem
2274 4209 2520 4264 obierunt
2547 4249 2560 4269 ,
2593 4215 2650 4262 ut
2697 4205 3068 4273 Pharaonem,
3121 4215 3180 4261 ut
3226 4206 3480 4272 Judmos,
3529 4206 3621 4277 qui
3671 4222 3700 4261 a

2122 4299 2362 4354 barbaris
2393 4297 2636 4354 trucidati
2675 4305 2833 4360 sunt,
2863 4306 2924 4352 ut
2955 4297 3237 4368 plerosque
3262 4298 3398 4352 alios
3421 4339 3436 4363 ,
3475 4308 3530 4353 et
3575 4308 3703 4352 tunc

2121 4402 2175 4448 et
2205 4408 2378 4457 nunc,
2407 4401 2460 4447 et
2488 4390 2786 4460 perpetuo?
2815 4389 3020 4445 Rursus
3064 4391 3154 4444 alii
3202 4390 3350 4444 multi
3377 4430 3392 4455 ,
3421 4390 3584 4445 nullis
3614 4389 3702 4444 hic

2121 4487 2382 4541 scelerum
2415 4484 2585 4554 pinnis
2629 4483 2945 4553 persolutis,
2974 4500 3005 4539 e
3047 4485 3152 4538 vita
3196 4484 3562 4540 discesserunt
3596 4501 3612 4538 :
3643 4493 3703 4540 ut

2121 4578 2267 4632 dives
2297 4577 2388 4632 ille
2415 4576 2604 4631 Lazari
2635 4585 2875 4647 tempore
2896 4618 2910 4642 ,
2939 4578 3136 4648 aliique
3163 4577 3493 4648 complures.

2191 4667 2388 4723 4.11am
2415 4682 2574 4736 porro
2597 4667 2716 4722 ideo
2734 4667 2876 4736 facit,
2895 4670 3088 4739 partim
3111 4679 3276 4725 uteos
3287 4671 3378 4741 qui
3401 4669 3573 4723 futura
3593 4685 3702 4724 non

2120 4759 2345 4814 credunt
2382 4757 2609 4823 excitet;
2643 4758 2830 4826 partim
2855 4799 2869 4822 ,
2901 4766 2956 4813 ut
2976 4774 3069 4814 eos
3089 4802 3103 4824 ,
3130 4759 3222 4830 qui
3251 4759 3480 4814 credunt
3521 4773 3586 4814 ac
3610 4773 3697 4814 se-

2119 4850 2283 4920 gnitie
2307 4851 2550 4904 laborant
2576 4891 2591 4915 ,
2620 4850 2907 4921 diligentes
2936 4851 3146 4906 reddat.
3181 4853 3324 4907 Deus
3350 4853 3494 4907 enim
3523 4851 3702 4922 justus

2121 4952 2205 4998 est
2246 4943 2410 5013 judex
2455 4953 2506 4998 et
2540 4942 2689 4997 fortis
2719 4951 2774 4996 et
2820 4943 3176 5013 longanimis,
3210 4958 3310 4998 nec
3339 4958 3434 5013 per
3460 4942 3702 5014 singulos

2121 5035 2237 5090 dies
2282 5035 2413 5090 iram
2462 5035 2686 5090 inducit.
2723 5035 2874 5103 Quod
2912 5037 2956 5090 si
2989 5035 3157 5106 ipsius
3181 5035 3580 5106 longanimitate
3609 5033 3704 5089 ab-

2122 5140 2366 5196 utamur,
2399 5129 2501 5183 erit
2541 5137 2784 5198 tempus,
2815 5143 2934 5183 cum
2961 5129 3069 5198 jam
3118 5143 3188 5183 ne
3233 5125 3438 5182 tantillo
3483 5125 3703 5196 quidem

2124 5233 2364 5290 tempore
2415 5219 2868 5288 longanimitatem
2918 5219 3229 5279 adhibebit.
3279 5231 3464 5273 verum
3519 5217 3704 5269 statim

2121 5329 2334 5385 pmnam
2357 5311 2568 5366 inferet.
2599 5309 2676 5366 Ne
2706 5311 2886 5380 itaque
2911 5349 2928 5375 ,
2952 5309 3078 5364 dum
3101 5309 3168 5364 ad
3197 5309 3412 5362 unicum
3447 5321 3701 5361 momen-

2125 5414 2232 5459 tum
2265 5403 2540 5476 (momenti
2581 5402 2721 5457 enim
2750 5403 2918 5456 instar
2947 5410 3026 5457 est
3075 5401 3191 5456 haec
3215 5401 3350 5471 vita)
3378 5398 3589 5456 deliciis
3619 5397 3704 5451 in-

2122 5497 2341 5564 dulgere
2390 5495 2681 5558 volumus,
2736 5492 3060 5548 infinitarum
3115 5492 3432 5546 sarculorum
3485 5500 3704 5559 pernam

2125 5588 2278 5643 nobis
2315 5599 2692 5649 accersamus;
2725 5599 2909 5639 verum
2938 5583 3002 5638 ad
3032 5593 3360 5639 momentum
3394 5581 3572 5650 potius
3617 5578 3701 5630 la-

2126 5680 2406 5742 boremus,
2463 5683 2521 5731 ut
2572 5676 2844 5747 perpetuis
2891 5677 3104 5732 coronis
3155 5675 3455 5745 cingantur.
3505 5674 3700 5726 Annon
