4070 6152
534 261 640 322 ‘55

530 378 733 450 τιώτης
769 377 960 450 μέχρις
984 377 1202 448 ἡλικίας
1233 377 1468 447 ἐσχάτης
1519 378 1579 430 ἐν
1606 370 1868 448 πολέμοις
1886 381 1983 435 καὶ
2018 381 2117 433 πό-

533 490 663 536 νοις,
692 475 783 527 καὶ
803 472 1060 534 πολλάκις
1088 473 1346 543 ἑκάτερος
1376 471 1554 526 αὐτῶν
1577 471 1841 541 ἀπῆλθεν,
1861 475 1888 526 δ
1910 476 2007 545 μὲν
2023 474 2116 529 τοῦ

532 564 764 620 πλούτου
793 562 900 616 τῶν
934 562 1200 633 φορτίων,
1233 565 1260 616 ό
1289 562 1346 617 δέ
1382 564 1523 634 μετά
1551 565 1651 635 τῆς
1682 564 1838 636 νίκης
1874 567 1968 621 καὶ
2018 568 2119 638 τῆς

535 656 682 724 ζωῆς
694 654 864 723 αὐτῆς
880 656 1011 708 ἑκπε
1020 654 1289 707 σών.Τίνα
1309 651 1401 707 οὖν
1417 655 1610 726 ἕξομεν
1628 655 1778 727 [504]
1798 657 2116 725 ἀπολογίαν,

533 746 653 799 εἰπέ
695 763 809 815 μοι,
840 747 898 800 ἐν
935 747 1033 817 μὲν
1079 748 1193 810 τοῖς
1227 746 1501 817 βιωτικοῖς
1555 747 1624 800 τά
1647 747 1879 801 ἐπίπονα
1932 766 2118 819 προτι-

536 836 766 908 μῶντες,
795 838 882 891 Eva
910 836 1104 909 μικρὸν
1162 838 1630 907 ἀναπαυσώμεθα,
1682 839 1869 909 ἢοὺδὲ
1922 840 2120 912 μικρόν

536 926 654 997 (καὶ
677 927 783 999 γάρ
812 927 1005 999 ἄδηλος
1056 930 1090 1000 ή
1126 927 1326 992 ἐλπίς)·
1377 930 1445 997 ἐν,
1468 928 1527 980 δὲ
1564 929 1677 991 τοῖς
1733 931 2122 999 πνευματικοῖς

536 1018 907 1088 ἀντιστρόφως
952 1018 1110 1072 τοῦτο
1160 1019 1460 1083 ποιοῦντες,
1493 1018 1588 1072 καλ.
1645 1019 1850 1088 ἄφατον
1903 1020 2122 1073 κόλασιν

537 1109 908 1179 ἐπισπώμενοι
939 1110 1027 1164 διὰ
1054 1111 1257 1180 μικράν
1313 1112 1622 1182 ρᾳθυμίαν;
1672 1112 1766 1163 Διὸ
1816 1111 2121 1181 καρακαλῶ

537 1200 747 1265 πάντας
774 1202 919 1272 ὑμᾶς
947 1202 1044 1272 ὀψὲ
1062 1202 1194 1271 γοῦν
1217 1220 1348 1256 ποτε
1380 1207 1444 1258 ἐκ
1469 1206 1566 1274 τῆς
1596 1203 1978 1275 παραπληξίας
1993 1204 2125 1258 ταύ-

538 1308 638 1363 της
657 1294 985 1360 ἀνενεγκεῖν.
1012 1293 1199 1357 Οὐδεὶς
1233 1294 1341 1365 γὰρ
1371 1296 1518 1365 ἡμᾶς
1537 1291 1883 1365 ἐξαιρήσεται
1911 1298 1966 1348 ἐν
1983 1296 2125 1348 ὲκεί-

540 1402 617 1456 νῳ
643 1385 720 1455 τῷ
753 1385 951 1457 καιρῷ,
1019 1387 1119 1440 οὑκ
1148 1385 1375 1455 αδελφὸς
1395 1427 1409 1448 ,
1449 1387 1509 1440 οὺ
1537 1387 1718 1457 πατὴρ
1739 1426 1754 1449 ,
1788 1391 1850 1440 οὐ
1885 1391 2032 1454 παῖς,
2064 1390 2122 1442 ού

542 1476 715 1545 φίλος,
747 1477 806 1531 ού
843 1478 1060 1544 γείτων,
1096 1478 1196 1532 οὐκ
1221 1476 1377 1541 ἄλλος
1398 1476 1592 1540 οὐδείς·
1625 1476 1737 1529 ἀλλ’
1759 1476 1825 1531 ἂν
1875 1477 1980 1530 ὑπὸ
2015 1477 2125 1531 τῶν

541 1566 722 1638 ἔργων
756 1568 1126 1639 προδοθῶμεν,
1162 1569 1343 1623 πάντα
1399 1569 1700 1639 οἰχήσεται,
1763 1570 1856 1622 καὶ
1881 1568 2123 1622 ,ἀπολού-

545 1657 686 1728 μεθα
709 1659 946 1722 πάντως.
971 1659 1122 1713 Πόσα
1176 1661 1204 1714 ό
1259 1658 1513 1723 πλούσιος
1574 1658 1872 1731 ἐθρήνησεν
1900 1661 2127 1726 ἐκεῖνος,

544 1751 637 1803 καὶ
662 1751 753 1802 τὸν
788 1750 1137 1823 πατριάρχην
1167 1752 1533 1822 παρεκάλεσε,
1564 1752 1658 1804 καὶ
1692 1752 2012 1824 πεμφθῆναι
2042 1752 2131 1805 τὸν

545 1839 796 1910 Λάζαρον
837 1840 1066 1912 ¹ξίτησεν;
1110 1841 1248 1894 Ἀλλ’
1270 1842 1501 1897 ἄκουσον
1524 1843 1575 1895 τί
1597 1843 1732 1914 πρὸς
1760 1843 1922 1896 αὐτὸν
1949 1842 2132 1913 ἔλεγεν

559 1930 830 2002 Ἀϐραάμ.
858 1931 1016 1998 Χάος
1031 1932 1260 2002 μεταξὺ
1282 1932 1449 2003 ὑμῶν
1468 1936 1566 1987 καὶ
1590 1932 1779 2003 ἡμῶν,
1802 1933 1959 1988 ὥστε
1977 1934 2133 2004 μηδὲ

546 2020 944 2091 βουλομένοις
965 2022 1188 2086 ἐξεῖναι
1218 2022 1493 2092 διαϐῆναι
1520 2023 1664 2077 ἐκεῖ.
1700 2024 1848 2077 Πόσα
1882 2025 2131 2093 παρεκά-

547 2110 708 2165 λεσαν
745 2113 803 2165 αἱ
842 2112 1103 2184 παρθένοι
1131 2116 1333 2167 ἐκεῖναι
1359 2115 1458 2178 τὰς
1496 2114 1765 2184 ὁμήλικας
1791 2115 1929 2186 ὑπὲρ
1951 2115 2133 2183 ὀλίγου

548 2205 763 2271 ἐλαίου;
808 2205 948 2259 Ἀλλ’
979 2206 1212 2260 ἄκουσον
1260 2209 1352 2261 καὶ
1406 2210 1609 2261 ἐκεῖναι
1640 2209 1691 2262 τί
1729 2209 1966 2278 λέγουσι·
2010 2209 2135 2276 Μή-

550 2312 695 2351 ποτε
719 2300 792 2352 οὐ
813 2297 898 2367 μὴ
926 2297 1153 2367 ἀρκέσῃ
1184 2298 1324 2366 ὑμῖν
1343 2299 1444 2353 καί
1473 2300 1637 2368 ἡμῖν·
1659 2303 1753 2355 καὶ
1771 2302 1944 2365 οὐδεὶς
1965 2302 2136 2366 αὐτάς

554 2388 770 2458 τσχυσεν
795 2392 876 2453 είς
904 2390 996 2443 τὸν
1026 2392 1289 2461 νυμφῶνα
1326 2396 1661 2462 εἰσαγαγεῖν.
1686 2394 1871 2448 Ταῦτα
1894 2394 1957 2467 δὴ
1986 2396 2135 2465 λογι-

553 2478 769 2549 ζόμενοι
804 2482 897 2534 καὶ
928 2484 1091 2552 ἡμεῖς
1121 2483 1512 2556 ἐπιμελώμεθα
1541 2488 1639 2558 τῆς
1665 2488 1941 2558 ἡμετέρας
1968 2488 2132 2560 ζωῆς.

557 2568 756 2633 ’ὐσους
792 2571 900 2641 γὰρ
935 2569 1001 2624 ἂν
1033 2572 1193 2644 εἴπῃς
1225 2574 1440 2638 πόνους,
1473 2576 1569 2629 καὶ
1619 2577 1750 2640 ὅσας
1787 2577 1853 2630 ἂν
1902 2595 2136 2649 προσεν-

553 2659 722 2732 έγκῃς
744 2663 1031 2735 τιμωρίας,
1069 2665 1222 2719 οὐδὲν
1258 2667 1475 2722 ἅπαντα
1512 2669 1685 2722 ταῦτα
1717 2668 1870 2723 ἔσται
1905 2671 2041 2740 πρὸς
2069 2671 2137 2725 τὰ

557 2751 818 2822 μέλλοντα
846 2755 1044 2824 ἀγαθά.
1103 2757 1253 2812 Τίθει
1291 2759 1442 2827 γοῦν,
1470 2762 1519 2814 εί
1550 2761 1750 2831 βούλει,
1790 2763 1900 2836 πῦρ
1935 2766 2029 2819 καὶ
2054 2766 2138 2819 σί-

551 2842 716 2915 δηρον
752 2846 847 2898 καὶ
874 2847 1059 2918 θηρία,
1088 2850 1183 2903 καὶ
1212 2851 1264 2903 εῖ
1288 2852 1562 2906 τιτούτων
1591 2854 1993 2928 χαλεπώτερον·
2023 2856 2137 2912 ἀλλ’

553 2936 704 3005 ὅμως
731 2937 851 2991 οὐδὲ
883 2941 1011 2993 σκιά
1034 2941 1207 2994 ταῦτα
1230 2943 1365 3013 πρὸς
1395 2944 1582 2999 ἐκεῖνα
1608 2945 1677 2999 τά
1722 2946 2138 3020 βασανιστήρια.

557 3027 743 3083 Ταῦτα
781 3030 880 3099 μὲν
905 3031 1011 3101 γάρ
1046 3033 1176 3087 ὅταν
1201 3034 1556 3105 σφοδρότερον
1585 3037 1830 3108 ἐπιτεθῇ,
1885 3039 2006 3093 τότε
2040 3041 2143 3110 μά-

557 3117 714 3172 λιστα
733 3120 938 3187 γίνεται
969 3122 1167 3192 κοῦφα,
1201 3129 1421 3195 ταχεῖαν
1467 3126 1724 3180 ποιοῦντα
1752 3130 1852 3200 τὴν
1896 3130 2142 3185 ἀπαλλα-
2184 3149 2193 3157 '

559 3211 795 3280 γὴν,τοῦ
826 3213 1077 3285 σώματος
1113 3217 1213 3270 οὐκ
1245 3218 1542 3290 ἀρκοῦντος
1574 3221 1669 3274 καὶ
1696 3222 1777 3283 είς
1807 3221 2145 3293 σφοδρότητα
2214 3211 2219 3216 Δ

562 3302 655 3354 καὶ
690 3304 769 3365 είς
797 3304 975 3375 μῆκος
1002 3306 1292 3371 κολάσεως·
1330 3312 1448 3365 ἐκεῖ
1464 3310 1520 3363 δὲ
1553 3312 1651 3382 οὐχ
1675 3310 1869 3377 οὕτως,
1897 3312 2141 3385 ἀλλ’ἀμ-

562 3392 764 3464 φότερα
791 3397 1133 3469 συνέρχεται,
1171 3400 1263 3452 καὶ
1289 3403 1597 3471 παράτασις
1622 3403 1714 3456 καὶ
1740 3402 2145 3475 ύπερόολή,καὶ

563 3487 621 3540 ἐν
647 3489 759 3548 τοῖς
787 3492 1045 3559 χρηστοῖς
1084 3492 1175 3545 καὶ
1199 3492 1256 3545 ἐν
1285 3495 1398 3556 τοῖς
1429 3491 1712 3564 λυπηροῖς.
1746 3493 1890 3554 Ἕως
1915 3489 2010 3549 οὖν
2026 3496 2142 3548 ἐστι

610 3724 963 3738 nom

1209 261 1272 318 S.
1306 259 1594 317 JOANNIS
1626 261 2122 320 CHRYSOSTOMI
2162 260 2486 319 ARCHIEP.
2526 260 3081 320 CONSTANTIAOP.

3708 265 3839 320 £66

2221 379 2430 451 καιρὸς,
2461 379 2864 451 προφθάσωμεν
2892 378 2952 432 τὸ
2979 378 3271 449 πρόσωπον
3303 374 3467 430 αὐτοῦ
3528 376 3588 429 ὲν
3618 377 3834 448 ἐξομο-

2219 469 2459 541 λογήσει,
2489 471 2578 524 ἴνα
2604 471 2810 541 ἥμερον
2825 470 2988 526 αὐτὸν
3032 469 3233 538 ἴδωμεν
3264 468 3386 522 τότε
3426 468 3522 522 καὶ
3549 469 3832 539 γαληνὸν,

2221 563 2311 617 ἶνα
2338 560 2438 626 τάς
2459 561 2861 633 ἀπειληφόρους
2887 560 3101 624 ἐκείνας
3120 559 3379 630 δυνάμεις
3425 558 3827 631 διαφύγωμεν.

2225 655 2339 724 Οὐχ
2363 655 2495 725 ὁρᾷς
2523 655 2647 718 τοὺς
2704 651 2938 707 ἐνταῦθα
2989 650 3325 723 στρατιώτας
3391 651 3521 714 τοὺς
3551 655 3665 716 τοῖς
3721 653 3831 724 ἄρ-

2221 762 2372 816 χουσι
2394 745 2874 816 διακονουμένους,
2925 744 3043 809 πῶς
3076 744 3313 808 ἕλκουσι,
3367 744 3487 808 πῶς
3519 744 3728 815 δεσμοῦ
3740 762 3798 797 σι
3819 794 3834 816 ,

2222 836 2339 898 πῶς
2369 835 2716 907 μαστιγοῦσι,
2744 835 2860 898 πῶς
2888 837 2985 898 τὰς
3017 833 3262 904 πλευράς
3298 833 3662 906 διορύττουσι,
3694 834 3829 897 πῶς

2221 925 2511 996 λαμπάδας
2560 908 2690 989 ’ταῖς
2751 926 3008 997 βασάνοις
3080 924 3439 996 προσάγουσι,
3505 923 3626 988 πῶς
3677 926 3827 979 ἀποο

2223 1020 2542 1089 τέμνουσιν;
2588 1019 2747 1073 Ἀλλά
2785 1019 2962 1073 πάντα
2990 1017 3163 1072 ταῦτα
3220 1017 3443 1086 παίγνια
3504 1018 3601 1071 καὶ
3638 1016 3826 1086 γέλως

2225 1109 2361 1180 πρὸς
2385 1109 2596 1173 ὲκείνας
2632 1110 2730 1173 τάς
2755 1108 3043 1181 τιμωρίας.
3069 1107 3182 1162 Kal
3213 1109 3322 1179 γάρ
3354 1107 3675 1179 πρόσκαιροι
3718 1101 3824 1161 αὗ-

2225 1218 2313 1252 ται
2339 1203 2393 1253 αἱ
2424 1200 2695 1264 κολάσεις·
2721 1202 2838 1253 ἐκεῖ
2882 1200 2937 1252 δὲ
2963 1198 3085 1252 οὔτε
3105 1201 3134 1252 ὁ
3166 1198 3385 1267 σκώληξ
3408 1196 3656 1269 τελευτᾷ,
3688 1198 3821 1252 οὔτε

2223 1292 2285 1345 τὸ
2310 1291 2418 1362 πῦρ
2446 1291 2749 1344 σὸέννυται·
2778 1290 2873 1343 καὶ
2897 1291 3005 1360 γὰρ
3026 1290 3087 1343 τὸ
3118 1289 3278 1359 σῶμα
3320 1288 3596 1360 ἄφθαρτόν
3640 1290 3813 1344 ἐστιν.

2240 1383 2399 1436 Ἀλλά
2429 1384 2503 1453 μὴ
2532 1383 2742 1451 γένοιτο
2759 1382 2924 1453 πείρᾳ
2952 1380 3122 1435 ταῦτα
3146 1383 3292 1452 ἡμᾶς
3318 1380 3530 1451 μαθεῖν,
3550 1380 3687 1435 ἀλλά
3716 1382 3818 1453 μὲο

2228 1491 2318 1545 χρι
2350 1475 2593 1545 ῥήματος
2631 1473 2821 1543 στῆναι
2854 1475 2983 1542 ἡμῖν
3039 1472 3107 1524 τά
3136 1472 3361 1542 φοϐερά·
3408 1472 3545 1543 μηδέ
3584 1474 3820 1544 παραδοο

2230 1568 2387 1639 θῆναι
2428 1569 2539 1631 τοῖς
2580 1567 2933 1638 βασανισταῖς
2962 1567 3220 1634 ἐκείνοις,
3259 1566 3375 1620 ἀλλ’
3435 1567 3667 1622 ἐνταῦθα
3707 1585 3817 1621 σω-

2234 1658 2608 1730 φρονισθῆναι.
2627 1659 2772 1712 Πόσα
2792 1657 2911 1711 τότε
2930 1658 3054 1730 ἐροῦ
3064 1676 3184 1728 μεν,
3210 1657 3415 1711 ἑαυτῶν
3440 1659 3816 1731 κατηγοροῦν-

2233 1769 2354 1818 τες;
2400 1752 2541 1805 πόσα
2591 1751 3039 1823 ὀλοφυρούμεθα;
3081 1752 3221 1805 πόσα
3263 1751 3572 1822 οίμώξομεν
3606 1770 3622 1819 ;
3672 1752 3816 1805 Ἀλλ’

2232 1845 2383 1898 οὐδὲν
2412 1845 2601 1915 ὄφελος
2637 1846 2841 1898 λοιπόν·
2882 1846 3005 1897 ἐπεὶ
3027 1845 3147 1898 οὐδὲ
3175 1846 3223 1898 οἱ
3256 1842 3467 1908 ναῦται,
3495 1845 3589 1897 τοῦ
3628 1846 3817 1898 πλοίου

2232 1938 2570 2001 διαλυθέντος
2594 1937 2689 1990 καὶ
2718 1937 3072 2001 καταδύντος,
3098 1936 3374 2007 ὠφελῆσαί
3402 1954 3455 1990 τι
3481 1936 3715 1991 δύναιντ’
3752 1938 3817 1990 ἂν

2234 2030 2439 2082 λοιπόν·
2471 2027 2592 2081 οὔτε
2630 2030 2824 2099 ἰατροὶ,
2856 2026 2950 2081 τοῦ
2986 2029 3281 2099 κάμνοντος
3318 2026 3666 2092 ἀπελθόντος·
3700 2028 3816 2080 ἀλλ’

2238 2119 2426 2191 ἐροῦσι
2449 2120 2549 2191 μὲν
2574 2119 2855 2182 πολλάκις,
2891 2121 2972 2174 ὅτι
3009 2121 3083 2173 Τὸ
3118 2120 3299 2174 καὶτὸ
3358 2121 3584 2190 ποιῆσαι
3621 2122 3813 2190 ἐχρῆν,

2238 2214 2415 2267 πάντα
2437 2213 2493 2265 δὲ
2511 2213 2632 2280 εἰκῆ
2663 2213 2758 2265 καὶ
2787 2212 2984 2282 μάτην.
3013 2213 3159 2274 Ἕως
3200 2212 3298 2282 μὲν
3323 2212 3428 2283 γὰρ
3458 2214 3521 2266 ἐκ
3554 2216 3655 2283 τῆς
3674 2213 3818 2284 διορ-

2238 2303 2459 2366 θώσεως
2522 2302 2733 2366 ἐλπίδες
2790 2303 3034 2373 μένουσι;
3076 2304 3170 2356 καὶ
3218 2303 3396 2371 λέγειν
3457 2305 3675 2358 ἅπαντα
3723 2304 3816 2357 καὶ

2238 2397 2410 2447 ποιεῖν
2439 2397 2564 2465 χρή·
2604 2394 2821 2447 ἐπειδάν
2849 2396 2905 2447 δὲ
2942 2394 3138 2465 μηκέτι
3170 2394 3348 2466 κύριοι
3391 2394 3621 2463 μηδενὸς
3646 2389 3814 2465 ὦμεν,

2237 2486 2330 2539 τοῦ
2364 2486 2563 2549 παντὸς
2625 2484 2774 2557 [505)]
2814 2486 3223 2554 διαφθαρέντος,
3275 2485 3401 2555 είκῆ
3460 2488 3556 2539 καὶ
3601 2486 3817 2554 λέγεται

2240 2578 2416 2631 πάντα
2431 2577 2526 2630 καὶ
2551 2578 2777 2646 γίνεται.
2811 2579 2918 2630 Kal
2946 2579 3057 2649 γάρ
3091 2577 3184 2629 καὶ
3200 2575 3443 2630 Ἰουδαῖοι
3470 2575 3657 2647 ἐροῦσι
3676 2577 3814 2639 τότε,

2239 2671 2662 2741 Εὐλογημένος
2712 2674 2744 2724 ὀ
2803 2646 3128 2739 ἐρχόμενος
3181 2670 3252 2723 ἐν
3289 2646 3538 2739 ὀνόματι
3575 2669 3817 2738 Κυρίου·

2239 2762 2353 2816 ἀλλ’
2389 2762 2540 2815 οὐδὲν
2565 2763 2768 2832 ταύτης
2797 2762 3099 2816 ἀπόνασθαι
3133 2763 3456 2830 δυνήσονται
3484 2763 3585 2833 τῆς
3616 2763 3813 2833 φωνῆς,

2242 2859 2319 2919 είς
2339 2856 2400 2908 τὸ
2425 2856 2523 2922 τὴν
2554 2855 2776 2908 κόλασιν
2799 2854 3098 2924 διαφυγεῖν·
3122 2856 3214 2921 ρτε
3246 2854 3354 2927 γάρ
3375 2854 3481 2908 ἔδει
3510 2855 3818 2921 είπεῖν,οὑκ

2242 2942 2416 3000 εἷπον.
2452 2947 2546 2999 "lv'
2581 2941 2672 3000 οὖν
2701 2947 2775 3017 μὴ
2809 2947 2903 2999 καὶ
2928 2948 3087 3016 ήμεῖς
3136 2946 3228 2999 ἐπὶ
3251 2946 3347 3015 τῆς
3372 2945 3643 3008 πολιτείας
3666 2944 3817 2999 τοῦτο

2244 3039 2528 3110 πάθωμεν,
2560 3039 2810 3093 ἐντεῦθεν
2847 3038 2945 3110 ήδη
2972 3038 3450 3109 μεταϐαλλώμεθα,
3492 3038 3577 3089 ἵνα
3608 3036 3687 3106 τῷ
3719 3037 3817 3107 βή-

2249 3148 2378 3202 ματι
2404 3129 2497 3183 τοῦ
2526 3130 2763 3201 Χριστοῦ
2791 3130 2930 3200 μετὰ
2973 3130 3287 3202 παρρησίας
3308 3126 3659 3200 παραστῶμεν
3712 3128 3816 3180 πά-

2248 3236 2366 3290 σης·
2399 3214 2465 3292 ἧς
2501 3218 2710 3285 γένοιτο
2731 3220 2937 3283 πάντας
2992 3222 3142 3289 ἡμᾶς
3171 3220 3461 3290 ἐπιτυχεῖν,
3503 3217 3679 3288 χάριτι
3715 3219 3809 3270 καὶ

2249 3309 2631 3383 φιλανθρωπίᾳ
2655 3309 2749 3363 τοῦ
2780 3309 2985 3381 Κυρίου
3010 3313 3042 3380 ἡ
3054 3309 3169 3382 μῶν
3213 3310 3388 3380 Ἰησοῦ
3418 3306 3667 3379 Χριστοῦ,
3693 3306 3808 3378 μεθ’

2247 3396 2308 3456 οὗ
2337 3400 2414 3473 τῷ
2451 3403 2625 3473 Πατρὶ
2678 3402 2793 3475 ἅμα
2830 3400 2910 3474 τῷ
2955 3402 3097 3474 ἁγίῳ
3121 3402 3401 3473 Πνεύματι
3423 3401 3573 3469 δόξα,
3623 3403 3714 3454 καὶ
3751 3399 3818 3453 τά

2247 3493 2390 3565 ἑξῆς.

2050 3953 2291 4007 ΟΜΙΛΙᾹ
2334 3952 2391 4009 ι’.

581 4082 839 4153 Οἴδαμεν
866 4080 996 4150 γὰρ,
1031 4081 1118 4134 ὅτι
1155 4081 1269 4153 ἐὰν
1290 4082 1328 4149 ὴ
1367 4083 1624 4151 ἐπίγειος
1650 4084 1817 4153 ἡμῶν
1852 4088 2006 4141 οἰκία
2038 4087 2144 4141 τοῦ

647 4150 917 4226 σκήνους
963 4151 1290 4226 καταλυθῇ,
1336 4150 1762 4226 οίχοδομὴιδὲκ
1815 4158 1961 4211 Θεοῦ
2013 4157 2147 4226 ἔχοι

639 4240 772 4314 μεν.
825 4223 1054 4304 οζκείαν
1093 4224 1571 4293 ἀχειροποίητον,
1619 4224 1861 4280 αἰώνιον
1897 4229 1967 4281 ἐν
2024 4223 2148 4294 τοῖς

644 4311 946 4363 ουρανοις.

646 4460 714 4507 α’.
740 4451 907 4505 Πάλιν
923 4451 1021 4522 τὴν
1044 4449 1350 4522 προθυμίαν
1365 4450 1544 4504 αὐτῶν
1561 4452 1814 4523 διεγείρει
1830 4453 1915 4508 διά
1940 4453 2000 4507 τὸ
2016 4454 2116 4506 πολ
2131 4484 2147 4494 -

572 4545 699 4606 λοὺς
744 4542 1043 4610 ἐπάγεσθαι
1090 4542 1449 4613 πειρασμούς.
1489 4544 1596 4596 Καὶ
1630 4544 1738 4614 γάρ
1777 4545 1923 4609 εἰκὸς
1955 4547 2150 4609 αὐτοὺς

573 4635 661 4688 διά
690 4633 789 4704 τὴν
814 4633 1085 4689 ἀπουσίαν
1116 4634 1214 4706 τὴν
1245 4632 1431 4697 αὐτοῦ,
1468 4634 1602 4704 πρὸς
1638 4635 1796 4689 τοῦτο
1833 4637 2151 4691 ἀσθενεστέ-

579 4743 704 4797 ρους
731 4724 1078 4796 γεγενῆσθαι.
1108 4728 1171 4779 Τί
1196 4721 1287 4780 οὖν
1310 4743 1502 4797 φησιν;
1525 4728 1597 4780 Οὐ
1622 4727 1704 4780 δεῖ
1729 4729 2050 4799 θαυμάζειν,
2068 4732 2149 4784 ὅτι

579 4820 766 4883 κακῶς
804 4820 1108 4890 πάσχομεν,
1141 4822 1259 4874 οὺδέ
1304 4821 1668 4893 θορυϐεῖσθαι·
1712 4822 1807 4876 καὶ
1836 4825 1944 4893 γὰρ
1981 4826 2150 4879 πολλά

578 4912 741 4985 κέρδη
778 4912 1029 4966 ἐντεῦθεν
1057 4916 1435 4985 καρπούμεθα.
1470 4917 1581 4970 Kal
1613 4917 1684 4970 τὰ
1711 4917 1809 4987 μὲν
1842 4916 2150 4988 ἔμπροσθεν

575 5001 748 5069 εἶπεν,
780 5000 910 5069 οἷον,
947 5006 1027 5060 ὅτι
1062 5007 1154 5059 καὶ
1199 5007 1464 5078 νέκρωσιν
1501 5008 1595 5062 τοῦ
1641 5009 1814 5080 Ἰησοῦ
1861 5010 2153 5083 περιφέρο-

583 5116 702 5170 μεν,
734 5101 827 5154 καὶ
858 5102 957 5171 τῆς
986 5100 1269 5172 δυνάμεως
1304 5100 1468 5154 αὐτοῦ
1504 5102 1776 5169 ἀπόδειξιν
1805 5102 2153 5172 παρεχόμεθα

580 5191 862 5261 μεγίστην.
893 5192 1029 5247 Ἵνα
1049 5193 1178 5264 γάρ,
1214 5195 1401 5266 φησὶν,
1425 5195 1463 5263 ἡ
1497 5194 1800 5263 ὑπερϐολὴ
1837 5193 1944 5262 τῆς
1972 5194 2153 5249 δυνά-

574 5296 732 5352 μεως
759 5277 801 5354 ᾖ
820 5283 926 5338 τοῦ
949 5285 1119 5339 Θεοῦ·
1146 5286 1359 5356 καὶτῆς
1381 5286 1730 5349 ἀναστάσεως
1749 5289 2042 5356 τεκμήριον
2065 5287 2152 5338 ἐκ·

579 5375 818 5447 φέρομεν
841 5375 1029 5443 σαφές·
1049 5376 1184 5431 Ἵνα
1212 5377 1339 5447 γὰρ,
1375 5379 1559 5447 φησὶν,
1592 5380 1630 5446 ἡ
1660 5377 1770 5444 ζωὴ
1814 5376 1918 5431 τοῦ
1958 5375 2150 5443 Ἰησοῦ

578 5466 890 5538 φανερωθῇ
913 5467 983 5523 ἐν
1000 5466 1074 5536 τῇ
1094 5466 1281 5535 θνητῇ
1302 5468 1481 5537 σαρκὶ
1495 5467 1682 5537 ἡμῶν.
1703 5467 1917 5538 Ἐπειδὴ
1935 5467 1992 5521 δὲ
2015 5465 2153 5536 μετὰ

578 5561 781 5617 τούτων
806 5554 981 5626 εἶπεν,
1011 5560 1094 5614 ὃτι
1122 5559 1215 5613 καὶ
1242 5560 1270 5613 ό
1297 5559 1406 5614 ἔσω
1425 5562 1457 5629 ἠ
1467 5561 1582 5629 μῶν
1613 5560 1898 5631 ἄνθρωπος
1929 5558 2153 5629 βελτίων

580 5655 786 5722 γίνεται
819 5652 1010 5717 οὕτως.
1047 5655 1118 5709 El
1149 5652 1258 5725 γάρ
1291 5652 1388 5707 καὶ
1423 5656 1455 5706 o'
1492 5652 1605 5716 ἔξω
1641 5652 1809 5722 ἡμῶν
1844 5651 2153 5719 ἅνθρωπος

2248 4088 2667 4159 διαφθείρεται,
2718 4093 2903 4163 φησὶν,
2955 4092 3096 4148 ἀλλ’
3145 4096 3179 4147 ό
3228 4092 3350 4147 ἔσω
3399 4092 3816 4148 ἀνακαινοῦται

2249 4180 2436 4248 ἡμέρᾳ
2461 4181 2559 4235 καί
2588 4181 2798 4251 ἡμέρᾳ·
2823 4183 3036 4248 δεικνὺς
3062 4182 3246 4249 πάλιν,
3275 4183 3356 4237 ὅτι
3376 4183 3615 4253 τοσούτῳ
3636 4186 3816 4255 χρήσι-

2253 4285 2350 4339 μον
2375 4269 2532 4323 τοῦτο
2551 4271 2611 4323 τὸ
2645 4271 2998 4341 μαστίζεσθαι
3025 4273 3119 4326 καὶ
3145 4271 3485 4337 ἐλαύνεσθαι,
3517 4271 3714 4340 ἐπάγει
3735 4272 3814 4324 λέ-

2249 4376 2381 4428 γων,
2415 4362 2497 4415 ὅτι
2518 4364 2645 4415 ὅταν
2676 4363 2979 4435 ὁλοσχερῶς
3004 4364 3164 4418 τοῦτο
3199 4364 3443 4434 γένηται,
3470 4365 3593 4419 τότε
3620 4364 3686 4417 τὰ
3722 4383 3816 4436 μυ-

2251 4453 2342 4525 ρία
2370 4454 2547 4522 ἀγαθά
2577 4454 2974 4527 ἀναϐλαστήσει
2996 4459 3108 4519 τοῖς
3132 4456 3304 4510 ταῦτα
3326 4457 3812 4528 ύπομεμενηκόσιν.

2251 4545 2369 4598 Ἵνα
2393 4546 2501 4617 γὰρ
2533 4546 2606 4617 μὴ
2635 4548 2871 4615 ἀκούων,
2899 4549 2979 4602 δτι
3008 4548 3287 4619 φθείρεται
3316 4550 3344 4602 δ
3369 4547 3657 4619 ἄνθρωπός
3684 4564 3772 4601 σου
3791 4547 3818 4600 ὁ

2248 4636 2375 4701 ἔξω,
2410 4638 2599 4707 ἀλγῇς,
2630 4637 2778 4706 λέγει
2807 4640 2907 4704 ὅτι,
2932 4640 3060 4692 ὅταν
3088 4638 3364 4701 παντελῶς
3390 4637 3550 4691 τοῦτο
3574 4638 3816 4707 γένηται,

2248 4729 2369 4781 τότε
2408 4730 2643 4798 μάλιστα
2678 4732 2915 4804 χαρήσῃ,
2956 4731 3048 4785 καὶ
3080 4731 3232 4802 ἥξεις
3263 4731 3354 4783 ἐπὶ
3378 4724 3623 4801 βελτίονα
3650 4728 3811 4798 λῆξιν.

2254 4822 2415 4873 Ὥστε
2448 4823 2507 4874 οὑ
2541 4823 2702 4890 μόνον
2728 4824 2916 4892 ἀλγεῖν
2949 4824 3008 4876 ού
3039 4823 3136 4885 δεῖ,
3166 4824 3231 4876 ἐκ
3260 4822 3461 4893 μέρους
3485 4819 3650 4875 αὐτοῦ
3675 4821 3815 4888 φθει-

2255 4915 2480 4983 ρομὲνου
2527 4915 2644 4980 νῦν,
2672 4915 2808 4969 ἀλλά
2854 4916 2946 4969 καὶ
2982 4914 3041 4968 τὸ
3074 4914 3194 4970 ὅλον
3235 4913 3335 4984 τῆς
3371 4914 3577 4985 φθορᾶς
3621 4912 3813 4982 calin};

2252 5005 2549 5075 ἐπιζητεῖν·
2572 5007 2711 5078 αὕτη
2741 5009 2848 5079 γάρ
2879 5023 2938 5060 σε
2965 5006 3200 5077 μάλιστα
3225 5010 3304 5071 είς
3338 5006 3649 5077 ἀφθαρσίαν
3679 5005 3810 5072 ἄγει·

2250 5097 2331 5150 διὸ
2361 5099 2452 5151 καὶ
2478 5100 2775 5170 ἐπήγαγεν,
2807 5098 3065 5166 Οἴδαμεν
3095 5100 3204 5169 γὰρ
3224 5098 3332 5164 ὅτι,
3359 5097 3468 5151 ἐὰν
3494 5097 3532 5163 ἠ
3565 5096 3817 5165 ἐπίγειος

2251 5188 2421 5257 ἡμῶν
2439 5191 2596 5243 οῖκία
2624 5189 2730 5243 τοῦ
2757 5189 3029 5256 σκήνους
3053 5188 3382 5256 καταλυθῇ,
3408 5185 3731 5256 οὶκοδομὴν
3751 5185 3818 5238 ἐκ

2255 5281 2405 5335 Θεοῦ
2438 5281 2677 5349 ἔχομεν,
2720 5282 2915 5335 οὶκίαν
2954 5280 3426 5350 ἀχειροποίητον,
3470 5276 3710 5332 αἰώνιον
3750 5275 3819 5328 ἐν

2247 5371 2371 5437 τοῖς
2423 5372 2721 5439 οὐρανοῖς.
2775 5373 2992 5444 Ἐπειδὴ
3018 5372 3127 5443 γὰρ
3163 5372 3254 5425 τὸν
3303 5372 3430 5441 περὶ
3473 5369 3814 5430 ἀναστάσεως

2247 5460 2516 5531 γυμνάζει
2536 5462 2692 5530 λόγον
2722 5463 2904 5529 πάλιν,
2927 5464 3008 5524 είς
3031 5463 3097 5533 ἣν
3123 5461 3359 5533 μάλιστα
3384 5460 3629 5522 ἐνόσουν,
3652 5473 3813 5530 προσ-

2251 5552 2515 5622 λαμϐάνει
2546 5557 2638 5606 καὶ
2666 5555 2764 5625 τὴν
2799 5554 2908 5608 τῶν
2946 5553 3251 5607 ἀκουόντων
3282 5551 3484 5623 κρίσιν,
3522 5550 3618 5605 καὶ
3649 5550 3813 5611 οὕτως

2251 5644 2416 5699 αὐτὸν
2442 5646 2858 5711 κατασκευάζει·
2891 5645 3002 5700 ἀλλ’
3035 5644 3132 5714 οὐχ
3158 5641 3356 5713 ὁμοίως
3384 5642 3461 5705 ώς
3493 5640 3809 5715 ἔμπροσθεν,
