4070 6152
391 276 496 334 465

398 390 619 449 cernitis
651 390 703 445 in
732 386 953 458 hujusce
993 401 1203 458 quoque
1229 385 1354 439 vitae
1389 385 1616 454 negotiis
1645 382 1837 435 bonam
1871 381 1966 433 ltu-

401 484 602 538 minum
644 490 847 550 partem
879 478 930 534 id
980 477 1186 544 facere,
1219 489 1284 531 ac
1333 476 1548 529 brevem
1593 473 1827 527 laborem
1858 473 1968 524 diu-

400 584 572 628 turna
601 572 793 643 quietis
821 585 976 625 causa
1017 569 1329 638 suscipere:
1361 566 1570 639 tametsi
1604 580 1750 636 saepe
1778 575 1960 617 contra

402 679 488 718 res
519 662 726 729 evenit,
756 677 911 732 quam
951 659 1274 729 sperabant?
1304 658 1404 713 llic
1445 659 1586 713 enim
1618 658 1856 711 laborum
1905 671 1968 710 ac

402 769 636 827 quaestus
674 770 820 825 :equa
846 763 928 809 est
972 753 1182 823 portio;
1213 766 1359 822 saepe
1406 751 1566 823 etiam
1610 748 1845 803 inﬁnitus
1886 755 1970 803 est

405 847 553 900 labor
572 886 587 911 ,
615 846 814 898 fructus
839 851 1014 898 autem
1047 843 1224 897 tenuis
1244 883 1257 905 ,
1286 856 1349 896 ac
1391 856 1532 910 saepe
1562 855 1629 895 ne
1657 839 1829 894 tenuis
1853 839 1970 909 qui-

401 936 521 990 dem
566 953 580 987 :
620 944 822 998 atvero,
870 950 989 988 cum
1041 934 1110 989 de
1156 934 1359 990 cazlesti
1408 946 1574 1003 regno
1616 932 1808 1003 agitur,
1841 946 1970 986 con-

410 1027 569 1080 traria
591 1034 672 1080 est
698 1026 833 1079 ratio
860 1044 874 1080 :
904 1040 1124 1094 parvum
1155 1026 1297 1080 enim
1328 1022 1566 1079 laborem
1585 1038 1772 1092 magna
1810 1031 1969 1091 atque

402 1113 604 1169 inﬁnita
629 1114 936 1184 iucunditas
961 1114 1173 1184 excipit.
1203 1114 1477 1182 Perpende
1498 1121 1671 1167 autem
1699 1130 1712 1165 :
1737 1111 1968 1181 agricola

403 1215 569 1259 totum
598 1220 795 1259 annum
824 1205 1051 1271 laborat,
1082 1213 1137 1261 et
1164 1205 1215 1259 in
1246 1204 1369 1270 fine,
1400 1219 1493 1273 spe
1518 1212 1573 1259 et
1600 1204 1969 1258 diuturnorum

403 1296 644 1351 laborum
675 1297 846 1351 fructu
877 1312 1028 1367 saepe
1053 1298 1269 1352 excidit.
1305 1297 1509 1352 Rursus
1536 1297 1683 1351 navis
1708 1298 1973 1367 guberna-

405 1395 490 1441 tor
513 1428 527 1453 ,
564 1395 619 1441 et
647 1388 802 1442 miles
831 1430 845 1453 ,
877 1387 944 1442 ad
971 1400 1259 1444 extremam
1288 1405 1455 1458 usque
1480 1397 1693 1443 :etatem
1728 1390 1778 1442 in
1809 1387 1968 1443 bellis

406 1488 460 1530 et
487 1477 759 1532 laboribus
805 1478 1037 1544 versati,
1068 1493 1211 1548 saepe
1239 1479 1307 1533 ita
1347 1478 1469 1532 hinc
1498 1477 1800 1543 excedunt,
1833 1488 1889 1531 ut
1918 1487 1971 1533 et

408 1568 498 1623 ille
527 1571 780 1624 mercium
811 1586 1026 1625 suarum
1055 1571 1244 1641 opibus
1292 1571 1524 1639 labatur,
1570 1581 1625 1627 et
1670 1572 1758 1627 hic
1808 1574 1970 1627 vitam

409 1675 514 1714 una
536 1674 657 1714 cum
687 1662 903 1716 victoria
933 1662 1160 1717 amittat.
1197 1664 1430 1735 Ecquam
1476 1679 1603 1736 ergo
1628 1706 1642 1730 ,
1691 1674 1741 1721 te
1786 1680 1917 1736 rogo
1952 1704 1970 1731 ,

409 1752 803 1807 excusationem
842 1753 1074 1809 habituri
1101 1769 1287 1833 suptus
1307 1799 1321 1821 ,
1346 1758 1433 1827 qui
1462 1772 1583 1813 cum
1611 1758 1660 1811 in
1689 1759 1848 1814 rebus
1877 1758 1973 1812 ilu-

413 1845 494 1898 xis
520 1859 603 1907 ea,
628 1861 747 1914 quae
773 1862 891 1900 cum
916 1846 1101 1901 labore
1129 1848 1411 1917 conjuncta
1441 1860 1586 1918 sunt,
1615 1852 1969 1921 praeferimus,

414 1948 466 1989 ut
486 1952 544 2004 pa
554 1952 668 1990 rum
685 1938 1141 2006 conquiescamus,
1158 1939 1239 1994 vel
1261 1955 1325 1994 ne
1344 1956 1524 2009 parum
1555 1943 1767 2012 quidem
1790 1943 1969 2012 (dubia

409 2027 602 2095 quippe
626 2028 739 2081 hmc
767 2043 889 2097 spes
927 2030 1067 2101 est);
1099 2030 1150 2084 in
1181 2028 1541 2100 spiritualibus
1565 2035 1834 2090 contrario
1857 2050 1970 2089 om-

408 2116 535 2169 nino
562 2116 722 2170 modo
764 2116 1019 2172 faciamus
1040 2161 1055 2185 ,
1086 2134 1147 2173 ac
1172 2131 1395 2190 propter
1434 2122 1676 2192 exiguam
1708 2125 1968 2194 ignaviam

406 2207 671 2261 cruciatus
708 2208 797 2278 qui
844 2210 1004 2264 nullis
1048 2211 1222 2265 verbis
1250 2212 1502 2282 explicari
1542 2214 1780 2284 possint,
1816 2216 1970 2273 nobis

403 2298 774 2354 attrahamus?
823 2300 1080 2367 Quocirca
1112 2318 1204 2358 vos
1244 2318 1429 2359 omnes
1477 2321 1575 2359 oro
1600 2346 1617 2371 ,
1649 2316 1706 2361 ut
1757 2309 1969 2364 tandem

402 2387 688 2457 aliquando
711 2404 777 2444 ex
802 2390 905 2445 hoc
933 2402 1150 2462 stupore
1184 2407 1279 2447 vos
1318 2394 1465 2463 ipsos
1490 2396 1776 2467 recipiatis.
1803 2398 1973 2455 Nemo

405 2481 544 2534 enim
574 2490 682 2535 tum
710 2482 811 2537 erit
836 2524 850 2547 ,
883 2483 970 2553 qui
1002 2499 1098 2538 nos
1123 2500 1154 2539 e
1182 2486 1355 2555 poenis
1377 2487 1575 2541 eximat
1600 2530 1616 2556 ,
1648 2505 1752 2544 non
1786 2491 1971 2559 frater,

407 2587 512 2625 non
557 2582 747 2642 pater,
775 2589 881 2628 non
934 2576 1103 2640 ﬁlius,
1152 2591 1257 2630 non
1297 2577 1498 2632 amicus
1522 2621 1536 2647 ,
1573 2596 1680 2634 non
1725 2582 1928 2637 vicinus
1953 2622 1968 2648 ,

405 2678 513 2716 non
538 2665 818 2734 quisquam
842 2666 1014 2731 alius;
1042 2667 1135 2722 sed
1157 2710 1171 2733 ,
1203 2668 1250 2723 si
1276 2685 1374 2723 nos
1417 2685 1576 2739 opera
1622 2682 1801 2728 nostra
1844 2691 1972 2743 pro-

405 2753 675 2821 diderint,
705 2756 882 2809 omnia
914 2773 1124 2826 pessum
1157 2758 1345 2825 ibunt,
1373 2776 1435 2815 ac
1464 2777 1679 2830 prorsus
1718 2763 1785 2818 de
1816 2766 1970 2821 nobis

405 2854 582 2901 actum
611 2848 732 2902 erit.
767 2847 1004 2916 Quantos
1024 2849 1171 2905 dives
1198 2851 1288 2906 ille
1316 2853 1485 2908 luctus
1511 2856 1723 2922 emisit,
1755 2859 1971 2927 quantis

409 2938 655 3006 precibus
693 2954 722 2993 a
762 2939 1059 3007 patriarcha
1088 2942 1397 3008 contendit,
1430 2955 1487 2998 ut
1529 2944 1788 3002 Lazarum
1816 2949 1881 3004 ad
1911 2967 1972 3006 se

409 3029 684 3083 mitteret?
728 3028 920 3084 Verum
967 3031 1087 3085 audi
1131 3034 1255 3102 quid
1303 3035 1543 3107 responsi
1572 3037 1639 3091 ab
1669 3039 1975 3097 Abrahamo

410 3118 626 3175 tulerit:
658 3118 822 3175 Chaos
851 3138 1090 3192 magnum
1120 3124 1248 3177 inter
1274 3141 1358 3180 vos
1404 3137 1448 3180 et
1475 3144 1565 3181 nos
1594 3144 1614 3182 :
1638 3131 1709 3183 ita
1738 3140 1794 3184 ut
1833 3149 1895 3187 ne
1935 3135 1973 3188 ii

406 3212 641 3280 quidem,
694 3213 779 3282 qui
830 3214 1005 3267 uolunt
1055 3214 1174 3268 illuc
1214 3218 1464 3285 transire,
1494 3219 1548 3272 id
1584 3223 1776 3291 possint
1822 3223 1971 3295 (Luc.

408 3299 496 3353 16.
523 3299 640 3369 26).
669 3299 835 3367 Quam
880 3303 1089 3357 obnixis
1140 3305 1383 3373 precibus
1429 3310 1659 3380 virgines
1699 3314 1801 3368 illa:
1850 3331 1970 3370 eum

408 3389 704 3458 aequalibus
730 3392 839 3445 suis
866 3403 1123 3462 egerunt,
1157 3404 1213 3449 ut
1254 3412 1441 3467 parum
1480 3400 1584 3456 olei
1626 3404 1976 3474 acciperent?

415 3479 615 3532 Verum
654 3480 772 3534 audi
811 3483 933 3551 quid
965 3484 1092 3553 ipsa:
1122 3500 1333 3558 quoque
1355 3488 1568 3545 dicant:
1600 3492 1682 3546 Ne
1707 3499 1838 3564 forte
1875 3514 1976 3552 non

414 3569 625 3638 sufﬁciat
647 3571 784 3624 nobis
811 3582 855 3625 et
880 3574 1014 3628 vobis
1035 3576 1249 3644 (Matth.
1275 3579 1363 3635 25.
1385 3581 1438 3652 9)
1463 3599 1478 3646 ;
1508 3599 1604 3638 nec
1631 3587 1803 3654 potuit
1831 3590 1977 3657 quis-

414 3675 572 3728 quam
601 3675 692 3716 eas
716 3662 767 3716 in
797 3662 1081 3721 thalamum
1110 3669 1467 3727 introducere.
1501 3673 1625 3729 llaec
1656 3677 1832 3747 itaque
1858 3679 1977 3733 ani-

412 3755 515 3808 mis
547 3755 744 3810 nostris
773 3768 1077 3827 repntantes
1100 3803 1114 3825 ,
1148 3778 1243 3816 nos
1273 3778 1483 3834 quoque
1512 3767 1635 3823 vitae
1664 3782 1859 3825 nostrre
1884 3786 1976 3827 cu-

409 3860 521 3899 ram
544 3848 943 3915 geramus.Nam
965 3851 1226 3921 quoslibet
1246 3852 1454 3909 labores
1470 3855 1689 3924 dixeris,
1712 3861 1979 3931 quoslibet

410 3939 676 3993 cruciatus
698 3940 1005 3997 admoveris
1029 3983 1044 4008 ,
1072 3945 1204 3998 nihil
1232 3945 1347 4002 hate
1372 3950 1549 4004 omnia
1575 3960 1760 4018 erunt,
1787 3954 1830 4007 si
1856 3970 1977 4010 cum

413 4026 603 4083 futuris
630 4029 782 4085 bonis
809 4033 1170 4090 conferantur.
1206 4036 1351 4093 Pone
1398 4041 1539 4095 enim
1562 4083 1577 4106 ,
1604 4044 1646 4095 si
1680 4045 1748 4098 ita
1788 4045 1929 4101 lubet
1959 4088 1974 4114 ,

413 4117 585 4187 ignem
612 4127 666 4175 et
690 4120 885 4177 ferrum
916 4132 971 4179 et
997 4124 1223 4192 belluas,
1247 4142 1309 4182 ac
1347 4129 1392 4183 si
1439 4132 1565 4201 quid
1610 4132 1694 4188 his
1731 4137 1977 4192 acerbius

414 4218 527 4275 est;
552 4210 667 4268 haec
694 4224 868 4271 tamen
891 4231 998 4286 pra:
1027 4222 1303 4276 tormentis
1325 4221 1431 4278 illis
1453 4238 1522 4279 ne
1544 4204 1743 4282 umbrae
1763 4231 1974 4298 quidem

413 4348 710 4361 —.—-—————.

1438 268 1501 324 ΙΝ
1541 265 1751 322 EPIST.
1791 263 1843 319 Π
1898 264 1987 318 ΑΙ)
2026 264 2179 344 COR‘.
2223 262 2429 317 llOMlL
2492 263 2559 318 X.

3548 271 3651 327 666

2076 390 2222 435 sunt.
2270 381 2397 436 Haec
2438 381 2670 451 quippe,
2711 395 2832 435 cum
2879 380 3252 438 vehementius
3282 381 3602 440 adhibentur
3629 427 3648 453 ,

2077 481 2186 527 tum
2216 472 2550 543 potissimum
2583 473 2717 527 levia
2762 472 3096 541 efﬁciuntur,
3145 474 3285 544 quod
3334 475 3440 530 cito
3469 484 3649 531 trans-

2074 575 2237 631 eant,
2295 564 2437 634 quod
2485 579 2680 635 corpus
2731 563 2963 620 ferendae
3012 565 3219 621 doloris
3267 566 3542 623 acerbitati
3586 583 3653 624 ac

2074 654 2405 709 diuturnitati
2438 655 2655 709 minime
2698 670 2793 724 par
2828 657 2919 710 sit.
2954 658 3152 711 Atvero
3204 656 3312 711 illic
3361 672 3515 713 secus
3561 674 3650 715 res

2075 745 2236 798 habet
2265 762 2277 798 :
2308 760 2430 799 nam
2478 755 2532 800 et
2577 746 2936 815 longinquitas
2963 756 3017 800 et
3045 746 3374 802 incredibilis
3405 749 3646 816 quadam

2077 840 2386 911 magnitudo
2417 840 2573 895 simul
2601 848 2927 894 concurrunt
2947 881 2964 906 ,
2993 848 3099 894 tam
3125 841 3180 894 in
3207 841 3367 895 rebus
3401 842 3649 910 jucundis

2077 946 2232 999 quam
2278 930 2329 984 in
2380 932 2608 986 acerbis.
2661 930 2890 987 Proinde
2915 971 2930 996 ,
2970 931 3223 1000 quamdiu
3261 939 3471 1002 tempus
3517 942 3598 988 est
3629 974 3647 998 ,

2078 1037 2511 1092 praeoccupemus
2532 1021 2721 1077 faciem
2749 1022 2957 1076 Domini
2981 1023 3032 1076 in
3056 1022 3395 1077 confessione
3412 1063 3427 1089 ,
3452 1031 3509 1078 ut
3538 1032 3648 1077 tum

2077 1128 2198 1168 eum
2226 1128 2440 1168 suavem
2468 1128 2531 1168 ac
2561 1112 2824 1183 placidum
2851 1127 3159 1177 cernamus,
3184 1126 3247 1166 ac
3273 1114 3505 1169 minaces
3530 1113 3651 1167 illas

2080 1213 2371 1272 potestates
2395 1203 2728 1275 ellugiamus.
2759 1205 2950 1258 Annon
2982 1203 3080 1256 hos
3108 1202 3325 1257 lictores
3361 1203 3645 1272 conspicis,

2078 1297 2169 1369 qui
2214 1297 2476 1367 praefectis
2508 1296 2875 1352 adrnioistram
2902 1310 3121 1366 operam
3153 1303 3389 1361 navant,
3420 1312 3651 1366 quomo-

2078 1388 2149 1444 do
2202 1389 2458 1456 trahant,
2506 1387 2777 1458 quomodo
2825 1386 3100 1454 vinciant,
3149 1386 3419 1457 quomodo
3470 1386 3650 1456 ﬂagris

2078 1482 2349 1547 afﬁciant,
2373 1479 2641 1550 quomodo
2672 1480 2835 1534 latera
2859 1478 3194 1549 perfodiant,
3220 1477 3486 1548 quomodo
3507 1476 3652 1533 faces

2078 1574 2131 1629 iu
2178 1574 2454 1628 tormentis
2513 1572 2831 1627 admoveant
2860 1611 2876 1632 ,
2913 1570 3182 1640 quomodo
3220 1571 3444 1626 secent?
3492 1570 3651 1640 Atqui

2081 1664 2195 1719 hare
2224 1672 2411 1719 cuncta
2442 1679 2622 1718 merus
2653 1663 2807 1718 ludus
2832 1677 2897 1717 ac
2925 1663 3066 1719 risus
3107 1671 3233 1717 sunt
3255 1703 3271 1728 ,
3303 1664 3347 1717 si
3392 1677 3511 1717 cum
3545 1662 3652 1717 illis

2080 1754 2355 1824 suppliciis
2382 1762 2780 1824 comparentur.
2831 1753 3044 1808 Etenim
3071 1751 3190 1807 haec
3215 1762 3479 1808 tormenta
3508 1763 3647 1806 tem-

2080 1849 2289 1917 poraria
2332 1855 2495 1912 sunt;
2527 1847 2633 1901 illic
2661 1856 2839 1900 autem
2878 1860 2978 1901 nec
3016 1845 3215 1900 vermis
3253 1846 3475 1899 moritur
3501 1886 3518 1911 ,
3551 1860 3650 1898 nec

2080 1939 2216 2006 ignis
2261 1936 2614 2006 exstinguitur
2647 1953 2660 1988 :
2694 1950 2891 2005 corpus
2919 1936 3116 2005 quippe
3163 1943 3288 1991 tunc
3333 1935 3652 2004 incorrupti-

2078 2028 2186 2084 bile
2211 2029 2333 2082 erit.
2365 2027 2520 2082 Faxit
2546 2034 2725 2083 autem
2754 2029 2914 2091 Deus,
2940 2044 3007 2082 ne
3036 2027 3151 2082 haec
3177 2028 3541 2098 experimento
3569 2026 3651 2080 di-

2078 2134 2320 2185 scamus,
2354 2120 2446 2173 sed
2477 2120 2613 2172 intra
2638 2119 2800 2174 verba
2831 2118 2882 2173 hi
2926 2126 3158 2173 terrores
3201 2118 3519 2181 consistant,
3551 2131 3675 2169 necs

2079 2213 2419 2270 Carniﬁcibns
2463 2212 2568 2266 illis
2600 2212 2871 2266 tradamur
2892 2252 2908 2277 ,
2937 2226 3120 2265 verum
3155 2211 3240 2265 hic
3283 2212 3456 2279 potius
3491 2212 3650 2265 casti-

2077 2322 2282 2379 gemur.
2317 2305 2584 2374 Quantum
2611 2306 2896 2360 verborum
2938 2314 3047 2358 tum
3099 2303 3479 2373 prol'undemus
3503 2343 3518 2366 ,
3549 2317 3648 2356 nos

2079 2401 2222 2470 ipsos
2274 2400 2626 2453 accusantes!
2681 2411 2813 2467 quos
2866 2396 3097 2468 gemitus
3130 2435 3146 2462 ,
3199 2409 3334 2465 quos
3384 2395 3646 2466 singultus

2079 2478 2336 2547 edemus!
2365 2489 2470 2546 Sed
2507 2498 2633 2544 tunc
2658 2489 2790 2543 nihil
2822 2487 2947 2543 inde
2980 2487 3185 2543 fructus
3209 2501 3601 2556 consequemur
3627 2502 3644 2551 ;

2078 2581 2508 2652 quandoquidem
2533 2595 2583 2636 et
2607 2590 2780 2636 nautae
2805 2579 2971 2635 fracta
2994 2594 3058 2634 ac
3075 2580 3325 2649 depressa
3354 2594 3486 2634 nave
3514 2579 3648 2634 nihil

2079 2675 2331 2746 prodesse
2345 2683 2588 2745 possunt,
2608 2689 2706 2729 nec
2724 2673 2915 2728 medici
2937 2673 3199 2727 exstincto
3214 2680 3439 2742 aegroto;
3463 2688 3648 2728 verum

2078 2782 2222 2838 saepe
2241 2767 2451 2838 quidem
2475 2767 2674 2832 dicent,
2689 2764 2829 2834 quod
2850 2758 2953 2817 hoc'
2962 2772 3119 2832 atque
3149 2762 3276 2816 illud
3296 2762 3467 2818 facere
3490 2778 3651 2837 opera

2081 2860 2255 2923 tebat;
2285 2858 2377 2912 sed
2417 2840 2610 2910 frustra
2653 2854 2829 2909 omnia
2874 2862 3035 2923 atque
3082 2853 3343 2907 incassum
3386 2852 3649 2911 dicentur.

2078 2949 2340 3017 Quamdiu
2367 2949 2507 3003 enim
2541 2961 2633 3016 per
2661 2946 2780 3000 vita:
2801 2958 2864 2999 ac
2884 2959 3090 2998 morum
3117 2942 3543 2998 emendationem
3572 2960 3651 2998 sa-

2078 3042 2204 3097 lutis
2241 3056 2364 3111 spes
2393 3040 2567 3095 adhuc
2592 3046 2837 3103 maneat,
2865 3035 2995 3091 nihil
3024 3049 3128 3090 non
3163 3034 3341 3090 dicere
3369 3049 3433 3089 ac
3477 3034 3651 3090 facere

2080 3149 2213 3204 opus
2227 3142 2310 3188 est
2331 3150 2344 3186 :
2373 3147 2493 3187 cum
2514 3138 2690 3186 autem
2711 3128 2852 3183 nulla
2867 3128 2976 3197 jam
3005 3141 3091 3181 res
3116 3124 3318 3180 arbitrii
3343 3126 3506 3179 nostri
3528 3126 3648 3191 erit,

2081 3242 2140 3282 re
2170 3233 2275 3280 tota
2317 3223 2518 3294 perdita
2556 3231 2610 3277 et
2658 3229 2937 3289 corrupta,
2970 3228 3078 3273 tum
3110 3217 3302 3273 frustra
3329 3228 3383 3273 et
3405 3218 3650 3272 dicentur

2081 3318 2258 3372 omnia
2287 3324 2341 3371 et
2370 3314 2515 3369 ﬁent.
2544 3311 2675 3366 Nam
2704 3321 2758 3365 et
2785 3310 2957 3365 Judazi
2991 3318 3102 3363 tum
3133 3308 3328 3363 dicturi
3360 3317 3521 3374 sunt,
3550 3308 3651 3364 Be-

2082 3408 2307 3461 nedictus
2335 3406 2422 3474 qui
2446 3404 2575 3457 venit
2621 3404 2675 3457 in
2720 3401 2920 3454 nomine
2950 3398 3157 3453 Domini
3192 3398 3364 3465 (J0me
3394 3399 3480 3453 12.
3516 3400 3603 3468 15)
3634 3418 3649 3454 :

2082 3507 2137 3552 at
2175 3497 2377 3551 nullum
2411 3494 2569 3563 hujus
2596 3493 2745 3547 vocis
2800 3490 3026 3545 fructum
3068 3504 3260 3559 capere
3288 3500 3569 3558 poterunt,
3595 3498 3655 3545 ut

2089 3604 2300 3661 pinnam
2330 3586 2582 3657 eil'ugiant
2609 3603 2624 3640 :
2655 3600 2774 3638 eum
2830 3584 2977 3637 enim
3027 3582 3132 3638 hoc
3174 3581 3455 3637 dicendum
3498 3591 3650 3648 erat,

2083 3697 2188 3737 non
2227 3679 2498 3735 dixerunt.
2550 3676 2629 3732 Ne
2671 3690 2801 3745 ergo
2851 3674 2954 3730 hoc
2995 3689 3209 3745 quoque
3255 3673 3410 3728 nobis
3447 3674 3501 3728 in
3547 3674 3654 3730 vita

2084 3771 2292 3827 accidat
2312 3811 2326 3833 ,
2356 3769 2445 3823 hic
2468 3768 2578 3838 jam
2611 3768 2773 3821 vitam
2819 3766 2873 3821 in
2917 3765 3109 3820 melius
3136 3772 3525 3819 commutemus
3549 3806 3565 3832 ,
3598 3773 3656 3819 ut

2084 3866 2149 3922 ad
2176 3863 2374 3921 Christi
2398 3861 2626 3919 tribunal
2648 3876 2769 3916 cum
2792 3859 2937 3916 omni
2963 3859 3152 3915 ﬁducia
3177 3861 3469 3915 sistamur:
3497 3875 3656 3930 quam

2085 3958 2285 4013 utinam
2314 3969 2504 4011 omnes
2539 3966 2933 4021 consequamur
2958 3967 3055 4022 per
3079 3952 3305 4022 gratiam
3334 3960 3388 4007 et
3417 3951 3658 4020 benigni-

2087 4060 2248 4106 tatem
2276 4048 2484 4104 Domini
2510 4046 2679 4102 nostri
2708 4045 2833 4101 Jesu
2876 4045 3073 4100 Christi
3092 4085 3107 4111 ,
3142 4060 3262 4100 cum
3303 4058 3410 4116 quo
3434 4044 3574 4100 Patri
3602 4053 3658 4099 et

2083 4141 2304 4212 Spiritui
2332 4146 2519 4197 sancto
2544 4137 2712 4210 gloria
2739 4177 2754 4203 ,
2786 4148 2892 4191 etc.

1285 4354 3657 4381 W

1828 4439 2168 4502 HOMILIA
2210 4438 2297 4500 X.

414 4571 544 4626 Car.
660 4588 713 4632 ν,
738 4573 791 4629 l.
821 4573 1020 4629 Scimus
1046 4573 1177 4627 enim
1201 4570 1437 4641 quoniam
1460 4572 1504 4629 si
1533 4576 1777 4630 terrestris
1801 4578 1981 4633 damus

485 4672 658 4717 nostra
700 4664 851 4734 Itujtts
890 4661 1199 4718 tabernaculi
1237 4663 1574 4731 dissolvatur,
1602 4666 1986 4734 ludiﬁcationem

485 4770 550 4809 ea:
570 4753 678 4809 Deo
707 4755 960 4822 habemus,
989 4756 1192 4809 domum
1218 4770 1317 4809 non
1343 4753 1685 4826 manufestum
1706 4800 1720 4825 ,
1745 4768 1986 4814 retentam

487 4845 540 4899 in
569 4847 728 4900 cwlis.

500 4939 552 4993 1.
587 4938 792 4993 Rursus
825 4953 1009 4994 eorum
1049 4938 1374 4993 alacritatem
1400 4940 1630 5005 excitat,
1657 4941 1777 5010 quia
1807 4941 1989 4995 multre

425 5031 556 5102 ipsis
595 5032 912 5086 tentationes
951 5030 1333 5086 inferebantur.
1365 5029 1661 5085 Verisimile
1698 5032 1840 5085 enim
1871 5040 1989 5086 erat

416 5136 607 5176 eorum
634 5121 843 5177 animos
870 5121 940 5177 ob
967 5122 1129 5189 ipsius
1156 5120 1446 5175 absentiam
1477 5119 1776 5175 debilitatos
1803 5121 1984 5176 fuisse.

415 5211 555 5279 Quid
588 5212 747 5282 igitur
769 5213 880 5266 ait?
907 5211 1045 5267 Nihil
1076 5221 1156 5266 est
1182 5212 1320 5281 quod
1346 5212 1602 5267 miremur
1625 5226 1687 5266 ac
1711 5213 1989 5281 perturbe-

416 5318 538 5357 mur
581 5302 651 5357 ob
693 5302 1023 5357 calamitates
1069 5316 1182 5367 eas,
1230 5302 1422 5370 quibus
1463 5301 1726 5356 afﬁcimur
1767 5319 1781 5355 :
1824 5304 1986 5358 multa

418 5393 563 5446 enim
591 5393 870 5447 commoda
903 5392 1024 5447 hinc
1064 5391 1399 5460 percipimus.
1443 5391 1678 5460 Quorum
1728 5392 1830 5446 alia
1876 5394 1991 5462 qui-

419 5485 544 5540 dem
574 5485 722 5554 prius
751 5484 915 5547 dixit,
943 5492 1002 5538 ut
1020 5523 1034 5545 .
1065 5481 1205 5552 quod
1246 5481 1702 5537 mortiﬁcationem
1726 5482 1853 5538 .lesu
1882 5483 1990 5538 cir-

416 5574 781 5631 cumferamus
804 5614 820 5639 ,
849 5589 912 5629 ac
940 5572 1187 5642 potentia:
1215 5571 1381 5640 ipsius
1410 5571 1675 5640 specimen
1704 5574 1991 5628 maximum

421 5666 804 5733 exhibeatnus;
843 5665 910 5720 Ut
946 5665 1099 5732 enim,
1146 5663 1330 5737 inquit,
1362 5664 1641 5721 sublimitas
1682 5667 1879 5721 uirtutis
1926 5666 1992 5722 sit

2094 4580 2221 4645 Dei;
2251 4587 2305 4634 et
2340 4577 2673 4650 perspicuum
2718 4572 3126 4630 resurrectionis
3150 4578 3518 4638 argumentum
3552 4570 3665 4626 edi-

2093 4683 2243 4735 mus;
2270 4678 2326 4724 ut
2351 4684 2417 4722 ex
2444 4666 2528 4722 his
2553 4665 2730 4720 verbis
2760 4672 2921 4733 patet,
2957 4659 3025 4717 Ut
3054 4661 3151 4715 cita
3168 4658 3296 4714 Iesu
3322 4661 3665 4730 manifestam

2091 4760 2143 4814 in
2169 4776 2319 4814 carne
2344 4769 2516 4813 nostra
2542 4757 2764 4811 mortali.
2790 4753 3145 4822 Posteaquam
3175 4760 3351 4806 autem
3376 4751 3503 4806 illud
3526 4769 3666 4822 pra:-

2095 4862 2237 4908 terea
2281 4851 2453 4918 dixit,
2500 4848 2807 4905 interiorem
2853 4861 3063 4916 quoque
3102 4852 3340 4900 nostrum
3390 4843 3659 4899 hominem

2092 4941 2194 4997 hoc
2241 4952 2394 5012 pacto
2435 4940 2711 4995 meliorem
2742 4936 2854 4991 ﬁeri
2879 4952 2894 5000 ;
2921 4934 3033 4989 Etsi
3060 4934 3201 4990 enim
3223 4975 3238 4998 ,
3278 4934 3479 5002 inquit,
3507 4937 3551 4988 is
3582 4933 3665 5002 qui

2097 5035 2220 5106 foris
2261 5044 2334 5088 est
2360 5041 2524 5087 noster
2550 5032 2698 5084 homo
2725 5029 3081 5096 corrumpitur,
3120 5028 3163 5080 is
3200 5037 3363 5083 tamen
3399 5025 3489 5096 qui
3531 5025 3665 5079 intus

2096 5134 2168 5181 est
2186 5132 2456 5178 renovatur
2480 5121 2541 5175 de
2569 5120 2649 5174 die
2672 5120 2724 5172 in
2754 5120 2921 5183 diem;
2950 5117 3238 5173 ostendens
3267 5130 3475 5170 rursum
3501 5129 3661 5184 quan-

2096 5226 2207 5271 tum
2237 5213 2476 5269 utilitatis
2503 5211 2691 5266 afferat
2713 5211 2962 5280 vapulare
2988 5225 3053 5263 ac
3076 5206 3314 5263 divexari
3333 5248 3349 5275 ,
3377 5207 3506 5263 illud
3538 5207 3662 5262 sub-

2090 5305 2282 5377 jungit,
2330 5302 2471 5374 quod
2519 5317 2643 5357 cum
2670 5301 2826 5371 plene
2862 5310 3020 5370 atque
3063 5300 3268 5369 integre
3307 5298 3409 5354 hoc
3438 5301 3515 5363 ﬁt,
3551 5310 3660 5352 tum

2095 5394 2372 5450 innumera
2399 5393 2538 5448 bona
2580 5392 2665 5455 iis,
2696 5391 2787 5463 qui
2818 5389 2933 5446 haac
2961 5388 3297 5445 incommoda
3328 5387 3659 5458 pertulerint,

2096 5483 2219 5541 hinc
2249 5483 2603 5555 pullulabunt.
2641 5482 2849 5538 Etenim
2885 5496 2955 5537 ne
2980 5490 3257 5537 externum
3299 5490 3447 5535 tuum
3488 5475 3658 5531 homi-

2099 5592 2221 5633 nem
2249 5575 2518 5643 corrumpi
2542 5574 2764 5631 audiens
2785 5575 2965 5629 animo
2990 5573 3349 5634 discrueieris,
3380 5572 3481 5623 hoc
3513 5578 3660 5618 asse-

2095 5672 2166 5728 rit
2230 5665 2367 5732 quod
2412 5680 2532 5721 cutn
2581 5664 2718 5721 istud
2758 5667 2915 5733 plene
2957 5675 3112 5734 atque
3140 5663 3356 5720 omnino
3395 5654 3664 5719 acciderit,
