4070 6152
434 292 534 348 46⁸7
1146 285 1204 341 S.
1243 285 1520 342 JOANNIS
1558 277 2028 336 CHRYSOS'I‘OMI
2072 271 2388 330 ARCllliil‘.
2426 265 2962 324 CONSTANTINOP.

440 418 551 459 tum
601 404 830 460 maxime
867 401 1124 473 gaudebis
1174 409 1332 470 atque
1381 397 1446 451 ad
1497 395 1772 450 meliorem
1819 399 2020 445 sortem

441 498 642 551 venies.
689 496 868 564 Itaque
915 507 1020 546 non
1065 489 1223 545 modo
1266 503 1371 541 non
1412 495 1491 539 est
1533 482 1842 548 dolendum,
1891 494 2013 534 cum

444 589 535 642 ille
559 587 734 656 aliqua
759 600 824 639 ex
855 592 1002 654 parte
1030 597 1168 636 nunc
1193 579 1588 647 corrumpitur;
1619 590 1807 630 verum
1832 574 2018 638 etiam,

3603 268 3713 326 {C8

2129 386 2222 441 sed
2247 400 2366 440 cum
2391 382 2579 438 eodem
2605 379 2987 450 incorruptibili
3009 376 3218 433 etl‘ecto.
3252 377 3478 446 Quidam
3501 380 3710 442 dicunt.

2127 478 2178 533 id
2209 475 2349 547 quod
2378 473 2664 528 admodum
2697 474 2865 542 probo
2893 489 2908 524 :
2939 470 3000 526 Si
3025 471 3228 540 quidem
3249 472 3433 535 vestiti,
3465 490 3568 526 non
3588 475 3717 526 nudi

2123 565 2456 620 inveniamur.
2489 563 2564 618 Ne
2593 563 2734 616 cnim
2765 574 2955 616 omnes
2980 560 3050 614 ob
3080 562 3534 616 resurrectionem
3577 580 3711 617 con-

445 689 503 733 ut
530 654 672 731 omni
700 692 767 731 ex
793 684 940 746 parte
963 683 1355 744 corrumpatur,
1379 668 1736 740 expetendum
1762 675 1882 722 est:
1909 664 2023 717 Iure
2127 658 2314 724 fidam,
2345 657 2440 720 ait,
2473 656 2532 712 Si
2562 666 2726 708 tamen
2753 654 2916 709 vestiti
2940 669 2957 708 :
2979 654 3082 707 hoc
3107 661 3211 718 est,
3242 655 3716 724 incorruptibilita-

445 769 587 824 enim
609 767 881 835 corruptio
906 765 973 820 ad
1005 764 1462 833 incorruptionem
1491 760 1721 814 maxime
1752 766 1804 812 te
1831 755 1978 811 ducit
2007 771 2021 807 :
2129 757 2235 803 tem
2262 757 2423 818 atque
2453 747 2754 802 immortale
2781 759 2977 815 corpus
3003 747 3352 816 consequuti;
3387 763 3448 799 ac
3469 765 3572 801 non
3592 749 3718 802 nudi

443 878 510 916 ac
549 859 776 932 proinde
804 859 918 912 htec
940 871 1154 928 quoque
1182 854 1455 924 subjungit
1475 895 1489 919 ,
1521 853 1723 906 Scimus
1751 848 1884 902 enim
1907 846 2028 914 quia
2126 840 2462 903 inveniamur,
2491 839 2658 909 gloria
2687 854 2750 893 ac
2775 839 3082 893 securitate.
3111 837 3164 892 ld
3189 837 3330 908 quod
3362 838 3413 892 in
3441 841 3720 908 superiore

446 953 491 1006 si
518 929 769 1004 terrestris
795 947 977 1001 domus
997 955 1170 1001 nostra
1194 945 1348 1013 hujus
1369 941 1681 998 tabernaculi
1701 939 2026 1001 dissolvatur,
2130 946 2342 1001 quoque
2369 931 2435 986 ad
2463 931 2772 986 Corinthios
2793 931 3019 1002 epistola
3041 930 3270 996 dicebat,
3308 929 3494 987 Omnes
3516 933 3718 1000 quidem

448 1039 835 1108 cdiﬁcationem
860 1052 922 1090 ea:
949 1035 1055 1090 Deo
1091 1034 1351 1098 habemus,
1377 1027 2030 1097 nonmanufactam,aeter—
2132 1038 2468 1093 resurgemus,
2499 1032 2546 1077 et
2571 1024 2624 1076 in
2654 1039 2746 1077 suo
2775 1023 2984 1092 quisque
3008 1023 3185 1076 ordine
3211 1024 3285 1095 (1.
3321 1022 3440 1078 Cor.
3478 1025 3562 1081 15.
3601 1024 3717 1095 2⁸5);

451 1147 571 1184 nam
596 1130 649 1184 in
676 1128 836 1182 cwlis.
859 1126 993 1193 Quia
1022 1125 1164 1181 enim
1193 1117 1599 1180 resurrectionis
1621 1125 1916 1175 doctrinam
1935 1157 1952 1183 ,
1977 1116 2033 1170 in

452 1238 557 1293 qua
585 1221 918 1291 potissimum
945 1217 1274 1288 :egrotabant
1295 1259 1310 1283 ,
1343 1229 1528 1270 rursus
1553 1213 1921 1284 prosequitur,
1953 1208 2034 1263 id-

453 1313 600 1368 circo
624 1311 926 1366 auditorum
948 1308 1209 1380 judicium
1233 1307 1392 1363 etiam
1415 1306 1660 1370 assumit,
1684 1315 1910 1372 eamque
1932 1299 2037 1355 hoc

457 1413 618 1476 pacto
643 1403 912 1468 adstruit;
945 1418 1050 1456 non
1071 1411 1250 1456 tamen
1277 1397 1499 1470 perinde
1519 1406 1578 1452 ut
1603 1405 1746 1459 ante,
1775 1393 1868 1448 sed
1895 1393 2040 1448 velut

459 1513 529 1552 ex
572 1496 744 1550 altera
787 1493 1072 1549 occasione
1111 1493 1165 1547 in
1208 1505 1332 1547 eum
1379 1501 1681 1544 sermonem
1727 1486 2037 1556 ingressus:

458 1588 568 1655 jam
599 1585 739 1640 enim
761 1598 948 1640 eorum
975 1596 1214 1638 errorem
1237 1586 1583 1644 correxerat;
1613 1578 1811 1646 aitque,
1841 1574 2044 1630 Scimus

465 1679 602 1750 quod
635 1677 677 1732 si
714 1677 964 1731 terrestris
1002 1676 1182 1728 domus
1211 1683 1386 1727 nostra
1411 1671 1565 1741 hujus
1595 1669 1905 1724 tabernaculi
1937 1668 2044 1721 dis~

465 1768 711 1832 solvatur,
744 1765 1135 1835 adﬂictationem
1172 1779 1236 1818 ea;
1275 1761 1383 1816 Deo
1425 1760 1686 1824 habemus,
1714 1762 1917 1813 domum
1947 1773 2048 1810 non

467 1860 830 1930 suanufactam,
844 1865 1096 1913 internum
1107 1855 1161 1909 in
1175 1854 1332 1910 etatis.
1360 1853 1496 1908 Sunt
1513 1851 1604 1923 qui
1627 1867 1720 1921 per
1741 1859 2049 1906 terrestresut

467 1951 686 2006 domum
715 1947 969 2004 mundum
1001 1946 1141 2001 hunc
1166 1945 1462 2015 intelligant
1491 1961 1505 1997 :
1534 1959 1632 2014 ego
1663 1957 1791 1997 vero
1822 1940 1904 1995 bis
1933 1956 2053 1994 ver-

472 2042 555 2097 bis
579 2055 773 2111 corpus
801 2039 977 2110 potius
1004 2037 1331 2094 subindicari
1358 2035 1749 2092 contenderim.
1777 2035 1949 2103 Atque
1971 2031 2056 2086 hic

454 2133 634 2188 .velim
662 2129 994 2196 consideres,
1025 2128 1295 2200 quomodo
1327 2142 1420 2197 per
1451 2127 1664 2181 nomina
1711 2125 1824 2193 ipsa
1871 2134 2056 2177 osten-

475 2228 588 2292 dat,
630 2233 886 2295 quantum
932 2221 1107 2277 futura
1151 2220 1502 2291 prazseutibus
1540 2218 1880 2274 antecellunt.
1927 2215 2058 2270 Nam

478 2334 601 2373 cum
635 2324 943 2372 terrestrem
985 2313 1248 2378 dixisset,
1292 2312 1565 2367 caelestem
1605 2309 1889 2380 opposuit;
1937 2321 2060 2362 cum

480 2405 814 2463 tabernaculi
842 2404 1080 2467 domum,
1123 2416 1232 2472 quo
1274 2401 1440 2456 verbo
1485 2399 1681 2454 ﬂuxam
1725 2407 1780 2454 et
1819 2397 2062 2467 fragilem

485 2497 652 2568 ipsius
673 2504 916 2550 naturam
942 2492 1196 2557 declarat,
1224 2503 1478 2546 aeternam
1505 2489 1734 2559 objecit:
1763 2487 1962 2544 etenim
1989 2495 2067 2541 ta-

487 2587 761 2645 bernaculi
803 2599 996 2640 nomen
1034 2584 1353 2654 plerumque
1393 2580 1772 2652 temporarium
1814 2578 2066 2648 quiddam

489 2680 687 2735 indicat
709 2697 723 2732 :
745 2692 809 2732 ac
833 2675 1057 2747 proinde
1080 2675 1258 2730 aiebat
1293 2673 1537 2728 Christus
1555 2713 1570 2738 ,
1608 2669 1676 2724 In
1704 2674 1854 2724 domo
1899 2668 2070 2724 Patris

491 2773 589 2826 mei
609 2773 893 2824 mansiones
914 2770 1089 2824 multa
1107 2776 1224 2823 sunt
1251 2765 1430 2837 (Joan.
1461 2767 1549 2820 14.
1576 2763 1654 2834 2).
1679 2764 1830 2830 Quod
1860 2763 1904 2818 si
1927 2763 2073 2818 Seri-

493 2873 647 2935 ptura
673 2862 904 2934 quietem
931 2872 1240 2917 sanctorum
1272 2857 1596 2914 tabernaculi
1627 2857 1842 2912 nomine
1867 2857 2070 2926 uspiam

494 2956 746 3026 appellat,
775 2970 884 3009 non
922 2952 1235 3022 simpliciter
1260 2949 1392 3005 dicit
1422 2949 1762 3004 tabernacula
1783 2989 1798 3012 ,
1831 2946 1923 3002 sed
1951 2962 2074 3002 cum

497 3046 682 3102 addito
707 3063 724 3101 :
753 3059 860 3100 non
889 3044 1030 3099 enim
1057 3042 1213 3107 dixit,
1240 3039 1312 3096 Ut
1337 3055 1433 3094 vos
1463 3039 1720 3108 recipiant
1747 3039 1797 3092 in
1831 3039 2078 3092 taberna-

496 3138 637 3204 cula,
679 3136 808 3203 sed,
838 3135 904 3187 In
942 3143 1128 3187 eterna
1175 3130 1494 3185 tabernacula
1527 3129 1679 3200 (Luc.
1713 3129 1800 3186 l6.
1840 3128 1918 3200 9).
1960 3128 2077 3184 iam

501 3239 632 3281 vero
659 3239 780 3279 cum
817 3223 972 3288 dixit,
1008 3220 1129 3274 Non
1169 3222 1539 3291 manufactam,
1585 3233 1726 3288 eam,
1764 3234 1883 3288 qua:
1921 3234 2080 3273 manu

502 3324 808 3374 constructa
846 3324 949 3380 est,
995 3312 1368 3368 subindicavit.
1415 3310 1551 3376 Quid
1596 3310 1776 3381 igitur,
1817 3324 2082 3380 corpusne

504 3426 664 3466 manu
710 3407 981 3463 conditum
1026 3405 1147 3460 est?
1185 3403 1400 3458 Minime
1430 3419 1558 3457 vero
1591 3419 1604 3456 :
1646 3402 1740 3458 sed
1781 3402 1865 3456 vel
1894 3401 2084 3457 domos

506 3500 833 3556 manufactas
861 3497 1139 3568 designat;
1168 3495 1252 3552 vel
1282 3495 1326 3550 si
1369 3510 1475 3549 non
1507 3495 1576 3549 ita
1596 3493 1871 3560 ,‘domum
1905 3493 2082 3548 taber-

507 3593 678 3648 naculi
711 3606 903 3661 corpus
933 3607 1038 3645 non
1064 3589 1420 3644 manufaetum
1445 3587 1674 3643 vocavit.
1705 3587 1820 3642 Non
1848 3588 1991 3642 enim
2019 3587 2085 3641 ad

508 3685 959 3756 comparationem
1009 3681 1140 3736 illud
1184 3681 1454 3750 Opposuit,
1497 3679 1592 3734 sed
1621 3680 1862 3736 encomia
1893 3690 1947 3734 et
1975 3680 2090 3733 lau-

512 3777 609 3832 des
639 3774 915 3844 adjiciens.
947 3773 1004 3826 2.
1034 3771 1172 3825 Nam
1196 3782 1240 3826 et
1269 3772 1322 3824 in
1347 3774 1441 3826 hoc
1467 3770 1862 3841 ingemiscintus,
1892 3769 2092 3824 habita-

510 3868 694 3919 tionem
723 3872 968 3925 nostrant,
990 3877 1103 3930 qua:
1127 3861 1190 3914 de
1217 3863 1341 3915 caelo
1368 3871 1461 3927 est,
1489 3862 1785 3929 superindui
1813 3862 2088 3930 cupientes.

513 3957 682 4023 Quam
715 3952 1133 4008 habitationem?
1171 3949 1378 4020 Corpus
1415 3965 1444 4004 a
1470 3951 1812 4020 corruptione
1838 3952 2090 4006 alienum.

517 4050 586 4102 Et
609 4063 702 4101 cur
731 4060 870 4101 nunc
900 4044 1334 4114 ingemiscimus?
1359 4042 1620 4109 Quoniam
1645 4043 1773 4096 illud
1804 4043 1960 4112 longe
1985 4057 2096 4098 me-

520 4140 624 4194 lius
649 4145 749 4192 cst.
779 4137 850 4191 De
877 4135 1010 4190 caelo
1030 4141 1208 4188 autem
1239 4133 1408 4202 ipsum
1436 4147 1558 4189 esse
1583 4133 1678 4199 ait,
1706 4133 1829 4204 quia
1855 4135 1922 4188 ab
1947 4133 2096 4188 omni

519 4230 862 4298 corruptione
887 4228 1124 4282 immune
1148 4235 1249 4280 est.
1279 4223 1395 4279 Non
1427 4225 1568 4280 enim
1595 4239 1790 4295 corpus
1816 4240 1846 4280 c
1873 4225 2006 4280 casio
2031 4224 2097 4279 ad

517 4337 616 4383 nos
641 4320 941 4386 delabitur,
983 4318 1075 4373 sed
1119 4317 1222 4372 hoc
1249 4317 1507 4372 vocabulo
1549 4318 1772 4388 gratiam
1814 4318 1958 4372 illinc
1985 4332 2100 4372 ma-

520 4424 734 4470 nantem
765 4411 982 4467 indicat.
1015 4409 1274 4476 Quocirca
1307 4419 1507 4464 tantum
1534 4412 1684 4466 abest
1712 4419 1771 4464 ut
1797 4410 1867 4465 ob
1894 4419 2098 4465 certum

519 4504 731 4576 aliquod
764 4503 1114 4558 tentationum
1144 4515 1311 4572 genus
1355 4499 1640 4555 dolendum
1685 4501 1791 4566 sit,
1840 4509 1896 4555 ut
1941 4501 2100 4556 etiam

519 4595 746 4666 quodvis
789 4592 1142 4648 tentationum
1185 4604 1356 4662 genus
1383 4601 1637 4660 expetere
1677 4589 1966 4646 debeamus
1995 4608 2009 4644 :
2038 4605 2102 4646 ac

524 4687 568 4739 si
601 4684 821 4746 diceret,
854 4680 1160 4750 lngemiscis
1181 4681 1252 4735 ob
1283 4679 1745 4750 persequutiones,
1776 4687 1832 4734 et
1856 4679 1977 4749 quia
2003 4695 2104 4736 ex-

528 4786 714 4827 ternus
743 4780 864 4823 tuus
893 4769 1054 4823 homo
1079 4769 1473 4840 corrumpitur?
1498 4769 1606 4823 imo
1643 4769 1934 4839 ingemisce
1961 4771 2103 4840 quod

529 4879 636 4921 non
664 4861 918 4932 majorem
947 4862 998 4915 in
1026 4861 1240 4916 modum
1269 4862 1368 4916 hoc
1405 4863 1516 4929 flat,
1547 4876 1646 4917 nec
1676 4862 1728 4916 in
1773 4870 1941 4916 totum
1981 4877 2104 4916 cor-

530 4965 830 5026 rumpatur.
863 4952 1098 5009 Videsne
1125 4969 1356 5024 quonam
1388 4966 1544 5025 pacto
1567 4971 1868 5012 sermonem
1898 4957 1950 5011 in
1971 4971 2105 5012 con-

532 5052 753 5104 trarium
813 5046 1080 5112 verterit;
1141 5045 1430 5100 ostendens
1479 5047 1601 5102 ideo
1653 5048 2109 5119 ingemiscendum

533 5155 652 5194 esse
676 5181 689 5202 ,
719 5139 860 5209 quod
891 5153 995 5194 non
1021 5135 1302 5193 confertim
1331 5138 1608 5206 venerint,
1634 5153 1754 5194 cum
1783 5139 1856 5193 illi
1886 5139 2110 5210 ingemi-

533 5239 686 5286 scunt
713 5229 852 5298 quod
883 5246 978 5300 per
1002 5239 1184 5301 partes
1222 5227 1470 5284 veniant?
1501 5229 1627 5284 ideo
1646 5229 1755 5299 jam
1779 5245 1974 5300 corpus
2001 5245 2106 5285 non

533 5320 932 5377 tabernaculum
958 5321 1212 5390 appellat,
1245 5320 1340 5376 sed
1367 5320 1782 5386 habitationem;
1813 5321 1972 5390 idque
2001 5337 2109 5377 non

535 5415 652 5468 sine
680 5422 870 5482 magna
901 5410 1126 5466 ratione.
1158 5410 1581 5466 Tabernaculum
1610 5413 1754 5468 enim
1799 5411 1954 5469 facile
1997 5413 2109 5468 dis-
2153 5397 2158 5402 ’

535 5503 782 5566 solvitur,
807 5501 933 5557 illud
964 5509 1139 5555 autem
1162 5513 1419 5572 perpetuo
1447 5513 1644 5558 manet.
1678 5505 1730 5559 5.
1764 5505 1826 5559 Si
1845 5514 2007 5558 tamen
2028 5520 2113 5558 ue-

533 5595 658 5659 stiti,
699 5610 797 5648 non
845 5592 970 5647 nudi
1016 5591 1348 5646 inveniantur.
1397 5591 1508 5648 Hoc
1533 5603 1636 5660 est,
1673 5595 1881 5650 etiamsi
1919 5610 2112 5672 corpus

538 5686 960 5758 deposuerimus,
993 5697 1100 5743 non
1126 5693 1300 5741 tamen
1325 5683 1441 5744 sine
1461 5698 1685 5756 corpore
1715 5685 1820 5742 illic
1839 5686 2110 5754 sistentur,

2135 1121 2210 1178 et,
2235 1112 2372 1168 Sunt
2393 1129 2607 1182 corpora
2624 1114 2864 1175 cwlestia,
2888 1123 3005 1166 sunt
3020 1123 3066 1166 et
3086 1114 3340 1167 terrestria
3358 1113 3518 1188 (Ibid.
3538 1131 3587 1170 υ.
3603 1115 3720 1184 40).

2137 1201 2269 1256 Nam
2309 1203 2610 1258 communis
2653 1214 2737 1258 est
2765 1203 3004 1258 onmium
3035 1205 3380 1272 resurrectio,
3421 1205 3518 1261 sed
3557 1208 3722 1277 gloria

2139 1307 2244 1347 non
2277 1294 2403 1348 item
2447 1293 2748 1349 communis
2789 1304 2872 1349 est
2905 1311 2918 1348 :
2951 1309 3136 1351 verum
3183 1295 3272 1350 alii
3313 1311 3436 1352 cum
3478 1297 3722 1365 honore,

2140 1383 2231 1437 alii
2260 1398 2381 1438 cum
2423 1384 2712 1454 ignominia
2733 1425 2749 1450 ,
2779 1384 2868 1438 alii
2900 1385 2966 1440 ad
2998 1401 3242 1456 regnum,
3289 1388 3379 1442 alii
3420 1389 3487 1444 ad
3517 1404 3725 1458 [uenam

2153 1475 2512 1529 resurrecturi
2545 1483 2691 1529 sunt.
2720 1474 2876 1542 Quod
2917 1477 3078 1531 etiam
3109 1478 3286 1548 ipsum
3317 1479 3406 1534 hic
3439 1482 3720 1549 indicavit,

2150 1577 2275 1618 cum
2303 1564 2460 1630 dixit,
2492 1563 2553 1618 Si
2585 1577 2758 1618 tamen
2789 1568 2964 1620 vestiti
2994 1585 3057 1622 ac
3086 1586 3186 1623 non
3212 1573 3340 1624 nudi
3370 1573 3712 1630 inveniantur.

2147 1654 2202 1708 4.
2237 1652 2378 1708 Nam
2409 1667 2454 1710 et
2488 1673 2604 1720 nos,
2630 1657 2718 1726 qui
2747 1673 2928 1711 sumus
2957 1660 3013 1712 in
3042 1661 3138 1714 hoc
3173 1663 3544 1728 tabernaculo,
3576 1665 3718 1735 inge-

2147 1747 2416 1799 miscimus
2450 1750 2674 1817 gravati,
2709 1764 2769 1801 eo
2812 1751 2951 1818 quod
2996 1752 3240 1807 nolumus
3281 1755 3590 1826 exspoliari,
3627 1758 3715 1810 sed

2145 1839 2504 1906 supervestiri.

2223 1930 2280 1986 2.
2323 1930 2433 1986 Hoc
2462 1944 2672 1984 rursum
2702 1932 2821 1985 loco
2853 1929 3008 2000 plene
3045 1937 3204 2000 atque
3231 1938 3416 2000 aperte
3447 1930 3728 1988 hzeretico-
3753 1976 3771 1995 ,

2159 2038 2275 2078 rum
2298 2038 2395 2077 ora
2420 2021 2706 2085 obstruxit,
2728 2035 2849 2076 cum
2875 2019 3127 2087 ostendit,
3155 2035 3213 2076 se
3238 2035 3346 2076 non
3365 2020 3434 2077 de
3460 2022 3566 2078 alio
3584 2033 3744 2095 atque

2159 2115 2263 2168 alio
2287 2127 2513 2184 corpore
2553 2111 2870 2184 simpliciter
2903 2111 3064 2166 verba
3097 2111 3306 2181 facere,
3336 2113 3432 2169 sed
3461 2114 3531 2171 de
3559 2131 3744 2172 corru-

2165 2206 2346 2274 ptione
2390 2213 2550 2274 atque
2595 2203 3016 2274 incorruptione.
3061 2201 3246 2274 Neque
3299 2204 3444 2260 enim
3489 2221 3552 2261 ea
3597 2209 3748 2262 nobis

2165 2297 2550 2368 iugemisceodi
2597 2311 2756 2351 causa
2793 2306 2896 2360 est,
2928 2305 2986 2350 ut
3027 2311 3255 2367 corpore
3292 2297 3581 2354 liberemur
3613 2303 3629 2370 (
3650 2299 3750 2356 hoc

2166 2392 2362 2462 quippe
2389 2406 2492 2445 non
2515 2405 2713 2445 exuere
2739 2389 3020 2460 volumus)
3043 2408 3058 2456 ;
3091 2407 3274 2448 verum
3301 2391 3368 2446 de
3388 2395 3745 2464 corruptione,

2167 2497 2287 2552 quae
2318 2481 2416 2552 ipsi
2462 2482 2621 2545 inest,
2657 2480 2788 2535 solvi
2831 2495 3199 2551 properamus.
3237 2481 3392 2538 Unde
3419 2485 3582 2538 etiam
3602 2483 3748 2543 dicit.

2169 2575 2424 2631 Nolumus
2462 2590 2656 2644 corpus
2703 2589 2930 2638 exuere,
2985 2575 3081 2628 sed
3139 2575 3312 2644 ipsum
3359 2576 3751 2645 incorruptione

2173 2666 2558 2736 supervestire.
2600 2667 2772 2735 Atque
2808 2666 2922 2718 haec
2951 2666 3113 2720 verba
3152 2680 3275 2719 mox
3303 2668 3546 2736 exponit,
3576 2666 3640 2722 Ut
3664 2668 3753 2720 ab.

2172 2759 2450 2822 sorbeatur,
2480 2757 2615 2827 quod
2639 2756 2965 2827 corruptibile
2988 2765 3083 2823 est,
3104 2772 3137 2810 a
3157 2758 3274 2811 vita.
3309 2757 3444 2826 Quia
3475 2760 3618 2814 enim
3645 2773 3756 2813 mo-

2177 2851 2373 2906 lestum
2423 2851 2690 2918 plerisque
2737 2863 2858 2905 esse
2900 2848 3183 2905 videbatur
3221 2865 3417 2920 corpus
3467 2851 3755 2922 deponere,

2177 2952 2338 3012 atque
2375 2957 2494 2997 cum
2536 2942 2772 2997 omnium
2813 2942 3118 2997 mortalium
3159 2942 3421 3014 suffragiis
3455 2945 3754 3014 pugnabat,

2179 3034 2385 3101 dicens,
2425 3033 2807 3106 Ingemiscintus
2830 3075 2846 3101 ,
2875 3035 3118 3091 nolentes
3149 3050 3215 3092 eo
3240 3037 3464 3102 liberari,
3499 3037 3580 3108 (si
3610 3039 3754 3091 enim

2181 3130 2354 3180 anima
2396 3141 2517 3182 cum
2556 3125 2624 3179 ab
2659 3127 2775 3196 ipso
2798 3125 3139 3196 disiungitur,
3166 3127 3217 3181 in
3245 3137 3381 3180 tanto
3408 3127 3548 3180 luctu
3571 3142 3752 3181 versa.

2186 3231 2290 3286 tur,
2321 3235 2572 3290 quorsum
2607 3219 2708 3273 hoc
2733 3218 2833 3284 ais,
2867 3235 2963 3274 nos
2993 3220 3192 3275 idcirco
3223 3220 3585 3290 ingemiscere,
3612 3219 3751 3289 quod

2185 3327 2290 3368 non
2317 3312 2383 3366 ab
2413 3327 2477 3366 eo
2502 3311 2948 3383 distrahamur?),
2969 3327 3035 3366 ne
3057 3311 3213 3382 igitur
3240 3311 3356 3366 ha-c
3386 3311 3485 3380 ipsi
3511 3312 3761 3380 objiciauo

2187 3414 2292 3470 tur,
2323 3403 2558 3458 occurrit
2593 3413 2648 3457 et
2677 3403 2752 3456 ait
2783 3418 2795 3454 :
2827 3401 2944 3456 Non
2975 3418 3076 3472 ego
3118 3402 3220 3456 hoc
3270 3402 3414 3462 dico,
3442 3403 3585 3472 quod
3619 3404 3688 3456 ob
3713 3402 3767 3456 id

2190 3494 2601 3564 ingeniis-cannis
2631 3534 2644 3557 ,
2694 3502 2751 3546 ut
2799 3507 2993 3560 corpus
3036 3492 3366 3562 deponamus
3397 3493 3597 3562 (nemo
3629 3493 3768 3548 enim

2190 3598 2293 3652 est,
2333 3587 2422 3655 qui
2450 3587 2567 3640 sine
2603 3585 2764 3642 animi
2794 3585 3043 3641 mmstitia
3068 3585 3238 3653 ipsum
3265 3583 3502 3655 deponat
3537 3604 3549 3639 :
3578 3586 3772 3655 quipr

2192 3695 2314 3735 cum
2360 3678 2428 3732 de
2465 3678 2626 3732 Petro
2667 3691 2879 3746 quoque
2920 3675 3061 3730 dicat
3090 3673 3356 3743 Christus,
3387 3676 3592 3730 Tollent
3619 3687 3683 3742 te,
3715 3693 3773 3729 ac

2194 3773 2375 3826 ducent
2400 3788 2497 3839 quo
2524 3787 2623 3823 non
2649 3771 2720 3822 vis
2757 3767 2935 3840 [Joan.
2963 3767 3053 3822 2|.
3085 3766 3212 3839 18])
3245 3785 3259 3830 ;
3293 3769 3384 3822 sed
3413 3777 3469 3822 ut
3498 3769 3773 3823 immorta-

2198 3867 2362 3921 litatis
2408 3874 2554 3920 veste
2595 3864 2768 3932 ipsum
2816 3861 3280 3932 superinduamus.
3329 3860 3440 3915 Hoc
3476 3861 3620 3916 enim
3663 3870 3770 3926 est,

2200 3975 2293 4028 per
2332 3957 2472 4028 quod
2502 3971 2730 4025 corpore
2755 3969 3059 4025 gravantur,
3092 3969 3197 4008 non
3228 3953 3370 4023 quod
3395 3968 3622 4022 corpore
3652 3969 3776 4007 con-

2201 4051 2370 4103 vestiti
2401 4062 2617 4114 sumus,
2647 4046 2739 4103 sed
2772 4045 2914 4116 quod
2955 4043 3288 4113 corruptibili
3315 4052 3370 4098 et
3395 4042 3634 4114 passibili
3659 4057 3778 4095 coro

2200 4155 2370 4210 pore;
2406 4155 2524 4192 nam
2577 4139 2678 4193 hoc
2726 4147 2809 4192 est
2857 4135 2999 4207 quod
3046 4136 3199 4190 nobis
3248 4150 3538 4191 mmrorem
3581 4134 3774 4189 ail‘ert:

2202 4246 2388 4285 verum
2436 4229 2698 4283 accedens
2749 4228 2854 4280 vita
2898 4227 3298 4296 corruptionem
3353 4226 3570 4280 coniicit
3620 4237 3780 4296 atque

2202 4323 2454 4386 absumit,
2502 4337 2606 4374 non
2653 4321 2778 4375 item
2806 4334 3022 4389 corpus.
3056 4320 3120 4374 Et
3150 4317 3418 4388 quomodo
3459 4319 3565 4374 hoc
3596 4319 3781 4373 Iit?in-

2203 4419 2337 4485 quit.
2391 4412 2469 4468 Ne
2516 4427 2745 4481 qureras,
2798 4413 2936 4466 Deus
2976 4412 3076 4466 hoc
3120 4411 3248 4466 facit
3278 4430 3292 4466 :
3322 4427 3388 4466 ne
3425 4413 3638 4466 curiose
3681 4411 3782 4466 hoc

2205 4507 2476 4574 exquiras.
2505 4502 2654 4558 Unde
2675 4503 2834 4558 etiam
2861 4502 3087 4571 subjecit
3120 4521 3133 4556 :
3166 4503 3219 4557 5.
3249 4501 3349 4568 Qui
3368 4511 3531 4555 autem
3552 4518 3644 4555 nos
3663 4500 3787 4566 stre-

2206 4597 2272 4649 cit
2315 4596 2368 4648 in
2415 4596 2509 4646 hoc
2551 4593 2741 4664 ipsum,
2774 4591 2935 4648 Deus.
2966 4591 3173 4660 Quibus
3200 4591 3379 4648 verbis
3407 4591 3641 4646 ostendit
3667 4591 3782 4647 haec

2202 4689 2313 4759 jam
2339 4688 2466 4746 olim
2497 4687 2712 4743 decreta
2739 4687 2921 4743 fuisse.
2953 4687 3070 4743 Non
3109 4688 3252 4744 enim
3282 4704 3424 4744 nunc
3461 4691 3688 4759 primum
3715 4690 3787 4744 ita

2209 4779 2380 4832 visum
2424 4787 2508 4833 est
2547 4777 2688 4840 Deo,
2732 4777 2826 4832 sed
2865 4793 2984 4833 cum
3015 4793 3045 4832 a
3088 4778 3347 4848 principio
3389 4793 3488 4834 nos
3531 4793 3598 4834 ex
3641 4788 3783 4832 terra

2211 4868 2479 4931 formavit,
2506 4877 2666 4939 atque
2705 4867 2968 4923 Adamum
2998 4869 3254 4924 condidit.
3296 4869 3406 4924 Nec
3430 4886 3558 4925 vero
3580 4885 3702 4923 eum
3733 4871 3787 4922 in

2211 4957 2314 5013 hoc
2339 4957 2599 5023 condidit,
2639 4965 2699 5017 ut
2723 4967 3042 5026 moreretur,
3071 4959 3166 5014 sed
3191 4969 3246 5014 ut
3284 4961 3635 5016 immortalem
3665 4975 3788 5015 eum

2212 5049 2466 5106 efficeret.
2495 5049 2684 5103 Postea
2708 5059 2765 5103 ut
2789 5047 2946 5104 iidem
2972 5048 3127 5104 dictis
3148 5050 3467 5116 adstrueret,
3495 5051 3787 5120 subjunxit,

2217 5139 2318 5207 Qui
2349 5141 2498 5194 etiam
2520 5140 2658 5194 dedit
2691 5141 2832 5194 nobis
2861 5140 3044 5210 pignus
3066 5139 3311 5211 Spiritus.
3342 5141 3472 5196 Nam
3501 5151 3556 5197 et
3584 5151 3710 5196 tunc
3741 5143 3792 5197 iu

2216 5230 2357 5285 hunc
2385 5229 2544 5284 ﬁnem
2573 5229 2843 5285 hominem
2870 5229 3098 5296 eflinxit,
3120 5240 3175 5286 et
3201 5245 3339 5285 nunc
3355 5247 3452 5302 per
3472 5231 3794 5300 baptismum

2215 5318 2408 5383 eﬂ‘ecit,
2434 5319 2656 5389 ejusque
2680 5319 2756 5374 rei
2776 5334 2880 5374 non
2904 5335 3123 5390 parvum
3151 5321 3305 5376 nobis
3331 5322 3519 5392 pignus
3545 5322 3794 5392 przebuit,

2219 5427 2412 5481 nempe
2439 5411 2698 5480 Spiritum
2725 5421 2987 5466 sanctum.
3012 5411 3341 5482 Frequenter
3358 5422 3535 5468 autem
3562 5414 3797 5484 pignoris

2220 5502 2482 5557 vocabulo
2524 5502 2712 5567 utitur,
2746 5511 2857 5556 tum
2899 5511 2956 5556 ut
2987 5502 3320 5558 demonstret
3347 5517 3406 5558 se
3448 5501 3611 5558 totius
3640 5503 3795 5574 hujus

2220 5595 2296 5649 rei
2323 5593 2618 5649 debitorem
2648 5607 2767 5648 esse
2787 5635 2802 5660 ,
2834 5607 2941 5648 tum
2971 5603 3027 5648 ut
3065 5593 3323 5664 majorem
3348 5593 3507 5650 fidem
3531 5593 3668 5664 apud
3696 5593 3797 5648 ob-

2223 5686 2450 5744 tusiores
2473 5683 2649 5743 verbis
2666 5684 2777 5738 suis
2802 5684 3067 5745 conciliet.
3087 5686 3140 5745 6.
3165 5685 3413 5746 Audentes
3433 5684 3587 5756 igitur
3603 5699 3792 5756 semper
