4070 6152
483 282 587 337 469

475 399 598 471 οὐχὶ
626 402 684 453 ὲν
715 402 836 462 ταῖς
865 395 1131 459 ἁνέσεσιν,
1166 394 1306 449 ἀλλά
1332 395 1425 447 καὶ
1457 396 1513 447 ὲν
1540 395 1660 455 ταῖς
1689 391 1922 460 θλίψεσι,
1954 388 2049 442 καὶ

475 493 702 560 ειδότες
721 493 809 546 ὅτι
833 487 1235 558 ἐνδημοῦντες
1253 487 1323 541 ἐν
1343 486 1422 552 τῷ
1443 488 1690 555 σώματι,
1713 485 2054 554 ἀποδημοῦ-

469 602 587 655 μεν
615 583 732 639 ἀπὸ
755 581 858 635 τοῦ
883 581 1121 648 Κυρίου·
1153 578 1251 633 διὰ
1276 578 1535 643 πίστεως
1559 578 1666 646 γὰρ
1698 574 2053 643 περιπατοῦ-

471 693 606 746 μεν,
640 677 711 729 οὐ
731 673 830 727 διὰ
855 673 1074 738 εἴδους·
1102 670 1439 741 θαρροῦμεν
1461 670 1530 723 δὲ
1563 671 1661 724 καὶ
1682 667 2052 737 εὐδοκοῦμεν

471 765 856 836 ἀποδημῆσαι
884 767 952 820 ἐκ
980 766 1089 820 τοῦ
1113 766 1408 835 σώματος,
1425 765 1524 819 καί
1547 762 1881 834 ἐνδημῆσαι
1902 762 2053 831 πρὸς

472 858 582 911 τὸν
603 859 840 925 Κύριον.
869 857 944 910 Τὸ
977 856 1161 928 μεῖζον
1188 858 1408 911 πάντων
1443 857 1671 928 ὕστερον
1697 854 1931 908 τέθεικε·
1956 854 2049 908 τοῦ

470 945 581 1019 7&9
608 946 883 1017 ἄφθαρτον
917 948 1101 1001 λαϐεῖν
1130 947 1191 1001 τὸ
1221 946 1360 1018 μετά
1387 947 1626 1019 Χριστοῦ
1649 942 1787 1000 εἶναι
1819 944 2045 1015 βέλτιον.

478 1040 543 1093 Ὃ
592 1039 649 1094 δὲ
692 1039 862 1107 λέγει,
916 1038 1075 1094 τοῦτό
1116 1040 1285 1093 ἐστιν⁸
1329 1040 1404 1094 Οὐ
1451 1040 1731 1093 σϐέννυσιν
1768 1037 1925 1108 ἡμῶν
1952 1036 2049 1108 τὴν

471 1129 619 1201 ζωὴν
645 1133 673 1185 ὁ
706 1131 960 1202 πολεμῶν
1005 1130 1100 1184 καὶ¹
1146 1131 1408 1203 ἀναιρῶν’
1450 1133 1525 1202 μὴ
1557 1130 1818 1202 φοϐηθῇςο
1857 1130 2048 1200 θάρρει

470 1223 968 1293 κατακοπτόμενος.
1006 1224 1081 1277 Οὐ
1115 1224 1224 1294 7&9
1259 1224 1419 1294 μόνον
1450 1224 1655 1296 φθορᾶς
1683 1240 1741 1276 σε
1770 1221 2049 1276 ἀπαλλάτ·

469 1328 552 1365 τει
587 1313 680 1365 καὶ
717 1313 937 1382 βάρους,
970 1314 1109 1368 ἀλλὰ
1133 1317 1225 1368 καὶ
1258 1315 1336 1384 τῷ
1372 1315 1565 1385 Κυρίῳ
1598 1332 1657 1367 σε
1688 1312 2049 1384 παραπέμπει

469 1404 700 1473 ταχέως.
728 1406 818 1459 Διδ
850 1406 971 1460 οὐδὲ
1005 1403 1180 1470 εἶπεν,
1210 1408 1400 1469 Ὄντες
1431 1406 1489 1459 έν
1512 1404 1591 1476 τῷ
1621 1405 1857 1475 σώματι,
1887 1403 1962 1465 ὡς
1989 1404 2048 1454 ὲν

467 1496 727 1566 ἀλλοτρία
772 1495 942 1548 ὄντων
990 1496 1084 1548 καὶ
1130 1494 1277 1568 ξένῃ.
1317 1494 1560 1560 Εὶδότες
1591 1489 1706 1548 οὖν
1738 1492 1828 1545 ὅτι
1871 1490 2046 1557 ἐνδη-

463 1587 724 1658 μοῦντες
749 1587 819 1640 ἐν
854 1585 935 1651 τῷ
961 1585 1208 1655 σώματι,
1240 1585 1617 1655 ἐκδημοῦμεν
1642 1584 1758 1639 ἀπὸ
1787 1584 1894 1637 τοῦ
1929 1586 2048 1637 Κυ-

461 1687 621 1747 ριου-
673 1678 1006 1746 θαρροῦμεν
1052 1675 1121 1729 δὲ
1162 1679 1262 1730 καὶ
1299 1675 1669 1744 εὐδοκοῦμεν
1709 1672 2049 1743 ἐκδημῆσαι

468 1770 590 1825 ἀπὸ
619 1770 728 1824 τοῦ
767 1770 1064 1838 σώματος,
1102 1770 1203 1823 καί
1239 1767 1579 1837 ἐνδημῆσαι
1617 1766 1767 1836 πρὸς
1790 1766 1900 1821 τὸν
1929 1767 2046 1820 Κύ-

460 1875 621 1928 ριον.
649 1855 804 1923 Εἶδες
833 1858 952 1921 πῶς
986 1860 1056 1913 τά
1079 1858 1299 1931 λυπηρά
1324 1858 1804 1930 ἀποκρυψάμενος,
1832 1857 1901 1912 τά
1927 1856 2047 1910 ὀνό-

470 1967 618 2022 ματα
642 1950 735 2003 τοῦ
771 1950 1004 2006 θανάτου
1054 1951 1148 2005 καλ⁵
1186 1952 1284 2020 τῆς
1309 1951 1588 2022 τελευτῆς,
1615 1950 1683 2005 τά
1715 1950 1919 2021 σφόδρα
1946 1967 2047 2004 πο-

469 2042 619 2096 θεινά
673 2043 785 2096 ἀντ’
836 2043 1013 2098 αὐτῶν
1054 2043 1324 2108 τέθεικεν,
1375 2043 1634 2114 ἐνδημίαν
1681 2042 1820 2096 αὐτὰ
1864 2042 2048 2096 καλῶν

470 2134 608 2204 πρὸς
633 2134 722 2187 τὸν
747 2134 901 2188 Θεόνο
936 2136 1034 2189 καὶ
1071 2136 1141 2189 τὰ
1163 2135 1424 2190 δοκοῦντα
1449 2131 1588 2189 εἶναι
1614 2135 1826 2203 γλυκέα
1861 2134 2043 2204 ἀφεὶς,

467 2224 537 2278 τὰ
568 2229 667 2295 τῆς
699 2224 866 2295 ζωῆς,
887 2225 995 2279 ἀπὸ
1023 2224 1133 2278 τῶν
1158 2224 1419 2296 λυπηρῶν
1447 2225 1588 2279 αὐτὰ
1616 2225 1919 2293 ὠνόμασεν,
1951 2225 2046 2277 ὲκ-

467 2317 670 2388 δηειίαν
697 2318 805 2371 ἀπὸ
827 2317 1032 2388 Κυρίου
1059 2317 1163 2388 τὴν
1178 2317 1412 2383 ἐνταῦθα
1441 2317 1680 2380 καλέσας
1712 2317 1892 2388 ζωήν;
1918 2315 2049 2370 Τοῦο

466 2423 531 2459 το
552 2405 607 2460 δὲ
638 2406 915 2476 ἐποίησεν,
949 2408 1036 2462 ἵνα
1063 2407 1251 2476 μηδεὶς
1278 2408 1418 2478 μήτε
1443 2410 1556 2471 τοῖς
1586 2405 1854 2478 παροῦσιν
1880 2408 2046 2477 ἐμφι-

467 2497 704 2568 λοχωρῇ.
744 2497 880 2551 ἀλλὰ
913 2498 1007 2552 καὶ
1039 2496 1358 2569 βαρύνηται,
1390 2499 1528 2569 μήτε
1554 2498 1763 2571 μέλλων
1788 2498 2048 2571 τελευτᾷν

467 2587 631 2659 ἀλύῃ.
661 2588 797 2643 ἀλλά
826 2590 919 2643 καὶ
938 2590 1128 2663 χαίρῃ,
1161 2589 1236 2653 ὡς
1257 2590 1352 2643 ἐπὶ
1383 2590 1608 2661 μείζονα
1637 2589 1815 2646 ἀπιὼν
1843 2591 2043 2661 ἀγαθά.

467 2671 602 2730 Εἶτα
624 2677 710 2731 ῖνα
740 2678 928 2750 μηδεὶς
948 2677 1098 2750 εἴπῃ,
1127 2677 1359 2742 ἀκούων,
1379 2679 1463 2731 ὅτι
1491 2677 1901 2747 Ἐκδημοῦμεν
1925 2678 2047 2733 ἀπὸ

467 2767 574 2823 τοῦ
598 2769 839 2836 Κυρίου,
871 2767 936 2821 Τί
957 2769 1130 2823 ταῦτα
1159 2768 1364 2838 λέγεις,
1395 2770 1820 2843 ἀλλοτριούμεθα
1840 2766 1934 2825 οὖν
1951 2772 2050 2826 αὐ-

467 2860 561 2915 τοῦ
609 2860 843 2914 ἐνταῦθα
869 2860 1064 2927 δντες;
1098 2861 1487 2934 προδιιίῳθωσε
1527 2862 1682 2916 τοῦτο
1717 2862 1907 2929 εἰπὼν,
1945 2865 2048 2919 Διά

446 2930 726 3020 ⁵πίστεως
746 2951 857 3022 τὰρ
879 2930 1343 3023 περιπατοῦμεν,
1370 2957 1441 3009 οὐ
1471 2954 1569 3009 διὰ
1589 2956 1810 3022 εἴδουςο
1844 2957 1937 3009 καὶ
1963 2957 2049 3009 ὲν-

468 3043 642 3098 ταῦθα
675 3044 775 3115 μὲν
795 3044 956 3098 αὐτὸν
987 3045 1165 3113 ἴσμεν,
1190 3045 1304 3099 ἀλλ’
1329 3048 1428 3116 οὐχ
1449 3046 1592 3100 οὕτω
1623 3049 1829 3117 σαφῶς.
1868 3049 1933 3102 Ὃ
1955 3048 2048 3102 καὶ

469 3133 705 3205 ἀλλαχοῦ
751 3134 920 3203 λέγει,
967 3137 1069 3191 Ἐν
1108 3136 1398 3206 ἐσόπτρῳ,
1436 3139 1552 3205 καὶ,
1591 3139 1688 3193 Ἐν
1727 3141 2044 3210 αἰνίγματι.

473 3227 816 3298 θαρροῦμεν
840 3228 910 3281 δὲ
944 3228 1043 3283 καί
1071 3229 1461 3298 εὐδοκοῦμεν.
1491 3231 1684 3297 Βαϐαὶ,
1716 3231 1819 3286 ποῦ
1847 3232 1941 3287 τὸν
1962 3233 2049 3286 λό-

472 3338 569 3389 γον
598 3322 968 3392 περιήγαγενς
1009 3321 1089 3385 είς
1121 3321 1415 3392 ἐπιθυμίαν
1453 3323 1630 3395 ἄκραν
1670 3325 1944 3397 τελευτῆς,
1988 3325 2049 3379 τὸ

472 3411 728 3480 φορτικὸν
768 3411 866 3482 ἡδὺ
905 3409 1104 3477 δείξας,
1155 3414 1250 3467 καὶ
1295 3412 1357 3467 τὸ
1381 3414 1480 3484 ἡδὺ
1504 3415 1785 3486 φορτικόν·
1825 3417 1886 3469 τὸ
1916 3416 2046 3487 γὰρ,

471 3503 880 3573 Εὐδοκοῦμεν,
913 3504 1309 3577 ἐπιθυμοῦμεν,
1345 3506 1497 3578 φησί.
1532 3507 1598 3561 Τί
1630 3507 2045 3580 έπιθυμοῦμεν;

485 3594 854 3665 Ἐκδημῆσαι
881 3597 952 3650 ἐκ
972 3597 1078 3651 τοῦ
1099 3598 1394 3667 σώματος,
1420 3598 1518 3653 καὶ
1541 3598 1883 3670 ἐνδημῆσαι
1900 3601 2050 3669 πρὸς

473 3688 713 3754 Κύριον.
750 3687 921 3742 Τοῦτο
949 3687 1007 3741 δὲ
1031 3689 1117 3741 ἀεὶ
1149 3692 1314 3751 ποιεῖ,
1338 3690 1366 3743 ὃ
1392 3690 1486 3744 καὶ
1518 3689 1826 3762 ἔμπροσθεν
1852 3691 2046 3758 ἔδειξα,

473 3779 553 3841 είς
573 3778 831 3832 τάναντία
858 3781 1205 3848 περιτρέπων
1233 3781 1324 3834 τὸν
1346 3781 1502 3850 λόγον
1526 3782 1633 3835 τῶν
1660 3782 2049 3850 ἀντιλεγόντων

474 3870 641 3939 αὐτῷ.
679 3870 777 3922 Διὸ
816 3870 915 3922 καὶ
950 3873 1435 3941 φιλοτιμούμεθα,
1466 3875 1586 3928 εἴτε
1624 3874 2046 3943 ἐνδημοῦντες,

473 3960 594 4015 εἶτε
631 3958 1056 4025 ἐκδημοῦντες,
1087 3960 1401 4028 εὐάρεστοι
1441 3953 1602 4028 αὐτῷ
1633 3960 1805 4017 εἶναι.
1836 3964 1909 4016 Τὺ
1941 3965 2050 4035 γὰρ

476 4048 805 4122 ζητούμενον
829 4049 988 4103 τοῦτό
1009 4052 1143 4117 ἐστι,
1170 4052 1356 4120 φησὶν,
1382 4052 1448 4107 ἄν
1473 4070 1531 4106 τε
1561 4056 1682 4108 ἐκεῖ
1702 4048 1871 4125 ὦμεν,
1900 4056 1964 4111 ἀν
1989 4073 2050 4107 τε

476 4138 731 4206 ινταῦθα,
758 4140 900 4195 κατὰ
925 4141 1152 4213 γνώμην
1178 4143 1342 4197 αὐτοῦ
1379 4143 1497 4214 ζῇν·
1532 4145 1689 4200 τοῦτο
1716 4148 1825 4217 γάρ
1850 4149 1964 4199 ἐστι
1990 4148 2053 4201 τὸ

475 4235 909 4309 προηγούμενον.
948 4235 1111 4289 Ὥστε
1176 4235 1426 4291 ἐντεῦθεν
1476 4238 1575 4310 ἤδη
1625 4238 1725 4311 τὴν
1776 4238 2051 4309 βασιλείαν

474 4326 620 4399 lx“;
646 4329 776 4383 ἀνευ
798 4328 1050 4400 δοκιμῆς.
1084 4328 1203 4383 Ἵνα
1231 4328 1340 4400 γὰρ
1382 4329 1457 4399 μὴ
1489 4329 1652 4383 πάλιν
1684 4332 1764 4393 είς
1784 4330 2051 4400 τοσαύτην

474 4418 721 4484 ἐλθόντες
753 4418 1055 4490 ἐπιθυμίαν
1095 4419 1302 4473 ἀλύωσι
1342 4420 1479 4491 πρὸς
1519 4421 1617 4491 τὴν
1650 4420 1907 4494 μέλλησιν
1954 4423 2050 4492 τῆς

474 4509 787 4581 ὶπιδημίας,
813 4510 1062 4566 ἐντεῦθεν
1095 4513 1195 4583 ήδη
1217 4511 1432 4566 δίδωσιν
1457 4513 1642 4577 αὐτοῖς
1669 4513 1731 4567 τὺ
1755 4514 2049 4583 κεφάλαιον

474 4599 584 4656 τῶν
611 4601 854 4669 ἀγαθῶν.
883 4602 948 4655 Τί
973 4602 1031 4655 δὲ
1053 4601 1213 4657 τοῦτό
1246 4603 1361 4656 ἐστι
1385 4619 1400 4669 ;
1433 4601 1508 4656 Τδ
1532 4603 1857 4673 εὐαρέστους
1885 4599 2045 4659 εἷναι.

477 4692 613 4747 Οὐδὲ
657 4691 766 4761 γὰρ
818 4691 880 4744 τὸ
928 4692 1181 4746 ἀπελθεῖν
1221 4692 1406 4757 ἁπλῶς
1455 4692 1639 4760 καλὸν,
1679 4694 1817 4749 ἀλλά
1861 4695 1922 4749 τὸ
1958 4696 2047 4749 εὐ-

476 4784 803 4854 δοκιμοῦντα
837 4825 851 4849 ,
904 4785 970 4837 δι’
1021 4784 1050 4839 δ
1105 4785 1309 4854 γίνεται
1373 4784 1534 4838 καλὸν
1599 4787 1822 4840 κάκεῖνο
1856 4800 1872 4817 θ
1929 4787 2052 4843 οὐδὲ

480 4876 541 4931 τὸ
600 4875 789 4939 ἁπλῶς
855 4875 1090 4930 ἐνταῦθα
1165 4872 1302 4931 εἶναι
1375 4875 1545 4947 βαρὺ,
1603 4876 1740 4931 ἀλλὰ
1799 4878 1862 4931 τὸ
1882 4895 2049 4951 προσ-

484 4966 770 5038 κρούοντα.

554 5056 704 5130 [509]
718 5065 787 5126 γ’.
821 5057 913 5130 Μὴ
941 5058 1120 5112 τοίνυν
1145 5057 1331 5128 νόμιζε
1347 5059 1445 5129 τὴν
1460 5063 1524 5115 ὲκ
1535 5061 1630 5115 τοῦ
1649 5062 1898 5131 σώματος
1912 5063 2048 5117 ἀπο-

481 5150 680 5219 δημίαν
706 5151 896 5222 ἀρκεῖν
914 5168 928 5183 ·
965 5151 1168 5224 ἀρετῆς
1194 5150 1306 5223 γὰρ
1332 5153 1608 5224 πανταχοῦ
1626 5154 1802 5225 χρεία.
1840 5156 2051 5228 Ὥσπερ

481 5237 593 5310 γὰρ
625 5237 796 5292 εἰπὼν
829 5240 1146 5308 ἀνάστασιν,
1176 5242 1277 5296 οὐκ
1294 5242 1507 5313 ἀφῆκεν
1535 5245 1671 5317 αὐτῇ
1701 5245 1923 5317 θαρρεῖν
1953 5249 2051 5318 μό-

481 5348 595 5393 νον,
617 5329 809 5398 λέγων,
841 5332 914 5387 ει
944 5350 1012 5402 τε
1038 5334 1135 5389 καὶ
1161 5335 1579 5406 ἐνδυσάμενοι,
1610 5340 1682 5392 οὐ
1710 5341 1921 5409 γυμνοί
1949 5344 2051 5396 εὐι-

477 5420 855 5490 ρεθησόμεθα
872 5437 885 5451 ’
930 5421 1072 5476 οὕτω
1114 5425 1208 5478 καὶ
1254 5425 1564 5498 ἀποδημίαν
1608 5427 1808 5493 δείξας,
1848 5431 1937 5483 ἵνα
1975 5430 2051 5501 μὴ

482 5510 712 5585 νομίσῃς
768 5512 939 5584 αὐτὴν
1000 5515 1239 5585 ἀρκεῖν⁸
1304 5533 1387 5571 σοι
1444 5518 1580 5588 πρὸς
1643 5521 1936 5592 σωτηρίαν,
1965 5521 2047 5589 τὸ,

552 5719 579 5751 ⁸
599 5719 751 5772 εινιι.
777 5719 827 5771 in
846 5734 1022 5786 marg,
1045 5722 1279 5787 ἀποχρῇν.

1256 278 1311 331 S.
1351 274 1635 332 JDANNIS
1673 264 2157 330 CHRYSOSTOMI
2195 269 2511 325 ARCHIEP.
2546 272 3097 331 CONSTANTINOP.

3628 267 3737 322 470

2160 389 2507 460 Εὐαρέστους
2547 393 2632 447 δεῖ
2679 388 2839 459 εἶναι,
2885 393 3244 464 προσέθηκεν.
3287 396 3502 469 Ἐπειδὴ
3555 398 3737 453 τοίνυν
3832 450 3846 457 -

2160 481 2498 553 προῦτρεψεν
2549 484 2657 537 ἀπὸ
2704 484 2913 539 πολλῶν
2961 486 3232 556 χρηστῶν,
3277 486 3463 541 λοιπὸν
3502 491 3595 542 καὶ
3626 493 3737 544 ἀπὸ

2156 571 2267 624 τῶν
2291 573 2758 642 σκυθρωποτέρων
2787 572 2959 643 φοϐεῖ.
2989 576 3063 627 Τὸ
3100 574 3219 646 7&9
3241 577 3522 648 συμφέρον
3554 582 3647 633 καὶ
3676 583 3736 635 ἐν

2157 667 2224 735 τῇ
2270 664 2460 736 κτήσει
2503 665 2612 717 τῶν
2644 666 2863 734 ἀγαθῶν
2893 668 2987 720 καὶ
3041 669 3099 721 ὲν
3129 671 3194 739 τῇ
3229 671 3374 741 φυγῇ
3417 671 3526 724 τῶν
3552 674 3736 726 κακῶν

2159 756 2498 824 συνίσταται,
2530 759 2667 830 ὅπερ
2709 760 2828 812 ἐστὶ
2852 760 3046 828 γέεννα
3081 762 3175 814 καὶ
3203 760 3471 830 βασιλεία.
3515 764 3735 837 Ἐπειδὴ

2156 846 2213 900 δὲ
2245 847 2405 900 τοῦτο
2448 846 2671 918 μείζονα
2715 849 2828 920 ἔχει
2863 851 2961 920 τὴν
2995 851 3167 921 ἰσχὺν,
3198 852 3258 904 τὸ
3286 855 3480 922 φυγεῖν
3514 854 3735 908 κόλασιν

2158 936 2324 1007 (ἔνθα
2379 938 2477 1007 μὲν
2506 940 2615 1010 γὰρ
2651 940 2812 1011 μέχρι
2863 940 2954 993 τοῦ
3006 941 3080 1012 μὴ
3126 941 3311 995 λαϐεῖν
3369 943 3437 996 τά
3492 945 3669 1013 ἀγαθά
3699 948 3735 1017 ἡ

2157 1029 2354 1102 ζημία,
2390 1031 2628 1096 εὐκόλως
2668 1034 2719 1086 οἱ
2775 1033 2959 1087 πολλοὶ
2983 1032 3140 1087 τοῦτο
3170 1037 3431 1089 οῖσουσιψ
3460 1036 3526 1090 ἂν
3560 1036 3615 1090 δὲ
3641 1038 3735 1091 καὶ

2159 1122 2320 1193 μέχρι
2341 1106 2434 1176 τοῦ
2456 1122 2641 1188 κακῶς
2658 1123 2870 1189 παθεῖν,
2890 1124 3073 1178 οὐκέτι
3094 1142 3106 1156 ·
3137 1126 3243 1179 ἔδει
3267 1127 3367 1196 μὲν
3387 1127 3496 1195 7&9
3520 1128 3733 1199 ἐκείνην

2156 1215 2429 1285 ἀφόρητον
2482 1216 2746 1287 νομίζειν,
2804 1217 2943 1271 ἀλλά
2996 1217 3083 1272 διὰ
3134 1220 3232 1289 τὴν
3289 1219 3571 1273 ἀσθένειαν
3624 1221 3732 1273 τῶν

2156 1307 2367 1362 πολλῶν
2412 1310 2506 1362 καὶ
2559 1308 2620 1362 τὸ
2674 1309 3036 1381 χαμαίζηλον,
3066 1309 3224 1363 τοῦτο
3271 1311 3519 1380 φαίνεται
3552 1312 3732 1376 αὐτοῖς

2155 1398 2600 1472 χαλεπώτερον)’
2657 1402 2778 1454 ἐπεὶ
2835 1396 2928 1456 οῦν
2968 1402 3067 1472 οὐχ
3122 1402 3264 1455 οὕτω
3323 1402 3581 1475 διεγείρει
3641 1404 3731 1458 τὸν

2155 1491 2433 1562 ἀκροατὴν
2459 1491 2551 1544 τὸν
2583 1491 2751 1545 πολὺν
2792 1494 2825 1563 ἡ
2869 1492 2977 1545 τῶν
3002 1492 3222 1561 ἀγαθῶν
3250 1493 3415 1558 δόσις,
3445 1493 3518 1557 ὡς
3552 1496 3586 1564 ἡ
3623 1494 3734 1551 τῶν

2155 1580 2431 1634 κολάσεων
2454 1580 2673 1653 ἀπειλὴ,
2702 1582 3017 1651 ἀναγκαίως
3051 1581 3284 1637 ἐνταῦθα
3318 1584 3598 1649 καταλύει,
3648 1585 3734 1638 λέν

2154 1691 2268 1742 γων
2289 1691 2303 1704 ·
2360 1672 2505 1740 Τοὺς
2549 1672 2658 1743 γὰρ
2699 1673 2932 1739 πάντας
2985 1673 3142 1744 ἡμᾶς
3183 1676 3594 1746 φανερωθῆναι
3644 1677 3739 1731 δεῖ

2154 1765 2497 1835 ἔμπροσθεν
2523 1761 2629 1818 τοῦ
2656 1764 2932 1834 ,ϐήματος
2963 1765 3069 1820 τοῦ
3098 1765 3378 1835 Χριστοῦ.
3409 1762 3543 1822 Εἶτα
3569 1768 3734 1839 φοϐή-

2155 1873 2253 1919 σας
2286 1857 2382 1910 καὶ
2413 1855 2742 1920 κατασείσας
2789 1859 2856 1928 τῇ
2902 1858 3091 1931 μνήμῃ
3126 1857 3221 1912 τοῦ
3253 1857 3496 1929 βήματος
3525 1860 3731 1916 ἐκείνου

2152 1949 2243 2003 τὸν
2275 1946 2563 2015 ἀκούοντα,
2594 1948 2717 2002 οὐδὲ
2753 1948 2986 2002 ἐνταῦθα
3024 1951 3193 2021 χωρὶς
3220 1950 3329 2005 τῶν
3358 1951 3614 2022 χρηστῶν
3642 1952 3734 2005 τέ-

2153 2040 2302 2095 θεικε
2333 2040 2402 2094 τὰ
2433 2040 2674 2111 λυπηρὰ,
2708 2040 2845 2096 ἀλλὰ
2872 2040 3097 2111 ἀνέμιξέ
3124 2058 3245 2096 τινα
3274 2043 3488 2114 ἡδονὴν,
3520 2041 3689 2096 εἰπών
3712 2060 3729 2076 ο

2155 2134 2281 2189 Ἵνα
2300 2132 2559 2199 ἕκαστος
2585 2134 2905 2203 κομίσηται
2932 2133 3004 2187 τὰ
3031 2133 3131 2188 διὰ
3162 2133 3269 2188 τοῦ
3297 2133 3592 2205 σώματος,
3617 2135 3734 2191 ὅσα

2154 2226 2439 2296 ἔπραξεν,
2458 2225 2578 2279 εἴτε
2597 2223 2844 2295 ἀγαθὸν,
2866 2224 2987 2280 alte
3013 2226 3220 2280 κακόν.
3240 2226 3427 2280 Ταῦτα
3449 2226 3506 2281 δὲ
3535 2226 3726 2297 λέγων,

2153 2319 2281 2384 τούς
2305 2336 2365 2374 τε
2390 2317 2828 2390 κατωρθωκότας
2860 2318 2955 2371 καὶ
2979 2317 3373 2389 ἐλαυνομένους
3400 2319 3595 2391 ἀνιστᾷ
3614 2323 3729 2384 ταῖς

2130 2412 2357 2479 nm,
2382 2411 2509 2476 τούς
2533 2429 2593 2466 τε
2618 2411 3082 2476 ἀναπεπτωκότας
3109 2413 3564 2484 σπουδαιοτέρους
3590 2418 3737 2469 ποιεῖ

2152 2503 2232 2575 τῷ
2259 2503 2428 2574 φόϐῳ.
2458 2504 2571 2559 Καὶ
2602 2503 2694 2557 τὸν
2732 2502 2863 2576 περὶ
2885 2502 2987 2574 τῆς
3025 2504 3375 2568 ἀναστάσεως
3408 2505 3465 2559 δὲ
3494 2504 3602 2558 τῶν
3626 2521 3728 2557 σω-

2157 2598 2345 2669 μάτων
2386 2595 2634 2651 ὲϐεϐαίου
2673 2595 2852 2665 λόγον.
2904 2596 2979 2651 οὐ
3028 2595 3138 2667 γὰρ
3174 2596 3348 2667 δήπου
3389 2597 3450 2650 τὸ
3481 2596 3728 2666 διακονη-

2156 2691 2392 2762 σάμενον
2435 2689 2516 2752 είς
2555 2688 2716 2743 τοῦτο
2765 2690 3007 2754 κάκεῖνο,
3040 2687 3149 2742 τῶν
3185 2688 3433 2759 ἀμοιϐῶν
3468 2688 3571 2754 ἔξω
3608 2689 3730 2759 στή-

2155 2802 2330 2848 σεται,
2382 2782 2547 2855 φησίν
2572 2799 2585 2813 ⁸
2622 2781 2757 2837 ἀλλά
2808 2781 2948 2852 μετά
2990 2781 3089 2852 τῆς
3116 2780 3295 2852 ψυχῆς
3337 2782 3405 2836 τά
3437 2781 3536 2852 μὲν
3570 2780 3729 2836 κολά-

2154 2876 2326 2943 ζεται,
2352 2876 2423 2930 τὰ
2446 2876 2504 2931 δὲ
2531 2874 2908 2945 στεφανοῦται.
2947 2874 3109 2928 Ἀλλά
3136 2891 3280 2937 τινες
3307 2874 3415 2927 τῶν
3441 2873 3727 2945 αίρετικῶν

2154 2987 2339 3040 φασιν,
2371 2970 2452 3023 ὃτι
2485 2968 2672 3039 ἕτερον
2700 2967 2973 3039 ἐγείρεται
2999 2966 3177 3039 σῶμα.
3214 2966 3416 3033 Πόθεν;
3447 2966 3567 3019 εἰπέ
3601 2979 3724 3036 μοι*

2155 3060 2281 3116 ἄλλο
2323 3060 2564 3131 ἥμαρτε,
2604 3059 2697 3112 καὶ
2723 3058 2850 3113 ἄλλο
2878 3057 3195 3124 κολάζεταις
3226 3056 3350 3114 ἀλλο
3373 3053 3724 3125 κατώρθωσε,

2155 3153 2250 3207 καὶ
2286 3152 2416 3207 ἄλλο
2439 3148 2831 3221 στεφανοῦταις
2864 3149 2929 3205 Τί
2960 3149 3017 3204 δὲ
3058 3151 3233 3220 ἐρεῖτε
3260 3146 3458 3215 λέγοντι
3495 3142 3716 3213 Παύλῳ,

2159 3245 2242 3297 οὐ
2301 3241 2557 3312 θέλομεν
2610 3239 3005 3303 ἐκδύσασθαι,
3048 3241 3185 3294 ἀλλ’
3246 3234 3718 3297 ἐπενδύσασθαι;

2158 3333 2275 3397 πῶς
2319 3333 2378 3386 δὲ
2423 3331 2487 3383 τὸ
2546 3330 2783 3401 φθαρτὸν
2836 3330 2941 3383 ὑπὸ
2986 3330 3087 3398 τῆς
3137 3328 3285 3398 ζωῆς
3342 3323 3718 3386 καταπίνεταις

2156 3427 2231 3480 Οὐ
2278 3424 2386 3496 γὰρ
2417 3419 2590 3488 εἶπεν,
2623 3423 2741 3477 ’Ίνα
2771 3421 3054 3493 καταποθῇ
3088 3421 3148 3474 τὸ
3180 3419 3374 3490 θνητὸν
3407 3417 3440 3489 ἢ
3470 3416 3531 3470 τὸ
3553 3415 3729 3486 φθαρο

2154 3517 2246 3571 τὸν
2280 3515 2439 3586 σῶμα
2478 3514 2582 3567 ὑπὸ
2602 3512 2695 3566 τοῦ
2715 3512 2994 3583 ἀφθάρτου
3030 3509 3316 3582 σώματος’
3352 3507 3488 3573 ἀλλ’,
3525 3508 3658 3561 Ἵνα
3691 3507 3729 3575 ἠ

2155 3608 2345 3679 φθορά
2368 3605 2490 3662 ὑπὸ
2520 3603 2630 3673 τῆς
2655 3603 2822 3673 ζωῆς.
2854 3604 2987 3657 Τότε
3018 3602 3124 3675 γὰρ
3159 3603 3318 3656 τοῦτο
3347 3600 3577 3670 γίνεται,
3604 3599 3732 3652 ὃταν

2154 3699 2216 3753 τὸ
2244 3697 2376 3753 αὐτό
2417 3696 2699 3768 ἐγείρηται
2745 3694 2933 3766 σῶμαο
2977 3693 3073 3747 ἐὰν
3109 3694 3165 3747 δὲ
3193 3694 3371 3747 έκεῖνο
3400 3691 3583 3762 ἀφεὶς,
3606 3689 3734 3744 ἄλλο

2155 3789 2564 3861 κατασκευάσῃ,
2617 3786 2800 3841 οὐκέτι
2854 3785 3231 3849 καταπίνεται,
3289 3784 3428 3842 ἀλλὰ
3487 3785 3638 3854 μένει
3698 3784 3734 3855 ἡ

2156 3882 2332 3955 φθορά
2380 3881 2723 3953 κρατήσασα.
2752 3878 2853 3932 Διά
2880 3878 3037 3932 τοῦτο
3062 3878 3123 3931 οὐ
3156 3876 3365 3944 γίνεται
3390 3875 3571 3939 τοῦτο,
3600 3873 3734 3930 ἀλλά

2154 3974 2235 4028 δεῖ
2257 3972 2317 4026 τδ
2340 3969 2579 4043 φθαρτὸν
2607 3967 2786 4035 τοῦτο,
2821 3968 3088 4034 τουτέστι,
3115 3968 3174 4020 τὺ
3198 3966 3378 4037 σῶμα,
3410 3963 3731 4019 ἐνδύσασθαι

2155 4067 2481 4141 ἀφθαρσίαν.
2539 4064 2614 4118 Τὸ
2646 4063 2756 4135 7&9
2808 4063 2965 4133 σῶμα
3011 4062 3171 4133 μέσον
3221 4061 3357 4125 ἐστὶ,
3404 4057 3501 4112 νῦν
3551 4058 3649 4127 μὲν
3675 4057 3733 4109 ὲν

2154 4158 2329 4227 τούτῳ
2369 4156 2680 4227 γενόμενον,
2723 4152 2951 4221 ὕστερον
2999 4152 3055 4205 δὲ
3091 4151 3347 4221 ἐσόμενον
3397 4150 3456 4204 ὲν
3501 4147 3729 4217 ἐκείνῳ·

2157 4255 2252 4306 καὶ
2284 4250 2372 4306 διὰ
2408 4249 2567 4303 τοῦτο
2598 4248 2658 4302 ὲν
2697 4245 2873 4316 τούτῳ
2913 4242 3134 4317 πρώτῳ,
3164 4241 3354 4314 ἐπειδὴ
3385 4240 3485 4312 τὴν
3518 4240 3732 4309 ἀφθαρ-

2159 4344 2278 4398 σίαν
2307 4340 2533 4413 λυθῆναι
2555 4340 2656 4394 οὐκ
2676 4338 2774 4394 ένι.
2809 4339 2893 4392 Οὐ
2921 4338 3030 4407 γὰρ
3066 4337 3105 4403 ἡ
3144 4333 3336 4405 φθορὰ
3371 4332 3487 4400 τὴν
3513 4332 3735 4400 ἀφθαρε

2156 4439 2303 4493 σίαν
2331 4432 2710 4504 κληρονομεῖ,
2758 4431 2957 4502 φησίν*
3006 4429 3128 4482 ἐπεὶ
3163 4427 3278 4491 πῶς
3313 4425 3391 4479 ενι
3426 4423 3732 4495 ἀφθαρσία;

2156 4529 2292 4585 ἀλλά
2313 4526 2645 4592 τούναντίον,
2670 4524 3024 4580 καταπίνεται
3053 4523 3086 4592 ὴ
3117 4518 3294 4592 φθορά
3314 4517 3420 4571 ὑπὸ
3442 4518 3539 4587 τῆς
3566 4516 3731 4587 ζωῆς’

2156 4620 2314 4675 τοῦτο
2357 4619 2457 4689 μὲν
2481 4617 2591 4689 7&9
2619 4614 2829 4670 ἐκείνου
2860 4612 3219 4685 περιγίνεται,
3244 4610 3419 4663 έκεῖνο
3442 4607 3500 4661 δὲ
3542 4607 3734 4660 τούτου

2158 4709 2310 4785 [510]
2334 4709 2540 4765 οὐκέτι.
2580 4707 2792 4777 Ὠσπερ
2815 4705 2922 4777 γὰρ
2944 4704 3134 4775 κηρὸς,
3166 4701 3355 4755 λύεται
3382 4700 3480 4770 μὲν
3501 4698 3607 4755 ὑπὸ
3630 4713 3735 4750 πυο

2162 4806 2272 4879 ρὸς,
2300 4803 2461 4868 αὐτὸς
2489 4802 2547 4856 δὲ
2567 4800 2750 4855 οὐκέτι
2774 4799 2890 4852 λύει
2918 4798 2980 4851 τὸ
3018 4796 3131 4868 πῦρ
3150 4812 3167 4830 ·
3204 4793 3345 4849 οὕτω
3371 4793 3466 4845 καὶ
3496 4794 3529 4861 ἡ
3560 4788 3736 4861 φθορά

2155 4896 2386 4968 τήκεται
2428 4893 2534 4947 ὑπὸ
2560 4892 2664 4962 τῆς
2689 4890 2997 4963 ἀφθαρσίας
3022 4890 3118 4945 καὶ
3138 4886 3484 4957 ἀφανίζεται,
3512 4881 3654 4952 αὕτη
3675 4879 3735 4934 δὲ

2156 4985 2375 5054 ἐκείνης
2393 4982 2668 5054 κρατῆσαι
2689 4981 2947 5036 ουδέποτε
2965 4976 3210 5031 δύναται.
3250 4974 3601 5041 ’Δκούσωμεν
3626 4968 3737 5022 τοί-

2157 5093 2252 5130 νυν
2270 5074 2372 5144 τῆς
2396 5073 2611 5129 Παύλου
2634 5071 2818 5143 φωνῆς
2838 5068 3124 5139 λεγούσης,
3146 5068 3228 5121 δτι
3253 5064 3353 5119 Δεῖ
3375 5062 3533 5133 ἡμᾶς
3553 5074 3738 5129 παρα-

2154 5166 2453 5236 σταθῆναι
2470 5164 2782 5232 τῷβήματι
2795 5160 2903 5216 τοῦ
2916 5159 3193 5229 Χριστοῦ,
3211 5159 3305 5212 καὶ
3321 5156 3463 5222 ύπογ
3471 5152 3735 5225 ράψωμεν

2158 5262 2336 5315 έκεῖνο
2365 5257 2427 5312 τὸ
2446 5255 2820 5325 δικαστήριον,
2854 5253 2950 5307 καὶ
2969 5250 3281 5321 νομίσωμεν
3310 5245 3443 5303 αὐτὸ
3473 5245 3737 5312 παρεῖναι

2157 5353 2273 5420 νῦν,
2321 5352 2416 5406 καὶ
2460 5348 2562 5411 τὰς
2599 5345 2830 5409 εὐθύνας
2870 5342 3240 5398 ἀπαιτεῖσθαι.
3290 5336 3435 5411 Ἐγὼ
3456 5337 3568 5407 7&9
3599 5333 3739 5390 αὐτὸ

2158 5443 2494 5513 πλατύτερον
2525 5438 2654 5511 ἐρῶ.
2687 5436 2902 5499 Παῦλος
2926 5433 3056 5502 γὰρ,
3081 5430 3266 5499 ἐπειδὴ
3287 5425 3737 5513 περὶᾼθλίψεωςδ

2157 5523 2226 5600 ἦν
2251 5529 2280 5581 ι
2305 5509 2464 5595 λόγος
2491 5509 2662 5593 αὐτῷ,
2690 5519 2783 5575 καὶ
2821 5520 2921 5574 οὐκ
2945 5514 3193 5570 ἐϐούλετο
3225 5511 3388 5566 πάλιν
3421 5509 3613 5580 θλῖψαι
3635 5509 3737 5562 αι.

2220 5726 2251 5771 II
2272 5725 2423 5789 Μαι-ε.
2443 5724 2614 5785 Savil.,
2638 5740 2688 5771 π.
2711 5718 3033 5776 ἀναστάσεως.
3060 5714 3277 5776 Utraque
3296 5709 3450 5762 lectio
3469 5708 3717 5788 quatiat.
