4070 6152
328 443 388 479 ac
413 425 642 478 scientes.
689 419 960 475 Audentes
999 414 1132 471 dixit
1174 420 1392 482 pr0pter
1426 407 1885 479 persequutiones,

330 514 556 570 insidias
601 526 665 568 ac
693 517 891 564 mortes
929 506 1204 568 assiduas,
1236 501 1457 573 perinde
1485 515 1548 554 ac
1577 499 1621 553 si
1653 497 1854 552 diceret
1886 513 1900 549 :

335 605 582 676 Exagitat
610 612 662 658 te
687 602 899 671 aliquis,
933 601 1243 662 insectatur,
1271 595 1554 649 obtruncat
1573 592 1598 644 τ
1635 604 1702 645 ne
1726 589 1906 643 animo

334 697 608 758 concidas.
651 695 790 750 bono
829 702 920 746 tuo
963 691 1066 745 hoc
1105 702 1264 742 omne
1304 687 1363 739 ﬁt
1396 703 1410 738 :
1441 699 1511 738 ne
1539 683 1767 747 timeas,
1809 677 1904 733 sed

335 787 568 843 conﬁde.
600 785 653 839 ld
679 784 820 838 enim
839 824 853 844 ,
887 781 954 837 de
993 795 1098 851 quo
1139 777 1444 849 ingemiscis
1469 784 1525 830 et
1551 773 1722 838 doles,
1753 771 1911 825 nitui-

338 896 454 932 rum
479 875 619 946 quod
647 874 972 944 corruptioni
997 870 1218 931 servias,
1249 868 1501 935 deinceps
1524 866 1592 919 de
1613 863 1790 918 medio
1813 861 1910 914 tol-

340 969 415 1028 lit,
445 976 600 1034 atque
617 980 683 1017 ex
707 964 804 1017 hac
821 961 1080 1017 servitute
1106 959 1334 1012 celerius
1356 956 1564 1010 liberat.
1590 955 1666 1007 Ac
1688 949 1912 1021 proinde

334 1057 482 1121 dicit,
531 1055 782 1108 Audentes
822 1052 981 1122 igitur
1019 1065 1254 1119 semper;
1301 1061 1404 1100 non
1445 1044 1600 1098 modo
1630 1044 1681 1096 in
1709 1042 1909 1111 quiete,

337 1148 428 1200 sed
456 1146 618 1200 etiam
651 1146 701 1197 in
732 1142 1111 1197 afﬂictionibus
1138 1157 1154 1204 ;
1181 1150 1227 1194 et
1264 1140 1472 1192 scientes
1510 1135 1750 1204 quoniam
1792 1132 1915 1185 dum

337 1253 596 1290 versamur
624 1236 678 1288 in
701 1249 936 1301 corpore,
979 1232 1360 1302 peregrinantur
1393 1245 1426 1281 a
1451 1227 1670 1280 Domino
1697 1240 1716 1278 :
1745 1225 1798 1280 7.
1824 1240 1914 1290 per

339 1333 493 1398 ﬁdem
534 1329 666 1382 enim
704 1325 1019 1378 ambulamus
1046 1332 1094 1377 et
1120 1339 1218 1376 non
1248 1338 1336 1391 per
1373 1321 1588 1390 speciem
1611 1334 1630 1372 :
1657 1318 1712 1372 8.
1757 1317 1915 1369 aude-

339 1439 453 1475 mus
475 1431 664 1484 autem,
692 1429 736 1471 et
760 1417 940 1470 bonam
962 1417 1262 1469 voluntatem
1289 1411 1527 1464 habemus
1550 1407 1865 1479 peregrinari
1884 1422 1917 1458 a

341 1527 572 1580 corpore,
591 1521 638 1562 et
669 1518 932 1576 prwsentes
952 1523 1056 1559 esse
1081 1506 1148 1557 ad
1174 1503 1464 1558 Dominum.
1492 1500 1644 1566 Quod
1671 1497 1918 1553 omnibus

343 1603 623 1656 sublimius
667 1608 784 1663 est,
827 1598 1123 1667 posteriore
1162 1597 1279 1651 loco
1321 1596 1538 1665 posuit:
1583 1590 1919 1661 praestantius

344 1694 491 1749 enim
520 1701 598 1746 est
639 1708 758 1746 cum
786 1690 997 1745 Christo
1046 1703 1200 1752 esse,
1241 1703 1400 1758 quam
1429 1700 1625 1754 corpus
1667 1699 1696 1738 a
1735 1697 1920 1736 corru-

349 1786 529 1852 ptione
559 1783 780 1836 liberum
808 1783 1072 1849 accipere.
1109 1780 1218 1833 lloc
1240 1790 1418 1833 autem
1444 1778 1560 1831 vult
1580 1775 1880 1844 signiﬁcare
1903 1792 1916 1827 :

349 1875 524 1929 Vitam
557 1881 787 1927 nostram
831 1873 878 1926 is
907 1887 1010 1924 non
1041 1871 1349 1939 exstinguit,
1379 1870 1468 1938 qui
1505 1883 1602 1923 nos
1630 1874 1916 1937 oppugnat,

344 1981 410 2018 ac
442 1973 611 2017 morte
639 1963 801 2015 afﬁcit
830 1979 844 2012 τ
890 1977 958 2016 ne
989 1963 1178 2015 timeas
1211 1979 1224 2012 :
1257 1959 1467 2014 confide
1507 1974 1626 2011 cum
1666 1957 1919 2012 concide-

347 2051 442 2102 ris.
469 2048 648 2117 Neque
675 2047 814 2101 enim
845 2047 932 2100 ille
949 2046 1224 2100 dumtaxat
1252 2053 1303 2099 te
1331 2061 1360 2097 a
1379 2045 1724 2110 corruptione
1746 2042 1919 2096 vindi-

345 2149 452 2203 cat,
487 2153 550 2192 ac
593 2139 739 2207 gravi
785 2140 992 2191 sarcina
1025 2139 1184 2202 levat,
1218 2138 1310 2191 sed
1355 2137 1514 2190 etiam
1543 2136 1608 2189 ad
1639 2135 1922 2190 Dominum

346 2230 630 2284 confestim
677 2230 1005 2283 transmittit.
1053 2229 1177 2283 ldeo
1221 2243 1327 2282 non
1357 2227 1509 2292 dixit,
1557 2226 1692 2279 Dum
1740 2240 1924 2281 sumus

347 2323 400 2376 in
421 2336 666 2392 corpore,
689 2322 838 2390 quasi
866 2321 952 2374 hic
977 2321 1143 2374 simus
1169 2321 1219 2373 in
1241 2329 1460 2374 externa
1483 2322 1723 2388 regione.
1747 2318 1928 2372 Scien-

349 2427 421 2468 tes
446 2415 602 2484 igitur
624 2414 758 2484 quod
786 2414 907 2466 dum
928 2428 1183 2467 versamur
1210 2413 1263 2464 in
1292 2427 1521 2479 corpore,
1546 2412 1928 2480 peregrinantur

349 2523 384 2559 a
406 2505 653 2558 Domino:
679 2506 926 2558 audemus
952 2515 1140 2567 autent,
1171 2513 1216 2557 et
1242 2503 1424 2555 bonam
1450 2503 1755 2554 voluntatem
1777 2499 1929 2553 habe-

349 2612 462 2649 mus
488 2597 649 2665 magis
675 2595 991 2665 peregrinari
1010 2611 1041 2647 a
1060 2610 1290 2663 corpore,
1315 2602 1361 2646 et
1383 2601 1651 2660 prteseutes
1670 2607 1777 2645 esse
1791 2591 1929 2659 apud

357 2686 649 2739 Dominum.
694 2686 884 2739 Viden‘
934 2701 1040 2753 quo
1087 2692 1240 2753 pacto
1280 2684 1500 2736 molesta
1549 2682 1634 2735 illa
1666 2682 1851 2736 mortis
1875 2691 1930 2736 et

352 2779 529 2832 obitus
559 2776 816 2830 vocabula
841 2778 1102 2840 reticens,
1133 2775 1233 2828 alia
1263 2789 1515 2844 perquam
1549 2774 1727 2828 suavia
1759 2773 1811 2829 in
1838 2789 1929 2828 eoo

354 2887 471 2925 rum
495 2870 662 2924 vicem
695 2867 1044 2930 substituerit,
1061 2867 1392 2935 praesentiam
1410 2866 1656 2919 nimirum
1673 2865 1738 2920 ad
1764 2865 1929 2920 Deum

355 2980 416 3017 ea
449 2977 761 3031 nuncupans
788 2978 803 3026 ;
835 2977 898 3016 ac
938 2961 1307 3031 praztermissis
1339 2960 1442 3014 illis
1469 2960 1742 3014 vocabulis
1765 2998 1780 3024 ,
1811 2975 1930 3027 qua:

351 3056 700 3124 iucunditatis
727 3055 960 3123 speciem
989 3053 1290 3116 habebant,
1323 3067 1443 3121 qua:
1488 3051 1554 3105 ad
1595 3053 1755 3105 vitam
1807 3066 1932 3119 per-

355 3148 560 3208 tinent,
599 3161 626 3199 a
681 3146 923 3199 tristibus
963 3144 1323 3212 nuncupavit,
1367 3144 1844 3213 peregrinationem
1902 3158 1931 3196 a

356 3239 585 3292 Domino
611 3239 769 3291 vitam
803 3237 939 3291 hanc
966 3237 1236 3305 appellans
1263 3237 1286 3290 *ἓ
1318 3236 1427 3290 Hoc
1454 3247 1631 3290 autem
1659 3253 1724 3290 co
1753 3236 1933 3290 consi-

357 3330 429 3382 lio
459 3329 603 3392 fecit,
635 3345 700 3383 ne
719 3329 995 3398 quisquam
1025 3329 1075 3380 in
1105 3328 1455 3397 praesentibus
1484 3329 1707 3383 libenter
1737 3329 1932 3382 immo-

359 3429 531 3481 retur,
561 3419 653 3472 sed
692 3434 752 3473 ea
783 3420 957 3488 potius
985 3420 1218 3488 graviter
1258 3418 1436 3478 ferat;
1481 3435 1577 3472 nec
1623 3434 1829 3483 rursus,
1865 3434 1928 3474 ex

363 3510 466 3562 bac
494 3509 596 3562 vita
624 3524 956 3573 excessurus,
986 3511 1345 3579 perturbetur,
1373 3510 1467 3564 sed
1499 3512 1672 3578 potius
1699 3512 1934 3576 laetetur,

363 3613 419 3653 ut
445 3601 510 3653 ad
543 3600 741 3668 ntajora
771 3602 901 3654 bona
931 3601 1295 3670 proﬁciscens.
1327 3601 1536 3663 Postea,
1568 3617 1636 3655 ne
1669 3601 1788 3668 quis
1820 3601 1936 3655 haec

361 3693 611 3755 audiens,
641 3691 1033 3762 Peregrinamur
1056 3709 1087 3744 a
1114 3691 1350 3754 Domino,
1381 3691 1584 3745 diceret
1618 3708 1629 3742 :
1655 3692 1794 3757 Quid
1814 3692 1936 3746 ais?

362 3801 490 3836 nmn
533 3799 561 3835 a
612 3784 718 3836 Deo
746 3784 1127 3844 almlienamur,
1160 3783 1282 3850 quia
1312 3783 1398 3836 bic
1427 3784 1653 3838 sumus?
1679 3783 1937 3850 objectio-

361 3889 483 3927 nem
513 3873 649 3926 hanc
688 3882 1030 3941 praevertens,
1061 3872 1210 3932 dixit,
1259 3871 1359 3925 Per
1395 3870 1544 3938 ﬁdem
1584 3873 1716 3926 enim
1757 3874 1934 3925 ambu-

361 3968 547 4031 lamus,
599 3983 698 4018 non
745 3982 833 4034 per
882 3966 1129 4033 speciem;
1175 3974 1332 4034 atque
1379 3964 1465 4018 hic
1511 3965 1726 4033 quidem
1761 3965 1934 4033 ipsum

363 4057 655 4117 noscimus,
684 4055 779 4108 sed
819 4069 926 4107 non
959 4058 1026 4106 ita
1057 4054 1217 4107 clare.
1247 4054 1302 4108 ld
1325 4054 1464 4123 quod
1493 4055 1598 4108 alio
1630 4056 1746 4110 loco
1775 4055 1932 4118 dicit,

365 4145 471 4199 Per
513 4147 794 4214 speculum,
835 4155 912 4209 et,
953 4143 1022 4196 In
1060 4146 1326 4213 aenigmate
1373 4146 1470 4214 (1.
1517 4146 1631 4199 Cor.
1678 4149 1764 4202 15.
1812 4147 1932 4215 η).

361 4238 621 4290 Audemus
647 4247 837 4298 autem,
866 4247 911 4289 et
932 4236 1116 4289 bonam
1137 4238 1444 4290 voluntatem
1467 4237 1724 4292 habemus.
1756 4239 1933 4307 Papae,

362 4343 472 4397 quo
514 4344 819 4382 sermonem
870 4327 1226 4382 circumduxit
1267 4328 1279 4380 Ξ
1332 4343 1522 4397 nempe
1567 4329 1632 4383 ad
1674 4345 1936 4384 sumnmm

366 4421 556 4474 mortis
584 4420 906 4475 desiderium
935 4437 947 4483 ;
998 4420 1046 4473 id
1069 4460 1084 4482 ,
1136 4419 1276 4486 quod
1305 4420 1586 4474 molestum
1628 4430 1709 4475 est
1729 4461 1744 4485 ,
1777 4437 1937 4476 suave

361 4525 487 4564 esse
514 4513 821 4574 ostendens,
853 4511 1058 4580 etquod
1089 4525 1269 4575 suave,
1298 4511 1600 4565 molestum.
1625 4512 1776 4579 Quod
1798 4513 1938 4567 enim

361 4605 474 4665 ait,
520 4603 714 4658 Bonam
742 4607 1048 4658 voluntatem
1077 4604 1317 4658 habemus
1341 4644 1356 4669 ,
1395 4604 1445 4657 id
1477 4614 1591 4669 est,
1620 4606 1934 4673 expetimus.

366 4697 505 4764 Quid
556 4701 892 4767 expetimus?
937 4699 1212 4754 Excedere
1240 4714 1270 4752 e
1309 4713 1533 4766 corpore
1556 4739 1570 4762 ,
1604 4707 1762 4768 atque
1801 4699 1939 4767 apud

369 4788 653 4840 Dominum
693 4797 983 4856 praesentes
1025 4804 1164 4844 esse.
1203 4789 1314 4844 Hoc
1337 4801 1533 4853 autem,
1578 4800 1632 4842 ut
1667 4790 1777 4858 jam
1807 4789 1937 4855 dixi,

367 4877 561 4932 l’aul'us
589 4895 800 4946 semper
823 4879 965 4941 facit,
992 4891 1047 4933 ut
1074 4897 1280 4943 eorum,
1310 4882 1397 4948 qui
1430 4882 1528 4949 ipsi
1567 4883 1937 4948 adversantur,

363 4983 672 5021 sermonem
694 4969 748 5022 in
773 4971 1097 5023 contrarium
1119 4979 1380 5036 torqueat.
1409 4971 1463 5023 9.
1487 4970 1632 5023 Unde
1657 4982 1702 5023 et
1727 4983 1938 5025 conten-

362 5059 556 5122 dimus,
599 5061 699 5112 sive
740 5070 1008 5127 prazseutes
1033 5061 1134 5112 sive
1162 5060 1408 5121 absentes,
1448 5060 1544 5125 ipsi
1584 5061 1797 5126 placere.
1829 5062 1938 5116 lloc

362 5153 508 5204 enim
553 5151 706 5204 nobis
735 5153 1065 5220 prepositqu
1095 5162 1199 5212 est,
1235 5151 1420 5219 inquit,
1459 5158 1516 5202 ut
1553 5151 1665 5204 sive
1694 5151 1799 5204 illic
1828 5154 1940 5206 sive

363 5242 454 5297 hic
499 5242 684 5304 simus,
730 5258 793 5296 ex
823 5244 986 5309 ipsius
1027 5243 1300 5295 voluntate
1346 5251 1398 5294 et
1427 5241 1687 5294 sententia
1716 5242 1893 5296 vivere
1922 5259 1934 5295 :

361 5333 466 5385 hoc
508 5335 650 5384 enim
698 5333 872 5385 studio
918 5331 1046 5384 nihil
1087 5339 1169 5384 est
1215 5331 1367 5384 nobis
1414 5331 1697 5400 antiquius.
1758 5331 1939 5400 itaque

363 5425 491 5477 hinc
529 5423 638 5491 jam
693 5439 914 5493 regnum
955 5423 1118 5476 babes
1156 5422 1274 5475 sine
1315 5423 1648 5490 probatione.
1698 5422 1828 5476 Nam
1873 5439 1939 5477 ne

362 5529 572 5576 rursus,
604 5529 724 5567 cum
771 5514 824 5566 in
857 5522 1053 5566 tantam
1081 5511 1419 5578 cupiditatem
1451 5513 1717 5566 venissent
1739 5554 1753 5576 ,
1797 5513 1938 5566 illius

357 5605 810 5674 peregrinatirmis
842 5617 1018 5656 moras
1062 5617 1202 5670 :egre
1255 5601 1474 5668 ferrent,
1505 5603 1590 5656 hic
1623 5603 1728 5670 jam
1771 5604 1931 5672 ipsis,

351 5695 500 5765 quod
531 5697 791 5749 bonormu
820 5695 1056 5746 omnium
1087 5701 1246 5761 caput
1275 5702 1374 5757 est,
1409 5694 1609 5749 tribuit.
1639 5694 1771 5761 Quid
1804 5694 1933 5749 illud

702 5785 966 5841 ΡΑτιιοῐ..
1016 5785 1127 5843 Gn.
1184 5785 1334 5848 LXI.

1368 289 1433 352 IN
1470 288 1682 350 EPIST.
1725 290 1770 345 ll
1834 282 1924 343 AD
1960 283 2115 340 COR.
2157 277 2384 339 liOlllL.
2423 281 2496 336 Χ.

3487 277 3594 332 ι’ῖυ

2008 411 2092 453 est
2115 399 2140 451 ?
2169 398 2236 454 Ut
2265 398 2375 453 Deo
2401 395 2537 467 grati
2563 395 2690 450 sint.
2735 392 2921 465 Neque
2949 394 3092 449 enim
3118 391 3435 464 simpliciter
3467 389 3594 448 hinc

2010 491 2272 547 excedere
2297 490 2612 561 praeclarum
2641 499 2743 554 est,
2765 489 2860 546 scd
2891 489 3152 545 excedere
3177 504 3299 544 cum
3327 488 3447 543 vita:
3471 503 3599 558 pro.

2014 581 2175 636 bitate
2204 597 2220 646 ;
2247 581 2376 636 hinc
2395 583 2539 636 enim
2572 581 2889 650 prmclarum
2916 595 3128 651 quoque
3166 579 3293 634 illud
3319 577 3548 635 eliieitur
3572 597 3589 634 :

2013 681 2113 727 nec
2156 688 2344 728 rursus
2373 673 2460 728 hic
2518 673 2833 743 simpliciter
2873 688 2993 729 esse
3019 688 3180 742 grave
3218 681 3322 739 est,
3353 672 3448 728 sed
3475 685 3596 729 cum

2003 765 2310 820 offensione
2337 765 2430 820 Dei
2460 766 2545 820 hic
2568 780 2709 821 esse.

2086 852 2140 908 5.
2189 853 2332 909 Cave
2373 870 2500 925 ergo
2531 856 2804 911 existimes
2827 867 3107 912 exceSSum
3138 871 3170 912 e
3193 870 3420 926 corpore
3448 855 3599 912 solli-

2016 962 2140 1002 cere
2173 964 2186 1001 :
2215 947 2410 1001 virtute
2439 947 2636 1018 quippe
2675 948 2870 1019 ubique
2914 957 2998 1003 est
3039 962 3194 1018 opus.
3233 946 3384 1004 Sicut
3431 949 3600 1012 enim,

2017 1055 2137 1094 cum
2183 1042 2594 1095 resurrectionis
2637 1041 2897 1095 vocabulo
2941 1057 3068 1096 usus
3113 1050 3276 1106 esset,
3327 1057 3432 1096 non
3479 1039 3603 1097 sivit

2019 1148 2118 1187 nos
2156 1133 2207 1187 in
2247 1148 2308 1187 ea
2349 1135 2462 1187 sola
2506 1133 2748 1188 ﬁduciam
2795 1133 3023 1199 habere,
3066 1130 3282 1197 dicens,
3330 1135 3392 1188 Si
3436 1145 3604 1188 tamen

2020 1225 2201 1289 vestiti,
2237 1235 2282 1279 et
2314 1241 2417 1278 non
2469 1225 2593 1278 nudi
2618 1225 2933 1278 inveniamur
2959 1239 2979 1278 :
3009 1224 3108 1288 sic,
3141 1237 3262 1278 cum
3293 1225 3604 1293 peregrina-

2022 1315 2220 1368 tionem
2250 1315 2592 1378 ostendisset,
2625 1329 2692 1369 ne
2717 1328 2834 1368 eam
2865 1312 2957 1367 tibi
2980 1313 3046 1367 ad
3073 1310 3297 1368 salutem
3329 1311 3458 1368 satis
3484 1328 3606 1368 esse

2021 1406 2292 1471 crederes,
2321 1405 2422 1461 hoc
2445 1406 2658 1474 adjecit,
2688 1405 2895 1476 placere
2918 1406 3030 1461 Deo
3055 1415 3284 1476 oportet.
3319 1407 3607 1474 Postquam

2023 1500 2182 1568 igitur
2207 1516 2234 1552 a
2280 1500 2460 1554 multis
2508 1501 2666 1554 rebus
2707 1497 2842 1554 iiBliS
2889 1515 3074 1554 eorum
3103 1500 3311 1554 animos
3346 1497 3606 1560 incitavit,

2024 1591 2278 1660 deinceps
2321 1606 2349 1643 a
2401 1591 2722 1646 tristioribus
2765 1600 2966 1645 metum
3008 1591 3217 1645 incutit.
3268 1590 3419 1658 Quod
3464 1590 3612 1644 enim

2026 1681 2154 1735 utile
2182 1688 2284 1744 est,
2317 1688 2422 1734 tam
2454 1683 2504 1733 in
2533 1681 2793 1734 bonorum
2821 1680 3126 1749 adeptione,
3150 1695 3310 1750 quam
3337 1679 3389 1734 in
3436 1677 3611 1733 malo-

2026 1785 2144 1822 rum
2195 1769 2315 1840 l’uga
2355 1771 2638 1837 consistit,
2679 1787 2799 1841 quae
2841 1772 3056 1840 quidem
3096 1781 3220 1826 sunt
3266 1771 3510 1841 gehenua
3555 1778 3612 1826 et

2027 1876 2270 1930 regnum.
2297 1862 2558 1916 Caeterum
2585 1863 2836 1932 quoniam
2859 1879 3070 1931 pccnam
3098 1863 3330 1934 eﬁ'ugere
3351 1863 3611 1936 maiorem

2029 1954 2135 2006 vim
2179 1954 2338 2008 habet
2369 1973 2383 2008 :
2417 1971 2538 2009 nam
2569 1956 2810 2026 plerique
2854 1957 3116 2028 iacturam
3160 1958 3424 2014 bonorum
3453 1957 3611 2012 facile

2029 2043 2268 2111 ferrent;
2314 2047 2358 2100 si
2385 2055 2567 2102 autem
2596 2058 2860 2103 tormenta
2887 2048 2997 2102 sint
3024 2048 3241 2104 ferenda
3262 2091 3278 2110 ,
3307 2064 3414 2104 non
3446 2050 3610 2116 item;

2030 2147 2305 2206 oporteret
2326 2141 2466 2193 enim
2493 2141 2725 2208 priorem
2745 2141 3010 2210 jacturam
3029 2143 3420 2197 intolerabilem
3437 2141 3615 2198 existi-

2032 2244 2179 2284 mare
2206 2246 2222 2296 ;
2251 2231 2344 2285 sed
2375 2246 2440 2286 ex
2474 2231 2780 2287 inﬁrmitate
2808 2243 2861 2288 et
2892 2234 3192 2303 abjectione
3221 2237 3370 2290 multi
3395 2249 3609 2305 pinnam

2031 2321 2331 2389 graviorem
2377 2322 2765 2394 existimant):
2796 2326 3046 2394 quoniam
3082 2341 3210 2395 ergo
3240 2341 3483 2394 magnam
3519 2341 3614 2380 nu-

2032 2411 2260 2466 ditorum
2281 2423 2485 2480 partem
2505 2412 2764 2469 bonorum
2794 2415 3004 2484 largitio
3021 2432 3125 2470 non
3153 2416 3370 2484 perinde
3389 2415 3612 2479 excitat,

2035 2511 2092 2555 ut
2118 2513 2506 2560 tormentorum
2534 2507 2879 2560 comminatio
2901 2548 2915 2570 ,
2947 2509 3266 2564 necessitate
3307 2508 3616 2576 compulsus

2033 2593 2110 2647 sic
2135 2608 2441 2650 sermonem
2467 2596 2740 2650 concludit
2771 2613 2784 2648 :
2815 2597 2902 2652 10.
2929 2597 3115 2652 Omnes
3131 2599 3262 2652 enim
3283 2615 3375 2653 nos
3397 2601 3618 2670 manife-

2032 2682 2160 2738 stari
2203 2694 2398 2754 oportet
2437 2694 2552 2740 ante
2591 2686 2814 2740 tribunal
2857 2686 3064 2742 Christi.
3113 2688 3233 2744 Mox
3281 2697 3481 2756 tamen,
3526 2689 3615 2745 ubi

2039 2773 2319 2828 tribunalis
2351 2773 2494 2828 illius
2525 2775 2785 2829 memoria
2813 2776 3110 2831 auditorem
3155 2778 3378 2842 terruit,
3423 2793 3492 2834 ne
3531 2779 3619 2834 hic

2037 2865 2253 2934 quidem
2285 2865 2452 2919 tristia
2486 2867 2603 2921 sine
2634 2868 2770 2922 ltetis
2807 2869 3004 2936 posuit,
3049 2869 3142 2923 sed
3183 2870 3454 2939 voluptate
3483 2886 3617 2940 qua-

2036 2955 2159 3009 dam
2188 2954 2436 3023 miscuit,
2467 2955 2652 3012 dicens
2684 2975 2696 3010 :
2732 2952 2799 3012 Ut
2827 2958 3015 3026 referat
3039 2961 3383 3031 unusquisque
3409 2963 3620 3030 propria

2038 3046 2286 3116 corporis,
2318 3059 2466 3117 prout
2485 3048 2657 3118 gessit,
2689 3051 2792 3104 sive
2819 3049 3004 3104 bonum
3032 3052 3135 3105 sive
3163 3051 3373 3106 malum.
3414 3051 3620 3118 Quibus

2042 3139 2223 3194 verbis
2252 3149 2307 3195 et
2334 3156 2448 3206 eos,
2479 3140 2570 3213 qui
2601 3143 2856 3211 prteclare
2881 3159 2938 3200 sc
2967 3156 3242 3215 gesserant
3271 3155 3430 3216 atque
3452 3162 3618 3202 vexa-

2040 3231 2250 3297 bantur,
2280 3231 2331 3287 in
2357 3247 2505 3303 Spem
2529 3234 2704 3304 erigit,
2733 3245 2786 3289 et
2808 3250 2901 3290 eos
2926 3239 3014 3306 qui
3033 3237 3397 3303 conciderant,
3424 3239 3620 3306 injecto

2041 3332 2246 3378 terrore
2286 3324 2655 3394 diligentiores
2705 3327 2882 3380 reddit
2915 3346 2929 3380 :
2971 3341 3031 3386 ac
3076 3328 3306 3398 denique
3332 3344 3622 3398 corporum

2041 3417 2488 3472 resurrectionem
2517 3419 2818 3472 conﬁrmat.
2844 3418 2954 3472 Non
2982 3420 3145 3484 enim,
3177 3421 3364 3489 inquit,
3395 3420 3444 3475 id
3473 3419 3619 3489 qttod

2042 3519 2151 3561 tum
2179 3507 2245 3561 ad
2277 3509 2545 3571 virtutem,
2573 3517 2682 3562 tum
2707 3509 2772 3564 ad
2795 3510 2981 3563 vitium
3005 3525 3221 3580 cperam
3237 3511 3400 3577 dedit,
3430 3528 3461 3566 a
3484 3528 3618 3581 prato

2043 3603 2150 3656 mio
2184 3603 2268 3656 vel
2295 3617 2450 3671 poena
2478 3601 2834 3666 excludetur;
2867 3603 2962 3656 sed
2995 3618 3093 3656 una
3131 3618 3254 3658 cum
3281 3604 3476 3658 animis
3501 3619 3624 3659 cor-

2046 3706 2170 3760 pora
2202 3693 2391 3760 partim
2439 3692 2906 3758 excruciabunmr,
2938 3694 3130 3762 partim
3159 3708 3388 3748 coronas
3426 3709 3623 3749 conse-

2043 3791 2291 3848 quentur.
2317 3785 2385 3835 At
2409 3794 2530 3836 sunt
2553 3782 2810 3847 lueretici,
2834 3783 2921 3852 qui
2949 3783 3091 3838 aliud
3117 3799 3312 3852 corpus
3339 3799 3623 3854 resurgere

2043 3874 2337 3926 asserant?
2380 3870 2529 3928 Unde
2570 3867 2941 3943 boc?qua:$o~;
2990 3874 3130 3928 aliud
3160 3875 3434 3944 peccavit,
3477 3875 3623 3930 aliud

2044 3965 2258 4032 ponitur
2278 3965 2301 4017 ?
2325 3962 2468 4018 aliud
2509 3974 2652 4020 recte
2682 3965 2828 4032 fecit,
2857 3967 3000 4021 aliud
3032 3977 3319 4022 coronatur
3347 3969 3370 4022 ?
3396 3967 3531 4033 Quid
3556 3967 3622 4022 ad

2046 4056 2162 4110 haec
2202 4057 2347 4110 Pauli
2388 4057 2552 4112 verba
2582 4057 2773 4113 dicturi
2795 4063 2948 4125 estis,
2986 4057 3241 4114 Nolumus
3269 4060 3500 4129 spoliari,
3532 4059 3624 4113 sed

2042 4149 2365 4216 supervestiri
2397 4148 2424 4200 .9
2466 4149 2736 4218 quomodo
2778 4149 2830 4202 id
2872 4151 3012 4219 quod
3051 4151 3395 4219 corruptibile
3439 4159 3543 4214 est,
3591 4166 3624 4204 a

2045 4240 2150 4294 vita
2179 4239 2496 4294 absorbetur
2524 4242 2547 4293 ?
2573 4240 2684 4294 Nec
2721 4241 2862 4296 enim
2907 4241 3040 4294 dixit
3069 4241 3292 4304 Paulus,
3324 4241 3394 4296 Ut
3429 4241 3623 4296 absor-

2045 4329 2238 4385 beatur
2265 4331 2490 4384 mortale
2513 4371 2526 4393 ,
2560 4331 2640 4384 vel
2679 4331 3028 4399 corruptibile
3062 4345 3256 4399 corpus
3283 4331 3352 4384 ab
3382 4332 3627 4386 incorru-

2048 4419 2223 4488 ptibili
2248 4434 2472 4489 corpore
2501 4437 2515 4485 ;
2547 4419 2639 4474 sed
2661 4461 2674 4484 ,
2715 4414 2782 4474 Ut
2821 4422 3077 4490 corruptio
3116 4439 3149 4474 a
3189 4424 3307 4475 vita.
3343 4423 3454 4476 lloc
3483 4423 3626 4478 enim

2051 4519 2160 4562 tum
2206 4509 2501 4578 contingit,
2550 4525 2671 4564 cum
2720 4509 2846 4564 illud
2897 4511 3069 4576 ipsum
3111 4525 3309 4580 corpus
3351 4511 3418 4566 ad
3461 4512 3625 4568 vitam

2048 4601 2204 4655 redit.
2233 4601 2382 4668 Quod
2411 4602 2454 4656 si
2486 4603 2670 4658 relicto
2709 4603 2800 4658 illo
2841 4604 2983 4658 aliud
3013 4614 3338 4671 exstruatur,
3384 4621 3488 4660 non
3513 4605 3625 4675 jam

2046 4693 2365 4749 absorbetur
2393 4695 2687 4763 corruptio,
2715 4695 2809 4749 sed
2835 4704 3013 4748 manet
3042 4710 3104 4750 ac
3126 4696 3448 4752 dominatur.
3482 4697 3629 4764 Quo-

2047 4785 2185 4838 circa
2234 4784 2452 4839 minime
2499 4785 2599 4839 ltoc
2645 4785 2739 4849 lit;
2786 4801 2971 4839 verum
3023 4795 3235 4855 oportet
3279 4786 3629 4858 corruptibile

2049 4877 2168 4939 ltoc,
2200 4892 2395 4946 corpus
2423 4893 2631 4946 nempe,
2667 4878 2888 4931 induere
2913 4878 3385 4948 incorruptionem.
3419 4880 3628 4950 Corpus

2047 4969 2187 5020 enim
2220 4969 2271 5021 in
2301 4969 2477 5023 medio
2505 4977 2624 5032 est,
2659 4983 2719 5022 ac
2749 4985 2887 5023 nunc
2917 4970 2966 5022 in
2998 4973 3340 5040 corruptione
3365 4983 3472 5036 est,
3503 4985 3626 5040 post

2048 5071 2224 5114 autem
2240 5063 2292 5113 in
2314 5063 2711 5128 incorruptione
2727 5063 2827 5115 erit
2851 5081 2863 5115 :
2887 5063 3005 5116 ideo
3024 5064 3074 5117 in
3095 5065 3433 5132 corruptione
3457 5065 3626 5133 prius,

2049 5154 2296 5218 quoniam
2341 5153 2664 5221 iucorruptio
2703 5154 2835 5208 solvi
2868 5170 2970 5208 non
3009 5163 3236 5223 poterat.
3269 5154 3445 5227 Neque
3481 5159 3624 5212 enim

2051 5244 2327 5310 corruptio,
2362 5243 2550 5310 inquit,
2584 5243 3012 5312 incorruptionem
3040 5245 3315 5300 hereditate
3353 5248 3629 5318 possidebit

2050 5335 2126 5403 (l.
2156 5335 2272 5388 Cor.
2303 5336 2388 5388 15.
2413 5334 2541 5403 50);
2569 5337 2839 5404 quomodo
2869 5337 3009 5391 enim
3040 5347 3220 5407 posset
3263 5355 3382 5394 cum
3427 5343 3498 5395 sit
3543 5342 3626 5392 in-

2050 5429 2318 5494 corruptio
2347 5427 2369 5478 ?
2397 5442 2578 5480 verum
2607 5436 2790 5481 contra
2815 5431 3083 5498 corruptio
3118 5445 3147 5484 a
3184 5432 3287 5485 vita
3317 5427 3626 5486 absorbebi-

2053 5527 2155 5570 tur.
2194 5516 2280 5569 illa
2323 5517 2463 5571 enim
2513 5517 2645 5572 hanc
2688 5520 2896 5583 vincit;
2946 5520 3058 5574 bznc
3101 5533 3277 5576 autem
3319 5521 3462 5575 illam
3510 5534 3618 5570 non

2051 5609 2196 5661 item.
2250 5608 2313 5661 Ut
2342 5609 2481 5662 enim
2513 5625 2634 5664 cera
2679 5612 2812 5682 ignis
2856 5612 3051 5666 ardore
3101 5612 3450 5680 colliquescit,
3500 5621 3624 5661 cera

2052 5709 2225 5753 autem
2259 5700 2433 5769 ignem
2468 5718 2570 5755 non
2617 5704 2774 5758 solvit
2805 5721 2815 5755 :
2852 5705 2928 5758 sic
2958 5704 3231 5770 corruptio
3267 5702 3334 5755 ab
3373 5701 3622 5753 incorru-

3271 5796 3341 5856 30
