4070 6152
539 205 648 263 ..ι’τι
1257 213 1323 274 5S.
1355 217 1631 277 JOANNIS
1667 215 2143 283 CHRYSOSTOMI
2182 231 2497 300 Αηω-ηει).
2540 246 3065 317 CONSTANTINOP.

557 324 840 392 plihilitate
882 321 1106 384 solvitur
1141 339 1312 403 atque
1355 337 1728 406 exstinguitur,
1773 339 1895 394 huic
1950 351 2126 397 autem

555 414 641 469 illa
682 417 940 472 dominari
975 436 1260 493 numquam
1304 428 1519 494 poterit.
1553 430 1843 486 Audiamus
1871 447 1997 502 ergo
2024 449 2119 489 vo-

556 519 668 560 cem
695 508 844 563 Pauli
876 509 1124 578 dicentis,
1161 513 1370 584 Oportet
1399 535 1491 573 nos
1512 522 1622 575 sisti
1647 523 1715 582 ad
1739 524 1962 578 tribunal
1979 525 2128 581 Clario

533 600 618 652 ‘sti
644 616 662 651 :
684 615 747 653 ac
777 601 1005 658 tribunal
1051 605 1181 661 illud
1223 610 1403 664 animo
1445 613 1814 684 depingamus,
1860 619 2126 675 existimeo

551 706 776 760 musque
804 693 974 763 ipsum
1014 698 1122 766 jam
1163 701 1371 768 adesse,
1398 720 1463 759 ac
1503 706 1625 762 vita:
1654 710 1886 766 rationes
1914 727 1942 764 a
1975 713 2128 768 nobis

549 783 785 850 exposci.
829 785 938 854 Ego
984 789 1128 843 enim
1176 789 1346 847 fusius
1391 810 1674 864 caponam.
1725 799 1861 855 Nam
1908 801 2120 868 Paulus,

553 873 673 941 quia
704 873 773 930 de
801 877 1094 935 afﬂictione
1122 896 1423 940 sermonem
1461 888 1709 955 habebat,
1755 909 1855 948 nec
1885 911 1982 949 eos
2009 913 2123 951 rur-

549 977 665 1016 sum
713 979 959 1034 premere
1011 971 1244 1039 volebat,
1286 991 1402 1032 non
1440 978 1639 1035 diutius
1678 983 1857 1038 inlhac
1887 991 2126 1044 oratione

447 1065 459 1072 ·
550 1052 939 1112 immorandum
959 1075 1078 1116 esse
1097 1062 1265 1129 duxit,
1294 1068 1387 1122 sed
1418 1071 1597 1138 paucis
1617 1071 1700 1126 his
1723 1075 1918 1140 verbis,
1953 1076 2122 1132 Unus-

556 1148 769 1219 quisque
819 1155 1000 1223 referet
1061 1167 1209 1226 prout
1252 1162 1432 1228 gessit,
1483 1163 1534 1217 id
1593 1167 1734 1235 quod
1780 1170 2121 1234 acerbitatem

551 1238 809 1295 aﬂ‘erebat
832 1245 1164 1314 complexus,
1200 1253 1381 1306 statim
1412 1254 1634 1311 ulterius
1666 1261 1890 1314 transiit.
1925 1262 2121 1317 Existi-

553 1345 760 1386 memus
802 1333 960 1404 igitur
1005 1337 1145 1394 diem
1189 1341 1334 1398 illum
1378 1356 1678 1403 extremum
1723 1369 1862 1408 nunc
1888 1354 2118 1411 adesse:

550 1421 778 1492 quisque
825 1429 1203 1485 conscientiam
1250 1437 1586 1503 consideret,
1635 1440 1903 1514 fingatque
1945 1447 2122 1500 animo

549 1514 739 1568 ade-sse
765 1515 872 1584 jam
913 1517 1176 1587 Iudicem,
1211 1527 1497 1596 omniaque
1530 1530 1704 1602 detegi
1734 1544 1893 1605 atque
1921 1536 1971 1589 in
2005 1555 2119 1594 tne-

548 1602 692 1656 dinm
723 1605 949 1673 proferri
970 1626 984 1662 :
1003 1625 1176 1680 neque
1196 1615 1339 1670 enim
1367 1618 1483 1673 sisti
1507 1629 1710 1676 tantum
1733 1625 1886 1680 nobis
1903 1642 2122 1682 necesse

553 1705 653 1761 νει,
701 1695 794 1750 sed
822 1697 978 1754 etiam
1011 1705 1360 1763 manifestari.
1396 1710 1477 1765 An
1509 1727 1615 1768 non
1657 1717 1948 1773 erubuistis
1974 1720 1996 1773 ?
2021 1737 2117 1773 an-

529 1773 650 1838 ‘non
691 1800 866 1844 mente
889 1797 1192 1852 excessistis
1218 1800 1240 1850 ?

611 1921 805 1978 Judt'oit'
853 1935 1089 1994 postremi
1136 1935 1427 2007 descriptio.
1465 1972 1536 1983 —
1574 1945 1724 2012 Quod
1776 1950 1821 2003 si
1868 1967 2008 2007 nunc
2061 1970 2118 2008 re

545 2017 778 2073 nondum
811 2035 1095 2093 praesente,
1120 2029 1214 2082 sed
1243 2029 1419 2087 efficta
1447 2034 1724 2094 dumtaxat
1754 2051 1911 2112 atque
1938 2046 2117 2100 animo

543 2106 886 2177 adumbrata,
915 2118 1244 2174 conscientia
1283 2133 1465 2178 nostra
1497 2141 1633 2194 pene
1663 2145 1762 2185 nos
1807 2135 2112 2200 exanimat;

543 2201 669 2267 quid
699 2204 913 2260 tandem
951 2207 1204 2266 faciemus
1226 2253 1241 2277 ,
1271 2227 1393 2268 cum
1437 2217 1552 2274 dies
1601 2220 1689 2275 ille
1721 2227 1928 2280 venerit
1948 2267 1962 2290 ,
1994 2241 2112 2284 cntn

543 2301 686 2348 totus
711 2297 857 2351 orbis
887 2307 1149 2356 terrarum
1179 2305 1426 2373 adfuerit,
1458 2325 1577 2366 cum
1608 2317 1782 2384 angeli
1809 2328 1862 2373 et
1887 2321 2115 2377 archan-

539 2386 646 2454 geli
672 2428 688 2451 ,
718 2402 840 2444 cum
871 2391 1036 2449 densa
1065 2397 1273 2466 agmina
1297 2441 1311 2464 ,
1343 2411 1501 2472 atque
1544 2408 1782 2465 omnium
1813 2427 1998 2469 cursus
2019 2457 2032 2481 ,
2060 2428 2115 2473 et

519 2507 523 2510 -
543 2486 726 2547 raptus
753 2481 804 2536 in
836 2485 1085 2553 nubibus,
1115 2499 1170 2544 et
1193 2493 1333 2548 acies
1363 2499 1607 2554 tremoris
1630 2502 1952 2569 plenaicum
1977 2510 2113 2565 tuba:

538 2567 657 2623 alite
678 2579 838 2641 atque
864 2575 1000 2642 alite,
1019 2588 1072 2633 et
1099 2584 1366 2640 continua:
1393 2587 1494 2644 illa:
1515 2594 1714 2648 vaces?
1738 2597 2111 2662 Nam,etiamsi

539 2659 682 2714 nulla
712 2663 953 2732 gehenna
978 2681 1135 2737 esset,
1169 2683 1343 2732 tamen
1381 2679 1613 2737 'in‘tanto
1645 2688 1932 2756 Splendore
1962 2694 2108 2764 rejici

540 2759 594 2806 et
641 2768 763 2809 cum
809 2756 1096 2826 ignominia
1145 2767 1434 2838 secedere,
1483 2783 1737 2842 quantum
1787 2789 2109 2840 tormentum

538 2846 726 2900 esset?
757 2847 968 2904 Etenim
998 2853 1042 2906 si
1074 2854 1403 2925 lmperatore
1432 2877 1553 2920 cum
1584 2870 1695 2923 suis
1723 2873 1908 2928 urbem
1937 2877 2110 2945 ingre-

536 2935 713 2992 diente
737 2979 750 3002 ,
784 2953 934 2996 suam
963 2945 1188 3016 quisque
1218 2963 1456 3010 nostrum
1501 2971 1863 3030 paupertatem
1895 2967 2106 3024 intuen-

538 3035 639 3090 tes,
669 3045 777 3084 non
807 3043 1010 3090 tantum
1037 3052 1102 3093 ex
1137 3041 1437 3110 huiusmodi
1465 3056 1772 3120 spectaculo
1801 3060 2104 3128 voluptatis.

534 3129 791 3186 quantum
835 3139 898 3177 ex
952 3141 1048 3191 eo,
1093 3133 1234 3199 quod
1277 3149 1461 3192 earum
1513 3155 1690 3198 rerum
1739 3164 1855 3217 qua:
1905 3151 2105 3208 circum

537 3205 913 3276 Imperatorem
952 3227 1077 3273 sunt
1107 3223 1252 3278 nullo
1293 3229 1452 3282 modo
1490 3205 1773 3306 participes
1802 3240 2063 3299 efficimur
2087 3286 2103 3311 ,

532 3311 634 3352 nec
661 3314 827 3372 prope
855 3319 978 3362 eum
1023 3311 1112 3380 qui
1161 3329 1336 3372 rerum
1387 3324 1587 3390 potitur
1615 3341 1816 3396 sumus,
1861 3337 2106 3392 maeroris

531 3392 806 3462 capimus;
839 3399 966 3469 quid
989 3411 1098 3459 tum
1128 3407 1361 3467 futurum
1402 3418 1526 3471 est?
1572 3433 1638 3475 an
1685 3438 1812 3478 vero
1841 3427 1956 3484 leve
1995 3440 2105 3485 tor-

531 3496 768 3543 mentum
796 3505 918 3548 esse
946 3509 1157 3565 censes,
1193 3505 1297 3558 nun
1325 3507 1554 3565 adscribi
1587 3512 1639 3567 in
1668 3514 1815 3572 illum
1843 3519 2063 3577 chorum
2085 3564 2099 3589 ,

529 3576 594 3630 ad
623 3593 874 3637 arcanam
901 3586 1043 3642 illam
1066 3591 1290 3661 gloriam
1319 3613 1424 3653 non
1455 3601 1704 3658 admitti?
1748 3609 1816 3661 ah
1842 3611 1929 3665 illa
1958 3614 2104 3669 cele-

531 3668 726 3725 britate
751 3687 816 3726 ac
847 3674 1018 3742 bonis,
1053 3695 1170 3748 qua:
1221 3687 1364 3740 nullo
1394 3703 1644 3748 sermone
1688 3699 1943 3768 explicari
1975 3719 2101 3773 pos—

526 3769 680 3825 sunt,
713 3767 895 3830 procul
937 3781 999 3822 ac
1044 3771 1201 3842 longe
1245 3780 1471 3848 projici?
1515 3785 1645 3840 Cum
1692 3767 1818 3843 vero
1868 3795 2100 3852 tenebrae

528 3847 745 3918 insuper
773 3854 910 3920 sint,
943 3869 997 3913 et
1021 3860 1258 3918 dentium
1290 3872 1520 3940 stridor,
1567 3887 1621 3932 et
1667 3880 1875 3938 vincula
1903 3885 2099 3942 insolu-

528 3937 674 4005 billa,
707 3952 761 3996 et
793 3950 988 4003 vermis
1031 3952 1379 4025 immortalis,
1421 3973 1476 4017 et
1515 3967 1650 4036 ignis
1693 3987 1976 4045 numquam
2005 3995 2098 4034 ex-

523 4028 895 4100 stinguendos,
923 4048 976 4093 et
1019 4047 1298 4112 oppressio
1326 4061 1483 4121 atque
1520 4028 1782 4128 angustia,
1817 4028 1870 4119 et
1904 4067 2096 4138 lingtue

521 4119 868 4192 conﬂagratio
887 4168 901 4194 ,
928 4133 1375 4200 quemadmodum
1398 4119 1501 4199 illa
1532 4119 1710 4204 diiitis
1732 4193 1746 4215 ,
1768 4119 2092 4225 cumejiile-

521 4226 644 4268 mus
671 4226 728 4271 et
754 4233 914 4275 nemo
934 4224 1153 4293 audiat;
1188 4229 1598 4301 ingemiscamus
1625 4257 1688 4298 ac
1717 4260 1824 4314 prae
1846 4224 2091 4307 dolorum

520 4307 812 4367 acerbitate
857 4317 1164 4386 rugiamus,
1197 4331 1252 4377 et
1297 4337 1457 4382 nemo
1493 4333 1763 4401 attendat;
1807 4337 1855 4392 in
1905 4355 2094 4400 omnes

517 4407 696 4464 partes
749 4405 936 4460 oculos
985 4423 1360 4470 convertamns
1394 4461 1410 4484 ,
1462 4431 1515 4476 et
1571 4439 1831 4496 nusquam
1879 4433 1949 4487 sit
2000 4436 2089 4505 qui

512 4491 759 4548 solatium
786 4495 1094 4571 feratzquo
1120 4508 1334 4563 tandem
1364 4510 1482 4566 loco
1526 4530 1620 4570 eos
1667 4522 2086 4593 canstituemus,

511 4580 600 4646 qui
629 4581 681 4637 in
709 4593 853 4640 tanta
876 4590 1179 4650 calamitate
1205 4601 1599 4658 versabantur?

584 4714 638 4769 4.
671 4716 806 4810 Quid
834 4721 936 4777 illis
962 4729 1155 4786 animis
1185 4735 1430 4792 miserius
1455 4739 1478 4792 τ
1521 4742 1647 4810 quid
1681 4748 2038 4810 miserabilius
2062 4757 2085 4810 ?

511 4801 642 4859 Nam
669 4809 748 4872 si,
777 4825 896 4866 cum
945 4815 995 4870 in
1035 4835 1307 4878 carcerem
1339 4832 1626 4898 quemdam
1659 4836 1884 4908 ingressi
1904 4884 1920 4909 ,
1951 4846 2086 4903 alios

507 4897 758 4954 suualore
799 4903 1113 4975 confectos,
1143 4913 1280 4968 alios
1325 4897 1528 4978 catenis
1585 4897 1794 4985 vincies
1827 4947 1890 4988 ac
1941 4935 2084 4994 fame

500 4988 830 5062 laborantes,
859 4997 996 5056 alios
1036 5000 1088 5056 in
1137 5006 1375 5064 tenebris
1421 5013 1634 5073 clausos
1684 5025 2080 5094 conspicimus,

502 5076 694 5135 animis
737 5099 1141 5148 commovemur
1187 5110 1251 5153 ac
1298 5101 1790 5182 perhorrescimus,
1820 5076 2082 5191 (nihilque

1774 5171 1788 5182 ,
1850 5171 1878 5172 π
1923 5171 2077 5191 ---τ--

503 5183 606 5224 non
651 5171 870 5233 facimus
895 5222 910 5245 ,
957 5194 1014 5240 ut
1047 5202 1115 5242 ne
1145 5189 1196 5244 in
1218 5207 1340 5248 eum
1369 5195 1542 5254 locum
1584 5202 1879 5265 incidamus
1910 5229 1924 5265 :
1954 5227 2077 5270 cum

498 5261 566 5314 ad
595 5263 738 5332 ipsos
761 5271 1022 5338 gehennae
1043 5283 1298 5349 equuleos
1313 5287 1520 5359 abrepti
1549 5294 1839 5362 trahemur,
1862 5304 2076 5372 quinam

498 5352 657 5410 futuri
687 5364 916 5416 sumus?
945 5364 1059 5423 Non
1103 5371 1246 5428 enim
1277 5376 1485 5435 vincula
1530 5383 1620 5438 illa
1671 5403 1737 5442 ex
1766 5352 1908 5446 ferri}
1947 5408 2076 5450 con-

495 5446 630 5502 fecta
681 5461 839 5520 sunt,
869 5457 962 5512 sed
1009 5459 1130 5530 igne
1175 5477 1434 5537 perpetuo
1486 5475 1748 5546 ardente;
1775 5497 1876 5538 nec
1920 5486 2074 5543 nobis

492 5543 724 5609 a-quales
763 5546 831 5616 ii,
861 5551 951 5620 qui
981 5554 1283 5612 cruciandis
1325 5564 1480 5618 nobis
1521 5543 1910 5643 praeficientur,
1936 5593 2071 5647 quos

491 5635 652 5692 etiam
678 5653 1046 5710 saepenumero
1090 5649 1301 5719 placare
1329 5635 1530 5724 queas;
1560 5662 1652 5717 sed
1683 5666 1853 5732 angeli
1879 5708 1893 5734 ,
1925 5686 2058 5734 quos

3710 282 3818 338 £72

2244 368 2310 407 ne
2350 356 2556 414 obtueri
2583 367 2793 432 quidem
2825 378 2996 440 possis
3017 419 3031 442 ,
3062 393 3276 450 propter
3311 399 3403 441 cas
3424 401 3558 458 quas
3587 394 3816 454 Domino

2257 452 2528 512 intulimus
2544 465 2891 520 contumelias
2914 469 2991 523 ira
3014 472 3316 542 ﬂagrantes.
3349 479 3455 535 Nec
3487 499 3616 538 vero
3635 527 3654 551 ,
3673 491 3812 544 utin

2236 541 2337 598 hac
2361 546 2498 614 vita,
2531 563 2754 609 cernere
2770 566 2854 610 est
2874 558 3008 614 alios
3027 541 3122 631 qui.
3136 567 3436 637 pecuniam,
3463 572 3598 628 alios
3611 577 3697 646 qui
3726 579 3808 633 ci—

2237 637 2384 704 bum,
2401 642 2489 710 qui
2520 644 2909 704 cohortatorios
2929 666 3208 712 sermones
3218 659 3463 727 aﬂ‘erant,
3485 669 3810 725 consolatio-

2238 746 2468 802 nemque
2487 735 2756 805 aliquam;
2796 757 2980 797 verum
3026 750 3204 802 omnia
3244 750 3350 806 illic
3376 756 3528 809 venia
3579 769 3802 818 carent:

2233 823 2440 879 etiamsi
2467 827 2605 882 adsit
2621 829 2753 896 Noe,
2780 834 2985 889 etiamsi
3005 835 3127 904 Job,
3149 841 3358 896 etiamsi
3386 843 3564 900 Daniel
3586 846 3814 916 (Bacch;

2235 916 2321 969 M.
2345 917 2432 986 t5)
2457 959 2472 982 ,
2502 933 2564 972 ac
2591 924 2914 993 prepinquos
2942 930 3237 985 excruciari
3265 932 3443 986 videat
3465 976 3481 1000 ,
3510 937 3574 990 iis
3597 940 3801 994 auxilio

2225 1023 2354 1063 esse
2383 1027 2488 1064 non
2525 1014 2710 1072 audet.
2733 1015 2865 1070 Nam
2898 1027 3008 1072 tum
3036 1021 3211 1074 omnis
3233 1023 3322 1076 illa
3339 1031 3799 1093 commtseratlo.a

2235 1112 2421 1156 natura
2440 1102 2628 1169 indita,
2649 1108 3022 1177 exstinguitur.
3042 1112 3174 1178 Quia
3198 1115 3339 1167 enim
3360 1116 3429 1170 ita
3461 1116 3573 1172 ﬁeri
3603 1131 3798 1188 potest,

2225 1193 2668 1264 utimproborum
2700 1209 2948 1268 parentes
2971 1202 3101 1269 justi
3129 1204 3235 1259 sint
3259 1206 3647 1274 iiberorum,ac
3665 1226 3796 1266 cou-

2235 1294 2312 1338 tra
2344 1285 2706 1355 improborum
2739 1303 3016 1358 parentum
3050 1293 3176 1362 justi
3205 1295 3332 1360 filii;
3365 1306 3423 1352 ut
3469 1313 3599 1368 pura
3639 1309 3797 1371 atque

2228 1377 2372 1429 omni
2404 1392 2638 1433 mterore
2667 1395 2830 1434 vacua
2877 1382 3055 1437 laetitia
3099 1385 3201 1450 sit,
3256 1401 3358 1441 nec
3414 1387 3448 1442 ii
3497 1391 3590 1457 qui
3643 1389 3795 1446 bonis

2232 1466 2334 1519 illis
2359 1465 2624 1533 fruuntur,
2659 1473 3142 1529 commiserationis
3169 1479 3485 1532 necessitate
3514 1489 3796 1549 torquean-

2222 1565 2351 1611 tur:
2383 1557 2522 1612 hunc
2571 1574 2780 1630 quoque
2822 1565 3305 1622 commiserationis
3347 1566 3592 1623 affectum
3625 1571 3677 1624 in
3715 1573 3793 1627 eis

2220 1648 2491 1718 exstingui
2516 1665 2700 1706 assero
2720 1693 2737 1717 ,
2768 1652 3018 1722 ipsosque
3058 1671 3157 1708 una
3189 1671 3308 1710 cum
3342 1657 3568 1713 Domino
3600 1661 3793 1715 adver-

2225 1753 2318 1793 sus
2346 1739 2548 1795 viscera
2595 1757 2689 1796 sua
2741 1743 3010 1799 iracundia
3041 1746 3271 1802 incendi.
3303 1748 3432 1802 Nam
3461 1751 3506 1805 si
3552 1753 3792 1820 vulgares

2218 1833 2385 1888 etiam
2415 1833 2680 1901 homines,
2699 1851 2819 1890 cum
2848 1837 2984 1892 filios
2999 1853 3125 1893 suos
3154 1840 3424 1909 improbos
3443 1857 3564 1898 esse
3591 1844 3789 1908 vident,

2225 1938 2321 1979 eos
2376 1924 2622 1980 abdicant
2674 1935 2834 1997 atque
2877 1944 2906 1981 a
2960 1927 3158 1984 familia
3216 1933 3571 1999 cxscindunt;
3624 1935 3792 1990 multo

2223 2027 2351 2067 sane
2379 2015 2545 2084 magis
2574 2015 2623 2070 id
2657 2025 2764 2070 tum
2789 2017 2946 2085 justis
2971 2033 3067 2073 usu
3099 2029 3375 2076 venturum
3406 2034 3504 2078 est.
3530 2024 3788 2092 Quocirca

2221 2119 2380 2158 nemo
2419 2107 2520 2160 sibi
2573 2108 2707 2162 bona
2764 2111 3110 2178 polliceatur,
3141 2115 3183 2167 si
3235 2116 3366 2167 nihil
3397 2116 3518 2170 honi
3570 2117 3785 2183 fecerit,

2223 2199 2464 2266 quamvis
2486 2209 2766 2255 sexcentos
2795 2203 2956 2257 etiam
2978 2203 3154 2272 justos
3183 2221 3311 2260 avos
3344 2207 3535 2262 habeat
3568 2226 3581 2262 :
3616 2210 3786 2264 Unus-

2223 2289 2434 2357 quisque
2477 2290 2609 2343 em'm
2658 2293 2859 2360 referet,
2912 2304 3060 2362 prout
3085 2297 3236 2366 gessit
3261 2339 3274 2358 ,
3306 2300 3514 2367 propria
3541 2303 3781 2370 corporis.

2220 2383 2394 2452 Atque
2423 2382 2509 2439 hic
2530 2395 2851 2441 scortatores
2877 2387 3007 2441 mihi
3053 2390 3409 2456 perstringere
3455 2391 3694 2456 videtur,
3723 2407 3785 2446 ac

2221 2474 2518 2530 futurorum
2561 2479 2940 2546 suppliciorum
2989 2489 3184 2534 metum
3221 2481 3350 2548 ipsis
3400 2481 3655 2549 injicere;
3686 2498 3784 2536 nec

2219 2566 2347 2634 ipsis
2372 2566 2678 2633 dumtaxat,
2709 2568 2802 2622 sed
2832 2577 2887 2623 et
2927 2570 3175 2624 omnibus
3196 2571 3284 2638 qui
3338 2573 3390 2625 in
3433 2573 3543 2626 alio
3585 2575 3782 2628 scelere

2219 2669 2341 2709 sese
2367 2655 2695 2711 devinciunt.
2729 2656 2854 2712 Haec
2882 2659 3041 2729 igitur
3086 2674 3184 2715 nos
3208 2676 3418 2729 quoque
3465 2663 3734 2717 audiamus
3765 2681 3778 2715 :

2221 2748 2266 2800 si
2295 2747 2527 2803 libidinis
2554 2750 2676 2818 igne
2701 2749 2893 2820 ﬂagras
2911 2791 2927 2816 ,
2959 2752 3132 2820 ignem
3179 2751 3327 2806 illum
3355 2767 3600 2822 oppone;
3627 2766 3782 2824 atque

2217 2839 2303 2892 hic
2352 2839 2633 2894 confestim
2683 2843 3053 2912 exstinguetur
3093 2853 3148 2898 ct
3191 2855 3475 2901 evanescet
3504 2864 3516 2899 :
3546 2848 3590 2900 si
3616 2848 3736 2916 quid
3762 2888 3778 2908 .

2215 2930 2354 2998 quod
2398 2931 2654 2986 absonum
2683 2935 2781 2999 sit,
2813 2934 2954 3003 loqui
2998 2935 3194 3004 gestis,
3227 2935 3468 2990 dentium
3499 2938 3780 2992 stridorem

2213 3024 2426 3091 cogita;
2456 3033 2512 3076 et
2552 3022 2687 3077 freni
2741 3024 2910 3078 instar
2967 3026 3057 3078 tihi
3107 3024 3193 3078 hic
3241 3036 3410 3080 metus
3456 3027 3557 3078 erit
3588 3028 3672 3080 :si
3699 3029 3782 3080 vis

2212 3113 2437 3182 cuipiam
2463 3113 2660 3184 aliquid
2690 3115 2902 3184 eripere
2927 3155 2944 3180 ,
2972 3115 3092 3169 audi
3139 3115 3372 3172 Judicem
3423 3116 3774 3184 imperantem

2212 3219 2276 3258 ac
2298 3204 2586 3270 dicentem,
2619 3204 2797 3275 Ligate
2848 3222 3026 3260 manus
3073 3207 3184 3276 ejus
3213 3223 3274 3261 ac
3299 3207 3441 3277 pedes
3464 3246 3478 3270 ,
3510 3215 3555 3259 et
3599 3207 3772 3276 ejicite

2211 3311 2324 3350 eum
2375 3297 2429 3350 in
2469 3298 2696 3351 tenebras
2744 3299 3010 3353 exteriores
3037 3297 3247 3370 (Matth.
3273 3299 3361 3354 22.
3390 3300 3476 3369 15)
3505 3299 3612 3352 :ila
3637 3300 3728 3352 fiet
3748 3339 3765 3362 ,

2213 3397 2268 3442 ut
2308 3388 2446 3443 hanc
2492 3390 2836 3460 cupiditatem
2891 3393 3162 3448 exturbes.
3196 3393 3253 3448 Si
3283 3393 3408 3450 vino
3449 3393 3651 3447 deditus
3678 3408 3771 3456 es,

2211 3495 2309 3534 nec
2335 3496 2364 3535 a
2387 3483 2599 3552 crapula
2632 3484 2866 3537 abstrahi
2899 3493 3071 3554 potes,
3101 3485 3224 3538 audi
3252 3485 3476 3540 divitem
3505 3485 3646 3538 illum
3691 3485 3775 3537 di-

2209 3587 2439 3638 centem,
2469 3575 2616 3631 Mitte
2639 3576 2894 3632 Lazarum
2916 3619 2930 3642 ,
2959 3587 3017 3632 ut
3044 3585 3288 3633 extremo
3322 3578 3489 3649 digito
3538 3594 3636 3632 suo
3675 3579 3774 3631 liu-

2205 3680 2362 3735 guam
2417 3680 2588 3720 meam
2633 3667 2768 3738 ignis
2796 3667 2988 3723 ardore
3042 3667 3459 3737 conﬂagrantem
3505 3667 3776 3737 refrigeret

2206 3755 2358 3825 (Luc.
2390 3757 2478 3811 16.
2507 3757 2630 3829 24),
2662 3773 2764 3814 nec
2808 3769 2981 3814 tamen
3033 3758 3084 3814 id
3137 3758 3510 3813 obtinentem:
3562 3759 3630 3812 ita
3676 3757 3774 3862 hoc

2206 3852 2334 3906 vitio
2360 3852 2603 3908 laborare
2630 3852 2862 3908 desines.
2892 3853 2948 3909 Si
2974 3853 3280 3908 deliciarum
3332 3867 3516 3907 amore
3543 3852 3738 3906 teneris
3755 3889 3772 3911 ,

2204 3945 2546 4000 afﬂictionem
2573 3947 2713 4000 illam
2743 3956 2796 4002 et
2821 3947 3118 4016 angustiam
3145 3948 3337 4017 cogita,
3368 3957 3422 4002 et
3463 3945 3682 4002 delicias
3709 3959 3774 3998 ne

2203 4036 2420 4104 quidem
2447 4039 2706 4106 cogitabis
2733 4056 2746 4092 :
2777 4041 2822 4094 si
2851 4054 3024 4095 saevus
3052 4049 3107 4095 et
3131 4039 3366 4095 crudelis
3392 4055 3472 4102 es,
3506 4039 3768 4109 virginum

2203 4127 2413 4182 illarum
2443 4129 2534 4184 tibi
2582 4130 2632 4183 in
2671 4139 2904 4185 mentem
2959 4132 3171 4197 veniat,
3203 4146 3320 4200 qum
3367 4130 3440 4183 ob
3480 4129 3771 4185 exstinctas

2202 4217 2472 4285 lampadas
2497 4219 2564 4273 ad
2613 4219 2899 4274 thalamum
2947 4221 3166 4274 minime
3209 4220 3456 4275 admissa:
3507 4228 3664 4283 sunt;
3717 4227 3769 4272 et

2201 4308 2583 4366 humanitatem
2615 4325 2773 4380 quam
2804 4311 3035 4380 primum
3061 4309 3268 4365 indues.
3297 4309 3404 4365 Sed
3455 4309 3682 4379 segnitie
3708 4322 3770 4360 ac

2198 4399 2454 4469 languore
2497 4401 2719 4469 torpes?
2749 4400 2931 4469 Cogita
2978 4417 3099 4456 eum
3146 4402 3234 4471 qui
3263 4401 3519 4456 talentum
3545 4400 3767 4454 abscon-

2196 4489 2275 4544 dit
2301 4508 2313 4552 ;
2347 4500 2401 4545 et
2431 4492 2603 4560 ignem
2635 4492 2808 4560 ipsum
2837 4493 3128 4547 acrimonia
3157 4494 3357 4548 vinces.
3387 4491 3495 4547 Sed
3543 4492 3768 4544 fortasse

2195 4581 2488 4637 alienarum
2515 4599 2675 4653 opum
2701 4584 2962 4653 cupiditas
2994 4595 3044 4639 te
3072 4583 3317 4638 arrodit?
3347 4582 3592 4638 Vermem
3621 4581 3765 4636 illum

2195 4673 2546 4729 immortalem
2578 4675 2630 4728 in
2660 4685 2839 4729 mente
2867 4676 3036 4738 habe;
3065 4690 3127 4730 ac
3155 4673 3409 4746 perfacile
3450 4673 3592 4727 hunc
3620 4685 3764 4726 mor-

2194 4763 2320 4818 bum
2352 4766 2679 4835 proﬂigabis,
2707 4774 2762 4820 et
2785 4766 2887 4820 alia
2918 4765 3095 4820 omnia
3124 4765 3218 4866 Dei
3269 4772 3534 4833 praecepta
3581 4762 3761 4866 exple-

2191 4856 2276 4910 bis
2302 4874 2314 4910 :
2341 4871 2512 4926 neque
2539 4857 2683 4912 enim
2715 4857 2803 4912 ille
2830 4855 3116 4926 quidquam
3158 4854 3350 4910 durum
3372 4869 3434 4909 ac
3457 4868 3619 4924 grave
3664 4856 3762 4905 im-

2193 4948 2414 5014 peravit.
2445 4947 2595 5003 Unde
2640 4947 2698 5001 fit
2751 4947 2948 5017 igitur,
3000 4954 3057 5000 ttt
3104 4961 3223 5014 quae
3267 4945 3472 5010 edixit,
3535 4943 3758 4997 molesta

2191 5037 2346 5093 nobis
2371 5037 2696 5092 vidcantur?
2726 5036 2822 5092 Est
2845 5036 3090 5092 socordia
3133 5043 3315 5091 nostra
3358 5044 3412 5090 et
3454 5034 3664 5088 inertia.
3697 5032 3761 5088 Ut

2191 5131 2358 5195 enim,
2383 5129 2427 5183 si
2459 5129 2691 5182 studium
2721 5143 2784 5182 ac
2815 5128 3144 5197 diligentiam
3170 5127 3517 5182 adhibeamus
3537 5168 3552 5190 ,
3599 5125 3759 5178 etiam

2188 5235 2304 5288 quae
2334 5219 2666 5274 intoleranda
2697 5220 2943 5274 videntur
2965 5260 2980 5283 ,
3022 5219 3195 5274 facilia
3225 5228 3279 5274 et
3303 5219 3437 5273 levia
3466 5225 3659 5280 erunt;
3691 5217 3763 5269 ita

2185 5310 2229 5363 si
2277 5308 2481 5365 desidia
2525 5310 2828 5365 laboremus
2857 5350 2870 5371 ,
2897 5311 3055 5364 etiam
3113 5326 3230 5379 quze
3281 5309 3573 5364 tolerabilia
3603 5311 3760 5402 sunt.

2183 5398 2420 5455 difficilia
2449 5400 2605 5455 nobis
2625 5400 2974 5471 apparebunt.
3006 5400 3132 5455 Haec
3173 5401 3349 5469 itaque
3392 5401 3572 5455 omnia
3615 5398 3764 5466 cogi-

2189 5502 2381 5556 tantes,
2418 5509 2526 5549 non
2572 5509 2667 5549 eos
2711 5495 2802 5564 qui
2856 5493 3063 5548 deliciis
3092 5492 3368 5562 indulgent
3412 5502 3718 5560 spectemus
3746 5531 3764 5555 ,

2185 5585 2278 5638 sed
2321 5585 2441 5653 quis
2481 5600 2665 5640 eorum
2715 5587 2784 5641 sit
2831 5585 3038 5649 exitus;
3081 5584 3166 5638 hic
3215 5597 3412 5652 nempe
3455 5592 3664 5637 stercus
3706 5592 3762 5681 et

2186 5679 2423 5740 corporis
2453 5677 2706 5745 obesitas,
2737 5678 2842 5733 illic
2868 5677 3062 5732 vermis
3092 5687 3147 5730 et
3176 5677 3314 5745 ignis
3347 5694 3359 5730 :
3391 5690 3499 5731 non
3529 5687 3621 5731 eos
3666 5677 3762 5744 qui
