4070 6152
415 172 526 227 675

418 288 515 340 καὶ
576 285 837 348 πολλάκις
882 282 1041 337 τοῦτο
1091 284 1138 336 οί
1196 283 1302 336 τῶν
1350 282 1572 352 ἀγαθῶν
1624 282 1991 346 ἀπολαύοντες

418 377 677 431 ἐκείνωνο
734 374 920 446 ῶσπερ
984 370 1078 429 οὖν
1143 375 1365 429 ἐλεεινοί.
1426 374 1519 427 καὶ
1576 373 1880 444 τρισάθλιοι
1941 375 1993 427 οἱ

418 469 675 524 τάναντία
720 467 924 521 τούτων
973 467 1358 537 ὑπομένοντες.
1389 464 1488 519 'Iv'
1514 459 1609 519 οὗν
1640 464 1716 536 μὴ
1762 464 1990 533 τούτων,

394 556 534 611 ἀλλ’
558 557 781 612 ἐκείνων
812 555 1122 626 γενώμεθα,
1168 554 1421 624 ἑλώμεθα
1452 554 1549 626 τὴν
1581 555 1783 626 ἀρετήν
1806 571 1820 586 ο
1851 555 1996 611 οὑτω

417 649 526 719 γὰρ
569 649 662 702 καὶ
690 647 807 701 ’τῶν
844 647 1146 719 μελλόντων
1193 644 1594 716 ἐπιτευξόμεθα
1626 645 1881 713 ἀγαθῶν·
1916 640 1992 701 ὧν

431 884 475 888 μ.-
488 878 999 891 *φῇς-..Μ

1263 171 1326 227 S.
1365 168 1651 227 JOANNIS
1684 168 2168 227 CHRYSOSTOMI
2207 168 2527 229 ARCHIEP.
2568 169 3126 230 CONSTANTINOP.

3558 172 3678 230 ιτι

2096 284 2305 351 γένοιτο
2343 282 2554 345 πάντας
2592 284 2738 354 ἡμᾶς
2778 285 3075 356 ἐπιτυχεῖν,
3125 284 3309 356 χάριτι
3349 282 3447 342 καὶ
3487 290 3694 359 φιλανο

2099 374 2313 447 θρωπίᾳ
2334 374 2430 428 τοῦ
2473 374 2680 446 Κυρίου
2717 376 2874 446 ἡμῶν
2926 375 3102 447 Ἰησοῦ
3150 377 3412 450 Χριστοῦ,
3464 381 3585 451 μεθ’
3618 378 3690 439 οὗ

2097 466 2175 545 τῷ
2202 466 2376 537 Πατρὶ
2428 465 2549 536 ἅμα
2589 464 2667 536 τῷ
2716 465 2857 539 ἀγίῳ
2905 468 3184 540 Πνεὺματι
3244 469 3394 537 δόξα,
3454 473 3683 542 κράτος,

2098 556 2252 628 τιμὴ,
2284 557 2379 611 νῦν
2417 558 2513 612 καὶ
2552 557 2659 625 ἀεὶ,
2689 560 2886 623 καὶείς
2919 560 3045 624 τοὺς
3072 561 3277 626 αἰῶνας
3303 562 3415 617 τῶν
3443 564 3684 623 αἰώνων.

2110 649 2167 700 Ἀ
2176 649 2300 718 μήν.

1894 1093 2139 1146 ΟΜΙΛΙΑ
2174 1092 2277 1146 IA‘.

416 1261 648 1328 Εὶδότες
681 1254 795 1316 οὖν
834 1260 943 1329 τὸν
981 1260 1171 1329 φόϐον
1211 1258 1317 1313 τοῦ
1360 1257 1600 1327 Κυρίου,
1647 1253 1996 1329 ἀνθρῴίτους

404 1378 408 1383 .
489 1322 813 1405 πείθομεν,
841 1328 962 1395 Θεῷ
982 1322 997 1329 ⁷
1017 1329 1113 1405 δε-
1136 1322 1597 1405 πεφανερόξμεθα
1614 1340 1629 1355 ο
1667 1323 1908 1405 εὲλιτί-ιζὶι)Δ
1929 1322 1997 1374 δὲ

489 1401 587 1455 καὶ
620 1397 692 1454 ἐν
712 1400 841 1467 ταῖς
864 1400 1300 1467 συνειδήσεσιν
1326 1397 1492 1468 ὑμῶν
1518 1397 1993 1464 πεφανερῶσθαι.

492 1541 563 1591 a'.
585 1532 770 1587 Ταῦτα
782 1529 875 1587 οὗν
900 1533 1120 1599 εἰδότες,
1140 1529 1605 1602 φησὶ,τὸδικαστή
1615 1543 1725 1597 ριον
1737 1526 1912 1579 ἐκεῖνο
1937 1522 1998 1575 τὸ

422 1624 673 1695 φοϐερὸν,
701 1625 882 1691 πάντα
901 1624 1220 1694 πράττομεν
1250 1621 1390 1675 ὥστε
1421 1618 1497 1691 μὴ
1524 1618 1708 1673 δοῦναι
1743 1619 1871 1688 ὑμῖν
1904 1616 1998 1669 λα-

406 1717 522 1789 ϐὴν
563 1716 696 1788 μηδέ
729 1719 1063 1788 πρόσκομμα
1092 1715 1227 1787 μηδὲ
1268 1713 1439 1785 ψευδῆ
1478 1729 1601 1766 τινα
1628 1710 1866 1781 ὑποψίαν
1897 1725 1999 1762 πο-

420 1808 592 1880 νηρᾶς
624 1806 874 1878 πράξεως
917 1806 1038 1860 καθ’
1076 1806 1252 1877 ἡμῶν.
1312 1800 1465 1868 Εἶδες
1517 1801 1790 1865 πολιτείας
1834 1798 1996 1872 ἀκρί-

422 1899 597 1964 ϐειαν,
635 1899 731 1952 καὶ
758 1897 996 1969 σπουδὴν
1030 1898 1211 1968 ψυχῆς
1251 1895 1615 1967 κηδεμονικῆς
1643 1912 1658 1961 ;
1687 1894 1763 1948 Οὑ
1791 1892 1903 1965 γὰρ
1930 1890 1997 1961 δὴ

427 1991 607 2060 μόνον,
639 1989 706 2045 ἀν
735 1991 970 2062 πονηρόν
1006 2007 1059 2043 τι
1095 1987 1413 2060 πράξωμεν,
1442 1990 1628 2058 φησιν,
1655 1982 1999 2054 ἐγκαλούμε-

424 2081 523 2138 θα·
559 2082 695 2136 ἀλλά
725 2082 828 2137 κᾶν
863 2080 939 2153 μὴ
972 2079 1291 2153 πράξωμεν,
1331 2077 1758 2148 ὑποπτευθῶμεν
1783 2076 1864 2136 δὲ,
1903 2072 2000 2128 καὶ

424 2174 604 2246 κύριοι
628 2173 728 2245 τὴν
761 2173 999 2243 ὑποψίαν
1027 2173 1178 2235 ὄντες
1214 2170 1681 2242 ἀποκρούσασθαι,
1724 2182 1999 2236 καταφρο-

425 2266 698 2334 νήσωμεν,
728 2263 883 2334 δίκην
910 2263 1151 2332 τίνομεν.
1189 2263 1273 2315 Οὐ
1320 2260 1506 2315 πάλιν
1545 2259 1800 2325 ἑαυτοὺς
1845 2272 1999 2311 συν-

424 2354 769 2422 ωτὰνομεν,
783 2354 923 2409 ἀλλ’
948 2352 1226 2421 ἀφορμὴν
1240 2351 1509 2417 διδόντες
1523 2350 1666 2420 ὑμῖν
1686 2349 1999 2419 καυχήμα-

424 2465 530 2513 τος
565 2447 718 2515 ὑπὲρ
739 2445 929 2515 ήμῶν.
962 2445 1107 2516 Ὅρα
1135 2443 1251 2507 πῶς
1290 2443 1531 2513 συνεχῶς
1566 2440 1873 2512 διορθοῦται
1899 2440 1999 2510 τὴν

423 2538 520 2593 τοῦ
547 2538 723 2592 δοκεῖν
751 2538 1120 2607 ἐγκωμιάζειν
1152 2536 1344 2590 ἐαυτὸν
1379 2535 1654 2588 ὑπόνοιαν.
1687 2533 1855 2587 Οὐδὲν
1888 2532 1998 2602 7&9

426 2629 571 2684 οὑτω
603 2628 957 2700 προσίσταται
983 2630 1098 2692 τοῖς
1123 2627 1433 2692 ἀκούουσιν,
1466 2627 1542 2691 ὡς
1566 2626 1630 2679 τὸ
1652 2626 1779 2694 περὶ
1806 2624 2002 2678 ἑαυτοῦ

426 2737 547 2773 τινα
576 2719 754 2789 λέγειν
788 2719 998 2790 μεγάλα
1039 2720 1132 2773 καὶ
1162 2719 1471 2790 θαυμαστά.
1514 2719 1666 2773 Ἐπεὶ
1697 2713 1792 2771 οὖν
1829 2720 2002 2788 ἡναγ-

412 2812 625 2876 κάζετο
649 2813 731 2875 είς
754 2812 958 2883 ταύτην
986 2812 1095 2867 τῶν
1142 2813 1315 2882 λόγων
1332 2825 1359 2855 ι
1409 2813 1705 2883 ἐμπίπτειν
1732 2812 1831 2883 τὴν
1868 2812 2002 2866 ὑπό-

427 2903 615 2968 θεσιν,
672 2902 1047 2974 ἐπιδιορθώσει
1101 2905 1369 2974 κέχρηται
1430 2903 1606 2971 λέγων
1635 2944 1650 2968 ,
1705 2904 1788 2957 ὅτι
1833 2904 2005 2958 Τοῦτο

426 2991 494 3045 δι’
526 2993 670 3061 ὑμᾶς
694 2990 976 3063 ποιοῦμεν,
1007 2992 1068 3045 οὑ
1094 2993 1163 3045 δι’
1190 2994 1359 3063 ἡμᾶς,
1398 2993 1486 3045 ἵνα
1514 2993 1671 3063 ὑμεῖς
1697 2993 1857 3064 ἔχητε
1879 2994 2006 3046 καλ-

428 3083 782 3148 λωπίζεσθαι,
807 3085 913 3155 οὑχ
942 3085 1033 3139 Eva
1058 3088 1221 3156 ἡμεῖς
1252 3102 1267 3114 ο
1314 3086 1408 3140 καὶ
1447 3086 1568 3138 οὑδὲ
1609 3084 1768 3140 τοῦτο
1797 3085 2003 3151 ἁπλῶς,

431 3174 569 3229 ἀλλὰ
609 3175 699 3230 διά
747 3177 875 3240 τοὺς
918 3176 1407 3246 ψευδαποστόλους.
1451 3176 1544 3231 Διὸ
1599 3179 1694 3232 καὶ
1737 3179 2003 3248 ἐπήγαγε,

429 3265 588 3333 Πρὸς
606 3268 749 3331 τοὺς
775 3267 1163 3336 ἑνοπροσὼπῳ
1183 3268 1628 3337 καυχωμένους,
1652 3267 1753 3323 καί
1778 3268 1849 3321 οὐ
1870 3284 2008 3336 καρ-

419 3357 548 3425 δίᾳ..
576 3353 730 3421 Εἶδες
752 3357 870 3422 πῶς
898 3359 1093 3422 αὑτοὺς
1114 3359 1423 3431 ἀπέστησεν
1458 3358 1705 3425 ἐκείνων,
1737 3358 1886 3431 [515]
1913 3360 2008 3414 καὶ

431 3450 569 3520 πρὸς
607 3449 799 3503 ἐαυτὸν
838 3451 1105 3513 εἵλκυσεν,
1157 3450 1549 3522 ἐνδειξάμενος,
1593 3452 1674 3505 ὃτι
1713 3452 1805 3506 καὶ
1854 3453 2008 3506 αὐτοὶ

434 3542 765 3597 ποθοῦσινοί
811 3544 1087 3615 Κορίνθιοι
1134 3542 1319 3597 λαϐεῖν
1357 3561 1479 3597 τινα
1515 3544 1792 3616 ἀφορμὴν,
1840 3545 1908 3597 δι’
1940 3538 2009 3614 ἦς

418 3634 753 3705 δυνήσονται
782 3635 922 3705 ὑπὲρ
940 3634 1105 3689 αὑτοῦ
1133 3636 1334 3704 λέγειν,
1368 3636 1463 3690 καὶ
1490 3635 1876 3705 ἀπολογεῖσθαι
1895 3638 2007 3699 τοῖς

433 3726 758 3794 ἐγκαλοῦσιν
783 3744 798 3792 ;
826 3726 901 3778 Οὐ
921 3726 1031 3795 γὰρ
1059 3727 1148 3779 ῖνα
1176 3728 1339 3797 ἡμεῖς
1369 3726 1777 3797 καυχησώμεθα
1802 3768 1817 3794 ,
1847 3727 2005 3798 φησὶ,

432 3815 610 3869 ταῦτά
639 3832 840 3885 φαμεν,
868 3816 985 3869 ἀλλ’
1012 3817 1098 3869 ἵνα
1130 3817 1290 3885 ὑμεῖς
1333 3816 1494 3887 ἔχητε
1534 3818 2011 3889 ἐλευθεροστομεῖν

437 3904 579 3974 ὑπὲρ
607 3904 794 3976 ἡμῶν
829 3907 966 3976 ὅπερ
1003 3905 1204 3976 πολλὴν
1229 3907 1413 3970 αὐτοῖς
1445 3910 1563 3962 ἐστι
1608 3909 2012 3980 μαρτυροῦντος

436 3998 659 4069 ἀγάπην
686 4013 702 4030 ο
737 3998 833 4051 καὶ
862 3999 960 4070 οὐχ
994 4000 1080 4053 ἵνα
1109 4000 1297 4064 ἁπλῶς
1330 3999 1709 4071 καυχήσησθε,
1759 4001 1875 4056 ἀλλ’
1924 4001 2012 4056 ἵνα

422 4086 516 4161 ’μὴ
558 4091 937 4162 παρασυρῆτε.
1002 4091 1141 4145 Ἀλλ’
1172 4089 1318 4145 οὑτω
1362 4092 1460 4162 μὲν
1501 4093 1564 4145 οὑ
1602 4091 1750 4160 λέγει
1802 4092 2012 4162 σαφῶς,

437 4179 640 4251 ἑτέρως
667 4180 725 4235 δὲ
759 4180 854 4234 καὶ
890 4180 1238 4254 ἡμερώτερον
1273 4181 1552 4252 μεθοδεύει
1582 4182 1673 4236 τὸν
1705 4181 1884 4252 λόγον,
1918 4182 2014 4237 καὶ

436 4274 606 4345 χωρὶς
653 4273 747 4328 τοῦ
797 4274 997 4346 πλῆξαι
1050 4275 1316 4340 ἐκείνους,
1367 4276 1541 4345 λέγων
1578 4292 1594 4306 ·
1649 4277 1782 4332 Ἵνα
1833 4276 2016 4345 ἔχητε

422 4364 779 4437 ⁹καυχᾶσθαι
799 4368 950 4436 πρὸς
979 4368 1122 4435 τοὺς
1140 4368 1210 4422 ἐν
1235 4369 1533 4438 προσώπῳ
1562 4369 2010 4439 καυχωμένους.

452 4455 596 4511 Ἀλλ’
627 4458 753 4512 οὐδὲ
781 4459 938 4512 τοῦτο
978 4460 1164 4524 ἁπλῶς
1205 4461 1420 4515 κελεύει
1462 4463 1660 4527 ποιεῖν,
1702 4461 1881 4525 αἰτίας
1913 4462 2015 4515 οὑκ

434 4547 625 4618 οὑσης,
647 4549 762 4601 ἀλλ’
795 4551 925 4603 ὅταν
954 4552 1150 4605 ἐκεῖνοι
1191 4553 1421 4616 ἑαυτοὺς
1463 4552 1731 4623 ἐπαίρωσι
1754 4569 1768 4584 ·
1811 4570 2017 4608 παντα-

441 4639 537 4710 χοῦ
563 4639 673 4708 γὰρ
714 4639 805 4692 τὸν
833 4641 1027 4712 καιρὸν
1061 4643 1327 4715 ἐπιζητεῖ.
1370 4644 1446 4697 υὺ
1488 4643 1668 4697 τοίνυν
1698 4644 1787 4697 ἵνα
1824 4645 2016 4699 ἑαυτὸν

439 4732 599 4801 δείξῃ
621 4732 894 4803 λαμπρὸν,
931 4733 1045 4787 ἀλλ’
1079 4735 1165 4788 ἵνα
1198 4735 1441 4798 ἐκείνους
1468 4734 1652 4808 παύσῃ
1680 4735 1896 4799 ἀτόπως
1920 4737 2016 4790 καὶ

432 4826 534 4878 ἐπὶ
561 4824 733 4897 βλάϐῃ
787 4824 994 4879 τούτων
1030 4826 1109 4897 τῷ
1147 4827 1432 4897 πράγματι
1484 4827 1822 4899 χρωμένους,
1858 4828 2017 4882 τοῦτο

440 4920 603 4973 ποιεῖ.
640 4919 705 4972 Τί
737 4918 795 4973 δέ
818 4918 984 4984 ἐστιν,
1025 4918 1128 4972 Ἐν
1156 4918 1454 4987 προσώπῳ
1478 4938 1493 4986 ;
1543 4920 1634 4974 Ἐν
1660 4923 1774 4984 τοῖς
1797 4921 2016 4993 ὀρωμέυ

442 5028 573 5075 νοις,
608 5012 668 5064 ἐν
690 5013 802 5075 τοῖς
828 5008 966 5081 πρὸς
994 5008 1272 5074 ἐπίδειξιν.
1306 5010 1550 5065 Τοιοῦτοι
1576 5010 1689 5083 7&9
1718 5007 1859 5083 ἦσαν
1878 5013 2018 5066 ἐκεῖ·

442 5118 545 5166 νοι,
582 5102 720 5171 πρὸς
760 5101 1068 5171 φιλοτιμίαν
1107 5100 1286 5155 πάντα
1320 5102 1635 5165 ποιοῦντες,
1675 5102 1771 5156 καὶ
1804 5103 2016 5157 ἔνδοθεν

440 5188 595 5252 ὅντες
625 5190 790 5253 κενοὶ,
814 5190 909 5242 καὶ
929 5190 1209 5255 εὐλαϐείας
1241 5191 1340 5262 μὲν
1365 5191 1580 5263 ἔχοντες
1602 5191 1893 5263 πρόσωπον
1922 5194 2016 5246 καὶ

443 5279 634 5349 σεμνοὶ
688 5278 1024 5349 φαινόμενοι,
1074 5280 1251 5350 ἔργων
1287 5280 1347 5333 δὲ
1374 5280 1596 5348 ἀγαθῶν
1635 5280 1831 5353 ἔρημοι
1879 5282 2014 5336 καθ-

443 5369 695 5433 εστῶτες.
731 5370 868 5423 Εἴτε
890 5372 997 5439 γὰρ
1035 5370 1389 5442 ἐξέστημεν,
1422 5373 1576 5439 Θεῷσ
1632 5374 1753 5429 είτε
1788 5389 2020 5445 σωφρο-

509 5585 534 5614 II
560 5573 821 5638 Legebalm'
843 5575 924 5623 τὸν
946 5574 1101 5636 λόγον.

2098 1251 2340 1322 νοῦμεν.
2381 1252 2542 1321 ὑμῖν.
2582 1256 2683 1308 "Av
2708 1254 2768 1309 τέ
2810 1272 2886 1320 τι,
2925 1257 3093 1327 φησὶ,
3125 1256 3268 1327 μέγα
3312 1256 3681 1328 φθεγξώμεθα

2100 1344 2379 1407 (ἔκστασιν
2398 1347 2509 1418 7&9
2542 1347 2700 1401 τοῦτο
2742 1347 2914 1414 καλεῖ,
2957 1348 3146 1421 ὥσπερ
3183 1345 3277 1403 οῦν
3308 1351 3405 1404 καὶ
3438 1349 3680 1420 ἀλλαχοῦ

2097 1438 2454 1509 ἀφροσύνην),
2497 1438 2585 1492 διά
2634 1439 2722 1493 τὸν
2764 1438 2898 1493 Θεόν
2948 1439 3108 1494 τοῦτο
3145 1440 3428 1511 ποιοῦμεν,
3477 1441 3567 1494 ἵνα
3598 1442 3682 1511 μὴ

2099 1530 2258 1600 ὑμεῖς
2320 1529 2631 1601 νομίζοντες
2691 1532 2841 1602 ἡμᾶς
2881 1531 3139 1596 εὐτελεῖς,
3197 1532 3681 1604 καταφρονήσητε,

2100 1621 2194 1677 καὶ
2241 1622 2514 1693 ἀπόλησθε
2554 1637 2567 1651 ·
2620 1623 2686 1678 ἀν
2732 1640 2791 1676 τε
2860 1623 3080 1697 μέτριόν
3140 1641 3196 1679 τι
3255 1625 3350 1678 καὶ
3398 1623 3681 1686 ταπεινὸν,

2097 1715 2165 1768 δι’
2200 1715 2365 1784 ὑμᾶς,
2415 1715 2501 1768 ἵνα
2533 1714 2741 1786 μάθητε
2771 1717 3240 1787 ταπεινοφρονεῖν.
3276 1716 3347 1768 Ἦ
3374 1714 3468 1768 καὶ
3500 1716 3687 1766 ἐκεῖνο

2100 1804 2262 1858 πάλιν
2297 1804 2495 1875 φησὶν,
2543 1805 2591 1858 εἰ
2643 1805 2740 1876 μὲν
2792 1804 3078 1876 μαίνεσθαί
3122 1820 3209 1868 τις
3254 1805 3402 1875 ἡμᾶς
3441 1804 3681 1874 νομίζει,

2099 1898 2262 1966 ἡμεῖς
2298 1895 2449 1968 παρά
2480 1895 2573 1949 τοῦ
2602 1894 2738 1949 Θεοῦ
2781 1895 2874 1948 τὸν
2906 1893 3096 1965 μισθὸν
3128 1893 3489 1962 ἀπαιτοῦμεν,
3516 1892 3587 1946 δι’
3615 1891 3683 1944 ὃν

2101 1991 2195 2043 ἐπὶ
2220 1989 2431 2053 τούτοις
2455 1987 2872 2059 ὑποπτευόμεθα
2897 2003 2909 2015 ·
2953 1987 3003 2040 εί
3026 1987 3086 2041 δὲ
3115 1988 3414 2056 σωφρονεῖν
3432 1986 3683 2054 ἡγεῖται.

2099 2081 2261 2145 αὑτὸς
2292 2079 2611 2134 ἀπολαυέτω
2641 2081 2745 2150 τῆς
2773 2077 3130 2150 σωφροσύνης
3171 2077 3349 2148 ήμῶν.
3381 2074 3493 2131 Kal
3517 2076 3684 2129 πάλιν

2099 2172 2305 2236 ἄλλως·
2349 2169 2650 2225 Μαίνεσθαι
2696 2170 2781 2234 τίς
2830 2171 2982 2240 ἡμᾶς
3026 2185 3160 2240 φησι
3196 2184 3212 2235 ;
3265 2166 3367 2221 Διά
3404 2166 3497 2221 τὸν
3543 2166 3681 2220 Θεὸν

2099 2262 2325 2319 τοιαῦτα
2354 2263 2679 2334 μαινόμεθα.
2711 2262 2803 2316 Διὸ
2835 2263 2930 2316 καὶ
2960 2261 3157 2330 ἐπάγει
3179 2277 3193 2291 ’
3237 2260 3303 2315 Ἠ
3334 2260 3447 2329 γὰρ
3473 2257 3677 2329 ἀγάπη

2075 2429 2078 2432 φ
2100 2355 2208 2410 τοῦ
2229 2355 2378 2410 Θεοῦ
2406 2355 2656 2423 συνέχει
2684 2352 2865 2424 ἡμᾶς,
2898 2354 3223 2422 κρίναντας
3244 2350 3442 2406 τοῦτο.
3463 2350 3542 2405 Οὐ
3568 2350 3679 2420 γὰρ

2099 2448 2130 2499 ὀ
2158 2444 2266 2500 τῶν
2298 2444 2600 2516 μελλόντων
2646 2443 2829 2515 φόϐος,
2875 2444 3031 2514 φησὶ,
3074 2443 3256 2513 μόνον,
3304 2440 3443 2496 ἀλλά
3473 2442 3567 2494 καὶ
3608 2441 3678 2494 τά

2103 2537 2203 2608 ἥδη
2242 2536 2583 2605 γεγενημένα
2629 2537 2729 2588 οὐκ
2760 2534 2984 2606 ἀφίησιν
3022 2535 3170 2605 ἡμᾶς
3203 2533 3520 2606 ρᾳθυμῆσαι
3553 2534 3681 2588 οὑδέ

2104 2627 2372 2691 ὑπνῶσαι,
2400 2627 2536 2681 ἀλλά
2567 2626 2873 2694 διανίστησι
2902 2626 3039 2697 πρὸς
3061 2627 3190 2689 τοὺς
3221 2624 3366 2696 ὑπὲρ
3400 2625 3555 2696 ὑμῶν
3579 2625 3679 2678 πό-

2105 2737 2248 2785 νους,
2274 2720 2370 2774 καὶ
2393 2719 2548 2773 ὠθεῖ.
2586 2721 2696 2773 Kal
2738 2719 2859 2773 τίνα
2906 2717 3024 2772 ἐστὶ
3057 2716 3129 2770 τά
3161 2716 3261 2788 ἤδη
3305 2716 3678 2787 γεγενημένας

2107 2810 2236 2864 Ὅτι
2264 2812 2318 2864 εὶ
2341 2805 2428 2877 εἷς
2452 2810 2603 2878 ὑπὲρ
2631 2811 2875 2864 πάντων
2889 2808 3212 2874 ἀπέθανεν,
3232 2807 3352 2876 ἄρα
3380 2811 3435 2863 οί
3458 2807 3680 2871 πάντες

2104 2902 2430 2957 ἀπέθανον.
2465 2902 2676 2958 Οὐκοῦν
2712 2901 2787 2965 ὡς
2825 2902 3043 2955 πάντων
3076 2899 3453 2970 ἀπολομένων,
3489 2898 3675 2968 φησίν.

2107 2995 2182 3046 Οὑ
2215 2994 2321 3065 γὰρ
2362 2993 2451 3057 ἀν,
2490 2994 2541 3045 εί
2591 2993 2665 3064 μὴ
2705 2993 2919 3056 πάντες.
2939 2989 3235 3055 ἀπέθανον,
3275 2991 3414 3060 ὑπὲρ
3457 2989 3676 3042 πάντων

2107 3085 2397 3139 ἀπέθανεν.
2466 3085 2731 3140 Ἐνταῦθα
2777 3084 2886 3156 γάρ
2943 3084 3081 3138 είσιν
3133 3083 3193 3136 al
3242 3080 3341 3151 τῆς
3396 3078 3672 3144 σωτηρίας

2108 3179 2375 3250 ἀφορμαὶ,
2406 3180 2523 3232 ἐκεῖ
2557 3177 2612 3231 δὲ
2656 3178 2865 3231 οὐκέτι.
2912 3175 3013 3229 Διά
3043 3173 3204 3229 τοῦτό
3240 3189 3388 3243 φησι,
3418 3170 3667 3240 Σιονέχει

2106 3268 2264 3338 ἡμᾶς
2293 3271 2333 3338 ἠ
2384 3268 2586 3339 ἀγάπη
2621 3268 2728 3323 τοῦ
2770 3266 2940 3333 Θεοῦ,
2984 3268 3079 3321 καὶ
3128 3267 3230 3320 οὑκ
3267 3264 3487 3335 ἀφίησιν
3526 3262 3673 3333 ἡμᾶς

2107 3360 2423 3431 ἡσυχάζειν.
2486 3359 2755 3429 Ἐσχάτης
2807 3359 2918 3430 γάρ
2969 3360 3119 3413 ἐστιν
3173 3357 3525 3428 ἀθλιότητος,
3585 3353 3683 3407 καὶ

2108 3452 2332 3522 γεέννης
2370 3451 2542 3521 αὑτῆς
2582 3450 2981 3522 χαλεπώτερον,
3021 3446 3189 3504 αὑτοῦ
3222 3449 3457 3521 πρᾶγμα
3494 3444 3681 3499 τοσοῦ-

2109 3559 2200 3597 τον
2229 3541 2661 3614 ἐπιδειξαμένου,
2696 3543 2988 3613 εὑρεθῆναί
3015 3559 3168 3606 τινας
3195 3542 3335 3613 μετὰ
3364 3539 3466 3609 τὴν
3493 3536 3686 3591 τοσαύ-

2108 3652 2209 3706 την
2233 3635 2399 3689 αὑτοῦ
2439 3635 2696 3707 πρόνοιαν
2746 3636 2912 3707 μηδὲν
2950 3635 3391 3706 καρπουμένους.
3436 3632 3545 3684 Καὶ
3578 3630 3686 3700 γὰρ

2112 3727 2283 3798 πολλὴ
2320 3729 2420 3799 τῆς
2474 3728 2692 3800 ἀγάπης
2729 3730 2762 3799 ἡ
2808 3727 3107 3800 ὑπερϐολὴ,
3151 3727 3249 3781 καὶ
3294 3727 3357 3779 τὸ
3394 3725 3686 3778 ἀποθανεῖν

2113 3819 2254 3891 ὑπὲρ
2289 3819 2556 3889 τοσαύτης
2601 3818 2750 3891 [5M]
2785 3820 3128 3891 οἰκουμένης,
3168 3818 3269 3872 καὶ
3309 3816 3455 3871 οὕτω
3482 3816 3685 3869 διακει-

2113 3911 2282 3982 μένης
2309 3911 2625 3965 ἀποθανεῖν.
2669 3911 2805 3965 Ἵνα
2842 3913 2895 3964 οί
2941 3909 3154 3974 ζῶντες
3200 3907 3415 3979 μηκέτι
3453 3905 3687 3970 ἑαυτοῖς

2114 4001 2311 4063 ζῶσιν,
2371 4000 2535 4056 ἀλλὰ
2576 4002 2665 4067 τῷ
2706 4000 2864 4072 ὑπὲρ
2917 4000 3116 4056 αὐτῶν
3170 4001 3538 4056 ἀποθανόντι
3590 4003 3687 4052 καί

2112 4092 2428 4162 ἐγερθέντι.
2468 4095 2533 4148 El
2583 4095 2761 4148 τοίνυν
2800 4095 2862 4147 οὑ
2904 4094 2986 4147 δεῖ
3012 4095 3160 4163 ἡμᾶς
3206 4094 3418 4154 ἑαυτοῖς
3462 4090 3584 4161 ζῇν,
3614 4087 3689 4160 μὴ

2114 4185 2467 4255 ταράττεσθε,
2503 4186 2657 4257 φησὶ,
2686 4184 2827 4256 μηδέ
2866 4182 3185 4255 θορυϐεῖσθε
3223 4181 3486 4236 κινδύνων
3508 4179 3690 4232 ἐπιόν-

2114 4293 2225 4329 των
2261 4277 2355 4330 καὶ
2389 4277 2654 4331 θανάτων.
2691 4277 2800 4330 Kal
2827 4275 3087 4345 λογισμόν
3123 4274 3181 4327 δὲ
3204 4273 3419 4343 τίθησιν
3451 4270 3689 4340 ἀναμφί-

2116 4364 2293 4428 ϐολον,
2320 4364 2388 4420 δι’
2419 4362 2479 4420 οῦ
2502 4366 2776 4420 δείκνυσιν
2795 4365 3017 4437 ὀφειλὴν
3044 4365 3107 4418 τὸ
3129 4366 3364 4436 πρᾶγμα
3384 4363 3465 4416 ὄν.
3496 4362 3563 4415 Εἰ
3581 4361 3688 4429 7&9

2115 4458 2184 4512 δι’
2219 4458 2386 4513 αὑτοῦ
2435 4459 2619 4530 ζῶμεν
2650 4459 3014 4523 ἀποθανόντος
3034 4499 3050 4523 ,
3085 4458 3234 4529 αὑτῷ
3264 4458 3363 4528 ζῇν
3402 4454 3689 4525 ὀφείλομεν

2116 4552 2184 4604 δι’
2209 4551 2270 4604 ὃν
2294 4551 2322 4591 ιν
2353 4550 2556 4622 ζῶμεν.
2588 4553 2699 4606 Καὶ
2717 4553 2866 4606 δοκεῖ
2894 4552 2992 4623 μὲν
3030 4552 3088 4604 ἓν
3119 4547 3258 4605 εῖναι
3293 4549 3353 4603 τὸ
3377 4546 3687 4621 εἰρημένον,

2118 4646 2249 4700 είδέ
2283 4663 2367 4709 τις
2407 4645 2650 4716 ἀκριϐῶς
2701 4644 2996 4713 ἐξετάσειε,
3047 4644 3142 4699 δύο
3180 4643 3356 4698 ταῦτά
3399 4643 3584 4695 ἐστιν’
3634 4638 3689 4691 ἐν

2123 4738 2258 4808 μὲν,
2319 4738 2401 4790 ὅτι
2448 4737 2513 4790 δι’
2560 4737 2725 4791 αὑτὸν
2775 4737 2978 4808 ζῶμεν,
3027 4736 3217 4807 ἕτερον
3262 4734 3341 4799 δὲ,
3397 4733 3479 4786 ὅτι
3532 4728 3691 4792 αὑτδς

2117 4828 2184 4881 δι’
2217 4830 2362 4900 ἡμᾶς
2392 4829 2661 4884 ἀπέθανεν
2685 4848 2699 4862 ο
2731 4823 2807 4882 ὧν
2839 4829 3068 4882 ἕκαστον
3101 4829 3194 4882 καὶ
3231 4826 3352 4881 καθ’
3380 4824 3542 4879 ἐαυτδ
3572 4824 3688 4876 Exa-

2120 4922 2211 4976 νόν
2238 4921 2574 4986 ὑπευθύνους
2602 4923 2857 4991 ποιῆσαι*
2891 4923 3021 4975 ὅταν
3050 4920 3109 4974 δὲ
3137 4922 3230 4975 καὶ
3252 4920 3537 4992 ἀμφότερα
3568 4934 3692 4970 συν·

2124 5012 2274 5084 έλθῃ,
2310 5014 2560 5083 ἐννόησον
2594 5014 2778 5085 ἡλίκον
2818 5015 2937 5069 ἐστὶ
2965 5016 3027 5069 τὸ
3054 5015 3349 5085 ὀφείλημα.
3388 5011 3606 5066 Μᾶλλον
3637 5009 3691 5061 δὲ

2122 5107 2217 5159 καὶ
2246 5106 2373 5177 τρία
2409 5106 2582 5161 ταῦτά
2613 5109 2750 5160 ἐστι.
2789 5108 2899 5160 Καὶ
2939 5106 3048 5178 γὰρ
3074 5106 3174 5177 τὴν
3218 5104 3473 5174 ἀπαρχὴν
3507 5101 3598 5154 διὰ
3638 5101 3694 5153 σὲ

2121 5198 2409 5270 ἀνέστησε,
2442 5199 2535 5252 καὶ
2551 5200 2628 5262 εἰς
2651 5200 2744 5252 τὸν
2763 5199 2989 5272 οὐρανὸν
3009 5201 3253 5271 ἀνήγαγε
3273 5216 3285 5227 ·
3307 5196 3388 5251 διὸ
3412 5198 3508 5250 καὶ
3532 5209 3698 5265 προσ-

2128 5290 2312 5360 έθηκε,
2354 5290 2435 5355 Τῷ
2462 5292 2615 5359 ὑπὲρ
2642 5291 2812 5361 ήμῶν
2850 5292 3215 5347 ἀποθανόντι
3246 5290 3341 5344 καί
3374 5288 3693 5359 ἐγερθέντι.

2129 5381 2311 5435 Ὥστε
2348 5382 2518 5451 ἡμεῖς
2559 5383 2678 5439 ἀπὸ
2726 5383 2832 5439 τοῦ
2864 5384 2981 5440 νῦν
3009 5383 3228 5440 οὐδένα
3264 5380 3514 5451 οίδαμεν
3554 5377 3699 5433 κατὰ

2188 5574 2216 5613 b
2248 5572 2510 5637 Legebatur
2538 5576 2596 5623 δι’
2620 5573 2691 5622 οὗ.
