4070 6152
359 397 467 456 473

361 514 536 568 aliena
563 508 794 578 rapiunt,
825 503 917 560 sed
945 501 1064 573 quis
1084 514 1270 556 eorum
1297 497 1366 552 sit
1389 497 1545 561 linis;
1574 495 1661 550 hic
1688 493 1939 549 videlicet

361 619 507 658 cura:
536 617 598 656 ac
623 608 795 654 metus
821 605 873 650 et
898 607 1158 663 angores,
1184 591 1292 645 illic
1317 589 1530 643 vincula
1581 584 1885 641 insolubilia
1921 603 1933 638 :

365 713 472 751 non
499 708 593 748 eos
617 693 706 761 qui
734 689 915 760 gloria:
958 683 1136 739 studio
1179 681 1446 737 ducuntur
1469 720 1484 744 ,
1513 677 1608 733 sed
1634 677 1760 748 quid
1783 693 1845 732 ex
1876 691 1935 731 ea

365 793 648 844 nascatur;
678 781 780 834 hoc
799 785 901 842 est,
928 779 1157 831 servitus
1193 773 1280 826 hic
1303 783 1356 827 et
1396 770 1797 834 simulationes,
1827 769 1938 822 illic

363 881 617 935 damnum
644 869 975 929 intolerabile
989 883 1053 923 ac
1080 874 1369 937 perpetuus
1395 863 1622 916 ﬂammae
1649 862 1936 916 cruciatus.

362 969 493 1026 Nam
532 967 576 1021 si
619 966 733 1019 haec
758 977 880 1017 cum
927 959 1120 1013 animis
1149 956 1347 1011 nostris
1378 949 1738 1018 disseramus,
1781 960 1837 1006 et
1864 951 1938 1004 si-

364 1061 506 1116 milia
555 1057 733 1127 pravis
781 1050 1162 1122 cupiditatibus
1211 1047 1412 1102 nostris
1463 1043 1801 1106 occinamus,
1834 1041 1941 1095 cito

361 1151 701 1223 pmsentium
733 1159 915 1201 rerum
959 1155 1196 1196 amorem
1243 1139 1608 1208 expellemus,
1639 1144 1694 1188 et
1741 1133 1942 1185 futura-

361 1259 478 1298 rum
510 1239 876 1296 incendemus.
903 1233 1253 1289 lncendamus
1296 1230 1455 1300 igitur
1493 1242 1614 1282 eum
1658 1234 1818 1294 atque
1863 1223 1943 1276 in-

361 1334 717 1386 flammemus.
743 1327 873 1382 Nam
906 1325 951 1380 si
977 1325 1162 1377 harum
1193 1335 1369 1374 rerum
1398 1317 1670 1387 cogitatio,
1698 1313 1940 1385 quamvis

360 1426 587 1479 obscura
610 1422 698 1486 sit,
729 1427 927 1474 tantam
958 1414 1108 1470 affert
1129 1413 1450 1480 voluptatem
1477 1409 1704 1477 :cogita,
1733 1419 1936 1475 qureso,

1418 384 1482 439 IN
1521 382 1735 439 EPIST.
1779 380 1822 435 ll
1883 379 1976 435 AD
2015 378 2168 434 COR.
2211 378 2439 435 lIOMlL.
2483 381 2572 435 XI.

3525 390 3627 476 tu.

2045 504 2300 561 quantum
2347 495 2722 552 oblectamenti
2750 498 3036 570 perspicua
3052 486 3242 556 earum
3270 502 3450 558 fruitio
3469 506 3627 562 nobis

2044 586 2266 641 allatura
2297 588 2383 641 sit.
2415 588 2563 642 Beati
2588 605 2648 644 ac
2674 600 2754 645 ter
2773 604 2827 646 et
2849 593 3045 661 ειιτιιὶιιε
3071 594 3234 661 beati,
3259 597 3452 666 quibus
3472 600 3628 653 bonis

2048 678 2151 732 illis
2165 677 2534 749 fruicontigit:
2562 684 3008 751 quemadmodum
3039 699 3223 742 contra
3254 691 3434 746 miseri
3465 707 3528 746 ac
3548 700 3632 748 ter

2046 767 2249 834 miseri,
2281 770 2369 838 qui
2394 774 2663 827 contraria
2689 773 2770 830 his
2801 777 2939 830 mala
2969 779 3263 846 patiuntur.
3295 780 3364 838 Ut
3396 798 3524 852 ergo
3563 799 3628 839 es

2048 858 2282 926 illorum,
2317 876 2420 915 non
2445 878 2508 916 ex
2540 863 2731 919 horum
2763 883 2987 924 numero
3017 870 3185 924 simus
3207 911 3223 936 ,
3253 874 3464 927 virtutis
3510 884 3626 929 stu-

2047 949 2190 1004 dium
2219 966 2600 1020 capessamus:
2631 956 2708 1011 sic
2757 958 2900 1011 enim
2930 961 2997 1013 ad
3036 959 3209 1016 futura
3253 963 3391 1018 bona
3441 979 3628 1034 pene.

2050 1043 2256 1096 niemus
2285 1061 2298 1096 :
2327 1045 2391 1100 ad
2444 1062 2564 1116 qua:
2613 1049 2816 1104 utinam
2860 1054 3142 1120 pervenire
3196 1054 3348 1110 nobis
3385 1059 3633 1113 omnibus

2047 1131 2238 1199 detur,
2268 1150 2363 1202 per
2404 1139 2626 1206 gratiam
2681 1149 2736 1194 et
2778 1141 3159 1212 benignitatem
3206 1146 3418 1202 Domini
3453 1154 3622 1205 nostri

2045 1222 2172 1278 Jesu
2219 1224 2453 1292 Christi,
2502 1231 2588 1284 cui
2633 1247 2752 1286 cum
2799 1233 2958 1289 Patre
2997 1246 3052 1290 et
3102 1247 3288 1292 sancto
3339 1240 3540 1310 Spiritu
3565 1243 3636 1298 sit

2047 1314 2234 1384 gloria,
2263 1315 2573 1385 imperium,
2609 1319 2813 1388 honor,
2842 1339 2986 1380 nunc
3014 1335 3066 1382 et
3092 1341 3305 1398 semper
3327 1371 3339 1393 ,
3370 1342 3422 1385 et
3451 1331 3502 1386 in
3535 1347 3633 1386 sa:-

2047 1406 2163 1458 cula
2191 1409 2529 1463 seculorum.
2562 1415 2755 1468 Anien.

367 1557 3633 1594 Μ

1759 1654 2107 1716 HOMILIA
2152 1657 2264 1718 XI.

363 1867 494 1921 CAP.
525 1865 580 1920 5.
610 1880 662 1917 ν.
689 1863 774 1917 11.
808 1860 1034 1915 Scienles
1078 1871 1198 1927 ergo
1235 1855 1463 1908 timorem
1500 1845 1745 1909 Domini,
1779 1842 1942 1896 homi-

444 1962 592 2013 nibus
615 1956 903 2014 suademus,
933 1950 1043 2004 Deo
1069 1957 1236 2001 autem
1267 1941 1523 2013 manifesti
1547 1953 1722 1994 sumus
1750 1952 1766 1988 :
1794 1949 1942 2004 spero

432 2065 603 2109 autem
650 2067 742 2103 nos
778 2057 826 2101 et
852 2047 904 2098 in
934 2040 1254 2097 conscientiis
1282 2037 1457 2091 vestris
1484 2032 1778 2100 manifestos
1814 2043 1940 2081 esse.

434 2149 486 2201 1.
518 2146 644 2200 llaec
674 2142 833 2212 igitur
876 2137 1107 2192 scientes
1131 2173 1145 2197 ,
1195 2130 1401 2199 inquit,
1427 2126 1531 2181 hoc
1572 2134 1687 2189 est,
1718 2122 1946 2175 horren-

358 2241 486 2295 dum
515 2235 643 2291 illud
692 2231 958 2296 tribunal,
1000 2240 1212 2282 omnem
1242 2237 1459 2292 operam
1502 2218 1819 2274 adhibemus
1844 2253 1858 2278 ,
1888 2221 1949 2266 ut

362 2349 430 2387 ne
471 2343 656 2383 ansam
709 2325 872 2380 ullam
917 2321 1069 2374 vobis
1090 2319 1282 2374 demus
1309 2324 1400 2370 aut
1446 2309 1826 2367 oﬂendiculum
1857 2315 1949 2360 aut

358 2425 549 2478 falsam
596 2420 829 2488 aliquam
861 2413 1144 2468 adversum
1175 2424 1274 2463 nos
1310 2407 1464 2461 malae
1507 2403 1734 2459 actionis
1773 2397 1950 2467 suspi-

361 2518 591 2570 cionem.
618 2509 808 2566 Viden’
834 2512 1141 2560 accuratum
1183 2501 1309 2554 vitae
1353 2499 1652 2552 institutum
1683 2492 1948 2548 studium-

362 2623 465 2678 que
504 2605 695 2658 anima:
737 2598 1026 2655 sollicitae?
1052 2595 1236 2664 Neque
1262 2591 1404 2646 enim
1435 2597 1547 2643 tum
1593 2587 1764 2640 solum
1791 2597 1949 2638 accu-

364 2675 578 2765 santur,
607 2710 726 2751 cum
758 2692 885 2763 quid
917 2691 1040 2745 mali
1073 2684 1536 2757 perpetravimus;
1568 2679 1660 2734 sed
1706 2675 1948 2747 quamvis

365 2791 524 2846 etiam
556 2787 689 2842 nihil
735 2792 1147 2856 perpetremus,
1189 2787 1366 2832 tamen
1414 2775 1457 2827 si
1490 2775 1540 2828 in
1590 2770 1949 2839 suspicionem

366 2881 668 2943 veniamus,
699 2891 796 2931 nec
820 2891 938 2930 eam
981 2870 1190 2926 amoliri
1216 2910 1231 2933 ,
1281 2882 1402 2922 cum
1433 2866 1588 2918 liceat
1613 2904 1628 2929 ,
1656 2872 1907 2915 curemus
1931 2897 1945 2922 ,

367 2988 553 3042 pinnas
580 2971 759 3040 utique
785 2965 1013 3022 subituri
1057 2977 1262 3019 sumus.
1296 2959 1383 3014 12.
1415 2957 1534 3011 Non
1581 2957 1762 3009 iterum
1805 2968 1947 3005 com-

367 3067 665 3120 mendamus
710 3078 803 3116 nos
856 3059 1030 3122 vobis,
1085 3057 1174 3112 sed
1221 3053 1535 3109 occasionem
1571 3050 1708 3104 vobis
1766 3047 1950 3100 damus

373 3155 626 3227 gloriandi
656 3170 747 3224 pro
776 3151 938 3205 nobis.
968 3149 1101 3204 Vide
1141 3144 1412 3217 quomodo
1463 3143 1768 3211 frequenter
1809 3138 1950 3208 ejus-

376 3247 517 3302 modi
547 3246 904 3314 suspicionem
955 3257 985 3295 a
1027 3257 1086 3296 se
1117 3247 1427 3301 removeat,
1477 3235 1628 3306 quasi
1680 3249 1804 3289 suas
1838 3233 1950 3302 ipse

369 3339 556 3393 laudes
581 3351 776 3391 canere
819 3334 1087 3388 videatur.
1116 3331 1257 3386 Nihil
1285 3330 1429 3385 enim
1477 3326 1695 3398 perinde
1741 3325 1951 3380 audito-

370 3443 490 3482 rum
514 3427 719 3480 animos
743 3423 987 3486 offendit,
1019 3431 1078 3476 ut
1105 3437 1224 3476 cum
1252 3422 1374 3490 quis
1424 3433 1612 3488 magna
1642 3427 1696 3473 et
1744 3416 1943 3472 eximia

372 3518 618 3587 quaedam
665 3516 733 3571 de
769 3531 828 3570 se
871 3515 1143 3584 praedicat.
1176 3513 1437 3578 Quoniam
1481 3512 1640 3580 igitur
1686 3511 1737 3562 in
1783 3508 1940 3576 hujus

374 3608 682 3678 argumenti
736 3621 1033 3661 sermonem
1088 3604 1324 3658 incidere
1387 3616 1610 3656 necesse
1658 3599 1947 3662 habuerat,

373 3698 764 3754 correctionem
819 3696 1058 3752 adhibuit
1103 3696 1339 3750 dicens:
1402 3693 1515 3747 lloe
1561 3691 1722 3746 vestri
1789 3704 1950 3744 causa

373 3790 478 3844 feci
505 3830 520 3854 ,
553 3804 657 3842 non
689 3798 869 3841 neStra
895 3829 910 3851 ,
944 3796 1002 3841 ut
1031 3787 1271 3841 habeatis
1299 3784 1440 3839 unde
1468 3781 1772 3853 gloriemini
1794 3823 1809 3846 ,
1841 3794 1947 3832 non

373 3896 476 3935 nos
508 3897 525 3936 :
554 3894 728 3949 neque
769 3878 820 3933 id
869 3879 1181 3946 simpliciter
1201 3920 1213 3943 ,
1248 3876 1340 3930 sed
1368 3884 1587 3945 propter
1616 3872 1780 3928 falsos
1817 3886 1950 3941 apo-

374 3972 564 4026 stolos.
593 3969 746 4025 Unde
775 3971 936 4025 etiam
964 3969 1215 4033 subdidit,
1246 3968 1327 4021 Ad
1363 3984 1446 4022 eos
1477 3967 1562 4035 qui
1593 3966 1646 4018 in
1678 3965 1808 4035 facie
1835 3963 1950 4030 glo-

374 4066 611 4127 riantur,
668 4071 715 4115 et
767 4078 869 4114 non
917 4062 972 4113 in
1016 4060 1185 4113 corde.
1216 4059 1443 4113 Videsne
1486 4069 1543 4111 ut
1588 4056 1688 4111 hos
1734 4055 1800 4108 ab
1850 4054 1954 4108 illis

376 4154 694 4217 abduxerit,
745 4160 905 4222 atque
945 4151 1011 4204 ad
1054 4167 1176 4205 suas
1221 4161 1400 4219 partes
1441 4148 1794 4217 pertraxerit,
1827 4159 1949 4199 cum

379 4244 509 4298 illud
531 4243 783 4310 ostendit,
811 4242 952 4312 quod
979 4242 1074 4310 ipsi
1102 4257 1311 4311 quoque
1332 4239 1594 4295 Corinthii
1620 4240 1952 4294 occasionem

379 4339 608 4406 aliquam
638 4338 876 4406 arripere
921 4337 1166 4404 cupiant,
1196 4351 1297 4404 qua
1325 4335 1490 4403 ipsius
1532 4347 1744 4386 causam
1778 4334 1912 4386 tueri
1938 4374 1953 4397 ,

380 4431 551 4498 iisque
603 4443 630 4481 a
681 4428 872 4497 quibus
916 4428 968 4480 in
1029 4428 1231 4480 crimen
1288 4426 1574 4480 vocabatur
1633 4425 1956 4494 respondere

379 4524 616 4590 queant?
640 4520 754 4575 Non
785 4521 960 4586 enim,
1014 4520 1183 4590 inquit
1202 4561 1216 4585 ,
1244 4519 1357 4574 hch
1390 4535 1456 4572 eo
1486 4518 1710 4573 dicimus
1730 4557 1746 4584 ,
1773 4527 1828 4571 ut
1853 4518 1953 4586 ipsi

379 4614 695 4683 gloriemur,
727 4613 820 4667 sed
849 4621 906 4667 ut
935 4628 1030 4666 vos
1062 4628 1157 4682 pro
1192 4612 1343 4666 nobis
1374 4612 1593 4666 liberam
1621 4625 1804 4662 vocem
1831 4609 1957 4662 mit-

381 4715 499 4761 tere
529 4707 744 4776 possitis
783 4724 797 4760 :
842 4706 892 4761 id
921 4707 1061 4775 quod
1106 4707 1342 4761 hominis
1392 4715 1508 4761 erat
1550 4708 1817 4776 ingentem
1850 4705 1957 4759 illis

379 4813 506 4868 erga
536 4813 594 4851 se
642 4813 880 4852 amorem
933 4799 1306 4853 testilicantis:
1343 4815 1440 4854 nec
1481 4814 1608 4854 vero
1653 4807 1710 4853 ut
1752 4807 1954 4852 tantum

379 4889 723 4958 gloriemini,
754 4889 849 4943 sed
899 4889 1057 4944 etiam
1107 4899 1163 4944 ut
1215 4905 1281 4942 ne
1314 4891 1382 4944 ab
1425 4890 1555 4959 ipsis
1607 4891 1659 4943 in
1711 4889 1954 4943 fraudem

382 4981 751 5048 impcllamini.
779 4981 910 5034 Illud
941 4988 1115 5035 tamen
1167 4981 1305 5035 haud
1345 4991 1531 5049 aperte
1582 4981 1738 5047 dicit,
1773 4997 1956 5036 verum

381 5072 685 5126 mitioribus
714 5073 836 5126 aliis
879 5073 1056 5126 verbis
1086 5072 1324 5127 eamdem
1365 5088 1478 5125 rem
1525 5073 1863 5142 aggreditur,
1897 5089 1959 5128 ac

380 5166 514 5218 citra
563 5165 778 5218 illorum
843 5165 1266 5234 perstrictionem
1323 5165 1510 5217 dicens
1550 5184 1562 5216 :
1610 5163 1675 5217 Ut
1727 5164 1951 5216 habeatis

380 5257 517 5309 unde
541 5256 825 5325 gloriamini
848 5257 916 5309 ad
943 5273 1026 5310 eos
1050 5297 1065 5322 ,
1093 5257 1177 5327 qui
1204 5258 1255 5309 in
1282 5257 1411 5324 {acie
1430 5257 1735 5325 gloriantur.
1765 5258 1840 5308 Ac
1889 5270 1955 5308 ne

383 5350 488 5402 hoc
513 5348 728 5416 quidem
759 5359 958 5403 temere
979 5358 1032 5402 et
1052 5349 1166 5402 sine
1186 5361 1341 5401 causa
1374 5347 1440 5400 ab
1468 5347 1530 5400 iis
1561 5346 1670 5400 fieri
1700 5345 1830 5409 vult,
1861 5345 1955 5399 sed

383 5453 494 5493 tum
526 5441 777 5506 demum,
805 5456 928 5494 cum
974 5455 1067 5494 eos
1115 5438 1426 5492 insolentius
1473 5453 1594 5492 sese
1623 5437 1812 5492 efferre
1834 5453 1963 5492 con-

382 5533 660 5598 Spexerint
701 5549 714 5584 :
759 5531 953 5600 ubique
995 5531 1138 5583 enim
1179 5529 1512 5584 occasionem
1559 5528 1809 5598 exquirit.
1841 5527 1954 5582 Non

383 5621 564 5688 igitur,
596 5631 652 5675 ut
692 5623 926 5690 seipsum
969 5621 1225 5675 illustrem
1265 5619 1544 5684 ostendat,
1576 5618 1667 5673 sed
1712 5627 1768 5673 ut
1798 5619 1918 5674 illos
1944 5660 1957 5683 ,

382 5721 712 5778 praepostere
741 5721 900 5781 atque
925 5710 977 5764 in
1002 5709 1396 5765 Corinthiorum
1427 5709 1805 5764 detrimentum
1830 5725 1953 5765 sese

385 5798 720 5859 wtttlitantcs
740 5843 754 5872 ,
785 5813 1086 5876 compescat
1112 5845 1124 5870 ,
1161 5803 1261 5860 hoc
1285 5803 1427 5859 facit.
1451 5802 1587 5869 Quid
1611 5812 1788 5857 autem
1832 5817 1914 5859 est
1935 5845 1948 5870 ,

2056 1842 2116 1898 In
2161 1847 2338 1917 facie?
2382 1851 2438 1908 In
2469 1854 2535 1910 iis
2558 1897 2573 1920 ,
2622 1875 2742 1925 qua:
2774 1863 2942 1917 oculis
2985 1877 3279 1922 cernuntur
3305 1909 3321 1932 ,
3351 1879 3512 1941 atque
3557 1872 3623 1926 ad

2051 1943 2466 2031 ostentationem
2513 1949 2757 2004 tendunt.
2791 1952 2903 2007 Tali
2949 1956 3090 2009 enim
3139 1957 3320 2013 animo
3367 1961 3442 2014 illi
3492 1978 3628 2031 pra:-

2051 2030 2146 2085 diti
2174 2044 2364 2100 erant,
2396 2046 2452 2090 ut
2502 2041 2591 2107 qui
2635 2041 2700 2094 ad
2756 2042 2990 2100 honores
3039 2056 3090 2101 et
3131 2050 3356 2118 gloriam
3399 2030 3638 2110 actiones

2051 2137 2175 2177 suas
2227 2140 2414 2182 omnes
2464 2129 2730 2186 referrent
2774 2134 3026 2205 intusque
3071 2139 3257 2194 inanes
3295 2151 3513 2209 essent,
3570 2160 3634 2199 ac

2056 2217 2268 2283 pietatis
2292 2220 2507 2288 quidem
2535 2224 2736 2280 larvam
2783 2239 3037 2296 gererent
3080 2233 3470 2304 gravitatisque
3515 2251 3638 2306 spe-

2054 2307 2191 2361 ciem
2243 2309 2534 2379 habereut,
2577 2323 2832 2371 caeterum
2881 2319 3038 2374 bonis
3070 2323 3321 2391 operibus
3365 2336 3636 2380 carerent.

2060 2399 2147 2454 15.
2190 2401 2312 2455 Sive
2354 2405 2486 2457 enim
2534 2416 2694 2461 mente
2756 2411 3083 2479 excedimus,
3136 2412 3284 2478 Deo;
3329 2415 3433 2468 sive
3484 2417 3639 2470 sobrii

2052 2508 2259 2557 sumus,
2293 2495 2447 2549 vobis.
2473 2497 2596 2554 Sive
2636 2501 2779 2554 enim
2804 2542 2819 2564 ,
2854 2503 3062 2572 inquit,
3093 2506 3271 2574 magni
3311 2508 3509 2577 aliquid
3552 2509 3634 2562 lo-

2053 2601 2282 2655 quamur
2312 2587 2474 2659 (nam
2523 2591 2624 2647 hoc
2675 2595 2869 2650 mentis
2917 2611 3200 2652 excessum
3244 2610 3436 2668 vocat,
3488 2610 3554 2656 ut
3585 2613 3638 2656 et

2053 2678 2159 2732 alio
2179 2679 2295 2733 loco
2313 2680 2713 2754 insipientiam),
2738 2686 2827 2740 Dei
2847 2702 3005 2742 causa
3021 2688 3261 2754 facimus,
3286 2707 3352 2747 ne
3375 2708 3485 2757 vos,
3507 2693 3632 2747 dum

2054 2768 2121 2823 de
2145 2769 2298 2825 nobis
2327 2781 2383 2824 ut
2405 2773 2594 2829 vilibus
2615 2776 2952 2843 existimatis,
2973 2784 3300 2849 contemptui
3321 2797 3416 2836 nos
3437 2783 3636 2838 habea—

2057 2862 2124 2915 tis
2151 2876 2213 2916 ac
2242 2865 2469 2931 pereatis
2495 2885 2509 2921 :
2536 2867 2647 2921 sive
2674 2867 2872 2924 humile
2897 2872 3093 2941 aliquid
3116 2887 3178 2927 ac
3204 2873 3526 2942 demissum,
3543 2893 3635 2930 ve-

2055 2954 2150 3007 stri
2198 2956 2366 3024 gratia
2419 2957 2518 3012 hoc
2547 2959 2786 3023 facimus,
2819 2973 2874 3016 ut
2905 2963 3146 3019 modeste
3177 2964 3243 3019 de
3265 2966 3414 3020 vobis
3436 2968 3637 3024 sentire

2055 3045 2291 3103 discatis.
2337 3049 2431 3105 Vel
2457 3052 2616 3106 etiam
2659 3053 2760 3109 hoc
2787 3055 2881 3122 ait,
2913 3055 2970 3112 Si
2995 3059 3114 3128 quis
3143 3074 3240 3114 nos
3267 3060 3498 3116 insanire
3524 3065 3638 3117 exi-

2055 3141 2253 3206 stimat,
2310 3156 2340 3196 a
2381 3143 2491 3198 Deo
2533 3155 2751 3216 propter
2794 3164 2951 3218 quem
3012 3151 3065 3204 in
3097 3152 3235 3208 hanc
3272 3155 3635 3223 suspicionem

2057 3235 2321 3300 venimus,
2366 3239 2672 3294 mercedem
2699 3240 3052 3311 elllagitamus
3078 3263 3090 3298 :
3119 3246 3201 3299 sin
3232 3257 3409 3302 autem
3437 3263 3535 3302 nos
3556 3264 3642 3304 sa-

2056 3340 2139 3378 me
2183 3328 2380 3380 mentis
2421 3343 2540 3383 esse
2587 3340 2791 3396 censet,
2823 3331 3030 3388 fruatur
3069 3335 3159 3389 ille
3185 3351 3313 3391 sane
3343 3347 3523 3392 nostra
3553 3353 3643 3393 so-

2056 3415 2299 3470 brietate.
2347 3417 2425 3471 Ac
2444 3435 2635 3474 rursus
2659 3421 2835 3486 aliter,
2869 3421 3107 3479 lnsanire
3139 3441 3236 3480 nos
3265 3428 3526 3496 quispiam
3553 3429 3638 3484 di-

2054 3505 2170 3558 cit?
2215 3505 2440 3575 Propter
2483 3508 2650 3562 Deum
2702 3510 3004 3579 hujusmodi
3050 3513 3253 3568 insania
3287 3517 3637 3572 laboramus:

2057 3596 2199 3651 unde
2247 3599 2410 3652 etiam
2451 3599 2652 3663 subdit,
2697 3602 2783 3656 M.
2829 3602 3026 3658 Caritas
3057 3607 3188 3659 enim
3218 3605 3315 3660 Dei
3345 3620 3483 3678 urget
3509 3627 3600 3664 nos
3625 3628 3643 3664 :

2057 3691 2360 3743 wstimantes
2379 3691 2490 3744 hoc.
2522 3690 2639 3745 Non
2671 3695 2852 3759 modo,
2886 3696 3076 3765 inquit,
3100 3696 3403 3755 futurorum
3443 3712 3639 3769 metus,

2056 3781 2340 3836 sed'etiam
2371 3799 2488 3852 qua:
2510 3784 2620 3853 jam
2649 3786 3010 3856 contigerunt,
3036 3806 3142 3843 non
3172 3791 3356 3846 sinunt
3385 3808 3482 3847 nos
3502 3793 3643 3848 desi-

2057 3874 2142 3928 dia
2170 3884 2381 3944 torpere
2397 3887 2556 3947 atqne
2583 3878 3018 3946 obdormiscere;
3047 3898 3230 3938 verum
3258 3885 3324 3939 ad
3345 3886 3642 3955 suscipien-

2057 3965 2156 4020 dos
2197 3967 2386 4021 salutis
2430 3980 2624 4024 veslrte
2669 3986 2829 4028 causa
2875 3972 3083 4029 labores
3113 3978 3443 4031 exsuscitant
3477 3986 3640 4048 atque

2059 4057 2355 4127 impellunt.
2385 4059 2640 4128 Quaenam
2688 4076 2866 4119 autem
2903 4075 3028 4120 sunt
3068 4081 3153 4129 ea,
3183 4085 3301 4137 qum
3328 4069 3437 4139 jam
3465 4072 3638 4126 conti-

2058 4152 2287 4220 gerunt?
2312 4153 2562 4219 Quoniam
2586 4157 2629 4208 si
2648 4173 2778 4210 unus
2796 4175 2887 4225 pro
2902 4162 3133 4212 omnibus
3155 4170 3381 4214 mortuus
3395 4171 3489 4229 est,
3505 4178 3638 4232 ergo

2059 4258 2228 4297 omnes
2269 4246 2451 4298 mortui
2489 4255 2626 4300 sunt.
2656 4247 2795 4316 Ergo
2824 4249 2898 4301 ita
2936 4249 3167 4318 loquitur
3210 4250 3427 4314 Paulus,
3482 4266 3544 4304 ac
3599 4253 3642 4306 si

2060 4349 2247 4389 omnes
2276 4337 2581 4404 periissent.
2610 4337 2795 4403 Neque
2826 4340 2966 4392 enim
2996 4355 3092 4408 pro
3117 4341 3367 4394 omnibus
3397 4341 3644 4396 Christus

2062 4437 2286 4480 mortem
2315 4429 2646 4496 oppetiisset,
2671 4430 2769 4482 nisi
2793 4445 2980 4484 omnes
3000 4440 3227 4485 mortem
3249 4432 3527 4488 obiissent.
3548 4433 3646 4489 llic

2063 4519 2202 4571 enim
2225 4528 2350 4572 sunt
2397 4522 2585 4575 salutis
2612 4523 2951 4588 occasiones,
2985 4523 3091 4577 illic
3123 4535 3299 4578 autem
3339 4541 3444 4578 non
3491 4526 3643 4582 item.

2065 4614 2290 4668 Proinde
2316 4612 2533 4681 Caritas,
2567 4616 2755 4686 inquit,
2790 4615 2888 4670 Dei
2915 4626 3059 4684 urget
3084 4633 3193 4679 nos,
3231 4632 3329 4671 nec
3356 4618 3484 4672 sinit
3508 4633 3640 4673 con-

2063 4705 2361 4772 quiescere.
2394 4705 2661 4759 Extrema:
2699 4707 2840 4760 enim
2869 4706 3099 4760 miseria:
3126 4706 3308 4774 fuerit,
3332 4722 3407 4765 ac
3434 4707 3517 4763 vel
3547 4723 3642 4778 ge-

2067 4794 2241 4848 henna
2270 4795 2381 4864 ipsa
2404 4796 2660 4860 atrocius,
2695 4811 2814 4849 cum
2846 4796 2934 4850 ille
2964 4807 3066 4849 tam
3097 4797 3413 4864 przeelarum
3437 4799 3656 4854 facinus»

2065 4888 2312 4954 ediderit,
2352 4889 2576 4942 inveniri
2620 4889 2876 4953 quosdam
2925 4889 3012 4958 qui
3039 4906 3104 4944 ex
3143 4891 3644 4961 tantaipsiuscura

2064 4981 2265 5034 nullum
2291 4980 2516 5035 fructum
2535 4982 2765 5049 capiant.
2790 4980 2989 5051 Magna:
3011 4983 3153 5036 enim
3174 5000 3235 5036 ac
3252 4983 3534 5051 singularis
3553 4997 3645 5038 cu-

2063 5075 2277 5144 jusdam
2303 5084 2384 5128 est
2428 5075 2686 5138 caritatis,
2721 5090 2817 5143 pro
2843 5084 2988 5130 tanto
3019 5086 3280 5129 terrarum
3304 5075 3452 5139 orbe,
3486 5083 3645 5144 atque

2073 5167 2140 5218 ita
2168 5165 2379 5227 affecto,
2414 5175 2641 5219 mortem
2683 5165 2928 5218 subiisse.
2963 5165 3049 5218 15.
3092 5163 3158 5219 Ut
3185 5165 3268 5232 qui
3307 5164 3494 5228 vivunt,
3542 5181 3646 5217 non

2058 5259 2168 5328 jam
2191 5257 2286 5309 sibi
2315 5257 2502 5316 vivant,
2541 5259 2628 5309 sed
2668 5257 2713 5308 ei
2738 5256 2823 5324 qui
2864 5273 2955 5325 pro
2985 5257 3110 5325 ipsis
3139 5267 3364 5309 mortuus
3393 5266 3462 5310 est
3485 5272 3544 5308 ac
3566 5273 3648 5309 re-

2064 5348 2298 5400 surremit.
2333 5347 2386 5400 Si
2418 5348 2592 5415 itaque
2619 5359 2716 5400 nos
2744 5346 3035 5417 nobisipsis
3069 5347 3246 5400 vivere
3279 5364 3380 5401 non
3408 5356 3644 5414 Oportet,

2068 5452 2133 5491 ne
2161 5437 2472 5503 turbemini,
2500 5437 2692 5505 inquit,
2723 5452 2894 5507 neque
2946 5439 3360 5503 tumultuet‘nini,
3402 5436 3646 5490 instanti-

2069 5533 2164 5582 bus
2212 5529 2460 5597 periculis
2506 5536 2560 5582 ct
2605 5539 2794 5584 morte.
2856 5531 2932 5582 Ac
2962 5532 3224 5584 rationem
3258 5528 3398 5582 haud
3425 5526 3643 5580 dubiam

2067 5618 2239 5683 affert,
2272 5618 2618 5688 quamobrem
2649 5619 2698 5672 id
2725 5619 2898 5674 facere
2933 5619 3248 5674 debeamus.
3289 5617 3490 5670 Etenim
3521 5629 3644 5667 cum

2069 5726 2164 5778 per
2203 5710 2376 5779 ipsum
2420 5721 2591 5765 morte
2644 5711 2883 5765 functum
2937 5711 3197 5774 vivamus,
3230 5709 3278 5760 ei
3309 5705 3510 5770 utique,
3545 5718 3641 5770 per

2068 5818 2222 5873 quem
2253 5803 2496 5870 vivimus,
2530 5803 2705 5870 vivent:
2734 5803 3010 5858 debemus.
3049 5803 3220 5868 Atque
3240 5811 3399 5851 unum
3424 5803 3473 5848 et
3504 5792 3656 5847 idem.
