4070 6152
465 294 561 348 425
1184 283 1237 338 8.
1277 281 1554 338 JOANNIS
1577 274 2047 337 CHRYSOSTUMI
2087 274 2402 332 ABCIIIEP.
2443 269 2952 330 CONSTANTLN'OP

3633 271 3740 329 476

458 426 582 466 esse
609 405 819 463 videtur
846 403 896 459 id
920 403 1064 474 quod
1093 402 1291 458 dictum
1321 409 1404 454 est
1431 416 1447 454 :
1473 408 1726 455 cancrum
1758 396 1802 449 si
1830 392 1949 471 quis
1978 406 2068 445 ac-
2153 390 2522 459 appellandam
2545 392 2772 457 censuit,
2804 399 2860 446 ut
2889 403 3137 461 magnam
3168 388 3538 459 migrationem
3561 406 3626 446 ac
3654 394 3740 446 vi-

461 510 648 557 eurate
671 514 786 554 rem
806 493 1094 568 expendat,
1111 491 1218 548 duo
1246 489 1361 551 haec
1381 505 1502 544 esse
1520 488 1847 557 comperiet;
1879 497 2042 537 ultum

464 594 740 657 nimirum,
769 587 911 659 quod
936 593 1156 656 propter
1183 583 1358 653 ipsum
1389 581 1641 639 vivimus.
1669 579 1894 631 alterum
1917 573 2042 645 quia

463 685 578 754 ipse
620 681 790 738 nostri
830 695 991 736 causa
1031 685 1276 738 mortuus
1317 683 1420 730 est.
1453 673 1690 740 Quorum
1733 680 2037 737 utrumque,

461 777 547 832 vel
588 773 816 830 seorsim
857 770 1280 834 consideratam,
1321 782 1422 824 nos
1449 766 1500 821 ei
1530 764 1791 821 obnoxios
1817 760 2044 816 reddere

417 913 424 924 .
460 877 624 939 queat
650 884 665 922 :
692 881 814 922 cum
839 873 1020 920 autem
1051 862 1214 917 ambo
1241 861 1294 916 in
1328 876 1492 914 unum
1517 856 1811 922 conﬂuant,
1842 858 2042 924 cogites

403 964 417 1019 ᾗ
461 959 624 1016 velim
653 965 853 1028 quanto
877 957 928 1012 ei
954 953 1217 1011 beneﬂcio
1237 954 1312 1008 sis
1328 951 1634 1006 devinctus.
1667 947 1777 1002 Imo
1803 946 1902 1001 tria
1930 945 2044 1000 hate

403 1072 416 1106 ·.
463 1060 608 1107 sunt.
640 1051 851 1105 Etenim
882 1047 1144 1122 primitias
1173 1055 1389 1115 propter
1428 1053 1480 1098 te
1501 1040 1776 1107 excitavit,
1801 1048 1961 1108 atque
1989 1037 2042 1091 in

465 1144 657 1198 caelum
703 1140 882 1197 evexit
912 1156 925 1193 :
961 1138 1104 1195 unde
1137 1138 1296 1192 etiam
1334 1133 1558 1201 addidit,
1588 1129 1654 1188 Ei
1675 1132 1762 1204 qui
1782 1147 1876 1200 pro
1902 1129 2044 1186 nobis

463 1245 700 1290 mortuus
739 1243 812 1292 est
847 1249 908 1290 ac
942 1233 1232 1286 resurrexit.
1263 1229 1354 1283 16.
1384 1227 1566 1296 Itaque
1607 1242 1698 1279 nos
1729 1241 1792 1278 ex
1821 1224 1917 1277 hoc
1933 1225 2047 1292 jam

469 1328 720 1387 neminem
763 1325 994 1381 novimus
1037 1324 1311 1382 secundum
1353 1334 1577 1377 carnem.
1624 1315 1757 1374 Nam
1783 1315 1829 1369 εἰ
1858 1329 2048 1370 omnes

470 1419 667 1476 mortui
697 1427 842 1482 sunt,
871 1426 923 1470 et
947 1429 1138 1469 onmes
1168 1419 1599 1476 resurrexerunt,
1623 1419 1780 1479 atque
1807 1407 1879 1462 ita
1906 1422 2050 1461 mor-

470 1511 546 1568 tui
577 1517 722 1572 sunt,
764 1517 821 1560 ut
855 1486 1058 1576 peccati
1105 1503 1344 1574 tyrannis
1369 1516 1464 1557 eos
1493 1498 1930 1564 condemnabat;
1959 1511 2047 1553 re-

470 1610 821 1658 surrexerunt
865 1608 1041 1655 autem
1087 1613 1186 1667 per
1234 1593 1659 1666 regenerationis
1697 1592 1966 1645 lavacrum
1995 1599 2050 1644 et

469 1694 699 1765 Spiritus
725 1691 893 1746 sancti
922 1690 1359 1751 renovationem;
1388 1687 1510 1756 jure
1537 1683 1964 1751 dicit,Neminem
1990 1681 2052 1736 li-

470 1787 669 1842 delium
699 1785 926 1839 nouimus
950 1782 1226 1838 secundum
1251 1797 1474 1834 carnem.
1507 1778 1622 1834 Etsi
1640 1778 1783 1833 enim
1811 1776 1865 1830 in
1889 1791 2051 1832 carne

473 1887 617 1944 sunt,
660 1876 790 1948 quid
836 1875 992 1933 tum?
1031 1873 1160 1928 Nam
1192 1872 1424 1928 carnalis
1451 1871 1539 1925 illa
1566 1871 1672 1924 vita
1716 1868 1952 1922 interiit:
1987 1882 2052 1923 ac

469 1971 705 2040 desuper
753 1969 807 2023 in
853 1967 1055 2036 Spiritu
1101 1964 1266 2036 geniti
1311 1977 1518 2026 sumus,
1550 1970 1714 2031 atque
1741 1961 1900 2017 aliam
1928 1960 2050 2015 vita:

471 2063 735 2124 rationem
764 2059 1038 2129 aliumque
1064 2057 1185 2111 vita:
1207 2067 1426 2119 statum,
1457 2055 1706 2108 nimirum
1729 2069 1854 2109 eum
1883 2055 1972 2123 qui
1997 2053 2051 2113 in

473 2154 622 2209 cazlis
648 2162 754 2214 εει,
785 2152 1051 2207 novimus.
1085 2150 1164 2204 Ac
1189 2163 1401 2202 rursum
1419 2147 1578 2216 hujus
1596 2144 1842 2201 beneﬁcii
1863 2155 2050 2200 aucto-

479 2263 592 2305 rem
623 2245 893 2300 Christum
912 2256 1034 2296 esse
1053 2240 1310 2305 ostendit,
1342 2253 1405 2293 ac
1431 2246 1716 2308 propterea
1735 2236 2012 2306 subjunxit
2035 2254 2049 2292 :

479 2336 586 2390 Etsi
616 2335 940 2404 cognovimus
966 2330 1221 2385 Christum
1245 2327 1522 2383 secundum
1549 2343 1772 2392 carnem,
1804 2327 1892 2381 sed
1918 2342 2056 2380 nunc

464 2434 579 2504 jam
607 2447 708 2486 non
735 2428 982 2486 novimus.

544 2524 598 2588 2.
629 2521 768 2588 Quid
805 2518 1006 2590 igitur?
1051 2515 1200 2572 dices
1222 2557 1237 2581 ,
1269 2530 1338 2570 an
1366 2529 1586 2572 carnem
1614 2513 1781 2578 exuit,
1815 2526 1880 2566 ac
1908 2526 2054 2567 nunc

475 2613 719 2684 corporis
763 2619 848 2666 est
888 2609 1124 2681 expers?
1165 2607 1386 2678 Apage:
1433 2621 1557 2662 nam
1589 2621 1728 2661 nunc
1757 2620 1971 2676 quoque
1999 2604 2053 2658 in

473 2721 638 2763 carne
663 2713 764 2760 est.
793 2700 894 2755 Hic
917 2701 1060 2756 enim
1082 2697 1250 2761 Iesus,
1269 2698 1356 2767 qui
1374 2713 1407 2752 α
1422 2698 1559 2754 vobis
1593 2706 1882 2768 assumptus
1901 2705 1976 2750 est
2002 2696 2057 2749 in

475 2797 676 2860 caelum,
707 2796 782 2855 sic
806 2793 967 2848 veniet
991 2792 1125 2864 (Act.
1158 2776 1222 2846 1..
1240 2790 1353 2860 Η).
1381 2788 1686 2856 Quomodo,
1713 2790 1834 2844 sic?
1861 2788 1919 2842 In
1942 2802 2060 2842 car-

479 2903 551 2943 ne
579 2885 845 2951 videlicet,
870 2894 924 2939 et
951 2899 1072 2938 cum
1104 2895 1349 2950 corpore.
1381 2879 1488 2935 Cur
1511 2895 1640 2952 ergo
1667 2879 1819 2946 dicit,
1839 2878 1950 2934 Etsi
1973 2895 2062 2932 co-

477 2978 738 3050 gnouimus
750 2973 1008 3031 Christum
1028 2973 1303 3028 secundum
1320 2987 1540 3035 carnem,
1565 2971 1654 3025 sed
1679 2987 1813 3025 nunc
1829 2972 1942 3041 jam
1958 2986 2059 3024 non

480 3070 710 3125 novimus
727 3069 752 3121 Ζ)
779 3067 913 3128 Cum
936 3065 1002 3120 de
1027 3063 1181 3117 nobis
1201 3076 1379 3117 sermo
1393 3071 1495 3128 e5t,
1521 3060 1812 3115 Secundum
1833 3077 2057 3126 carnem,

479 3160 620 3213 idem
648 3166 751 3224 est,
781 3157 921 3227 quod
953 3158 1006 3210 in
1047 3154 1277 3224 peccatis
1303 3168 1458 3219 esse;
1490 3161 1700 3219 contra,
1733 3169 1834 3206 non
1882 3170 2059 3208 secun-

480 3252 602 3308 dum
622 3265 844 3315 carnem,
869 3249 1006 3302 idem
1038 3245 1178 3316 quod
1209 3245 1261 3301 in
1287 3243 1516 3318 peccatis
1541 3259 1647 3300 non
1676 3259 1796 3300 esse
1819 3261 1832 3297 :
1858 3253 1914 3298 at
1937 3259 2058 3298 cum

479 3343 548 3396 de
576 3341 792 3396 Christo
837 3353 1017 3394 sermo
1059 3336 1306 3403 habetur,
1338 3333 1630 3391 secundum
1668 3349 1884 3390 carnem
1927 3333 2060 3388 nihil

479 3433 624 3491 aliud
655 3431 937 3503 signiticet,
964 3443 1122 3500 quam
1163 3428 1216 3484 in
1252 3435 1460 3483 naturae
1500 3425 1871 3482 aﬁ’ectionibus
1917 3437 2057 3491 esse,

479 3536 538 3580 ut
557 3525 609 3580 in
631 3524 789 3587 fame,
819 3522 873 3580 in
901 3521 1012 3586 siti,
1043 3521 1098 3574 in
1119 3518 1444 3590 fatigatione,
1469 3517 1522 3572 in
1541 3531 1754 3575 somno.
1787 3515 2062 3570 Peccatum

480 3618 624 3672 enim
647 3633 749 3675 non
775 3615 914 3686 fecit,
938 3630 1027 3668 nec
1046 3614 1273 3666 inventus
1301 3621 1374 3665 est
1395 3610 1543 3664 dolus
1569 3610 1622 3663 in
1651 3625 1738 3662 ore
1765 3609 1874 3678 ejus
1903 3606 2058 3676 (1εαὶ.

481 3711 570 3764 525.
618 3708 695 3778 9).
740 3709 914 3776 Atque
958 3704 1159 3765 idcirco
1193 3702 1426 3768 dicebat,
1471 3702 1595 3772 Quis
1628 3716 1692 3755 ea:
1721 3700 1858 3754 vobis
1887 3709 2062 3771 arguet

480 3816 560 3852 me
588 3801 650 3852 de
678 3797 918 3868 peccato?
942 3805 998 3850 et
1021 3809 1208 3849 rursus
1233 3794 1407 3858 :l’enit
1434 3795 1668 3865 princeps
1697 3794 1872 3847 mundi
1885 3793 2058 3862 hujus,

481 3899 530 3942 et
550 3889 602 3942 in
632 3905 711 3941 me
734 3904 836 3942 non
865 3885 1009 3941 habet
1033 3885 1306 3964 quidquam
1335 3883 1519 3957 (Joan.
1541 3886 1596 3940 8.
1629 3885 1720 3940 46.
1753 3898 1797 3938 et
1825 3885 1912 3939 M.
1946 3883 2058 3954 50).

487 3977 622 4032 Illud
647 3991 797 4040 vero,
827 3993 927 4029 non
952 3976 1229 4028 secundum
1257 3991 1482 4041 carnem,
1513 3975 1648 4029 nihil
1671 3974 1814 4028 aliud
1844 3976 2062 4042 indicat,

483 4082 646 4140 quam
671 4083 792 4124 eum
825 4065 1128 4136 hujusmodi
1169 4065 1543 4124 affectionibus
1576 4066 1687 4136 jam
1716 4082 1927 4130 vacare,
1957 4083 2064 4122 non

484 4173 664 4216 autem
685 4160 826 4232 quod
853 4168 1005 4216 extra
1031 4174 1248 4217 carnem
1277 4158 1366 4212 sit.
1399 4157 1529 4220 Nam
1549 4173 1671 4214 cum
1703 4159 1804 4215 hac
1827 4175 2060 4230 quoque,

485 4254 767 4323 impatlbili
790 4253 899 4322 jam
928 4263 1088 4324 atque
1127 4250 1437 4317 immortali,
1465 4251 1532 4306 ad
1554 4249 1815 4321 judicium
1844 4251 1912 4305 de
1935 4252 2067 4306 orbe

486 4347 767 4407 ferendum
811 4356 1065 4402 venturus
1108 4353 1210 4400 est.
1261 4344 1342 4399 Ad
1373 4359 1533 4414 quam
1559 4344 1719 4400 etiam
1750 4343 2064 4413 dignitatem

488 4456 588 4496 nos
617 4441 1036 4510 proﬁciscemur,
1061 4454 1182 4492 cum
1207 4453 1403 4504 corpus
1427 4446 1665 4493 nostrum
1687 4437 1959 4491 conlorme
1987 4438 2063 4491 el-

487 4532 686 4588 fectutn
712 4531 870 4585 fuerit
899 4529 1111 4600 corpori
1137 4529 1393 4584 claritatis
1412 4527 1578 4596 ipsius
1594 4527 1853 4601 (Philipp.
1873 4529 1926 4583 5.
1948 4528 2066 4600 2i).

489 4624 578 4679 17.
607 4621 786 4692 Itaque
813 4623 855 4675 si
882 4637 981 4690 qua
1021 4621 1073 4674 in
1105 4619 1304 4674 Christo
1343 4636 1471 4673 noua
1501 4630 1751 4676 creatura.
1782 4621 2067 4692 Postquam

493 4714 636 4767 enim
665 4727 695 4772 a
723 4713 945 4767 caritate
991 4711 1058 4765 ad
1105 4711 1354 4767 virtutem
1399 4711 1656 4775 incitavit,
1682 4712 1792 4782 jam
1836 4714 1905 4767 ab
1940 4716 2071 4784 ipsis

495 4820 709 4876 quoque
754 4804 915 4859 rebus
961 4803 1026 4858 ad
1055 4819 1174 4858 eam
1197 4818 1296 4858 nos
1323 4804 1630 4858 exstimulat
1657 4820 1669 4856 :
1695 4820 1757 4859 ac
1789 4817 2070 4874 propterea

491 4897 784 4967 subjungit.
829 4894 1012 4966 Itaque
1054 4897 1099 4949 si
1126 4912 1227 4965 qua
1255 4897 1306 4950 in
1335 4893 1536 4952 Christo
1565 4913 1694 4949 nova
1731 4908 1983 4952 creatura.
2014 4898 2070 4953 Si

491 4989 613 5057 quis
659 4987 825 5059 ipsius
865 4986 1024 5040 tidem
1058 4986 1337 5054 amplexus
1379 4996 1481 5049 est,
1526 4986 1718 5057 inquit,
1749 4988 1815 5043 ad
1845 4989 2069 5044 alterum

491 5081 688 5151 opiﬁcii
716 5095 884 5151 genus
905 5078 1088 5135 venit:
1112 5078 1308 5138 etenim
1331 5093 1561 5150 superne
1588 5095 1681 5149 per
1699 5080 1952 5150 Spiritum
1973 5096 2071 5151 εει

495 5173 640 5226 nitus
690 5184 793 5227 est.
844 5175 1018 5241 Atque
1065 5170 1185 5226 ideo
1210 5184 1304 5238 par
1331 5179 1416 5226 est
1456 5181 1515 5225 ut
1539 5172 1636 5243 ipsi
1665 5171 1930 5236 vivamus,
1965 5187 2070 5226 non

497 5272 704 5317 tantum
745 5263 868 5332 quia
916 5262 1085 5318 nostri
1125 5261 1264 5330 juris
1312 5277 1417 5315 non
1447 5276 1652 5323 sumus,
1691 5271 1782 5316 aut
1808 5263 1930 5332 quia
1959 5262 2072 5331 ipse

498 5367 598 5425 pro
632 5353 787 5409 nobis
812 5362 1037 5408 mortem
1063 5352 1308 5422 oppetiit,
1330 5360 1423 5406 aut
1441 5352 1564 5422 quia
1585 5353 1844 5424 primitias
1864 5353 2075 5424 generis

502 5445 671 5502 nostri
697 5458 728 5498 a
752 5452 926 5499 morte
953 5441 1020 5497 ad
1047 5441 1210 5496 vitam
1237 5441 1526 5508 revocavit,
1557 5443 1651 5497 sed
1673 5442 1836 5498 etiam
1860 5443 1981 5513 quia
2008 5443 2074 5498 ad

498 5538 725 5595 alteram
757 5535 918 5590 vitam
945 5531 1291 5590 accessimus.
1321 5531 1455 5588 Vide
1481 5542 1610 5603 quot
1638 5549 1817 5604 aequas
1841 5533 2078 5589 rationes

501 5630 708 5695 atterat,
734 5645 832 5685 cur
857 5637 1004 5684 recte
1050 5625 1206 5683 nobis
1229 5623 1472 5681 ducenda
1513 5625 1618 5680 vita
1646 5625 1734 5680 sit.
1769 5624 1899 5678 Nam
1928 5625 1998 5680 ob
2027 5624 2078 5680 id

501 5740 712 5802 quoque
751 5737 1014 5786 trasstore
1040 5720 1302 5782 vocabulo
1345 5719 1736 5778 correctionem
1775 5717 2076 5790 lmjusmodi

2159 492 2223 536 tae
2251 485 2726 539 commutationem
2769 484 3040 541 ostendat.
3066 484 3258 540 Postea
3290 483 3517 540 ulterius
3548 502 3740 559 prose-

2148 592 2320 646 quens
2346 577 2398 646 id
2426 577 2569 648 quod
2597 579 2751 645 dixit,
2781 587 2943 649 atque
2968 577 3266 634 ostendens
3293 579 3567 649 quomodo
3595 595 3739 636 nova

2149 681 2394 728 creatura
2423 672 2611 738 simus,
2665 671 2850 728 Vetera
2884 673 3212 736 transierunt,
3243 673 3435 744 inquit;
3463 690 3574 730 ecce
3599 675 3742 744 facta

2151 773 2269 818 sunt
2297 764 2468 818 omnia
2494 779 2644 827 nova.
2675 764 2932 832 Quaenam
2968 765 3194 820 vetera?
3225 764 3450 822 PecCata
3468 777 3524 822 et
3550 767 3741 838 impie-

2152 865 2289 910 tates
2314 874 2329 924 ;
2357 856 2441 910 vel
2467 857 2628 912 etiam
2647 855 2885 912 Iudaica:
2905 870 3097 911 omnes
3121 857 3482 928 ceremonite;
3524 859 3608 914 vel
3635 874 3742 929 po-

2152 950 2258 1003 tius
2287 947 2403 1004 hzec
2427 948 2662 1004 simulet
2690 947 2803 1002 illa.
2835 945 2968 1002 Ecce
2987 951 3122 1017 facta
3137 958 3254 1002 sunt
3274 948 3446 1004 omnia
3471 965 3617 1006 nona.
3643 951 3741 1006 i8.

2155 1039 2342 1096 Omnia
2383 1051 2550 1094 autem
2583 1057 2644 1094 ex
2673 1039 2803 1094 Dea.
2845 1038 2989 1094 Nihil
3034 1054 3066 1094 a
3115 1041 3269 1095 nobis
3307 1040 3604 1109 proiectum
3631 1053 3740 1098 est.

2151 1129 2283 1184 Nam
2311 1139 2365 1186 ει
2415 1140 2757 1200 peccatorum
2783 1129 3106 1185 condonatio
3131 1138 3186 1184 et
3210 1130 3484 1203 adoptatio
3522 1142 3578 1188 et
3617 1132 3741 1202 glo-

2155 1224 2232 1277 ria
2261 1223 2570 1293 incorrupta
2599 1223 2768 1294 ipsius
2795 1237 3016 1278 munere
3037 1223 3191 1279 nobis
3209 1238 3464 1280 concessa
3494 1234 3594 1280 est.
3618 1224 3740 1280 Non

2153 1316 2296 1369 enim
2318 1315 2428 1385 jam
2449 1331 2479 1369 a
2503 1315 2696 1370 futuris
2728 1325 2954 1381 tantum,
2981 1315 3077 1369 sed
3101 1329 3131 1368 a
3152 1316 3510 1384 praesentibus
3529 1330 3742 1386 quoque

2155 1409 2275 1464 illos
2320 1408 2658 1464 cohortatur.
2703 1407 2937 1463 Attende
2965 1408 3109 1463 enim
3141 1424 3156 1462 :
3184 1408 3395 1463 dixerat
3420 1408 3534 1463 lore
3563 1417 3618 1463 ut
3646 1425 3738 1464 re-

2154 1517 2516 1570 surgeremus,
2540 1510 2697 1570 atque
2717 1499 2784 1554 ad
2815 1499 3270 1569 incorruptionem
3300 1501 3740 1566 veniremus,do-

2154 1610 2407 1666 mumque
2447 1594 2826 1663 sempiternam
2874 1592 3441 1648 haberemuszvernm
3483 1594 3736 1663 quoniam

2154 1686 2294 1756 apud
2322 1700 2436 1746 eos,
2468 1686 2557 1754 qui
2589 1684 2762 1739 futura
2783 1700 2886 1738 non
2913 1683 3135 1753 perinde
3166 1693 3223 1738 ut
3250 1692 3464 1752 oportet
3488 1685 3737 1747 credunt,

2157 1779 2436 1852 praesentia
2467 1777 2726 1848 majorem
2751 1776 2816 1831 ad
2855 1775 3164 1832 excitandos
3179 1775 3391 1831 animos
3411 1776 3518 1830 vim
3543 1775 3740 1832 habent

2156 1888 2315 1943 quam
2366 1872 2564 1937 futura,
2610 1880 2808 1942 quanta
2832 1870 2940 1938 jam
2967 1867 3272 1938 acceperint
3305 1867 3657 1930 demonstrat.
3685 1880 3742 1923 et

2154 1966 2243 2034 qui
2275 1973 2386 2018 tum
2409 1972 2610 2028 essent,
2629 1977 2753 2016 cum
2777 1960 3080 2030 hujusmodi
3111 1959 3386 2016 beneﬁciis
3401 1960 3573 2015 ornati
3595 1970 3741 2017 sunt.

2155 2054 2383 2121 Quinam
2427 2069 2556 2123 ergo
2597 2052 2795 2108 erant?
2835 2051 3028 2108 βίοι·ιυὶ
3075 2051 3260 2122 utique
3299 2065 3489 2109 omnes
3529 2052 3740 2122 (Omnes

2157 2145 2298 2202 enim
2349 2145 2534 2199 mortui
2562 2155 2714 2209 sunt;
2741 2152 2796 2198 et
2825 2159 2917 2214 pro
2942 2142 3172 2200 estniltus
3195 2153 3425 2200 mortuus
3449 2152 3521 2198 est
3549 2159 3570 2198 :
3595 2154 3743 2200 tanto

2157 2252 2282 2308 erga
2307 2250 2495 2300 omnes
2520 2250 2704 2292 amore
2731 2235 2985 2306 ﬂagrabat
3014 2233 3056 2303 ),
3079 2249 3142 2291 ac
3170 2234 3283 2289 vitii
3318 2235 3472 2291 senio
3511 2243 3567 2292 et
3591 2247 3742 2290 veto-

2157 2339 2294 2384 state
2314 2344 2502 2394 omnes
2527 2327 2789 2384 conlecti;

2232 2419 2418 2476 Omnia
2443 2421 2559 2488 jam
2600 2435 2730 2474 nova
2772 2427 2909 2483 sunt,
2947 2417 3223 2488 quomodo.
3265 2417 3627 2488 Apostolorum
3663 2419 3743 2474 di-

2160 2513 2495 2584 gnitas.-—At
2513 2525 2643 2568 ecce
2665 2511 2774 2580 jam
2794 2509 2972 2565 anima
2996 2525 3130 2565 nova
3159 2511 3419 2581 (purgata
3442 2511 3585 2568 enim
3611 2512 3732 2582 est),

2159 2615 2215 2662 et
2258 2621 2457 2678 corpus
2502 2621 2723 2671 novum,
2774 2614 2829 2660 et
2862 2619 3060 2660 novum
3101 2603 3433 2662 adorationis
3469 2621 3658 2675 genus,
3685 2615 3740 2661 et

2160 2698 2578 2770 pollicitationes
2622 2712 2798 2763 novae,
2847 2706 2905 2752 et
2947 2695 3378 2760 Testamentum,
3424 2707 3482 2752 et
3527 2698 3654 2761 vita,
3688 2707 3743 2753 et

2161 2804 2368 2854 mensa,
2406 2799 2461 2844 et
2504 2789 2689 2853 vestis,
2733 2797 2786 2844 et
2826 2787 3007 2843 omnia
3044 2801 3181 2842 nova
3226 2797 3374 2843 sunt.
3407 2786 3620 2846 Etenim
3648 2801 3742 2858 pro

2160 2891 2371 2937 terrena
2420 2879 2719 2936 Jerusalem
2738 2879 3007 2936 cariestem
3034 2880 3374 2949 metropolim
3399 2881 3739 2950 accepimus;

2161 2988 2258 3043 pro
2287 2972 2483 3027 visibili
2515 2971 2714 3042 templo
2742 2971 3002 3041 templum
3022 2971 3305 3042 spirituale
3328 2974 3616 3038 cernimus,
3647 2990 3741 3042 pro

2161 3064 2385 3135 lapideis
2399 3063 2590 3119 tabulis
2601 3079 2845 3124 curneas.
2863 3077 2961 3133 pro
2979 3063 3383 3120 circumcisione
3396 3065 3736 3134 baptismum,

2163 3176 2260 3230 pro
2311 3174 2502 3216 manna
2553 3173 2750 3227 corpus
2799 3157 3156 3222 Dominicum,
3201 3173 3297 3229 pro
3333 3173 3462 3230 aqua
3507 3174 3538 3212 e
3583 3169 3731 3226 petra

2162 3265 2409 3305 cruorem
2457 3265 2489 3304 e
2527 3251 2693 3304 latere
2734 3249 3106 3318 proﬂuentem,
3151 3267 3248 3320 pro
3283 3249 3423 3319 virga
3459 3248 3616 3304 Hosis
3637 3260 3730 3304 aut

2163 3341 2390 3396 Aarouis
2415 3355 2651 3409 crucem,
2685 3357 2781 3410 pro
2809 3352 2950 3397 terra
2971 3341 3058 3396 illa
3082 3341 3284 3396 Judaais
3306 3341 3558 3410 promissa
3580 3341 3738 3396 catla-

2162 3449 2282 3488 rum
2303 3448 2546 3502 regnum,
2579 3447 2675 3502 pro
2699 3432 2965 3489 sexcentis
2984 3433 3352 3490 sacerdotibus
3373 3447 3535 3490 unum
3561 3434 3738 3504 ponti-

2163 3524 2337 3590 ﬁcem,
2372 3539 2470 3594 pro
2493 3539 2631 3595 agno
2658 3524 2880 3583 rationis
2908 3534 3126 3594 experte
3153 3539 3351 3595 agnum
3391 3523 3742 3593 spiritualem.

2165 3617 2292 3674 Hatc
2337 3616 2544 3683 aliaque
2577 3615 2777 3672 Paulus
2817 3615 2997 3670 animo
3037 3615 3278 3680 volvens,
3323 3614 3558 3680 dicebat,
3603 3612 3748 3677 Nova

2167 3708 2303 3776 facta
2329 3716 2444 3762 sunt
2465 3707 2652 3762 omnia.
2689 3705 2876 3761 Omnia
2900 3715 3067 3760 autem
3093 3722 3157 3760 ea:
3181 3703 3294 3761 Deo
3315 3723 3336 3759 :
3364 3721 3462 3776 per
3482 3705 3744 3763 Christum

2167 3799 2438 3861 videlicet,
2469 3813 2532 3854 ac
2557 3814 2652 3868 per
2692 3798 3007 3853 beneficium
3054 3798 3123 3852 ab
3155 3812 3222 3852 eo
3264 3809 3567 3867 acceptum.
3597 3797 3747 3854 Unde

2168 3891 2329 3945 etiam
2355 3889 2646 3959 subjungit,
2665 3889 2766 3952 Qui
2785 3904 2875 3942 nos
2895 3887 3226 3942 reconcilians
3249 3888 3346 3946 sibi
3361 3904 3450 3956 per
3469 3886 3744 3952 Christum,

2167 3991 2214 4036 et
2239 3983 2376 4036 dedit
2397 3981 2536 4035 nobis
2560 3981 2892 4034 ministerium
2919 3980 3361 4035 reconciliationis.
3379 3979 3462 4034 Ex
3486 3979 3589 4035 hoc
3607 3981 3748 4034 enim

2168 4075 2346 4129 omnia
2372 4073 2533 4128 bona.
2567 4070 2698 4127 Nam
2729 4073 2779 4127 ei
2823 4072 2915 4142 qui
2944 4087 3042 4128 nos
3069 4072 3272 4127 amicos
3296 4071 3552 4138 reddidit,
3578 4072 3748 4127 eidem

2169 4180 2384 4235 quoque
2403 4164 2504 4218 alia
2544 4170 2760 4233 accepta
2788 4162 3067 4219 referenda
3110 4173 3258 4228 sunt,
3287 4178 3412 4233 qua:
3434 4163 3577 4218 Deus
3601 4163 3750 4218 nobis

2171 4257 2224 4311 in
2264 4256 2551 4312 amicitiam
2594 4255 2822 4324 receptis
2863 4255 3084 4325 largitus
3132 4264 3234 4310 est.
3275 4254 3460 4324 Neque
3483 4255 3628 4310 enim
3658 4272 3754 4310 ιιοε

2172 4351 2357 4406 hostes
2387 4362 2605 4428 manere
2633 4348 2816 4405 sinens
2843 4345 3149 4416 hujusmodi
3181 4361 3402 4402 munere
3426 4347 3626 4411 affecit,
3659 4347 3750 4402 sed

2173 4441 2320 4510 prius
2363 4440 2414 4494 in
2452 4427 2744 4494 amicitiam
2786 4438 2953 4507 ipsius
2991 4439 3290 4494 restitutos.
3327 4437 3496 4492 Porro
3515 4453 3638 4492 cum
3665 4439 3750 4492 aio

2172 4532 2442 4588 Christum
2491 4529 2946 4587 reconciliationis
2971 4529 3126 4584 nobis
3153 4537 3429 4585 auctorem
3456 4529 3751 4592 exstitisse.

2175 4623 2387 4678 Patrem
2410 4636 2623 4691 quoque
2646 4621 2805 4676 dico:
2837 4635 2960 4676 cum
3002 4621 3125 4675 dico
3151 4621 3364 4677 Patrem
3395 4620 3632 4686 dedisse,
3663 4619 3753 4675 Fi-

2176 4715 2304 4769 lium
2345 4726 2558 4783 quoque
2598 4711 2739 4777 dico,
2791 4712 2978 4768 Omnia
3014 4713 3156 4768 enim
3197 4729 3287 4782 per
3323 4729 3436 4766 eum
3469 4713 3611 4776 facta
3645 4723 3759 4766 sunt

2181 4805 2358 4876 (Joan.
2411 4807 2462 4859 1.
2515 4805 2603 4876 15)
2628 4823 2641 4858 :
2671 4815 2829 4873 atque
2870 4806 2984 4875 ipse
3022 4805 3180 4874 hujus
3207 4806 3285 4861 rei
3315 4814 3503 4861 auctor
3526 4806 3755 4860 exsistit.

2177 4895 2362 4977 Neque
2390 4896 2532 4950 enim
2563 4911 2662 4950 nos
2686 4895 2751 4950 ad
2764 4910 2887 4950 eum
2909 4897 3262 4960 accnrrimus,
3285 4897 3380 4952 sed
3403 4897 3519 4965 ipse
3548 4912 3648 4952 nos
3668 4912 3761 4950 vo-

2177 4988 2336 5043 eavit.
2362 4992 2605 5053 Quonam
2631 4987 2792 5042 modo
2820 4987 3066 5042 vocavit?
3087 4987 3188 5042 Per
3203 4987 3404 5042 Christi
3417 5003 3628 5044 necem.
3660 4989 3761 5055 Qui

2179 5081 2320 5135 nobis
2370 5082 2508 5134 dedit
2560 5081 2890 5135 ministerium
2940 5081 3383 5137 reconciliationis.
3429 5082 3529 5138 Hic
3579 5099 3764 5138 rursus

2179 5172 2542 5241 apostolorum
2557 5170 2868 5240 dignitatem
2885 5170 3422 5236 ostendit,declarans
3437 5183 3492 5229 et
3506 5186 3764 5245 quantum

2181 5277 2376 5318 munus
2400 5262 2636 5333 ipsorum
2657 5263 2778 5319 tidei
2803 5265 3148 5322 commissum
3176 5267 3267 5334 sit,
3284 5278 3514 5338 etqoam
3537 5271 3768 5325 eximius

2182 5371 2245 5410 ac
2273 5356 2559 5426 singularis
2583 5357 2654 5412 sit
2698 5357 2789 5411 Dei
2813 5373 2940 5428 erga
2973 5373 3072 5413 nos
3100 5374 3272 5416 amor.
3303 5359 3420 5416 Non
3445 5363 3591 5417 extim
3624 5372 3770 5434 post-

2183 5462 2344 5518 quam
2387 5448 2544 5518 legati
2571 5447 2732 5514 illius,
2761 5451 2850 5520 qui
2888 5460 3127 5515 venerat,
3157 5465 3347 5506 vocem
3371 5452 3560 5508 audire
3585 5455 3770 5523 negle-
3814 5475 3823 5486 -

2186 5546 2398 5605 xerunt,
2424 5539 2502 5593 ira
2531 5538 2784 5596 incensus
2806 5549 2891 5597 est
2917 5555 3119 5611 eosque
3145 5540 3404 5606 deseruit,
3444 5544 3538 5599 sed
3566 5551 3770 5616 perstat

2188 5628 2383 5692 adlmc.
2418 5639 2527 5684 tum
2553 5645 2649 5700 per
2670 5646 2729 5687 se
2759 5641 2868 5686 tum
2898 5649 2992 5703 per
3015 5633 3150 5689 alios
3169 5634 3467 5690 admonens
3485 5645 3542 5690 et
3572 5637 3771 5690 exhor-

2191 5730 2326 5777 tans.
2360 5721 2662 5792 Ecquis'cst
2689 5725 2777 5795 qui
2809 5734 3005 5781 tantam
3032 5726 3217 5782 salutis
3237 5736 3438 5784 nostra:
3463 5715 3648 5784 curam
3674 5743 3771 5798 pro
