4070 6152
366 325 472 381 475

356 436 584 505 σάρκα.
636 428 701 486 ΕΙ
734 434 844 501 γὰρ
882 429 1084 493 πάντες
1123 427 1417 493 ἀπέθανον,
1470 431 1563 483 acab
1604 429 1806 492 πάντες
1841 429 1935 481 ἀν-

365 533 625 604 έστησαν,
658 529 750 583 acab
779 527 1045 583 ἀπέθανον
1072 527 1172 599 μιν
1204 527 1375 591 οὓτως
1404 529 1481 592 ὡς
1521 509 1625 599 τῆς
1665 526 1939 599 ἁμαρτίας

362 634 401 704 ἡ
432 634 689 703 τυραννὶς
730 627 1107 694 κατεδίκαζεν,
1137 628 1442 700 ἀνέστησαν
1488 628 1546 681 δὲ
1580 626 1672 682 διά
1712 625 1938 696 λουτροῦ

361 730 804 801 παλιγγενεσίας,
829 727 925 783 καὶ
944 727 1367 791 ἀνακαινώσεως
1390 727 1533 781 Πνεύ
1542 743 1712 797 ματος
1743 725 1902 793 ἀγίου
1923 740 1939 756 ο

364 828 589 897 εἰκότως
623 827 807 898 φησὶν,
842 826 1074 884 οὐδένα
1117 825 1369 895 οιδαμεν
1400 824 1553 880 κατά
1601 825 1801 893 σαρκὰ
1834 823 1943 876 τῶν

363 929 590 984 πιστῶν.
615 926 682 981 Τί
713 927 844 997 γὰρ,
869 928 918 980 εί
947 926 1043 984 acab
1067 928 1128 982 ἐν
1168 926 1331 998 σαρκί
1362 927 1501 980 εἰσιν
1526 942 1541 993 ;
1580 923 1742 978 Ἀλλά
1768 926 1802 995 ή
1827 921 1943 995 ζωή

361 1030 541 1102 ἐκείνη
568 1030 600 1099 ή
634 1029 874 1101 σαρκικὴ
902 1027 1176 1093 ἀπώλετο,
1202 1029 1299 1083 acab
1333 1028 1540 1083 ἀνωθεν
1570 1024 1942 1096 ἐγεννήθημεν

360 1129 419 1180 ἐν
447 1126 747 1197 Πνεύματι,
782 1128 876 1179 acab
922 1126 1119 1197 ἑτέραν
1160 1125 1381 1197 οῐδαμεν
1417 1123 1692 1179 πολιτείαν
1729 1121 1824 1176 acab
1863 1120 1942 1175 δι-

358 1227 582 1298 αγωγὴν
598 1229 696 1280 acab
717 1225 865 1296 ζωὴν
885 1226 979 1279 καὶ
999 1226 1334 1281 κατάστασιν
1347 1226 1446 1298 τήν
1469 1227 1527 1279 ἐν
1542 1226 1654 1287 τοῖς
1667 1222 1934 1295 οὐρανοῖς.

359 1328 468 1381 Καὶ
512 1327 675 1381 πάλιν
705 1327 897 1381 τούτου
925 1326 1091 1381 αὐτοῦ
1131 1326 1373 1398 ἀρχηγὸν
1409 1326 1503 1381 τὸν
1540 1323 1776 1396 Χριστὸν
1808 1324 1939 1377 ὄντα

355 1428 599 1482 δείκνυσι
628 1443 645 1459 ο
683 1426 764 1481 διὸ
795 1427 887 1481 καὶ
930 1427 1232 1498 ἐπήγαγεν,
1265 1428 1337 1481 El
1370 1425 1439 1479 δὲ
1465 1426 1565 1480 καί
1594 1425 1941 1496 ἐγνώκαμεν

252 1605 259 1611 1
358 1528 512 1580 κατά
537 1526 739 1595 σάρκα
762 1526 1041 1595 Χοιστὸν,
1081 1526 1246 1581 ἀλλά
1272 1526 1392 1581 νῦν
1418 1525 1618 1581 οὐκέτι
1647 1526 1940 1596 γινώσκο-

355 1642 491 1694 μεν.

429 1789 497 1860 β’.
516 1788 584 1844 Τί
610 1785 725 1855 οὖν,
745 1788 866 1845 είπέ
885 1808 976 1862 μοι
991 1807 1007 1858 ;
1024 1789 1126 1863 τὴν
1140 1790 1320 1865 σάρκα
1331 1791 1583 1855 ἀπέθετο,
1600 1790 1697 1845 acab
1720 1789 1815 1845 νῦν
1837 1790 1939 1843 οὐκ

364 1893 487 1945 ἐστι
507 1890 648 1962 μετά
666 1889 770 1945 τοῦ
787 1892 1043 1964 σώματος
1063 1908 1080 1959 ;
1111 1891 1325 1961 ’Δπαγε
1346 1909 1361 1924 ο
1389 1892 1485 1946 acab
1507 1891 1617 1964 7&9
1639 1890 1734 1944 acab
1762 1886 1857 1942 νῦν
1878 1889 1938 1940 ἐν

358 1994 521 2065 σαρκί
551 1994 722 2048 ἐστιν.
751 1988 943 2059 Οὗτος
987 1992 1098 2066 7&9
1130 1996 1165 2047 ό
1218 1991 1459 2063 Ἰησοῦς
1499 1994 1533 2046 ό
1564 1988 1936 2059 ἀναληφθεὶς

352 2091 457 2159 ἀφ’
491 2088 655 2158 ὑμῶν
683 2091 772 2158 είς
792 2089 903 2144 τὸν
925 2089 1217 2159 οὐρανὸν,
1238 2088 1420 2152 οὕτως
1449 2088 1785 2145 ἐλεύσεται.
1820 2085 1936 2140 οὒ-

349 2207 434 2244 τω
458 2207 473 2221 ο
510 2190 669 2259 πῶς;
710 2192 798 2246 Ἐν
840 2192 1024 2262 σαρκὶ,
1069 2191 1208 2263 μετά
1242 2189 1334 2245 τοῦ
1371 2189 1642 2262 σώματος.
1678 2188 1802 2253 Πῶς
1841 2181 1937 2242 οὖν

351 2307 540 2361 φησιν,
562 2293 637 2345 El
663 2290 733 2346 δὲ
758 2292 860 2347 καί
889 2291 1236 2363 ἐγνώκαμεν
1260 2292 1409 2349 κατά
1426 2290 1627 2361 σάρκα
1652 2289 1934 2359 Χριστόν,

349 2391 511 2445 ἀλλὰ
535 2390 655 2446 νῦν
682 2389 923 2457 οὐκέτι;
957 2390 1143 2464 Ἦμῶν
1177 2390 1275 2462 μὲν
1306 2390 1417 2462 γὰρ
1440 2390 1501 2444 τὸ
1527 2389 1703 2445 Κατὰ.
1715 2387 1933 2456 σάρκα,

350 2491 412 2544 τὸ
435 2492 492 2545 ἐν
514 2492 812 2564 ἁμαρτίαις
842 2488 1003 2558 εἶναι,
1033 2492 1094 2546 τὸ
1127 2491 1185 2546 δέ
1214 2491 1312 2561 Μὴ
1339 2491 1492 2546 κατά
1522 2489 1743 2558 σάρκα,
1774 2489 1836 2543 τὸ
1862 2490 1937 2562 μὴ

350 2594 417 2646 ἐν
443 2591 740 2664 ἁμαρτίαις
770 2586 934 2646 εῖναι.
964 2590 1203 2662 Χριστοῦ
1225 2590 1284 2644 δὲ
1308 2590 1370 2644 τὸ
1397 2590 1540 2645 κατὰ
1566 2590 1769 2661 σάρκα,
1794 2589 1856 2643 τὸ
1881 2593 1936 2646 ἐν

352 2693 466 2757 τοῖς
490 2691 808 2764 παθήμασιν
835 2688 977 2745 εἶναι
999 2690 1100 2761 τῆς
1130 2688 1366 2759 φύσεως,
1399 2683 1534 2754 οἷον,
1568 2690 1628 2741 ἐν
1652 2687 1733 2759 τῷ
1754 2687 1935 2758 διψῆν,

350 2794 414 2845 ἐν
433 2791 512 2865 τῷ
533 2795 744 2866 πεινῇν,
771 2793 830 2847 ἐν
854 2791 933 2862 τῷ
962 2791 1182 2861 κοπιᾷν,
1213 2789 1272 2843 ἐν
1295 2786 1373 2860 τῷ
1396 2786 1681 2843 καθεύδειν
1705 2786 1726 2859 (
1739 2786 1939 2856 Ἄμαρ-

352 2892 489 2946 τίαν
510 2893 619 2964 γὰρ
649 2894 761 2947 οὐκ
788 2892 1099 2960 ἐποίησεν,
1122 2888 1266 2945 οὐδὲ
1297 2888 1515 2959 εὑρέθη
1543 2887 1728 2953 δόλος
1763 2886 1835 2941 ἐν
1857 2886 1938 2954 τῷ

352 2992 602 3060 στόματι
625 2990 833 3044 αὑτοῦ.
865 2989 955 3043 Διὸ
975 2990 1071 3043 καὶ
1094 2988 1272 3058 ἔλεγε,
1308 2988 1402 3054 Τίς
1425 2986 1494 3052 ἐξ
1516 2983 1684 3052 ὑμῶν
1704 2984 1937 3055 ἐλέγχει

347 3107 426 3160 με
458 3091 589 3159 περὶ
619 3090 946 3161 ἀμαρτίας;
993 3090 1090 3143 καὶ
1141 3088 1325 3154 πάλιν,
1361 3089 1640 3156 Ἔρχεται
1671 3087 1705 3140 ὁ
1738 3086 1938 3157 ἅρχων

353 3189 461 3244 τοῦ
493 3190 721 3260 κόσμου
752 3191 990 3255 τούτου,
1026 3188 1124 3243 καί
1151 3188 1222 3242 ἐν
1252 3186 1382 3257 ἐμοὶ
1405 3188 1518 3242 οὐκ
1541 3187 1666 3257 ἔχει
1695 3185 1896 3258 οὐδέν)
1916 3201 1933 3217 ⁸

352 3290 416 3342 τὸ
440 3290 497 3344 δὲ
534 3290 610 3361 μὴ
655 3290 796 3343 κατά
846 3291 1045 3359 σάρκα,
1097 3289 1159 3342 τὸ
1205 3288 1300 3342 καὶ
1342 3288 1547 3342 τούτων
1593 3287 1936 3359 ἀπηλλάχθαι

354 3390 562 3453 λοιπὸν,
602 3391 663 3443 ού
718 3391 780 3443 τὸ
831 3390 989 3452 ἐκτὸς
1042 3388 1246 3461 σαρκὸς
1293 3384 1454 3444 εἶναι.
1492 3390 1599 3443 Καὶ
1652 3384 1758 3459 7&9
1798 3386 1938 3459 μετὰ

354 3490 562 3559 ταύτης
592 3490 809 3561 ἔρχεται
848 3492 1050 3562 κρίνων
1082 3491 1184 3563 τὴν
1230 3490 1578 3562 οἰκουμένην,
1608 3489 1796 3560 ἀπαθῆ
1836 3489 1935 3541 αὐ-

355 3591 460 3664 τὴν
484 3590 622 3662 ἔχων
650 3592 742 3645 acab
771 3592 1046 3663 ἀκήρατον
1068 3606 1080 3621 ’
1114 3593 1195 3654 είς
1223 3590 1255 3643 ὃ
1279 3592 1375 3644 acab
1395 3593 1555 3661 ἡμεῖς
1581 3589 1932 3661 βαδιούμεθα,

355 3692 683 3762 συμμόρφου
720 3691 814 3745 τοῦ
848 3690 1096 3763 σώματος
1121 3693 1255 3762 ἡμῖν
1290 3689 1582 3760 γενομένου
1610 3688 1689 3761 τῷ
1722 3688 1934 3759 σώματι

348 3795 455 3866 τῆς
491 3793 647 3865 δόξης
702 3792 896 3852 αὑτοῦ.
946 3793 1130 3847 Ὠστε
1165 3791 1221 3846 ει
1251 3809 1343 3858 τις
1389 3790 1460 3844 ἐν
1490 3788 1720 3858 Χριστῷ
1755 3787 1932 3857 καινὴ

351 3902 570 3962 κτίσις.
610 3893 828 3965 Ἐπειδὴ
856 3892 965 3964 7&9
987 3891 1096 3946 ἀπὸ
1126 3891 1225 3962 τῆς
1245 3890 1470 3959 ἀγάπης
1498 3887 1834 3960 προέτρεψεν
1854 3888 1934 3952 είς

350 3999 450 4068 τὴν
473 3997 693 4069 ἀρετὴν,
719 3994 905 4049 λοιπὸν
929 3994 1023 4046 καὶ
1051 3991 1110 4058 ἐξ
1135 3989 1316 4044 αὐτῶν
1342 3990 1453 4044 τῶν
1475 3991 1827 4062 πραγμάτων
1850 3991 1933 4053 εις

350 4096 511 4150 τοῦτο
535 4098 718 4166 ἐνάγει
738 4113 757 4130 ι
783 4093 868 4149 διδ
900 4093 996 4147 καὶ
1023 4092 1324 4163 ἐπήγαγεν,
1368 4089 1442 4144 El
1468 4107 1561 4156 τις
1583 4090 1656 4145 ἐν
1695 4089 1933 4160 Χριστῷ

352 4196 532 4264 καινὴ
559 4197 774 4261 κτίσις.
806 4194 876 4247 Et
892 4210 976 4256 τις
1004 4191 1153 4265 [515]
1181 4194 1503 4246 ἐπίστευσεν
1531 4191 1705 4263 αὐτῷ,
1740 4193 1927 4263 φησὶν,

349 4300 434 4362 είς
443 4297 634 4369 ἑτέραν
646 4294 778 4367 ἦλθε
795 4293 1177 4366 δημιουργίαψ
1201 4291 1415 4362 καὶγὰρ
1438 4289 1645 4346 ἀνωθεν
1667 4292 1929 4365 ἐγεννήθη

347 4399 441 4452 διά
477 4396 811 4467 Πνεύματος.
854 4394 1022 4446 Ὥστε
1045 4391 1141 4446 acab
1173 4390 1263 4446 διὰ
1289 4388 1469 4458 τοῦτο,
1494 4391 1681 4462 φησὶν,
1712 4392 1929 4462 ὀφείλο-

353 4515 457 4571 μεν
501 4495 649 4567 αύτῷ
693 4495 815 4567 ζῇν,
862 4493 961 4564 οὐχ
1008 4494 1091 4548 ὅτι
1138 4493 1239 4546 οὐκ
1282 4492 1447 4563 ἐσμὲν
1490 4491 1700 4547 ἑαυτῶν
1746 4492 1927 4564 μόνον,

347 4596 461 4650 οὐδ’
485 4598 566 4651 ὄτι
614 4596 884 4650 ἀπέθανεν
936 4594 1075 4665 ὑπὲρ
1133 4591 1296 4665 ήμῶν
1336 4593 1516 4665 μόνον,
1558 4592 1667 4646 οὐδ’
1708 4593 1792 4647 ὅτι
1828 4595 1926 4649 ἀν-

347 4701 576 4770 έστησεν
607 4698 764 4770 ήμῶν
798 4696 895 4766 τὴν
924 4695 1176 4766 ἀπαρχὴν
1212 4694 1394 4764 μόνον,
1444 4694 1560 4749 ἀλλ’
1590 4695 1673 4749 ὅτι
1703 4697 1800 4750 acab
1844 4697 1928 4761 εἰς

346 4804 516 4872 ἄλλην
542 4799 775 4873 ήλθομεν
796 4798 960 4867 ζωήν.
996 4796 1141 4868 Ὅρα
1170 4795 1313 4850 πόσα
1336 4795 1681 4868 δικαιώματα
1702 4797 1797 4851 τοῦ
1828 4815 1927 4853 κα·

345 4900 457 4964 λῶς
484 4898 581 4971 ζῇν
602 4897 805 4968 τίθησι.
838 4896 935 4950 Διά
958 4895 1069 4966 γὰρ
1098 4893 1255 4949 τοῦτο
1288 4894 1380 4946 καὶ
1409 4893 1704 4966 παχυτέρῳ
1725 4895 1928 4967 ὀνόμα-

341 5018 399 5056 τι
438 5000 593 5054 καλεῖ
617 4998 716 5070 τήν
751 4994 1066 5067 διόρθωσιν,
1100 4994 1189 5047 ἵνα
1214 4992 1414 5065 πολλὴν
1442 4993 1592 5065 δείξῃ
1628 4995 1727 5066 τὴν
1755 5000 1923 5068 μετά.

342 5116 537 5154 στασιν
566 5098 662 5152 καὶ
691 5097 788 5168 τὴν
821 5094 1145 5167 μεταϐολήν.
1184 5089 1321 5148 Εἶτα
1350 5094 1662 5166 περαιτέρω
1689 5097 1922 5163 ἐπεξιὼν

340 5202 422 5272 τῷ
454 5200 750 5272 εἰρημένῳ,
781 5197 876 5251 acab
899 5196 1110 5258 δεικνὺς
1135 5193 1250 5257 πῶς
1282 5193 1444 5263 καινὴ
1479 5192 1679 5258 κτίσις,
1717 5197 1791 5250 Τὰ
1819 5198 1923 5265 ἀρ-

341 5302 488 5373 χαῖα
516 5298 814 5369 παρῆλθε,
839 5296 1005 5367 φησὶν
1027 5335 1042 5358 ,
1072 5292 1200 5348 ιδοὺ
1227 5293 1436 5363 γέγονε
1467 5292 1644 5348 καινὰ
1674 5296 1746 5349 τὰ
1770 5296 1924 5351 πάν-

341 5419 439 5462 τα.
471 5405 610 5457 Ποῖα
653 5401 890 5471 ἀρχαῖα;
919 5397 1077 5449 Ἤτοι
1124 5394 1192 5447 τά
1229 5390 1601 5464 ἁμαρτήματά
1626 5410 1781 5466 φησι,
1827 5399 1924 5452 acab

342 5506 445 5569 τὰς
476 5499 812 5569 ἀσεϐείας,ἢ
849 5498 918 5551 τὰ
960 5494 1222 5549 Ἰουδαϊκὰ
1254 5495 1462 5548 πάντα·
1502 5493 1700 5564 μᾶλλον
1737 5497 1794 5551 δὲ
1826 5501 1922 5554 καὶ

344 5604 524 5661 ταῦτα
544 5604 774 5659 κάκεῖνά
796 5619 982 5674 φησιν.
1032 5600 1185 5656 Ἰδοὺ
1221 5602 1425 5672 γέγονε
1456 5601 1529 5656 τὰ
1564 5602 1761 5660 πάντα
1797 5624 1922 5663 και.

344 5713 445 5769 νά.
486 5711 562 5767 Τὰ
587 5710 656 5766 δὲ
683 5710 878 5764 πάντα
899 5710 966 5764 ἐκ
997 5708 1102 5763 τοῦ
1140 5709 1306 5765 Θεοῦ.
1337 5709 1497 5765 Οὐδὲν
1521 5708 1580 5775 ἐξ
1607 5710 1777 5782 ἡμῶν,
1811 5715 1919 5768 καὶ

1348 315 1414 369 ΙΝ
1453 313 1673 370 EPIST.
1727 313 1773 370 ll
1828 313 1922 367 AD
1975 312 2137 370 COR.
2181 311 2418 367 HOMIL.
2461 311 2552 366 XI.
2666 318 2667 321 “

3519 312 3639 371 476⁸

2054 428 2166 499 7&9
2195 428 2390 497 ἀφεσις
2426 424 2844 497 ἁμαρτημάτων
2876 424 2970 479 acab
3007 423 3247 481 υῑοθεσία
3294 422 3387 479 καὶ
3423 427 3459 495 ή
3499 425 3628 493 δόξα

2044 525 2318 597 ἄφθαρτος
2344 525 2404 591 ἐξ
2437 524 2603 580 αὐτοῦ
2634 526 2773 596 ήμῖν
2804 522 3126 595 δεδώρηται.
3157 522 3355 578 Οὐκέτι
3384 522 3495 596 7&9
3522 526 3630 578 ἀπὸ

2045 626 2156 680 τῶν
2189 626 2489 701 μελλόντων
2522 626 2703 696 μόνον,
2739 625 2878 680 ἀλλά
2924 626 3036 678 acab'
3060 624 3170 681 ἀπὸ
3194 624 3304 679 τῶν
3343 626 3631 699 παρόντων

2049 727 2249 791 αὐτοὺς
2280 727 2603 799 προτρέπει.
2632 726 2833 781 Σκόπει
2875 728 2933 781 δέ
2968 745 2980 758 ·
3008 721 3163 780 εἶπεν
3192 768 3208 794 ,
3239 727 3321 781 ὃτι
3364 727 3633 798 μέλλομεν

2048 827 2390 893 ἀνίστασθαι,
2438 829 2534 882 acab
2579 828 2658 892 είς
2704 827 3014 898 ἀφθαρσίαν
3066 829 3286 901 χωρεῖν,
3331 828 3425 882 acab
3454 828 3632 883 οίκξαν

2045 929 2194 1000 ἔχειν
2220 928 2438 981 αἰώνιον
2461 942 2476 958 ⁸
2501 927 2618 980 ἁλλ’
2647 925 2836 997 ἐπειδὴ
2863 926 3086 997 μείζονα
3116 927 3269 997 ἰσχὺν
3296 929 3381 991 ἐίς
3406 926 3467 980 τὺ
3495 944 3631 999 προ-

2047 1027 2243 1101 τρέψαι
2275 1027 2475 1099 ἔχειτὰ
2497 1026 2742 1098 παρόντα
2766 1025 2875 1083 τῶν
2904 1027 3207 1097 μελλόντων
3237 1027 3373 1097 πρὸς
3402 1028 3528 1092 τοὺς
3554 1026 3633 1101 μὴ

2048 1122 2400 1189 πιστεύοντας
2430 1124 2663 1189 τούτοις,
2703 1124 2778 1188 ὡς
2800 1124 2881 1178 δεῖ
2906 1123 3208 1194 πιστεύειν,
3234 1124 3505 1180 δείκνυσιν
3531 1128 3633 1180 ὅσα

2048 1222 2143 1278 καὶ
2163 1221 2266 1293 ήδη
2297 1220 2515 1288 ἔλαϐον,
2543 1222 2639 1279 acab
2658 1222 2805 1285 τίνες
2834 1222 3009 1285 ὄντες.
3040 1220 3197 1287 Τίνες
3216 1219 3308 1279 οῦν
3330 1223 3484 1288 ὄντες
3506 1223 3632 1276 έλα-

2047 1320 2181 1390 6ον;
2215 1321 2422 1394 Νεκροὶ
2450 1321 2652 1387 πάντες
2684 1320 2917 1394 (Πάντες
2948 1322 3079 1396 γάρ,
3113 1323 3302 1395 φησὶν,
3336 1322 3629 1389 ἀπέθανον,

2047 1418 2145 1474 acab
2195 1418 2338 1493 ύπὶρ
2378 1419 2598 1476 πάντων
2641 1421 2910 1477 ἀπέθανεν
2926 1438 2941 1454 ⁶
2989 1421 3137 1478 οὕτω
3176 1424 3387 1487 πάντας
3430 1423 3632 1495 ὁμοίως

2045 1519 2278 1593 ἠγάπα),
2304 1520 2751 1594 πεπαλαιωμένοι
2775 1562 2792 1587 ,
2830 1524 3207 1595 γεγηρακότες
3241 1524 3482 1589 ἅπαντες
3521 1524 3634 1587 τοῖς

2046 1623 2254 1686 κακοῖς.

2130 1785 2270 1840 Ἀλλ’
2322 1785 2433 1841 ἰδοὺ
2479 1787 2578 1840 acab
2624 1786 2775 1859 ψυχὴ
2804 1787 2967 1860 καινὴ
2993 1787 3300 1860 (ἐκαθάρθη
3335 1787 3503 1861 γὰρ),
3534 1784 3633 1846 καὶ

2047 1885 2210 1956 σῶμα
2251 1885 2460 1951 καινὸν,
2517 1887 2612 1941 acab
2660 1887 2887 1960 λατρεία
2924 1889 3110 1961 καινή,
3168 1890 3263 1943 καὶ
3306 1889 3632 1960 ἐπαγγελίαι

2047 1985 2259 2053 καιναὶ,
2312 1989 2409 2041 acab
2458 1986 2717 2059 διαθήκη,
2773 1990 2866 2043 καὶ
2896 1989 3031 2060 ζωὴ,
3094 1991 3191 2043 acab
3231 1989 3504 2062 τράπεζα,
3535 1990 3631 2045 acab

2045 2084 2209 2157 στολὴ
2229 2126 2244 2153 ,
2290 2087 2388 2140 καὶ
2418 2086 2599 2141 πάντα
2644 2087 2809 2140 καινά
2845 2085 3053 2150 ἁπλῶς.
3096 2088 3208 2141 Kab
3239 2087 3351 2162 7&9
3379 2089 3503 2142 ἀντὶ
3528 2090 3629 2160 τῆς

2043 2191 2197 2246 κάτω
2226 2191 2586 2264 Ἰερουσαλὴμ
2611 2191 2876 2265 ἐλάϐομεν
2900 2192 2999 2265 τὴν
3024 2191 3137 2248 ἀνω
3165 2192 3518 2265 μητρόπολιν,
3535 2194 3634 2248 acab

2042 2291 2166 2347 ἀντὶ
2192 2292 2323 2347 ναοῦ
2367 2292 2631 2365 αίσθητοῦ
2664 2293 2793 2348 ναδν
2834 2293 3048 2363 εἴδομεν
3076 2293 3473 2363 πνευματικὸν,
3508 2294 3632 2348 ἀντὶ

2044 2389 2275 2447 πλακῶν
2320 2391 2541 2447 λιθίνων
2584 2391 2880 2465 σαρκίνας,
2908 2392 3033 2447 ἀντὶ
3084 2394 3395 2465 περιτομῆς
3436 2391 3630 2462 βάπτι-

2045 2510 2181 2566 σμα,
2231 2494 2356 2551 ἀντὶ
2384 2493 2481 2548 τοῦ
2517 2494 2695 2567 μάννα
2716 2494 2880 2566 σῶμα
2916 2496 3266 2562 Δεσποτικὸν,
3294 2496 3416 2550 ἀντὶ
3439 2495 3632 2560 ὓδατος

2043 2593 2153 2648 ἀπὸ
2175 2594 2384 2667 πέτρας
2400 2590 2541 2665 αἷμα
2558 2593 2667 2649 ἀπὸ
2695 2594 2958 2667 πλευρᾶς,
2975 2598 3098 2654 ἀντὶ
3133 2596 3330 2669 ῥάϐδου
3349 2597 3631 2660 Μωῦσέως

2041 2697 2076 2768 ἢ
2120 2694 2335 2767 ’Δαρὼν
2354 2696 2447 2751 τὸν
2478 2698 2714 2769 σταυρὸν
2739 2736 2755 2761 ,
2785 2697 2909 2751 ἀντὶ
2949 2697 3055 2768 γῆς
3086 2698 3188 2767 τῆς
3231 2697 3571 2767 ἐπαγγελίας
3599 2711 3626 2739 ι

2042 2800 2142 2874 τήν
2187 2800 2467 2872 βασιλείαν
2532 2798 2644 2854 τῶν
2692 2797 2959 2869 οὐρανῶν,
3008 2800 3131 2854 ἀντὶ
3177 2800 3389 2871 μυρίων
3439 2800 3631 2872 ἱερέων

2042 2901 2140 2956 ἕνα
2177 2899 2479 2974 ἀρχιερέα,
2510 2900 2637 2954 ἀντὶ
2672 2897 2850 2970 ἀμνοῦ
2884 2899 3084 2969 ἀλόγου
3127 2899 3301 2971 ἀμνὸν
3325 2916 3628 2972 πνευματι-

2044 3001 2159 3057 κόν.
2186 3001 2374 3056 Ταῦτα
2405 3002 2499 3056 καὶ
2516 2998 2822 3055 τὰτοιαῦτα
2852 2999 3197 3073 λογιζόμενος
3225 2999 3401 3068 ἔλεγε,
3442 3002 3632 3055 Καινά

2043 3101 2117 3157 τὰ
2144 3101 2365 3156 πάντα.
2415 3102 2608 3157 Ταῦτα
2635 3101 2706 3155 δὲ
2739 3100 2940 3157 πάντα
2964 3100 3033 3155 ἐκ
3060 3101 3171 3155 τοῦ
3201 3100 3351 3156 Θεοῦ
3373 3099 3463 3154 διά
3497 3101 3631 3171 Χρι-

2046 3200 2177 3255 στοῦ
2224 3201 2320 3257 acab
2361 3202 2465 3273 τῆς
2493 3190 2662 3256 αὐτοῦ
2689 3202 2920 3277 δωρεᾶς.
2948 3203 3042 3257 Διδ
3067 3202 3162 3257 καὶ
3185 3202 3437 3275 ἐπήγαγε
3457 3217 3472 3232 ·
3518 3200 3629 3256 Τοῦ

2042 3304 2540 3371 καταλλάξαντος
2561 3303 2722 3373 ἡμᾶς
2742 3303 2939 3370 ἑαυτῷ
2964 3303 3064 3357 διὰ
3084 3302 3191 3358 τοῦ
3221 3300 3504 3372 Χριστοῦ,
3528 3300 3629 3354 καί

2042 3403 2263 3470 δόντος
2309 3403 2456 3472 ἡμῖν
2514 3402 2631 3472 τὴν
2681 3401 3002 3456 διακονίαν
3040 3400 3154 3469 τῆς
3203 3398 3624 3469 καταλλαγῆς.

2054 3504 2191 3558 Ἀπὸ
2238 3502 2349 3575 γὰρ
2388 3502 2580 3556 τούτου
2634 3502 2814 3557 πάντα
2844 3501 2914 3555 τά
2946 3500 3150 3572 ἀγαθά.
3194 3502 3253 3555 Ὀ
3292 3502 3400 3573 7&9
3439 3501 3628 3572 φίλους

2041 3606 2191 3675 ἡμᾶς
2216 3605 2489 3675 ποιήσας,
2522 3603 2687 3668 αὐτὸς
2732 3605 2828 3658 καὶ
2872 3602 2983 3658 τῶν
3013 3602 3191 3657 ἄλλων
3218 3602 3419 3669 αίτιος,
3454 3602 3491 3657 ἀ
3511 3603 3631 3666 τοῖς

2041 3706 2218 3775 φίλοις
2240 3704 2443 3760 ἔδωκεν
2468 3708 2497 3759 ό
2533 3704 2686 3768 Θεός.
2724 3704 2800 3759 Οὐ
2832 3703 2943 3776 7&9
2976 3704 3140 3774 ἀφεὶς
3163 3705 3349 3776 μένειν
3373 3703 3623 3775 ἐχθροὺς,

2039 3805 2217 3870 οὕτως
2245 3805 2401 3877 ήμᾶς
2427 3803 2722 3876 ἠμείψατο,
2761 3802 2899 3859 ἀλλά
2931 3802 3126 3872 φίλους
3153 3804 3390 3873 ποιήσας
3423 3799 3620 3870 ἐαυτῷ.

2048 3900 2219 3962 Ὅταν
2243 3906 2301 3960 δὲ
2330 3907 2498 3971 εἴπω,
2535 3906 2618 3960 ὅτι
2648 3905 2889 3977 Χριστὸς
2918 3906 3092 3968 αίτιος
3129 3904 3229 3976 τῆς
3254 3901 3647 3976 καταλλαγῆςι

2040 4008 2136 4062 acab
2166 4006 2259 4060 τδν
2292 4004 2520 4078 Πατέρα
2540 4004 2686 4073 λέγω
2710 4021 2726 4037 ·
2760 4005 2890 4058 ὅταν
2917 4005 3059 4058 είπω
3090 4003 3183 4057 τὸν
3207 4002 3428 4075 Πατέρα
3460 4001 3623 4056 δεδω-

2039 4107 2214 4172 κέναι,
2258 4105 2349 4162 acab
2397 4105 2492 4159 τὸν
2534 4103 2667 4161 Ybe
2701 4103 2865 4174 λέγω.
2914 4105 3120 4160 Πάντα
3162 4102 3274 4176 γὰρ
3329 4103 3407 4159 δι’
3431 4102 3631 4160 αὑτοῦ»

2035 4204 2304 4275 ἐγένετο·
2341 4201 2435 4256 acab
2469 4203 2659 4255 τούτου
2701 4200 2758 4255 δὲ
2801 4201 2963 4265 αὐτὸς
2988 4199 3143 4275 [516]
3167 4200 3358 4264 αῐτιος.
3395 4200 3470 4253 Οὐ
3512 4200 3622 4271 γάρ

2037 4306 2200 4376 ἡμεῖς
2217 4301 2367 4372 αὐτῷ
2387 4301 2867 4372 προσεδράμομεν,
2885 4300 3000 4355 ἀλλ’
3016 4300 3184 4363 αὐτὸς
3200 4298 3348 4369 ἡμᾶς
3364 4297 3617 4353 ἐκάλεσε.

2038 4405 2161 4468 Πῶς
2184 4404 2441 4469 ὲκάλεσε;
2470 4404 2570 4456 Διά
2585 4403 2684 4473 τῆς
2700 4402 2792 4456 τοῦ
2814 4402 3054 4473 Χριστοῦ
3069 4401 3312 4469 σφαγῆς.
3335 4401 3444 4454 Καὶ
3478 4400 3619 4454 δόν-

2036 4525 2138 4573 τος
2181 4505 2327 4575 ἡμῖν
2354 4504 2472 4572 τὴν
2491 4503 2814 4558 διακονίαν
2860 4501 2970 4569 τῆς
3001 4500 3414 4571 καταλλαγῆς.
3448 4501 3627 4556 Πάλιν.

2034 4605 2270 4659 ἐνταῦθα
2303 4603 2547 4658 δείκνυσι
2595 4601 2658 4656 τὸ
2699 4602 2808 4655 τῶν
2858 4600 3173 4656 ἀποστόλων
3213 4600 3455 4672 ἀξίωμα,
3502 4601 3615 4655 δει-

2033 4705 2166 4768 κνὺς
2187 4703 2378 4775 ἡλίκον
2403 4705 2637 4774 πρᾶγμα
2658 4700 3129 4773 ἐνεχειρίσθησαν,
3163 4700 3260 4754 καὶ
3278 4700 3379 4770 τῆς
3393 4700 3614 4770 ἀγάπης

2030 4804 2128 4860 τοῦ
2178 4803 2313 4860 Θεοῦ
2372 4803 2472 4876 τὴν
2516 4802 2847 4875 ὑπερϐολήν.
2895 4800 3030 4855 Οὐδὲ
3056 4801 3204 4872 γὰρ,
3238 4799 3428 4870 ἐπειδὴ
3467 4816 3584 4867 παρ

2032 4907 2276 4979 ήκουσαν
2326 4904 2422 4959 τοῦ
2470 4904 2719 4966 ἐλθόντος
2746 4901 3109 4971 πρεσϐευτοῦ,
3145 4901 3471 4973 παρωξύνθη
3516 4902 3612 4955 καὶ

2031 5006 2245 5078 ἀφῆκεν
2285 5000 2508 5069 αὐτοὺς,
2557 5003 2676 5058 ἀλλ’
2728 5003 2980 5075 ἐπιμένει
3026 5005 3367 5075 παρακαλῶν
3398 5003 3495 5057 acab
3539 4999 3609 5056 δι’

2031 5107 2228 5162 ἐαυτοῦ
2263 5106 2360 5160 acab
2388 5105 2457 5159 δι’
2488 5103 2717 5174 ἐτέρων.
2755 5104 2854 5168 Τίς
2883 5104 2950 5159 ἀν
2981 5105 3190 5174 ταύτην
3205 5104 3375 5171 ἀξίως
3400 5103 3607 5157 ἐκπλα-

2029 5209 2155 5279 γείη
2189 5207 2290 5275 τὴν
2321 5204 2688 5276 κηδεμονίαν;
2736 5203 2984 5275 Ἐσφάγη
3011 5205 3041 5257 ό
3069 5203 3198 5267 Tib;
3221 5204 3315 5258 ἐπὶ
3336 5204 3612 5259 καταλλαε

2028 5309 2132 5377 γάς
2159 5305 2348 5371 ἐλθὼν,
2377 5305 2406 5357 ό
2432 5303 2654 5376 γνήσιος
2683 5304 2776 5357 acab
2804 5302 3122 5378 μονογενὴς,
3154 5305 3250 5360 acab
3278 5305 3399 5360 οὐδὲ
3430 5305 3606 5369 οὕτως

2027 5405 2357 5477 ἀπεστράφη
2401 5404 2530 5468 τοὺς
2576 5404 2926 5481 ἀνῃρηκότας
2949 5410 2978 5463 ὁ
3006 5409 3198 5483 Πατὴρ
3219 5451 3234 5476 ,
3265 5404 3390 5465 ούδέ
3426 5405 3601 5471 εἶπεν,

2032 5505 2296 5574 Ἔπεμψα
2334 5501 2427 5556 τὸν
2469 5502 2597 5556 Υίόν
2643 5522 2747 5575 μου
2800 5508 3297 5579 πρεσϐευσόμενον,
3334 5509 3386 5561 ob
3438 5507 3496 5559 δὲ
3536 5505 3597 5556 ού

2089 5754 2113 5782 ⁸
2150 5749 2406 5813 chebalur
2430 5753 2530 5802 ἀντὶ
2571 5759 2652 5811 τῆς
2693 5753 2983 5814 ἐπαγγελίας.
