4070 6152
539 261 646 322 ιἹἹ

544 381 708 453 μόνον
741 379 840 434 οὑκ
881 377 1153 450 ἠθέλησαν
1195 373 1428 428 ἀκοῦσαι
1450 411 1466 435 ,
1488 371 1626 426 ἀλλά
1655 372 1751 425 καὶ
1783 371 2115 425 ἀνεῖλον.κα“ι

541 469 896 542 ἐσταύρωσαν
927 483 941 500 ·
977 462 1126 532 ἀξιον
1185 463 1384 526 αὑτοὺς
1433 465 1652 532 ἀφεῖναι
1715 462 1932 514 λοιπόν·
1979 461 2117 516 ἀλλά

540 566 852 636 τούναντίον
885 563 1068 626 ἁπαν,
1110 560 1298 630 ἐπειδὴ
1345 561 1559 622 ἐκεῖνος
1601 557 1864 627 ἀπῆλθεν,
1898 557 2029 626 ἡμῖν
2054 559 2117 607 16

545 659 782 730 πρᾶγμα
829 656 1142 709 ἐπίστευσε.
1201 652 1422 717 Δόντος
1461 651 1572 721 γὰρ
1607 649 1785 718 ἡμῖν,
1817 649 1972 720 φησὶ,
2003 646 2118 713 τὴν

541 749 857 803 διακονίαν
899 745 1011 817 τῆς
1049 742 1463 812 καταλλαγῆς.
1510 743 1608 806 Ὧς
1646 740 1736 794 ὅτι
1761 740 1905 802 Θεὸς
1942 735 2020 808 ἦν
2049 737 2119 790 ἐν

540 834 772 909 Χριστῷ
803 841 1037 905 κόσμον
1073 831 1519 890 καταλλάσσων
1547 831 1758 895 ἐαυτῷ,
1779 829 1865 899 μὴ
1896 828 2119 898 λογιζό-

536 945 720 999 μενος
788 925 993 991 αὐτοῖς
1041 923 1116 978 τὰ
1172 921 1618 992 παραπτώματα
1680 920 1899 974 αὐτῶν.
1965 915 2119 981 Εἶδες

549 1020 773 1089 ἀγάπην
819 1017 998 1072 πάντα
1041 1016 1220 1084 λόγον,
1264 1014 1444 1067 πάντα
1486 1012 1922 1082 ὑπερϐαίνουσαν
1949 1009 2117 1076 νοῦν;

540 1112 636 1174 Τίς
661 1112 688 1163 6
729 1109 1091 1179 ὑϐρισμένος;
1129 1105 1322 1167 Αὐτός.
1367 1105 1464 1166 Τίς
1516 1104 1544 1154 6
1577 1102 1795 1173 πρῶτος
1826 1099 1998 1154 ἐλθὼν
2041 1102 2121 1163 εἰς

541 1200 890 1266 καταλλαγάς
913 1217 928 1264 ;
954 1198 1145 1261 Αὐτός.
1169 1197 1281 1248 Καὶ
1307 1196 1415 1266 μὴν
1429 1195 1521 1247 τὸν
1541 1193 1669 1246 Υἱὸν
1684 1191 1915 1262 ἔπεμψε,
1931 1190 2119 1262 φησὶν,

541 1295 643 1347 οὐκ
689 1293 853 1355 αὑτὸς
895 1287 1044 1363 ἦλθε.
1081 1289 1186 1342 Τὸν
1237 1288 1368 1341 Υίὸν
1415 1287 1513 1358 μὲν
1543 1285 1807 1354 ἔπεμψεν,
1835 1285 1934 1336 οὑκ
1963 1281 2122 1343 αὐτὸς

541 1384 600 1442 δὲ
635 1382 936 1454 παρεκάλει
989 1379 1150 1451 μόνον
1174 1417 1189 1440 ,
1226 1377 1360 1431 ἁλλά
1403 1376 1496 1428 καὶ
1551 1375 1668 1444 μετ’
1723 1371 1888 1426 αὑτοῦ
1919 1373 2016 1424 καὶ
2049 1369 2120 1422 δι’

542 1474 710 1535 αὑτοῦ
745 1475 776 1526 6
817 1474 1006 1543 Πατήρ
1032 1489 1044 1506 ε
1077 1471 1158 1524 διὸ
1183 1470 1390 1538 ἔλεγεν,
1420 1469 1503 1521 δτι
1540 1467 1602 1519 '0
1631 1465 1776 1530 Θεὸς
1806 1460 1885 1533 ἦν
1906 1467 1938 1517 ό
1977 1478 2122 1516 κατ-

542 1566 879 1621 αλλάσσων
920 1562 1110 1628 ἐαυτῷ
1154 1562 1262 1615 τὸν
1292 1560 1532 1628 κόσμον
1561 1558 1631 1610 ἐν
1658 1554 1913 1623 Χριστῷ.
1949 1554 2120 1606 Τουτ-

543 1658 690 1720 έστι,
716 1656 807 1708 διὰ
850 1655 945 1708 τοῦ
971 1652 1230 1722 Χριστοῦ.
1277 1649 1497 1720 Ἐπειδὴ
1529 1648 1637 1717 769
1667 1642 1789 1699 εἷπε
1812 1685 1828 1710 ,
1863 1645 1970 1698 Τοῦ
1989 1643 2125 1697 δόν-

544 1765 647 1814 τος
684 1746 830 1815 ἡμῖν
865 1745 982 1812 τὴν
1015 1743 1329 1798 διακονίαν
1379 1741 1492 1808 τῆς
1532 1735 1956 1804 καταλλαγῆς,
2002 1738 2124 1788 ἐπι-

541 1839 826 1910 διορθώσει
847 1837 1113 1908 κέχρηται
1134 1874 1149 1899 ,
1183 1835 1358 1902 λέγων
1377 1850 1390 1864 ·
1426 1831 1518 1902 Μὴ
1543 1830 1826 1901 νομίσητε,
1857 1829 1938 1880 ὅτι
1963 1829 2126 1897 ἡμεῖς

544 1935 712 2001 ἐσμεν
731 1931 784 1987 οἱ
810 1929 905 1983 τοῦ
937 1928 1260 1998 πράγματος
1288 1924 1550 1984 αὐθένται
1570 1940 1582 1954 ·
1611 1920 1847 1979 διάκονοί
1865 1921 2033 1989 ἐσμεν
2054 1934 2067 1946 ·
2096 1918 2126 1970 6

544 2024 602 2076 δὲ
618 2024 680 2074 τὸ
691 2023 799 2078 πᾶν
816 2019 1186 2092 ἐργαζόμενος
1201 2016 1333 2079 Θεός
1345 2017 1514 2080 ἐστιν,
1531 2017 1558 2073 6
1579 2014 1666 2068 διὰ
1679 2011 1773 2065 τοῦ
1789 2007 2126 2077 Μονογενοῦς

543 2115 640 2185 τὴν
655 2114 981 2192 οἰκουμένην
998 2110 1357 2174 καταλλάξας.
1376 2108 1486 2162 Καὶ
1508 2106 1624 2168 πῶς
1643 2103 1978 2174 κατήλλαξεν
1999 2102 2128 2154 ἐαυ-

544 2205 655 2275 τῷ;
689 2203 848 2258 τοῦτο
874 2205 980 2273 γάρ
1013 2203 1127 2253 ἐστι
1142 2200 1203 2252 τὸ
1224 2198 1557 2268 θαυμαστὸν,
1595 2197 1694 2265 οὑχ
1720 2197 1802 2248 ὃτι
1832 2195 1984 2264 φίλος
2006 2193 2129 2260 ἐγέ-

545 2313 667 2351 νετο
679 2296 858 2366 μόνον,
878 2293 1084 2346 ἀλλ’ὅτι
1106 2292 1199 2344 καὶ
1213 2289 1354 2342 οὕτω
1376 2289 1548 2357 φίλος.
1572 2287 1744 2342 Οὒτω·
1768 2284 1915 2352 πῶς;
1947 2285 2128 2352 Ἀφεὶς

553 2387 742 2449 αὐτοῖς
776 2385 845 2438 τά
868 2383 1245 2453 ἁμαρτήματα
1265 2396 1280 2410 ο
1315 2379 1490 2442 ἄλλως
1522 2379 1632 2448 γὰρ
1660 2377 1760 2429 οὐκ
1785 2371 1852 2446 ῆν
1877 2392 1891 2407 ⁸
1921 2375 2001 2427 διὸ
2036 2375 2129 2427 καὶ

547 2477 819 2545 ἐπήγαγε,
843 2474 940 2541 Μὴ
964 2471 1348 2542 λογιζόμενος
1370 2471 1576 2537 αὐτοῖς
1597 2470 1669 2524 τὰ
1689 2468 2130 2538 παραπτώματα

548 2567 771 2623 αὐτῶν.
821 2566 933 2620 Καὶ
963 2565 1074 2635 γὰρ
1119 2565 1167 2618 εἰ
1208 2563 1484 2634 ἠθέλησεν
1507 2562 1814 2630 ἀπαιτῆσαι
1837 2562 1996 2630 λόγον
2019 2561 2130 2615 τῶν

551 2658 1112 2730 πεπλημμελημένων
1138 2697 1154 2721 ,
1181 2657 1383 2718 πάντες
1428 2655 1494 2708 ἀν
1535 2652 1867 2724 ἀπωλόμεθα
1886 2670 1900 2684 ·
1928 2654 1978 2704 οῖ
2017 2652 2130 2721 γὰρ

551 2754 757 2816 πάντες
799 2751 1096 2805 ἀπέθανον.
1145 2748 1288 2802 Ἀλλ’
1338 2748 1487 2817 ὅμως
1510 2745 1782 2798 τοσούτων
1821 2744 1992 2797 όντων
2020 2743 2129 2796 τῶν

552 2841 1068 2916 ἁμαρτημάτων,οὒ
1091 2840 1252 2911 μόνον
1269 2838 1368 2892 οὑκ
1401 2836 1650 2906 ἁπῄτησε
1677 2835 1855 2903 δίκην,
1875 2834 2012 2888 ἀλλά
2036 2834 2131 2887 καὶ

553 2935 870 3007 κατηλλάγη
900 2949 915 2964 ο
952 2934 1013 2986 οὐ
1051 2933 1213 3004 μόνον
1255 2932 1490 3002 ἀφῆκεν,
1522 2928 1638 2982 ἀλλ’
1666 2928 1788 2982 οὑδέ
1812 2927 2126 2994 ἐλογίσατο.

557 3027 718 3086 Οὑτω
757 3027 852 3080 καὶ
893 3027 1037 3096 ἡμᾶς
1079 3023 1297 3091 ἀφιέναι
1337 3022 1444 3092 χρὴ
1479 3023 1592 3084 τοῖς
1633 3021 1869 3091 ἐχθροῖς,
1918 3020 2006 3071 ἴνα
2033 3018 2132 3086 τῆς

553 3120 724 3188 αὑτῆς
751 3118 847 3170 καὶ
881 3117 1035 3170 αὐτοὶ
1060 3114 1313 3184 τύχωμεν
1343 3113 1612 3182 ἀφέσεως.
1638 3111 1747 3164 Καὶ
1791 3109 2040 3178 θέμενος
2061 3110 2131 3162 ἐν

553 3206 702 3275 ἡμῖν
749 3205 857 3260 τὸν
896 3207 1082 3274 λόγον
1109 3203 1217 3272 τῆς
1244 3201 1652 3270 καταλλαγῆς.
1677 3201 1812 3253 0666
1833 3200 1942 3271 769
1971 3201 2132 3270 ἡμεῖς

555 3299 648 3359 δπί
685 3317 736 3352 τι
756 3299 1015 3370 φορτικὸν
1047 3296 1285 3368 ἠλθομεν
1307 3294 1424 3360 νῦν,
1458 3293 1575 3346 ἀλλ’
1597 3293 1686 3354 ἴνα,
1708 3293 1894 3360 φίλους
1923 3293 2133 3356 πάντας

556 3392 875 3462 ποιήσωμεν
913 3389 990 3460 τῷ
1032 3388 1170 3457 Θεῷ.
1215 3384 1434 3457 Ἐπειδὴ
1477 3389 1586 3454 γὰρ
1630 3385 1776 3452 ἐμοὶ,
1811 3385 1995 3453 φησιν,
2030 3385 2132 3436 οὐκ

556 3483 913 3553 ἐπείσθησαν,
948 3479 1332 3551 παραμείνατε
1359 3475 1804 3548 παρακαλοῦντες
1831 3477 2008 3546 ὑμεῖς,
2028 3474 2132 3538 ἓως

556 3574 623 3628 ἃν
649 3573 894 3643 πείσητε.
925 3571 1017 3624 Διὸ
1043 3569 1137 3624 καὶ
1176 3570 1485 3640 ἐπήγαγεν·
1527 3567 1708 3636 ’Υπὲρ
1733 3567 1991 3635 Χριστοῦ
2020 3562 2134 3620 οὖν

557 3665 980 3734 πρεσϐεύομεν
1001 3704 1016 3727 ,
1071 3662 1152 3728 ὠς
1231 3660 1338 3714 τοῦ
1415 3659 1561 3716 Θεοῦ
1635 3658 2133 3726 παρακαλοῦντος

557 3755 635 3809 δι’
664 3754 863 3823 ἡμῶν.
903 3753 1161 3823 Δεόμεοα
1195 3751 1350 3820 ὑπὲρ
1391 3749 1674 3819 Χριστοῦ,
1717 3748 2134 3819 καταλλάγητε

557 3841 639 3908 τῷ
673 3843 814 3906 Θεῷ.

629 3932 779 4006 [517]
813 3939 882 4001 γ’.
912 3929 1066 3996 Εἶδες
1095 3932 1208 3996 πῶς
1257 3929 1359 4004 ἦρε
1389 3933 1454 3984 τὸ
1494 3934 1748 4002 πρᾶγμα,
1779 3931 1871 3984 τὸν
1901 3929 2135 4002 Χριστὸν

557 4024 866 4094 εἰσαγαγὼν
903 4025 1117 4078 τιθέντα
1163 4025 1261 4094 τὴν
1305 4024 1583 4092 ἱκετηρίαν
1600 4022 1833 4091 ταύτην;
1855 4023 2053 4091 μᾶλλον
2078 4022 2135 4075 δὲ

558 4119 680 4190 οὐχὶ
719 4119 812 4173 τὸν
850 4118 1085 4192 Χριστὸν
1135 4116 1315 4186 μόνον,
1347 4113 1484 4166 ἀλλὰ
1517 4114 1612 4165 καὶ
1653 4113 1746 4166 τὸν
1777 4113 2033 4184 Πατέρα;
2069 4116 2134 4167 Ὃ

557 4213 666 4286 ⁶γὰρ
697 4212 868 4290 λέγει,
903 4210 1060 4265 τοῦτό
1093 4211 1239 4260 ἐστιν
1259 4223 1273 4235 ·
1311 4204 1563 4274 Ἔπεμψε
1594 4205 1688 4257 τὸν
1721 4205 1850 4258 Υίὸν
1884 4207 1911 4257 6
1944 4207 2134 4276 Πατὴρ

559 4303 961 4375 παρακαλέσαι,
993 4297 1088 4351 καὶ
1131 4295 1576 4367 πρεσϐεύσασθαι
1609 4295 1745 4366 πρὸς
1772 4295 1870 4366 τὴν
1897 4297 2006 4350 τῶν
2034 4299 2130 4350 ἀν-

561 4397 796 4468 θρώπων
817 4391 980 4461 φύσιν
1003 4389 1144 4460 ὑπὲρ
1167 4388 1354 4443 αὑτοῦ.
1387 4387 1539 4443 Ἐπεὶ
1563 4384 1658 4442 οὖν
1681 4390 1909 4457 σφαγεὶς
1929 4389 2136 4454 ἐκεῖνος

561 4471 826 4557 ἀπῆλθεν,
854 4484 1016 4552 ἡμεῖς
1045 4480 1400 4551 διεδεξάμεθα
1427 4481 1528 4551 τὴν
1551 4481 1867 4550 πρεσϐείαν,
1895 4484 1992 4536 καὶ
2020 4483 2135 4536 ἀντ’

562 4579 730 4633 αὑτοῦ
761 4577 854 4631 καὶ⁵
883 4576 978 4628 τοῦ
1011 4575 1225 4644 Πατρὸς
1254 4572 1682 4644 παρακαλοῦμεν
1727 4575 1894 4644 ὑμᾶς.
1938 4574 2138 4628 Τοσού-

563 4674 658 4720 σου
693 4667 920 4736 τιμᾶται
949 4664 1010 4718 16
1047 4665 1156 4718 τῶν
1198 4663 1502 4734 ἀνθρώπων
1551 4663 1736 4731 γένος,
1773 4665 1856 4717 ὅτι
1901 4667 1996 4718 καὶ
2045 4666 2137 4718 τὸν

565 4759 696 4813 Υίὸν
726 4757 986 4821 ἐπέδωκε,
1016 4757 1112 4815 καὶ
1139 4757 1313 4814 ταῦτα
1347 4754 1504 4818 είδὼς
1534 4756 1614 4808 ὅτι
1647 4756 2010 4828 σφαγήσεται,
2045 4758 2138 4810 καὶ

567 4848 898 4912 ἀποστόλους
943 4849 1088 4919 ἡμᾶς
1125 4847 1191 4907 δι’
1224 4849 1369 4917 ὑμᾶς
1420 4847 1696 4914 ἐποίησεν·
1733 4846 1874 4900 ὥστε
1917 4849 2138 4912 εἰκότως

568 4940 740 5008 ἔλεγε,
770 4939 972 4995 Πάντα
1003 4939 1077 4993 δι’
1122 4939 1296 5008 ὑμᾶς.
1337 4939 1519 5008 ’Υπὲρ
1549 4938 1807 5007 Χριστοῦ
1844 4934 1958 4994 οὖν
2002 4953 2141 5009 πρε-

567 5037 882 5105 σϐεύομεν.
912 5033 1226 5094 Τουτέστιν,
1247 5033 1372 5091 ἀντὶ
1391 5031 1484 5086 τοῦ
1516 5031 1754 5102 Χριστοῦ
1773 5048 1786 5062 ·
1832 5035 1991 5104 ἡμεῖς
2033 5035 2140 5105 γὰρ

568 5126 937 5196 ἀνεδεξάμεθα
969 5126 1037 5179 16
1070 5123 1301 5178 ἐκείνου.
1339 5123 1402 5182 Et
1442 5123 1498 5183 66
1529 5123 1672 5192 μέγα
1700 5139 1781 5176 σοι
1815 5122 1961 5178 δοκεῖ
1986 5124 2141 5178 τοῦτο

571 5210 734 5278 εἶναι,
767 5216 997 5276 ἄκουσον
1040 5216 1136 5270 καὶ
1167 5214 1278 5267 τῶν
1319 5212 1466 5283 ἑξῆς,
1501 5211 1568 5264 δι’
1603 5205 1677 5266 ὧν
1726 5212 2028 5276 δείκνυσιν,
2060 5214 2141 5266 ὅτι

571 5306 672 5359 οὑκ
714 5304 831 5356 ἁντ¹
863 5305 1025 5358 αὑτοῦ
1083 5306 1262 5374 μόνον,
1313 5303 1448 5357 ἀλλά
1482 5303 1572 5356 καὶ
1625 5303 1747 5355 ἀντὶ
1790 5303 1884 5354 τοῦ
1933 5303 2144 5371 Πατρὸς

572 5394 734 5450 10610
756 5393 988 5445 ποιοῦσι.
1015 5393 1114 5445 Διὰ
1141 5393 1251 5464 γάρ
1278 5393 1438 5446 τοῦτο
1458 5391 1550 5445 καὶ
1575 5394 1872 5462 ἐπήγαγεν,
1915 5392 2008 5455 Ὡς
2037 5392 2142 5445 τοῦ

577 5485 728 5540 Θεοῦ
773 5484 1266 5553 παρακαλοῦντος
1309 5483 1383 5537 δι’
1415 5483 1602 5553 ἡμῶν.
1645 5484 1720 5538 Ού
1760 5483 1870 5554 γὰρ
1916 5483 2004 5537 διά
2049 5483 2142 5536 τοῦ

589 5575 712 5637 Ποῦ
765 5574 929 5631 αὑτοῦ
978 5575 1288 5644 παρακαλεῖ
1339 5574 1518 5644 μόνον,
1552 5575 1688 5628 ἀλλά
1736 5575 1831 5629 καὶ
1873 5574 1939 5628 δι’
1988 5576 2020 5644 ἠ
2029 5574 2145 5644 μῶν

579 5669 686 5731 τῶν
712 5669 774 5730 τὸ
805 5667 1016 5730 ἐκείνου
1055 5666 1467 5747 ἀναδεξαμένων
1509 5665 1689 5744 ἔργον.
1722 5667 1817 5746 Μὴ
1847 5666 2026 5724 τοίνυν
2058 5683 2144 5721 νο·-

1258 254 1315 309 S.
1357 251 1650 308 JOANNIS
1685 250 2178 305 CHRYSOSTOMI
2218 250 2539 309 ARCHIEP.
2577 253 3128 310 CONSTANTINOP.

3709 259 3844 314 678

2231 372 2446 443 μίσητε,
2476 374 2662 445 φησὶν,
2687 375 2776 444 ὑφ’
2801 375 2960 445 ἡμῶν
2977 374 3262 440 ἀξιοῦσθαι
3286 392 3300 405 ·
3328 375 3492 437 αὑτὸς
3518 376 3547 426 6
3568 377 3843 446 Χριστὸς

2200 455 2372 535 ’ὑμᾶς
2411 469 2755 538 παρακαλεῖ,
2793 469 2956 532 αὑτὸς
2999 471 3028 520 6
3071 467 3164 521 106
3206 468 3444 538 Χριστοῦ
3492 470 3693 540 Πατὴρ
3750 472 3845 526 δι’

2225 559 2402 628 ἡμῶν.
2452 560 2517 611 Τί
2567 559 2770 630 ταύτης
2802 560 2902 629 τῆς
2959 559 3263 632 ὑπερϐολῆς
3310 560 3510 627 γένοιτ’
3543 561 3610 614 ἂν
3660 563 3836 628 tam;

2226 649 2398 713 A616;
2425 649 2533 720 769
2557 651 2586 702 6
2607 651 2776 720 μυρία
2798 651 3165 722 εὐεργετήσας
3186 650 3483 720 ὑϐρισθεὶς,
3501 651 3563 704 ού
3587 665 3612 692 ε
3649 654 3836 721 μόνον

2226 740 2326 791 οὐκ
2356 739 2603 810 ἀπῄτησε
2637 740 2814 810 δίκην,
2845 740 2981 794 6116
3007 740 3104 794 καὶ
3134 741 3300 794 ἔδωκε
3331 741 3422 794 τὸν
3455 741 3585 793 Υίὸν
3615 743 3829 807 αὑτοῦ,

2228 832 2314 884 ἴνα
2349 833 2796 902 καταλλαγῶμεν.
2833 834 2907 885 Οὑ
2941 831 3363 900 κατηλλάγησαν
3408 834 3457 885 οἱ
3496 832 3827 903 δεξάμενοι,

2227 923 2363 977 ἀλλά
2395 925 2486 976 καὶ
2519 923 2776 992 ἔσφαξαν.
2815 925 2983 978 Πάλιν
3013 924 3257 995 ἔπεμψεν
3296 924 3516 996 ἐτέρους
3548 925 3829 995 πρέσϐεις

2229 1015 2701 1084 παρακαλοῦντας·
2727 1015 3049 1070 καὶτούτων
3070 1017 3450 1086 πεμφθέντων,
3473 1018 3634 1079 αὑτός
3662 1019 3828 1070 ἐστιν

2228 1109 2255 1159 6
2277 1107 2465 1172 ἀξιῶν.
2517 1108 2582 1160 Τί
2615 1108 2672 1159 δὲ
2708 1108 2888 1172 ἀξιοῖ;
2939 1108 3369 1176 Καταλλὰγητε
3399 1105 3478 1172 τῷ
3518 1107 3664 1175 Θεῷ.
3701 1110 3826 1163 Καὶ

2229 1199 2328 1252 οὐκ
2374 1193 2516 1264 εἶπε,
2567 1197 2954 1262 Καταλλάξατε
3003 1201 3214 1262 ἑαυτοῖς
3262 1199 3353 1252 τὸν
3397 1199 3566 1253 Θεόν·
3595 1202 3658 1253 οὐ
3702 1201 3824 1270 γὰρ

2229 1289 2437 1353 ἐκεῖνός
2465 1291 2616 1342 ἐστιν
2646 1292 2675 1344 6
2705 1291 3028 1362 ἐχθραίνων,
3061 1289 3176 1343 ἀλλ’
3206 1291 3384 1360 ὑμεῖς·
3413 1292 3544 1354 Θεὸς
3576 1291 3691 1362 γὰρ
3721 1293 3816 1344 οὐ-

2230 1381 2419 1434 δέποτε
2453 1380 2747 1452 ἐχθραίνει.
2797 1381 2910 1434 Καὶ
2939 1379 3442 1451 δικαιολογούμενος
3469 1381 3524 1435 66
3552 1381 3821 1453 καθάπερ

2231 1469 2578 1541 πρεσϐευτὴς
2610 1469 2956 1545 ἀποσταλεὶς,
2988 1469 3100 1524 Τόν
3127 1469 3234 1539 γὰρ
3259 1468 3346 1538 μὴ
3377 1473 3603 1539 γνόντα
3623 1471 3818 1540 ἀμαρ-

2232 1561 2403 1624 τίαν,
2442 1561 2594 1627 ὑπὲρ
2634 1558 2802 1628 ἡμῶν
2835 1560 3128 1629 ἁμαρτίαν
3168 1559 3451 1626 ἐποίησε,
3493 1560 3685 1631 φησίν.
3735 1562 3814 1614 Οὑ

2233 1650 2374 1718 λέγω
2400 1650 2468 1703 16
2500 1652 2764 1721 πρότερα,
2796 1651 2878 1703 ὅτι
2902 1650 3184 1720 ὑϐρίσατε,
3205 1651 3286 1703 ὅτι
3306 1651 3458 1703 οὐδὲν
3483 1652 3812 1722 ἠδικηκότα,

2233 1739 2314 1793 ὄτι
2331 1739 2589 1810 εὑεργετή
2599 1757 2785 1800 σαντα,
2799 1740 2880 1792 ὃτι
2898 1739 3053 1809 δίκην
3093 1740 3194 1792 ούκ
3209 1740 3510 1810 ἀπῄτησεν,
3526 1742 3610 1794 ὅτι
3627 1759 3814 1813 παρα-

2234 1831 2391 1884 καλεῖ
2413 1831 2649 1902 πρῶτος,
2681 1830 2957 1900 ὑϐρισθεὶς
2987 1830 3222 1901 πρῶτος·
3252 1832 3418 1901 μηδὲν
3443 1833 3671 1886 ἐκείνων
3693 1834 3815 1885 κεί-

2237 1924 2346 1978 σθω
2370 1922 2528 1986 τέως.
2559 1923 2658 1976 Διά
2681 1923 2842 1976 τοῦτο
2876 1923 3035 1995 μόνον
3062 1923 3162 1975 οὑκ
3189 1921 3253 1976 ἂν
3283 1924 3432 1992 εἴητε
3464 1923 3665 1977 δίκαιοι
3706 1942 3813 1977 καο

2233 2015 2567 2086 ταλλαγῆναι
2587 2058 2601 2082 ,
2632 2016 2699 2069 δι’
2725 2017 2861 2089 ὅπερ
2893 2017 3146 2088 ἐποίησεν
3175 2019 3255 2079 είς
3286 2017 3430 2087 ὑμᾶς
3458 2014 3588 2082 νῦν;
3619 2019 3735 2071 Καὶ
3760 2017 3816 2070 τι

2236 2111 2490 2181 ἐποίησε;
2524 2110 2635 2163 Τὸν
2665 2111 2773 2180 γὰρ
2807 2111 2893 2181 μὴ
2927 2113 3148 2180 γνόντα
3185 2111 3497 2179 ἁμαρτίαν,
3543 2110 3617 2163 δι’
3654 2110 3816 2180 ὑμᾶς

2236 2203 2526 2271 ἁμαρτίαν
2553 2202 2860 2268 ἐποίησεν.
2903 2203 2965 2255 Εἰ
2999 2202 3107 2272 γὰρ
3139 2200 3305 2271 μηδὲν
3332 2201 3519 2270 ῆνυσε,
3564 2200 3725 2252 τοῦτο
3754 2201 3812 2252 δὲ

2240 2293 2400 2362 μόνον
2441 2291 2762 2362 εἰργάσατο,
2798 2292 3050 2362 ἐννόησον
3095 2291 3280 2362 ἡλίκον
3312 2286 3380 2361 ἦν
3423 2290 3485 2343 16
3530 2291 3668 2362 ὑπὲρ
3703 2290 3813 2342 τῶν

2238 2383 2539 2454 ὑϐρικότων
2569 2383 2657 2435 τὸν
2681 2383 2809 2436 Υίὸν
2835 2383 3037 2438 δοῦναι.
3066 2384 3205 2436 Νυνὶ
3233 2383 3290 2435 66
3306 2383 3401 2435 καὶ
3436 2383 3647 2452 μεγάλα
3678 2400 3812 2436 κατ-

2238 2473 2461 2544 ώρθωσε
2483 2514 2499 2539 ,
2535 2473 2631 2526 καὶ
2662 2473 2801 2543 μετὰ
2829 2473 3032 2526 τούτων
3056 2473 3146 2526 τὸν
3165 2473 3316 2525 οὐδὲν
3340 2473 3638 2543 ἠδικηκότα
3669 2473 3812 2544 ὑπὲρ

2237 2566 2345 2617 τῶν
2375 2565 2712 2636 ἠδικηκότων
2755 2563 3085 2633 κολασθῆναι
3125 2565 3328 2618 εῖασεν.
3378 2565 3518 2617 Ἀλλ’
3560 2565 3658 2618 οὑκ
3690 2561 3809 2616 εἷπε

2238 2657 2412 2717 10610,
2433 2656 2548 2709 611’
2570 2656 2598 2707 ὃ
2618 2655 2798 2726 πολλῷ
2822 2655 3004 2725 μεῖζόν
3027 2657 3148 2707 ἐστι
3173 2654 3368 2708 τούτου
3393 2656 3628 2709 τέθεικε.
3654 2657 3809 2710 Ποῖον

2239 2748 2303 2819 δὴ
2329 2748 2515 2813 τοῦτο;
2552 2749 2663 2802 Τὸν
2686 2747 2775 2816 μὴ
2811 2749 3034 2816 γνόντα
3065 2747 3380 2816 ἁμαρτίαν,
3410 2749 3565 2820 φησὶ,
3595 2748 3684 2801 τὸν
3711 2749 3808 2800 αὑ-

2237 2840 2652 2909 τοδικαιοσύνην
2681 2839 2812 2892 ὄντα
2832 2880 2847 2904 ,
2876 2839 3170 2908 ἁμαρτίαν
3193 2839 3448 2906 ἐποίησε
3465 2858 3479 2872 ·
3515 2841 3806 2901 τουτέστιν,

2237 2933 2312 2997 ὡς
2340 2931 2660 3004 ἁμαρτωλὸν
2688 2929 3086 3001 κατακριθῆναι
3115 2929 3348 3000 ἀφῆκεν,
3375 2931 3451 2994 ὡς
3481 2932 3810 3000 ἐπικατάρα-

2238 3044 2330 3079 τον
2362 3025 2682 3081 ἀποθανεῖν·
2741 3021 3204 3090 Ἐπικατάρατος
3234 3021 3342 3092 γάρ
3384 3025 3419 3075 ό
3449 3021 3810 3089 κρεμάμενος

2238 3117 2334 3171 ἐπὶ
2366 3117 2578 3182 ξύλου.
2615 3114 2722 3168 Τοῦ
2765 3116 2875 3184 769
2910 3113 3199 3167 ἀποθανεῖν
3237 3113 3297 3166 τὸ
3323 3111 3490 3172 οὕτως
3517 3112 3782 3165 ἀποθανεῖ

2241 3207 2420 3278 πολλῷ
2458 3209 2641 3277 μεῖζον
2687 3202 2787 3277 ἦν·
2819 3208 2954 3278 ὅπερ
3003 3206 3098 3260 καὶ
3139 3203 3366 3274 ἀλλαχοῦ
3400 3201 3790 3271 αἰνιττόμενος,

2241 3301 2404 3370 φησιν
2426 3340 2440 3362 ,
2469 3298 2619 3374 [518]
2663 3298 2963 3362 ’Υπήκοος
2998 3298 3312 3366 γενόμενος
3330 3295 3497 3365 μέχρι
3522 3293 3801 3358 θανάτου,

2241 3391 2501 3445 θάνατοι)
2535 3389 2602 3443 δὲ
2631 3387 2918 3456 σταυροῦ.
2952 3388 3086 3441 Οὑδέ
3115 3387 3225 3458 γάρ
3255 3387 3475 3440 κόλασιν
3505 3378 3615 3454 εἶχε
3651 3383 3807 3454 μόνον

2240 3483 2301 3536 16
2331 3484 2582 3552 πρᾶγμα,
2610 3480 2748 3534 ἀλλά
2769 3479 2865 3532 καλ⁸
2888 3479 3170 3550 αἰσχύνην.
3207 3479 3492 3548 Ἐννόησον
3513 3476 3690 3528 τοίνυν
3713 3475 3809 3528 ὅσα

2244 3591 2326 3627 σοι
2359 3573 2616 3643 παρέσχε.
2649 3573 2806 3640 Μέγα
2848 3573 2947 3642 μὲν
2979 3570 3088 3642 γὰρ
3122 3571 3216 3624 καὶ
3243 3571 3304 3623 16
3336 3568 3658 3639 ἁμαρτωλὸν
3686 3567 3807 3620 ὄντα

2243 3666 2383 3735 ὑπὲρ
2410 3665 2627 3718 ὁτουοῦν
2652 3663 2945 3716 ἀποθανεῖν
2965 3679 2978 3693 ·
3010 3663 3138 3715 ὅταν
3168 3661 3227 3716 δέ
3249 3663 3345 3714 καὶ
3371 3661 3577 3724 δίκαιος
3602 3661 3631 3712 6
3656 3658 3806 3711 10610

2242 3758 2468 3827 πάσχων
2510 3753 2566 3830 ᾖ,
2619 3757 2714 3810 καὶ
2754 3756 2895 3826 ὑπὲρ
2928 3754 3272 3825 ἁμαρτωλῶν
3303 3754 3574 3824 ἀποθάνῃ,
3618 3754 3805 3822 καὶμὴ

2242 3851 2488 3920 ἀποθάνῃ
2525 3849 2708 3919 μόνον,
2740 3847 2879 3901 6116
2918 3849 3010 3900 καὶ
3039 3846 3114 3909 ὡς
3146 3845 3574 3916 ἐπικατὰρατος,
3609 3845 3700 3898 καὶ
3737 3845 3807 3914 μὴ

2242 3941 2318 4004 ὡς
2354 3939 2757 4010 ἐπικατάρατος
2789 3939 2984 4009 μόνον,
3017 3937 3156 3991 ἀλλά
3194 3937 3289 3990 καὶ
3316 3937 3388 3990 16
3435 3936 3646 4007 μεγάλα
3684 3937 3806 4006 ἡμῖν

2243 4031 2494 4086 ἐντεῦθεν
2518 4031 2808 4102 χαρίζηται
2825 4029 3029 4098 ἀγαθὰ,
3055 4031 3090 4083 ἀ
3120 4028 3388 4099 μηδέποτε
3418 4029 3807 4100 προσεδοκήσαο

2245 4139 2346 4193 μεν
2370 4121 2518 4190 (Ἵνα
2537 4121 2646 4191 γὰρ
2666 4119 2966 4188 γενώμεθα
2990 4117 3137 4172 Θεοῦ
3165 4118 3518 4185 δικαιοσύνη
3541 4120 3612 4172 ἐν
3633 4117 3802 4182 αὐτῷ,

2243 4214 2378 4285 φησὶ
2399 4213 2441 4285 ),
2478 4216 2629 4276 ποῖος
2659 4211 2832 4265 ταῦτα
2859 4211 3037 4280 λόγος,
3072 4213 3223 4274 ποῖος
3253 4210 3426 4264 ταῦτα
3464 4212 3804 4281 παραστῆσαι

2242 4306 2528 4376 δυνήσεται
2558 4303 2717 4369 νοῦς;
2761 4303 2864 4356 Τὸν
2896 4303 3004 4374 γὰρ
3048 4302 3290 4368 δίκαιον,
3326 4303 3492 4373 φησὶν
3516 4343 3530 4367 ,
3565 4302 3804 4372 ἐποίησεν

2244 4396 2588 4468 ἁμαρτωλὸν,
2629 4395 2718 4449 ἴνα
2755 4396 2884 4458 τοὺς
2915 4394 3273 4465 ἁμαρτωλοὺς
3315 4395 3519 4465 ποιήσῃ
3553 4395 3802 4457 δικαίους.

2244 4490 2460 4544 Μᾶλλον
2488 4489 2544 4541 66
2569 4488 2691 4541 οὐδὲ
2715 4486 2888 4550 οὑτως
2916 4481 3089 4551 εἶπεν,
3119 4485 3234 4538 611‘
3256 4485 3284 4538 6
3307 4485 3484 4554 πολλῷ
3511 4487 3692 4556 μεῖζον
3712 4481 3802 4556 ἦν·

2245 4583 2304 4634 ού
2337 4581 2446 4650 769
2486 4578 2599 4643 ἒξιν
2639 4579 2869 4648 ἔθηκεν,
2903 4578 3016 4630 ἀλλ’
3070 4577 3240 4647 αὑτὴν
3273 4576 3372 4647 τὴν
3414 4578 3693 4648 ποιότητα.
3737 4578 3802 4629 Ού

2246 4673 2356 4742 γὰρ
2391 4670 2573 4734 εἶπεν,
2624 4670 2910 4739 Ἐποίησεν
2951 4667 3277 4738 ἁμαρτωλὸν
3297 4707 3312 4732 ,
3347 4668 3462 4723 ἀλλ’
3491 4671 3800 4737 ἁμαρτίαν·

2245 4763 2386 4832 οὐχὶ,
2435 4763 2539 4814 Τὸν
2594 4761 2670 4831 μὴ
2722 4759 3034 4830 ἁμαρτόντα
3090 4759 3270 4828 μόνον,
3322 4758 3490 4821 ἀλλά,
3521 4760 3628 4812 τὸν
3661 4757 3803 4827 μηδὲ

2248 4857 2469 4926 γνόντα
2495 4853 2808 4924 ἁμαρτίαν·
2832 4853 2917 4905 ἵνα
2933 4853 3026 4906 καὶ
3043 4854 3205 4923 ἡμεῖς
3227 4853 3535 4922 γενώμεθα,
3557 4853 3657 4906 οὑκ
3670 4849 3799 4914 εἷπε,

2246 4948 2464 5009 δίκαιοι,
2491 4944 2988 5014 ἀλλάδικαιοσύνη,
3019 4944 3115 4996 καὶ
3145 4943 3280 4996 Θεοῦ
3317 4943 3652 5014 δικαιοσύνη.
3680 4943 3800 4997 Θεοῦ

2247 5039 2357 5108 γάρ
2385 5040 2532 5090 ἐστιν
2557 5036 2716 5106 αῦτη,
2748 5036 2878 5088 ὅταν
2907 5035 2982 5104 μὴ
3008 5033 3066 5100 ἐξ
3107 5032 3284 5104 ἔργων
3301 5074 3316 5098 ,
3346 5035 3477 5088 ὅταν
3504 5035 3602 5087 καὶ
3629 5033 3802 5104 κηλῖδα

2247 5131 2460 5199 ἀνάγκη
2507 5128 2628 5182 τινὰ
2675 5128 2747 5196 μὴ
2786 5127 3112 5200 εὑρεθῆναι,
3164 5126 3278 5179 ἀλλ’
3317 5127 3425 5179 ἀπὸ
3473 5127 3693 5197 χάριτος
3732 5125 3801 5177 διο

2249 5220 2606 5288 καιωθῶμεν,
2659 5217 2788 5271 ἔνθα
2828 5219 2979 5271 πᾶσα
3015 5217 3258 5288 ἁμαρτία
3309 5218 3619 5286 ἠφάνισται.
3652 5214 3804 5268 Τοῦτο

2250 5315 2307 5368 δὲ
2333 5312 2468 5382 ὁμοῦ
2505 5310 2628 5366 οὕτε
2662 5309 2965 5379 ἐπαρθῆναι
3012 5311 3257 5379 ἀφίησιν,
3306 5307 3401 5362 ἆτε
3442 5309 3536 5361 106
3577 5308 3708 5360 Θεοῦ
3752 5307 3805 5359 τὸ

2251 5406 2359 5458 πᾶν
2409 5401 2812 5477 χαρισαμένου,
2872 5401 2968 5452 καὶ
3018 5400 3254 5455 διδάσκει
3313 5397 3405 5452 τοῦ
3467 5398 3710 5462 δοθέντος
3753 5397 3805 5451 τὸ

2313 5607 2337 5635 ⁸
2365 5603 2522 5654 Aliam
2545 5603 2727 5652 lerlion
2745 5616 2823 5650 om
2863 5602 3007 5651 affert
3035 5603 3085 5650 in
3122 5602 3339 5663 margine
3377 5602 3596 5652 Savilius
3632 5617 3643 5650 :
3683 5604 3808 5662 tam;

2261 5667 2482 5734 Ὗϐρίσθη
2504 5666 2645 5730 μυρία
2666 5665 2988 5728 εὐεργετήσας
3008 5666 3239 5727 ὑϐρισθεὶς
3254 5663 3324 5712 ού.
