4070 6152
428 355 530 410 477

427 467 689 537 dignitate
704 461 956 518 admirari
974 459 1181 531 possit?
1212 458 1566 528 Interetnptus
1589 468 1672 512 est
1700 457 1886 523 Filius,
1909 456 1997 524 qui

430 555 748 612 dirimenda:
792 554 1001 624 injuriae
1041 566 1201 608 causa
1245 560 1494 617 venerat;
1533 550 1718 616 Filius,
1762 551 1997 618 inquam,

428 662 588 701 verus
614 655 775 715 atque
805 642 1102 713 unigenitus
1132 681 1145 695 .
1177 656 1240 696 ac
1261 656 1327 696 ne
1353 642 1432 696 sic
1452 640 1666 709 quidem
1697 639 1856 695 Pater
1883 651 1999 700 eos,

431 739 524 808 qui
558 737 652 806 ipsi
689 750 874 791 necem
902 733 1213 799 intulerunt,
1241 741 1516 787 aversatus
1552 741 1656 795 est,
1706 747 1806 786 nec
1847 730 1997 794 dixit,

434 831 548 886 Misi
594 828 870 898 legationis
912 841 1071 882 causa
1098 825 1294 881 Filium
1325 839 1535 888 meum;
1569 824 1644 877 illi
1687 833 1862 878 autem
1897 838 2000 876 non

431 920 591 974 modo
638 919 808 987 ipsum
837 915 1023 970 audire
1052 924 1389 980 recusarunt,
1421 913 1518 968 sed
1543 913 1702 968 etiam
1731 911 1800 966 de
1827 913 2002 966 medio

428 1010 780 1072 sustulerunt,
799 1008 1030 1078 atquein
1048 1021 1260 1062 crucem
1286 1013 1544 1076 egerunt:
1567 1020 1774 1073 aequum
1795 1013 1877 1058 est
1893 1003 2000 1072 jam

428 1117 523 1156 eos
573 1100 950 1169 derelinquere
981 1115 998 1152 :
1025 1112 1212 1152 verum
1253 1104 1438 1150 contra
1488 1095 1709 1148 omnino
1749 1093 1903 1157 fecit;
1947 1099 2004 1146 et

427 1192 549 1261 quia
581 1191 669 1246 ille
696 1188 984 1252 abscessit,
1013 1187 1170 1242 nobis
1188 1186 1326 1241 hanc
1352 1184 1678 1254 provinciam
1705 1178 2000 1239 mandavit.

431 1283 532 1348 Qui
563 1281 700 1334 dedit
726 1279 871 1334 nobis
894 1279 1222 1332 ministerium
1267 1275 1685 1330 reconciliationis
1705 1287 1726 1326 :
1753 1272 1843 1327 l9.
1870 1290 2000 1344 quo-

428 1372 567 1424 niam
595 1371 794 1441 quidem
822 1368 960 1422 Deus
982 1377 1088 1421 erat
1115 1369 1168 1420 in
1195 1364 1394 1422 Christo
1413 1365 1654 1418 mundum
1669 1364 2004 1419 reconcilians

428 1463 546 1524 sibi,
576 1477 678 1514 non
701 1469 941 1531 reputans
965 1459 1069 1512 illis
1096 1457 1280 1512 delicta
1315 1457 1564 1527 ipsorum.
1595 1453 1830 1511 Videsne
1857 1455 2003 1510 cari-

431 1561 618 1616 tatem,
649 1553 757 1606 vim
786 1566 999 1605 omnem
1049 1549 1353 1614 verborum,
1384 1547 1764 1616 cogitationem
1788 1561 2000 1600 omnem

432 1641 821 1698 excedentem?
850 1641 1103 1708 Quisnam
1132 1648 1268 1703 erat,
1297 1639 1386 1709 qui
1414 1639 1659 1706 injuriam
1689 1637 2005 1706 acceperat?

432 1739 570 1805 Ipse.
600 1735 856 1804 Quisnam
886 1735 1003 1798 fuit,
1031 1734 1119 1803 qui
1149 1733 1350 1801 primus
1374 1730 1440 1784 ad
1465 1729 1744 1784 delendam
1773 1727 2003 1783 inimici-

433 1829 559 1881 tiam
597 1825 786 1880 venit?
814 1825 949 1894 Ipse.
977 1825 1068 1888 At,
1109 1823 1340 1892 inquies,
1369 1821 1562 1874 Filium
1588 1820 1753 1884 misit,
1777 1833 1883 1873 non
1912 1832 2006 1872 au-

433 1929 539 1971 tem
568 1918 681 1984 ipse
707 1917 874 1973 venit.
902 1913 1098 1968 Filium
1133 1912 1350 1982 quidem
1381 1911 1545 1973 misit,
1576 1909 1669 1964 sed
1695 1918 1870 1964 tamen
1899 1923 2001 1962 non

428 2011 476 2062 is
500 2012 672 2062 solum
696 2005 1028 2071 hortabatur,
1061 2004 1157 2058 sed
1184 2003 1340 2058 Pater
1366 2017 1599 2072 quoque,
1627 2011 1681 2055 et
1705 2015 1828 2054 cum
1853 2015 1921 2055 eo
1949 2008 2005 2054 et

427 2113 525 2167 per
567 2112 691 2151 eum
723 2113 737 2149 :
781 2095 850 2150 ob
892 2095 1052 2163 idque
1082 2093 1244 2147 etiam
1285 2091 1494 2146 dicebat
1525 2089 1833 2159 Apostolus,
1868 2087 2004 2146 Deus

425 2197 534 2242 erat
563 2186 809 2240 mundum
833 2186 928 2240 sibi
955 2184 1285 2238 reconcilians
1308 2183 1360 2235 in
1389 2181 1608 2234 Christo.
1639 2180 1750 2234 Hoc
1774 2187 1876 2246 est,
1909 2193 2004 2247 per

425 2278 717 2332 Christum.
744 2275 1006 2343 Quoniam
1029 2275 1172 2329 enim
1194 2272 1430 2337 dixerat,
1465 2272 1563 2338 Qui
1589 2270 1726 2326 dedit
1753 2271 1894 2325 nobis
1913 2272 2006 2324 mi-

423 2372 687 2425 nisterium
711 2367 1155 2436 reconciliationis,
1189 2375 1610 2435 temperamento
1635 2363 1863 2434 quodam
1886 2364 2006 2418 uti-

428 2471 532 2524 tur,
564 2461 782 2515 dicens:
812 2459 890 2515 Ne
915 2457 1230 2516 existimetis
1245 2472 1506 2512 summam
1529 2455 1687 2524 hujus
1711 2455 1788 2508 rei
1811 2462 1994 2509 aucto-

429 2554 643 2608 ritatem
697 2569 862 2623 penes
903 2567 1003 2607 nos
1053 2566 1211 2618 esse;
1261 2548 1492 2604 ministri
1537 2557 1740 2602 tantum
1782 2563 2000 2602 sumus:

428 2644 569 2698 Deus
611 2658 694 2699 εει
735 2645 824 2714 qui
857 2653 1024 2699 totum
1059 2643 1160 2698 hoc
1205 2640 1385 2706 eilicit,
1421 2641 1508 2711 qui
1540 2656 1634 2710 per
1665 2639 2001 2710 Unigenitum

429 2747 690 2792 terrarum
717 2737 904 2793 orbem
933 2735 1322 2791 reconciliavit.
1353 2733 1471 2802 Quo
1491 2732 1699 2788 tandem
1730 2732 1780 2786 id
1801 2731 1956 2786 modo
1979 2732 2004 2785 ?

429 2846 551 2883 nam
602 2830 702 2885 hoc
752 2838 836 2884 est
874 2827 1210 2888 admirabile,
1254 2840 1360 2881 non
1389 2824 1562 2880 solum
1605 2823 1746 2893 quod
1795 2824 2002 2876 amicus

429 2919 648 2976 effectus
678 2919 767 2984 sit,
801 2919 894 2974 sed
920 2919 1081 2974 etiam
1126 2916 1268 2987 qttod
1295 2918 1370 2971 sic
1395 2917 1617 2970 amicus.
1648 2915 1756 2979 Sic,
1781 2928 2005 2983 quomo-

430 3011 544 3065 do?
587 3012 804 3065 Peccata
865 3009 995 3079 ipsis
1039 3009 1358 3072 remittens;
1407 3023 1528 3060 nam
1567 3007 1722 3060 aliter
1771 3005 2002 3059 amicitia

430 3102 670 3156 contrahi
711 3118 815 3156 non
846 3109 1054 3170 poterat
1086 3117 1099 3153 :
1129 3099 1272 3154 unde
1301 3099 1460 3153 etiam
1489 3098 1743 3160 subdidit,
1775 3097 1894 3150 Non
1919 3113 2002 3149 re-

435 3202 620 3259 putans
653 3191 756 3244 illis
790 3191 972 3244 delicta
1011 3190 1259 3265 ipsorum.
1305 3187 1516 3242 Etenim
1555 3189 1599 3242 si
1648 3187 2001 3243 adtnissorum

430 3291 772 3354 peccatorum
824 3281 1089 3334 rationem
1137 3293 1429 3348 exposcere
1483 3279 1782 3342 voluisset,
1812 3292 2002 3333 omnes

434 3375 777 3442 periissemus
801 3390 813 3425 :
846 3387 1032 3426 omnes
1062 3371 1256 3442 quippe
1285 3369 1480 3424 mortui
1503 3381 1674 3425 erant.
1702 3371 1806 3426 Sed
1826 3381 2002 3428 tamen

434 3479 556 3515 cum
603 3469 778 3514 tantus
822 3469 1156 3530 peccatorum
1197 3474 1449 3514 numerus
1489 3469 1650 3524 esset,
1700 3475 1807 3513 non
1843 3460 2003 3514 modo

438 3553 608 3605 nullas
644 3567 672 3604 a
712 3551 860 3606 nobis
902 3567 1087 3622 poenas
1116 3551 1389 3619 expetivit,
1417 3550 1511 3604 sed
1540 3552 1698 3604 etiam
1725 3551 2001 3605 nobiscum

437 3643 490 3697 in
523 3642 741 3710 gratiam
771 3641 951 3706 rediit;
987 3657 1090 3694 non
1126 3642 1285 3695 modo
1314 3640 1536 3704 remisit,
1561 3640 1652 3694 sed
1688 3655 1786 3696 nec
1828 3642 2001 3709 impu-

436 3736 584 3785 tavit.
616 3731 705 3786 Sic
730 3739 783 3786 et
809 3731 964 3786 nobis
990 3730 1294 3786 faciendum
1320 3739 1424 3795 est,
1463 3740 1518 3784 ut
1546 3730 1773 3785 inimicis
1805 3732 2003 3785 nostris

433 3827 785 3894 ignoscamus,
809 3840 914 3894 quo
931 3824 1173 3879 eamdem
1196 3824 1401 3879 veniam
1423 3824 1788 3892 impetremus.
1821 3823 1886 3877 Et
1906 3841 2002 3893 po-

428 3920 532 3971 suit
559 3920 612 3971 in
653 3918 792 3971 nobis
815 3918 1016 3971 verbum
1059 3917 1496 3971 reconciliationis.
1526 3916 1707 3985 Neque
1729 3918 1871 3970 enim
1903 3931 2002 3971 nos

429 4011 496 4063 ad
540 4024 702 4080 grave
745 4008 958 4077 aliquod
1003 4008 1270 4076 negotium
1313 4007 1573 4071 venimus,
1611 4007 1706 4060 sed
1733 4017 1791 4061 ut
1814 4021 2002 4061 omnes

436 4101 548 4154 Deo
577 4099 779 4154 amicos
800 4098 1115 4153 efﬁciamus.
1135 4098 1417 4163 Quoniam,
1450 4097 1640 4166 inquit,
1666 4099 1842 4151 verbis
1869 4099 2002 4152 meis

433 4193 590 4246 ﬁdem
619 4208 723 4246 non
765 4191 1144 4256 adhibuerunt,
1177 4191 1228 4242 in
1259 4188 1591 4244 exhortando
1620 4189 1715 4256 ipsi
1747 4200 1998 4258 perstate,

429 4285 602 4338 donec
632 4283 1022 4353 persuaseritis.
1050 4280 1175 4334 Ideo
1203 4279 1478 4348 subjunxit
1511 4297 1525 4332 :
1555 4278 1643 4333 20.
1669 4279 1776 4332 Pro
1802 4280 2000 4335 Christo

430 4376 676 4445 lrgatione
715 4375 996 4445 fungimur,
1028 4383 1281 4441 tamquam
1309 4367 1420 4423 Deo
1451 4373 1744 4424 exhortante
1770 4389 1859 4441 per
1887 4389 1997 4427 nos.

433 4467 763 4520 Obsecramus
792 4481 882 4534 pro
907 4463 1125 4527 Christo,
1155 4460 1548 4515 reconciliamini
1575 4459 1704 4515 Deo.

500 4559 550 4612 5.
583 4554 739 4612 Vides
763 4555 1030 4626 quomodo
1073 4554 1175 4609 hoc
1223 4552 1494 4622 negotium
1537 4552 1827 4618 extulerit,
1872 4569 1994 4609 cum

426 4649 697 4704 Christum
752 4649 923 4717 ipsum
975 4647 1359 4716 supplicantem
1406 4644 1649 4709 induxit;
1714 4645 1822 4700 imo
1891 4662 1996 4701 non

422 4740 695 4793 Christum
726 4739 932 4804 solum,
975 4737 1066 4793 sed
1105 4738 1266 4792 etiam
1309 4735 1565 4790 Patrem?
1611 4734 1808 4790 Horum
1853 4737 1998 4792 enim

423 4830 708 4884 verborum
745 4829 830 4883 hic
854 4843 1041 4883 sensus
1070 4836 1194 4882 est:
1239 4827 1394 4880 Pater
1438 4825 1631 4879 Filium
1682 4827 1859 4891 misit,
1906 4829 1995 4897 qui

424 4921 592 4990 ipsius
635 4921 850 4975 nomine
890 4919 1290 4981 exhortaretur,
1330 4929 1489 4988 atque
1536 4918 1674 4988 apud
1722 4919 1994 4974 hominum

422 5027 590 5078 genus
618 5009 897 5081 legationis
923 5025 1113 5063 munus
1143 5008 1438 5075 susciperet
1467 5025 1480 5059 :
1510 5007 1606 5062 sed
1635 5010 1883 5077 quoniam
1905 5010 1995 5064 ille

423 5110 644 5154 necatus
693 5100 990 5163 abscessit,
1049 5114 1144 5153 nos
1187 5097 1436 5167 legationi
1483 5097 1556 5151 illi
1601 5101 1991 5164 successimus,

420 5205 584 5262 atque
637 5202 693 5248 et
743 5194 880 5246 illius
924 5203 978 5247 et
1021 5192 1190 5246 Patris
1235 5190 1449 5244 nomine
1494 5204 1589 5244 vos
1629 5190 1991 5246 exhortamur.

417 5285 595 5338 Tanto
622 5283 868 5337 nimirum
896 5283 947 5336 in
978 5283 1146 5350 pretio
1173 5292 1254 5335 est
1282 5281 1422 5350 apud
1452 5296 1572 5336 eum
1600 5281 1869 5336 hominum
1897 5299 1991 5353 ge-

420 5391 520 5429 nus
546 5417 561 5438 ,
594 5385 651 5429 ιιι
672 5385 726 5430 et
750 5374 942 5430 Filium
973 5372 1198 5436 dederit,
1232 5371 1388 5442 idque
1413 5386 1530 5426 cum
1558 5385 1678 5425 eum
1705 5381 1990 5429 mactatum

419 5469 483 5522 iri
515 5469 706 5534 sciret,
743 5475 798 5521 et
824 5476 1000 5520 vestra
1030 5479 1189 5518 causa
1219 5477 1314 5516 nos
1337 5463 1608 5531 apostolos
1637 5466 1846 5518 crearit.
1891 5466 1993 5520 Ita-

418 5571 522 5627 que
563 5574 667 5612 non
719 5557 812 5612 abs
864 5573 922 5610 re
969 5555 1210 5618 dicebat,
1260 5553 1442 5608 Omnia
1484 5564 1688 5624 prapter
1728 5571 1831 5610 vos.
1885 5557 1990 5612 Pro

418 5649 617 5701 Christo
643 5649 795 5718 igitur
814 5647 1059 5716 legatione
1074 5646 1330 5717 fungimur
1345 5662 1365 5710 ;
1385 5661 1446 5698 ac
1475 5647 1520 5701 si
1549 5646 1768 5710 diceret,
1793 5647 1989 5702 Christi

417 5739 536 5792 vice
568 5755 583 5795 :
613 5752 717 5792 non
744 5737 884 5793 enim
913 5736 1078 5808 ipsius
1104 5734 1309 5792 muneri
1342 5735 1715 5793 successimus.
1745 5739 1897 5808 Quod
1940 5740 1983 5793 si

1481 346 1541 401 ΙΝ
1584 345 1794 403 ΕΡΙΞΤ.
1829 345 1870 400 II
1937 343 2025 399 AD
2062 343 2215 399 (ΞΟΠ.
2261 343 2483 400 HOMIL.
2528 343 2621 400 Xl.

3583 345 3686 400 ιιι

2112 456 2214 510 hoc
2267 457 2693 527 magniﬁcentius
2735 456 3005 525 aliquanto
3055 457 3147 512 tibi
3194 456 3396 512 dictum
3440 459 3682 528 videtur,

2107 548 2232 602 audi
2257 563 2378 617 quae
2407 558 2702 618 sequuntur
2724 588 2738 609 ,
2769 563 2834 601 cx
2861 548 3050 616 quibus
3079 548 3342 609 ostendit,
3391 549 3530 618 quod
3577 565 3682 604 non

2108 638 2326 693 Christo
2368 639 2676 702 dumtaxat,
2721 638 2815 692 sed
2857 638 2999 692 Patri
3048 654 3259 706 quoque
3304 637 3404 693 hoc
3468 638 3684 694 faciam.

2107 727 2239 781 Nam
2265 729 2336 783 ob
2363 728 2414 782 id
2444 729 2601 783 etiam
2627 727 2885 797 adjunxit,
2916 729 3190 798 Tamquam
3219 727 3324 782 Deo
3355 746 3444 797 per
3465 746 3558 784 nos
3600 747 3688 784 ea:-

2110 820 2362 873 hortante.
2393 819 2508 875 Non
2539 822 2681 874 enim
2714 836 2810 889 per
2851 819 3044 873 Filium
3097 829 3301 874 tantum
3346 837 3499 874 suum
3521 862 3536 886 ,
3590 821 3685 876 sed

2108 919 2163 964 et
2191 925 2290 978 per
2319 926 2415 964 nos
2439 925 2651 979 quoque
2675 951 2690 975 ,
2722 909 2810 978 qui
2842 909 3010 977 ipsius
3048 911 3255 964 muneri
3300 911 3684 975 successimus,

2109 999 2474 1054 exhortamur.
2505 998 2864 1066 Quamobrem
2892 1015 2958 1054 ne
2983 1000 3298 1054 existimetis
3325 1017 3418 1056 vos
3465 1017 3493 1054 a
3532 1003 3688 1057 nobis

2110 1092 2283 1162 rogari
2317 1108 2331 1145 :
2359 1092 2604 1146 Christus
2633 1092 2747 1161 ipse
2777 1105 2871 1146 vos
2892 1099 3042 1159 rogat
3065 1133 3080 1156 ,
3113 1092 3271 1147 Pater
3310 1093 3422 1164 ipse
3450 1109 3546 1163 per
3586 1109 3686 1148 nos

2109 1196 2208 1235 vos
2231 1192 2366 1236 orat.
2396 1181 2601 1252 Ecquid
2630 1193 2713 1237 est
2735 1182 2878 1252 quod
2905 1197 3028 1235 cum
3067 1190 3169 1235 tam
3208 1183 3400 1236 eximia
3445 1184 3688 1254 benigni-

2109 1281 2218 1327 tate
2240 1272 2470 1328 conlerri
2512 1274 2712 1341 possit?
2755 1272 2873 1343 Ipse
2915 1273 3058 1326 enim
3104 1281 3223 1341 post
3267 1273 3541 1328 innumera
3588 1292 3682 1329 sua

2107 1365 2364 1420 beneﬁcia
2390 1365 2727 1420 contumeliis
2751 1364 2990 1426 allectus,
3033 1379 3136 1419 non
3165 1363 3322 1418 tttodo
3368 1366 3536 1419 nullas
3575 1382 3689 1434 po:-

2110 1471 2208 1512 nas
2234 1457 2480 1522 sumpsit,
2518 1473 2699 1512 verum
2725 1457 2885 1512 etiam
2908 1457 3101 1511 Filium
3123 1472 3276 1512 suum
3307 1456 3474 1522 dedit,
3501 1469 3557 1512 ut
3585 1459 3685 1526 ipsi

2109 1549 2538 1603 reconciliemur.
2565 1549 2666 1617 Qui
2692 1558 2868 1603 autem
2899 1565 3022 1604 eum
3067 1559 3423 1617 acceperunt,
3470 1550 3604 1604 adeo
3632 1551 3683 1603 in

2107 1641 2330 1711 gratiam
2360 1640 2539 1695 reduci
2566 1657 2672 1696 non
2713 1650 2998 1702 curarunt,
3048 1650 3105 1693 ut
3144 1643 3302 1695 etiam
3343 1655 3464 1694 eum
3516 1649 3688 1695 morte

2107 1730 2404 1786 affecerint.
2433 1731 2662 1784 Rursum
2693 1732 2827 1784 alios
2867 1730 3244 1798 deprecatores
3290 1731 3463 1795 misit,
3515 1731 3685 1799 iisque

2108 1823 2307 1886 missis,
2339 1822 2455 1891 ipse
2482 1833 2566 1876 est
2592 1823 2682 1892 qui
2711 1830 2881 1892 rogat.
2909 1822 3045 1890 Quid
3073 1831 3247 1876 autem
3272 1822 3454 1890 rogat?
3487 1821 3686 1875 Recon-

2108 1913 2353 1965 ciliamini
2380 1912 2507 1967 Deo.
2555 1912 2671 1966 Non
2715 1913 2879 1976 dixit,
2925 1913 3016 1968 Dei
3063 1913 3288 1981 gratiam
3336 1922 3684 1982 recuperate;

2110 2018 2286 2072 neque
2316 2005 2456 2057 enim
2487 2005 2599 2072 ipse
2622 2004 2818 2074 estqui
2847 2003 3151 2058 inimicitias
3189 2006 3328 2073 gerit
3351 2045 3366 2065 .
3409 2005 3501 2058 sed
3541 2022 3636 2059 vos
3662 2023 3675 2057 :

2108 2094 2248 2149 Deus
2274 2097 2468 2165 quippe
2497 2111 2782 2165 numquam
2811 2096 3114 2150 inimicitias
3142 2099 3298 2165 gerit.
3329 2097 3504 2166 Atque
3525 2098 3684 2152 etiam

2109 2193 2166 2239 ut
2196 2185 2400 2253 legatus
2422 2187 2637 2250 missus,
2661 2201 2875 2241 causam
2897 2187 3223 2256 disceptans.
3254 2188 3313 2241 2i
3329 2227 3342 2238 .
3375 2187 3508 2240 Eum
3529 2191 3684 2256 enim,

2107 2275 2296 2344 inquit,
2326 2277 2411 2345 qui
2435 2293 2534 2330 non
2561 2287 2766 2331 noverat
2793 2288 3051 2349 peccatum
3071 2319 3084 2342 ,
3126 2295 3216 2348 pro
3246 2279 3386 2332 nobis
3429 2291 3688 2347 peccatum

2108 2367 2244 2436 fecit.
2270 2365 2382 2420 Nott
2413 2368 2589 2434 priora
2617 2367 2759 2432 dico,
2794 2369 2996 2438 inquit,
3027 2383 3220 2437 nempe
3242 2369 3384 2438 quod
3412 2380 3688 2426 contume-

2108 2459 2176 2511 lia
2203 2474 2326 2512 eum
2356 2458 2649 2522 aﬂ‘ecistis,
2696 2459 2841 2528 quod
2892 2475 3014 2514 eum
3061 2476 3091 2513 a
3140 2475 3247 2529 quo
3297 2461 3427 2514 nihil
3477 2461 3686 2530 injuria:

2108 2550 2462 2617 acceperatis,
2494 2549 2638 2618 quod
2665 2551 2920 2618 preaclare
2943 2551 3012 2605 de
3041 2552 3191 2605 vobis
3223 2554 3470 2605 meritum
3498 2594 3510 2616 ,
3543 2552 3685 2622 quod

2109 2640 2277 2694 nullas
2305 2655 2336 2692 a
2364 2640 2518 2694 vobis
2550 2654 2732 2708 pmnas
2768 2642 3062 2711 expetivit,
3111 2641 3253 2711 quod
3307 2643 3453 2711 prior
3495 2643 3683 2711 injuria

2107 2729 2332 2785 alTectus
2353 2771 2367 2794 ,
2398 2731 2543 2799 prior
2571 2740 2724 2800 rogat
2751 2746 2767 2785 :
2798 2731 2930 2786 nihil
2961 2731 3148 2786 horum
3179 2749 3319 2788 nunc
3363 2749 3689 2790 commemo-

2108 2832 2274 2878 retur.
2303 2827 2494 2878 Annon
2520 2825 2606 2879 vel
2651 2825 2722 2878 ob
2766 2841 2931 2880 unum
2988 2825 3089 2879 hoc
3135 2827 3450 2882 benclicium
3477 2869 3492 2894 ,
3542 2830 3682 2899 quod

2109 2929 2250 2968 nunc
2279 2915 2330 2968 in
2359 2929 2452 2969 vos
2479 2916 2743 2984 contulit,
2775 2932 2983 2985 aequum
3019 2917 3178 2971 fuerit
3223 2928 3280 2972 ut
3303 2935 3422 2974 eum
3469 2921 3584 2987 ipso
3631 2923 3683 2975 in

2106 3009 2330 3076 gratiam
2358 3007 2624 3062 redeatis?
2655 3010 2720 3062 Et
2738 3009 2880 3077 quod
2911 3009 3161 3063 tandem?
3189 3010 3319 3062 Eum
3350 3011 3436 3079 qui
3462 3028 3562 3065 non
3596 3029 3688 3065 no-

2107 3109 2244 3152 verat
2270 3108 2560 3168 peccatum,
2591 3115 2682 3167 pro
2710 3099 2846 3153 vobis
2868 3109 3127 3170 peccatum
3157 3102 3291 3170 fecit.
3315 3101 3446 3155 Nam
3473 3103 3683 3157 etiamsi

2110 3189 2238 3242 nihil
2269 3190 2486 3244 omnino
2514 3191 2876 3259 praestitisset,
2902 3191 2995 3246 sed
3022 3189 3124 3245 hoc
3153 3191 3428 3246 dumtaxat
3449 3194 3684 3257 fecisset;

2107 3282 2300 3352 cogita,
2331 3297 2536 3352 quaeso,
2565 3281 2749 3353 quanti
2776 3282 2904 3339 illud
2927 3283 3298 3337 :estimandum
3342 3297 3456 3338 erat
3483 3325 3498 3349 ,
3541 3289 3683 3355 quod

2108 3372 2300 3426 Filium
2325 3390 2477 3428 suum
2507 3389 2604 3443 pro
2632 3374 2732 3439 iis,
2778 3388 2808 3427 a
2853 3373 3045 3442 quibus
3088 3376 3410 3429 contumelia
3466 3375 3686 3429 affectus

2108 3465 2300 3529 fuerat,
2328 3463 2586 3517 dedisset.
2613 3463 2764 3518 Nunc
2797 3479 2926 3518 vero
2970 3473 3023 3517 et
3070 3477 3258 3533 magna
3305 3465 3587 3532 praestitit,
3629 3477 3685 3520 et

2109 3566 2366 3623 praeterea
2397 3570 2519 3609 eum
2549 3555 2640 3623 qui
2664 3554 2823 3608 laesus
2845 3553 3046 3617 fuerat,
3079 3569 3176 3623 pro
3205 3556 3268 3608 iis
3295 3556 3384 3624 qui
3414 3557 3679 3621 laeserant,

2107 3644 2333 3698 cruciari
2363 3644 2625 3714 permisit.
2653 3645 2723 3698 At
2751 3643 2853 3697 hoc
2876 3643 3093 3698 minime
3121 3645 3332 3714 quidem
3373 3646 3508 3701 dixit
3540 3651 3686 3716 Apo-

2109 3736 2298 3800 stolus,
2324 3736 2441 3800 sed,
2470 3737 2611 3805 quod
2632 3735 2798 3789 multo
2821 3734 2906 3790 his
2931 3735 3100 3805 majus
3126 3745 3260 3800 erat,
3295 3740 3486 3806 posuit.
3518 3739 3685 3806 Quid-

2107 3839 2230 3878 nam
2257 3827 2479 3878 autem?
2507 3823 2664 3891 Eum,
2693 3826 2884 3895 inquit,
2911 3827 2998 3896 qui
3016 3842 3114 3879 non
3142 3837 3346 3880 noverat
3389 3841 3646 3898 peccatum
3666 3872 3681 3896 ,

2106 3915 2197 3984 qni
2223 3915 2446 3984 ipsamet
2473 3915 2674 3983 justitia
2697 3925 2841 3982 erat,
2871 3926 3136 3986 peccatum
3157 3916 3272 3986 fecit
3293 3936 3314 3983 ;
3342 3918 3444 3974 hoc
3472 3931 3554 3974 est
3576 3964 3592 3986 ,
3623 3933 3682 3976 ut

2108 4016 2438 4075 peecatorem
2464 4007 2804 4064 condemnari
2847 4023 3034 4077 passus
3081 4023 3196 4074 εει,
3246 4020 3303 4064 ιιι
3343 4012 3681 4068 maledictum

2105 4097 2374 4151 hominem
2406 4099 2540 4153 mori
2575 4117 2587 4151 :
2625 4098 2924 4153 Maledictus
2950 4100 3090 4154 enitn
3111 4143 3126 4165 ,
3158 4103 3244 4170 qui
3290 4104 3472 4170 pendet
3512 4106 3566 4158 in
3611 4107 3679 4159 li-

2102 4204 2202 4257 gno
2233 4187 2418 4258 (Deut.
2442 4188 2533 4244 21.
2563 4189 2634 4243 25
2659 4191 2697 4258 ).
2729 4190 2893 4245 Multo
2935 4191 3134 4260 quippe
3175 4195 3408 4248 atrocius
3451 4205 3566 4249 erat
3609 4199 3678 4251 ita

2105 4281 2240 4334 tnori
2265 4322 2278 4343 ,
2311 4296 2470 4349 quam
2497 4281 2778 4336 dumtaxat
2806 4283 2938 4335 mori
2970 4299 2982 4335 :
3016 4284 3155 4352 quod
3184 4284 3298 4352 ipse
3322 4302 3534 4356 quoque
3577 4291 3681 4344 alio

2105 4370 2222 4424 loco
2263 4370 2591 4434 subindicat,
2627 4372 2838 4436 dicens,
2890 4371 3080 4425 Factus
3118 4376 3351 4428 obediens
3393 4393 3550 4445 usque
3612 4381 3681 4432 ad

2104 4471 2346 4526 mortem,
2378 4472 2584 4515 mortem
2612 4471 2777 4516 autent
2802 4464 2964 4516 crucis
2996 4463 3266 4536 (Philipp.
3290 4467 3343 4520 2.
3376 4471 3467 4538 8).
3496 4470 3678 4541 Neque

2104 4553 2246 4606 enim
2277 4554 2567 4608 cruciatum
2605 4554 2881 4609 dumtaxat
2924 4569 2988 4610 ea
3035 4571 3123 4611 res
3165 4557 3434 4623 habebat.
3479 4564 3574 4617 sed
3620 4577 3674 4619 et

2105 4643 2464 4713 ignominiam.
2490 4645 2863 4701 Animadverte
2881 4645 3056 4716 itaque
3084 4657 3212 4716 quot
3235 4649 3303 4704 ab
3329 4666 3394 4705 eo
3422 4653 3676 4711 beneficia

2103 4737 2392 4805 acceperis.
2424 4737 2669 4806 Magnum
2698 4738 2839 4790 enim
2868 4739 3192 4793 censendum
3224 4749 3308 4795 est
3329 4782 3344 4806 ,
3376 4757 3495 4796 cum
3525 4748 3675 4815 quis,

2102 4829 2262 4883 etiam
2290 4837 2562 4897 peccator,
2592 4843 2689 4896 pro
2714 4829 2820 4882 alio
2845 4844 3164 4899 quicumque
3191 4831 3260 4886 sit
3300 4843 3526 4888 mortem
3573 4851 3672 4906 op-

2102 4922 2275 4989 petit:
2308 4927 2362 4972 at
2388 4936 2506 4973 cum
2529 4920 2704 4988 justus
2723 4920 2884 4973 etiam
2936 4929 3018 4974 est
3061 4920 3151 4990 qui
3195 4923 3431 4991 patitur,
3483 4935 3537 4980 et
3579 4943 3676 4996 pro

2103 5011 2471 5079 peccatoribus
2495 5013 2754 5076 moritur;
2786 5026 2884 5067 nec
2912 5013 3084 5067 solum
3114 5016 3356 5082 moritur,
3388 5017 3482 5070 sed
3511 5021 3671 5075 etiam

2103 5110 2159 5154 ιιι
2187 5100 2564 5164 exsecrandus,
2594 5114 2692 5154 nec
2718 5109 2774 5154 ut
2792 5103 3149 5156 exsecrandus
3177 5113 3376 5158 tantum
3406 5111 3633 5164 moritur
3651 5152 3668 5179 ,

2100 5206 2285 5243 verum
2317 5192 2474 5243 etiam
2498 5190 2725 5258 ingentia
2754 5189 2880 5245 hinc
2901 5231 2916 5254 ,
2943 5201 2997 5246 et
3029 5207 3144 5261 qua:
3171 5209 3454 5263 numquam
3483 5214 3673 5269 exspc~

2098 5290 2454 5343 ctaveramus,
2481 5281 2618 5334 bona
2646 5279 2799 5335 nobis
2819 5281 3105 5351 conciliatl
3130 5280 3198 5338 Ut
3218 5286 3359 5339 enim
3391 5290 3674 5358 efﬁciamur

2099 5371 2194 5426 Dei
2215 5372 2418 5443 justitia
2447 5373 2500 5425 in
2525 5373 2636 5442 ipso
2660 5413 2676 5437 ,
2722 5370 2932 5443 inquit)
2960 5389 2975 5426 :
3005 5388 3250 5445 quaenam
3299 5377 3412 5432 haec
3454 5383 3624 5435 oratio
3653 5423 3668 5446 ,

2097 5482 2339 5535 quaenam
2368 5483 2516 5520 mens
2538 5467 2650 5521 hmc
2679 5469 2926 5537 consequi
2957 5479 3114 5539 atque
3148 5473 3447 5541 exprimere
3474 5475 3670 5541 queat?

2099 5559 2231 5612 Eum
2259 5558 2422 5622 enim,
2445 5558 2532 5625 qui
2564 5558 2739 5626 justus
2769 5569 2904 5624 erat,
2938 5559 3126 5627 inquit,
3155 5571 3485 5629 peccatoretn
3509 5561 3666 5624 fecit,

2099 5660 2151 5700 ιιι
2177 5656 2483 5716 peccatores
2507 5647 2680 5717 justos
2711 5649 2933 5703 efficiat.
2964 5649 3074 5703 imo
3119 5666 3184 5702 ne
3223 5651 3300 5703 sic
3337 5648 3549 5715 quidem
3582 5649 3662 5699 lo-

2099 5751 2290 5810 quutus
2319 5750 2418 5810 est,
2453 5740 2543 5797 sed
2592 5741 2730 5811 quod
2774 5741 2928 5811 longe
2973 5741 3248 5796 sublimius
3295 5748 3443 5807 erat,
3492 5738 3655 5798 dixit“,
