4070 6152
415 270 484 324 79
1125 259 1180 314 S.
1221 251 1498 312 JOANNIS
1535 233 2008 304 CIIBYSOSTOMI
2043 235 2359 292 ARCHIEP.
2401 231 2929 291 CONSTANTINO’P.

380 381 713 454 nequeenim
736 377 1091 438 affectionem,
1115 369 1210 425 sed
1236 368 1542 438 qualitatem
1567 363 1745 454 ipsum
1763 355 1958 426 posuit.

386 451 502 532 Non
532 475 674 529 enim
704 471 872 534 dixit,
902 465 1052 523 Fecit
1080 469 1438 534 peccatorem,
1460 455 1552 510 sed
1574 497 1589 520 ,
1625 451 1767 506 Fecit
1790 463 1966 518 pecca-

384 579 491 622 tum
515 583 533 631 ;
567 580 695 628 non,
727 560 863 615 Eum
887 560 974 628 qui
1003 563 1280 625 peccatum
1308 565 1416 605 non
1439 552 1772 616 perpetrarat
1793 580 1807 605 ,
1845 536 1963 602 sed,

384 662 486 726 Qui
510 673 577 712 ne
610 661 881 724 peccatum
907 648 1121 720 quidem
1149 652 1302 700 norat
1328 661 1342 696 :
1377 649 1508 694 utet
1536 651 1634 726 nos
1649 633 1965 726 efﬁciamur,

385 720 492 805 non
515 720 665 815 jusii,
689 742 783 798 sed
808 739 1012 811 justitia
1045 738 1158 808 ipsa
1180 777 1194 800 ,
1227 745 1387 804 atque
1429 729 1563 784 adeo
1608 725 1703 781 Dei
1740 720 1966 794 justitia.

390 839 480 894 Dei
501 837 643 892 enim
675 834 789 904 ipsa
819 842 924 897 est,
953 845 1074 885 cum
1101 843 1208 884 non
1233 842 1301 882 ex
1324 824 1576 897 operibus
1621 821 1783 891 (nam
1819 817 1872 870 in
1907 815 1972 868 iis

389 932 589 986 nullam
619 927 796 984 labem
826 924 1052 980 inveniri
1084 935 1306 976 necesse
1331 920 1534 986 esset),
1561 914 1656 969 sed
1686 929 1752 969 ex
1777 909 1970 982 gratia,

390 1039 512 1094 qua:
539 1030 815 1093 peccatum
843 1032 1002 1072 otnne
1033 1028 1250 1085 prorsus
1276 1011 1438 1076 delet,
1466 1006 1839 1079 justiﬁeamur.
1863 1001 1975 1057 Hoc

390 1128 557 1184 porro
586 1111 745 1166 simul
774 1123 872 1162 nec
901 1105 1092 1161 animis
1120 1103 1297 1160 eﬁ‘erri
1326 1115 1425 1156 nos
1451 1099 1609 1163 sinit,
1651 1094 1794 1167 quod
1835 1094 1977 1150 Deus

393 1205 446 1258 id
479 1213 648 1257 totum
679 1201 831 1254 nobis
859 1197 1136 1261 tribuerit,
1171 1203 1227 1250 et
1267 1192 1510 1248 beneﬁcii
1560 1186 1976 1260 magnitudinem

395 1294 652 1352 ostendit.
687 1293 838 1347 Prior
863 1289 1008 1344 enim
1035 1289 1124 1342 illa
1159 1285 1292 1355 legis
1320 1293 1482 1354 atquc
1508 1295 1728 1352 operum
1775 1278 1976 1346 justitia

397 1395 516 1451 est,
543 1385 656 1439 inec
688 1399 814 1439 vero
851 1381 943 1436 Dei
986 1378 1214 1449 justitia.
1268 1375 1394 1430 llaec
1444 1373 1603 1443 igitur
1647 1371 1978 1441 cogitantes,

399 1478 566 1546 magis
593 1476 752 1530 verba
784 1474 881 1528 ista
901 1513 918 1539 ,
948 1485 1108 1541 quam
1134 1468 1432 1539 gehennam
1462 1466 1742 1520 timeamus
1769 1479 1783 1527 ;
1815 1461 1984 1530 magis

402 1572 499 1624 has
520 1585 633 1632 res,
660 1583 818 1637 quam
850 1565 1020 1634 ipsum
1047 1562 1298 1617 caelorum
1343 1573 1566 1628 regnum
1612 1557 1938 1611 admirentur
1962 1571 1980 1619 ;

404 1676 503 1715 nec
529 1673 690 1729 grave
719 1671 840 1710 esse
863 1654 1163 1724 judicemus
1195 1665 1350 1721 paena
1387 1648 1525 1703 afﬁci
1545 1688 1559 1711 ,
1600 1648 1692 1701 sed
1741 1661 1980 1716 peccare.

403 1755 534 1810 Nam
553 1753 760 1808 etiamsi
792 1752 906 1818 ipse
935 1751 986 1803 in
1017 1762 1113 1802 nos
1142 1745 1361 1800 minime
1389 1743 1858 1805 animadverteret,
1888 1755 1985 1794 nos

406 1857 583 1900 tamen
611 1842 679 1898 de
703 1842 856 1897 nobis
883 1839 1013 1910 ipsis
1045 1852 1232 1909 poenas
1255 1850 1470 1891 sumere
1489 1835 1807 1890 deberemus
1831 1874 1846 1896 ,
1897 1833 1986 1901 qui

410 1947 516 1989 tam
563 1933 755 2003 ingrati
784 1933 835 1986 in
884 1932 1024 1986 bene
1065 1929 1133 1984 de
1171 1926 1327 1982 nobis
1369 1926 1619 1981 meritum
1665 1923 1986 1978 exstitimus.

411 2027 480 2082 Et
507 2026 724 2098 quidem
749 2065 763 2089 ,
789 2022 1046 2102 amasiam
1073 2020 1338 2091 quispiam
1366 2018 1570 2072 habens
1594 2057 1609 2081 .
1640 2030 1784 2084 saepe
1827 2014 1990 2069 etiam

411 2119 513 2173 sibi
540 2127 766 2172 mortem
796 2113 1074 2176 conscivit,
1105 2110 1248 2181 quod
1271 2126 1334 2165 ea
1357 2110 1514 2179 potiri
1545 2123 1651 2163 non
1696 2106 1988 2176 potuisset;

410 2218 571 2280 atque
600 2209 762 2263 etiam
789 2205 1009 2275 potitus,
1036 2202 1081 2258 si
1105 2201 1229 2271 quid
1261 2202 1313 2255 in
1337 2215 1454 2256 eam
1483 2199 1752 2268 peccarit,
1781 2212 1850 2251 ne
1876 2197 1995 2251 luce

413 2300 629 2370 quidem
655 2314 714 2354 se
741 2298 956 2366 dignum
985 2295 1255 2350 existimat
1282 2311 1297 2346 :
1346 2307 1445 2346 nos
1486 2300 1664 2346 autem
1696 2299 1802 2344 tam
1845 2288 1996 2344 beni-

415 2405 577 2460 gnum
599 2389 880 2443 Dominum
901 2383 1238 2442 contumeliis
1259 2383 1612 2450 incessentes,
1634 2395 1742 2436 non
1761 2380 2011 2453 nosipsos

417 2483 473 2536 in
515 2481 773 2551 gehennae
828 2478 1096 2532 ﬂammam
1141 2475 1478 2546 injicietnus?
1517 2475 1705 2529 Mirum
1754 2475 1951 2544 aliquid
1980 2517 1996 2541 ,

419 2572 710 2642 singulare,
741 2569 991 2639 quodque
1029 2568 1300 2638 plerisque
1347 2565 1659 2621 incredibile
1698 2564 1998 2630 videbitur,

421 2664 594 2718 dicam
629 2680 642 2714 τ
682 2662 850 2728 major
878 2661 926 2714 ei
953 2660 1042 2729 qui
1069 2699 1083 2720 ,
1115 2674 1238 2713 eum
1266 2667 1369 2712 tam
1399 2656 1686 2728 benignum
1717 2657 2001 2712 Dominum

423 2753 752 2818 ostenderit,
783 2765 970 2820 poenas
1001 2751 1116 2814 luit,
1139 2749 1435 2805 consolatio
1458 2750 1629 2804 futura
1655 2759 1737 2804 est
1758 2790 1770 2810 ,
1801 2751 1844 2803 si
1875 2763 2002 2803 sana

423 2854 602 2900 mente
626 2843 715 2906 sit,
745 2857 995 2912 eumque,
1028 2851 1086 2896 ut
1110 2857 1205 2910 par
1231 2851 1336 2909 est,
1368 2848 1530 2908 amet,
1559 2856 1717 2911 quam
1742 2841 1788 2894 ei
1812 2841 1879 2896 de
1900 2857 2006 2910 quo

423 2935 742 3004 supplicium
770 2951 873 2986 non
906 2932 1150 2986 sumitur.

499 3027 554 3080 4.
582 3028 755 3092 Atque
778 3023 879 3078 hoc
895 3023 977 3076 vel
996 3038 1061 3076 ex
1083 3022 1352 3076 communi
1375 3021 1758 3076 consuetudine
1778 3023 2008 3091 perspici

428 3125 624 3184 potest.
646 3115 778 3170 Nam
808 3116 898 3184 qui
931 3115 1197 3168 hominem
1224 3113 1325 3168 sibi
1350 3114 1683 3168 carissimum
1713 3115 1868 3177 lmsit,
1899 3125 2008 3168 tum

431 3210 662 3263 maxime
687 3207 934 3276 quiescit,
966 3220 1088 3260 cum
1116 3221 1145 3259 a
1176 3205 1354 3274 seipso
1400 3220 1585 3274 pmuas
1627 3207 1900 3276 exegerit,
1946 3221 2010 3262 ac

431 3300 559 3354 mali
589 3297 788 3368 aliquid
820 3311 1104 3367 perpessus
1131 3295 1288 3350 fuerit
1319 3313 1332 3346 ε
1363 3304 1420 3350 ιιι
1458 3307 1511 3350 et
1554 3297 1719 3351 David
1761 3298 2008 3364 dicebat,

437 3394 543 3464 Ego
569 3393 655 3463 qui
676 3401 848 3461 pastor
875 3406 1018 3455 sum,
1060 3389 1286 3459 peccavi;
1304 3405 1394 3458 ego
1419 3389 1509 3458 qui
1536 3400 1709 3458 pastor
1734 3407 1844 3443 sum
1869 3433 1884 3458 ,
1915 3391 2013 3446 ini-

432 3500 527 3554 que
548 3485 624 3553 egi
647 3498 665 3535 :
685 3483 768 3536 isti
797 3481 882 3551 qui
917 3496 1030 3533 oves
1063 3489 1178 3533 sunt
1199 3521 1214 3544 ,
1250 3478 1373 3548 quid
1415 3481 1687 3551 fecerunt?
1734 3479 1972 3535 Vertatur
1995 3524 2010 3549 ,

436 3577 640 3630 obsecro
665 3615 680 3639 ,
710 3588 890 3626 manus
914 3581 1000 3624 tua
1024 3581 1199 3624 contra
1227 3586 1308 3623 me
1329 3580 1376 3624 et
1405 3580 1579 3624 contra
1617 3572 1823 3626 domum
1855 3574 2015 3644 patris

437 3667 532 3720 mei
556 3663 647 3738 (2.
674 3662 802 3733 Reg.
828 3662 918 3716 24.
945 3661 1010 3714 17
1035 3662 1076 3730 ).
1107 3660 1186 3714 Ad
1218 3659 1334 3716 haec
1358 3676 1478 3715 cum
1515 3661 1838 3717 Absalonem
1882 3664 2015 3717 ami-

435 3760 506 3814 sit
529 3799 543 3820 ,
587 3755 930 3825 gravissimas
958 3769 988 3808 a
1018 3755 1196 3824 seipso
1227 3769 1410 3824 poenas
1435 3755 1757 3825 exposcebat
1783 3771 1799 3809 :
1831 3772 2018 3826 quaut-

439 3862 596 3916 quam
623 3861 730 3898 non
757 3845 870 3914 ipse
896 3852 1011 3898 erat
1034 3886 1047 3906 ,
1081 3846 1167 3913 qui
1197 3845 1446 3914 injuriam
1471 3847 1758 3913 intulerat,
1788 3847 1882 3902 sed
1927 3849 2017 3918 qui

441 3945 758 4006 acceperat;
791 3934 885 3989 sed
915 3944 1088 3988 tamen
1111 3920 1232 4006 quia
1259 3935 1459 4003 ingenti
1485 3952 1670 3993 amore
1714 3937 1880 3992 ﬁliutn
1923 3939 2019 3993 de-

442 4031 680 4084 functum
708 4027 1165 4097 complectebatur
1187 4068 1203 4091 ,
1231 4027 1504 4082 doloribus
1529 4044 1648 4084 sese
1668 4030 2015 4095 conﬁciebat,

447 4121 546 4175 hac
573 4119 779 4175 ratione
810 4118 1061 4174 leviorem
1089 4118 1188 4173 sibi
1231 4118 1347 4189 ejus
1391 4135 1572 4174 casum
1620 4119 1876 4176 efﬁciens.
1931 4122 2020 4177 Sic

356 4267 366 4281 ,
443 4226 542 4266 nos
564 4212 740 4280 igitur,
773 4225 893 4265 cum
926 4210 977 4264 in
1002 4225 1124 4264 eum
1154 4225 1435 4280 peccamus
1458 4251 1471 4272 .
1507 4213 1560 4265 in
1593 4227 1752 4282 quem
1799 4227 2022 4283 peccare

444 4303 662 4358 minime
690 4301 1001 4371 oportebat,
1031 4316 1241 4371 pinnam
1286 4301 1354 4356 de
1393 4301 1678 4374 nobisipsis
1724 4319 2020 4361 sumamus.

445 4397 635 4449 Annon
658 4409 750 4448 eos
776 4394 964 4449 videtis
986 4434 1001 4458 ,
1034 4393 1122 4463 qui
1154 4393 1467 4450 clarissimis
1491 4394 1616 4451 ﬁliis
1643 4396 1816 4452 orbati
1857 4407 1982 4453 sunt
2002 4440 2018 4465 ,

444 4484 710 4554 quomodo
739 4483 1130 4539 discrucier.:ur
1155 4498 1218 4538 ac
1239 4483 1460 4553 capillos
1483 4486 1723 4552 vellant,
1769 4489 2021 4558 quoniam

444 4577 619 4630 solatii
646 4575 765 4630 loco
791 4575 896 4628 illis
921 4582 1042 4639 est,
1075 4589 1170 4642 pro
1215 4575 1279 4628 iis
1312 4590 1447 4644 quos
1491 4587 1673 4632 amant
1717 4595 1836 4634 sese
1885 4580 2025 4636 afﬂi-

444 4665 630 4719 ctare?
653 4663 806 4730 Quod
834 4664 917 4726 si,
946 4680 1066 4717 cum
1095 4665 1226 4718 nihil
1249 4666 1371 4719 ntali
1397 4665 1449 4719 in
1473 4665 1718 4724 homines
1748 4671 1902 4725 nobis
1932 4686 2024 4725 ca-

447 4756 687 4810 rissimos
707 4753 1098 4816 adtniserimus,
1126 4757 1366 4810 levamur
1389 4767 1586 4824 tamen,
1609 4773 1729 4814 cum
1751 4776 1815 4816 ex
1837 4777 2024 4817 eorum

445 4845 835 4903 calamitatibus
855 4846 1043 4902 dolore
1081 4848 1178 4916 ipsi
1207 4848 1500 4916 alﬁcimur;
1528 4868 1705 4907 annon
1751 4870 1871 4908 cum
1923 4857 2025 4926 ipsi

447 4955 652 5007 sumus,
699 4939 789 5010 qui
818 4954 912 4995 eos
932 4939 997 4994 ad
1028 4941 1351 4995 iracundiam
1382 4945 1768 5001 concitavimus
1800 4955 1854 5002 et
1884 4947 2025 5017 inju-

454 5031 587 5084 riam
613 5029 923 5094 intulimus,
973 5030 1141 5084 multo
1187 5031 1356 5101 magis
1397 5048 1494 5088 nos
1531 5035 1796 5090 recreabit
1839 5052 2026 5108 poenas

448 5121 599 5184 dare,
629 5136 785 5191 quam
808 5137 963 5191 paena
990 5138 1094 5177 non
1123 5121 1300 5178 afﬁci?
1323 5122 1528 5179 Nemini
1569 5126 1620 5181 id
1665 5127 1882 5184 dubium
1923 5142 2024 5186 est.

449 5211 504 5263 Si
529 5209 649 5278 quis
678 5225 802 5279 erga
831 5212 1098 5266 Christum
1126 5229 1194 5268 eo
1216 5230 1399 5270 amore
1423 5229 1525 5283 est,
1558 5233 1665 5289 quo
1694 5219 1875 5287 debet,
1899 5223 2028 5292 quid

450 5299 626 5354 dicam
671 5298 949 5372 intelligit,
995 5304 1286 5372 quomodo,
1341 5320 1410 5361 ne
1448 5306 1564 5377 ipso
1607 5311 1819 5379 quidem
1869 5313 2024 5384 igno-

453 5398 632 5446 scettte
656 5429 672 5454 ,
718 5390 846 5450 quin
874 5391 1107 5456 seipsum
1132 5395 1336 5451 cruciet
1362 5413 1466 5453 non
1497 5402 1777 5460 sustinebit
1805 5422 1817 5457 :
1849 5406 2021 5461 maxi-

3552 229 3674 288 480

2071 366 2216 405 mum
2241 347 2384 405 enim
2415 349 2730 417 supplicium
2755 364 2822 404 eo
2847 349 2963 416 ipso
2988 346 3192 416 pendit,
3222 345 3364 417 quod
3393 347 3568 417 ipsum
3585 350 3664 401 ad

2072 440 2395 497 iracundiam
2424 440 2806 494 exstimulavit.
2837 437 2947 494 Nec
2971 453 3098 493 vero
3126 439 3373 508 tnel'ugit
3420 439 3668 492 incredi-

2072 533 2195 588 bilia
2223 534 2492 602 plerisque
2514 532 2680 587 videri
2706 547 2827 602 quae
2850 533 3010 596 dico;
3044 531 3138 587 sed
3167 540 3343 586 tamen
3368 532 3436 585 ita
3464 545 3524 586 se
3565 545 3664 586 res

2073 624 2271 688 habet,
2301 633 2358 678 ut
2377 623 2506 678 dixi.
2536 621 2794 689 Quocirca
2821 622 2867 677 si
2891 621 3162 676 Christum
3185 622 3254 676 ita
3283 635 3526 676 amemus
3549 662 3566 681 ,
3599 632 3662 674 ut

2073 717 2334 771 amandus
2360 725 2460 781 est,
2486 727 2826 784 peccatorum
2855 723 3166 770 nostrorum
3187 715 3400 783 ipsimet
3414 713 3668 768 vindices

2074 808 2294 863 erimus.
2345 809 2412 864 lis
2458 809 2599 862 enim
2624 847 2640 870 ,
2687 808 2778 876 qtti
2821 807 3057 876 cujusvis
3094 807 3328 860 hominis
3353 821 3535 860 amore
3560 805 3667 858 ﬁa-

2075 909 2250 968 grant,
2276 915 2382 955 non
2412 900 2539 954 illud
2565 899 2848 954 molestum
2875 909 2978 965 est,
3005 897 3148 968 quod
3181 913 3276 966 pro
3309 897 3518 951 oﬁ’enso
3539 899 3667 968 ejus

2077 1006 2236 1060 quem
2259 999 2440 1044 amant
2472 991 2688 1059 gravius
2711 990 2910 1059 aliquid
2937 990 3225 1059 patiantur.
3255 989 3351 1044 sed
3382 989 3509 1044 illud
3531 999 3666 1044 ante

2077 1081 2278 1144 omnia,
2307 1081 2450 1151 quod
2479 1097 2602 1135 eunt
2632 1096 2789 1150 quem
2821 1079 3048 1150 diligttnt
3092 1080 3435 1136 oﬂ'enderint.
3482 1083 3560 1134 Ac
3615 1082 3664 1134 si

2079 1172 2168 1227 ille
2196 1173 2274 1226 ira
2297 1181 2617 1238 commotus,
2641 1171 2886 1241 injuriam
2915 1180 3188 1240 acceptam
3218 1188 3324 1226 non
3351 1173 3668 1236 ulciscatur,

2083 1263 2185 1318 hoc
2207 1264 2322 1331 ipso
2347 1264 2576 1318 amicum
2600 1265 2815 1334 gravius
2841 1266 3113 1319 excruciat
3141 1281 3154 1317 :
3184 1273 3370 1319 contra
3391 1306 3406 1327 ,
3456 1265 3500 1318 si
3531 1265 3674 1333 quid-

2084 1369 2361 1425 ptenarum
2391 1365 2586 1416 sumat.
2619 1356 2737 1424 plus
2759 1355 2808 1409 ei
2837 1356 3116 1412 levationis
3159 1355 3335 1410 atl‘ert.
3377 1356 3456 1412 Ne
3503 1357 3670 1426 igitur

2083 1449 2381 1517 gehennam
2407 1445 2880 1516 perhorrescamus
2902 1488 2920 1515 ,
2952 1447 3048 1503 sed
3078 1448 3128 1503 id
3177 1449 3353 1518 potius
3379 1450 3678 1505 timeamus

2087 1556 2154 1595 ne
2199 1541 2364 1594 Deunt
2409 1539 2784 1596 oﬁ'endamus:
2816 1539 2918 1595 hoc
2959 1541 3100 1594 enim
3142 1541 3232 1595 illo
3267 1541 3499 1596 atrocius
3541 1551 3627 1596 est
3652 1582 3674 1607 ,

2086 1646 2206 1685 cum
2237 1630 2475 1686 infensus
2502 1632 2701 1685 vultum
2726 1646 2880 1686 suum
2905 1646 2936 1685 a
2964 1633 3118 1686 nobis
3146 1632 3336 1686 avertit
3360 1649 3375 1698 ;
3408 1631 3510 1686 hoc
3532 1647 3671 1700 quo-

2088 1724 2170 1777 vis
2197 1723 2458 1793 supplicio
2485 1723 2697 1793 gravius
2722 1732 2882 1794 atque
2906 1723 3174 1778 acerbius.
3207 1727 3381 1795 Atque
3411 1735 3464 1778 ut
3500 1739 3676 1794 quan-

2090 1824 2201 1870 tum
2245 1815 2349 1870 hoc
2393 1816 2588 1870 malum
2639 1816 2710 1870 sit
2761 1815 3069 1885 intelligas,
3113 1815 3478 1870 animadverte
3524 1816 3679 1886 quod

2089 1909 2234 1964 dico.
2258 1910 2314 1964 Si
2347 1911 2468 1978 quis
2491 1924 2584 1964 rex
2625 1910 2884 1965 latronem
2926 1909 3159 1978 aliquem
3195 1923 3260 1964 ac
3307 1908 3674 1964 facinorosum

2093 2002 2365 2057 hominem
2395 2017 2581 2070 poenas
2602 2003 2840 2058 luentem
2867 2003 3226 2074 conSpiclens,
3257 2015 3438 2057 carum
3468 2011 3522 2056 et
3542 2006 3669 2058 uni-

2093 2111 2216 2151 cum
2246 2110 2310 2150 ac
2327 2110 2640 2166 germanum
2672 2096 2838 2150 tilium
2881 2097 3179 2151 necandum
3224 2096 3470 2163 dederit,
3514 2109 3678 2168 atque

2095 2203 2200 2242 una
2230 2202 2351 2242 cum
2381 2195 2552 2242 morte
2594 2187 2799 2242 crimen
2847 2202 3060 2258 quoque
3103 2189 3171 2242 ab
3214 2187 3310 2242 illo
3359 2188 3424 2243 ad
3472 2189 3675 2253 ﬁlium,

2099 2281 2256 2350 longe
2279 2280 2346 2334 ab
2371 2280 2514 2334 illius
2533 2278 2745 2349 ﬂagitiis
2769 2290 3054 2345 remotum,
3079 2281 3428 2345 transtulerit,
3451 2291 3507 2335 ut
3529 2297 3678 2337 reum

2097 2383 2153 2428 et
2181 2389 2210 2426 a
2236 2374 2498 2443 supplicio
2537 2375 2734 2428 eximat
2756 2382 2814 2427 et
2841 2375 2909 2428 ab
2950 2372 3165 2428 infamia
3211 2375 3473 2443 vindicet,
3519 2387 3679 2445 atque

2103 2466 2319 2538 insuper
2349 2465 2412 2522 ad
2440 2466 2708 2538 ingentem
2736 2464 3047 2537 dignitatem
3071 2467 3343 2533 erexerit;
3376 2482 3439 2523 ac
3486 2467 3680 2522 deinde

2104 2563 2218 2630 ipse
2241 2573 2358 2632 post
2378 2563 2590 2616 allatam
2622 2563 2700 2616 illi
2730 2562 2992 2630 ejusmodi
3020 2563 3246 2617 salutem
3274 2562 3682 2631 amplissimam-

2103 2669 2207 2721 que
2233 2655 2455 2724 gloriam
2487 2655 2555 2707 ab
2579 2669 2644 2709 eo
2664 2694 2678 2718 ,
2715 2655 2764 2708 in
2798 2669 2956 2723 quem
2988 2663 3131 2708 tanta
3160 2653 3418 2710 beneﬁcia
3444 2654 3684 2710 contule-

2107 2749 2194 2814 rit,
2219 2748 2554 2802 contumeliis
2578 2748 2836 2804 afﬁciatur
2858 2763 2872 2810 ;
2897 2763 3071 2804 annon
3101 2749 3219 2816 ille,
3248 2750 3294 2805 si
3322 2751 3484 2807 modo
3504 2762 3682 2806 mente

2107 2847 2314 2893 constet
2335 2879 2349 2903 ,
2384 2838 2578 2894 millies
2603 2849 2826 2893 mortem
2857 2849 3111 2908 oppetere
3141 2839 3352 2903 mallet,
3391 2856 3545 2908 quam
3574 2850 3680 2894 tam

2110 2929 2298 2998 ingrati
2345 2929 2509 2984 animi
2561 2930 2784 2985 crimine
2834 2931 3118 2984 laborare?
3157 2931 3270 2986 Hoc
3318 2932 3489 3000 itaque
3535 2948 3679 2986 nunc

2109 3035 2321 3089 quoque
2349 3021 2760 3090 perpendamus,
2795 3033 2952 3091 atque
2979 3022 3046 3075 ob
3071 3022 3329 3077 oﬁ'ensutn
3376 3023 3673 3076 beneﬁcum

2112 3111 2335 3164 acerbos
2351 3111 2577 3180 gemitus
2602 3112 2908 3166 emittamus
2932 3129 2946 3165 :
2979 3127 3077 3166 nec
3099 3114 3220 3181 quia
3248 3111 3443 3181 injuriis
3462 3128 3490 3165 a
3515 3113 3667 3165 nobis

2113 3203 2391 3257 lacessitus
2413 3203 2769 3272 ionganimetn
2803 3218 2860 3258 se
2889 3205 3120 3273 praebet,
3157 3205 3398 3259 ﬁdentem
3441 3204 3667 3258 animum

2115 3296 2493 3364 praeferamus,
2526 3311 2706 3350 verum
2737 3295 2807 3350 ob
2837 3295 2887 3349 id
2918 3312 3126 3366 quoque
3153 3297 3326 3366 ipsum
3356 3296 3676 3365 distorquea-

2115 3402 2252 3440 mur.
2277 3385 2409 3440 Nam
2438 3382 2598 3440 etia‘m
2624 3387 2763 3456 apud
2804 3386 3078 3452 homines,
3126 3404 3249 3441 cum
3297 3389 3416 3458 quis
3462 3389 3682 3457 impacta

2115 3479 2214 3533 sibi
2255 3479 2308 3533 in
2355 3479 2596 3534 dextram
2644 3479 2912 3533 maxillam
2959 3480 3109 3550 alapa
3164 3481 3437 3534 sinistram
3482 3496 3686 3550 queque

2116 3573 2350 3640 praebet,
2396 3573 2655 3640 majorem
2703 3573 2956 3625 ultionem
2999 3573 3198 3636 sumit,
3252 3587 3412 3643 quam
3461 3573 3507 3626 si
3549 3572 3687 3625 mille

2118 3666 2297 3731 plagas
2327 3663 2608 3718 inﬁixisset
2636 3680 2650 3718 :
2678 3673 2876 3718 etcum
2909 3662 3204 3718 maledictis
3233 3663 3506 3734 impetitus
3529 3704 3546 3727 ,
3587 3679 3684 3716 non

2118 3755 2278 3809 modo
2308 3755 2584 3808 maledicta
2619 3770 2722 3808 non
2750 3756 2980 3823 regerit,
3008 3753 3103 3808 sed
3146 3755 3307 3809 etiam
3349 3755 3684 3810 conviciatori

2117 3861 2216 3900 suo
2242 3845 2409 3898 fausta
2436 3853 2687 3914 precatur
2709 3887 2725 3913 ,
2753 3845 2968 3915 gravius
2997 3861 3118 3900 eum
3150 3843 3298 3913 ferit,
3329 3861 3488 3916 quam
3511 3847 3556 3901 si
3576 3861 3687 3900 sex-

2119 3935 2290 3990 centis
2318 3951 2439 3990 eum
2467 3935 2676 4004 probris
2701 3936 3205 4005 aspersisset.Quod
3222 3937 3266 3992 si
3283 3927 3345 3990 in
3372 3937 3682 4002 hominibus,

2119 4041 2238 4082 cum
2264 4028 2308 4080 is
2329 4043 2484 4096 quem
2505 4026 2695 4096 injuria
2717 4026 2990 4082 aﬁ'ecimus
3008 4028 3182 4082 lenem
3206 4043 3265 4084 se
3292 4027 3448 4083 nobis
3473 4029 3684 4098 prebet,

2120 4119 2532 4184 erubescamus;
2564 4129 2763 4190 quanto
2791 4121 2960 4190 magis
2984 4119 3035 4173 in
3067 4118 3174 4175 Deo
3209 4119 3556 4174 metuendum
3592 4117 3687 4173 illis

2123 4222 2227 4278 est,
2259 4213 2347 4283 qui
2377 4211 2629 4283 peccandi
2653 4212 2812 4268 ﬁnem
2839 4229 2942 4267 non
2971 4213 3171 4268 faciunt
3191 4255 3207 4279 ,
3262 4231 3363 4270 nec
3404 4216 3684 4286 quidquam

2122 4303 2329 4360 adversi
2359 4305 2627 4374 patiuntur
2660 4323 2674 4360 :
2705 4305 2967 4376 siquidem
2998 4305 3052 4360 in
3081 4307 3270 4376 capitis
3301 4307 3536 4378 ipsorum
3582 4322 3688 4375 per-

2126 4397 2338 4461 niciem,
2369 4396 2740 4453 inenarrabilis
2763 4398 3028 4452 cruciatus
3055 4408 3377 4453 asservatur.
3402 4398 3526 4453 Haec
3543 4399 3688 4468 igitur

2125 4489 2305 4544 animo
2330 4490 2632 4554 volventes,
2664 4499 2934 4557 peccatum
2979 4500 3104 4545 ante
3145 4491 3323 4546 omnia
3373 4491 3687 4546 timeamus:

2127 4579 2231 4634 hoc
2258 4581 2397 4635 enim
2425 4595 2580 4650 poena
2625 4590 2744 4646 est,
2793 4579 2895 4636 hoc
2945 4582 3220 4650 gehenna,
3271 4583 3374 4638 hoc
3421 4583 3688 4637 innumera

2129 4672 2288 4726 mala.
2315 4671 2424 4726 Nec
2452 4689 2582 4726 vero
2610 4681 2812 4727 tantum
2847 4674 3126 4730 timeamus
3149 4715 3165 4742 ,
3197 4674 3292 4730 sed
3321 4676 3480 4730 etiam
3521 4673 3690 4744 fugia-

2127 4781 2269 4830 mus,
2291 4781 2355 4822 ac
2381 4766 2490 4821 Deo
2522 4775 2779 4837 perpetuo
2809 4768 3018 4837 placere
3045 4767 3356 4822 studeamus
3387 4784 3400 4819 :
3434 4767 3536 4822 hoc
3560 4769 3689 4822 enim

2128 4873 2347 4929 regnum
2374 4868 2476 4927 est,
2503 4859 2605 4915 hoc
2633 4862 2754 4925 vita,
2789 4859 2892 4915 hoc
2921 4860 3194 4914 innumera
3223 4859 3381 4914 bona.
3412 4859 3484 4914 Ita
3516 4860 3606 4914 ﬁet
3646 4868 3692 4912 ut

2128 4957 2185 5004 et
2233 4949 2320 5004 hic
2357 4949 2466 5018 jam
2514 4965 2679 5020 regno
2724 4950 3020 5020 potiantur,
3049 4957 3104 5003 et
3140 4949 3330 5004 futuris
3359 4949 3513 5003 bonis
3542 4969 3556 5004 :
3589 4965 3694 5019 quae

2131 5040 2329 5095 utinam
2357 5056 2544 5096 omnes
2563 5057 2951 5110 consequamur
2971 5082 2985 5107 ,
3013 5055 3109 5110 per
3130 5040 3353 5110 gratiam
3374 5056 3437 5095 ac
3461 5041 3692 5112 benigni--

2133 5143 2294 5189 tatem
2318 5135 2525 5189 Domini
2547 5136 2713 5190 nostri
2742 5135 2868 5190 Jesu
2897 5133 3128 5202 Christi,
3151 5137 3237 5192 cui
3281 5151 3403 5191 cum
3451 5137 3610 5192 Patre
3651 5143 3693 5191 rt

2132 5227 2332 5296 Spiritu
2362 5238 2546 5282 sancto
2567 5228 2754 5296 gloria,
2785 5228 3089 5297 imperium,
3118 5229 3312 5297 honor,
3333 5247 3476 5287 nunc
3493 5241 3548 5286 et
3569 5244 3694 5288 scm-

2133 5335 2246 5390 per,
2271 5331 2324 5374 et
2349 5321 2402 5376 in
2423 5320 2616 5376 saecula
2640 5321 2980 5376 saeculorum.
3007 5324 3196 5380 Amen.
