4070 6152
450 225 548 285 481

1172 223 1230 277 S.
1275 219 1563 277 1031‘le
1602 215 2101 276 CHRYSOSTOHI
2154 215 2474 273 ARCHIEP.
2519 212 3070 270 CONSTANTINOP.

533 375 3706 403 ____________________________________.._______.___.____.__.

1878 483 2122 536 OMIAIA
2172 482 2271 536 IB'.

454 622 891 698 Συκεργοᾷντες
913 619 980 698 δὲ
1001 620 1097 698 καὶ
1117 618 1611 698 ἕταρακανίοῦοιιειν2
1629 620 1821 698 μὴεὶς
1846 620 2026 698 κενρν
2123 617 2303 670 τοίνυν
2339 617 2495 687 ἡμῖν,
2537 616 2632 668 καὶ
2681 616 2756 685 μὴ
2801 616 2882 677 είς
2921 614 3077 669 κενὸν
3116 613 3214 684 τὴν
3263 613 3426 684 χάριν
3458 615 3709 687 δέξησθε.

524 688 636 760 τὴν·
654 688 838 761 ’χάριν
862 691 968 761 τοῦ
998 689 1146 761 Θεοῦ
1175 689 1464 761 δέξασθαι
1491 689 1666 761 ὑμᾶς,
1690 689 1860 760 Λέγει
1890 688 2020 761 γάρ·

522 758 716 831 καιρῷ
765 758 1320 831 δεκτῴᾐέπήκουσά
1363 775 1515 825 σου,
1572 759 1671 813 καί
1718 758 1789 814 ἐν
1834 758 2026 828 ἡμέρᾳ

519 827 818 899 σωτηρίας
852 827 1157 897 ἐϐοήθησά
1188 844 1308 883 σοι.

523 996 594 1044 α’.
629 986 845 1056 Ἐπειδὴ
886 985 995 1055 γὰρ
1026 979 1199 1048 εἶπεν,
1231 984 1312 1037 ὅτι
1356 985 1413 1036 Ὀ
1432 982 1562 1045 Θεὸς
1587 982 1909 1054 παρακαλεῖ,
1934 982 2026 1036 καὶ

451 1082 611 1152 ἡμεῖς
643 1077 1020 1150 πρεσϐεύομεν
1046 1081 1141 1129 καὶ
1175 1085 1485 1145 ἱκετεύομεν
1506 1116 1521 1141 ,
1547 1075 1922 1143 καταλλάγητε
1949 1073 2028 1144 τῷ

451 1171 592 1241 Θεῷ’
629 1171 714 1223 ἵνα
747 1167 820 1239 μὴ
845 1166 1210 1230 ἀναπέσωσιν,
1240 1165 1490 1218 ἐντεῦθεν
1518 1166 1716 1228 αὐτοὺς
1747 1165 1907 1219 πάλιν
1934 1183 2027 1232 φο-

449 1263 541 1314 ϐεῖ
579 1262 673 1316 καὶ
705 1260 1008 1330 διανίστησι
1041 1258 1248 1325 λέγων,
1285 1257 1789 1326 Παρακαλοῦμεν,
1817 1256 1904 1325 μὴ
1943 1259 2028 1322 είς

453 1352 638 1406 κενὸν
674 1350 788 1418 τὴν
827 1348 1003 1420 χάριν
1050 1348 1158 1402 τοῦ
1199 1349 1345 1402 Θεοῦ
1387 1348 1675 1412 δέξασθαι
1709 1345 1884 1416 ὑμᾶς.
1935 1348 2028 1418 Μὴ

454 1445 585 1514 γὰρ,
613 1441 798 1512 ἐπειδὴ
827 1439 1158 1512 παρακαλεῖ,
1199 1439 1354 1508 φησὶ,
1391 1440 1486 1492 καὶ
1515 1438 1728 1508 έπεμψε
1758 1439 2027 1509 πρεσϐευ-

457 1534 738 1604 σομένους,
781 1533 868 1586 διά
901 1531 1058 1585 τοῦτο
1098 1529 1430 1602 ρᾳθυμῶμεν
1452 1547 1465 1559 ·
1507 1529 1641 1583 ἀλλά
1672 1529 1738 1582 δι’
1769 1530 1901 1583 αὐτὸ
1931 1530 2030 1598 μὲν

453 1621 548 1678 οὖν
585 1624 741 1676 τοῦτο
773 1625 866 1675 καὶ
909 1621 1254 1691 ἐπειγώμεθα
1285 1623 1422 1689 πρδς
1451 1622 1513 1675 10
1543 1622 1740 1691 ἀρέσαι
1769 1620 1846 1689 τῷ
1885 1619 2025 1689 Θεῷ,

455 1715 552 1770 καλ⁸
598 1714 975 1784 πνευματικὴν
1020 1715 1345 1781 συναγαγεῖν
1403 1713 1676 1783 ἐμπορίαν
1725 1712 1901 1783 (ὅπερ
1940 1715 2032 1767 καὶ

454 1805 712 1870 ἀνωτέρω
749 1803 955 1871 ἔλεγεν,
990 1803 1071 1855 ὅτι
1117 1803 1178 1859 Ἠ
1203 1801 1404 1870 ἀγάπη
1448 1802 1554 1856 τοῦ
1606 1803 1753 1856 Θεοῦ
1785 1803 2031 1871 συνέχει

454 1895 634 1967 ἡμᾶς·
673 1896 940 1957 τουτέστι,
975 1895 1166 1959 θλίϐει,
1218 1894 1366 1958 ὠθεῖ,
1409 1895 1782 1963 κατεπείγει),
1823 1895 1912 1948 ἵνα
1954 1895 2030 1964 μὴ

458 1989 598 2060 μετά
627 1987 892 2056 τοσαύτην
919 1985 1244 2055 κηδεμονίαν
1271 1987 1630 2048 άναπεσόντες
1657 1997 1708 2049 ⁸,
1743 1986 1837 2038 καὶ
1870 1986 2032 2056 μηδὲν

455 2081 700 2148 γενναῖον
728 2077 1150 2146 ἐπιδειξάμενοι,
1176 2076 1282 2128 τῶν
1310 2075 1577 2128 τοσούτων
1597 2075 1866 2147 ἐκπέσητε
1892 2077 2031 2144 ἀγα-

453 2170 587 2224 θῶν.
614 2170 706 2241 Μὴ
730 2169 930 2229 τοίνυν,
965 2167 1152 2237 ἐπειδὴ
1187 2167 1399 2237 έπεμψε
1422 2165 1922 2237 παρακαλέσοντας,
1949 2185 2034 2220 νο-

459 2261 653 2331 μίσητε
694 2259 852 2311 τοῦτο
895 2259 981 2311 ἀεὶ
1014 2254 1173 2310 εἶναι·
1203 2257 1364 2328 μέχρι
1403 2257 1504 2326 τῆς
1534 2260 1838 2328 παρουσίας
1866 2260 2032 2312 αὐτοῦ

457 2351 557 2420 τῆς
593 2349 852 2418 δευτέρας
895 2347 1054 2400 τοῦτο
1103 2348 1275 2411 ἔσται,
1327 2347 1486 2418 μέχρι
1535 2349 1657 2401 τότε
1705 2351 2032 2420 παρακαλεῖ,

458 2440 565 2502 ἓως
591 2438 657 2490 ἂν
686 2431 836 2507 ὦμεν
863 2436 1114 2489 ἐνταῦθα’
1152 2437 1290 2505 μετὰ
1313 2436 1370 2490 δέ
1402 2436 1573 2491 ταῦτα
1598 2438 1721 2509 δίκη
1749 2440 1844 2492 καὶ
1870 2440 2032 2492 κόλα-

461 2547 566 2592 σις.
608 2528 704 2582 Διά
742 2527 919 2594 τοῦτο,
964 2529 1330 2599 Συνεχόμεθα,
1379 2531 1559 2602 φησίν.
1611 2532 1746 2584 Οὐδέ
1783 2533 1891 2602 γὰρ
1929 2533 2036 2586 ἀπὸ

457 2622 554 2676 τοῦ
591 2620 856 2692 μεγέθους
885 2620 996 2673 τῶν
1018 2619 1238 2688 ἀγαθῶν
1267 2623 1462 2684 αὐτοὺς
1485 2622 1700 2692 καὶτῆς
1728 2623 2034 2694 φιλανθρωο

461 2713 589 2774 πίας
627 2713 820 2782 μόνον,
851 2710 987 2764 ἀλλά
1019 2713 1113 2764 καὶ
1151 2710 1258 2763 ἀπὸ
1295 2711 1392 2780 τῆς
1427 2711 1764 2782 βραχύτητος
1809 2714 1908 2782 τῆς
1940 2715 2034 2765 τοῦ

459 2803 651 2873 καιροῦ
689 2803 1006 2871 κατεπείγει
1044 2803 1151 2856 ἀεί.
1187 2802 1276 2855 Διὸ
1319 2802 1414 2855 καὶ
1448 2802 1680 2874 ἀλλαχοῦ
1719 2821 1871 2873 φησι,
1907 2805 2030 2858 Νῦν

460 2896 570 2966 γὰρ
605 2896 926 2965 ἐγγύτερον
963 2892 1132 2963 ἡμῶν
1182 2895 1220 2962 η
1271 2895 1553 2961 σωτηρίαο
1603 2895 1697 2947 κα)⁸
1731 2894 1914 2959 πάλιν,
1975 2893 2046 2947 Ὀ

458 2988 674 3054 Κύριος
695 2987 894 3055 ἐγγύς.
939 2983 1202 3037 Ἐνταῦθα
1228 2983 1284 3036 δέ
1309 3001 1362 3035 τι
1394 2985 1489 3036 καὶ
1520 2985 1680 3038 πλέον
1713 2988 1875 3040 ποιεῖ.
1903 2985 2035 3038 Οὐδὲ

459 3077 570 3146 γάρ
603 3076 711 3129 ἀπὸ
747 3075 841 3128 τοῦ
890 3075 952 3128 10
996 3075 1318 3144 λειπόμενον
1346 3074 1440 3127 τοῦ
1482 3075 1674 3145 χρόνου
1723 3076 1896 3146 βραχὺ
1941 3077 2037 3129 καὶ

463 3169 660 3239 μικρὸν
707 3165 865 3232 εἶναι,
907 3168 1042 3222 ἀλλά
1086 3167 1180 3220 καὶ
1225 3167 1332 3220 ἀπὸ
1377 3167 1468 3220 τοῦ
1509 3167 1698 3221 τοῦτον
1747 3169 1905 3238 μόνον
1944 3169 2035 3220 τὸν

461 3258 651 3328 καιρὸν
678 3258 981 3327 ἐπιτήδειον
1009 3253 1146 3309 εἶναι
1185 3257 1263 3319 είς
1299 3258 1592 3327 σωτηρίαν,
1639 3257 1843 3325 ἐνάγει.
1889 3255 2035 3310 Ἰδοὺ

460 3351 591 3421 γὰρ,
624 3349 780 3421 φησὶ,
813 3349 930 3402 νῦν
965 3349 1170 3416 καιρὸς
1197 3348 1658 3416 εὐπρόσδεκτος,
1695 3347 1822 3401 ἰδοὺ
1847 3347 2038 3416 ἡμέρα

457 3443 778 3510 σωτηρίας.
823 3441 914 3511 Μὴ
953 3441 1129 3494 τοίνυν
1168 3440 1456 3512 προδῶμεν
1491 3440 1553 3492 10
1594 3438 1871 3510 εὐκαιρον,
1919 3440 2035 3492 ἀλλ’

457 3533 857 3605 ἐπιδειξώμεθα
887 3532 1048 3599 ἀξίαν
1077 3532 1177 3602 τῆς
1228 3532 1452 3602 χάριτος
1498 3531 1596 3602 τὴν
1637 3531 1893 3601 σπουδήν.
1937 3531 2037 3584 Διά

457 3626 615 3679 τοῦτο
649 3626 754 3694 γάρ
795 3625 888 3677 καὶ
919 3626 1076 3694 ἡμεῖς
1106 3622 1460 3692 ἐπειγόμεθα,
1507 3624 1600 3674 καὶ
1629 3623 1688 3675 τὸ
1721 3622 1894 3693 βραχὺ
1943 3625 2036 3675 καὶ

455 3721 520 3772 τὸ
573 3718 881 3787 ἐπιτήδειον
931 3715 1134 3777 εἰδότες
1181 3714 1275 3766 τοῦ
1317 3713 1531 3781 καιροῦ’
1576 3714 1658 3766 διὸ
1702 3715 1794 3766 καὶ
1851 3713 2032 3781 ἔλεγε,

460 3805 900 3875 Συνεργοῦντες
925 3802 993 3854 δὲ
1023 3802 1120 3854 καὶ
1150 3804 1635 3870 παρακαλοῦμεν.
1670 3803 2037 3873 Συνεργοῦν-

461 3914 561 3961 τες
585 3893 734 3965 [521]
767 3895 915 3962 ὑμῖν·
952 3893 1080 3961 ὑμῖν
1101 3891 1208 3961 γὰρ
1237 3892 1606 3962 συνεργοῦμεν
1638 3894 1860 3963 μᾶλλον,
1895 3895 1928 3965 ἢ
1959 3894 2036 3964 τῷ

461 3988 601 4058 Θεῷ,
629 3987 766 4057 ὑπὲρ
791 3981 850 4039 οὐ
873 3983 1268 4054 πρεσϐεύομεν.
1306 3984 1532 4047 Οὐδενὸς
1564 3984 1668 4055 γὰρ
1695 3987 1896 4046 ἐκεῖνος
1932 3987 2037 4039 δεῖ-

459 4097 572 4144 ται,
605 4079 718 4132 ἀλλ’
753 4081 786 4148 ἡ
819 4077 1062 4148 σωτηρία
1093 4077 1240 4128 πᾶσα
1273 4076 1352 4138 εἰς
1382 4076 1525 4145 ὑμᾶς
1569 4076 1851 4130 διαόαίνει.
1886 4078 1948 4129 Εἰ
1979 4079 2036 4130 δὲ

461 4173 556 4225 καὶ
581 4171 659 4241 τῷ
685 4170 805 4240 Θεῷ
831 4169 976 4237 λέγει
1002 4170 1304 4238 συνεργεῖν,
1332 4167 1452 4220 οὐδέ
1478 4168 1636 4221 τοῦτο
1664 4171 2031 4240 παραιτεῖταιο

464 4265 553 4320 καὶ
577 4267 684 4338 γὰρ
721 4263 956 4333 ἀλλαχοῦ
987 4279 1140 4331 φησι,
1185 4259 1333 4314 Θεοῦ
1365 4259 1476 4330 γάρ
1508 4262 1696 4330 ἐσμεν
1729 4261 2032 4331 συνεργοί.

460 4358 646 4431 Ταύτῃ
697 4360 829 4428 φησὶ
875 4357 999 4417 τούς
1049 4352 1373 4424 ἀνθρώπους
1425 4353 1616 4417 σώζειν
1669 4355 1866 4408 πάλιν·
1922 4354 2035 4408 Καὶ

458 4449 948 4520 παρακαλοῦμεν.
999 4447 1237 4507 Ἐκεῖνος
1275 4445 1373 4514 μὲν
1402 4445 1510 4515 γὰρ
1538 4446 1873 4518 παρακαλῶν
1892 4487 1907 4512 ,
1935 4447 2034 4516 οὐχ

461 4541 647 4604 ἁπλῶς
692 4541 1034 4610 παρακαλεῖ,
1087 4539 1223 4592 ἀλλά
1265 4539 1436 4591 ταῦτα
1499 4540 1915 4609 προτεινόμενος
1966 4539 2034 4592 τὰ

459 4632 822 4701 δικαιώματα·
853 4633 934 4683 ὃτι
961 4630 1050 4683 τὸν
1073 4631 1200 4682 Υἰὸν
1229 4630 1394 4682 ἔδωκε
1424 4630 1514 4682 τὸν
1541 4631 1771 4695 δίκαιον,
1802 4631 1890 4684 τὸν
1913 4631 2034 4684 οὐδὲ

461 4723 734 4795 ἁμαρτίαν
768 4722 965 4788 εἰδότα,
1000 4722 1094 4774 καὶ
1117 4723 1391 4792 ἁμαρτίαν
1421 4721 1582 4774 αὐτὸν
1611 4722 1866 4791 ἐποίησεν
1895 4723 2034 4792 ὑπὲρ

458 4814 616 4885 ἡμῶν
639 4812 746 4865 τῶν
781 4810 1154 4881 ἁμαρτωλῶν,
1184 4812 1271 4863 ῖνα
1303 4811 1464 4880 ἡμεῖς
1489 4809 1775 4879 γενώμεθα
1809 4811 2030 4864 δίκαιον

459 4909 604 4976 ἀπερ
642 4904 834 4974 ἔχοντα
855 4944 870 4967 ,
909 4900 1004 4953 καὶ
1038 4899 1169 4951 Θεὸν
1198 4900 1356 4961 ὄντα,
1388 4900 1509 4952 οὐδὲ
1544 4900 1884 4970 παρακαλεῖν
1914 4899 2029 4964 δεῖ,

460 5000 554 5052 καὶ
588 4996 760 5051 ταῦτα
801 4992 1143 5066 ἀνθρώπους,
1180 4991 1274 5044 καὶ
1309 4993 1851 5063 προσκεκρουκότας,
1899 4993 2034 5047 ἀλλά

458 5087 892 5158 παρακαλεῖσθαι
945 5082 1068 5137 καθ’
1129 5084 1365 5154 ἑκάστην
1422 5084 1658 5155 ἡμέρανο
1716 5083 1830 5136 ἀλλ’
1884 5084 2033 5154 ὅμως

457 5181 782 5250 παρακαλεῖ·
818 5181 979 5250 ἡμεῖς
1021 5178 1078 5230 δὲ
1111 5176 1571 5249 παρακαλοῦμεν,
1614 5177 1890 5247 δικαίωμα
1935 5178 2032 5248 μὲν

461 5273 627 5346 μηδὲν
665 5272 877 5341 ἔχοντες
907 5272 1065 5340 ἡμῶν
1099 5271 1271 5320 εἰπεῖν
1311 5269 1434 5321 ούδέ
1461 5268 1810 5338 εὐεργέτημα
1832 5310 1846 5333 ,
1890 5269 1946 5321 ἐν
1975 5269 2032 5322 δὲ

461 5364 652 5436 μόνον,
695 5360 755 5413 10
791 5359 930 5428 ὑπὲρ
975 5357 1133 5422 Θεοῦ,
1188 5358 1280 5410 καὶ
1326 5357 1548 5411 τοιαῦτα
1597 5358 2028 5429 ἐπιδειξαμένου,

459 5452 815 5526 παρακαλεῖν.
860 5446 1293 5518 Παρακαλοῦμεν
1341 5447 1398 5500 δὲ
1439 5449 1526 5501 ἵνα
1568 5448 1666 5518 τὴν
1710 5449 2031 5518 εὐεργεσίαν

456 5547 704 5617 δέξησθε,
732 5544 826 5597 καὶ
853 5543 928 5613 μὴ
959 5538 1372 5611 ἀποκρούσησθε
1387 5540 1486 5609 τὴν
1507 5541 1736 5612 δωρεάν.
1769 5541 2030 5612 Πείσθητε

519 5673 544 5703 ³
565 5668 713 5720 Sm'il.
742 5669 790 5718 in
810 5680 959 5730 marg.
969 5701 982 5726 ,
1009 5661 1370 5717 καταπεσόντες.

2127 711 2240 762 Ἵνα
2275 708 2384 778 γὰρ
2436 707 2510 778 μὴ
2539 707 2836 777 νομίσωσιν
2863 745 2880 772 ,
2911 707 2993 758 ὅτι
3043 705 3200 758 τοῦτό
3241 707 3358 760 ἐστι
3393 709 3712 782 καταλλαγὴ

2126 801 2306 869 μόνον,
2343 797 2402 849 10
2430 795 2714 850 πιστεῦσαι
2744 795 2822 865 τῷ
2853 795 3126 859 καλοῦντι,
3156 796 3354 862 ἐπάγει
3382 795 3578 860 ταῦτα,
3610 798 3714 866 τὴν

2125 892 2252 962 περί
2279 891 2370 942 τὸν
2396 889 2508 958 βίον
2534 888 2769 957 σπουδὴν
2794 886 3066 939 ἀπαιτῶν.
3093 886 3166 939 Τὸ
3193 887 3300 956 γὰρ
3326 887 3714 956 ἀπαλλαγέντα

2126 981 2542 1051 ἁμαρτημάτων
2574 979 2669 1032 καὶ
2705 979 2856 1046 φίλον
2893 977 3220 1047 γενόμενον,
3270 981 3384 1041 τοῖς
3420 981 3713 1050 προτέροις

2126 1069 2554 1138 ἐγκαλινδεῖσθαι
2597 1068 2779 1132 πάλιν,
2824 1068 2910 1120 ἐπ’
2961 1067 3161 1138 ἔχθραν
3201 1068 3520 1122 ἐπανελθεῖν
3567 1071 3709 1134 ἐστι,

2126 1165 2221 1217 καὶ
2253 1165 2334 1226 εἰς
2359 1161 2514 1216 κενὸν
2543 1162 2640 1232 τὴν
2673 1161 2834 1231 χάριν
2863 1160 3137 1227 δέξασθαι,
3171 1161 3314 1214 κατά
3345 1162 3434 1214 τὸν
3462 1161 3558 1215 τοῦ
3593 1163 3710 1232 βίου

2126 1255 2306 1324 λόγον.

2198 1369 2364 1422 Οὐδὲν
2396 1368 2504 1437 γὰρ
2538 1348 2773 1436 ἀπδτῆς
2810 1367 3032 1436 χάριτος
3075 1365 3217 1435 μέγα
3249 1365 3607 1436 ὠφελούμεθα
3634 1369 3709 1431 είς

2131 1463 2424 1533 σωτηρίαν,
2451 1461 2778 1532 ἀκαθάρτως
2805 1459 3006 1524 ζῶντες
3028 1477 3043 1490 ’
3077 1459 3212 1512 ἀλλά
3240 1460 3333 1512 καὶ
3359 1459 3712 1530 βλαπτόμεθα

2133 1553 2398 1624 μειζόνως
2416 1552 2588 1622 ταύτῃ
2616 1551 2940 1622 βαρούμενοι
2965 1549 3059 1603 καὶ
3076 1550 3135 1603 ἐν
3153 1552 3266 1612 τοῖς
3293 1551 3714 1620 ἁμαρτήμασιν,

2129 1645 2210 1697 ὃτι
2241 1645 2336 1696 καὶ
2367 1643 2504 1714 μετά
2537 1644 2830 1710 ἐπίγνωσιν
2857 1641 3114 1710 τοιαύτην
3147 1641 3241 1692 καὶ
3283 1641 3492 1710 δωρεὰν
3524 1641 3619 1694 ἐπὶ
3649 1644 3719 1694 τὰ

2131 1735 2374 1806 πρότερα
2397 1733 2771 1804 ἐπανήλθομεν
2797 1731 2964 1785 κακά.
3003 1730 3165 1784 Ἀλλά
3189 1730 3348 1785 τοῦτο
3374 1731 3474 1801 μὲν
3501 1732 3718 1785 οὐδέπω

2129 1825 2365 1896 τίθησιν,
2396 1826 2535 1878 ὥστε
2584 1823 2658 1895 μὴ
2695 1824 2900 1896 τραχὺν
2947 1823 3173 1892 ποιῆσαι
3205 1823 3296 1875 τὸν
3327 1822 3504 1891 λόγον·
3542 1825 3624 1876 ὅτι
3660 1825 3719 1876 δὲ

2132 1918 2286 1972 οὐδὲν
2313 1916 2673 1986 ὠφελούμεθα
2704 1916 2853 1983 λέγει
2881 1916 3059 1986 μόνον.
3092 1910 3224 1967 Εῐτα
3253 1915 3348 1966 καὶ
3379 1917 3720 1985 προφητείας

2134 2010 2563 2079 ἀναμιμνήσκει,
2594 2008 2941 2076 κατεπείγων
2971 2007 3190 2073 αὐτοὺς,
3225 2007 3319 2060 καὶ
3351 2006 3605 2059 συνωθῶν
3636 2009 3718 2070 είς

2132 2102 2194 2155 10
2223 2100 2580 2169 διαναστῆναι
2613 2101 2751 2168 πρὸς
2775 2100 2874 2170 τὴν
2906 2102 3004 2170 τῆς
3028 2099 3232 2162 οἰκείας
3260 2099 3535 2169 σωτηρίας
3563 2099 3716 2152 ἀντί-

2133 2194 2316 2264 ληψιν.
2361 2193 2530 2261 Λέγει
2567 2191 2698 2261 γὰρ,
2739 2191 2892 2260 φησί’
2939 2189 3130 2258 Καιρῷ
3163 2189 3350 2255 δεκτῷ
3399 2190 3717 2258 ἐπήκουσά

2133 2301 2272 2348 σου,
2305 2283 2404 2337 καὶ
2425 2283 2494 2336 ἐν
2522 2282 2712 2351 ἡμέρα
2740 2282 3038 2348 σωτηρίας
3063 2279 3370 2347 ἐϐοήθησά
3399 2296 3518 2334 σοι.
3559 2279 3718 2334 Ἰδοὺ

2132 2376 2251 2430 νῦν
2278 2375 2480 2441 καιρὸς
2505 2370 2968 2439 εὐπρόσδεκτος,
3006 2370 3132 2424 ἰδοὺ
3159 2369 3279 2424 νῦν
3303 2369 3495 2438 ἡμέρα
3523 2387 3716 2435 σωτη-

2127 2468 2286 2535 ρίας.
2325 2465 2541 2533 Καιρὸς
2583 2461 3031 2530 εὐπρόσδεκτος
3053 2479 3065 2489 ·
3101 2464 3252 2525 ποῖος
3289 2454 3473 2528 οὗτος
3525 2463 3582 2515 ’0
3618 2463 3718 2531 τῆς

2134 2559 2364 2631 δωρεᾶς,
2396 2559 2423 2610 ό
2447 2558 2546 2624 τῆς
2575 2556 2831 2626 χάριτος,
2863 2555 2952 2607 ὅτε
2981 2541 3080 2606 οὐκ
3110 2553 3256 2607 ἔστιν
3292 2553 3525 2616 εὐθύνας
3551 2555 3715 2606 ἀπαι-

2134 2649 2366 2719 τηθῆναι
2401 2646 2508 2700 τῶν
2543 2646 2957 2716 ἁμαρτημάτων
2991 2645 3111 2697 οὐδὲ
3153 2645 3312 2713 δίκην
3339 2642 3547 2710 δοῦναι,
3582 2643 3718 2697 ἀλλά

2139 2740 2278 2810 μετὰ
2303 2739 2402 2808 τῆς
2426 2737 2744 2806 ἀπαλλαγῆς
2772 2737 2866 2790 καὶ
2897 2737 3106 2808 μυρίων
3130 2735 3437 2790 ἀπολαῦσαι
3468 2736 3708 2804 ἀγαθῶν,

2135 2827 2506 2898 δικαιοσύνης,
2537 2827 2809 2897 ἀγιασμοῦ
2832 2869 2846 2893 ,
2882 2821 2988 2880 τῶν
3037 2827 3212 2880 ἀλλων
3249 2828 3529 2881 ἀπάντων.
3572 2829 3716 2881 Πόσα

2137 2921 2246 2991 γὰρ
2279 2920 2384 2973 ἔδει
2415 2921 2630 2990 καμεῖν,
2665 2919 2804 2972 ὥστε
2837 2920 3115 2988 ἐπιτυχεῖν
3142 2917 3237 2971 τοῦ
3261 2919 3452 2987 καιροῦ
3489 2918 3712 2982 τούτους

2137 3009 2254 3062 ἀλλ’
2311 3009 2418 3061 ἰδοῦ
2443 3049 2458 3072 ,
2496 3008 2659 3078 μηδὲν
2691 3009 2975 3078 καμόντων
3007 3008 3167 3079 ἡμῶν
3203 3011 3567 3079 παραγέγονεν
3609 3011 3715 3079 ἄφ-

2138 3119 2255 3156 εσιν
2283 3103 2448 3174 φέρον
2477 3103 2732 3156 ἁπάντων
2751 3103 2857 3155 τῶν
2881 3102 3210 3174 ἔμπροσθεν.
3236 3103 3322 3154 Διὸ
3350 3102 3444 3154 καὶ
3471 3103 3711 3172 εὐπρόσ-

2137 3193 2322 3246 δεκτον
2346 3193 2532 3258 καλεῖ,
2563 3193 2748 3265 ἐπειδὴ
2779 3194 2874 3246 καὶ
2900 3194 3026 3256 τοὺς
3055 3193 3222 3263 μυρία
3248 3192 3704 3263 πεπλημμεληκόο

2136 3300 2237 3345 τας
2278 3283 2654 3354 προσεδέχετο,
2695 3285 2789 3336 καὶ
2831 3283 2929 3353 οὐχ
2963 3283 3150 3346 ἀπλῶς
3191 3284 3559 3355 προσεδέχετο,
3595 3283 3708 3336 ἀλλ’

2139 3376 2219 3438 είς
2245 3375 2344 3445 τὴν
2375 3375 2638 3427 ἀνωτάτω
2667 3371 2770 3444 ἦγε
2801 3377 2968 3445 τιμήν
2993 3393 3005 3405 ⁸
3041 3375 3315 3446 καθάπερ,
3343 3375 3562 3429 ἐπειδὰν
3589 3375 3718 3446 ἔλθῃ

2141 3465 2417 3536 βασιλεὺς,
2450 3466 2510 3518 οὐ
2542 3465 2895 3536 δικαστηρίου
2935 3467 3145 3536 καιρὸς,
3187 3468 3324 3520 ἁλλά
3362 3469 3585 3538 χάριτος
3624 3467 3718 3521 καὶ

2141 3558 2435 3628 σωτηρίας.
2466 3556 2556 3608 Διὸ
2581 3559 2676 3610 καὶ
2709 3557 3103 3629 εὐπρόσδεκτον
3132 3559 3294 3612 αὐτὸν
3327 3561 3501 3624 καλεῖ,
3533 3562 3638 3622 ἐως
3658 3553 3717 3613 οὐ

2137 3647 2219 3700 ἔτι
2253 3650 2309 3700 ἐν
2349 3647 2427 3717 τῷ
2467 3647 2752 3718 σκάμματί
2781 3651 2970 3719 ἐσμὲν,
3002 3651 3106 3712 ἐως
3131 3653 3188 3705 ἐν
3211 3651 3292 3721 τῷ
3321 3652 3604 3722 ἀμπελῶνι
3632 3654 3718 3723 ἐρα

2138 3738 2442 3808 γαζόμεθα,
2470 3739 2574 3800 ἐως
2604 3739 2850 3793 λείπεται
2875 3743 2906 3809 ἡ
2941 3741 3222 3811 ἑνδεκάτη.

2209 3828 2275 3897 β’.
2302 3827 2713 3898 Προσέλθωμεν,
2741 3831 2835 3882 καὶ
2858 3830 2972 3899 βίον
2997 3831 3391 3901 ἐπιδειξὼμεθα
3413 3831 3564 3903 [529]
3585 3833 3716 3900 ἀγα-

2137 3916 2228 3970 θόν
2243 3933 2256 3946 ·
2286 3919 2378 3970 καὶ
2409 3917 2516 3987 γὰρ
2533 3918 2772 3976 εῦκολον.
2804 3921 2862 3972 Ὀ
2883 3920 2953 3988 γά
2962 3938 2991 3991 ρ
3010 3923 3064 3973 ἐν
3079 3921 3302 3992 τοιούτῳ
3318 3923 3494 3992 καιρῷ
3521 3926 3717 3990 ἀγωνι-

2137 4006 2384 4079 ζόμενος,
2420 4011 2477 4062 ἐν
2498 4001 2543 4076 ᾧ
2571 4012 2807 4080 τοσαύτη
2833 4012 3054 4082 κέχυται
3087 4012 3284 4083 δωρεὰ,
3323 4017 3380 4067 ἐν
3402 4007 3446 4080 ᾧ
3481 4015 3709 4083 τοσαύτη

2136 4100 2315 4171 χάρις,
2341 4100 2578 4163 εὐκόλως
2613 4103 2956 4169 ἐπιτεύξεται
2993 4104 3101 4156 τῶν
3139 4105 3428 4175 βραδείων.
3477 4108 3586 4160 Καὶ
3610 4108 3713 4174 γὰρ

2136 4193 2228 4244 ἐπὶ
2253 4190 2517 4260 βασιλέων
2545 4191 2652 4244 τῶν
2677 4194 2826 4246 κάτω
2854 4195 2910 4246 ἐν
2936 4196 3035 4265 μὲν
3070 4194 3146 4266 τῷ
3170 4197 3348 4267 καιρῷ
3381 4197 3490 4249 τῶν
3511 4197 3712 4267 ἑορτῶν

2137 4283 2336 4346 αὐτῶν,
2359 4285 2451 4336 καὶ
2479 4285 2566 4336 ὅτε
2617 4285 2672 4336 ἐν
2708 4284 2929 4338 ὑπάτων
2953 4285 3230 4354 φαίνονται
3260 4289 3520 4357 σχήματι,
3565 4289 3659 4340 καὶ
3685 4288 3716 4338 ὁ

2140 4375 2332 4444 μικρὸν
2354 4373 2736 4444 προσενεγκὼν
2766 4375 3005 4444 μεγάλας
3029 4377 3296 4446 λαμϐάνει
3325 4377 3555 4448 δωρεάςο
3580 4380 3637 4430 ἐν
3658 4379 3714 4430 δὲ

2135 4468 2254 4527 ταῖς
2276 4465 2533 4536 ἡμέραις,
2583 4460 2671 4527 αἷς
2723 4465 2788 4519 ἂν
2844 4467 3127 4533 δικάζωσι,
3187 4469 3388 4538 πολλῆς
3429 4469 3714 4541 ἀκριϐείας

2136 4557 2312 4628 χρεία,
2365 4557 2565 4628 πολλῆς
2591 4557 2913 4621 ἐξετάσεως.
2955 4559 3065 4612 Καὶ
3098 4562 3263 4630 ἡμεῖς
3312 4561 3492 4614 τοίνυν
3543 4563 3602 4613 ἐν
3637 4560 3714 4628 τῶ

2136 4648 2310 4720 καιρῷ
2337 4651 2431 4718 τῆς
2451 4649 2662 4719 δωρεᾶς
2715 4650 2917 4720 ταύτης
2950 4652 3368 4722 ἀγωνισώμεθαο
3397 4653 3581 4724 ἡμέρα
3618 4654 3714 4722 χά-

2138 4741 2283 4810 ριτός
2318 4742 2454 4803 ἐστι,
2486 4741 2707 4810 χάριτος
2743 4742 2910 4805 θείας·
2948 4743 3028 4794 διὸ
3072 4745 3166 4796 καὶ
3219 4743 3454 4807 εὐκόλως
3492 4746 3712 4798 ἐπιτευ-

2137 4830 2338 4901 ξόμεθα
2383 4833 2490 4884 τῶν
2535 4834 2833 4901 στεφάνων.
2882 4834 2941 4886 Εἰ
2993 4834 3101 4904 γὰρ
3133 4835 3400 4888 τοσούτων
3444 4836 3714 4905 γέμοντας

2135 4923 2320 4976 κακῶν
2344 4923 2438 4976 καὶ
2462 4925 2794 4993 προσήκατο.
2832 4925 2927 4976 καὶ
2965 4925 3262 4995 ἀπήλλαξε·
3305 4927 3524 4981 πάντων
3543 4928 3715 4980 ἀπαλ-

2133 5014 2412 5082 λαγέντας,
2450 5016 2544 5068 καὶ
2568 5017 2635 5068 τά
2667 5017 2796 5086 παρ’
2825 5017 3032 5070 ἐαυτῶν
3049 5019 3420 5088 εἰσφέροντας,
3446 5021 3506 5072 οὐ
3539 5018 3714 5088 πολλῷ

2137 5107 2333 5176 μᾶλλον
2365 5106 2750 5178 προσδέξεται;
2787 5101 2954 5170 Εἶτα,
2981 5108 3118 5178 ὅπερ
3170 5109 3256 5160 ἀεὶ
3308 5111 3472 5171 ποιεῖ,
3526 5109 3714 5162 ἐαυτὸν

2137 5198 2300 5267 μέσον
2327 5197 2518 5260 τιθεὶς,
2559 5198 2654 5251 καὶ
2714 5197 2964 5251 ἐντεῦθεν
2995 5198 3233 5252 κελεύων
3261 5199 3322 5252 τὸ
3363 5201 3714 5271 παράδειγμα

2133 5289 2450 5359 λαμὸἀνειν,
2509 5289 2669 5342 τοῦτο
2723 5291 2816 5344 καὶ
2847 5291 3080 5346 ἐνταῦθα
3136 5292 3450 5362 ἐργάζεται·
3497 5294 3580 5347 διὸ
3620 5295 3717 5348 καὶ

2134 5379 2348 5446 ἐπάγει,
2382 5378 2689 5447 Μηδεμίαν
2718 5379 3016 5450 ἐνμηδενὶ
3037 5381 3303 5447 διδόντες
3330 5383 3716 5450 προσκοπὴν,

2135 5473 2238 5524 ἵνα
2289 5471 2374 5539 μὴ
2408 5471 2660 5540 μωμηθῇ
2709 5473 2747 5539 η
2796 5472 3073 5528 διακονία
3103 5473 3287 5541 ἡμῶν·
3323 5475 3424 5527 οὐκ
3464 5475 3576 5527 ἀπὸ
3623 5474 3717 5527 τοῦ

2137 5563 2329 5631 καιροῦ
2372 5565 2554 5633 μόνον,
2599 5564 2736 5616 ἀλλά
2795 5567 2890 5618 καὶ⁵
2944 5566 3053 5619 ἀπὸ
3094 5567 3202 5618 τῶν
3250 5568 3718 5637 κατορθωσάντων

2136 5655 2329 5718 αὐτοὺς
2374 5655 2595 5711 πείθων.
2644 5657 2752 5710 Καὶ
2787 5658 2886 5728 69a
2938 5660 3051 5724 πῶς
3086 5659 3331 5728 ἀτύφως,
3365 5661 3428 5714 οὐ
3461 5661 3570 5733 γάρ
3597 5657 3719 5716 εἶπε
