4070 6152
352 311 448 368 481
1412 305 1477 361 ΙΝ
1516 304 1732 360 EPIST.
1767 302 1809 358 11
1870 302 1912 357 Α

2032 302 2152 359 1011.
2196 303 2423 361 HOMIL.
2466 306 2578 362 ΧΗ.

3511 318 3621 375 482

1740 482 2084 545 HOMILIA
2128 485 2274 546 ΧΠ.

349 665 481 718 (In.
504 661 555 714 6.
571 677 625 715 ν.
642 659 692 716 1.
709 659 1012 730 Adjuvantes
1025 667 1191 712 autem
1207 658 1551 716 exhortamur.
1566 671 1626 707 ne
1646 654 1699 706 in
1719 667 1930 705 uacuum

426 754 644 824 gratiam
671 749 768 804 Dei
793 749 1065 819 recipiatis.
1094 748 1150 802 2.
1183 749 1265 802 Ait
1307 748 1440 801 enim
1464 763 1480 800 :
1507 745 1754 815 Tempore
1789 759 1931 796 acce-

329 869 333 886 ε
427 853 512 913 pta
541 842 776 896 exaudiui
802 850 850 896 te
870 883 885 907 ,
918 850 965 894 et
993 839 1059 894 in‘
1075 841 1156 894 die
1181 840 1362 894 salutis
1385 837 1660 892 auxiliatos
1685 851 1796 889 sum
1818 834 1924 888 tibi.

330 918 332 920 V
423 938 476 990 l.
501 934 759 1003 Quoniam
787 933 929 988 enim
961 933 1127 988 Deum
1158 945 1346 1002 rogare
1375 929 1621 991 dixerat,
1652 927 1926 996 apostolos

352 1037 528 1082 autem
559 1027 824 1096 legatione
853 1025 1034 1096 fungi,
1070 1033 1230 1094 atque
1267 1023 1549 1077 obsecrare
1577 1029 1634 1073 ut
1672 1033 1790 1073 cum
1821 1017 1931 1071 Deo

353 1120 408 1172 in
438 1119 660 1188 gratiam
692 1118 968 1183 redirent;
995 1132 1064 1171 ne
1085 1117 1358 1184 segniores
1384 1113 1506 1168 inde
1538 1111 1890 1167 redderentur
1911 1149 1928 1174 ,

353 1211 476 1264 hinc
493 1225 690 1265 .rursus
714 1225 810 1264 eos
833 1217 1000 1263 terret
1029 1216 1083 1261 et
1107 1207 1301 1261 excitat
1324 1205 1510 1258 dicens
1529 1245 1544 1269 ,
1578 1201 1661 1256 Ne
1681 1201 1848 1270 itaque
1873 1200 1927 1253 in

350 1319 566 1359 vacuum
596 1301 691 1355 Dei
719 1301 936 1372 gratiam
963 1297 1240 1369 recipiatis.
1263 1296 1446 1366 Neque
1475 1295 1616 1349 enim
1647 1301 1928 1364 propterea

352 1411 452 1450 nos
491 1394 752 1450 socordiae
790 1393 979 1448 demus
1001 1433 1016 1457 ,
1050 1391 1251 1461 inquit,
1279 1389 1401 1460 quia
1434 1388 1575 1443 Deus
1605 1401 1702 1440 nos
1730 1393 1883 1454 rogat
1905 1425 1921 1451 ,

350 1504 414 1541 ac
438 1488 641 1556 legatos
667 1484 734 1539 ad
767 1498 863 1538 nos
894 1483 1038 1537 misit
1062 1501 1072 1535 :
1104 1483 1208 1535 imo
1233 1495 1360 1535 vero
1381 1479 1451 1534 ob
1477 1478 1580 1532 hoc
1607 1479 1777 1545 ipsum
1805 1489 1925 1528 ma-

350 1579 467 1648 jore
507 1576 681 1631 studio
713 1584 766 1628 et
793 1574 1066 1644 diligentia
1099 1573 1208 1627 Deo
1239 1571 1454 1640 placere
1475 1611 1490 1635 ,
1523 1583 1586 1624 ac
1624 1565 1926 1668 spirituales

354 1684 559 1723 merces
589 1668 841 1736 colligere
885 1679 1136 1720 curemus
1166 1663 1255 1734 (id
1296 1662 1439 1732 quod
1489 1662 1648 1716 etiam
1680 1662 1926 1728 superius

352 1759 583 1822 dicebat,
615 1757 813 1814 Caritas
838 1757 933 1811 Dei
962 1767 1106 1825 urget
1131 1772 1253 1820 nos,
1282 1754 1383 1808 hoc
1415 1761 1498 1807 est
1517 1794 1532 1817 ,
1566 1752 1792 1821 premit,
1823 1750 1928 1803 im-

354 1849 574 1920 pellit):
621 1864 688 1903 ne
731 1848 926 1918 alioqui
972 1856 1093 1916 post
1124 1854 1324 1900 tantam
1370 1844 1463 1898 Dei
1511 1843 1921 1898 sollicitudinem

351 1940 592 2008 eollapsi,
618 1954 715 1993 nec
736 1939 900 1992 ullum
933 1939 1206 2007 egregium
1235 1936 1442 1989 virtutis
1467 1933 1734 2002 specimen
1761 1933 1927 1988 eden-

350 2040 430 2084 tes
454 2070 470 2096 ,
518 2030 676 2082 tantis
707 2028 862 2083 bonis
891 2028 1223 2082 exeidamus.
1255 2025 1332 2080 Ne
1381 2026 1541 2095 igitur
1571 2023 1922 2088 existimetis,

346 2126 551 2194 inquit,
597 2127 719 2194 quia
764 2125 1066 2179 hortatores
1113 2123 1293 2185 misit,
1344 2129 1656 2190 perpetuum
1685 2118 1736 2173 id
1769 2117 1920 2171 fore:

346 2232 516 2286 usque
543 2217 609 2271 ad
650 2216 941 2271 secundum
988 2215 1152 2285 ipsius
1181 2213 1465 2267 adventum
1511 2213 1611 2265 hoc
1639 2210 1776 2262 erit:
1808 2217 1924 2261 tan-

347 2319 458 2362 tum
501 2309 742 2362 hortatur
767 2309 892 2362 dum
918 2306 1006 2362 hic
1031 2319 1245 2368 sumus;
1277 2312 1462 2374 postea
1492 2301 1734 2370 sequitur
1763 2313 1918 2368 poena

344 2411 401 2456 et
449 2403 735 2462 cruciatus.
785 2403 1108 2470 Propterea,
1155 2397 1456 2467 Urgemur,
1503 2395 1694 2465 inquit.
1741 2391 1922 2462 Neque

346 2493 489 2546 enim
520 2507 614 2548 eos
643 2495 815 2547 solum
845 2508 875 2545 a
904 2491 1167 2546 bonorum
1203 2485 1569 2556 magnitudine
1607 2499 1671 2539 ac
1699 2484 1792 2537 Dei
1824 2483 1920 2536 be-

346 2586 602 2655 nignitate
623 2627 637 2648 ,
672 2583 767 2638 sed
797 2584 957 2638 etiam
990 2580 1247 2650 temporis
1277 2578 1540 2634 brevitate
1579 2589 1793 2644 semper
1829 2588 1922 2626 ex-

346 2676 620 2729 stimulat:
655 2674 796 2728 unde
837 2683 890 2726 et
915 2673 1023 2726 alio
1052 2673 1174 2725 loco
1215 2672 1322 2734 ait,
1358 2669 1510 2722 Nunc
1554 2668 1685 2720 enim
1716 2665 1923 2734 propior

346 2777 420 2822 est
458 2777 629 2821 nostra
669 2767 810 2820 salus
852 2769 870 2836 (
893 2763 1040 2819 Rom.
1072 2762 1160 2818 15.
1194 2764 1316 2832 l-l);
1347 2772 1399 2817 et
1430 2776 1646 2825 rursus,
1678 2758 1923 2812 Dominus

347 2877 503 2930 prOpe
531 2870 603 2912 est
626 2858 885 2928 (Philipp.
917 2859 969 2911 4.
1007 2856 1082 2924 5).
1119 2855 1214 2909 llic
1241 2870 1368 2908 vero
1392 2852 1660 2922 quidpiam
1694 2849 1924 2918 amplius

347 2951 491 3006 facit.
535 2950 715 3019 Neque
746 2943 886 3004 enim
935 2948 1060 3002 hinc
1106 2955 1311 3000 tantum
1349 2960 1442 3000 eos
1470 2942 1536 2997 ad
1567 2943 1790 2996 salutem
1824 2942 1924 2994 im—

345 3042 526 3112 pellit,
559 3040 702 3111 quod
747 3041 908 3095 breve
947 3048 1104 3108 atque
1157 3039 1407 3107 exiguum
1454 3035 1525 3087 sit
1562 3032 1616 3086 id
1665 3031 1922 3100 temporis

343 3133 486 3203 quod
509 3141 695 3196 restat,
726 3132 820 3186 sed
852 3131 976 3185 hinc
1003 3131 1184 3195 etiam,
1219 3127 1360 3198 quod
1384 3127 1556 3180 solum
1589 3126 1689 3178 hoc
1713 3133 1924 3214 tempus

344 3225 412 3281 ad
439 3240 555 3279 eam
581 3223 977 3290 adipiscendam
1005 3222 1306 3290 appositum
1335 3220 1428 3273 sit.
1465 3217 1594 3272 Ecce
1616 3218 1749 3270 enim
1788 3231 1923 3269 nunc

346 3329 540 3387 tempus
569 3315 905 3381 acceptabile,
937 3331 1051 3367 ecce
1086 3313 1193 3366 dies
1226 3312 1424 3365 salutis.
1469 3309 1548 3364 Ne
1579 3310 1739 3376 igitur
1764 3321 1922 3361 occa-

346 3411 553 3462 sionem
584 3407 736 3460 nobis
764 3407 941 3474 perire
990 3405 1262 3465 sinamus,
1296 3400 1389 3456 sed
1437 3401 1652 3470 dignum
1705 3405 1921 3465 accepta

347 3500 517 3569 gratia
545 3498 774 3553 studium
801 3497 1170 3552 exhibeamus.
1201 3494 1331 3548 Nam
1361 3493 1482 3547 ideo
1503 3502 1556 3547 et
1578 3493 1677 3559 ipsi
1704 3490 1924 3544 festina—

349 3605 471 3645 mus
498 3632 512 3656 ,
545 3587 686 3659 quod
735 3597 788 3642 et
831 3589 1143 3642 brevitatem
1194 3594 1248 3640 et
1291 3583 1743 3654 opportunitatem
1784 3590 1921 3635 tem-

348 3681 495 3750 poris
541 3687 868 3748 perspectam
900 3677 1232 3731 habeamus:
1286 3673 1427 3728 unde
1467 3673 1627 3726 etiam
1674 3670 1919 3733 dicebat,

345 3770 658 3841 Adjuvantes
696 3778 862 3822 autem
897 3771 1246 3822 exhortamur.
1286 3764 1618 3834 Adjuvantes,
1648 3777 1744 3816 vos
1771 3762 1921 3816 scili-

342 3872 462 3916 cet:
494 3875 591 3915 vos
637 3861 776 3915 enim
830 3861 1040 3929 potius,
1071 3873 1227 3928 quam
1278 3859 1440 3909 Deum
1480 3871 1578 3926 pro
1624 3870 1730 3923 quo
1775 3854 1922 3922 lega-

344 3953 506 4008 tionis
549 3968 743 4007 munus
785 3953 1024 4013 ohimus,
1054 3949 1384 4018 adjuvamus.
1441 3947 1557 4016 Ipse
1601 3947 1742 4000 enim
1776 3945 1920 3999 nulla

345 4061 406 4099 re
433 4043 635 4114 indiget
655 4085 670 4110 ,
702 4059 886 4099 verum
918 4042 1060 4096 salus
1105 4042 1278 4095 omnis
1309 4040 1375 4093 ad
1403 4054 1500 4093 vos
1531 4047 1790 4108 permeat.
1822 4037 1918 4091 At-

345 4149 450 4203 que
477 4135 721 4188 utetiam
755 4133 848 4187 Dei
895 4131 1196 4201 adjutorem
1242 4146 1301 4185 se
1343 4143 1462 4184 esse
1491 4129 1659 4192 dicat,
1705 4143 1774 4182 ne
1817 4127 1920 4181 hoc

344 4224 558 4290 quidem
581 4225 671 4280 ille
696 4223 943 4294 repudiat
971 4241 984 4277 :
1013 4237 1133 4276 nam
1161 4231 1215 4275 et
1240 4220 1346 4274 alio
1376 4221 1494 4274 loco
1520 4219 1682 4283 dicit,
1708 4218 1803 4272 Dei
1823 4218 1922 4271 ad-

343 4317 534 4383 iutores
564 4332 736 4369 sumus
767 4316 848 4386 (1.
877 4310 1000 4365 Cor.
1027 4313 1080 4367 5.
1109 4311 1142 4366 9
1162 4311 1204 4381 ).
1240 4314 1411 4379 Atque
1439 4310 1541 4363 hac
1585 4310 1789 4362 ratione
1819 4309 1921 4360 ho-

345 4406 520 4459 mines
547 4420 759 4459 rursum
792 4406 1019 4458 salutem
1043 4401 1316 4471 impertire
1340 4402 1414 4454 ait
1437 4418 1449 4453 :
1480 4399 1548 4452 Et
1573 4401 1916 4453 exhortamur.

344 4498 441 4552 Ille
482 4499 676 4568 quippe
702 4513 823 4552 cum
871 4497 1211 4558 exhortatur,
1244 4509 1348 4548 non
1395 4494 1707 4562 simpliciter
1728 4492 1923 4546 exhor-

344 4601 523 4656 tatur,
555 4592 650 4646 scd
680 4591 775 4644 has
799 4590 1210 4659 justilicationes
1238 4587 1428 4651 alfert;
1459 4587 1598 4656 quod
1625 4585 1827 4654 justum
1859 4586 1923 4639 il-

343 4684 454 4736 lum
488 4681 714 4746 Filium,
743 4681 834 4750 qui
856 4697 922 4734 ne
953 4691 1226 4748 peccatum
1254 4679 1464 4748 quidem
1499 4689 1714 4741 nosset,
1750 4677 1921 4732 dona-

343 4776 518 4838 verit,
568 4784 621 4827 et
670 4789 767 4843 pro
797 4773 950 4827 nobis
992 4770 1359 4842 peccatoribus
1416 4773 1589 4840 ipsum
1640 4782 1916 4839 peccatum

344 4864 564 4928 iecerit,
591 4873 650 4918 ut
693 4880 792 4936 nos
819 4863 947 4933 justi
993 4861 1330 4916 efﬁciamur:
1363 4875 1482 4928 quae
1531 4861 1747 4929 quidem
1798 4875 1918 4914 cum

344 4957 542 5012 habeat
563 4998 576 5018 ,
605 4971 667 5010 ac
695 4958 834 5010 Deus
862 4957 949 5018 sit,
986 4970 1053 5008 ne
1083 4968 1273 5023 rogare
1299 4953 1512 5021 quidem
1534 4967 1654 5005 eum
1685 4961 1918 5021 Oportet,

344 5049 592 5103 homines
606 5047 924 5117 praesertim,
946 5055 999 5099 et
1015 5059 1040 5097 a
1057 5044 1247 5114 quibus
1264 5043 1498 5097 oﬂ'ensus
1515 5041 1705 5108 fuerat,
1728 5058 1918 5096 verum

343 5141 572 5209 singulis
614 5139 801 5193 diebus
836 5138 1047 5207 rogari;
1094 5135 1261 5189 nihilo
1299 5134 1473 5188 secius
1519 5141 1694 5186 tamen
1724 5143 1918 5201 rogat:

341 5241 400 5286 at
427 5245 555 5295 nos,
583 5246 704 5286 cum
735 5245 1018 5302 rogamus,
1070 5228 1270 5281 nullum
1298 5226 1518 5281 omnino
1559 5226 1648 5292 jus
1669 5265 1684 5290 ,
1716 5225 1919 5277 nullum

343 5322 664 5379 beneﬁcium
711 5324 952 5392 proferre
997 5332 1279 5390 possumus
1307 5334 1321 5382 ;
1355 5331 1540 5371 verum
1583 5330 1747 5368 unum
1780 5314 1916 5380 hoc,

344 5415 488 5484 quod
518 5415 650 5479 Dei,
682 5415 772 5483 qui
818 5421 963 5467 tanta
995 5413 1130 5464 bona
1176 5409 1413 5470 dederit,
1446 5405 1662 5460 nomine
1688 5418 1784 5458 vos
1819 5405 1920 5459 ob-

345 5521 642 5561 secramus.
667 5505 1024 5559 Obsecramns
1052 5516 1227 5569 porro,
1257 5507 1315 5552 ut
1338 5499 1572 5552 oblatum
1598 5497 1918 5552 benelicium

345 5598 622 5666 accipiatis
647 5639 662 5664 ,
693 5613 792 5652 nec
819 5610 1012 5649 munus
1042 5592 1351 5662 repudietis.
1374 5591 1578 5644 Morem
1609 5591 1790 5658 itaque
1825 5604 1922 5642 no-

349 5688 432 5742 bis
467 5689 635 5758 gerite
658 5729 674 5755 ,
702 5703 762 5741 ac
793 5686 966 5740 videte
998 5699 1063 5738 uc
1088 5683 1140 5736 in
1171 5698 1393 5737 vacuum
1425 5681 1654 5751 gratiam
1678 5680 1910 5751 accipia—

2044 650 2130 698 tls.
2159 646 2371 703 Etenim
2397 665 2465 705 ne
2499 652 2572 706 illi
2603 653 2658 708 in
2689 657 2790 710 hoc
2815 672 2918 712 uno
2946 649 3441 720 reconciliationem
3471 667 3622 736 posi-

2042 747 2147 791 tam
2171 753 2290 793 esse
2319 743 2722 809 existimarent,
2754 758 2811 802 ut
2837 752 3046 805 vocanti
3074 750 3233 808 ﬁdem
3260 755 3622 825 adhiberent,

2041 827 2160 883 ideo
2207 829 2321 886 lucc
2366 833 2526 889 verba
2556 835 2830 906 adjungit,
2876 841 3070 908 quibus
3114 844 3348 899 studium
3400 847 3453 901 in
3499 849 3622 902 vita:

2041 919 2245 974 ratione
2275 921 2549 991 efﬂagitat.
2579 925 2712 980 Nam
2747 929 2869 998 qui,
2907 941 3252 1003 posteaquam
3286 939 3520 1006 peccatis
3551 939 3620 993 li-

2040 1009 2255 1065 beratus
2275 1022 2436 1083 atque
2459 1016 2510 1069 in
2538 1019 2828 1074 amicitiam
2859 1033 3110 1093 receptus
3137 1038 3240 1093 est,
3269 1030 3318 1083 in
3350 1032 3618 1100 prioribus

2040 1103 2251 1174 ﬂagitiis
2277 1122 2464 1166 rursus
2488 1111 2789 1179 volutatur,
2825 1115 2870 1168 is
2898 1116 2965 1170 ad
3013 1119 3325 1176 inimicitias
3353 1125 3525 1186 redit;
3557 1142 3622 1181 ac

2041 1196 2266 1265 frustra,
2298 1209 2553 1269 quantum
2581 1203 2646 1257 ad
2678 1205 2842 1260 vitam
2881 1209 3110 1276 attinet,
3143 1213 3368 1280 gratiam
3408 1213 3501 1270 Dei
3529 1231 3620 1270 ac-

2041 1290 2202 1358 cepit.

2114 1379 2289 1434 Gratia
2318 1398 2418 1435 uon
2449 1385 2660 1439 multum
2685 1388 2830 1456 juvat
2857 1390 2926 1442 ad
2955 1391 3204 1458 salutent,
3238 1395 3283 1446 si
3309 1395 3507 1465 impure
3549 1401 3625 1453 ti-

2039 1487 2232 1526 vamus.
2258 1503 2328 1512 —
2345 1474 2528 1544 Neque
2554 1483 2695 1532 enim
2721 1497 2968 1550 magnum
2997 1484 3268 1554 quidpiam
3294 1487 3361 1541 ad
3390 1489 3617 1546 salutent

2038 1563 2192 1617 nobis
2222 1564 2375 1620 aﬂ'ert
2398 1570 2567 1636 gratia
2589 1611 2604 1634 ,
2638 1572 2684 1624 si
2726 1572 2934 1642 impure
2961 1575 3206 1633 vivamus
3234 1597 3246 1632 :
3281 1581 3407 1650 quin
3442 1584 3618 1652 potius

2037 1652 2416 1711 detrimentum
2446 1659 2498 1713 in
2528 1675 2623 1714 nos
2653 1665 2898 1729 accersit,
2922 1667 3296 1724 vehementius
3333 1672 3387 1726 in
3419 1689 3615 1742 pecca-

2037 1745 2106 1798 tis
2147 1758 2429 1816 gravatos,
2464 1759 2520 1805 ut
2550 1753 2637 1821 qui
2685 1763 2809 1823 post
2853 1756 3116 1825 ejusmodi
3163 1763 3522 1831 cognitionem
3554 1780 3619 1820 ac

2034 1837 2350 1893 beneﬁcium
2395 1843 2460 1896 ad
2505 1843 2683 1911 priora
2717 1846 2841 1900 vitia
2881 1863 2979 1903 nos
3023 1849 3168 1918 ipsos
3201 1855 3514 1910 referamus.
3549 1859 3619 1912 At

2032 1927 2268 1981 nondum
2303 1930 2402 1984 hoc
2432 1935 2603 2000 ponit,
2633 1949 2700 1988 ne
2730 1937 3012 1991 molestam
3035 1949 3194 2010 atque
3222 1958 3463 2012 asperam
3495 1961 3622 2000 ora-

2034 2018 2231 2074 tionem
2261 2020 2450 2075 reddat
2481 2040 2494 2076 :
2525 2023 2627 2079 hoc
2653 2027 2826 2080 solum
2856 2027 3004 2092 dicit,
3039 2033 3236 2086 nullam
3271 2033 3393 2088 hinc
3421 2035 3486 2089 ad
3516 2051 3618 2090 nos

2033 2111 2316 2166 utilitatem
2349 2114 2549 2170 redire.
2593 2115 2796 2171 Deinde
2836 2120 3133 2190 prophetia:
3163 2138 3376 2194 quoque
3406 2142 3620 2181 memo-

2031 2201 2164 2255 riam
2212 2201 2461 2270 refricat,
2508 2220 2615 2274 quo
2645 2221 2832 2262 eorum
2882 2211 3091 2266 animos
3120 2213 3187 2267 ad
3221 2218 3614 2284 capessendum

2030 2294 2219 2350 salutis
2259 2297 2492 2352 studium
2535 2299 2777 2369 impellat
2819 2312 2872 2357 et
2901 2315 3109 2374 urgeat.
3145 2307 3229 2360 Ait
3255 2310 3388 2360 enim
3417 2326 3436 2364 :
3464 2309 3624 2365 Tem—

2031 2404 2150 2457 pore
2189 2400 2396 2460 accepto
2439 2393 2673 2446 exaudiui
2704 2405 2752 2449 te
2774 2437 2788 2460 ,
2821 2407 2868 2450 et
2896 2400 2948 2452 in
2977 2399 3063 2453 die
3101 2401 3280 2455 salutis
3330 2406 3614 2463 auxiliatus

2033 2497 2141 2533 sum
2170 2482 2275 2534 tibi.
2306 2482 2438 2537 Ecce
2465 2501 2598 2538 nunc
2629 2497 2823 2558 tempus
2848 2491 3172 2560 acceptabile,
3209 2510 3321 2548 ecce
3350 2513 3480 2549 nunc
3502 2500 3615 2554 dies

2030 2570 2228 2625 salutis.
2261 2571 2494 2644 Tempus
2545 2581 2916 2647 acceptabile:
2950 2583 3218 2652 quodnam
3244 2586 3430 2642 istud?
3456 2588 3618 2644 Tem-

2030 2678 2129 2732 pus
2154 2665 2402 2722 videlicet
2434 2669 2677 2725 beneﬁcii
2716 2683 2768 2727 et
2793 2676 2981 2743 gratia:
3007 2717 3021 2740 ,
3054 2678 3106 2732 in
3147 2695 3253 2748 quo
3283 2681 3350 2736 de
3375 2686 3612 2752 peccatis

2028 2753 2278 2809 admissis
2308 2758 2544 2814 rationes
2574 2777 2678 2814 non
2722 2776 3091 2832 exposeuntur
3130 2784 3229 2824 nec
3259 2785 3433 2840 pana:
3471 2787 3609 2841 pen-

2028 2845 2258 2914 duntur,
2288 2850 2339 2902 in
2367 2866 2474 2920 quo
2515 2868 2616 2906 una
2662 2869 2782 2908 cum
2831 2860 3268 2917 reconciliatione
3313 2864 3612 2922 innumeris

2029 2953 2239 3007 quoque
2268 2940 2420 2994 bonis
2465 2941 2690 2998 fruimur
2709 2986 2723 3010 ,
2766 2947 2970 3015 justitia
2999 2950 3247 3005 nimirum
3270 2993 3284 3016 ,
3317 2957 3613 3011 sanctiﬁca~

2032 3029 2173 3081 tione
2194 3072 2208 3094 ,
2239 3031 2463 3103 aliisque
2492 3036 2760 3090 omnibus.
2788 3037 3028 3106 Quantos
3059 3043 3202 3097 enim
3234 3043 3446 3102 labores
3489 3062 3610 3101 sus-

2029 3120 2209 3191 cipere
2237 3137 2332 3191 par
2359 3133 2496 3190 erat,
2525 3135 2581 3180 ut
2607 3127 2745 3182 hanc
2769 3131 3107 3186 occasionem
3135 3136 3609 3193 naneisceremur?

2028 3222 2080 3263 at
2106 3227 2233 3266 ecce
2253 3254 2268 3279 ,
2299 3216 2448 3268 nullo
2480 3232 2508 3269 τι
2542 3219 2699 3274 nobis
2728 3231 2979 3290 suscepto
3012 3223 3223 3292 labore,
3275 3227 3458 3294 adest,
3488 3245 3609 3283 om-

2029 3305 2172 3356 nium
2200 3315 2323 3359 ante
2352 3307 2710 3362 admissornm
2743 3312 2954 3365 veniam
2996 3313 3246 3370 at‘ferens.
3278 3319 3356 3372 Ae
3382 3320 3610 3388 proinde

2029 3397 2355 3464 acceptabile
2383 3398 2487 3452 hoc
2516 3410 2724 3470 tempus
2754 3412 2942 3468 vocat,
2973 3407 3224 3473 quoniam
3253 3423 3350 3465 eos
3371 3426 3603 3480 quoque,

2028 3487 2116 3554 qui
2151 3487 2443 3542 innumeris
2476 3491 2770 3546 sceleribus
2799 3508 2919 3548 sese
2949 3495 3383 3565 obstrinxerant,
3412 3501 3606 3556 admit-

2030 3577 2208 3642 tebat,
2267 3593 2364 3633 nec
2414 3588 2616 3634 tantum
2675 3581 3027 3651 admittebat,
3081 3587 3173 3641 sed
3220 3589 3285 3643 ad
3337 3605 3606 3646 summum

2029 3668 2188 3720 etiam
2218 3668 2436 3724 honoris
2463 3673 2686 3740 gradum
2715 3675 3046 3731 subvehebat
3071 3696 3085 3730 :
3131 3695 3236 3734 non
3265 3695 3420 3737 secus
3445 3693 3610 3753 atque

2029 3759 2343 3814 adveniente
2389 3777 2515 3832 rege
2553 3764 2733 3832 judicii
2769 3775 2978 3837 tempus
3009 3784 3112 3823 non
3143 3780 3260 3837 est,
3292 3772 3384 3826 sed
3422 3775 3607 3843 gratias

2028 3866 2091 3904 ac
2145 3851 2352 3906 salutis.
2379 3850 2458 3908 Ob
2507 3868 2624 3908 eam
2674 3869 2887 3910 cmtsam
2941 3860 3268 3928 acceptabile
3316 3862 3415 3916 hoc
3469 3871 3606 3917 tem-

2030 3958 2126 4012 pus
2153 3953 2332 4009 vocat,
2369 3947 2621 4015 quamdiu
2653 3948 2828 4003 adhuc
2871 3950 2922 4003 iu
2966 3961 3262 4008 scammate
3288 3969 3602 4022 versamur,

2029 4034 2278 4101 quamdiu
2301 4035 2473 4090 adhuc
2501 4038 2551 4091 in
2575 4040 2869 4094 excolenda
2891 4047 3044 4098 vinea
3068 4059 3286 4113 operam
3311 4061 3567 4104 navamus
3587 4091 3604 4116 ,

2028 4125 2278 4194 quamdiu
2308 4127 2587 4182 undecima
2618 4129 2748 4184 hora
2777 4143 3042 4201 superest.

2083 4217 2137 4270 2.
2164 4219 2518 4286 Accedamus,
2544 4235 2607 4276 ac
2625 4223 2790 4276 vitam
2811 4236 3045 4278 nostram
3071 4236 3215 4281 recte
3234 4229 3604 4285 instituamus:

2030 4309 2077 4361 id
2108 4311 2247 4363 enim
2280 4310 2434 4366 facile
2476 4324 2578 4368 est.
2612 4313 2742 4367 Nam
2775 4317 2862 4384 qui
2890 4332 2954 4370 eo
2988 4325 3229 4388 tempore
3259 4332 3464 4390 certat,
3495 4340 3604 4394 quo

2031 4408 2234 4454 tantum
2266 4402 2587 4457 beneﬁcium
2618 4419 2680 4458 ac
2727 4414 2869 4459 tanta
2913 4410 3084 4475 gratia
3129 4409 3294 4464 cmtsa
3325 4422 3442 4478 est,
3486 4417 3602 4483 pal-

2032 4504 2169 4542 mam
2201 4489 2340 4544 facili
2370 4494 2587 4561 negotio
2615 4505 2993 4564 consequetur.
3029 4498 3240 4553 Etenim
3271 4503 3408 4571 apud
3440 4513 3609 4561 terre-

2030 4596 2126 4636 nos
2153 4598 2364 4652 quoque
2406 4585 2759 4656 imperatores
2781 4627 2797 4653 ,
2831 4603 2952 4643 cum
2983 4591 3103 4644 l'csti
3131 4607 3316 4647 eorum
3349 4595 3465 4650 dies
3490 4599 3605 4668 agi-

2033 4682 2230 4740 tantur,
2254 4685 2414 4745 atque
2439 4677 2490 4730 in
2518 4679 2783 4733 consulari
2812 4679 2996 4734 habitu
3024 4695 3339 4750 cernuntur,
3369 4687 3414 4741 is
3443 4690 3604 4744 etiam

2028 4763 2116 4833 qui
2143 4764 2389 4834 exiguum
2420 4783 2612 4821 munus
2638 4768 2827 4832 offert,
2877 4771 3082 4839 magnis
3128 4772 3283 4827 donis
3328 4775 3605 4845 afﬁcitur;

2030 4855 2094 4910 iis
2119 4865 2294 4910 autem
2325 4857 2533 4923 diebus,
2564 4860 2716 4928 queis
2737 4859 2934 4928 judicis
2963 4877 3156 4918 munus
3185 4877 3458 4933 exercent,
3489 4886 3608 4923 tua-

2027 4965 2128 5018 gna
2173 4951 2446 5020 diligentia
2479 4967 2779 5021 magnoque
2809 4954 3053 5009 examine
3081 4971 3216 5026 opus
3255 4968 3356 5013 est.
3389 4961 3478 5015 Sic
3503 4977 3605 5018 nos

2027 5041 2186 5094 etiam
2239 5043 2395 5110 hujus
2449 5043 2693 5098 beneﬁcii
2746 5052 2986 5114 tempore
3047 5048 3429 5104 decertetuus:
3490 5053 3605 5109 dies

2027 5133 2211 5200 gratim
2242 5143 2324 5186 est
2347 5174 2362 5196 ,
2393 5133 2586 5187 divinae
2618 5135 2831 5203 inquam
2859 5140 3066 5207 gratiae,
3099 5140 3238 5195 unde
3264 5143 3425 5197 etiam
3454 5143 3608 5202 facile

2029 5237 2258 5276 coronas
2312 5223 2689 5292 adipiscemur.
2722 5226 2854 5280 Nam
2887 5229 2970 5290 si,
3003 5245 3123 5283 cum
3154 5241 3230 5286 tot
3260 5233 3403 5288 vitiis
3432 5248 3607 5293 scate-

2031 5330 2211 5369 remus
2232 5358 2246 5380 ,
2277 5325 2330 5368 et
2355 5316 2572 5370 admisit
2598 5331 2699 5372 nos
2723 5327 2776 5371 et
2817 5318 2881 5372 iis
2911 5319 3192 5386 liberavit;
3240 5327 3487 5382 omnibus
3515 5345 3607 5382 sn-

2033 5408 2170 5460 lulos
2192 5449 2205 5470 ,
2254 5424 2420 5476 eaque
2451 5423 2568 5475 qua:
2618 5410 2788 5463 nostri
2837 5415 3073 5467 muneris
3101 5427 3223 5469 sunt
3251 5430 3567 5487 praistantes
3592 5461 3607 5481 ,

2032 5513 2206 5551 annon
2237 5499 2405 5551 multo
2434 5500 2603 5568 magis
2634 5500 2967 5556 admissurus
3019 5507 3136 5558 est?
3168 5509 3356 5563 Postea
3385 5512 3433 5562 id
3468 5508 3609 5576 quod

2033 5598 2288 5658 perpetuo
2317 5590 2474 5656 facit,
2503 5600 2559 5644 ut
2590 5593 2825 5664 seipsum
2859 5595 2910 5648 in
2945 5598 3176 5650 medium
3212 5607 3501 5667 proponat,
3532 5609 3608 5651 at-

2030 5696 2133 5748 que
2157 5682 2277 5735 hinc
2299 5683 2597 5751 exemplum
2627 5700 2835 5741 sumere
2854 5686 3056 5756 jubeat,
3087 5687 3178 5741 hic
3205 5701 3416 5756 quoque
3440 5685 3557 5738 facit
3581 5699 3597 5736 :
