  <div class='ocr_page' id='page_1' title='image "/cluster/home/n/w/nwhite01/storage/ocr_20150623/61/mdp.39015008622618/489.png"; bbox 0 0 4070 6152; ppageno 0'>
   <div class='ocr_carea' id='block_1_1' title="bbox 541 322 643 376">
    <p class='ocr_par' dir='ltr' id='par_1_1' title="bbox 541 322 643 376">
     <span class='ocr_line' id='line_1_1' title="bbox 541 322 643 376; baseline -0.01 0"><span class='ocrx_word' id='word_1_1' title='bbox 541 322 643 376; x_wconf 63' lang='lat' dir='ltr'><strong>Hii</strong></span> 
     </span>
    </p>
   </div>
   <div class='ocr_carea' id='block_1_2' title="bbox 548 399 2128 480">
    <p class='ocr_par' dir='ltr' id='par_1_2' title="bbox 548 399 2128 480">
     <span class='ocr_line' id='line_1_2' title="bbox 548 399 2128 480; baseline -0.008 -13"><span class='ocrx_word' id='word_1_2' title='bbox 548 414 690 469; x_wconf 88' lang='lat' dir='ltr'><strong>unde</strong></span> <span class='ocrx_word' id='word_1_3' title='bbox 716 415 876 469; x_wconf 89' lang='lat' dir='ltr'><strong>etiam</strong></span> <span class='ocrx_word' id='word_1_4' title='bbox 908 409 1211 480; x_wconf 88' lang='lat' dir='ltr'><strong>subjungit,</strong></span> <span class='ocrx_word' id='word_1_5' title='bbox 1245 409 1298 462; x_wconf 76' lang='lat'><strong>3.</strong></span> <span class='ocrx_word' id='word_1_6' title='bbox 1336 406 1543 461; x_wconf 88' lang='lat' dir='ltr'><strong>Nemini</strong></span> <span class='ocrx_word' id='word_1_7' title='bbox 1571 407 1747 458; x_wconf 85' lang='lat' dir='ltr'><strong>dantes</strong></span> <span class='ocrx_word' id='word_1_8' title='bbox 1774 403 1936 456; x_wconf 86' lang='lat' dir='ltr'><strong>ullam</strong></span> <span class='ocrx_word' id='word_1_9' title='bbox 1964 399 2128 468; x_wconf 62' lang='lat' dir='ltr'><strong>ofen-</strong></span> 
     </span>
    </p>
   </div>
   <div class='ocr_carea' id='block_1_3' title="bbox 542 484 2126 572">
    <p class='ocr_par' dir='ltr' id='par_1_3' title="bbox 542 484 2126 572">
     <span class='ocr_line' id='line_1_3' title="bbox 542 484 2126 572; baseline -0.008 -14"><span class='ocrx_word' id='word_1_10' title='bbox 542 508 754 571; x_wconf 76' lang='lat' dir='ltr'><strong>siortem,</strong></span> <span class='ocrx_word' id='word_1_11' title='bbox 781 515 838 558; x_wconf 87' lang='lat' dir='ltr'><strong>ut</strong></span> <span class='ocrx_word' id='word_1_12' title='bbox 868 519 970 556; x_wconf 87' lang='lat' dir='ltr'><strong>non</strong></span> <span class='ocrx_word' id='word_1_13' title='bbox 1013 502 1322 572; x_wconf 73' lang='lat' dir='ltr'><strong>vituperetur</strong></span> <span class='ocrx_word' id='word_1_14' title='bbox 1364 484 1700 551; x_wconf 84' lang='lat' dir='ltr'><strong>ministerium</strong></span> <span class='ocrx_word' id='word_1_15' title='bbox 1727 504 1978 548; x_wconf 88' lang='lat' dir='ltr'><strong>nostrum.</strong></span> <span class='ocrx_word' id='word_1_16' title='bbox 2008 491 2126 546; x_wconf 82' lang='lat' dir='ltr'><strong>Non</strong></span> 
     </span>
    </p>
   </div>
   <div class='ocr_carea' id='block_1_4' title="bbox 545 584 2130 664">
    <p class='ocr_par' dir='ltr' id='par_1_4' title="bbox 545 584 2130 664">
     <span class='ocr_line' id='line_1_4' title="bbox 545 584 2130 664; baseline -0.008 -14"><span class='ocrx_word' id='word_1_17' title='bbox 545 595 705 650; x_wconf 89' lang='lat' dir='ltr'><strong>modo</strong></span> <span class='ocrx_word' id='word_1_18' title='bbox 733 609 765 649; x_wconf 88' lang='lat' dir='ltr'><strong>a</strong></span> <span class='ocrx_word' id='word_1_19' title='bbox 807 603 1071 664; x_wconf 81' lang='lat' dir='ltr'><strong>tetnpore,</strong></span> <span class='ocrx_word' id='word_1_20' title='bbox 1101 590 1196 647; x_wconf 86' lang='lat' dir='ltr'><strong>sed</strong></span> <span class='ocrx_word' id='word_1_21' title='bbox 1240 590 1402 645; x_wconf 89' lang='lat' dir='ltr'><strong>etiam</strong></span> <span class='ocrx_word' id='word_1_22' title='bbox 1431 589 1500 644; x_wconf 91' lang='lat' dir='ltr'><strong>ab</strong></span> <span class='ocrx_word' id='word_1_23' title='bbox 1530 588 1596 642; x_wconf 91' lang='lat' dir='ltr'><strong>iis</strong></span> <span class='ocrx_word' id='word_1_24' title='bbox 1616 626 1632 652; x_wconf 91' lang='lat'><strong>,</strong></span> <span class='ocrx_word' id='word_1_25' title='bbox 1665 587 1753 653; x_wconf 88' lang='lat' dir='ltr'><strong>qui</strong></span> <span class='ocrx_word' id='word_1_26' title='bbox 1787 584 2040 655; x_wconf 67' lang='lat' dir='ltr'><strong>pratclare</strong></span> <span class='ocrx_word' id='word_1_27' title='bbox 2069 599 2130 638; x_wconf 90' lang='lat' dir='ltr'><strong>se</strong></span> 
     </span>
    </p>
   </div>
   <div class='ocr_carea' id='block_1_5' title="bbox 541 673 2130 757">
    <p class='ocr_par' dir='ltr' id='par_1_5' title="bbox 541 673 2130 757">
     <span class='ocr_line' id='line_1_5' title="bbox 541 673 2130 757; baseline -0.008 -18"><span class='ocrx_word' id='word_1_28' title='bbox 541 695 838 757; x_wconf 88' lang='lat' dir='ltr'><strong>gesserunt,</strong></span> <span class='ocrx_word' id='word_1_29' title='bbox 868 699 962 739; x_wconf 90' lang='lat' dir='ltr'><strong>eos</strong></span> <span class='ocrx_word' id='word_1_30' title='bbox 992 697 1312 754; x_wconf 84' lang='lat' dir='ltr'><strong>permovere</strong></span> <span class='ocrx_word' id='word_1_31' title='bbox 1335 679 1538 734; x_wconf 87' lang='lat' dir='ltr'><strong>studet.</strong></span> <span class='ocrx_word' id='word_1_32' title='bbox 1566 679 1644 732; x_wconf 83' lang='lat' dir='ltr'><strong>Ac</strong></span> <span class='ocrx_word' id='word_1_33' title='bbox 1671 677 1796 730; x_wconf 82' lang='lat' dir='ltr'><strong>vide</strong></span> <span class='ocrx_word' id='word_1_34' title='bbox 1821 689 1982 744; x_wconf 90' lang='lat' dir='ltr'><strong>quam</strong></span> <span class='ocrx_word' id='word_1_35' title='bbox 2011 673 2130 727; x_wconf 89' lang='lat' dir='ltr'><strong>sine</strong></span> 
     </span>
    </p>
   </div>
   <div class='ocr_carea' id='block_1_6' title="bbox 543 766 2126 848">
    <p class='ocr_par' dir='ltr' id='par_1_6' title="bbox 543 766 2126 848">
     <span class='ocr_line' id='line_1_6' title="bbox 543 766 2126 848; baseline -0.008 -17"><span class='ocrx_word' id='word_1_36' title='bbox 543 777 682 833; x_wconf 88' lang='lat' dir='ltr'><strong>fastu</strong></span> <span class='ocrx_word' id='word_1_37' title='bbox 722 785 882 848; x_wconf 84' lang='lat' dir='ltr'><strong>atque</strong></span> <span class='ocrx_word' id='word_1_38' title='bbox 925 776 1232 847; x_wconf 75' lang='lat' dir='ltr'><strong>arrogantia</strong></span> <span class='ocrx_word' id='word_1_39' title='bbox 1264 792 1278 829; x_wconf 93' lang='lat'><strong>:</strong></span> <span class='ocrx_word' id='word_1_40' title='bbox 1324 789 1432 828; x_wconf 92' lang='lat' dir='ltr'><strong>non</strong></span> <span class='ocrx_word' id='word_1_41' title='bbox 1459 772 1603 827; x_wconf 91' lang='lat' dir='ltr'><strong>enim</strong></span> <span class='ocrx_word' id='word_1_42' title='bbox 1634 771 1804 834; x_wconf 87' lang='lat' dir='ltr'><strong>dixit,</strong></span> <span class='ocrx_word' id='word_1_43' title='bbox 1839 766 2126 823; x_wconf 86' lang='lat' dir='ltr'><strong>Intuemini</strong></span> 
     </span>
    </p>
   </div>
   <div class='ocr_carea' id='block_1_7' title="bbox 540 859 2126 940">
    <p class='ocr_par' dir='ltr' id='par_1_7' title="bbox 540 859 2126 940">
     <span class='ocr_line' id='line_1_7' title="bbox 540 859 2126 940; baseline -0.008 -16"><span class='ocrx_word' id='word_1_44' title='bbox 540 871 594 924; x_wconf 86' lang='lat' dir='ltr'><strong>iu</strong></span> <span class='ocrx_word' id='word_1_45' title='bbox 627 884 762 936; x_wconf 88' lang='lat' dir='ltr'><strong>nos,</strong></span> <span class='ocrx_word' id='word_1_46' title='bbox 804 869 928 940; x_wconf 88' lang='lat' dir='ltr'><strong>quia</strong></span> <span class='ocrx_word' id='word_1_47' title='bbox 970 869 1102 922; x_wconf 87' lang='lat' dir='ltr'><strong>tales</strong></span> <span class='ocrx_word' id='word_1_48' title='bbox 1142 882 1328 923; x_wconf 91' lang='lat' dir='ltr'><strong>sumus</strong></span> <span class='ocrx_word' id='word_1_49' title='bbox 1361 883 1377 931; x_wconf 88' lang='lat'><strong>;</strong></span> <span class='ocrx_word' id='word_1_50' title='bbox 1425 879 1612 919; x_wconf 90' lang='lat' dir='ltr'><strong>verum</strong></span> <span class='ocrx_word' id='word_1_51' title='bbox 1640 864 1786 932; x_wconf 85' lang='lat' dir='ltr'><strong>prius</strong></span> <span class='ocrx_word' id='word_1_52' title='bbox 1821 875 1942 930; x_wconf 74' lang='lat' dir='ltr'><strong>qua:</strong></span> <span class='ocrx_word' id='word_1_53' title='bbox 1970 859 2036 913; x_wconf 85' lang='lat' dir='ltr'><strong>ad</strong></span> <span class='ocrx_word' id='word_1_54' title='bbox 2066 873 2126 912; x_wconf 90' lang='lat' dir='ltr'><strong>se</strong></span> 
     </span>
    </p>
   </div>
   <div class='ocr_carea' id='block_1_8' title="bbox 539 953 2124 1031">
    <p class='ocr_par' dir='ltr' id='par_1_8' title="bbox 539 953 2124 1031">
     <span class='ocr_line' id='line_1_8' title="bbox 539 953 2124 1031; baseline -0.008 -16"><span class='ocrx_word' id='word_1_55' title='bbox 539 969 785 1031; x_wconf 82' lang='lat' dir='ltr'><strong>spectant</strong></span> <span class='ocrx_word' id='word_1_56' title='bbox 808 968 1023 1015; x_wconf 83' lang='lat' dir='ltr'><strong>enarrat</strong></span> <span class='ocrx_word' id='word_1_57' title='bbox 1053 1001 1068 1025; x_wconf 90' lang='lat'><strong>,</strong></span> <span class='ocrx_word' id='word_1_58' title='bbox 1115 968 1174 1014; x_wconf 97' lang='grc' dir='ltr'><strong>ιιι</strong></span> <span class='ocrx_word' id='word_1_59' title='bbox 1202 973 1416 1013; x_wconf 88' lang='lat' dir='ltr'><strong>omnem</strong></span> <span class='ocrx_word' id='word_1_60' title='bbox 1451 953 1884 1025; x_wconf 84' lang='lat' dir='ltr'><strong>reprehensionis</strong></span> <span class='ocrx_word' id='word_1_61' title='bbox 1907 966 2124 1006; x_wconf 83' lang='lat' dir='ltr'><strong>causam</strong></span> 
     </span>
    </p>
   </div>
   <div class='ocr_carea' id='block_1_9' title="bbox 538 1045 2124 1127">
    <p class='ocr_par' dir='ltr' id='par_1_9' title="bbox 538 1045 2124 1127">
     <span class='ocr_line' id='line_1_9' title="bbox 538 1045 2124 1127; baseline -0.008 -20"><span class='ocrx_word' id='word_1_62' title='bbox 538 1051 874 1108; x_wconf 84' lang='lat' dir='ltr'><strong>submoveat.</strong></span> <span class='ocrx_word' id='word_1_63' title='bbox 906 1053 983 1106; x_wconf 86' lang='lat' dir='ltr'><strong>Ac</strong></span> <span class='ocrx_word' id='word_1_64' title='bbox 1027 1050 1136 1106; x_wconf 93' lang='lat' dir='ltr'><strong>duo</strong></span> <span class='ocrx_word' id='word_1_65' title='bbox 1161 1049 1358 1106; x_wconf 86' lang='lat' dir='ltr'><strong>eximia</strong></span> <span class='ocrx_word' id='word_1_66' title='bbox 1400 1045 1760 1127; x_wconf 65' lang='lat' dir='ltr'><strong>itnmaculatzp</strong></span> <span class='ocrx_word' id='word_1_67' title='bbox 1792 1045 1916 1098; x_wconf 71' lang='lat' dir='ltr'><strong>vita:</strong></span> <span class='ocrx_word' id='word_1_68' title='bbox 1961 1057 2124 1111; x_wconf 86' lang='lat' dir='ltr'><strong>argu-</strong></span> 
     </span>
    </p>
   </div>
   <div class='ocr_carea' id='block_1_10' title="bbox 542 1137 2124 1213">
    <p class='ocr_par' dir='ltr' id='par_1_10' title="bbox 542 1137 2124 1213">
     <span class='ocr_line' id='line_1_10' title="bbox 542 1137 2124 1213; baseline -0.005 -16"><span class='ocrx_word' id='word_1_69' title='bbox 542 1153 723 1199; x_wconf 86' lang='lat' dir='ltr'><strong>menta</strong></span> <span class='ocrx_word' id='word_1_70' title='bbox 771 1145 953 1213; x_wconf 90' lang='lat' dir='ltr'><strong>ponit,</strong></span> <span class='ocrx_word' id='word_1_71' title='bbox 1002 1143 1131 1198; x_wconf 88' lang='lat' dir='ltr'><strong>dum</strong></span> <span class='ocrx_word' id='word_1_72' title='bbox 1179 1143 1295 1206; x_wconf 87' lang='lat' dir='ltr'><strong>ait,</strong></span> <span class='ocrx_word' id='word_1_73' title='bbox 1339 1139 1547 1195; x_wconf 82' lang='lat' dir='ltr'><strong>Nemini</strong></span> <span class='ocrx_word' id='word_1_74' title='bbox 1577 1138 1758 1191; x_wconf 80' lang='lat' dir='ltr'><strong>dantes</strong></span> <span class='ocrx_word' id='word_1_75' title='bbox 1788 1137 1948 1190; x_wconf 81' lang='lat' dir='ltr'><strong>ullam</strong></span> <span class='ocrx_word' id='word_1_76' title='bbox 1974 1151 1993 1188; x_wconf 90' lang='lat'><strong><em>:</em></strong></span> <span class='ocrx_word' id='word_1_77' title='bbox 2023 1147 2124 1189; x_wconf 90' lang='lat' dir='ltr'><strong>nee</strong></span> 
     </span>
    </p>
   </div>
   <div class='ocr_carea' id='block_1_11' title="bbox 539 1229 2120 1303">
    <p class='ocr_par' dir='ltr' id='par_1_11' title="bbox 539 1229 2120 1303">
     <span class='ocr_line' id='line_1_11' title="bbox 539 1229 2120 1303; baseline -0.008 -12"><span class='ocrx_word' id='word_1_78' title='bbox 539 1237 676 1291; x_wconf 90' lang='lat' dir='ltr'><strong>dixit</strong></span> <span class='ocrx_word' id='word_1_79' title='bbox 711 1239 1114 1291; x_wconf 86' lang='lat' dir='ltr'><strong>accusationem</strong></span> <span class='ocrx_word' id='word_1_80' title='bbox 1135 1275 1150 1300; x_wconf 91' lang='lat'><strong>,</strong></span> <span class='ocrx_word' id='word_1_81' title='bbox 1184 1233 1312 1298; x_wconf 91' lang='lat' dir='ltr'><strong>sed,</strong></span> <span class='ocrx_word' id='word_1_82' title='bbox 1346 1232 1486 1303; x_wconf 88' lang='lat' dir='ltr'><strong>quod</strong></span> <span class='ocrx_word' id='word_1_83' title='bbox 1544 1230 1702 1300; x_wconf 83' lang='lat' dir='ltr'><strong>longe</strong></span> <span class='ocrx_word' id='word_1_84' title='bbox 1747 1229 1923 1282; x_wconf 91' lang='lat' dir='ltr'><strong>minus</strong></span> <span class='ocrx_word' id='word_1_85' title='bbox 1968 1233 2120 1290; x_wconf 89' lang='lat' dir='ltr'><strong>erat,</strong></span> 
     </span>
    </p>
   </div>
   <div class='ocr_carea' id='block_1_12' title="bbox 543 1315 2125 1396">
    <p class='ocr_par' dir='ltr' id='par_1_12' title="bbox 543 1315 2125 1396">
     <span class='ocr_line' id='line_1_12' title="bbox 543 1315 2125 1396; baseline -0.008 -15"><span class='ocrx_word' id='word_1_86' title='bbox 543 1326 927 1396; x_wconf 77' lang='lat' dir='ltr'><strong>O/fensioncm;</strong></span> <span class='ocrx_word' id='word_1_87' title='bbox 956 1342 1020 1380; x_wconf 90' lang='lat' dir='ltr'><strong>ac</strong></span> <span class='ocrx_word' id='word_1_88' title='bbox 1051 1326 1092 1379; x_wconf 91' lang='lat' dir='ltr'><strong>si</strong></span> <span class='ocrx_word' id='word_1_89' title='bbox 1123 1325 1361 1388; x_wconf 90' lang='lat' dir='ltr'><strong>diceret,</strong></span> <span class='ocrx_word' id='word_1_90' title='bbox 1392 1319 1831 1392; x_wconf 66' lang='lat' dir='ltr'><strong>reprehensionis</strong></span> <span class='ocrx_word' id='word_1_91' title='bbox 1860 1326 1915 1371; x_wconf 91' lang='lat' dir='ltr'><strong>et</strong></span> <span class='ocrx_word' id='word_1_92' title='bbox 1943 1315 2125 1386; x_wconf 86' lang='lat' dir='ltr'><strong>queri-</strong></span> 
     </span>
    </p>
   </div>
   <div class='ocr_carea' id='block_1_13' title="bbox 539 1406 2123 1486">
    <p class='ocr_par' dir='ltr' id='par_1_13' title="bbox 539 1406 2123 1486">
     <span class='ocr_line' id='line_1_13' title="bbox 539 1406 2123 1486; baseline -0.011 -12"><span class='ocrx_word' id='word_1_93' title='bbox 539 1419 736 1486; x_wconf 74' lang='lat' dir='ltr'><strong>monia:</strong></span> <span class='ocrx_word' id='word_1_94' title='bbox 768 1421 943 1473; x_wconf 90' lang='lat' dir='ltr'><strong>locum</strong></span> <span class='ocrx_word' id='word_1_95' title='bbox 977 1418 1108 1471; x_wconf 85' lang='lat' dir='ltr'><strong>nulli</strong></span> <span class='ocrx_word' id='word_1_96' title='bbox 1137 1417 1345 1470; x_wconf 80' lang='lat' dir='ltr'><strong>dantes.</strong></span> <span class='ocrx_word' id='word_1_97' title='bbox 1383 1412 1449 1467; x_wconf 86' lang='lat' dir='ltr'><strong>Ut</strong></span> <span class='ocrx_word' id='word_1_98' title='bbox 1497 1429 1598 1466; x_wconf 89' lang='lat' dir='ltr'><strong>non</strong></span> <span class='ocrx_word' id='word_1_99' title='bbox 1637 1411 1948 1480; x_wconf 88' lang='lat' dir='ltr'><strong>vituperetur</strong></span> <span class='ocrx_word' id='word_1_100' title='bbox 1972 1406 2123 1459; x_wconf 85' lang='lat' dir='ltr'><strong>mini-</strong></span> 
     </span>
    </p>
   </div>
   <div class='ocr_carea' id='block_1_14' title="bbox 540 1498 2124 1576">
    <p class='ocr_par' dir='ltr' id='par_1_14' title="bbox 540 1498 2124 1576">
     <span class='ocr_line' id='line_1_14' title="bbox 540 1498 2124 1576; baseline -0.007 -10"><span class='ocrx_word' id='word_1_101' title='bbox 540 1514 750 1567; x_wconf 80' lang='lat' dir='ltr'><strong>sterium</strong></span> <span class='ocrx_word' id='word_1_102' title='bbox 779 1523 1028 1566; x_wconf 86' lang='lat' dir='ltr'><strong>nostrum.</strong></span> <span class='ocrx_word' id='word_1_103' title='bbox 1063 1511 1175 1563; x_wconf 84' lang='lat' dir='ltr'><strong>Hoc</strong></span> <span class='ocrx_word' id='word_1_104' title='bbox 1214 1521 1316 1572; x_wconf 89' lang='lat' dir='ltr'><strong>est,</strong></span> <span class='ocrx_word' id='word_1_105' title='bbox 1348 1523 1416 1561; x_wconf 88' lang='lat' dir='ltr'><strong>ne</strong></span> <span class='ocrx_word' id='word_1_106' title='bbox 1453 1506 1573 1576; x_wconf 87' lang='lat' dir='ltr'><strong>quis</strong></span> <span class='ocrx_word' id='word_1_107' title='bbox 1611 1503 1738 1557; x_wconf 90' lang='lat' dir='ltr'><strong>illud</strong></span> <span class='ocrx_word' id='word_1_108' title='bbox 1771 1510 1974 1571; x_wconf 82' lang='lat' dir='ltr'><strong>carpat.</strong></span> <span class='ocrx_word' id='word_1_109' title='bbox 2014 1498 2124 1555; x_wconf 85' lang='lat' dir='ltr'><strong>Nec</strong></span> 
     </span>
    </p>
   </div>
   <div class='ocr_carea' id='block_1_15' title="bbox 538 1591 2121 1666">
    <p class='ocr_par' dir='ltr' id='par_1_15' title="bbox 538 1591 2121 1666">
     <span class='ocr_line' id='line_1_15' title="bbox 538 1591 2121 1666; baseline -0.006 -10"><span class='ocrx_word' id='word_1_110' title='bbox 538 1617 724 1656; x_wconf 88' lang='lat' dir='ltr'><strong>rursus</strong></span> <span class='ocrx_word' id='word_1_111' title='bbox 747 1601 902 1666; x_wconf 88' lang='lat' dir='ltr'><strong>dixit,</strong></span> <span class='ocrx_word' id='word_1_112' title='bbox 938 1601 1005 1657; x_wconf 94' lang='lat' dir='ltr'><strong>Ut</strong></span> <span class='ocrx_word' id='word_1_113' title='bbox 1031 1617 1135 1655; x_wconf 92' lang='lat' dir='ltr'><strong>non</strong></span> <span class='ocrx_word' id='word_1_114' title='bbox 1165 1606 1470 1659; x_wconf 75' lang='lat' dir='ltr'><strong>accusetur,</strong></span> <span class='ocrx_word' id='word_1_115' title='bbox 1502 1595 1619 1658; x_wconf 86' lang='lat' dir='ltr'><strong>sed,</strong></span> <span class='ocrx_word' id='word_1_116' title='bbox 1653 1593 1716 1650; x_wconf 92' lang='lat' dir='ltr'><strong>Ut</strong></span> <span class='ocrx_word' id='word_1_117' title='bbox 1746 1609 1814 1648; x_wconf 86' lang='lat' dir='ltr'><strong>ne</strong></span> <span class='ocrx_word' id='word_1_118' title='bbox 1847 1591 2121 1646; x_wconf 79' lang='lat' dir='ltr'><strong>levissima</strong></span> 
     </span>
    </p>
   </div>
   <div class='ocr_carea' id='block_1_16' title="bbox 537 1683 2121 1763">
    <p class='ocr_par' dir='ltr' id='par_1_16' title="bbox 537 1683 2121 1763">
     <span class='ocr_line' id='line_1_16' title="bbox 537 1683 2121 1763; baseline -0.007 -15"><span class='ocrx_word' id='word_1_119' title='bbox 537 1695 750 1763; x_wconf 82' lang='lat' dir='ltr'><strong>quidem</strong></span> <span class='ocrx_word' id='word_1_120' title='bbox 781 1694 830 1748; x_wconf 91' lang='lat' dir='ltr'><strong>in</strong></span> <span class='ocrx_word' id='word_1_121' title='bbox 853 1710 919 1749; x_wconf 91' lang='lat' dir='ltr'><strong>eo</strong></span> <span class='ocrx_word' id='word_1_122' title='bbox 944 1683 1099 1763; x_wconf 85' lang='lat' dir='ltr'><strong>culpa</strong></span> <span class='ocrx_word' id='word_1_123' title='bbox 1122 1693 1353 1755; x_wconf 63' lang='lat' dir='ltr'><strong>haereat,</strong></span> <span class='ocrx_word' id='word_1_124' title='bbox 1385 1705 1484 1745; x_wconf 89' lang='lat' dir='ltr'><strong>nec</strong></span> <span class='ocrx_word' id='word_1_125' title='bbox 1514 1688 1778 1758; x_wconf 82' lang='lat' dir='ltr'><strong>quispiam</strong></span> <span class='ocrx_word' id='word_1_126' title='bbox 1804 1687 1876 1740; x_wconf 88' lang='lat' dir='ltr'><strong>sit</strong></span> <span class='ocrx_word' id='word_1_127' title='bbox 1895 1685 1986 1755; x_wconf 89' lang='lat' dir='ltr'><strong>qui</strong></span> <span class='ocrx_word' id='word_1_128' title='bbox 2013 1684 2121 1738; x_wconf 83' lang='lat' dir='ltr'><strong>ulla</strong></span> 
     </span>
    </p>
   </div>
   <div class='ocr_carea' id='block_1_17' title="bbox 538 1775 2122 1853">
    <p class='ocr_par' dir='ltr' id='par_1_17' title="bbox 538 1775 2122 1853">
     <span class='ocr_line' id='line_1_17' title="bbox 538 1775 2122 1853; baseline -0.006 -15"><span class='ocrx_word' id='word_1_129' title='bbox 538 1786 591 1838; x_wconf 89' lang='lat' dir='ltr'><strong>in</strong></span> <span class='ocrx_word' id='word_1_130' title='bbox 622 1800 682 1841; x_wconf 92' lang='lat' dir='ltr'><strong>re</strong></span> <span class='ocrx_word' id='word_1_131' title='bbox 710 1783 838 1840; x_wconf 90' lang='lat' dir='ltr'><strong>illud</strong></span> <span class='ocrx_word' id='word_1_132' title='bbox 871 1785 1124 1840; x_wconf 89' lang='lat' dir='ltr'><strong>insectari</strong></span> <span class='ocrx_word' id='word_1_133' title='bbox 1169 1793 1346 1853; x_wconf 91' lang='lat' dir='ltr'><strong>queat.</strong></span> <span class='ocrx_word' id='word_1_134' title='bbox 1381 1782 1433 1836; x_wconf 69' lang='grc'><strong>4.</strong></span> <span class='ocrx_word' id='word_1_135' title='bbox 1467 1780 1573 1832; x_wconf 80' lang='lat' dir='ltr'><strong>Sed</strong></span> <span class='ocrx_word' id='word_1_136' title='bbox 1602 1781 1656 1833; x_wconf 88' lang='lat' dir='ltr'><strong>in</strong></span> <span class='ocrx_word' id='word_1_137' title='bbox 1699 1776 1928 1832; x_wconf 90' lang='lat' dir='ltr'><strong>omnibus</strong></span> <span class='ocrx_word' id='word_1_138' title='bbox 1979 1775 2122 1831; x_wconf 73' lang='lat' dir='ltr'><strong>exhi-</strong></span> 
     </span>
    </p>
   </div>
   <div class='ocr_carea' id='block_1_18' title="bbox 536 1866 2121 1945">
    <p class='ocr_par' dir='ltr' id='par_1_18' title="bbox 536 1866 2121 1945">
     <span class='ocr_line' id='line_1_18' title="bbox 536 1866 2121 1945; baseline -0.005 -17"><span class='ocrx_word' id='word_1_139' title='bbox 536 1875 704 1930; x_wconf 85' lang='lat' dir='ltr'><strong>bentes</strong></span> <span class='ocrx_word' id='word_1_140' title='bbox 749 1877 1079 1945; x_wconf 80' lang='lat' dir='ltr'><strong>nosmetipsos</strong></span> <span class='ocrx_word' id='word_1_141' title='bbox 1119 1874 1248 1929; x_wconf 81' lang='lat' dir='ltr'><strong>sicut</strong></span> <span class='ocrx_word' id='word_1_142' title='bbox 1292 1871 1388 1926; x_wconf 90' lang='lat' dir='ltr'><strong>Dei</strong></span> <span class='ocrx_word' id='word_1_143' title='bbox 1444 1870 1722 1924; x_wconf 88' lang='lat' dir='ltr'><strong>ministros.</strong></span> <span class='ocrx_word' id='word_1_144' title='bbox 1777 1867 1891 1922; x_wconf 85' lang='lat' dir='ltr'><strong>Hoc</strong></span> <span class='ocrx_word' id='word_1_145' title='bbox 1952 1866 2121 1920; x_wconf 86' lang='lat' dir='ltr'><strong>multo</strong></span> 
     </span>
    </p>
   </div>
   <div class='ocr_carea' id='block_1_19' title="bbox 535 1957 2117 2038">
    <p class='ocr_par' dir='ltr' id='par_1_19' title="bbox 535 1957 2117 2038">
     <span class='ocr_line' id='line_1_19' title="bbox 535 1957 2117 2038; baseline -0.008 -16"><span class='ocrx_word' id='word_1_146' title='bbox 535 1971 710 2038; x_wconf 87' lang='lat' dir='ltr'><strong>majus</strong></span> <span class='ocrx_word' id='word_1_147' title='bbox 737 1979 840 2022; x_wconf 89' lang='lat' dir='ltr'><strong>est.</strong></span> <span class='ocrx_word' id='word_1_148' title='bbox 869 1967 1053 2037; x_wconf 86' lang='lat' dir='ltr'><strong>Neque</strong></span> <span class='ocrx_word' id='word_1_149' title='bbox 1085 1967 1228 2021; x_wconf 90' lang='lat' dir='ltr'><strong>enim</strong></span> <span class='ocrx_word' id='word_1_150' title='bbox 1260 1965 1310 2018; x_wconf 92' lang='lat' dir='ltr'><strong>in</strong></span> <span class='ocrx_word' id='word_1_151' title='bbox 1343 1964 1456 2033; x_wconf 89' lang='lat' dir='ltr'><strong>pari</strong></span> <span class='ocrx_word' id='word_1_152' title='bbox 1488 1961 1641 2016; x_wconf 88' lang='lat' dir='ltr'><strong>laude</strong></span> <span class='ocrx_word' id='word_1_153' title='bbox 1667 1957 1972 2029; x_wconf 84' lang='lat' dir='ltr'><strong>ponendum</strong></span> <span class='ocrx_word' id='word_1_154' title='bbox 2003 1965 2117 2021; x_wconf 84' lang='lat' dir='ltr'><strong>est,</strong></span> 
     </span>
    </p>
   </div>
   <div class='ocr_carea' id='block_1_20' title="bbox 537 2053 2120 2129">
    <p class='ocr_par' dir='ltr' id='par_1_20' title="bbox 537 2053 2120 2129">
     <span class='ocr_line' id='line_1_20' title="bbox 537 2053 2120 2129; baseline -0.008 -15"><span class='ocrx_word' id='word_1_155' title='bbox 537 2059 962 2129; x_wconf 82' lang='lat' dir='ltr'><strong>reprehensione</strong></span> <span class='ocrx_word' id='word_1_156' title='bbox 1018 2071 1213 2112; x_wconf 86' lang='lat' dir='ltr'><strong>vacare</strong></span> <span class='ocrx_word' id='word_1_157' title='bbox 1233 2097 1248 2120; x_wconf 91' lang='lat'><strong>,</strong></span> <span class='ocrx_word' id='word_1_158' title='bbox 1293 2064 1453 2124; x_wconf 85' lang='lat' dir='ltr'><strong>atque</strong></span> <span class='ocrx_word' id='word_1_159' title='bbox 1482 2053 1552 2107; x_wconf 82' lang='lat' dir='ltr'><strong>ita</strong></span> <span class='ocrx_word' id='word_1_160' title='bbox 1597 2067 1656 2106; x_wconf 90' lang='lat' dir='ltr'><strong>se</strong></span> <span class='ocrx_word' id='word_1_161' title='bbox 1683 2064 1996 2118; x_wconf 86' lang='lat' dir='ltr'><strong>comparare</strong></span> <span class='ocrx_word' id='word_1_162' title='bbox 2020 2084 2034 2113; x_wconf 86' lang='lat'><strong>,</strong></span> <span class='ocrx_word' id='word_1_163' title='bbox 2066 2057 2120 2102; x_wconf 90' lang='lat' dir='ltr'><strong>ut</strong></span> 
     </span>
    </p>
   </div>
   <div class='ocr_carea' id='block_1_21' title="bbox 536 2143 2119 2222">
    <p class='ocr_par' dir='ltr' id='par_1_21' title="bbox 536 2143 2119 2222">
     <span class='ocr_line' id='line_1_21' title="bbox 536 2143 2119 2222; baseline -0.008 -18"><span class='ocrx_word' id='word_1_164' title='bbox 536 2152 773 2222; x_wconf 89' lang='lat' dir='ltr'><strong>undique</strong></span> <span class='ocrx_word' id='word_1_165' title='bbox 795 2150 1135 2220; x_wconf 84' lang='lat' dir='ltr'><strong>perspicuum</strong></span> <span class='ocrx_word' id='word_1_166' title='bbox 1166 2147 1255 2208; x_wconf 88' lang='lat' dir='ltr'><strong>sit,</strong></span> <span class='ocrx_word' id='word_1_167' title='bbox 1284 2159 1378 2200; x_wconf 87' lang='lat' dir='ltr'><strong>eos</strong></span> <span class='ocrx_word' id='word_1_168' title='bbox 1406 2145 1500 2199; x_wconf 87' lang='lat' dir='ltr'><strong>Dei</strong></span> <span class='ocrx_word' id='word_1_169' title='bbox 1525 2143 1801 2196; x_wconf 88' lang='lat' dir='ltr'><strong>ministros</strong></span> <span class='ocrx_word' id='word_1_170' title='bbox 1821 2154 1941 2195; x_wconf 89' lang='lat' dir='ltr'><strong>esse</strong></span> <span class='ocrx_word' id='word_1_171' title='bbox 1968 2157 1980 2192; x_wconf 90' lang='lat'><strong>:</strong></span> <span class='ocrx_word' id='word_1_172' title='bbox 2012 2154 2119 2192; x_wconf 84' lang='lat' dir='ltr'><strong>non</strong></span> 
     </span>
    </p>
   </div>
   <div class='ocr_carea' id='block_1_22' title="bbox 535 2233 2115 2313">
    <p class='ocr_par' dir='ltr' id='par_1_22' title="bbox 535 2233 2115 2313">
     <span class='ocr_line' id='line_1_22' title="bbox 535 2233 2115 2313; baseline -0.01 -14"><span class='ocrx_word' id='word_1_173' title='bbox 535 2245 681 2299; x_wconf 89' lang='lat' dir='ltr'><strong>enim</strong></span> <span class='ocrx_word' id='word_1_174' title='bbox 705 2245 849 2313; x_wconf 90' lang='lat' dir='ltr'><strong>paris</strong></span> <span class='ocrx_word' id='word_1_175' title='bbox 869 2241 1037 2295; x_wconf 78' lang='lat' dir='ltr'><strong>laudis</strong></span> <span class='ocrx_word' id='word_1_176' title='bbox 1058 2247 1170 2305; x_wconf 86' lang='lat' dir='ltr'><strong>est,</strong></span> <span class='ocrx_word' id='word_1_177' title='bbox 1198 2254 1228 2291; x_wconf 89' lang='lat' dir='ltr'><strong>a</strong></span> <span class='ocrx_word' id='word_1_178' title='bbox 1251 2235 1672 2305; x_wconf 84' lang='lat' dir='ltr'><strong>reprehensione</strong></span> <span class='ocrx_word' id='word_1_179' title='bbox 1703 2233 1929 2287; x_wconf 89' lang='lat' dir='ltr'><strong>liberum</strong></span> <span class='ocrx_word' id='word_1_180' title='bbox 1959 2245 2077 2286; x_wconf 83' lang='lat' dir='ltr'><strong>esse</strong></span> <span class='ocrx_word' id='word_1_181' title='bbox 2097 2270 2115 2293; x_wconf 91' lang='lat'><strong>,</strong></span> 
     </span>
    </p>
   </div>
   <div class='ocr_carea' id='block_1_23' title="bbox 535 2323 2116 2391">
    <p class='ocr_par' dir='ltr' id='par_1_23' title="bbox 535 2323 2116 2391">
     <span class='ocr_line' id='line_1_23' title="bbox 535 2323 2116 2391; baseline -0.011 -1"><span class='ocrx_word' id='word_1_182' title='bbox 535 2346 591 2391; x_wconf 88' lang='lat' dir='ltr'><strong>et</strong></span> <span class='ocrx_word' id='word_1_183' title='bbox 632 2334 849 2391; x_wconf 90' lang='lat' dir='ltr'><strong>laudum</strong></span> <span class='ocrx_word' id='word_1_184' title='bbox 897 2329 1230 2386; x_wconf 79' lang='lat' dir='ltr'><strong>ornamentis</strong></span> <span class='ocrx_word' id='word_1_185' title='bbox 1275 2327 1566 2381; x_wconf 84' lang='lat' dir='ltr'><strong>abundare.</strong></span> <span class='ocrx_word' id='word_1_186' title='bbox 1598 2323 1706 2378; x_wconf 89' lang='lat' dir='ltr'><strong>Nec</strong></span> <span class='ocrx_word' id='word_1_187' title='bbox 1735 2323 1901 2385; x_wconf 86' lang='lat' dir='ltr'><strong>dixit,</strong></span> <span class='ocrx_word' id='word_1_188' title='bbox 1937 2325 2116 2390; x_wconf 76' lang='lat' dir='ltr'><strong>Appa-</strong></span> 
     </span>
    </p>
   </div>
   <div class='ocr_carea' id='block_1_24' title="bbox 537 2414 2114 2489">
    <p class='ocr_par' dir='ltr' id='par_1_24' title="bbox 537 2414 2114 2489">
     <span class='ocr_line' id='line_1_24' title="bbox 537 2414 2114 2489; baseline -0.01 -9"><span class='ocrx_word' id='word_1_189' title='bbox 537 2435 750 2489; x_wconf 90' lang='lat' dir='ltr'><strong>rentes,</strong></span> <span class='ocrx_word' id='word_1_190' title='bbox 807 2423 900 2477; x_wconf 88' lang='lat' dir='ltr'><strong>sed</strong></span> <span class='ocrx_word' id='word_1_191' title='bbox 960 2420 1294 2485; x_wconf 70' lang='lat' dir='ltr'><strong>Exhibentes,</strong></span> <span class='ocrx_word' id='word_1_192' title='bbox 1345 2417 1446 2471; x_wconf 87' lang='lat' dir='ltr'><strong>hoc</strong></span> <span class='ocrx_word' id='word_1_193' title='bbox 1492 2425 1612 2481; x_wconf 90' lang='lat' dir='ltr'><strong>est,</strong></span> <span class='ocrx_word' id='word_1_194' title='bbox 1665 2414 2114 2468; x_wconf 81' lang='lat' dir='ltr'><strong>demonstrantes.</strong></span> 
     </span>
    </p>
   </div>
   <div class='ocr_carea' id='block_1_25' title="bbox 539 2505 2118 2580">
    <p class='ocr_par' dir='ltr' id='par_1_25' title="bbox 539 2505 2118 2580">
     <span class='ocr_line' id='line_1_25' title="bbox 539 2505 2118 2580; baseline -0.01 -8"><span class='ocrx_word' id='word_1_195' title='bbox 539 2518 741 2574; x_wconf 91' lang='lat' dir='ltr'><strong>Deinde</strong></span> <span class='ocrx_word' id='word_1_196' title='bbox 759 2516 897 2570; x_wconf 87' lang='lat' dir='ltr'><strong>unde</strong></span> <span class='ocrx_word' id='word_1_197' title='bbox 917 2516 1049 2569; x_wconf 81' lang='lat' dir='ltr'><strong>tales</strong></span> <span class='ocrx_word' id='word_1_198' title='bbox 1067 2513 1238 2569; x_wconf 76' lang='lat' dir='ltr'><strong>elfccti</strong></span> <span class='ocrx_word' id='word_1_199' title='bbox 1258 2512 1364 2566; x_wconf 91' lang='lat' dir='ltr'><strong>sint</strong></span> <span class='ocrx_word' id='word_1_200' title='bbox 1381 2509 1620 2580; x_wconf 86' lang='lat' dir='ltr'><strong>exponit.</strong></span> <span class='ocrx_word' id='word_1_201' title='bbox 1635 2507 1910 2563; x_wconf 90' lang='lat' dir='ltr'><strong>Undenam</strong></span> <span class='ocrx_word' id='word_1_202' title='bbox 1933 2505 2118 2574; x_wconf 79' lang='lat' dir='ltr'><strong>igitur?</strong></span> 
     </span>
    </p>
   </div>
   <div class='ocr_carea' id='block_1_26' title="bbox 539 2599 2114 2680">
    <p class='ocr_par' dir='ltr' id='par_1_26' title="bbox 539 2599 2114 2680">
     <span class='ocr_line' id='line_1_26' title="bbox 539 2599 2114 2680; baseline -0.009 -16"><span class='ocrx_word' id='word_1_203' title='bbox 539 2611 606 2666; x_wconf 81' lang='lat' dir='ltr'><strong>In</strong></span> <span class='ocrx_word' id='word_1_204' title='bbox 652 2611 813 2664; x_wconf 83' lang='lat' dir='ltr'><strong>multa</strong></span> <span class='ocrx_word' id='word_1_205' title='bbox 861 2608 1102 2680; x_wconf 82' lang='lat' dir='ltr'><strong>patientia</strong></span> <span class='ocrx_word' id='word_1_206' title='bbox 1124 2647 1140 2673; x_wconf 93' lang='lat'><strong>,</strong></span> <span class='ocrx_word' id='word_1_207' title='bbox 1191 2604 1383 2676; x_wconf 88' lang='lat' dir='ltr'><strong>inquit.</strong></span> <span class='ocrx_word' id='word_1_208' title='bbox 1416 2602 1622 2670; x_wconf 86' lang='lat' dir='ltr'><strong>Quibus</strong></span> <span class='ocrx_word' id='word_1_209' title='bbox 1645 2599 1822 2654; x_wconf 80' lang='lat' dir='ltr'><strong>verbis</strong></span> <span class='ocrx_word' id='word_1_210' title='bbox 1852 2600 2114 2653; x_wconf 88' lang='lat' dir='ltr'><strong>bonorum</strong></span> 
     </span>
    </p>
   </div>
   <div class='ocr_carea' id='block_1_27' title="bbox 534 2691 2117 2768">
    <p class='ocr_par' dir='ltr' id='par_1_27' title="bbox 534 2691 2117 2768">
     <span class='ocr_line' id='line_1_27' title="bbox 534 2691 2117 2768; baseline -0.009 -9"><span class='ocrx_word' id='word_1_211' title='bbox 534 2705 772 2759; x_wconf 89' lang='lat' dir='ltr'><strong>omnium</strong></span> <span class='ocrx_word' id='word_1_212' title='bbox 805 2701 1206 2757; x_wconf 80' lang='lat' dir='ltr'><strong>fundamentum</strong></span> <span class='ocrx_word' id='word_1_213' title='bbox 1250 2696 1447 2768; x_wconf 86' lang='lat' dir='ltr'><strong>posuit.</strong></span> <span class='ocrx_word' id='word_1_214' title='bbox 1497 2694 1620 2749; x_wconf 88' lang='lat' dir='ltr'><strong>Ideo</strong></span> <span class='ocrx_word' id='word_1_215' title='bbox 1650 2707 1756 2746; x_wconf 92' lang='lat' dir='ltr'><strong>non</strong></span> <span class='ocrx_word' id='word_1_216' title='bbox 1800 2691 2117 2761; x_wconf 87' lang='lat' dir='ltr'><strong>simpliciter</strong></span> 
     </span>
    </p>
   </div>
   <div class='ocr_carea' id='block_1_28' title="bbox 537 2782 2119 2868">
    <p class='ocr_par' dir='ltr' id='par_1_28' title="bbox 537 2782 2119 2868">
     <span class='ocr_line' id='line_1_28' title="bbox 537 2782 2119 2868; baseline -0.01 -19"><span class='ocrx_word' id='word_1_217' title='bbox 537 2797 846 2868; x_wconf 83' lang='lat' dir='ltr'><strong>patientiam</strong></span> <span class='ocrx_word' id='word_1_218' title='bbox 904 2794 1076 2860; x_wconf 81' lang='lat' dir='ltr'><strong>dixit,</strong></span> <span class='ocrx_word' id='word_1_219' title='bbox 1121 2790 1214 2847; x_wconf 90' lang='lat' dir='ltr'><strong>sed</strong></span> <span class='ocrx_word' id='word_1_220' title='bbox 1247 2789 1469 2844; x_wconf 87' lang='lat' dir='ltr'><strong>multam</strong></span> <span class='ocrx_word' id='word_1_221' title='bbox 1519 2785 1698 2850; x_wconf 89' lang='lat' dir='ltr'><strong>addit,</strong></span> <span class='ocrx_word' id='word_1_222' title='bbox 1729 2792 1787 2837; x_wconf 91' lang='lat' dir='ltr'><strong>ut</strong></span> <span class='ocrx_word' id='word_1_223' title='bbox 1833 2782 1976 2836; x_wconf 90' lang='lat' dir='ltr'><strong>illius</strong></span> <span class='ocrx_word' id='word_1_224' title='bbox 2005 2796 2119 2835; x_wconf 79' lang='lat' dir='ltr'><strong>ma-</strong></span> 
     </span>
    </p>
   </div>
   <div class='ocr_carea' id='block_1_29' title="bbox 533 2873 2115 2957">
    <p class='ocr_par' dir='ltr' id='par_1_29' title="bbox 533 2873 2115 2957">
     <span class='ocr_line' id='line_1_29' title="bbox 533 2873 2115 2957; baseline -0.01 -16"><span class='ocrx_word' id='word_1_225' title='bbox 533 2889 864 2957; x_wconf 83' lang='lat' dir='ltr'><strong>gnitudinem</strong></span> <span class='ocrx_word' id='word_1_226' title='bbox 921 2885 1241 2941; x_wconf 85' lang='lat' dir='ltr'><strong>declararet.</strong></span> <span class='ocrx_word' id='word_1_227' title='bbox 1299 2879 1471 2935; x_wconf 84' lang='lat' dir='ltr'><strong>Unam</strong></span> <span class='ocrx_word' id='word_1_228' title='bbox 1522 2885 1613 2931; x_wconf 88' lang='lat' dir='ltr'><strong>aut</strong></span> <span class='ocrx_word' id='word_1_229' title='bbox 1658 2876 1879 2929; x_wconf 82' lang='lat' dir='ltr'><strong>alteram</strong></span> <span class='ocrx_word' id='word_1_230' title='bbox 1931 2873 2115 2926; x_wconf 82' lang='lat' dir='ltr'><strong>tulisse</strong></span> 
     </span>
    </p>
   </div>
   <div class='ocr_carea' id='block_1_30' title="bbox 539 2963 2113 3042">
    <p class='ocr_par' dir='ltr' id='par_1_30' title="bbox 539 2963 2113 3042">
     <span class='ocr_line' id='line_1_30' title="bbox 539 2963 2113 3042; baseline -0.01 -10"><span class='ocrx_word' id='word_1_231' title='bbox 539 2979 886 3034; x_wconf 88' lang='lat' dir='ltr'><strong>tentationem</strong></span> <span class='ocrx_word' id='word_1_232' title='bbox 913 2990 1020 3030; x_wconf 92' lang='lat' dir='ltr'><strong>non</strong></span> <span class='ocrx_word' id='word_1_233' title='bbox 1048 2987 1296 3042; x_wconf 87' lang='lat' dir='ltr'><strong>magnum</strong></span> <span class='ocrx_word' id='word_1_234' title='bbox 1322 2981 1496 3032; x_wconf 83' lang='lat' dir='ltr'><strong>esset;</strong></span> <span class='ocrx_word' id='word_1_235' title='bbox 1529 2967 1623 3022; x_wconf 90' lang='lat' dir='ltr'><strong>sed</strong></span> <span class='ocrx_word' id='word_1_236' title='bbox 1649 2967 1738 3020; x_wconf 92' lang='lat' dir='ltr'><strong>ille</strong></span> <span class='ocrx_word' id='word_1_237' title='bbox 1766 2963 2113 3019; x_wconf 87' lang='lat' dir='ltr'><strong>tentationem</strong></span> 
     </span>
    </p>
   </div>
   <div class='ocr_carea' id='block_1_31' title="bbox 534 3056 2116 3130">
    <p class='ocr_par' dir='ltr' id='par_1_31' title="bbox 534 3056 2116 3130">
     <span class='ocr_line' id='line_1_31' title="bbox 534 3056 2116 3130; baseline -0.013 -3"><span class='ocrx_word' id='word_1_238' title='bbox 534 3088 635 3126; x_wconf 79' lang='lat' dir='ltr'><strong>rcu</strong></span> <span class='ocrx_word' id='word_1_239' title='bbox 677 3069 900 3124; x_wconf 91' lang='lat' dir='ltr'><strong>imbrem</strong></span> <span class='ocrx_word' id='word_1_240' title='bbox 931 3065 1172 3130; x_wconf 84' lang='lat' dir='ltr'><strong>inducit,</strong></span> <span class='ocrx_word' id='word_1_241' title='bbox 1217 3063 1436 3124; x_wconf 91' lang='lat' dir='ltr'><strong>dicens,</strong></span> <span class='ocrx_word' id='word_1_242' title='bbox 1471 3059 1536 3112; x_wconf 88' lang='lat' dir='ltr'><strong>In</strong></span> <span class='ocrx_word' id='word_1_243' title='bbox 1581 3056 2017 3122; x_wconf 84' lang='lat' dir='ltr'><strong>tribulationibus,</strong></span> <span class='ocrx_word' id='word_1_244' title='bbox 2062 3056 2116 3109; x_wconf 88' lang='lat' dir='ltr'><strong>in</strong></span> 
     </span>
    </p>
   </div>
   <div class='ocr_carea' id='block_1_32' title="bbox 536 3154 2115 3220">
    <p class='ocr_par' dir='ltr' id='par_1_32' title="bbox 536 3154 2115 3220">
     <span class='ocr_line' id='line_1_32' title="bbox 536 3154 2115 3220; baseline -0.009 -3"><span class='ocrx_word' id='word_1_245' title='bbox 536 3160 934 3216; x_wconf 80' lang='lat' dir='ltr'><strong>necessitatibus.</strong></span> <span class='ocrx_word' id='word_1_246' title='bbox 965 3157 1078 3211; x_wconf 90' lang='lat' dir='ltr'><strong>lloc</strong></span> <span class='ocrx_word' id='word_1_247' title='bbox 1107 3154 1454 3208; x_wconf 85' lang='lat' dir='ltr'><strong>alﬁictionum</strong></span> <span class='ocrx_word' id='word_1_248' title='bbox 1477 3158 1820 3220; x_wconf 83' lang='lat' dir='ltr'><strong>augmentum</strong></span> <span class='ocrx_word' id='word_1_249' title='bbox 1847 3157 1964 3215; x_wconf 88' lang='lat' dir='ltr'><strong>est,</strong></span> <span class='ocrx_word' id='word_1_250' title='bbox 1991 3164 2115 3204; x_wconf 89' lang='lat' dir='ltr'><strong>cum</strong></span> 
     </span>
    </p>
   </div>
   <div class='ocr_carea' id='block_1_33' title="bbox 535 3241 2114 3317">
    <p class='ocr_par' dir='ltr' id='par_1_33' title="bbox 535 3241 2114 3317">
     <span class='ocr_line' id='line_1_33' title="bbox 535 3241 2114 3317; baseline -0.009 -8"><span class='ocrx_word' id='word_1_251' title='bbox 535 3254 674 3310; x_wconf 89' lang='lat' dir='ltr'><strong>mala</strong></span> <span class='ocrx_word' id='word_1_252' title='bbox 715 3250 871 3306; x_wconf 82' lang='lat' dir='ltr'><strong>vitari</strong></span> <span class='ocrx_word' id='word_1_253' title='bbox 917 3255 1210 3317; x_wconf 88' lang='lat' dir='ltr'><strong>nequeunt,</strong></span> <span class='ocrx_word' id='word_1_254' title='bbox 1241 3243 1484 3300; x_wconf 83' lang='lat' dir='ltr'><strong>acvelut</strong></span> <span class='ocrx_word' id='word_1_255' title='bbox 1531 3242 1824 3298; x_wconf 81' lang='lat' dir='ltr'><strong>necessitas</strong></span> <span class='ocrx_word' id='word_1_256' title='bbox 1869 3241 2114 3310; x_wconf 70' lang='lat' dir='ltr'><strong>quaedam</strong></span> 
     </span>
    </p>
   </div>
   <div class='ocr_carea' id='block_1_34' title="bbox 534 3331 2111 3406">
    <p class='ocr_par' dir='ltr' id='par_1_34' title="bbox 534 3331 2111 3406">
     <span class='ocr_line' id='line_1_34' title="bbox 534 3331 2111 3406; baseline -0.01 -6"><span class='ocrx_word' id='word_1_257' title='bbox 534 3344 886 3402; x_wconf 87' lang='lat' dir='ltr'><strong>acerbitatum</strong></span> <span class='ocrx_word' id='word_1_258' title='bbox 917 3339 1200 3404; x_wconf 87' lang='lat' dir='ltr'><strong>incumbit,</strong></span> <span class='ocrx_word' id='word_1_259' title='bbox 1226 3352 1290 3392; x_wconf 89' lang='lat' dir='ltr'><strong>ex</strong></span> <span class='ocrx_word' id='word_1_260' title='bbox 1317 3350 1422 3406; x_wconf 89' lang='lat' dir='ltr'><strong>qua</strong></span> <span class='ocrx_word' id='word_1_261' title='bbox 1455 3335 1539 3388; x_wconf 87' lang='lat' dir='ltr'><strong>vix</strong></span> <span class='ocrx_word' id='word_1_262' title='bbox 1569 3345 1621 3388; x_wconf 88' lang='lat' dir='ltr'><strong>te</strong></span> <span class='ocrx_word' id='word_1_263' title='bbox 1645 3331 1901 3403; x_wconf 87' lang='lat' dir='ltr'><strong>expedire</strong></span> <span class='ocrx_word' id='word_1_264' title='bbox 1927 3346 2111 3402; x_wconf 87' lang='lat' dir='ltr'><strong>queas.</strong></span> 
     </span>
    </p>
   </div>
   <div class='ocr_carea' id='block_1_35' title="bbox 535 3426 2115 3507">
    <p class='ocr_par' dir='ltr' id='par_1_35' title="bbox 535 3426 2115 3507">
     <span class='ocr_line' id='line_1_35' title="bbox 535 3426 2115 3507; baseline -0.011 -14"><span class='ocrx_word' id='word_1_265' title='bbox 535 3437 602 3494; x_wconf 81' lang='lat' dir='ltr'><strong>In</strong></span> <span class='ocrx_word' id='word_1_266' title='bbox 623 3433 890 3507; x_wconf 85' lang='lat' dir='ltr'><strong>angustiis.</strong></span> <span class='ocrx_word' id='word_1_267' title='bbox 917 3429 1098 3485; x_wconf 85' lang='lat' dir='ltr'><strong>Famis</strong></span> <span class='ocrx_word' id='word_1_268' title='bbox 1129 3428 1335 3484; x_wconf 82' lang='lat' dir='ltr'><strong>scilicet</strong></span> <span class='ocrx_word' id='word_1_269' title='bbox 1356 3426 1692 3495; x_wconf 87' lang='lat' dir='ltr'><strong>aliarumque</strong></span> <span class='ocrx_word' id='word_1_270' title='bbox 1718 3437 1900 3478; x_wconf 90' lang='lat' dir='ltr'><strong>rerum</strong></span> <span class='ocrx_word' id='word_1_271' title='bbox 1928 3436 2115 3477; x_wconf 81' lang='lat' dir='ltr'><strong>neces-</strong></span> 
     </span>
    </p>
   </div>
   <div class='ocr_carea' id='block_1_36' title="bbox 534 3513 2138 3593">
    <p class='ocr_par' dir='ltr' id='par_1_36' title="bbox 534 3513 2138 3593">
     <span class='ocr_line' id='line_1_36' title="bbox 534 3513 2138 3593; baseline -0.011 -8"><span class='ocrx_word' id='word_1_272' title='bbox 534 3529 829 3593; x_wconf 85' lang='lat' dir='ltr'><strong>sariarum,</strong></span> <span class='ocrx_word' id='word_1_273' title='bbox 859 3523 945 3580; x_wconf 89' lang='lat' dir='ltr'><strong>vel</strong></span> <span class='ocrx_word' id='word_1_274' title='bbox 975 3521 1290 3592; x_wconf 85' lang='lat' dir='ltr'><strong>simpliciter</strong></span> <span class='ocrx_word' id='word_1_275' title='bbox 1319 3518 1697 3574; x_wconf 85' lang='lat' dir='ltr'><strong>tentationum.</strong></span> <span class='ocrx_word' id='word_1_276' title='bbox 1730 3517 1783 3571; x_wconf 84' lang='lat'><strong>5.</strong></span> <span class='ocrx_word' id='word_1_277' title='bbox 1817 3513 1884 3568; x_wconf 88' lang='lat' dir='ltr'><strong>In</strong></span> <span class='ocrx_word' id='word_1_278' title='bbox 1909 3515 2077 3586; x_wconf 90' lang='lat' dir='ltr'><strong>plagis</strong></span> <span class='ocrx_word' id='word_1_279' title='bbox 2096 3553 2112 3579; x_wconf 96' lang='lat'><strong>,</strong></span> <span class='ocrx_word' id='word_1_280' title='bbox 2136 3514 2138 3520; x_wconf 45' lang='grc' dir='ltr'>ί</span> 
     </span>
    </p>
   </div>
   <div class='ocr_carea' id='block_1_37' title="bbox 531 3606 2112 3682">
    <p class='ocr_par' dir='ltr' id='par_1_37' title="bbox 531 3606 2112 3682">
     <span class='ocr_line' id='line_1_37' title="bbox 531 3606 2112 3682; baseline -0.013 -4"><span class='ocrx_word' id='word_1_281' title='bbox 531 3625 587 3677; x_wconf 91' lang='lat' dir='ltr'><strong>in</strong></span> <span class='ocrx_word' id='word_1_282' title='bbox 611 3620 896 3676; x_wconf 79' lang='lat' dir='ltr'><strong>carceribus</strong></span> <span class='ocrx_word' id='word_1_283' title='bbox 914 3658 930 3682; x_wconf 92' lang='lat'><strong>,</strong></span> <span class='ocrx_word' id='word_1_284' title='bbox 956 3617 1012 3671; x_wconf 86' lang='lat' dir='ltr'><strong>in</strong></span> <span class='ocrx_word' id='word_1_285' title='bbox 1037 3613 1392 3670; x_wconf 85' lang='lat' dir='ltr'><strong>seditionibus.</strong></span> <span class='ocrx_word' id='word_1_286' title='bbox 1423 3610 1585 3680; x_wconf 85' lang='lat' dir='ltr'><strong>Atqui</strong></span> <span class='ocrx_word' id='word_1_287' title='bbox 1615 3607 1893 3679; x_wconf 88' lang='lat' dir='ltr'><strong>quodlibet</strong></span> <span class='ocrx_word' id='word_1_288' title='bbox 1922 3606 2112 3660; x_wconf 89' lang='lat' dir='ltr'><strong>horum</strong></span> 
     </span>
    </p>
   </div>
   <div class='ocr_carea' id='block_1_38' title="bbox 532 3697 2112 3770">
    <p class='ocr_par' dir='ltr' id='par_1_38' title="bbox 532 3697 2112 3770">
     <span class='ocr_line' id='line_1_38' title="bbox 532 3697 2112 3770; baseline -0.012 -1"><span class='ocrx_word' id='word_1_289' title='bbox 532 3715 618 3769; x_wconf 84' lang='lat' dir='ltr'><strong>vel</strong></span> <span class='ocrx_word' id='word_1_290' title='bbox 644 3713 815 3767; x_wconf 90' lang='lat' dir='ltr'><strong>solum</strong></span> <span class='ocrx_word' id='word_1_291' title='bbox 838 3705 1175 3764; x_wconf 88' lang='lat' dir='ltr'><strong>intolerabile</strong></span> <span class='ocrx_word' id='word_1_292' title='bbox 1201 3711 1354 3768; x_wconf 85' lang='lat' dir='ltr'><strong>erat,</strong></span> <span class='ocrx_word' id='word_1_293' title='bbox 1382 3710 1437 3756; x_wconf 89' lang='lat' dir='ltr'><strong>et</strong></span> <span class='ocrx_word' id='word_1_294' title='bbox 1458 3701 1638 3770; x_wconf 85' lang='lat' dir='ltr'><strong>ﬂagris</strong></span> <span class='ocrx_word' id='word_1_295' title='bbox 1658 3698 1789 3755; x_wconf 63' lang='lat' dir='ltr'><strong>caedi</strong></span> <span class='ocrx_word' id='word_1_296' title='bbox 1816 3697 1990 3752; x_wconf 89' lang='lat' dir='ltr'><strong>solum</strong></span> <span class='ocrx_word' id='word_1_297' title='bbox 2011 3739 2028 3762; x_wconf 96' lang='lat'><strong>,</strong></span> <span class='ocrx_word' id='word_1_298' title='bbox 2055 3705 2112 3751; x_wconf 90' lang='lat' dir='ltr'><strong>et</strong></span> 
     </span>
    </p>
   </div>
   <div class='ocr_carea' id='block_1_39' title="bbox 532 3789 2110 3864">
    <p class='ocr_par' dir='ltr' id='par_1_39' title="bbox 532 3789 2110 3864">
     <span class='ocr_line' id='line_1_39' title="bbox 532 3789 2110 3864; baseline -0.011 -6"><span class='ocrx_word' id='word_1_299' title='bbox 532 3804 722 3857; x_wconf 79' lang='lat' dir='ltr'><strong>vinciri</strong></span> <span class='ocrx_word' id='word_1_300' title='bbox 751 3801 945 3862; x_wconf 90' lang='lat' dir='ltr'><strong>solum,</strong></span> <span class='ocrx_word' id='word_1_301' title='bbox 976 3806 1034 3852; x_wconf 88' lang='lat' dir='ltr'><strong>et</strong></span> <span class='ocrx_word' id='word_1_302' title='bbox 1058 3796 1272 3864; x_wconf 91' lang='lat' dir='ltr'><strong>pulsum</strong></span> <span class='ocrx_word' id='word_1_303' title='bbox 1299 3806 1562 3861; x_wconf 90' lang='lat' dir='ltr'><strong>nusquam</strong></span> <span class='ocrx_word' id='word_1_304' title='bbox 1589 3789 1886 3845; x_wconf 88' lang='lat' dir='ltr'><strong>consistere</strong></span> <span class='ocrx_word' id='word_1_305' title='bbox 1914 3801 2071 3858; x_wconf 88' lang='lat' dir='ltr'><strong>posse</strong></span> <span class='ocrx_word' id='word_1_306' title='bbox 2096 3805 2110 3841; x_wconf 90' lang='lat'><strong>:</strong></span> 
     </span>
    </p>
   </div>
   <div class='ocr_carea' id='block_1_40' title="bbox 538 3877 2116 3957">
    <p class='ocr_par' dir='ltr' id='par_1_40' title="bbox 538 3877 2116 3957">
     <span class='ocr_line' id='line_1_40' title="bbox 538 3877 2116 3957; baseline -0.01 -9"><span class='ocrx_word' id='word_1_307' title='bbox 538 3894 643 3947; x_wconf 91' lang='lat' dir='ltr'><strong>hoc</strong></span> <span class='ocrx_word' id='word_1_308' title='bbox 666 3893 810 3946; x_wconf 84' lang='lat' dir='ltr'><strong>enim</strong></span> <span class='ocrx_word' id='word_1_309' title='bbox 853 3886 1153 3957; x_wconf 87' lang='lat' dir='ltr'><strong>signiﬁcat,</strong></span> <span class='ocrx_word' id='word_1_310' title='bbox 1185 3882 1254 3937; x_wconf 83' lang='lat' dir='ltr'><strong>In</strong></span> <span class='ocrx_word' id='word_1_311' title='bbox 1296 3883 1648 3936; x_wconf 81' lang='lat' dir='ltr'><strong>seditionibus.</strong></span> <span class='ocrx_word' id='word_1_312' title='bbox 1676 3881 1746 3934; x_wconf 87' lang='lat' dir='ltr'><strong>At</strong></span> <span class='ocrx_word' id='word_1_313' title='bbox 1775 3893 1897 3933; x_wconf 92' lang='lat' dir='ltr'><strong>cum</strong></span> <span class='ocrx_word' id='word_1_314' title='bbox 1923 3887 1978 3934; x_wconf 90' lang='lat' dir='ltr'><strong>et</strong></span> <span class='ocrx_word' id='word_1_315' title='bbox 2000 3877 2116 3933; x_wconf 75' lang='lat' dir='ltr'><strong>hzec</strong></span> 
     </span>
    </p>
   </div>
   <div class='ocr_carea' id='block_1_41' title="bbox 534 3968 2116 4045">
    <p class='ocr_par' dir='ltr' id='par_1_41' title="bbox 534 3968 2116 4045">
     <span class='ocr_line' id='line_1_41' title="bbox 534 3968 2116 4045; baseline -0.01 -7"><span class='ocrx_word' id='word_1_316' title='bbox 534 3981 715 4038; x_wconf 88' lang='lat' dir='ltr'><strong>omnia</strong></span> <span class='ocrx_word' id='word_1_317' title='bbox 740 3989 794 4036; x_wconf 87' lang='lat' dir='ltr'><strong>et</strong></span> <span class='ocrx_word' id='word_1_318' title='bbox 820 3977 979 4032; x_wconf 86' lang='lat' dir='ltr'><strong>simul</strong></span> <span class='ocrx_word' id='word_1_319' title='bbox 1010 3977 1299 4045; x_wconf 89' lang='lat' dir='ltr'><strong>ingruunt,</strong></span> <span class='ocrx_word' id='word_1_320' title='bbox 1343 3972 1516 4041; x_wconf 90' lang='lat' dir='ltr'><strong>cogita</strong></span> <span class='ocrx_word' id='word_1_321' title='bbox 1546 3984 1707 4040; x_wconf 89' lang='lat' dir='ltr'><strong>quam</strong></span> <span class='ocrx_word' id='word_1_322' title='bbox 1755 3968 1970 4024; x_wconf 91' lang='lat' dir='ltr'><strong>ﬁrmum</strong></span> <span class='ocrx_word' id='word_1_323' title='bbox 1999 3971 2116 4023; x_wconf 91' lang='lat' dir='ltr'><strong>ani-</strong></span> 
     </span>
    </p>
   </div>
   <div class='ocr_carea' id='block_1_42' title="bbox 541 4064 2112 4144">
    <p class='ocr_par' dir='ltr' id='par_1_42' title="bbox 541 4064 2112 4144">
     <span class='ocr_line' id='line_1_42' title="bbox 541 4064 2112 4144; baseline -0.009 -14"><span class='ocrx_word' id='word_1_324' title='bbox 541 4091 686 4130; x_wconf 91' lang='lat' dir='ltr'><strong>mum</strong></span> <span class='ocrx_word' id='word_1_325' title='bbox 712 4073 1005 4144; x_wconf 86' lang='lat' dir='ltr'><strong>requirant.</strong></span> <span class='ocrx_word' id='word_1_326' title='bbox 1038 4069 1301 4138; x_wconf 87' lang='lat' dir='ltr'><strong>Deinceps</strong></span> <span class='ocrx_word' id='word_1_327' title='bbox 1337 4081 1442 4121; x_wconf 92' lang='lat' dir='ltr'><strong>una</strong></span> <span class='ocrx_word' id='word_1_328' title='bbox 1483 4080 1607 4119; x_wconf 90' lang='lat' dir='ltr'><strong>cum</strong></span> <span class='ocrx_word' id='word_1_329' title='bbox 1633 4064 1870 4120; x_wconf 87' lang='lat' dir='ltr'><strong>externis</strong></span> <span class='ocrx_word' id='word_1_330' title='bbox 1897 4078 1992 4117; x_wconf 86' lang='lat' dir='ltr'><strong>sua</strong></span> <span class='ocrx_word' id='word_1_331' title='bbox 2022 4077 2112 4117; x_wconf 88' lang='lat' dir='ltr'><strong>re-</strong></span> 
     </span>
    </p>
   </div>
   <div class='ocr_carea' id='block_1_43' title="bbox 539 4154 2115 4228">
    <p class='ocr_par' dir='ltr' id='par_1_43' title="bbox 539 4154 2115 4228">
     <span class='ocr_line' id='line_1_43' title="bbox 539 4154 2115 4228; baseline -0.011 -3"><span class='ocrx_word' id='word_1_332' title='bbox 539 4177 722 4224; x_wconf 82' lang='lat' dir='ltr'><strong>censet</strong></span> <span class='ocrx_word' id='word_1_333' title='bbox 754 4185 768 4222; x_wconf 92' lang='lat'>:</span> <span class='ocrx_word' id='word_1_334' title='bbox 823 4163 887 4219; x_wconf 84' lang='lat' dir='ltr'><strong>In</strong></span> <span class='ocrx_word' id='word_1_335' title='bbox 936 4163 1221 4224; x_wconf 70' lang='lat' dir='ltr'><strong>laboribus,</strong></span> <span class='ocrx_word' id='word_1_336' title='bbox 1265 4160 1320 4213; x_wconf 84' lang='lat' dir='ltr'><strong>in</strong></span> <span class='ocrx_word' id='word_1_337' title='bbox 1347 4157 1533 4228; x_wconf 78' lang='lat' dir='ltr'><strong>vigiliis</strong></span> <span class='ocrx_word' id='word_1_338' title='bbox 1553 4196 1570 4223; x_wconf 93' lang='lat'><strong>,</strong></span> <span class='ocrx_word' id='word_1_339' title='bbox 1599 4157 1653 4210; x_wconf 91' lang='lat' dir='ltr'><strong>in</strong></span> <span class='ocrx_word' id='word_1_340' title='bbox 1689 4156 1940 4226; x_wconf 86' lang='lat' dir='ltr'><strong>jejuniis,</strong></span> <span class='ocrx_word' id='word_1_341' title='bbox 1972 4154 2027 4209; x_wconf 89' lang='lat'><strong>6.</strong></span> <span class='ocrx_word' id='word_1_342' title='bbox 2059 4155 2115 4208; x_wconf 84' lang='lat' dir='ltr'><strong>in</strong></span> 
     </span>
    </p>
   </div>
   <div class='ocr_carea' id='block_1_44' title="bbox 536 4243 2115 4316">
    <p class='ocr_par' dir='ltr' id='par_1_44' title="bbox 536 4243 2115 4316">
     <span class='ocr_line' id='line_1_44' title="bbox 536 4243 2115 4316; baseline -0.011 -1"><span class='ocrx_word' id='word_1_343' title='bbox 536 4261 784 4316; x_wconf 88' lang='lat' dir='ltr'><strong>castitate.</strong></span> <span class='ocrx_word' id='word_1_344' title='bbox 831 4255 926 4311; x_wconf 77' lang='lat' dir='ltr'><strong>llis</strong></span> <span class='ocrx_word' id='word_1_345' title='bbox 969 4252 1148 4308; x_wconf 84' lang='lat' dir='ltr'><strong>verbis</strong></span> <span class='ocrx_word' id='word_1_346' title='bbox 1189 4263 1458 4304; x_wconf 65' lang='lat' dir='ltr'><strong>{erumnas</strong></span> <span class='ocrx_word' id='word_1_347' title='bbox 1485 4261 1576 4302; x_wconf 89' lang='lat' dir='ltr'><strong>eas</strong></span> <span class='ocrx_word' id='word_1_348' title='bbox 1609 4247 1817 4308; x_wconf 89' lang='lat' dir='ltr'><strong>innuit,</strong></span> <span class='ocrx_word' id='word_1_349' title='bbox 1850 4259 1981 4314; x_wconf 86' lang='lat' dir='ltr'><strong>quas</strong></span> <span class='ocrx_word' id='word_1_350' title='bbox 2012 4243 2115 4298; x_wconf 92' lang='lat' dir='ltr'><strong>huc</strong></span> 
     </span>
    </p>
   </div>
   <div class='ocr_carea' id='block_1_45' title="bbox 534 4337 2114 4422">
    <p class='ocr_par' dir='ltr' id='par_1_45' title="bbox 534 4337 2114 4422">
     <span class='ocr_line' id='line_1_45' title="bbox 534 4337 2114 4422; baseline -0.009 -16"><span class='ocrx_word' id='word_1_351' title='bbox 534 4363 695 4422; x_wconf 88' lang='lat' dir='ltr'><strong>atque</strong></span> <span class='ocrx_word' id='word_1_352' title='bbox 721 4350 846 4405; x_wconf 91' lang='lat' dir='ltr'><strong>illuc</strong></span> <span class='ocrx_word' id='word_1_353' title='bbox 865 4343 1130 4402; x_wconf 84' lang='lat' dir='ltr'><strong>cursando</strong></span> <span class='ocrx_word' id='word_1_354' title='bbox 1151 4357 1214 4396; x_wconf 89' lang='lat' dir='ltr'><strong>ac</strong></span> <span class='ocrx_word' id='word_1_355' title='bbox 1230 4340 1429 4395; x_wconf 90' lang='lat' dir='ltr'><strong>victum</strong></span> <span class='ocrx_word' id='word_1_356' title='bbox 1446 4338 1544 4394; x_wconf 89' lang='lat' dir='ltr'><strong>sibi</strong></span> <span class='ocrx_word' id='word_1_357' title='bbox 1568 4337 1812 4392; x_wconf 90' lang='lat' dir='ltr'><strong>manibus</strong></span> <span class='ocrx_word' id='word_1_358' title='bbox 1825 4337 2114 4407; x_wconf 72' lang='lat' dir='ltr'><strong>quaerendo</strong></span> 
     </span>
    </p>
   </div>
   <div class='ocr_carea' id='block_1_46' title="bbox 538 4429 2114 4506">
    <p class='ocr_par' dir='ltr' id='par_1_46' title="bbox 538 4429 2114 4506">
     <span class='ocr_line' id='line_1_46' title="bbox 538 4429 2114 4506; baseline -0.01 -6"><span class='ocrx_word' id='word_1_359' title='bbox 538 4441 848 4500; x_wconf 84' lang='lat' dir='ltr'><strong>exantlabat</strong></span> <span class='ocrx_word' id='word_1_360' title='bbox 867 4480 880 4502; x_wconf 88' lang='lat'><strong><em>.</em></strong></span> <span class='ocrx_word' id='word_1_361' title='bbox 907 4447 1202 4506; x_wconf 84' lang='lat' dir='ltr'><strong>noctesque</strong></span> <span class='ocrx_word' id='word_1_362' title='bbox 1231 4448 1363 4504; x_wconf 89' lang='lat' dir='ltr'><strong>quas</strong></span> <span class='ocrx_word' id='word_1_363' title='bbox 1390 4433 1441 4486; x_wconf 92' lang='lat' dir='ltr'><strong>in</strong></span> <span class='ocrx_word' id='word_1_364' title='bbox 1472 4431 1715 4486; x_wconf 90' lang='lat' dir='ltr'><strong>docendo</strong></span> <span class='ocrx_word' id='word_1_365' title='bbox 1736 4431 1817 4484; x_wconf 87' lang='lat' dir='ltr'><strong>vel</strong></span> <span class='ocrx_word' id='word_1_366' title='bbox 1845 4429 2004 4484; x_wconf 83' lang='lat' dir='ltr'><strong>etiam</strong></span> <span class='ocrx_word' id='word_1_367' title='bbox 2032 4429 2114 4485; x_wconf 90' lang='lat' dir='ltr'><strong>la-</strong></span> 
     </span>
    </p>
   </div>
   <div class='ocr_carea' id='block_1_47' title="bbox 535 4523 2112 4593">
    <p class='ocr_par' dir='ltr' id='par_1_47' title="bbox 535 4523 2112 4593">
     <span class='ocr_line' id='line_1_47' title="bbox 535 4523 2112 4593; baseline -0.01 -3"><span class='ocrx_word' id='word_1_368' title='bbox 535 4531 776 4590; x_wconf 84' lang='lat' dir='ltr'><strong>borando</strong></span> <span class='ocrx_word' id='word_1_369' title='bbox 826 4528 1159 4585; x_wconf 90' lang='lat' dir='ltr'><strong>conterebat.</strong></span> <span class='ocrx_word' id='word_1_370' title='bbox 1209 4524 1289 4581; x_wconf 82' lang='lat' dir='ltr'><strong>Ad</strong></span> <span class='ocrx_word' id='word_1_371' title='bbox 1343 4525 1458 4578; x_wconf 67' lang='lat' dir='ltr'><strong>haec</strong></span> <span class='ocrx_word' id='word_1_372' title='bbox 1498 4524 1658 4578; x_wconf 90' lang='lat' dir='ltr'><strong>etiam</strong></span> <span class='ocrx_word' id='word_1_373' title='bbox 1709 4537 1810 4576; x_wconf 89' lang='lat' dir='ltr'><strong>nec</strong></span> <span class='ocrx_word' id='word_1_374' title='bbox 1848 4523 2112 4593; x_wconf 87' lang='lat' dir='ltr'><strong>jejunium</strong></span> 
     </span>
    </p>
   </div>
   <div class='ocr_carea' id='block_1_48' title="bbox 545 4613 2111 4684">
    <p class='ocr_par' dir='ltr' id='par_1_48' title="bbox 545 4613 2111 4684">
     <span class='ocr_line' id='line_1_48' title="bbox 545 4613 2111 4684; baseline -0.009 -4"><span class='ocrx_word' id='word_1_375' title='bbox 545 4623 846 4680; x_wconf 85' lang='lat' dir='ltr'><strong>omittebat.</strong></span> <span class='ocrx_word' id='word_1_376' title='bbox 887 4620 1099 4674; x_wconf 86' lang='lat' dir='ltr'><strong>tametsi</strong></span> <span class='ocrx_word' id='word_1_377' title='bbox 1141 4618 1230 4672; x_wconf 90' lang='lat' dir='ltr'><strong>illa</strong></span> <span class='ocrx_word' id='word_1_378' title='bbox 1282 4616 1429 4670; x_wconf 89' lang='lat' dir='ltr'><strong>mille</strong></span> <span class='ocrx_word' id='word_1_379' title='bbox 1454 4613 1778 4684; x_wconf 89' lang='lat' dir='ltr'><strong>jejuniorum</strong></span> <span class='ocrx_word' id='word_1_380' title='bbox 1825 4614 1992 4667; x_wconf 87' lang='lat' dir='ltr'><strong>instar</strong></span> <span class='ocrx_word' id='word_1_381' title='bbox 2021 4627 2111 4667; x_wconf 88' lang='lat' dir='ltr'><strong>es—</strong></span> 
     </span>
    </p>
   </div>
   <div class='ocr_carea' id='block_1_49' title="bbox 539 4704 2110 4773">
    <p class='ocr_par' dir='ltr' id='par_1_49' title="bbox 539 4704 2110 4773">
     <span class='ocr_line' id='line_1_49' title="bbox 539 4704 2110 4773; baseline -0.008 -3"><span class='ocrx_word' id='word_1_382' title='bbox 539 4723 681 4770; x_wconf 86' lang='lat' dir='ltr'><strong>sent.</strong></span> <span class='ocrx_word' id='word_1_383' title='bbox 714 4711 814 4766; x_wconf 86' lang='lat' dir='ltr'><strong>Per</strong></span> <span class='ocrx_word' id='word_1_384' title='bbox 843 4710 1141 4766; x_wconf 86' lang='lat' dir='ltr'><strong>castitatem</strong></span> <span class='ocrx_word' id='word_1_385' title='bbox 1173 4721 1358 4762; x_wconf 87' lang='lat' dir='ltr'><strong>rursus</strong></span> <span class='ocrx_word' id='word_1_386' title='bbox 1407 4705 1508 4760; x_wconf 91' lang='lat' dir='ltr'><strong>hoc</strong></span> <span class='ocrx_word' id='word_1_387' title='bbox 1534 4705 1654 4759; x_wconf 91' lang='lat' dir='ltr'><strong>loco</strong></span> <span class='ocrx_word' id='word_1_388' title='bbox 1690 4705 1776 4759; x_wconf 92' lang='lat' dir='ltr'><strong>vel</strong></span> <span class='ocrx_word' id='word_1_389' title='bbox 1806 4704 2110 4773; x_wconf 90' lang='lat' dir='ltr'><strong>pudicitiam</strong></span> 
     </span>
    </p>
   </div>
   <div class='ocr_carea' id='block_1_50' title="bbox 542 4795 2110 4874">
    <p class='ocr_par' dir='ltr' id='par_1_50' title="bbox 542 4795 2110 4874">
     <span class='ocr_line' id='line_1_50' title="bbox 542 4795 2110 4874; baseline -0.006 -14"><span class='ocrx_word' id='word_1_390' title='bbox 542 4804 826 4874; x_wconf 89' lang='lat' dir='ltr'><strong>intelligit,</strong></span> <span class='ocrx_word' id='word_1_391' title='bbox 855 4802 938 4856; x_wconf 83' lang='lat' dir='ltr'><strong>vel</strong></span> <span class='ocrx_word' id='word_1_392' title='bbox 966 4801 1019 4854; x_wconf 93' lang='lat' dir='ltr'><strong>in</strong></span> <span class='ocrx_word' id='word_1_393' title='bbox 1048 4798 1293 4853; x_wconf 91' lang='lat' dir='ltr'><strong>omnibus</strong></span> <span class='ocrx_word' id='word_1_394' title='bbox 1321 4796 1482 4852; x_wconf 87' lang='lat' dir='ltr'><strong>rebus</strong></span> <span class='ocrx_word' id='word_1_395' title='bbox 1508 4795 1791 4867; x_wconf 87' lang='lat' dir='ltr'><strong>puritatem</strong></span> <span class='ocrx_word' id='word_1_396' title='bbox 1809 4837 1826 4864; x_wconf 89' lang='lat'><strong>,</strong></span> <span class='ocrx_word' id='word_1_397' title='bbox 1857 4797 1942 4851; x_wconf 87' lang='lat' dir='ltr'><strong>vel</strong></span> <span class='ocrx_word' id='word_1_398' title='bbox 1968 4796 2110 4867; x_wconf 91' lang='lat' dir='ltr'><strong>quod</strong></span> 
     </span>
    </p>
   </div>
   <div class='ocr_carea' id='block_1_51' title="bbox 542 4888 2108 4962">
    <p class='ocr_par' dir='ltr' id='par_1_51' title="bbox 542 4888 2108 4962">
     <span class='ocr_line' id='line_1_51' title="bbox 542 4888 2108 4962; baseline -0.004 -10"><span class='ocrx_word' id='word_1_399' title='bbox 542 4896 852 4952; x_wconf 80' lang='lat' dir='ltr'><strong>innueribus</strong></span> <span class='ocrx_word' id='word_1_400' title='bbox 900 4892 1122 4962; x_wconf 89' lang='lat' dir='ltr'><strong>abjectis</strong></span> <span class='ocrx_word' id='word_1_401' title='bbox 1169 4891 1336 4961; x_wconf 84' lang='lat' dir='ltr'><strong>gratis</strong></span> <span class='ocrx_word' id='word_1_402' title='bbox 1382 4888 1720 4958; x_wconf 87' lang='lat' dir='ltr'><strong>evangelium</strong></span> <span class='ocrx_word' id='word_1_403' title='bbox 1771 4890 2108 4959; x_wconf 73' lang='lat' dir='ltr'><strong>prtedicaret.</strong></span> 
     </span>
    </p>
   </div>
   <div class='ocr_carea' id='block_1_52' title="bbox 540 4980 2112 5054">
    <p class='ocr_par' dir='ltr' id='par_1_52' title="bbox 540 4980 2112 5054">
     <span class='ocr_line' id='line_1_52' title="bbox 540 4980 2112 5054; baseline -0.004 -9"><span class='ocrx_word' id='word_1_404' title='bbox 540 4991 609 5045; x_wconf 81' lang='lat' dir='ltr'><strong>In</strong></span> <span class='ocrx_word' id='word_1_405' title='bbox 631 4988 859 5044; x_wconf 86' lang='lat' dir='ltr'><strong>scientia.</strong></span> <span class='ocrx_word' id='word_1_406' title='bbox 890 4984 1026 5054; x_wconf 89' lang='lat' dir='ltr'><strong>Quid</strong></span> <span class='ocrx_word' id='word_1_407' title='bbox 1057 4995 1140 5038; x_wconf 89' lang='lat' dir='ltr'><strong>est</strong></span> <span class='ocrx_word' id='word_1_408' title='bbox 1160 5024 1176 5048; x_wconf 93' lang='lat'><strong>,</strong></span> <span class='ocrx_word' id='word_1_409' title='bbox 1199 4980 1265 5036; x_wconf 87' lang='lat' dir='ltr'><strong>In</strong></span> <span class='ocrx_word' id='word_1_410' title='bbox 1293 4981 1544 5037; x_wconf 85' lang='lat' dir='ltr'><strong>scientia?</strong></span> <span class='ocrx_word' id='word_1_411' title='bbox 1575 4980 1631 5038; x_wconf 84' lang='grc' dir='ltr'><strong>ιιι</strong></span> <span class='ocrx_word' id='word_1_412' title='bbox 1658 4982 1917 5052; x_wconf 84' lang='lat' dir='ltr'><strong>sapientia</strong></span> <span class='ocrx_word' id='word_1_413' title='bbox 1944 4998 1974 5037; x_wconf 93' lang='lat' dir='ltr'><strong>a</strong></span> <span class='ocrx_word' id='word_1_414' title='bbox 2005 4984 2112 5038; x_wconf 89' lang='lat' dir='ltr'><strong>Deo</strong></span> 
     </span>
    </p>
   </div>
   <div class='ocr_carea' id='block_1_53' title="bbox 540 5074 2112 5148">
    <p class='ocr_par' dir='ltr' id='par_1_53' title="bbox 540 5074 2112 5148">
     <span class='ocr_line' id='line_1_53' title="bbox 540 5074 2112 5148; baseline -0.004 -13"><span class='ocrx_word' id='word_1_415' title='bbox 540 5094 831 5143; x_wconf 86' lang='lat' dir='ltr'><strong>concessa,</strong></span> <span class='ocrx_word' id='word_1_416' title='bbox 876 5093 997 5148; x_wconf 69' lang='lat' dir='ltr'><strong>qua:</strong></span> <span class='ocrx_word' id='word_1_417' title='bbox 1045 5089 1170 5130; x_wconf 86' lang='lat' dir='ltr'><strong>vera</strong></span> <span class='ocrx_word' id='word_1_418' title='bbox 1217 5074 1440 5128; x_wconf 89' lang='lat' dir='ltr'><strong>scientia</strong></span> <span class='ocrx_word' id='word_1_419' title='bbox 1468 5082 1592 5129; x_wconf 89' lang='lat' dir='ltr'><strong>est:</strong></span> <span class='ocrx_word' id='word_1_420' title='bbox 1640 5088 1746 5128; x_wconf 92' lang='lat' dir='ltr'><strong>non</strong></span> <span class='ocrx_word' id='word_1_421' title='bbox 1777 5082 1834 5128; x_wconf 91' lang='lat' dir='ltr'><strong>ut</strong></span> <span class='ocrx_word' id='word_1_422' title='bbox 1879 5074 1990 5141; x_wconf 90' lang='lat' dir='ltr'><strong>illi,</strong></span> <span class='ocrx_word' id='word_1_423' title='bbox 2022 5077 2112 5144; x_wconf 90' lang='lat' dir='ltr'><strong>qui</strong></span> 
     </span>
    </p>
   </div>
   <div class='ocr_carea' id='block_1_54' title="bbox 541 5165 2106 5239">
    <p class='ocr_par' dir='ltr' id='par_1_54' title="bbox 541 5165 2106 5239">
     <span class='ocr_line' id='line_1_54' title="bbox 541 5165 2106 5239; baseline -0.003 -14"><span class='ocrx_word' id='word_1_424' title='bbox 541 5171 811 5239; x_wconf 82' lang='lat' dir='ltr'><strong>sapientes</strong></span> <span class='ocrx_word' id='word_1_425' title='bbox 835 5171 1102 5233; x_wconf 88' lang='lat' dir='ltr'><strong>videntur,</strong></span> <span class='ocrx_word' id='word_1_426' title='bbox 1127 5179 1192 5221; x_wconf 91' lang='lat' dir='ltr'><strong>ac</strong></span> <span class='ocrx_word' id='word_1_427' title='bbox 1209 5167 1278 5220; x_wconf 91' lang='lat' dir='ltr'><strong>de</strong></span> <span class='ocrx_word' id='word_1_428' title='bbox 1298 5175 1521 5219; x_wconf 88' lang='lat' dir='ltr'><strong>externa</strong></span> <span class='ocrx_word' id='word_1_429' title='bbox 1543 5165 1766 5219; x_wconf 85' lang='lat' dir='ltr'><strong>scientia</strong></span> <span class='ocrx_word' id='word_1_430' title='bbox 1789 5166 2106 5235; x_wconf 84' lang='lat' dir='ltr'><strong>gloriantur,</strong></span> 
     </span>
    </p>
   </div>
   <div class='ocr_carea' id='block_1_55' title="bbox 543 5257 2107 5328">
    <p class='ocr_par' dir='ltr' id='par_1_55' title="bbox 543 5257 2107 5328">
     <span class='ocr_line' id='line_1_55' title="bbox 543 5257 2107 5328; baseline -0.002 -10"><span class='ocrx_word' id='word_1_431' title='bbox 543 5263 645 5318; x_wconf 86' lang='lat' dir='ltr'><strong>bac</strong></span> <span class='ocrx_word' id='word_1_432' title='bbox 664 5277 790 5315; x_wconf 87' lang='lat' dir='ltr'><strong>vero</strong></span> <span class='ocrx_word' id='word_1_433' title='bbox 813 5261 1049 5316; x_wconf 86' lang='lat' dir='ltr'><strong>destituti</strong></span> <span class='ocrx_word' id='word_1_434' title='bbox 1072 5269 1215 5315; x_wconf 91' lang='lat' dir='ltr'><strong>sunt.</strong></span> <span class='ocrx_word' id='word_1_435' title='bbox 1245 5257 1311 5312; x_wconf 84' lang='lat' dir='ltr'><strong>In</strong></span> <span class='ocrx_word' id='word_1_436' title='bbox 1334 5259 1733 5328; x_wconf 81' lang='lat' dir='ltr'><strong>longanimitate,</strong></span> <span class='ocrx_word' id='word_1_437' title='bbox 1760 5258 1811 5312; x_wconf 88' lang='lat' dir='ltr'><strong>in</strong></span> <span class='ocrx_word' id='word_1_438' title='bbox 1841 5260 2107 5315; x_wconf 76' lang='lat' dir='ltr'><strong>suavitate.</strong></span> 
     </span>
    </p>
   </div>
   <div class='ocr_carea' id='block_1_56' title="bbox 544 5349 2108 5421">
    <p class='ocr_par' dir='ltr' id='par_1_56' title="bbox 544 5349 2108 5421">
     <span class='ocr_line' id='line_1_56' title="bbox 544 5349 2108 5421; baseline -0.003 -13"><span class='ocrx_word' id='word_1_439' title='bbox 544 5355 672 5408; x_wconf 66' lang='lat' dir='ltr'><strong>Hinc</strong></span> <span class='ocrx_word' id='word_1_440' title='bbox 695 5367 904 5421; x_wconf 85' lang='lat' dir='ltr'><strong>quoque</strong></span> <span class='ocrx_word' id='word_1_441' title='bbox 935 5365 1186 5420; x_wconf 89' lang='lat' dir='ltr'><strong>perquam</strong></span> <span class='ocrx_word' id='word_1_442' title='bbox 1227 5351 1470 5418; x_wconf 87' lang='lat' dir='ltr'><strong>generosi</strong></span> <span class='ocrx_word' id='word_1_443' title='bbox 1496 5349 1659 5403; x_wconf 86' lang='lat' dir='ltr'><strong>animi</strong></span> <span class='ocrx_word' id='word_1_444' title='bbox 1691 5359 1851 5414; x_wconf 88' lang='lat' dir='ltr'><strong>sunt,</strong></span> <span class='ocrx_word' id='word_1_445' title='bbox 1883 5365 2108 5420; x_wconf 88' lang='lat' dir='ltr'><strong>nempe,</strong></span> 
     </span>
    </p>
   </div>
   <div class='ocr_carea' id='block_1_57' title="bbox 541 5441 2110 5514">
    <p class='ocr_par' dir='ltr' id='par_1_57' title="bbox 541 5441 2110 5514">
     <span class='ocr_line' id='line_1_57' title="bbox 541 5441 2110 5514; baseline -0.002 -12"><span class='ocrx_word' id='word_1_446' title='bbox 541 5461 664 5502; x_wconf 88' lang='lat' dir='ltr'><strong>cum</strong></span> <span class='ocrx_word' id='word_1_447' title='bbox 693 5441 925 5512; x_wconf 87' lang='lat' dir='ltr'><strong>undique</strong></span> <span class='ocrx_word' id='word_1_448' title='bbox 954 5442 1260 5512; x_wconf 87' lang='lat' dir='ltr'><strong>provoceris</strong></span> <span class='ocrx_word' id='word_1_449' title='bbox 1303 5457 1365 5496; x_wconf 90' lang='lat' dir='ltr'><strong>ac</strong></span> <span class='ocrx_word' id='word_1_450' title='bbox 1408 5443 1694 5512; x_wconf 88' lang='lat' dir='ltr'><strong>pungaris,</strong></span> <span class='ocrx_word' id='word_1_451' title='bbox 1724 5456 1880 5514; x_wconf 67' lang='lat' dir='ltr'><strong>aequo</strong></span> <span class='ocrx_word' id='word_1_452' title='bbox 1929 5444 2110 5499; x_wconf 89' lang='lat' dir='ltr'><strong>animo</strong></span> 
     </span>
    </p>
   </div>
   <div class='ocr_carea' id='block_1_58' title="bbox 541 5533 2109 5599">
    <p class='ocr_par' dir='ltr' id='par_1_58' title="bbox 541 5533 2109 5599">
     <span class='ocr_line' id='line_1_58' title="bbox 541 5533 2109 5599; baseline -0.004 -4"><span class='ocrx_word' id='word_1_453' title='bbox 541 5540 686 5595; x_wconf 76' lang='lat' dir='ltr'><strong>terre</strong></span> <span class='ocrx_word' id='word_1_454' title='bbox 715 5537 912 5591; x_wconf 87' lang='lat' dir='ltr'><strong>omnia.</strong></span> <span class='ocrx_word' id='word_1_455' title='bbox 940 5535 1074 5590; x_wconf 88' lang='lat' dir='ltr'><strong>Tum</strong></span> <span class='ocrx_word' id='word_1_456' title='bbox 1097 5542 1274 5589; x_wconf 89' lang='lat' dir='ltr'><strong>autem</strong></span> <span class='ocrx_word' id='word_1_457' title='bbox 1305 5533 1592 5589; x_wconf 88' lang='lat' dir='ltr'><strong>ostendens</strong></span> <span class='ocrx_word' id='word_1_458' title='bbox 1612 5573 1626 5599; x_wconf 89' lang='lat'><strong>,</strong></span> <span class='ocrx_word' id='word_1_459' title='bbox 1656 5533 1802 5590; x_wconf 90' lang='lat' dir='ltr'><strong>unde</strong></span> <span class='ocrx_word' id='word_1_460' title='bbox 1826 5534 1947 5588; x_wconf 85' lang='lat' dir='ltr'><strong>talis</strong></span> <span class='ocrx_word' id='word_1_461' title='bbox 1976 5534 2109 5591; x_wconf 61' lang='lat' dir='ltr'><strong>effe-</strong></span> 
     </span>
    </p>
   </div>
   <div class='ocr_carea' id='block_1_59' title="bbox 543 5622 2111 5696">
    <p class='ocr_par' dir='ltr' id='par_1_59' title="bbox 543 5622 2111 5696">
     <span class='ocr_line' id='line_1_59' title="bbox 543 5622 2111 5696; baseline -0.002 -11"><span class='ocrx_word' id='word_1_462' title='bbox 543 5641 660 5685; x_wconf 85' lang='lat' dir='ltr'><strong>ctus</strong></span> <span class='ocrx_word' id='word_1_463' title='bbox 688 5629 792 5695; x_wconf 86' lang='lat' dir='ltr'><strong>sit,</strong></span> <span class='ocrx_word' id='word_1_464' title='bbox 837 5625 1133 5696; x_wconf 84' lang='lat' dir='ltr'><strong>subjunxit,</strong></span> <span class='ocrx_word' id='word_1_465' title='bbox 1168 5622 1233 5678; x_wconf 87' lang='lat' dir='ltr'><strong>In</strong></span> <span class='ocrx_word' id='word_1_466' title='bbox 1278 5623 1477 5694; x_wconf 82' lang='lat' dir='ltr'><strong>Spiritu</strong></span> <span class='ocrx_word' id='word_1_467' title='bbox 1505 5634 1699 5680; x_wconf 87' lang='lat' dir='ltr'><strong>sancto.</strong></span> <span class='ocrx_word' id='word_1_468' title='bbox 1729 5623 1785 5679; x_wconf 93' lang='lat' dir='ltr'><strong>ln</strong></span> <span class='ocrx_word' id='word_1_469' title='bbox 1827 5625 1945 5696; x_wconf 86' lang='lat' dir='ltr'><strong>ipso</strong></span> <span class='ocrx_word' id='word_1_470' title='bbox 1969 5629 2111 5683; x_wconf 90' lang='lat' dir='ltr'><strong>enim</strong></span> 
     </span>
    </p>
   </div>
   <div class='ocr_carea' id='block_1_60' title="bbox 539 5714 2108 5786">
    <p class='ocr_par' dir='ltr' id='par_1_60' title="bbox 539 5714 2108 5786">
     <span class='ocr_line' id='line_1_60' title="bbox 539 5714 2108 5786; baseline -0.003 -12"><span class='ocrx_word' id='word_1_471' title='bbox 539 5720 715 5774; x_wconf 81' lang='lat' dir='ltr'><strong>omnia</strong></span> <span class='ocrx_word' id='word_1_472' title='bbox 746 5718 860 5773; x_wconf 64' lang='lat' dir='ltr'><strong>hinc</strong></span> <span class='ocrx_word' id='word_1_473' title='bbox 887 5715 1283 5786; x_wconf 85' lang='lat' dir='ltr'><strong>consequimur.</strong></span> <span class='ocrx_word' id='word_1_474' title='bbox 1309 5719 1378 5768; x_wconf 77' lang='lat' dir='ltr'><strong>At</strong></span> <span class='ocrx_word' id='word_1_475' title='bbox 1403 5714 1520 5769; x_wconf 82' lang='lat' dir='ltr'><strong>vide</strong></span> <span class='ocrx_word' id='word_1_476' title='bbox 1549 5714 1888 5782; x_wconf 89' lang='lat' dir='ltr'><strong>quandonam</strong></span> <span class='ocrx_word' id='word_1_477' title='bbox 1933 5715 2108 5786; x_wconf 87' lang='lat' dir='ltr'><strong>Spiri-</strong></span> 
     </span>
    </p>
   </div>
   <div class='ocr_carea' id='block_1_61' title="bbox 1269 283 3103 347">
    <p class='ocr_par' dir='ltr' id='par_1_61' title="bbox 1269 283 3103 347">
     <span class='ocr_line' id='line_1_61' title="bbox 1269 283 3103 347; baseline -0.001 0"><span class='ocrx_word' id='word_1_478' title='bbox 1269 292 1341 347; x_wconf 68' lang='lat' dir='ltr'><strong>~S.</strong></span> <span class='ocrx_word' id='word_1_479' title='bbox 1380 289 1658 347; x_wconf 81' lang='lat' dir='ltr'><strong>JOANNIS</strong></span> <span class='ocrx_word' id='word_1_480' title='bbox 1692 283 2174 345; x_wconf 70' lang='lat' dir='ltr'><strong>CllltYSOSTOMl</strong></span> <span class='ocrx_word' id='word_1_481' title='bbox 2212 283 2528 342; x_wconf 75' lang='lat' dir='ltr'><strong>ARCUIEP.</strong></span> <span class='ocrx_word' id='word_1_482' title='bbox 2570 284 3103 347; x_wconf 73' lang='lat' dir='ltr'><strong>CUNSTANTINOP.</strong></span> 
     </span>
    </p>
   </div>
   <div class='ocr_carea' id='block_1_62' title="bbox 3710 294 3827 358">
    <p class='ocr_par' dir='ltr' id='par_1_62' title="bbox 3710 294 3827 358">
     <span class='ocr_line' id='line_1_62' title="bbox 3710 294 3827 358; baseline 0.034 -4"><span class='ocrx_word' id='word_1_483' title='bbox 3710 294 3827 358; x_wconf 58' lang='grc'><strong>481</strong></span> 
     </span>
    </p>
   </div>
   <div class='ocr_carea' id='block_1_63' title="bbox 2238 403 3835 482">
    <p class='ocr_par' dir='ltr' id='par_1_63' title="bbox 2238 403 3835 482">
     <span class='ocr_line' id='line_1_63' title="bbox 2238 403 3835 482; baseline 0.011 -29"><span class='ocrx_word' id='word_1_484' title='bbox 2238 410 2322 454; x_wconf 89' lang='lat' dir='ltr'><strong>tus</strong></span> <span class='ocrx_word' id='word_1_485' title='bbox 2346 403 2518 456; x_wconf 81' lang='lat' dir='ltr'><strong>sancti</strong></span> <span class='ocrx_word' id='word_1_486' title='bbox 2547 405 2803 458; x_wconf 85' lang='lat' dir='ltr'><strong>auxilium</strong></span> <span class='ocrx_word' id='word_1_487' title='bbox 2834 407 3011 475; x_wconf 85' lang='lat' dir='ltr'><strong>posuit</strong></span> <span class='ocrx_word' id='word_1_488' title='bbox 3035 425 3047 460; x_wconf 91' lang='lat'><em>:</em></span> <span class='ocrx_word' id='word_1_489' title='bbox 3081 417 3358 478; x_wconf 86' lang='lat' dir='ltr'><strong>postquam</strong></span> <span class='ocrx_word' id='word_1_490' title='bbox 3389 425 3585 482; x_wconf 86' lang='lat' dir='ltr'><strong>nempe</strong></span> <span class='ocrx_word' id='word_1_491' title='bbox 3609 429 3708 469; x_wconf 81' lang='lat' dir='ltr'><strong>sua</strong></span> <span class='ocrx_word' id='word_1_492' title='bbox 3731 433 3835 475; x_wconf 81' lang='grc' dir='ltr'><strong>οε-</strong></span> 
     </span>
    </p>
   </div>
   <div class='ocr_carea' id='block_1_64' title="bbox 2236 491 3835 571">
    <p class='ocr_par' dir='ltr' id='par_1_64' title="bbox 2236 491 3835 571">
     <span class='ocr_line' id='line_1_64' title="bbox 2236 491 3835 571; baseline 0.013 -27"><span class='ocrx_word' id='word_1_493' title='bbox 2236 491 2496 546; x_wconf 87' lang='lat' dir='ltr'><strong>tenderat.</strong></span> <span class='ocrx_word' id='word_1_494' title='bbox 2527 495 2860 564; x_wconf 83' lang='lat' dir='ltr'><strong>Quamquam</strong></span> <span class='ocrx_word' id='word_1_495' title='bbox 2908 497 3038 552; x_wconf 89' lang='lat' dir='ltr'><strong>mihi</strong></span> <span class='ocrx_word' id='word_1_496' title='bbox 3069 496 3212 552; x_wconf 89' lang='lat' dir='ltr'><strong>aliud</strong></span> <span class='ocrx_word' id='word_1_497' title='bbox 3244 516 3457 571; x_wconf 89' lang='lat' dir='ltr'><strong>quoque</strong></span> <span class='ocrx_word' id='word_1_498' title='bbox 3505 503 3589 559; x_wconf 89' lang='lat' dir='ltr'><strong>his</strong></span> <span class='ocrx_word' id='word_1_499' title='bbox 3636 509 3835 566; x_wconf 77' lang='lat' dir='ltr'><strong>verbis</strong></span> 
     </span>
    </p>
   </div>
   <div class='ocr_carea' id='block_1_65' title="bbox 2235 585 3831 666">
    <p class='ocr_par' dir='ltr' id='par_1_65' title="bbox 2235 585 3831 666">
     <span class='ocr_line' id='line_1_65' title="bbox 2235 585 3831 666; baseline 0.01 -28"><span class='ocrx_word' id='word_1_500' title='bbox 2235 585 2470 640; x_wconf 87' lang='lat' dir='ltr'><strong>indicare</strong></span> <span class='ocrx_word' id='word_1_501' title='bbox 2491 586 2723 643; x_wconf 90' lang='lat' dir='ltr'><strong>videtur.</strong></span> <span class='ocrx_word' id='word_1_502' title='bbox 2751 588 3016 655; x_wconf 87' lang='lat' dir='ltr'><strong>Quidnam</strong></span> <span class='ocrx_word' id='word_1_503' title='bbox 3048 590 3192 645; x_wconf 85' lang='lat' dir='ltr'><strong>hoc?</strong></span> <span class='ocrx_word' id='word_1_504' title='bbox 3221 591 3424 662; x_wconf 83' lang='lat' dir='ltr'><strong>Nempe</strong></span> <span class='ocrx_word' id='word_1_505' title='bbox 3447 595 3590 664; x_wconf 90' lang='lat' dir='ltr'><strong>quod</strong></span> <span class='ocrx_word' id='word_1_506' title='bbox 3621 601 3831 666; x_wconf 85' lang='lat' dir='ltr'><strong>cupio-</strong></span> 
     </span>
    </p>
   </div>
   <div class='ocr_carea' id='block_1_66' title="bbox 2234 677 3827 756">
    <p class='ocr_par' dir='ltr' id='par_1_66' title="bbox 2234 677 3827 756">
     <span class='ocr_line' id='line_1_66' title="bbox 2234 677 3827 756; baseline 0.008 -26"><span class='ocrx_word' id='word_1_507' title='bbox 2234 691 2295 730; x_wconf 86' lang='lat' dir='ltr'><strong>so</strong></span> <span class='ocrx_word' id='word_1_508' title='bbox 2327 677 2531 747; x_wconf 91' lang='lat' dir='ltr'><strong>Spiritu</strong></span> <span class='ocrx_word' id='word_1_509' title='bbox 2563 680 2801 748; x_wconf 86' lang='lat' dir='ltr'><strong>repletus</strong></span> <span class='ocrx_word' id='word_1_510' title='bbox 2826 690 2992 745; x_wconf 89' lang='lat' dir='ltr'><strong>esset,</strong></span> <span class='ocrx_word' id='word_1_511' title='bbox 3022 690 3182 752; x_wconf 88' lang='lat' dir='ltr'><strong>atque</strong></span> <span class='ocrx_word' id='word_1_512' title='bbox 3209 682 3333 738; x_wconf 89' lang='lat' dir='ltr'><strong>hinc</strong></span> <span class='ocrx_word' id='word_1_513' title='bbox 3353 699 3568 756; x_wconf 90' lang='lat' dir='ltr'><strong>quoque</strong></span> <span class='ocrx_word' id='word_1_514' title='bbox 3597 686 3827 742; x_wconf 75' lang='lat' dir='ltr'><strong>missio-</strong></span> 
     </span>
    </p>
   </div>
   <div class='ocr_carea' id='block_1_67' title="bbox 2241 767 3830 846">
    <p class='ocr_par' dir='ltr' id='par_1_67' title="bbox 2241 767 3830 846">
     <span class='ocr_line' id='line_1_67' title="bbox 2241 767 3830 846; baseline 0.011 -28"><span class='ocrx_word' id='word_1_515' title='bbox 2241 767 2324 820; x_wconf 88' lang='lat' dir='ltr'><strong>nis</strong></span> <span class='ocrx_word' id='word_1_516' title='bbox 2369 782 2481 822; x_wconf 66' lang='lat' dir='ltr'><strong>sua:</strong></span> <span class='ocrx_word' id='word_1_517' title='bbox 2509 780 2883 839; x_wconf 82' lang='lat' dir='ltr'><strong>argumentum</strong></span> <span class='ocrx_word' id='word_1_518' title='bbox 2931 773 3228 842; x_wconf 75' lang='lat' dir='ltr'><strong>prtrberet,</strong></span> <span class='ocrx_word' id='word_1_519' title='bbox 3271 778 3394 845; x_wconf 88' lang='lat' dir='ltr'><strong>quia</strong></span> <span class='ocrx_word' id='word_1_520' title='bbox 3445 777 3830 846; x_wconf 79' lang='lat' dir='ltr'><strong>spirltttalibus</strong></span> 
     </span>
    </p>
   </div>
   <div class='ocr_carea' id='block_1_68' title="bbox 2230 856 3824 940">
    <p class='ocr_par' dir='ltr' id='par_1_68' title="bbox 2230 856 3824 940">
     <span class='ocr_line' id='line_1_68' title="bbox 2230 856 3824 940; baseline 0.013 -35"><span class='ocrx_word' id='word_1_521' title='bbox 2230 856 2415 925; x_wconf 85' lang='lat' dir='ltr'><strong>gratiis</strong></span> <span class='ocrx_word' id='word_1_522' title='bbox 2443 857 2675 913; x_wconf 83' lang='lat' dir='ltr'><strong>donatus</strong></span> <span class='ocrx_word' id='word_1_523' title='bbox 2721 859 2930 916; x_wconf 90' lang='lat' dir='ltr'><strong>fuisset.</strong></span> <span class='ocrx_word' id='word_1_524' title='bbox 2970 859 3104 916; x_wconf 87' lang='lat' dir='ltr'><strong>Nam</strong></span> <span class='ocrx_word' id='word_1_525' title='bbox 3145 864 3244 917; x_wconf 83' lang='lat' dir='ltr'><strong>etsi</strong></span> <span class='ocrx_word' id='word_1_526' title='bbox 3292 863 3341 918; x_wconf 94' lang='lat' dir='ltr'><strong>id</strong></span> <span class='ocrx_word' id='word_1_527' title='bbox 3388 882 3603 938; x_wconf 90' lang='lat' dir='ltr'><strong>quoque</strong></span> <span class='ocrx_word' id='word_1_528' title='bbox 3645 872 3824 940; x_wconf 87' lang='lat' dir='ltr'><strong>gratia</strong></span> 
     </span>
    </p>
   </div>
   <div class='ocr_carea' id='block_1_69' title="bbox 2229 953 3824 1027">
    <p class='ocr_par' dir='ltr' id='par_1_69' title="bbox 2229 953 3824 1027">
     <span class='ocr_line' id='line_1_69' title="bbox 2229 953 3824 1027; baseline 0.009 -27"><span class='ocrx_word' id='word_1_529' title='bbox 2229 956 2376 1013; x_wconf 88' lang='lat' dir='ltr'><strong>erat;</strong></span> <span class='ocrx_word' id='word_1_530' title='bbox 2409 957 2458 1002; x_wconf 91' lang='lat' dir='ltr'><strong>at</strong></span> <span class='ocrx_word' id='word_1_531' title='bbox 2486 953 2602 1018; x_wconf 83' lang='lat' dir='ltr'><strong>ipse</strong></span> <span class='ocrx_word' id='word_1_532' title='bbox 2629 966 2842 1022; x_wconf 88' lang='lat' dir='ltr'><strong>quoque</strong></span> <span class='ocrx_word' id='word_1_533' title='bbox 2872 967 3032 1006; x_wconf 87' lang='lat' dir='ltr'><strong>causa</strong></span> <span class='ocrx_word' id='word_1_534' title='bbox 3059 953 3184 1007; x_wconf 85' lang='lat' dir='ltr'><strong>item</strong></span> <span class='ocrx_word' id='word_1_535' title='bbox 3207 965 3354 1019; x_wconf 89' lang='lat' dir='ltr'><strong>erat,</strong></span> <span class='ocrx_word' id='word_1_536' title='bbox 3389 964 3446 1010; x_wconf 90' lang='lat' dir='ltr'><strong>ut</strong></span> <span class='ocrx_word' id='word_1_537' title='bbox 3472 960 3560 1027; x_wconf 91' lang='lat' dir='ltr'><strong>qui</strong></span> <span class='ocrx_word' id='word_1_538' title='bbox 3596 975 3694 1027; x_wconf 88' lang='lat' dir='ltr'><strong>per</strong></span> <span class='ocrx_word' id='word_1_539' title='bbox 3720 976 3824 1016; x_wconf 86' lang='lat' dir='ltr'><strong>sua</strong></span> 
     </span>
    </p>
   </div>
   <div class='ocr_carea' id='block_1_70' title="bbox 2229 1040 3824 1117">
    <p class='ocr_par' dir='ltr' id='par_1_70' title="bbox 2229 1040 3824 1117">
     <span class='ocr_line' id='line_1_70' title="bbox 2229 1040 3824 1117; baseline 0.009 -25"><span class='ocrx_word' id='word_1_540' title='bbox 2229 1048 2379 1094; x_wconf 88' lang='lat' dir='ltr'><strong>recte</strong></span> <span class='ocrx_word' id='word_1_541' title='bbox 2426 1040 2561 1095; x_wconf 84' lang='lat' dir='ltr'><strong>facta</strong></span> <span class='ocrx_word' id='word_1_542' title='bbox 2589 1050 2646 1096; x_wconf 90' lang='lat' dir='ltr'><strong>et</strong></span> <span class='ocrx_word' id='word_1_543' title='bbox 2690 1042 2916 1097; x_wconf 86' lang='lat' dir='ltr'><strong>sudores</strong></span> <span class='ocrx_word' id='word_1_544' title='bbox 2947 1044 3169 1112; x_wconf 85' lang='lat' dir='ltr'><strong>gratiam</strong></span> <span class='ocrx_word' id='word_1_545' title='bbox 3218 1046 3548 1102; x_wconf 83' lang='lat' dir='ltr'><strong>attraxisset.</strong></span> <span class='ocrx_word' id='word_1_546' title='bbox 3585 1047 3741 1117; x_wconf 88' lang='lat' dir='ltr'><strong>Quod</strong></span> <span class='ocrx_word' id='word_1_547' title='bbox 3773 1054 3824 1106; x_wconf 89' lang='lat' dir='ltr'><strong>si</strong></span> 
     </span>
    </p>
   </div>
   <div class='ocr_carea' id='block_1_71' title="bbox 2229 1134 3823 1206">
    <p class='ocr_par' dir='ltr' id='par_1_71' title="bbox 2229 1134 3823 1206">
     <span class='ocr_line' id='line_1_71' title="bbox 2229 1134 3823 1206; baseline 0.011 -23"><span class='ocrx_word' id='word_1_548' title='bbox 2229 1135 2350 1202; x_wconf 86' lang='lat' dir='ltr'><strong>quis</strong></span> <span class='ocrx_word' id='word_1_549' title='bbox 2379 1135 2597 1203; x_wconf 90' lang='lat' dir='ltr'><strong>insuper</strong></span> <span class='ocrx_word' id='word_1_550' title='bbox 2623 1134 2674 1188; x_wconf 93' lang='lat' dir='ltr'><strong>id</strong></span> <span class='ocrx_word' id='word_1_551' title='bbox 2705 1150 2920 1206; x_wconf 89' lang='lat' dir='ltr'><strong>quoque</strong></span> <span class='ocrx_word' id='word_1_552' title='bbox 2944 1137 3286 1205; x_wconf 70' lang='lat' dir='ltr'><strong>abApostolo</strong></span> <span class='ocrx_word' id='word_1_553' title='bbox 3333 1140 3554 1196; x_wconf 84' lang='lat' dir='ltr'><strong>iudieari</strong></span> <span class='ocrx_word' id='word_1_554' title='bbox 3583 1153 3786 1199; x_wconf 84' lang='lat' dir='ltr'><strong>conten</strong></span> <span class='ocrx_word' id='word_1_555' title='bbox 3808 1175 3823 1184; x_wconf 88' lang='lat'><strong>-</strong></span> 
     </span>
    </p>
   </div>
   <div class='ocr_carea' id='block_1_72' title="bbox 2229 1224 3820 1302">
    <p class='ocr_par' dir='ltr' id='par_1_72' title="bbox 2229 1224 3820 1302">
     <span class='ocr_line' id='line_1_72' title="bbox 2229 1224 3820 1302; baseline 0.006 -23"><span class='ocrx_word' id='word_1_556' title='bbox 2229 1224 2353 1290; x_wconf 90' lang='lat' dir='ltr'><strong>dat,</strong></span> <span class='ocrx_word' id='word_1_557' title='bbox 2417 1226 2559 1295; x_wconf 89' lang='lat' dir='ltr'><strong>quod</strong></span> <span class='ocrx_word' id='word_1_558' title='bbox 2612 1227 2664 1281; x_wconf 90' lang='lat' dir='ltr'><strong>in</strong></span> <span class='ocrx_word' id='word_1_559' title='bbox 2713 1226 2975 1297; x_wconf 88' lang='lat' dir='ltr'><strong>spirituali</strong></span> <span class='ocrx_word' id='word_1_560' title='bbox 3021 1231 3182 1283; x_wconf 90' lang='lat' dir='ltr'><strong>etiam</strong></span> <span class='ocrx_word' id='word_1_561' title='bbox 3241 1230 3327 1284; x_wconf 93' lang='lat' dir='ltr'><strong>illa</strong></span> <span class='ocrx_word' id='word_1_562' title='bbox 3381 1234 3551 1302; x_wconf 89' lang='lat' dir='ltr'><strong>gratia</strong></span> <span class='ocrx_word' id='word_1_563' title='bbox 3612 1236 3820 1290; x_wconf 88' lang='lat' dir='ltr'><strong>nullam</strong></span> 
     </span>
    </p>
   </div>
   <div class='ocr_carea' id='block_1_73' title="bbox 2229 1315 3814 1391">
    <p class='ocr_par' dir='ltr' id='par_1_73' title="bbox 2229 1315 3814 1391">
     <span class='ocr_line' id='line_1_73' title="bbox 2229 1315 3814 1391; baseline 0.007 -22"><span class='ocrx_word' id='word_1_564' title='bbox 2229 1315 2539 1372; x_wconf 82' lang='lat' dir='ltr'><strong>offensionis</strong></span> <span class='ocrx_word' id='word_1_565' title='bbox 2583 1332 2770 1372; x_wconf 90' lang='lat' dir='ltr'><strong>ansam</strong></span> <span class='ocrx_word' id='word_1_566' title='bbox 2804 1316 3042 1385; x_wconf 86' lang='lat' dir='ltr'><strong>dederit,</strong></span> <span class='ocrx_word' id='word_1_567' title='bbox 3091 1321 3159 1374; x_wconf 89' lang='lat' dir='ltr'><strong>ab</strong></span> <span class='ocrx_word' id='word_1_568' title='bbox 3206 1322 3370 1391; x_wconf 89' lang='lat' dir='ltr'><strong>ipsius</strong></span> <span class='ocrx_word' id='word_1_569' title='bbox 3401 1325 3667 1379; x_wconf 88' lang='lat' dir='ltr'><strong>sententia</strong></span> <span class='ocrx_word' id='word_1_570' title='bbox 3705 1342 3814 1381; x_wconf 86' lang='lat' dir='ltr'><strong>non</strong></span> 
     </span>
    </p>
   </div>
   <div class='ocr_carea' id='block_1_74' title="bbox 2229 1411 3816 1488">
    <p class='ocr_par' dir='ltr' id='par_1_74' title="bbox 2229 1411 3816 1488">
     <span class='ocr_line' id='line_1_74' title="bbox 2229 1411 3816 1488; baseline 0.007 -26"><span class='ocrx_word' id='word_1_571' title='bbox 2229 1411 2508 1465; x_wconf 86' lang='lat' dir='ltr'><strong>aberrarit.</strong></span> <span class='ocrx_word' id='word_1_572' title='bbox 2578 1411 2788 1466; x_wconf 88' lang='lat' dir='ltr'><strong>Etenim</strong></span> <span class='ocrx_word' id='word_1_573' title='bbox 2856 1413 2967 1478; x_wconf 86' lang='lat' dir='ltr'><strong>illi,</strong></span> <span class='ocrx_word' id='word_1_574' title='bbox 3012 1414 3100 1483; x_wconf 90' lang='lat' dir='ltr'><strong>qui</strong></span> <span class='ocrx_word' id='word_1_575' title='bbox 3165 1413 3307 1484; x_wconf 88' lang='lat' dir='ltr'><strong>apud</strong></span> <span class='ocrx_word' id='word_1_576' title='bbox 3359 1431 3454 1471; x_wconf 85' lang='lat' dir='ltr'><strong>eos</strong></span> <span class='ocrx_word' id='word_1_577' title='bbox 3505 1417 3816 1488; x_wconf 80' lang='lat' dir='ltr'><strong>linguarum</strong></span> 
     </span>
    </p>
   </div>
   <div class='ocr_carea' id='block_1_75' title="bbox 2228 1499 3810 1580">
    <p class='ocr_par' dir='ltr' id='par_1_75' title="bbox 2228 1499 3810 1580">
     <span class='ocr_line' id='line_1_75' title="bbox 2228 1499 3810 1580; baseline 0.006 -26"><span class='ocrx_word' id='word_1_578' title='bbox 2228 1499 2424 1554; x_wconf 88' lang='lat' dir='ltr'><strong>donum</strong></span> <span class='ocrx_word' id='word_1_579' title='bbox 2471 1511 2826 1570; x_wconf 83' lang='lat' dir='ltr'><strong>acceperant,</strong></span> <span class='ocrx_word' id='word_1_580' title='bbox 2871 1501 3095 1572; x_wconf 89' lang='lat' dir='ltr'><strong>ideoque</strong></span> <span class='ocrx_word' id='word_1_581' title='bbox 3137 1507 3500 1576; x_wconf 79' lang='lat' dir='ltr'><strong>arrogantiam</strong></span> <span class='ocrx_word' id='word_1_582' title='bbox 3545 1524 3810 1580; x_wconf 85' lang='lat' dir='ltr'><strong>concepe-</strong></span> 
     </span>
    </p>
   </div>
   <div class='ocr_carea' id='block_1_76' title="bbox 2227 1593 3814 1670">
    <p class='ocr_par' dir='ltr' id='par_1_76' title="bbox 2227 1593 3814 1670">
     <span class='ocr_line' id='line_1_76' title="bbox 2227 1593 3814 1670; baseline 0.007 -26"><span class='ocrx_word' id='word_1_583' title='bbox 2227 1602 2388 1658; x_wconf 88' lang='lat' dir='ltr'><strong>rant,</strong></span> <span class='ocrx_word' id='word_1_584' title='bbox 2419 1593 2704 1663; x_wconf 87' lang='lat' dir='ltr'><strong>vituperati</strong></span> <span class='ocrx_word' id='word_1_585' title='bbox 2732 1603 2891 1650; x_wconf 87' lang='lat' dir='ltr'><strong>sunt:</strong></span> <span class='ocrx_word' id='word_1_586' title='bbox 2927 1593 3043 1649; x_wconf 91' lang='lat' dir='ltr'><strong>ﬁeri</strong></span> <span class='ocrx_word' id='word_1_587' title='bbox 3075 1597 3216 1650; x_wconf 88' lang='lat' dir='ltr'><strong>enim</strong></span> <span class='ocrx_word' id='word_1_588' title='bbox 3249 1608 3460 1667; x_wconf 81' lang='lat' dir='ltr'><strong>potest,</strong></span> <span class='ocrx_word' id='word_1_589' title='bbox 3492 1601 3661 1669; x_wconf 91' lang='lat' dir='ltr'><strong>utqui</strong></span> <span class='ocrx_word' id='word_1_590' title='bbox 3685 1603 3814 1670; x_wconf 90' lang='lat' dir='ltr'><strong>spi—</strong></span> 
     </span>
    </p>
   </div>
   <div class='ocr_carea' id='block_1_77' title="bbox 2229 1683 3809 1758">
    <p class='ocr_par' dir='ltr' id='par_1_77' title="bbox 2229 1683 3809 1758">
     <span class='ocr_line' id='line_1_77' title="bbox 2229 1683 3809 1758; baseline 0.008 -25"><span class='ocrx_word' id='word_1_591' title='bbox 2229 1683 2472 1737; x_wconf 88' lang='lat' dir='ltr'><strong>ritualem</strong></span> <span class='ocrx_word' id='word_1_592' title='bbox 2493 1686 2717 1753; x_wconf 83' lang='lat' dir='ltr'><strong>gratiam</strong></span> <span class='ocrx_word' id='word_1_593' title='bbox 2746 1687 3035 1755; x_wconf 87' lang='lat' dir='ltr'><strong>acceperit,</strong></span> <span class='ocrx_word' id='word_1_594' title='bbox 3068 1703 3130 1740; x_wconf 91' lang='lat' dir='ltr'><strong>ea</strong></span> <span class='ocrx_word' id='word_1_595' title='bbox 3159 1703 3262 1741; x_wconf 88' lang='lat' dir='ltr'><strong>non</strong></span> <span class='ocrx_word' id='word_1_596' title='bbox 3293 1698 3351 1743; x_wconf 91' lang='lat' dir='ltr'><strong>ut</strong></span> <span class='ocrx_word' id='word_1_597' title='bbox 3381 1704 3476 1758; x_wconf 89' lang='lat' dir='ltr'><strong>par</strong></span> <span class='ocrx_word' id='word_1_598' title='bbox 3501 1702 3582 1745; x_wconf 92' lang='lat' dir='ltr'><strong>est</strong></span> <span class='ocrx_word' id='word_1_599' title='bbox 3609 1701 3809 1746; x_wconf 87' lang='lat' dir='ltr'><strong>utatur.</strong></span> 
     </span>
    </p>
   </div>
   <div class='ocr_carea' id='block_1_78' title="bbox 2229 1777 3809 1848">
    <p class='ocr_par' dir='ltr' id='par_1_78' title="bbox 2229 1777 3809 1848">
     <span class='ocr_line' id='line_1_78' title="bbox 2229 1777 3809 1848; baseline 0.006 -19"><span class='ocrx_word' id='word_1_600' title='bbox 2229 1777 2297 1829; x_wconf 86' lang='lat' dir='ltr'><strong>At</strong></span> <span class='ocrx_word' id='word_1_601' title='bbox 2327 1790 2423 1830; x_wconf 91' lang='lat' dir='ltr'><strong>nos</strong></span> <span class='ocrx_word' id='word_1_602' title='bbox 2450 1790 2554 1831; x_wconf 93' lang='lat' dir='ltr'><strong>nou</strong></span> <span class='ocrx_word' id='word_1_603' title='bbox 2587 1777 2695 1840; x_wconf 90' lang='lat' dir='ltr'><strong>ita;</strong></span> <span class='ocrx_word' id='word_1_604' title='bbox 2734 1793 2916 1832; x_wconf 88' lang='lat' dir='ltr'><strong>verum</strong></span> <span class='ocrx_word' id='word_1_605' title='bbox 2948 1778 2999 1832; x_wconf 92' lang='lat' dir='ltr'><strong>in</strong></span> <span class='ocrx_word' id='word_1_606' title='bbox 3027 1779 3216 1848; x_wconf 89' lang='lat' dir='ltr'><strong>spiritu</strong></span> <span class='ocrx_word' id='word_1_607' title='bbox 3245 1781 3407 1836; x_wconf 88' lang='lat' dir='ltr'><strong>etiam</strong></span> <span class='ocrx_word' id='word_1_608' title='bbox 3429 1825 3442 1845; x_wconf 90' lang='lat'><strong>,</strong></span> <span class='ocrx_word' id='word_1_609' title='bbox 3474 1782 3577 1838; x_wconf 90' lang='lat' dir='ltr'><strong>hoc</strong></span> <span class='ocrx_word' id='word_1_610' title='bbox 3605 1795 3690 1839; x_wconf 88' lang='lat' dir='ltr'><strong>est</strong></span> <span class='ocrx_word' id='word_1_611' title='bbox 3713 1829 3726 1848; x_wconf 88' lang='lat'><strong>,</strong></span> <span class='ocrx_word' id='word_1_612' title='bbox 3759 1788 3809 1839; x_wconf 91' lang='lat' dir='ltr'><strong>in</strong></span> 
     </span>
    </p>
   </div>
   <div class='ocr_carea' id='block_1_79' title="bbox 2227 1870 3810 1944">
    <p class='ocr_par' dir='ltr' id='par_1_79' title="bbox 2227 1870 3810 1944">
     <span class='ocr_line' id='line_1_79' title="bbox 2227 1870 3810 1944; baseline 0.006 -21"><span class='ocrx_word' id='word_1_613' title='bbox 2227 1870 2592 1936; x_wconf 74' lang='lat' dir='ltr'><strong>Spiritualibus</strong></span> <span class='ocrx_word' id='word_1_614' title='bbox 2617 1871 2826 1942; x_wconf 85' lang='lat' dir='ltr'><strong>gratiis,</strong></span> <span class='ocrx_word' id='word_1_615' title='bbox 2853 1871 3108 1944; x_wconf 89' lang='lat' dir='ltr'><strong>inculpati</strong></span> <span class='ocrx_word' id='word_1_616' title='bbox 3137 1873 3355 1930; x_wconf 90' lang='lat' dir='ltr'><strong>fuimus.</strong></span> <span class='ocrx_word' id='word_1_617' title='bbox 3383 1871 3449 1930; x_wconf 82' lang='lat' dir='ltr'><strong>In</strong></span> <span class='ocrx_word' id='word_1_618' title='bbox 3471 1877 3685 1932; x_wconf 83' lang='lat' dir='ltr'><strong>caritate</strong></span> <span class='ocrx_word' id='word_1_619' title='bbox 3708 1895 3810 1934; x_wconf 83' lang='lat' dir='ltr'><strong>non</strong></span> 
     </span>
    </p>
   </div>
   <div class='ocr_carea' id='block_1_80' title="bbox 2225 1963 2368 2030">
    <p class='ocr_par' dir='ltr' id='par_1_80' title="bbox 2225 1963 2368 2030">
     <span class='ocr_line' id='line_1_80' title="bbox 2225 1963 2368 2030; baseline 0.021 -17"><span class='ocrx_word' id='word_1_620' title='bbox 2225 1963 2368 2030; x_wconf 71' lang='lat' dir='ltr'><strong>facta.</strong></span> 
     </span>
    </p>
   </div>
   <div class='ocr_carea' id='block_1_81' title="bbox 2295 2051 3801 2121">
    <p class='ocr_par' dir='ltr' id='par_1_81' title="bbox 2295 2051 3801 2121">
     <span class='ocr_line' id='line_1_81' title="bbox 2295 2051 3801 2121; baseline 0.005 -15"><span class='ocrx_word' id='word_1_621' title='bbox 2295 2052 2347 2106; x_wconf 82' lang='lat'><strong>5.</strong></span> <span class='ocrx_word' id='word_1_622' title='bbox 2380 2051 2502 2105; x_wconf 78' lang='lat' dir='ltr'><strong>llzee</strong></span> <span class='ocrx_word' id='word_1_623' title='bbox 2532 2053 2788 2106; x_wconf 86' lang='lat' dir='ltr'><strong>bonorum</strong></span> <span class='ocrx_word' id='word_1_624' title='bbox 2827 2054 3064 2109; x_wconf 92' lang='lat' dir='ltr'><strong>omnium</strong></span> <span class='ocrx_word' id='word_1_625' title='bbox 3094 2069 3254 2109; x_wconf 87' lang='lat' dir='ltr'><strong>causa</strong></span> <span class='ocrx_word' id='word_1_626' title='bbox 3287 2065 3436 2121; x_wconf 89' lang='lat' dir='ltr'><strong>erat;</strong></span> <span class='ocrx_word' id='word_1_627' title='bbox 3480 2053 3596 2111; x_wconf 65' lang='lat' dir='ltr'><strong>hinc</strong></span> <span class='ocrx_word' id='word_1_628' title='bbox 3642 2055 3801 2114; x_wconf 84' lang='lat' dir='ltr'><strong>talem</strong></span> 
     </span>
    </p>
   </div>
   <div class='ocr_carea' id='block_1_82' title="bbox 2225 2146 3808 2223">
    <p class='ocr_par' dir='ltr' id='par_1_82' title="bbox 2225 2146 3808 2223">
     <span class='ocr_line' id='line_1_82' title="bbox 2225 2146 3808 2223; baseline 0.005 -23"><span class='ocrx_word' id='word_1_629' title='bbox 2225 2146 2397 2216; x_wconf 85' lang='lat' dir='ltr'><strong>ipsum</strong></span> <span class='ocrx_word' id='word_1_630' title='bbox 2423 2148 2721 2213; x_wconf 89' lang='lat' dir='ltr'><strong>efﬁciebat;</strong></span> <span class='ocrx_word' id='word_1_631' title='bbox 2747 2148 2862 2203; x_wconf 68' lang='lat' dir='ltr'><strong>haec</strong></span> <span class='ocrx_word' id='word_1_632' title='bbox 2889 2148 2939 2203; x_wconf 89' lang='lat' dir='ltr'><strong>id</strong></span> <span class='ocrx_word' id='word_1_633' title='bbox 2960 2149 3267 2219; x_wconf 72' lang='lat' dir='ltr'><strong>prtestabat,</strong></span> <span class='ocrx_word' id='word_1_634' title='bbox 3291 2160 3350 2204; x_wconf 91' lang='lat' dir='ltr'><strong>ut</strong></span> <span class='ocrx_word' id='word_1_635' title='bbox 3371 2149 3627 2220; x_wconf 89' lang='lat' dir='ltr'><strong>Spiritus,</strong></span> <span class='ocrx_word' id='word_1_636' title='bbox 3653 2154 3808 2223; x_wconf 84' lang='lat' dir='ltr'><strong>cujus</strong></span> 
     </span>
    </p>
   </div>
   <div class='ocr_carea' id='block_1_83' title="bbox 2225 2238 3803 2310">
    <p class='ocr_par' dir='ltr' id='par_1_83' title="bbox 2225 2238 3803 2310">
     <span class='ocr_line' id='line_1_83' title="bbox 2225 2238 3803 2310; baseline 0.006 -19"><span class='ocrx_word' id='word_1_637' title='bbox 2225 2252 2328 2306; x_wconf 87' lang='lat' dir='ltr'><strong>0pc</strong></span> <span class='ocrx_word' id='word_1_638' title='bbox 2364 2239 2541 2292; x_wconf 85' lang='lat' dir='ltr'><strong>omnia</strong></span> <span class='ocrx_word' id='word_1_639' title='bbox 2589 2248 2734 2293; x_wconf 84' lang='lat' dir='ltr'><strong>recte</strong></span> <span class='ocrx_word' id='word_1_640' title='bbox 2779 2238 3078 2306; x_wconf 85' lang='lat' dir='ltr'><strong>efﬁciebat,</strong></span> <span class='ocrx_word' id='word_1_641' title='bbox 3127 2239 3266 2309; x_wconf 91' lang='lat' dir='ltr'><strong>apud</strong></span> <span class='ocrx_word' id='word_1_642' title='bbox 3310 2239 3484 2310; x_wconf 89' lang='lat' dir='ltr'><strong>ipsum</strong></span> <span class='ocrx_word' id='word_1_643' title='bbox 3543 2255 3803 2300; x_wconf 85' lang='lat' dir='ltr'><strong>maneret.</strong></span> 
     </span>
    </p>
   </div>
   <div class='ocr_carea' id='block_1_84' title="bbox 2225 2328 3802 2402">
    <p class='ocr_par' dir='ltr' id='par_1_84' title="bbox 2225 2328 3802 2402">
     <span class='ocr_line' id='line_1_84' title="bbox 2225 2328 3802 2402; baseline 0.004 -20"><span class='ocrx_word' id='word_1_644' title='bbox 2225 2329 2278 2382; x_wconf 90' lang='lat'><strong>7.</strong></span> <span class='ocrx_word' id='word_1_645' title='bbox 2311 2328 2376 2382; x_wconf 88' lang='lat' dir='ltr'><strong>In</strong></span> <span class='ocrx_word' id='word_1_646' title='bbox 2404 2331 2550 2383; x_wconf 84' lang='lat' dir='ltr'><strong>uerbo</strong></span> <span class='ocrx_word' id='word_1_647' title='bbox 2577 2330 2815 2383; x_wconf 80' lang='lat' dir='ltr'><strong>veritatis.</strong></span> <span class='ocrx_word' id='word_1_648' title='bbox 2849 2329 2961 2384; x_wconf 87' lang='lat' dir='ltr'><strong>Hoc</strong></span> <span class='ocrx_word' id='word_1_649' title='bbox 2985 2340 3106 2396; x_wconf 88' lang='lat' dir='ltr'><strong>est,</strong></span> <span class='ocrx_word' id='word_1_650' title='bbox 3158 2329 3300 2400; x_wconf 91' lang='lat' dir='ltr'><strong>quod</strong></span> <span class='ocrx_word' id='word_1_651' title='bbox 3329 2331 3647 2402; x_wconf 89' lang='lat' dir='ltr'><strong>plerumque</strong></span> <span class='ocrx_word' id='word_1_652' title='bbox 3693 2336 3802 2400; x_wconf 90' lang='lat' dir='ltr'><strong>ait,</strong></span> 
     </span>
    </p>
   </div>
   <div class='ocr_carea' id='block_1_85' title="bbox 2225 2419 3806 2496">
    <p class='ocr_par' dir='ltr' id='par_1_85' title="bbox 2225 2419 3806 2496">
     <span class='ocr_line' id='line_1_85' title="bbox 2225 2419 3806 2496; baseline 0.005 -24"><span class='ocrx_word' id='word_1_653' title='bbox 2225 2436 2330 2474; x_wconf 90' lang='lat' dir='ltr'><strong>non</strong></span> <span class='ocrx_word' id='word_1_654' title='bbox 2351 2419 2473 2473; x_wconf 88' lang='lat' dir='ltr'><strong>dolo</strong></span> <span class='ocrx_word' id='word_1_655' title='bbox 2501 2429 2789 2476; x_wconf 89' lang='lat' dir='ltr'><strong>tractantes</strong></span> <span class='ocrx_word' id='word_1_656' title='bbox 2810 2436 2908 2475; x_wconf 89' lang='lat' dir='ltr'><strong>nec</strong></span> <span class='ocrx_word' id='word_1_657' title='bbox 2933 2419 3297 2478; x_wconf 87' lang='lat' dir='ltr'><strong>adulterantes</strong></span> <span class='ocrx_word' id='word_1_658' title='bbox 3320 2423 3544 2477; x_wconf 88' lang='lat' dir='ltr'><strong>verbmn</strong></span> <span class='ocrx_word' id='word_1_659' title='bbox 3575 2424 3663 2479; x_wconf 90' lang='lat' dir='ltr'><strong>Dei</strong></span> <span class='ocrx_word' id='word_1_660' title='bbox 3688 2441 3806 2496; x_wconf 91' lang='lat' dir='ltr'><strong>per-</strong></span> 
     </span>
    </p>
   </div>
   <div class='ocr_carea' id='block_1_86' title="bbox 2224 2510 3802 2583">
    <p class='ocr_par' dir='ltr' id='par_1_86' title="bbox 2224 2510 3802 2583">
     <span class='ocr_line' id='line_1_86' title="bbox 2224 2510 3802 2583; baseline 0.006 -19"><span class='ocrx_word' id='word_1_661' title='bbox 2224 2513 2476 2565; x_wconf 87' lang='lat' dir='ltr'><strong>stitimus.</strong></span> <span class='ocrx_word' id='word_1_662' title='bbox 2510 2510 2571 2565; x_wconf 81' lang='lat' dir='ltr'><strong>In</strong></span> <span class='ocrx_word' id='word_1_663' title='bbox 2602 2513 2780 2567; x_wconf 72' lang='lat' dir='ltr'><strong>uirtute</strong></span> <span class='ocrx_word' id='word_1_664' title='bbox 2802 2511 2917 2567; x_wconf 82' lang='lat' dir='ltr'><strong>Dei.</strong></span> <span class='ocrx_word' id='word_1_665' title='bbox 2954 2511 3103 2579; x_wconf 86' lang='lat' dir='ltr'><strong>Quod</strong></span> <span class='ocrx_word' id='word_1_666' title='bbox 3127 2529 3388 2581; x_wconf 85' lang='lat' dir='ltr'><strong>nusquam</strong></span> <span class='ocrx_word' id='word_1_667' title='bbox 3422 2531 3528 2570; x_wconf 89' lang='lat' dir='ltr'><strong>non</strong></span> <span class='ocrx_word' id='word_1_668' title='bbox 3557 2515 3715 2583; x_wconf 88' lang='lat' dir='ltr'><strong>facit,</strong></span> <span class='ocrx_word' id='word_1_669' title='bbox 3747 2529 3802 2574; x_wconf 90' lang='lat' dir='ltr'><strong>ut</strong></span> 
     </span>
    </p>
   </div>
   <div class='ocr_carea' id='block_1_87' title="bbox 2223 2602 3801 2680">
    <p class='ocr_par' dir='ltr' id='par_1_87' title="bbox 2223 2602 3801 2680">
     <span class='ocr_line' id='line_1_87' title="bbox 2223 2602 3801 2680; baseline 0.006 -25"><span class='ocrx_word' id='word_1_670' title='bbox 2223 2602 2352 2656; x_wconf 84' lang='lat' dir='ltr'><strong>nihil</strong></span> <span class='ocrx_word' id='word_1_671' title='bbox 2390 2605 2512 2666; x_wconf 82' lang='lat' dir='ltr'><strong>sibi,</strong></span> <span class='ocrx_word' id='word_1_672' title='bbox 2544 2603 2638 2658; x_wconf 91' lang='lat' dir='ltr'><strong>sed</strong></span> <span class='ocrx_word' id='word_1_673' title='bbox 2667 2605 2776 2657; x_wconf 88' lang='lat' dir='ltr'><strong>Deo</strong></span> <span class='ocrx_word' id='word_1_674' title='bbox 2802 2615 3018 2674; x_wconf 82' lang='lat' dir='ltr'><strong>accepta</strong></span> <span class='ocrx_word' id='word_1_675' title='bbox 3042 2605 3219 2659; x_wconf 82' lang='lat' dir='ltr'><strong>munia</strong></span> <span class='ocrx_word' id='word_1_676' title='bbox 3251 2606 3469 2668; x_wconf 86' lang='lat' dir='ltr'><strong>referat,</strong></span> <span class='ocrx_word' id='word_1_677' title='bbox 3495 2623 3662 2679; x_wconf 87' lang='lat' dir='ltr'><strong>eaque</strong></span> <span class='ocrx_word' id='word_1_678' title='bbox 3686 2626 3801 2680; x_wconf 81' lang='lat' dir='ltr'><strong>qua:</strong></span> 
     </span>
    </p>
   </div>
   <div class='ocr_carea' id='block_1_88' title="bbox 2222 2695 3796 2765">
    <p class='ocr_par' dir='ltr' id='par_1_88' title="bbox 2222 2695 3796 2765">
     <span class='ocr_line' id='line_1_88' title="bbox 2222 2695 3796 2765; baseline 0.005 -17"><span class='ocrx_word' id='word_1_679' title='bbox 2222 2710 2342 2748; x_wconf 88' lang='lat' dir='ltr'><strong>eum</strong></span> <span class='ocrx_word' id='word_1_680' title='bbox 2381 2695 2535 2750; x_wconf 89' lang='lat' dir='ltr'><strong>laude</strong></span> <span class='ocrx_word' id='word_1_681' title='bbox 2565 2697 2790 2765; x_wconf 82' lang='lat' dir='ltr'><strong>gesserit</strong></span> <span class='ocrx_word' id='word_1_682' title='bbox 2836 2695 3140 2761; x_wconf 88' lang='lat' dir='ltr'><strong>adscribat,</strong></span> <span class='ocrx_word' id='word_1_683' title='bbox 3184 2697 3287 2751; x_wconf 90' lang='lat' dir='ltr'><strong>hoc</strong></span> <span class='ocrx_word' id='word_1_684' title='bbox 3334 2701 3496 2752; x_wconf 88' lang='lat' dir='ltr'><strong>etiam</strong></span> <span class='ocrx_word' id='word_1_685' title='bbox 3524 2700 3611 2755; x_wconf 90' lang='lat' dir='ltr'><strong>hic</strong></span> <span class='ocrx_word' id='word_1_686' title='bbox 3658 2700 3796 2756; x_wconf 87' lang='lat' dir='ltr'><strong>fecit.</strong></span> 
     </span>
    </p>
   </div>
   <div class='ocr_carea' id='block_1_89' title="bbox 2223 2787 3802 2858">
    <p class='ocr_par' dir='ltr' id='par_1_89' title="bbox 2223 2787 3802 2858">
     <span class='ocr_line' id='line_1_89' title="bbox 2223 2787 3802 2858; baseline 0.004 -16"><span class='ocrx_word' id='word_1_687' title='bbox 2223 2789 2482 2853; x_wconf 82' lang='lat' dir='ltr'><strong>Quoniam</strong></span> <span class='ocrx_word' id='word_1_688' title='bbox 2507 2788 2649 2842; x_wconf 89' lang='lat' dir='ltr'><strong>enim</strong></span> <span class='ocrx_word' id='word_1_689' title='bbox 2681 2803 2866 2858; x_wconf 82' lang='lat' dir='ltr'><strong>Inagna</strong></span> <span class='ocrx_word' id='word_1_690' title='bbox 2893 2787 3134 2858; x_wconf 65' lang='lat' dir='ltr'><strong>quaedam</strong></span> <span class='ocrx_word' id='word_1_691' title='bbox 3163 2788 3414 2858; x_wconf 89' lang='lat' dir='ltr'><strong>loquutus</strong></span> <span class='ocrx_word' id='word_1_692' title='bbox 3448 2789 3637 2855; x_wconf 77' lang='lat' dir='ltr'><strong>fuerat,</strong></span> <span class='ocrx_word' id='word_1_693' title='bbox 3657 2794 3802 2849; x_wconf 78' lang='lat' dir='ltr'><strong>dixe-</strong></span> 
     </span>
    </p>
   </div>
   <div class='ocr_carea' id='block_1_90' title="bbox 2224 2879 3800 2951">
    <p class='ocr_par' dir='ltr' id='par_1_90' title="bbox 2224 2879 3800 2951">
     <span class='ocr_line' id='line_1_90' title="bbox 2224 2879 3800 2951; baseline 0.003 -17"><span class='ocrx_word' id='word_1_694' title='bbox 2224 2889 2412 2949; x_wconf 87' lang='lat' dir='ltr'><strong>ratque</strong></span> <span class='ocrx_word' id='word_1_695' title='bbox 2435 2894 2494 2934; x_wconf 89' lang='lat' dir='ltr'><strong>se</strong></span> <span class='ocrx_word' id='word_1_696' title='bbox 2518 2880 2680 2933; x_wconf 83' lang='lat' dir='ltr'><strong>vitam</strong></span> <span class='ocrx_word' id='word_1_697' title='bbox 2704 2893 2917 2948; x_wconf 89' lang='lat' dir='ltr'><strong>semper</strong></span> <span class='ocrx_word' id='word_1_698' title='bbox 2940 2894 2971 2933; x_wconf 91' lang='lat' dir='ltr'><strong>a</strong></span> <span class='ocrx_word' id='word_1_699' title='bbox 2999 2879 3419 2948; x_wconf 87' lang='lat' dir='ltr'><strong>reprehensione</strong></span> <span class='ocrx_word' id='word_1_700' title='bbox 3446 2883 3674 2938; x_wconf 88' lang='lat' dir='ltr'><strong>alienam</strong></span> <span class='ocrx_word' id='word_1_701' title='bbox 3697 2926 3712 2951; x_wconf 92' lang='lat'><strong>,</strong></span> <span class='ocrx_word' id='word_1_702' title='bbox 3741 2900 3800 2938; x_wconf 90' lang='lat' dir='ltr'><strong>ac</strong></span> 
     </span>
    </p>
   </div>
   <div class='ocr_carea' id='block_1_91' title="bbox 2221 2971 3800 3047">
    <p class='ocr_par' dir='ltr' id='par_1_91' title="bbox 2221 2971 3800 3047">
     <span class='ocr_line' id='line_1_91' title="bbox 2221 2971 3800 3047; baseline 0.006 -21"><span class='ocrx_word' id='word_1_703' title='bbox 2221 2988 2483 3027; x_wconf 87' lang='lat' dir='ltr'><strong>summam</strong></span> <span class='ocrx_word' id='word_1_704' title='bbox 2529 2973 2920 3043; x_wconf 81' lang='lat' dir='ltr'><strong>phil050phiam</strong></span> <span class='ocrx_word' id='word_1_705' title='bbox 2963 2971 3307 3043; x_wconf 80' lang='lat' dir='ltr'><strong>exhibuisse,</strong></span> <span class='ocrx_word' id='word_1_706' title='bbox 3341 2975 3561 3047; x_wconf 88' lang='lat' dir='ltr'><strong>Spiritui</strong></span> <span class='ocrx_word' id='word_1_707' title='bbox 3597 2994 3663 3034; x_wconf 85' lang='lat' dir='ltr'><strong>ac</strong></span> <span class='ocrx_word' id='word_1_708' title='bbox 3696 2981 3800 3035; x_wconf 87' lang='lat' dir='ltr'><strong>Deo</strong></span> 
     </span>
    </p>
   </div>
   <div class='ocr_carea' id='block_1_92' title="bbox 2224 3065 3798 3140">
    <p class='ocr_par' dir='ltr' id='par_1_92' title="bbox 2224 3065 3798 3140">
     <span class='ocr_line' id='line_1_92' title="bbox 2224 3065 3798 3140; baseline 0.006 -20"><span class='ocrx_word' id='word_1_709' title='bbox 2224 3066 2338 3122; x_wconf 71' lang='lat' dir='ltr'><strong>haec</strong></span> <span class='ocrx_word' id='word_1_710' title='bbox 2375 3065 2634 3122; x_wconf 89' lang='lat' dir='ltr'><strong>attribuit.</strong></span> <span class='ocrx_word' id='word_1_711' title='bbox 2662 3065 2846 3136; x_wconf 83' lang='lat' dir='ltr'><strong>Neque</strong></span> <span class='ocrx_word' id='word_1_712' title='bbox 2891 3067 3036 3122; x_wconf 77' lang='lat' dir='ltr'><strong>enim</strong></span> <span class='ocrx_word' id='word_1_713' title='bbox 3061 3069 3300 3139; x_wconf 82' lang='lat' dir='ltr'><strong>vulgaria</strong></span> <span class='ocrx_word' id='word_1_714' title='bbox 3325 3080 3474 3124; x_wconf 87' lang='lat' dir='ltr'><strong>erant</strong></span> <span class='ocrx_word' id='word_1_715' title='bbox 3497 3087 3617 3140; x_wconf 77' lang='lat' dir='ltr'><strong>qua:</strong></span> <span class='ocrx_word' id='word_1_716' title='bbox 3649 3073 3798 3130; x_wconf 52' lang='lat' dir='ltr'><strong>dixe.</strong></span> 
     </span>
    </p>
   </div>
   <div class='ocr_carea' id='block_1_93' title="bbox 2223 3157 3796 3235">
    <p class='ocr_par' dir='ltr' id='par_1_93' title="bbox 2223 3157 3796 3235">
     <span class='ocr_line' id='line_1_93' title="bbox 2223 3157 3796 3235; baseline 0.005 -21"><span class='ocrx_word' id='word_1_717' title='bbox 2223 3168 2322 3214; x_wconf 86' lang='lat' dir='ltr'><strong>rat.</strong></span> <span class='ocrx_word' id='word_1_718' title='bbox 2353 3157 2484 3213; x_wconf 82' lang='lat' dir='ltr'><strong>Nam</strong></span> <span class='ocrx_word' id='word_1_719' title='bbox 2512 3159 2554 3213; x_wconf 91' lang='lat' dir='ltr'><strong>si</strong></span> <span class='ocrx_word' id='word_1_720' title='bbox 2586 3161 2816 3227; x_wconf 87' lang='lat' dir='ltr'><strong>quietam</strong></span> <span class='ocrx_word' id='word_1_721' title='bbox 2839 3159 3000 3213; x_wconf 82' lang='lat' dir='ltr'><strong>vitam</strong></span> <span class='ocrx_word' id='word_1_722' title='bbox 3031 3162 3210 3230; x_wconf 89' lang='lat' dir='ltr'><strong>agenti</strong></span> <span class='ocrx_word' id='word_1_723' title='bbox 3234 3163 3472 3216; x_wconf 88' lang='lat' dir='ltr'><strong>virtutem</strong></span> <span class='ocrx_word' id='word_1_724' title='bbox 3497 3167 3714 3235; x_wconf 85' lang='lat' dir='ltr'><strong>assequi</strong></span> <span class='ocrx_word' id='word_1_725' title='bbox 3739 3178 3796 3222; x_wconf 86' lang='lat' dir='ltr'><strong>et</strong></span> 
     </span>
    </p>
   </div>
   <div class='ocr_carea' id='block_1_94' title="bbox 2224 3249 3788 3320">
    <p class='ocr_par' dir='ltr' id='par_1_94' title="bbox 2224 3249 3788 3320">
     <span class='ocr_line' id='line_1_94' title="bbox 2224 3249 3788 3320; baseline 0.005 -16"><span class='ocrx_word' id='word_1_726' title='bbox 2224 3249 2747 3320; x_wconf 86' lang='lat' dir='ltr'><strong>irreprehensibilem</strong></span> <span class='ocrx_word' id='word_1_727' title='bbox 2796 3266 2916 3305; x_wconf 89' lang='lat' dir='ltr'><strong>esse</strong></span> <span class='ocrx_word' id='word_1_728' title='bbox 2948 3249 3165 3308; x_wconf 87' lang='lat' dir='ltr'><strong>difﬁcile</strong></span> <span class='ocrx_word' id='word_1_729' title='bbox 3195 3265 3309 3318; x_wconf 89' lang='lat' dir='ltr'><strong>est,</strong></span> <span class='ocrx_word' id='word_1_730' title='bbox 3337 3253 3458 3307; x_wconf 88' lang='lat' dir='ltr'><strong>illud</strong></span> <span class='ocrx_word' id='word_1_731' title='bbox 3489 3264 3661 3309; x_wconf 89' lang='lat' dir='ltr'><strong>tecum</strong></span> <span class='ocrx_word' id='word_1_732' title='bbox 3705 3273 3788 3312; x_wconf 53' lang='lat' dir='ltr'><strong>re.</strong></span> 
     </span>
    </p>
   </div>
   <div class='ocr_carea' id='block_1_95' title="bbox 2222 3342 3795 3412">
    <p class='ocr_par' dir='ltr' id='par_1_95' title="bbox 2222 3342 3795 3412">
     <span class='ocr_line' id='line_1_95' title="bbox 2222 3342 3795 3412; baseline 0.004 -18"><span class='ocrx_word' id='word_1_733' title='bbox 2222 3349 2373 3410; x_wconf 87' lang='lat' dir='ltr'><strong>puta,</strong></span> <span class='ocrx_word' id='word_1_734' title='bbox 2403 3356 2563 3410; x_wconf 88' lang='lat' dir='ltr'><strong>quam</strong></span> <span class='ocrx_word' id='word_1_735' title='bbox 2586 3342 2782 3412; x_wconf 86' lang='lat' dir='ltr'><strong>egregii</strong></span> <span class='ocrx_word' id='word_1_736' title='bbox 2813 3342 2975 3397; x_wconf 89' lang='lat' dir='ltr'><strong>animi</strong></span> <span class='ocrx_word' id='word_1_737' title='bbox 2995 3344 3062 3396; x_wconf 90' lang='lat' dir='ltr'><strong>sit</strong></span> <span class='ocrx_word' id='word_1_738' title='bbox 3085 3383 3101 3410; x_wconf 95' lang='lat'><strong>,</strong></span> <span class='ocrx_word' id='word_1_739' title='bbox 3132 3352 3210 3398; x_wconf 93' lang='lat' dir='ltr'><strong>tot</strong></span> <span class='ocrx_word' id='word_1_740' title='bbox 3235 3345 3607 3401; x_wconf 85' lang='lat' dir='ltr'><strong>tentationibus</strong></span> <span class='ocrx_word' id='word_1_741' title='bbox 3632 3361 3795 3402; x_wconf 79' lang='lat' dir='ltr'><strong>vexa-</strong></span> 
     </span>
    </p>
   </div>
   <div class='ocr_carea' id='block_1_96' title="bbox 2188 3427 3794 3503">
    <p class='ocr_par' dir='ltr' id='par_1_96' title="bbox 2188 3427 3794 3503">
     <span class='ocr_line' id='line_1_96' title="bbox 2188 3427 3794 3503; baseline 0.006 -19"><span class='ocrx_word' id='word_1_742' title='bbox 2188 3427 2199 3435; x_wconf 90' lang='grc'><em>’</em></span> <span class='ocrx_word' id='word_1_743' title='bbox 2223 3441 2333 3485; x_wconf 92' lang='lat' dir='ltr'><strong>tum</strong></span> <span class='ocrx_word' id='word_1_744' title='bbox 2360 3446 2573 3501; x_wconf 87' lang='lat' dir='ltr'><strong>semper</strong></span> <span class='ocrx_word' id='word_1_745' title='bbox 2593 3431 2876 3488; x_wconf 86' lang='lat' dir='ltr'><strong>eﬁ&#39;ulsisse.</strong></span> <span class='ocrx_word' id='word_1_746' title='bbox 2902 3433 3060 3498; x_wconf 88' lang='lat' dir='ltr'><strong>Atqui</strong></span> <span class='ocrx_word' id='word_1_747' title='bbox 3097 3449 3203 3489; x_wconf 93' lang='lat' dir='ltr'><strong>non</strong></span> <span class='ocrx_word' id='word_1_748' title='bbox 3226 3434 3342 3490; x_wconf 77' lang='lat' dir='ltr'><strong>haec</strong></span> <span class='ocrx_word' id='word_1_749' title='bbox 3368 3437 3480 3491; x_wconf 78' lang='lat' dir='ltr'><strong>Sula</strong></span> <span class='ocrx_word' id='word_1_750' title='bbox 3505 3439 3794 3503; x_wconf 89' lang='lat' dir='ltr'><strong>sustinuit,</strong></span> 
     </span>
    </p>
   </div>
   <div class='ocr_carea' id='block_1_97' title="bbox 2220 3525 3796 3600">
    <p class='ocr_par' dir='ltr' id='par_1_97' title="bbox 2220 3525 3796 3600">
     <span class='ocr_line' id='line_1_97' title="bbox 2220 3525 3796 3600; baseline 0.004 -20"><span class='ocrx_word' id='word_1_751' title='bbox 2220 3525 2315 3580; x_wconf 88' lang='lat' dir='ltr'><strong>sed</strong></span> <span class='ocrx_word' id='word_1_752' title='bbox 2365 3526 2538 3580; x_wconf 90' lang='lat' dir='ltr'><strong>multo</strong></span> <span class='ocrx_word' id='word_1_753' title='bbox 2577 3526 2661 3580; x_wconf 90' lang='lat' dir='ltr'><strong>his</strong></span> <span class='ocrx_word' id='word_1_754' title='bbox 2707 3527 2854 3596; x_wconf 84' lang='lat' dir='ltr'><strong>plura</strong></span> <span class='ocrx_word' id='word_1_755' title='bbox 2882 3569 2896 3590; x_wconf 90' lang='lat'><strong>,</strong></span> <span class='ocrx_word' id='word_1_756' title='bbox 2943 3543 3064 3597; x_wconf 53' lang='lat' dir='ltr'><strong>quas</strong></span> <span class='ocrx_word' id='word_1_757' title='bbox 3105 3528 3361 3600; x_wconf 79' lang='lat' dir='ltr'><strong>deinceps</strong></span> <span class='ocrx_word' id='word_1_758' title='bbox 3404 3541 3701 3586; x_wconf 86' lang='lat' dir='ltr'><strong>enumerat.</strong></span> <span class='ocrx_word' id='word_1_759' title='bbox 3744 3531 3796 3586; x_wconf 90' lang='lat' dir='ltr'><strong>ln</strong></span> 
     </span>
    </p>
   </div>
   <div class='ocr_carea' id='block_1_98' title="bbox 2220 3617 3797 3696">
    <p class='ocr_par' dir='ltr' id='par_1_98' title="bbox 2220 3617 3797 3696">
     <span class='ocr_line' id='line_1_98' title="bbox 2220 3617 3797 3696; baseline 0.006 -28"><span class='ocrx_word' id='word_1_760' title='bbox 2220 3633 2325 3687; x_wconf 91' lang='lat' dir='ltr'><strong>quo</strong></span> <span class='ocrx_word' id='word_1_761' title='bbox 2354 3617 2480 3672; x_wconf 91' lang='lat' dir='ltr'><strong>illud</strong></span> <span class='ocrx_word' id='word_1_762' title='bbox 2525 3618 2892 3673; x_wconf 89' lang='lat' dir='ltr'><strong>admirandum</strong></span> <span class='ocrx_word' id='word_1_763' title='bbox 2929 3630 3050 3686; x_wconf 88' lang='lat' dir='ltr'><strong>est,</strong></span> <span class='ocrx_word' id='word_1_764' title='bbox 3101 3637 3205 3674; x_wconf 92' lang='lat' dir='ltr'><strong>non</strong></span> <span class='ocrx_word' id='word_1_765' title='bbox 3247 3623 3392 3692; x_wconf 83' lang='lat' dir='ltr'><strong>quod</strong></span> <span class='ocrx_word' id='word_1_766' title='bbox 3421 3631 3498 3677; x_wconf 90' lang='lat' dir='ltr'><strong>tot</strong></span> <span class='ocrx_word' id='word_1_767' title='bbox 3537 3623 3797 3696; x_wconf 87' lang='lat' dir='ltr'><strong>tantisque</strong></span> 
     </span>
    </p>
   </div>
   <div class='ocr_carea' id='block_1_99' title="bbox 2221 3709 3794 3781">
    <p class='ocr_par' dir='ltr' id='par_1_99' title="bbox 2221 3709 3794 3781">
     <span class='ocr_line' id='line_1_99' title="bbox 2221 3709 3794 3781; baseline 0.004 -19"><span class='ocrx_word' id='word_1_768' title='bbox 2221 3710 2471 3765; x_wconf 80' lang='lat' dir='ltr'><strong>fluctibus</strong></span> <span class='ocrx_word' id='word_1_769' title='bbox 2517 3709 3001 3779; x_wconf 85' lang='lat' dir='ltr'><strong>irreprebensibilis</strong></span> <span class='ocrx_word' id='word_1_770' title='bbox 3051 3711 3240 3778; x_wconf 90' lang='lat' dir='ltr'><strong>fuerit,</strong></span> <span class='ocrx_word' id='word_1_771' title='bbox 3291 3728 3390 3768; x_wconf 91' lang='lat' dir='ltr'><strong>nec</strong></span> <span class='ocrx_word' id='word_1_772' title='bbox 3434 3714 3577 3781; x_wconf 91' lang='lat' dir='ltr'><strong>quod</strong></span> <span class='ocrx_word' id='word_1_773' title='bbox 3625 3716 3794 3769; x_wconf 90' lang='lat' dir='ltr'><strong>omnia</strong></span> 
     </span>
    </p>
   </div>
   <div class='ocr_carea' id='block_1_100' title="bbox 2221 3801 3796 3875">
    <p class='ocr_par' dir='ltr' id='par_1_100' title="bbox 2221 3801 3796 3875">
     <span class='ocr_line' id='line_1_100' title="bbox 2221 3801 3796 3875; baseline 0.003 -20"><span class='ocrx_word' id='word_1_774' title='bbox 2221 3802 2344 3856; x_wconf 85' lang='lat' dir='ltr'><strong>furti</strong></span> <span class='ocrx_word' id='word_1_775' title='bbox 2368 3803 2547 3857; x_wconf 82' lang='lat' dir='ltr'><strong>animo</strong></span> <span class='ocrx_word' id='word_1_776' title='bbox 2587 3803 2884 3871; x_wconf 86' lang='lat' dir='ltr'><strong>pertulerit,</strong></span> <span class='ocrx_word' id='word_1_777' title='bbox 2913 3801 3008 3857; x_wconf 90' lang='lat' dir='ltr'><strong>sed</strong></span> <span class='ocrx_word' id='word_1_778' title='bbox 3034 3803 3173 3872; x_wconf 92' lang='lat' dir='ltr'><strong>quod</strong></span> <span class='ocrx_word' id='word_1_779' title='bbox 3199 3805 3356 3857; x_wconf 91' lang='lat' dir='ltr'><strong>etiam</strong></span> <span class='ocrx_word' id='word_1_780' title='bbox 3388 3820 3507 3859; x_wconf 90' lang='lat' dir='ltr'><strong>etnn</strong></span> <span class='ocrx_word' id='word_1_781' title='bbox 3535 3806 3796 3875; x_wconf 87' lang='lat' dir='ltr'><strong>voluptate</strong></span> 
     </span>
    </p>
   </div>
   <div class='ocr_carea' id='block_1_101' title="bbox 2222 3891 3795 3961">
    <p class='ocr_par' dir='ltr' id='par_1_101' title="bbox 2222 3891 3795 3961">
     <span class='ocr_line' id='line_1_101' title="bbox 2222 3891 3795 3961; baseline 0.001 -15"><span class='ocrx_word' id='word_1_782' title='bbox 2222 3893 2444 3947; x_wconf 89' lang='lat' dir='ltr'><strong>omnia:</strong></span> <span class='ocrx_word' id='word_1_783' title='bbox 2487 3907 2604 3961; x_wconf 74' lang='lat' dir='ltr'><strong>qua:</strong></span> <span class='ocrx_word' id='word_1_784' title='bbox 2631 3891 2826 3946; x_wconf 90' lang='lat' dir='ltr'><strong>deinde</strong></span> <span class='ocrx_word' id='word_1_785' title='bbox 2858 3892 2942 3946; x_wconf 91' lang='lat' dir='ltr'><strong>his</strong></span> <span class='ocrx_word' id='word_1_786' title='bbox 2987 3893 3165 3948; x_wconf 88' lang='lat' dir='ltr'><strong>verbis</strong></span> <span class='ocrx_word' id='word_1_787' title='bbox 3211 3894 3470 3950; x_wconf 87' lang='lat' dir='ltr'><strong>declarat.</strong></span> <span class='ocrx_word' id='word_1_788' title='bbox 3515 3895 3621 3949; x_wconf 84' lang='lat' dir='ltr'><strong>Per</strong></span> <span class='ocrx_word' id='word_1_789' title='bbox 3660 3913 3795 3948; x_wconf 84' lang='lat' dir='ltr'><strong>anna</strong></span> 
     </span>
    </p>
   </div>
   <div class='ocr_carea' id='block_1_102' title="bbox 2195 3981 3796 4056">
    <p class='ocr_par' dir='ltr' id='par_1_102' title="bbox 2195 3981 3796 4056">
     <span class='ocr_line' id='line_1_102' title="bbox 2195 3981 3796 4056; baseline 0.003 -21"><span class='ocrx_word' id='word_1_790' title='bbox 2195 4053 2197 4055; x_wconf 16' lang='grc' dir='ltr'><strong><em>ι</em></strong></span> <span class='ocrx_word' id='word_1_791' title='bbox 2213 3984 2446 4052; x_wconf 68' lang='lat' dir='ltr'><strong>justitiaz,</strong></span> <span class='ocrx_word' id='word_1_792' title='bbox 2470 3997 2500 4034; x_wconf 88' lang='lat' dir='ltr'><strong>a</strong></span> <span class='ocrx_word' id='word_1_793' title='bbox 2522 3981 2710 4036; x_wconf 71' lang='lat' dir='ltr'><strong>dextris</strong></span> <span class='ocrx_word' id='word_1_794' title='bbox 2739 3992 2786 4036; x_wconf 89' lang='lat' dir='ltr'><strong>et</strong></span> <span class='ocrx_word' id='word_1_795' title='bbox 2809 3998 2840 4034; x_wconf 89' lang='lat' dir='ltr'><strong>a</strong></span> <span class='ocrx_word' id='word_1_796' title='bbox 2864 3982 3100 4036; x_wconf 85' lang='lat' dir='ltr'><strong>sinistris.</strong></span> <span class='ocrx_word' id='word_1_797' title='bbox 3128 3983 3360 4038; x_wconf 81' lang='lat' dir='ltr'><strong>Videsne</strong></span> <span class='ocrx_word' id='word_1_798' title='bbox 3378 3985 3540 4039; x_wconf 89' lang='lat' dir='ltr'><strong>animi</strong></span> <span class='ocrx_word' id='word_1_799' title='bbox 3571 4001 3796 4056; x_wconf 58' lang='lat' dir='ltr'><strong>prasen-</strong></span> 
     </span>
    </p>
   </div>
   <div class='ocr_carea' id='block_1_103' title="bbox 2223 4073 3794 4143">
    <p class='ocr_par' dir='ltr' id='par_1_103' title="bbox 2223 4073 3794 4143">
     <span class='ocr_line' id='line_1_103' title="bbox 2223 4073 3794 4143; baseline 0.003 -16"><span class='ocrx_word' id='word_1_800' title='bbox 2223 4076 2346 4127; x_wconf 87' lang='lat' dir='ltr'><strong>tiam</strong></span> <span class='ocrx_word' id='word_1_801' title='bbox 2379 4075 2662 4143; x_wconf 90' lang='lat' dir='ltr'><strong>ﬁrmosque</strong></span> <span class='ocrx_word' id='word_1_802' title='bbox 2691 4074 2920 4128; x_wconf 84' lang='lat' dir='ltr'><strong>sensus?</strong></span> <span class='ocrx_word' id='word_1_803' title='bbox 2949 4073 3283 4130; x_wconf 83' lang='lat' dir='ltr'><strong>Amictiones</strong></span> <span class='ocrx_word' id='word_1_804' title='bbox 3307 4075 3452 4130; x_wconf 89' lang='lat' dir='ltr'><strong>enim</strong></span> <span class='ocrx_word' id='word_1_805' title='bbox 3495 4091 3643 4130; x_wconf 89' lang='lat' dir='ltr'><strong>arma</strong></span> <span class='ocrx_word' id='word_1_806' title='bbox 3682 4093 3794 4131; x_wconf 61' lang='lat' dir='ltr'><strong>esse</strong></span> 
     </span>
    </p>
   </div>
   <div class='ocr_carea' id='block_1_104' title="bbox 2221 4165 3793 4236">
    <p class='ocr_par' dir='ltr' id='par_1_104' title="bbox 2221 4165 3793 4236">
     <span class='ocr_line' id='line_1_104' title="bbox 2221 4165 3793 4236; baseline 0.003 -18"><span class='ocrx_word' id='word_1_807' title='bbox 2221 4165 2492 4233; x_wconf 86' lang='lat' dir='ltr'><strong>ostendit,</strong></span> <span class='ocrx_word' id='word_1_808' title='bbox 2529 4181 2648 4236; x_wconf 83' lang='lat' dir='ltr'><strong>quae</strong></span> <span class='ocrx_word' id='word_1_809' title='bbox 2692 4181 2798 4220; x_wconf 83' lang='lat' dir='ltr'><strong>non</strong></span> <span class='ocrx_word' id='word_1_810' title='bbox 2838 4166 2998 4221; x_wconf 88' lang='lat' dir='ltr'><strong>modo</strong></span> <span class='ocrx_word' id='word_1_811' title='bbox 3034 4183 3138 4221; x_wconf 92' lang='lat' dir='ltr'><strong>non</strong></span> <span class='ocrx_word' id='word_1_812' title='bbox 3180 4167 3474 4236; x_wconf 84' lang='lat' dir='ltr'><strong>dejiciant,</strong></span> <span class='ocrx_word' id='word_1_813' title='bbox 3516 4170 3612 4224; x_wconf 90' lang='lat' dir='ltr'><strong>sed</strong></span> <span class='ocrx_word' id='word_1_814' title='bbox 3641 4171 3793 4224; x_wconf 82' lang='lat' dir='ltr'><strong>etiam</strong></span> 
     </span>
    </p>
   </div>
   <div class='ocr_carea' id='block_1_105' title="bbox 2223 4256 3794 4316">
    <p class='ocr_par' dir='ltr' id='par_1_105' title="bbox 2223 4256 3794 4316">
     <span class='ocr_line' id='line_1_105' title="bbox 2223 4256 3794 4316; baseline 0.002 -4"><span class='ocrx_word' id='word_1_815' title='bbox 2223 4257 2462 4312; x_wconf 89' lang='lat' dir='ltr'><strong>muniant</strong></span> <span class='ocrx_word' id='word_1_816' title='bbox 2507 4272 2570 4311; x_wconf 91' lang='lat' dir='ltr'><strong>ac</strong></span> <span class='ocrx_word' id='word_1_817' title='bbox 2617 4256 2878 4312; x_wconf 85' lang='lat' dir='ltr'><strong>ﬁrmiores</strong></span> <span class='ocrx_word' id='word_1_818' title='bbox 2925 4257 3178 4311; x_wconf 89' lang='lat' dir='ltr'><strong>efﬁciant.</strong></span> <span class='ocrx_word' id='word_1_819' title='bbox 3234 4257 3462 4314; x_wconf 86' lang='lat' dir='ltr'><strong>Sinistra</strong></span> <span class='ocrx_word' id='word_1_820' title='bbox 3515 4269 3694 4316; x_wconf 87' lang='lat' dir='ltr'><strong>autem</strong></span> <span class='ocrx_word' id='word_1_821' title='bbox 3736 4277 3794 4315; x_wconf 81' lang='lat' dir='ltr'><strong>ea</strong></span> 
     </span>
    </p>
   </div>
   <div class='ocr_carea' id='block_1_106' title="bbox 2220 4345 3794 4420">
    <p class='ocr_par' dir='ltr' id='par_1_106' title="bbox 2220 4345 3794 4420">
     <span class='ocr_line' id='line_1_106' title="bbox 2220 4345 3794 4420; baseline 0.002 -19"><span class='ocrx_word' id='word_1_822' title='bbox 2220 4356 2395 4413; x_wconf 86' lang='lat' dir='ltr'><strong>vocat,</strong></span> <span class='ocrx_word' id='word_1_823' title='bbox 2423 4363 2541 4417; x_wconf 81' lang='lat' dir='ltr'><strong>quae</strong></span> <span class='ocrx_word' id='word_1_824' title='bbox 2571 4347 2829 4401; x_wconf 78' lang='lat' dir='ltr'><strong>molestia:</strong></span> <span class='ocrx_word' id='word_1_825' title='bbox 2853 4345 3085 4416; x_wconf 89' lang='lat' dir='ltr'><strong>speciem</strong></span> <span class='ocrx_word' id='word_1_826' title='bbox 3115 4347 3311 4402; x_wconf 84' lang='lat' dir='ltr'><strong>habent</strong></span> <span class='ocrx_word' id='word_1_827' title='bbox 3343 4365 3358 4402; x_wconf 90' lang='lat'><strong>:</strong></span> <span class='ocrx_word' id='word_1_828' title='bbox 3389 4365 3511 4404; x_wconf 91' lang='lat' dir='ltr'><strong>nam</strong></span> <span class='ocrx_word' id='word_1_829' title='bbox 3538 4351 3794 4420; x_wconf 88' lang='lat' dir='ltr'><strong>ejusmodi</strong></span> 
     </span>
    </p>
   </div>
   <div class='ocr_carea' id='block_1_107' title="bbox 2219 4437 3796 4512">
    <p class='ocr_par' dir='ltr' id='par_1_107' title="bbox 2219 4437 3796 4512">
     <span class='ocr_line' id='line_1_107' title="bbox 2219 4437 3796 4512; baseline 0.003 -18"><span class='ocrx_word' id='word_1_830' title='bbox 2219 4448 2347 4494; x_wconf 90' lang='lat' dir='ltr'><strong>sunt</strong></span> <span class='ocrx_word' id='word_1_831' title='bbox 2380 4452 2475 4502; x_wconf 90' lang='lat' dir='ltr'><strong>ea,</strong></span> <span class='ocrx_word' id='word_1_832' title='bbox 2503 4453 2621 4507; x_wconf 69' lang='lat' dir='ltr'><strong>qua:</strong></span> <span class='ocrx_word' id='word_1_833' title='bbox 2662 4437 2962 4492; x_wconf 88' lang='lat' dir='ltr'><strong>mercedem</strong></span> <span class='ocrx_word' id='word_1_834' title='bbox 3009 4437 3226 4494; x_wconf 78' lang='lat' dir='ltr'><strong>habent.</strong></span> <span class='ocrx_word' id='word_1_835' title='bbox 3257 4438 3365 4494; x_wconf 88' lang='lat' dir='ltr'><strong>Cur</strong></span> <span class='ocrx_word' id='word_1_836' title='bbox 3404 4442 3565 4512; x_wconf 88' lang='lat' dir='ltr'><strong>igitur</strong></span> <span class='ocrx_word' id='word_1_837' title='bbox 3591 4443 3694 4499; x_wconf 88' lang='lat' dir='ltr'><strong>hoc</strong></span> <span class='ocrx_word' id='word_1_838' title='bbox 3737 4446 3796 4499; x_wconf 90' lang='lat' dir='ltr'><strong>iis</strong></span> 
     </span>
    </p>
   </div>
   <div class='ocr_carea' id='block_1_108' title="bbox 2222 4529 3792 4605">
    <p class='ocr_par' dir='ltr' id='par_1_108' title="bbox 2222 4529 3792 4605">
     <span class='ocr_line' id='line_1_108' title="bbox 2222 4529 3792 4605; baseline 0.004 -19"><span class='ocrx_word' id='word_1_839' title='bbox 2222 4545 2418 4586; x_wconf 91' lang='lat' dir='ltr'><strong>nomen</strong></span> <span class='ocrx_word' id='word_1_840' title='bbox 2475 4529 2738 4599; x_wconf 90' lang='lat' dir='ltr'><strong>imponit?</strong></span> <span class='ocrx_word' id='word_1_841' title='bbox 2768 4529 2864 4584; x_wconf 81' lang='lat' dir='ltr'><strong>Vel</strong></span> <span class='ocrx_word' id='word_1_842' title='bbox 2919 4531 3213 4587; x_wconf 90' lang='lat' dir='ltr'><strong>secundum</strong></span> <span class='ocrx_word' id='word_1_843' title='bbox 3263 4534 3404 4605; x_wconf 87' lang='lat' dir='ltr'><strong>vulgi</strong></span> <span class='ocrx_word' id='word_1_844' title='bbox 3451 4536 3792 4604; x_wconf 85' lang='lat' dir='ltr'><strong>opinionem,</strong></span> 
     </span>
    </p>
   </div>
   <div class='ocr_carea' id='block_1_109' title="bbox 2220 4619 3794 4690">
    <p class='ocr_par' dir='ltr' id='par_1_109' title="bbox 2220 4619 3794 4690">
     <span class='ocr_line' id='line_1_109' title="bbox 2220 4619 3794 4690; baseline 0.004 -15"><span class='ocrx_word' id='word_1_845' title='bbox 2220 4623 2304 4675; x_wconf 74' lang='lat' dir='ltr'><strong>Vel</strong></span> <span class='ocrx_word' id='word_1_846' title='bbox 2339 4620 2461 4689; x_wconf 86' lang='lat' dir='ltr'><strong>quia</strong></span> <span class='ocrx_word' id='word_1_847' title='bbox 2505 4619 2665 4688; x_wconf 86' lang='lat' dir='ltr'><strong>jussit</strong></span> <span class='ocrx_word' id='word_1_848' title='bbox 2704 4634 2800 4674; x_wconf 91' lang='lat' dir='ltr'><strong>nos</strong></span> <span class='ocrx_word' id='word_1_849' title='bbox 2829 4621 2970 4676; x_wconf 91' lang='lat' dir='ltr'><strong>Deus</strong></span> <span class='ocrx_word' id='word_1_850' title='bbox 3000 4636 3154 4677; x_wconf 89' lang='lat' dir='ltr'><strong>orare</strong></span> <span class='ocrx_word' id='word_1_851' title='bbox 3178 4664 3194 4690; x_wconf 90' lang='lat'><strong>,</strong></span> <span class='ocrx_word' id='word_1_852' title='bbox 3246 4639 3313 4678; x_wconf 91' lang='lat' dir='ltr'><strong>ne</strong></span> <span class='ocrx_word' id='word_1_853' title='bbox 3351 4625 3402 4678; x_wconf 92' lang='lat' dir='ltr'><strong>in</strong></span> <span class='ocrx_word' id='word_1_854' title='bbox 3445 4627 3794 4684; x_wconf 85' lang='lat' dir='ltr'><strong>tentationem</strong></span> 
     </span>
    </p>
   </div>
   <div class='ocr_carea' id='block_1_110' title="bbox 2221 4709 3794 4785">
    <p class='ocr_par' dir='ltr' id='par_1_110' title="bbox 2221 4709 3794 4785">
     <span class='ocr_line' id='line_1_110' title="bbox 2221 4709 3794 4785; baseline 0.003 -19"><span class='ocrx_word' id='word_1_855' title='bbox 2221 4712 2499 4766; x_wconf 87' lang='lat' dir='ltr'><strong>intremus.</strong></span> <span class='ocrx_word' id='word_1_856' title='bbox 2527 4709 2581 4764; x_wconf 90' lang='lat'><strong>8.</strong></span> <span class='ocrx_word' id='word_1_857' title='bbox 2613 4709 2714 4763; x_wconf 88' lang='lat' dir='ltr'><strong>Per</strong></span> <span class='ocrx_word' id='word_1_858' title='bbox 2729 4710 2946 4781; x_wconf 84' lang='lat' dir='ltr'><strong>gloriam</strong></span> <span class='ocrx_word' id='word_1_859' title='bbox 2967 4720 3014 4765; x_wconf 88' lang='lat' dir='ltr'><strong>et</strong></span> <span class='ocrx_word' id='word_1_860' title='bbox 3042 4712 3394 4782; x_wconf 87' lang='lat' dir='ltr'><strong>ignominiam,</strong></span> <span class='ocrx_word' id='word_1_861' title='bbox 3419 4733 3509 4785; x_wconf 77' lang='lat' dir='ltr'><strong>per</strong></span> <span class='ocrx_word' id='word_1_862' title='bbox 3537 4718 3794 4784; x_wconf 79' lang='lat' dir='ltr'><strong>infamiam</strong></span> 
     </span>
    </p>
   </div>
   <div class='ocr_carea' id='block_1_111' title="bbox 2221 4801 3792 4875">
    <p class='ocr_par' dir='ltr' id='par_1_111' title="bbox 2221 4801 3792 4875">
     <span class='ocr_line' id='line_1_111' title="bbox 2221 4801 3792 4875; baseline 0.006 -20"><span class='ocrx_word' id='word_1_863' title='bbox 2221 4813 2266 4856; x_wconf 88' lang='lat' dir='ltr'><strong>et</strong></span> <span class='ocrx_word' id='word_1_864' title='bbox 2295 4802 2476 4855; x_wconf 87' lang='lat' dir='ltr'><strong>bonam</strong></span> <span class='ocrx_word' id='word_1_865' title='bbox 2515 4806 2725 4871; x_wconf 81' lang='lat' dir='ltr'><strong>famam.</strong></span> <span class='ocrx_word' id='word_1_866' title='bbox 2772 4801 2908 4868; x_wconf 86' lang='lat' dir='ltr'><strong>Quid</strong></span> <span class='ocrx_word' id='word_1_867' title='bbox 2951 4803 3069 4858; x_wconf 83' lang='lat' dir='ltr'><strong>ais?</strong></span> <span class='ocrx_word' id='word_1_868' title='bbox 3112 4820 3433 4875; x_wconf 88' lang='lat' dir='ltr'><strong>magnumne</strong></span> <span class='ocrx_word' id='word_1_869' title='bbox 3476 4809 3542 4862; x_wconf 89' lang='lat' dir='ltr'><strong>ad</strong></span> <span class='ocrx_word' id='word_1_870' title='bbox 3589 4810 3792 4864; x_wconf 86' lang='lat' dir='ltr'><strong>laudem</strong></span> 
     </span>
    </p>
   </div>
   <div class='ocr_carea' id='block_1_112' title="bbox 2224 4893 3793 4969">
    <p class='ocr_par' dir='ltr' id='par_1_112' title="bbox 2224 4893 3793 4969">
     <span class='ocr_line' id='line_1_112' title="bbox 2224 4893 3793 4969; baseline 0.005 -22"><span class='ocrx_word' id='word_1_871' title='bbox 2224 4895 2315 4948; x_wconf 90' lang='lat' dir='ltr'><strong>tibi</strong></span> <span class='ocrx_word' id='word_1_872' title='bbox 2355 4909 2476 4948; x_wconf 90' lang='lat' dir='ltr'><strong>esse</strong></span> <span class='ocrx_word' id='word_1_873' title='bbox 2514 4908 2704 4948; x_wconf 83' lang='lat' dir='ltr'><strong>censes</strong></span> <span class='ocrx_word' id='word_1_874' title='bbox 2740 4893 2910 4964; x_wconf 88' lang='lat' dir='ltr'><strong>gloria</strong></span> <span class='ocrx_word' id='word_1_875' title='bbox 2949 4894 3089 4949; x_wconf 87' lang='lat' dir='ltr'><strong>frui?</strong></span> <span class='ocrx_word' id='word_1_876' title='bbox 3125 4894 3386 4961; x_wconf 81' lang='lat' dir='ltr'><strong>Maxime,</strong></span> <span class='ocrx_word' id='word_1_877' title='bbox 3435 4899 3624 4969; x_wconf 89' lang='lat' dir='ltr'><strong>inquit.</strong></span> <span class='ocrx_word' id='word_1_878' title='bbox 3665 4901 3793 4969; x_wconf 88' lang='lat' dir='ltr'><strong>Quid</strong></span> 
     </span>
    </p>
   </div>
   <div class='ocr_carea' id='block_1_113' title="bbox 2223 4984 3797 5058">
    <p class='ocr_par' dir='ltr' id='par_1_113' title="bbox 2223 4984 3797 5058">
     <span class='ocr_line' id='line_1_113' title="bbox 2223 4984 3797 5058; baseline 0.003 -20"><span class='ocrx_word' id='word_1_879' title='bbox 2223 4985 2336 5038; x_wconf 86' lang='lat' dir='ltr'><strong>ita?</strong></span> <span class='ocrx_word' id='word_1_880' title='bbox 2364 4999 2487 5038; x_wconf 88' lang='lat' dir='ltr'><strong>nam</strong></span> <span class='ocrx_word' id='word_1_881' title='bbox 2521 4984 2864 5054; x_wconf 88' lang='lat' dir='ltr'><strong>ignominiam</strong></span> <span class='ocrx_word' id='word_1_882' title='bbox 2895 4985 3108 5054; x_wconf 90' lang='lat' dir='ltr'><strong>quidem</strong></span> <span class='ocrx_word' id='word_1_883' title='bbox 3139 4985 3280 5042; x_wconf 87' lang='lat' dir='ltr'><strong>ferre</strong></span> <span class='ocrx_word' id='word_1_884' title='bbox 3321 5003 3571 5058; x_wconf 88' lang='lat' dir='ltr'><strong>magnum</strong></span> <span class='ocrx_word' id='word_1_885' title='bbox 3598 5003 3712 5056; x_wconf 88' lang='lat' dir='ltr'><strong>est;</strong></span> <span class='ocrx_word' id='word_1_886' title='bbox 3746 4996 3758 5046; x_wconf 89' lang='lat' dir='ltr'><strong>i</strong></span> <span class='ocrx_word' id='word_1_887' title='bbox 3788 5014 3797 5042; x_wconf 86' lang='grc' dir='ltr'><strong>ι</strong></span> 
     </span>
    </p>
   </div>
   <div class='ocr_carea' id='block_1_114' title="bbox 2221 5079 3792 5163">
    <p class='ocr_par' dir='ltr' id='par_1_114' title="bbox 2221 5079 3792 5163">
     <span class='ocr_line' id='line_1_114' title="bbox 2221 5079 3792 5163; baseline 0.005 -31"><span class='ocrx_word' id='word_1_888' title='bbox 2221 5080 2386 5149; x_wconf 89' lang='lat' dir='ltr'><strong>gloria</strong></span> <span class='ocrx_word' id='word_1_889' title='bbox 2412 5088 2590 5134; x_wconf 90' lang='lat' dir='ltr'><strong>autem</strong></span> <span class='ocrx_word' id='word_1_890' title='bbox 2639 5079 2877 5144; x_wconf 85' lang='lat' dir='ltr'><strong>versari,</strong></span> <span class='ocrx_word' id='word_1_891' title='bbox 2907 5095 3085 5136; x_wconf 91' lang='lat' dir='ltr'><strong>annon</strong></span> <span class='ocrx_word' id='word_1_892' title='bbox 3114 5093 3389 5138; x_wconf 88' lang='lat' dir='ltr'><strong>strenuum</strong></span> <span class='ocrx_word' id='word_1_893' title='bbox 3431 5085 3671 5140; x_wconf 87' lang='lat' dir='ltr'><strong>animum</strong></span> <span class='ocrx_word' id='word_1_894' title='bbox 3712 5101 3792 5163; x_wconf 76' lang='lat' dir='ltr'><strong>re-</strong></span> 
     </span>
    </p>
   </div>
   <div class='ocr_carea' id='block_1_115' title="bbox 2221 5173 3797 5246">
    <p class='ocr_par' dir='ltr' id='par_1_115' title="bbox 2221 5173 3797 5246">
     <span class='ocr_line' id='line_1_115' title="bbox 2221 5173 3797 5246; baseline 0.004 -20"><span class='ocrx_word' id='word_1_895' title='bbox 2221 5174 2416 5242; x_wconf 82' lang='lat' dir='ltr'><strong>quirit?</strong></span> <span class='ocrx_word' id='word_1_896' title='bbox 2442 5173 2726 5228; x_wconf 88' lang='lat' dir='ltr'><strong>Strenuum</strong></span> <span class='ocrx_word' id='word_1_897' title='bbox 2761 5174 2917 5242; x_wconf 88' lang='lat' dir='ltr'><strong>plane</strong></span> <span class='ocrx_word' id='word_1_898' title='bbox 2945 5189 3008 5229; x_wconf 91' lang='lat' dir='ltr'><strong>ac</strong></span> <span class='ocrx_word' id='word_1_899' title='bbox 3031 5191 3284 5245; x_wconf 87' lang='lat' dir='ltr'><strong>perquam</strong></span> <span class='ocrx_word' id='word_1_900' title='bbox 3308 5179 3575 5246; x_wconf 88' lang='lat' dir='ltr'><strong>ingentem</strong></span> <span class='ocrx_word' id='word_1_901' title='bbox 3597 5219 3615 5243; x_wconf 96' lang='lat'><strong>,</strong></span> <span class='ocrx_word' id='word_1_902' title='bbox 3649 5185 3704 5232; x_wconf 92' lang='lat' dir='ltr'><strong>ut</strong></span> <span class='ocrx_word' id='word_1_903' title='bbox 3732 5194 3797 5234; x_wconf 86' lang='lat' dir='ltr'><strong>ue</strong></span> 
     </span>
    </p>
   </div>
   <div class='ocr_carea' id='block_1_116' title="bbox 2223 5261 3793 5340">
    <p class='ocr_par' dir='ltr' id='par_1_116' title="bbox 2223 5261 3793 5340">
     <span class='ocr_line' id='line_1_116' title="bbox 2223 5261 3793 5340; baseline 0.004 -22"><span class='ocrx_word' id='word_1_904' title='bbox 2223 5264 2269 5318; x_wconf 91' lang='lat' dir='ltr'><strong>is</strong></span> <span class='ocrx_word' id='word_1_905' title='bbox 2303 5264 2392 5334; x_wconf 90' lang='lat' dir='ltr'><strong>qui</strong></span> <span class='ocrx_word' id='word_1_906' title='bbox 2419 5278 2482 5317; x_wconf 87' lang='lat' dir='ltr'><strong>ea</strong></span> <span class='ocrx_word' id='word_1_907' title='bbox 2514 5261 2706 5317; x_wconf 91' lang='lat' dir='ltr'><strong>fruitur</strong></span> <span class='ocrx_word' id='word_1_908' title='bbox 2733 5265 3011 5324; x_wconf 85' lang='lat' dir='ltr'><strong>obruatur.</strong></span> <span class='ocrx_word' id='word_1_909' title='bbox 3039 5265 3155 5333; x_wconf 89' lang='lat' dir='ltr'><strong>Quo</strong></span> <span class='ocrx_word' id='word_1_910' title='bbox 3198 5266 3254 5320; x_wconf 87' lang='lat' dir='ltr'><strong>lit</strong></span> <span class='ocrx_word' id='word_1_911' title='bbox 3277 5308 3290 5331; x_wconf 90' lang='lat'><strong>,</strong></span> <span class='ocrx_word' id='word_1_912' title='bbox 3323 5277 3380 5322; x_wconf 94' lang='lat' dir='ltr'><strong>ut</strong></span> <span class='ocrx_word' id='word_1_913' title='bbox 3417 5267 3468 5322; x_wconf 91' lang='lat' dir='ltr'><strong>in</strong></span> <span class='ocrx_word' id='word_1_914' title='bbox 3495 5283 3561 5323; x_wconf 90' lang='lat' dir='ltr'><strong>eo</strong></span> <span class='ocrx_word' id='word_1_915' title='bbox 3585 5285 3793 5340; x_wconf 85' lang='lat' dir='ltr'><strong>quoque</strong></span> 
     </span>
    </p>
   </div>
   <div class='ocr_carea' id='block_1_117' title="bbox 2223 5353 3802 5431">
    <p class='ocr_par' dir='ltr' id='par_1_117' title="bbox 2223 5353 3802 5431">
     <span class='ocr_line' id='line_1_117' title="bbox 2223 5353 3802 5431; baseline 0.005 -23"><span class='ocrx_word' id='word_1_916' title='bbox 2223 5354 2418 5408; x_wconf 88' lang='lat' dir='ltr'><strong>Paulus</strong></span> <span class='ocrx_word' id='word_1_917' title='bbox 2443 5353 2718 5422; x_wconf 89' lang='lat' dir='ltr'><strong>glorietur,</strong></span> <span class='ocrx_word' id='word_1_918' title='bbox 2752 5365 2808 5407; x_wconf 93' lang='lat' dir='ltr'><strong>ut</strong></span> <span class='ocrx_word' id='word_1_919' title='bbox 2852 5369 2906 5409; x_wconf 84' lang='lat' dir='ltr'><strong>et</strong></span> <span class='ocrx_word' id='word_1_920' title='bbox 2938 5357 2989 5409; x_wconf 91' lang='lat' dir='ltr'><strong>in</strong></span> <span class='ocrx_word' id='word_1_921' title='bbox 3019 5353 3110 5409; x_wconf 89' lang='lat' dir='ltr'><strong>illo</strong></span> <span class='ocrx_word' id='word_1_922' title='bbox 3151 5373 3166 5410; x_wconf 91' lang='lat'><strong>:</strong></span> <span class='ocrx_word' id='word_1_923' title='bbox 3195 5358 3448 5426; x_wconf 90' lang='lat' dir='ltr'><strong>quoniam</strong></span> <span class='ocrx_word' id='word_1_924' title='bbox 3481 5359 3533 5413; x_wconf 92' lang='lat' dir='ltr'><strong>in</strong></span> <span class='ocrx_word' id='word_1_925' title='bbox 3581 5370 3802 5431; x_wconf 87' lang='lat' dir='ltr'><strong>utraque</strong></span> 
     </span>
    </p>
   </div>
   <div class='ocr_carea' id='block_1_118' title="bbox 2224 5445 3795 5521">
    <p class='ocr_par' dir='ltr' id='par_1_118' title="bbox 2224 5445 3795 5521">
     <span class='ocr_line' id='line_1_118' title="bbox 2224 5445 3795 5521; baseline 0.003 -22"><span class='ocrx_word' id='word_1_926' title='bbox 2224 5463 2281 5500; x_wconf 86' lang='lat' dir='ltr'><strong>re</strong></span> <span class='ocrx_word' id='word_1_927' title='bbox 2307 5461 2554 5517; x_wconf 78' lang='lat' dir='ltr'><strong>peraeque</strong></span> <span class='ocrx_word' id='word_1_928' title='bbox 2582 5445 2844 5502; x_wconf 89' lang='lat' dir='ltr'><strong>elucebat.</strong></span> <span class='ocrx_word' id='word_1_929' title='bbox 2875 5448 3155 5514; x_wconf 91' lang='lat' dir='ltr'><strong>Quomodo</strong></span> <span class='ocrx_word' id='word_1_930' title='bbox 3199 5465 3345 5504; x_wconf 90' lang='lat' dir='ltr'><strong>arma</strong></span> <span class='ocrx_word' id='word_1_931' title='bbox 3370 5451 3634 5520; x_wconf 68' lang='lat' dir='ltr'><strong>justitim?</strong></span> <span class='ocrx_word' id='word_1_932' title='bbox 3660 5454 3795 5521; x_wconf 88' lang='lat' dir='ltr'><strong>Quo-</strong></span> 
     </span>
    </p>
   </div>
   <div class='ocr_carea' id='block_1_119' title="bbox 2224 5537 3796 5616">
    <p class='ocr_par' dir='ltr' id='par_1_119' title="bbox 2224 5537 3796 5616">
     <span class='ocr_line' id='line_1_119' title="bbox 2224 5537 3796 5616; baseline 0.005 -26"><span class='ocrx_word' id='word_1_933' title='bbox 2224 5539 2366 5590; x_wconf 90' lang='lat' dir='ltr'><strong>niam</strong></span> <span class='ocrx_word' id='word_1_934' title='bbox 2406 5537 2603 5592; x_wconf 91' lang='lat' dir='ltr'><strong>multos</strong></span> <span class='ocrx_word' id='word_1_935' title='bbox 2639 5538 2706 5592; x_wconf 88' lang='lat' dir='ltr'><strong>ad</strong></span> <span class='ocrx_word' id='word_1_936' title='bbox 2739 5539 2953 5610; x_wconf 84' lang='lat' dir='ltr'><strong>pietatis</strong></span> <span class='ocrx_word' id='word_1_937' title='bbox 2981 5540 3214 5597; x_wconf 88' lang='lat' dir='ltr'><strong>studium</strong></span> <span class='ocrx_word' id='word_1_938' title='bbox 3249 5542 3455 5610; x_wconf 86' lang='lat' dir='ltr'><strong>incitat,</strong></span> <span class='ocrx_word' id='word_1_939' title='bbox 3483 5559 3606 5600; x_wconf 90' lang='lat' dir='ltr'><strong>cum</strong></span> <span class='ocrx_word' id='word_1_940' title='bbox 3634 5547 3796 5616; x_wconf 81' lang='lat' dir='ltr'><strong>magi-</strong></span> 
     </span>
    </p>
   </div>
   <div class='ocr_carea' id='block_1_120' title="bbox 2222 5629 3794 5707">
    <p class='ocr_par' dir='ltr' id='par_1_120' title="bbox 2222 5629 3794 5707">
     <span class='ocr_line' id='line_1_120' title="bbox 2222 5629 3794 5707; baseline 0.007 -25"><span class='ocrx_word' id='word_1_941' title='bbox 2222 5638 2361 5683; x_wconf 87' lang='lat' dir='ltr'><strong>stros</strong></span> <span class='ocrx_word' id='word_1_942' title='bbox 2401 5630 2452 5684; x_wconf 91' lang='lat' dir='ltr'><strong>in</strong></span> <span class='ocrx_word' id='word_1_943' title='bbox 2504 5629 2710 5686; x_wconf 86' lang='lat' dir='ltr'><strong>honore</strong></span> <span class='ocrx_word' id='word_1_944' title='bbox 2739 5647 2859 5687; x_wconf 90' lang='lat' dir='ltr'><strong>esse</strong></span> <span class='ocrx_word' id='word_1_945' title='bbox 2907 5635 3287 5705; x_wconf 88' lang='lat' dir='ltr'><strong>conspiciunt:</strong></span> <span class='ocrx_word' id='word_1_946' title='bbox 3333 5645 3495 5707; x_wconf 89' lang='lat' dir='ltr'><strong>atque</strong></span> <span class='ocrx_word' id='word_1_947' title='bbox 3538 5639 3794 5695; x_wconf 87' lang='lat' dir='ltr'><strong>bonorum</strong></span> 
     </span>
    </p>
   </div>
   <div class='ocr_carea' id='block_1_121' title="bbox 2227 5721 3796 5803">
    <p class='ocr_par' dir='ltr' id='par_1_121' title="bbox 2227 5721 3796 5803">
     <span class='ocr_line' id='line_1_121' title="bbox 2227 5721 3796 5803; baseline 0.01 -29"><span class='ocrx_word' id='word_1_948' title='bbox 2227 5736 2446 5790; x_wconf 78' lang='lat' dir='ltr'><strong>operum</strong></span> <span class='ocrx_word' id='word_1_949' title='bbox 2490 5721 2591 5778; x_wconf 89' lang='lat' dir='ltr'><strong>hoc</strong></span> <span class='ocrx_word' id='word_1_950' title='bbox 2620 5735 2989 5796; x_wconf 88' lang='lat' dir='ltr'><strong>argumentum</strong></span> <span class='ocrx_word' id='word_1_951' title='bbox 3020 5738 3131 5795; x_wconf 89' lang='lat' dir='ltr'><strong>est,</strong></span> <span class='ocrx_word' id='word_1_952' title='bbox 3163 5740 3213 5783; x_wconf 90' lang='lat' dir='ltr'><strong>et</strong></span> <span class='ocrx_word' id='word_1_953' title='bbox 3236 5728 3359 5783; x_wconf 88' lang='lat' dir='ltr'><strong>hinc</strong></span> <span class='ocrx_word' id='word_1_954' title='bbox 3388 5731 3480 5786; x_wconf 85' lang='lat' dir='ltr'><strong>Dei</strong></span> <span class='ocrx_word' id='word_1_955' title='bbox 3517 5733 3686 5803; x_wconf 81' lang='lat' dir='ltr'><strong>gloria</strong></span> <span class='ocrx_word' id='word_1_956' title='bbox 3711 5749 3796 5789; x_wconf 84' lang='lat' dir='ltr'><strong>ce-</strong></span> 
     </span>
    </p>
   </div>
  </div>
