4070 6152
425 295 530 350 435

427 403 730 482 Προσέχετε
772 409 852 472 εἰς
881 410 1024 479 ἡμᾶς
1057 409 1138 462 ὅτι
1179 407 1412 462 τοιοῦτοί
1447 409 1642 478 ἐσμεν·
1688 404 1824 458 ἀλλά
1858 402 1996 465 τέως

424 501 511 555 ἐπ’
537 501 812 573 ἀναιρέσει
844 503 1176 572 κατηγορίας
1215 501 1285 555 τά
1315 500 1439 556 καθ’
1478 502 1669 554 ἐαυτὸν
1697 496 1994 568 διηγεῖται.

424 594 536 650 Καὶ
568 592 661 647 δύο
691 592 900 663 τίθησιν
927 593 1229 665 ὑπερϐολάς
1254 595 1488 665 ἀμώμου
1523 593 1657 664 βίου,
1689 590 1998 658 Μηδεμίαν

423 683 493 735 ἐν
517 680 753 752 μηδενί,
781 681 970 749 λέγων.
1007 684 1116 736 Kal
1147 683 1248 737 οὐκ
1278 679 1399 737 εἷπε
1433 681 1789 752 κατηγορίαν,
1821 677 1934 730 ἀλλ’
1967 675 1997 728 ὂ

425 778 603 849 πολλῷ
647 777 861 832 ἔλαττον
890 773 981 848 ἦν,
1028 776 1414 844 Προσιοοπήν·
1471 774 1735 836 τουτέστι,
1766 768 1992 841 μέμψιν.

424 871 762 938 κατάγνωσιν
786 867 976 938 μηδενὶ
1006 868 1341 938 παρέχοντες
1380 865 1504 920 καθ’
1537 863 1715 933 ήμῶν.
1749 863 1875 916 Ἵνα
1906 858 1994 928 μὴ

415 955 669 1030 μωμηθῇ
706 961 745 1026 ἡ
775 957 1050 1012 διακονία
1095 956 1286 1025 ἡμῶν.
1323 956 1635 1015 Τουτέστιν,
1665 955 1753 1006 ἴνα
1805 951 1880 1024 μή
1911 966 1996 1014 τις

419 1049 587 1121 αὐτῆς
618 1048 963 1120 ἐπιλάϐηται.
996 1048 1104 1101 Καὶ
1125 1047 1226 1100 οὐκ
1242 1043 1360 1101 εἷπε
1397 1045 1578 1107 πάλιν,
1615 1039 1734 1098 Ἵνα
1768 1041 1842 1112 μὴ
1866 1057 1998 1093 κατ-

415 1141 686 1215 ηγορηθῇ,
721 1141 861 1203 ἀλλ’,
897 1141 1018 1193 Ἵνα
1054 1139 1188 1210 μηδέ
1242 1138 1342 1209 τὴν
1371 1137 1642 1208 τυχοῦσαν
1669 1135 1849 1189 αἰτίαν
1871 1133 1992 1205 ἔχῃ,

420 1237 494 1306 μή
527 1253 610 1298 τις
638 1234 774 1304 αὐτῇ
804 1233 884 1296 εἰς
913 1230 1092 1285 ὁτιοῦν
1122 1229 1424 1301 ἐπισκῆψαι
1456 1230 1680 1300 δυνηθῇ.
1729 1226 1894 1281 Ἀλλ’
1923 1227 1996 1279 ἐν

417 1327 598 1382 παντὶ
660 1324 1069 1390 συνιστῶντες
1103 1321 1374 1388 ἑαυτοὺς,
1409 1321 1490 1388 ὡς
1525 1319 1674 1375 Θεοῦ
1701 1319 1989 1373 διάκονοι.

418 1417 588 1470 ἰὀῦτο
617 1415 797 1484 πολλῷ
818 1415 1023 1485 μεῖζον.
1059 1413 1134 1466 Ού
1165 1413 1273 1482 γάρ
1306 1414 1456 1466 ἐστιν
1505 1414 1618 1466 ῐσον
1654 1409 1994 1483 κατηγορίας

418 1507 706 1578 ἐλεύθερον
756 1503 917 1570 εἶναι,
981 1509 1074 1562 καί
1134 1507 1359 1563 τοιαῦτα
1426 1505 1854 1566 ἐπιδείκνυσθαι,
1915 1504 1993 1567 ὡς

421 1598 687 1652 πάντοθεν
727 1596 1012 1665 φαίνεσθαι
1054 1597 1334 1660 διακόνους
1375 1596 1535 1659 ὄντας
1583 1594 1742 1648 Θεοῦ·
1783 1593 1846 1648 ού
1882 1592 1992 1663 γάρ

419 1694 568 1742 ἐστιν
598 1688 710 1742 ἴσον
747 1688 1094 1760 ἀπηλλάχθαι
1149 1688 1506 1759 κατηγορίας,
1544 1688 1639 1740 καὶ
1695 1684 1992 1754 ἐγκωμίοις

432 1780 639 1850 βρύειν.
678 1781 790 1833 Καὶ
811 1780 911 1833 οὐκ
935 1775 1076 1845 εἷπε,
1099 1781 1442 1851 Φαινόμενοι,
1479 1779 1634 1839 ἀλλὰ,
1663 1772 1995 1831 Συνιστῶν⁶

421 1889 540 1937 τες,
567 1873 867 1936 τουτέστιν,
909 1869 1342 1936 ἀποδεικνύντες.
1379 1867 1513 1925 Εἶτα
1541 1870 1801 1938 λέγεικαὶ
1830 1868 1993 1923 πόθεν

418 1961 649 2016 τοιοῦτοι
675 1961 944 2029 ἐγένοντο.
974 1961 1145 2015 Πόθεν
1169 1956 1262 2014 οῦν
1285 1961 1534 2028 ἐγένοντο
1557 1977 1570 2023 ;
1591 1960 1694 2013 Ἑν
1713 1955 1992 2028 ὑπομονῇ

413 2053 639 2121 πολλῇ,
675 2053 833 2122 φησί·
862 2052 952 2106 τὸν
981 2052 1231 2124 θεμέλιον
1258 2053 1366 2105 τῶν
1407 2051 1626 2120 ἀγαθῶν
1660 2050 1848 2115 τιθείς.
1873 2050 1992 2103 Διό-

414 2161 521 2215 περ
549 2144 669 2197 οὐδὲ
699 2143 888 2206 ἀτελῶς
915 2143 1192 2214 ὑπομονὴν
1224 2138 1398 2206 εἶπεν,
1445 2142 1579 2195 ἀλλά
1627 2141 1851 2212 πολλὴν,
1896 2141 1991 2194 κα)⁴

409 2235 683 2288 δείκνυσιν
736 2237 904 2305 αὐτῆς
933 2237 1025 2288 καὶ
1062 2237 1122 2287 τὸ
1171 2235 1419 2306 μέγεθος.
1457 2235 1529 2287 Τὸ
1559 2235 1666 2306 γὰρ
1700 2235 1757 2287 ’ἐν
1797 2252 1852 2287 τι
1895 2235 1991 2288 καὶ

407 2327 659 2397 δεύτερον
687 2329 950 2395 ἐνεγκεῖν,
982 2326 1132 2378 οὐδὲν
1157 2325 1318 2396 μέγα·
1352 2324 1469 2378 ἀλλ’
1516 2327 1712 2394 ἐπάγει
1757 2328 1853 2379 καὶ
1892 2326 1992 2390 τάς

409 2417 636 2484 νιφάδας
661 2415 769 2468 τῶν
811 2415 1157 2485 πειρασμῶν,
1211 2414 1409 2481 λέγων,
1450 2416 1554 2469 Ἐν
1575 2417 1879 2483 θλίψεσιν,
1921 2417 1991 2469 ἐν

411 2509 718 2577 ἀνάγκαις.
757 2507 928 2560 Τοῦτο
954 2506 1225 2570 ’ἐπίτασις
1265 2506 1520 2576 θλίψεως,
1555 2508 1682 2559 ὅταν
1709 2507 1928 2575 ἄφυκτα

409 2600 478 2653 τὰ
503 2600 668 2660 κακὰ,
705 2601 799 2652 καὶ
833 2598 1022 2670 ὥσπερ
1053 2598 1267 2668 ἀνάγκη
1306 2615 1392 2661 τις
1438 2598 1722 2668 ἐπικέηται
1745 2600 1853 2652 τῶν
1885 2601 1990 2653 δει-

411 2692 518 2744 νῶν
541 2690 987 2755 δυσδιεξόδευτος.
1042 2691 1138 2742 Ἐν
1197 2692 1638 2757 στενοχωρίαις.
1681 2691 1837 2744 Ἤτοι
1868 2695 1988 2754 ταῖς

408 2784 506 2837 τοῦ
556 2783 716 2853 λιμοῦ
747 2799 904 2853 φησι,
948 2783 1042 2834 καὶ
1071 2783 1190 2844 ταῖς
1221 2782 1332 2834 τῶν
1361 2781 1539 2834 ἀλλων
1585 2783 1925 2850 ἀναγκαίωνο
1953 2783 1988 2854 ἢ

411 2873 503 2924 καὶ
526 2871 711 2934 ἁπλῶς
732 2873 854 2934 ταῖς
917 2869 1026 2922 τῶν
1075 2870 1421 2942 πειρασμῶν.
1465 2872 1561 2923 Ἑν
1604 2872 1888 2939 πληγαῖς,
1920 2873 1989 2924 ἐν

411 2961 736 3030 φυλακαῖς,
769 2961 839 3013 ἐν
860 2960 1356 3026 ἀκαταστασίαις.
1396 2961 1588 3014 Καίτοι
1638 2961 1843 3014 τούτων
1866 2961 1984 3012 καθ’

412 3053 570 3107 ἑαυτὸ
589 3053 818 3107 ἕκαστον
839 3051 1112 3122 ἀφόρητον
1127 3046 1217 3123 ἦν,
1235 3052 1328 3105 καὶ
1349 3051 1410 3105 τὸ
1429 3051 1784 3122 μαστίζεσθαι
1806 3049 1984 3120 μόνον,

409 3145 506 3197 καὶ
559 3143 620 3196 τὸ
676 3141 919 3196 δεδέσθαι
961 3141 1144 3210 μόνον,
1200 3143 1292 3195 καὶ
1335 3141 1396 3195 τὸ
1433 3141 1682 3213 μηδαμοῦ
1727 3142 1986 3196 δύνασθαι

409 3233 600 3303 στῆναι
622 3231 1002 3301 ἐλαυνόμενον·
1027 3228 1186 3282 τοῦτο
1235 3230 1344 3300 γάρ
1396 3231 1564 3295 ἐστιν,
1626 3227 1728 3282 Ἔν
1769 3228 1986 3282 dicam-

407 3325 709 3390 στασίαις’
741 3325 868 3376 ὅταν
895 3320 1065 3375 δὲκαὶ
1088 3321 1287 3384 πάντα,
1316 3318 1464 3392 [525]
1492 3319 1588 3372 καὶ
1622 3319 1756 3389 ὁμοῦ
1809 3320 1986 3373 πάντα

411 3416 564 3487 ἐπίῃ,
599 3415 849 3483 ἐννόησον
878 3413 1073 3484 ἡλίκης
1095 3414 1270 3467 δεῖται
1303 3413 1501 3483 ψυχῆς.
1539 3408 1673 3465 Είτα
1712 3414 1848 3482 μετά
1875 3412 1985 3464 τῶν

414 3506 614 3571 ἔξωθεν
641 3508 735 3559 καὶ
761 3505 830 3560 τά
854 3507 982 3577 παρ’
1005 3505 1200 3559 ἐαυτοῦ
1234 3505 1467 3574 τίθησιν.
1508 3505 1610 3559 Ἐν
1652 3505 1881 3570 κόποις,
1915 3504 1987 3557 ἐν

416 3599 788 3668 ἀγρυπνίαις,
817 3597 887 3650 ἐν
911 3599 1243 3666 νηστείαις,
1269 3595 1339 3648 ἐν
1356 3597 1656 3665 ἁγνότητι.
1715 3597 1813 3650 Διά
1858 3596 1984 3650 τού-

408 3710 520 3745 των
549 3693 674 3754 τοὺς
711 3691 988 3761 καμάτους
1024 3691 1345 3753 αἰνίττεται,
1393 3688 1486 3751 οὓς
1536 3687 1709 3757 ἔκαμε
1759 3687 1987 3758 περιιὼν

408 3784 504 3837 καὶ
533 3781 923 3854 ἐργαζόμενος,
953 3780 1053 3842 τὰς
1073 3779 1273 3842 νύκτας
1300 3779 1359 3832 ἐν
1388 3774 1474 3840 αἷς
1513 3778 1811 3840 ἐδίδασκεν,
1835 3777 1868 3848 ἢ
1903 3779 1984 3832 ὅτι

407 3879 502 3932 καὶ
527 3881 586 3930 ἐν
617 3878 810 3940 αὑταῖς
837 3877 1145 3947 εἰργάζετο.
1187 3874 1291 3928 Kal
1324 3879 1464 3945 μετά
1492 3873 1695 3928 τούτων
1725 3874 1982 3928 ἀπάντων

406 3975 528 4028 οὐδὲ
558 3973 652 4026 τοῦ
675 3972 957 4043 νηστεύειν
982 3971 1195 4041 ἠμέλει,
1227 3972 1404 4025 καίτοι
1429 3987 1493 4039 γε
1523 3970 1696 4024 ταῦτα
1723 3971 1843 4024 ἀντὶ
1878 3988 1982 4040 μυ-

411 4067 541 4138 ρίων
573 4067 734 4137 ἢρκει
762 4064 1048 4135 νηστειῶν.
1099 4064 1403 4133 Ἀγνότητα
1435 4063 1492 4115 δὲ
1543 4063 1777 4116 ἐνταῦθα
1810 4062 1845 4134 ἢ
1877 4081 1982 4115 σω-

409 4159 682 4229 φροσύνην
702 4157 887 4220 πάλιν,
932 4156 965 4227 ἢ
1021 4157 1119 4225 τὴν
1146 4158 1203 4208 ἐν
1233 4155 1402 4208 ἀπασι
1454 4153 1818 4225 καθαρότητα,
1859 4154 1890 4224 ἤ
1921 4154 1983 4206 τὸ

406 4253 831 4324 ἀδωροδόκητον,
865 4249 898 4321 ἢ
930 4250 1023 4302 καὶ
1048 4249 1109 4301 τὸ
1134 4247 1342 4317 δωρεάν
1358 4247 1418 4299 τὸ
1439 4246 1753 4313 εὐαγγέλιον
1779 4246 1980 4315 κηρύτ-

403 4359 539 4396 τειν.
583 4345 685 4398 Ἐν
706 4342 942 4412 γνώσει.
967 4340 1032 4394 Τί
1056 4341 1226 4403 ἐστιν,
1271 4339 1375 4392 Ἐν
1407 4337 1658 4408 rubeat;
1697 4337 1784 4388 Ἐν
1820 4335 1982 4406 σοφίᾳ

405 4436 473 4503 τῇ
497 4433 648 4503 παρά
675 4431 770 4486 τοῦ
793 4431 929 4485 Θεοῦ
963 4428 1248 4500 δεδομένῃ,
1297 4431 1364 4498 τῇ
1412 4429 1580 4490 ὅντως
1639 4427 1859 4495 γνώσει’
1918 4427 1980 4480 ού

404 4525 660 4594 καθάπερ
684 4524 878 4577 ἐκεῖνοι
907 4523 957 4575 οί
1007 4520 1291 4583 δοκοῦντες
1357 4515 1495 4572 εἶναι
1548 4519 1722 4586 σοφοὶ,
1773 4519 1864 4571 καὶ
1913 4521 1980 4591 τῇ

405 4613 604 4681 ἔξωθεν
633 4613 912 4667 παιδεύσει
940 4611 1343 4683 κομπάζοντες,
1373 4609 1545 4680 ταύτῃ
1569 4609 1625 4662 δὲ
1654 4608 1983 4680 ἐλαττούμε-

403 4724 506 4760 νοι.
556 4707 658 4760 Ἐν
701 4705 1101 4775 μακροθυμίᾳ,
1140 4705 1210 4758 ἐν
1265 4703 1656 4772 χρηστότητι.
1693 4701 1834 4756 Πολὺ
1870 4701 1981 4773 γὰρ

404 4799 501 4853 καὶ
526 4798 700 4852 ταῦτα
718 4798 971 4867 γενναίας
994 4793 1063 4868 ἦν
1093 4796 1293 4866 ψυχῆς,
1326 4796 1385 4848 τὸ
1428 4793 1695 4849 πάντοθεν
1745 4793 1982 4864 παροξυ-

402 4887 627 4959 νόμενον
648 4889 744 4942 καὶ
757 4887 1137 4958 κεντούμενον,
1155 4884 1521 4957 μακροθύμως
1536 4885 1750 4938 ἅπαντα
1772 4885 1978 4957 φέρειν.

402 4977 540 5035 Εἶτα
562 4981 775 5044 δεικνὺς
801 4980 963 5034 πόθεν
983 4980 1219 5041 τοιοῦτος
1262 4978 1509 5046 γέγονεν,
1538 4977 1836 5046 ἐπήγαγεν·
1879 4979 1980 5030 Ἐν

401 5074 702 5142 Πνεύματι
735 5073 899 5142 ἀγίῳ.
945 5072 1030 5123 Ἐν
1056 5069 1203 5139 αύτῷ
1226 5070 1334 5139 γὰρ
1370 5068 1546 5121 πάντα
1584 5066 1756 5120 ταῦτα
1777 5085 1979 5140 κατορο

399 5165 628 5236 θοῦμεν,
659 5165 843 5236 φησίν.
882 5163 1022 5216 Ἀλλ’
1065 5165 1167 5233 ὅρα
1196 5163 1325 5214 πότε
1351 5161 1451 5231 τὴν
1480 5159 1632 5229 παρά
1673 5159 1768 5212 τοῦ
1808 5160 1981 5212 Πνεύ-

401 5275 576 5330 ματος
599 5257 762 5328 ἐθηκε
793 5255 888 5309 τοῦ
913 5256 1066 5324 ἁγίου
1102 5251 1370 5324 βοήθειαν·
1407 5254 1494 5305 ὅτε
1515 5251 1584 5303 τά
1629 5251 1755 5321 παρ’
1790 5250 1978 5303 ἐαυτοῦ

398 5351 740 5416 ἐπεδείξατο.
783 5351 937 5419 Ἐμοὶ
993 5348 1050 5400 δέ
1092 5345 1357 5398 δοκεῖκαί
1406 5345 1596 5413 ἕτερον
1658 5341 1840 5410 λέγειν
1892 5343 1980 5396 διά

398 5441 614 5496 τούτου.
644 5441 804 5492 Ποῖον
837 5439 902 5508 δὴ
925 5435 1121 5500 τοῦτο;
1155 5435 1276 5487 Ὅτι
1305 5433 1399 5486 καὶ
1431 5431 1750 5500 Πνεύματος
1783 5429 1978 5494 πολλοῦ

1446 287 1517 347 ῘΝ
1557 283 1777 346 EPIST.
1816 284 1858 341 11
1898 285 1988 343 ΔΙ)
2021 284 2182 342 C08.
2217 285 2456 344 HOMIL.
2501 287 2613 344 ΧΠ.

3579 298 3684 354 481

2100 403 2130 453 ό
2151 402 2238 456 διὰ
2261 403 2370 455 τῶν
2399 404 2840 474 κατορθωμάτων
2874 406 3096 462 καὶτῶν
3122 407 3360 478 ἱδρώτων
3397 409 3497 479 τὴν
3520 414 3686 484 χάριν

2101 495 2567 566 ἐπισπασάμενος.
2595 498 2659 551 Εἰ
2697 498 2755 552 δέ
2783 517 2867 562 τις
2891 501 3055 564 είποι,
3086 503 3226 572 μετά
3247 501 3358 556 τῶν
3375 503 3688 575 εἰρημένων

2100 586 2264 640 αὐτὸν
2287 588 2571 658 ἐμφαίνειν
2611 589 2672 641 τὸ
2705 590 2786 643 ὅτι
2817 591 2908 644 καὶ
2935 591 2997 644 ἐν
3022 593 3093 663 τῇ
3125 593 3312 664 χάριτι
3341 595 3408 664 τῇ
3439 611 3685 666 πνευμα-

2101 677 2226 745 τικῇ
2259 675 2516 745 οὐδεμίαν
2550 677 2718 730 ἔδωκε
2742 681 3082 752 προσκοπήν,
3109 683 3208 736 οὐκ
3231 683 3297 736 ἂν
3332 684 3567 756 ἁμάρτοι
3583 686 3684 757 τῆς

2103 765 2332 828 ἐννοίας.
2367 768 2484 821 Καὶ
2521 769 2629 840 γάρ
2660 770 2827 833 οἰτάς
2848 771 3096 838 γλώσσας
3136 772 3391 837 λαϐόντες
3423 777 3556 848 παρ’
3583 779 3680 830 αύ-

2101 857 2238 918 τοῖς,
2287 857 2382 909 καὶ
2432 855 2783 928 ἐπαρθέντες,
2841 863 3240 934 ἐμωμήθησαν·
3292 866 3407 920 ἔστι
3447 868 3556 940 γὰρ
3585 870 3681 923 καὶ

2101 946 2349 1016 χάρισμα
2379 948 2609 1003 λαϐόντα
2655 953 3046 1022 πνευματικὸν,
3096 956 3195 1008 οὐκ
3235 959 3316 1020 είς
3359 958 3478 1012 δέον
3528 961 3677 1031 αὐτῷ

2102 1038 2429 1110 χρήσασθαι.
2471 1039 2609 1094 Ἀλλ’
2631 1043 2729 1113 οὐχ
2749 1046 2930 1114 ἡμεῖς,
2957 1047 3143 1116 φησὶν,
3163 1047 3301 1101 ἀλλά
3317 1051 3411 1104 καὶ
3436 1053 3494 1104 ἐν
3518 1054 3681 1106 πνεύ-

2103 1145 2253 1199 ματι,
2295 1132 2594 1198 τουτέστιν,
2621 1135 2714 1186 καὶ
2743 1136 2802 1186 ἐν
2844 1137 2954 1199 τοῖς
2994 1138 3334 1207 χαρίσμασιν
3383 1142 3679 1216 ἀμώμητοι

2100 1220 2418 1290 ἐγενόμεθα.
2466 1223 2565 1276 Ἐν
2589 1223 2788 1292 ἀγάπῃ
2815 1227 3218 1293 ἀνυποκρίτῳ.

2165 1317 2234 1380 γ’.
2256 1312 2426 1365 Τοῦτο
2443 1313 2660 1366 πάντων
2683 1313 2854 1368 αἴτιον
2874 1315 2984 1368 τῶν
3003 1317 3243 1385 ἀγαθῶν,
3259 1319 3417 1374 τοῦτο
3440 1323 3682 1380 τοιοῦτον

2099 1401 2260 1455 αὐτὸν
2288 1402 2596 1473 εἰργάζετο,
2628 1405 2788 1458 τοῦτο
2825 1407 3001 1460 καὶτὸ
3030 1407 3258 1480 Πνεῦμα
3288 1411 3474 1482 μένειν
3499 1414 3678 1468 ἐποίει

2099 1496 2230 1564 παρ’
2251 1494 2420 1566 αὐτῷ,
2448 1495 2514 1548 δι’
2540 1491 2609 1564 ,οὗ
2641 1499 2731 1552 καὶ
2758 1501 2938 1552 πάντα
2977 1500 3129 1572 αὐτῷ
3160 1503 3533 1574 κατωρθοῦτο.
3582 1507 3678 1560 Ἐν

2097 1588 2258 1652 λόγῳ
2281 1588 2585 1656 ἀληθείας.
2619 1590 2684 1643 Ὃ
2701 1589 2971 1662 πολλαχοῦ
2991 1592 3164 1661 λέγει,
3188 1594 3272 1647 ὅτι
3293 1595 3371 1650 Οὐ
3399 1595 3677 1661 δολοῦντες

2097 1681 2188 1734 τὸν
2208 1681 2364 1750 λόγον
2385 1683 2479 1736 τοῦ
2495 1683 2651 1746 Θεοῦ,
2683 1685 2806 1737 οὐδὲ
2827 1683 3138 1748 νοθεύοντες
3157 1685 3555 1757 διετελέσαμεν.
3573 1687 3679 1741 Ἕν

2097 1769 2346 1840 δυνάμει
2373 1773 2541 1826 Θεοῦ.
2574 1775 2750 1842 Ὅπερ
2788 1773 2878 1826 ἀεὶ
2909 1775 3072 1839 ποιεί,
3109 1774 3261 1828 οὐδὲν
3304 1775 3499 1845 ἑαυτῷ,
3539 1775 3676 1830 ἀλλά

2095 1864 2175 1934 τῷ
2203 1863 2320 1935 Θεῷ
2344 1865 2404 1918 τὸ
2439 1867 2546 1918 πᾶν
2565 1861 2866 1930 ἀνατιθεὶς,
2904 1867 3000 1920 καὶ
3026 1867 3177 1937 αύτῷ
3205 1867 3552 1939 λογιζόμενος
3605 1869 3676 1921 τὰ

2097 1956 2263 2010 αὑτοῦ
2289 1957 2708 2028 κατορθώματα,
2755 1957 2913 2010 τοῦτο
2942 1961 3036 2012 καὶ
3073 1957 3310 2012 ἐνταῦθα
3348 1959 3670 2026 πεποίηκεν.

2109 2045 2324 2118 Ἐπειδὴ
2358 2045 2467 2118 γάρ
2497 2047 2708 2117 μεγάλα
2737 2046 3061 2118 ἐφθέγξατο,
3085 2048 3178 2103 καὶ
3210 2048 3413 2120 ἔφησεν
3431 2049 3675 2120 ἄληπτον

2095 2139 2472 2211 παρεσχῆσθαι
2498 2139 2613 2209 βίον
2637 2139 2726 2194 διὰ
2754 2141 2991 2204 πάντων,
3016 2141 3110 2194 καὶ
3133 2140 3450 2210 φιλοσοφίαν
3470 2143 3672 2211 ἄκραν,

2093 2230 2174 2301 τῷ
2213 2231 2491 2300 Πνεύματι
2543 2233 2638 2286 καὶ
2678 2232 2758 2302 τῷ
2795 2232 2914 2303 Θεῷ
2961 2231 3135 2286 ταῦτα
3163 2233 3502 2303 ἀνατίθησιν.
3536 2233 3672 2286 Ούδὲ

2094 2323 2200 2394 γὰρ
2222 2323 2291 2377 τά
2325 2325 2553 2395 τυχόντα
2582 2321 2650 2395 ἦν
2676 2325 2745 2377 τά
2777 2325 3062 2395 εἰρημένα.
3089 2325 3149 2377 Εἰ
3171 2326 3280 2394 γὰρ
3312 2327 3408 2379 καὶ
3447 2328 3505 2378 ἐν
3538 2329 3673 2395 ἡσυ-

2094 2417 2186 2487 χία
2207 2416 2384 2480 ζῶντα
2409 2415 2667 2470 δύσκολον
2698 2416 2999 2488 κατορθοῦν
3023 2416 3115 2470 καὶ
3131 2417 3372 2488 ἄληπτον
3394 2413 3556 2481 εἶναι,
3580 2418 3674 2472 τὸν

2095 2508 2201 2563 ὑπὸ
2221 2507 2493 2561 τοσούτων
2514 2507 2907 2579 ἐνοχλούμενον
2935 2509 3280 2579 πειρασμῶν,
3303 2511 3397 2562 καὶ
3421 2510 3508 2564 διά
3536 2512 3674 2565 πάν-

2093 2617 2200 2653 των
2224 2599 2535 2670 λάμψαντα,
2563 2600 2816 2668 ἐννόησον
2846 2600 3042 2670 ἡλίκης
3075 2595 3214 2653 εἶναι
3248 2601 3447 2670 ψυχῆς.
3478 2603 3672 2656 Καίτοι

2093 2692 2213 2745 ούδέ
2229 2692 2402 2746 ταῦτα
2433 2692 2674 2762 ὑπέμενε
2704 2692 2864 2760 μόνον
2897 2731 2910 2751 ,
2949 2691 3087 2743 ἀλλά
3124 2692 3222 2744 καὶ
3245 2692 3423 2762 πολλῷ
3446 2695 3672 2748 πλείονα

2092 2783 2318 2847 τούτων,
2347 2783 2491 2852 ἅπερ
2517 2782 2640 2852 ἐξῆς
2671 2783 2872 2852 τίθησι.
2907 2783 3015 2835 Καὶ
3036 2784 3094 2835 τὸ
3123 2784 3189 2853 δὴ
3211 2783 3544 2854 θαυμαστὸν,
3572 2787 3672 2855 οὐχ

2091 2877 2175 2930 ὅτι
2193 2877 2433 2946 ἄληπτος
2459 2871 2528 2948 ἦν
2556 2878 2613 2928 ἐν
2641 2876 2917 2938 τοσούτοις
2946 2875 3158 2946 κύμασι
3207 2875 3406 2941 πλέων,
3456 2877 3564 2929 οὐδ’
3590 2879 3672 2930 δτι

2093 2967 2272 3020 πάντα
2288 2967 2550 3036 ὑπέμεινε
2566 2965 2849 3034 γενναίως,
2877 2965 3031 3039 [5⁸24]
3054 2965 3168 3020 ἀλλ’
3191 2967 3273 3020 ὅτι
3295 2968 3388 3019 καὶ
3415 2967 3534 3038 μεθ’
3550 2968 3671 3038 ἡδο-

2091 3059 2186 3128 νῆς
2206 3059 2401 3111 πάντασ
2423 3058 2565 3128 άπερ
2585 3056 2672 3111 διὰ
2686 3056 2795 3109 τῶν
2814 3043 2940 3128 ἐξῆς
2957 3059 3088 3128 ἡμῖν
3108 3059 3285 3112 πάντα
3304 3061 3448 3110 ποιεῖ
3467 3073 3595 3127 φανε
3604 3060 3671 3128 ρὰ

2091 3149 2264 3218 λέγων
2280 3150 2444 3203 οὕτω·
2467 3149 2571 3203 Διά
2590 3149 2709 3203 τῶν
2739 3149 2946 3202 ὅπλων
2979 3147 3092 3217 τῆς
3134 3149 3529 3216 δικαιοσύνης
3552 3148 3672 3201 τῶν

2091 3236 2308 3301 δεξιῶν
2358 3238 2458 3290 καὶ
2492 3235 2844 3304 ἀριστερῶν.
2888 3229 3044 3299 Εϊδες
3077 3234 3257 3304 ψυχῆς
3305 3236 3666 3306 παράστημα.

2091 3329 2184 3381 καὶ
2214 3329 2467 3398 φρόνημα
2498 3326 2715 3380 εῦτονον
2738 3343 2753 3391 ;
2779 3325 3031 3379 Δείκνυσι
3055 3325 3162 3397 γὰρ
3181 3327 3264 3378 ὃτι
3283 3326 3426 3379 ὅπλα
3447 3326 3585 3378 εἰσὶν
3613 3317 3668 3378 al

2092 3420 2320 3490 θλίψεις,
2341 3423 2403 3474 ού
2436 3421 2594 3491 μόνον
2627 3423 2690 3474 ού
2717 3419 3154 3483 καταϐάλλοντα,
3183 3420 3322 3474 ἀλλά
3364 3421 3458 3475 καὶ
3510 3422 3672 3489 τειχί-

2092 3513 2254 3577 ζοντα
2288 3515 2382 3567 καὶ
2413 3512 2798 3585 ἰσχυροτέρους
2825 3511 3108 3566 ποιοῦντα.
3151 3513 3445 3582 ’Λριστερά
3481 3513 3538 3565 δέ
3565 3529 3670 3566 και

2090 3603 2259 3658 λεῖτά
2285 3603 2545 3657 δοκοῦντα
2587 3599 2727 3657 εἶναι
2767 3600 3008 3674 λυπηρά·
3041 3603 3135 3656 καὶ
3157 3604 3267 3674 γάρ
3298 3603 3528 3656 τοιαῦτά
3552 3606 3668 3656 ἐστι

2089 3698 2159 3752 τὰ
2183 3697 2274 3750 τὸν
2302 3697 2494 3765 μισθὸν
2520 3697 2733 3767 ἔχοντα.
2763 3696 2919 3759 Τίνος
2951 3691 3044 3751 οῦν
3087 3697 3279 3749 ’ἐνεκεν
3320 3693 3491 3759 οὕτως
3529 3699 3669 3752 αὐτά

2089 3791 2287 3856 καλεῖ;
2320 3791 2391 3844 Ἢ
2427 3789 2570 3843 κατά
2594 3789 2694 3860 τὴν
2723 3789 2992 3859 ὑπόληψιν
3005 3789 3112 3842 τῶν
3141 3788 3372 3850 πολλῶν,
3402 3789 3438 3858 ἢ
3477 3791 3666 3861 ἐπειδὴ

2091 3884 2378 3937 ἐκέλευσεν
2407 3885 2435 3936 ὁ
2465 3881 2600 3944 Θεὸς
2657 3879 2914 3950 εὔχεσθαι
2947 3881 3024 3951 μὴ
3062 3880 3327 3933 εἰσελθεῖν
3359 3881 3441 3944 εἰς
3473 3898 3669 3951 πειρα-

2093 3977 2248 4047 σμόν.
2277 3977 2381 4030 Διὰ
2406 3975 2590 4042 δόξης
2609 3973 2708 4027 καὶ
2743 3974 2999 4042 ἀτιμίας,
3041 3973 3139 4027 διὰ
3177 3973 3526 4042 δυσφημίας
3569 3973 3667 4028 καί

2089 4067 2403 4135 εὐφημίας.
2453 4067 2517 4118 Τί
2569 4065 2784 4132 λέγεις;
2837 4065 2918 4117 ὄτι
2959 4064 3114 4134 δόξης
3159 4063 3470 4128 ἀπολαύεις,
3523 4065 3666 4134 μέγα

2087 4157 2243 4211 τοῦτο
2267 4157 2420 4227 τίθης
2453 4155 2591 4210 εἶναι
2616 4173 2632 4224 ;
2667 4157 2794 4222 Ναὶ,
2824 4155 2978 4226 φησί.
3003 4156 3068 4207 Τί
3092 4155 3324 4225 δήποτε;
3349 4155 3410 4206 τὸ
3431 4155 3532 4222 μὲν
3558 4155 3668 4225 γάρ

2087 4249 2309 4320 ἀτιμίαν
2331 4251 2605 4315 ἐνεγκεῖν,
2648 4249 2816 4318 μέγα·
2845 4249 2906 4300 τὸ
2953 4247 3010 4299 δέ
3059 4247 3216 4316 δόξης
3255 4248 3566 4316 μετασχεῖν,
3603 4248 3667 4299 ού

2087 4341 2344 4411 νεανικῆς
2365 4341 2535 4393 δεῖται
2557 4340 2769 4408 ψυχῆς
2798 4339 3074 4407 Νεανικῆς
3111 4339 3208 4408 μὲν
3223 4333 3318 4390 οὖν
3340 4337 3434 4390 καὶ
3461 4336 3666 4408 σφόδρα

2089 4433 2357 4503 μεγάλης,
2388 4429 2529 4483 ὥστε
2561 4432 2730 4500 αὐτῆς
2747 4427 3092 4482 ἀπολαύοντα
3119 4427 3193 4497 μὴ
3228 4427 3664 4497 ἐκτραχηλισθῆ-

2087 4545 2199 4580 ναι.
2226 4525 2316 4578 Διὸ
2354 4524 2445 4577 καὶ
2468 4523 2560 4575 ἐπὶ
2587 4521 2766 4591 τούτῳ
2823 4522 3030 4591 φρονεῖ,
3072 4519 3148 4582 ὡς
3195 4521 3280 4572 ἐπ’
3309 4522 3534 4591 ἐκείνῳ·
3573 4524 3666 4574 καὶ

2085 4619 2195 4688 γὰρ
2231 4619 2292 4669 ἐν
2337 4614 2669 4687 ἀμφοτέροις
2705 4611 2906 4681 ὁμοίως
2963 4610 3192 4680 ἔλαμπε.
3237 4611 3364 4675 Πῶς
3399 4610 3455 4664 δὲ
3499 4612 3665 4665 ὅπλον

2086 4711 2296 4780 γίνεται
2327 4706 2709 4778 δικαιοσύνης;
2739 4706 2862 4759 Ὅτι
2900 4706 3082 4772 ἐνάγει
3125 4705 3354 4767 πολλοὺς
3392 4706 3471 4768 εἰς
3510 4705 3664 4757 εὐσέ-

2085 4803 2238 4856 ϐειαν
2257 4802 2317 4855 τὸ
2348 4803 2405 4854 ἐν
2443 4803 2581 4870 τιμῇ
2630 4795 2766 4852 εἶναι
2799 4799 2926 4860 τοὺς
2960 4796 3334 4861 διδασκάλους·
3361 4797 3455 4850 καὶ
3486 4797 3663 4867 ἔργων

2083 4894 2138 4946 δέ
2170 4892 2394 4959 ἀγαθῶν
2415 4891 2575 4944 τοῦτο
2613 4889 2811 4959 δεῖγμά
2855 4890 2992 4954 ἐστι,
3051 4891 3147 4942 καὶ
3194 4889 3285 4942 τὸν
3323 4889 3458 4942 Θεὸν
3503 4889 3668 4942 τοῦτο

2083 4985 2312 5049 δοξάζει.
2347 4984 2458 5037 Kal
2489 4981 2645 5035 τοῦτο
2679 4982 2738 5033 δέ
2770 4980 2872 5050 τῆς
2897 4981 2992 5034 τοῦ
3047 4981 3182 5034 Θεοῦ
3215 4981 3574 5050 εὐμηχανίας,
3600 4982 3667 5034 τὸ

2085 5075 2170 5128 διά
2196 5076 2304 5128 τῶν
2335 5074 2592 5127 ἐναντίων
2643 5074 2883 5140 εἰσάγειν
2931 5073 2993 5126 τὸ
3028 5074 3307 5143 κήρυγμα.
3346 5072 3546 5124 Σκόπει
3568 5071 3660 5124 δέ’

2083 5166 2290 5219 ἐδέδετο
2318 5165 2346 5216 ὁ
2378 5164 2587 5226 Παῦλος
2608 5179 2622 5227 ;
2647 5164 2758 5216 Kal
2775 5162 2932 5216 τοῦτο
2949 5159 3016 5234 ἦν
3031 5164 3171 5233 ὑπὲρ
3195 5163 3289 5215 τοῦ
3314 5162 3659 5231 εὐαγγελίου.

2091 5259 2168 5310 Τὰ
2187 5257 2297 5326 γὰρ
2326 5257 2454 5308 κατ’
2475 5255 2598 5322 ἐμὲ,
2623 5253 2808 5322 φησὶν,
2829 5257 2914 5319 εὶς
2944 5252 3261 5321 προκοπὴν
3284 5253 3391 5306 τοῦ
3417 5255 3660 5323 εὐαγγε-

2083 5350 2221 5402 λίου
2248 5347 2572 5414 ἐλήλυθεν,
2589 5344 2744 5398 ὥστε
2767 5345 2909 5411 τοὺς
2930 5345 3216 5410 πλείονας
3242 5345 3362 5398 τῶν
3380 5343 3662 5412 ἀδελφῶν

2085 5441 2443 5504 πεποιθότας
2479 5437 2605 5502 τοῖς
2631 5436 2875 5507 δεσμοῖς
2892 5455 3034 5506 μου,
3060 5437 3496 5506 περισσοτέρως
3523 5435 3660 5486 τολο-

397 5530 832 5603 πεπληρώμεθα,
877 5528 972 5581 καὶ
1021 5525 1415 5594 άποδείκνυμεν
1466 5523 1560 5576 καὶ
1611 5520 1860 5574 ἐντεῦθεν
1883 5521 1982 5594 τὴν
2078 5529 2459 5598 μᾷνὰφόϐως
2507 5527 2612 5580 τὸν
2659 5530 2844 5596 λόγον
2867 5525 3097 5581 λαλεῖν.
3135 5523 3301 5589 Δόξης
3335 5522 3497 5574 πάλιν
3517 5517 3659 5583 άπή‹

403 5622 727 5694 ἀποστολὴν,
757 5621 865 5674 ἀπὸ
883 5617 978 5672 τοῦ
1001 5617 1351 5689 χαρισμάτων
1386 5613 1648 5684 ὴξιῶσθαι
1681 5630 1979 5683 πνευματι-

403 5717 536 5772 κῶν.
568 5717 630 5768 Et
651 5715 759 5785 γάρ
786 5714 879 5766 καὶ
915 5712 1072 5783 χάρις
1101 5708 1275 5775 τοῦτο,
1303 5707 1439 5762 ἀλλά
1473 5707 1566 5761 καὶ
1607 5708 1768 5771 αὐτὸς
1807 5710 1980 5772 αἴτιος

2083 5621 2248 5684 laus;
2280 5622 2385 5674 Καὶ
2415 5619 2570 5672 τοῦτο
2609 5619 2768 5673 πάλιν
2788 5618 3030 5682 ἐκείνους
3079 5613 3524 5687 προθυμοτέρους
3542 5607 3656 5672 εἶμ’

2083 5715 2304 5782 γάξετο.
2357 5712 2458 5764 Διά
2515 5710 2861 5780 δυσφημίας
2915 5709 3006 5762 κ(ιί
3049 5705 3368 5772 εὐφημίας.
3423 5699 3498 5749 Οὐ
3547 5697 3652 5761 γὰρ
