4070 6152
460 287 566 346 635

464 403 624 475 μόνον
645 399 828 452 ἐκεῖνα
857 390 1118 462 γενναίως
1149 386 1313 455 ἔφερε
1353 382 1424 435 τά
1475 381 1533 432 6v
1573 376 1652 447 τῷ
1679 373 1913 444 σώματι,
1935 367 2034 431 τὰς

459 471 688 575 θλίψεις,
719 499 823 563 καὶ⁴
868 496 970 548 δσα
1016 488 1473 561 ἀπηριθμήσατο,
1516 479 1653 535 ἀλλά
1699 475 1797 530 καὶ
1829 474 1900 527 :6
1935 471 2038 542 τῆς

458 572 639 674 ψυχῆς
687 599 854 670 μόνης
920 590 1332 659 καθαπτόμενα·
1395 583 1520 638 0666
1564 579 1675 651 γὰρ
1721 575 1819 630 καὶ
1862 572 2038 674 ταῦτα

461 669 648 762 ἀπλῶς
674 694 920 767 θορυϐεῖν
940 689 1149 745 εῖωθεν.
1202 685 1263 740 '0
1321 681 1455 753 γοῦν
1507 675 1782 750 Ἱερεμίας
1806 669 2039 733 πολλοὺς

462 796 701 868 ἐνεγκὼν
750 791 1109 865 πειρασμοὺς,
1168 785 1307 861 πρὸς
1351 782 1526 863 ταῦτα
1570 777 1903 850 ἀπηγόρευε,
1940 772 2038 826 καὶ

462 900 650 970 ἐπειδὴ
675 894 999 958 ὠνειδίζετο,
1024 889 1229 957 ἔλεγεν·
1258 886 1339 938 Οὐ
1361 882 1446 953 μὴ
1488 876 1904 949 προφητεύσω,
1936 871 2038 925 οὑ-

460 1003 530 1058 δὲ
544 1001 630 1071 μὴ
669 993 949 1066 ὀνομάσω
990 991 1056 1044 τὸ
1114 988 1304 1057 ὄνομα
1333 983 1576 1051 Κυρίου.
1614 977 1725 1032 Kal
1748 979 1776 1030 6
1797 973 1961 1028 Aaul6
1983 971 2039 1024 66

464 1100 733 1169 πολλαχοῦ
755 1096 846 1150 τὸν
883 1089 1183 1160 ὀνειδισμὸν
1217 1085 1568 1153 ἀποδύρεται.
1598 1078 1710 1133 Καὶ
1736 1079 1764 1130 6
1810 1073 2040 1134 Ἠσαίας

468 1200 609 1273 μετά
637 1195 809 1251 πολλά
835 1193 976 1264 ὑπὲρ
996 1190 1188 1245 τούτου
1225 1184 1555 1257 παρακαλεῖ,
1573 1180 1770 1248 λέγων·
1796 1174 2039 1230 Ὀνειδι-

465 1300 625 1371 σμόν
645 1295 764 1352 τῶν
783 1292 1112 1363 ἀνθρώπων
1136 1287 1221 1359 μὴ
1248 1285 1548 1357 φοϐεῖσθε,
1574 1280 1672 1335 καί
1704 1279 1785 1344 τῷ
1828 1278 2043 1346 φαυλι-

466 1400 600 1471 σμῷ
625 1396 822 1456 αὐτῶν
838 1393 923 1464 μὴ
951 1390 1238 1471 ἡττᾶσθε,
1256 1387 1367 1440 Kal
1389 1388 1418 1439 6
1432 1381 1736 1454 Χριστὸςδὲ
1751 1380 1914 1433 πάλιν
1929 1380 2043 1439 τοῖς

472 1500 761 1574 μαθηταῖς,
797 1497 983 1549 Ὅταν
1002 1492 1216 1546 εἴπωσι
1236 1487 1362 1544 πᾶν
1398 1482 1687 1553 πονηρὸν.
1706 1480 1872 1551 ῥῆμα
1911 1478 2041 1532 καθ’

468 1597 637 1669 ὑμῶν
659 1594 1035 1666 ψευδόμενοι,
1064 1590 1297 1660 χαίρετε
1318 1585 1419 1640 καί
1439 1580 1830 1655 ἀγαλλιᾶσθε,
1856 1579 2041 1648 φησὶν,

470 1697 604 1752 ὄτιὸ
628 1694 842 1766 μισθὸς
862 1690 1027 1762 ὑμῶν
1045 1688 1237 1755 πολὺς
1262 1688 1332 1741 ἐν
1354 1686 1476 1751 τοῖς
1503 1681 1806 1752 οὐρανοῖς.
1855 1678 2044 1733 Ἀλλα-

471 1801 568 1872 χοῦ
592 1799 649 1853 δέ
673 1813 828 1868 φησι,
875 1793 984 1848 Kal
1024 1790 1413 1860 σκιρτήσατε.
1461 1786 1577 1840 Οὐκ
1601 1786 1666 1839 ἂν
1702 1785 1760 1838 66
1789 1781 2047 1836 τοσοῦτον

472 1901 635 1972 ἔθηκε
664 1897 757 1953 τὸν
791 1894 1004 1966 μισθὸν,
1039 1895 1089 1946 εί
1118 1893 1192 1965 μὴ
1222 1892 1391 1956 πολὺς
1415 1887 1483 1963 ἦν
1516 1893 1544 1944 6
1570 1887 1742 1956 ἀγών.
1805 1886 1896 1941 Ἐν
1947 1885 2048 1957 μὲν

470 2002 580 2074 γὰρ
613 2000 732 2060 ταῖς
756 1996 1006 2067 βασάνοις
1048 1994 1143 2048 καὶ
1188 1991 1250 2046 :6
1282 1990 1443 2061 σῶμα
1477 1987 1756 2061 μερίζεται
1783 1988 1922 2058 μετά
1947 1985 2048 2056 τῆς

354 2153 357 2156 ι
469 2105 647 2176 ύωχῆς
671 2103 771 2166 τὰς
793 2098 1092 2169 ἀλγηδόνας
1115 2112 1128 2124 ·
1158 2093 1255 2147 καὶ
1278 2092 1388 2161 γὰρ
1409 2089 1504 2144 τοῦ
1539 2088 1790 2158 σώματος
1821 2086 1917 2139 καὶ
1949 2076 2049 2155 τῆς

470 2203 651 2273 ψυχῆς
668 2203 697 2254 6
725 2199 885 2261 πόνος
909 2195 1075 2250 ἐστίν·
1110 2193 1230 2246 ἐκεῖ
1246 2191 1416 2260 δὲτῆς
1434 2187 1614 2258 ψυχῆς
1640 2186 1826 2257 μόνης.
1858 2183 2049 2238 Πολλοὶ

473 2302 606 2371 γοῦν
641 2299 751 2355 61:6
793 2296 1000 2350 τούτων
1034 2291 1194 2364 μόνον
1238 2288 1455 2351 ἔπεσον,
1497 2286 1593 2339 καὶ
1621 2284 1718 2356 τὴν
1745 2282 1926 2354 ψυχὴν
1949 2283 2050 2353 τὴν

475 2401 685 2457 ἑαυτῶν
727 2395 1035 2453 ἀπώλεσαν.
1068 2392 1181 2445 Kal
1216 2388 1294 2460 τῷ
1330 2387 1450 2442 ’1ὼὸ
1476 2386 1534 2440 66
1579 2386 1689 2440 τῶν
1750 2383 2050 2454 σκωλήκων

475 2503 573 2558 καὶ
596 2501 704 2555 τῶν
727 2497 1059 2570 τραυμάτων
1084 2490 1463 2564 φορτικώτερα
1478 2487 1653 2558 ἐφάνη
1674 2486 1744 2540 τά
1775 2483 1927 2556 παρά
1942 2482 2051 2536 τῶν

476 2603 646 2674 φίλων
676 2599 877 2668 ὀνείδη.
909 2595 984 2649 06
1017 2593 1126 2664 γάρ
1146 2593 1316 2657 ἐστιν,
1347 2589 1450 2643 οὐκ
1478 2588 1627 2641 ἐστιν
1655 2587 1810 2640 οὐδὲν
1844 2586 2053 2656 69091;-

475 2703 693 2774 τότερον
717 2694 839 2763 ’τοῖς
890 2694 1248 2766 ὀδυνωμένοις
1302 2690 1464 2757 λόγου
1509 2688 1809 2759 δυναμένου
1867 2686 2053 2739 δακεῖν

475 2799 654 2869 ψυχήν
678 2794 854 2870 [525].
871 2794 963 2847 Διὸ
990 2792 1127 2865 μετά
1150 2789 1260 2845 τῶν
1280 2787 1546 2843 κινδύνων
1565 2785 1662 2840 καὶ
1680 2783 1789 2839 τῶν
1812 2782 2055 2855 ἱδρώτων

476 2900 571 2952 καὶ
597 2897 769 2952 ταῦτα
795 2894 999 2966 τίθησι,
1022 2892 1220 2961 λέγων·
1276 2887 1380 2943 Διὰ
1423 2886 1607 2952 δόξης
1654 2885 1754 2939 καί
1794 2884 2051 2953 ἀτιμίας.

432 3064 433 3071 κ
476 2996 671 3055 Πολλοὶ
695 2994 826 3064 γοῦν
852 2994 946 3046 καὶ
976 2991 1085 3044 τῶν
1123 2988 1391 3043 Ἰουδαίων
1414 2986 1503 3041 διὰ
1538 2987 1638 3056 τὴν
1653 2983 1809 3051 δόξαν
1829 2982 1926 3055 τὴν
1946 2981 2056 3036 τῶν

477 3097 685 3152 πολλῶν
714 3097 813 3149 οὐκ
834 3093 1105 3162 ἠθέλησαν
1135 3086 1445 3143 πιστεῦσαι.
1477 3085 1804 3154 Ἐφοϐοῦντο
1829 3083 1938 3153 γὰρ
1956 3081 2056 3151 οὐχ

479 3203 565 3256 ἵνα
599 3198 672 3270 μὴ
709 3193 1076 3260 κολασθῶσιν,
1112 3190 1228 3245 ἀλλ’
1260 3190 1348 3242 ἵνα
1403 3188 1479 3258 μὴ
1518 3184 1935 3253 ἀποσυνάγωγοι
1964 3182 2057 3250 γέ-

477 3315 695 3357 νωνται·
718 3297 800 3350 διὸ
820 3294 989 3364 λέγει,
1028 3290 1160 3358 Πῶς
1203 3290 1473 3344 δύνασθε
1510 3285 1843 3347 πιστεύειν,
1865 3283 2057 3349 δόξαν

476 3414 623 3474 παρ’
660 3400 952 3470 ἀλλήλων
1011 3397 1465 3469 λαμϐάνοντες;
1529 3393 1637 3448 Kal
1699 3389 1929 3454 πολλοὺς
1989 3389 2056 3443 ἂν

479 3505 702 3576 ἴδοιμεν,
733 3503 783 3556 οἳ
820 3503 1042 3558 πάντων
1094 3501 1193 3571 μὲν
1250 3497 1668 3570 κατεφρόνησαν
1705 3494 1814 3549 τῶν
1840 3493 2055 3557 δεινῶν,

480 3607 583 3659 61:6
620 3607 676 3660 66
695 3606 853 3676 δόξης
879 3603 1216 3675 ἡττήθησαν.
1254 3601 1351 3666 Ὧς
1379 3598 1620 3664 πλάνοι,
1652 3598 1751 3652 καὶ
1790 3594 2056 3663 ἀληθεῖς.

478 3704 647 3757 Τοῦτό
673 3705 811 3766 ἐστι,
845 3701 950 3755 Διὰ
968 3701 1322 3769 δυσφημίας
1343 3698 1442 3750 καί
1469 3697 1786 3765 εὐφημίας.
1838 3695 1935 3760 ’.Ως
1954 3695 2059 3762 ἀγ-

475 3804 793 3873 νοούμενοι
843 3800 941 3854 καὶ
975 3797 1532 3868 ἐπιγινωσκόμενοι.
1574 3796 1746 3849 Τοῦτό
1784 3795 1919 3860 ἐστι,
1955 3792 2060 3848 Διὰ

477 3905 664 3970 δόξης
690 3900 787 3954 καί
804 3881 1060 3969 ἀτιμίας.
1085 3901 1211 3963 Τοῖς
1234 3899 1332 3969 μὲν
1352 3897 1463 3967 γὰρ
1481 3893 1622 3968 ἦσαν
1642 3895 1934 3966 γνώριμοι,
1963 3897 2060 3948 καὶ

481 4000 965 4071 περισπούδαστοι,
1009 3999 1058 4051 οἱ
1096 3997 1153 4050 66
1192 3998 1313 4050 0666
1369 3996 1565 4049 εἰδέναι
1615 3996 1812 4058 αὐτοὺς
1850 3993 2054 4064 ἠξίουν.

490 4104 587 4171 Ὠς
600 4100 1115 4170 ἀποθνήσκοντες,
1146 4097 1246 4151 καί
1267 4096 1396 4152 ίδοὺ
1437 4094 1643 4165 ζῶμεν.
1683 4095 1771 4159 Ὠς
1796 4095 2056 4149 ἐπιθανά-

475 4222 581 4260 τιοι
602 4203 698 4258 καὶ
722 4201 1022 4256 κατάδικοι·
1053 4200 1192 4270 ὅπερ
1213 4197 1309 4251 καὶ
1334 4197 1402 4251 a6
1415 4197 1476 4250 :6
1513 4196 1743 4266 ἀτιμίας
1758 4190 1849 4266 ἦν.

543 4367 585 4421 δ’
594 4408 607 4422 .
639 4365 809 4420 Τοῦτο
830 4365 887 4419 δὲ
909 4365 1085 4431 ἔλεγε,
1100 4363 1313 4425 δεικνὺς
1341 4361 1434 4415 καὶ
1449 4360 1548 4433 τὴν
1561 4360 1655 4414 τοῦ
1672 4359 1806 4413 Θεοῦ
1834 4358 2059 4431 δύναμιν

474 4469 575 4540 τὴν
608 4466 835 4536 ἄφατον,
872 4465 967 4519 καὶ
1008 4465 1108 4534 τὴν
1150 4461 1328 4516 αὐτῶν
1376 4462 1673 4533 ὑπομονήν.
1707 4461 1781 4516 T6
1814 4461 1912 4533 μὲν
1953 4467 2060 4532 γὰρ

475 4567 584 4621 τῶν
631 4564 1087 4620 ἐπιϐουλευόντων
1134 4564 1320 4635 μέρος,
1364 4562 1736 4633 ἀπεθάνομεν,
1780 4563 2060 4618 καὶτοῦτο

479 4667 681 4727 πάντες
720 4664 1022 4736 νομίζουσι·
1064 4663 1151 4718 διά
1182 4664 1240 4718 δὲ
1278 4663 1372 4717 τὸν
1398 4663 1532 4716 Θεὸν
1570 4663 1901 4735 διεφύγομεν
1932 4665 2059 4729 τοὺς

478 4764 778 4826 κινδύνους.
811 4759 944 4818 Ε’ίτα
967 4763 1143 4834 δηλῶν
1164 4764 1259 4819 καὶ
1278 4764 1425 4827 τίνος
1451 4762 1638 4817 ἕνεκεν
1659 4764 1833 4819 ταῦτα
1858 4783 2063 4839 συγχω-

483 4868 567 4937 ρεῖ
605 4866 633 4917 ὁ
663 4864 811 4929 θεὸς,
850 4864 1151 4934 ἐπήγαγεν,
1197 4864 1293 4931 Ὠς
1349 4864 1796 4933 παιδευόμενοι,
1840 4866 1939 4920 καί
1975 4867 2060 4937 μὴ

478 4966 932 5035 θανατούμενοι·
973 4964 1114 5035 μέγα
1172 4965 1281 5018 61:6
1319 4966 1429 5019 τῶν
1462 4967 1787 5039 πειρασμῶν
1829 4969 1924 5024 καὶ
1958 4971 2063 5042 πρὸ

478 5066 587 5119 τῶν
629 5065 835 5137 μισθῶν
869 5065 1083 5129 δεικνὺς
1124 5065 1185 5118 :6
1223 5065 1414 5137 κέρδος
1459 5069 1644 5133 αὐτοῖς
1687 5071 2060 5142 ἐγγινόμενον,

481 5169 577 5222 καὶ
605 5168 733 5231 τοὺς
777 5168 1005 5240 ἐχθροὺς
1047 5167 1281 5231 ἄκοντας
1321 5169 1519 5232 αὐτοὺς
1550 5170 1915 5240 ὠφελοῦντας.
1964 5174 2063 5239 Ὠς

479 5269 866 5338 λυπούμενοι,
900 5270 990 5323 ἀεὶ
1015 5269 1084 5322 δὲ
1109 5271 1438 5339 χαίροντες.
1470 5272 1632 5343 Παρά
1677 5273 1774 5341 μὲν
1810 5273 1920 5345 γὰρ
1949 5278 2062 5338 τοῖς

481 5366 681 5436 ἔξωθεν
709 5368 1149 5439 ὑποπτευόμεθα,
1179 5371 1255 5432 ὡς
1283 5373 1340 5425 6v
1373 5372 1583 5444 ἀθυμίᾳ
1618 5370 1776 5426 εἶναι·
1814 5376 1976 5444 ἡμεῖς
2007 5375 2064 5428 δὲ

480 5468 580 5523 οὐκ
620 5467 849 5531 ἐκείνοις
878 5470 1237 5540 προσέχομεν,
1271 5469 1407 5525 ἀλλα
1426 5470 1525 5540 τὴν
1557 5471 1748 5543 ἡδονὴν
1780 5473 2062 5542 ἀκμάζου-

483 5585 580 5621 σαν
627 5568 843 5640 ἔχομεν.
886 5571 996 5625 Καὶ
1035 5572 1137 5625 οὐκ
1170 5567 1313 5633 εἷπε,
1338 5572 1676 5640 Χαίροντες,
1714 5573 1898 5642 μόνον,
1928 5572 2061 5628 ἀλλά

482 5669 786 5741 προσέθηκε
817 5672 910 5725 καὶ
929 5672 989 5725 :6
1015 5672 1281 5740 διηνεκές.
1325 5671 1429 5727 Ἀεὶ
1452 5672 1560 5743 γὰρ
1586 5673 1919 5743 χαίροντες,
1954 5692 2058 5745 φη-

1129 270 1184 325 s.
1225 263 1513 324 JOANNIS
1548 254 2039 316 CHRYSOSTOMI
2075 234 2401 307 ARCHIEP.
2447 245 3000 306 CONSTANTINOP.

3612 244 3723 306 686

2143 367 2217 421 σί.
2253 368 2319 420 Τί
2345 367 2525 421 τοίνυν
2557 366 2760 439 ταύτης
2793 366 2907 420 ἴσον
2931 362 3131 434 γένοιτ’
3161 360 3228 418 ἀν
3255 360 3358 432 τῆς
3389 359 3559 434 ζωῆς,
3595 364 3653 417 6v

2136 465 2407 520 τοσούτων
2453 466 2717 520 ἐπιόντων
2754 465 2964 532 δεινῶν,
2999 464 3202 536 μείζων
3230 465 3265 535 ή
3294 461 3441 535 χαρὰ
3474 462 3723 530 γίνεταις

2150 567 2244 635 Ὠς
2280 567 2524 637 πτωχοί,
2564 566 2834 633 πολλοὺς
2863 565 2934 619 δὲ
2958 564 3403 632 πλουτίζοντες.
3435 561 3595 628 Τινὲς
3624 563 3727 634 μέν

2139 684 2272 738 φασι
2292 666 2521 721 πλοῦτον
2543 666 2778 721 ἐνταῦθα
2797 664 3166 734 λέγεσθαιτὸν
3191 662 3588 734 πνευματικόν·
3612 662 3727 733 ἐγὼ

2138 772 2194 825 δὲ
2227 769 2436 842 εἴποιμ’
2465 768 2532 824 ἂν
2567 769 2664 823 καὶ
2696 768 2788 822 τὸν
2814 766 3096 839 σαρκικόν·
3145 766 3243 820 καὶ
3272 765 3384 836 γὰρ
3409 765 3507 819 καὶ
3533 763 3727 819 τοῦτον

2139 870 2454 935 ἐπλούτουν,
2486 868 2662 938 καινῷ
2694 884 2802 921 τινι
2833 867 3021 938 τρόπῳ
3058 866 3160 929 τὰς
3206 864 3464 920 ἁπάντων
3509 863 3728 934 ἔχοντες

2140 975 2318 1038 οἰκίας
2348 972 2705 1045 ἀνεῳγμένας
2734 970 2939 1032 αὐτοῖς.
2983 967 3097 1022 Kal
3144 965 3304 1021 τοῦτο
3355 965 3593 1037 ἐδήλωσε
3637 964 3728 1017 διά

2142 1077 2252 1131 τῶν
2282 1076 2431 1146 ἑξῆς.
2466 1074 2657 1128 εἰπών·
2695 1073 2788 1138 Ὠς
2832 1070 3028 1141 μηδὲν
3067 1069 3336 1139 ἔχοντες,
3383 1068 3484 1123 καί
3530 1066 3729 1120 πάντα

2144 1178 2519 1248 κατέχοντες.
2548 1177 2662 1231 Kal
2708 1175 2826 1238 πῶς
2872 1172 2951 1226 ἔνι
2986 1171 3179 1239 τοῦτο;
3226 1170 3350 1235 Πῶς
3403 1171 3500 1241 μὲν
3534 1167 3627 1224 οὖν
3661 1171 3727 1223 :6

2144 1278 2385 1333 ἐναντίον
2413 1277 2527 1343 Evn;
2568 1278 2629 1330 '0
2658 1275 2766 1346 γὰρ
2788 1274 2955 1329 πολλὰ
2980 1273 3247 1344 κατέχων,
3276 1272 3429 1327 0666v
3454 1273 3586 1343 ἔχει·
3618 1275 3647 1327 6
3666 1273 3725 1327 δὲ

2147 1379 2315 1448 μηδὲν
2358 1377 2519 1449 ἔχων,
2571 1375 2640 1430 τὰ
2675 1375 2851 1429 πάντα
2879 1374 3162 1442 κέκτηται.
3201 1373 3313 1427 Kal
3347 1373 3447 1426 οὐκ
3488 1372 3725 1427 ἐνταῦθα

2149 1479 2330 1549 μόνον,
2361 1476 2499 1530 ἀλλὰ
2526 1476 2621 1531 καί⁵
2645 1477 2704 1529 6v
2735 1476 2848 1538 τοῖς
2870 1474 3051 1537 ἄλλοις
3085 1472 3191 1527 61:6
3218 1472 3327 1526 τῶν
3360 1471 3615 1525 ἐναντίων
3654 1470 3726 1525 :6

2146 1579 2362 1634 ἐναντία
2394 1579 2622 1647 ἐγίνετο.
2649 1578 2712 1631 Et
2734 1574 2791 1629 δὲ
2819 1575 3119 1646 θαυμάζεις
3146 1572 3264 1639 πῶς
3290 1553 3413 1627 ἐστί
3431 1572 3527 1627 τὸν
3556 1571 3727 1643 μηδὲν

2146 1674 2340 1745 ἔχοντα
2367 1674 2437 1727 τὰ
2461 1673 2641 1727 πάντα
2668 1672 2836 1742 ἐχειν,
2870 1671 3030 1726 αὑτὸν
3054 1670 3242 1724 τοῦτον
3271 1673 3351 1735 είς
3384 1670 3551 1741 μέσον
3586 1670 3729 1737 ἀγά-

2146 1789 2351 1843 γωμεν,
2375 1771 2431 1835 ὃς
2463 1773 2528 1842 τῇ
2563 1768 2856 1840 οἰκουμένῃ
2883 1768 3168 1834 ἐπέταττε,
3194 1768 3288 1822 καὶ
3312 1768 3432 1839 οὐχὶ
3452 1767 3562 1821 τῶν
3590 1785 3730 1840 χρη-

2152 1874 2336 1943 μάτων
2366 1871 2567 1935 αὐτῶν,
2594 1870 2729 1925 ἀλλά
2754 1869 2848 1923 καὶ
2871 1868 3049 1923 αὐτῶν
3080 1868 3189 1921 τῶν
3220 1868 3514 1939 ὀφθαλμῶν
3537 1868 3730 1940 κύριος

2147 1970 2239 2045 ἦν.
2280 1974 2348 2027 El
2372 1970 2638 2029 δυνατὸν
2664 1971 2795 2043 γὰρ,
2834 1970 2967 2041 φησὶ
3000 1970 3145 2036 τοὺς
3176 1970 3525 2039 ὀφθαλμοὺς
3561 1969 3732 2040 ὑμῶν

2148 2072 2543 2141 ἐξορύξαντες
2567 2068 2644 2123 ἂν
2670 2068 2930 2122 ἐδώκατέ
2947 2086 3070 2137 μοι.
3102 2066 3290 2122 Ταῦτα
3319 2068 3376 2122 66
3399 2068 3568 2137 λέγει,
3600 2086 3731 2122 παι-

2149 2174 2320 2227 δεύων
2358 2171 2432 2244 μὴ
2457 2168 2821 2242 ταράττεσθαι
2863 2169 2998 2240 πρὸς
3037 2167 3137 2233 τὰς
3170 2169 3283 2224 τῶν
3311 2168 3518 2224 πολλῶν
3548 2169 3731 2234 δόξας,

2152 2273 2254 2327 κᾶν
2284 2272 2520 2335 πλάνους
2550 2271 2776 2340 λέγωσι,
2803 2269 2905 2324 κᾶν
2933 2269 3239 2338 ἀγνοῶσιιι,
3273 2270 3373 2323 κᾶν
3405 2269 3734 2333 καταδίκους

2155 2372 2434 2444 νομίζωσι,
2481 2371 2583 2426 κᾶν
2614 2370 3019 2433 ἐπιθανατίους.
3049 2370 3152 2425 κᾶν
3192 2369 3504 2433 λυπεῖσθαι,
3532 2371 3633 2424 κᾶν
3670 2372 3733 2424 6v

2153 2473 2396 2545 πτωχείᾳ
2420 2466 2579 2535 εἷναι,
2601 2470 2704 2525 κᾶν
2737 2469 2903 2542 μηδὲν
2927 2469 3092 2540 ἔχειν,
3128 2470 3234 2524 κᾶν
3261 2470 3389 2535 τοὺς
3418 2472 3475 2524 6v
3499 2470 3734 2542 εὐθυμία

2153 2574 2401 2644 ἀθυμεῖν·
2441 2573 2524 2626 ὅτι
2563 2572 2685 2626 0666
2732 2573 2845 2635 τοῖς
2890 2571 3114 2640 τυφλοῖς
3155 2571 3185 2624 6
3209 2571 3360 2643 ἥλιος
3393 2572 3731 2643 καταφανὴς,

2152 2674 2276 2728 0666
2311 2658 2429 2736 τοῖς
2459 2672 2867 2745 παραπαίουσιν
2904 2671 2939 2742 ἠ
2971 2669 3078 2723 τῶν
3115 2670 3540 2742 σωφρονούντων
3571 2670 3732 2742 ήδονὴ

2154 2777 2310 2849 δήλη.
2332 2777 2500 2830 Μόνοι
2528 2775 2636 2847 γὰρ
2658 2777 2706 2829 οἱ
2730 2777 2914 2831 πιστοὶ
2941 2777 3090 2848 ὀρθοὶ
3113 2779 3300 2850 κριταὶ
3323 2776 3436 2831 τῶν
3470 2778 3733 2849 πραγμά-

2156 2895 2265 2932 των
2292 2879 2425 2940 εἰσὶ,
2460 2876 2555 2930 καὶ
2574 2877 2672 2930 οὐκ
2696 2875 2847 2949 [526]
2878 2877 2969 2930 ἐπὶ
3002 2878 3113 2941 τοῖς
3139 2877 3326 2941 αὐτοῖς
3355 2879 3605 2949 χαίρουσι
3640 2878 3737 2931 καὶ

2158 2978 2383 3046 ἀλγοῦσι
2410 2980 2521 3042 τοῖς
2548 2977 2749 3042 ἀλλοις.
2781 2978 2888 3032 Καὶ
2913 2975 3020 3049 γὰρ
3048 2976 3103 3029 εί
3129 2994 3213 3040 τις
3237 2978 3466 3046 ἄπειρος
3502 2977 3738 3045 ἀγώνων

2158 3060 2497 3131 πυκτεύοντα
2525 3076 2782 3155 θεάσαιτο
2806 3074 3092 3149 τραύματα
3123 3074 3314 3146 ἔχοντα
3340 3075 3434 3127 καὶ
3466 3076 3736 3145 στέφανον

2158 3178 2561 3249 περικείμενον,
2595 3178 2863 3249 ἡγήσαιτο
2891 3177 2921 3217 δ
2954 3176 3114 3231 αὑτὸν
3146 3175 3329 3244 ἀλγεῖν
3353 3174 3443 3229 διά
3468 3174 3535 3227 :6
3567 3175 3733 3245 :9a6-

2161 3295 2327 3346 ματα,
2358 3279 2458 3331 οὐκ
2503 3276 2655 3342 εἰδὼς
2704 3277 2803 3349 τὴν
2831 3276 3024 3349 ἡδονὴν
3051 3277 3149 3346 τὴν
3181 3276 3288 3330 61:6
3311 3274 3404 3329 τοῦ
3437 3275 3725 3342 στεφάνου.

2159 3380 2269 3432 Kal
2301 3374 2446 3435 οῦτοι
2473 3378 2649 3432 τοίνυν
2681 3378 2869 3447 ἐπειδὴ
2900 3378 2937 3431 6
2965 3377 3247 3447 πάσχομεν
3272 3376 3473 3440 ῐσασιν,
3499 3374 3640 3446 61:69
3673 3374 3735 3429 66

2158 3474 2234 3532 ὧν
2281 3478 2563 3549 πάσχομεν
2608 3475 2918 3545 ἀγνοοῦσιν,
2966 3476 3195 3538 εἰκότως
3235 3474 3415 3530 ταῦτα
3456 3475 3594 3545 μόνα
3633 3473 3740 3527 61:-

2159 3580 2470 3644 οπτεύουσι,
2506 3577 2578 3632 τὰ
2612 3577 2969 3648 παλαίσματα
3012 3577 3113 3648 μὲν
3160 3576 3257 3630 καὶ
3296 3576 3424 3638 τοὺς
3464 3574 3742 3638 κινδύνους

2161 3681 2414 3751 ὁρῶντες,
2441 3680 2512 3735 τὰ
2540 3679 2597 3732 66
2627 3678 2836 3733 ἔπαθλα
2886 3678 2983 3732 καὶ
3032 3677 3159 3740 τοὺς
3182 3676 3489 3745 στεφάνους
3512 3676 3608 3730 καὶ
3642 3676 3742 3746 τὴν

2158 3781 2269 3835 τῶν
2303 3779 2531 3850 ἀγώνων
2560 3780 2818 3833 ὑπόθεσιν
2849 3777 3054 3833 οὐκέτι.
3092 3777 3157 3830 Τί
3190 3773 3285 3831 οῦν
3307 3773 3375 3848 ἦν
3404 3777 3580 3831 πάντα
3597 3775 3742 3844 ἅπερ

2160 3881 2372 3945 Παῦλος
2412 3883 2651 3950 κατεῖχε,
2688 3879 2884 3948 λέγων,
2943 3878 3039 3943 Ὠς
3079 3875 3276 3947 μηδὲν
3327 3876 3588 3945 ἔχοντες,
3636 3875 3739 3929 καί

2160 3982 2357 4038 πάντα
2404 3981 2793 4050 κατέχοντες;
2842 3979 2923 4033 Τὰ
2959 3977 3213 4050 βιωτικὰ,
3252 3975 3321 4031 :6
3367 3975 3737 4047 πνευματικά.

2167 4085 2262 4135 Ὃν
2292 4081 2398 4152 γὰρ
2432 4082 2507 4145 ώς
2528 4080 2756 4150 ἄγγελον
2778 4081 2833 4133 al
2859 4080 3043 4143 πόλεις
3067 4078 3332 4149 ἐδέχοντο,
3362 4077 3500 4149 ὑπὲρ
3529 4069 3592 4131 οὗ
3614 4077 3743 4140 τοὺς

2159 4178 2475 4249 ὀφθαλμοὺς
2516 4177 2699 4232 αὐτῶν
2740 4176 3094 4247 ἐξορύξαντες
3126 4177 3193 4230 ἂν
3227 4175 3455 4239 ἔδωκαν,
3499 4175 3639 4245 ὑπὲρ
3680 4166 3743 4227 οὗ

2160 4281 2251 4334 τὸν
2282 4279 2491 4333 ἑαυτῶν
2528 4279 2797 4351 τράχηλον
2827 4279 3109 4344 ὑπέθεντο,
3146 4276 3263 4341 πῶς
3287 4269 3443 4341 οὗτος
3470 4278 3531 4330 οὐ
3567 4276 3743 4330 πάντα

2162 4368 2276 4443 εἶχε
2325 4373 2394 4428 τὰ
2436 4375 2694 4441 ὲκείνωνς
2726 4376 2791 4430 Εί
2842 4374 2899 4427 66
2947 4374 3126 4446 βούλει
3153 4375 3248 4428 καὶ
3290 4372 3363 4427 τὰ
3399 4373 3744 4445 πνευματικά

2166 4476 2313 4540 ἰδεῖν,
2347 4476 2468 4544 δψει
2513 4476 2609 4529 καὶ
2648 4477 2707 4529 6v
2746 4475 2962 4539 τούτοις
3005 4475 3242 4545 μάλιστα
3268 4474 3631 4527 πλουτοῦντα.
3685 4471 3746 4525 ’0

2162 4576 2270 4649 γὰρ
2313 4576 2457 4631 οὕτω
2506 4576 2583 4646 τῷ
2632 4576 2845 4646 βασιλεῖ
2894 4578 3006 4633 τῶν
3049 4577 3267 4632 πάντων
3314 4575 3489 4643 φίλος,
3523 4576 3602 4639 ὡς
3652 4573 3749 4628 καὶ

2093 4730 2097 4734 .
2162 4679 2489 4750 ἀπορρήτων
2521 4682 2801 4734 κοινωνεῖν
2826 4679 2905 4750 τῷ
2930 4680 3180 4753 Δεσπότῃ
3208 4678 3317 4733 τῶν
3335 4677 3604 4747 ἀγγέλων,
3629 4676 3749 4741 πῶς

2160 4780 2223 4834 06
2254 4779 2472 4834 πάντων
2494 4778 2873 4852 εὐπορώτερος
2898 4775 2988 4851 ἦν,
3018 4781 3109 4834 καὶ
3134 4781 3313 4836 πάντα
3341 4777 3489 4851 εῖχεν
3508 4796 3522 4842 ;
3544 4780 3660 4833 Ούκ
3680 4777 3749 4832 ἀν

2162 4881 2333 4944 οὕτως
2372 4880 2661 4935 ὑπέκειντο
2694 4882 2968 4952 δαίμονες,
2999 4882 3100 4935 οὐκ
3128 4880 3194 4935 ἂν
3226 4881 3398 4945 οὕτως
3420 4880 3748 4951 ἐδραπέτευ-

2166 4997 2223 5033 σε
2245 4979 2389 5049 πάθη
2418 4981 2513 5034 καὶ
2531 4983 2834 5052 νοσήματα.
2862 4980 2972 5033 Καὶ
3001 4981 3162 5050 ἡμεῖς
3183 4979 3386 5043 τοίνυν,
3411 4980 3541 5032 ὅταν
3564 4996 3617 5031 τι
3644 4978 3750 5031 πά·

2166 5099 2387 5152 σχωμεν
2407 5081 2497 5135 διὰ
2517 5082 2605 5135 τὸν
2624 5081 2877 5152 Χριστὸν,
2901 5080 2976 5151 μὴ
3003 5082 3163 5148 μόνον
3185 5080 3449 5147 γενναίως
3470 5080 3746 5148 φέρωμεν,

2165 5182 2302 5238 ἀλλὰ
2330 5186 2425 5239 καὶ
2453 5184 2751 5255 χαίρωμεν·
2785 5181 2888 5237 κᾶν
2917 5181 3290 5254 νηστεύωμεν,
3321 5179 3398 5242 ὡς
3435 5177 3750 5250 τρυφῶντες

2167 5284 2500 5357 σκιρτῶμεν·
2555 5286 2657 5340 κᾶν
2712 5281 3084 5355 ὑδριζώμεθα,
3146 5282 3223 5347 ὡς
3280 5283 3750 5353 ὲγκωμιαζομευοι

2165 5384 2499 5455 χορεύωμεν·
2560 5386 2663 5440 κᾶν
2714 5384 3096 5454 ἁναλίσκωμεν
3124 5394 3185 5448 α,
3235 5382 3312 5445 ὡς
3376 5381 3753 5453 κερδαίνοντες

2226 5560 2249 5623 ξι
2275 5557 2566 5623 Legendum
2600 5561 2802 5623 conjici:
2823 5560 3041 5611 Dunzeus
3063 5559 3391 5621 καταγνοῦσι.

2227 5620 2254 5659 1⁵
2277 5618 2430 5687 [ερὲς.
2454 5618 2787 5687 ἡγήσαιτᾶοἳνἒ

2229 5686 2250 5712 ε
2278 5678 2433 5729 Sam.
2458 5678 2507 5730 ili
2531 5695 2707 5747 mat-3.,
2732 5686 2821 5733 κᾶν
2840 5684 3195 5739 ἀναλίσκοντες.
