4070 6152
362 306 467 365 ωδ

366 423 623 478 lebratttr.
650 421 788 487 Quin
813 415 940 475 illud
961 432 1172 491 quoque
1203 416 1365 472 divini
1389 415 1598 471 artilicii
1627 424 1763 473 erat.
1789 415 1945 470 nimi-

365 535 484 572 rum
512 517 770 586 evangelii
802 514 1160 586 prtedicationi
1189 514 1390 566 aditum
1415 527 1508 581 per
1530 510 1795 566 contraria
1823 524 1949 579 ape-

366 612 494 665 rire.
548 609 639 664 Sic
692 608 834 662 enim
883 608 1056 676 cogita
1111 624 1122 657 :
1164 604 1388 660 Vinctus
1441 612 1557 657 erat
1610 601 1842 656 Paulos?
1891 601 1944 654 ltl

363 717 578 774 quoque
607 702 670 753 ad
699 700 958 766 evangelii
990 696 1329 751 commodum
1370 695 1616 749 cedebat.
1657 693 1782 758 an
1811 692 1946 744 circa

363 809 445 846 me
470 803 606 857 sunt,
631 791 816 861 inquit,
842 789 1000 860 magis
1021 788 1088 840 ad
1111 789 1389 856 profectum
1407 785 1651 854 evangelii
1673 793 1908 837 venerunt
1933 798 1950 836 :

362 885 434 936 ita
460 894 514 936 ut
541 884 710 952 plures
754 898 782 935 e
817 882 1060 952 fratribus
1093 880 1400 948 conﬁdentes
1437 879 1488 930 in
1531 877 1743 930 vinculis
1788 877 1944 936 nteis,

363 973 698 1027 abundantius
720 974 959 1026 auderent
977 972 1084 1024 sine
1105 972 1280 1023 timore
1306 969 1506 1022 ιιρνὺιιηι
1520 967 1612 1021 Dei
1636 967 1771 1036 loqui
1794 964 1947 1035 (Phi-

365 1065 490 1135 lipp.
523 1065 573 1119 1.
609 1063 697 1118 12.
729 1065 841 1133 14).
873 1062 1103 1116 Rursum
1151 1061 1204 1116 in
1251 1061 1416 1130 gloria
1456 1059 1804 1114 versabatur?
1835 1057 1947 1110 lloc

361 1171 573 1226 quoque
595 1172 804 1210 rursum
833 1154 1304 1224 prompzitudinem
1332 1152 1437 1206 illis
1469 1150 1724 1218 majorem
1755 1148 1948 1203 atl‘ere-

363 1249 532 1303 rebat.
573 1245 674 1301 Per
699 1247 969 1314 infamiam
999 1255 1044 1298 et
1073 1244 1254 1298 bonam
1281 1247 1491 1314 faniam.
1539 1241 1652 1295 Non
1686 1242 1829 1294 enim
1880 1255 1943 1294 ea

365 1341 541 1394 solum
559 1354 680 1408 qu:e
695 1353 922 1406 corpore
943 1336 1257 1405 excipiebat,
1279 1335 1399 1388 forti
1417 1335 1596 1388 animo
1623 1332 1943 1403 perferebat,

361 1431 704 1495 amictiones,
723 1445 892 1498 eaque
909 1429 1081 1482 omnia
1108 1444 1224 1497 qua-
1245 1429 1533 1494 recensuit,
1555 1427 1646 1481 sed
1671 1443 1732 1483 ea
1755 1428 1942 1492 etiam,

364 1541 485 1594 qum
513 1524 746 1577 animum
773 1524 939 1576 solum
965 1521 1392 1592 perstringebant
1420 1537 1435 1574 :
1470 1537 1641 1591 neque
1664 1520 1807 1575 enim
1831 1520 1946 1574 hch

367 1614 627 1668 tumultus
675 1615 912 1669 excitare
959 1623 1367 1668 consueverunt.
1399 1613 1516 1683 Ipse
1555 1613 1753 1684 quippe
1790 1613 1945 1668 .Iere-

366 1708 523 1770 tnias,
561 1721 680 1760 cum
713 1707 907 1759 multas
937 1706 1260 1760 tentationes
1299 1705 1538 1768 tulisset,
1568 1705 1634 1760 ad
1679 1705 1774 1758 has
1821 1705 1944 1758 fati-

365 1798 569 1863 scebat,
601 1805 657 1852 et
688 1813 808 1853 cum
837 1797 1092 1852 conviciis
1123 1797 1504 1864 incesseretur,
1529 1797 1740 1852 dicebat
1773 1816 1786 1851 ε
1822 1797 1944 1852 Non

368 1887 674 1959 prophetabo
693 1929 710 1954 ,
740 1904 828 1942 nec
858 1889 1037 1959 loquar
1065 1889 1201 1942 ultra
1245 1889 1298 1942 in
1342 1891 1544 1944 nomine
1571 1888 1780 1944 Domini
1806 1889 1938 1960 (λεν.

361 1981 451 2034 20.
479 1980 556 2050 9).
588 1978 749 2033 David
777 1980 935 2032 etiam
965 1995 1106 2048 smpe
1135 1979 1187 2032 in
1217 1979 1414 2049 probro
1437 1993 1498 2034 se
1535 1993 1654 2034 esse
1675 1979 1938 2049 deplorat.

359 2075 532 2139 Atque
573 2069 730 2124 Isaias
753 2079 873 2138 post
909 2069 1010 2125 alia
1041 2071 1204 2124 multa
1236 2086 1330 2139 pro
1355 2070 1453 2124 bac
1480 2085 1538 2125 re
1575 2071 1653 2126 sic
1677 2071 1935 2126 cohorta-

360 2172 446 2216 tur
480 2179 493 2216 :
520 2161 695 2215 Nolite
723 2163 894 2215 timere
919 2163 1245 2230 Oppi-ebrium
1271 2163 1552 2230 hominum,
1582 2173 1630 2218 et
1654 2164 1943 2235 despectum

357 2270 531 2307 eorum
573 2271 635 2309 ne
663 2255 895 2308 metnatis
921 2253 1076 2324 (lsai.
1111 2254 1200 2309 51.
1244 2254 1320 2326 7).
1350 2256 1428 2312 Ac
1453 2271 1664 2312 rursum
1695 2257 1943 2313 Christus

356 2345 653 2414 discipulis,
681 2344 807 2399 Cum
835 2345 1076 2409 dixerint,
1107 2345 1279 2415 inquit
1306 2387 1321 2410 ,
1351 2362 1498 2400 omne
1527 2349 1720 2400 malum
1763 2347 1941 2401 adver-

357 2453 466 2490 sum
496 2453 601 2503 vos,
638 2438 950 2502 mentientes,
975 2437 1190 2508 gaudete
1215 2447 1261 2492 et
1282 2439 1528 2492 exsultate
1549 2440 1790 2511 quoniam
1811 2457 1942 2493 nter-

357 2547 434 2583 res
472 2541 631 2584 vestra
675 2531 878 2598 copiosa
907 2540 978 2583 est
1017 2531 1066 2582 in
1096 2531 1235 2584 caelis
1267 2529 1477 2598 (Matth.
1511 2532 1563 2586 5.
1595 2531 1681 2584 11.
1720 2531 1848 2598 12);
1888 2541 1938 2586 ct

356 2622 462 2674 alio
488 2622 606 2676 loco
627 2622 793 2687 dicit,
831 2620 894 2674 Et
921 2622 1172 2674 exsultate
1205 2620 1351 2692 (Luc.
1382 2623 1435 2675 6.
1463 2619 1577 2692 25).
1627 2623 1788 2692 Atqui
1824 2639 1934 2680 non

359 2723 554 2768 tantam
587 2714 889 2769 mercedem
917 2713 1302 2780 constituisset,
1327 2713 1426 2767 nisi
1457 2713 1640 2783 ingens
1663 2724 1805 2768 esset
1824 2731 1940 2770 cer-

359 2817 553 2858 tamen.
583 2805 636 2856 lo
671 2805 1000 2858 cruciatibus
1029 2804 1174 2858 enim
1200 2819 1394 2874 corpus
1421 2820 1541 2858 eum
1568 2806 1749 2860 animo
1776 2807 1931 2860 dolu-

357 2912 443 2951 res
465 2897 732 2967 partitur;
784 2896 884 2948 hoc
915 2895 1112 2964 quippe
1144 2894 1304 2950 habet
1336 2895 1522 2960 dolor,
1559 2905 1612 2949 ut
1645 2905 1700 2950 et
1743 2911 1940 2966 corpus

356 2997 410 3038 et
453 2988 689 3041 animum
735 2985 984 3040 aiticiat:
1039 2997 1094 3040 at
1153 2986 1208 3041 in
1257 2987 1471 3055 probris
1524 2987 1735 3042 animus
1787 2990 1937 3043 solus

355 3089 592 3134 vexatur.
630 3079 778 3134 Multi
809 3089 954 3133 certe
986 3079 1069 3133 his
1100 3079 1226 3134 solis
1259 3079 1507 3148 pmStrati
1537 3089 1682 3144 sunt,
1713 3080 1938 3136 animm-

355 3187 458 3238 que
486 3186 596 3224 sua:
619 3170 886 3240 iacturam
920 3170 1182 3225 fecerunt.
1213 3172 1386 3241 Atque
1430 3173 1529 3240 ipsi
1559 3171 1696 3226 Jobo
1736 3175 1937 3227 vermi-

356 3265 456 3318 bus
480 3272 533 3318 et
554 3263 821 3338 ulceribus
847 3266 1092 3333 graviora
1125 3278 1184 3318 ea
1218 3263 1412 3333 probra
1447 3263 1616 3329 l’ucrc,
1647 3265 1844 3336 quibus
1870 3268 1938 3320 ab

359 3357 546 3411 amicis
581 3366 830 3410 oneratus
863 3356 978 3410 fuit.
1014 3355 1156 3410 Nihil
1186 3357 1326 3410 enim
1358 3367 1470 3419 est,
1506 3357 1660 3418 nihil,
1685 3358 1930 3424 inquam,

361 3459 444 3502 est
476 3449 541 3502 iis
559 3449 648 3518 qui
680 3449 951 3502 doloribus
987 3457 1300 3516 premuntur
1331 3448 1746 3511 intolerabilius,
1778 3465 1934 3518 quam

361 3539 534 3593 oratio
561 3555 678 3609 qua:
711 3539 827 3592 illos
858 3539 1118 3593 mordeat.
1147 3538 1409 3606 Quocirca
1437 3554 1557 3592 cum
1591 3539 1847 3606 periculis
1874 3555 1937 3594 ac

360 3631 642 3686 sudoribus
687 3631 800 3685 haec
847 3631 1114 3696 collocat,
1173 3630 1400 3694 dicens,
1456 3629 1557 3683 Per
1622 3631 1837 3700 gloriam
1891 3641 1938 3684 et

358 3725 714 3792 ignominiam.
755 3722 900 3777 Multi
928 3723 1124 3792 quippe
1145 3763 1160 3786 ,
1185 3723 1342 3776 etiam
1389 3737 1454 3776 ex
1493 3721 1690 3776 Judaais
1716 3764 1730 3784 ,
1761 3737 1825 3776 ne
1874 3737 1936 3776 ca

355 3816 520 3887 gloria
555 3816 606 3870 in
635 3831 734 3884 qua
764 3815 903 3882 apud
953 3815 1141 3883 vulgus
1177 3821 1335 3868 erant
1379 3813 1688 3867 laberentur
1711 3853 1726 3878 ,
1777 3813 1933 3867 [idem

356 3907 605 3976 amplecti
636 3906 940 3959 noluerunt.
975 3903 1258 3958 Timebant
1283 3905 1424 3958 enim
1449 3944 1464 3968 ,
1498 3919 1602 3956 non
1634 3921 1698 3956 ne
1723 3903 1930 3972 suppli-

357 3999 440 4051 cio
469 3999 831 4058 afﬁcerentur,
864 3997 958 4048 sed
990 4011 1056 4050 ne
1078 4012 1142 4050 ex
1171 4011 1436 4068 synagoga
1465 3995 1937 4064 proscriberentur

361 4087 538 4156 (Joan.
574 4088 658 4143 12.
693 4089 784 4160 ιιέ)
819 4107 832 4142 :
867 4089 1006 4141 unde
1044 4090 1205 4143 etiam
1235 4088 1446 4142 dicebat
1477 4088 1742 4148 Christus,
1789 4088 1934 4154 Quo-

359 4181 506 4234 modo
535 4182 741 4250 potestis
774 4179 976 4233 credere
996 4222 1010 4243 ,
1039 4179 1123 4245 qui
1151 4179 1365 4248 gloriam
1391 4180 1452 4232 ab
1477 4181 1684 4232 invicem
1712 4180 1936 4247 accipitis

362 4271 537 4341 tloan.
573 4273 625 4327 5.
661 4273 708 4328 ἄ.
747 4271 845 4342 ι)ῑι
891 4273 967 4325 Ac
1006 4271 1202 4324 multos
1253 4286 1475 4324 cernere
1514 4279 1632 4333 cst,
1671 4271 1760 4339 qui
1815 4286 1934 4324 cum

359 4365 550 4419 acerba
581 4365 757 4419 omnia
783 4361 1257 4431 contempsissent,
1289 4376 1317 4414 a
1347 4361 1514 4429 gloria
1539 4361 1768 4428 superati
1791 4371 1933 4413 sunt.

362 4453 430 4510 Ut
455 4459 738 4508 seductores
765 4464 811 4508 et
839 4469 1055 4506 veraces.
1085 4451 1224 4506 Idem
1252 4461 1332 4505 est
1363 4466 1483 4504 cum
1516 4450 1606 4503 illo
1631 4493 1644 4514 ,
1676 4449 1774 4502 Per
1801 4451 1937 4518 info-

359 4548 513 4600 miatn
533 4555 576 4600 et
601 4545 783 4599 bonam
810 4546 1020 4614 faniam.
1051 4545 1194 4599 Sicut
1224 4545 1308 4615 qni
1333 4544 1491 4613 ignoti
1519 4554 1564 4597 et
1596 4543 1804 4613 cegniti.
1829 4543 1938 4598 Iloc

359 4637 585 4706 idipsum
612 4646 694 4691 est
721 4637 882 4706 quod,
910 4636 1008 4688 l’er
1029 4637 1241 4708 gloriam
1264 4645 1307 4687 et
1335 4636 1682 4706 ignominiam.
1709 4635 1938 4700 Quibus-

358 4727 480 4781 dam
507 4726 651 4781 enim
691 4728 802 4781 uoti
832 4737 985 4780 erant
1006 4768 1020 4790 ,
1045 4728 1112 4779 ab
1153 4727 1323 4795 iisque
1353 4725 1693 4788 colebantur;
1723 4725 1936 4794 quidam

360 4832 428 4870 ne
471 4832 794 4884 cognoscere
832 4817 1045 4886 quidem
1095 4831 1190 4870 eos
1247 4816 1619 4886 dignabaulur.
1668 4815 1721 4870 9.
1779 4815 1937 4881 Quasi

361 4910 648 4972 morientes,
679 4919 725 4962 et
749 4925 861 4962 ecce
887 4910 1116 4962 vivimus.
1152 4908 1220 4963 Ut
1245 4909 1401 4962 tnorti
1444 4909 1658 4962 obnoxii
1686 4925 1747 4963 ac
1788 4910 1939 4963 datu-

358 5000 471 5055 nati
504 5018 517 5051 :
547 5000 687 5068 quod
723 4999 894 5069 ipsum
928 5014 1141 5069 quoque
1168 4998 1456 5068 ignominia
1486 5007 1619 5052 erat.

431 5091 486 5144 4.
523 5091 632 5144 lloc
674 5106 833 5158 porro
864 5090 1110 5155 dicebat,
1145 5099 1254 5145 tum
1299 5099 1356 5143 ut
1395 5089 1802 5144 inenarrabilem
1847 5091 1936 5147 Dei

362 5182 680 5249 potentiam,
716 5192 822 5234 tum
852 5180 1160 5250 patientiam
1216 5194 1364 5234 suam
1411 5178 1730 5233 declararet.
1765 5180 1892 5232 Nam
1922 5222 1936 5244 ,

364 5282 621 5339 quantum
653 5290 816 5342 penes
848 5273 1187 5327 insidiatores
1213 5280 1314 5336 est,
1336 5271 1532 5326 mortui
1555 5287 1759 5334 sumus,
1784 5281 1940 5342 atque

367 5369 435 5419 ita
467 5383 654 5420 omnes
684 5367 1028 5430 existimant;
1056 5373 1110 5418 at
1134 5363 1312 5418 divina
1349 5365 1583 5434 potentia
1613 5363 1807 5418 factum
1836 5377 1938 5430 cst,

367 5468 424 5511 ut
466 5474 529 5511 ex
568 5458 819 5526 periculis
849 5457 1019 5524 erepti
1054 5455 1241 5510 simus.
1277 5454 1464 5508 Postea
1507 5469 1603 5508 cur
1629 5453 1747 5508 haec
1805 5455 1944 5508 Dens

370 5549 640 5616 permittat
668 5547 982 5617 explanans,
1012 5545 1318 5616 subiungit,
1371 5544 1439 5601 Ut
1472 5546 1740 5617 castigati,
1769 5556 1814 5599 et
1843 5564 1942 5600 non

370 5641 679 5706 morti/ic'ati.
721 5639 924 5707 Quibus
973 5637 1208 5700 iudicat,
1241 5653 1303 5692 ex
1336 5639 1718 5693 tentationibus
1759 5639 1944 5710 ingen-

373 5741 477 5785 tem
515 5737 670 5783 etiam
700 5743 822 5785 ante
851 5733 961 5802 ipsa
994 5731 1208 5800 prtemia
1261 5729 1486 5784 fructum
1527 5729 1656 5797 ipsis
1707 5731 1941 5798 exoriri,

703 5851 964 5908 Ρλτηοι..
1012 5846 1124 5903 (in.
1174 5842 1324 5902 LXI.

1360 299 1423 357 IN
1463 299 1677 357 EPIST.
1717 297 1760 355 11
1827 297 1915 352 AD
1954 297 2108 354 COR.
2150 299 2381 356 IIOMIL
2421 299 2536 356 XII.

3537 306 3638 361 680

2060 416 2352 487 hostesque
2373 419 2455 472 vel
2477 419 2670 472 invitos
2697 418 2795 472 sibi
2825 418 2985 473 utiles
3011 420 3245 474 essc.l0.
3275 420 3432 487 Quasi
3451 424 3636 487 tristes,

2054 525 2250 580 semper
2285 521 2451 562 autem
2497 512 2792 582 gaudentes.
2837 511 3018 566 Extcri
3050 512 3389 582 suspicantur
3428 530 3528 568 nos
3584 515 3639 569 in

2054 617 2286 657 mmrtire
2316 619 2468 666 esse;
2513 615 2566 656 at
2612 621 2748 671 nos,
2797 605 2920 674 qttid
2961 605 3058 674 ipsi
3101 606 3444 670 existiment,
3497 607 3636 660 baud

2051 694 2380 748 attendimus
2402 738 2415 760 ,
2449 712 2632 750 verum
2665 696 3042 751 ﬂorentissima
3071 697 3344 766 voluptate
3387 697 3635 751 fruimur.

2053 783 2160 835 Nec
2185 799 2310 837 vero
2339 786 2632 855 gaudentes
2651 787 2823 840 solum
2844 788 2998 852 dixit,
3024 787 3117 842 sed
3145 787 3367 846 addidit.
3401 789 3634 857 Semper.

2055 873 2267 942 Semper
2295 878 2436 930 enim
2464 879 2773 948 gaudentes,
2827 879 3015 949 inquit.
3063 879 3263 950 Ecquid
3308 883 3466 948 igitur
3519 885 3638 935 huic

2053 965 2174 1016 νίιςυ
2205 982 2300 1036 par
2341 983 2460 1022 esse
2489 980 2669 1038 queat,
2701 971 2750 1023 in
2775 987 2899 1042 qua,
2935 980 3011 1024 tot
3036 972 3428 1026 calamitatibus
3458 973 3638 1027 incur-

2053 1057 2313 1124 sontibus,
2367 1061 2570 1114 auctior
2622 1061 2866 1130 voluptas
2913 1061 3179 1117 efficitur?
3225 1062 3370 1117 Sient
3400 1075 3637 1133 egentes,

2051 1149 2234 1203 multos
2262 1161 2425 1204 autem
2457 1152 2843 1221 locupletantes.
2869 1155 3092 1221 Quidam
3127 1155 3272 1210 aiunt
3300 1153 3402 1209 hoc
3431 1157 3547 1210 loco
3573 1158 3639 1208 tle

2052 1239 2415 1307 spiritualibus
2459 1244 2648 1312 opibus
2676 1246 2834 1300 verba
2879 1245 3063 1299 habt-ri
3089 1265 3101 1310 ;
3131 1261 3229 1317 ego
3256 1256 3434 1302 autem
3465 1249 3530 1302 de
3575 1249 3638 1302 iis

2051 1344 2260 1400 quoque
2281 1374 2296 1398 ,
2325 1350 2444 1401 qua:
2486 1334 2551 1388 ad
2581 1352 2797 1391 carnem
2824 1339 3050 1392 attinent
3082 1355 3093 1390 :
3127 1355 3246 1392 nam
3284 1349 3337 1391 et
3369 1338 3451 1392 his
3501 1356 3638 1392 novo

2049 1422 2280 1490 quodam
2330 1425 2489 1479 modo
2538 1427 2744 1496 praediti
2797 1437 2991 1490 erant,
3045 1437 3102 1482 tit
3149 1431 3346 1499 quibus
3394 1432 3632 1485 omnium

2050 1513 2195 1569 mdes
2243 1525 2507 1585 paterent.
2540 1521 2712 1590 Atque
2758 1521 2858 1575 hoc
2901 1522 3240 1590 perspicuum
3285 1522 3410 1578 fecit
3456 1541 3519 1578 ex
3569 1543 3635 1579 cu

2049 1607 2190 1675 quod
2221 1608 2473 1678 deinceps
2501 1611 2576 1664 ait
2600 1652 2614 1675 ,
2647 1610 2927 1680 Tamquam
2961 1613 3089 1666 nihil
3114 1613 3369 1679 habentes,
3395 1625 3439 1667 et
3466 1617 3637 1669 omnia

2050 1702 2379 1766 possidentes.
2415 1703 2484 1757 Et
2510 1704 2597 1772 qui
2634 1703 2747 1758 fieri
2779 1705 2879 1757 hoc
2912 1705 3378 1776 potest?iuquies.
3417 1707 3526 1760 lmo
3547 1709 3634 1778 qui

2048 1793 2375 1846 contrarium
2423 1793 2533 1848 ﬁeri
2570 1795 2782 1863 potest?
2831 1795 2962 1850 Nam
2993 1797 3084 1867 qui
3137 1797 3308 1850 multa
3352 1798 3630 1866 possidet,

2049 1881 2177 1934 nihil
2222 1882 2412 1949 habet;
2442 1885 2528 1953 qtti
2561 1895 2737 1938 autem
2765 1886 2894 1938 nihil
2925 1886 3124 1952 habet,
3155 1887 3337 1940 munia
3367 1888 3628 1958 possidet.

2046 1975 2229 2046 Neque
2259 1977 2341 2030 bic
2367 1977 2539 2032 solum
2574 1979 2673 2032 hoc
2701 1995 2796 2032 usu
2833 1981 3002 2045 venit,
3030 1981 3126 2036 sed
3161 1993 3210 2036 ct
3249 1982 3299 2036 in
3328 1983 3446 2036 aliis
3476 1986 3634 2038 rebus

2046 2083 2078 2122 e
2121 2068 2400 2123 contrariis
2451 2071 2716 2124 contraria
2764 2072 3047 2125 exsistunt.
3099 2071 3251 2137 Quod
3299 2073 3342 2126 si
3402 2073 3618 2128 miraris

2046 2174 2276 2228 quonam
2310 2159 2469 2213 modo
2493 2160 2600 2225 liat,
2633 2169 2689 2214 ut
2718 2161 2805 2230 qui
2837 2162 2994 2215 rebus
3019 2163 3268 2216 omnibus
3297 2175 3459 2227 caret,
3502 2181 3633 2219 cun-

2046 2257 2129 2300 cla
2165 2249 2376 2315 habeat,
2409 2249 2546 2304 hunc
2587 2252 2760 2322 ipsum
2795 2251 3016 2304 Paulum
3051 2253 3102 2305 in
3134 2252 3366 2306 medium
3395 2255 3632 2310 adduca-

2047 2355 2164 2392 mus
2187 2381 2202 2404 ,
2233 2340 2320 2409 qui
2350 2340 2465 2394 orbi
2500 2349 2761 2395 terrarum
2792 2341 3090 2412 imperabat
3111 2384 3124 2403 ,
3157 2358 3255 2398 nec
3285 2347 3629 2412 pecuniarum

2047 2441 2269 2498 tantum,
2294 2434 2386 2488 sed
2415 2443 2468 2488 et
2489 2437 2767 2491 oculorum
2787 2437 3024 2493 omnium
3045 2437 3292 2494 dominus
3315 2450 3429 2496 erat
3455 2457 3629 2504 :nam,

2048 2522 2108 2578 Si
2137 2525 2247 2592 ﬁeri
2289 2527 2530 2593 potuisset
2551 2569 2564 2588 ,
2596 2527 2802 2597 inquit,
2835 2529 3007 2583 oculos
3053 2539 3239 2586 vestros
3265 2533 3520 2585 eruissetis
3542 2576 3556 2594 ,
3584 2543 3630 2586 et

2047 2617 2168 2668 mihi
2198 2616 2465 2698 dedissetis
2492 2617 2633 2688 (Cal.
2666 2621 2718 2672 6.
2755 2621 2867 2690 15).
2891 2621 3015 2675 Haec
3049 2636 3209 2690 porro
3237 2621 3401 2686 dicit,
3433 2633 3490 2677 ut
3534 2641 3632 2678 nos

2045 2707 2235 2762 doceat
2273 2720 2329 2764 ut
2358 2726 2424 2766 ue
2453 2711 2523 2764 ob
2553 2711 2692 2780 vulgi
2745 2713 3023 2781 opiniOnes
3071 2717 3347 2771 turbemur
3368 2761 3384 2786 ,
3417 2720 3630 2774 etiamsi

2047 2815 2145 2855 nos
2171 2800 2491 2871 impostores
2519 2803 2812 2870 appellent,
2849 2805 3058 2858 etiamsi
3101 2821 3198 2860 nos
3224 2808 3512 2877 ignorent,
3535 2813 3632 2866 da-

2045 2900 2253 2946 mnatos
2270 2892 2596 2955 existiment,
2625 2892 2836 2946 etiamsi
2869 2895 2918 2947 in
2952 2909 3182 2950 mwrore
3209 2907 3367 2967 atque
3392 2911 3632 2970 egestate

2045 2983 2243 3038 versari
2283 2993 2464 3052 putcnt
2507 2994 2561 3039 et
2615 2984 2793 3053 inopia
2850 2987 3040 3053 premi,
3095 2989 3324 3050 etiamsi,
3371 3005 3491 3045 cum
3522 2993 3628 3048 la-ti

2045 3076 2230 3142 simus,
2259 3087 2451 3129 moesto
2481 3077 2660 3130 animo
2681 3091 2800 3130 esse
2827 3079 3040 3133 dicant:
3070 3081 3497 3152 quandoquidem
3531 3102 3631 3142 nec

2041 3169 2197 3222 οωοὶε
2230 3169 2538 3237 perspicuus
2569 3180 2650 3222 e51
2680 3170 2808 3221 solis
2840 3169 3099 3239 splendor
3120 3213 3133 3233 ,
3178 3187 3275 3225 nt-c
3305 3173 3507 3228 insanis
3537 3191 3623 3230 sa-

2043 3259 2298 3328 pientium
2371 3259 2637 3330 voluptas.
2683 3260 2793 3315 Soli
2844 3264 2986 3316 enim
3046 3263 3115 3332 pii
3177 3265 3274 3318 viri
3327 3268 3458 3322 recti
3505 3279 3632 3323 sunt

2041 3365 2223 3405 rerum
2261 3351 2474 3419 judiccs
2495 3392 2509 3417 ,
2546 3365 2644 3405 nec
2669 3350 2738 3406 de
2774 3351 2962 3406 iisdem
2990 3353 3186 3422 quibus
3211 3357 3299 3409 alii
3332 3358 3492 3412 rebus
3537 3360 3621 3414 vel

2041 3440 2272 3511 gaudent
2320 3441 2403 3494 vel
2447 3449 2738 3509 anguntur.
2787 3441 2919 3496 Nam
2948 3443 2992 3496 si
3021 3446 3141 3512 quis
3170 3447 3432 3515 pol-nstra:
3481 3450 3627 3504 rudis

2046 3531 2275 3600 pugilem
2307 3530 2618 3585 vulneribus
2647 3531 2895 3586 allectum
2930 3544 3136 3602 spectet
3165 3550 3228 3590 ac
3255 3552 3452 3592 corona
3484 3541 3627 3594 redi-

2043 3624 2262 3684 mitum,
2294 3638 2416 3677 eum
2465 3623 2534 3676 ob
2565 3624 2785 3678 vulnera
2830 3624 3438 3697 discruciat-ijudicarit,
3486 3634 3626 3700 quod

2041 3726 2295 3786 quantam
2321 3717 2370 3771 ei
2397 3730 2595 3770 corona
2619 3716 2941 3785 voluptatem
2973 3719 3142 3787 pariat
3165 3720 3391 3790 ignoret.
3429 3724 3626 3779 Eodem

2046 3809 2205 3864 tnodo
2237 3809 2361 3873 isti,
2407 3808 2530 3877 quia
2561 3823 2680 3874 qua:
2707 3809 2939 3878 patimur
2969 3819 3165 3864 norunt
3191 3853 3206 3876 ,
3237 3827 3298 3866 ea
3327 3822 3505 3868 autem
3559 3817 3629 3870 ob

2042 3917 2160 3970 quae
2191 3902 2420 3968 patimur
2447 3900 2710 3964 nesciunt,
2737 3916 2842 3955 non
2873 3901 3064 3956 mirum
3090 3903 3134 3958 si
3160 3903 3273 3958 hzcc
3295 3905 3406 3959 sola
3430 3922 3624 3978 sospe-

2042 4002 2123 4047 cta
2174 3993 2421 4057 habeant,
2454 4001 2510 4046 ut
2557 3993 2648 4062 qui
2700 3992 2990 4048 certamina
3029 3995 3241 4064 quidem
3281 4006 3336 4052 et
3393 3999 3624 4066 pericula

2043 4085 2386 4154 perspiciam,
2411 4085 2629 4152 praemia
2660 4094 2839 4140 autem
2865 4094 2919 4139 et
2947 4101 3173 4140 coronas
3196 4097 3248 4140 ct
3272 4092 3624 4145 certaminum

2040 4192 2252 4230 causam
2301 4193 2407 4231 non
2453 4178 2601 4231 item.
2634 4177 2890 4242 Qua-nam
2933 4193 3062 4248 ergo
3103 4195 3163 4232 ea
3208 4182 3384 4234 omnia
3431 4194 3620 4248 erant,

2043 4285 2161 4338 qum
2192 4269 2388 4322 Paulus
2416 4269 2742 4337 possidebat,
2774 4285 2894 4321 cum
2927 4269 3164 4334 diceret,
3199 4269 3476 4339 Tamquam
3501 4275 3629 4328 nihil

2043 4360 2278 4412 habentes
2304 4369 2348 4412 et
2376 4360 2545 4410 omnia
2565 4361 2878 4427 possidentes
2897 4360 2922 4412 ?
2942 4359 3200 4413 Mundana
3228 4373 3275 4414 et
3307 4365 3624 4431 Spiritualia.

2043 4451 2138 4505 Ille
2167 4451 2307 4503 enim
2334 4465 2492 4518 quem
2522 4450 2683 4504 urbes
2709 4451 2851 4504 velut
2891 4452 3136 4520 angelum
3165 4454 3474 4524 exciperent
3499 4498 3512 4517 ,
3566 4475 3626 4509 ac

2045 4557 2142 4612 pro
2171 4558 2277 4612 quo
2305 4542 2530 4598 effossos
2570 4543 2754 4596 oculos
2801 4544 3047 4608 tradere,
3092 4561 3188 4614 pro
3228 4537 3336 4616 quo
3388 4551 3628 4604 cervices

2045 4647 2169 4688 suas
2195 4648 2466 4703 exponere
2494 4636 2662 4704 parati
2697 4635 2846 4687 multi
2870 4645 3050 4688 essent
3068 4677 3082 4698 ,
3108 4652 3284 4690 annon
3327 4639 3416 4693 ille
3442 4642 3618 4694 omnia

2044 4738 2228 4779 eorum
2285 4725 2420 4778 bona
2459 4724 2799 4793 possidebat?
2824 4723 2974 4792 Quod
3007 4727 3047 4777 si
3080 4726 3371 4794 spiritualia
3404 4746 3618 4800 quoque

2046 4818 2351 4887 perspicere
2383 4818 2529 4877 libet,
2563 4817 2765 4870 videbis
2792 4831 2913 4870 eum
2946 4819 2995 4870 in
3031 4818 3093 4870 iis
3120 4820 3349 4874 maxime
3380 4821 3616 4892 locuple-

2046 4917 2174 4963 tem.
2207 4907 2338 4963 Nam
2367 4907 2455 4977 qui
2485 4907 2535 4960 in
2570 4915 2712 4959 tanta
2736 4907 2972 4960 omnium
3004 4908 3162 4978 Rt“ng
3191 4911 3421 4964 amicitia
3448 4929 3626 4966 vena-

2046 5002 2220 5065 batur,
2240 5010 2300 5054 ut
2324 4999 2633 5067 angelorum
2664 4998 2922 5054 Dominus
2946 5015 3138 5054 arcana
3171 5016 3264 5054 sua
3297 5002 3394 5070 ipsi
3425 5003 3625 5072 imper-

2046 5094 2171 5148 tiret
2201 5109 2214 5144 :
2245 5092 2332 5162 qui
2375 5091 2488 5144 ﬁeri
2522 5098 2744 5158 poterat,
2773 5091 2900 5161 quin
2927 5106 3117 5145 onmes
3157 5092 3344 5160 apibus
3373 5094 3627 5160 anteiret,

2047 5194 2206 5253 atque
2233 5182 2408 5236 omnia
2443 5181 2773 5250 possideret?
2802 5182 2916 5235 Non
2945 5183 3087 5235 enim
3131 5183 3325 5252 alioqui
3357 5185 3630 5241 tltctnoncs

2050 5275 2118 5334 ita
2166 5273 2213 5326 ei
2263 5271 2587 5334 cessissent;
2636 5285 2740 5324 non
2789 5270 2860 5325 ita
2901 5270 3115 5326 dolores
3145 5289 3206 5327 ac
3248 5275 3417 5329 morbi
3452 5275 3626 5346 fugam

2049 5367 2455 5434 corripuisset".
2513 5363 2743 5417 Proinde
2795 5377 2893 5418 nos
2950 5379 3196 5434 quoque,
3249 5382 3369 5420 cum
3411 5379 3631 5436 propter

2049 5457 2319 5512 Christum
2373 5455 2512 5508 malo
2555 5453 2858 5521 afﬁcimur,
2913 5471 3017 5509 non
3072 5457 3230 5510 modo
3282 5457 3627 5516 iortem,sed

2052 5550 2210 5603 etiam
2238 5546 2417 5599 lectum
2449 5547 2679 5600 animum
2708 5546 3041 5616 praebeamus
3071 5565 3086 5605 ;
3117 5549 3161 5601 si
3183 5549 3506 5615 jojunamus,
3537 5558 3631 5612 pe-

2053 5639 2204 5694 rinde
2251 5638 2579 5692 exsultemus
2622 5653 2683 5690 ac
2739 5639 2783 5693 si
2833 5639 2884 5692 in
2934 5639 3209 5706 voluptate
3256 5645 3531 5694 essemus;
3583 5635 3627 5681 st

2055 5730 2401 5786 contumelias
2439 5731 2724 5798 accipimus
2751 5771 2764 5798 ,
2810 5744 2870 5782 ac
2917 5729 2962 5780 si
3019 5726 3355 5778 Iaudaremttr
3399 5716 3634 5781 choreas

3172 5831 3239 5890 31
