4070 6152
519 357 621 413 ὣἏῖ

517 483 735 538 agantus
759 507 773 532 ,
802 467 843 518 si
875 472 1117 532 sumplus
1147 459 1370 514 facimus
1389 495 1407 523 ,
1435 457 1504 511 ita
1531 453 1702 508 allecti
1726 451 1914 514 simus,
1957 461 2017 499 ac
2044 441 2087 494 si

515 570 748 631 quaestus
777 557 1064 619 faciamus;
1096 554 1140 608 si
1171 551 1489 622 pauperibus
1515 545 1766 616 largimur
1792 585 1804 606 ,
1842 542 2084 631 uosipsos

517 629 758 722 accipere
787 649 1108 702 arbitremur
1155 663 1168 700 :
1215 659 1338 698 nam
1367 642 1456 710 qui
1485 654 1587 693 non
1635 652 1699 691 co
1727 636 1904 689 animo
1953 629 2082 722 dat,

518 760 613 796 nec
663 740 815 794 facile
851 738 1016 792 dabit.
1045 738 1220 804 Quare
1265 749 1386 788 cum
1435 731 1513 784 vis
1559 743 1842 800 spargere,
1887 741 1990 778 non
2034 721 2084 774 id

512 836 682 888 solum
728 840 905 900 specta
940 829 1080 898 quod
1127 825 1419 894 expendis,
1465 822 1556 876 srd
1603 825 1700 872 hoc
1751 819 1907 872 etiam
1946 814 2085 884 quod

515 926 663 993 plura
696 920 958 985 lucraris;
990 929 1043 973 et
1075 919 1174 970 hoc
1207 916 1352 984 prius
1381 928 1539 982 quam
1573 909 1719 963 illud.
1751 907 1858 961 Nec
1887 922 2011 959 vero
2032 905 2083 956 in

513 1020 854 1085 eleemosyna
879 1011 1076 1075 solum,
1107 1009 1199 1064 sed
1231 1009 1281 1061 in
1310 1007 1452 1060 muni
1482 1018 1691 1074 quoque
1715 1002 1942 1064 virtute,
1977 1014 2084 1051 non

512 1110 752 1164 laborum
795 1104 1161 1167 acrimoniam,
1206 1099 1298 1154 sed
1354 1098 1691 1170 prauniorum
1747 1092 2082 1155 suavitatem,

513 1212 672 1269 atque
699 1208 822 1253 ante
859 1196 1035 1252 omnia
1077 1193 1372 1256 Christum,
1403 1189 1494 1258 qui
1525 1184 1876 1240 certaminum
1924 1194 2082 1235 causa

511 1303 630 1354 est,
684 1291 777 1344 tibi
821 1302 1078 1357 propone.
1127 1285 1214 1337 Sic
1255 1281 1376 1344 fiet,
1420 1289 1474 1332 ut
1517 1277 1804 1331 certamina
1863 1273 2085 1340 impigre

513 1384 714 1443 adeas,
763 1387 922 1446 atque
959 1392 1168 1430 onmem
1214 1374 1338 1426 vitze
1387 1385 1600 1424 cursum
1647 1382 1766 1421 cum
1813 1365 2084 1433 voluptate

509 1472 783 1526 conficias.
823 1467 1002 1536 Neque
1039 1464 1179 1518 enim
1207 1462 1494 1533 quidquam
1547 1467 1662 1521 est,
1692 1456 1830 1525 quod
1885 1463 2081 1507 tantam

512 1564 832 1630 voluptatein
875 1559 1092 1621 afferat,
1142 1564 1195 1607 ut
1235 1555 1444 1605 animus
1484 1550 1581 1604 sibi
1639 1550 1773 1602 bene
1815 1543 2079 1600 Conscius.

516 1658 797 1724 l’rOpterea
823 1651 1020 1706 Paulus
1045 1648 1278 1720 quidem,
1308 1661 1428 1700 cum
1455 1642 1677 1710 singulis
1702 1639 1888 1693 diebus
1919 1651 2081 1688 vesa-

509 1755 675 1808 retur,
701 1742 964 1815 gaudebat
986 1750 1040 1795 et
1081 1739 1377 1794 exsultabat
1403 1756 1416 1792 :
1447 1751 1584 1790 nunc
1631 1743 1807 1787 autem
1842 1731 2083 1784 homines

510 1853 576 1891 ne
607 1851 705 1906 per
733 1833 997 1890 somnium
1050 1829 1264 1902 quidem
1306 1829 1492 1882 borum
1526 1824 1727 1895 aliquid
1781 1823 2079 1893 perpetien-

509 1940 609 1996 tes,
641 1928 824 1982 dolent
852 1939 912 1980 ac
941 1923 1115 1980 mtesti
1142 1930 1284 1987 sunt,
1319 1920 1514 1975 nullam
1544 1920 1702 1974 aliam
1749 1919 1818 1972 ob
1844 1931 2078 1980 causam,

511 2037 669 2090 quam
699 2018 839 2090 quod
885 2015 1256 2088 .pbilosopbico
1301 2014 1478 2068 animo
1533 2010 1737 2081 pnediti
1787 2025 1891 2062 non
1948 2007 2078 2061 sint.

511 2113 719 2182 Alioqui
766 2111 907 2166 enim
950 2120 1186 2178 exponas
1226 2105 1353 2159 mihi
1397 2104 1553 2157 velim
1602 2101 1727 2171 quid
1779 2100 1847 2153 sit
1891 2115 2080 2168 quam-

508 2209 692 2259 obrem
733 2200 952 2272 lugeas?
986 2215 1052 2253 an
1079 2199 1198 2268 quia
1249 2211 1448 2266 pauper
1485 2209 1560 2257 es,
1593 2209 1655 2246 ac
1686 2208 1863 2246 rerum
1891 2206 2077 2246 neces-

509 2295 766 2349 sariarum
793 2290 968 2360 inopia
993 2284 1448 2359 premeris?qu
1469 2285 1588 2338 ideo
1620 2283 1797 2352 potius
1825 2283 2081 2350 lugendus

509 2401 588 2446 es,
621 2398 726 2438 non
748 2380 867 2451 quia
898 2379 1075 2448 ploras
1113 2391 1214 2431 nec
1238 2377 1357 2446 quia
1389 2390 1514 2444 eges
1536 2417 1550 2438 ,
1579 2373 1673 2429 sed
1700 2374 1821 2442 quia
1867 2372 2077 2440 abjeeto

511 2490 568 2530 es
598 2473 810 2528 animo:
834 2485 937 2525 non
965 2470 1083 2539 quia
1115 2467 1343 2521 nummis
1367 2481 1537 2524 cares.
1561 2467 1654 2521 sed
1686 2465 1807 2534 quia
1836 2478 2078 2516 nunnnos

510 2565 640 2618 tanti
686 2562 938 2616 mstimas.
993 2561 1048 2615 In
1097 2559 1336 2630 singulos
1375 2559 1489 2612 dies
1542 2563 1715 2612 morte
1761 2556 2078 2624 fungebatur

510 2655 704 2710 Paulus
729 2696 743 2720 ,
774 2668 872 2709 nec
905 2661 1077 2706 tamen
1107 2649 1382 2720 plorabat,
1417 2651 1520 2702 ἰιιιυ
1550 2649 1710 2703 etiam
1740 2648 2018 2702 laetabatur
2061 2664 2073 2699 :

509 2763 628 2802 cum
669 2755 918 2816 perpetua
960 2741 1099 2797 fame
1131 2740 1464 2804 luctabatur,
1515 2755 1611 2794 nec
1659 2738 1911 2802 dolebat,
1969 2739 2076 2791 imo

511 2840 669 2894 etiam
701 2834 1043 2906 gloriabatur.

665 2932 731 2983 At
777 2937 852 2992 tu,
907 2927 1028 2996 quia
1075 2924 1234 2978 totius
1273 2925 1394 2979 anni
1443 2931 1726 2992 proventus
1775 2920 2076 2976 reconditos

509 3040 538 3076 η
564 3041 611 3074 ιιι
654 3022 846 3083 babes,
881 3019 1091 3087 angeris
1131 3026 1286 3086 teque
1313 3014 1541 3084 aﬂligis?
1579 3014 1693 3069 Non
1729 3015 1942 3078 mirum,
1991 3014 2073 3066 in—

507 3117 627 3184 quis
657 3132 669 3166 :
699 3113 788 3166 ille
805 3110 954 3165 enim
986 3110 1052 3164 de
1075 3123 1134 3162 se
1157 3117 1359 3163 tantum
1387 3116 1502 3160 erat
1522 3105 1778 3160 sollicitus
1802 3123 1817 3171 ;
1841 3119 1926 3160 me
1950 3119 2073 3159 vero

506 3215 560 3258 et
588 3204 730 3257 servi
760 3211 814 3256 et
842 3201 988 3255 liberi
1015 3209 1068 3254 et
1092 3214 1224 3253 uxor
1243 3198 1526 3252 sollicitum
1559 3206 1760 3252 tenent.
1807 3196 1917 3249 lmo
1946 3211 2073 3251 vero

508 3297 597 3349 ille
634 3309 736 3347 non
766 3308 940 3347 rerum
985 3305 1198 3344 suarum
1233 3298 1433 3342 tantum
1483 3288 1890 3342 sollicitudinem
1919 3303 2068 3356 gere-

505 3389 620 3452 bat,
645 3387 734 3440 sed
775 3386 1004 3438 universi
1037 3392 1296 3438 terrarum
1334 3383 1478 3436 orbis
1509 3401 1520 3434 :
1549 3397 1613 3436 ac
1645 3393 1694 3435 tu
1738 3382 1949 3450 quidem
1979 3397 2072 3450 pm

505 3480 658 3533 unica
683 3479 843 3532 domo
865 3475 1220 3530 sollicitudine
1248 3473 1506 3540 afﬁceris;
1542 3475 1628 3528 ille
1655 3485 1836 3528 autem
1878 3490 1972 3542 pro
1995 3483 2071 3528 tot

503 3567 964 3640 Jerosolymitauis
1005 3565 1344 3634 pauperibus,
1398 3581 1495 3635 pro
1540 3564 1922 3629 Macedonicis,
1975 3580 2071 3634 pro

501 3662 749 3719 omnibus
773 3661 1004 3730 denique
1029 3661 1211 3731 egenis
1237 3658 1327 3728 qui
1351 3659 1542 3729 ubique
1569 3668 1742 3724 erant,
1779 3673 1874 3712 nec
1898 3659 2071 3714 minus

501 3769 600 3822 pro
631 3754 695 3808 iis
720 3755 809 3822 qui
835 3753 962 3822 ipsis
999 3751 1378 3821 largiebantur,
1411 3766 1567 3820 quam
1600 3765 1696 3821 pro
1725 3751 1786 3804 iis
1811 3750 1896 3820 qui
1924 3751 2067 3804 acci-

498 3843 737 3912 piebant.
766 3843 965 3910 Duplex
994 3841 1137 3895 enim
1163 3841 1334 3912 ipsum
1364 3841 1412 3893 in
1445 3851 1706 3896 terrarum
1730 3843 1912 3896 orbem
1941 3857 2067 3896 cura

501 3934 770 4004 tangebat,
799 3948 990 4002 nempe
1008 3942 1074 3987 ut
1103 3947 1171 3986 ne
1196 3933 1356 3988 rebus
1381 3932 1445 3986 ad
1471 3933 1630 3987 vitam
1659 3934 1976 3988 necessariis
1997 3935 2069 3986 in—

499 4030 760 4099 digerent,
795 4036 847 4083 et
877 4036 933 4081 ut.
972 4025 1332 4095 spiritualibus
1364 4026 1549 4094 opibus
1589 4026 1937 4080 abundarent.
1961 4026 2069 4081 Nec

499 4135 625 4174 vero
654 4129 855 4174 tantum
884 4118 1130 4175 maeroris
1155 4117 1248 4172 tibi
1272 4115 1500 4171 alfcrunt
1531 4117 1621 4171 lilii
1648 4117 1785 4172 fame
1815 4118 2066 4172 laboran-

499 4221 599 4275 tes,
618 4219 872 4280 quantum
897 4209 994 4278 ipsi
1014 4208 1244 4263 fidelium
1271 4209 1508 4262 omnium
1535 4209 1766 4278 negotia.
1787 4209 1920 4276 Quid
1948 4209 2066 4264 dico

499 4300 774 4356 fidelium?
803 4315 924 4354 nam
953 4315 1125 4370 neque
1153 4299 1220 4353 ab
1249 4297 1538 4353 inﬁdelium
1563 4316 1686 4354 cura
1717 4301 1953 4366 vacabat,
1981 4316 2068 4354 ve-

497 4410 613 4446 rum
645 4409 705 4446 ea
748 4392 820 4446 ita
861 4390 1261 4454 conficiebatur,
1290 4401 1346 4445 ut
1388 4407 1575 4448 eorum
1620 4392 1738 4445 loco
1785 4392 2067 4447 anathema

403 4503 408 4509 '
495 4499 710 4554 quoque
749 4484 860 4538 ﬁeri
893 4493 1115 4552 optaret
1143 4501 1157 4540 :
1187 4493 1239 4536 tu
1279 4499 1426 4550 vero,
1456 4501 1522 4538 ne
1558 4486 1599 4538 si
1632 4486 1824 4540 millies
1850 4487 2064 4557 quidem

497 4579 666 4631 fames
713 4575 1079 4642 invalesceret,
1141 4592 1236 4644 pro
1293 4575 1399 4629 ullo
1445 4587 1618 4631 tamen
1662 4576 1881 4631 bomine
1931 4577 2064 4632 mori

496 4671 680 4724 velles.
711 4669 864 4721 Actu
893 4667 1105 4735 quidem
1125 4683 1228 4737 pro
1251 4667 1403 4722 unica
1431 4682 1597 4721 uxore
1629 4667 1680 4721 in
1707 4684 1831 4722 cura
1860 4685 1950 4734 es;
1980 4671 2065 4725 ille

497 4772 674 4814 autem
705 4772 802 4826 pro
831 4756 1077 4811 omnibus
1098 4759 1257 4813 totius
1279 4759 1423 4813 orbis
1445 4758 1694 4813 Ecclesiis
1718 4776 1730 4812 :
1759 4760 2063 4816 Sollicitudo

495 4851 636 4902 enim
667 4865 807 4911 mea,
857 4848 1043 4915 inquit,
1074 4849 1298 4902 omnium
1341 4847 1679 4903 Ecclesiarum
1717 4850 1792 4923 (2.
1822 4851 1938 4905 Cor.
1973 4853 2060 4907 11.

494 4941 609 5009 28).
641 4939 929 5007 Quousque
979 4954 1106 5007 ergo
1156 4940 1341 5006 ludes,
1383 4957 1415 4994 ο
1444 4943 1621 5005 homo,
1671 4944 1894 5012 teipsum
1941 4959 2060 4999 cum

499 5034 660 5086 l‘aulo
679 5031 990 5087 eonlereus?
1013 5047 1117 5084 non
1150 5041 1204 5084 tu
1231 5033 1326 5086 hac
1350 5040 1492 5086 tanta
1515 5036 1673 5088 animi
1705 5036 2062 5092 imbecillitate

493 5123 734 5179 laborare
779 5123 1034 5177 desines?
1069 5119 1566 5193 Collacrymaudum
1613 5128 1752 5179 enim
1806 5137 1906 5193 est,
1958 5145 2060 5182 non

492 5229 614 5266 cum
647 5215 697 5266 in
731 5224 1039 5282 paupertate
1077 5230 1294 5280 sumus,
1329 5215 1418 5270 sed
1457 5231 1580 5272 cum
1613 5233 1890 5286 peccamus
1921 5237 1933 5272 :
1962 5221 2061 5275 hoc

494 5305 689 5374 quippe
728 5313 842 5369 est,
872 5305 1012 5374 quod
1059 5305 1320 5377 lacrymas
1349 5320 1608 5373 meretur;
1645 5327 1764 5363 nam
1812 5312 1911 5365 alia
1953 5313 2058 5366 risu

490 5400 646 5467 digna
681 5405 822 5452 sum.
859 5400 924 5451 At
958 5412 1059 5451 non
1106 5396 1208 5452 hoc
1237 5397 1511 5454 dlltllltllal.
1551 5401 1678 5454 mihi
1712 5404 1926 5458 maerori
1957 5414 2057 5468 est,

490 5493 685 5564 inquis,
717 5491 809 5546 sed
843 5490 972 5545 illud
998 5506 1226 5560 quoque,
1256 5491 1394 5560 quod
1420 5490 1507 5547 hic
1537 5497 1767 5562 potentia
1806 5495 2058 5564 prtctlitus

492 5597 594 5654 est,
617 5603 716 5658 ego
741 5597 916 5641 autem
943 5587 1114 5654 jaceo.
1146 5584 1280 5652 Quid
1312 5588 1459 5639 tum?
1487 5589 1598 5656 ipse
1624 5605 1836 5660 quoque
1865 5591 2058 5645 Paulus

492 5679 740 5747 ignobilis
776 5689 936 5747 atque
961 5677 1198 5746 abjectus
1233 5679 1504 5748 plerisque
1532 5679 1829 5734 videbatur.
1865 5681 2056 5737 Verum

489 5765 678 5822 Paulus
702 5769 788 5824 ille
809 5779 940 5833 erat,
977 5770 1167 5840 inquis.
1203 5770 1342 5838 Ergo
1372 5785 1474 5821 n-m
1501 5784 1679 5822 rerum
1713 5781 1925 5839 natura,
1957 5777 2048 5830 sed

1203 347 1258 402 S.
1298 340 1571 400 JOANNIS
1610 330 2070 392 CHRYSOSTOMI
2110 331 2418 385 Alllillli'J'.
2459 333 2982 396 CONSTANTINOP.

3675 353 3782 409 883

2199 451 2358 505 animi
2407 454 2738 509 imbecillitas
2784 456 2919 511 hanc
2966 457 3054 510 tibi
3087 458 3395 513 nimstitiam
3425 459 3597 516 affert.
3629 466 3780 532 Quo-

2195 545 2335 597 circa
2360 558 2722 615 paupertatem
2773 548 2878 602 noli
2912 549 3134 614 deﬂere,
3165 565 3348 604 verum
3379 559 3431 605 te
3458 553 3652 619 ipsulm
3683 557 3777 625 qui

2195 636 2264 688 ita
2306 634 2524 690 affectus
2569 638 2688 692 sis:
2723 638 2829 692 imo
2885 653 3010 692 vero
3058 641 3284 708 teipsum
3343 658 3409 694 ne
3463 642 3622 706 defle,
3679 646 3776 700 sed

2194 725 2368 796 potius
2396 728 2622 797 corrige,
2655 744 2750 783 nec
2794 742 2922 797 opes
2967 744 3146 796 qumre
3171 771 3185 791 ,
3228 731 3322 785 sed
3349 731 3488 801 quod
3513 735 3772 803 majorem

2194 835 2350 888 quam
2383 820 2602 872 infinita!
2627 836 2754 888 opes
2785 821 3020 874 laetitiam
3053 823 3208 889 parit,
3238 833 3550 878 consectare
3572 867 3586 887 ,
3615 841 3769 878 nem-

2197 926 2259 978 pe
2304 910 2690 979 philosophiam
2742 926 2804 965 ac
2859 915 3130 965 virtutem.
3177 910 3303 966 Hmc
3347 915 3488 967 enim
3531 915 3576 967 si
3606 917 3766 983 adsit,

2194 1001 2323 1053 nihil
2362 1012 2516 1054 nocet
2558 1011 2875 1068 paupertas;
2917 1002 2959 1054 si
3007 1002 3165 1064 desit,
3204 1001 3332 1055 nihil
3364 1014 3586 1070 prosunt
3613 1020 3767 1074 opes.

2192 1092 2328 1158 Quid
2357 1092 2521 1156 enim,
2548 1106 2643 1145 oro
2675 1103 2744 1154 te,
2782 1092 3024 1145 utilitatis
3059 1095 3292 1162 capiunt,
3321 1093 3410 1162 qui
3435 1094 3623 1162 Opibus
3643 1095 3763 1164 qni-

2192 1183 2310 1237 dem
2340 1182 2582 1243 al‘lluuut.
2615 1197 2798 1237 verum
2844 1198 3103 1252 pauperes
3145 1183 3352 1237 animos
3381 1184 3613 1239 habent?
3650 1187 3766 1241 Non

2192 1283 2248 1328 tu
2267 1283 2369 1327 tam
2403 1277 2657 1328 miserum
2686 1283 2734 1328 te
2763 1274 2932 1341 ipsum
2960 1289 3168 1340 censes,
3199 1289 3356 1344 quam
3383 1274 3531 1330 dives
3557 1276 3650 1331 ille
3675 1291 3763 1332 se-

2190 1366 2384 1434 ipsum,
2415 1366 2668 1433 quianon
2709 1365 2944 1419 omniurn
2985 1379 3115 1434 opes
3159 1365 3338 1418 habet.
3367 1364 3520 1430 Quod
3563 1368 3608 1420 si
3656 1383 3760 1422 non

2193 1457 2413 1527 perinde
2435 1468 2490 1511 ut
2519 1465 2570 1510 tu
2591 1459 2925 1523 lamentatur,
2943 1456 3107 1526 ipsius
3127 1457 3508 1512 conscientiam
3525 1459 3756 1528 explica,

2189 1562 2242 1606 et
2265 1551 2672 1606 lamentationes
2698 1561 2855 1621 atque
2891 1551 3152 1620 singultus
3178 1550 3405 1605 videbis.

2263 1641 2394 1711 Ope:
2433 1658 2666 1710 quaenam
2703 1657 2831 1695 certe
2869 1643 2986 1696 sint.
3023 1640 3280 1710 Pauper-es
3310 1643 3544 1699 divitibus
3567 1645 3760 1713 felicio-

2187 1749 2287 1787 res.
2317 1762 2390 1772 —
2420 1731 2506 1786 Vis
2548 1743 2661 1786 tuas
2706 1732 2798 1786 tibi
2844 1747 2974 1800 opes
3011 1732 3313 1795 ostendam,
3363 1742 3420 1786 ut
3445 1733 3630 1790 beatos
3666 1750 3758 1789 ens

2188 1825 2494 1879 existimare
2525 1824 2755 1888 desinas,
2787 1825 2873 1894 qui
2917 1833 3043 1879 sunt
3092 1826 3425 1895 locupletes?
3457 1827 3615 1882 Vides
3660 1827 3759 1882 hoc

2187 1918 2394 1982 cadum,
2429 1931 2585 1986 quam
2614 1918 2946 1986 praeclarum,
2972 1933 3128 1986 quam
3151 1918 3338 1988 ingens
3361 1958 3376 1983 ,
3407 1933 3565 1988 quam
3597 1921 3760 1973 subli-

2187 2009 2257 2064 mi
2282 2009 2399 2063 loco
2427 2010 2626 2063 situm?
2653 2008 2762 2064 Hac
2793 2009 2883 2063 ille
2908 2008 3302 2078 pulchritudine
3338 2010 3507 2065 nihilo
3528 2013 3756 2080 amplius

2187 2099 2378 2154 fruitur
2398 2115 2553 2170 quam
2589 2109 2662 2164 tu,
2705 2114 2802 2154 nec
2832 2109 2882 2154 te
2905 2100 2993 2154 ille
3024 2102 3342 2170 prapellere,
3374 2109 3650 2173 totumque
3676 2106 3754 2156 sui

2179 2191 2316 2261 juris
2352 2191 2562 2246 efficere
2590 2202 2748 2261 queat
2776 2207 2790 2244 :
2821 2200 2878 2245 ut
2906 2192 3046 2246 enim
3080 2200 3296 2261 propter
3317 2193 3465 2247 illutn
3497 2203 3579 2248 est
3603 2209 3753 2248 crea-

2185 2293 2317 2348 tum,
2356 2284 2424 2338 ita
2451 2285 2608 2338 etiam
2640 2295 2857 2354 propter
2878 2295 2955 2340 te.
2999 2283 3135 2352 Quid
3157 2285 3259 2350 sol,
3293 2285 3624 2355 splendidum
3657 2286 3755 2340 hoc

2184 2373 2329 2426 sidus
2379 2388 2440 2427 ac
2487 2374 2732 2440 rutilans,
2763 2383 2922 2443 atque
2951 2374 3135 2428 oculos
3185 2384 3398 2430 nostros
3446 2377 3753 2432 obiectans?

2183 2478 2362 2516 annon
2404 2465 2702 2518 communis
2758 2465 2845 2519 hic
2896 2479 3106 2535 quoque
3151 2467 3401 2521 omnibus
3445 2469 3751 2522 mortalibus

2187 2564 2346 2624 patet,
2379 2564 2536 2625 atque
2568 2571 2754 2611 omnes
2780 2571 2952 2627 reque,
2980 2565 3086 2611 tam
3113 2557 3308 2613 divites
3330 2573 3488 2628 quam
3516 2571 3747 2630 egentes,

2182 2664 2248 2704 eo
2279 2647 2523 2704 fruuntur
2542 2651 2564 2703 ?
2585 2651 2708 2720 quid
2736 2650 3007 2705 stellarum
3029 2666 3249 2716 corona,
3270 2653 3396 2722 quid
3424 2653 3559 2708 luna:
3580 2655 3751 2708 orbis?

2181 2753 2356 2794 annon
2388 2741 2632 2796 omnibus
2661 2757 2812 2812 aeque
2833 2757 3088 2798 concessa
3113 2753 3235 2798 sunt
3256 2745 3280 2797 ἲ
3301 2744 3412 2799 Ιιιιο
3435 2760 3583 2811 vero,
3610 2747 3747 2816 quod

2181 2830 2325 2885 dietu
2357 2831 2599 2886 mirabile
2620 2843 2720 2896 est,
2751 2847 2866 2896 nos.
2897 2833 2984 2904 qui
3015 2848 3275 2902 pauperes
3305 2852 3504 2901 sumus,
3541 2838 3752 2892 uberius

2182 2922 2244 2976 iis
2273 2921 2498 2977 fruimur
2526 2939 2682 2993 quam
2715 2923 2809 2978 illi.
2843 2925 3053 2980 Etenim
3081 2926 3176 2992 illi,
3204 2941 3349 2980 mero
3378 2937 3430 2980 ut
3459 2928 3745 2995 plurimum

2179 3016 2378 3080 obruti,
2407 3025 2565 3084 atque
2587 3017 2638 3070 in
2669 3019 3144 3073 comessationibus
3168 3019 3532 3088 altissimaque
3552 3036 3749 3075 somno

2179 3109 2341 3162 vitam
2366 3108 2618 3178 degentes
2638 3152 2653 3176 ,
2687 3124 2756 3165 ne
2786 3111 2898 3164 haec
2928 3112 3136 3180 quidem
3161 3111 3406 3176 sentiunt,
3443 3122 3498 3166 ut
3522 3115 3611 3182 qui
3640 3119 3743 3169 sub

2181 3208 2320 3254 tecto
2356 3215 2415 3255 se
2439 3211 2654 3255 teneant
2698 3210 2855 3270 atque
2898 3203 2950 3256 in
2993 3203 3174 3257 mubra
3199 3202 3400 3256 alantur
3433 3220 3446 3256 :
3477 3218 3737 3272 pauperes

2177 3301 2363 3346 contra
2393 3307 2452 3347 ea
2481 3293 2785 3348 conditione
2810 3305 2961 3359 sunt,
2993 3306 3047 3349 ut
3073 3295 3201 3350 nulli
3232 3295 3526 3350 mortalium
3551 3311 3732 3366 parem

2176 3399 2242 3437 ex
2275 3384 2550 3442 clementis
2591 3390 2912 3455 voluptatem
2948 3390 3178 3458 capiant.
3215 3389 3350 3458 Quin
3382 3391 3424 3444 si
3453 3405 3625 3445 acrem
3655 3392 3737 3460 ip-

2176 3493 2314 3542 sum,
2339 3480 2428 3549 qui
2459 3481 2652 3552 ubique
2673 3481 2818 3537 fusus
2843 3493 2944 3548 est,
2976 3486 3371 3555 exploraveris,
3405 3489 3615 3558 pariet-e
3642 3492 3747 3544 uti-

2174 3585 2279 3639 que
2301 3585 2368 3626 eo
2393 3579 2554 3641 atque
2577 3574 2822 3628 uberiore
2845 3591 3128 3646 pauperem
3154 3576 3254 3632 frui
3279 3579 3586 3650 perspicies.
3616 3578 3746 3634 Nam

2175 3671 2228 3716 et
2272 3660 2503 3718 viatores
2545 3673 2600 3718 et
2649 3665 2892 3735 agricolae
2917 3667 3096 3722 ltetius
3116 3683 3188 3723 eo
3234 3668 3559 3733 afficiuntur,
3589 3688 3746 3740 quam

2175 3752 2265 3821 qui
2310 3752 2364 3808 in
2416 3753 2634 3809 urbibus
2683 3755 2914 3824 degunt;
2953 3759 3084 3811 etsi
3137 3758 3234 3813 bos
3277 3774 3488 3830 quoque
3516 3771 3744 3830 spectes,

2177 3843 2350 3899 laetius
2374 3847 2607 3901 artifices
2634 3888 2650 3912 ,
2685 3863 2842 3915 quam
2872 3849 2962 3918 qui
3009 3858 3121 3903 toto
3168 3849 3254 3904 die
3299 3851 3744 3921 perbacchantur.

2173 3937 2303 3990 Nam
2334 3939 2459 4008 quid
2504 3941 2571 3994 de
2601 3949 2738 3995 terra
2787 3940 2958 3995 dicam
2983 3941 3006 3992 τ
3031 3955 3209 3997 annon
3238 3944 3447 3998 cunctis
3475 3960 3626 4014 aeque
3657 3961 3742 4015 pa-

2177 4030 2298 4083 tet?
2347 4029 2583 4098 Minime,
2635 4033 2862 4103 inquies.
2913 4034 3050 4103 Quid
3100 4037 3208 4090 ita?
3254 4037 3516 4105 Quoniam
3560 4039 3626 4106 is,
3657 4042 3743 4110 qui

2173 4120 2321 4176 dives
2342 4130 2423 4175 est
2441 4130 2494 4176 et
2512 4123 2562 4176 in
2587 4123 2716 4178 urbe
2742 4124 2903 4179 multa
2930 4133 3084 4179 teme
3102 4127 3285 4196 jugera
3312 4127 3558 4197 adeptus,
3590 4129 3742 4200 longa

2174 4214 2431 4283 pomoeria
2456 4216 2683 4269 exstruit
2709 4256 2723 4281 ,
2752 4225 2807 4270 et
2837 4217 2886 4270 in
2915 4219 3055 4289 agris
3083 4220 3276 4274 multas
3299 4230 3480 4290 partes
3506 4222 3740 4278 desecat.

2173 4303 2308 4371 Quid
2336 4303 2500 4374 ergo?
2539 4321 2605 4358 an
2633 4307 2754 4375 quia
2781 4306 2993 4362 desecat
3019 4351 3034 4373 ,
3073 4309 3220 4365 solus
3241 4310 3466 4380 proinde
3512 4313 3574 4368 iis
3614 4312 3748 4367 frui-

2173 4396 2303 4450 tur?
2326 4395 2474 4450 Haud
2501 4410 2651 4462 Sane,
2679 4398 2966 4464 quamlibet
2991 4400 3257 4455 adnitatur
3287 4419 3299 4455 :
3325 4400 3534 4457 fructus
3548 4405 3742 4458 etenim

2173 4489 2227 4544 in
2255 4504 2440 4544 omnes
2481 4489 2799 4545 distribuere
2825 4492 3034 4562 cogitur
3053 4532 3070 4560 ,
3100 4507 3164 4548 ac
3189 4495 3444 4562 triticum,
3477 4497 3657 4550 vinum
3694 4506 3746 4552 ct

2173 4581 2352 4636 oleum
2400 4580 2493 4634 tibi
2537 4580 2796 4646 elaborat,
2825 4597 2888 4636 ac
2915 4599 3175 4655 nusquam
3222 4601 3327 4641 non
3357 4587 3450 4641 tibi
3498 4589 3740 4643 inservit.

2172 4675 2483 4742 Amplorum
2515 4675 2670 4728 etiam
2720 4685 2993 4744 septorum
3018 4691 3082 4731 ac
3101 4677 3492 4732 domiciliorum
3521 4688 3641 4747 post
3668 4681 3745 4732 in-

2169 4765 2450 4820 credibiles
2481 4775 2723 4835 sumptus
2767 4779 2821 4822 et
2873 4767 3084 4823 labores
3109 4777 3270 4838 atque
3295 4786 3564 4825 aerumnas
3592 4787 3742 4826 usum

2173 4857 2264 4909 tibi
2295 4866 2588 4925 comparat,
2618 4857 2824 4926 exiguis
2849 4873 2878 4911 a
2907 4867 2958 4913 te
2987 4874 3082 4927 pro
3117 4859 3420 4928 hujusmodi
3449 4862 3744 4916 ministerio

2170 4948 2402 5002 munmis
2428 4949 2680 5018 acceptis.
2714 4951 2886 5020 Atque
2913 4950 3013 5005 hoc
3052 4961 3106 5006 et
3147 4952 3197 5005 in
3239 4951 3440 5006 balneis
3463 4962 3521 5007 et
3547 4954 3598 5006 iu
3625 4952 3746 5006 aliis

2171 5039 2420 5094 omnibus
2445 5041 2603 5096 rebus
2631 5055 2729 5095 usu
2756 5042 2940 5096 venire
2965 5044 3267 5112 comperias
3289 5085 3304 5108 ,
3347 5054 3407 5097 ut
3437 5045 3523 5112 qui
3554 5043 3745 5099 divites

2171 5143 2315 5195 sunt,
2348 5132 2665 5201 sumptibus,
2688 5133 2830 5188 curis
2854 5139 2909 5189 et
2933 5133 3205 5189 laboribus
3230 5133 3622 5200 conficiantur;
3654 5137 3742 5204 qui

2170 5236 2346 5279 autem
2373 5225 2563 5294 opibus
2583 5234 2786 5289 carent,
2819 5227 3002 5295 paucis
3020 5227 3193 5281 obolis
3219 5225 3322 5282 huc
3343 5239 3701 5297 assequuntur
3726 5269 3741 5292 ,

2171 5322 2227 5366 ut
2259 5311 2340 5368 bis
2365 5315 2610 5369 omnibus
2633 5330 2753 5369 cum
2792 5330 3000 5370 summa
3039 5319 3325 5373 securitate
3351 5317 3614 5373 fruantur.
3638 5318 3745 5372 Nec

2169 5418 2298 5457 vero
2329 5404 2443 5473 plus
2483 5405 2686 5459 fructus
2714 5417 2910 5460 eterra
2961 5406 3028 5461 ad
3079 5406 3298 5462 divitem
3327 5408 3466 5463 redit
3515 5428 3529 5464 :
3576 5425 3745 5479 neque

2169 5495 2310 5550 enim
2343 5497 2432 5550 ille
2474 5497 2658 5552 decem
2690 5509 2904 5554 ventres
2934 5499 3137 5568 implet,
3170 5515 3290 5552 cum
3321 5511 3375 5553 tu
3399 5517 3562 5554 ummt
3594 5501 3746 5555 dum-

2170 5595 2334 5642 taxat.
2384 5589 2453 5641 At
2505 5589 2942 5658 exquisitioribus
2990 5591 3122 5644 cibis
3169 5591 3258 5644 ille
3307 5591 3746 5645 vescitur?Sane

2167 5677 2380 5748 quidem
2412 5681 2546 5735 istud
2578 5681 2713 5735 haud
2747 5696 2933 5750 magna
2963 5683 3267 5751 praestantia
3297 5691 3377 5736 est
3408 5700 3421 5735 :
3455 5691 3632 5736 tamen
3662 5683 3745 5737 hic

2172 5791 2380 5849 quoque
2421 5790 2705 5848 pauperem
2757 5774 2872 5845 plus
2912 5773 3109 5831 habere
3138 5773 3553 5846 comperietnus.
3607 5776 3742 5830 Nam
