4070 6152
308 387 406 443 £87

305 497 670 572 διακεώμεθα·
713 497 816 553 κᾶν
857 497 1048 567 πένησι
1083 493 1434 564 παρέχωμεν,
1462 491 1760 561 λαμϐάνειν
1792 504 1870 541 νο·

311 596 577 665 μίζωμεν·
620 595 646 644 6
675 592 780 660 γάρ
808 590 882 659 μὴ
905 587 1045 642 οὕτω
1079 587 1274 648 διδους,
1309 583 1428 638 οῦδὲ
1460 582 1619 637 δώσει
1652 582 1868 652 ῥαδίως.

309 687 478 738 Ὅταν
503 684 676 736 τοίνυν
713 680 872 751 θέλῃς
898 678 1208 750 σκορπίσαι,
1239 676 1312 747 μὴ
1339 673 1496 727 τοῦτο
1533 673 1647 744 ἴδῃς
1693 671 1872 742 μόνον,

306 777 390 829 ὃτι
422 775 747 834 ἀναλίσκεις,
779 770 894 824 ἀλλ’
923 771 1004 822 ὅτι
1033 769 1126 823 καὶ
1164 767 1386 821 πλείονα
1429 763 1748 836 κερδαίνεις,
1781 763 1875 816 καὶ

307 866 464 920 τοῦτο
499 863 601 935 πρὸ
627 863 858 915 ἐκείνου.
895 861 1005 914 Καὶ
1037 860 1113 931 μὴ
1162 858 1320 929 μόνον
1364 857 1456 909 ἐπί
1483 853 1872 924 ἐλεημοσύνης,

307 957 442 1010 ἀλλά
468 955 562 1008 καὶ
585 954 678 1007 ἐπὶ
709 952 891 1019 πάσης
920 951 1120 1019 ἀρετῆς
1147 949 1220 1018 μὴ
1247 948 1308 1001 τὸ
1334 947 1498 1016 δριμὺ
1528 944 1636 998 τῶν
1674 944 1872 1007 πόνων,

306 1046 442 1100 ἀλλὰ
473 1045 565 1098 καὶ
601 1043 662 1097 τὸ
700 1043 873 1112 γλυκὺ
910 1042 1020 1094 τῶν
1061 1039 1312 1092 ἐπάθλων
1362 1036 1595 1104 λογίζουο
1641 1034 1736 1087 καὶ
1768 1032 1874 1103 πρὸ

308 1137 523 1190 πάντων
548 1136 648 1204 τὴν
675 1132 932 1186 ὑπόθεσιν
972 1129 1082 1183 τῶν
1121 1125 1513 1196 παλαισμάτων
1545 1125 1635 1176 τὸν
1670 1122 1873 1192 Κύριον

309 1229 464 1299 ἡμῶν
505 1225 732 1298 Ἰησοῦνο
759 1225 854 1278 καὶ
882 1221 1076 1293 ῥᾳδίως
1101 1220 1334 1289 ἐπιϐήσῃ
1363 1217 1472 1270 τῶν
1503 1215 1750 1284 ἀγώνων,
1780 1213 1874 1266 καὶ

308 1322 366 1372 ἐν
391 1319 552 1389 ἡδονῇ
583 1317 672 1370 τὸν
707 1314 923 1368 ἃπαντα
958 1312 1128 1384 βιώσῃ
1159 1311 1365 1382 χρόνον.
1399 1307 1562 1362 Οὐδὲν
1591 1305 1697 1376 γὰρ
1731 1304 1874 1358 οὕτω

310 1402 482 1463 ποιεῖν
505 1407 694 1478 ἡδονὴν
724 1405 932 1464 εἴωθεν,
973 1403 1048 1464 ὡς
1072 1399 1304 1462 συνειδὸς
1329 1399 1551 1466 ἀγαθόν.
1595 1397 1692 1449 Διά
1714 1395 1874 1450 τοῦτο

309 1502 520 1563 Παῦλος
565 1499 662 1568 μὲν
705 1497 824 1550 καθ’
858 1495 1092 1565 έκάστην
1128 1493 1460 1560 κοπτόμενος
1501 1491 1602 1559 τὴν
1637 1489 1870 1560 ἡμέραν,

309 1594 496 1662 ἔχαιρε
541 1589 635 1642 καὶ
660 1587 936 1658 ἠγάλλετο·
965 1587 1014 1638 οἱ
1040 1584 1096 1638 δὲ
1125 1583 1239 1648 νῦν,
1264 1583 1384 1636 οὺδέ
1416 1582 1549 1652 ὄναρ
1576 1581 1874 1650 ὑπομένον-

309 1685 401 1746 τές
421 1701 472 1734 τι
498 1681 721 1742 τούτων,
751 1675 973 1746 ἀλγοῦσι
1005 1675 1100 1729 καὶ
1130 1673 1437 1745 θρηνοῦσιν,
1470 1669 1763 1741 οὐδαμόθεν
1783 1669 1876 1722 ἄλ-

309 1772 486 1835 λοθεν,
510 1771 622 1823 ἀλλ’
667 1769 700 1840 ἢ
761 1771 824 1820 ἐκ
877 1767 970 1820 τοῦ
1012 1766 1087 1838 μὴ
1137 1764 1422 1835 φιλόσοφον
1459 1763 1602 1833 ἔχειν
1628 1759 1871 1830 γνώμην.

328 1864 479 1918 Ἐπεὶ
500 1864 640 1924 τίνος
668 1861 874 1924 ἕνεκεν,
907 1859 1027 1912 είπέ
1054 1876 1163 1928 μοι,
1187 1859 1215 1910 6
1237 1853 1464 1927 θρῆνος;
1491 1855 1573 1907 ὅτι
1602 1854 1768 1920 πένης
1801 1848 1871 1914 εἶ,

311 1958 404 2008 καὶ
438 1956 546 2007 τῶν
587 1952 900 2020 ἀναγκαίων
942 1951 1200 2021 ἀπορεῖς;
1233 1946 1441 2000 Οὐκοῦν
1480 1945 1568 1998 διὰ
1612 1944 1767 1998 τοῦτό
1814 1961 1873 1997 σε

311 2044 509 2114 μᾶλλον
557 2043 772 2113 θρηνεῖν
803 2041 902 2103 δεῖ,
930 2042 1029 2109 οὐχ
1066 2041 1146 2092 ὃτι
1187 2037 1413 2101 κλαίεις,
1441 2038 1540 2105 οὺχ
1581 2037 1663 2088 ὅτι
1706 2039 1873 2105 πένης

307 2132 376 2197 εἴ,
403 2133 516 2186 ἀλλ’
549 2135 629 2186 ὅτι
678 2131 1028 2204 μικρόψυχος·
1057 2132 1154 2200 ούχ
1185 2131 1264 2183 ὅτι
1295 2131 1549 2200 χρήματα
1576 2128 1676 2180 οῦκ
1705 2127 1869 2197 ἔχεις,

307 2223 420 2277 ἀλλ’
458 2223 537 2275 ὅτι
565 2221 817 2275 τοσούτου
858 2221 924 2273 τὰ
955 2220 1212 2291 χρήματα
1241 2219 1424 2288 τιμᾷς.
1462 2216 1601 2269 Καθ’
1637 2216 1872 2285 ἑκάστην

305 2315 520 2385 ἡμέραν
545 2312 852 2382 ἀπέθνησκε
877 2311 1103 2375 Παῦλος,
1133 2309 1228 2362 καὶ
1253 2310 1350 2361 οὐκ
1371 2307 1601 2371 ἔκλαιεν,
1627 2306 1760 2359 ἀλλά
1781 2308 1873 2360 καὶ

305 2407 511 2476 ἔχαιρε·
543 2402 684 2473 λιμῷ
711 2404 944 2473 ἐμάχετο
971 2402 1227 2472 διηνεκεῖ,
1271 2400 1362 2452 καὶ
1403 2399 1502 2452 οὐκ
1529 2397 1702 2468 ῆλγει,
1737 2396 1873 2450 ἀλλά

307 2495 404 2547 καὶ
431 2491 851 2556 ἐκαλλωπίζετο.

368 2591 428 2638 ε’.
453 2585 522 2636 Σὺ
538 2583 595 2636 δὲ
611 2584 692 2636 ὅτι
715 2582 788 2652 μὴ
804 2582 980 2634 πάντα
996 2581 1138 2650 ἔχεις
1155 2580 1224 2633 τά
1243 2579 1336 2632 τοῦ
1356 2577 1601 2632 ἐνιαυτοῦ
1623 2579 1870 2647 κείμενα,

307 2675 491 2742 ἀλγεῖς
519 2675 610 2726 καὶ
634 2662 853 2736 κόπτεις
879 2673 1102 2735 ἐαυτόν;
1143 2672 1268 2734 Ναὶ,
1299 2671 1462 2740 φησίν
1483 2685 1495 2699 ’
1529 2672 1734 2732 ἐκεῖνος
1766 2668 1873 2740 γὰρ

304 2766 377 2818 τὰ
405 2764 594 2818 ἑαυτοῦ
626 2765 784 2835 μόνον
814 2764 1102 2834 ὲμερίμνα,
1128 2763 1238 2829 ἐγὼ
1258 2763 1315 2815 δὲ
1339 2764 1432 2816 καὶ
1458 2763 1595 2832 ὑπὲρ
1621 2761 1868 2825 οἰκετῶν,

308 2856 402 2909 καὶ
436 2857 636 2909 παίδων
655 2857 750 2909 καὶ
776 2856 1048 2924 γυναικός.
1097 2856 1331 2917 Ἐκεῖνος
1364 2855 1460 2923 μὲν
1485 2850 1577 2907 οῦν
1599 2852 1747 2925 [5'27]
1775 2854 1872 2924 μό-

307 2966 399 3012 νος
425 2947 493 3001 τά
520 2948 708 3002 ἐαυτοῦ
735 2949 835 3001 οὐκ
864 2949 1154 3018 ἐμερίμνα,
1177 2948 1311 3000 ἀλλά
1330 2947 1398 3000 τά
1427 2949 1524 3016 τῆς
1549 2949 1872 3018 οἰκουμένης

310 3041 545 3111 ἀπάσης*
587 3039 680 3092 καὶ
734 3041 798 3092 σὺ
849 3040 946 3109 μὲν
989 3039 1130 3110 ὑπὲρ
1182 3039 1359 3102 οίκίας
1403 3043 1549 3110 μιᾶς,
1582 3042 1785 3103 ἐκεῖνος
1815 3039 1871 3092 δὲ

307 3132 451 3202 ὑπὲρ
475 3130 584 3184 τῶν
616 3131 673 3184 ἐν
704 3129 1096 3201 Ἱεροσολύμοις
1120 3134 1366 3200 πενήτων
1392 3130 1658 3184 τοσούτων
1685 3133 1871 3194 ὄντων,

307 3225 450 3293 ὑπὲρ
488 3224 594 3276 τῶν
627 3225 686 3276 ἐν
718 3223 1044 3294 Μακεδονία,
1083 3223 1220 3292 ὑπὲρ
1264 3223 1372 3275 τῶν
1417 3224 1688 3294 πανταχοῦ
1730 3242 1874 3277 πτω-

305 3315 596 3383 χευόντων,
623 3313 760 3382 ὑπὲρ
787 3313 894 3366 τῶν
922 3312 1167 3365 διδόντων
1195 3312 1424 3376 ἐκείνοις
1456 3313 1554 3383 οὐχ
1601 3310 1787 3384 ἦττον,
1835 3314 1868 3382 ἢ

310 3404 417 3456 τῶν
445 3403 844 3472 λαμϐανόντων.
874 3404 982 3456 Καὶ
1007 3403 1113 3475 γὰρ
1133 3403 1294 3474 διπλῆ
1323 3399 1390 3475 ἦν
1417 3405 1563 3474 αὐτῷ
1593 3407 1625 3475 ἡ
1654 3404 1873 3475 φροντὶς

313 3497 456 3566 ὑπὲρ
496 3495 596 3563 τῆς
627 3495 964 3565 οἰκουμένης,
996 3497 1090 3548 καὶ
1118 3497 1263 3559 ὅπως
1304 3496 1410 3548 τῶν
1451 3496 1761 3564 ἀναγκαίων
1798 3495 1873 3566 μὴ

310 3585 589 3654 ἀποροῖεν,
629 3583 722 3636 καὶ
757 3584 899 3646 ὅπως
925 3585 982 3635 ἐν
1013 3586 1124 3645 τοῖς
1158 3585 1544 3652 πνευματικοῖς
1578 3584 1872 3636 πλουτοῖεν.

308 3675 422 3726 Καὶ
464 3675 561 3742 οὐχ
611 3671 751 3724 οὕτω
789 3689 845 3725 σε
880 3672 1039 3725 λυπεῖ
1072 3685 1098 3713 ι
1139 3673 1206 3724 τά
1245 3671 1432 3724 παιδία
1480 3671 1768 3735 πεινῶντα,
1801 3672 1875 3736 ὡς

308 3768 517 3820 ἐκεῖνον
541 3765 608 3817 τά
635 3763 742 3817 τῶν
765 3765 968 3818 πιστῶν
997 3766 1296 3836 πράγματα
1324 3765 1522 3818 πάντα.
1558 3764 1623 3816 Τί
1651 3764 1792 3832 λέγω
1809 3765 1875 3818 τὰ

308 3854 418 3907 τῶν
450 3853 690 3918 πιστῶν;
721 3853 841 3907 ούδέ
868 3853 976 3924 γάρ
1016 3854 1117 3923 τῆς
1150 3855 1290 3926 ὑπὲρ
1318 3854 1423 3906 τῶν
1455 3854 1696 3907 ἀπίστων
1718 3871 1877 3924 φρον-

308 3945 449 4008 τίδος
478 3945 760 4016 ἐλεύθερος
787 3940 875 4014 ἦν,
909 3945 1020 3997 ἀλλ’
1053 3946 1225 4008 οὕτως
1260 3946 1363 3998 ὑπὸ
1388 3945 1592 4015 ταύτης
1629 3947 1872 4017 ἐτήκετο,

310 4037 386 4098 ὡς
407 4034 656 4106 εὔχεσθαι
677 4037 769 4088 καὶ
795 4035 1040 4105 ἀνάθεμα
1061 4037 1299 4104 γίνεσθαι
1326 4037 1465 4108 ὑπὲρ
1489 4038 1685 4091 αὐτῶν
1712 4039 1774 4092 σὺ
1795 4039 1871 4104 δέ,

314 4128 419 4181 κᾶν
454 4128 712 4199 μυριάκις
749 4129 1090 4200 ἐπικρατήσῃ
1131 4129 1310 4198 λιμὸς,
1332 4130 1432 4182 οὐκ
1470 4131 1535 4182 ἂν
1567 4131 1705 4183 έλοιό
1745 4147 1872 4185 ποτε

315 4219 604 4273 ἀποθανεῖν
638 4219 778 4290 ὑπὲρ
814 4220 1053 4274 ὁτουοῦν.
1089 4222 1196 4274 Καὶ
1225 4223 1289 4274 σὺ
1324 4222 1422 4290 μὲν
1449 4223 1590 4293 ὑπὲρ
1619 4225 1874 4291 γυναικὸς

317 4313 447 4380 μιᾶς
477 4314 760 4382 μεριμνᾷς,
787 4313 989 4374 ἐκεῖνος
1012 4311 1069 4364 δὲ
1096 4311 1235 4382 ὑπὲρ
1271 4312 1457 4365 πασῶν
1483 4314 1591 4366 τῶν
1617 4315 1758 4367 κατά
1778 4317 1874 4384 τὴν

312 4402 637 4472 οἰκουμένην
664 4402 1021 4473 Ἐκκλησιῶν·
1059 4402 1119 4457 Ἠ
1139 4402 1247 4472 γὰρ
1273 4404 1526 4472 μέριμνά
1549 4423 1688 4472 μου,
1722 4409 1872 4476 φησὶ,

313 4494 529 4548 πασῶν
557 4494 677 4547 τῶν
713 4493 1106 4562 Ἐκκλησιῶν.
1147 4495 1324 4563 Μέχρι
1350 4495 1493 4558 τίνος
1523 4492 1617 4548 οὖν
1641 4495 1871 4561 παίζεις,

312 4584 587 4654 ἄνθρωπε,
613 4585 808 4656 Παύλῳ
838 4587 1031 4639 σαυτὸν
1062 4585 1443 4656 παραϐάλλων,
1482 4587 1573 4640 καὶ
1601 4587 1663 4640 ού
1692 4587 1875 4658 παύσῃ

309 4676 411 4743 ’.ἧς
437 4676 636 4746 πολλῆς
660 4676 861 4746 ταύτης
890 4677 1250 4748 μικροψυχίας
1273 4693 1286 4740 ;
1322 4676 1588 4748 Δακρύειν
1622 4678 1750 4750 γὰρ.
1778 4680 1873 4750 οὐχ

310 4771 443 4820 ὅταν
487 4771 542 4821 ἐν
593 4769 750 4838 πενίᾳ
795 4763 963 4837 ὦμεν,
1011 4770 1124 4822 ἀλλ’
1152 4770 1278 4822 ὅταν
1321 4771 1739 4842 ἁμαρτάνοιμεν,
1773 4773 1870 4825 δεῖ·

309 4859 470 4911 τοῦτο
502 4859 606 4929 γὰρ
632 4859 842 4929 θρήνων
867 4860 1032 4925 ἀξίων
1059 4861 1134 4920 ὡς
1162 4861 1230 4912 τά
1258 4877 1319 4926 γε
1347 4860 1478 4914 ἄλλα
1503 4864 1594 4914 καὶ
1615 4862 1868 4928 γέλωτος.

326 4949 466 5000 Ἀλλ’
494 4951 554 5002 ού
592 4950 749 5002 τοῦτό
777 4967 843 5019 με
870 4950 1044 5014 λυπεῖ,
1075 4954 1225 5019 φησὶ,
1266 4951 1447 5019 μόνον,
1479 4952 1593 5004 ἀλλ’
1615 4955 1692 5006 ὅτι
1726 4957 1819 5007 καὶ
1844 4958 1872 5006 ό

310 5043 461 5092 δεῖνα
486 5043 541 5093 ἐν
562 5041 866 5113 δυναστείᾳ,
889 5042 1000 5109 ἐγὼ
1030 5042 1084 5093 δὲ
1112 5043 1300 5110 ἄτιμος
1325 5043 1418 5093 καὶ
1443 5044 1869 5113 ἀπερῤιμμένος.

313 5133 428 5186 Καὶ
478 5135 530 5185 τί
567 5135 755 5200 τοῦτο;
789 5137 883 5188 καὶ
927 5137 1034 5204 γὰρ
1076 5137 1103 5186 ό
1143 5135 1408 5204 μακάριος
1449 5135 1654 5198 Παῦλος
1687 5138 1874 5206 ἄτιμος

310 5228 408 5278 καὶ
455 5225 862 5295 ἀπερῤιμμένος
918 5220 1056 5275 εἶναι
1099 5223 1273 5274 ἐδόκει
1313 5225 1422 5285 τοῖς
1457 5223 1691 5286 πολλοῖς.
1737 5225 1873 5278 Ἀλλ’

310 5317 523 5377 ἐκεῖνος
563 5313 771 5376 Παῦλος
810 5308 898 5382 ἦν,
942 5311 1123 5380 φησίν.
1158 5308 1364 5361 Οὐκοῦν
1403 5311 1500 5380 ούχ
1530 5312 1561 5380 ἠ
1590 5311 1698 5363 τῶν
1738 5328 1876 5382 πρε--

309 5405 542 5475 γμάτων
571 5404 754 5473 φύσις,
797 5402 912 5457 ἀλλ’
955 5404 989 5472 η
1042 5399 1139 5468 τῆς
1180 5399 1402 5468 γνώμης
1444 5400 1692 5456 ἀσθένεια
1735 5419 1876 5457 ποιει

310 5511 398 5548 σοι
426 5496 528 5564 τὴν
556 5493 814 5564 ἀθυμίαν.
850 5492 940 5561 Μὴ
967 5491 1143 5543 τοίνυν
1171 5489 1271 5558 τὴν
1296 5491 1486 5543 πενίαν
1509 5490 1712 5560 θρήνει,
1744 5493 1877 5548 ἀλλὰ

311 5585 511 5639 σαυτὸν
543 5585 636 5638 τὸν
671 5583 815 5637 οὕτω
851 5581 1216 5651 διακείμενον·
1264 5579 1462 5649 μᾶλλον
1487 5580 1543 5634 δὲ
1571 5581 1645 5651 μὴ
1685 5585 1875 5638 σαυτὸν

377 5759 400 5787 ⁸
443 5756 699 5819 ιεῃρὸατιιν
722 5756 871 5812 οὕτως
895 5756 1070 5805 ἐλύπει.

1340 371 1403 427 ΙΝ
1446 367 1664 426 EPIST.
1709 368 1749 422 ΙΙ
1785 367 1876 422 AD
1910 365 2066 422 (ΞΟΠ.
2112 369 2343 424 IIUMZL.
2388 371 2500 425 XII.

3445 375 3544 429 688

1976 487 2186 560 θρήνει,
2229 491 2361 544 ἀλλά
2403 490 2638 560 διόρθου,
2691 490 2825 562 μηδὲ
2863 493 3119 562 χρήματα
3147 490 3321 562 ζήτει,
3361 489 3475 543 ἀλλ’
3517 490 3545 543 δ

1976 582 2183 651 μυρίων
2210 583 2506 654 χρημάτων
2557 582 2941 654 φαιδροτέρους
2973 587 3138 649 ποιεῖ,
3170 583 3326 637 τοῦτο
3355 583 3541 642 δίωκε.

1973 671 2291 740 φιλοσοφίαν
2315 673 2410 725 καὶ
2437 674 2655 743 ἀρετήν.
2681 672 2895 743 Ταύτης
2926 674 3024 743 μὲν
3051 674 3158 744 γάρ
3179 672 3363 744 οῦσης,
3393 674 3543 727 οὐδὲν

1973 764 2163 827 πενίας
2197 764 2410 834 βλάϐος
2461 765 2666 835 ταύτης
2696 766 2752 818 δὲ
2802 767 2901 819 οὐκ
2929 765 3114 836 ούσης,
3143 766 3295 819 οὐδὲν
3325 766 3543 837 χρημά-

1973 871 2080 906 των
2107 853 2319 922 δφελος.
2347 855 2411 906 Τί
2443 855 2550 926 γὰρ
2581 855 2790 923 ὄφελος,
2816 856 2936 908 είπέ
2970 873 3082 926 μοι,
3115 856 3223 909 τῶν
3249 856 3542 909 πλουτούν-

1973 960 2081 996 των
2120 945 2239 1014 μὲν,
2275 946 2534 1016 πενιχρὰς
2571 946 2627 998 δὲ
2661 945 2892 1015 ἐχόντων
2916 945 3128 1014 ψυχάςς
3165 947 3278 1016 Οὐχ
3305 945 3448 999 οὕτω
3478 945 3542 998 σὺ

1976 1035 2171 1087 σαυτὸν
2199 1036 2523 1100 ταλανίζεις,
2553 1036 2627 1098 ὡς
2658 1039 2860 1099 ἐκεῖνος
2896 1039 2924 1090 ό
2955 1037 3204 1101 πλούσιος
3232 1038 3441 1102 ἑαυτὸν,
3464 1037 3545 1094 ὅτι

1978 1124 2150 1194 μὴτά
2180 1126 2396 1180 πάντων
2434 1126 2566 1195 ἔχει.
2612 1125 2674 1178 Et
2717 1126 2772 1178 δὲ
2820 1125 2894 1197 μὴ
2931 1127 3130 1192 κλαίει,
3162 1127 3416 1200 καθάπερ
3453 1132 3542 1196 σὺ,

1974 1217 2281 1281 ἀνάπτυξον
2314 1215 2478 1268 αὑτοῦ
2504 1215 2565 1268 τὸ
2600 1215 2856 1280 συνειδὸς,
2889 1218 2983 1271 καὶ
3009 1217 3130 1286 ὕψει
3160 1220 3286 1282 τοὺς
3315 1218 3546 1290 θρήνους

1974 1308 2070 1360 καὶ
2103 1308 2228 1370 τους
2263 1307 2562 1369 κωκυτούς,

2045 1397 2230 1458 θέλεις
2261 1413 2344 1449 σοι
2381 1396 2540 1461 δείξω
2582 1396 2673 1449 τὸν
2711 1396 2940 1450 πλοῦτον
2979 1399 3070 1452 τὸν
3104 1399 3216 1466 σόν,
3245 1401 3330 1455 ἵνα
3361 1401 3542 1473 παύσῃ

1979 1487 2296 1557 μακαρίζων
2348 1489 2474 1551 τοὺς
2517 1491 2575 1541 ἐν
2620 1489 2865 1558 χρήμασι
2917 1490 3318 1555 πλουτοῦντας;
3382 1492 3546 1564 Ὁρᾷς

1974 1579 2181 1630 τουτονὶ
2206 1577 2296 1629 τὸν
2328 1577 2573 1646 οὐρανὸν,
2609 1579 2726 1642 πῶς
2755 1579 2854 1649 μὲν
2881 1578 3064 1645 καλὸς,
3102 1582 3217 1644 πῶς
3255 1582 3312 1635 δέ
3348 1583 3543 1653 μέγας,

1976 1669 2092 1731 πῶς
2124 1669 2181 1722 δὲ
2206 1671 2290 1736 ἐφ’
2312 1669 2517 1739 ὑψηλοῦ
2541 1673 2716 1723 κεῖται
2743 1688 2758 1737 ;
2799 1671 3003 1725 Τούτου
3044 1671 3136 1726 τοῦ
3163 1673 3391 1738 κάλλους
3423 1677 3545 1745 ούχὶ

1976 1761 2135 1814 πλέον
2185 1762 2282 1830 μὲν
2329 1761 2590 1815 ἀπολαύει
2635 1764 2861 1826 ἐκεῖνος,
2911 1763 3018 1816 οὐδ’
3069 1765 3135 1818 ἂν
3188 1765 3439 1837 δυνηθείη
3484 1781 3543 1819 σε

1976 1851 2356 1922 παρώσασθαι,
2385 1853 2480 1905 καὶ
2510 1853 2677 1908 αὐτοῦ
2709 1855 2933 1925 ποιῆσαι
2957 1857 3016 1909 τὸ
3042 1858 3168 1910 πᾶνο
3215 1858 3405 1930 ῶσπερ
3435 1858 3544 1928 γὰρ

1973 1943 2040 1996 δι’
2065 1944 2272 1998 ἐκεῖνον
2320 1947 2562 2014 γέγονεν,
2605 1946 2748 2001 οὕτω
2777 1949 2872 2001 καλ⁵
2899 1949 2988 2002 διά
3017 1950 3096 2004 σέ.
3136 1951 3201 2004 Τί
3232 1953 3290 2005 δὲ
3316 1955 3344 2008 6
3366 1954 3540 2021 ἥλιος,

1973 2036 2034 2089 τὸ
2055 2038 2278 2108 φαιδρὸν
2305 2038 2464 2092 τοῦτο
2488 2039 2686 2110 ἄστρον
2712 2044 2801 2095 καὶ
2832 2042 3120 2112 τηλαυγὲς,
3149 2045 3241 2098 καὶ
3267 2044 3363 2108 τὰς
3391 2046 3542 2115 ὄφεις

1972 2129 2132 2200 ἡμῶν
2158 2131 2468 2201 εὐφραῖνον,
2499 2133 2618 2201 οὐχ).
2662 2135 2838 2199 κοινὸς
2877 2135 3050 2189 ἄπασι
3094 2137 3187 2190 καὶ
3223 2132 3376 2200 οὗτος
3408 2137 3544 2207 πρό⁶

1974 2239 2172 2285 κειται,
2208 2224 2302 2276 καλ⁸
2332 2224 2532 2287 πάντες
2557 2225 2918 2280 ἀπολαύουσιν
2962 2227 3020 2294 ἐξ
3056 2228 3177 2298 ίσης
3214 2227 3402 2292 αὑτοῦ,
3445 2229 3540 2282 καὶ

1974 2313 2217 2366 πλούσιοι
2259 2316 2350 2366 καὶ
2380 2315 2604 2385 πένητες
2629 2334 2642 2382 ;
2672 2317 2786 2370 ἀλλ’
2819 2321 2846 2371 ὁ
2876 2319 2983 2371 τῶν
3010 2319 3224 2389 ἄστρων
3257 2322 3539 2388 στέφανος,

1973 2405 2066 2458 καὶ
2085 2403 2114 2456 6
2135 2405 2236 2474 τῆς
2256 2405 2482 2477 σελήνης
2505 2405 2722 2471 κύκλος,
2753 2409 2850 2479 οὐχ
2877 2410 3080 2479 ὁμοίους
3106 2414 3271 2463 πᾶσιν
3293 2411 3500 2465 ἀνεῖται
3522 2429 3539 2477 ;

1973 2495 2187 2548 Μᾶλλον
2221 2496 2296 2557 δὲ,
2329 2498 2376 2548 εί
2407 2497 2490 2549 δεῖ
2524 2514 2576 2550 τι
2604 2498 2915 2568 θαυμαστὸν
2946 2500 3140 2563 είπεῖν,
3177 2501 3340 2553 πλέον
3379 2503 3544 2572 ἡμεῖς

1973 2587 2018 2638 of
2053 2587 2279 2656 πένητες
2327 2587 2690 2657 ἀπολαύομεν,
2725 2589 2757 2658 ἢ
2789 2591 3005 2644 ἐκεῖνοι.
3051 2592 3274 2647 Ἐκεῖνοι
3307 2593 3406 2664 μὲν
3433 2593 3544 2666 γὰρ

1973 2678 2038 2731 τὰ
2063 2677 2232 2731 πολλὰ
2257 2678 2405 2750 [5‘28]
2435 2679 2571 2750 μέθῃ
2594 2678 2998 2749 βαπτιζόμενοι,
3027 2683 3121 2734 καὶ
3152 2683 3209 2734 ὲν
3230 2681 3437 2752 κώμοις
3467 2682 3545 2736 δι·

1974 2773 2197 2840 ἄγοντες
2248 2773 2342 2824 καὶ
2381 2771 2535 2841 ὕπνῳ
2574 2770 2747 2836 βαθεῖ,
2793 2771 2914 2824 οὐδὲ
2958 2772 3373 2827 ἐπαισθάνονται
3419 2773 3545 2827 τού-

1971 2882 2100 2926 των,
2128 2863 2426 2932 ὑπωρόφιοι
2453 2862 2602 2925 δντες
2629 2863 2720 2914 καὶ
2747 2862 3263 2933 σκιατραφούμενοιο
3287 2867 3340 2918 οί
3369 2865 3423 2917 δέ
3447 2865 3544 2918 πέε-

1972 2969 2130 3022 νητες
2154 2951 2388 3022 μάλιστα
2421 2953 2636 3005 πάντων
2665 2952 2804 3004 εἰσὶν
2839 2953 2888 3004 οἱ
2913 2953 3024 3015 τοῖς
3048 2953 3330 3022 στοιχείοις
3357 2954 3544 3024 ἐντρυ-

1977 3043 2186 3114 φῶντες
2224 3042 2455 3107 τούτοις.
2487 3041 2606 3096 Κᾶν
2627 3041 2719 3095 τὸν
2753 3042 2892 3113 ἀέρα
2918 3041 2974 3095 δέ
3003 3041 3262 3113 ἐξετάσης
3291 3042 3380 3095 τὸν
3408 3059 3545 3096 παν-

1972 3133 2143 3206 ταχοῦ
2201 3134 2518 3206 κεχυμένον,
2583 3134 2675 3186 τὸν
2735 3133 2942 3203 πένητα
3010 3133 3396 3204 καθαρωτέρου
3451 3135 3546 3189 καὶ

1974 3229 2216 3290 πλείονος
2255 3226 2599 3280 ἀπολαύοντα
2637 3225 2777 3296 ὄψει.
2836 3227 2944 3281 Καὶ
2986 3226 3094 3297 γάρ
3132 3225 3400 3296 ὁδοιπόροι
3451 3227 3547 3280 καὶ

1973 3319 2210 3389 γεωργοὶ
2235 3317 2342 3370 τῶν
2373 3318 2431 3370 ἐν
2461 3315 2626 3368 ἄστει.
2646 3313 2842 3384 μᾶλλον
2862 3313 3166 3384 ἐντρυφῶσι
3196 3315 3424 3378 τούτοις,
3451 3315 3546 3369 καὶ

1973 3411 2150 3464 αὐτῶν
2182 3410 2343 3462 πάλιν
2377 3407 2486 3461 τῶν
2516 3409 2574 3460 ἐν
2613 3405 2765 3460 ἄστει
2793 3405 2996 3459 τούτων
3027 3405 3185 3459 πλέον
3215 3407 3265 3458 οἱ
3303 3407 3545 3477 χειροτέ-

1973 3519 2096 3570 χναι
2125 3501 2233 3553 τῶν
2254 3499 2318 3552 δι’
2344 3499 2474 3566 ὅλης
2506 3496 2814 3568 μεθυόντων
2840 3497 2938 3565 τῆς
2959 3496 3189 3566 ἡμέρας.
3213 3497 3277 3548 Τί
3304 3496 3360 3548 δέ
3388 3498 3420 3567 ή
3449 3497 3544 3566 γῆ,

1973 3591 2094 3660 οὐχὶ
2119 3587 2272 3658 κοινὴ
2298 3588 2460 3640 πᾶσιν
2488 3587 2727 3650 ἀνεῖται;
2759 3584 2912 3655 Οὐχὶ,
2943 3584 3097 3653 φησί.
3129 3585 3252 3647 Πῶς
3275 3584 3433 3638 τοῦτο
3462 3585 3548 3639 λέ-

1974 3698 2128 3749 γεις;
2167 3677 2285 3732 είπέ
2321 3695 2431 3748 μοι.
2469 3677 2592 3731 Ὅτι
2617 3678 2645 3730 6
2683 3674 2926 3728 πλουτῶν
2949 3675 3042 3728 καὶ
3077 3677 3133 3729 ἐν
3162 3675 3314 3729 ἄστει
3339 3674 3547 3747 πλέθρα

1973 3767 2264 3825 ἀπολαϐὼν
2318 3768 2562 3831 πλείονα,
2605 3766 2851 3836 μακροὺς
2901 3765 3151 3836 ἀνίστησι
3205 3764 3543 3836 περιϐόλους,

1975 3865 2068 3916 καὶ
2129 3864 2185 3914 ἐν
2242 3863 2431 3932 ἀγροῖς
2480 3857 2650 3911 πολλὰ
2701 3857 3068 3927 ἀποτέμνεται
3124 3856 3284 3926 μέρη.
3333 3855 3396 3908 Τί
3427 3852 3542 3918 οὖν,

1976 3951 2162 4021 ἐπειδὴ
2206 3950 2565 4020 ἀποτέμνεται
2609 3947 2792 4011 αὐτὸς,
2833 3946 3012 4000 αὐτῶν
3053 3946 3314 4000 ἀπολαύει
3350 3947 3543 4018 μόνος;

1976 4042 2257 4113 Οὐδαμῶς,
2283 4043 2387 4096 κάν
2414 4042 2584 4112 μυρία
2611 4039 2979 4111 φιλονεικήσῃο
3011 4038 3106 4091 καὶ
3135 4039 3242 4110 γάρ
3270 4040 3396 4102 τοὺς
3417 4056 3547 4110 καρ-

1974 4138 2110 4199 ποὺς
2143 4138 2222 4199 είς
2261 4135 2504 4198 ἅπαντας
2544 4132 2911 4202 ἀναγκάζεται
2949 4131 3246 4200 διανέμειν,
3276 4131 3369 4184 καὶ
3400 4133 3546 4184 σῖτον

1976 4231 2068 4282 καὶ
2094 4223 2235 4280 οἶνον
2267 4225 2360 4278 καὶ
2384 4224 2561 4279 ἔλαιον
2589 4224 2672 4276 σοὶ
2694 4224 2948 4293 γεωργεῖ,
2982 4223 3073 4274 καὶ
3101 4222 3427 4274 διακονεῖται
3463 4221 3546 4273 σοὶ

1978 4317 2268 4388 πανταχοῦ.
2301 4318 2410 4369 Καὶ
2435 4316 2544 4367 τῶν
2575 4315 2872 4385 περιϐόλων
2907 4313 3014 4364 τῶν
3049 4311 3276 4381 μακρῶν
3319 4311 3546 4364 καὶτῶν

1976 4410 2312 4478 οἰκημάτων,
2357 4405 2495 4474 μετά
2519 4405 2616 4474 τὴν
2646 4405 2850 4473 ἄφατον
2877 4403 3122 4470 δαπάνην
3160 4402 3253 4454 καὶ
3290 4402 3417 4464 τοὺς
3447 4403 3545 4454 πόσ-

1978 4515 2101 4559 νους
2137 4497 2229 4550 καὶ
2278 4495 2375 4558 τὰς
2422 4492 2817 4563 ταλαιπωρίας,
2862 4491 2946 4543 σοὶ
2988 4487 3394 4558 παρασκευάζει
3445 4487 3545 4556 τὴν

1979 4588 2190 4658 χρῆσιν,
2220 4586 2401 4654 ὀλίγον
2427 4585 2576 4655 παρὰ
2612 4583 2706 4636 σοῦ
2737 4585 2834 4651 τῆς
2854 4579 3121 4650 τοσαύτης
3149 4578 3422 4640 διακονίας
3446 4580 3543 4650 ἀρ.

1977 4680 2164 4750 γύριον
2209 4677 2406 4732 λαϐών.
2456 4677 2564 4729 Καὶ
2608 4678 2666 4728 ἐν
2697 4672 2998 4743 βαλανείοις
3043 4671 3137 4723 καὶ
3166 4667 3442 4740 πανταχοῦ
3484 4668 3544 4721 τὸ

1978 4773 2108 4827 αὐτὸ
2130 4771 2423 4841 συμϐαῖνον
2449 4769 2546 4822 ῖδοι
2571 4786 2654 4830 τις
2673 4767 2757 4820 ἀν’
2785 4767 2909 4827 τοὺς
2943 4763 3040 4833 μὲν
3063 4762 3424 4825 πλουτοῦντας
3449 4762 3543 4815 καὶ

1976 4862 2221 4932 χρήμασι
2275 4861 2367 4913 καὶ
2421 4857 2665 4928 φροντίσι
2711 4855 2802 4907 καὶ
2855 4853 3034 4916 πόνοις
3099 4851 3538 4921 δαπανωμένους,

1974 4955 2099 5017 τοὺς
2127 4953 2184 5005 δὲ
2210 4951 2446 5020 πένητας
2487 4949 2681 5014 ὀλίγων
2715 4945 2915 4997 ὀϐολῶν
2943 4944 3079 5014 μετά
3112 4943 3296 5006 ἀδείας
3325 4941 3542 4995 ἄπαντα

1976 5042 2388 5115 καρπουμένους
2426 5041 2616 5092 ταῦτα.
2644 5037 2752 5090 Καὶ
2785 5036 2944 5089 πλέον
2971 5034 3121 5088 οὐδὲν
3146 5030 3408 5088 ἀπολαύει
3446 5048 3538 5084 σου

1975 5138 2070 5207 τῆς
2097 5137 2216 5204 γῆς·
2251 5135 2312 5186 οὐ
2343 5133 2450 5204 γὰρ
2477 5132 2538 5199 δὴ
2564 5131 2770 5192 ἐκεῖνος
2796 5130 2893 5198 μὲν
2913 5129 3044 5181 δέκα
3075 5127 3371 5196 γαστέρας,
3397 5125 3462 5178 σὺ
3485 5123 3540 5177 δὲ

1981 5228 2106 5296 μίαν
2137 5226 2381 5295 πληροῖς.
2425 5221 2582 5274 Ἀλλὰ
2629 5219 3093 5288 πολυτελεστέρων
3122 5215 3282 5280 αὐτὸς
3324 5215 3539 5286 μετέχει

1978 5319 2190 5381 σιτίων;
2212 5315 2461 5368 Μάλιστα
2491 5313 2587 5382 μὲν
2616 5313 2676 5364 οὐ
2705 5311 2871 5382 πολλὴ
2891 5309 3047 5362 τοῦτο
3073 5307 3371 5372 πλεονεξίαο
3403 5307 3541 5376 πλὴν

1975 5407 2250 5465 κάνταῦθά
2279 5423 2337 5458 σε
2369 5405 2460 5458 τον
2495 5402 2654 5457 πλέον
2683 5402 2872 5472 έχοντα
2908 5401 3230 5471 εὑρήσομεν.
3275 5398 3340 5450 Ἥ
3381 5397 3489 5467 γάρ
3513 5398 3540 5435 δ

1977 5501 2295 5554 πολυτέλεια
2332 5497 2474 5566 αὕτη
2511 5497 2597 5550 διὰ
2637 5496 2796 5550 τοῦτό
2833 5511 2915 5548 σοι
2963 5491 3177 5562 ζηλωτὴ
3204 5487 3341 5543 εἶναι
3371 5489 3537 5545 δοκεῖ,

1978 5592 2164 5662 ἐπειδὴ
2195 5593 2412 5644 πλείονα
2447 5590 2560 5659 ἔχει
2588 5589 2688 5658 τὴν
2715 5589 2928 5658 ήδονήνσ
2972 5586 3088 5640 ἀλλ’
3117 5584 3253 5650 αῦτη
3286 5575 3438 5647 παρὰ
3464 5578 3540 5640 τῷ

2041 5767 2069 5805 δ
2107 5764 2382 5826 Legebantur
2408 5766 2445 5813 εἰ
2473 5766 2580 5828 γάρ,
2603 5770 2650 5814 ει
2688 5761 2816 5824 infra
2837 5759 3115 5814 πλιονικτῇ,
3137 5765 3228 5815 pro
3250 5739 3535 5796 πλεονεκτεῖ.
