4070 6152
329 294 435 350 ιεθ

332 408 549 480 profusa
583 406 670 462 illa
694 414 749 462 et
771 405 1032 475 exquisita
1075 402 1197 458 vita:
1225 398 1365 456 ratio
1391 398 1513 457 ideo
1543 398 1638 456 tibi
1668 398 1821 454 beata
1860 405 1917 454 et

333 499 631 570 expetenda
657 513 778 554 esse
802 497 1010 553 videtur
1027 536 1043 561 ,
1074 493 1217 566 quod
1245 492 1453 564 majore
1487 491 1758 562 voluptate
1786 504 1910 561 per-

334 591 450 647 l'nsa
478 591 575 654 sit;
599 589 694 656 sed
736 588 961 659 amplior
995 587 1239 657 voluptas
1267 599 1433 656 penes
1476 597 1763 653 pauperem
1809 590 1912 646 est,

335 699 434 739 nec
460 683 633 738 solum
662 683 924 751 voluptas.
949 679 1045 736 sed
1081 679 1242 735 etiam
1279 678 1521 744 sanitas;
1541 684 1704 747 atque
1728 676 1782 733 in
1814 674 1915 730 hoc

331 777 449 831 solo
474 775 715 845 superior
756 782 838 828 est
881 772 1050 838 dives,
1078 771 1220 842 quod
1247 770 1566 826 imbecillius
1591 768 1695 823 sibi
1718 781 1915 837 corpus

330 868 549 932 el'liciat,
579 880 640 919 ac
663 864 841 935 plures
862 864 1173 921 morborum
1196 863 1371 918 fontes
1388 861 1623 933 colligat.
1647 859 1914 930 Quidquid

327 960 474 1016 enim
507 973 707 1029 pauper
730 958 876 1021 edit,
910 958 1071 1013 modo
1112 956 1306 1013 rationi
1346 964 1711 1012 consentanea
1746 953 1915 1011 admi—

330 1052 615 1115 nistratur;
653 1048 909 1121 quidquid
933 1056 1110 1104 autem
1140 1048 1289 1105 dives
1309 1089 1327 1116 ,
1356 1048 1480 1119 quia
1507 1045 1721 1102 modum
1749 1059 1909 1101 exce-

323 1142 426 1209 dit,
460 1144 512 1198 in
539 1142 936 1209 corruptionem
961 1139 1156 1195 desiuit
1179 1149 1234 1195 et
1263 1139 1529 1195 morbum.

398 1237 451 1290 6.
482 1233 637 1301 Quod
664 1233 709 1288 si
738 1233 937 1304 placet,
977 1231 1227 1302 exetnplo
1252 1229 1389 1285 istud
1422 1231 1592 1299 ipsum
1621 1227 1913 1298 perspicia-

327 1341 467 1381 mus.
496 1325 553 1381 Si
574 1339 739 1394 rogus
762 1321 1139 1379 accendendus
1164 1322 1251 1383 sit,
1282 1330 1442 1391 atque
1464 1321 1556 1375 ille
1581 1318 1797 1391 quidem
1820 1334 1910 1374 se-

327 1418 465 1472 ricas
505 1426 682 1471 vestes
725 1423 779 1470 et
820 1412 1079 1486 permulta
1125 1413 1270 1468 tenui
1316 1412 1406 1467 tilo
1452 1419 1701 1468 contexta
1744 1411 1911 1466 lintea

319 1509 548 1579 injiciat,
579 1517 740 1577 atque
763 1507 834 1561 ita
870 1520 993 1561 eum
1029 1504 1309 1572 accendat,
1342 1503 1430 1560 hic
1460 1514 1647 1560 contra
1674 1520 1906 1576 quercea

316 1614 381 1659 ct
421 1605 568 1675 picea
617 1602 778 1672 ligna,
808 1600 935 1672 quid
973 1601 1201 1670 amplius
1232 1599 1321 1656 ille
1371 1599 1530 1656 habet
1577 1614 1737 1669 quam
1781 1599 1908 1655 hic?

323 1694 468 1748 Nihil
494 1708 656 1758 sane;
688 1692 795 1747 imo
823 1690 1048 1746 inferius
1072 1690 1234 1747 etiam
1264 1689 1561 1761 quidpiam.
1590 1690 1726 1759 Quid
1757 1691 1908 1745 vero?

314 1786 481 1857 (nihil
511 1789 651 1841 enim
682 1785 928 1855 prohibet
964 1784 1251 1855 quominus
1279 1784 1421 1839 idem
1456 1784 1761 1853 exemplum
1802 1783 1907 1839 alio

324 1878 485 1933 modo
512 1878 861 1946 iuvertamus)
901 1877 945 1932 si
987 1878 1123 1932 alter
1151 1877 1313 1947 ligna,
1346 1876 1484 1931 alter
1519 1892 1744 1947 corpora
1776 1891 1908 1931 exu-

317 1971 484 2026 renda
513 1970 564 2024 in
592 1983 780 2039 rogum
805 1968 1047 2037 iniecerit
1069 2009 1083 2032 ,
1113 1969 1218 2022 utri
1247 1967 1461 2023 tandem
1474 1982 1615 2036 'l’OQO
1634 1966 1903 2022 lubentius

316 2060 552 2127 aﬂ'ueris,
586 2059 779 2114 huicne
816 2059 908 2130 qui
938 2059 1113 2128 lignis,
1154 2073 1222 2113 an
1251 2060 1299 2115 ei
1340 2059 1428 2129 qui
1460 2058 1777 2127 corporibus
1822 2058 1905 2112 iu-

310 2154 619 2206 tlammutus
640 2151 751 2205 sit?
779 2150 972 2221 Liquet
1000 2153 1242 2221 prol’ecto
1271 2149 1410 2219 quod
1435 2150 1483 2204 ei
1512 2149 1601 2218 qui
1631 2149 1789 2220 lignis
1822 2149 1901 2204 iu-

303 2258 505 2297 census
534 2242 605 2297 sit
632 2257 647 2294 ε
680 2241 771 2296 ille
792 2243 934 2296 enim
956 2282 973 2307 ,
1006 2251 1063 2297 ut
1088 2250 1291 2295 natura:
1333 2249 1753 2296 consentaneum
1792 2250 1898 2308 est,

304 2334 482 2399 ardet,
513 2349 575 2389 ac
591 2333 885 2403 jucundum
914 2333 1280 2404 spectaculum
1308 2333 1546 2403 praebet;
1578 2332 1666 2388 hic
1710 2343 1899 2389 contra

306 2424 571 2494 ejusmodi
598 2434 717 2491 est,
745 2424 836 2497 qui
869 2424 1057 2481 nidore
1092 2436 1146 2480 et
1176 2425 1326 2480 sanie
1353 2440 1416 2480 ac
1445 2425 1590 2480 fumo
1618 2434 1674 2481 et
1695 2426 1897 2482 ossimn

307 2526 499 2580 l’mture
516 2537 706 2578 omnes
718 2522 903 2592 procul
922 2522 1118 2592 abigat.
1139 2521 1473 2576 Cohorrulsti
1495 2520 1563 2575 ad
1580 2521 1698 2576 haec
1713 2522 1896 2590 verba,

308 2625 465 2685 atque
487 2629 673 2684 rogum
702 2613 845 2669 hunc
873 2612 1212 2669 exsecraris?
1243 2612 1402 2669 Tales
1434 2613 1621 2682 utique
1647 2622 1774 2668 sunt
1809 2612 1896 2670 di-

310 2709 473 2763 vitum
505 2719 720 2763 ventres
748 2725 762 2763 :
793 2707 1052 2776 majorem
1097 2707 1149 2761 in
1191 2706 1297 2760 illis
1319 2746 1336 2773 ,
1379 2721 1540 2776 quam
1572 2707 1624 2760 in
1653 2706 1743 2762 illo
1767 2721 1897 2778 rogo

309 2799 641 2870 putredinem
681 2800 800 2870 quis
841 2797 1115 2869 reperiat;
1157 2808 1215 2851 ut
1251 2797 1463 2853 lmtidos
1489 2796 1685 2853 halitus
1710 2808 1764 2854 et
1790 2799 1893 2853 im-

306 2908 466 2965 purus
504 2891 854 2956 deﬁnitiones,
881 2890 1025 2961 quod
1078 2898 1189 2945 toto
1227 2904 1458 2958 corpore
1498 2899 1658 2960 atque
1702 2891 1755 2944 in
1785 2892 1889 2946 sin-

304 2985 437 3052 gulis
464 2984 702 3055 partibus
724 2985 910 3053 ingens
935 2983 1006 3037 ob
1032 2982 1368 3036 saturitatem
1390 2980 1628 3035 cruditas
1644 2978 1887 3036 exsistat.

305 3073 435 3140 Nam
463 3090 581 3130 cum
620 3075 878 3130 naturalis
903 3073 1053 3127 calor
1087 3071 1436 3127 conﬁciendis
1465 3071 1718 3126 onmibus
1757 3072 1893 3128 cibis

307 3166 449 3230 haud
476 3184 568 3236 par
593 3168 682 3234 sit,
706 3181 892 3220 verum
924 3165 970 3219 is
995 3166 1256 3220 obruatur
1278 3204 1295 3231 ,
1325 3172 1520 3233 urgent
1545 3162 1617 3217 illi
1637 3205 1653 3230 ,
1687 3162 1890 3219 fuinum

304 3278 513 3315 rursum
544 3261 840 3316 excitantes
861 3299 876 3324 ,
908 3267 1068 3330 atque
1115 3258 1381 3328 ingentem
1421 3257 1718 3312 molestiam
1755 3256 1887 3313 alie-

305 3361 507 3407 rentcs.
549 3351 771 3406 Cuinam
823 3350 985 3421 igitur
1038 3349 1113 3403 rei
1153 3362 1342 3404 eorum
1384 3358 1600 3403 ventres
1643 3349 1889 3405 conferre

303 3444 427 3513 quis
482 3443 683 3510 possit?
718 3458 780 3497 ac
804 3441 963 3497 velim
988 3459 1060 3496 ne
1089 3454 1185 3496 vos
1212 3440 1450 3495 ollendat
1483 3440 1624 3509 quod
1650 3440 1887 3496 dicturus

303 3517 426 3587 sum
452 3548 467 3598 ;
495 3546 678 3586 verum
707 3535 750 3585 si
788 3532 916 3586 falsa
956 3530 1164 3600 loquar,
1196 3530 1491 3585 orationem
1536 3545 1708 3586 meam
1738 3530 1885 3586 relu-

303 3631 415 3679 tate
439 3638 452 3675 :
477 3621 711 3688 cuinam,
743 3622 975 3692 inquam,
1002 3622 1076 3678 rei
1103 3622 1368 3692 ejusmodi
1397 3633 1611 3677 ventres
1638 3622 1886 3679 conferre

298 3712 567 3782 quispiam
597 3712 807 3783 possit?
834 3727 1005 3782 neque
1035 3713 1177 3767 enim
1223 3727 1342 3781 qum
1389 3711 1640 3779 diximus,
1683 3714 1749 3768 ad
1790 3714 1885 3769 de-

297 3804 609 3859 clarandam
641 3819 828 3861 eorum
857 3805 1127 3860 miseriam
1154 3803 1443 3859 sufﬁciunt.
1488 3805 1723 3860 Alteram
1760 3822 1881 3861 rur-

1318 282 1384 339 is
1422 280 1636 339 EPlS'l'.
1680 280 1721 335 ιι
1784 279 1877 334 AD
1913 278 2069 335 con.
2111 244 2342 337 uouit.
2386 280 2523 339 xm.

3508 285 3615 342 49'.)

2018 411 2139 453 sum
2161 396 2444 467 imaginem
2471 395 2668 466 reperi.
2687 394 2857 464 Quam
2881 395 3095 455 tandem
3111 397 3135 453 ἲ
3149 398 3609 468 Quemadmodum

2018 484 2074 542 in
2102 486 2323 553 cloacis,
2358 488 2411 544 in
2458 487 2651 559 quibus
2681 504 2874 561 magna
2902 500 2987 547 est
3010 494 3295 558 stercoris,
3326 492 3477 558 fumi,
3516 496 3609 549 sti-

2010 578 2190 648 pulae,
2214 579 2448 650 lapidum
2469 595 2536 637 ac
2561 580 2658 635 luti
2688 582 2968 646 colluvies.
2988 583 3194 641 crebra:
3211 585 3608 643 ohstructiones

2017 673 2291 739 oriuntur,
2330 688 2398 731 ex
2440 674 2636 746 quibus
2667 674 2724 728 ﬁt
2772 675 2984 732 tandem
3018 686 3075 732 ut
3102 693 3315 735 coortum
3345 680 3411 736 ad
3442 694 3608 753 supc-

2018 766 2205 823 riores.
2232 776 2414 838 partes
2448 782 2573 824 sese
2619 768 3024 826 diﬂ‘undatzita
3084 772 3246 827 etiam
3306 774 3360 828 in
3413 758 3605 829 horum

2012 866 2208 912 ventre
2258 872 2365 914 usu
2406 859 2553 916 venit
2606 878 2621 915 :
2680 875 2746 916 eo
2796 862 2995 932 quippe
3042 862 3112 917 ab
3167 864 3403 920 interiori
3457 875 3608 937 parte

2017 949 2316 1019 obstructo,
2346 950 2500 1007 male:
2539 952 2645 1008 illae
2674 951 3009 1010 deﬁuxiones
3036 969 3227 1026 magna
3257 972 3326 1012 ex
3355 967 3508 1028 parte
3535 942 3604 1013 ad

2016 1044 2524 1113 superiorespartes
2542 1045 2893 1116 regnrgitaut.
2918 1047 2988 1100 At
3002 1046 3141 1116 apud
3167 1063 3429 1117 pauperes
3446 1064 3602 1107 secus

2018 1150 2106 1189 res
2128 1133 2304 1191 habet.
2336 1134 2404 1193 Ut
2429 1136 2574 1193 enim
2595 1135 2773 1192 fontes
2794 1177 2811 1204 ,
2838 1138 2928 1208 qui
2957 1152 3121 1207 puros
3140 1139 3324 1195 latices
3349 1140 3600 1209 fundunt,

2015 1237 2175 1296 atque
2224 1226 2425 1283 hortus.
2453 1236 2517 1283 et.
2556 1237 2708 1297 prata
2760 1229 3003 1300 irrigant,
3047 1230 3115 1284 ita
3163 1230 3352 1287 horum
3388 1248 3605 1306 quoque

2015 1329 2231 1375 ventres
2274 1318 2342 1375 ab
2372 1319 2459 1375 his
2493 1322 2854 1377 excrementis
2897 1322 3016 1392 puri
3048 1332 3216 1378 sunt:
3245 1338 3367 1380 cum
3415 1336 3601 1387 contra

2013 1412 2234 1467 divitum
2264 1455 2283 1479 ,
2323 1414 2420 1468 vel.
2460 1415 2643 1485 potius
2658 1414 2865 1470 deliciis
2891 1415 3219 1473 studentinm
3250 1426 3466 1477 ventres
3497 1421 3598 1478 hu-

2012 1504 2253 1559 moribus
2279 1507 2473 1571 noxiis,
2512 1508 2717 1577 pituita,
2748 1508 2885 1577 bile,
2907 1519 3165 1580 corrupto
3189 1512 3470 1583 sanguine,
3505 1531 3604 1586 pu-

2014 1599 2187 1668 trique
2241 1597 2547 1655 deﬂuxione
2597 1600 2822 1670 aliisque
2874 1600 3178 1672 huiusmodi
3234 1603 3399 1661 rebus
3453 1607 3597 1678 pleni

2010 1688 2138 1742 sint.
2163 1688 2243 1743 Ex
2271 1704 2376 1760 quo
2407 1688 2485 1755 ﬁt,
2510 1699 2567 1745 ut
2590 1705 2659 1748 ne
2678 1691 2743 1746 ad
2772 1691 2936 1748 breve
2961 1682 3177 1762 quidem
3211 1704 3422 1766 tempus
3450 1698 3598 1755 inco-

2011 1779 2167 1836 lumis
2216 1782 2341 1852 quis
2384 1790 2625 1852 perstare
2669 1784 2858 1853 possit,
2905 1785 2995 1856 qui
3034 1800 3249 1856 semper
3291 1788 3345 1842 in
3389 1788 3596 1847 deliciis

2008 1871 2170 1935 vivat,
2199 1888 2387 1928 verum
2417 1873 2469 1928 in
2498 1876 2771 1944 perpetuis
2810 1876 3014 1932 morbis
3043 1886 3302 1935 versetur.
3335 1878 3594 1949 Quocirca

2007 1961 2197 2019 lubens
2220 1978 2285 2019 ex
2315 1963 2431 2021 istis
2452 1965 2702 2023 seiseiter
2720 2008 2734 2032 ,
2763 1981 2925 2037 quam
2946 1967 3022 2025 ob
3044 1983 3261 2027 causam
3304 1971 3411 2043 cibi
3439 1973 3594 2032 nobis

2003 2056 2247 2111 concessi
2269 2056 2375 2112 sint
2407 2066 2505 2112 :‘ut
2535 2058 2902 2125 intereamus,
2934 2074 3003 2116 an
3033 2069 3091 2117 ut
3119 2062 3377 2121 alamur?
3417 2068 3591 2123 utad-

2006 2161 2159 2201 versa
2206 2146 2512 2205 valetudine
2541 2149 2844 2207 laboremus
2867 2194 2882 2215 ,
2931 2168 2999 2208 an
3041 2163 3102 2210 ut
3141 2156 3259 2212 sani
3288 2158 3493 2215 simus?
3537 2173 3594 2218 ut

2005 2236 2302 2294 imbecilles
2330 2239 2516 2306 simus,
2541 2256 2608 2296 an
2636 2250 2694 2297 ut
2722 2242 2861 2298 ﬁrmi
2884 2259 2948 2300 ac
2970 2244 3217 2303 robusti?
3243 2248 3590 2322 Perspicuum

2000 2340 2084 2385 est
2107 2331 2249 2403 quod
2283 2332 2552 2389 alimoniae
2575 2377 2592 2402 ,
2624 2336 2867 2393 sanitatis
2887 2378 2903 2402 ,
2929 2339 3231 2412 viriumque
3273 2346 3591 2404 tuendarum

2000 2435 2161 2478 causa
2187 2422 2298 2479 dati
2319 2424 2446 2480 sint.
2470 2424 2580 2482 Cur
2599 2442 2729 2497 ergo
2750 2428 2815 2483 iis
2845 2430 2905 2484 in.
2925 2433 3255 2489 contrarium
3280 2415 3584 2505 abutimini,

2000 2515 2221 2571 morbos
2247 2524 2409 2589 atque
2437 2517 2859 2576 imbecillitatem
2892 2537 2986 2592 per
3022 2538 3116 2580 eos
3144 2529 3358 2597 corpori
3400 2545 3590 2599 procu-

2001 2607 2217 2662 rantes?
2238 2607 2438 2664 Contra
2462 2623 2668 2680 pauper
2695 2610 2886 2682 [rogali
2917 2628 2983 2670 ac
3011 2616 3159 2671 tenui
3174 2618 3303 2675 cibo
3332 2620 3591 2679 valetudi-

2000 2714 2144 2765 nem,
2175 2701 2524 2773 corporisque
2550 2701 2855 2759 ﬁrmitatem
2878 2720 2943 2761 ac
2972 2708 3136 2763 robur
3160 2711 3262 2767 sibi
3287 2727 3583 2786 comparat.

1998 2791 2231 2847 Proinde
2276 2793 2348 2849 ob
2399 2804 2805 2865 paupertatem,
2847 2800 3093 2856 sanitatis
3146 2816 3464 2874 parentem,
3519 2826 3587 2867 ne

1998 2883 2318 2957 lacrymare,
2349 2886 2443 2941 sed
2469 2887 2645 2956 potius
2666 2889 2909 2957 exsulta;
2942 2900 2997 2947 et
3022 2893 3069 2947 si
3097 2895 3189 2949 tibi
3217 2895 3416 2953 divitiae
3434 2902 3585 2957 cordi

1996 2983 2143 3041 sunt,
2195 2975 2410 3032 divitias
2454 2987 2762 3035 contemne.
2807 2980 2863 3037 In
2910 2984 3013 3039 hoc
3059 2987 3202 3041 enim
3248 2991 3583 3058 potissimum

1995 3080 2125 3137 opes
2148 3068 2335 3137 positae
2366 3077 2510 3135 sunt,
2545 3084 2649 3125 non
2679 3080 2736 3126 ut
2761 3072 2883 3142 quis
2911 3073 3125 3131 divitias
3152 3076 3366 3147 habeat,
3399 3083 3495 3139 sed
3529 3096 3585 3142 ut

1995 3176 2063 3216 ne
2093 3161 2293 3218 habere
2319 3163 2535 3234 quidem
2565 3173 2739 3221 curet.
2767 3165 2824 3221 ld
2855 3167 2996 3237 quod
3025 3169 3070 3223 si
3098 3169 3276 3242 adepti
3303 3173 3582 3246 fuerimus,

1994 3261 2049 3308 et
2075 3251 2162 3308 hic
2187 3252 2441 3309 divitibus
2464 3255 2717 3311 omnibus
2757 3257 3090 3327 copiosiores
3128 3262 3329 3319 erimus
3349 3307 3363 3331 ,
3394 3276 3448 3321 et
3476 3268 3583 3324 illic

1992 3347 2169 3401 futura
2188 3345 2323 3400 bona
2342 3362 2738 3417 consequemur
2761 3364 2772 3399 :
2797 3363 2918 3417 quae
2943 3350 3141 3405 utinam
3166 3367 3577 3426 consequamur,

1994 3452 2091 3507 per
2131 3438 2357 3507 gratiam
2415 3452 2480 3492 ac
2525 3437 2910 3508 benignitatem
2967 3440 3178 3496 Domini
3230 3447 3400 3500 nustri
3452 3448 3579 3504 Jesn

1991 3528 2210 3593 Christi,
2238 3528 2324 3583 cui
2352 3543 2474 3582 cum
2502 3527 2661 3584 Patre
2700 3538 2755 3584 et
2798 3529 2999 3600 Spiritu
3030 3544 3217 3590 sancto
3246 3537 3411 3605 gloria
3430 3579 3447 3605 ,
3480 3540 3580 3594 im-

1993 3624 2220 3692 perium,
2252 3620 2447 3688 honor,
2482 3637 2625 3677 nunc
2653 3631 2707 3677 et
2732 3638 2948 3693 semper
2970 3666 2984 3691 ,
3013 3634 3068 3679 et
3096 3627 3146 3681 in
3183 3628 3375 3683 sarcula
3406 3645 3577 3688 sa'cu-

1990 3717 2182 3770 lorum.
2213 3717 2399 3772 Amen.

3151 3925 3571 3947 -M.

1611 3989 1958 4052 HOMILIA
2000 3989 2177 4051 Xlll.

297 4094 429 4147 CAP.
458 4092 510 4146 6.
539 4106 591 4146 v.
633 4091 724 4147 Μ.
760 4091 831 4145 Os
856 4100 1080 4144 nostrum
1120 4100 1255 4160 patet
1285 4091 1351 4142 ad
1391 4106 1475 4144 vos
1500 4133 1514 4156 ,
1542 4106 1572 4144 ο
1607 4090 1877 4158 Corinthii,

372 4201 459 4238 ror
486 4193 712 4238 nostrum
751 4183 1021 4237 dilatatam
1040 4191 1131 4236 est.
1159 4181 1241 4236 12.
1276 4179 1396 4236 Non
1434 4183 1791 4252 angustiamini
1826 4185 1879 4238 iu

371 4276 533 4341 nobis,
560 4274 922 4347 angustiamini
947 4283 1113 4327 autem
1134 4274 1186 4326 in
1210 4274 1480 4327 uisceribus
1506 4275 1701 4333 vestris.

379 4369 426 4423 l.
453 4368 737 4438 Postquam
778 4367 1102 4422 tentationes
1127 4381 1252 4421 suas
1296 4377 1349 4421 et
1374 4366 1689 4422 alﬁictiones
1720 4382 1883 4445 expc-

298 4461 438 4527 snit;
472 4458 538 4513 In
559 4458 799 4529 patientia
825 4458 988 4525 enim,
1020 4457 1212 4523 inquit,
1243 4459 1297 4511 in
1321 4459 1560 4513 aerumnis
1582 4498 1597 4526 ,
1623 4460 1679 4512 in
1704 4475 1881 4514 neces-

296 4551 529 4607 sitatibus
550 4593 564 4616 ,
591 4551 645 4605 in
674 4550 940 4621 angustiis,
954 4552 1007 4603 in
1024 4546 1211 4618 plagis,
1228 4549 1281 4603 in
1292 4546 1599 4613 carceribus,
1616 4549 1668 4601 in
1680 4551 1884 4606 incertis

294 4643 521 4705 sedibus,
547 4641 601 4695 in
627 4640 897 4706 laboribus,
925 4641 980 4694 in
1002 4641 1223 4712 vigiliis;
1247 4649 1407 4712 atque
1441 4641 1630 4713 ingens
1679 4641 1734 4698 id
1781 4643 1881 4699 bo-

299 4749 427 4786 num
454 4746 575 4787 esse
597 4731 866 4798 ostendit;
895 4731 1037 4786 Sicut
1071 4732 1235 4788 tristes
1263 4733 1406 4787 enim
1424 4774 1438 4798 ,
1470 4733 1661 4806 inquit,
1684 4751 1883 4805 semper

296 4833 466 4878 autent
489 4825 795 4896 gaudentes;
817 4825 947 4878 sicut
970 4834 1167 4895 egentes
1186 4865 1203 4892 ,
1241 4827 1428 4881 multos
1456 4836 1625 4882 autent
1651 4828 1880 4900 locuple-

296 4924 498 4978 tautes;
522 4925 774 4985 tamquam
801 4916 929 4970 nihil
960 4916 1217 4980 habentes,
1260 4929 1304 4970 et
1330 4918 1500 4971 omnia
1526 4919 1836 4989 possidentes
1862 4936 1882 4974 .°

297 5015 413 5061 tum
436 5009 597 5060 etiam
627 5021 776 5061 arma
803 5021 865 5060 ea
900 5021 1021 5062 esse
1045 5007 1213 5073 dixit;
1251 5006 1317 5061 Ut
1343 5009 1574 5078 castigati
1599 5009 1764 5077 enim,
1788 5010 1883 5075 ait,

299 5109 469 5154 etnon
504 5099 795 5169 mortiﬁcatt
827 5109 1027 5168 :atque
1078 5100 1299 5169 insuper
1328 5115 1574 5170 magnam
1615 5102 1708 5156 Dei
1758 5116 1884 5172 erga

296 5207 401 5245 nos
430 5206 614 5246 curam
640 5207 702 5246 ac
733 5193 1025 5260 potentiam
1059 5207 1151 5261 per
1174 5208 1236 5246 ea
1257 5192 1583 5257 declaravit;
1621 5190 1690 5247 Ut
1717 5194 1883 5260 enim,

301 5284 492 5353 inquit,
524 5281 809 5337 sublimitas
833 5284 1030 5337 uirtutis
1057 5283 1120 5336 sit
1162 5281 1275 5349 Dei,
1307 5292 1353 5336 et
1383 5300 1484 5338 non
1523 5299 1587 5338 ex
1613 5283 1756 5338 nobis
1785 5299 1805 5338 :
1826 5299 1891 5338 ac

301 5385 562 5445 praeterea
592 5376 884 5430 certamina
910 5389 1124 5445 quoque
1150 5388 1245 5428 sua
1274 5375 1645 5441 annumeravit;
1678 5375 1891 5447 Semper

297 5469 469 5533 enim,
524 5467 712 5536 inquit,
762 5467 922 5533 ipsius
976 5466 1409 5536 mortiﬁcationem
1449 5468 1891 5538 circumferimus:

301 5560 543 5631 illudque
575 5563 701 5615 item
731 5560 955 5622 addidit,
984 5576 1046 5613 ea
1092 5559 1429 5629 perspicuum
1480 5562 1892 5618 resurrectionis

299 5661 676 5721 argumentum
706 5667 860 5716 esse;
897 5649 964 5706 Ut
1010 5652 1151 5705 enim
1184 5661 1228 5702 ct
1256 5652 1353 5704 vita
1384 5651 1530 5716 Jesu,
1563 5654 1750 5723 inquit,
1779 5671 1890 5708 ma-

301 5744 570 5813 nifestatur
616 5742 667 5799 in
723 5760 871 5798 carne
903 5753 1068 5799 nostra
1111 5745 1312 5798 utortttli
1342 5761 1360 5798 :
1388 5747 1450 5800 ad
1495 5746 1607 5802 hrcc
1663 5763 1885 5816 quarum

1990 4106 2167 4146 rerum
2196 4089 2466 4159 particeps
2494 4085 2796 4152 exstiterit,
2827 4101 3051 4158 qumque
3083 4089 3249 4160 ipsius
3270 4093 3393 4150 ﬁdei
3424 4112 3574 4153 com-

1990 4186 2151 4239 missa
2182 4182 2412 4247 fuerint;
2469 4178 2573 4234 Pro
2602 4174 2801 4235 Christo
2827 4180 2970 4235 enim
2997 4184 3249 4253 legatione
3291 4191 3574 4260 fungimur,

1992 4276 2182 4347 inquit,
2207 4284 2463 4344 tamquam
2482 4271 2588 4326 Deo
2610 4288 2700 4342 per
2719 4288 2810 4327 nos
2827 4273 3127 4328 exhortante
3147 4293 3168 4330 :
3186 4286 3346 4348 atqne
3363 4284 3578 4352 insuper

1989 4384 2213 4440 quarum
2241 4382 2421 4447 rerum
2448 4365 2694 4420 minister
2713 4367 2802 4431 sit,
2836 4367 3087 4421 nimirum
3115 4383 3220 4423 non
3248 4370 3418 4427 litera:
3436 4416 3452 4442 ,
3482 4380 3575 4432 sed

1989 4462 2207 4531 spiritus
2239 4477 2252 4513 :
2285 4473 2348 4514 ac
2372 4458 2606 4528 denique
2643 4457 2787 4527 quod
2828 4473 2934 4514 non
2985 4474 3053 4514 eo
3106 4469 3308 4518 tantum
3360 4469 3578 4527 nomine

1990 4550 2329 4609 venerandus
2360 4550 2449 4614 sit,
2482 4548 2575 4604 sed
2602 4549 2762 4605 etiam
2789 4549 2860 4605 ob
2891 4552 3213 4609 tentationes
3233 4571 3247 4620 ;
3271 4555 3380 4612 Deo
3406 4560 3574 4626 enim,

1991 4646 2178 4716 inquit,
2210 4642 2395 4718 gratia,
2428 4641 2511 4713 qui
2539 4657 2647 4696 nos
2670 4657 2867 4712 semper
2891 4642 3171 4712 triumphat
3199 4662 3218 4699 :
3254 4647 3365 4717 jam
3389 4651 3458 4708 ad
3483 4668 3577 4711 eos

1989 4734 2349 4808 objurgandos
2376 4747 2435 4789 se
2460 4732 2721 4804 accingit,
2752 4741 2809 4786 ut
2833 4747 3017 4802 parum
3047 4735 3129 4789 sui
3157 4737 3445 4798 studiosos.
3467 4743 3577 4800 Nec

1989 4830 2054 4885 ad
2085 4830 2186 4883 hoc
2212 4829 2391 4883 statim
2417 4825 2714 4880 orationem
2742 4823 2971 4889 confert,
2997 4841 3180 4882 verum
3206 4829 3254 4885 id
3277 4834 3424 4901 prius
3443 4836 3572 4905 agit,

1991 4931 2047 4977 ut
2072 4935 2223 4979 suam
2253 4933 2391 4989 erga
2406 4932 2501 4973 eos
2534 4915 2875 4970 dilectionem
2905 4919 3171 4983 ostendat,
3199 4932 3359 4991 atque
3385 4926 3455 4981 ita
3483 4926 3578 4986 de-

1990 5030 2135 5070 mum
2160 5013 2213 5067 in
2242 5007 2550 5080 hujusmodi
2577 5020 2882 5062 sermonem
2910 5008 3223 5079 ingreditur.
3252 5013 3383 5068 Nam
3414 5018 3516 5071 etsi
3547 5033 3575 5072 a

1991 5106 2152 5161 rebus
2172 5101 2429 5174 praeclare
2453 5097 2619 5170 gestis
2648 5098 2970 5154 venerabilis
2992 5112 3074 5155 est
3117 5103 3162 5156 is
3181 5104 3269 5172 qui
3299 5106 3576 5178 increpat,

1992 5206 2226 5252 attamen
2256 5207 2378 5249 cum
2417 5189 2706 5246 amicitiam
2736 5189 2953 5246 exhibet
2979 5208 3101 5263 erga
3129 5210 3224 5249 eus
3245 5212 3379 5267 quos
3406 5205 3575 5261 curri.

1994 5288 2090 5358 pit,
2115 5285 2525 5342 tolerabiliorem
2551 5297 2852 5339 sermonem
2875 5285 3065 5340 reddit.
3090 5286 3211 5343 Ideo
3234 5291 3346 5361 ipse
3367 5308 3583 5368 quoque

1995 5379 2194 5434 Paulus
2219 5392 2251 5434 e
2281 5374 2665 5432 teutationibus
2693 5375 2807 5430 suis
2828 5387 2892 5431 ac
2919 5376 3204 5435 sudoribus
3237 5392 3291 5436 et
3319 5389 3580 5441 certanti-

1994 5469 2152 5524 nibus
2196 5480 2442 5539 egressus
2462 5506 2477 5532 ,
2508 5464 2576 5520 ad
2604 5479 2909 5521 sermonem
2937 5466 3007 5522 de
3048 5471 3271 5527 caritate
3300 5476 3508 5542 transit,
3528 5484 3584 5529 et

1995 5562 2072 5616 sic
2124 5559 2245 5615 illos
2287 5557 2552 5629 objurgat.
2598 5556 2854 5624 Quaenam
2897 5572 3028 5628 ergo
3064 5575 3176 5614 suae
3204 5575 3298 5615 eos
3344 5561 3582 5615 caritatis

1999 5659 2305 5722 argumenta
2336 5646 2527 5703 aﬁ‘ert?
2574 5646 2646 5702 0s
2683 5658 2910 5702 nostrum
2948 5658 3082 5718 patet
3109 5651 3179 5702 ad
3204 5667 3307 5715 vos,
3339 5667 3367 5703 ο
3394 5648 3578 5704 Coriu-

2003 5745 2112 5800 thii.
2148 5745 2210 5801 Et
2237 5740 2500 5812 quodnam
2526 5740 2761 5798 caritatis
2790 5750 3161 5811 argumentum
3212 5726 3311 5794 hoc
3344 5742 3463 5794 est?
3491 5750 3583 5800 aut
