3980 6136
249 278 355 335 793

246 392 410 446 alium
444 403 537 457 pro
566 386 671 442 alio
695 386 1044 443 teneo?-num
1076 386 1141 442 ad
1169 388 1587 442 consolationem
1617 401 1831 451 meam,

247 472 299 514 ut
331 462 529 516 luctum
556 460 845 516 sedaret‘et
875 458 1534 527 dolorismagnitudinem,
1566 458 1617 509 in
1646 466 1820 527 morte

247 527 337 588 lilii
378 531 482 585 mei
531 530 733 600 callide,
766 531 892 600 egit,
945 540 999 583 et
1042 525 1272 600 alienum
1316 530 1618 600 quempiam
1664 525 1817 600 quasi

247 616 425 655 meum
472 600 689 655 tradidit
715 596 891 660 Jesus,
924 607 983 651 ut
1023 598 1261 653 dolorem
1300 596 1474 651 meum
1506 596 1818 650 allevaret?

246 669 457 725 Nullum
482 670 675 724 similis
701 671 778 724 rei
806 678 993 723 testem
1023 668 1192 723 habeo
1223 686 1236 723 :
1267 668 1394 722 nihil
1424 682 1674 736 umquam
1709 667 1818 721 tale

245 741 373 804 vidi,
429 756 602 809 neque
645 740 782 794 alius
828 755 1048 803 eorum,
1095 739 1186 807 qui
1231 754 1438 792 mecum
1466 746 1609 799 sunt,
1641 736 1813 809 vidit:

246 808 533 880 numquam
563 810 617 864 in
648 810 844 864 lectulo
866 810 1009 863 visus
1031 821 1109 861 est
1138 818 1376 862 mortuus
1404 810 1493 876 qui
1521 808 1814 880 suscitatus

245 877 424 935 fuerit.
450 880 623 951 Ipsum
654 896 781 936 vero
813 880 1084 951 liliumsic
1106 880 1508 951 alloquebatur:
1541 879 1631 930 Dic
1662 877 1815 951 mihi,

248 964 316 1003 ne
344 949 552 1014 timeas,
584 961 706 1004 tune
732 965 792 1004 es
825 952 936 1019 ipse
979 950 1115 1002 lilius
1147 949 1339 1004 meus?
1385 949 1491 1012 dic,
1536 949 1816 1014 cognoscis

245 1021 369 1073 me?
414 1022 551 1075 nosti
595 1035 838 1089 quautam
871 1019 1015 1072 sim?
1045 1022 1150 1071 scis
1189 1036 1314 1072 num
1341 1034 1440 1086 ego
1477 1020 1593 1089 sim
1617 1025 1817 1089 qua-ile

244 1091 468 1158 peperi?
512 1088 757 1160 Agnosco
799 1090 1055 1158 ﬁgurant,
1091 1090 1184 1143 sed
1227 1090 1299 1143 rei
1343 1105 1448 1141 non
1476 1088 1677 1160 credor:
1705 1088 1817 1140 cla-

243 1170 354 1230 mat
400 1158 608 1226 oculus,
658 1160 909 1215 describit
943 1160 1160 1227 pupilla,
1187 1160 1456 1230 palpebrae
1488 1158 1809 1230 przedicant,

239 1229 456 1283 auditus
500 1231 788 1296 consentit,
827 1230 1137 1284 teslilicatur
1167 1229 1372 1282 uarium
1407 1243 1529 1296 pars
1558 1229 1812 1281 interme-

240 1296 362 1364 dia,
416 1300 555 1355 labia
598 1300 891 1363 declarant,
930 1301 1040 1368 ipsa
1086 1309 1288 1353 statura
1316 1298 1525 1353 suadet.
1559 1299 1816 1366 Linguam

242 1383 416 1435 move,
451 1369 815 1437 dilectissime,
848 1370 933 1425 dic
979 1369 1103 1423 mihi
1161 1371 1282 1424 vita:
1326 1370 1498 1440 signa.
1548 1368 1812 1424 Gaudium

244 1497 341 1511 ~—

1044 271 1315 328 CONTRA
1355 270 1656 340 JUD£OS,
1699 271 1763 327 IN
1802 270 2212 327 SERPENTEM
2256 270 2542 338 AZNEUM,
2589 272 2737 329 ETC.

3397 284 3508 341 ,ιθι

1926 386 2052 439 mihi
2101 386 2483 459 tempestatem
2525 388 2889 445 excitavitzte
2918 390 3105 459 video,
3140 401 3195 447 et
3233 392 3508 457 retinent;

1920 472 2023 524 ego
2047 468 2098 510 te
2130 458 2179 511 in
2213 457 2352 512 ulnis
2380 459 2603 527 gestavi,
2638 474 2735 527 ego
2766 468 2818 514 te
2850 457 3126 527 parvulum
3160 464 3387 517 lactavi.‘
3415 464 3508 517 llic

1924 529 2074 593 mihi,
2111 528 2183 581 lili
2213 529 2303 591 mi,
2340 536 2467 582 tune
2492 543 2553 581 es
2593 528 2737 583 titius
2760 532 2947 586 meus?
2974 547 3044 588 ne
3073 533 3264 588 timeas
3291 534 3510 588 me.Ve-

1923 613 2036 650 rum
2065 598 2154 673 ubi
2184 598 2640 673 dehis-omnibus
2665 602 2863 655 certior
2896 601 3038 673 facta
3070 614 3187 666 est,
3217 620 3340 673 qua:
3387 605 3508 656 lux-

1920 678 2036 742 erat
2063 670 2114 721 'm
2143 668 2399 742 gadium
2422 684 2575 723 versa
2596 711 2610 733 ,
2653 682 2705 723 et
2738 687 2859 740 qua:
2887 670 3105 728 ﬂeverat
3133 668 3303 729 Deum
3346 675 3510 742 glori-

1923 740 2116 803 lieaus,
2163 739 2383 813 dextera
2433 755 2592 792 manu
2647 739 2810 796 lilium
2858 753 3069 809 tenens,
3095 756 3150 799 et
3191 759 3287 813 per
3317 739 3506 797 urbem

1921 823 2110 884 oinues
2157 810 2378 875 adiens,
2415 826 2605 874 magna
2653 827 2787 884 voce
2826 814 3139 868 clamabat:
3175 810 3507 884 Magniﬁcam

1923 878 2436 955 pomiiinnrmeeum,
2492 891 2539 955 et
2574 883 2848 955 exaltemus
2871 900 3050 938 nomen
3071 886 3184 955 ejus
3204 878 3510 954 invidipsum

1924 949 1939 1030 (
1975 948 2117 1030 Ptol.
2150 952 2236 1030 ἥδ.
2270 952 2380 1021 '5),
2428 954 2557 1030 quia
2586 954 2748 1007 lilium
2790 970 2969 1030 meum
3010 948 3280 1010 mortuum
3329 948 3508 1030 sust-i-

1923 1022 2069 1084 tavit,
2098 1022 2217 1089 quia
2248 1032 2483 1076 veterem
2510 1024 2719 1077 vineam
2747 1024 2979 1087 vallavit,
3002 1035 3055 1079 et
3084 1042 3202 1080 eam
3224 1042 3343 1094 quae
3373 1026 3502 1080 olim

1921 1106 2025 1143 non
2059 1100 2229 1165 mater
2252 1104 2387 1152 erat,
2405 1103 2638 1147 matrem
2665 1109 2873 1148 rursum
2900 1096 3095 1161 ellecit,
3123 1098 3507 1165 lacrymarum-

1920 1176 2025 1229 que
2070 1161 2246 1233 fontes
2271 1165 2577 1233 exsiccavit
2606 1182 2620 1217 :
2650 1176 2706 1218 et
2733 1164 3025 1233 gloriﬁcate
3068 1161 3263 1221 nomen
3292 1168 3408 1233 ejus
3450 1169 3500 1219 in

1920 1232 2161 1355 iﬁtctllaAt
2191 1232 2312 1301 quia
2347 1233 2518 1304 ipsum
2562 1235 2717 1291 decet
2744 1232 2921 1305 gloria
2953 1237 3005 1290 in
3049 1239 3252 1292 smcula
3281 1232 3506 1291 saeculo-

1989 1317 2062 1355 ιιι.
2136 1318 2282 1355 men.

1989 1318 2038 1354 ιιι
2047 1342 2062 1356 .
2091 1318 2259 1357 nmen
2268 1341 2282 1355 .

2838 1501 3125 1510 Ἢ

3126 1502 3479 1513 _-—..-.___.___...

243 1594 487 1639 CONTRA
531 1597 808 1650 JUDEOS,
855 1596 917 1638 IN
961 1595 1333 1637 SEBPENTEM
1378 1594 1637 1641 ENEUM,
1686 1594 1765 1635 ET
1808 1594 1872 1637 IN
1917 1593 2129 1648 ILLUD,
2194 1591 2388 1633 DEDIT
2431 1592 2552 1633 ILLI
2614 1591 2831 1636 NOMEN
2897 1594 3067 1646 QUOD
3129 1596 3238 1637 EST
3305 1595 3510 1638 ευριςιι

319 1698 495 1741 eam:
536 1698 754 1742 nomen
789 1678 1097 1760 (Philipp.
1125 1678 1184 1737 2.
1213 1678 1301 1756 9);
1348 1695 1428 1737 ET
1473 1695 1536 1737 IN
1580 1695 1792 1750 11.1.00,
1830 1695 2118 1748 QUONMM
2161 1694 2453 1737 nemnem
2500 1693 2760 1750 ηΑιιυιτ,
2809 1693 2926 1737 rea
2970 1696 3146 1749 QUEM
3190 1660 3504 1751 tenuiter,

317 1801 643 1857 nuntiem,
687 1799 955 1845 waavu‘
1000 1800 1117 1840 PER
1161 1798 1558 1842 seuenrsuu
1606 1777 1827 1859 (Hebr.
1858 1779 1918 1839 6.
1967 1777 2182 1859 13)(a).

1719 1931 2062 1971 ...θροις-

310 2059 364 2110 ‘l.
394 2055 622 2111 Verbum
652 2055 764 2119 Dei,
799 2053 1009 2119 fratres,
1043 2062 1098 2105 ιιι
1121 2067 1262 2120 saepe
1289 2051 1538 2117 diximus,
1574 2048 1802 2120 simplex

236 2129 455 2197 quidem
483 2135 587 2191 est,
617 2118 820 2197 clarum
844 2165 858 2188 ,
887 2118 1136 2197 omnibus
1164 2118 1502 2197 manifestum
1526 2160 1540 2182 ,
1570 2130 1625 2175 et
1654 2118 1817 2197 multa

243 2189 362 2252 lure
393 2189 607 2265 plenum
634 2213 648 2257 ;
680 2196 773 2249 sed
805 2196 980 2249 varias
1018 2193 1221 2249 habens
1268 2193 1639 2265 operationcs,
1674 2189 1818 2265 varia

237 2260 434 2336 accipit
462 2267 673 2319 nomina
703 2283 717 2324 :
749 2266 825 2336 ita
861 2274 915 2318 ιιι
964 2279 1110 2336 sape
1154 2273 1372 2336 vocetur
1400 2263 1529 2336 lnx‘,
1562 2263 1668 2314 vita
1696 2300 1708 2320 ,
1737 2260 1818 2336 l-u-

237 2330 422 2403 cern'a,
456 2337 678 2407 lampas,
711 2335 938 2407 gladius,
968 2330 1182 2407 ﬂuvius,
1216 2335 1352 2394 fons,
1377 2332 1559 2407 ensis,
1589 2330 1814 2407 securis,

240 2401 417 2476 porta.
448 2401 580 2461 Haec
599 2401 833 2460 admittit
863 2404 1115 2459 vorabula
1152 2417 1246 2476 pro
1276 2404 1497 2476 ratione
1526 2401 1816 2476 beneﬁcio:

239 2468 383 2544 rum,
413 2485 473 2531 ιιι
499 2477 769 2544 aperiatur
813 2475 1111 2529 auditorum
1160 2473 1507 2541 intelligentia
1536 2514 1548 2533 ,
1579 2480 1633 2525 et
1662 2478 1727 2544 ut
1752 2468 1820 2523 ab

240 2548 304 2603 iis
329 2540 449 2618 quae
483 2540 621 2615 apud
653 2561 750 2600 nos
790 2554 1168 2618 sunt,__mens_
1182 2540 1361 2618 nostra
1398 2544 1634 2612 erigatur
1663 2540 1729 2618 ad
1756 2556 1818 2594 ea

239 2609 362 2686 ψιειέ
403 2609 560 2687 supra
602 2632 699 2687 nos
752 2625 893 2687 sunt.
951 2614 1084 2668 llinc
1140 2614 1393 2687 Dominus
1441 2609 1624 2687 noster
1664 2609 1820 2687 Jesus

239 2680 503 2752 Christus,
536 2688 624 2765 Dei
655 2686 907 2765 Yerbum,
939 2685 1370 2765 l'onssa'pieutiai,
1400 2683 1651 2765 populum
1682 2680 1819 2765 allo-

240 2772 430 2827 quens,
460 2758 727 2828 parabolis
754 2771 883 2810 usus
910 2764 1007 2819 est,
1034 2751 1189 2828 abiis
1216 2769 1335 2824 qua:
1352 2751 1812 2828 sunt—inmundo,

240 2822 300 2883 ea
332 2822 636 2898 quaz'supra
657 2829 918 2898 mundum
949 2834 1072 2898 sunt
1094 2822 1374 2898 docens,_ga
1404 2822 1706 2898 visibilibus
1728 2822 1814 2898 in-

241 2891 467 2954 visibilia
490 2939 506 2963 ,
544 2891 618 2952 'ab
652 2897 900 2951 humanis
928 2897 1126 2950 divina.
1160 2894 1228 2949 Et
1272 2894 1560 2964 aliquando
1594 2891 1820 2964 parabo-

242 2970 345 3025 lam
394 2970 563 3024 vinea:
612 2967 784 3032 affert,
835 2966 1118 3037 aliquando
1164 2963 1495 3037 piscatimiis,
1524 2963 1817 3037 interdum

241 3055 476 3111 sagenar,
506 3038 788 3111 aliquando
834 3033 1078 3111 fermenti
1114 3054 1126 3088 :
1159 3033 1213 3111 ut
1243 3035 1409 3111 hodie
1427 3034 1655 3111 _Juda:9_s_
1688 3033 1820 3087 allo-

241 3105 410 3179 qu'ens
436 3105 684 3179 dicebat,
722 3106 901 3179 Homo
934 3108 1139 3174 quidam
1167 3105 1529 3179 habebatuduos
1577 3106 1819 3179 [filiosiet

242 3175 371 3235 dixit
396 3181 584 3251 primo,
617 3178 756 3251 Vade
781 3179 833 3231 in
862 3179 1057 3230 vineam
1096 3177 1295 3251 aperari
1320 3178 1335 3245 (
1361 3175 1544 3251 Manli.
1700 3175 1815 3245 ‘28).

241 3253 373 3319 Quia
396 3245 545 3305 enim
574 3249 686 3303 haec
717 3250 768 3302 in
798 3264 897 3301 usu
928 3256 1051 3301 sunt
1089 3246 1227 3316 apud
1255 3264 1354 3301 nos
1378 3289 1392 3311 ,
1416 3256 1478 3319 et
1504 3247 1554 3301 in
1586 3245 1666 3298 bis
1693 3262 1815 3319 ver-

243 3316 443 3385 samur,
473 3336 568 3375 nos
598 3319 745 3374 ducit
770 3318 834 3372 ad
868 3332 1151 3387 supernam
1200 3318 1512 3386 sapientiam
1539 3334 1552 3378 ;
1588 3327 1643 3370 ut
1671 3316 1816 3369 dice-

244 3394 332 3446 bat
360 3396 519 3448 etiam
559 3391 610 3443 in
657 3391 859 3459 priori;
892 3388 1136 3442 hesterna
1171 3402 1299 3442 vero
1340 3389 1426 3441 die
1455 3387 1663 3441 dicebat
1686 3387 1817 3459 (Ser-

243 3473 395 3517 vator
417 3480 430 3515 :
453 3460 631 3517 Simile
652 3457 720 3514 est
741 3475 946 3530 regnum
968 3459 1410 3530 actorum/tonum
1431 3457 1812 3530 patrifamilias,

243 3535 328 3602 qui
358 3534 476 3588 exiit
521 3533 681 3601 primo
725 3528 871 3583 mane
900 3528 1199 3602 conducere
1227 3530 1487 3596 operarios
1509 3531 1590 3602 _in_
1623 3528 1816 3602 vineam

240 3596 384 3657 suam
411 3605 430 3673 (
456 3596 538 3655 Μ’.
567 3602 657 3655 ‘20.
690 3602 743 3653 2.
774 3616 880 3670 sqq.
905 3599 948 3665 ).
980 3596 1104 3673 ﬁeri
1153 3599 1321 3673 vinea:
1376 3598 1680 3666 parabolam
1725 3596 1810 3650 itt-

244 3668 495 3741 duxit,'et
523 3672 681 3726 hodie
699 3668 966 3726 eamdem.
990 3668 1360 3741 Necessarium
1384 3677 1464 3722 est
1483 3676 1818 3741 autcm_te_m-

245 3738 674 3826 pora.'iiidicarc,
720 3742 910 3809 quibus
949 3741 1090 3826 exiit
1122 3740 1378 3826 Dominus
1428 3742 1613 3826 vineae.
1652 3738 1814 3826 Exiit,

247 3808 440 3885 inquit,
487 3815 659 3883 primo
707 3808 883 3874 mane,
941 3820 1010 3885 et_
1047 3810 1187 3885 circa
1234 3808 1419 3885 horam
1477 3810 1708 3872 tertiam,
1765 3817 1819 3862 et

245 3880 472 3950 scitari),
490 3880 557 3939 et
582 3898 798 3947 nonam,
824 3889 879 3935 et
908 3880 1264 3933 undecimam.
1291 3880 1535 3947 Quinque
1578 3889 1813 3946 tempera

246 3956 538 4010 vocationis
564 3963 843 4023 apparent,
875 3951 1043 4023 primo
1072 3964 1248 4023 ntane,
1284 3951 1443 4023 tertia
1467 3950 1616 4023 hora,
1646 3957 1815 4023 sexta,

248 4042 403 4092 nona,
456 4020 754 4079 undecima.
786 4021 1154 4092 Nihiliinutile
1185 4029 1267 4074 est
1308 4021 1445 4091 apud
1490 4021 1675 4092 Deum.
1719 4020 1816 4084 Qui

247 4097 388 4150 enim
418 4095 772 4151 comminatus
802 4102 899 4155 est,
934 4091 1010 4144 De
1033 4092 1171 4143 omni
1197 4092 1342 4143 verbo
1385 4093 1543 4144 otioso
1576 4091 1819 4144 rationem

248 4168 427 4221 dabitis
481 4165 610 4234 (Id.
660 4164 745 4217 12.
799 4162 905 4231 56)
957 4178 970 4214 :
1030 4162 1199 4234 multo
1246 4163 1420 4217 minus
1468 4164 1603 4234 ipse
1638 4170 1816 4212 utatur

248 4239 409 4291 verbo
430 4232 625 4300 otioso,
657 4235 744 4303 qui
776 4243 857 4289 est
886 4235 1004 4287 l'ons
1025 4233 1320 4303 sapientite.
1359 4234 1519 4287 Docet
1543 4232 1701 4299 igitur
1722 4244 1818 4283 nos

247 4309 483 4361 divinum
505 4302 887 4371 magisterium,
920 4305 1084 4358 Detun
1111 4302 1340 4356 diversis
1366 4303 1690 4371 temporibus
1720 4316 1811 4353 vo-

247 4395 389 4432 care.
423 4380 568 4432 Idem
611 4377 724 4443 ipse
758 4376 1010 4428 Dominus
1055 4382 1156 4433 est,
1190 4374 1432 4429 eamdetn
1483 4374 1635 4426 habet
1681 4371 1819 4439 agri-

247 4449 508 4504 culturam
534 4464 548 4512 ;
582 4447 805 4503 diversis
826 4459 954 4499 vero
983 4445 1311 4512 temporibus
1330 4454 1501 4510 vocat,
1526 4444 1815 4496 secondum

246 4520 485 4574 diversas
533 4517 805 4570 hominum
859 4516 1249 4585 generationes.
1293 4514 1490 4568 Eadem
1542 4524 1623 4568 est
1662 4514 1814 4585 dies,

248 4590 387 4644 idem
423 4590 681 4644 Dominus
702 4630 717 4654 ,
749 4583 902 4641 vinea
930 4585 1117 4641 eadem
1143 4602 1158 4648 ;
1201 4594 1437 4653 tempora
1473 4599 1598 4638 vero
1628 4583 1818 4651 quibus

246 4661 498 4715 conducit
527 4675 631 4712 non
674 4656 881 4719 eadem,
910 4656 1003 4711 sed
1032 4657 1203 4726 primo
1243 4672 1417 4721 mane,
1468 4655 1595 4709 hora
1628 4654 1779 4707 tertia
1799 4692 1815 4717 ,

247 4740 418 4795 sexta,
473 4744 655 4793 nona,
707 4728 1009 4782 undecima.
1064 4726 1411 4795 Quandonam
1466 4726 1595 4780 exiit
1648 4726 1818 4792 primo

248 4794 411 4857 mane
430 4799 729 4854 conducere
757 4797 1073 4866 cperarios't
1105 4794 1258 4851 Mane
1298 4806 1450 4851 vocat
1478 4797 1699 4850 exordia
1734 4795 1815 4847 di-

248 4872 384 4926 vime
427 4869 733 4926 ereationis.
784 4869 938 4924 Mane
975 4878 1090 4923 erat
1140 4868 1351 4936 quando
1392 4867 1560 4921 Adam
1618 4866 1812 4917 fortna-

250 4951 332 4997 tus
391 4951 520 4996 est:
567 4941 621 4994 in
665 4939 886 4995 exordio
936 4942 1079 4995 enim
1122 4940 1295 4992 adhuc
1333 4937 1587 4992 srecnlum
1633 4950 1819 4989 recens

248 5022 362 5067 erat
398 5027 518 5067 cum
577 5010 657 5065 sol
697 5020 844 5063 ortus
882 5020 1001 5075 est;
1041 5010 1213 5064 adhuc
1252 5024 1440 5063 recens
1479 5014 1626 5071 erat,
1699 5021 1818 5059 cum

246 5094 460 5138 ostensa
517 5090 600 5136 est
654 5082 793 5134 lunm
848 5080 1188 5149 pulchritudo
1223 5090 1277 5134 et
1328 5079 1603 5132 stellarum
1654 5092 1816 5149 orna-

248 5165 353 5209 tus.
400 5153 582 5208 Primo
612 5166 768 5205 mane
808 5148 944 5205 licus
993 5149 1122 5205 exiit
1156 5160 1214 5203 ut
1263 5152 1605 5203 conduceret.
1648 5148 1816 5212 Quem

247 5227 478 5294 primum
531 5239 598 5277 ex
647 5221 952 5294 hominibus
985 5220 1274 5275 coudutit?
1307 5219 1586 5294 Adamuni.
1637 5217 1821 5294 Posuit

250 5286 395 5348 illum
439 5297 490 5348 in
523 5292 790 5361 paradiso,
834 5303 889 5345 ut
927 5299 1334 5362 operareturet
1383 5288 1694 5362 custodiret.
1727 5286 1821 5339 Est

250 5365 407 5447 igitur
434 5359 601 5433 prima
628 5364 696 5416 ab
722 5362 927 5447 Adamn
947 5359 1111 5447 usque
1133 5359 1198 5413 ad
1224 5360 1367 5414 Noe:
1402 5361 1515 5412 luet:
1544 5373 1645 5410 una
1670 5372 1820 5413 voca-

251 5432 339 5498 tio,
374 5432 536 5489 unum
579 5442 806 5501 tempus.
842 5432 951 5486 lloc
992 5432 1190 5501 scilicet
1225 5440 1459 5497 tempore
1496 5440 1712 5501 vocatus
1740 5437 1822 5481 est

251 5507 413 5559 Adam
442 5505 507 5558 ad
527 5499 915 5573 operationem,
936 5500 1163 5573 Abebad
1197 5501 1401 5573 virtutis
1425 5499 1817 5573 otwt'ationetn,

247 5575 394 5640 Selii,
428 5585 483 5629 et
513 5568 716 5636 Euoch,
748 5574 834 5639 qui
872 5574 942 5627 ob
968 5568 1273 5640 supremam
1307 5571 1553 5624 virtutem
1585 5568 1817 5622 transla-

309 5668 379 5728 (ο)
397 5667 472 5718 De
497 5666 587 5713 hoc
606 5662 775 5728 ultimo
797 5664 1051 5727 Scripturze
1076 5664 1180 5713 loco
1205 5677 1266 5714 ne
1292 5662 1495 5713 verbum
1515 5660 1711 5723 quidem
1732 5661 1816 5711 ha-

251 5724 389 5780 betur
414 5730 466 5777 in
488 5735 587 5777 tota
606 5724 853 5775 concione.

1929 2059 2016 2133 tus
2041 2059 2144 2106 est.
2177 2049 2452 2133 usquead
2478 2052 2592 2109 Noe
2615 2053 2917 2133 extenditur
2951 2053 3180 2124 primum
3209 2059 3503 2133 vocationis

1931 2131 2159 2190 tempus.
2186 2122 2319 2176 Cum
2341 2122 2453 2178 Noe
2470 2126 2733 2193 apparuit,
2765 2122 2972 2193 tempus
2991 2136 3104 2180 erat
3126 2128 3297 2182 tertim
3316 2129 3461 2184 hora:
3487 2149 3500 2184 :

1925 2193 2056 2274 exiit
2087 2195 2278 2246 iterum
2307 2194 2629 2274 conducere.
2675 2195 2854 2250 Deleta
2883 2197 3024 2274 enim
3064 2197 3133 2274 ob
3165 2199 3498 2274 iniquitatem

1926 2264 2095 2338 prima
2117 2264 2483 2338 generatione,
2524 2280 2906 2338 rursus_ge_nus
2934 2267 3211 2321 hominum
3240 2264 3372 2338 opus
3405 2270 3500 2324 ha-

1926 2332 2048 2406 buit
2087 2333 2320 2388 secunda
2366 2337 2664 2406 vocatione.
2715 2332 2921 2391 inducit
2947 2338 3182 2392 secumlo
3224 2332 3501 2406 operarios

1926 2403 1976 2477 in
2001 2404 2229 2477 vineam,
2264 2418 2358 2459 eos
2378 2407 2463 2473 qui
2486 2405 2699 2460 fuerant
2728 2424 2756 2460 a
2783 2406 2893 2460 Noe
2920 2424 3090 2477 usque
3108 2408 3177 2462 ad
3203 2403 3490 2464 Abraham.

1923 2473 2167 2549 Secunda
2193 2473 2413 2549 hascest
2426 2477 2652 2549 vocatio.
2683 2473 3158 2549 Attende.‘qua:so,
3182 2479 3497 2549 diligenter:

1924 2543 2092 2616 prima
2124 2544 2254 2598 hora
2280 2545 2347 2616 ab
2390 2546 2594 2616 Adamo
2622 2561 2788 2616 usque
2828 2546 2894 2601 ad
2933 2543 3046 2603 Noe
3069 2589 3084 2610 ,
3131 2543 3439 2605 tertia'hora
3467 2568 3499 2607 a

1924 2612 2034 2666 Noe
2059 2629 2231 2682 usque
2268 2614 2332 2669 ad
2360 2615 2650 2682 Abraham,
2679 2612 2825 2672 sexta
2861 2617 2989 2670 hora
3021 2618 3088 2671 ab
3120 2621 3385 2675 Abraham
3414 2640 3500 2675 us-

1923 2698 2027 2750 que
2053 2685 2120 2738 ad
2153 2683 2418 2756 Moysem,
2439 2701 2576 2740 nona
2606 2686 2738 2740 hora
2764 2702 2792 2739 a
2819 2686 2999 2756 Moyse
3048 2705 3213 2755 usque
3242 2692 3307 2743 ad
3333 2692 3491 2745 Chri-

1923 2764 2085 2816 stum,
2110 2754 2385 2808 undecima
2410 2755 2540 2810 hora
2564 2771 2592 2809 a
2617 2756 2834 2811 Christo
2860 2754 2927 2810 ad
2956 2754 3495 2816 consummationem.

1923 2824 2069 2899 Sicut
2100 2825 2255 2899 ιειιίιιιΔ
2283 2824 2563 2899 undecima
2594 2826 2719 2899 hora
2750 2826 2870 2881 linis
2911 2838 2992 2881 est
3021 2828 3145 2892 diei,
3182 2830 3259 2884 sic
3290 2843 3502 2899 tempus

1925 2895 2181 2965 adventus
2226 2893 2347 2949 linis
2386 2906 2468 2950 est
2511 2898 2832 2951 smcnlorum
2887 2905 2990 2965 ;ut
3031 2900 3173 2952 enim
3216 2893 3505 2959 undeciuu.

1925 2965 2055 3017 hora
2086 2964 2152 3019 ad
2185 2964 2344 3021 linem
2371 2967 2543 3033 vergit
2568 2967 2671 3023 diei
2695 3009 2709 3032 ,
2738 2967 2815 3021 sic
2842 2964 3051 3036 tempus
3081 2970 3342 3025 adventus
3366 2987 3467 3026 con

1924 3036 2337 3109 summatiouem
2383 3037 2702 3109 subindicat.
2751 3038 3088 3106 Quapropter
3121 3041 3194 3092 ait
3221 3042 3495 3109 apostolus

1926 3105 2118 3179 Paulus
2150 3124 2163 3159 :
2195 3105 2343 3172 llam,
2387 3108 2599 3172 fratres,
2651 3110 2703 3161 in
2745 3105 2924 3179 ﬁguris
2958 3105 3305 3179 contingebant
3351 3112 3496 3177 illis;

1923 3177 2111 3250 scripta
2140 3189 2255 3250 sunt
2284 3166 2452 3232 autem
2482 3179 2549 3232 ad
2588 3166 2990 3250 admonitionem
3018 3166 3263 3245 nostram,
3294 3182 3344 3234 in
3370 3166 3494 3250 quos

1922 3247 2048 3313 lines
2076 3249 2375 3321 stecttlorum
2402 3250 2706 3321 devenerunt
2739 3251 2826 3319 (l.
2855 3248 2975 3304 Cor.
3006 3250 3094 3305 l0.
3124 3253 3176 3305 ll
3204 3250 3246 3321 ).
3282 3252 3346 3306 Et
3376 3247 3496 3308 vide

1924 3332 2034 3370 rem
2064 3320 2361 3373 mirabilem
2389 3338 2402 3373 :
2433 3320 2681 3373 conducti
2710 3329 2834 3374 sunt
2857 3321 3032 3387 primi,
3063 3320 3301 3387 secundi,
3331 3323 3494 3389 tertii,

1922 3391 2123 3461 quarti,
2144 3399 2196 3443 et
2234 3390 2284 3442 in
2312 3390 2414 3445 line
2436 3390 2602 3459 quinti
2629 3408 2642 3442 :
2673 3401 2724 3444 et
2755 3405 2961 3445 merces
2988 3406 3092 3445 non
3118 3392 3239 3445 data
3266 3404 3347 3446 est
3378 3394 3496 3461 pri-

1924 3461 2055 3524 mis,
2094 3459 2267 3515 donec
2296 3461 2627 3515 advenerunt
2656 3462 2911 3530 postremi
2943 3501 2957 3523 ,
2989 3462 3081 3514 sed
3113 3462 3348 3517 laborem
3380 3459 3499 3518 siis-

1923 3530 2226 3592 tiunerant,
2279 3530 2578 3586 mercedem
2650 3547 2777 3586 vero
2854 3530 3087 3586 nondum
3151 3544 3493 3599 acceperant.

1923 3599 2100 3654 Noluit
2133 3602 2276 3656 enim
2336 3604 2473 3656 Deus
2528 3602 2828 3656 mercedem
2883 3604 3012 3655 dare
3064 3602 3265 3669 primis,
3322 3602 3497 3658 donec

1923 3670 2231 3725 advenireut
2259 3673 2750 3735 fruetusEcclesiae,
2774 3681 2826 3725 et
2849 3672 3156 3740 prwciperet
3177 3687 3494 3728 (reonomo:

1927 3740 2000 3812 Da
2027 3742 2094 3795 ab
2129 3742 2315 3796 ultimo
2354 3760 2521 3811 usque
2551 3743 2616 3797 ad
2651 3744 2901 3812 primum.
2930 3740 3081 3812 Quod
3119 3752 3295 3796 autem
3326 3742 3495 3797 distu~

1924 3811 2044 3864 lerit
2076 3813 2214 3867 Deus
2243 3810 2543 3868 mercedem
2587 3810 2715 3868 dare
2767 3813 2949 3881 primis
2976 3854 2989 3875 ,
3037 3810 3208 3866 donec
3254 3814 3499 3869 venirent

1924 3881 2118 3946 ultimi,
2151 3885 2460 3937 testilicatur
2509 3885 2699 3938 Paulus
2733 3885 2783 3939 in
2839 3881 3073 3949 Epistula
3119 3883 3183 3937 ad
3225 3883 3494 3940 Hebraeos.

1922 3952 2372 4007 Commemoravit
2419 3955 2778 4007 Abrahamum
2801 3995 2817 4018 ,
2854 3951 3087 4006 lsaacmn
3116 3996 3129 4015 ,
3157 3953 3413 4009 Jacobnm
3444 3965 3500 4010 et

1927 4022 2273 4094 patriarchas,
2298 4024 2538 4094 aliosque
2571 4026 2856 4094 prophetas
2886 4025 3130 4093 etjustos
3152 4066 3165 4088 ,
3193 4034 3248 4079 et
3270 4025 3454 4094 adjicit
3480 4042 3494 4080 :

1925 4092 1990 4144 Et
2020 4093 2072 4145 lii
2121 4111 2290 4147 omnes
2341 4092 2619 4149 testimonio
2650 4092 2768 4162 ﬁdei
2815 4092 3011 4163 probati
3050 4112 3149 4148 non
3194 4092 3496 4164 acceperunt

1924 4165 2371 4235 repromissioues,
2406 4166 2513 4218 Deo
2540 4182 2632 4235 pro
2683 4166 2823 4219 nobis
2875 4166 3053 4218 melius
3092 4164 3287 4235 aliquid
3333 4169 3499 4233 provi-

1924 4234 2089 4297 dente,
2113 4243 2165 4285 ut
2181 4251 2279 4286 non
2297 4239 2403 4287 sine
2427 4235 2567 4288 nobis
2581 4235 3085 4300 consunnnareutur(
3095 4234 3250 4287 Ilebr.
3285 4236 3370 4289 ll.
3404 4236 3496 4290 59.

1923 4305 2038 4375 40).
2073 4303 2221 4357 Sicut
2248 4304 2391 4358 enim
2415 4305 2522 4369 hie,
2557 4306 2772 4370 fratres,
2804 4307 3037 4374 quinque
3062 4313 3301 4371 tempora
3349 4304 3496 4360 dedit

1923 4384 1977 4427 et
2034 4379 2374 4439 vocationes,
2418 4376 2644 4442 primum
2704 4387 2930 4444 tempus,
2984 4386 3039 4430 ut
3090 4391 3376 4437 resumam,
3428 4377 3495 4429 ab

1928 4444 2130 4499 Adamo
2170 4460 2335 4513 usque
2372 4448 2435 4499 ad
2487 4445 2619 4510 Noe,
2663 4447 2951 4500 secundum
2995 4464 3020 4497 a
3071 4446 3181 4499 Not:
3225 4463 3391 4514 usque
3427 4447 3492 4499 ad

1924 4515 2193 4568 Abraham
2218 4557 2229 4575 ,
2262 4518 2474 4568 tertium
2518 4516 2584 4569 ab
2614 4517 2917 4569 Abrahamo
2945 4534 3111 4585 usque
3140 4518 3204 4568 ad
3237 4517 3494 4586 Moyscm,

1924 4596 2171 4655 quartum
2198 4601 2227 4638 a
2248 4586 2427 4656 Moyse
2450 4601 2616 4654 usque
2642 4587 2706 4639 ad
2727 4586 3016 4650 Christum,
3040 4588 3281 4654 quintum
3306 4604 3335 4640 a
3367 4590 3493 4641 Ser-

1925 4667 2109 4727 vatore
2140 4673 2303 4724 usque
2331 4657 2394 4709 ad
2423 4658 2935 4727 consummationem
2968 4677 2981 4713 :
3010 4657 3086 4711 sic
3112 4667 3163 4711 et
3189 4660 3313 4713 alibi
3345 4674 3496 4727 para-

1925 4725 2361 4809 bOIanrali'erens
2387 4727 2462 4779 ait
2512 4743 2524 4778 :
2557 4725 2740 4808 Simile
2769 4738 3077 4809 est‘regnum
3126 4725 3366 4782 caJlOi-um
3402 4729 3493 4809 dc-

1924 4812 2028 4851 tcm
2073 4798 2368 4868 virginibus,
2403 4813 2515 4866 qua:
2556 4798 2780 4852 exierunt
2823 4798 3017 4851 obviam
3065 4816 3251 4868 sponso
3300 4816 3319 4852 :
3348 4801 3497 4868 quiu-

1924 4883 2020 4935 que
2067 4868 2356 4935 prudentes,
2408 4880 2455 4921 ct
2494 4868 2710 4937 quinque
2751 4868 2907 4935 fama:
2955 4868 3166 4936 (Matth.
3204 4870 3291 4925 25.
3330 4872 3377 4923 ‘l.
3414 4870 3493 4937 9.).

1926 4933 2031 4992 Cur
2068 4933 2349 5008 quinque,
2400 4950 2451 4992 et
2505 4933 2770 5009 quinque?
2816 4939 2869 5009 lu
2920 4933 3141 5007 singulis
3193 4933 3496 5009 generatio-

1927 5008 2083 5061 nibus
2134 5018 2256 5064 sunt
2296 5009 2423 5078 justi
2474 5019 2527 5064 et
2570 5008 2770 5077 injusti.
2826 5008 3056 5077 Quinque
3103 5008 3371 5079 prudentes
3404 5051 3416 5071 ,
3448 5022 3495 5063 et

1926 5080 2141 5148 quinque
2208 5083 2402 5149 future;
2460 5080 2512 5134 in
2578 5082 2799 5149 singulis
2863 5079 3001 5132 enim
3062 5081 3496 5148 generatiimilms

1927 5161 2049 5204 sunt
2102 5152 2320 5202 studiosi
2367 5161 2421 5204 et
2469 5151 2634 5220 pigri,
2687 5154 2757 5222 pii
2811 5160 2864 5206 et
2903 5149 3069 5217 impii.
3129 5149 3257 5204 Vide
3304 5150 3499 5222 ubique

1931 5228 2228 5290 temporum
2288 5237 2610 5276 eonsensum
2657 5221 2844 5275 {nam
2898 5222 3134 5290 quinque
3188 5221 3496 5279 vocationes

1931 5289 2335 5362 plaazetlmbent
2383 5293 2592 5360 propria
2646 5296 2888 5362 negotia,
2945 5300 3000 5344 et
3044 5291 3315 5360 proprium
3363 5302 3496 5344 trm-

1932 5374 2046 5431 pus.
2093 5360 2159 5413 lit
2209 5362 2345 5414 sicut
2391 5363 2637 5429 agriColm
2682 5360 2973 5417 secundum
3024 5362 3227 5431 singula
3258 5371 3493 5430 tempoia

1932 5428 2131 5483 fruetus
2171 5428 2722 5499 nropriosirepetmit.
2776 5448 2969 5487 vernos
3018 5447 3046 5483 a
3090 5428 3237 5497 (ore,
3293 5428 3494 5486 hienni-

1931 5499 2006 5552 les
2058 5500 2127 5554 ab
2173 5500 2367 5565 hieme,
2419 5503 2631 5554 aestivos
2676 5503 2743 5554 ab
2790 5512 2989 5565 arstatc,
3043 5503 3378 5557 auttuuualcs
3426 5500 3493 5551 ab

1929 5581 2181 5622 autumno
2226 5589 2240 5625 :
2295 5571 2365 5624 ita
2412 5580 2465 5625 et
2521 5571 2660 5624 Deus
2707 5572 2904 5626 [ructus
2953 5584 3218 5639 repetens,
3276 5566 3494 5639 singulis

1929 5641 2259 5708 temporibus
2284 5656 2397 5702 cos,
2428 5640 2515 5709 qui
2546 5648 2669 5693 sunt
2695 5644 2885 5710 cuique
2912 5645 3238 5708 generationi
3274 5640 3490 5710 proprii,

1928 5714 2107 5783 exigit.
2138 5713 2251 5767 Non
2279 5713 2440 5781 exigit
2464 5727 2493 5765 a
2528 5720 2581 5764 te
2614 5710 2771 5767 hodie
2798 5713 3022 5766 ιἰιωιυηι
3042 5751 3058 5779 ,
3088 5728 3246 5781 quem
3288 5728 3317 5767 δ
3345 5710 3490 5780 μευ.
