3980 6136
304 324 406 382 797

303 442 375 496 Et
396 450 619 506 serpens
643 432 953 506 maledictus
995 442 1079 489 est
1095 475 1119 506 ,_
1154 441 1209 489 et
1246 430 1560 506 maledictus
1588 431 1763 506 omnis
1788 430 1877 506 qui

306 501 591 581 pendeiiu
627 506 792 581 ligno.
822 503 902 559 Ne
918 504 1187 581 Aat_ten_das
1224 505 1527 581 verborum
1558 502 1716 558 seriei
1742 543 1756 568 ,
1785 501 1880 581 sed

305 570 457 635 disce
490 570 866 632 dill‘ereittiam.
910 573 1043 642 Quia
1071 574 1325 630 Servator
1353 573 1643 641 repositam
1681 570 1882 627 mundo

305 648 735 705 maledictionem
777 645 828 698 in
879 659 941 699 se
982 654 1099 698 erat
1146 653 1490 712 recepturus;
1540 643 1710 712 prima
1755 654 1883 697 vero

305 716 612 776 maledictio
640 725 773 779 erat,
803 713 964 768 Terra
989 731 1061 781 es,
1083 725 1131 767 et
1153 714 1204 767 in
1227 711 1412 767 terram
1439 711 1717 776 reverteris,
1744 711 1883 766 hanc

305 804 436 846 vero
474 787 795 844 sententiam
830 784 884 840 in
923 802 979 839 se
1008 783 1263 839 Servator
1286 783 1512 850 accepit,
1545 791 1603 837 ut
1630 784 1706 837 ait
1738 781 1885 851 Apo-

306 861 478 916 stolus
506 856 801 934 ;_Chris_tus_
818 872 909 909 nos
930 854 1137 934 redemit
1164 855 1231 934 de
1253 854 1522 934 maledicto
1543 854 1687 934 legis,
1720 854 1885 934 {actus

307 947 401 1001 pro
428 928 575 1001 nobis
611 925 955 1001 maledictum
980 923 1121 1001 (Gai.
1163 925 1217 978 5.
1246 923 1335 991 15)
1376 940 1391 979 ;
1420 924 1567 1001 prius
1599 923 1884 1001 imaginem

310 992 463 1071 ponit
486 1002 537 1053 in
558 1004 831 1071 serpente,
849 1010 921 1071 _ac
936 992 1058 1071 jure
1084 994 1138 1048 in
1160 992 1429 1071 serpente.
1454 992 1604 1071 _Sicut
1623 993 1764 1047 enim
1796 994 1885 1071 ille

308 1062 532 1139 Serpens
557 1062 739 1123 ωιιὲυε
762 1064 973 1130 faciem,
993 1065 1218 1118 formam
1240 1064 1598 1139 etintaginem
1620 1062 1885 1139 serpentis

309 1134 538 1197 habebat
564 1180 580 1204 ,
624 1151 888 1192 venenum
917 1150 1046 1190 vero
1072 1145 1126 1190 et
1155 1134 1444 1204 nequitiam
1483 1135 1747 1204 serpentis
1778 1148 1882 1204 non

310 1210 542 1267 habebat
573 1224 589 1262 :
617 1208 696 1261 sic
724 1216 778 1261 et
795 1206 1049 1261 Servator
1071 1203 1291 1274 apparet
1318 1203 1371 1258 in
1411 1203 1653 1259 carne’iu
1693 1203 1885 1259 simili-

312 1281 495 1337 tudine
519 1278 723 1349 peccati
755 1293 768 1329 :
800 1275 912 1331 haec
940 1277 1083 1349 enim
1110 1290 1238 1331 caro
1265 1284 1421 1330 antea
1452 1275 1719 1349 peccatrix
1748 1282 1882 1329 erat.

311 1346 552 1407 Assumii
592 1363 722 1418 ergo
765 1348 1117 1415 peccatricem
1171 1360 1387 1418 carnem
1412 1385 1429 1411 ,
1472 1346 1598 1400 licet
1641 1346 1753 1418 ipse
1779 1359 1885 1399 non

477 1418 612 1475 verit
632 1415 777 1484 ,‘sed
825 1425 1097 1485 peccatum
1127 1415 1310 1470 tnundi
1335 1416 1684 1485 assumpserit
1714 1432 1728 1469 :
1763 1431 1885 1469 nam

344 1491 447 1545 Ecce
469 1506 631 1561 agnus
655 1487 781 1561 Dei,
821 1484 909 1557 qui
948 1487 1080 1540 tollit
1119 1496 1378 1561 peccatum
1402 1484 1579 1539 mundi
1605 1484 1787 1561 (Joan.
1831 1488 1884 1540 1.

310 1561 457 1633 29)._
479 1557 568 1617 Sic
609 1567 663 1615 et
708 1559 962 1615 Servator
990 1557 1276 1633 assumpsit
1316 1571 1531 1612 carnem
1557 1598 1574 1623 ,
1603 1558 1884 1627 imaginem

311 1629 490 1688 carnis
519 1638 574 1684 et
603 1644 785 1683 veram
811 1637 1056 1696 naturam
1100 1629 1383 1681 habentem
1403 1668 1417 1692 ,
1448 1635 1724 1696 peccatum
1756 1642 1887 1682 vero

311 1702 494 1758 carnis
519 1714 627 1755 non
657 1698 960 1755 habentem.
996 1695 1273 1768 Peccatum
1299 1697 1441 1768 enim
1482 1713 1584 1751 non
1623 1697 1775 1768 [9054.
1798 1697 1889 1768 ,in‘

352 1775 427 1827 uit
453 1771 634 1836 lsaias,
663 1786 752 1824 nec
779 1770 1008 1823 inventus
1029 1776 1099 1822 est
1124 1766 1272 1821 dolus
1296 1767 1350 1822 in
1373 1783 1460 1821 ore
1482 1770 1591 1837 ejus
1609 1765 1760 1838 ('Isai.
1792 1767 1883 1823 55.

352 1790 427 1827 ιιιι
455 1790 634 1836 Isaias,
663 1790 752 1824 nec
779 1790 1008 1823 Inventus
1029 1790 1099 1822 αι
1124 1790 1272 1821 ausus
1296 1790 1350 1822 ιιι
1373 1790 1460 1821 ονε
1482 1790 1591 1837 6]!"
1609 1790 1760 1838 (uat.
1792 1790 1883 1823 δί).

310 1790 395 1911 3).
435 1841 588 1908 Quod
626 1841 768 1895 enim
816 1848 900 1911 est
941 1838 1286 1911 venenumjn
1313 1847 1607 1911 serpente,
1648 1838 1774 1911 illud
1805 1847 1890 1911 est

314 1907 473 1969 dolus
498 1913 549 1966 in
582 1912 797 1965 homine
826 1924 841 1963 :
867 1908 938 1964 de
960 1925 1066 1974 quo
1100 1908 1175 1962 ait
1205 1907 1484 1979 Scriptura
1503 1947 1517 1971 ,
1545 1908 1614 1963 de
1642 1908 1887 1979 malignis

313 1996 479 2053 agens
498 2024 513 2046 ,
556 1981 809 2053 Venenum
838 1980 1073 2053 aspidum
1099 1979 1194 2053 sub
1229 1978 1375 2053 labiis
1416 1994 1588 2032 eorum
1625 1996 1644 2033 :
1672 1978 1889 2053 quorum

315 2049 760 2131 oi_ma_le_dictione_
771 2059 820 2104 et
852 2049 1191 2131 ant_arit_udir_t_e
1215 2049 1419 2131 plenum
1441 2049 1889 2131 eitj‘eEIUnguis

311 2125 419 2179 suis
448 2124 621 2177 dolose
646 2120 861 2191 agebant
893 2119 1065 2190 (Psal.
1105 2120 1193 2175 15.
1218 2118 1285 2173 3.
1312 2129 1359 2172 et
1384 2119 1437 2191 9.
1469 2118 1582 2191 29).
1611 2118 1760 2191 Sicut
1777 2118 1888 2189 igi-

313 2205 422 2259 tur,
457 2202 515 2248 ut
548 2189 737 2247 iterum
774 2189 1039 2246 resumam
1070 2230 1085 2252 ,
1128 2205 1349 2257 serpens
1382 2190 1469 2243 ille
1511 2189 1796 2260 imaginem
1836 2198 1892 2243 et

314 2264 546 2320 formam
569 2262 835 2332 serpentis
860 2261 1092 2332 habebat
1110 2301 1135 2332 ,_
1155 2275 1419 2316 venenum
1445 2270 1623 2332 autem
1651 2269 1704 2314 et
1739 2260 1892 2332 mali-

315 2337 446 2389 tiam
490 2329 757 2402 serpentis
797 2330 1018 2402 minime
1050 2348 1065 2385 :
1096 2330 1175 2402 sic
1202 2343 1413 2402 corpus
1448 2329 1754 2402 servatoris
1784 2329 1892 2385 lor-

313 2420 458 2459 ntam
484 2400 759 2458 hominum
783 2400 983 2464 habuit,
1015 2400 1303 2469 nequitiam
1331 2414 1462 2455 vero
1485 2401 1758 2454 hominmn
1784 2416 1889 2453 non

316 2474 521 2529 habuit.
552 2474 731 2528 Altera
776 2480 954 2527 autem
999 2483 1186 2525 rursus
1231 2470 1404 2537 imago
1447 2479 1530 2524 est
1560 2486 1573 2521 :
1601 2471 1735 2523 sicut
1775 2485 1883 2526 scr-

316 2554 505 2615 pentes
530 2544 620 2598 alii
649 2542 863 2612 quidem
887 2540 1153 2615 mordent,
1181 2539 1317 2593 alius
1345 2554 1469 2594 vero
1495 2555 1591 2615 pro
1620 2541 1726 2615 illis
1754 2538 1891 2608 pati-

315 2610 438 2680 iur;
465 2629 586 2670 cum
612 2610 756 2669 enim
782 2610 1104 2682 oportuisset
1127 2625 1286 2682 unum
1317 2624 1384 2663 ex
1404 2611 1766 2682 mordentibus
1795 2625 1891 2665 su-

315 2679 486 2753 mere,
514 2686 793 2754 ipsumque
820 2679 1081 2754 eruciligi,
1114 2679 1419 2734 mordentes
1444 2682 1656 2754 quidem
1684 2681 1891 2754 dimissi

316 2750 480 2822 sunt,
509 2750 597 2825 q'ui
636 2750 763 2825 vero
810 2751 942 2807 nihil
976 2759 1284 2820 peceaverat
1324 2750 1610 2807 cruciﬁxus
1658 2762 1775 2825 est.»
1791 2750 1890 2818 Qui

319 2841 493 2895 neque
519 2822 835 2888 mordebat,
863 2837 1037 2891 neque
1065 2835 1286 2895 consors
1308 2830 1429 2895 erat
1451 2822 1807 2895 corruptionis
1836 2830 1895 2877 et

317 2890 466 2951 exilii
496 2895 721 2950 aliorum
750 2890 1088 2963 serpentum,
1118 2890 1475 2963 lignoﬂligitur
1497 2933 1514 2959 ,
1557 2893 1682 2963 quia
1716 2894 1894 2963 imago

318 2975 435 3021 erat
470 2965 773 3022 Servatoris
800 2981 813 3017 :
841 2961 1091 3033 quoniam
1131 2961 1381 3015 omnibus
1421 2961 1765 3032 peccantibus
1792 2961 1891 3017 ho-

317 3036 570 3102 minibus,
596 3048 750 3089 nemo
766 3042 1100 3104 peccatorum
1126 3047 1222 3102 pro
1245 3041 1523 3104 peccatore
1544 3033 1887 3104 cruciﬁgitur,

318 3107 415 3162 sed
446 3107 535 3163 ille
558 3101 665 3175 qui
698 3101 1210 3175 itiipeceabilis_eSt._
1241 3101 1849 3175 Nostihspeeulatipnem
1876 3120 1890 3157 :

318 3172 607 3232 recordare
634 3172 787 3229 vocis
809 3174 1007 3229 Christi
1048 3172 1340 3228 Nicodemo
1371 3173 1598 3229 dicentis
1630 3191 1643 3227 :
1670 3172 1737 3227 Et
1763 3176 1893 3229 sicut

322 3247 527 3317 Moyses
546 3246 1085 3317 exultavitserpentem
1105 3243 1161 3317 in
1180 3243 1397 3317 deserto,
1421 3245 1493 3317 sic
1512 3245 1728 3317 exaltari
1743 3262 1895 3314 opor-

318 3327 388 3371 tet
415 3313 627 3370 'Filium
665 3313 918 3378 hominis,
945 3323 999 3369 ut
1025 3315 1188 3368 omnis
1212 3313 1297 3383 qui
1321 3314 1481 3367 credit
1509 3316 1561 3367 in
1586 3315 1752 3383 ipsum
1778 3313 1895 3369 non

322 3397 515 3457 pereat,
544 3386 633 3440 sed
662 3385 842 3457 habeat
869 3386 1029 3457 vitam
1045 3393 1306 3457 eternam.
1336 3384 1426 3457 Sic
1459 3384 1893 3457 eugaltarioportet

321 3454 519 3511 Filium
545 3456 761 3509 hominis
782 3454 958 3524 (Joan.
1000 3455 1054 3509 5.
1088 3455 1174 3509 14.
1222 3454 1331 3523 15).
1380 3454 1607 3509 Pulchre
1642 3454 1842 3509 dictum
1876 3472 1891 3509 :

318 3529 443 3597 quia
474 3527 681 3597 passio,
711 3525 1006 3597 humiliati_o
1026 3539 1146 3579 esse
1173 3524 1758 3597 putabatur,Servator
1776 3540 1893 3597 eam

320 3595 698 3652 exaltationem
737 3603 909 3650 vocat.
948 3595 1116 3649 Totus
1138 3595 1334 3665 quippe
1382 3595 1529 3650 orbis
1554 3610 1714 3650 cruce
1750 3595 1896 3649 exal-

322 3677 464 3722 tatus
489 3678 572 3722 est
594 3709 611 3731 ,
640 3674 784 3722 totus
822 3665 968 3721 orbis
1008 3665 1153 3735 humi
1176 3665 1383 3734 jaceus,
1420 3680 1516 3735 per
1540 3666 1894 3722 (economiam

321 3738 498 3793 crucis
522 3746 793 3807 correctus
818 3745 921 3807 est.
955 3735 1090 3807 Ideo
1102 3734 1348 3807 _Dontinus
1384 3734 1635 3807 regnavit,
1664 3736 1897 3789 decorem

321 3808 529 3873 indutus
554 3817 625 3861 est
651 3806 818 3878 (θεαὶ.
843 3805 1040 3878 92η1).
1066 3805 1264 3859 Etenim
1292 3805 1508 3878 correxit
1531 3806 1891 3878 orbemterrte.

324 3877 440 3932 Non
467 3878 601 3932 dixit
625 3919 640 3943 ,
662 3875 901 3932 ‘Creavit.
934 3875 1113 3931 Primo
1136 3877 1335 3930 creavit
1358 3918 1372 3940 ,
1402 3877 1496 3931 sed
1521 3875 1757 3932 secundo
1777 3890 1897 3930 cor-

325 3949 480 4003 rexit.
507 3946 590 4001 Ita
616 3957 809 4016 Oportet
841 3947 1057 4001 exaltari
1093 3944 1286 4000 Filium
1330 3947 1545 4001 hominis
1570 3989 1584 4012 ,
1636 3957 1690 3999 ut
1732 3946 1896 4000 omnis

322 4020 414 4099 qui
435 4018 592 4073 credit
617 4018 670 4099 _in
695 4020 861 4099 ipsum
890 4034 990 4071 non
1018 4028 1204 4099 pereat.
1239 4016 1466 4072 Necesse
1513 4016 1642 4099 mihi
1688 4017 1897 4099 videtur

325 4088 483 4159 hujus
508 4087 850 4159 exultationis
884 4096 1073 4142 testem
1113 4087 1374 4159 advocare
1403 4088 1713 4159 prophetam
1752 4089 1898 4142 clare

327 4157 703 4227 praedicantem
779 4158 942 4212 Deum
1013 4157 1253 4212 exaltari.
1312 4158 1445 4211 Audi
1507 4171 1635 4227 ergo
1684 4159 1895 4212 beatum

329 4229 514 4283 Isaiam
561 4228 700 4283 hanc
746 4227 1121 4282 exultationem
1155 4227 1552 4296 praedicantem.
1602 4227 1710 4280 Etsi
1755 4229 1897 4282 enim

325 4309 509 4367 aperte
547 4302 844 4367 passionem
892 4299 1198 4365 praedicavit
1235 4298 1459 4352 dicens:
1494 4297 1638 4351 Sicut
1686 4297 1789 4351 ovis
1830 4296 1899 4349 ad

327 4370 624 4422 occisionem
643 4369 823 4421 ductus
848 4377 939 4434 est,
963 4377 1010 4422 et
1032 4369 1159 4422 sicut
1185 4384 1343 4434 agnus
1369 4383 1537 4421 coram
1565 4367 1801 4421 tondente
1822 4382 1897 4432 se,

325 4441 434 4493 sine
454 4454 568 4492 voce
593 4440 710 4492 :hic
727 4448 934 4505 peccata
960 4448 1129 4493 nostra
1160 4437 1309 4500 tollit,
1340 4449 1384 4491 et
1415 4454 1507 4507 pro
1533 4438 1675 4491 nobis
1698 4437 1898 4507 crucia-

329 4521 411 4564 tur
439 4525 457 4563 :
485 4520 689 4579 pr0pter
723 4520 924 4577 peccata
962 4509 1138 4578 populi
1164 4510 1255 4579 mei
1278 4509 1388 4561 veni
1407 4506 1475 4562 ad
1497 4517 1704 4561 mortem
1731 4506 1897 4578 (Isai.

327 4582 419 4637 53.
449 4582 499 4633 7.
523 4578 586 4633 4.
623 4580 681 4650 8)
716 4597 730 4633 :
763 4589 996 4650 attamen
1039 4579 1162 4650 alibi
1192 4578 1359 4650 ipsum
1405 4579 1704 4650 passionem
1748 4589 1901 4632 vocat

328 4648 723 4705 exultationem.
756 4648 893 4715 Quid
919 4651 1060 4704 enim
1087 4649 1253 4703 dicit?
1274 4648 1483 4705 Cantate
1510 4648 1751 4714 Domino,
1785 4649 1899 4701 luu-

327 4722 447 4775 date
474 4737 651 4774 nomen
682 4737 791 4788 ejus
818 4736 837 4774 :
862 4719 1159 4772 annuntiate
1177 4721 1228 4771 in
1252 4718 1476 4789 gentibus
1502 4719 1716 4789 gloriam
1749 4719 1859 4787 ejus
1880 4757 1898 4783 ,

328 4792 565 4857 quoniam
594 4791 792 4844 excelsa
828 4792 964 4860 fecit.
999 4789 1261 4843 Easultate
1287 4799 1332 4841 et
1358 4790 1596 4860 [tutamini
1628 4791 1713 4856 qui
1752 4789 1899 4840 habi-

330 4866 447 4916 tatis
473 4863 523 4914 in
551 4862 699 4926 Sion,
727 4858 843 4929 quia
865 4861 1116 4913 exaltatus
1136 4871 1205 4913 est
1227 4870 1428 4911 stmctns
1454 4858 1633 4920 Israel,
1663 4860 1714 4911 in
1738 4859 1901 4910 medio

328 4936 398 4986 tui
427 4935 675 4985 exaltatus
718 4942 789 4985 est
833 4934 849 4999 (
888 4929 975 4984 Id.
1004 4930 1090 4985 12.
1121 4931 1173 4983 5.
1200 4930 1271 4997 6)
1325 4929 1428 4983 Sed
1457 4929 1577 4981 huic
1599 4930 1712 4982 voci
1754 4929 1901 4981 obsi-

329 5004 420 5057 stit
466 5003 711 5057 lnoretica
764 5017 885 5065 vox,
938 5011 989 5055 et
1036 5001 1161 5054 (llCll
1214 5019 1226 5053 :
1280 5000 1334 5054 Si
1381 4999 1650 5053 exaltalus
1702 5008 1821 5062 est,
1871 5013 1899 5050 a

333 5074 488 5126 Patre
533 5084 616 5127 est
659 5072 957 5129 exaltatus:
1005 5072 1259 5137 seriptmn
1310 5080 1388 5123 est
1436 5070 1577 5123 enim
1624 5087 1637 5121 :
1686 5068 1903 5138 I’rOpIer

329 5145 465 5214 quod
527 5155 570 5197 et
600 5213 605 5214 ί
637 5143 771 5195 Deus
833 5142 1069 5195 exultavit
1121 5141 1306 5206 illum,
1368 5149 1412 5193 et
1464 5140 1617 5214 _dedit
1672 5139 1748 5214 illi
1791 5154 1904 5214 _no-

332 5207 441 5268 nten
476 5213 609 5282 quod
648 5225 718 5267 est
757 5228 908 5280 super
951 5227 1096 5264 omne
1126 5227 1324 5275 nomen,
1368 5220 1418 5282 nt
1458 5208 1509 5262 in
1552 5211 1749 5282 nomine
1772 5207 1899 5282 Iesu

333 5278 627 5352 onme'genu
644 5278 878 5353 ﬂectatur
902 5282 1194 5353 cwlestium,
1219 5291 1323 5335 etc.
1350 5279 1606 5350 (Philipp.
1627 5278 1683 5332 ‘2.
1701 5280 1756 5334 9.
1776 5278 1897 5353 _l_0).

333 5349 555 5423 Semper
602 5349 800 5408 inimici
825 5351 1062 5423 veritatis
1101 5352 1378 5419 insurgunt
1419 5362 1602 5404 contra
1641 5349 1902 5423 pratdica—

335 5419 534 5479 tionem
563 5425 818 5478 veritatis.
851 5422 1040 5491 Opera:
1078 5424 1304 5490 pretium
1334 5431 1510 5474 autem
1563 5419 1659 5491 est
1689 5419 1751 5491 iis
1794 5433 1901 5471 non

337 5495 526 5551 breves
556 5494 798 5565 proferre
840 5490 1238 5565 responsiones,
1270 5492 1362 5565 sed
1383 5491 1542 5565 prius
1572 5490 1639 5544 ab
1684 5490 1788 5542 illis
1818 5503 1902 5541 ra-

335 5566 533 5622 tionem
558 5561 825 5640 postulare
867 5561 1517 5640 pra-_judieaueepiuionis
1558 5574 1687 5640 sum,
1721 5569 1902 5640 etpo-

333 5646 444 5693 stea
462 5631 803 5705 qui-sitorum
822 5631 1142 5705 solutionem
1167 5632 1437 5705 inducere.
1460 5632 1719 5698 Quoniam
1745 5631 1898 5705 dicis,

336 5699 493 5761 Pater
536 5705 771 5761 exultavit
815 5705 980 5768 illum,
1020 5713 1064 5779 ei
1109 5703 1245 5755 dedit
1271 5702 1617 5779 _illi-nomen,
1659 5699 1901 5779 quodest

336 5794 481 5848 super
522 5792 670 5833 onme
717 5791 917 5840 nomen,
957 5787 1008 5827 ut
1048 5775 1098 5827 in
1145 5774 1344 5827 nomine
1371 5770 1513 5837 ιιι-δη,
1554 5781 1657 5826 etc.
1686 5787 1699 5835 ;
1729 5770 1899 5839 primo

1082 314 1347 375 CONTRA
1388 314 1691 382 JUDASOS,
1733 314 1797 371 IN
1836 313 2249 375 SERPENTEM
2284 317 2568 387 ENEUM,
2611 316 2766 377 ETC.

3466 324 3579 382 798’

1989 431 2119 487 mihi
2132 439 2333 505 statue,
2358 432 2498 505 quod
2519 435 2589 505 sit
2609 433 2735 490 illud
2759 445 2952 490 nomen
2975 447 3138 504 super
3153 446 3315 492 omne
3334 451 3564 505 nomen;

1990 516 2098 574 non
2132 502 2255 557 licet
2282 502 2424 560 enim
2455 503 2585 559 illud
2611 514 2814 561 temere
2851 502 3119 574 proferre,
3159 506 3253 561 sed
3283 507 3335 560 in
3364 509 3440 563 rei
3470 502 3566 564 ve;

1989 572 2148 646 ritate
2196 573 2534 646 statuendum
2579 584 2678 646 est.
2718 572 2866 630 Cum'
2893 576 3158 646 malignus
3204 577 3466 646 quispiam
3513 590 3567 636 te

1990 642 2424 713 interrogaverit,
2447 644 2588 711 justo
2627 642 3048 713 interrogatione
3091 642 3375 701 absurdam
3407 648 3564 704 solve

1990 712 2485 787 interrogationemt
2509 713 2765 787 _Ostendit
2799 712 2940 769 enim
2972 714 3130 787 hodie
3155 715 3400 787 salvator
3425 734 3565 787 quo-

1991 784 2414 858 modo_oporteat
2437 783 2666 858 obliquis
2696 786 3168 858 illisrespondere.
3197 783 3565 858 Interrogare-

1987 862 2115 927 runt
2140 854 3045 927 ServatoremPharisaaidicentes,
3089 854 3153 909 In
3188 872 3289 927 qua
3320 854 3562 927 potestate

1993 923 2295 997 ῥέζε-ρξεὴῖ
2320 925 2433 995 quis
2467 923 2556 978 tibi
2584 925 2722 979 dedit
2752 925 2882 997 hanc
2909 923 3210 995 potestatem
3230 923 3440 997 (Matth.
3469 930 3562 987 2i.

1990 992 2573 1067 23)?_Servator_vero
2610 992 3126 1067 ostendere'volens
3164 992 3267 1051 non
3313 1009 3566 1067 oportere

1992 1063 2242 1133 nequitiae
2286 1064 2617 1138 satisfacere,
2661 1066 2756 1122 sed
2783 1066 3029 1138 absurdis
3061 1063 3564 1138 interrogationibus

1991 1149 2098 1188 non
2151 1134 2582 1203 respondendum
2630 1150 2781 1201 esse,
2820 1136 3103 1191 Pharisaeis
3143 1134 3307 1193 dicit':
3336 1138 3565 1195 Interro-

1990 1204 2120 1279 gabo
2148 1205 2326 1279 vo_s_de
2345 1223 2406 1279 re
2428 1206 2620 1279 aliqua,
2643 1207 2867 1279 _quamsi
2886 1207 3133 1279 dixeritis,
3166 1218 3211 1279 et
3234 1225 3325 1278 ego
3349 1227 3563 1279 respon-

1992 1274 2117 1328 debo
2140 1275 2317 1344 vobis:
2339 1274 2601 1344 Baptisma
2624 1275 2844 1330 Joannis
2870 1278 3005 1330 unde
3038 1287 3145 1330 erat
3161 1278 3189 1330 Ρ
3220 1274 3284 1332 αἱ
3306 1274 3452 1344 cado,
3495 1298 3564 1336 an

1993 1345 2367 1419 exhominibus
2388 1345 2499 1419 (Ι
2522 1362 2569 1402 υ.
2601 1346 2693 1401 24.
2731 1345 2860 1419 25)?
2890 1347 3164 1419 Repressit
3202 1349 3469 1419 improbos
3495 1353 3563 1417 is,

1992 1415 2082 1484 qui
2104 1415 2513 1491 comprehendit
2540 1415 2887 1491 sapientesiu
2916 1415 3037 1491 astu
3066 1417 3115 1491 ia
3144 1415 3348 1473 eorum.
3374 1419 3439 1474 In
3461 1415 3562 1491 qua

1993 1493 2235 1609 Eolestate
2274 1487 2382 1539 lucc
2411 1487 2582 1555 facis?
2612 1487 2724 1557 quis
2765 1486 2852 1541 tibi
2892 1487 3028 1569 ded7t
3072 1489 3202 1542 hanc
3231 1486 3569 1570 potestatein?

2041 1563 2060 1608 ι
2091 1564 2445 1609 Interrogatus
2474 1573 2580 1609 non
2625 1557 2914 1609 resnondet
2949 1573 3048 1609 eis.
3081 1559 3176 1609 sed
3206 1560 3441 1609 vicissim
3484 1562 3566 1609 in-

2041 1563 2060 1608 t
2090 1556 2445 1627 interrogatus
2474 1573 2580 1612 nou
2624 1556 2914 1627 reSpondet
2949 1560 3048 1623 eis,
3081 1559 3176 1614 sed
3206 1559 3441 1615 vicissim
3483 1562 3566 1616 in-

1993 1633 2227 1700 terrogat
2255 1625 2629 1700 :‘Inlerrogabo
2669 1625 2726 1681 et
2759 1644 2853 1699 ego
2894 1642 2979 1681 vos
3022 1628 3085 1682 de
3121 1645 3177 1682 re
3208 1629 3400 1700 aliqua.
3440 1630 3566 1686 Ideo

1992 1694 2122 1753 dicit
2145 1694 2436 1766 propheta,
2464 1694 2591 1751 eam
2623 1694 2808 1752 sancto
2837 1708 3042 1752 sanctus
3071 1700 3191 1765 eris,
3219 1709 3267 1753 et
3293 1694 3418 1754 'cam
3455 1703 3565 1757 viro

1955 1790 1959 1794 -
1990 1766 2253 1820 innocente
2276 1767 2514 1823 innocens
2551 1769 2670 1832 eris,
2719 1778 2767 1822 et
2799 1784 2913 1822 cum
2951 1769 3107 1822 electo
3133 1771 3318 1823 electus
3360 1772 3477 1835 eris,
3518 1782 3567 1826 et

1991 1852 2107 1911 cum
2127 1839 2681 1911 perversohperverteris
2704 1838 2874 1911 (Psal.
2894 1839 2980 1893 17.
3008 1838 3099 1893 20’.
3126 1838 3240 1911 2A7).
3266 1840 3377 1895 Hoc
3395 1857 3424 1895 a
3455 1843 3565 1898 Deo

1993 1906 2539 1982 hominibusdictum
2572 1923 2692 1982 esse
2713 1906 2869 1982 inulti
2911 1917 3117 1982 putant.
3151 1906 3276 1982 Hice
3302 1911 3562 1982 propheta

1993 1976 2103 2050 Deo
2128 1978 2274 2041 dicit,
2305 1978 2427 2050 Cum
2447 1978 2591 2049 justo
2609 1976 2989 2050 justiﬁcaberis,
3027 1996 3142 2032 cum
3169 1981 3276 2033 viro
3302 1976 3567 2037 innocente

1991 2047 2232 2102 innocens
2254 2047 2573 2122 erisLet'cum
2597 2047 2753 2122 electo
2772 2050 2957 2122 electus
2978 2051 3093 2122 eris,
3126 2060 3304 2105 etcum
3334 2068 3565 2122 perverso

1995 2121 2307 2193 perverteris.
2354 2118 2424 2174 Ut
2466 2133 2594 2193 vero
2638 2120 2813 2193 discas
2862 2118 2978 2193 haec
3025 2120 3136 2175 Deo
3174 2122 3302 2193 dici,
3334 2118 3565 2193 pergit:

1998 2187 2248 2261 Quoniam
2272 2198 2326 2241 tu
2354 2190 2595 2261 populum
2628 2190 2868 2261 humilem
2884 2191 3090 2261 salvum
3119 2187 3297 2261 facies,
3327 2187 3374 2246 et
3393 2187 3567 2248 acidas

1998 2206 2248 2254 Quoniam
2272 2206 2326 2241 ιιι
2343 2206 2595 2311 reputant
2628 2206 2868 2244 nunment
2895 2206 3090 2245 satvum
3119 2206 3297 2261 Ιαειεε,
3327 2206 3374 2246 et
3393 2206 3564 2248 oculos

1993 2258 2323 2333 superborum
2379 2261 2630 2333 umiliabis
2649 2259 2762 2330 (Id.
2795 2277 2844 2315 υ.
2875 2260 2993 2332 28).
3024 2261 3249 2333 Semper
3270 2265 3564 2333 nequitiam

1992 2325 2301 2404 Iudaeorum
2348 2330 2501 2385 torsit
2540 2325 2796 2404 Servator
2836 2325 2960 2404 per'
2986 2325 3565 2404 silentiumznequitia

1996 2398 2138 2452 enim
2170 2399 2381 2454 cuinon
2412 2401 2782 2470 rcSpondetur,
2812 2398 2978 2474 magis
2998 2402 3284 2458 cruciatur.
3309 2398 3463 2474 Saepe
3487 2405 3569 2458 iu-

1997 2476 2297 2551 gerrogatus
2345 2478 2449 2551 est.
2490 2480 2691 2551 et_nou
2746 2472 3413 2551 respond_it;_pereontaii'
3443 2483 3570 2551 sunt

1993 2535 2186 2606 Judaei,
2220 2555 2319 2613 nec
2345 2540 2451 2596 illis
2480 2541 2749 2613 quidpiam
2777 2535 3139 2613 reposuit.Eo
3161 2557 3328 2613 usque
3356 2543 3569 2600 Judzeo-

1994 2624 2113 2686 rum
2163 2611 2371 2665 animos
2420 2612 2712 2686 cruciavit,
2743 2621 2817 2686 _u_t
2859 2612 3098 2686 dicerent
3129 2611 3264 2686 illi}
3301 2613 3571 2686 Usquequo

1995 2680 2217 2732 animum
2254 2690 2480 2734 nostram
2515 2682 2694 2735 tollis?
2731 2681 2793 2736 Si
2834 2691 2889 2735 tu
2922 2699 2974 2736 es
3017 2681 3270 2749 Christus,
3306 2680 3395 2738 dic
3428 2680 3572 2740 nobis

1996 2750 2167 2818 palam
2191 2750 2485 2821 (Joanslo.
2518 2750 2630 2820 9.4).
2663 2750 2769 2805 Nec
2795 2760 2970 2806 tamen
3003 2755 3295 2821 respondit,
3326 2756 3428 2809 nisi
3457 2765 3570 2812 tau-

1997 2832 2155 2894 tum:
2183 2820 2336 2894 Smpe
2362 2820 2668 2894 dixivobis,
2694 2830 2749 2875 et
2774 2837 2878 2894 non
2918 2820 3142 2894 audistis
3171 2841 3186 2877 ε
3218 2825 3344 2894 quid
3372 2828 3563 2881 iterum

1996 2889 2155 2960 vultis
2193 2889 2413 2945 audire?
2440 2889 2572 2960 Vide
2600 2891 2868 2960 quomodo
2908 2893 3099 2946 anima:
3135 2889 3249 2947 suae
3276 2896 3568 2951 cruciatmn

1995 2958 2384 3032 declaraverint
2397 2978 2409 3012 :
2422 2958 2702 3032 κυαμιεᾴηο
2722 2962 2943 3015 animam
2960 2971 3183 3017 nostram
3200 2963 3376 3018 tollis?
3392 2982 3574 3025 Ilttlllle

1999 3040 2055 3102 tu
2078 3030 2255 3084 dixisti
2274 3035 2297 3082 γ
2310 3028 2498 3102 Petito,
2520 3028 2575 3086 et
2594 3028 2885 3101 accipietis;
2909 3032 3122 3098 pulsate,
3147 3044 3193 3087 et
3212 3035 3466 3102 aperietur
3485 3054 3573 3090 ro-

1999 3100 2114 3176 bis;
2164 3101 2372 3170 quaerite
2394 3141 2407 3163 ,
2453 3110 2510 3176 _et
2555 3100 2817 3176 inuenietis
2853 3102 3084 3176 (Matth.
3112 3105 3164 3159 7.
3198 3100 3297 3172 7)?
3344 3105 3572 3176 Legistis

1995 3170 2342 3241 Scripturam,
2373 3171 2467 3225 sed
2496 3186 2602 3225 non
2631 3172 2965 3227 intellexistis
2986 3170 3252 3229 dicentem
3285 3195 3297 3230 :
3327 3170 3568 3241 (laterent

1995 3258 2075 3315 me
2099 3242 2245 3308 ntali,
2286 3258 2376 3315 nec
2403 3242 2650 3297 invenient
2675 3242 2853 3315 (Prov.
2883 3245 2934 3298 1.
2959 3244 3090 3315 28).
3120 3244 3187 3299 Ut
3214 3244 3390 3299 discas
3419 3263 3569 3302 eum-

1995 3311 2303 3385 demuesse
2329 3311 2694 3385 characterem
2737 3313 3001 3385 loquentis
3047 3311 3142 3384 per
3179 3316 3473 3385 evangelia,
3517 3328 3573 3373 et

1995 3381 2337 3455 praedicantis
2363 3398 2459 3452 per
2490 3381 2822 3452 prophetas,'
2841 3381 3195 3455 eamdemque
3224 3381 3339 3455 per'
3360 3381 3484 3443 illos
3513 3400 3569 3443 et

1996 3451 2094 3520 per
2127 3451 2225 3506 hos
2254 3451 2527 3527 loquutmn
2558 3451 2680 3527 esse
2714 3471 2727 3508 :
2757 3463 2813 3527 ut
2844 3454 2929 3527 hic
2972 3470 3004 3509 a
3031 3451 3236 3527 Judafis'
3267 3456 3573 3527 interroga-

1998 3531 2086 3597 t_us
2112 3536 2221 3597 non
2259 3521 2554 3597 respondit,
2588 3522 2680 3597 sed
2726 3522 2847 3597 aliis
2877 3525 3384 3597 interrogationibus
3424 3521 3570 3597 ipsos

1999 3593 2227 3647 frenavit
2259 3610 2272 3649 :
2302 3593 2380 3647 sic
2421 3602 2474 3646 et
2506 3594 2560 3647 in
2589 3593 2766 3648 Veteri
2797 3593 2924 3648 dicit
2954 3593 3099 3650 Deus
3122 3595 3387 3651 Ezechieli
3418 3593 3570 3653 {Fili

1998 3662 2237 3736 hominis,
2263 3679 2375 3717 ecce
2399 3663 2700 3736 ﬁliiApOpuli
2723 3666 2928 3736 ueniunt
2953 3666 3020 3736 ad
3046 3682 3123 3719 me
3148 3667 3216 3736 ad
3243 3667 3565 3736 interrogan-

1998 3734 2129 3805 dum
2134 3749 2413 3805 sermonem
2432 3750 2450 3805 ς
2468 3734 2577 3787 vivo
2599 3750 2710 3804 ego,
2726 3734 2769 3788 si
2794 3735 3103 3805 respondebo
3119 3735 3222 3790 illis
3244 3734 3458 3802 (Ezech.
3478 3738 3572 3794 20.

1997 3803 2077 3872 3).
2109 3803 2268 3877 Vides
2288 3804 2534 3877 eumdem
2564 3803 2970 3877 characterem:
2992 3805 3111 3860 vide
3132 3815 3261 3876 quot
3286 3817 3571 3877 tormenta,

1997 3883 2129 3998 ﬂuet
2157 3875 2623 3944 interrogationes,
2652 3883 2780 3943 quot
2800 3875 3105 3945 petitiones,
3133 3875 3187 3931 et
3212 3891 3318 3932 non
3341 3875 3571 3949 responQ

2040 3945 2099 3998 it.
2138 3942 2238 3998 Ubi
2284 3956 2462 3998 autem
2503 3945 2702 3998 invenit
2742 3948 2973 3998 animam
3014 3947 3332 3998 simplicem.
3364 3959 3420 3998 et
3447 3949 3571 3998 ﬁde.

2040 3945 2099 3998 it.
2138 3942 2238 4017 [ibi
2284 3942 2462 4017 autem
2503 3942 2702 4017 invenit
2742 3942 2973 4017 animam
3014 3947 3332 4017 simplicem,
3364 3942 3577 4007 et'lide-

2002 4015 2127 4076 lem,
2164 4014 2279 4069 luce
2303 4022 2359 4068 et
2387 4015 2726 4085 simplicitate
2754 4016 2988 4085 plenam,
3019 4014 3135 4073 noni
3151 4014 3323 4073 modo
3343 4019 3578 4078 interro-

1998 4094 2152 4210 gatus
2194 4085 2501 4155 respondet.
2545 4086 2639 4143 sed
2668 4088 2826 4143 etiam
2871 4102 2974 4143 non
3005 4089 3357 4158 interrogatus
3394 4091 3573 4148 docet.

2048 4157 2144 4210 biit
2165 4156 2446 4210 aliquando
2472 4157 2612 4210 circa
2637 4158 2930 4210 Samariam
2959 4158 3134 4210 Iesus.
3166 4161 3362 4210 invenit
3389 4163 3573 4210 mulie-

2048 4156 2446 4226 biitaliquando
2472 4157 2612 4210 circa
2637 4158 2930 4212 Samariam
2959 4158 3134 4226 Iesus,
3166 4156 3362 4213 iu'veuit
3389 4163 3577 4215 mulie-

2001 4241 2112 4298 rem
2140 4225 2523 4298 Saitiztriuittum
2549 4227 2879 4298 haurientem
2897 4243 3109 4298 aquam,
3140 4237 3194 4283 et
3219 4229 3347 4283 dicit
3372 4230 3468 4296 illi,
3497 4232 3577 4284 Da

2001 4297 2124 4349 mihi
2150 4295 2314 4349 bibere
2344 4293 2523 4364 (Joan.
2551 4295 2605 4350 4.
2638 4297 2718 4365 7).
2747 4297 2847 4364 Qui
2878 4293 3036 4353 vitam
3066 4299 3176 4363 dat,
3203 4298 3334 4354 dicit
3369 4293 3464 4365 illi,
3496 4300 3576 4354 Da

2001 4366 2126 4436 mihi
2152 4366 2334 4436 bibere.
2381 4365 2612 4420 Sedebat
2641 4367 2707 4420 ad
2739 4365 3126 4436 puteum,'l'ons
3160 4382 3321 4436 supra
3350 4368 3574 4426 lentem.

2004 4435 2224 4509 Deinde,
2265 4445 2323 4509 ut
2350 4436 2579 4509 breviter
2611 4436 2781 4509 dicam
2815 4437 2963 4509 (nam
2989 4435 3314 4508 propositum
3346 4451 3426 4493 est
3469 4458 3575 4497 non

2005 4505 2141 4560 hanc
2162 4507 2428 4584 explicare
2439 4507 2750 4584 historiam,
2773 4505 2875 4584 _sed
2899 4506 2965 4584 ad
3003 4505 3302 4584 institutum
3329 4511 3573 4584 reverti),

2003 4578 2209 4648 rogavit
2248 4592 2369 4631 eum
2399 4578 2539 4631 illa“
2586 4589 2639 4632 ut
2666 4579 2892 4634 veniret.
2925 4577 3073 4632 lllum
3105 4578 3194 4648 qui
3226 4595 3346 4634 cum
3376 4577 3577 4636 Judmis

2003 4657 2058 4700 et
2098 4646 2448 4702 Samaritanis
2484 4650 2795 4703 versabatur
2838 4646 3206 4718 interrogavit.
3258 4652 3576 4709 Samaritani

2004 4732 2134 4771 vero
2167 4719 2329 4789 circa,
2355 4720 2559 4781 urbem,
2587 4734 2707 4787 qua:
2745 4734 2886 4773 nunc
2907 4732 3131 4774 voentur
3158 4719 3426 4789 Neapolis,
3462 4724 3577 4776 rul-

2007 4797 2117 4860 tum
2143 4802 2294 4842 suum
2321 4788 2548 4860 habent;
2572 4789 2740 4842 Judaei
2768 4800 2949 4844 autem
2973 4788 3337 4860 ierosolymis.
3370 4792 3507 4847 Dicit
3528 4795 3577 4848 ci

2004 4858 2333 4911 Samaritana
2367 4878 2379 4913 :
2411 4857 2645 4923 Domine,
2681 4869 2848 4927 patres
2873 4862 3033 4916 nostri
3057 4860 3109 4914 in
3139 4857 3232 4913 hoc
3255 4873 3419 4915 monte
3455 4862 3579 4915 ado-

2004 4938 2238 4980 raverunt
2284 4944 2302 5001 ς
2346 4928 2596 5001 quomodo
2641 4929 2826 5001 dicunt
2852 4929 3023 5001 Judaei
3074 4932 3194 4998 quia
3243 4931 3580 5001 Jerosolymis

2005 5008 2199 5068 oportet
2234 4998 2448 5051 adorare
2480 4999 2637 5067 (Ibid.
2668 5015 2713 5052 υ.
2746 4998 2877 5068 20)?
2904 4999 3036 5055 Vide
3075 5001 3308 5054 animam
3339 4998 3578 5057 discendi

2004 5067 2291 5136 enpidam,
2340 5069 2615 5123 mulierem
2675 5069 2967 5131 miserant,
3028 5069 3226 5125 virtute
3291 5074 3579 5128 excefsam.

1998 5137 2230 5211 Egressa
2254 5138 2419 5211 estad
2452 5138 2798 5211 hauriendam
2823 5154 3033 5211 aquam,
3061 5150 3115 5211 et
3140 5142 3311 5211 haurit
3338 5159 3402 5211 ex
3435 5143 3581 5197 futile

2008 5208 2224 5283 ﬂuenta.
2257 5206 2577 5283 Samaritani
2599 5206 2959 5283 bieadorant,
2990 5209 3159 5283 Judufi
3182 5208 3536 5283 Jerostilymis
3559 5232 3575 5265 :

2005 5276 2154 5330 solve
2182 5280 2552 5346 quzestioncm.
2597 5278 2734 5332 Dicit
2772 5279 3025 5333 Servator
3057 5299 3070 5333 :
3105 5281 3262 5335 Amen
3310 5276 3424 5336 dico
3471 5284 3581 5346 tibi,

2006 5346 2209 5420 mulier,
2232 5348 2351 5415 quia
2379 5349 2537 5420 veniet
2554 5349 2856 5420 rhora,_cum
2883 5365 3040 5420 neque
3065 5351 3117 5404 in
3160 5363 3324 5406 monte
3350 5358 3458 5414 hoc,
3493 5368 3582 5405 nec

2004 5415 2338 5491 Jerosolyntis
2380 5419 2663 5491 adorabunt
2717 5418 2919 5491 Patrem
2957 5415 3132 5490 (Ibid.
3187 5439 3235 5477 υ.
3288 5424 3401 5491 21).
3447 5421 3584 5475 Deus

2007 5488 2156 5558 enim?
2179 5487 2401 5558 Spiritus
2417 5497 2509 5553 est,
2539 5490 2588 5542 id
2612 5498 2714 5553 est,
2741 5490 2935 5557 ubique
2957 5487 3035 5545 est
3056 5509 3070 5558 ;
3093 5503 3139 5546 et
3160 5487 3426 5545 adorantes
3448 5507 3579 5555 eum,

2005 5572 2058 5633 in
2079 5557 2259 5633 spiritu
2291 5567 2336 5611 et
2363 5559 2569 5633 veritate
2596 5570 2792 5629 oportet
2815 5563 3029 5633 adorare
3058 5557 3216 5633 (Ibid.
3236 5577 3288 5633 _v.
3313 5562 3403 5627 “24)
3430 5579 3441 5613 :
3476 5578 3581 5613 non

2009 5627 2126 5698 loco
2159 5627 2658 5684 cireumset'ihentes
2696 5631 3013 5695 orationem,
3063 5627 3155 5684 sed
3200 5631 3393 5698 ubique
3438 5635 3587 5686 cele-

2007 5697 2248 5771 brantes.
2274 5698 2361 5771 AUt
2391 5715 2516 5753 vero
2555 5700 2700 5756 clare
2746 5702 3041 5768 intelligere
3094 5716 3200 5753 non
3233 5697 3422 5771 potuit,
3469 5718 3586 5771 qua:

2012 5767 2222 5824 dicebat
2262 5769 2525 5840 (tuulieris
2562 5773 2702 5827 enim
2748 5767 2976 5826 mentem
3004 5768 3331 5840 superabat),
3368 5767 3500 5826 dicit
3540 5776 3588 5827 ei
