4100 6214
493 393 550 447 Η
1228 379 1284 435 S.
1324 375 1602 434 JOANNIS
1635 372 2105 434 CllllYSOSTOMl
2144 376 2458 433 ARCHIEP.
2501 379 3035 440 CONSTANTINOP.
3683 392 3759 449 η

491 512 571 555 tes
614 497 972 561 vocabantur,
1017 493 1233 566 quidam
1281 489 1590 548 Corinthius
1632 499 1748 546 erat
1793 487 1892 564 (α).
1938 490 2063 545 Hinc

486 608 647 664 porro
668 600 701 647 a
729 593 881 646 nobis
919 603 1026 644 non
1050 584 1423 641 ostentationis
1466 597 1627 638 causa
1650 622 1666 649 ,
1696 596 1795 636 nec
1837 580 1905 635 ad
1933 595 2058 635 eru-

485 686 741 743 ditionem
771 680 1127 740 exhibendam
1176 678 1319 733 dicta
1363 685 1526 731 sunt:
1566 674 1694 745 quid
1724 674 1866 729 enim
1910 673 2062 744 juvat

486 780 601 835 haec
625 776 826 833 nosse?
857 773 951 828 sed
980 772 1094 826 haec
1117 769 1186 827 ad
1226 768 1466 840 epistolae
1507 774 1874 837 argumentum
1906 764 2061 821 nobis

482 871 786 928 conferunt.
817 868 974 923 Multa
1003 874 1180 920 autem
1220 864 1273 919 in
1302 862 1403 920 hac
1430 861 1561 917 urbe
1596 873 1787 931 passus
1814 867 1897 913 est
1925 857 2061 912 Pau-

484 964 588 1027 lus,
615 972 669 1017 et
693 959 938 1016 Christus
969 958 1022 1011 in
1049 956 1134 1010 illa
1162 967 1427 1025 apparens
1448 952 1520 1020 ei,
1552 950 1685 1006 dixit
1716 967 1730 1004 :
1762 947 1845 1002 Ne
1868 958 2058 1013 taceas,

483 1057 571 1112 sed
597 1057 796 1125 loquere
835 1069 853 1106 :
881 1052 1002 1123 quia
1025 1048 1215 1103 multus
1239 1056 1308 1101 est
1336 1046 1461 1100 mihi
1488 1044 1706 1115 populus
1744 1042 1796 1097 in
1823 1041 1919 1094 hac
1941 1040 2062 1094 ciui-

484 1159 586 1203 tate
614 1146 752 1216 (Act.
784 1143 873 1199 18.
920 1142 975 1198 9..
1022 1140 1131 1211 10).
1165 1139 1232 1193 Et
1269 1137 1464 1193 mansit
1510 1135 1581 1190 ibi
1619 1134 1755 1189 duos
1781 1129 1983 1186 annos.”
2001 1130 2065 1185 In

485 1242 583 1296 hac
602 1251 814 1310 quoque
833 1235 1047 1291 daemon
1065 1231 1213 1294 exiit,
1236 1243 1395 1299 quem
1417 1225 1588 1282 Judaei
1612 1223 1920 1294 adjurantes
1941 1235 2062 1290 gra-

486 1335 566 1390 via
593 1333 661 1387 ab
692 1331 785 1386 illo
815 1328 957 1398 passi
985 1334 1109 1381 sunt
1134 1341 1148 1377 :
1174 1325 1225 1377 in
1257 1321 1357 1376 hac
1396 1319 1523 1374 item
1549 1316 1766 1388 quidam
1797 1315 2059 1385 paeniten-

485 1428 554 1482 tia
597 1423 739 1480 ducti
780 1421 944 1484 libros
987 1416 1219 1488 magicos
1259 1412 1694 1476 combusserunt;
1723 1418 1777 1464 et
1803 1407 1913 1461 visa
1938 1414 2062 1461 sunt

482 1516 862 1592 quinquaginta
893 1512 1057 1567 millia
1086 1531 1099 1567 :
1136 1509 1189 1564 in
1233 1507 1335 1565 hac
1379 1504 1601 1561 demum
1626 1544 1642 1570 ,
1663 1502 1909 1558 Gallione
1939 1515 2062 1570 pro-

484 1608 705 1667 consule
730 1607 781 1661 in
820 1601 1071 1675 tribunali
1100 1599 1323 1656 sedente
1342 1638 1359 1665 ,
1391 1596 1587 1652 Paulus
1613 1593 1928 1649 verberatus
1953 1600 2057 1646 est.

484 1701 687 1758 ‘Videns
712 1713 842 1768 ergo
870 1694 1119 1751 diabolus
1159 1691 1426 1751 civitatem
1464 1701 1713 1758 magnam
1741 1693 1798 1740 et
1839 1683 2063 1754 populo—

484 1810 599 1851 sam
629 1793 909 1849 veritatem
935 1785 1247 1856 accepisse;
1278 1782 1458 1848 illam,
1499 1780 1754 1849 inquam,
1784 1775 2063 1832 divitiiset

484 1886 746 1959 sapientia
795 1881 1134 1943 mirabilem,
1182 1875 1511 1944 Graeciaque
1554 1870 1916 1942 praecipuam;
1974 1880 2063 1921 res

484 1956 625 2034 enim
677 1971 1083 2032 Atheniensium
1133 1975 1189 2021 et
1241 1962 1808 2024 Lacedaemoniorum,
1853 1956 2066 2013 sublato

478 2071 593 2140 jam
616 2069 742 2123 olim
769 2066 899 2136 ipsis
921 2061 1165 2133 imperio,
1196 2060 1393 2114 misere
1416 2054 1664 2127 jaeebant
1687 2069 1700 2105 :
1725 2051 1911 2106 videns
1934 2050 2060 2104 item

481 2161 792 2218 Corinthios
818 2156 983 2213 alacri
1011 2155 1194 2210 animo
1215 2151 1439 2209 verbum
1465 2147 1557 2203 Dei
1586 2144 1906 2215 suscepisse;
1933 2140 2063 2212 quid

486 2253 646 2311 facit?
672 2251 931 2309 Homines
974 2246 1202 2303 dividit:
1231 2243 1436 2300 sciebat
1484 2240 1627 2296 enim
1677 2253 1903 2309 regnum
1941 2250 2063 2291 om-

485 2347 631 2402 nium
662 2340 1094 2416 potentissimum
1121 2339 1176 2392 in
1215 2337 1452 2405 seipsum
1498 2331 1726 2387 divisum
1775 2338 1918 2384 stare
1956 2340 2061 2381 non

486 2454 661 2510 posse.
692 2436 1041 2493 Occasionem
1082 2440 1258 2486 autem
1293 2428 1478 2483 habuit
1519 2424 1584 2480 ad
1616 2423 1839 2479 insidias
1869 2435 2061 2491 paran-

484 2534 600 2596 das,
631 2527 982 2585 habitantium
1010 2523 1227 2580 divitias
1249 2532 1409 2591 atque
1437 2516 1773 2587 sapientiam.
1798 2513 1934 2567 Hinc
1957 2511 2065 2567 illis

486 2630 540 2681 in
568 2623 824 2679 factiones
851 2619 1135 2677 adversum
1167 2629 1227 2669 se
1253 2624 1437 2667 mutuo
1463 2609 1647 2665 divisis
1665 2649 1681 2675 ,
1706 2622 1827 2661 cum
1849 2603 2065 2676 quidam

483 2733 669 2775 eorum
712 2730 771 2770 se
820 2721 1017 2782 suopte.
1056 2707 1280 2764 arbitrio
1330 2704 1689 2774 delegissent,
1741 2696 2064 2753 multitudini

487 2808 919 2882 praefuerunt;.et
945 2802 1036 2857 alii
1063 2800 1277 2871 quidem
1306 2797 1389 2852 his
1408 2839 1423 2865 ,
1449 2795 1541 2853 alii
1569 2794 1671 2849 illis
1697 2808 1817 2848 sese
1841 2789 2062 2846 dedide—

490 2909 653 2966 runt,
685 2898 792 2953 illis
817 2905 876 2951 ut
910 2893 1164 2950 divitibus
1187 2932 1202 2954 ,
1251 2889 1334 2944 bis
1377 2896 1437 2942 ut
1465 2884 1795 2957 sapientibus
1822 2883 1913 2953 qui
1943 2882 2063 2952 plus

489 2999 706 3064 possent
730 2988 922 3045 docere
951 3003 965 3040 :
992 2984 1106 3056 qui,
1123 2980 1391 3053 adjunctis
1413 2978 1516 3035 sibi
1543 2978 1669 3042 illis,
1696 2976 2063 3048 gloriabantur

485 3102 545 3142 se
576 3086 723 3156 plura
757 3083 956 3146 dicere,
995 3091 1160 3147 quam
1179 3073 1465 3146 Apostolus
1490 3088 1505 3138 ;
1530 3070 1580 3126 id
1603 3069 1745 3141 quod
1786 3068 1943 3123 etiam
1975 3066 2065 3122 ille

486 3178 826 3235 subindicans
854 3170 1101 3228 dicebat:
1132 3167 1255 3222 Non
1280 3165 1422 3237 potui
1446 3163 1581 3219 vobis
1627 3162 1763 3233 loqui
1810 3171 2065 3230 tamquam

484 3269 830 3343 spiritualibus
864 3267 884 3335 (
913 3266 964 3319 1.
992 3262 1110 3319 Cor.
1139 3262 1193 3317 ὅ.
1229 3261 1253 3314 1
1289 3256 1331 3332 ).
1358 3257 1518 3313 Certe
1562 3271 1667 3309 non
1699 3270 1762 3309 ex
1792 3252 1939 3308 Pauli
1967 3266 2063 3322 pe-

488 3363 659 3427 nuria,
687 3359 781 3416 sed
810 3374 874 3413 ex
905 3357 1116 3411 illorum
1147 3351 1452 3408 inﬁrmitate
1482 3346 1679 3402 factum
1706 3354 1789 3400 est
1811 3386 1827 3412 ,
1858 3352 1917 3399 ut
1956 3357 2062 3398 non

485 3456 650 3510 multa
706 3451 951 3507 audirent
995 3461 1012 3502 :
1060 3455 1116 3501 et
1160 3444 1264 3499 hoc
1311 3439 1507 3495 indicat
1549 3437 1701 3504 illud,
1747 3437 1872 3492 Sine
1923 3434 2065 3488 nobis

484 3547 657 3602 diuites
701 3542 823 3615 {acti
871 3540 988 3594 estis
1032 3536 1128 3609 (1.
1160 3535 1277 3591 Cor.
1304 3533 1358 3588 4.
1389 3530 1484 3603 8).
1522 3526 1654 3597 Qua:
1696 3543 1781 3582 res
1811 3541 1917 3582 non
1943 3539 2066 3595 par-

486 3656 571 3706 va,
603 3636 700 3692 sed
723 3633 961 3689 omnium
993 3626 1444 3701 perniciosissima
1481 3630 1597 3678 erat
1618 3663 1634 3688 ,
1661 3618 1803 3691 quod
1826 3617 2062 3674 Ecclesia

484 3727 892 3785 discinderetur.
926 3722 1007 3777 Ad
1036 3722 1151 3775 haec
1172 3728 1350 3781 autem
1371 3713 1516 3775 aliud
1542 3713 1719 3779 scelus
1741 3709 2061 3766 admitteba-

486 3833 590 3888 tur,
620 3817 762 3890 quod
791 3814 1006 3887 quidatn
1032 3853 1048 3878 ,
1076 3810 1165 3881 qui
1191 3823 1310 3864 cum
1339 3819 1569 3861 noverca
1599 3818 1695 3858 sua
1724 3802 1927 3868 coiret,
1959 3812 2060 3854 nec

488 3910 646 3967 modo
660 3925 763 3964 non
779 3906 1159 3976 eorriperetur,
1177 3899 1273 3955 sed
1291 3898 1453 3954 etiam
1468 3903 1639 3951 coetus
1653 3901 1885 3965 cogeret,
1904 3899 1959 3946 et
1969 3905 2056 3945 se-

486 4003 744 4076 quacibus
770 4001 882 4055 suis
910 3994 1162 4054 suaderet
1190 4000 1247 4047 ut
1288 3991 1454 4046 altum
1484 3994 1757 4059 saperent.
1787 3984 1910 4044 Ideo
1938 3983 2013 4038 ait
2039 3998 2055 4036 :

488 4098 554 4153 Et
581 4113 667 4152 vos
708 4094 877 4165 inflati
906 4091 1062 4157 estis,
1091 4097 1137 4142 et
1180 4102 1283 4141 non
1307 4083 1467 4155 magis
1496 4081 1693 4137 luxistis
1725 4079 1816 4151 (1.
1848 4076 1968 4139 Cor.
1999 4076 2054 4132 5.

482 4192 563 4266 2).
593 4190 675 4247 Ad
706 4190 820 4244 ilch
848 4196 1024 4241 autem
1054 4180 1271 4253 quidam
1292 4193 1358 4233 ex
1387 4176 1453 4231 iis
1476 4174 1566 4245 qui
1594 4171 1936 4243 perfectiores
1961 4171 2069 4225 ha~.

486 4262 767 4348 hebantur,
798 4293 919 4335 cum
948 4277 1017 4330 ob
1048 4271 1331 4343 ingluviem
1357 4280 1420 4324 ea
1454 4281 1575 4338 quae
1600 4265 1756 4321 idolis
1784 4262 2055 4319 immolata

487 4377 699 4433 fuerant
716 4371 1083 4442 degustarent,
1108 4372 1163 4420 et
1192 4363 1247 4417 in
1275 4358 1488 4432 templis
1511 4356 1910 4421 accumberent,
1940 4369 2067 4409 om-.

483 4471 565 4523 nia
590 4446 1026 4539 pessumdabant.
1061 4460 1164 4515 Alii
1212 4471 1424 4513 rursum
1451 4454 1576 4508 lites
1604 4461 1660 4506 et
1682 4445 2053 4506 contentiones

484 4534 743 4618 liabetttes
770 4570 868 4624 pro
890 4550 1133 4624 pecuniis
1152 4590 1169 4617 ,
1198 4545 1438 4604 externis
1461 4540 1816 4598 tribunalibus
1844 4534 2052 4608 negotia

551 4820 628 4887 (α)
647 4818 906 4871 Periander
921 4809 1195 4887 veriuere
1211 4797 2058 4887 ξςερξεεξξῑηὶξέὶτὲείξξξείεξιξὶξιεξ

489 4866 884 4939 animalia
903 4872 1208 4939 quibusdam.
1224 4874 1325 4939 non
1354 4876 1449 4919 una
1468 4866 1649 4926 quippe
1686 4866 1765 4910 est
1785 4866 1835 4908 in
1858 4868 2051 4923 septem

490 4934 781 5012 sapientium
801 4934 1095 4991 recensione
1107 4934 1367 4982 sententia.

2164 491 2262 531 sua
2301 477 2701 547 permittebant.
2748 479 2898 536 Multi
2944 494 3157 555 quoque
3197 485 3397 541 eomatl
3443 488 3586 558 apud
3625 489 3753 548 illae

2166 567 2483 634 circuibant,
2512 586 2648 640 quos
2671 571 2831 626 etiam
2875 572 3089 628 tonderi
3133 574 3309 644 jubet.
3348 578 3510 635 Aliud
3535 595 3756 652 quoque

2167 661 2418 718 delictum
2445 673 2560 718 erat
2581 679 2687 719 non
2715 679 2957 734 parvum,
2986 666 3129 737 quod
3162 668 3216 723 in
3247 671 3491 727 ecclesiis
3519 675 3753 729 seorsim

2166 753 2533 821 comederent,
2567 770 2740 826 neque
2769 756 2953 827 egenis
2979 757 3340 828 impertirent.
3367 761 3424 816 ln
3453 763 3557 819 alia
3583 766 3745 821 etiam

2167 861 2225 902 re
2247 848 2560 917 peccabant,
2591 849 2732 919 quod
2750 850 2818 905 de
2838 850 3248 908 charismatibus
3274 855 3438 911 altum
3468 868 3746 930 saperent,

2166 937 2394 1007 indeque
2440 940 2576 996 inter
2620 941 2744 997 illos
2786 942 3057 1000 aemulatio
3085 947 3322 1002 oriretur
3354 966 3368 1003 :
3395 950 3536 1020 quod
3566 952 3740 1021 ipsum

2164 1045 2374 1101 quoque
2403 1032 2695 1088 Ecclesium
2733 1033 3030 1091 scindebat.
3072 1036 3505 1097 Resurrectionis
3531 1057 3752 1114 quoque-

2164 1120 2405 1178 doctrina
2432 1126 2570 1194 apud
2602 1126 2722 1183 illos
2749 1126 3085 1184 claudicabat
3111 1147 3127 1183 :
3158 1131 3375 1200 quidam
3405 1134 3550 1188 enim
3600 1135 3741 1204 apud

2166 1213 2287 1269 illos
2315 1215 2546 1272 futuram
2576 1232 2862 1289 corporum
2903 1223 3356 1281 resurrectionem
3406 1239 3513 1280 non
3560 1226 3745 1280 admo-

2168 1306 2293 1360 dum
2333 1308 2656 1377 credebant,
2685 1309 2886 1366 Graecze
2915 1311 3090 1371 adhuc
3119 1315 3358 1371 stultitiae
3381 1316 3569 1371 morbo
3598 1317 3743 1372 labo-

2165 1405 2370 1452 rantes.
2402 1397 2530 1453 Ha:c
2555 1400 2751 1470 quippe
2774 1402 2951 1465 omnia
2976 1411 3155 1462 ortum
3185 1403 3455 1461 habebant
3481 1421 3547 1461 ex
3573 1405 3735 1476 philo-

2163 1487 2367 1559 sophiae
2412 1498 2649 1546 externa:
2696 1491 2925 1553 stultitia
2974 1510 2989 1547 :
3036 1502 3091 1549 et
3139 1493 3256 1550 bazc
3311 1506 3431 1552 erat
3479 1497 3737 1562 malorum

2166 1588 2337 1635 mater
2363 1593 2377 1629 :
2398 1579 2524 1637 hinc
2548 1580 3003 1651 discindebantur,
3021 1585 3165 1656 quod
3179 1587 3350 1658 ipsum
3367 1603 3397 1641 a
3414 1587 3749 1659 philosophis

2165 1668 2482 1726 didicerant.
2529 1671 2664 1730 Nam
2708 1684 2764 1729 et
2806 1674 2885 1730 illi
2930 1676 3032 1731 sibi
3078 1685 3263 1731 mutuo
3288 1678 3745 1747 adversabantur,

2166 1764 2372 1833 imperii
2391 1773 2445 1819 et
2459 1780 2608 1821 vanze
2631 1766 2817 1836 gloria:
2844 1782 3007 1824 causa
3036 1769 3263 1825 aliorum
3289 1785 3504 1842 semper
3525 1780 3751 1828 sentenq

2167 1857 2290 1912 tiam
2314 1858 2715 1930 impugnantes,
2744 1869 2800 1916 et
2825 1876 2962 1916 nova
2990 1862 3257 1932 prioribus
3282 1847 3483 1920 addere
3510 1863 3741 1921 studen-

2166 1959 2267 2004 tes.
2296 1948 2385 2005 Sic
2407 1964 2584 2007 autem
2611 1951 2788 2008 affecti
2814 1962 2969 2011 erant
2996 1995 3012 2020 ,
3039 1955 3162 2025 quia
3187 1955 3479 2011 ratiociniis
3498 1972 3594 2012 sua
3623 1972 3752 2027 per-.

2165 2039 2464 2095 mittebant.
2495 2041 2575 2097 Illi
2603 2052 2785 2098 autem
2812 2047 3142 2114 scripserunt
3168 2045 3215 2101 ei
3242 2060 3336 2116 per
3361 2045 3732 2111 Fortunatum,

2166 2133 2491 2203 Stephanam
2538 2145 2592 2190 et
2615 2134 2908 2193 Achaicum
2938 2136 3233 2202 mittentes,
3258 2151 3482 2206 quorum
3503 2152 3665 2207 opera
3687 2149 3749 2196 et

2168 2228 2281 2299 ipse
2318 2227 2611 2298 Epistulam
2652 2227 2818 2284 misit.
2864 2229 2935 2284 Et
2970 2229 3076 2285 hoc
3104 2228 3357 2287 indicavit
3386 2231 3438 2284 in
3484 2230 3588 2284 fine
3618 2229 3741 2298 Epi-

2165 2320 2316 2375 stola:
2339 2360 2357 2386 ,
2384 2319 2583 2374 nonde
2611 2320 2859 2376 omnibus
2888 2321 3111 2390 loquens
3135 2360 3150 2384 ,
3181 2320 3277 2376 sed
3306 2321 3376 2376 de
3401 2319 3668 2375 connubio
3691 2330 3746 2374 et

2167 2410 2233 2466 de
2251 2411 2567 2481 virginitate.
2586 2410 2708 2467 Ideo
2727 2410 2937 2466 dicebat
2960 2429 2974 2465 :
2998 2410 3077 2464 De
3092 2409 3270 2480 quibus
3289 2421 3455 2463 autem
3476 2410 3755 2479 scripsistis,

2166 2505 2288 2559 mihi
2317 2504 2392 2577 (1.
2419 2503 2536 2558 Cor.
2569 2505 2622 2558 7.
2650 2501 2761 2576 11).
2789 2501 2885 2558 ille
2911 2518 3074 2574 porro
3119 2512 3175 2558 et
3198 2502 3267 2558 de
3295 2502 3490 2573 quibus
3515 2505 3745 2572 scripse-

2166 2606 2308 2665 runt,
2338 2605 2394 2653 et
2419 2597 2489 2653 de
2513 2597 2710 2668 quibus
2741 2612 2847 2652 non
2878 2597 3215 2667 scripserunt
3235 2636 3250 2660 ,
3279 2595 3561 2666 epistolam
3593 2594 3740 2657 texit,

2165 2705 2287 2744 cum
2319 2689 2500 2744 omnia
2547 2689 2762 2743 illorum
2797 2687 2926 2742 vitia
2951 2686 3278 2743 edidicisset.
3325 2686 3390 2740 Et
3427 2701 3546 2740 cutn
3576 2684 3754 2746 literis.

2165 2781 2500 2841 Timotheum
2518 2778 2700 2846 mittit,
2721 2793 2919 2850 gnarus
2938 2778 3042 2832 vim
3066 2792 3309 2848 magnam
3328 2775 3599 2831 habituras
3624 2775 3743 2830 lite-

2167 2890 2252 2929 ras
2269 2888 2422 2940 esse,
2448 2888 2548 2928 nec
2570 2886 2787 2942 parvam
2812 2871 3178 2926 accessionem
3200 2869 3478 2924 allaturam
3500 2867 3742 2936 discipuli

2166 2966 2527 3037 praesentiam.
2567 2965 2699 3034 Quia
2726 2978 2856 3019 vero
2893 2963 2959 3030 ii,
2985 2962 3077 3033 qui
3103 2960 3402 3025 Ecclesiam
3427 2959 3755 3031 diviserant,

2165 3066 2412 3114 verentes
2440 3072 2509 3112 ne
2538 3054 2855 3111 ambitionis
2880 3067 3042 3109 causa
3087 3050 3140 3107 id
3182 3051 3375 3107 fecisse
3400 3049 3707 3107 viderentur
3724 3090 3745 3115 ,η

2169 3149 2423 3222 pmpositi
2449 3148 2529 3204 sui
2553 3148 2803 3204 obtentus
2828 3147 3287 3218 excogitaverunt,
3314 3143 3457 3215 quod
3487 3143 3738 3198 nimirum

2168 3240 2483 3314 perfectiora
2511 3239 2768 3294 docerent
2791 3248 2846 3292 et
2868 3236 3223 3308 sapientiores
3244 3235 3362 3290 aliis
3386 3243 3593 3299 essent;
3614 3247 3743 3288 con-

2169 3344 2247 3388 tra
2288 3332 2431 3386 hunc
2459 3330 2705 3385 morbum
2749 3328 2922 3399 primo
2961 3326 3189 3396 insurgit
3230 3324 3462 3391 Paulus,
3505 3323 3738 3380 radicem

2168 3426 2434 3481 malorum
2460 3422 2790 3492 deprimens,
2817 3436 3026 3478 necnon
3052 3418 3449 3475 dissensionem
3473 3417 3598 3472 inde
3625 3415 3750 3471 sub-.

2166 3529 2382 3575 ortam:
2412 3516 2685 3585 multaque
2732 3513 2983 3584 loquendi
3029 3511 3221 3566 fiducia
3268 3510 3455 3565 utitur.
3504 3509 3569 3565 Hi
3599 3509 3740 3564 enim

2165 3610 2396 3667 maxime
2419 3607 2659 3663 omnium
2687 3605 2932 3675 discipuli
2969 3604 3052 3659 sui
3079 3611 3270 3664 erant;
3312 3601 3511 3658 idcirco
3540 3603 3615 3657 ait
3645 3599 3743 3657 :Si

2165 3705 2281 3759 aliis
2304 3718 2407 3755 non
2426 3716 2537 3755 sum
2552 3698 2832 3768 apostolus,
2854 3696 2991 3752 vobis
3016 3707 3150 3754 certe
3177 3712 3292 3750 sum
3315 3710 3334 3748 :
3358 3710 3444 3749 vos
3471 3695 3602 3749 enim
3625 3694 3753 3751 estis.

2164 3792 2483 3867 signaculum
2511 3789 2826 3860 apostolatus
2855 3790 2951 3843 mei
2974 3791 3052 3858 (1.
3079 3787 3199 3843 Cor.
3227 3787 3281 3843 9.
3298 3786 3358 3859 ‘2)
3393 3806 3406 3842 :
3435 3796 3486 3842 et
3514 3787 3631 3841 aliis
3656 3786 3739 3840 in-

2165 3888 2427 3944 firmiores
2455 3890 2645 3947 erant;
2687 3881 2809 3937 ideo
2847 3882 2977 3937 dicit
3005 3899 3018 3935 :
3050 3879 3172 3935 Non
3202 3882 3335 3936 enim
3376 3891 3431 3936 ut
3458 3880 3739 3951 spirituali-

2164 3985 2255 4040 bus
2293 3984 2528 4054 loquutus
2573 3997 2687 4036 sum
2714 3995 2733 4033 :
2754 3976 2979 4033 nondum
3022 3974 3156 4029 enim
3196 3975 3466 4045 poteratis,
3514 3977 3601 4027 sed
3648 3988 3742 4031 nec.

2163 4094 2296 4132 nunc
2322 4074 2524 4146 potestis
2557 4074 2650 4145 (1.
2682 4068 2804 4127 Cor.
2834 4070 2887 4125 3.
2913 4066 2995 4139 2).
3028 4067 3139 4123 Hoc
3162 4074 3342 4121 autem
3368 4065 3520 4132 dicit,
3549 4079 3617 4119 ne
3647 4079 3746 4135 pu-

2163 4178 2337 4225 tarent
2362 4183 2486 4223 eum
2515 4167 2585 4223 ita
2609 4162 2755 4235 loqui
2781 4161 2848 4217 de
2871 4170 3113 4231 tempore
3153 4160 3444 4229 prmterito.
3473 4155 3743 4212 Caeterum

2162 4258 2448 4318 verisimile
2466 4268 2551 4314 est
2573 4271 2679 4312 non
2709 4262 2989 4324 corruptos
3016 4266 3200 4305 omnes
3224 4247 3391 4301 fuisse
3414 4289 3429 4312 ,
3455 4246 3548 4300 sed
3573 4263 3742 4316 quos-

2161 4353 2285 4409 dam
2327 4352 2466 4405 inter
2510 4348 2631 4404 illos
2660 4347 2824 4403 fuisse
2860 4342 3143 4401 admodum
3172 4347 3404 4393 sanctos.
3434 4337 3501 4391 Et
3548 4340 3651 4393 hoc
3682 4339 3735 4393 in

2163 4443 2336 4499 medio
2364 4440 2615 4512 Epistolae
2644 4436 2962 4510 signiﬁcavit
3004 4433 3187 4487 dicens
3215 4446 3230 4484 :
3257 4428 3387 4482 Mihi
3431 4437 3599 4484 autem
3644 4448 3743 4500 pro

2160 4534 2366 4588 minimo
2392 4540 2465 4587 est
2488 4541 2545 4584 ut
2569 4547 2600 4583 a
2622 4529 2760 4585 vobis
2776 4526 2997 4601 judicer;
3024 4530 3077 4578 et
3096 4520 3353 4591 adjiciens
3381 4535 3395 4573 :
3424 4517 3549 4573 Htec
3567 4531 3737 4574 autem

2161 4624 2517 4696 trans/igurari
2537 4622 2592 4676 in
2616 4636 2694 4675 me
2719 4629 2773 4677 et,
2784 4616 2969 4691 Apollo
2995 4614 3070 4688 (1.
3087 4612 3205 4668 Cor.
3234 4613 3287 4667 '5.
3308 4611 3387 4683 6).
3416 4611 3552 4679 Quia
3578 4613 3735 4683 igitur

2159 4734 2223 4772 ex
2248 4715 2549 4785 arrogantia
2576 4712 2755 4769 omnia
2796 4708 3147 4783 gignebantur
3173 4703 3311 4759 mala
3333 4746 3348 4770 ,
3377 4702 3597 4773 etquod
3627 4704 3740 4760 exi-

2160 4808 2439 4864 stimarent
2465 4820 2525 4861 se
2555 4802 2680 4874 quid
2706 4801 2935 4872 amplius
2959 4799 3123 4865 scire,
3158 4796 3299 4853 hunc
3337 4795 3580 4852 morbum
3616 4804 3736 4850 ante

2159 4900 2295 4962 alios
2320 4898 2475 4964 tollit,
2497 4905 2553 4952 et
2572 4893 2835 4964 incipiens
2860 4891 2991 4948 dicit
3016 4906 3031 4943 :

510 5146 3729 5189 βψω-Μὴ*

1914 5272 2260 5346 ΗΟΜΙΙΛΑ
2301 5272 2354 5331 I.

478 5456 605 5513 Car.
640 5457 691 5509 l.
720 5471 769 5507 v.
819 5454 870 5506 1.
920 5450 1116 5509 Paulus
1156 5461 1361 5507 uocatus
1401 5451 1660 5520 apostolus
1696 5449 1885 5505 Christi
1927 5448 2051 5505 Iesu

547 5563 638 5619 per
663 5548 964 5600 voluntatem.
989 5541 1085 5598 Dei
1103 5584 1120 5609 ,
1143 5552 1188 5596 et
1214 5542 1486 5598 Sostheues
1516 5544 1696 5614 frater,
1727 5542 1782 5596 2.
1809 5541 2048 5595 Ecclesia:

542 5639 676 5705 Dei,
702 5653 814 5708 qua:
833 5649 905 5692 est
931 5635 1158 5692 Corinthi
1177 5677 1193 5702 ,
1225 5635 1553 5705 sanetiﬁcatis
1577 5636 1630 5689 in
1656 5632 1857 5690 Christo
1882 5632 1918 5687 Ι
1922 5650 2009 5689 esu
2028 5676 2042 5700 ,

543 5732 731 5788 vocatis
753 5732 939 5787 sanctis
961 5745 1076 5793 cum
1104 5729 1331 5784 omnibus
1356 5726 1699 5784 invocantibus
1724 5741 1906 5780 neuneu
1937 5723 2046 5778 Do-

542 5824 665 5881 mini
690 5821 851 5883 nostri
890 5820 1013 5877 Iesu
1042 5819 1230 5878 Christi
1267 5821 1317 5873 in
1356 5819 1493 5875 onmi
1520 5818 1629 5873 loco
1655 5828 1700 5871 et
1726 5819 1954 5886 ipsorum
1994 5828 2040 5871 et

2230 5458 2403 5503 nostro
2431 5465 2450 5502 :
2479 5449 2532 5503 5.
2565 5450 2732 5518 gratia
2755 5448 2891 5501 nobis
2913 5457 2964 5505 et
2990 5462 3095 5517 pax
3121 5465 3154 5501 a
3181 5446 3287 5502 Deo
3308 5448 3664 5513 Patiemur-0
3686 5457 3738 5503 es

2228 5540 2448 5594 Domino
2473 5539 2597 5594 Jesu
2624 5537 2843 5594 Christo.
3106 5607 3115 5621 .

2225 5633 2275 5686 l.
2312 5630 2449 5687 Vide
2492 5629 2761 5702 quomodo
2802 5631 2985 5687 statim
3017 5648 3047 5687 a
3078 5632 3340 5704 principio
3374 5640 3736 5704 arrogantiam

2153 5724 2346 5794 dcjecit
2365 5766 2379 5790 ,
2407 5733 2462 5779 et
2488 5722 2633 5778 humi
2662 5724 2850 5779 stravit
2872 5739 3089 5780 onmem
3134 5725 3348 5779 illorum
3376 5725 3729 5783 existimatio-

2151 5832 2305 5882 nem,
2338 5824 2582 5871 vocatum
2614 5829 2673 5872 se
2699 5814 2902 5872 dicens.
2935 5814 3118 5887 Neque
3140 5817 3283 5871 enim
3315 5817 3515 5884 inveni,
3541 5817 3731 5889 inquit,
