4100 6214
385 208 456 263 ιε
1092 202 1152 258 s.
1193 196 1482 257 JOANNIS
1511 189 2008 255 cnmsosrom
2043 189 2364 248 ARCHIEP.
2404 150 2962 252 Loﬁsunmup.
3556 211 3626 261 η

377 323 512 384 Θεὸς
542 316 702 375 τοῦτο
724 318 955 391 ἠθέλησε
981 318 1043 373 :6
1069 317 1245 382 οὕτως
1270 317 1414 386 ὑμᾶς
1466 314 1725 382 σωθῆναι.
1781 309 1947 365 Οὐδὲν

376 406 488 478 γὰρ
530 407 683 477 ἡμεῖς
705 402 1173 477 κατωρθώσαμεν,
1219 399 1356 453 ma
1383 397 1471 452 διὰ
1503 396 1597 450 τοῦ
1639 393 1946 478 θελήματος

375 474 472 544 ⁸τοῦ
497 474 632 542 Θεοῦ
680 487 778 558 τὴν
822 474 1096 557 σωτηρίαν
1137 482 1213 555 [41
1250 480 1562 553 εὐράμεθαο
1614 478 1708 558 καλ
1757 474 1942 544 ἐπειδὴ

375 572 527 643 αὐτῷ
553 557 753 636 ἔδοξεν,
774 569 1114 639 όκλὴθημεν,
1162 568 1263 619 οὐκ
1290 563 1478 635 ἐπειδὴ
1505 563 1646 627 ἄξιοι
1677 557 1842 631 ἦμεν.

447 656 617 710 Πάλιν
660 653 960 725 μετριάζει,
1000 651 1307 704 συντάττων
1347 647 1526 716 ἑαυτῷ
1559 647 1649 700 τὸν
1692 644 1949 698 ἐλάττονα

374 740 554 810 πολλῷ
568 751 595 780 ει
612 754 626 769 ·
653 737 748 791 καί
769 736 877 805 γὰρ
896 734 1026 788 πολὺ
1048 733 1108 786 :6
1132 732 1294 804 μέσον
1309 728 1375 802 ἦν
1397 730 1608 785 Παύλου
1631 731 1723 783 καὶ
1742 726 1951 781 Σωσθέ-

374 841 520 887 νους.
547 824 609 875 Εἰ
653 821 731 882 δὲ,
761 819 888 873 ἔνθα
923 816 1178 871 τοσοῦτον
1221 812 1289 887 ἦν
1329 815 1390 869 :6
1430 816 1625 885 μέσον,
1663 810 1948 875 συνέταξεν

374 904 552 974 ἑαυτῷ
585 904 676 959 τὸν
696 899 1142 969 καταδεέστερον,
1167 899 1219 950 τί
1249 899 1314 951 ἄν
1344 898 1515 969 ἔχοιεν
1548 898 1723 950 εἰπεῖν
1750 897 1948 949 ἐκεῖνοι

372 992 421 1043 οί
446 990 574 1051 τοὺς
601 985 896 1057 ὁμοτίμους
936 982 1339 1053 ὐπερορῶντες;
1384 981 1462 1049 Τῇ
1498 980 1817 1046 Ἐκκλησία
1843 977 1949 1033 τοῦ

373 1069 544 1128 Θεοῦ.
559 1070 633 1124 Οὐ
652 1066 807 1122 τοῦδε
833 1066 927 1120 καὶ
948 1065 1122 1127 τοῦδε,
1137 1065 1272 1118 άλλὰ
1290 1066 1396 1120 τοῦ
1419 1065 1587 1118 Θεοῦ.
1609 1061 1689 1130 Τῇ
1710 1062 1865 1128 οὔσῃ
1882 1061 1951 1113 ἐν

372 1154 659 1221 Κορίνθῳ.
693 1152 854 1221 Ὁρᾷς
888 1149 1003 1212 πῶς
1038 1148 1163 1201 καθ’
1195 1150 1432 1217 ἑκάστην
1472 1147 1616 1211 λέξιν
1656 1144 1950 1198 κατέϐαλεν

371 1236 551 1292 αὐτῶν
596 1234 658 1288 :6
701 1234 951 1304 φύσημα,
983 1232 1080 1303 τὴν
1116 1232 1355 1286 διάνοιαν
1386 1231 1580 1296 ἐθίζων
1608 1229 1698 1282 διὰ
1733 1230 1950 1282 πάντων

372 1319 512 1391 πρὸς
555 1318 652 1371 τὸν
685 1316 949 1387 οὐρανόν;
1006 1315 1336 1387 Ἐκκλησίαν
1371 1314 1425 1367 δὲ
1459 1313 1595 1367 Θεοῦ
1643 1312 1816 1377 καλεῖ,
1844 1311 1951 1364 δει-

372 1404 504 1466 xvi);
555 1402 641 1455 ὅτι
694 1400 935 1473 ἡνῶσθαι
989 1398 1158 1469 αὐτὴν
1204 1402 1332 1470 χρή.
1364 1399 1428 1451 Εἰ
1475 1397 1583 1468 γὰρ
1608 1395 1743 1450 Θεοῦ
1775 1398 1945 1460 ἐστιν,

375 1486 600 1556 ἥνωται.
637 1484 732 1538 καὶ
766 1483 865 1554 μία
892 1483 1059 1545 ἐστὶν,
1092 1481 1192 1535 οὐκ
1217 1484 1273 1534 ὲν
1320 1481 1569 1551 Κορίνθῳ
1603 1480 1782 1550 μόνον,
1815 1477 1952 1531 ἀλλὰ

373 1571 470 1625 καὶ
509 1572 567 1623 ἐν
598 1569 746 1640 πάσῃ
787 1571 853 1640 τῇ
906 1568 1222 1638 οἰκουμένῃ.
1255 1568 1329 1620 T6
1358 1565 1467 1635 γὰρ
1494 1565 1591 1636 τῆς
1625 1561 1951 1633 Ἑκκλησίας

373 1652 549 1723 δνομα
582 1651 645 1704 οὐ
670 1649 974 1721 χωρισμοῦ,
1003 1649 1141 1702 ἀλλὰ
1172 1648 1419 1713 ἐνὼσεώς
1446 1649 1566 1700 ἐστι
1593 1646 1688 1700 καὶ
1716 1662 1949 1716 συμφω-

374 1735 493 1797 νίας
517 1734 709 1804 δνομα.
736 1730 1143 1803 Ἠγιασιιένοις
1169 1732 1239 1786 ἐν
1266 1730 1505 1799 Χριστῷ
1539 1728 1759 1798 Ἰησοῦ.
1780 1728 1950 1781 Πάλιν

374 1820 470 1874 τοῦ
508 1817 683 1889 Ἰησοῦ
714 1818 774 1870 :6
801 1818 990 1886 δνομα,
1021 1815 1258 1885 οὐδαμοῦ
1302 1814 1606 1884 ἀνθρώπων
1638 1813 1842 1881 τίθησι.
1885 1811 1951 1864 Τί

371 1905 431 1958 δέ
461 1904 608 1956 ἐστιν
661 1902 691 1955 6
737 1900 1042 1970 άγιασμός;
1092 1900 1166 1952 T6
1211 1897 1457 1970 λουτρὸν,
1507 1898 1536 1950 6
1584 1895 1947 1969 καθαρισμός.

385 1987 820 2056 ’Δναμιμνήσκει
847 1984 953 2058 γάρ
984 1985 1184 2048 αὐτοὺς
1208 1984 1310 2053 τῆς
1336 1982 1543 2046 οἰκείας
1584 1981 1950 2052 ἀκαθαρσίας,

374 2064 439 2142 ἧς
476 2066 776 2138 ἀπήλλαξε,
818 2067 911 2119 καὶ
952 2066 1130 2119 πείθει
1166 2065 1340 2138 μικρὰ
1368 2069 1622 2136 φρονεῖν·
1671 2066 1731 2118 οὐ
1760 2063 1951 2134 γὰρέν

374 2154 486 2216 τοῖς
532 2150 754 2213 οἰκείοις
787 2150 1230 2221 κατορθώμασιν,
1292 2150 1408 2203 ἀλλ’
1447 2150 1505 2203 ἐν
1545 2152 1612 2220 τῇ
1668 2148 1762 2202 τοῦ
1813 2148 1949 2201 Θεοῦ

248 2246 265 2266 ‘
374 2232 754 2306 φιλανθρωπίᾳ
786 2234 1148 2305 ἡγιάσθησαν.
1180 2232 1438 2301 Κλητοῖς
1463 2234 1674 2304 ἁγίοις.
1707 2232 1814 2284 Καὶ
1840 2232 1949 2302 γὰρ

374 2320 531 2374 τοῦτο
568 2318 700 2372 αὐτὸ
726 2318 789 2371 :6
814 2319 996 2371 πίστει
1044 2317 1305 2388 σωθῆναι,
1338 2318 1525 2386 φησὶν,
1547 2317 1646 2369 οὐκ
1672 2317 1730 2383 ἐξ
1757 2316 1911 2385 ὑμῶν
1931 2331 1947 2346 ο

375 2404 436 2458 οὐ
486 2402 596 2473 γάρ
633 2401 972 2472 προσήλθετε
1019 2401 1247 2471 πρῶτοι,
1286 2400 1402 2452 ἀλλ’
1452 2399 1742 2470 ἐκλήθητε.
1785 2398 1949 2452 Ὥστε

374 2486 499 2541 οὐδὲ
533 2486 595 2539 :6
633 2484 829 2555 μικρὸν
867 2483 1045 2549 τοῦτο,
1081 2484 1346 2553 ὑμέτερον
1376 2483 1517 2537 ὅλον.
1555 2483 1743 2535 Καίτοι
1776 2484 1825 2534 εἰ
1855 2482 1951 2533 καὶ

374 2567 732 2641 προσήλθετε,
786 2566 995 2637 μυρίων
1036 2566 1189 2629 ὄντες
1246 2566 1536 2620 ὑπεύθυνοι
1587 2564 1800 2631 κακῶν,
1830 2563 1950 2616 οὐδέ

375 2651 549 2715 οὕτως
576 2652 704 2721 ύμῖν
737 2650 917 2721 χάρις,
946 2648 1084 2703 ἀλλὰ
1116 2649 1194 2720 τῷ
1226 2648 1364 2721 Θεῷ.

446 2736 547 2790 Διά
589 2734 749 2788 τοῦτο
800 2735 895 2788 καὶ
947 2734 1215 2801 Ἐφεσίοις
1267 2734 1494 2807 γράφων
1544 2732 1719 2802 ἔλεγε·
1749 2732 1953 2801 Χάριτί

376 2818 518 2874 ἐστε
545 2816 927 2887 σεσωσμένοι
960 2816 1059 2872 διὰ
1095 2818 1376 2882 πίστεως,
1414 2816 1513 2870 καί
1541 2817 1718 2872 τοῦτο
1750 2818 1862 2870 οὐκ
1883 2815 1953 2879 ἐξ

376 2899 562 2973 ὑμῶν.
588 2900 723 2954 Οὐδὲ
749 2901 783 2968 ἡ
813 2900 997 2961 πίστις
1022 2900 1175 2970 ὑμῶν
1204 2900 1497 2971 ὁλόκληρος
1517 2916 1531 2930 θ
1563 2901 1623 2953 οὐ
1661 2900 1770 2970 γάρ
1794 2899 1953 2968 ὑμεῖς

377 2984 736 3040 ἐπιστεύσατε
765 2983 1151 3055 προλαϐόντες,
1200 2983 1338 3036 ἀλλὰ
1386 2982 1676 3053 κληθέντες
1706 2981 1952 3053 ὑπηκού-

380 3086 530 3123 σατε.
555 3069 678 3122 Σὺν
702 3064 850 3121 ,πᾶσι
880 3067 998 3133 τοῖς
1026 3065 1520 3134 ἐπικαλουμένοις
1548 3064 1614 3118 τὸ
1640 3065 1826 3133 ὄνομα
1847 3064 1953 3118 τοῦ

377 3152 600 3219 Κυρίου
644 3148 814 3218 ἡμῶν
856 3149 1059 3216 Ἰησοῦ
1104 3148 1385 3216 Χριστοῦ.
1417 3149 1491 3201 Οὐ
1525 3148 1621 3201 τοῦ
1658 3148 1826 3212 δεῖνος
1860 3149 1955 3200 καὶ

377 3235 477 3289 τοῦ
509 3234 703 3297 δεῖνος,
736 3232 874 3287 ἀλλὰ
909 3232 981 3286 Τὸ
1020 3232 1208 3301 ὄνομα
1235 3232 1338 3286 τοῦ
1367 3231 1613 3299 Κυρίου.
1645 3231 1746 3285 Ἐν
1775 3231 1954 3283 παντί

378 3317 543 3382 τόπῳ
572 3315 774 3370 αὐτῶν
803 3333 867 3370 τε
895 3316 992 3369 καί
1024 3314 1212 3384 ἡμῶν.
1249 3316 1312 3368 Εἰ
1346 3314 1455 3385 γὰρ
1485 3314 1577 3368 καί
1603 3315 1739 3385 πρὸς
1766 3315 1956 3384 Κοριν-

381 3401 532 3465 θίους
575 3399 645 3454 τά
686 3400 993 3470 γράμματά
1039 3401 1153 3451 ἐστι
1201 3399 1561 3470 γεγραμμένα
1611 3400 1792 3469 μόνον,
1818 3398 1953 3451 ἀλλὰ

380 3484 484 3538 καὶ
522 3484 741 3537 πάντων
767 3482 877 3535 τῶν
912 3483 970 3534 ἐν
1007 3482 1160 3554 πάσῃ
1191 3485 1257 3552 τῇ
1293 3485 1364 3553 γῇ
1403 3482 1677 3553 μέμνηται
1725 3481 1952 3544 πιστῶν,

380 3568 590 3631 δεικνὺς
625 3568 708 3620 ὅτι
743 3566 841 3638 τὴν
882 3567 974 3620 ἐπὶ
1005 3566 1107 3637 τῆς
1139 3566 1461 3637 οἰκουμένης
1518 3567 1648 3636 μίαν
1682 3566 1765 3619 δεῖ
1815 3562 1954 3620 εἶναι

394 3648 746 3721 Ἐκκλησίαν,
803 3648 981 3702 καίτοι
1035 3649 1222 3712 τόποις
1269 3648 1484 3711 πολλοῖς
1516 3647 1953 3720 κεχωρισμένην,

381 3734 480 3788 καὶ
528 3732 708 3804 πολλῷ
757 3733 955 3804 μᾶλλον
1008 3731 1110 3804 τὴν
1154 3734 1211 3785 ἐν
1247 3731 1520 3803 Κορίνθῳ.
1556 3733 1618 3785 El
1657 3733 1712 3784 δὲ
1742 3735 1770 3786 6
1793 3732 1957 3795 τόπος

383 3814 630 3887 χωρίζει,
665 3815 778 3869 ἀλλ’
807 3816 836 3868 6
890 3815 1092 3887 Κύριος
1132 3815 1326 3876 αὐτοὺς
1354 3816 1615 3868 συνάπτει
1643 3816 1819 3878 κοινὸς
1851 3815 1955 3874 ὢν·

384 3898 469 3954 διὸ
499 3901 595 3953 καὶ
623 3897 759 3952 ἑνῶν
785 3900 983 3961 αὐτοὺς
1016 3898 1264 3968 ἐπήγαγε
1290 3897 1371 3959 :6,
1411 3895 1597 3965 Ἡμῶν
1623 3914 1689 3950 τε
1723 3898 1821 3951 καί
1853 3901 1961 3951 αὺ-

384 3980 523 4038 τῶν.
561 3982 703 4036 Πολὺ
739 3982 795 4035 δὲ
824 3982 984 4035 τοῦτο
1016 3982 1224 4034 ἐκείνου
1254 3980 1824 4052 κυριώτερον.⁹Ὠσπερ
1852 3983 1960 4051 γὰρ

385 4065 439 4119 οἱ
462 4066 521 4119 ἐν
546 4066 628 4119 ἐνὶ
663 4064 815 4135 τόπῳ
841 4065 1012 4130 ὄντες,
1048 4066 1177 4117 ὅταν
1208 4062 1437 4127 πολλοὺς
1463 4063 1657 4132 ἔχωσιν
1686 4064 1959 4126 ἐναντίους

385 4147 671 4213 δεσπότας,
707 4149 1092 4218 διεσπασμένοι
1125 4148 1250 4208 εἰσί,
1286 4148 1381 4200 καὶ
1426 4147 1575 4200 οὐδὲν
1612 4148 1720 4201 ἀπὸ
1747 4147 1840 4201 τοῦ
1873 4148 1960 4200 τό-

386 4248 490 4286 που
516 4233 596 4295 εἰς
625 4231 877 4301 ὁμόνοιαν
909 4231 1266 4300 ὠφελοῦνται,
1295 4230 1526 4302 διάφορα
1553 4231 1662 4283 τῶν
1685 4231 1960 4285 δεσποτῶν

386 4313 802 4379 ἐπιταττόντων,
824 4316 918 4367 καὶ
949 4314 1085 4385 πρὸς
1118 4315 1346 4376 ἑαυτοὺς
1379 4313 1645 4366 ἑλκόντων
1690 4316 1809 4382 (οὑ
1855 4314 1961 4367 δύ-

384 4399 575 4450 νασθε
606 4396 735 4464 γὰρ,
782 4396 936 4466 φησί,
987 4395 1107 4460 Θεῷ
1134 4395 1448 4448 δουλεύειν
1479 4395 1575 4448 καί
1604 4393 1918 4463 μαμμωνᾷ)
1942 4412 1955 4425 ⁸

387 4474 561 4539 οὕτως
608 4478 658 4528 οί
703 4479 761 4527 ἐν
800 4478 1077 4548 διαφόροις
1114 4478 1299 4539 τόποις
1334 4477 1503 4539 ὄντες.
1536 4477 1631 4529 ἐὰν
1673 4476 1747 4546 μὴ
1777 4476 1963 4544 διαφό-

392 4575 520 4629 ρους
551 4558 713 4628 ἐχωσι
747 4559 990 4628 κυρίους,
1019 4558 1133 4610 ἀλλ’
1166 4560 1264 4612 ἕνα
1311 4559 1490 4629 μόνον,
1533 4558 1685 4611 οὐδὲν
1719 4558 1826 4611 ἀπὸ
1854 4559 1961 4611 τῶν

388 4641 573 4695 τόπων
600 4642 678 4702 εἰς
695 4641 948 4710 ὁμόνοιαν
977 4640 1477 4712 παραϐλάπτονται,
1505 4640 1599 4694 τοῦ
1634 4642 1838 4713 Κυρίου
1869 4641 1962 4695 τοῦ

389 4725 507 4788 ἐνὸς
537 4725 898 4788 συνάπτοντος
933 4724 1147 4788 αὐτούς.
1170 4725 1244 4777 Οὐ
1267 4724 1409 4792 λέγω
1442 4725 1643 4788 τοίνυν,
1669 4727 1856 4796 φησὶν,
1880 4727 1962 4779 ὅτι

389 4810 528 4882 πρὸς
586 4809 907 4879 Κορινθίους
940 4809 1213 4879 Κορίνθιοι
1245 4808 1398 4872 ὄντες
1430 4809 1673 4879 ὁμονοεῖν
1719 4810 1960 4877 ὀφείλετε

393 4893 575 4966 μόνον,
608 4891 744 4944 ἀλλὰ
775 4895 869 4945 καὶ
904 4892 1040 4961 1:96;
1084 4892 1292 4955 πάντας
1321 4892 1446 4955 τοὺς
1485 4893 1544 4945 ἐν
1569 4895 1633 4964 τῇ
1669 4893 1960 4964 οἰκουμένῃ

390 4975 564 5046 πάσῃ,
598 4973 775 5026 κοινὸν
834 4973 1046 5043 ἔχοντες
1090 4976 1384 5044 Δεσπότην.
1433 4974 1535 5028 Διὰ
1582 4975 1740 5029 τοῦτο
1779 4977 1875 5029 καὶ
1899 4979 1962 5027 ἐκ

387 5057 642 5129 δευτέρου
694 5056 1004 5128 προσέθηκε
1039 5055 1121 5120 :6,
1145 5056 1357 5126 Ἡμῶν.
1397 5057 1616 5132 Ἐπειδὴ
1657 5061 1766 5130 γὰρ
1815 5055 1958 5123 εἶπε,

395 5140 468 5196 Τὸ
499 5140 688 5209 ὄνομα
716 5138 821 5193 τοῦ
856 5138 1071 5207 Κυρίου
1110 5138 1279 5207 ἡμῶν
1309 5141 1513 5207 Ἰησοῦ
1542 5142 1819 5212 Χριστοῦ,
1875 5144 1961 5198 ἵνα

394 5222 469 5294 μὴ
489 5221 614 5294 δόξῃ
650 5220 903 5292 χωρίζειν
928 5222 1092 5291 ’παρὰ
1111 5223 1223 5285 τοῖς
1252 5223 1519 5292 ἀνοήτοις,
1556 5226 1748 5295 ἐπάγει
1775 5225 1958 5291 πάλιν,

389 5306 612 5374 Κυρίου
641 5302 811 5375 ἡμῶν
834 5320 897 5358 τε
921 5304 1019 5358 καί
1042 5305 1259 5360 αὐτῶν.
1290 5306 1398 5358 Καὶ
1424 5306 1510 5359 ἵνα
1531 5305 1607 5379 [ὅ]
1631 5311 1961 5381 σαφέστερον

390 5387 420 5441 6
455 5386 599 5456 λέγω
628 5389 875 5459 γένηται,
911 5386 1295 5458 ἀναγνώσομαι
1328 5389 1466 5443 κατὰ
1490 5390 1552 5442 :6
1580 5390 1755 5462 νόημα
1784 5392 1957 5446 οὕτω·

390 5468 601 5532 Παῦλος
625 5468 719 5522 καὶ
744 5468 1028 5539 Σωσθένης
1057 5474 1125 5542 τῇ
1160 5470 1454 5544 Ἐκκλησία
1481 5472 1574 5526 τοῦ
1608 5473 1742 5526 Θεοῦ
1771 5478 1836 5546 τῇ
1873 5475 1960 5529 ού-

395 5568 462 5624 ση
517 5551 577 5604 ἐν
627 5551 896 5624 Κορίνθῳ,
954 5554 1050 5606 καὶ
1084 5556 1217 5608 πᾶσι
1255 5558 1370 5618 τοῖς
1412 5556 1863 5627 ἐπικαλουμένοις
1900 5559 1961 5613 :6

393 5636 563 5707 ὄνομα
586 5632 681 5689 τοῦ
703 5634 907 5705 Κυρίου
933 5635 1092 5707 ἡμῶν
1111 5654 1169 5690 τε
1196 5640 1290 5693 καὶ
1314 5640 1494 5695 αὐτῶν
1523 5642 1580 5694 ἐν
1609 5643 1769 5695 παντὶ
1790 5644 1960 5714 τόπῳ,

458 5812 774 5880 'chebalur
803 5814 1037 5866 'Ano115.

2051 307 2157 361 κᾶν
2211 311 2270 363 ἐν
2312 309 2520 383 Ῥώμῃ,
2577 311 2684 365 κᾶν
2728 312 2860 365 ὅπου
2907 310 3107 389 δήποτε
3149 310 3218 365 ἂν
3263 304 3403 368 ῶσι·
3449 316 3629 389 Χάρις

2050 391 2196 460 ὖμῖν
2226 393 2323 446 καί
2349 393 2556 463 είρήνη
2594 394 2714 451 ἀπὸ
2749 396 2897 449 Θεοῦ
2926 384 3159 463 Πατρός
3183 395 3355 464 ἡμῶν
3378 400 3480 454 καί
3505 384 3627 457 [(1);

2044 476 2183 541 ρίου
2216 476 2411 543 Ἰησοῦ
2435 479 2712 547 Χριστοῦ.
2744 480 2814 531 Ἦ
2838 478 2980 532 οὕτω
3013 479 3198 544 πάλιν,
3234 480 3262 533 ὃ
3295 482 3389 535 καὶ
3418 469 3629 554 ⁴μᾶλλον

2049 558 2290 629 ἠγοῦμαι
2320 559 2679 631 ἀληθέστερον
2718 557 2893 615 εἶναι⁸
2936 562 3147 625 Παῦλος
3194 564 3287 617 καὶ
3341 564 3629 640 Σωσθένης

2049 644 2162 704 τοῖς
2215 645 2272 697 ἐν
2315 645 2564 718 Κορίνθῳ
2615 645 2987 717 ἡγιασμένοις,
3037 645 3257 712 κλητοῖς
3302 648 3480 717 ἁγίοις
3525 655 3626 706 σὺν

2052 728 2184 781 πᾶσι
2206 731 2319 792 τοῖς
2343 730 2789 800 ἐπικαλουμένοις
2817 728 2877 782 τὸ
2910 729 3080 799 ὄνομα
3105 729 3198 783 τοῦ
3233 732 3438 803 Κυρίου
3469 736 3627 805 ἡμῶν

2064 810 2242 882 Ἰησοῦ
2269 812 2505 883 Χριστοῦ
2539 814 2599 866 ἐν
2642 815 2804 867 παντὶ
2832 814 2983 882 τόπῳ
3020 812 3203 865 αὐτῶν
3235 831 3295 867 τε
3321 818 3410 869 καὶ
3443 818 3619 887 ἡμῶν.

2053 895 2335 963 Τουτέστι,
2368 897 2543 967 Χάρις
2581 898 2711 968 ὑμῖν
2757 897 2852 951 καὶ
2896 898 3086 968 εἰρήνη
3115 898 3245 967 ὑμῖν
3288 890 3411 963 τοῖς⁴
3430 902 3488 953 ἐν
3513 903 3623 955 Κο-

2052 978 2217 1051 ρίνθῳ
2248 982 2622 1052 ἡγιασμένοις,
2658 983 2751 1037 καὶ
2791 981 3011 1051 κλητοῖς
3043 982 3395 1053 γενομένοις’
3425 986 3486 1038 οὐ
3522 987 3622 1057 μό-

2051 1078 2183 1127 νοις,
2232 1063 2370 1117 άλλὰ
2420 1063 2557 1135 μετά
2584 1066 2802 1119 πάντων
2833 1065 2943 1117 τῶν
2977 1066 3035 1117 ἐν
3056 1066 3221 1118 παντί
3244 1066 3396 1137 τόπῳ
3427 1070 3623 1122 ἐπικα-

2049 1143 2140 1195 λου
2150 1144 2327 1214 μένων
2345 1146 2407 1199 :6
2430 1147 2600 1215 ὄνομα
2622 1146 2717 1199 τοῦ
2749 1147 2958 1218 Κυρίου
2989 1148 3149 1218 ήμῶν
3186 1148 3361 1219 Ἰησοῦ
3384 1150 3621 1221 Χριστοῦ

2050 1228 2146 1280 καὶ
2193 1228 2396 1283 αὐτῶν.
2451 1229 2514 1283 Εἰ
2559 1229 2615 1283 δὲ
2643 1229 2768 1283 ’ἀπὸ
2795 1230 3082 1301 χάριτοςὴ
3137 1232 3353 1302 εἰρήνη,
3381 1232 3435 1284 τί
3479 1234 3621 1302 μέγα
3701 1235 3713 1242 “

2052 1315 2289 1384 φρονεῖς,
2326 1316 2380 1367 τί
2412 1315 2553 1385 μέγα
2587 1316 2785 1386 φυσᾷς,
2817 1315 3001 1385 χάριτι
3037 1314 3230 1377 σωθείς
3259 1332 3273 1379 ;
3308 1318 3356 1368 εἰ
3384 1316 3437 1368 δὲ
3465 1318 3618 1389 εἰρή-

2050 1412 2148 1466 νην
2177 1395 2321 1465 ἔχεις
2358 1396 2497 1467 πρὸς
2526 1397 2616 1450 τὸν
2643 1397 2796 1459 Θεὸν,
2831 1397 2884 1449 τί
2913 1398 3122 1468 ἑτέροις
3152 1398 3379 1451 σεαυτὸν
3403 1402 3620 1469 προσνέ·

2054 1494 2177 1547 μεις
2198 1479 2247 1544 ιι;
2264 1479 2422 1533 τοῦτο
2443 1480 2554 1552 γὰρ
2583 1479 2986 1543 διαστασιάζειν
3003 1481 3139 1535 ἐστί.
3164 1481 3228 1533 Τί
3256 1481 3382 1552 γὰρ,
3407 1484 3454 1534 εἰ
3480 1482 3621 1552 1:96;

2052 1561 2199 1614 τόνδε
2234 1564 2543 1635 εἰρηνεύετε
2575 1567 2668 1619 καὶ
2722 1567 2859 1636 πρὸς
2900 1564 3071 1629 τόνδε,
3122 1565 3213 1618 καὶ
3248 1565 3407 1633 χάριν
3429 1563 3617 1633 έχετε;

2065 1645 2205 1713 Ἐγὼ
2236 1646 2293 1699 δέ
2325 1647 2434 1701 ἀπὸ
2479 1647 2574 1701 τοῦ
2626 1647 2759 1701 Θεοῦ
2807 1647 2943 1701 αἰτῶ
2975 1648 3145 1700 ταῦτα
3177 1648 3303 1718 ὑμῖν
3332 1648 3617 1717 ἀμφότερα

2051 1729 2325 1797 γενέσθαι,
2357 1732 2449 1785 καὶ
2476 1732 2571 1785 ἀπ’
2620 1733 2785 1785 αὐτοῦ
2816 1733 2908 1785 καὶ
2942 1732 3077 1803 πρὸς
3116 1732 3294 1785 αὐτόν.
3336 1731 3473 1785 Οὔτε
3505 1731 3615 1802 γὰρ

2054 1812 2246 1881 βεϐαία
2275 1815 2424 1884 μένει
2461 1827 2508 1877 ο,
2540 1815 2606 1870 ἂν
2636 1816 2710 1887 μὴ
2739 1815 2840 1886 τῆς
2871 1815 3074 1870 ἄνωθεν
3101 1815 3382 1888 ἀπολαύσῃ
3419 1817 3615 1886 ῥοπῆς

2051 1893 2199 1957 οὔτε,
2246 1896 2343 1949 ἐὰν
2389 1899 2463 1968 μὴ
2517 1899 2652 1969 πρὸς
2683 1899 2846 1952 αὐτὸν
2892 1897 2950 1971 ᾖ,
3000 1897 3150 1951 ἔσται
3187 1916 3239 1951 τι
3267 1898 3432 1951 πλέον
3461 1900 3609 1968 ὑμῖν.

2053 1979 2219 2031 Οὐδὲν
2243 1980 2352 2052 γὰρ
2377 1981 2567 2049 ὄφελος
2599 1983 2751 2052 ἡμίν,
2784 1980 2887 2035 κᾶν
2910 1981 3045 2053 1:96;
3070 1981 3276 2045 πάντας
3304 1976 3454 2052 ῶμεν
3477 1983 3618 2052 εἰρη·

2052 2064 2209 2126 νικοὶ,
2258 2064 2397 2134 πρὸς
2432 2066 2490 2118 δὲ
2538 2064 2627 2118 τὸν
2664 2065 2796 2120 Θεδν
2841 2064 3389 2135 ἐκπεπολεμωμένον
3431 2063 3620 2129 ῶσπερ

2050 2145 2202 2198 οὐδὲν
2234 2145 2428 2216 βλάϐος
2460 2150 2611 2219 ἡμῖν,
2661 2149 2764 2202 κᾶν
2796 2151 2947 2221 παρά
2981 2149 3199 2203 πάντων
3228 2147 3621 2218 πολεμῶμεθα,

2050 2229 2129 2300 τῷ
2163 2230 2219 2283 δὲ
2257 2230 2375 2301 Θεῷ
2413 2232 2816 2304 εἰρηνεύωμεν·
2852 2235 2946 2288 καί.
2996 2232 3159 2287 πάλιν
3208 2230 3362 2285 οὐδὲν
3406 2231 3616 2298 δφελος,

2052 2314 2157 2366 κᾶν
2196 2316 2345 2384 παρὰ
2393 2316 2558 2369 πᾶσιν
2587 2316 2984 2386 εὐδοκιμῶμεν,
3016 2316 3094 2386 τῷ
3122 2316 3180 2368 δὲ
3229 2313 3416 2385 Κυρίῳ
3450 2330 3631 2384 προσ-ν

2050 2396 2335 2468 κρούωμεν
2352 2414 2366 2428 '
2398 2397 2586 2469 ὥσπερ
2613 2399 2789 2463 οὐδεὶς
2821 2399 3089 2463 κίνδυνος,
3116 2398 3218 2453 κᾶν
3245 2398 3445 2459 πάντες
3468 2397 3614 2467 ἡμᾶς

2049 2481 2500 2552 ἀποστρέφωνται
2541 2483 2637 2536 καὶ
2690 2483 2942 2554 μισῶσιν.
2973 2486 3002 2538 6
3032 2484 3089 2537 δὲ
3126 2483 3258 2545 Θεὸς
3288 2481 3617 2551 ἀποδέχηται

2050 2565 2146 2618 καί⁵
2199 2566 2347 2637 φιλῇ.
2393 2568 2455 2619 Ἠ
2507 2567 2619 2635 γὰρ
2655 2568 2824 2632 ὅντως
2880 2568 3128 2640 χάρις,ή
3181 2568 3352 2632 ὅντως
3404 2568 3615 2638 εἰρήνη,

2052 2649 2204 2720 παρά
2224 2649 2319 2703 τοῦ
2350 2649 2506 2704 Θεοῦ.
2543 2652 2599 2705 '0
2627 2651 2726 2721 μὲν
2749 2652 2859 2721 γάρ
2884 2652 2983 2722 τὴν
3009 2652 3159 2723 παρὰ
3194 2651 3272 2721 τῷ
3300 2651 3422 2721 Θεῷ
3459 2651 3619 2720 χάριν

2051 2730 2210 2801 ἔχων,
2261 2733 2450 2786 οὐδένα
2502 2734 2727 2797 δέδοικε,
2761 2735 2865 2788 κᾶν
2903 2735 3073 2805 μυρία
3103 2736 3283 2805 πάσχῃ
3332 2734 3482 2787 δεινά
3506 2753 3518 2765 ο
3555 2735 3615 2786 οὐ

2051 2816 2196 2885 λέγω
2225 2816 2532 2887 ἄνθρωπον,
2575 2817 2690 2872 ἀλλ’
2717 2819 2837 2872 οὐδέ
2865 2819 3025 2872 αὐτὸν
3054 2819 3145 2872 τὸν
3171 2818 3413 2873 διάϐολον
3435 2836 3447 2847 ·
3504 2819 3531 2870 6
3560 2817 3616 2869 δὲ

2051 2900 2227 2970 τούτῳ
2279 2903 2761 2972 προσκεκρουκὼς,
2814 2904 3024 2966 πάντας
3063 2900 3379 2963 ὑποπτεύει,
3428 2899 3528 2952 κᾶν
3558 2900 3616 2950 ἐν

2053 2982 2322 3054 ἀσφαλείᾳ
2354 2978 2494 3038 εἶναι
2547 2984 2699 3055 δοκῇ.
2735 2985 3000 3040 Ἀστατον
3035 2986 3145 3056 γὰρ
3167 2984 3232 3038 :6
3274 2984 3381 3037 τῶν
3405 2984 3618 3052 ἀνθρώ-

2055 3085 2172 3120 πων
2197 3066 2374 3135 γένος,
2405 3067 2499 3120 καὶ
2526 3068 2586 3119 οὐ
2617 3067 2758 3136 φίλοι
2790 3068 2949 3138 μόνον
2979 3069 3074 3121 καὶ
3106 3068 3342 3137 ἀδελφοὶ,
3375 3067 3489 3120 ἀλλ’
3519 3067 3621 3137 ἤδη

2054 3152 2148 3204 καὶ
2183 3151 2417 3220 πατέρες
2457 3150 2938 3220 μεταϐαλλόμενοι,
2991 3151 3250 3215 πολλάκις
3278 3152 3386 3204 ἀπὸ
3418 3153 3620 3219 πικρᾶς

2056 3233 2235 3296 αἰτίας
2259 3233 2469 3298 τοῦτον,
2500 3234 2560 3287 ὂν
2607 3234 2925 3303 ἐγέννησαν,
2963 3235 3022 3288 δν
3050 3234 3373 3304 ἐφύτευσαν,
3402 3235 3623 3289 πάντων

2056 3317 2332 3388 πολεμίων
2365 3317 2563 3389 μᾶλλον
2594 3317 2800 3389 ἤλασαν
2821 3334 2835 3346 ο
2869 3319 2963 3371 καὶ
2992 3319 3181 3383 παῖδες
3236 3319 3482 3390 πατέρας
3535 3316 3622 3383 ἐξ·

2057 3400 2269 3455 ἑϐαλον.
2306 3400 2508 3454 Σκόπει
2540 3401 2620 3454 δέ.

2129 3486 2195 3556 β’.
2228 3481 2355 3556 Εἶχε
2384 3487 2542 3557 χάριν
2567 3487 2596 3538 6
2628 3485 2793 3540 Δαυῖδ
2817 3485 2967 3559 παρὰ
2984 3486 3060 3557 τῷ
3082 3486 3200 3558 Θεῷ
3224 3504 3238 3517 ·
3275 3483 3387 3558 εἶχε
3418 3487 3576 3559 χάριν
3595 3488 3623 3539 6

2070 3568 2390 3640 Ἀϐεσαλὼμ
2434 3569 2584 3641 παρὰ
2630 3573 2744 3634 τοῖς
2788 3570 3129 3640 ἀνθρώποις·
3178 3567 3287 3624 οἷον
3334 3566 3429 3624 οὖν
3473 3571 3625 3633 τέλος

2058 3652 2315 3723 ἑκάτερος
2362 3652 2509 3724 ἔσχε,
2563 3652 2658 3706 καὶ
2705 3653 2791 3717 τίς
2833 3653 3171 3725 ηὐδοκίμησε
3228 3654 3449 3724 μᾶλλον,
3487 3655 3620 3708 ίστε.

2058 3732 2187 3806 Είχε
2226 3736 2387 3807 χάριν
2436 3739 2465 3790 6
2514 3736 2763 3808 ’Δϐραάμ
2793 3738 2943 3808 παρὰ
2996 3738 3073 3807 τῷ
3117 3737 3259 3808 Θεῷ,
3290 3740 3319 3791 ὁ
3345 3737 3403 3792 δὲ
3428 3737 3626 3808 Φαραὼ

2060 3818 2214 3892 παρὰ
2237 3822 2348 3883 τοῖς
2378 3818 2721 3889 ἀνθρώποις·
2778 3818 3126 3891 χαριζόμενοι
3177 3825 3286 3892 γὰρ
3328 3822 3498 3891 αὐτῷ,
3530 3822 3626 3890 τὴν

2059 3904 2293 3972 γυναῖκα
2320 3902 2413 3956 τοῦ
2442 3902 2656 3955 δικαίου
2691 3903 3033 3973 προῦδωκαν.
3064 3905 3160 3966 Τίς
3191 3900 3283 3958 οῦν
3317 3903 3626 3975 λαμπρότε-

2062 4004 2155 4057 ρος
2183 3987 2374 4056 γέγονε
2396 3987 2488 4040 καὶ
2538 3986 2824 4058 μακάριος,
2875 3988 3038 4042 παντί
3090 4006 3191 4041 που
3231 3984 3410 4058 δῆλον.
3439 3990 3549 4041 Καὶ⁸
3574 3988 3627 4040 τί

2061 4070 2204 4139 λέγω
2237 4071 2367 4142 περὶ
2387 4070 2646 4137 δικαίων;
2680 4066 2839 4141 Εἶχον
2858 4072 3019 4142 χάριν
3037 4074 3086 4125 οί
3122 4072 3448 4143 Ἰσραηλῖται
3475 4071 3623 4139 παρὰ

2062 4155 2139 4225 τῷ
2175 4155 2316 4226 Θεῷ,
2347 4155 2635 4226 ἐμισοῦντο
2665 4155 2723 4208 δέ
2772 4156 2924 4225 παρὰ
2962 4156 3265 4228 ἀνθρώπων
3305 4156 3411 4206 τῶν
3453 4156 3622 4219 Δίγυ-

2062 4240 2263 4293 πτίων·
2297 4238 2413 4291 ἀλλ’
2446 4240 2597 4309 ὅμως
2621 4240 2730 4293 τῶν
2774 4234 3075 4309 μίσούντων
3103 4239 3494 4309 περιεγένοντο,
3524 4235 3620 4288 καὶ

2062 4322 2396 4394 ἐκράτησαν,
2453 4321 2573 4392 μεθ’
2622 4324 2752 4391 ὅσης
2795 4323 3032 4385 ἅπαντες
3077 4320 3190 4373 ίστε
3238 4319 3619 4391 περιφανείας.

2063 4404 2236 4458 Τοῦτο
2280 4405 2460 4458 τοίνυν
2489 4405 2879 4475 σπουδάζωμεν
2927 4403 3163 4468 ἅπαντες
3183 4418 3197 4434 ·
3245 4401 3342 4456 κᾶν
3371 4402 3553 4465 δοῦλος

2061 4506 2164 4552 τις,
2196 4488 2355 4541 τοῦτο
2381 4488 2644 4559 εὐχέσθω,
2675 4488 2780 4561 πρὸ
2812 4487 2904 4541 τοῦ
2944 4487 3204 4541 δεσπότου
3232 4486 3382 4557 παρὰ
3405 4485 3482 4555 τῷ
3508 4486 3625 4556 Θεῷ

2063 4572 2223 4643 χάριν
2251 4573 2433 4643 εὑρεῖν
2455 4585 2469 4598 ·
2654 4572 2757 4624 κᾶν
2800 4575 2934 4642 γυνή
2962 4588 3046 4634 τις
3089 4566 3146 4642 ᾗ,
3176 4570 3281 4640 1:96
3314 4569 3406 4623 τοῦ
3439 4568 3625 4639 ἀνδρὸς

2064 4655 2217 4726 παρὰ
2247 4655 2343 4709 τοῦ
2379 4654 2633 4727 Σωτῆρος
2656 4654 2791 4707 Θεοῦ
2818 4654 3050 4724 ζητείτω
3083 4654 3242 4724 χάριν
3268 4671 3280 4684 υ
3329 4655 3432 4707 κᾶν
3468 4670 3626 4722 0:90-

2063 4739 2264 4811 τιώτης
2306 4736 2365 4814 ᾗ,
2400 4739 2506 4811 πρὸ
2539 4738 2632 4792 τοῦ
2672 4738 2935 4809 βασιλέως
2965 4739 3058 4790 καὶ
3099 4738 3202 4809 πρὸ
3229 4736 3324 4790 τοῦ
3373 4737 3627 4807 ἄρχοντος

2061 4826 2162 4896 τὴν
2203 4824 2406 4878 ἄνωθεν
2454 4822 2663 4876 εὔνοιαν
2704 4822 2965 4894 ζητείτω·
3017 4822 3160 4876 οὓτω
3208 4825 3316 4893 γάρ
3363 4823 3457 4874 καὶ
3484 4821 3628 4893 παρὰ

2063 4906 2367 4977 ἀνθρώποις
2399 4906 2698 4978 ἐπέραστος
2727 4905 2847 4977 ἔσῃ.
2898 4904 3021 4968 Πῶς
3059 4896 3201 4957 δ”άν
3240 4922 3322 4965 τις
3351 4903 3501 4974 εὖροι
3535 4906 3627 4971 χά-

2064 5008 2150 5062 ριν
2184 4989 2335 5062 παρὰ
2358 4990 2436 5061 τῷ
2461 4990 2608 5060 Θεῷ;
2641 4988 2766 5051 Πῶς
2790 4988 2848 5039 δὲ
2869 4987 3092 5055 ἑτέρως,
3118 4988 3166 5039 εί
3203 4986 3277 5056 μὴ
3312 4987 3422 5038 ἀπὸ
3447 5003 3628 5037 ταπει-

2063 5072 2435 5144 νοφροσύνης;
2496 5073 2558 5126 '0
2611 5071 2758 5138 Θεὸς
2802 5072 2934 5140 γὰρ,
2991 5069 3176 5139 φησὶν,
3222 5068 3632 5135 ὑπερηφάνοις

2061 5155 2506 5217 ἀντιτάσσεται,
2549 5153 2850 5218 ταπεινοῖς
2891 5150 2957 5205 δὲ
2996 5149 3203 5207 δίδωσι
3262 5148 3459 5219 χάριν
3513 5149 3627 5212 καὶ,

2066 5239 2258 5294 Θυσία
2278 5239 2358 5304 τῷ
2382 5238 2502 5303 Θεῷ
2524 5239 2761 5308 πνεῦμα
2788 5233 3315 5305 συντετριμμένον.
3348 5235 3446 5288 καί
3475 5250 3624 5289 τετα-

2063 5322 2434 5391 πεινωμένην
2463 5322 2713 5391 καρδίαν
2734 5324 2766 5375 ό
2797 5322 2939 5386 Θεὸς
2965 5321 3078 5374 οὐκ
3116 5318 3533 5382 ἐξουδενώσει.
3568 5317 3625 5367 EE

2063 5405 2170 5476 γὰρ
2208 5404 2358 5474 παρὰ
2405 5404 2711 5475 ἀνθρώποις
2761 5404 2902 5457 οὔτω
2954 5401 3200 5455 ποθεινὸν
3250 5401 3312 5454 :6
3355 5399 3629 5461 ταπεινὸν,

2064 5487 2244 5557 πολλῷ
2272 5486 2471 5556 μᾶλλον
2494 5487 2645 5557 παρὰ
2670 5486 2809 5558 Θεῷ.
2846 5486 3005 5539 Οὕτω
3034 5487 3129 5539 καὶ
3158 5487 3207 5538 οἰ
3234 5482 3294 5550 ἐξ
3325 5485 3493 5538 ἐθνῶν
3540 5483 3627 5552 χά-

2067 5590 2152 5644 ριν
2184 5567 2364 5640 εὐρον,
2399 5570 2542 5624 οὕτω
2569 5572 2661 5624 καὶ
2696 5572 2743 5623 οἱ
2782 5571 3022 5625 Ἰουδαῖοι
3069 5570 3166 5640 τῆς
3201 5570 3422 5640 χάριτος
3449 5570 3625 5634 ἐξέπε-

2065 5671 2176 5708 σον·
2218 5653 2299 5722 Τῇ
2338 5654 2447 5724 γὰρ
2477 5654 2830 5721 δικαιοσύνῃ
2866 5653 2972 5706 τοῦ
3010 5652 3158 5707 Θεοῦ
3195 5654 3308 5718 οὐχ
3337 5652 3627 5720 ὑπετάγη-

2125 5762 2152 5801 b
2180 5761 2458 5825 Legnbatur
2499 5761 2797 5823 προσνέμοις.
2905 5764 2925 5790 τ
2951 5756 3163 5808 Savilius
3212 5755 3481 5817 legendum
3505 5763 3626 5817 puta

2070 5828 2212 5885 μένοι.
