4100 6214
379 313 445 369 ιδ
616 340 634 361 ο
864 294 867 295 ί
1454 326 1521 409 in
1559 327 1776 384 EPIST.
1817 328 1856 383 ι.
1898 330 1939 383 Α

2047 328 2184 385 30R.
2229 331 2455 389 IIOMIL.
2495 334 2537 389 ι.
3594 349 3658 404 Η

388 450 448 506 id
471 447 625 522 quod
652 446 803 504 didici
822 487 840 512 ,
872 459 1047 516 neque
1067 459 1135 501 ex
1164 458 1282 500 mea
1311 444 1569 514 sapientia
1597 442 1924 515 apprehendi
1951 485 1967 509 ,

394 545 505 600 sed
519 558 638 599 cum
662 538 954 596 Ecclesiam
980 551 1333 609 persequerer
1356 546 1412 592 et
1435 536 1791 603 devastarem,
1814 551 1974 591 voca-

400 645 495 689 tus
516 650 647 690 sum.
670 632 767 687 Hic
793 640 975 687 autem
997 637 1166 685 totum
1198 629 1439 685 vocantis
1459 638 1561 693 est,
1593 628 1767 683 vocati
1794 627 1929 682 nihil
1952 667 1968 693 ,

403 741 463 784 ut
480 728 553 786 ita
574 726 766 793 dicam,
795 724 897 780 nisi
923 722 1066 795 quod
1086 722 1323 778 obediat.
1346 719 1534 777 Christi
1553 719 1697 775 λειω.
1720 720 1973 791 Magister

388 828 568 876 Hester
594 816 843 873 Christus
868 825 953 870 est
979 833 994 867 :
1024 825 1082 869 et
1118 828 1213 868 vos
1255 811 1545 868 inscribitis
1588 810 1844 865 homines
1868 809 1967 863 do-

393 922 576 967 ctrina
598 907 913 982 praefectos?
934 905 1040 962 Per
1058 907 1362 960 voluntatem
1378 903 1494 959 Dei.
1530 904 1669 958 Deus
1696 901 1836 958 enim
1868 901 1970 956 hoc

386 1002 555 1058 voluit
582 1010 753 1058 utvos
778 1000 856 1055 sic
872 999 1006 1054 salvi
1023 997 1235 1055 essetis.
1253 995 1361 1052 Nos
1384 995 1528 1051 enim
1561 994 1691 1049 nihil
1711 993 1968 1063 praeclare

382 1096 621 1168 egimus,
645 1092 744 1149 sed
768 1107 869 1165 per
893 1094 1224 1149 voluntatem
1252 1084 1345 1141 Dei
1369 1089 1593 1142 salutem
1627 1087 1963 1149 invenimus;

379 1198 435 1244 et
460 1187 587 1258 quia
608 1184 666 1241 id
691 1185 791 1257 ipsi
819 1182 1043 1256 placuit,
1069 1180 1241 1237 vocati
1268 1193 1454 1235 sumus
1476 1219 1491 1243 ,
1522 1192 1626 1233 non
1656 1176 1798 1247 quod
1820 1175 1962 1246 digni

377 1292 646 1336 essemus.

448 1370 611 1426 Pauli
634 1369 909 1424 modestia.
934 1398 1008 1410 —
1031 1364 1097 1421 Et
1126 1364 1397 1422 Sosthenes
1412 1363 1592 1431 frater.
1615 1358 1963 1416 Rursus’mo—

376 1462 676 1534 destcagit,
700 1460 963 1518 minorem
986 1459 1040 1515 in
1067 1457 1253 1513 eodem
1280 1471 1459 1512 secum
1483 1454 1673 1509 ordine
1713 1468 1913 1521 ponens
1941 1466 1954 1503 :

375 1570 500 1612 nam
526 1554 759 1610 multum
789 1553 945 1623 spatii
968 1560 1085 1607 erat
1108 1550 1325 1605 Paulum
1369 1548 1509 1602 inter
1535 1554 1591 1601 et
1614 1543 1956 1601 Sostheneui.

373 1645 529 1715 Quod
554 1645 601 1700 si
629 1659 754 1700 cum
787 1651 991 1697 tantum
1034 1642 1319 1695 interesset
1360 1637 1705 1703 discriminis,
1742 1634 1957 1689 inferio-

371 1752 489 1801 rem
528 1734 629 1790 sibi
659 1733 926 1805 adiunxit,
945 1732 1073 1803 quid
1114 1731 1295 1787 dicere
1338 1729 1544 1802 possint
1578 1729 1687 1795 illi,
1719 1728 1809 1799 qui
1857 1727 1955 1781 ho-

370 1844 505 1884 norc
518 1826 618 1883 sibi
639 1842 799 1897 pares
812 1825 1143 1896 despiciunt?
1160 1823 1401 1881 Ecclesia:
1418 1824 1534 1879 Dei.
1552 1822 1669 1879 Non
1688 1822 1844 1893 hujus
1862 1831 1956 1878 aut

369 1920 534 1986 illius,
559 1919 658 1975 sed
702 1917 815 1973 Dei.
849 1920 977 1984 Qui:
1014 1927 1086 1972 est
1115 1916 1361 1972 Corinthi.
1394 1916 1577 1971 Viden’
1598 1915 1869 1986 quomodo
1899 1915 1951 1969 in

365 2010 597 2091 singulis.
615 2011 941 2067 dictionibus
963 2009 1179 2065 illorum
1197 2009 1389 2064 fastum
1407 2007 1642 2078 deiiciat,
1662 2021 1758 2078 per
1773 2008 1950 2063 omnia

366 2112 608 2159 mentem
633 2102 765 2157 caelo
790 2100 1175 2158 assuefaciens.
1212 2099 1505 2156 Ecclesium
1534 2110 1710 2154 autem
1740 2099 1830 2154 Dei
1857 2114 1947 2152 vo-

373 2206 484 2263 cat,
514 2196 795 2252 ostendens
808 2210 927 2251 eam
957 2202 1209 2265 oportere
1226 2209 1345 2250 esse
1372 2191 1670 2249 unitam.Si
1686 2190 1828 2247 enim
1853 2191 1945 2246 Dei

372 2296 479 2354 est,
510 2285 657 2341 unita
684 2294 738 2341 et
766 2300 866 2340 una
889 2294 993 2351 est,
1018 2299 1126 2339 non
1146 2283 1393 2339 Corinthi
1417 2283 1590 2338 solum
1615 2324 1631 2349 ,
1662 2281 1758 2338 sed
1785 2282 1945 2338 etiam

366 2378 424 2433 in
453 2388 567 2434 toto
591 2377 745 2434 orbe.
768 2376 1025 2433 Ecclesiae
1050 2375 1249 2446 quippe
1286 2390 1482 2430 nomen
1513 2390 1620 2430 non
1645 2374 1945 2444 separatio-

358 2470 483 2537 nis,
514 2468 610 2525 sed
659 2468 872 2524 unicuis
896 2478 955 2524 et
983 2467 1285 2523 concordiae
1326 2481 1520 2521 nomen
1568 2475 1670 2521 est.
1701 2464 1945 2533 Sancti/i-

356 2564 482 2618 ratis
502 2562 558 2617 in
577 2560 781 2617 Christo
798 2559 947 2616 Iesu.
969 2560 1175 2615 Rursus
1203 2574 1398 2614 nomen
1426 2557 1575 2624 Jesu,
1602 2566 1657 2613 et
1684 2572 1941 2627 nusquam

357 2654 638 2710 hominum
664 2667 863 2709 nomen
896 2653 1064 2722 ponit.
1087 2650 1225 2719 Quid
1254 2660 1333 2705 est
1363 2659 1543 2704 autem
1570 2646 1942 2703 sanctificatio?

355 2746 658 2803 Lavacrum
681 2787 697 2813 ,
730 2745 999 2818 purgatio.
1031 2745 1089 2801 In
1120 2743 1432 2799 memoriam
1469 2741 1613 2796 enim
1642 2740 1748 2795 illis
1787 2756 1941 2796 revo-

355 2848 447 2896 cat
471 2838 865 2894 immunditiam
912 2852 1064 2893 suam
1090 2877 1105 2902 ,
1134 2853 1164 2890 a
1191 2852 1294 2906 qua
1326 2834 1571 2891 liberavit
1594 2848 1709 2901 eos,
1735 2846 1790 2889 et
1813 2849 1939 2888 sua-

356 2930 446 2986 det
465 2939 524 2984 ut
546 2929 825 2985 humiliter
842 2928 1081 2984 sentiant
1105 2945 1119 2981 :
1152 2942 1257 2981 non
1279 2926 1421 2980 enim
1448 2941 1514 2980 ex
1538 2926 1806 2995 praeclaris
1826 2924 1940 2979 suis

353 3021 553 3092 gestis,
585 3020 683 3076 sed
712 3037 779 3076 ex
807 3020 906 3076 Dei
950 3019 1239 3075 clementia
1278 3017 1598 3073 sanctiﬁcati
1647 3027 1791 3071 sunt.
1832 3016 1937 3070 Vo-

352 3115 480 3168 catis
507 3114 714 3169 sanctis.
749 3112 962 3167 Etenim
989 3110 1093 3166 hoc
1115 3111 1310 3181 ipsum,
1340 3109 1546 3182 inquit,
1576 3123 1641 3163 ex
1668 3107 1770 3163 [ide
1794 3109 1937 3161 salu-

352 3214 462 3260 tem
491 3203 774 3275 consequi,
803 3218 911 3258 non
938 3219 1001 3259 ex
1028 3202 1180 3256 vobis
1209 3209 1294 3257 est
1321 3217 1333 3253 :
1367 3217 1471 3255 non
1502 3199 1645 3255 enim
1676 3200 1828 3269 primi
1854 3215 1936 3253 ac-

348 3295 619 3363 cessistis,
643 3294 739 3350 sed
759 3294 931 3350 vocati
953 3293 1105 3348 eStis.
1126 3290 1309 3361 Itaque
1334 3306 1505 3361 neque
1529 3290 1655 3345 illud
1685 3290 1934 3360 exiguum

347 3401 379 3439 a
405 3386 564 3440 vobis
591 3395 757 3440 totum
782 3394 886 3439 est.
906 3383 1237 3453 Quamquam
1259 3380 1470 3436 etiamsi
1491 3380 1827 3435 accesserilis
1854 3385 1937 3434 In-

350 3476 606 3532 numeris
650 3476 865 3533 obnoxii
912 3474 1102 3542 malis,
1135 3488 1312 3545 neque
1358 3473 1437 3529 sic
1462 3472 1614 3528 vobis
1638 3472 1807 3543 gratia
1836 3472 1934 3526 ha-

346 3569 532 3629 benda
562 3578 675 3638 est,
698 3570 792 3625 sed
820 3570 952 3625 Deo.

417 3662 667 3718 Ecclesia:
695 3663 882 3717 unitas.
906 3660 1337 3733 —Quapropter
1378 3659 1445 3714 ad
1490 3658 1750 3729 Ephesios
1797 3659 1933 3714 scri-

343 3755 481 3812 bens
509 3754 724 3811 dicebat
745 3772 760 3811 :
785 3753 963 3810 Gratia
987 3756 1113 3810 salvi
1140 3754 1263 3826 facti
1292 3755 1433 3819 estis,
1455 3771 1543 3824 per
1569 3753 1744 3823 ﬁdem,
1772 3757 1934 3808 ethoc

345 3864 450 3903 non
474 3848 695 3903 ezvobis
732 3846 962 3920 (Ephes.
1005 3847 1062 3902 2.
1090 3847 1186 3919 8).
1227 3846 1411 3917 Neque
1455 3845 1584 3902 ﬁdes
1620 3855 1796 3901 vestra
1823 3854 1932 3900 tota

348 3955 415 3997 ex
442 3939 595 3995 vobis
624 3958 639 3995 :
668 3955 844 4011 neque
865 3939 1009 3996 enim
1040 3954 1135 3995 vos
1159 3939 1428 3995 credendo
1455 3938 1808 4009 praevenistis,
1837 3938 1930 3993 sed

352 4033 523 4088 vocati
544 4032 826 4088 obedistis.
849 4032 978 4089 Cum
1004 4033 1232 4087 omnibus
1252 4032 1596 4086 invocantibus
1627 4047 1807 4088 nomen
1835 4030 1932 4086 Do-

354 4123 477 4177 mini
508 4125 661 4178 nostri
682 4123 813 4179 Iesu
834 4123 1042 4180 Christi.
1063 4123 1178 4179 Non
1209 4124 1366 4194 hujus
1386 4135 1478 4178 aut
1497 4124 1663 4192 illius,
1690 4124 1784 4179 sed
1814 4124 1929 4179 No-

353 4233 467 4271 men
495 4216 721 4271 Domini.
748 4216 820 4271 In
841 4217 976 4271 omni
997 4217 1105 4271 loco
1129 4227 1177 4271 et
1196 4217 1421 4287 ipsorum
1442 4224 1488 4270 et
1508 4226 1699 4271 nostra.
1729 4216 1926 4271 Etiam-

344 4311 392 4366 si
422 4310 567 4366 enim
600 4310 772 4366 litera:
813 4310 881 4365 ad
908 4308 1216 4365 Corinthios
1245 4310 1420 4365 solum
1445 4308 1659 4380 scripta:
1702 4308 1806 4365 sint
1831 4327 1845 4375 ;
1877 4319 1932 4365 at

346 4403 613 4457 amnesin
640 4401 897 4456 universa
923 4410 1062 4457 terra
1090 4400 1278 4456 ﬁdeles
1312 4410 1612 4466 memorat,
1641 4402 1929 4457 ostendens

346 4510 508 4550 unam
527 4509 650 4550 esse
663 4493 862 4550 debere
878 4495 929 4549 in
947 4494 1078 4550 orbe
1100 4495 1417 4559 Ecclesium,
1438 4495 1567 4550 licet
1581 4495 1763 4550 multis
1780 4497 1831 4550 in
1854 4497 1931 4549 lo-

344 4587 424 4641 cis
440 4593 746 4656 separatam
763 4627 779 4651 ,
798 4587 1071 4656 multoque
1098 4586 1265 4657 magis
1282 4602 1398 4641 eam
1428 4603 1546 4657 qua:
1562 4598 1643 4643 est
1662 4588 1927 4644 Corinthi.

345 4677 500 4744 Quod
534 4678 582 4733 si
620 4678 772 4733 locus
809 4689 1040 4747 separat,
1085 4690 1138 4732 at
1181 4678 1437 4732 Dominus
1485 4679 1605 4733 illos
1633 4680 1928 4749 coniungit,

342 4770 654 4825 communis
679 4783 803 4824 cum
830 4770 900 4823 sit
924 4788 936 4822 :
969 4770 1090 4824 ideo
1115 4768 1443 4839 coniungens
1484 4770 1604 4826 illos
1632 4770 1927 4840 subiunxit,

344 4859 415 4917 Et
446 4862 611 4916 nostri
632 4871 681 4916 et
717 4863 963 4933 ipsorum.
1000 4862 1097 4917 Est
1122 4872 1299 4917 autem
1332 4862 1432 4916 hoc
1471 4861 1565 4916 illo
1596 4865 1764 4934 magis
1808 4880 1930 4933 prec

347 4955 546 5022 prium.
572 4951 725 5010 Sicut
751 4954 890 5009 enim
924 4954 991 5018 ii,
1026 4956 1113 5025 qui
1144 4970 1248 5009 uno
1275 4954 1326 5007 in
1357 4954 1476 5008 loco
1501 4964 1645 5021 sunt,
1672 4971 1794 5010 cum
1816 4956 1932 5024 plu-

358 5045 523 5100 rimos
544 5046 742 5102 habent
769 5046 1016 5102 dominos
1040 5046 1359 5110 contrarios,
1393 5046 1543 5101 divisi
1576 5057 1700 5101 sunt
1724 5057 1775 5103 et
1800 5048 1931 5102 nihil

358 5134 432 5189 ad
461 5138 790 5194 concordiam
819 5153 850 5193 a
893 5139 1012 5193 loco
1039 5138 1308 5207 iuvantur,
1342 5137 1573 5193 dominis
1612 5140 1819 5193 diversa
1847 5140 1933 5208 iu-

348 5226 607 5284 bentibus
633 5240 683 5285 et
712 5231 782 5287 ad
808 5246 866 5287 se
892 5230 1228 5285 trahentibus
1255 5248 1270 5285 :
1302 5228 1422 5285 Non
1449 5231 1654 5301 potestis
1675 5231 1827 5295 enim,
1854 5232 1933 5285 in-

343 5320 488 5391 quit,
518 5323 697 5376 servire
716 5322 827 5378 Deo
854 5332 901 5377 et
930 5320 1221 5392 ηιαηιοηιε(
1255 5320 1443 5375 Matth.
1472 5323 1523 5377 6.
1551 5322 1621 5376 24
1654 5323 1672 5393 )
1701 5340 1714 5376 :
1742 5321 1819 5375 sic
1841 5323 1928 5392 qui

344 5411 401 5466 in
428 5411 660 5468 diversis
689 5415 827 5470 locis
854 5423 997 5477 sunt.
1050 5414 1093 5469 si
1126 5428 1232 5468 non
1265 5412 1507 5468 diversos
1538 5412 1808 5467 habebant
1832 5413 1927 5467 do-

345 5503 542 5571 minos,
578 5505 676 5561 sed
708 5521 874 5561 unum
917 5514 1143 5569 tantum,
1177 5504 1310 5558 nihil
1340 5504 1405 5558 ad
1445 5504 1785 5558 concordiam
1817 5518 1933 5557 ser-

345 5594 573 5651 vandam
593 5612 627 5652 a
648 5598 783 5653 locis
809 5596 1091 5662 lzeduntur,
1115 5612 1220 5651 uno
1244 5596 1460 5650 domino
1483 5595 1601 5648 illos
1624 5596 1927 5664 copulante.

344 5684 461 5742 Non
493 5687 618 5744 dico
645 5691 828 5762 igitur,
852 5690 1043 5759 inquit,
1074 5704 1188 5753 vos,
1212 5686 1467 5744 Corinthii
1492 5702 1614 5742 cum
1644 5686 1782 5753 sitis,
1806 5702 1927 5740 cum

346 5776 643 5839 Corinthiis
681 5793 888 5840 tantum
927 5779 1222 5841 concordes
1250 5795 1370 5838 esse
1411 5778 1628 5849 debere,
1674 5779 1769 5836 sed
1803 5795 1923 5835 cum

2082 446 2329 502 omnibus
2353 449 2440 519 qui
2473 450 2525 504 in
2552 449 2681 506 orbe
2708 462 2830 507 sunt
2856 494 2872 519 ,
2904 469 3027 510 cum
3056 471 3391 515 communem
3420 460 3659 523 habeatis

2081 535 2386 625 Do‘ntinnm.
2420 540 2544 597 Ideo
2579 545 2814 599 secundo
2852 547 3066 616 adiecit,
3101 548 3298 608 Nostri.
3343 554 3480 620 Quia
3513 558 3656 612 enim

2077 627 2230 694 dixit,
2264 630 2463 686 Nomen
2491 631 2699 688 Domini
2734 638 2892 692 nostri
2918 638 3040 693 Jesu
3064 639 3288 705 Christi;
3317 659 3384 698 ne
3404 646 3543 717 apud
3575 646 3656 701 in-

2075 719 2332 789 sipientes
2365 737 2615 792 separare
2650 726 2938 791 videretur,
2980 746 3164 785 rursus
3207 733 3407 802 adiicit,
3450 734 3654 792 Domini

2073 814 2233 867 nostri
2251 824 2300 869 et
2327 816 2573 885 ipsorum.
2616 819 2679 873 Et
2705 828 2761 874 ut
2796 822 2992 876 clarius
3016 824 3205 878 evadat
3248 825 3299 880 id
3327 829 3465 894 quod
3505 829 3649 893 dico,

2073 903 2153 957 sic
2182 904 2354 973 legam
2383 918 2440 961 ut
2481 922 2672 963 sensus
2709 912 2938 981 postulat
2978 931 2991 965 :
3031 913 3226 970 Paulus
3266 924 3322 971 et
3359 918 3649 974 Sosthenes

2071 994 2325 1051 Ecclesia:
2357 998 2469 1059 Dei,
2500 1016 2620 1070 quae
2645 1012 2727 1056 est
2753 1003 3012 1072 Corinthi,
3045 1017 3100 1061 et
3125 1010 3372 1066 omnibus
3400 1014 3652 1068 invocati--

2072 1086 2212 1141 tibus
2236 1103 2431 1144 nomen
2462 1090 2670 1148 Domini
2702 1097 2868 1148 nostri
2907 1105 2960 1152 et
2990 1096 3225 1166 ipsorum
3254 1101 3306 1154 in
3334 1103 3480 1157 omni
3506 1104 3647 1169 loco,

2067 1177 2179 1231 sive
2205 1178 2411 1247 Romae,
2450 1182 2562 1237 sive
2603 1184 2922 1257 ubicumque
2965 1188 3161 1244 fuerint
3188 1204 3203 1251 :
3236 1191 3413 1247 Gratia
3441 1198 3578 1250 vobis
3600 1208 3647 1252 et

2068 1285 2172 1337 pas:
2193 1287 2227 1324 a
2251 1269 2362 1326 Deo
2394 1270 2553 1328 Patre
2591 1287 2760 1330 nostra
2793 1288 2840 1331 et
2875 1278 3094 1335 Domino
3122 1282 3249 1338 Jesu
3283 1285 3502 1342 Christo.
3549 1288 3642 1345 Vel

2064 1360 2143 1415 sic
2171 1376 2406 1431 rursum,
2436 1375 2493 1419 ut
2511 1368 2672 1421 etiam
2694 1370 2884 1424 melius
2912 1387 3030 1426 esse
3056 1374 3305 1431 existimo
3329 1397 3343 1431 :
3373 1378 3568 1436 Paulus
3591 1393 3644 1437 et

2063 1450 2356 1511 Sosthenes
2397 1457 2461 1512 iis
2497 1460 2585 1530 qui
2617 1460 2854 1518 Corinthi
2896 1475 3020 1520 sunt
3047 1469 3411 1539 sanctificatis,
3440 1477 3643 1531 vocatis

2061 1547 2261 1602 sanctis
2286 1565 2408 1603 cum
2425 1552 2675 1607 omnibus
2700 1557 2789 1624 qui
2818 1556 3064 1613 invocant
3083 1575 3279 1617 nomen
3308 1563 3515 1619 Domini
3543 1583 3639 1619 no-

2059 1640 2156 1695 stri
2179 1641 2306 1697 Jesu
2334 1641 2537 1698 Christi
2577 1646 2630 1700 in
2660 1649 2804 1704 omni
2845 1649 2966 1706 loco
2992 1652 3229 1722 ipsorum
3269 1665 3325 1711 et
3361 1659 3549 1713 nostri.
3580 1660 3638 1717 Id

2058 1740 2160 1798 est,
2185 1732 2365 1789 Gratia
2393 1736 2545 1792 vobis
2572 1746 2627 1792 ct
2655 1755 2754 1807 pax
2784 1742 2956 1809 vobis,
2982 1744 3069 1813 qui
3091 1744 3329 1800 Corinthi
3357 1748 3491 1803 estis
3516 1765 3640 1805 san-

2056 1823 2272 1880 ctiﬁcati
2297 1836 2352 1881 et
2376 1829 2584 1895 vocati;
2610 1846 2715 1885 non
2747 1833 2894 1900 solis,
2927 1834 3020 1889 sed
3048 1852 3169 1891 cum
3191 1839 3437 1895 omnibus
3463 1843 3552 1912 qui
3583 1843 3635 1898 in

2055 1917 2200 1971 omni
2227 1917 2347 1973 loco
2374 1918 2619 1975 invocant
2640 1938 2832 1979 nomen
2864 1925 3073 1981 Domini
3098 1930 3266 1983 nostri
3287 1930 3413 1987 Jcsu
3437 1922 3634 1989 Chiiin

2054 2015 2109 2061 et
2129 2007 2386 2077 ipsorum.
2414 2009 2470 2065 Si
2498 2020 2675 2067 autem
2702 2028 2768 2068 ex
2790 2017 2959 2085 gratia
2999 2032 3099 2087 pax
3129 2029 3231 2085 est,
3260 2036 3356 2076 cur
3381 2038 3630 2093 magnum

2054 2101 2233 2170 sapis?
2262 2116 2357 2157 cur
2385 2112 2589 2159 tantum
2617 2105 2839 2175 inﬂaris,
2871 2123 2992 2164 cum
3015 2124 3111 2181 per
3136 2114 3360 2182 gratiam
3390 2127 3633 2172 servatus

2053 2192 2166 2247 sis?
2192 2193 2246 2249 Si
2273 2210 2403 2250 vero
2444 2211 2626 2266 pacem
2679 2198 2844 2255 habes
2884 2203 3024 2271 apud
3065 2203 3257 2273 Deum,
3300 2222 3396 2261 cur
3434 2218 3485 2262 te
3510 2210 3630 2264 aliis

2049 2284 2343 2342 adscribis?
2368 2289 2469 2344 hoc
2488 2291 2629 2345 enim
2661 2300 2745 2346 est
2770 2292 3048 2349 dissidere.
3071 2296 3207 2364 Quid
3235 2301 3400 2368 enim,
3431 2302 3475 2355 si
3505 2317 3626 2357 cum

2050 2376 2154 2433 hoc
2172 2388 2227 2433 et
2253 2394 2376 2434 cum
2408 2380 2500 2435 illo
2522 2382 2744 2452 gratiam
2771 2383 2977 2439 habetis
2995 2387 3020 2438 ?
3049 2387 3160 2458 Ego
3189 2400 3367 2445 autem
3402 2401 3545 2460 peto,
3571 2403 3629 2449 ut

2046 2485 2076 2523 a
2106 2469 2217 2525 Deo
2243 2472 2360 2526 haec
2381 2472 2532 2528 vobis
2559 2484 2782 2549 utraque
2812 2475 2961 2542 ﬁant,
2994 2488 3046 2533 et
3070 2478 3139 2533 ab
3164 2480 3257 2534 illo
3281 2490 3335 2536 et
3357 2482 3422 2537 ad
3452 2483 3623 2539 illum.

2046 2559 2229 2631 Neque
2269 2562 2414 2617 enim
2458 2562 2613 2618 ﬁrma
2656 2567 2984 2634 manserint,
3028 2569 3132 2624 nisi
3178 2586 3407 2639 superna
3455 2577 3622 2645 gratia

2044 2650 2288 2708 fruantur
2315 2671 2329 2708 :
2353 2669 2528 2726 neque
2549 2655 2595 2711 si
2620 2671 2726 2713 non
2751 2658 2859 2714 sint
2873 2659 2938 2714 ad
2955 2661 3150 2731 ipsum,
3170 2663 3321 2719 nobis
3335 2665 3620 2736 quidquam

2042 2745 2354 2815 proderunt,
2372 2749 2417 2802 si
2431 2764 2554 2804 cum
2573 2750 2820 2806 omnibus
2846 2768 3027 2822 pacem
3051 2754 3326 2821 habentes,
3364 2774 3487 2814 cum
3512 2760 3621 2816 Deo

2043 2837 2238 2894 bellum
2269 2839 2594 2910 habeamus;
2614 2852 2673 2898 ut
2697 2844 3146 2904 nihilnocumenti
3168 2850 3321 2906 nobis
3342 2853 3465 2920 erit,
3488 2854 3532 2908 si
3552 2855 3621 2911 ab

2042 2932 2290 2988 omnibus
2313 2934 2703 3004 impugnemur,
2726 2947 2780 2993 et
2799 2954 2918 2994 cum
2949 2941 3057 2995 Deo
3078 2957 3262 3012 pacem
3293 2943 3617 3006 habeamus:

2040 3036 2105 3078 ac
2135 3039 2347 3079 rursum
2376 3027 2521 3081 nulla
2555 3028 2759 3085 utilitas
2788 3031 2832 3085 si
2868 3030 2937 3085 ab
2971 3034 3219 3088 omnibus
3259 3036 3618 3106 celebremur,

2040 3125 2094 3170 et
2124 3116 2402 3171 Dominum
2433 3118 2797 3187 oti'endamus;
2825 3132 2881 3177 ut
2901 3123 3059 3178 etiam
3086 3125 3284 3180 nullum
3305 3129 3612 3195 periculum.

2039 3208 2083 3261 si
2110 3222 2295 3263 omnes
2312 3225 2410 3264 nos
2428 3222 2741 3267 aversentur
2756 3222 2811 3268 et
2829 3214 2952 3268 odio
2976 3216 3227 3284 habeant,
3253 3218 3497 3288 Deusque
3516 3236 3614 3276 nos

2038 3300 2296 3368 approbet
2328 3310 2382 3356 et
2418 3301 2640 3373 diligat:
2670 3319 2794 3359 vera
2833 3305 2975 3359 enim
3006 3306 3170 3374 gratia
3206 3318 3259 3362 et
3290 3323 3410 3362 vera
3451 3323 3551 3378 pax
3585 3326 3614 3362 a

2038 3389 2149 3445 Deo
2168 3399 2268 3445 est.
2294 3390 2426 3447 Nam
2455 3393 2541 3462 qui
2562 3394 2786 3464 gratiam
2810 3411 2928 3465 qua:
2946 3412 2975 3447 a
3006 3396 3114 3451 Deo
3141 3406 3223 3452 est
3244 3397 3421 3463 habet,
3447 3398 3615 3453 nemi-

2012 3476 2015 3483 ’
2039 3497 2161 3538 nem
2181 3485 2348 3551 timet,
2372 3485 2581 3540 etiamsi
2601 3486 2875 3542 innumera
2890 3490 3070 3558 gravia
3096 3490 3354 3558 patiatur;
3375 3506 3472 3547 nec
3490 3486 3613 3547 dico

2037 3572 2330 3641 hominem,
2359 3575 2453 3631 sed
2478 3591 2650 3646 neque
2670 3576 2829 3632 etiam
2855 3577 3143 3634 diabolum.
3167 3578 3266 3648 Qui
3293 3595 3421 3635 vero
3443 3580 3608 3634 Deum

2037 3664 2274 3731 oﬂendit,
2306 3681 2494 3723 omnes
2518 3679 2799 3738 suspectos
2833 3667 3009 3735 habet,
3044 3672 3251 3726 etiamsi
3276 3672 3328 3725 in
3355 3681 3469 3725 tuto
3488 3686 3610 3727 esse

2036 3756 2295 3812 videatur.
2346 3758 2596 3815 lnstabile
2635 3775 2864 3830 namque
2897 3770 2979 3816 est
3008 3776 3176 3831 genus
3218 3762 3523 3830 hominum;
3556 3774 3612 3819 et

2038 3864 2142 3904 non
2169 3849 2341 3904 solum
2368 3851 2523 3906 amici
2561 3861 2616 3906 et
2656 3854 2868 3919 fratres,
2904 3853 2996 3908 sed
3025 3855 3185 3909 etiam
3226 3864 3424 3925 patres,
3447 3871 3607 3927 parva

2035 3956 2179 4013 saepe
2203 3943 2270 3997 de
2294 3958 2452 3998 causa
2494 3948 2703 4012 mutati,
2750 3962 2906 4015 quem
2947 3960 3266 4017 genuerunt,
3298 3964 3454 4018 quem
3490 3964 3615 4018 pri,-

2035 4042 2308 4100 crearunt,
2352 4034 2520 4105 magis
2546 4050 2706 4104 quam
2733 4051 2920 4091 omnes
2959 4037 3142 4093 hostes
3180 4039 3519 4109 abiecerunt;
3556 4052 3608 4094 et

2037 4125 2131 4180 ﬂlii
2159 4136 2339 4195 patres
2368 4126 2703 4180 extulerunt.
2734 4128 2986 4183 Animum
3012 4129 3224 4184 adhibe.

2105 4219 2159 4273 2.
2190 4218 2369 4273 Gratia
2397 4219 2489 4273 Dei
2512 4221 2801 4290 quarenda,
2841 4238 2941 4274 non
2979 4221 3256 4274 hominum.
3278 4249 3352 4265 --
3371 4221 3605 4277 Gratiam

2036 4311 2218 4367 habuit
2260 4311 2425 4366 David
2465 4311 2605 4381 apud
2643 4312 2848 4376 Deum;
2893 4312 3115 4381 gratiam
3147 4310 3329 4365 habuit
3354 4312 3604 4366 Absalom

2034 4404 2175 4475 apud
2220 4403 2685 4475 homineszquem
2725 4405 2883 4459 ﬁnem
2910 4415 3136 4475 uterque
3172 4403 3373 4472 habuit,
3413 4417 3466 4459 et
3492 4416 3609 4460 uter

2034 4497 2204 4567 magis
2225 4498 2477 4566 probatus
2492 4506 2547 4553 et
2566 4497 2739 4552 clarus
2762 4497 2941 4565 fuerit,
2962 4499 3151 4553 nostis.
3173 4496 3407 4554 Gratiam
3427 4498 3604 4552 habuit

2033 4588 2303 4643 Abraham
2333 4587 2477 4659 apud
2509 4589 2696 4654 Deum,
2732 4589 2936 4643 Pharao
2964 4597 3144 4644 autem
3165 4588 3302 4658 apud
3331 4589 3610 4648 homines;

2035 4678 2090 4733 hi
2120 4694 2347 4763 namque
2373 4677 2595 4750 gratiam
2618 4679 2734 4749 eius
2762 4689 3087 4749 aucupantes
3115 4694 3333 4734 uxorem
3357 4679 3484 4749 iusti
3508 4680 3606 4747 ipsi

2035 4770 2381 4839 prodiderunt
2406 4789 2418 4825 :
2454 4783 2571 4826 uter
2595 4771 2757 4840 igitur
2774 4770 3120 4839 splendidior,
3147 4778 3261 4825 uter
3287 4772 3472 4826 beatus
3494 4770 3600 4825 fue-

2035 4862 2125 4929 rit,
2156 4862 2324 4917 cuivis
2354 4861 2692 4932 perspicnum
2731 4870 2834 4915 est.
2877 4860 3077 4932 Ecquid
3108 4860 3175 4916 de
3201 4861 3358 4930 iustis
3385 4860 3609 4931 loquor?

2035 4954 2269 5011 Gratiam
2298 4954 2437 5024 apud
2462 4955 2627 5009 Deum
2656 4953 2888 5007 habuere
2908 4951 3180 5019 Israelilte,
3207 4961 3262 5008 et
3284 4953 3408 5007 odio
3439 4952 3608 5007 habe-

2037 5046 2231 5101 bantur
2267 5045 2335 5100 ab
2372 5043 2677 5098 hominibus
2720 5041 2987 5114 Egyptiis
3018 5062 3032 5098 :
3062 5054 3118 5099 et
3160 5059 3254 5100 eos
3283 5045 3371 5113 qui
3404 5059 3462 5098 se
3488 5043 3611 5097 odio

2035 5137 2302 5194 habebant
2321 5143 2662 5205 superarunt,
2693 5135 2851 5206 idque
2879 5135 3166 5205 couSpicuo
3188 5153 3292 5205 quo
3318 5133 3466 5190 scitis
3494 5150 3609 5188 om-

2036 5246 2131 5286 nes
2160 5229 2337 5284 modo.
2364 5228 2476 5284 Iloc
2501 5243 2629 5299 ergo
2651 5243 2899 5285 curemus
2916 5243 3137 5283 omnes:
3163 5227 3404 5297 quamvis
3420 5242 3610 5282 servus

2035 5324 2158 5394 quis
2179 5322 2269 5388 sit,
2294 5322 2397 5377 hoc
2422 5330 2669 5392 precetur
2688 5330 2746 5375 ut
2763 5321 2901 5392 apud
2924 5321 3090 5376 Deum
3108 5322 3274 5390 magis
3294 5336 3451 5389 quam
3472 5320 3609 5388 apud

2035 5416 2221 5471 lterum
2251 5429 2403 5468 suum
2432 5414 2659 5484 gratiam
2690 5413 2960 5479 inveniat;
2992 5406 3234 5482 quamvis
3266 5429 3398 5466 uxor
3429 5410 3610 5478 fuerit,

2037 5506 2155 5575 plus
2182 5520 2338 5575 quam
2360 5503 2601 5574 coniugis
2642 5503 2941 5558 Servatoris
2970 5502 3050 5556 sui
3093 5502 3189 5557 Dei
3217 5502 3438 5572 gratiam
3463 5518 3611 5572 qua:-

2034 5606 2153 5663 rat;
2205 5597 2447 5666 quamvis
2488 5596 2677 5660 miles,
2721 5595 2891 5664 magis
2933 5610 3089 5664 quam
3140 5595 3485 5666 Imperatoris
3525 5606 3617 5650 aut

2035 5687 2291 5760 principis
2313 5727 2329 5753 ,
2358 5703 2643 5757 supernam
2674 5685 3098 5743 benevolentiam
3117 5696 3361 5757 expetat:
3383 5686 3460 5743 sic
3473 5685 3616 5742 enim

2039 5777 2202 5836 etiam
2228 5776 2369 5851 apud
2398 5776 2645 5838 homines
2687 5775 2939 5836 amabilis
2961 5775 3087 5832 eris.
3119 5776 3397 5844 Quomodo
3438 5784 3612 5832 autem
