4100 6214
454 326 521 384 15
1239 318 1297 375 S.
1337 312 1613 373 JOANNIS
1648 302 2115 367 CHRYSOSTOMI
2158 300 2470 359 ARCHIEP.
2509 302 3045 359 CONSTANTINOP.

449 442 572 514 quis
605 439 831 511 gratiam
862 436 1098 493 inveniat
1129 433 1269 505 apud
1299 429 1503 487 Deum?
1541 427 1659 494 Quo
1701 423 1809 478 alio
1845 417 2025 514 modo,

449 512 607 605 quam
628 534 700 589 ah
729 528 1067 587 humilitate?
1095 527 1234 582 Deus
1276 524 1429 587 enim,
1467 519 1662 590 inquit,
1692 512 1917 584 superbis
1946 524 2029 563 re-

449 602 599 690 sistit,
633 624 906 679 Itumiiibus
925 632 1092 675 autem
1118 619 1203 672 dat
1239 615 1456 687 gratiam
1479 609 1662 682 (Prov.
1700 608 1754 662 5.
1796 602 1922 673 ’54);
1952 608 2028 663 et,

450 721 775 788 Sacriﬁcium
827 715 923 769 Deo
937 711 1131 779 spiritus
1152 706 1584 769 rorun'bnlatus,et,
1599 701 1934 756 Humiliatum
1943 711 2025 752 cor

451 813 586 866 Deus
604 785 716 864 tuon
738 805 975 871 despiciet
998 801 1166 873 (Psal.
1193 800 1282 856 50.
1314 798 1427 866 l9).
1459 794 1589 849 Nam
1617 793 1662 847 si
1689 790 1826 860 apud
1855 785 2033 842 homi-

450 920 546 960 nes
567 913 671 956 tam
695 895 1069 954 desiderabilis
1094 901 1177 948 est
1198 889 1498 950 humilitas,
1526 885 1691 940 multo
1711 881 1880 951 magis
1895 877 2032 949 apud

454 996 639 1050 Deum.
668 991 740 1045 Ita
766 997 819 1043 et
841 986 1066 1057 gentiles
1088 982 1310 1053 gratiam
1338 981 1676 1041 invenerunt,
1701 974 1770 1028 ita
1796 968 2033 1028 etJuda‘i

451 1086 618 1158 gratia
646 1082 961 1139 exciderunt
992 1095 1005 1131 :
1051 1076 1275 1130 Justitiw
1307 1088 1523 1143 namque
1566 1068 1658 1123 Dei
1689 1082 1789 1121 non
1826 1061 2035 1134 subjecti

454 1157 659 1249 fuerunt
681 1175 855 1247 (Rom.
888 1173 973 1227 lO.
1002 1169 1080 1241 5).
1110 1167 1336 1222 llmnilis
1360 1163 1627 1236 gratiosus
1647 1169 1700 1215 et
1717 1157 1894 1213 suavis
1919 1169 2035 1209 om-

453 1247 610 1325 nibus
651 1276 753 1334 est,
800 1272 1058 1335 perpetuo
1103 1261 1157 1315 in
1204 1274 1330 1330 pace
1357 1257 1560 1317 vivens,
1608 1252 1912 1321 nullamque
1940 1247 2034 1303 ha-

454 1365 583 1417 bens
602 1359 731 1417 belli
749 1356 1106 1412 occasionem.
1128 1349 1352 1408 Etiamsi
1368 1349 1511 1405 enim
1540 1346 1689 1406 illum
1711 1340 2032 1399 contumelia

453 1466 508 1510 et
535 1452 793 1511 conviciis
823 1449 1042 1514 afﬁcias,
1083 1444 1294 1502 etiamsi
1339 1440 1550 1513 quidvis
1588 1436 1807 1498 dixeris,
1842 1431 2037 1488 tacebit

456 1548 546 1603 ille
573 1557 626 1602 et
653 1527 848 1600 leniter
867 1542 1029 1603 feret;
1080 1547 1135 1594 et
1165 1547 1362 1592 tantam
1404 1530 1639 1589 servabit
1679 1527 1815 1599 apud
1847 1539 2035 1579 crimes

454 1653 662 1709 pacem,
690 1643 940 1705 quantam
978 1646 1044 1687 ne
1086 1630 1267 1686 dicere
1303 1626 1518 1698 quidem
1548 1621 1742 1694 possis,
1769 1618 2037 1687 etiamque

456 1728 593 1799 apud
623 1726 813 1781 Deum.
846 1722 1090 1778 Mandata
1116 1720 1311 1792 quippe
1338 1717 1434 1773 Dei
1462 1732 1529 1771 eo
1559 1712 1800 1776 tendunt,
1827 1720 1884 1764 ut
1912 1721 2034 1763 cum

458 1820 762 1875 hominibus
789 1833 889 1888 pax
916 1815 1211 1870 habeatur:
1250 1822 1304 1868 et
1330 1810 1488 1865 vitam
1528 1814 1764 1862 nostram
1790 1803 1863 1857 ita
1891 1808 2036 1855 recte

459 1914 819 1983 transigimus,
849 1911 896 1965 si
924 1919 1103 1964 mutua
1125 1921 1245 1961 cum
1276 1904 1401 1959 aliis
1423 1916 1552 1972 pace
1580 1898 1836 1953 fruamur.
1867 1893 2034 1949 Deum

458 2006 598 2063 enim
625 2020 784 2060 nemo
811 2000 1007 2057 laedere
1036 1998 1266 2070 poterit:
1291 2002 1477 2050 natura
1504 1990 1700 2062 quippe
1739 1988 1826 2042 illa
1855 1983 2027 2056 perni-

457 2098 561 2155 ciei
581 2094 810 2151 obnoxia
844 2107 950 2148 non
985 2098 1143 2147 estet
1169 2087 1314 2145 omni
1337 2083 1567 2157 passioni
1599 2079 1862 2152 superior.
1894 2077 2034 2133 Nihil

457 2191 532 2245 ita
560 2186 857 2243 mirabilem
890 2182 1249 2239 Christianum
1277 2177 1453 2233 reddit
1482 2185 1537 2229 ut
1564 2170 1859 2228 humilitas.
1898 2167 2034 2223 Audi

456 2285 598 2339 cnim
625 2280 988 2335 Ahrahamum
1012 2276 1277 2330 dicentem
1309 2289 1323 2326 :
1354 2268 1467 2342 Ego
1495 2277 1663 2321 autem
1690 2281 1803 2319 sum
1836 2272 1969 2317 terra
1990 2270 2038 2315 et

456 2375 583 2429 cinis
614 2370 762 2443 (Gen.
789 2369 877 2425 18.
903 2368 994 2437 27)
1020 2382 1035 2431 ;
1066 2376 1117 2420 et
1166 2365 1329 2419 Deum
1359 2373 1544 2415 rursus
1567 2358 1635 2413 de
1669 2355 1872 2426 Moyse.
1897 2351 2037 2422 quod

458 2470 618 2526 fuerit
642 2464 880 2521 omnium
918 2460 1193 2516 hominum
1234 2455 1569 2511 mitissimus.
1598 2449 1738 2506 Nihil
1778 2446 1919 2503 enim
1944 2445 2038 2500 illo

457 2560 713 2616 humilius
745 2557 862 2623 fuit,
912 2554 1003 2625 qui
1044 2547 1326 2608 eumtanti
1364 2545 1544 2617 pepuli
1572 2542 1677 2599 dux
1708 2549 1869 2606 esset,
1915 2553 2036 2595 cum

457 2667 638 2723 regem
669 2660 722 2706 et
746 2646 1038 2704 exercitum
1077 2642 1445 2714 Egyptiorum
1468 2636 1707 2691 omnium
1732 2631 1883 2704 quasi
1917 2647 2037 2686 mu-

458 2758 578 2800 scas
606 2743 658 2797 in
683 2755 830 2796 mare
859 2736 1227 2800 demersisset,
1253 2741 1309 2789 et
1340 2740 1480 2786 tanta
1520 2729 1573 2783 in
1604 2727 1857 2798 Egypto,
1891 2732 2035 2779 tanta

459 2834 515 2888 in
538 2832 669 2887 mari
690 2831 871 2885 Rubro
890 2838 944 2883 et
967 2828 1019 2882 iu
1040 2827 1256 2882 deserto
1274 2829 1649 2895 perpetrasset,
1669 2826 2040 2887 tantarumque

461 2939 637 2979 rermu
671 2919 993 2978 testimoniis
1039 2917 1303 2972 frueretur
1324 2958 1338 2980 ,
1371 2913 1451 2969 sic
1494 2911 1715 2967 adectus
1744 2917 1860 2964 erat
1886 2905 2040 2978 quasi

460 3033 596 3072 littus
621 3031 686 3070 ex
713 3014 900 3084 plebe;
925 3019 1144 3079 eratque
1169 3022 1354 3063 socero
1381 3019 1544 3078 gener
1574 3001 1844 3064 humilior,
1872 2998 2041 3053 illius-

459 3124 563 3180 que
590 3105 871 3162 consilium
900 3101 1126 3171 accepit.
1156 3098 1271 3154 Non
1315 3097 1537 3153 moleste
1566 3094 1705 3159 tulit,
1729 3108 1834 3146 non
1858 3090 1993 3146 dixit
2022 3111 2036 3146 :

460 3202 597 3270 Quid
630 3200 770 3255 hoc?
797 3207 919 3267 post
959 3205 1036 3251 tot
1078 3203 1327 3264 tantaque
1369 3190 1623 3262 praeclare
1662 3195 1806 3259 gesta
1846 3182 2038 3240 venisti

463 3294 620 3348 nobis
654 3286 878 3347 consilia
929 3286 1193 3343 daturus?
1217 3282 1371 3352 Quod
1415 3290 1591 3336 tamen
1622 3278 1775 3335 multi
1820 3276 2036 3340 faciunt,

460 3385 668 3442 et'amsi
691 3384 810 3453 quis
837 3382 1096 3452 optimum
1129 3378 1221 3433 det
1256 3373 1561 3437 consiliunt,
1597 3386 1838 3442 personae
1868 3368 2042 3424 Immi-

461 3481 667 3535 litatem
696 3475 967 3546 despectui
1011 3471 1289 3527 habentes.
1322 3469 1391 3524 At
1418 3482 1526 3523 non
1559 3467 1638 3522 sic
1681 3466 1787 3529 ille,
1828 3463 1920 3518 sed
1948 3478 2041 3532 per

463 3570 813 3626 humilitatem
842 3567 1015 3621 omnia
1043 3571 1189 3620 recte
1214 3561 1425 3633 agebat.
1458 3558 1595 3614 Hinc
1622 3557 1773 3612 aulas
1798 3554 2041 3624 despexit

462 3662 657 3733 regias,
686 3659 807 3730 quia
835 3673 962 3713 vere
987 3655 1205 3711 humilis
1227 3662 1345 3709 erat
1369 3670 1382 3705 :
1411 3657 1647 3706 mentem
1671 3648 1814 3702 enim
1852 3659 2038 3700 sanam

462 3763 518 3810 et
545 3753 816 3808 excelsam
861 3748 987 3803 facit
1028 3746 1318 3802 humilitas.
1345 3744 1568 3812 Quanta:
1597 3739 1738 3796 enim
1766 3748 1820 3794 et
1845 3736 2040 3793 mentis

463 3855 519 3901 et
547 3844 710 3899 animi
741 3839 1121 3911 magnitudinis
1167 3836 1326 3892 fuerit
1367 3844 1422 3891 et
1456 3834 1671 3889 domum
1708 3841 1763 3887 et
1801 3845 2039 3886 mensam

465 3938 662 4009 regiam
702 3931 1019 4005 despicere?
1049 3931 1220 4001 Reges
1247 3930 1388 3985 enim
1419 3927 1570 3999 quasi
1615 3926 1688 3981 dii
1732 3923 2040 3980 colt-bantur

464 4031 601 4103 apud
632 4029 933 4101 Egyptios,
985 4041 1047 4080 ae
1081 4023 1277 4078 divitiis
1324 4020 1693 4091 tliesaurisque
1732 4016 2042 4075 fruebantur

466 4122 779 4179 innumeris.
812 4123 1060 4175 Attamen
1092 4116 1181 4171 ille
1210 4115 1293 4170 his
1339 4112 1585 4167 omnibus
1610 4110 1865 4175 dimissis,
1894 4107 2043 4177 εωθ-

465 4216 670 4286 ctisque
712 4212 925 4284 Afgypti
974 4209 1221 4280 sceptris,
1260 4206 1328 4262 ad
1376 4205 1614 4276 captivos
1651 4212 1706 4257 et
1735 4216 2039 4272 Oppressus,

465 4306 557 4377 qui
583 4307 635 4360 in
667 4305 779 4359 luto
803 4310 859 4358 et
882 4303 1139 4357 lateribus
1164 4298 1535 4361 versabantur,
1568 4310 1704 4376 quos
1733 4294 1872 4349 servi
1902 4293 2044 4363 regis

468 4399 755 4453 horrebant
786 4416 799 4452 :
826 4410 945 4449 nam
972 4395 1092 4448 illos
1117 4393 1560 4446 abominabantur
1589 4389 1822 4459 Egyptii
1847 4387 2041 4461 (Exod.

469 4495 521 4546 i.
555 4493 666 4562 i5),
698 4489 916 4559 inquit:
961 4486 1029 4540 ad
1075 4486 1173 4538 hos
1217 4480 1490 4553 confugit,
1545 4482 1775 4551 illosque
1812 4480 2045 4536 dominis

468 4582 775 4652 praeposuit.
804 4578 952 4635 Unde
973 4577 1150 4649 palam
1169 4585 1270 4640 est,
1298 4574 1437 4630 hunc
1465 4574 1740 4641 humilem,
1771 4575 2045 4630 excelsum

470 4671 970 4744 magnanimumque
994 4682 1135 4722 esse.
1165 4666 1477 4736 Arrogantia
1497 4665 1640 4719 enim
1661 4681 1727 4720 ex
1754 4665 1843 4721 vili
1865 4674 2045 4721 mente

466 4776 521 4822 et
542 4762 783 4821 illiberali
826 4761 1004 4815 animo
1053 4758 1323 4823 nascitur;
1370 4757 1722 4812 mansuetudo
1758 4767 1937 4813 autent
1978 4772 2047 4814 ex

469 4874 661 4930 magno
684 4866 737 4911 et
764 4855 975 4911 excelso
995 4853 1194 4908 animo.
1416 4842 1421 4853 ’

539 4948 594 5009 3.
626 4949 904 5003 Humilitas
932 4946 1329 5002 commendatur.
1351 4970 1421 4985 -α
1444 4943 1576 4998 Etsi
1606 4943 1801 5013 placet,
1836 4951 2042 4997 utrum-

469 5058 575 5115 que
604 5039 863 5109 exemplis
886 5039 1254 5093 discutiamus.
1287 5036 1382 5092 Dic
1407 5037 1549 5091 enim
1580 5034 1733 5099 mihi,
1761 5034 1849 5103 qui
1877 5032 2046 5088 Ahra-
2094 5058 2097 5061 ν

473 5137 630 5191 hamo
656 5132 918 5189 excelsius
947 5131 1077 5185 fuit?
1105 5131 1261 5199 Atqui
1294 5130 1384 5185 ille
1406 5139 1522 5184 erat
1544 5130 1631 5200 qui
1661 5127 1893 5203 diccbat,
1933 5126 2043 5199 Ego

468 5243 583 5282 sum
607 5235 739 5281 terra
764 5234 812 5280 et
838 5224 961 5277 cinis
1006 5225 1023 5294 (
1048 5220 1174 5276 Gen.
1208 5219 1295 5277 18.
1324 5219 1435 5289 9.7)
1469 5235 1485 5275 :
1518 5220 1605 5274 ille
1633 5228 1750 5276 erat
1778 5220 1870 5290 qui
1895 5218 2043 5275 dice—

473 5322 579 5381 bat,
615 5315 697 5372 Ne
716 5318 780 5371 sit
811 5332 979 5388 pugna
1023 5308 1154 5368 inter
1178 5327 1256 5366 me
1285 5322 1333 5364 et
1361 5322 1408 5364 te
1434 5308 1583 5381 (Gen.
1618 5311 1706 5366 15.
1739 5311 1818 5373 8).
1844 5310 2042 5366 Verum

472 5414 560 5468 hic
592 5411 807 5468 humilis
846 5407 1122 5463 manubias
1151 5404 1393 5474 despexit
1423 5403 1664 5458 Persicas
1686 5446 1702 5464 .
1749 5417 1803 5459 et
1852 5403 2045 5458 barba-

477 5505 588 5560 rica
629 5501 948 5571 contempsit
978 5510 1198 5569 troptea.
1232 5496 1343 5552 Hoc
1371 5510 1531 5567 porro
1559 5510 1624 5549 ex
1651 5496 1814 5549 animi
1845 5493 2047 5565 magni-

472 5594 657 5650 tudine
698 5610 752 5650 et
795 5593 1122 5647 sublimitate
1153 5588 1401 5645 faciebat.
1428 5585 1525 5641 ille
1550 5602 1779 5656 namque
1805 5602 1931 5643 vere
1956 5602 2045 5641 su-

472 5679 648 5734 blimis
676 5686 788 5744 est,
818 5676 908 5746 qui
956 5676 1163 5729 sincere
1202 5681 1286 5729 est
1335 5670 1585 5737 humilis,
1615 5686 1719 5723 non
1762 5670 2038 5734 adulator,

478 5787 584 5828 non
613 5771 700 5842 qui
729 5767 896 5825 ironia
928 5767 1110 5823 utitur.
1142 5763 1300 5823 Aliud
1325 5763 1468 5821 enim
1498 5772 1579 5819 est
1608 5761 2038 5835 magnanimitas,

3664 308 3751 362 16

2136 417 2278 472 aliud
2327 418 2672 487 arrogantia:
2700 418 2801 471 hoc
2842 427 3025 471 autem
3075 416 3199 473 hinc
3243 418 3591 476 manifestum
3613 433 3746 478 est.

2136 508 2218 562 Sit
2247 507 2366 577 quis
2399 509 2569 563 lutum
2600 522 2722 562 esse
2751 507 2919 562 lutum
2952 517 3143 577 putans
3169 518 3226 564 et
3252 510 3380 565 illud
3409 511 3695 582 despiciat
3722 532 3743 577 ;

2135 601 2270 655 alius
2303 612 2479 655 autem
2511 603 2600 671 qui
2651 601 2819 655 lutum
2868 615 2966 671 pro
2995 617 3128 655 auro
3158 600 3354 657 habeat
3379 644 3391 668 ,
3420 604 3749 661 admiretur

2135 701 2192 747 et
2219 694 2394 763 magni
2425 694 2616 748 faciat:
2643 704 2759 748 uter
2781 692 2979 748 excelsi
2999 694 3163 748 animi
3196 695 3303 750 est?
3327 710 3505 751 annon
3533 699 3601 765 is,
3635 700 3749 767 qui

2138 784 2304 839 lutum
2334 800 2439 840 non
2469 785 2791 840 admiratur?
2825 794 2945 840 uter
2971 800 3101 841 vero
3123 786 3318 856 abjeeti
3360 789 3523 842 animi
3548 799 3610 843 et
3639 791 3744 843 vic

2136 873 2204 929 iis
2232 875 2338 929 est?
2366 890 2546 930 nonne
2574 876 2664 946 qui
2696 875 2826 931 illud
2852 875 3147 931 admiratur
3166 887 3221 932 et
3247 880 3422 949 magni
3451 879 3620 934 facit?~
3641 880 3733 934 [In

2140 968 2226 1023 hic
2254 970 2414 1024 etiam
2439 977 2624 1039 reputa
2655 986 2668 1023 :
2696 984 2815 1023 eum
2847 984 3062 1039 nempe,
3108 971 3197 1042 qui
3243 986 3305 1026 se
3334 981 3530 1026 terram
3554 982 3615 1027 et
3638 974 3737 1026 ci-

2139 1077 2323 1116 nerem
2345 1061 2494 1127 dicit,
2517 1061 2789 1117 excelsum
2814 1076 2953 1129 esse,
2976 1064 3220 1134 quamvis
3244 1065 3345 1120 hoc
3364 1065 3506 1120 dicat
3532 1082 3599 1121 ex
3623 1064 3735 1118 lm-

2139 1152 2400 1219 militate;
2434 1153 2580 1207 illum
2612 1168 2766 1219 vero,
2791 1154 2883 1223 qui
2910 1170 2970 1210 se
2999 1170 3096 1210 nec
3127 1165 3321 1212 terram
3350 1174 3452 1213 nec
3478 1158 3728 1212 cinerem

2139 1261 2260 1302 esse
2290 1256 2459 1316 putat,
2487 1245 2581 1301 sed
2608 1249 2843 1317 seipsqu
2867 1247 2995 1302 colit
3019 1256 3073 1302 et
3094 1248 3260 1304 altum
3287 1249 3354 1306 de
3374 1266 3433 1305 se
3457 1253 3614 1321 sapit,
3639 1254 3726 1306 vi-

2138 1339 2241 1394 lem
2274 1340 2454 1411 utique
2481 1355 2622 1406 esse,
2655 1340 2741 1411 qui
2768 1355 2927 1411 parva
2961 1341 3137 1413 titagni
3163 1341 3339 1397 faciat.
3363 1343 3517 1400 Unde
3538 1345 3721 1415 palam

2139 1441 2221 1487 est
2262 1449 2326 1488 ex
2369 1448 2558 1504 magna
2601 1433 2765 1487 animi
2807 1433 3134 1489 sublimitate
3174 1437 3531 1505 patriarcham
3572 1438 3717 1495 hanc

2138 1525 2382 1580 emisisse
2429 1539 2633 1592 vocem,
2690 1523 2797 1596 Ego
2831 1536 2997 1579 autent
3034 1543 3148 1581 sum
3193 1538 3325 1582 terra
3365 1538 3413 1582 et
3459 1531 3617 1594 cinis;
3647 1545 3709 1586 es

2138 1617 2335 1673 mentis
2368 1617 2712 1682 sublimitate,
2755 1635 2859 1673 non
2899 1636 2965 1673 ex
2999 1622 3323 1690 arrogantia.
3354 1621 3709 1688 Quemadtno

2138 1708 2263 1763 dum
2291 1710 2433 1764 enim
2464 1710 2516 1764 in
2557 1710 2872 1780 corporibus
2899 1711 3044 1767 aliud
3084 1722 3164 1767 est
3216 1722 3460 1783 vegetum
3486 1724 3544 1769 et
3575 1715 3710 1771 buna

2138 1802 2316 1856 carnis
2348 1800 2656 1857 habitudine
2685 1817 2823 1866 esse,
2855 1804 2995 1859 aliud
3035 1819 3151 1859 esse
3192 1803 3416 1860 humore
3443 1806 3707 1871 inflatum,

2142 1895 2266 1949 licet
2287 1896 2340 1950 in
2372 1904 2601 1967 utroque
2625 1911 2754 1953 caro
2785 1898 3114 1967 promineat;
3145 1908 3198 1951 at
3228 1898 3280 1951 in
3310 1898 3408 1953 hoc
3429 1910 3702 1968 corrupta.

2142 1989 2193 2044 in
2235 1988 2327 2044 illo
2366 2005 2535 2046 sana:
2582 1993 2652 2045 ita
2692 1990 2849 2046 etiam
2888 1991 3029 2045 aliud
3059 2000 3139 2046 ext
3183 2006 3303 2046 esse
3347 2004 3699 2062 armgantem,

2140 2081 2279 2152 quod
2308 2093 2386 2138 est
2418 2097 2537 2139 esse
2584 2082 2809 2138 humore
2850 2092 3181 2153 turgentem;
3210 2082 3350 2137 aliud
3376 2098 3499 2138 esse
3538 2086 3704 2138 subli-

2141 2187 2301 2235 mem,
2334 2173 2476 2243 quod
2504 2183 2589 2229 est
2612 2181 2856 2244 vegetum
2879 2188 3014 2230 esse.
3051 2174 3119 2229 Et
3147 2188 3360 2241 rursus,
3392 2183 3475 2229 cst
3500 2176 3710 2245 quidam

2139 2265 2381 2335 corporis
2421 2276 2621 2321 statura
2668 2281 2954 2336 procerus;
3001 2267 3138 2323 alius
3181 2278 3357 2322 autem
3384 2266 3565 2321 brevis
3608 2276 3714 2320 sta.

2143 2367 2278 2424 tura,
2305 2360 2540 2429 acceptis
2577 2360 2773 2415 calceis
2816 2360 2875 2415 ﬁt
2902 2361 3097 2416 altior:
3128 2373 3304 2416 utrum
3340 2378 3465 2433 ergo
3498 2363 3714 2417 vocabi-

2140 2466 2259 2505 mus
2288 2465 2568 2520 procerum
2597 2462 2651 2507 et
2686 2468 2955 2523 magnum,
2989 2456 3214 2523 quaeso?
3237 2469 3411 2509 annon
3443 2470 3586 2518 eum,
3620 2454 3727 2524 qui

2141 2557 2205 2597 ex
2233 2551 2419 2597 natura
2441 2559 2535 2600 sua
2562 2559 2810 2614 procerus
2829 2555 2912 2601 est
2927 2546 2950 2601 i
2967 2543 3059 2601 Ille
3085 2547 3227 2602 enim
3249 2546 3483 2602 alienum
3507 2545 3608 2602 hoc
3622 2546 3718 2601 ha-

2141 2632 2253 2698 bet,
2284 2644 2338 2688 et
2358 2650 2519 2705 super
2539 2635 2756 2691 humilia
2778 2637 3092 2703 ascendens,
3118 2640 3194 2693 sic
3220 2655 3473 2709 procerus
3498 2639 3715 2694 effectus

2141 2735 2224 2780 est
2252 2744 2264 2779 :
2295 2727 2345 2781 id
2376 2727 2517 2797 quod
2545 2729 2705 2784 etiam
2744 2731 2891 2785 multi
2919 2731 3161 2787 homines
3186 2732 3409 2797 faciunt.
3443 2734 3533 2805 qui
3557 2749 3718 2804 pecu-

2141 2818 2245 2873 niis
2274 2828 2328 2872 et
2353 2819 2520 2889 gloria
2565 2835 2685 2876 sese
2709 2821 3005 2887 extollunt,
3037 2823 3197 2896 idque
3227 2840 3332 2881 non
3360 2834 3441 2881 est
3467 2826 3714 2882 altitudo.

2143 2910 2399 2967 Excelsus
2428 2913 2570 2967 enim
2597 2924 2678 2968 est
2707 2914 2816 2981 ille,
2843 2914 2932 2986 qui
2960 2916 3148 2971 borum
3170 2919 3321 2973 nullo
3335 2933 3469 2989 opus
3490 2917 3721 2985 habens,

2141 3001 2232 3058 sed
2260 3005 2435 3057 omnia
2464 3004 2798 3075 despiciens,
2841 3007 2892 3060 in
2929 3022 2987 3062 se
3022 3008 3439 3079 magnitudinem
3485 3010 3710 3065 obtinet.

2140 3093 2317 3150 Simus
2346 3110 2472 3166 ergo
2513 3095 2742 3153 humiles
2765 3139 2779 3159 ,
2816 3106 2871 3152 ut
2917 3098 3172 3153 sublimes
3214 3098 3510 3154 efﬁciamur
3551 3121 3565 3156 :
3596 3116 3725 3155 nam

2146 3188 2245 3254 Qui
2285 3204 2338 3241 se
2375 3189 2629 3251 humiliat,
2670 3189 2973 3244 excitabitur
3014 3190 3223 3260 (Matth.
3255 3192 3348 3247 ‘23.
3386 3193 3496 3263 12),
3528 3194 3713 3262 inquit.

2141 3281 2245 3336 Sed
2275 3296 2380 3335 non
2412 3281 2502 3337 ille
2530 3298 2787 3354 arrogans
2832 3284 2950 3338 talis
2987 3294 3102 3349 est;
3133 3286 3373 3341 omnium
3409 3287 3606 3356 quippe
3637 3298 3718 3342 cst

2142 3372 2430 3427 vilissimus
2459 3392 2473 3428 :
2505 3374 2646 3429 bulla
2674 3375 2814 3431 enim
2846 3377 3078 3444 inflatur,
3106 3376 3199 3432 sed
3240 3378 3355 3433 inec
3385 3379 3587 3434 inﬂatio
3614 3395 3718 3434 non

2143 3464 2313 3520 solida
2360 3474 2460 3520 est.
2495 3466 2620 3523 Iden
2656 3468 2956 3538 huiusmodi
3011 3469 3257 3526 homines
3300 3470 3511 3526 inﬂatos
3560 3486 3717 3527 voca-

2144 3572 2282 3612 mus.
2312 3558 2413 3626 Qui
2460 3559 2601 3613 euim
2652 3560 2924 3617 moderate
2974 3563 3156 3628 sentit,
3187 3579 3253 3617 ne
3284 3563 3335 3618 in
3365 3564 3572 3634 magnis
3600 3564 3717 3634 qui-

2143 3649 2264 3706 dem
2294 3652 2457 3706 altum
2480 3654 2635 3721 sapit,
2667 3653 2923 3708 vilitatem
2954 3668 3104 3710 suam
3146 3665 3325 3711 notam
3357 3654 3559 3712 habens
3589 3674 3602 3710 :
3631 3657 3719 3726 qui

2144 3754 2322 3798 autem
2355 3742 2473 3798 vilis
2501 3752 2608 3810 est,
2633 3745 2794 3799 etiam
2826 3748 2878 3799 in
2905 3748 3088 3817 parvis
3117 3763 3365 3819 magnum
3405 3749 3564 3820 sapit.
3594 3748 3723 3804 Adi-

2144 3836 2413 3907 piscamur
2436 3852 2563 3908 ergo
2606 3852 2671 3892 ex
2704 3837 3002 3895 humilitate
3028 3839 3406 3896 sublimitatem
3436 3858 3451 3894 :
3477 3836 3722 3897 conside-

2144 3945 2322 3985 remus
2349 3930 2696 3985 humanarum
2725 3946 2904 3986 rerum
2934 3940 3199 4001 naturam,
3223 3942 3280 3988 ut
3300 3933 3596 3990 futurorum
3622 3933 3721 3990 de-

2144 4024 2340 4079 siderio
2367 4023 2732 4078 incendantur.
2749 4022 2862 4080 Non
2894 4026 2999 4080 alio
3018 4027 3212 4098 quippe
3234 4027 3393 4082 modo
3408 4037 3582 4096 potest
3603 4026 3722 4096 quis

2149 4115 2364 4172 humilis
2394 4115 2528 4182 fieri,
2561 4131 2719 4186 quam
2749 4132 2839 4186 per
2867 4117 3165 4174 divinarum
3196 4133 3373 4172 rerum
3396 4131 3634 4171 amorem
3667 4125 3722 4171 et

2149 4208 2489 4277 prmsentium
2520 4207 2854 4277 despectum.
2896 4208 2965 4264 Ut
3007 4209 3151 4263 enim
3180 4208 3225 4263 si
3255 4209 3375 4278 quis
3403 4222 3621 4274 regnum
3649 4205 3717 4256 sit

2147 4309 2552 4369 assequuturus,
2579 4298 2877 4369 deindeque
2920 4313 3016 4368 pro
3054 4298 3142 4350 illa
3188 4311 3419 4365 purpura
3448 4294 3640 4363 aliquis
3663 4295 3717 4348 ei

2147 4390 2416 4461 vulgarem
2443 4390 2695 4446 exhibeat
2737 4391 3011 4450 honorem,
3046 4387 3191 4441 illum
3229 4386 3379 4439 nihili
3423 4385 3577 4439 faciet
3605 4402 3619 4438 :
3645 4386 3717 4441 ita

2149 4492 2202 4538 et
2226 4498 2323 4537 nos
2356 4484 2636 4551 praesentia
2663 4481 2837 4537 omnia
2865 4478 3243 4542 deridebimns,
3273 4478 3318 4533 si
3361 4477 3620 4533 honorem
3650 4478 3716 4533 il-

2150 4574 2257 4628 lum
2278 4574 2731 4643 concupiscamus.
2756 4572 2870 4629 Non
2892 4571 3080 4626 videtis
3102 4584 3312 4641 pueros,
3338 4584 3455 4625 cum
3479 4569 3723 4624 ludentes

2149 4667 2318 4722 aciem
2347 4675 2583 4721 statuunt
2609 4679 2663 4721 et
2689 4667 2903 4732 milites,
2931 4664 3358 4736 praecedentibus
3380 4662 3719 4734 praeconibus

2149 4771 2206 4816 et
2228 4759 2525 4826 lictoribus,
2552 4768 2609 4814 et
2648 4774 2781 4829 puer
2806 4758 3011 4814 medius
3039 4759 3205 4814 instar
3231 4756 3381 4812 ducis
3422 4752 3645 4817 incedit,
3673 4763 3726 4808 et

2150 4870 2308 4926 quam
2359 4854 2464 4908 sint
2517 4852 2603 4907 illa
2651 4851 2910 4922 puerilia?
2949 4849 3097 4906 Talia
3126 4861 3251 4906 sunt
3280 4848 3531 4912 humana,
3563 4855 3617 4901 et
3642 4843 3723 4899 his

2150 4946 2358 5012 viliora,
2384 4960 2502 5017 quae
2529 4944 2686 4999 hodie
2706 4952 2851 5007 sunt,
2870 4952 2924 4998 et
2942 4956 3062 4996 cras
3083 4956 3188 4994 non
3208 4946 3383 4994 erunt.
3399 4938 3578 4992 Simus
3599 4950 3727 5007 ergo

2152 5040 2236 5096 his
2258 5040 2498 5107 altiores,
2528 5048 2583 5094 et
2619 5052 2723 5093 non
2767 5036 2939 5091 solum
2971 5032 3086 5088 ba-c
3129 5046 3233 5085 non
3263 5028 3726 5098 concupiscamus,

2151 5134 2247 5190 sed
2272 5136 2431 5190 etiam
2459 5133 2863 5196 erubescamus,
2887 5129 2933 5183 si
2960 5127 3083 5199 quis
3101 5124 3254 5179 nobis
3277 5122 3364 5175 illa
3396 5122 3615 5177 tribuat.
3644 5123 3723 5177 'lta

2152 5227 2294 5283 enim
2328 5227 2516 5281 horum
2554 5224 2779 5294 depulso
2807 5236 3015 5284 amore,
3054 5216 3291 5272 divinum
3339 5214 3490 5269 illum
3527 5228 3714 5272 conse-

2153 5335 2398 5389 quemur,
2429 5328 2482 5371 et
2512 5314 2796 5370 immortali
2823 5311 3064 5366 fruemur
3088 5307 3255 5378 gloria
3280 5325 3295 5360 :
3318 5322 3476 5378 quam
3501 5320 3597 5361 nos
3616 5318 3724 5357 out-

2153 5427 2248 5466 nes
2270 5409 2480 5481 assequi
2499 5407 2768 5477 contingat
2787 5404 2954 5475 gratia
2973 5410 3026 5456 et
3045 5399 3371 5470 benignitate
3398 5396 3601 5455 Domini
3624 5410 3723 5449 no-

2153 5503 2248 5557 stri
2271 5500 2398 5557 Jesu
2424 5497 2642 5563 Christi,
2663 5499 2871 5566 quicum
2902 5494 3044 5549 Patri
3063 5507 3273 5564 unaque
3294 5490 3514 5563 Spiritui
3538 5498 3726 5545 sancto

2151 5597 2338 5668 gloria,
2358 5593 2664 5665 imperium,
2689 5592 2879 5657 honor,
2902 5601 3049 5644 nunc
3065 5594 3120 5644 et
3139 5601 3370 5658 semper,
3390 5597 3442 5642 et
3464 5586 3515 5640 in
3532 5581 3727 5638 saecula

2153 5674 2488 5744 smculoru-m.
2519 5688 2714 5744 Amen.
3318 5684 3339 5709 ⁸
