4100 6214
398 333 469 390 15
1505 329 1570 385 IN
1609 325 1830 384 EPIST.
1881 328 1899 381 Ι
1936 327 1979 382 Δ

2090 325 2229 385 ῚΟΚ.
2274 330 2509 387 HOMIL.
2550 334 2570 388 ι
3615 341 3680 396 16

399 463 555 509 σαν.
595 446 653 498 '0
695 441 964 506 ταπεινὸς
995 435 1170 506 οὗτος,
1209 443 1302 497 καὶ
1355 441 1611 514 ἐπίχαρις
1639 442 1853 511 γίνεται
1891 439 1987 494 καὶ

409 533 579 586 πᾶσιν
605 530 749 600 ἡδὺς,
783 529 885 582 κα)⁸
924 529 1118 600 εἰρήνῃ
1146 528 1444 598 σύντροφος
1474 529 1731 599 διηνεκεῖ,
1770 527 1864 580 καὶ
1897 526 1988 580 οὑ-

411 617 600 686 δεμίαν
627 613 766 682 ἔχων
811 613 1070 684 πολέμων
1111 612 1387 666 ὑπόθεσιν.
1445 612 1566 666 Κᾶν
1597 613 1708 684 γὰρ
1737 612 1986 684 ὑϐρίσῃς,

414 699 518 752 κάν
562 696 898 768 λοιδορήσῃς,
954 696 1058 750 κᾶν
1104 695 1283 749 ὁτιοῦν
1338 697 1518 770 εἴπῃς,
1571 698 1858 765 σιγήσεται
1891 694 1989 748 καὶ

413 781 602 852 πράως
653 781 817 847 οῐσει,
868 782 966 833 καὶ
1003 779 1271 850 τοσαύτην
1296 780 1406 844 ἕξει
1448 780 1547 852 τὴν
1593 781 1820 852 εἰρήνην
1849 779 1988 851 πρὸς

405 866 638 928 πάντας,
690 865 826 935 ὅσην
861 863 982 918 οὑδὲ
1025 863 1175 919 ἔστιν
1203 865 1397 926 εἰπεῖν,
1429 864 1524 918 καὶ
1558 864 1694 936 πρὸς
1722 865 1813 918 τὸν
1854 863 1989 917 Θεὸν

398 949 480 1003 δέ.
511 949 595 1002 Τὰ
633 948 746 1018 γὰρ
773 947 867 1002 τοῦ
901 947 1039 1002 Θεοῦ
1072 949 1492 1020 προστάγματα,
1521 948 1660 1019 μετά
1679 946 1988 1019 ἀνθρώπων

399 1033 713 1104 εἰρηνεύειν
748 1034 887 1098 ἐστὶ,
929 1033 1026 1088 καὶ
1054 1037 1083 1088 6
1115 1034 1228 1103 βίος
1259 1035 1404 1098 ἄπας
1434 1037 1568 1106 ἡμῖν
1611 1034 1754 1089 οὕτω
1786 1049 1987 1105 κατορ-

397 1117 593 1172 θοῦται
621 1121 681 1172 ἐν
709 1121 776 1190 τῇ
810 1118 948 1190 πρὸς
972 1117 1239 1189 ἀλλήλους
1267 1121 1458 1191 εἰρήνῃ
1477 1136 1492 1151 ο
1534 1120 1595 1173 οὑ
1629 1118 1739 1188 γάρ
1768 1117 1832 1190 δὴ
1855 1117 1987 1170 Θεόν

396 1220 487 1267 τις
545 1203 805 1276 ἀδικῆσαι
852 1205 1181 1274 δυνήσεταιο
1233 1203 1541 1276 ἀνώλεθρος
1581 1204 1691 1275 γάρ
1745 1205 1778 1275 ή
1823 1202 1987 1272 φύσις

399 1289 610 1359 ἐκείνη.
661 1289 760 1342 καὶ
818 1289 1023 1352 παντὸς
1066 1288 1318 1358 ἀνωτέρα
1346 1287 1576 1351 πάθους.
1629 1287 1796 1342 Οὑδέν
1844 1285 1986 1340 οὓτω

399 1371 720 1442 θαυμαστὸν
751 1375 898 1426 ποιεῖ
915 1369 1007 1424 τὸν
1033 1372 1377 1441 Χριστιανὸν,
1397 1371 1474 1434 ῶς
1491 1369 1982 1442 ταπεινοφροσύνη.

403 1457 675 1510 Ἄκουσον
709 1457 843 1527 γοῦν
872 1456 968 1510 τοῦ
1000 1455 1249 1527 ’Δϐραάμ
1279 1456 1552 1524 λέγοντοςο
1600 1455 1748 1525 Ἐγὼ
1775 1455 1843 1508 δέ
1868 1457 1985 1523 εἰμι

399 1540 479 1609 τῆ
514 1541 613 1594 καί
658 1541 921 1608 σποδόςο
959 1543 1054 1594 καί
1089 1541 1182 1594 τοῦ
1217 1539 1356 1594 Θεοῦ
1391 1541 1520 1612 περὶ
1549 1539 1831 1603 Μωῡσέως
1876 1540 1982 1594 πά-

396 1623 502 1689 λιν,
528 1627 612 1678 ὅτι
636 1627 948 1696 πραότατος
975 1621 1042 1697 ἦν
1069 1625 1288 1679 πάντων
1313 1625 1640 1697 ἀνθρώπων.
1661 1625 1850 1688 Οὐδεὶς
1875 1624 1984 1696 γάρ

397 1707 612 1762 ἐκείνου
659 1709 1046 1779 ταπεινότερος
1076 1720 1103 1749 ι
1133 1707 1380 1777 γέγονεν,
1423 1709 1483 1773 δς
1513 1710 1688 1780 δῆμον
1729 1707 1983 1762 τοσοῦτον

397 1791 567 1859 ἄγων,
605 1793 703 1845 καὶ
757 1791 851 1845 τὸν
897 1790 1125 1862 βασιλέα
1173 1791 1268 1845 καὶ
1315 1793 1376 1846 τὸ
1438 1793 1802 1865 στρατόπεδον
1837 1793 1984 1847 ἅπαν

395 1875 508 1927 τῶν
539 1875 860 1944 Αἰγυπτίων
893 1875 1149 1947 καθάπερ
1193 1876 1360 1947 μυίας
1406 1878 1837 1943 καταποντίσας,
1887 1878 1984 1932 καὶ

399 1958 642 2014 τοσαῦτα
677 1959 778 2029 μὲν
803 1961 862 2013 ἐν
891 1959 1178 2030 Αἰγύπτῳ,
1208 1959 1451 2014 τοσαῦτα
1477 1960 1534 2014 δέ
1561 1960 1655 2014 ἐπὶ
1677 1960 1780 2030 τῆς
1822 1961 1982 2032 Ἐρυ-

402 2043 542 2114 θρᾶς
593 2043 866 2113 θαλάσσης
904 2044 1283 2114 ἐργασάμενος
1311 2045 1406 2098 καὶ
1459 2046 1553 2099 ἐπὶ
1598 2045 1700 2114 τῆς
1747 2045 1980 2116 ἐρήμου,

405 2126 505 2183 καί
531 2125 794 2195 τοσαύτης
826 2127 1142 2191 ἀπολαύσας
1172 2129 1500 2200 μαρτυρίας,
1527 2129 1603 2193 ὠς
1625 2128 1707 2192 εἰς
1731 2128 1839 2182 τῶν
1863 2129 1985 2182 πολ-

407 2209 519 2263 λῶν
567 2209 663 2277 ὢν,
712 2211 851 2264 οὑτω
877 2211 1142 2266 διέκειτο·
1179 2212 1398 2266 καὶτοῦ
1438 2212 1704 2284 κηδεστοῦ
1733 2213 1984 2284 γαμϐρὸς

404 2293 794 2364 ταπεινότερος
831 2289 918 2365 ἦν,
947 2297 1042 2350 καὶ
1070 2294 1279 2366 ἐδέχετο
1302 2295 1403 2368 τὴν
1434 2298 1563 2367 παρ’
1597 2296 1807 2351 ἐκείνου
1849 2295 1984 2364 γνώ-

401 2393 532 2445 μην.
583 2378 694 2430 Kak
735 2378 855 2432 οὑδὲ
907 2379 1288 2451 ἐδυσχέραινεν
1318 2381 1441 2434 οὑδὲ
1488 2377 1634 2435 εἴπεο
1680 2381 1748 2434 Τί
1787 2380 1979 2446 τοῦτος

399 2461 541 2530 μετά
577 2461 807 2516 τοιαῦτα
841 2463 937 2517 καὶ
963 2463 1200 2518 τοσαῦτα
1225 2463 1630 2536 κατορθώματα
1662 2460 1824 2537 ἦλθες
1851 2467 1984 2536 ἡμῖν

398 2544 829 2614 συμϐουλεύων;
881 2547 1019 2618 ὅπερ
1049 2548 1350 2619 πάσχουσιν
1371 2549 1422 2601 οἱ
1463 2549 1669 2614 πολλοὶ,
1707 2549 1812 2602 κᾶν
1860 2547 1983 2619 ἀρί-

397 2645 534 2699 στην
563 2647 652 2693 τις
681 2630 1050 2702 εἰσηγήσηται
1079 2631 1328 2702 γνώμην,
1356 2631 1446 2686 διὰ
1469 2632 1529 2687 16
1562 2633 1656 2686 τοῦ
1687 2633 1980 2704 προσώπου

395 2713 650 2767 ταπεινὸν
681 2715 1171 2786 καταφρονοῦντες.
1208 2715 1348 2770 Ἀλλ’
1395 2717 1495 2770 οὐκ
1533 2720 1740 2781 ἐκεῖνος
1783 2716 1978 2784 οὕτως,

394 2795 533 2850 ἀλλά
565 2797 657 2852 διά
684 2799 1192 2871 ταπεινοφροσύνης
1229 2800 1408 2856 πάντα
1429 2801 1730 2873 κατώρθου.
1766 2801 1982 2855 Ἐντεῦ-

395 2877 487 2932 θεν
515 2882 614 2935 καὶ
636 2882 748 2936 τῶν
770 2882 1070 2953 βασιλικῶν
1110 2887 1521 2957 κατεφρόνησεν
1548 2885 1748 2951 αὑλῶν,
1791 2886 1980 2957 ἐπειδὴ

393 2963 658 3028 ταπεινὸς
701 2960 772 3037 ἦν
816 2965 1016 3029 ὅντως·
1074 2965 1134 3020 16
1180 2967 1293 3040 γὰρ
1324 2969 1479 3036 ὑγιὲς
1515 2969 1771 3042 φρόνημα
1795 2970 1890 3024 καὶ
1917 2971 1981 3024 τὸ

397 3045 604 3117 ὑψηλὸν
649 3050 686 3120 ἡ
738 3049 1210 3122 ταπεινοφροσύνῃ
1263 3055 1428 3107 ποιεῖ.
1501 3053 1680 3124 Πόσης
1723 3053 1833 3124 γὰρ
1878 3054 1978 3107 οίει

400 3130 885 3203 μεγαλοφροσύνης
917 3129 1059 3187 εἶναι
1106 3133 1203 3188 καὶ
1248 3134 1648 3206 μεγαλοψυχίας
1677 3137 1741 3190 16
1776 3137 1869 3190 καὶ
1899 3139 1979 3192 οἰ-

397 3214 525 3277 κίας
561 3215 663 3268 καὶ
707 3218 991 3292 τραπέζης
1029 3218 1307 3291 ὑπεριδεῖν
1333 3219 1654 3291 βασιλικῆς;
1708 3223 1820 3276 Καὶ
1868 3222 1980 3294 γὰρ

395 3297 476 3360 ὡς
512 3297 628 3352 θεοὶ
667 3301 934 3371 τιμῶνται
963 3303 1012 3355 οἰ
1063 3302 1305 3372 βασιλεῖς
1351 3305 1482 3376 παρ’
1511 3306 1850 3375 Δίγυπτίοις,
1884 3309 1980 3361 καὶ

400 3380 642 3436 πλούτου
694 3383 787 3437 καὶ
825 3383 1119 3456 θησαυρῶν
1157 3387 1496 3442 ἀπολαύουσι
1549 3390 1779 3460 μυρίων.
1839 3391 1979 3444 Ἀλλ’

396 3464 557 3534 ὅμως
590 3465 763 3521 πάντα
818 3469 980 3536 ἀφεὶς
1009 3471 1216 3534 ἐκεῖνα,
1265 3473 1360 3525 καὶ
1389 3473 1531 3526 αὑτά
1577 3474 1677 3545 τῆς
1700 3475 1979 3544 Αἰγύπτου

397 3548 570 3620 ῥίψας
592 3551 661 3606 τά
692 3552 972 3624 σκῆπτρα,
996 3556 1111 3618 τοῖς
1132 3555 1500 3626 αἰχμαλώτοις
1525 3559 1621 3613 καὶ
1649 3576 1981 3616 καταπονου-

400 3633 617 3718 μένοις,
635 3639 749 3699 τοῖς
777 3638 834 3689 ἐν
865 3636 944 3708 τῷ
973 3636 1130 3708 πηλῷ
1153 3639 1251 3692 καὶ
1273 3641 1341 3711 τῇ
1376 3640 1626 3713 πλινθείᾳ
1654 3643 1982 3718 δαπανωμέ-

396 3733 535 3780 νοις,
565 3717 660 3782 οὑς
689 3719 738 3772 οἰ
767 3719 943 3774 δοῦλοι
982 3721 1146 3775 αὑτοῦ
1172 3720 1552 3777 ἐϐδελύττοντο
1584 3726 1980 3794 (ἐϐδελύττοντο
2012 3774 2022 3792 ..

397 3800 511 3872 γὰρ
539 3803 739 3866 αὐτοὺς
757 3806 807 3858 οἰ
830 3804 1141 3874 Αἰγύπτιοι,
1166 3806 1345 3877 φησὶ),
1367 3807 1581 3873 τούτοις
1604 3812 1977 3884 προσέδραμε,

397 3886 493 3952 καὶ
522 3887 633 3940 τῶν
654 3887 931 3954 δεσποτῶν
952 3889 1149 3952 αὑτοὺς
1178 3889 1476 3961 προετίθει.
1505 3893 1668 3949 Ὅθεν
1694 3895 1872 3967 δῆλον,
1898 3900 1980 3952 ὄτι

399 3970 426 4022 6
454 3970 737 4035 ταπεινὸς,
772 3966 926 4036 οὗτός
965 3974 1113 4026 ἐστιν
1151 3973 1410 4048 ῥὺψηλὸς
1457 3976 1553 4030 καὶ
1594 3966 1976 4052 μεγαλόφρων.

401 4055 513 4112 Καὶ
540 4054 650 4124 γὰρ
681 4057 715 4124 ἡ
743 4055 970 4109 ἀπόνοια
993 4056 1101 4110 ἀπὸ
1121 4057 1374 4121 εὐτελοῦς
1393 4058 1600 4128 γίνεται
1619 4061 1860 4129 διανοίας
1885 4067 1982 4120 καὶ

401 4138 666 4222 ἀγεννοῦς
695 4139 894 4210 ψυχῆς,
918 4141 1012 4194 καὶ
1038 4142 1070 4212 ή
1094 4141 1171 4214 [7]
1199 4143 1476 4198 ἐπιείκεια
1504 4145 1616 4200 ἀπὸ
1639 4149 1981 4222 μεγαλόφρο-

397 4238 512 4284 νος,
541 4221 652 4275 ἀπὸ
678 4222 1057 4294 μεγαλοψύχου
1093 4224 1342 4298 γνώμης.

402 4318 430 4342 ο
467 4309 538 4373 γνι
565 4306 678 4358 Καὶ
708 4307 756 4358 εἰ
786 4305 1168 4379 βούλεσθε,γέπὶ
1185 4309 1292 4372 τῶν
1311 4310 1725 4381 ὑποδειγμάτων
1746 4315 1982 4388 ἑκάτερα

396 4388 767 4459 ἐξετάζωμεν.
804 4391 940 4444 Εἰπὲ
966 4391 1076 4464 γάρ
1117 4411 1227 4464 μοι,
1272 4394 1324 4447 τί
1351 4393 1444 4448 τοῦ
1481 4395 1732 4469 Ἀϐραάμ
1760 4400 1983 4468 γέγονεν

397 4472 770 4542 ὑψηλότερονς
805 4475 982 4530 καίτοι
1007 4494 1070 4545 γε
1100 4479 1306 4541 ἐκεῖνος
1333 4474 1400 4550 ἦν
1425 4482 1452 4533 6
1489 4480 1682 4550 λέγων·
1728 4485 1868 4554 Ἐγώ
1903 4489 1983 4541 εἰ·

393 4575 462 4626 μι
495 4557 574 4626 γῆ
611 4558 710 4612 καί
751 4560 1019 4627 σποδός·
1063 4563 1268 4626 ἐκεῖνος
1297 4557 1372 4634 ἦν,
1397 4565 1426 4616 6
1456 4563 1627 4634 λέγων
1647 4583 1659 4596 ’
1695 4568 1793 4636 Μὴ
1827 4569 1983 4624 ἔστω

396 4641 563 4710 μάχη
621 4641 740 4697 ἀνὰ
782 4645 979 4712 μέσον
1021 4647 1168 4716 ἐμοῦ
1193 4690 1207 4714 ,
1256 4647 1358 4701 καί
1422 4649 1539 4704 ἀνὰ
1597 4651 1794 4720 μέσον
1841 4653 1978 4709 σοῦ.

412 4726 552 4778 Ἀλλ’
584 4720 742 4791 οὗτος
772 4730 801 4782 6
842 4729 984 4784 οὑτω
1025 4732 1280 4794 ταπεινὸς
1321 4731 1580 4803 λαφύρων
1609 4738 1982 4809 κατεφρόνησε

402 4810 724 4879 Περσικῶν,
781 4813 874 4868 καὶ
929 4815 1206 4886 τροπαίων
1281 4818 1532 4888 ὑπερεῖδε
1608 4819 1978 4892 βαρϐαρικῶν.

402 4894 572 4948 Τοῦτο
609 4896 669 4950 δὲ
709 4896 817 4949 ἀπὸ
865 4897 1065 4968 πολλῆς
1105 4899 1558 4974 ὑψηλοφροσύνης
1604 4905 1699 4956 καί⁸
1747 4906 1982 4976 μεγαλο-

409 4980 570 5046 φυοῦς
603 4982 838 5046 διανοίας
879 4983 1072 5040 ἐποίει.
1114 4985 1354 5049 Ἐκεῖνος
1389 4985 1499 5058 γάρ
1543 4988 1690 5043 ἐστιν
1723 4990 1928 5060 ὑψηλὸς
1955 4995 1984 5047 6

415 5065 640 5150 γνησίως
667 5069 940 5132 ταπεινὸς,
965 5071 1063 5141 οὐχ
1099 5073 1128 5123 6
1157 5072 1320 5139 κόλαξ
1349 5073 1470 5127 οὑδὲ
1491 5076 1519 5126 6
1545 5075 1727 5146 εἴρων.
1757 5077 1984 5150 Ἕτερον

416 5146 522 5217 γὰρ
555 5150 1024 5222 μεγαλοφροσύνη,
1059 5153 1154 5206 καί
1191 5155 1378 5228 ἕτερον
1410 5157 1672 5212 ἀπόνοια⁶
1699 5162 1793 5216 καὶ
1827 5146 1986 5217 τοῦτο

407 5228 575 5318 δῆλον)
613 5235 838 5318 ἐκεῖθεν.
885 5236 955 5289 Εἰ
1003 5254 1089 5300 τις
1135 5237 1245 5309 γὰρ
1280 5241 1372 5292 τὸν
1413 5240 1583 5312 πηλὸν
1626 5242 1796 5314 πηλὸν
1835 5247 1987 5318 ἡγοῖ-

402 5329 469 5366 το
492 5313 521 5354 δ
549 5317 638 5368 καὶ
665 5323 1018 5390 καταφρονοῖ,
1048 5320 1234 5393 ἕτερος
1254 5321 1312 5383 δέ
1333 5341 1418 5391 τις
1440 5324 1531 5384 τὸν
1567 5313 1736 5396 πηλὸν
1755 5329 1830 5393 ὠς
1853 5313 1986 5401 ξρυ·

465 5469 490 5545 ξ
521 5469 811 5545 ιεεςδσιρτ
1069 5472 1418 5545 ταπεινότερον,
1445 5483 1497 5525 el
1518 5475 1660 5545 infra,
1701 5478 1762 5545 16
1783 5479 1991 5545 0196116;

398 5533 678 5650 ἴεγῗξέοστῶν
701 5533 808 5594 Λίγ.
834 5533 1072 5582 ἁπάντων.
1139 5533 1164 5573 ι’
1190 5533 1472 5599 Legébatur
1493 5552 1505 5585 :
1529 5539 1595 5588 Εἰ
1627 5533 1695 5595 τις
1714 5541 1804 5604 γὰρ
1834 5533 1986 5601 πηλὸν

2099 441 2191 495 σὺν
2218 443 2486 516 θαυμάζοι
2513 447 2606 502 καί
2637 448 2779 519 μέγα
2797 451 2940 519 ἄγοι,
2970 450 3056 516 τίς
3083 451 3192 518 ἄρα
3215 450 3362 504 ἐστὶν
3382 451 3411 502 6
3441 451 3644 518 ὑψηλάς
3662 471 3678 518 ς

2094 528 2217 599 οὐχὶ
2259 531 2288 582 6
2326 532 2417 583 τὸν
2464 533 2634 602 πηλὸν
2671 533 2744 604 μὴ
2775 534 3070 604 θαυμάζων
3106 552 3120 597 ;
3157 534 3240 597 τίς
3279 535 3334 588 δὲ
3367 537 3395 588 6
3427 538 3680 600 ταπεινὸς

2096 614 2190 665 καὶ
2223 614 2485 685 εὑτελής;
2529 619 2649 686 οὐχὶ
2690 620 2718 670 6
2748 618 3042 688 θαυμάζων
3073 619 3240 673 αὑτὸν
3265 662 3278 684 ,
3311 619 3404 672 καὶ
3438 621 3580 690 μέγα
3607 639 3679 674 τι·

2096 695 2320 766 θέμενος
2345 715 2358 760 ;
2387 699 2542 752 Οῦτω
2563 700 2626 770 δὴ
2649 703 2742 753 καὶ
2771 702 3005 754 ἐνταῦθα
3025 701 3262 770 λογίζου,
3293 703 3374 756 ὅτι
3403 705 3431 756 6
3462 703 3560 772 μὲν
3578 709 3682 776 γῆν

2096 781 2190 832 κα)⁸
2235 781 2427 834 σποδὸν
2458 783 2648 836 ἐαυτὸν
2689 783 2880 852 λέγων,
2919 785 3122 855 ὑψηλὸς
3165 785 3230 838 ἂν
3261 785 3370 856 εἴη,
3412 787 3588 839 καίτοι
3619 805 3682 855 γε

2093 864 2202 918 ἀπὸ
2231 867 2731 938 ταπεινοφροσύνης
2768 869 2916 938 λέγει
2954 887 2968 902 ·
3004 873 3032 923 6
3076 871 3132 924 δὲ
3165 871 3238 940 μὴ
3277 871 3380 940 γῆν
3417 871 3514 924 καὶ
3550 889 3684 924 σπο-

2092 947 2182 1001 66v
2238 950 2430 1002 ἐαυτὸν
2494 952 2751 1021 νομίζων,
2811 953 2946 1007 ἀλλὰ
2987 954 3266 1024 περιέπων
3311 955 3527 1022 ἑαυτὸν,
3587 957 3683 1010 καὶ

2097 1034 2536 1106 μεγαλοφρονῶν,
2600 1031 2754 1100 οἶτος
2796 1039 2896 1108 μὲν
2937 1034 3030 1091 οῦν
3072 1037 3139 1091 ἀν
3183 1038 3266 1109 είη
3329 1039 3553 1110 εὐτελὴς
3613 1044 3683 1092 τέο

2097 1118 2269 1188 μικρὰ
2299 1122 2508 1190 μεγάλα
2552 1122 2854 1194 τιθέμενος.
2884 1124 3049 1178 Ὅθεν
3081 1124 3260 1194 δῆλον,
3292 1124 3374 1178 ὅτι
3404 1124 3511 1177 ἀπὸ
3554 1124 3680 1178 πολε

2093 1201 2186 1254 λοῦ
2208 1202 2444 1267 διανοίας
2479 1204 2644 1274 ’ὑψους
2681 1206 2980 1275 ἐφθέγγετο
3016 1206 3076 1259 16
3125 1207 3278 1279 ρῆμα
3312 1209 3487 1260 ἐκεῖνο
3515 1212 3542 1260 6
3577 1226 3682 1260 πα-

2091 1287 2380 1358 τριάρχης,
2417 1288 2558 1355 Ἐγὼ
2578 1288 2646 1342 δέ
2667 1291 2783 1357 εἰμι
2815 1288 2891 1358 τῆ
2923 1290 3020 1343 καί
3056 1290 3287 1356 σποδός
3313 1306 3326 1319 ο
3355 1290 3464 1344 ἀπὸ
3488 1289 3677 1359 ὕψους,

2092 1371 2194 1422 οὑκ
2231 1370 2338 1422 ἀπὸ
2367 1370 2642 1436 ἀπονοίας.
2684 1371 2952 1442 Καθάπερ
2979 1373 3088 1444 γὰρ
3126 1373 3220 1426 ἐπὶ
3251 1374 3518 1444 σωμάτων
3552 1374 3680 1428 ἄλλο

2098 1455 2197 1524 μὲν
2235 1455 2401 1520 ἔστιν,
2435 1454 2762 1509 εὑεκτοῦντα
2803 1459 2898 1510 καὶ
2935 1457 3252 1528 σφριγῶντα
3281 1452 3442 1520 εἰναι,
3473 1455 3600 1510 ἀλλο
3623 1455 3679 1509 δὲ

2093 1538 2492 1610 φλεγμαίνοντα
2513 1557 2526 1570 ·
2549 1539 2727 1592 καίτοι
2750 1557 2813 1608 γε
2843 1541 3128 1614 ἀμφότερα
3160 1541 3366 1611 ὑψηλῆς
3399 1542 3514 1592 ἐστι
3547 1557 3678 1612 σαρ-

2091 1624 2206 1689 κὸς,
2242 1624 2376 1677 ἀλλὰ
2401 1625 2463 1677 τὸ
2497 1626 2594 1695 μὲν
2634 1625 3060 1696 διεφθαρμένης,
3099 1625 3161 1678 τὸ
3197 1624 3253 1677 δὲ
3285 1623 3471 1692 ὑγιοῦς
3495 1640 3509 1654 ·
3535 1621 3679 1677 οὕτω

2092 1709 2187 1762 καὶ
2223 1707 2457 1761 ἐνταῦθα
2489 1708 2675 1780 ἕτερόν
2701 1711 2846 1762 ἐστιν
2881 1704 3021 1761 εἶναι
3059 1707 3516 1778 ἀπονενοημένον,
3540 1707 3678 1778 ὅπερ

2091 1793 2208 1846 ἐστὶ
2247 1792 2651 1860 φλεγμαίνοντα
2699 1787 2838 1845 εἶναι
2871 1808 2884 1822 ·
2923 1794 3014 1845 καί
3055 1793 3241 1862 ἕτερόν
3275 1795 3422 1845 ἐστιν
3449 1789 3676 1860 ὑψηλὸν,

2090 1880 2226 1950 ὅπερ
2247 1880 2396 1932 ἐστὶν
2418 1879 2743 1932 εὑεκτοῦντα
2770 1875 2930 1934 εἶναι.
2965 1880 3074 1933 Καὶ
3106 1879 3266 1934 πάλιν
3291 1879 3407 1932 ἐστί
3426 1896 3511 1942 τις
3535 1877 3676 1948 ὑψη-

2089 1963 2179 2026 λὸς
2205 1962 2283 2032 τῷ
2321 1963 2503 2033 μέτρῳ
2549 1962 2644 2014 τοῦ
2690 1963 2975 2032 σώματος’
3026 1962 3184 2025 ἄλλος
3242 1963 3298 2015 δὲ
3338 1961 3546 2031 βραχὺς
3577 1959 3675 2026 ὢν,

2091 2045 2410 2116 προσλαϐὼν
2463 2045 2706 2116 ἐμϐάδας
2747 2045 3078 2117 ὑψηλότερος
3116 2045 3327 2112 γίνεται
3373 2061 3389 2076 ο
3423 2045 3548 2096 τίνα
3583 2040 3677 2097 οὖν

2091 2129 2391 2199 καλέσομεν
2417 2129 2622 2198 ὑψηλὸν
2654 2128 2748 2182 καὶ
2776 2130 2975 2199 μέγαν,
3016 2127 3137 2181 εἰπέ
3167 2144 3293 2198 μοις
3321 2127 3421 2179 οὑκ
3455 2124 3677 2195 εῦδηλον

2088 2213 2172 2267 ὅτι
2203 2213 2291 2266 τὸν
2336 2211 2548 2266 οἴκοθεν
2584 2212 2644 2266 τὸ
2673 2211 2806 2281 ὑψος
2848 2211 3074 2282 ἔχοντας
3103 2211 3360 2273 -Ἕκείνος
3381 2210 3490 2280 γάρ
3521 2209 3676 2262 ἀλλο·

2088 2313 2238 2371 τριον
2264 2295 2376 2366 ἔχει
2405 2295 2586 2357 τοῦτο,
2612 2295 2706 2349 καὶ
2733 2294 2840 2348 τῶν
2873 2292 3144 2347 ταπεινῶν
3180 2293 3397 2358 ἐπιϐὰς,
3419 2292 3562 2345 οῦτω
3584 2293 3678 2362 γέ-

2088 2397 2244 2449 γονεν
2283 2379 2487 2449 ὑψηλός
2531 2395 2544 2408 ⁸
2583 2379 2612 2432 6
2644 2378 2827 2432 πολλοὶ
2877 2379 3149 2448 πάσχουσι
3193 2376 3302 2428 τῶν
3344 2375 3672 2447 ἀνθρώπων,

2091 2466 2185 2520 ἐπὶ
2245 2464 2546 2536 χρημάτων
2594 2465 2690 2518 καὶ
2737 2463 2897 2534 δόξης
2945 2463 3172 2526 ἑαυτοὺς
3226 2460 3673 2524 ἀναϐιϐάζοντες,

2086 2550 2224 2621 ὅπερ
2254 2549 2353 2602 οὑκ
2386 2549 2530 2600 ἐστιν
2561 2547 2711 2617 ῦψος.
2759 2545 2993 2618 ’Υψηλὸς
3022 2546 3132 2616 γάρ
3175 2547 3324 2597 ἐστιν
3366 2545 3395 2596 ὁ
3447 2542 3675 2613 μηδενὸς

2087 2633 2337 2705 δεόμενος
2363 2634 2588 2697 τούτων,
2623 2632 2762 2686 ἀλλά
2789 2630 3148 2704 καταφρονῶν
3179 2631 3453 2692 ἁπάντων,
3478 2628 3572 2681 καὶ
3594 2626 3675 2680 οτ-

2089 2719 2246 2774 κοθεν
2281 2718 2418 2789 ἔχων
2470 2717 2532 2771 16
2578 2716 2828 2788 μέγεθος.
2861 2717 2900 2768 Γ
2904 2714 3154 2786 ενώμεθα
3185 2713 3364 2767 τοίνυν
3401 2713 3672 2778 ταπεινοὶ,

2089 2804 2178 2858 ἵνα
2228 2800 2514 2873 γενώμεθα
2556 2800 2750 2871 ὑψηλοί
2775 2817 2793 2833 ο
2846 2801 2909 2853 '0
2944 2799 3052 2870 γὰρ
3099 2796 3395 2852 ταπεινῶν
3429 2795 3670 2862 ἑαυτὸν,

2086 2886 2494 2956 ὑψωθήσεται,
2558 2885 2711 2956 φησί.
2781 2884 2921 2936 Ἀλλ’
2986 2884 3084 2953 οὑχ
3141 2885 3170 2936 6
3240 2879 3674 2950 ἀπονενοημένος

2086 2970 2349 3036 τοιοῦτος,
2383 2969 2521 3024 ἀλλὰ
2557 2971 2775 3023 πάντων
2804 2968 2952 3022 ἐστὶν
2987 2966 3362 3038 εὐτελέστερος
3385 2983 3401 2999 ο
3436 2967 3531 3018 καὶ
3563 2964 3672 3037 γάρ

2085 3059 2118 3128 ή
2151 3054 2434 3127 πομφόλυξ
2462 3051 2774 3123 πεφύσηται
2796 3094 2808 3115 ,
2855 3051 2970 3105 ἀλλ’
3001 3052 3101 3104 οὑκ
3132 3049 3277 3104 ἔστιν
3304 3049 3453 3118 ὑγιὲς
3483 3049 3543 3102 16
3573 3049 3669 3119 φύ-

2087 3159 2260 3214 σημα.
2287 3140 2385 3194 Διά
2421 3137 2580 3192 τοῦτο
2611 3136 2705 3188 καί
2739 3135 2964 3199 τούτους
2993 3133 3444 3204 πεφυσιωμένους
3479 3131 3672 3186 καλοῦ-

2090 3243 2209 3297 μεν.
2255 3225 2314 3278 '0
2339 3224 2434 3295 μὲν
2456 3221 2564 3293 γάρ
2595 3219 2994 3292 μετριοφρονῶν
3020 3219 3142 3272 οὑδὲ
3167 3218 3258 3270 ἐπὶ
3281 3220 3393 3281 τοῖς
3418 3218 3672 3289 μεγάλοις

2090 3310 2231 3379 μέγα
2263 3308 2468 3378 φρονεῖ,
2498 3305 2561 3358 τὸ
2599 3303 2855 3356 ταπεινὸν
2889 3300 3044 3365 εἰδὼς
3086 3301 3146 3354 16
3172 3300 3364 3355 ἐαυτοῦ
3394 3317 3410 3331 ο
3435 3305 3462 3354 ὀ
3494 3301 3550 3354 δὲ
3584 3302 3672 3354 εὑ-

2086 3394 2244 3462 τελὴς
2280 3393 2374 3446 καὶ
2408 3390 2502 3444 ἐπί¹
2533 3391 2646 3452 τοῖς
2689 3389 2906 3459 μικροῖς
2946 3386 3088 3456 μέγα
3133 3384 3486 3454 φαντάζεται.
3525 3385 3671 3454 Κτη-

2089 3476 2310 3547 σώμεθα
2353 3475 2532 3528 τοίνυν
2568 3472 2630 3526 τὸ
2667 3471 2753 3524 διά
2793 3469 3296 3539 ταπεινοφροσύνης
3345 3467 3478 3537 ὕψος
3502 3484 3515 3496 ο
3546 3469 3670 3518 ἐπι-

2087 3559 2417 3631 σκεψώμεθα
2454 3557 2564 3611 τῶν
2603 3555 2960 3625 ἀνθρωπίνων
2996 3553 3096 3623 τὴν
3125 3552 3307 3622 φύσιν,
3337 3551 3424 3604 ἵνα
3452 3549 3669 3603 ἐκκαῶο

2090 3662 2188 3717 μεν
2218 3645 2294 3714 τῷ
2327 3641 2478 3713 πόθῳ
2510 3640 2620 3693 τῶν
2651 3638 2977 3710 μελλόντων.
3019 3636 3255 3707 Ἑτέρως
3282 3632 3391 3717 γὰρ
3427 3632 3526 3717 οὑκ
3555 3631 3672 3684 ἔστι

2086 3714 2339 3798 γενέσθαι
2375 3723 2648 3787 ταπεινὸν,
2687 3721 2802 3776 ἀλλ’
2831 3721 2865 3792 ἢ
2900 3719 2987 3773 διὰ
3020 3717 3112 3772 τοῦ
3135 3717 3245 3770 τῶν
3280 3716 3441 3770 θείων
3471 3714 3670 3798 ἔρωτος

2088 3797 2166 3885 [8]
2203 3812 2298 3866 καὶ
2333 3811 2433 3881 τῆς
2472 3808 2582 3862 τῶν
2621 3806 2905 3879 παρόντων
2955 3802 3276 3882 ὑπεροψίας.
3304 3800 3533 3885 ῙΩσπερ.
3561 3797 3671 3885 γάρ

2087 3879 2252 3959 εἰν-τις
2292 3879 2566 3964 βασιλείας
2604 3891 2989 3960 ἐπιτυγχάνειν
3025 3879 3209 3958 μέλλοί
3232 3927 3246 3952 ,
3275 3879 3393 3936 εἶτα
3425 3882 3547 3935 ἀντὶ
3569 3881 3674 3952 τῆς

2087 3977 2402 4049 ἀλουργίδος
2451 3975 2666 4044 ἐκείνης
2711 3973 2988 4042 ἰδιωτικήν
3024 3969 3146 4025 τινά
3179 3985 3261 4031 τις
3297 3967 3447 4049 αὑτῴ
3489 3965 3671 4049 παρὰέ

2091 4047 2396 4135 σχοιήτιμὴν
2419 4100 2434 4124 ,
2470 4057 2622 4112 οὑδέν
2660 4056 2832 4127 αὐτὴν
2865 4051 3005 4108 εἶναι
3043 4053 3311 4135 ἡγήσεται
3335 4065 3350 4078 ·
3392 4048 3548 4135 οὑτω-
3575 4047 3672 4135 καὶ

2088 4131 2249 4222 ἡμεῖς
2277 4131 2494 4200 πάντων
2520 4137 3006 4212 καταγελασόμεθα
3029 4134 3137 4190 τῶν
3160 4135 3466 4222 παρέντων,
3502 4132 3553 4183 εἰ
3571 4131 3672 4222 της

2087 4217 2255 4306 τιμῆς
2288 4231 2731 4301 ἐπιθυμήσαιμεν
2779 4222 3154 4306 ἐκείνηςκούχ
3197 4219 3359 4306 δρᾶτε
3383 4217 3670 4306 τοὺς1παῖο

2087 4298 2364 4383 δαςξὸταν
2400 4298 2688 4376 παίζοντες
2729 4307 2884 4373 τάξιν
2921 4304 3138 4367 ποιῶσι,
3167 4302 3265 4356 καὶ
3309 4298 3671 4383 στρατιώτας,

2089 4381 2197 4456 και
2224 4397 2574 4470 προηγῶνται
2617 4393 2797 4449 αὑτῶν
2837 4391 3078 4462 κήρυκες
3112 4388 3206 4440 καὶ
3237 4381 3672 4470 ῥαϐδοῦχοιηκαῖι

2092 4486 2255 4558 μέσος
2272 4467 2308 4537 ’ὁ
2328 4485 2457 4545 παῖς
2484 4483 2541 4535 ἐν
2570 4479 2724 4551 χώρᾳ
2743 4478 3004 4548 ἄρχοντος
3026 4471 3237 4558 βαδίζῃ,
3263 4471 3340 4534 ῶς
3363 4467 3586 4558 παιδικὰ
3602 4467 3671 4521 τὰ

2089 4551 2348 4640 γινόμενα
2377 4585 2391 4632 ;
2425 4563 2663 4619 Τοιαῦτά
2693 4563 2810 4614 ἐστι
2852 4559 2924 4613 τά
2957 4557 3295 4640 ἀνθρώπινα,
3343 4552 3439 4640 καί
3467 4551 3670 4640 τούτων

2088 4637 2467 4724 εὐτελέστερα,
2523 4651 2764 4721 σήμερον
2809 4647 2939 4700 15ντα
2987 4643 3082 4698 καὶ
3129 4639 3316 4714 αῦριον
3372 4638 3470 4724 οὑκ
3518 4637 3670 4724 ὄντα.

2100 4721 2453 4808 ’Υψηλότεροι
2484 4733 2665 4787 τοίνυν
2688 4725 2982 4815 γενώμεθα
3012 4725 3239 4815 τούτων,
3271 4724 3366 4815 καί
3397 4722 3472 4815 μὴ
3510 4721 3670 4815 μένον

2089 4803 2268 4876 αὐτῶν
2299 4803 2382 4890 μὴ’
2405 4814 2648 4888 ἐπιθυμιῖ
2688 4803 2718 4815 ”
2749 4832 2784 4879 ι,
2815 4812 2950 4866 ἀλλά
2983 4811 3076 4864 καὶ
3102 4804 3484 4890 αἰσχυνώμεθα
3510 4805 3562 4857 εί
3581 4821 3669 4890 τις

2090 4908 2220 4979 ήμῖν
2256 4886 2427 4958 ταῦτα
2460 4886 2752 4971 προτεινυι.
2789 4894 2947 4950 Οῦτω
2989 4894 3103 4963 γὰρ
3139 4891 3229 4944 τὸν
3257 4889 3475 4979 τούτων⁵
3503 4886 3668 4979 ἐκϐα-

2089 4971 2270 5053 λδντες
2305 4987 2506 5058 ἔρωτα,
2529 4983 2622 5036 τὸν
2650 4980 2792 5036 θεῖον
2822 4978 3029 5058 ἐκεξιον
3057 4975 3272 5046 ἕξομεν,
3305 4971 3516 5058 καὶτῆς
3532 4971 3668 5058 ἀθαο

2089 5073 2248 5127 νάτου
2281 5053 2440 5138 δόξης
2467 5064 2850 5134 ἀπολαύσομεν
2869 5073 2884 5088 ·
2923 5054 2992 5131 ἦς
3029 5057 3239 5112 γένοιτο
3287 5056 3494 5116 πάντας
3519 5053 3667 5138 ήμᾷς

2090 5135 2407 5226 ἐπιτυχεῖν,
2425 5151 2608 5222 χάριτι
2633 5150 2730 5202 καὶ
2747 5143 3128 5226 φιλανθρωπίᾳ
3157 5139 3486 5226 τοῦ-Κυρίου

2103 5220 2285 5310 Ἰησοῦ.
2323 5220 2583 5307 Χριστοῦ,
2630 5220 2855 5304 μεθὀὑ
2890 5228 2958 5284 τᾶ
3009 5225 3204 5310 Πατρὶ,
3248 5221 3479 5310 ἀματῷ
3526 5220 3668 5310 ἀγίῶ

2092 5303 2554 5394 Πνεύματιδόξα,
2598 5303 2819 5390 κράτος,
2859 5328 3014 5382 νιρη,
3055 5309 3144 5364 νῦν
3189 5307 3285 5362 καί
3317 5306 3424 5372 ἀεὶ,
3464 5303 3556 5358 καί
3586 5304 3669 5368 εἰς

2089 5407 2216 5472 τοὺς
2237 5405 2438 5468 αἰῶνας
2469 5401 2580 5458 τῶν
2609 5397 2838 5454 αἰώνων,
2897 5395 3042 5449 Διιήρ
3069 5432 3083 5446 .
