4100 6214
375 323 440 376 17
1498 318 1565 374 ΙΝ
1601 317 1815 375 EPIST.
1861 317 1900 371 1.
1944 342 1954 372 Δ

2072 315 2224 373 COD.
2269 319 2492 375 1103111..
2539 321 2601 376 11.
3574 332 3639 388 18

1705 418 2156 428 _..————-—-.»——-—_

1783 473 2128 537 HOMILIA
2168 479 2248 538 11.

379 638 512 690 Car.
546 637 592 689 1.
626 649 679 687 v.
713 633 767 686 4.
801 631 1004 685 Gratias
1027 645 1121 698 ago
1147 631 1257 682 Deo
1284 643 1392 681 meo
1421 643 1617 695 semper
1653 642 1744 693 pro
1772 624 1908 676 tabis
1938 663 1952 686 ,

455 728 517 781 de
536 726 700 798 gratia
739 723 852 787 Dei,
884 737 997 791 qua:
1040 721 1160 774 data
1199 729 1269 773 est
1305 719 1441 773 vobis
1469 719 1521 772 in
1563 715 1764 772 Christo
1789 714 1913 768 Jesu
1937 730 1956 767 .'

452 823 504 876 5.
534 820 654 888 quia
683 820 734 870 in
757 816 894 870 omni
926 816 1100 868 divites
1125 813 1248 884 facti
1279 812 1395 866 estis
1415 812 1466 864 in
1486 809 1596 863 illo.

449 913 502 966 1.
544 909 738 963 Gratia:
772 907 881 961 Deo
925 902 1414 976 agenda—Quod
1443 901 1577 954 alios
1613 900 1856 954 hortatur
1899 909 1956 952 ut

375 1005 575 1060 faciant
595 1017 717 1057 cum
746 1001 876 1054 dicit
903 1018 914 1052 :
945 997 1009 1052 In
1038 999 1317 1069 gratiarum
1347 996 1542 1048 actione
1583 995 1841 1059 petitiones
1868 1008 1952 1045 ve-

369 1109 494 1149 stra:
523 1096 836 1147 innotescant
861 1090 998 1160 apud
1018 1088 1179 1141 Deum
1203 1103 1221 1151 ,°
1252 1087 1354 1141 hoc
1381 1087 1553 1156 ipsum
1585 1085 1673 1138 ille
1705 1083 1950 1147 faciebat,

369 1190 576 1244 docens
606 1200 704 1239 nos
726 1183 792 1238 ab
821 1181 1124 1252 huiusmodi
1156 1195 1370 1248 semper
1401 1178 1576 1233 verbis
1604 1177 1874 1244 incipere.
1901 1185 1954 1228 et

369 1291 499 1333 ante
536 1278 716 1333 omnia
754 1277 863 1330 Deo
891 1275 1090 1344 gratias
1117 1287 1294 1343 agere.
1326 1271 1471 1325 Nihil
1503 1271 1643 1324 enim
1677 1279 1780 1323 tam
1812 1278 1954 1322 amat

372 1374 540 1437 Deus,
571 1386 732 1442 quam
771 1378 828 1423 ut
857 1376 1006 1438 grato
1049 1366 1229 1420 animo
1259 1367 1459 1430 simus,
1491 1374 1675 1439 et'pro
1715 1363 1868 1417 nobis
1899 1372 1953 1416 et

371 1481 473 1535 pro
503 1466 642 1519 aliis.
673 1463 904 1532 Ideoque
935 1462 986 1514 in
1015 1459 1159 1514 omni
1202 1456 1316 1512 fere
1337 1456 1560 1526 epistola
1591 1456 1689 1511 hoc
1718 1453 1951 1525 praemit-

373 1560 466 1621 tit;
491 1556 580 1611 hic
600 1571 727 1610 vero
747 1554 917 1623 magis
937 1549 1240 1606 necessario
1264 1549 1363 1603 hoc
1387 1547 1531 1610 facit,
1555 1563 1710 1617 quam
1738 1547 1788 1600 in
1811 1545 1947 1600 aliis.

371 1651 504 1705 Nam
533 1651 620 1720 qui
659 1649 858 1718 gratias
885 1654 1012 1717 agit,
1042 1655 1098 1699 ut
1121 1643 1381 1699 beneficio
1410 1642 1632 1696 aﬂ'ectus
1656 1641 1703 1694 id
1732 1641 1870 1710 agit,
1900 1649 1952 1692 et

371 1744 599 1812 gratiam
626 1741 796 1811 gratia
822 1737 1088 1807 rependit.
1117 1735 1296 1791 Gratia
1325 1749 1451 1789 vero
1477 1749 1574 1789 nec
1593 1733 1825 1788 debitum
1854 1747 1952 1787 nec

372 1851 584 1890 merces
612 1849 711 1888 nec
737 1831 1018 1887 retributio
1041 1837 1141 1884 est.
1171 1827 1322 1895 Quod
1356 1827 1548 1897 ubique
1565 1825 1742 1880 dicere
1766 1838 1950 1878 neces-

370 1945 431 1983 se
461 1937 607 1992 erat,
650 1925 882 1980 maxime
912 1936 1039 1976 vero
1063 1919 1357 1975 Corinthiis
1381 1959 1396 1984 ,
1443 1918 1532 1988 qui
1575 1917 1844 1970 inhiabant
1883 1913 1948 1967 ad

372 2035 492 2078 eos,
523 2018 611 2088 qui
639 2014 954 2070 scindebant
993 2011 1309 2066 Ecclesiam.
1346 2008 1449 2063 Deo
1478 2025 1606 2062 meo.
1642 2007 1721 2061 Ex
1752 2005 1947 2076 ingenti

374 2114 573 2167 affectu
600 2110 735 2180 quod
769 2122 1053 2163 commune
1077 2113 1191 2160 erat
1231 2104 1406 2173 rapit,
1440 2111 1495 2158 et
1539 2102 1640 2157 sibi
1679 2102 1948 2172 proprium

384 2207 549 2268 facit;
577 2203 713 2273 quod
738 2203 892 2257 etiam
923 2199 1197 2270 prophetae
1227 2212 1440 2266 semper
1466 2195 1642 2250 dicere
1668 2194 1910 2248 solebant
1935 2211 1947 2246 :

385 2297 550 2362 Deus,
581 2295 713 2349 Deus
732 2311 880 2348 meus.
913 2293 1274 2360 Hortaturque
1302 2290 1423 2343 illos
1445 2297 1501 2342 ut
1527 2285 1630 2341 hoc
1671 2286 1840 2355 ipsum
1867 2284 1951 2338 di-

372 2401 522 2443 cant.
546 2388 679 2443 Nam
708 2388 792 2457 qui
817 2387 884 2440 ita
914 2385 1150 2454 loquitur
1170 2424 1184 2448 ,
1216 2381 1283 2436 ab
1307 2381 1552 2435 humanis
1582 2378 1832 2433 omnibus
1861 2392 1948 2431 rc-

367 2481 548 2546 cedit,
590 2489 643 2533 et
683 2478 750 2533 ad
791 2477 938 2531 illum
971 2472 1179 2540 tendit,
1205 2489 1361 2544 quem
1389 2488 1508 2526 cum
1554 2469 1744 2525 affectu
1785 2469 1952 2523 multo

367 2583 548 2627 vocat.
583 2573 697 2627 Hoc
724 2573 865 2626 enim
895 2570 1107 2640 proprie
1134 2578 1187 2623 et
1211 2583 1337 2622 vere
1359 2567 1539 2622 dicere
1567 2574 1740 2634 potest
1769 2565 1834 2630 is,
1861 2564 1952 2634 qui

366 2683 396 2720 a
428 2664 782 2720 saecularibus
811 2662 972 2717 rebus
1009 2661 1077 2716 ad
1113 2661 1279 2714 Deum
1311 2673 1526 2728 semper
1569 2655 1810 2712 ascendit
1840 2697 1855 2722 ,
1900 2664 1954 2710 et

375 2760 580 2827 ubique
617 2758 763 2810 illum
821 2754 1067 2809 omnibus
1107 2750 1401 2821 praeponit,
1445 2749 1652 2818 ipsique
1697 2737 1992 2817 perpetuo‘

370 2853 571 2921 gratias
599 2850 730 2919 agit,
758 2864 864 2901 non
904 2846 1075 2900 solum
1113 2844 1179 2900 de
1213 2843 1379 2914 gratia
1420 2841 1530 2911 jam
1580 2841 1738 2905 data;
1775 2839 1867 2894 sed
1909 2839 1952 2893 si

369 2943 494 3013 quid
521 2951 708 3011 postea
731 2939 855 2994 boni
886 2938 1078 2991 factum
1106 2937 1194 2998 sit,
1220 2950 1315 3005 pro
1341 2949 1405 2989 eo
1427 2934 1585 2988 etiam
1613 2931 1825 2986 laudem
1854 2931 1950 2999 ipsi

372 3037 556 3089 refert.
590 3033 720 3088 ldeo
749 3048 852 3086 non
882 3031 1051 3086 Solum
1081 3029 1230 3093 dixit,
1265 3026 1476 3081 Gratias
1502 3040 1619 3094 ago,
1651 3023 1744 3079 sed
1769 3023 1948 3087 etiam,

374 3128 588 3196 Semper
612 3142 706 3196 pro
733 3124 888 3188 vobis,
921 3137 1019 3176 nos
1051 3121 1333 3175 instituens
1359 3161 1372 3184 ,
1403 3129 1460 3172 ut
1489 3117 1565 3172 illi
1593 3131 1804 3186 semper
1833 3130 1952 3184 gra-

370 3224 474 3276 tias
503 3221 800 3276 habeamus
824 3260 839 3282 ,
869 3216 1176 3285 nominique
1222 3213 1375 3268 alteri
1402 3254 1415 3277 ,
1449 3211 1541 3266 sed
1592 3211 1698 3265 Deo
1724 3217 1947 3263 tantum.

370 3315 453 3369 De
479 3315 644 3385 gratia
675 3312 787 3365 Dei.
816 3309 1003 3363 Viden’
1033 3306 1300 3378 quomodo
1329 3305 1449 3359 illos
1471 3303 1670 3374 ubique
1700 3301 1964 3371 corrigat?

371 3405 478 3460 Ubi
509 3406 648 3458 enim
672 3411 752 3457 est
773 3401 963 3470 gratia,
995 3414 1100 3453 non
1129 3407 1254 3451 sunt
1279 3411 1440 3466 opera
1467 3413 1479 3448 :
1505 3394 1593 3448 ubi
1624 3403 1746 3448 sunt
1765 3407 1949 3462 opera,

370 3513 484 3551 non
510 3507 591 3551 est
620 3494 842 3565 amplius
871 3492 1064 3564 gratia.
1096 3489 1151 3544 Si
1181 3483 1311 3557 ergo
1341 3486 1509 3556 gratia
1536 3527 1550 3552 ,
1592 3500 1758 3555 quare
1786 3483 1950 3536 altum

365 3588 606 3658 sapitis?
634 3602 728 3641 cur
761 3584 928 3640 inflati
956 3583 1084 3638 estis
1111 3582 1135 3635 ἲ
1169 3580 1296 3648 Qua:
1321 3579 1440 3632 data
1479 3587 1551 3632 est
1588 3578 1743 3630 vobis.
1768 3575 1835 3629 Et
1861 3589 1954 3644 per

367 3697 528 3751 quem
554 3679 674 3733 data
703 3677 828 3734 est?
852 3692 920 3731 an
948 3689 1044 3745 per
1065 3689 1169 3736 me,
1202 3686 1268 3725 an
1297 3686 1393 3740 per
1419 3669 1580 3724 alium
1613 3665 1953 3736 apostolum?

369 3774 716 3843 Nequaquam
743 3813 757 3836 ,
790 3769 884 3824 sed
911 3784 1006 3839 per
1032 3766 1216 3821 Jesum
1249 3763 1521 3820 Christum
1557 3780 1569 3815 :
1605 3760 1734 3816 illud
1766 3761 1908 3815 enim
1934 3801 1949 3824 ,

372 3865 436 3919 In
463 3864 663 3920 Christo
691 3861 816 3916 Jesu
841 3905 854 3924 ,
885 3861 984 3914 hoc
1011 3857 1293 3930 significat.
1345 3855 1476 3910 Vide
1511 3853 1780 3925 quomodo
1810 3869 1952 3922 saepe

371 3956 524 4018 illud,
552 3956 628 4020 in,
659 3959 758 4022 pro
788 3952 895 4017 illo,
924 3968 1014 4030 per
1037 3966 1203 4020 quem,
1237 3957 1483 4019 ponatur.
1513 3947 1627 4002 Non
1659 3946 1836 4000 minus
1863 3961 1950 3999 er-

373 4063 438 4115 go
466 4055 744 4114 estquam
787 4060 893 4113 per.
953 4041 1101 4110 Quod
1147 4041 1200 4094 in
1247 4041 1382 4094 omni
1427 4039 1602 4092 divites
1651 4039 1774 4107 facti
1815 4039 1949 4092 estis.

377 4140 576 4194 Rursus
607 4154 702 4207 per
724 4139 924 4207 quem?
954 4137 1006 4190 In
1039 4135 1175 4206 ipso,
1205 4133 1376 4204 inquit
1404 4149 1418 4187 :
1449 4147 1546 4187 nec
1576 4131 1735 4186 modo
1764 4131 1953 4184 divites

375 4231 494 4286 facti
525 4232 678 4293 estis,
710 4229 804 4285 sed
828 4229 984 4283 etiam
1024 4230 1078 4284 in
1102 4227 1258 4282 omni.
1287 4225 1421 4280 Cum
1450 4239 1576 4294 ergo
1593 4223 1788 4278 divitia:
1809 4233 1949 4289 sunt,

372 4335 427 4378 et
456 4325 549 4378 Dei
579 4323 802 4385 divitiae,
833 4331 884 4376 et
912 4321 963 4374 in
991 4321 1158 4387 omni,
1191 4327 1243 4373 ct
1271 4333 1365 4390 per
1392 4317 1756 4388 Unigenitum,
1781 4317 1952 4386 cogita

373 4432 532 4487 quam
576 4413 862 4469 ineil'abilis
894 4413 964 4467 sit
1007 4412 1305 4468 thesaurus.
1335 4409 1402 4464 In
1441 4410 1576 4463 omni
1620 4409 1765 4463 verbo
1813 4419 1859 4462 et
1903 4410 1955 4463 in

376 4508 513 4560 omni
537 4505 766 4560 scientia.
794 4503 992 4570 Verbo,
1023 4519 1128 4557 non
1157 4511 1400 4565 externo,
1432 4499 1526 4556 sed
1550 4499 1663 4554 Dei.
1697 4498 1794 4554 Est
1814 4500 1954 4553 enim

378 4599 596 4654 scientia
626 4597 744 4652 sine
769 4596 933 4650 verbo
954 4636 968 4658 ,
1001 4605 1054 4650 et
1081 4604 1164 4649 est
1195 4595 1416 4649 scientia
1444 4608 1566 4648 cum
1598 4592 1781 4646 verbo.
1822 4591 1958 4646 Sunt

381 4703 608 4758 namque
629 4686 846 4758 plurimi
869 4687 958 4757 qui
988 4686 1267 4742 scientiam
1299 4687 1460 4751 nacti,
1486 4683 1706 4739 verbum
1733 4698 1836 4737 non
1860 4683 1955 4736 ha-

385 4783 524 4841 bent,
550 4790 608 4834 ut
633 4779 835 4842 idiota),
859 4787 913 4832 et
941 4778 1028 4847 qui
1060 4793 1162 4831 non
1192 4785 1412 4847 possunt
1439 4791 1523 4839 ea,
1552 4791 1669 4846 qua:
1700 4774 1751 4830 in
1780 4784 1959 4831 mente

382 4873 598 4937 habent,
620 4871 766 4926 clare
787 4870 1108 4938 exprimere.
1139 4869 1206 4923 At
1246 4884 1350 4922 non
1389 4883 1484 4922 vos
1512 4869 1645 4922 tales
1669 4869 1798 4923 estis
1817 4907 1833 4934 ,
1876 4867 1960 4921 in-

383 4965 514 5032 quit,
544 4962 639 5017 sed
669 4973 719 5016 et
751 4960 1014 5031 cogitandi
1038 4970 1091 5015 et
1112 4960 1360 5030 loquendi
1394 4959 1697 5013 facultatem
1727 4959 1955 5014 habetis.

389 5055 440 5104 li.
470 5053 608 5106 Sicut
641 5051 982 5104 testimonium
1013 5049 1203 5104 Christi
1242 5051 1596 5118 con/innatum
1635 5059 1704 5103 est
1730 5050 1781 5103 in
1801 5051 1956 5104 vobis.

395 5141 452 5195 ln
481 5144 682 5198 laudum
715 5153 767 5197 et
797 5144 1088 5212 gratiarum
1119 5143 1346 5197 actionis
1375 5141 1565 5197 ordine
1591 5151 1644 5195 et
1670 5142 1830 5196 modo
1850 5144 1962 5197 val-

387 5233 458 5290 de
484 5235 595 5289 illos
615 5235 800 5304 tangit.
824 5234 940 5288 Non
967 5234 1111 5290 enim
1139 5251 1234 5304 per
1255 5246 1526 5289 externam
1551 5233 1960 5303 philosophiam,

381 5327 586 5397 inquit,
628 5343 801 5397 neque
843 5342 938 5396 per
961 5337 1239 5382 externam
1279 5326 1632 5381 eruditionem
1659 5367 1673 5391 ,
1725 5326 1820 5380 sed
1871 5343 1964 5396 per

377 5421 606 5490 gratiam
637 5420 728 5473 Dei
757 5428 812 5473 et
855 5420 1063 5474 divitias
1105 5429 1159 5474 et
1207 5419 1486 5474 scientiam
1536 5427 1590 5473 et
1636 5420 1854 5473 verbum
1897 5419 1965 5474 ab

379 5514 502 5582 ipso
517 5513 701 5566 datum
729 5511 976 5582 potuistis
996 5513 1234 5566 veritatis
1261 5513 1506 5581 dogmata
1530 5511 1739 5566 discere
1759 5521 1813 5564 et
1833 5525 1966 5565 con-

382 5607 586 5660 firmari
620 5606 673 5660 in
715 5605 1079 5661 testimonium
1115 5605 1320 5658 Domini
1349 5647 1363 5667 ,
1392 5603 1446 5658 id
1482 5613 1586 5667 est,
1625 5603 1676 5656 in
1712 5603 1966 5671 prmdica-

383 5700 614 5754 tionem.
644 5699 804 5753 Multa
835 5700 977 5754 enim
1010 5698 1268 5752 habuistis
1299 5699 1466 5768 signa,
1499 5697 1662 5750 multa
1691 5697 1958 5760 miracula,

383 5790 713 5847 ineffabilem
739 5791 964 5863 gratiam
992 5832 1004 5858 ,
1036 5794 1104 5846 ita
1136 5801 1188 5846 ut
1219 5790 1648 5861 praedicationem
1692 5790 1962 5860 acceperi-

2068 631 2151 683 tis.
2185 631 2239 684 Si
2265 649 2393 703 ergo
2414 635 2712 691 confirmati
2742 640 2870 692 estis
2901 655 2996 709 per
3025 641 3172 710 signa
3201 652 3254 697 et
3278 644 3522 713 gratiam,
3546 659 3642 700 cur

2064 724 2363 780 vacillatis?
2393 727 2515 782 limc
2546 745 2706 799 porro
2750 731 2908 786 simul
2955 742 3078 787 sunt
3123 743 3178 789 et
3222 736 3544 805 increpantis
3588 747 3643 792 et

2066 818 2435 881 prmvenicntis
2460 820 2620 874 dicta.
2656 823 2705 876 7.
2751 821 2834 876 Ita
2872 834 2925 877 ut
2961 826 3090 879 nihil
3117 827 3255 881 vobis
3281 830 3405 882 desit
3434 830 3487 882 in
3529 831 3638 883 ulla

2062 908 2244 974 gratia.
2277 908 2519 979 Magnum
2541 913 2812 982 quidpiam
2839 917 2925 970 hic
2949 919 3203 986 quaeritur
3229 936 3241 972 :
3269 921 3312 973 si
3339 922 3426 990 qui
3450 921 3643 977 divites

2063 1009 2187 1052 sunt
2215 1001 2263 1054 in
2288 1005 2431 1056 onmi
2454 1005 2638 1070 verbo,
2669 1007 2740 1060 ita
2771 1018 2824 1060 ut
2851 1008 2978 1062 nihil
3012 1010 3151 1065 desit
3178 1011 3286 1067 illis
3315 1015 3364 1066 in
3389 1013 3493 1068 ulla
3516 1030 3640 1083 gra-

2064 1091 2155 1154 tia,
2184 1091 2232 1144 hi
2262 1095 2503 1149 carnales
2529 1105 2672 1152 sunt.
2713 1097 2842 1152 Nam
2883 1099 2927 1153 si
2957 1102 3086 1156 tales
3115 1101 3329 1158 fuerunt
3359 1105 3410 1158 in
3442 1107 3644 1174 princi-

2063 1183 2171 1252 pio,
2203 1186 2370 1238 multo
2400 1189 2564 1258 magis
2611 1206 2769 1246 nunc.
2801 1190 3082 1258 Quomodo
3105 1211 3232 1266 ergo
3258 1197 3376 1253 illos
3397 1200 3642 1254 carnales

2062 1276 2251 1329 vocat?
2282 1275 2401 1330 Non
2429 1281 2557 1332 enim
2585 1283 2726 1351 potui
2745 1285 2881 1338 vobis
2911 1285 3066 1356 loqui,
3100 1288 3289 1358 inquit,
3321 1301 3374 1343 ut
3400 1291 3641 1360 spiritua-

2061 1367 2224 1434 libus,
2279 1371 2368 1424 sed
2413 1382 2465 1424 ut
2508 1376 2795 1429 carnalibus
2824 1378 2912 1447 (1.
2945 1379 3061 1432 Cor.
3089 1382 3140 1434 5.
3193 1382 3280 1451 1).
3328 1381 3463 1450 Quid
3510 1399 3640 1455 ergo

2061 1458 2341 1516 dicendum
2360 1476 2439 1518 est
2458 1468 2482 1516 ’ἐ
2509 1465 2660 1532 Quod
2690 1482 2809 1522 cum
2851 1471 2918 1525 ab
2961 1472 3112 1526 initio
3149 1473 3539 1542 credidissent,
3587 1487 3642 1531 et

2060 1551 2376 1609 charismata
2431 1560 2606 1612 omnia
2645 1563 2958 1631 consequuti
3004 1574 3224 1629 essent;
3255 1582 3375 1620 nam
3413 1567 3530 1622 zelo
3559 1567 3640 1622 in-

2059 1645 2205 1697 censi
2252 1656 2418 1712 erant,
2455 1650 2864 1718 negligentiores
2908 1665 3092 1723 postea
3125 1657 3410 1712 evaserint.
3443 1661 3550 1713 Aut
3593 1661 3640 1714 si

2061 1734 2160 1789 hoc
2192 1754 2294 1792 non
2325 1739 2394 1793 ita
2438 1756 2494 1795 se
2525 1741 2719 1797 habeat
2745 1786 2758 1806 ,
2789 1745 2928 1814 quod
2976 1763 3080 1801 non
3113 1749 3361 1804 omnibus
3411 1751 3523 1805 hinc
3556 1753 3639 1806 vel

2059 1830 2145 1882 illa
2176 1831 2438 1899 dicantur,
2474 1835 2564 1890 sed
2596 1837 2696 1890 alia
2727 1837 2790 1890 iis
2819 1838 2907 1908 qui
2955 1839 3004 1892 in
3035 1842 3186 1910 culpa
3215 1854 3364 1895 erant
3387 1884 3404 1910 ,
3444 1843 3544 1896 alia
3577 1844 3639 1898 iis

2059 1921 2148 1989 qui
2179 1921 2421 1975 laudibus
2453 1925 2686 1995 insignes
2710 1939 2882 1982 erant.
2916 1929 3044 1983 Nam
3077 1933 3216 1999 quod
3246 1933 3420 1987 adhuc
3447 1934 3641 1990 charis-

2061 2022 2199 2063 mata
2233 2012 2489 2067 haberent
2521 2015 2783 2070 Psalmum
2817 2020 2962 2072 habet
2990 2023 3189 2091 aliquis,
3225 2024 3414 2093 inquit,
3444 2027 3638 2079 revela-

2060 2103 2242 2155 tionent
2265 2104 2409 2158 habet
2432 2148 2445 2168 ,
2492 2105 2717 2177 linguam
2748 2110 2926 2178 habet,
2958 2111 3418 2181 interpretationem
3446 2116 3590 2169 habet
3619 2133 3638 2170 :

2059 2197 2227 2248 omnia
2248 2197 2316 2248 ad
2340 2198 2722 2266 wdiﬁcalionem
2750 2203 2876 2269 [iant
2898 2221 2917 2268 ;
2945 2213 3016 2266 et,
3045 2203 3319 2272 Preti/tcta:
3345 2216 3512 2260 autem
3537 2207 3638 2261 duo

2058 2287 2137 2340 vel
2187 2298 2284 2342 (res
2329 2291 2598 2359 loquantur
2628 2292 2788 2362 (Ibid.
2822 2295 2907 2348 14.
2959 2294 3049 2350 26.
3107 2296 3220 2368 29).
3270 2297 3428 2352 Aliud
3479 2300 3636 2368 quid-

2061 2378 2199 2448 piam
2227 2379 2330 2435 dici
2359 2392 2530 2450 potest
2555 2403 2566 2437 :
2598 2394 2654 2438 ut
2683 2387 2847 2441 moris
2873 2398 2955 2442 est
2985 2389 3124 2458 apud
3154 2405 3251 2444 nos
3277 2391 3324 2444 id
3348 2393 3487 2462 quod
3517 2395 3636 2463 plus

2059 2479 2142 2523 est
2168 2510 2182 2534 ,
2219 2481 2384 2524 totum
2417 2473 2596 2528 dicere
2621 2517 2635 2539 ,
2670 2477 2738 2529 ita
2773 2478 2933 2531 etiam
2980 2480 3065 2533 hic
3097 2480 3181 2534 ille
3207 2481 3365 2536 dixit.
3408 2483 3487 2537 Ad
3526 2483 3642 2540 haec

2062 2573 2236 2614 autem
2272 2574 2397 2631 puto
2443 2565 2590 2619 illum
2622 2568 2784 2622 etiam
2812 2587 2929 2639 qum
2959 2587 3054 2625 sua
3086 2582 3210 2626 sunt
3256 2575 3596 2631 subindicare
3619 2619 3636 2645 ,

2063 2663 2197 2707 utet
2247 2656 2296 2708 in
2342 2658 2572 2712 secunda
2626 2660 2692 2712 ad
2737 2663 2954 2716 eosdem
2998 2664 3231 2733 Epistula
3279 2667 3446 2722 dicit:
3478 2669 3640 2738 Signa

2063 2747 2262 2813 quidem
2305 2751 2524 2818 apostoli
2554 2755 2688 2820 facta
2716 2763 2830 2806 sunt
2860 2755 2911 2807 in
2939 2757 3074 2810 vobis
3115 2758 3166 2810 in
3197 2759 3334 2811 omni
3357 2760 3638 2827 patientia;

2060 2847 2112 2891 et
2135 2854 2343 2892 rursum
2375 2857 2388 2891 :
2421 2842 2554 2908 Quid
2584 2845 2716 2896 enim
2743 2856 2833 2906 est,
2866 2848 3001 2916 quod
3028 2849 3190 2901 minus
3218 2850 3459 2903 habuistis
3487 2867 3639 2920 quam

2059 2941 2254 2986 caatera:
2284 2933 2525 2988 Ecclesiw
2553 2936 2625 3007 (.‘2.
2657 2935 2773 2992 Cor.
2812 2941 2896 2992 12.
2928 2939 3013 2994 12.
3049 2951 3091 2994 et
3127 2940 3239 3011 15)?
3269 2943 3361 2997 Vel
3389 2985 3403 3008 ,
3433 2953 3491 2998 ut
3527 2945 3638 3014 jam

2059 3024 2196 3085 dixi,
2221 3041 2338 3094 qua:
2363 3028 2429 3080 ab
2456 3043 2515 3081 se
2548 3030 2678 3083 laeta
2704 3040 2828 3086 sunt
2851 3043 3269 3099 commemorat;
3301 3036 3378 3088 vel
3414 3036 3525 3090 lucc
3550 3036 3636 3102 iis,

2059 3117 2147 3185 qui
2172 3117 2345 3171 adhuc
2369 3119 2572 3187 probati
2597 3131 2770 3187 erant,
2789 3121 2936 3177 dicit.
2967 3124 3129 3178 Erant
3150 3126 3353 3196 quippe
3376 3127 3444 3180 ibi
3467 3128 3639 3182 sancti

2058 3208 2232 3270 multi,
2263 3209 2350 3278 qui
2379 3209 2444 3264 ad
2471 3221 2778 3265 sanctorum
2809 3215 3159 3270 ministerium
3197 3232 3255 3270 se
3281 3218 3595 3273 dediderant
3618 3260 3634 3282 .

2059 3310 2110 3356 et
2141 3301 2391 3370 ptimitim
2437 3302 2652 3356 Achaia:
2703 3303 2825 3358 facti
2859 3317 2979 3359 sunt
3007 3346 3021 3372 ,
3067 3317 3120 3360 ut
3152 3307 3203 3360 in
3239 3309 3343 3363 line
3379 3309 3634 3363 declarat.

2059 3391 2306 3461 Alioquin
2331 3408 2458 3447 vero
2483 3394 2693 3448 etiamsi
2716 3395 2900 3450 laudes
2929 3414 3033 3450 non
3061 3397 3278 3453 omnino
3301 3400 3488 3456 affines
3513 3411 3638 3456 sunt

2059 3484 2308 3550 veritati,
2343 3497 2578 3541 attamen
2612 3487 2904 3557 prudenter
2932 3489 3274 3556 adhibentur,
3305 3501 3360 3546 ut
3382 3493 3517 3546 viam
3547 3508 3638 3564 pa-

2058 3586 2178 3632 rent
2209 3577 2272 3631 iis
2293 3593 2410 3648 qua:
2431 3578 2653 3634 dicenda
2680 3588 2823 3633 sunt.
2850 3580 2977 3634 Nam
3003 3582 3090 3651 qui
3113 3584 3291 3637 statim
3319 3600 3346 3636 a
3376 3585 3638 3656 principio

2059 3669 2360 3740 importuna
2389 3671 2644 3741 loquitur,
2677 3673 3056 3728 inﬁrmioribus
3084 3675 3320 3730 auditum
3348 3677 3546 3732 claudit
3569 3678 3637 3734 ad

2059 3775 2249 3817 cmtera
2283 3766 2442 3819 verba
2475 3783 2487 3819 :
2521 3767 2564 3819 si
2598 3767 2739 3820 enim
2773 3766 3048 3822 auditores
3088 3767 3293 3823 honore
3320 3785 3478 3840 pares
3508 3771 3636 3838 sint,

2061 3856 2403 3921 irascuntur;
2436 3859 2478 3912 si
2512 3857 2797 3912 admodum
2828 3858 3108 3914 inferiores
3129 3902 3143 3927 ,
3176 3860 3362 3916 dolore
3396 3861 3636 3917 allicien-

2061 3959 2164 4002 tur.
2194 3949 2269 4004 Nc
2299 3950 2454 4018 igitur
2484 3955 2582 4004 hoc
2611 3953 2840 4015 eveniat,
2857 3954 2922 4007 ab
2956 3954 3019 4007 iis
3046 3970 3164 4022 quae
3183 3955 3424 4009 encomia
3448 3955 3636 4010 viden-

2063 4050 2148 4094 tur
2176 4056 2294 4096 esse
2343 4043 2549 4095 initium
2595 4043 2760 4097 ducit.
2811 4043 2992 4113 Neque
3033 4047 3172 4098 cnim
3207 4045 3307 4100 hoc
3335 4048 3634 4101 encomium

2063 4133 2274 4186 illorum
2307 4143 2456 4193 erat,
2488 4133 2579 4187 sed
2609 4134 2794 4204 gratia:
2831 4135 2945 4189 Dei.
2976 4135 3108 4188 Nam
3138 4137 3276 4204 quod
3300 4147 3515 4204 peccata
3554 4154 3642 4193 re-

2064 4226 2224 4279 missa
2260 4227 2386 4297 ipsis
2413 4236 2615 4286 essent,
2641 4234 2696 4279 et
2724 4224 2866 4295 quod
2885 4226 3159 4295 justilicati
3191 4237 3392 4292 essent,
3415 4228 3518 4284 hoc
3545 4245 3640 4284 su-

2064 4319 2209 4386 perni
2237 4318 2362 4372 doni
2387 4328 2521 4374 erat.
2546 4318 2831 4387 Propterea
2863 4319 2917 4372 in
2943 4319 3007 4373 iis
3033 4319 3365 4386 immoratur,
3397 4337 3514 4390 quae
3544 4322 3642 4377 Dei

2065 4409 2440 4478 benignitatem
2493 4408 2818 4473 ostendunt,
2853 4419 2910 4464 ut
2955 4409 3197 4464 morbum
3242 4427 3427 4466 eorum
3471 4413 3642 4483 magis

2063 4510 2232 4555 curet.
2268 4500 2686 4571 Exspectantibus
2715 4501 3064 4555 revelationem
3098 4501 3304 4557 Domini
3333 4505 3490 4558 nostri
3517 4505 3644 4559 Jests

2065 4590 2269 4646 Christi.
2312 4591 2448 4658 Quid
2483 4591 2909 4656 tumultuamini,
2945 4593 3131 4662 inquit,
3165 4593 3290 4663 quid
3325 4595 3641 4663 turbamini,

2065 4682 2204 4752 quod
2239 4699 2341 4736 non
2374 4683 2512 4736 adsit
2536 4682 2819 4737 Christus?
2852 4683 3018 4737 Adest
3039 4685 3281 4753 quidem,
3311 4695 3364 4739 et
3389 4686 3504 4740 dies
3533 4687 3646 4755 jam

2065 4790 2162 4844 pro
2195 4774 2400 4828 foribus
2429 4784 2532 4828 est.
2567 4774 2632 4828 Et
2671 4773 2954 4829 coosidera
2980 4776 3293 4844 sapientiam
3321 4819 3333 4840 ,
3376 4778 3646 4846 quomodo

2069 4865 2209 4929 illos,
2239 4880 2359 4918 cum
2386 4866 2452 4918 ab
2479 4865 2722 4918 humanis
2753 4864 3092 4931 abduxisset,
3122 4868 3380 4921 exterruit
3408 4878 3644 4924 tremen-

2068 4959 2195 5013 dum
2223 4958 2451 5013 tribunal
2483 4972 2913 5013 commemorans
2934 4999 2947 5022 ,
2980 4968 3032 5011 et
3061 4960 3349 5014 ostendens
3377 4978 3479 5015 non
3505 4963 3645 5017 bona

2072 5059 2274 5105 tantum
2306 5049 2452 5102 initia
2497 5048 2718 5116 requiri,
2752 5047 2846 5102 sed
2890 5050 3046 5103 linem
3083 5067 3312 5121 quoque.
3360 5053 3490 5107 Nam
3521 5070 3644 5109 cum

2071 5140 2153 5196 his
2194 5139 2604 5196 charismatibus
2642 5147 2696 5193 et
2732 5139 2848 5193 aliis
2883 5140 3164 5195 virtutibus
3187 5184 3201 5207 ,
3243 5153 3454 5211 oportet
3484 5144 3644 5199 etiam

2070 5231 2174 5285 diei
2205 5231 2347 5285 illius
2380 5229 2651 5286 reminisci
2682 5247 2695 5282 :
2729 5231 3013 5300 multisque
3057 5232 3326 5288 laboribus
3346 5245 3427 5290 est
3463 5251 3597 5306 opus
3629 5276 3647 5304 ,

2071 5333 2129 5376 ut
2159 5323 2325 5392 possit
2349 5323 2468 5392 quis
2499 5320 2563 5375 ad
2608 5321 2766 5376 finem
2797 5324 3090 5392 pervenire.

2141 5416 2196 5471 2.
2254 5416 2660 5471 Revelationcm
2705 5427 2881 5470 autem
2933 5428 3316 5470 commemorat
3365 5420 3652 5476 ostendens

2076 5511 2240 5575 illam,
2269 5510 2478 5563 etiamsi
2508 5525 2612 5561 non
2640 5507 2903 5573 videatur,
2929 5506 3024 5561 sed
3053 5523 3172 5561 esse
3196 5519 3393 5575 tamen,
3427 5521 3479 5565 et
3507 5530 3646 5567 tuine

2075 5602 2286 5666 adesse,
2316 5611 2368 5655 et
2395 5611 2517 5653 tunc
2545 5599 2906 5668 apparituram
2940 5614 3078 5653 esse.
3110 5599 3366 5654 l’atientia
3389 5603 3542 5672 igitur
3571 5614 3651 5660 cst

2077 5711 2210 5765 opus
2241 5714 2253 5750 ε
2289 5694 2411 5748 ideo
2451 5693 2590 5748 enim
2638 5691 2892 5746 miracula
2921 5693 3201 5763 accepistis
3232 5737 3247 5759 ,
3281 5705 3336 5749 ut
3366 5695 3503 5750 lirtni
3543 5712 3654 5749 ma-

2078 5788 2264 5844 neatis.
2298 5787 2349 5842 8.
2384 5785 2480 5853 Qui
2511 5796 2556 5840 et
2586 5784 2902 5855 con/intrabit
2943 5799 3027 5839 vos
3074 5802 3229 5856 usque
3263 5787 3317 5840 in
3350 5785 3506 5856 ﬁnem
3545 5785 3655 5837 sine
