4100 6214
360 294 421 350 ις,
1096 291 1153 346 S.
1193 285 1468 344 JOANNIS
1502 280 1967 340 CIIRYSOSTOMI
2004 278 2318 338 ARCHIEP.
2359 281 2887 354 CONSTANTINOP.
3559 287 3630 340 20

358 417 581 470 crimine.
640 409 737 466 llic
784 407 993 464 videtur
1028 407 1243 478 quidem
1281 403 1406 458 illos
1449 401 1792 462 demulcere;
1839 396 1933 452 sed

2049 395 2178 452 dare
2219 396 2432 453 volebat
2464 415 2478 464 ;
2515 400 2588 452 illi
2638 415 2767 454 vero
2809 399 3058 457 nolentes
3103 400 3346 470 accipere
3375 443 3392 468 ,
3422 404 3627 473 seipsns

359 508 500 578 quod
532 505 729 561 dicitur
753 501 898 556 omni
929 499 1231 555 adulatione
1264 502 1436 549 vacat.
1477 491 1629 548 Solet
1652 490 1794 545 enim
1817 488 1936 543 illos
1986 515 2011 544 ο
2044 487 2339 558 eiecerunt.
2375 491 2503 546 Nam
2548 492 2756 547 etiamsi
2787 493 2853 546 ad
2895 509 3007 548 rem
3037 493 3358 549 laboriosam
3391 505 3444 550 et
3469 511 3628 566 aspe-

360 613 595 671 tangere.
626 607 686 654 ut
709 613 829 654 cum
861 595 987 650 dicit
1012 611 1025 647 :
1058 591 1334 660 Tamquam
1358 604 1458 642 non
1487 595 1721 640 venturus
1748 583 1844 637 sim
1870 581 1952 634 ad'

358 711 445 750 vos
455 738 468 759 ,
485 693 650 762 inﬂati
672 699 788 744 sunt
805 687 1007 756 quidam
1021 701 1040 747 ;
1053 692 1107 737 et
1118 697 1349 744 rursum,
1366 679 1500 746 Quid
1516 677 1697 730 vultis?
1718 675 1770 729 in
1800 674 1938 744 virga

357 786 553 839 veniam
571 784 638 836 ad
650 798 734 835 vos
753 820 768 845 ,
799 795 865 832 an
882 778 933 830 in
951 775 1159 828 caritate
1175 781 1219 827 et
1239 770 1420 842 spiritu
1446 765 1842 822 mansuetudinis
1856 765 1906 836 (ι
1919 804 1933 816 .

359 877 475 930 Cor.
495 877 548 930 4.
578 875 664 929 18.
683 881 732 926 et
751 868 952 940 2i)?et,
976 867 1052 920 An
1071 865 1468 936 experimentum
1483 859 1705 931 quwritis
1719 858 1828 928 ejus
1852 855 1938 926 qui

361 973 415 1023 in
461 986 540 1021 me
569 967 793 1037 loquitur
821 961 1008 1016 Christi
1051 959 1126 1031 (2.
1157 957 1276 1012 Cor.
1307 958 1394 1012 15.
1427 956 1485 1024 5)
1515 955 1538 1008 ?
1563 953 1818 1008 Lalenter
1844 964 1939 1003 au-

361 1070 465 1113 tem
495 1060 639 1127 ipsos
660 1063 911 1111 accusat:
936 1063 1062 1108 eum
1090 1051 1216 1105 dicit
1245 1049 1409 1111 enim,
1441 1044 1770 1114 Conﬁrmabit
1791 1084 1806 1105 ,
1836 1050 1890 1097 et
1919 1083 1936 1108 ,

361 1151 486 1206 Siue
506 1151 734 1212 crimine,
765 1145 999 1202 ostendit
1027 1145 1146 1198 illos
1169 1141 1342 1196 adhuc
1366 1140 1644 1204 ﬂuctuare,
1675 1148 1728 1192 et
1758 1136 1940 1191 crimi-

359 1243 408 1296 ni
434 1256 554 1296 esse
582 1239 866 1294 obnoxios.
909 1237 988 1291 Tu
1011 1250 1140 1290 vero
1171 1231 1480 1288 consideres
1498 1230 1681 1292 velim,
1712 1241 1939 1299 quomo-

358 1335 428 1389 do
480 1334 601 1388 illos
648 1346 862 1402 semper
913 1328 1114 1384 nomini
1156 1325 1357 1381 Christi
1400 1320 1599 1394 alligat,
1647 1331 1700 1375 et
1743 1319 1940 1373 nullius

359 1425 610 1487 hominis,
638 1437 812 1492 neque
832 1419 1083 1490 apostoli,
1105 1433 1278 1487 neque
1301 1416 1562 1486 magistri,
1582 1412 1675 1468 sed
1701 1412 1942 1480 frequen-

358 1525 442 1572 ter
467 1515 643 1570 dilecti
674 1515 814 1570 illius
839 1513 1163 1567 mentionem
1190 1509 1348 1564 faciat
1370 1550 1385 1573 ,
1412 1507 1561 1578 quasi
1588 1505 1655 1560 ab
1681 1505 1940 1560 ebrietate

358 1608 587 1678 quadam
628 1605 952 1662 temulentos
981 1603 1214 1658 educere
1244 1609 1460 1672 parans.
1492 1597 1762 1668 Nusquam
1794 1597 1937 1651 enim

359 1701 412 1754 in
439 1700 540 1754 alia
567 1698 790 1768 epistola
822 1705 926 1750 tam
957 1695 1265 1766 frequenter
1291 1707 1484 1748 nomen
1510 1690 1708 1746 Christi
1750 1688 1895 1758 jacet
1925 1706 1939 1742 :

360 1793 448 1848 hic
471 1807 599 1847 vero
628 1791 681 1845 in
707 1789 888 1860 paucis
913 1789 1160 1844 versibus
1187 1803 1329 1856 smpe
1349 1829 1363 1852 ,
1383 1794 1436 1840 et
1461 1784 1564 1840 hoc
1589 1783 1803 1838 nomine
1831 1781 1940 1836 fere

359 1893 525 1938 totum
548 1884 783 1938 contexit
805 1881 1143 1952 prooemium.
1167 1878 1454 1933 Considera
1481 1884 1656 1930 autem
1673 1872 1938 1944 superius.

365 1998 383 2030 ι
431 1977 627 2032 Paulus
657 2018 672 2040 ,
705 1985 924 2030 vocatus
953 1973 1229 2043 apostolus
1267 1971 1392 2025 Jesu
1426 1967 1671 2032 Christi,
1705 1963 1940 2020 sanctiﬁ-

358 2069 492 2126 catis
537 2071 587 2123 in
633 2069 848 2123 Christo
886 2067 1014 2122 Jesu
1049 2108 1064 2132 ,
1100 2062 1472 2119 invocantibus
1503 2076 1696 2115 nomen
1731 2059 1940 2114 Domini

359 2163 523 2216 nostri
548 2161 675 2216 Jesu
703 2159 900 2214 Christi
934 2177 945 2211 :
986 2159 1154 2226 gratia
1184 2157 1333 2209 vobis
1357 2165 1405 2210 et
1447 2169 1548 2224 pax
1582 2167 1610 2205 a
1647 2153 1756 2206 Deo
1782 2151 1940 2205 Patre

357 2266 412 2310 et
455 2255 682 2309 Domino
730 2253 856 2307 Jesu
905 2251 1141 2305 Christo.
1191 2247 1402 2302 Gratias
1441 2259 1542 2316 ago
1588 2244 1694 2298 Deo
1727 2258 1847 2297 meo
1875 2241 1941 2296 de

361 2348 528 2416 gratia
564 2389 577 2408 ,
611 2362 728 2414 qum
779 2343 900 2398 data
944 2352 1025 2396 est
1054 2341 1206 2395 vobis
1256 2341 1305 2392 in
1353 2338 1571 2392 Christo
1599 2335 1724 2390 Jesn
1758 2354 1772 2390 :
1804 2334 1942 2388 sicut

361 2441 723 2494 testimonium
771 2433 969 2490 Christi
1014 2433 1383 2487 conﬁrmatum
1429 2438 1510 2484 est
1542 2429 1592 2482 in
1626 2427 1778 2481 vobis
1808 2444 1820 2478 :
1849 2442 1942 2480 ex-

360 2531 726 2602 spectantibus
756 2527 1136 2582 revelationem
1170 2525 1379 2579 Domini
1411 2523 1577 2577 nostri
1622 2521 1746 2577 Jcsn
1775 2521 1930 2576 Chri-

359 2624 426 2676 sti
450 2665 464 2689 ,
488 2623 576 2692 qtti
601 2630 653 2675 et
677 2618 1016 2675 confirmabit
1046 2633 1142 2669 vos
1171 2617 1286 2669 sine
1311 2615 1534 2670 crimine
1562 2613 1612 2666 in
1645 2613 1732 2667 die
1755 2613 1934 2665 Domi-

361 2714 414 2767 ni
444 2713 610 2768 nostri
632 2711 760 2765 Jesu
785 2708 1002 2764 Christi.
1029 2707 1082 2762 9.
1114 2705 1311 2760 Fidelis
1341 2713 1421 2759 est
1455 2705 1592 2757 Deus
1614 2745 1629 2766 ,
1665 2719 1758 2771 per
1779 2717 1936 2770 quem

363 2805 537 2857 vocati
574 2803 704 2857 estis
741 2801 791 2853 in
821 2800 1129 2853 societatem
1159 2796 1278 2851 Filii
1310 2798 1426 2864 ejus
1446 2794 1572 2850 Iesu
1603 2794 1800 2848 Christi
1835 2793 1937 2846 Do-

363 2897 492 2951 mini
525 2894 711 2948 nostri.
750 2891 838 2947 10.
870 2891 1107 2945 Obsecro
1133 2898 1312 2943 autem
1343 2903 1436 2940 vos
1475 2902 1572 2956 per
1609 2901 1802 2940 nomen
1835 2886 1939 2939 Do-

363 2987 492 3043 mini
512 2988 677 3042 nostri
705 2986 831 3042 Jesu
860 2985 1078 3054 Christi.
1120 3001 1140 3034 ι
1172 2980 1360 3037 Viden’
1385 2981 1734 3050 frequentiam
1765 2979 1940 3032 nomi-

362 3082 444 3136 nis
461 3079 695 3133 Christi?
725 3076 876 3133 Unde
904 3075 1075 3145 palam
1106 3074 1362 3129 estctiam
1389 3072 1512 3134 illis,
1539 3071 1626 3142 qui
1655 3070 1940 3124 admodum

364 3174 677 3244 insipientes
717 3181 842 3225 sunt
872 3211 886 3233 ,
919 3169 1091 3238 ipsum
1125 3182 1227 3220 non
1261 3167 1375 3220 sine
1403 3179 1560 3218 causa
1591 3179 1689 3216 nce
1715 3179 1839 3217 casn
1873 3163 1940 3215 ita

365 3267 540 3320 facere
566 3281 580 3329 ;
606 3263 696 3317 sed
732 3261 889 3328 hujus
912 3259 1112 3329 pulchri
1139 3256 1372 3312 nominis
1402 3254 1696 3325 frequentia
1728 3254 1939 3307 illorum

367 3369 628 3412 tumorem
656 3354 924 3418 exhaurit,
955 3361 1008 3406 et
1024 3350 1226 3404 saniem
1253 3349 1421 3403 morbi
1449 3356 1728 3417 expurgat.
1749 3344 1942 3398 Fidelis

367 3449 503 3504 Deus
535 3490 549 3508 .
589 3463 677 3516 per
706 3461 852 3514 quem
895 3443 1056 3497 vocati
1081 3442 1200 3494 estis
1243 3441 1294 3493 in
1329 3441 1614 3494 societatem
1654 3436 1782 3491 Filii
1809 3438 1938 3506 ejus.

365 3546 524 3612 Papa:
557 3542 570 3595 !
622 3549 872 3611 quantam
905 3537 992 3591 hic
1034 3552 1147 3590 rem
1176 3533 1306 3588 dicit
1333 3533 1346 3586 !
1379 3541 1632 3602 quantam
1663 3531 1786 3583 doni
1827 3545 1944 3584 ma-

364 3633 696 3706 gnitudinem
727 3629 981 3686 exhibet!
1016 3628 1075 3683 In
1118 3627 1429 3680 societatem
1469 3623 1739 3693 Unigeniti
1768 3619 1942 3676 vocati

368 3729 499 3784 estis
529 3768 543 3791 ,
575 3734 630 3781 et
674 3739 768 3778 vos
798 3721 1102 3776 hominibus
1129 3718 1416 3773 addicitis?
1445 3717 1570 3788 quid
1601 3716 1700 3771 hac
1731 3715 1944 3770 miseria

369 3818 564 3891 pejus?
594 3816 660 3870 Et
689 3813 957 3886 quomodo
985 3812 1156 3867 vocati
1200 3810 1368 3865 estis?
1398 3811 1498 3865 Per
1528 3809 1759 3864 Patrem.
1810 3808 1944 3876 Quia

369 3913 511 3967 enim
545 3924 640 3978 per
665 3907 814 3962 illum
844 3913 899 3960 et
928 3905 980 3958 in
1006 3905 1096 3958 illo
1119 3903 1425 3972 frequenter
1449 3901 1659 3956 diccbat
1684 3900 1750 3955 de
1773 3899 1908 3955 Filio
1929 3941 1944 3963 ,

369 4021 436 4060 ne
454 3999 924 4074 putarentseillmn
944 4007 1001 4051 ut
1017 3996 1274 4050 minorem
1289 3993 1790 4055 commemorare,id
1807 3992 1946 4046 Patri

372 4096 640 4151 adscribit.
661 4091 776 4146 Non
803 4107 896 4160 per
919 4093 1058 4142 hunc
1081 4087 1159 4141 vel
1184 4088 1367 4151 alium,
1399 4087 1586 4156 inquit,
1607 4085 1699 4140 sed
1729 4100 1820 4154 per
1845 4084 1915 4138 Pa
1932 4114 1947 4125 -

375 4197 508 4242 trem
537 4184 706 4239 vocati
736 4193 896 4238 estis:
921 4196 1013 4251 per
1039 4180 1207 4249 ipsmn
1238 4179 1397 4232 etiam
1427 4178 1616 4230 divites
1647 4177 1767 4230 facti
1796 4178 1944 4231 estis.

374 4282 576 4335 llursus
600 4275 772 4331 vocati
791 4275 940 4338 estis,
957 4266 1061 4326 neu
1083 4272 1178 4341 ipsi
1202 4269 1522 4324 accessistis.
1551 4267 1686 4335 Quid
1707 4283 1830 4323 vero
1847 4267 1946 4321 sibi

371 4375 483 4428 vult
502 4371 649 4431 illud.
669 4368 736 4423 In
763 4369 1046 4422 societate»:
1065 4363 1188 4418 Filii
1209 4364 1317 4434 ejus
1337 4361 1513 4416 ?Audi
1537 4361 1683 4415 illum
1707 4361 1806 4416 hoc
1836 4362 1950 4414 cla-

375 4468 484 4521 rius
509 4463 631 4517 alibi
661 4462 925 4514 dicentem
953 4477 964 4511 :
995 4457 1056 4511 Si
1075 4456 1397 4514 sustinemus,
1417 4465 1462 4506 et
1491 4454 1903 4523 conreguabimus
1932 4468 1951 4506 :

373 4561 413 4611 si
439 4554 812 4612 commorimur,
839 4551 990 4604 simul
1011 4551 1225 4602 vivemus
1243 4547 1322 4617 (2.
1359 4545 1489 4600 Tim.
1513 4545 1568 4598 2.
1591 4545 1701 4616 12).
1725 4544 1947 4608 Deinde,

373 4651 494 4720 quia
527 4662 638 4700 rem
671 4658 916 4712 magnam
960 4641 1095 4695 dixit
1118 4682 1133 4705 ,
1168 4639 1371 4694 addidit
1403 4639 1564 4694 etiam
1606 4637 1948 4693 ratiocinium

376 4749 578 4794 r'crltlttt
600 4779 613 4800 ,
638 4736 725 4791 ctti
750 4751 851 4789 non
883 4731 1054 4805 possit
1095 4731 1385 4786 contradici
1417 4750 1431 4786 :
1466 4747 1586 4786 nam
1613 4732 1725 4797 ait,
1760 4731 1952 4784 Fidelis

378 4831 512 4884 Deus
535 4845 552 4893 ;
575 4827 627 4881 id
659 4836 777 4888 est,
810 4839 990 4879 verus.
1023 4823 1079 4878 Si
1109 4836 1266 4878 verus
1290 4864 1305 4887 ,
1332 4837 1450 4892 quae
1479 4824 1722 4891 promisit
1750 4822 1947 4877 faciet:

376 4919 622 4992 promisit
648 4928 824 4973 autem
847 4931 904 4970 se
931 4929 1030 4970 nos
1049 4913 1224 4969 socios
1246 4911 1506 4967 facturum
1526 4913 1784 4982 unigeniti
1808 4913 1949 4977 Filii;

377 5012 443 5067 ad
474 5011 577 5064 hoc
602 5009 794 5079 quippe
825 5021 922 5060 nos
949 5007 1157 5062 vaeavit
1185 5023 1198 5060 :
1221 5004 1358 5060 dona
1389 5005 1532 5060 enim
1554 5013 1608 5061 et
1632 5003 1950 5060 charismata

375 5103 492 5172 ejus
517 5101 633 5155 sine
656 5098 969 5169 poenitentia
1008 5105 1133 5152 sunt
1154 5137 1169 5162 ,
1202 5113 1409 5152 necnon
1440 5097 1532 5151 Dei
1561 5097 1792 5152 vocatio.
1825 5097 1950 5153 Haec

375 5205 554 5249 autem
605 5207 743 5247 nunc
775 5191 919 5262 prius
949 5190 1138 5244 ordine
1182 5190 1343 5260 ponit
1385 5191 1436 5244 in
1483 5205 1732 5246 sermone
1759 5233 1773 5255 ,
1801 5201 1858 5245 ut
1889 5207 1955 5247 ne

377 5296 500 5355 post
553 5285 922 5340 vehementem
971 5281 1366 5336 accusationem
1414 5283 1466 5336 in
1520 5282 1952 5354 desperationem

347 5446 350 5453 ι
375 5379 591 5434 cadant.
622 5378 752 5444 Quae
781 5376 924 5432 enim
947 5389 977 5429 a
1001 5375 1110 5430 Deo
1141 5383 1264 5430 sunt
1293 5375 1554 5445 promissa
1572 5379 1794 5431 omnino
1815 5392 1958 5432 com-

381 5474 687 5540 parebunt,
736 5471 835 5525 nisi
892 5483 991 5524 nos
1032 5468 1319 5523 admodum
1368 5468 1598 5525 cﬂ'renes
1645 5468 1951 5526 fuerimus:

371 5562 823 5634 quemadmodum
845 5559 1012 5614 Judmi
1031 5560 1204 5614 vocati
1227 5559 1514 5615 noluerunt
1533 5560 1668 5615 bona
1685 5561 1951 5630 accipere.

2046 598 2159 637 ram
2188 595 2475 650 vocasset,
2506 595 2818 640 recusantes
2857 586 3010 641 venia
3042 586 3185 657 digni
3214 603 3322 642 non
3353 587 3580 644 fuissent
3600 633 3616 654 ,

2045 677 2140 732 sed
2167 680 2467 748 potuissent
2505 681 2693 735 saltem
2738 679 2840 735 hoc
2888 681 3182 735 obtendere
3214 699 3228 733 :
3261 681 3306 735 si
3338 693 3516 737 autem
3559 685 3623 737 ad

2045 770 2414 840 purgationem
2437 813 2450 836 ,
2482 771 2547 826 ad
2569 772 2832 842 justitiam
2866 814 2881 838 ,
2914 773 2978 827 ad
3011 773 3483 830 sanctificationem
3515 818 3530 840 ,
3559 777 3625 830 ad

2045 862 2770 934 redemptionem,gratiam,
2801 865 3000 920 donmn
3032 876 3086 921 et
3113 879 3410 937 praeparata
3442 869 3578 924 bona
3609 912 3623 934 ,

2046 969 2164 1024 qua:
2185 955 2372 1010 oculus
2404 973 2510 1010 non
2544 957 2695 1022 vidit,
2729 973 2827 1011 nec
2856 958 3003 1012 auris
3031 959 3265 1023 audivit,
3295 969 3351 1014 et
3376 961 3517 1014 Deus
3540 972 3626 1016 est

2046 1047 2138 1116 qui
2174 1058 2330 1102 vocat
2361 1091 2375 1111 ,
2409 1058 2464 1103 et
2515 1065 2612 1118 per
2651 1050 2888 1119 Scipsum
2931 1061 3129 1115 vocat;
3157 1068 3258 1121 qua
3290 1054 3444 1108 venia
3483 1053 3625 1124 digni

2047 1138 2244 1194 fuerint
2281 1141 2370 1210 qni
2412 1157 2516 1196 non
2575 1143 2903 1197 accurrunt?
2928 1142 3004 1198 Ne
3033 1144 3154 1214 quis
3191 1161 3318 1214 ergo
3358 1146 3409 1199 in
3461 1147 3623 1201 Deum

2045 1234 2252 1303 culpam
2284 1234 2499 1289 referat.
2533 1235 2646 1290 Non
2673 1237 2815 1292 enim
2847 1252 2914 1291 ex
2957 1245 3179 1292 vocante
3235 1239 3293 1292 lit
3334 1239 3474 1309 quod
3515 1250 3620 1294 non

2045 1325 2311 1384 credatur.
2344 1325 2435 1379 sed
2467 1342 2530 1381 ex
2557 1328 2622 1381 iis
2642 1328 2730 1396 qui
2762 1328 3025 1382 resiliunt.
3055 1328 3161 1383 Sed
3189 1330 3508 1398 Oportebat,
3547 1331 3627 1385 in-

2045 1417 2214 1485 quies,
2245 1417 2326 1470 vel
2355 1418 2548 1470 invitos
2581 1418 2849 1474 inducere.
2881 1421 3060 1488 Apage
3081 1437 3093 1473 :
3113 1436 3221 1474 non
3247 1419 3388 1474 enim
3408 1423 3514 1476 vim
3544 1420 3624 1477 vel

2045 1508 2416 1562 necessitatem
2445 1508 2622 1562 infert.
2651 1509 2780 1577 Quis
2806 1510 2946 1564 enim
2975 1510 3041 1564 ad
3065 1510 3298 1566 honores
3324 1521 3378 1566 et
3401 1527 3626 1569 coronas

2045 1609 2098 1654 et
2125 1601 2364 1656 convivia
2391 1611 2447 1656 et
2473 1602 2815 1658 celebritates
2844 1619 3042 1659 vocans
3070 1645 3087 1669 ,
3121 1605 3316 1660 invitos
3345 1618 3396 1662 et
3417 1608 3625 1666 vinctos

2047 1693 2210 1748 trahit
2235 1695 2258 1748 ?
2289 1694 2456 1749 Nemo
2475 1703 2620 1750 certe
2647 1717 2658 1751 :
2686 1696 2785 1751 hoc
2811 1698 2952 1751 enim
2975 1706 3119 1753 esset
3147 1699 3392 1768 injuriam
3425 1700 3623 1757 facere.

2045 1783 2127 1839 Ad
2173 1785 2473 1856 gehennam
2519 1790 2714 1842 invitos
2762 1789 2924 1843 mittit
2954 1805 2968 1854 ;
2996 1789 3062 1844 ad
3106 1806 3326 1861 regnum
3379 1792 3624 1848 iubentes

2045 1887 2198 1932 vocat
2226 1897 2238 1932 :
2272 1878 2336 1931 ad
2361 1879 2535 1950 ignem
2569 1880 2764 1949 ligatos
2787 1880 2956 1948 ducit,
2987 1883 3147 1936 etiam
3174 1883 3435 1952 ejulantes
3466 1900 3480 1947 ;
3527 1885 3619 1938 sed

2047 1969 2323 2026 innumera
2353 1970 2490 2026 bona
2520 1987 2623 2026 non
2667 1973 2765 2027 sie.
2796 1973 2927 2028 Nam
2961 1973 3064 2030 hoc
3094 1975 3203 2045 ipsa
3242 1992 3454 2047 quoque
3480 1976 3616 2030 bona

2043 2062 2230 2116 odiosa
2267 2063 2476 2129 reddat,
2502 2064 2602 2118 nisi
2632 2065 2750 2118 talis
2767 2066 2835 2119 sit
2868 2065 3076 2121 illorum
3111 2077 3295 2124 natura
3316 2111 3330 2134 ,
3359 2077 3417 2123 ut
3443 2069 3509 2123 ad
3535 2070 3624 2124 illa

2047 2166 2238 2226 Sponte
2269 2167 2582 2212 accurratur
2610 2200 2626 2221 ,
2657 2169 2710 2212 et
2739 2160 2963 2229 gratiam
2989 2160 3215 2214 habeant
3245 2161 3553 2215 maximam.

2117 2246 2170 2305 3.
2202 2250 2266 2304 Et
2295 2251 2382 2320 qui
2407 2250 2487 2316 lit,
2510 2251 2737 2322 inquies.
2758 2253 2900 2322 quod
2929 2267 3033 2307 non
3051 2269 3238 2310 omnes
3266 2255 3377 2324 ipsa
3407 2255 3627 2326 eligant?

2046 2343 2126 2397 Ub
2172 2345 2438 2414 propriam
2471 2344 2856 2401 infirmitatem.
2891 2347 2953 2400 Et
2983 2363 3078 2401 cur
3109 2349 3318 2404 illorum
3349 2349 3628 2403 inﬁrmita-

2047 2444 2153 2488 tem
2181 2452 2284 2490 non
2314 2436 2579 2491 abscindit
2607 2437 2629 2489 ?
2654 2436 2721 2491 Et
2740 2453 2846 2507 quo
2874 2447 3028 2508 pacto
3054 2474 3070 2505 ,
3097 2439 3182 2492 die
3205 2435 3334 2494 mihi
3367 2482 3382 2504 ,
3412 2442 3627 2496 exscin-

2045 2525 2174 2581 dere
2201 2541 2335 2596 opus
2357 2528 2474 2581 est?
2501 2543 2681 2582 annon
2719 2539 3018 2584 creaturam
3061 2531 3300 2585 condidit
3337 2532 3622 2588 docentem

2046 2617 2162 2686 ejus
2186 2618 2567 2687 benignitatem
2599 2661 2612 2683 ,
2643 2629 2697 2676 et
2720 2621 3056 2689 potentiam?
3087 2637 3210 2676 nam
3241 2623 3394 2686 Ca'ti,
3424 2625 3623 2695 inquit,

2045 2719 2283 2764 enarrant
2319 2710 2537 2782 gloriam
2568 2709 2658 2764 Dei
2684 2709 2856 2782 (Psal.
2889 2712 2975 2768 l8.
3003 2711 3083 2782 2).
3119 2715 3308 2768 Annon
3338 2715 3624 2785 praphetas

2047 2804 2190 2856 misit
2219 2802 2242 2855 ?
2269 2816 2445 2856 annon
2478 2804 2686 2857 vocavit
2713 2813 2767 2858 et
2793 2802 3116 2858 honoravit?
3154 2820 3329 2860 annon
3369 2807 3620 2862 miracula

2046 2893 2170 2946 fecit
2196 2894 2218 2946 ?
2246 2910 2422 2948 annon
2459 2895 2630 2964 legem
2662 2893 2812 2949 dedit
2843 2903 2897 2948 et
2925 2896 3182 2965 scriptam
3210 2899 3574 2952 ctnaturalcm
3599 2898 3622 2951 ?

2045 3002 2220 3039 annon
2241 2986 2430 3040 Filium
2452 3000 2604 3040 suum
2626 2986 2768 3040 misit
2785 2987 2809 3040 ?
2825 3002 3001 3041 annon
3025 2989 3184 3044 etiam
3204 2989 3515 3058 apostolos?
3532 3005 3626 3044 an-

2050 3092 2152 3129 non
2186 3077 2334 3146 signa
2365 3077 2530 3132 fecit?
2560 3092 2738 3132 annon
2779 3079 3080 3148 gehennam
3106 3082 3466 3136 comminatus
3496 3082 3624 3136 est?

2046 3183 2222 3223 nonne
2241 3185 2460 3240 regnum
2493 3172 2780 3241 promisit?
2808 3188 2984 3228 nonne
3008 3171 3248 3244 quotidie
3272 3174 3440 3229 solem
3473 3189 3623 3229 suum

2046 3261 2173 3314 criri
2209 3259 2370 3314 facit?
2401 3277 2579 3317 nonne
2622 3278 2742 3333 qua:
2791 3266 3044 3334 przccepit
3068 3266 3136 3318 ita
3171 3265 3342 3320 facilia
3370 3274 3537 3332 sunt,
3565 3275 3624 3319 ut

2049 3351 2198 3406 multi
2237 3353 2289 3406 vi
2339 3352 2691 3424 philosophiae
2735 3371 2846 3410 sua:
2888 3355 3003 3425 ejus
3035 3357 3282 3411 mandata
3323 3363 3616 3424 superent!

2049 3440 2186 3506 Quid
2213 3443 2473 3512 oportebat
2494 3448 2664 3516 facere
2691 3446 2866 3510 vinem,
2900 3457 2946 3500 et
2974 3464 3072 3501 non
3095 3449 3194 3517 feci
3220 3448 3237 3514 (
3263 3446 3391 3503 Isai.
3511 3449 3545 3503 4
3565 3443 3627 3520 )?

2049 3535 2113 3589 Et
2138 3551 2237 3591 cur
2268 3552 2371 3590 non
2397 3537 2523 3593 fecit
2551 3539 2730 3605 nobis,
2750 3540 3268 3610 inquies,scientiam
3301 3551 3358 3596 et
3377 3543 3626 3597 virtutem

2049 3628 2371 3682 naturalem?
2389 3629 2517 3696 Quis
2546 3628 2663 3683 haec
2683 3629 2839 3684 dicit?
2862 3630 3156 3686 Gnccusne
3176 3647 3243 3684 an
3269 3632 3631 3692 Christianus?

2049 3717 2222 3772 Ambo
2247 3718 2461 3787 quidem
2495 3760 2510 3785 ,
2543 3719 2635 3772 sed
2666 3735 2770 3773 non
2803 3720 2990 3774 eadem
3017 3720 3084 3776 de
3104 3736 3264 3776 causa
3294 3740 3306 3775 :
3341 3739 3525 3780 verum
3554 3727 3629 3779 ale

2050 3820 2132 3864 ter
2155 3809 2223 3865 de
2253 3810 2473 3864 scientia
2497 3851 2510 3866 .
2544 3810 2680 3865 alter
2701 3810 2769 3866 de
2791 3811 2896 3865 vita
2924 3813 3224 3867 contendit.
3255 3814 3494 3870 Primum
3527 3817 3628 3886 igi-

2053 3910 2138 3955 tur
2160 3910 2343 3956 nostro
2365 3901 2808 3972 respondebimus
2838 3920 2851 3956 :
2885 3919 2990 3958 non
3013 3905 3156 3959 enim
3181 3905 3311 3966 mihi
3337 3917 3478 3961 tanta
3502 3923 3627 3962 cura

2052 4001 2134 4046 est
2160 3991 2229 4047 de
2257 3994 2497 4059 exteris,
2533 4002 2730 4064 quanta
2773 3993 2842 4049 de
2890 3995 3126 4066 propriis
3171 3998 3447 4052 membris.
3494 3999 3627 4066 Quid

2051 4098 2178 4154 ergo
2205 4083 2330 4138 dicit
2351 4083 2720 4140 Christianus?
2750 4085 2919 4155 ipsam
2945 4087 3101 4142 nobis
3121 4087 3332 4144 virtutis
3352 4089 3629 4144 scientiam

2055 4177 2162 4231 indi
2203 4177 2506 4246 Oportebat.
2555 4177 2752 4233 lndidit
2793 4191 2941 4235 certe
2975 4199 2987 4236 :
3019 4181 3120 4235 nisi
3143 4183 3282 4236 enim
3313 4181 3626 4244 indidisset,

2053 4267 2195 4324 unde
2232 4284 2512 4325 nossemus
2539 4285 2601 4326 ea
2641 4285 2761 4341 qua:
2787 4271 2990 4341 agenda
3037 4282 3092 4326 et
3128 4287 3247 4340 qua:
3289 4288 3394 4324 non
3422 4271 3623 4339 agenda

2055 4362 2226 4415 sunt?
2257 4361 2524 4416 undenam
2575 4363 2723 4432 leges
2767 4371 2821 4417 ct
2866 4361 3194 4416 tribunalia?
3223 4362 3292 4414 At
3319 4375 3421 4414 non
3446 4361 3620 4415 scien-

2056 4453 2204 4518 tiam,
2227 4452 2322 4508 sed
2349 4455 2516 4522 ipsam
2542 4457 2806 4510 actionem
2828 4452 2955 4508 dare
2976 4454 3232 4522 oportuit.
3258 4453 3323 4508 Et
3347 4452 3626 4523 cujusnam

2053 4545 2130 4598 rei
2158 4545 2459 4598 mercedem
2479 4556 2796 4614 accepturus
2822 4559 2962 4610 eras,
2992 4544 3035 4598 si
3069 4553 3236 4598 totum
3263 4560 3329 4600 ex
3357 4545 3466 4600 Deo
3495 4545 3627 4599 fuiso

2056 4635 2175 4689 set?
2207 4636 2299 4690 Dic
2329 4637 2472 4690 enim
2509 4637 2635 4690 mihi
2666 4679 2682 4702 ,
2726 4647 2851 4694 tene
2880 4647 2933 4692 et
2959 4635 3205 4692 Grtecum
3246 4647 3530 4707 peccantes
3556 4641 3628 4693 si-

2057 4727 2256 4782 militer
2307 4728 2456 4797 punit
2508 4729 2690 4784 Deus?
2720 4730 2937 4785 Minime
2971 4748 2984 4782 τ
3015 4729 3182 4785 hach
3222 4731 3369 4786 enim
3421 4731 3634 4786 interim

2056 4834 2174 4873 eam
2218 4835 2337 4888 qua:
2376 4835 2441 4875 ex
2491 4820 2712 4876 scientia
2759 4831 2946 4876 manat
2986 4821 3254 4877 fiduciam.
3284 4821 3420 4890 Quid
3461 4838 3590 4891 ergo
3619 4865 3633 4884 ,

2058 4913 2102 4965 si
2128 4913 2246 4982 quis
2277 4929 2414 4968 nunc
2441 4915 2642 4969 diceret
2674 4913 2791 4981 tibi,
2819 4924 2875 4970 et
2901 4925 2954 4971 te
2980 4927 3032 4970 et
3063 4917 3307 4971 Graecum
3342 4933 3437 4986 pro
3464 4919 3636 4971 scit-n-

2059 5007 2132 5060 tia
2159 5007 2342 5062 eadem
2372 5017 2800 5077 consequuturos
2827 5022 2968 5074 esse,
2989 5022 3170 5062 annon
3197 5007 3247 5061 id
3275 5023 3418 5078 aegre
3441 5009 3637 5062 ferres?

2061 5100 2308 5154 Arbitror
2345 5116 2476 5154 sane
2509 5119 2521 5153 :
2553 5101 2764 5155 diceres
2811 5101 2954 5154 enim
2991 5141 3006 5164 ,
3037 5116 3157 5152 cum
3199 5099 3418 5154 Crmcus
3463 5114 3527 5154 es
3581 5117 3638 5156 se

2063 5200 2238 5260 posset
2265 5191 2539 5245 scientiam
2569 5192 2828 5252 invenire,
2855 5191 3041 5246 noluit.
3065 5189 3118 5244 Si
3142 5204 3270 5258 ergo
3299 5191 3385 5245 ille
3412 5191 3635 5258 diceret,

2061 5285 2338 5354 oportebat
2373 5285 2538 5339 Deum
2570 5286 2726 5339 nobis
2752 5283 3031 5340 scientiam
3054 5283 3372 5339 naturaliter
3403 5284 3589 5341 indere
3619 5326 3634 5350 .

2061 5391 2239 5429 annon
2273 5375 2546 5439 irridercs,
2575 5375 2892 5445 dicercsquc
2918 5374 2968 5430 ci
2991 5415 3006 5439 ,
3033 5373 3144 5430 Cur
3170 5388 3274 5429 non
3301 5377 3589 5447 qumsivisti
3613 5378 3636 5430 ?

2061 5484 2156 5522 cur
2199 5485 2304 5523 non
2333 5480 2558 5523 conatus
2580 5483 2641 5524 es
2669 5479 2721 5522 ut
2751 5486 2852 5539 ego
2883 5469 2906 5522 ?
2933 5481 2996 5522 ac
3021 5483 3144 5524 cum
3187 5470 3355 5525 multa
3380 5480 3550 5526 stares
3571 5472 3635 5522 ti—

2061 5561 2210 5615 dncia
2243 5601 2255 5622 ,
2291 5563 2604 5631 diceres-que
2632 5569 2887 5616 extrema:
2938 5577 3060 5618 esse
3100 5562 3424 5635 insipientia:
3472 5564 3639 5619 Deum

447 5654 557 5708 Deo
574 5653 767 5706 vocanti
794 5651 1445 5720 obtemperandunt.-Hoc
1466 5667 1590 5706 vero
1604 5651 1715 5721 jam
1734 5667 1838 5707 non
1863 5668 1953 5708 vo-
2004 5661 2029 5686 ο
2063 5653 2307 5707 incusare
2335 5693 2351 5717 ,
2381 5653 2524 5722 quod
2555 5661 2758 5707 natura:
2785 5654 3066 5711 scientiam
3095 5670 3201 5711 non
3225 5655 3494 5711 intliderit.
3531 5656 3638 5711 lloc

376 5745 552 5802 cuntis
578 5751 715 5810 erat,
745 5740 838 5796 sed
867 5741 1058 5813 ingrati
1099 5741 1310 5798 illorum
1347 5741 1531 5820 animi.
1565 5742 1684 5816 Ipse
1716 5759 1946 5816 namque

2065 5753 2242 5800 autem
2272 5742 2502 5812 diceres,
2533 5743 2653 5814 quia
2683 5743 2791 5814 illa,
2823 5763 2944 5820 qua:
2967 5747 3034 5803 ad
3063 5747 3346 5804 scientiam
3369 5758 3637 5818 spectant.
