4100 6214
361 241 433 297 19

359 352 552 426 ὑμᾶς,
582 352 1014 422 ἐφυσιώθησάν
1045 370 1199 420 τινες
1218 368 1234 384 ⁸
1266 356 1363 411 καὶ
1392 355 1578 419 πάλιν,
1618 359 1681 413 Τί
1710 358 1915 415 θέλετε
1933 401 1948 423 ,

363 442 443 495 ἐν
465 439 668 508 pasam
691 435 846 489 ἔλθω
878 436 1032 504 πρὸς
1052 430 1228 507 ὑμᾶς,
1258 438 1298 507 ἢ
1335 438 1407 493 ἐν
1432 441 1635 511 ἀγάπῃ
1661 443 1955 512 πνεύματι

370 541 444 578 τε
494 523 855 589 πραότητος;
902 522 1016 583 καὶ,
1050 524 1120 576 El
1167 522 1423 591 δοκιμὴν
1479 525 1696 593 ζητεῖτε
1746 526 1852 581 τοῦ
1883 528 1954 581 ὲν

378 604 514 674 ἐμοὶ
558 602 890 669 ,λαλοῦντος
922 605 1212 671 Χριστοῦ;
1254 607 1635 672 Λανθανόντως
1688 609 1744 663 δὲ
1774 609 1952 664 αὐτῶν

384 689 477 741 καὶ
507 688 794 756 κατηγορεῖ
814 703 829 716 ·
856 686 936 756 τῷ
978 687 1086 759 γάρ
1114 690 1312 755 εἰπεῖν,
1357 691 1696 757 Βεϐαιώσει,
1729 692 1823 746 καὶ
1853 693 1951 764 τῷ,

397 768 847 837 Ἁνεγλιλήτους,
893 769 1134 825 δείκνυσι
1166 772 1260 826 καὶ
1299 774 1686 845 σαλευομένους
1718 775 1819 837 ἔτι,
1860 776 1954 830 καὶ

381 852 718 920 ἐγκλήματος
743 851 1075 915 ὑπευθύνους
1103 852 1281 918 ὄντας.
1313 856 1383 911 Σὺ
1407 856 1463 909 δὲ
1497 857 1687 911 σκόπει
1717 858 1833 922 πῶς
1859 858 1952 912 αὑ-

370 938 492 999 τούς
511 935 593 1005 τῷ
620 937 851 1006 ὀνόματι
889 937 975 989 ἀεὶ
1004 936 1100 990 τοῦ
1143 940 1379 1010 Χριστοῦ
1409 941 1691 1013 προσηλοῖ.
1720 942 1828 996 Καὶ
1856 942 1952 996 άν-

367 1019 588 1090 θρώπου
614 1020 717 1089 μὲν
738 1021 969 1085 οὐδενὸς,
992 1022 1115 1075 οὐτε
1144 1025 1441 1079 ἀποστόλου
1461 1024 1587 1079 οὗτε
1607 1026 1949 1089 διδασκάλου,

367 1105 613 1175 συνεχῶς
649 1105 708 1159 δέ
737 1105 902 1160 αὐτοῦ
936 1106 1029 1159 τοῦ
1063 1107 1399 1181 ποθουμένου
1439 1112 1730 1183 μέμνηται,
1782 1112 1952 1166 καθά-

363 1204 471 1260 περ
491 1189 606 1241 ἀπὺ
637 1189 809 1259 μέθης
832 1189 977 1254 τινὸς
1006 1191 1132 1253 τοὺς
1158 1193 1613 1265 καρηϐαροῦντας
1638 1196 1951 1264 ἀνενεγκεῖν

370 1272 829 1343 παρασκευάζων.
847 1273 1095 1343 Οὐδαμοῦ
1109 1275 1215 1346 γὰρ
1242 1278 1297 1328 ἐν
1322 1277 1486 1349 ἐτέρᾳ
1499 1277 1786 1350 Ἐπιστολῇ
1808 1276 1951 1333 οὕτω

371 1356 613 1427 συνεχῶς
668 1359 845 1410 κεῖται
905 1356 965 1409 τὸ
1019 1357 1188 1428 δνομα
1242 1359 1336 1413 τοῦ
1388 1361 1661 1433 Χριστοῦ·
1718 1362 1950 1416 ἐνταῦθα

364 1441 557 1512 μέντοι
601 1443 661 1494 ἐν
702 1441 901 1509 ὀλίγοις
949 1444 1151 1512 στίχοις
1184 1442 1464 1510 πολλάκις,
1499 1446 1594 1499 καὶ
1628 1445 1716 1498 διὰ
1760 1444 1948 1500 τούτου

365 1524 559 1594 σχεδὸν
584 1525 648 1577 τὸ
677 1526 789 1579 πᾶν
827 1525 1040 1594 ὑφαίνει
1070 1526 1371 1596 προοίμιον.
1403 1527 1603 1581 Σκόπει
1631 1527 1686 1580 δὲ
1719 1527 1944 1581 ἀνωθεν·

366 1607 633 1674 Παῦλος.
704 1610 934 1675 κλητὸς
994 1609 1338 1677 ἀπόστολος
1404 1611 1607 1678 Ἰησοῦ
1668 1611 1943 1679 Χριστοῦ.

362 1688 765 1759 ἡγιασμένοις
804 1691 875 1743 ἐν
915 1690 1149 1758 Χριστῷ
1193 1690 1421 1759 Ἰησοῦ,
1460 1695 1583 1759 τοῖς
1623 1694 1945 1747 ἐπικαλου-

360 1773 573 1842 μένοις
608 1774 675 1827 τὸ
707 1772 895 1842 ὄνομα
929 1774 1037 1828 τοῦ
1086 1776 1308 1843 Κυρίου
1351 1776 1521 1846 ἡμῶν
1560 1778 1765 1845 Ἰησοῦ
1810 1780 1945 1845 Χρι-

362 1856 520 1909 στοῦ
544 1869 558 1882 ·
602 1854 777 1925 χάρις
819 1856 963 1925 ὑμῖν
992 1856 1091 1911 καί
1120 1857 1330 1927 εἰρήνη
1378 1859 1497 1915 ἀπὸ
1541 1861 1688 1914 Θεοῦ
1718 1861 1948 1929 Πατρὸς

363 1939 466 1993 καὶ
499 1941 721 2006 Κυρίου
762 1939 967 2006 Ἰησοῦ
995 1942 1275 2009 Χριστοῦ.
1314 1944 1662 2012 Εὐχάριστῶ
1694 1945 1774 2011 τῷ
1824 1943 1946 2011 Θεῷ

359 2041 487 2092 μου
517 2024 615 2077 ἐπὶ
666 2023 741 2092 τῇ
789 2023 986 2093 χάριτι
1035 2024 1109 2093 τῇ
1136 2026 1382 2098 δοθείσῃ
1429 2028 1571 2099 ὑμῖν
1607 2030 1674 2082 ὲν
1715 2028 1945 2098 Χριστῷ

382 2107 632 2174 Ἰησοῦ·
685 2108 874 2174 καθὼς
925 2109 991 2162 τὸ
1019 2109 1133 2182 [11]
1169 2112 1496 2181 μαρτύριον
1537 2114 1644 2167 τοῦ
1687 2112 1943 2181 Χριστοῦ

381 2190 693 2259 ἐϐεόαιὼθη
728 2193 794 2245 ἐν
822 2191 963 2260 ὑμῖν
980 2208 996 2223 ο
1024 2193 1546 2262 ἀπεκδεχομένους
1572 2195 1687 2264 τὴν
1718 2194 1944 2251 ἀποκά-

382 2277 586 2342 λυψιν
616 2275 717 2329 τοῦ
745 2277 953 2343 Kvplov
990 2276 1154 2346 ἡμῶν
1194 2277 1390 2346 Ἰησοῦ
1422 2279 1679 2345 Χριστοῦ
1698 2296 1714 2311 σ
1751 2279 1819 2346 ὃς
1846 2278 1944 2332 καὶ

361 2356 694 2420 ,ϐεϐαιώσει
744 2356 890 2428 ὑμᾶς
937 2359 1347 2428 ἀνεγκλήτους
1393 2361 1464 2416 ἐν
1498 2360 1573 2429 τῇ
1610 2362 1798 2430 ἡμέρᾳ
1837 2360 1946 2415 τοῦ

363 2441 595 2508 Κιιρίου
627 2438 789 2509 ήμῶν
828 2442 1026 2510 Ἰησοῦ
1052 2444 1327 2511 Χριστοῦ.
1361 2446 1583 2513 Πιστὸς
1618 2449 1650 2500 ό
1680 2444 1843 2511 Θεὸς.
1869 2445 1944 2498 δι’

362 2519 437 2578 οὗ
472 2523 771 2591 ἐκλήθητε
793 2528 881 2590 είς
903 2527 1219 2579 κοινωνίαν
1238 2526 1345 2581 τοῦ
1368 2528 1505 2582 Υίοῦ
1529 2527 1714 2582 αὑτοῦ
1750 2529 1944 2594 Ἰησοῦ

362 2606 627 2672 Χριστοῦ
666 2606 776 2660 τοῦ
821 2608 1039 2675 Κιτρίου
1092 2608 1292 2677 ἡμῶν⁸
1327 2610 1654 2679 παρακαλῶ
1678 2609 1747 2663 δὲ
1792 2611 1946 2680 ὑμᾶς

356 2686 469 2741 διὰ
501 2689 606 2742 τοῦ
634 2690 919 2759 ὀνόματος
958 2690 1064 2746 τοῦ
1112 2693 1333 2760 Κυρίου
1364 2692 1534 2762 ἡμῶν
1578 2695 1783 2763 Ἰησοῦ
1815 2697 1946 2765 Χρι-

362 2772 543 2825 στοῦ.
602 2774 760 2844 Ὁρᾷς
787 2774 889 2845 τὴν
938 2773 1219 2845 συνέχειαν
1257 2776 1351 2830 τοῦ
1394 2778 1657 2848 ὀνόματος
1687 2778 1782 2831 τοῦ
1809 2779 1944 2851 Χρι-

362 2856 528 2922 στοῦ;
564 2857 726 2910 Ὅθεν
762 2857 922 2928 δῆλον
951 2858 1045 2911 καὶ
1071 2862 1179 2922 τοῖς
1216 2860 1420 2933 σφόδρα
1440 2862 1703 2933 ἀνοήτοις,
1733 2863 1814 2916 ὅτι
1844 2863 1944 2917 οὐκ

356 2939 486 3009 εἰκῆ
517 2940 640 2993 οὐδέ
672 2939 859 3004 ἁπλῶς
886 2941 1045 2994 τοῦτο
1065 2945 1227 3002 ποιεῖ,
1253 2942 1390 2997 ἀλλὰ
1420 2947 1485 3015 τῇ
1518 2944 1815 3017 πυκνότητι
1844 2946 1943 3015 τῆς

360 3024 539 3094 καλῆς
597 3024 805 3095 ταύτης
861 3025 1228 3097 προσηγορίας
1279 3028 1379 3097 τὴν
1427 3027 1735 3101 φλεγμονὴν
1766 3029 1944 3083 αὐτῶν

358 3108 682 3173 ἁπαντλῶν,
710 3108 802 3162 καὶ
828 3109 928 3178 τὴν
952 3110 1217 3180 σηπεδόνα
1245 3110 1338 3163 τοῦ
1360 3112 1664 3182 νοσήματος
1687 3112 1943 3166 ἐκκαθαί-

358 3209 499 3261 ρων.
552 3193 776 3258 Πιστός
809 3196 843 3247 ό
875 3193 1039 3260 Θεὸς,
1085 3193 1160 3247 δι’
1197 3190 1269 3249 οὗ
1298 3194 1592 3264 ἐκλήθητε
1618 3199 1706 3263 είς
1734 3214 1955 3255 κοινω-λ

356 3276 508 3328 νίαν
536 3276 640 3329 τοῦ
664 3276 797 3330 Υίοῦ
827 3276 1036 3331 αὐτοῦ.
1070 3276 1263 3340 Βαϐαὶ,
1300 3278 1465 3332 πόσον
1494 3280 1728 3335 ἐνταῦθα
1758 3276 1937 3338 εἷπενί

360 3360 541 3412 ττόσον
590 3359 811 3428 μέγεθος
841 3354 1055 3430 δωρεᾶς
1084 3360 1374 3433 ἐνέφηνενί
1409 3363 1501 3428 Εἰς
1536 3367 1821 3419 κοινωνίαν
1845 3366 1939 3420 τοῦ

360 3442 710 3511 Μονογενοῦς
734 3444 1019 3515 ἐκλήθητε,
1055 3445 1150 3497 καὶ
1177 3446 1483 3517 ἀνθρώποις
1520 3446 1943 3520 ἐαυτοῦς’προσ-

278 3572 288 3580 .
352 3527 608 3597 νέμετες
642 3526 694 3579 τί
728 3527 930 3598 ταύτης
961 3529 1060 3597 τῆς
1093 3529 1405 3598 ἀθλιότητος
1429 3533 1648 3603 χεῖρον;
1684 3534 1796 3586 Καὶ
1825 3533 1942 3598 πῶς

356 3609 667 3680 ἐκλήθητες
718 3611 818 3664 Διά
858 3610 951 3663 τοῦ
978 3611 1212 3682 Πατρός.
1266 3613 1484 3685 Ἐπειδὴ
1532 3615 1642 3685 γάρ
1679 3615 1747 3668 δι’
1777 3616 1940 3670 αὐτοῦ

354 3696 456 3747 καὶ
492 3696 552 3745 ἐν
589 3694 735 3765 αὐτῷ
783 3696 1021 3766 συνεχῶς
1056 3695 1209 3766 ἐλεγε
1244 3698 1496 3770 περὶτοῦ
1534 3699 1688 3764 Υἰοῦ,
1729 3703 1817 3756 ἵνα
1865 3705 1939 3773 μὴ

353 3777 683 3846 νομίσωσιν,
710 3779 792 3832 ὅτι
827 3779 902 3843 ὡς
947 3780 1228 3843 ἐλάττονος
1271 3778 1434 3835 αὐτοῦ
1477 3782 1618 3837 οὕτω
1649 3786 1937 3856 μέμνηται,

354 3859 723 3931 προσένειμεν
757 3863 889 3916 αὐτὸ
927 3861 1004 3932 τῷ
1053 3863 1245 3933 Πατρί.
1283 3865 1357 3917 Οὐ
1390 3868 1494 3937 γὰρ
1530 3867 1618 3920 διὰ
1666 3868 1816 3921 τοῦδε
1847 3869 1941 3922 καὶ

351 3943 546 4009 τοῦδε,
576 3945 765 4016 φησὶν,
794 3944 934 3999 ἀλλὰ
958 3945 1046 3998 διὰ
1074 3946 1169 3998 τοῦ
1201 3947 1413 4018 Πατρὺς
1441 3949 1729 4023 ἐκλήθητε,
1752 3952 1819 4006 δι’
1838 3953 1939 4006 αὐ-

353 4028 453 4081 τοῦ
502 4028 598 4082 καὶ
638 4028 1054 4098 ἐπλουτίσθητε.
1090 4030 1258 4084 Πάλιν
1291 4032 1577 4104 ἐκλήθητε,
1634 4036 1733 4089 οὐκ
1785 4037 1939 4091 αὐτοὶ

356 4111 723 4181 προσήλθετε.
768 4111 834 4162 Τί
876 4110 932 4164 δέ
965 4112 1131 4180 ἐστιν,
1156 4113 1263 4181 Εἰς
1300 4118 1617 4171 κοινωνίαν
1654 4119 1760 4172 τοῦ
1802 4120 1939 4174 Υίοῦ

353 4194 580 4255 αὐτοῦς
611 4196 883 4253 ’Ἄκουσον
912 4196 1071 4248 αὑτοῦ
1101 4196 1259 4251 τοῦτο
1286 4199 1418 4252 αὑτὸ
1457 4200 1787 4273 σαφέστερον
1824 4204 1938 4256 ἐτέ-

354 4279 493 4349 ρωθι
518 4279 795 4348 λέγοντοςο
817 4282 887 4333 El
913 4281 1306 4352 ὑπομένομεν,
1331 4283 1429 4337 καί
1455 4287 1938 4354 συμϐασιλεύσο-

345 4380 497 4430 μεν’
523 4365 583 4417 εὶ
609 4364 1222 4436 συναποθνήσκομεν,
1265 4367 1363 4422 καὶ
1392 4369 1757 4440 συζήσομεν.
1780 4367 1932 4434 Εἶτα,

352 4446 547 4517 ἐπειδὴ
601 4447 745 4517 μέγα
777 4448 988 4519 εἴρηκε,
1028 4449 1333 4522 προσέθηκε
1374 4453 1469 4505 καὶ
1501 4453 1758 4523 λογισμὸν
1798 4456 1936 4527 πλη-

358 4529 623 4599 ροφορίαν
664 4530 856 4600 ἔχοντα
885 4532 1301 4605 ἀναντίρρητον·
1332 4535 1553 4603 Πιστὸς
1578 4537 1708 4609 γὰρ,
1747 4542 1932 4610 φησὶν,

354 4616 387 4664 ό
418 4615 602 4679 Θεός·
633 4613 908 4667 τουτέστιν
961 4615 1186 4688 ἀληθής.
1219 4617 1281 4670 Εί
1337 4617 1393 4671 δέ
1431 4619 1655 4693 ἀληθής,
1689 4621 1727 4676 ἃ.
1758 4627 1933 4695 ἐπηγ·

358 4697 578 4764 γείλατο
605 4697 699 4751 καὶ
725 4700 973 4769 ποιήσει·
1002 4701 1368 4770 ἐπηγγείλατο
1393 4702 1451 4755 δὲ
1477 4705 1761 4769 κοινωνοὺς
1787 4709 1934 4779 ἡμᾶς

351 4783 607 4854 ποιήσειν
652 4781 747 4834 τοῦ
798 4783 1119 4853 μονογενοῦς
1151 4784 1278 4838 Υίοῦ
1300 4799 1316 4814 ·
1366 4787 1460 4839 ἐπὶ
1505 4787 1664 4842 τοῦτο
1701 4790 1810 4860 γάρ
1841 4794 1934 4845 καὶ

356 4864 649 4919 ἐκάλεσεν·
694 4865 1083 4938 ἀμεταμέλητα
1123 4866 1230 4940 γάρ
1272 4867 1342 4922 τά
1395 4871 1709 4943 χαρίσματα
1743 4875 1933 4939 αὑτοῦ,

364 4950 456 5002 καὶ
479 4952 513 5020 ή
559 4950 754 5019 κλῆσις
783 4949 878 5004 τοῦ
927 4950 1085 5005 Θεοῦ.
1127 4951 1312 5006 Ταῦτα
1335 4952 1394 5007 δὲ
1434 4961 1813 5028 προοικονομεῖ
1838 4958 1932 5012 νῦν

376 5032 530 5114 ἐντῷ
569 5033 733 5105 λόγῳ,
775 5033 916 5088 ὥστε
960 5035 1035 5107 μὴ
1072 5038 1208 5107 μετά
1233 5039 1294 5091 τὸ
1327 5038 1560 5111 σφοδρὸν
1597 5040 1707 5095 τῶν
1735 5043 1932 5114 ἐγκλη-

379 5113 559 5201 μάτων
582 5121 658 5182 εἰς
694 5119 1004 5185 ἀπόγνωσιν
1033 5121 1232 5185 αὐτοὺς
1258 5123 1534 5194 ἐμπεσεῖν.
1570 5126 1794 5190 Πάντως
1821 5113 1931 5201 γάρ

367 5199 442 5254 τά
474 5202 614 5268 παρὰ
637 5202 730 5256 τοῦ
771 5202 908 5257 Θεοῦ
937 5204 1146 5274 ἕψεται,
1184 5204 1250 5259 ἂν
1288 5206 1362 5278 μὴ
1400 5209 1604 5280 σφόδρα
1643 5213 1803 5282 ἡμεῖς
1825 5199 1931 5283 6ch-

355 5283 693 5354 ηνιάσωμεν·
765 5288 1016 5360 καθάπερ
1073 5291 1125 5343 οί
1172 5290 1412 5347 Ἰουδαῖοι
1464 5294 1787 5366 καλούμενοι
1830 5300 1931 5353 οὐκ

349 5366 549 5439 ἤθελον
570 5369 827 5436 δέξασθαι
851 5371 922 5425 τὰ
953 5372 1153 5441 ἀγαθά.

413 5475 464 5527 Τ
463 5474 592 5530 οῦτο
615 5477 673 5530 δὲ
693 5478 880 5532 οὐκέτι
904 5479 997 5533 τοῦ
1018 5480 1305 5545 καλοῦντος
1322 5478 1410 5554 ἦν,
1433 5484 1568 5540 ἀλλά
1588 5486 1686 5557 τῆς
1706 5486 1927 5541 ἐκείνων

338 5560 766 5630 ἀγνωμοσύνης.
792 5563 963 5625 Αὐτὸς
991 5565 1088 5634 μὲν
1108 5565 1215 5637 γάρ
1236 5566 1485 5622 ἐϐούλετο
1502 5570 1704 5633 δοῦναι,
1729 5574 1926 5626 ἐκεῖνοι

331 5645 419 5705 δὲ,
439 5644 519 5715 μὴ
541 5644 865 5719 θελήσαντες
880 5648 1081 5712 λαϐεῖν,
1104 5652 1327 5716 ἑαυτοὺς
1344 5653 1614 5719 ἐξέϐαλον.
1629 5656 1689 5708 El
1708 5658 1927 5728 μὲνγὰρ

333 5731 425 5790 εἰς
455 5729 713 5782 ἐπίπονον
741 5733 834 5783 καὶ
861 5733 1153 5802 ἐπίμοχθον
1174 5737 1354 5790 ἐκάλει
1384 5740 1636 5809 πρᾶγμα,
1666 5741 1764 5793 οὐκ
1784 5736 1925 5813 ἦσαν

334 5814 449 5882 μὲν
477 5812 602 5865 οὐδὲ
622 5813 765 5866 οὕτω
795 5815 1122 5887 συγγνώμης
1144 5819 1280 5885 ἄξιοι
1310 5822 1752 5894 παραιτούμενοι,
1784 5812 1922 5894 πλὴν

323 5896 458 5951 ἀλλ’
492 5892 638 5967 εἶχον
670 5900 803 5953 αὐτὸ
824 5900 981 5955 τοῦτο
999 5902 1174 5972 λέγειν
1193 5919 1207 5933 ο
1234 5905 1295 5959 Εἰ
1315 5907 1371 5960 δὲ
1392 5892 1495 5961 ἐπὶ
1516 5892 1798 5980 καθαρμὸν
1827 5892 1917 5963 καὶ

1326 272 1331 279 -
1447 238 1516 296 ΙΝ
1553 234 1775 299 EPIST.
1819 244 1835 299 Ι
1878 245 1971 300 ΑΙ)
2006 246 2165 304 (2011.
2193 250 2429 311 1101111..
2472 257 2536 313 11.

3550 272 3623 328 20

2053 362 2405 456 δικαιοσύνην
2425 372 2520 427 καὶ
2545 372 2819 445 άγιασμὸν
2844 378 2938 431 καὶ
2956 377 3331 450 ἀπολύτρωσιν
3351 383 3444 435 καὶ
3461 385 3622 456 χάριν

2055 449 2191 532 καίει
2245 451 2473 523 δωρεὰν,
2527 458 2621 510 καὶ
2661 457 2731 512 τά
2781 449 3273 532 παρεσκευασμένα
3321 449 3548 532 ἀγαθά(
3586 468 3624 521 ἃ

2055 531 2332 617 ὀφθαλμὸς
2377 539 2476 592 οὐκ
2508 534 2638 601 εἶδε.
2685 542 2778 596 καὶ
2804 539 2895 606 οῦς
2923 545 3023 597 οὑκ
3051 531 3270 617 ήκουσε,
3317 531 3413 602 καὶ
3440 548 3571 614 Θεὸς
3594 551 3625 604 6

2055 616 2257 675 καλῶν.
2291 621 2384 674 καὶ
2415 621 2480 675 δι’
2504 623 2698 677 ἐαυτοῦ
2726 625 2925 689 καλῶν,
2958 628 3117 691 ποίας
3148 628 3215 682 ἂν
3246 625 3354 683 εἷεν
3376 632 3622 700 συγγνώ-

2056 715 2163 783 μης
2186 700 2324 783 ᾇξιοι
2359 704 2407 757 οἱ
2441 705 2515 775 μὴ
2549 708 3007 780 προστρέχοντεςς
3042 711 3132 783 Μὴ
3160 712 3341 768 τοίνυν
3366 715 3459 769 τὸν
3491 716 3625 770 Θεὸν

2052 782 2320 867 αίτιάσθω
2356 804 2459 850 τις.
2494 790 2568 842 Οὐ
2601 790 2712 862 γὰρ
2736 793 2887 864 παρὰ
2913 792 3004 847 τὸν
3033 782 3296 850 καλοῦντα
3324 797 3532 867 γίνεται
3563 799 3626 852 τὸ

2055 863 2129 950 μὴ
2168 868 2475 933 πιστεῦσαι,
2508 872 2644 927 ἀλλά
2670 863 2827 946 παρά
2862 876 2992 940 τοὺς
3031 863 3444 950 ἀποπηδῶντας.
3484 881 3624 934 Ἀλλ’

2051 946 2180 1034 ἐδει,
2206 952 2358 1021 φησὶ,
2395 954 2490 1007 καὶ
2526 955 2761 1020 ἄκοντας
2798 960 3103 1026 ἐναγαγεῖν.
3136 946 3385 1030 ’Δνπαγεο
3422 963 3482 1016 οὐ
3516 963 3625 1034 γάρ

2052 1029 2300 1101 βιάζεται
2344 1036 2465 1091 οὐδέ
2516 1040 2832 1109 ἀναγκάζει.
2894 1044 2989 1108 Τίς
3047 1045 3156 1115 γὰρ
3202 1029 3485 1116 ἐπὶίτιμὰς
3528 1029 3625 1100 καὶ

2051 1118 2349 1186 στεφάνους
2374 1122 2469 1175 καὶ
2502 1123 2735 1194 εὐωχίας
2760 1126 2853 1180 καὶ
2877 1128 3210 1198 πανηγύρεις
3236 1129 3436 1194 καλῶν,
3464 1131 3624 1185 ἄκον-

2050 1217 2149 1265 τας
2190 1202 2284 1257 καὶ
2313 1204 2630 1276 δεδεμένους
2675 1209 2853 1277 ἐλκει;
2890 1213 3002 1265 Οὐκ
3033 1213 3179 1266 ἐστιν
3215 1214 3417 1278 οὐδείς’
3464 1215 3624 1268 τοῦτο

2050 1284 2160 1357 γάρ
2194 1286 2504 1357 ὑϐρίζοντός
2549 1294 2718 1347 ἐστιν.
2758 1295 2852 1359 Et;
2884 1296 3109 1363 γέενναν
3137 1296 3366 1360 ἄκοντας
3395 1297 3620 1368 πέμπει,

2049 1371 2131 1433 είς
2150 1369 2205 1423 δὲ
2236 1370 2349 1443 [12]
2387 1372 2663 1444 βασιλείαν
2694 1377 2918 1442 ἑκόντας
2949 1378 3102 1431 καλεῖ
3121 1394 3135 1406 ⁸
3159 1380 3240 1442 εἰς
3262 1378 3323 1432 τὸ
3351 1378 3462 1450 πῦρ
3479 1379 3622 1433 δεδεο

2052 1453 2246 1523 μένους
2282 1454 2405 1523 ἄγει
2439 1458 2531 1512 καὶ
2553 1460 2907 1530 οίμώζοντας,
2943 1464 3021 1525 είς
3052 1462 3110 1516 δὲ
3137 1463 3203 1516 τὰ
3241 1464 3409 1534 μυρία
3441 1462 3624 1532 ἀγαθά

2047 1535 2146 1606 οὐχ
2176 1536 2378 1602 οὕτως·
2409 1541 2532 1595 ἐπεὶ
2558 1542 2715 1598 τοῦτο
2740 1547 2831 1599 καὶ⁵
2860 1547 2998 1599 αὑτά
3019 1545 3291 1601 διαϐάλλει
3320 1546 3391 1600 τὰ
3419 1546 3620 1616 ἀγαθά,

2050 1619 2099 1670 εἰ
2126 1620 2200 1690 μὴ
2242 1624 2465 1694 τοιαύτη
2499 1626 2678 1680 αὐτῶν
2709 1628 2855 1682 ἐστιν
2892 1630 2924 1699 ή
2951 1627 3132 1699 φύσις,
3169 1629 3244 1694 ὡς
3275 1629 3371 1684 καὶ
3401 1629 3624 1694 ἑκόντας

2051 1703 2436 1774 προσδραμεῖν,
2472 1710 2565 1761 καὶ
2594 1710 2754 1782 χάριν
2778 1712 2986 1775 εἰδότας
3013 1712 3234 1785 πολλήν.

2118 1792 2186 1853 γ’.
2209 1788 2316 1841 Καὶ
2339 1789 2500 1843 πόθεν
2519 1793 2581 1846 οὐ
2592 1796 2794 1859 πάντες
2809 1795 2947 1849 αὐτὰ
2962 1795 3263 1869 αἱροῦνται,
3284 1796 3444 1867 φησίς
3464 1794 3623 1867 Παρὰ

2048 1865 2145 1937 τὴν
2187 1871 2395 1925 οίκείαν
2426 1873 2727 1931 ἀσθένειαν.
2774 1880 2881 1931 Καὶ
2913 1865 3053 1943 τίνος
3099 1865 3497 1933 ἐνεκεναὺτῶν
3522 1865 3624 1933 οὐκ

2049 1952 2307 2008 ἐκκόπτει
2336 1957 2434 2026 τὴν
2459 1959 2778 2027 ἀσθένειαν;
2806 1962 2916 2016 Καὶ
2944 1964 3082 2028 πῶς,
3111 1964 3232 2017 εἰπέ
3257 1981 3367 2034 μοι,
3394 1965 3489 2017 καὶ
3516 1964 3622 2017 τίνι

2048 2035 2234 2108 τρόπῳ
2273 2040 2502 2110 ἐκκόψαι
2538 2044 2753 2114 ’ἐχρῆνς
2787 2045 2910 2115 οὐχὶ
2937 2046 3114 2099 κτίσιν
3156 2047 3450 2118 εἰργάσατο
3478 2046 3623 2101 διδά·

2050 2135 2286 2175 σκουσαν
2314 2124 2479 2178 αὐτοῦ
2520 2127 2618 2198 τὴν
2654 2127 3060 2199 φιλανθρωπίαν
3091 2130 3187 2183 καὶ
3214 2130 3313 2200 τὴν
3356 2130 3618 2200 δύναμιν;

2051 2205 2116 2257 Ol
2165 2209 2408 2273 οὐρανοί
2462 2209 2591 2280 γὰρ,
2631 2213 2786 2281 φησὶ,
2830 2211 3174 2282 διηγοῦνται
3218 2213 3407 2278 δόξαν
3447 2212 3617 2267 Θεοῦ.

2007 2318 2023 2340 ι
2048 2285 2180 2357 Οὐχὶ
2209 2289 2304 2341 καὶ
2341 2292 2627 2362 προφήτας
2659 2294 2923 2365 ἐπεμψεν;
2972 2296 3092 2366 οὐχὶ
3136 2297 3231 2350 καὶ
3267 2297 3493 2350 ἐκάλεσε
3527 2298 3620 2350 καὶ

2046 2371 2337 2442 ἐτίμησεν;
2377 2374 2496 2446 οὐχὶ
2531 2376 3082 2451 ἐθαυματούργησενς
3120 2383 3180 2435 οὐ
3236 2382 3400 2452 νόμον
3450 2382 3619 2435 ἔδωκε

2046 2455 2142 2508 καὶ
2176 2458 2420 2527 γραπτὸν
2451 2461 2544 2513 καὶ
2587 2462 2848 2529 φυσικόν;
2879 2465 2940 2516 οὐ
2972 2464 3063 2517 τὸν
3094 2464 3220 2518 Υίὸν
3265 2465 3617 2527 ἀπέστειλεν;

2045 2540 2144 2593 οὐκ
2172 2541 2500 2609 ἀποστόλους
2532 2544 2808 2616 ἐπεμψενς
2841 2548 2899 2601 οὐ
2953 2552 3155 2620 σημεῖα
3197 2551 3521 2620 εἰργάσατο;
3556 2550 3618 2602 οὐ

2043 2624 2267 2691 γέενναν
2314 2629 2644 2699 ἡπείλησεν;
2695 2632 2756 2684 οὐ
2808 2632 3084 2702 βασιλείαν
3106 2635 3506 2705 ἐπηγγείλατο;
3556 2636 3617 2689 οὑ

2044 2708 2165 2762 καθ’
2218 2712 2455 2784 ἐκάστην
2494 2713 2710 2785 ἡμέραν
2749 2716 3028 2770 ἀνατέλλει
3087 2718 3179 2771 τὸν
3219 2718 3369 2789 ἥλιον
3415 2718 3616 2782 αὐτοῦ;

2043 2794 2162 2864 οὐχὶ
2213 2793 2357 2866 ειπερ
2403 2796 2689 2861 ἐπέταξεν,
2743 2798 2914 2863 οὔτως
2953 2799 3152 2855 εὑκολα
3201 2806 3295 2855 καὶ
3336 2803 3512 2875 ῥᾴδια,
3543 2802 3618 2864 ὡς

2044 2876 2272 2941 πολλοὺς
2300 2879 2649 2950 ὑπερϐαίνειν
2678 2882 2841 2935 αὐτοῦ
2873 2885 2939 2936 τὰ
2968 2886 3369 2956 προστάγματα
3418 2889 3482 2958 τῇ
3522 2902 3618 2939 πε-

2048 2962 2259 3035 ριουσίᾳ
2290 2964 2387 3035 τῆς
2417 2964 2764 3035 φιλοσοφίας;
2802 2970 2862 3021 Τί
2892 2967 3013 3022 ἔδει
3052 2968 3302 3038 ποιῆσαι
3327 2969 3408 3036 τῷ
3430 2966 3618 3041 ἀμπε-

2041 3044 2212 3108 λῶνι,
2252 3048 2353 3102 καί
2405 3050 2516 3102 οὐκ
2562 3048 2858 3116 ἐποίησα;
2886 3052 2997 3105 Καὶ
3040 3050 3130 3105 διὰ
3162 3053 3215 3105 τί
3252 3054 3326 3126 μὴ
3364 3055 3617 3123 ἐποίησεν

2041 3131 2173 3200 ἡμῖν
2195 3131 2428 3204 φυσικὴν
2452 3134 2552 3204 τὴν
2573 3135 2791 3201 γνῶσιν,
2826 3136 2977 3205 φησι,
3007 3136 3101 3189 καὶ
3125 3136 3225 3205 τὴν
3258 3138 3495 3209 ἀρετήν;
3522 3138 3616 3201 Τίς

2042 3213 2218 3268 ταῦτά
2253 3231 2453 3285 φησιν;
2487 3218 2516 3270 6
2539 3218 2739 3289 Ἕλλην
2768 3218 2800 3288 ἢ
2832 3221 2860 3272 ὀ
2890 3220 3241 3289 Χριστιανόςς
3295 3221 3615 3292 Ἀμφότεροι

2046 3298 2167 3369 μὲν,
2198 3298 2313 3351 ἀλλ’
2339 3300 2437 3370 οὐχ
2475 3300 2614 3372 ὑπὲρ
2639 3301 2747 3354 τῶν
2773 3301 2952 3355 αὐτῶν
2972 3317 2985 3331 °
3016 3302 3145 3363 ἀλλ’,
3164 3306 3193 3356 6
3226 3302 3326 3374 μὲν
3356 3304 3495 3375 ὑπὲρ
3517 3304 3614 3376 τῆς

2043 3380 2315 3450 γνώσεως,
2364 3384 2394 3436 6
2442 3383 2498 3437 δὲ
2534 3385 2672 3457 ὑπὲρ
2723 3384 2818 3438 τοῦ
2882 3384 2995 3454 βίου
3053 3387 3366 3456 φιλονεικεῖ.
3408 3387 3616 3443 Οὐκοῦν

2043 3465 2260 3536 πρῶτον
2318 3466 2456 3538 πρὸς
2499 3466 2592 3520 τὸν
2640 3467 2908 3540 ⁴ήμέτερον
2955 3467 3222 3539 ἐροῦμεν*
3265 3471 3326 3524 οὐ
3358 3471 3617 3524 τοσοῦτον

2041 3550 2151 3621 γάρ
2177 3549 2266 3619 μοί
2290 3551 2436 3604 ἐστιν
2455 3549 2565 3603 τῶν
2585 3549 2689 3615 ἐξω
2708 3549 2888 3619 λόγος,
2912 3551 3035 3605 ὅσον
3057 3552 3164 3605 τῶν
3180 3553 3397 3607 οἰκείων
3418 3554 3614 3625 μελῶν.

2041 3634 2106 3685 Τί
2152 3629 2245 3687 οῦν
2288 3651 2452 3704 φησιν
2489 3637 2517 3688 6
2548 3636 2907 3707 Χριστιανὸς;
2941 3636 3120 3709 Αὐτὴν
3151 3637 3259 3691 ἔδει
3286 3639 3383 3709 τὴν
3415 3638 3618 3706 γνῶσιν

2040 3717 2169 3788 ἡμῖν
2199 3716 2431 3771 ἐνθεῖναι
2460 3718 2558 3788 τῆς
2586 3719 2806 3788 ἀρετῆς.
2855 3718 3109 3790 Ἐνέθηκε
3139 3722 3238 3791 μὲν
3268 3716 3359 3775 οὖν
3378 3738 3393 3753 ·
3428 3724 3476 3775 εί
3506 3722 3617 3792 γὰρ

2042 3801 2118 3872 μὴ
2161 3802 2416 3873 ἐνέθηκε,
2451 3803 2614 3856 πόθεν
2648 3803 2871 3874 ᾔδειμεν
2915 3804 2985 3857 τὰ
3017 3806 3266 3876 πρακτέα
3313 3806 3503 3861 καὶτὰ
3539 3807 3615 3879 μὴ

2039 3885 2320 3956 πρακτέας
2355 3885 2518 3940 πόθεν
2559 3888 2608 3940 οί
2658 3888 2815 3957 νόμοι
2849 3888 2946 3941 καὶ
2972 3888 3040 3941 τά
3067 3888 3419 3961 δικαστήριας
3475 3888 3615 3943 Ἀλλ’

2038 3969 2099 4021 οὐ
2145 3970 2244 4040 τὴν
2299 3969 2521 4038 γνῶσιν,
2571 3970 2709 4025 ἀλλὰ
2736 3971 2838 4043 τὴν
2880 3971 3077 4042 πρᾶξιν
3108 3974 3301 4044 αὐτήν.
3335 3972 3443 4027 Καὶ
3472 3973 3615 4039 τίνος

2038 4050 2261 4122 ἔμελλες
2310 4052 2606 4124 λαμϐάνειν
2653 4054 2745 4107 τὸν
2801 4055 3009 4124 μισθὸν,
3052 4057 3101 4109 εί
3144 4056 3205 4110 τὸ
3239 4058 3347 4111 πᾶν
3391 4056 3613 4125 ἔμελλεν

2038 4135 2255 4190 ἔσεσθαι
2281 4136 2376 4190 τοῦ
2398 4137 2572 4201 Θεοῦ;
2602 4137 2735 4191 Εἰπὲ
2760 4138 2868 4206 γάρ
2894 4155 3004 4207 μοι,
3037 4139 3097 4190 σὲ
3129 4139 3222 4190 καὶ
3250 4139 3341 4191 τὸν
3376 4138 3614 4209 Ἕλληνα

2040 4221 2448 4291 ἁμαρτάνοντας
2498 4221 2698 4291 ὁμοίως
2743 4224 2772 4276 6
2817 4223 2947 4286 Θεὸς
2996 4221 3247 4287 κολάζει;
3304 4222 3569 4294 Οὐδαμῶς
3591 4238 3607 4253 ⁸

2038 4302 2181 4375 ἔχεις
2206 4304 2314 4374 γάρ
2341 4303 2479 4368 τέως
2506 4305 2604 4375 τὴν
2634 4304 2741 4358 ἀπὸ
2766 4306 2865 4369 τῆς
2891 4303 3141 4373 γνώσεως
3173 4305 3504 4377 παρρησίαν.
3543 4306 3613 4359 Τί

2037 4384 2148 4453 οῦν,
2179 4388 2233 4441 εῐ
2252 4405 2335 4451 τις
2363 4387 2473 4458 ἄρα
2505 4384 2624 4441 εἷπε
2667 4388 2781 4453 νῦν,
2810 4389 2890 4442 ὅτι
2938 4387 3077 4458 ὑπὲρ
3107 4389 3206 4459 τῆς
3233 4387 3485 4457 γνώσεως
3517 4389 3608 4443 καὶ

2039 4473 2104 4525 σὺ
2135 4472 2228 4525 καὶ
2253 4474 2281 4526 6
2311 4471 2507 4543 Ἕλλην
2536 4470 2643 4526 τῶν
2669 4470 2848 4527 αὐτῶν
2873 4470 3259 4542 ἀξιωθήσεσθε,
3285 4468 3394 4544 ἆρα
3422 4474 3520 4527 οὐκ
3540 4472 3613 4527 ἂν

2037 4555 2429 4628 ἐδυσχέραναςς
2469 4557 2685 4625 Ἔγωγε
2716 4550 2869 4626 οἶμαι
2889 4571 2903 4584 ⁸
2925 4550 3074 4619 εἶπες
3106 4555 3216 4626 γὰρ
3245 4556 3332 4620 ἂν,
3365 4556 3445 4610 ὅτι
3467 4556 3606 4629 ἔχων

2034 4639 2215 4710 εὑρεῖν
2260 4638 2470 4693 οἴκοθεν
2500 4641 2530 4692 6
2557 4637 2755 4708 Ἕλλην
2796 4638 2892 4709 τὴν
2935 4636 3157 4705 γνῶσιν,
3197 4640 3298 4693 οὑκ
3321 4639 3603 4710 ἠθέλησεν.

2039 4723 2135 4776 Ἂν
2165 4719 2257 4777 οὖν
2282 4723 2375 4776 καὶ
2396 4724 2601 4786 ἐκεῖνος
2623 4723 2779 4794 λέγῃ,
2810 4723 2893 4776 ὅτι
2919 4721 3066 4775 Ἔδει
3093 4721 3184 4776 τὸν
3213 4722 3344 4776 Θεὸν
3373 4724 3608 4778 ἐνθεῖνα.

2032 4809 2130 4878 τὴν
2178 4807 2378 4876 γνῶσιν
2422 4808 2553 4878 ἡμῖν
2600 4806 2866 4875 φυσικῶς,
2915 4807 3037 4876 οὐχὶ
3087 4807 3455 4881 καταγελάσῃ,
3511 4810 3607 4862 καὶ

2034 4891 2170 4964 πρὸς
2214 4891 2373 4945 αὐτὸν
2412 4893 2575 4962 ἐρεῖς,
2606 4890 2705 4943 Διά
2738 4890 2788 4943 τί
2839 4889 2947 4960 γάρ
2983 4889 3061 4960 μὴ
3094 4890 3393 4961 ἐζήτησαςς
3433 4891 3521 4944 διὰ
3549 4891 3605 4945 τί

2035 4977 2110 5049 μὴ
2156 4976 2516 5040 ἐσπούδασας,
2570 4972 2820 5042 καθάπερ
2877 4972 3022 5040 ἐγώ;
3076 4974 3170 5026 καὶ⁹
3231 4974 3369 5043 μετὰ
3400 4974 3605 5045 πολλῆς

2034 5061 2207 5132 στήσῃ
2232 5060 2331 5130 τῆς
2352 5057 2685 5130 παρρησίας,
2730 5059 2824 5110 καὶ
2853 5058 3017 5128 ἐρεῖς,
3042 5056 3124 5110 ὅτι
3151 5057 3335 5121 ἀνοίας
3368 5059 3604 5129 ἐσχάτης

2028 5139 2097 5216 ἦν
2125 5144 2186 5198 τὸ
2216 5142 2467 5213 ἐγκαλεῖν
2496 5139 2575 5211 τῷ
2602 5139 2740 5208 Θεῷ,
2769 5142 2851 5193 ὅτι
2881 5140 2955 5211 μὴ
2978 5143 3044 5212 τῇ
3080 5140 3239 5209 φύσει
3268 5142 3368 5213 τὴν
3399 5142 3602 5210 γνῶσιν

2031 5227 2288 5298 ἐνέθηκε;
2330 5224 2509 5279 Ταῦτα
2536 5224 2593 5279 δέ
2626 5226 2792 5296 ἐρεῖς,
2823 5223 3008 5294 ἐπειδή
3040 5243 3123 5278 σοι
3144 5223 3504 5297 κατώρθωται
3530 5224 3603 5278 τά

2028 5312 2129 5382 τῆς
2167 5310 2446 5380 γνώσεωςο
2480 5310 2622 5364 οὕτω
2661 5309 2852 5364 καὶτὰ
2876 5307 2969 5361 τοῦ
2998 5308 3112 5378 βίου
3158 5312 3207 5361 εἰ
3248 5306 3602 5379 κατώρθωτο,

2029 5397 2130 5451 οὐκ
2158 5396 2224 5451 ἂν
2243 5395 2415 5450 ταῦτα
2441 5396 2731 5466 ἐζήτησας,
2752 5393 2865 5447 ἀλλ’
2889 5392 3075 5464 ἐπειδὴ
3102 5393 3439 5463 ἀποκάμνεις
3462 5390 3600 5463 πρὸς

2027 5481 2127 5553 τὴν
2160 5480 2382 5552 ἀρετὴν,
2412 5479 2500 5534 διά
2527 5479 2686 5533 τοῦτο
2725 5480 2850 5541 τοὺς
2894 5478 3155 5548 ἀνοήτους
3207 5476 3427 5539 τούτους
3459 5492 3599 5542 προ-

2027 5564 2196 5637 ϐάλλῃ
2230 5565 2440 5633 λόγους.
2483 5562 2607 5626 Πῶς
2654 5564 2711 5617 δὲ
2758 5563 2853 5616 καὶ
2903 5561 3072 5633 ἐχρῆν
3109 5561 3333 5632 ποιῆσαι
3381 5562 3599 5633 ἀνάγκη

2024 5649 2270 5717 γίνεσθαι
2302 5648 2498 5712 καλόν;
2534 5647 2742 5702 Οὐκοῦν
2770 5646 2994 5718 ἔμελλεν
3018 5648 3150 5719 ἡμῖν
3189 5648 3261 5701 τά
3295 5647 3463 5717 ἄλογα
3509 5665 3601 5718 φι-

2024 5733 2287 5794 λονεικεῖν
2312 5732 2415 5803 τῆς
2450 5732 2672 5805 ἀρετῆς,
2704 5731 2800 5787 ἅτε
2828 5732 2986 5805 ήμῶν
3021 5730 3137 5807 [15]
3184 5734 3597 5808 σωφρονέστερα

2082 5916 2099 5939 ⁸
2126 5917 2266 5969 Alius
2293 5915 2426 5967 addit
2452 5914 2533 5963 καὶ
2566 5913 2825 5964 υἱοθεσίαν.

1963 6000 2035 6035 ι..-
