4090 6218
455 278 518 334 ιιι
1236 273 1294 331 s.
1327 270 1615 328 JOANNIS
1651 269 2144 327 cnnysosrom
2182 273 2501 331 ARCIHEP.
2544 270 3097 333 CONSTARTINOP.
3261 306 3284 326 .
3658 281 3728 335 ξε

452 394 570 449 ἔνια
612 392 759 447 ὄντα.
820 390 958 446 Ἀλλ’
1011 388 1331 461 ἐϐουλόμην.
1385 389 1572 457 φησὶν,
1627 384 1767 442 εἶναι
1822 390 2040 463 ἀνάγκῃ

453 479 637 541 καλὸς,
687 476 782 530 καὶ
821 476 1039 529 πάντων
1087 472 1508 541 ἀποστερεῖσθαι
1554 471 1665 525 τῶν
1727 472 1957 544 μισθῶν,
2005 474 2038 541 ἢ

455 561 772 633 προαιρέσει
799 560 1021 629 φαῦλος,
1051 560 1144 612 καὶ
1174 556 1499 621 κολάζεσθαι
1538 557 1630 611 1:61
1653 557 2037 628 τιμωρεῖσθαι.

467 648 607 701 Ἀλλ’
635 647 736 700 οὐκ
757 644 903 697 ἐστιν
930 644 1143 712 ἀνάγκη
1178 641 1307 694 ποτὲ
1336 641 1498 694 καλὸν
1526 635 1687 696 εἶναι.
1719 642 1783 694 Εί
1818 642 1919 711 μέν
1945 638 2041 695 οῦν

456 733 666 801 ἀγνοεις
694 732 757 783 :6
797 727 1092 800 πρακτέον,
1124 725 1314 789 δεῖξον,
1360 726 1454 779 1:61
1485 726 1608 780 :6::-:
1634 725 1866 798 ἐροῦμεν
1900 727 2041 797 ὅπερ

457 816 633 869 εἰπεῖν
656 815 770 867 δεῖ·
802 814 850 865 εί
871 812 929 864 δὲ
958 806 1103 873 οἶδας
1135 809 1380 880 πονηρὰν
1414 810 1514 882 τὴν
1541 810 1830 879 ἀσέλγειαν
1847 806 2036 874 οῦσαν,

457 899 601 962 τίνος
647 898 833 950 ἕνεκεν
861 896 923 947 οὐ
974 893 1197 962 φεύγεις
1239 894 1301 945 :6
1335 892 1603 966 πονηρόν;
1647 895 1723 948 Οὐ
1770 894 2041 965 δύναμαι,

459 980 640 1051 φησιν.
685 978 824 1031 Ἀλλ’
845 977 1020 1049 ἐτεροι
1047 978 1093 1031 οί
1121 976 1189 1029 τά
1218 974 1390 1047 μείζω
1426 977 1873 1048 κατορθώσαντες
1910 996 2045 1033 κατ-

458 1063 790 1136 ηγορήσουσί
810 1080 926 1122 σου.
956 1062 1051 1117 καὶ
1077 1061 1488 1131 ἐπιστομίσουσί
1519 1079 1579 1115 σε
1623 1063 1689 1116 ἐκ
1722 1063 2043 1133 περιουσίας

459 1147 679 1217 πολλῆς.
714 1147 785 1199 Σὺ
821 1145 919 1217 μὲν
943 1146 1051 1215 γάρ
1099 1145 1227 1207 ἴσως
1270 1145 1363 1198 καὶ
1393 1144 1533 1215 μετὰ
1558 1144 1818 1213 γυναικὸς
1868 1143 1944 1197 ὢν
1979 1145 2042 1198 οὐ

460 1235 776 1307 σωφρονεῖς,
814 1231 973 1294 ἀλλος
1024 1231 1081 1284 δέ
1127 1230 1223 1282 καὶ
1249 1228 1422 1300 χωρὶς
1471 1230 1734 1298 γυναικὸς
1787 1230 2045 1301 ἀκέραιον

457 1317 702 1387 διατηρεῖ
728 1314 827 1385 τὴν
860 1314 1101 1382 ἁγνείαν.
1133 1313 1265 1365 Τίνα
1292 1308 1384 1365 οῦν
1415 1312 1559 1383 ἔχεις
1587 1311 1888 1380 ἀπολογίαν
1905 1324 1955 1377 α,
1983 1312 2045 1365 :6

463 1400 661 1469 μέτρον
703 1400 763 1452 οὐ
792 1398 1100 1468 φυλάττων,
1135 1396 1323 1467 ἐτέρου
1356 1396 1496 1468 ὐπέρ
1518 1396 1587 1449 :6
1613 1397 1915 1468 σκάμματα
1936 1412 2046 1466 πη-

458 1483 690 1547 δῶντος;
736 1481 875 1534 Ἀλλ’
898 1481 999 1534 οὐκ
1030 1480 1145 1551 είμὶ
1175 1478 1435 1542 τοιοῦτος,
1478 1478 1632 1549 φησὶ,
1662 1478 1757 1532 τοῦ
1797 1477 2047 1549 σώματος

459 1567 558 1635 τὴν
586 1564 800 1636 φύσινῆ
843 1564 942 1636 τὴν
982 1563 1324 1634 προαίρεσιν.
1366 1562 1581 1633 Ἐπειδὴ
1615 1561 1689 1632 μὴ
1714 1560 1911 1624 θέλεις,
1945 1561 2046 1614 οὐκ

462 1650 646 1720 ἐπειδὴ
694 1648 767 1720 μὴ
796 1648 1052 1701 δύνασαιο
1085 1651 1177 1699 καὶ
1197 1646 1306 1717 γάρ
1332 1645 1582 1715 δείκνυμι
1612 1645 1821 1708 πάντας
1852 1645 2045 1713 ἐπιτη-

458 1730 617 1793 δείως
651 1732 787 1803 πρὸς
817 1730 1017 1802 ἀρετὴν
1049 1729 1294 1800 ἔχοντας.
1348 1729 1413 1782 "0
1454 1732 1565 1798 γάρ
1605 1727 1681 1799 μὴ
1713 1726 1937 1781 δύναταί
1964 1742 2048 1788 τις

459 1816 701 1886 ποιῆσαι,
738 1816 859 1869 οὐδὲ
902 1816 1147 1884 ἀνάγκης
1186 1812 1541 1883 ἐπικειμένης
1568 1812 1857 1883 δυνήσεται
1892 1810 2048 1881 ποιῆ-

461 1916 576 1952 σαι’
611 1900 660 1952 εί
686 1900 742 1953 δὲ
781 1901 1024 1965 ἀνάγκης
1055 1896 1411 1967 ἐπικειμένης
1440 1895 1663 1949 δύναται
1691 1897 1719 1948 6
1746 1893 1833 1966 μὴ
1853 1892 2045 1957 ποιῶν,

460 1983 609 2054 παρά
648 1982 964 2053 προαίρεσιν
998 1983 1056 2033 οὐ
1093 1984 1252 2034 ποιεῖ.
1291 1974 1415 2032 υἷόν
1437 1996 1489 2030 τι
1513 1978 1687 2046 λέγω·
1715 1976 2047 2045 Ἀναπτῆναι

460 2067 554 2120 καὶ
596 2067 733 2137 πρὸς
770 2067 861 2119 τὸν
907 2067 1134 2136 οὐρανὸν
1178 2063 1410 2134 ἀρθῆναι
1444 2062 1607 2133 σῶμα
1658 2060 1872 2131 έχοντα,
1906 2060 2046 2131 βαρύ

463 2151 681 2213 πάντως
713 2153 808 2204 1:61
856 2150 1138 2205 ἀδύνατον.
1168 2148 1232 2201 Τί
1253 2144 1366 2212 οῦν,
1397 2149 1444 2200 εί
1472 2144 1727 2216 βασιλεὺς
1771 2144 2047 2211 ἐπιτάξειε

460 2233 618 2287 τοῦτο
648 2233 893 2304 ποιῆσαι,
915 2234 1006 2286 1:61
1034 2223 1263 2287 θάνατον
1282 2230 1548 2303 ἠπείλησε
1575 2229 1771 2298 λέγων,
1791 2229 1874 2282 δτι
1905 2228 2046 2291 Τοὺς

466 2317 541 2389 μή
568 2318 905 2388 πετομένους
933 2317 1255 2389 ἀνθρώπους
1284 2314 1687 2386 ἀποτέμνεσθαι
1712 2312 1923 2367 κελεύω
1952 2313 2048 2365 1:61

461 2402 801 2474 καίεσθαι,ἢ
851 2401 980 2457 ἄλλο
1017 2419 1070 2454 τι
1109 2401 1339 2472 πάσχειν
1372 2400 1634 2464 τοιοῦτον,
1691 2397 1799 2471 ἆρα
1848 2398 1914 2453 ἀν
1963 2415 2049 2462 τις

462 2486 801 2557 ὐπήκονσεν;
839 2484 1133 2556 Οὐδαμῶςο
1184 2485 1245 2539 οὐ
1278 2483 1493 2555 δέχεται
1521 2484 1631 2555 γὰρ
1662 2484 1695 2555 ή
1733 2482 1915 2553 φύσις.
1950 2481 2049 2535 Ἂν

460 2569 516 2623 δὲ
568 2572 659 2625 ἐπὶ
710 2568 1065 2642 σωφροσύνης
1111 2568 1173 2623 :6
1212 2567 1345 2622 αὐτὸ
1387 2568 1545 2621 τοῦτο
1570 2569 1818 2639 γένηται,
1846 2569 1943 2621 1:61
1977 2565 2045 2638 θῇ

467 2652 844 2723 διατάγματα,
894 2651 1035 2707 ὥστε
1092 2651 1183 2705 τὸν
1247 2649 1637 2720 ἀσελγαίνοντα
1693 2648 2042 2713 κολάζεσθαι,

461 2736 732 2795 καίεσθαι,
792 2734 1174 2807 μαστίζεσθαι,
1213 2734 1384 2806 μυρία
1433 2734 1665 2805 πάσχειν
1711 2731 1883 2797 δεινά,
1938 2726 2049 2801 ἆρα

461 2820 561 2873 οὐκ
604 2820 669 2873 ἀν
709 2819 1044 2890 ἐπείσθησαν
1079 2818 1262 2872 πολλοὶ
1314 2817 1391 2889 τῷ
1441 2817 1855 2890 -προστάγματις
1887 2815 2044 2885 Οὐχὶ,

462 2903 628 2972 φησί·
676 2903 769 2955 καὶ
819 2902 926 2974 γὰρ
976 2904 1153 2956 κεῖται
1204 2903 1299 2956 1:61
1327 2901 1420 2956 νῦν
1447 2902 1612 2977 νόμος
1634 2902 1663 2954 6
1696 2898 1936 2952 κελεύων
1969 2898 2047 2969 μὴ

467 2986 761 3058 μοιχεύειν,
791 2988 885 3041 καὶ
905 2987 966 3040 οὐ
990 2986 1193 3050 πάντες
1216 2986 1514 3040 πείθονται.
1551 2985 1665 3038 Οὐκ
1688 2981 1877 3053 ἐπειδὴ
1898 2983 1927 3034 6
1954 2980 2048 3051 φό-

461 3071 558 3135 ϐος
586 3070 904 3142 ήσθένησεν,
934 3069 1050 3123 ἀλλ’
1080 3068 1265 3141 ἐπειδὴ
1309 3069 1568 3140 λήσεσθαι
1604 3066 1975 3139 προσδοκῶσιν
1999 3064 2049 3117 οί

468 3154 685 3210 πολλοί·
724 3154 800 3218 ώς
824 3156 873 3207 εί
908 3157 1090 3226 παρῆν
1124 3154 1308 3217 αὐτοῖς
1342 3152 1684 3222 ἀσελγαίνειν
1717 3148 2052 3222 μέλλουσινδ

464 3238 764 3310 νομοθέτης
802 3239 895 3293 1:61
926 3241 955 3292 6
999 3236 1259 3302 δικάζων,
1293 3236 1511 3308 ἴσχυσεν
1541 3235 1609 3290 ἀν
1636 3236 1665 3288 6
1689 3234 1853 3305 φόϐος
1882 3231 2050 3286 ἐκϐα-

465 3324 577 3377 λεῖν
604 3322 702 3393 τὴν
731 3321 1048 3392 ἐπιθυμίαν.
1086 3321 1239 3375 Ἐπεὶ
1272 3319 1375 3374 κάν
1402 3320 1665 3374 ἐλάττονα
1692 3318 1897 3389 ταύτης
1932 3315 2054 3371 ἐτέ-

470 3424 570 3478 ραν
603 3407 848 3478 ἀνάγκην
891 3406 1178 3475 ἐπαγάγω,
1224 3406 1319 3459 1:61
1362 3402 1542 3456 λαϐὼν
1594 3402 1757 3456 αὐτὸν
1798 3401 1909 3456 61:6
1953 3401 2053 3471 τῆς

469 3490 752 3561 ἐρωμένης
804 3490 1062 3558 γυναικὸς
1099 3490 1375 3559 ἀπαγάγω
1417 3488 1512 3542 1:61
1553 3487 1723 3560 δήσας
1756 3485 2050 3558 καθείρξω,

466 3574 750 3644 δυνήσεται
784 3574 1047 3641 ἐνεγκεῖν,
1075 3574 1170 3625 1:61
1200 3572 1365 3642 μηδὲν
1396 3570 1590 3624 παθεῖν
1626 3570 1810 3642 ἀηδές.

539 3660 630 3729 Μὴ
660 3660 839 3713 τοίνυν
865 3659 1135 3729 λέγωμεν,
1162 3658 1245 3711 ὅτι
1273 3659 1301 3710 6
1324 3658 1473 3710 δεῖνα
1504 3656 1667 3725 φύσει
1693 3655 1879 3717 καλὸς,
1905 3654 2001 3707 1:61
2028 3654 2057 3708 6

468 3742 616 3796 δεῖνα
658 3742 817 3810 φύσει
860 3744 1049 3805 κακός.
1088 3742 1151 3795 Et
1184 3741 1293 3811 γάρ
1335 3741 1495 3809 φύσει
1524 3738 1751 3806 ἀγαθὸς,
1797 3736 2056 3790 οὐδέποτε

470 3825 755 3892 δυνήσεται
788 3824 1042 3893 γενέσθαι
1075 3824 1245 3887 κακός
1264 3840 1277 3854 ·
1324 3824 1419 3877 καὶ
1449 3824 1497 3875 εί
1528 3823 1691 3890 φύσει
1723 3821 1891 3883 κακὸς
1911 3858 1927 3883 ,
1954 3818 2058 3872 οὐκ

472 3909 537 3963 ἄν
574 3926 702 3961 ποτε
731 3908 939 3976 γένοιτο
981 3907 1205 3976 ἀγαθός.
1231 3906 1346 3960 Νῦν
1375 3906 1431 3960 δὲ
1459 3906 1680 3979 ὁρῶμεν
1716 3903 2056 3975 ὀξυρρόπους

471 3992 571 4056 τὰς
600 3990 920 4063 μεταϐολὰς,
955 3992 1050 4045 1:61
1071 3990 1179 4044 61:6
1208 3989 1412 4044 τούτων
1439 3992 1519 4054 εἰς
1550 3990 1756 4062 θάτερα
1788 3985 2055 4059 μεταϐάλ-

472 4075 682 4139 λοντας,
717 4076 810 4129 1:61
846 4075 940 4129 ἀπ’
978 4075 1203 4130 ἐκείνων
1241 4076 1321 4139 είς
1364 4074 1536 4129 ταῦτα
1592 4072 2051 4146 μεταπίπτοντας.

477 4159 586 4212 Καὶ
630 4158 801 4212 ταῦτα
830 4160 931 4213 οὐκ
969 4160 1027 4212 ἐν
1066 4162 1188 4222 ταῖς
1221 4157 1468 4229 Γραφαῖς
1511 4156 1661 4211 ἐστιν
1694 4156 1823 4211 ίδεῖν
1874 4153 2056 4225 μόνον,

473 4236 585 4296 οἷον
618 4245 700 4298 ὅτι
736 4244 968 4299 τελῶναι
1000 4244 1288 4313 γεγόνασιν
1316 4240 1637 4307 ἀπόστολοι,
1679 4239 1775 4294 καὶ
1810 4234 2059 4308 μαθηταὶ

540 4377 557 4400 ⁸
574 4378 671 4429 Alii
692 4382 795 4430 τίνα
832 4383 946 4439 ἔξεις
966 4380 1048 4430 οῦν
1086 4381 1210 4430 άπολ

2143 394 2422 464 προδόται,
2454 394 2548 448 καὶ
2574 394 2770 465 πόρναι
2800 397 3058 463 γυναῖκες
3088 391 3384 462 σώφρονες,
3417 390 3512 445 καὶ
3533 390 3727 467 λῃσταὶ

2142 476 2541 547 εὐδοκίμησαν,
2574 477 2671 531 1:61
2710 478 2878 547 μάγοι
2913 475 3350 546 προσεκύνησαν,
3384 474 3481 527 καὶ
3509 476 3726 543 ἀσεϐεῖς

2144 561 2223 624 εἰς
2257 559 2538 614 εὐσέϐειαν
2569 559 2899 631 μετέϐαλον,
2941 559 3033 613 ἐπί
3061 576 3119 612 τε
3160 560 3257 627 τῆς
3302 560 3512 629 Καινῆς
3549 561 3642 614 ἐπί
3669 578 3727 614 τε

2143 643 2244 710 τῆς
2270 643 2516 707 Παλαιάς
2535 660 2547 673 ·
2592 643 2728 696 ἀλλά
2757 643 2854 697 1:61
2886 642 3007 697 καθ’
3049 643 3287 713 ἑκάστην
3313 641 3529 712 ἡμέραν
3558 643 3731 698 πολλὰ

2142 728 2371 783 τοιαῦτα
2410 727 2774 800 συμϐαίνοντα
2812 728 2913 781 ἴδοι
2955 745 3041 790 τις
3081 728 3168 782 ἄν.
3205 727 3268 779 Εί
3296 726 3362 778 ’δὲ
3400 727 3608 795 φυσικά
3639 723 3727 799 ἦν,

2144 810 2245 865 οὐκ
2272 811 2338 865 ἂν
2365 812 2685 882 μετέπεσον.
2710 811 2821 865 K61
2847 811 2956 880 γάρ
2982 810 3142 878 φύσει
3175 808 3407 880 παθητοὶ
3429 809 3602 873 ὄντες,
3628 811 3729 864 οὐκ

2144 898 2211 951 ἄν
2239 913 2368 949 ποτε
2400 895 2508 950 61:6
2529 896 2763 965 σπουδῆς
2791 895 3084 966 γενοίμεθα
3104 893 3355 957 ἀπαθεῖς.
3382 893 3456 947 T6
3481 893 3590 964 γάρ
3621 892 3725 962 φύ-

2148 999 2230 1036 σει
2266 998 2319 1035 τι
2363 981 2444 1046 δν,
2493 982 2594 1035 οὐκ
2634 980 2701 1036 ἀν
2739 980 2950 1053 ἐκπέσῃ
2991 979 3087 1033 τοῦ
3131 979 3271 1033 κατὰ
3319 977 3498 1047 φύσιν.
3536 977 3728 1041 Οὐδεὶς

2145 1064 2277 1132 γοῦν
2322 1065 2432 1119 ἀπὸ
2476 1063 2570 1118 τοῦ
2609 1063 2891 1118 καθεύδειν
2925 1064 3018 1118 ἐπὶ
3047 1063 3107 1116 :6
3152 1063 3228 1132 μὴ
3271 1060 3555 1123 καθεύδειν
3597 1078 3726 1132 μετ-

2147 1150 2342 1201 έπεσεν
2370 1148 2420 1209 ιι,
2458 1148 2633 1212 οὐδεὶς
2656 1147 2765 1201 ἀπὸ
2791 1146 2887 1201 τοῦ
2928 1146 3044 1220 [14]
3076 1147 3391 1218 φθείρεσθαι
3433 1145 3524 1198 ἐπὶ
3555 1145 3615 1198 :6
3650 1144 3725 1216 μὴ

2147 1231 2488 1303 φθείρεσθαι,
2529 1232 2704 1294 οὐδεὶς
2742 1232 2849 1285 ἀπὸ
2886 1232 2979 1284 τοῦ
3026 1234 3216 1301 πεινῇν
3248 1230 3343 1282 ἐπὶ
3370 1230 3429 1283 :6
3458 1229 3727 1299 μηδέποτε

2147 1316 2302 1370 τοῦτο
2321 1317 2567 1387 πάσχειν.
2588 1317 2686 1371 Διά
2703 1316 2861 1369 τοῦτο
2881 1315 3002 1368 οὐδέ
3019 1316 3341 1385 ἐγκλήματα
3362 1312 3535 1367 ταῦτά
3556 1313 3725 1375 ἐστιν,

2147 1401 2265 1454 οὐδὲ
2299 1399 2629 1470 ὀνειδίζομεν
2670 1400 2897 1461 ἐαυτούς
2935 1399 3028 1451 ἐπὶ
3070 1398 3301 1462 τούτοις.
3340 1396 3474 1450 Οὐδέ
3517 1394 3728 1466 μέλλων

2147 1486 2231 1550 τίς
2260 1503 2365 1539 τινι
2400 1486 2653 1554 ἐγκαλεῖν
2681 1480 2854 1537 εἷπεν’
2888 1480 2959 1537 Ἦ
2987 1483 3195 1553 φθαρτὲ
3223 1484 3315 1536 1:61
3344 1479 3577 1552 παθητέ⁶
3611 1478 3727 1533 ἀλλ’

2148 1569 2182 1641 ἢ
2218 1569 2462 1640 μοιχείαν
2501 1567 2533 1639 ἢ
2572 1568 2828 1638 πορνείαν
2869 1567 2901 1637 ἦ
2941 1584 2993 1619 τι
3029 1565 3137 1618 τῶν
3170 1564 3427 1618 τοιούτων
3456 1563 3543 1616 ἀεὶ
3590 1578 3728 1632 προ-

2150 1652 2389 1723 φέρομεν
2415 1654 2525 1714 τοῖς
2557 1650 2908 1714 ὑπευθύνοις,
2946 1650 3039 1703 1:61
3064 1649 3346 1711 δικασταῖς
3376 1646 3727 1718 προσάγομεν

2148 1739 2257 1800 τοῖς
2284 1733 2579 1803 ’ἐγκαλοῦσι
2607 1735 2700 1786 1:61
2733 1732 3039 1797 κολάζουσι,
3076 1733 3169 1785 1:61
3202 1732 3294 1784 ἐπὶ
3321 1733 3433 1794 τοῖς
3463 1729 3727 1789 ἐναντίοις

2146 1820 2397 1889 τιμῶσιν.
2437 1820 2606 1871 Ὅταν
2637 1813 2730 1871 οὖν
2766 1817 2862 1869 καὶ
2892 1815 2949 1883 ἐξ
2977 1809 3052 1869 ὧν
3084 1814 3218 1886 πρὸς
3247 1814 3509 1884 ἀλλήλους
3536 1809 3724 1865 ποιοῦ-

2150 1921 2268 1975 μεν,
2305 1905 2394 1957 1:61
2427 1902 2484 1968 ἐξ
2510 1894 2585 1955 ὧν
2614 1901 2960 1973 δικαζόμενοι
2989 1900 3295 1971 πάσχομεν,
3326 1899 3420 1952 1:61
3450 1896 3509 1961 ἐξ
3536 1889 3610 1949 ὧν
3639 1894 3726 1949 νό-

2151 2004 2282 2057 μους
2308 1986 2651 2056 ἐγράψαμεν,
2682 1985 2778 2039 καὶ
2805 1984 2864 2051 ἐξ
2886 1977 2961 2037 ὧν
2984 1983 3193 2037 ἑαυτῶν
3217 1979 3722 2050 καταγινώσκομεν,

2148 2070 2250 2124 κᾶν
2293 2072 2479 2141 μηδεὶς
2515 2072 2543 2123 6
2571 2069 2894 2141 κατηγορῶν
3009 2069 3103 2120 καὶ
3144 2067 3201 2133 ἐξ
3240 2061 3313 2119 ὧν
3356 2063 3726 2135 ῥᾳθυμοῦντες

2152 2156 2251 2227 μὲν
2272 2156 2508 2227 χείρους,
2537 2153 2864 2225 φοϐούμενοι
2888 2152 2945 2205 δὲ
2983 2151 3222 2222 βελτίους
3242 2146 3523 2219 γινόμεθα.
3550 2146 3643 2199 1:61
3670 2144 3729 2210 ἐξ

2149 2233 2225 2294 ῶν
2268 2239 2462 2302 ἀλλους
2513 2235 2729 2309 ὁρῶμεν
2780 2234 3181 2307 κατορθοῦντας
3227 2233 3324 2286 καὶ
3358 2230 3515 2303 δπρδς
3563 2230 3731 2299 ἀκρον

2149 2323 2469 2394 φιλοσοφίας
2517 2321 2920 2393 ἀφικομένους.
2970 2319 3192 2390 εῦδηλον
3230 2320 3312 2372 ὅτι
3357 2316 3454 2371 1:61
3485 2313 3569 2384 ἐφ’
3600 2312 3733 2383 ἡμῖν

2148 2411 2322 2463 κεῖται
2379 2408 2441 2460 :6
2490 2405 2826 2477 κατορθοῦνο
2880 2402 2932 2456 τί
2992 2402 3171 2473 μάτην
3206 2399 3443 2470 ψυχραῖς
3504 2395 3732 2477 ἐαυτούς

2147 2490 2447 2561 άπατῶμεν
2478 2492 2526 2542 οί
2558 2476 2739 2541 πολλοὶ
2784 2484 3088 2558 προφάσεσι
3136 2486 3227 2535 καὶ
3260 2479 3578 2549 ἀπολογίαις
3604 2517 3618 2540 ,
3655 2476 3730 2547 μὴ

2151 2576 2310 2648 μόνον
2354 2570 2686 2643 συγγνώμην
2728 2570 2788 2622 οὐ
2828 2567 3157 2639 φερούσαις,
3202 2564 3337 2619 ἀλλά
3373 2565 3467 2648 1:61
3510 2561 3731 2648 κόλασιν

2147 2641 2442 2730 ἀφόρητον.
2471 2641 2589 2711 δέον
2615 2656 2714 2726 τὴν
2740 2653 2954 2725 ἡμέραν
2985 2651 3202 2721 ἐκείνην
3231 2648 3329 2721 τὴν
3362 2644 3601 2730 φοϐερὰν
3625 2641 3732 2730 πρδ

2146 2723 2268 2795 τῶν
2304 2723 2599 2809 δφθαλμῶν
2645 2723 2864 2809 ἔχοντας
2923 2734 3128 2806 ἀρετῆς
3176 2729 3584 2802 ἐπιμελεῖσθαι,
3637 2723 3734 2780 καὶ

2152 2825 2325 2899 μικρά
2360 2825 2694 2886 πονέσαντας
2719 2862 2733 2888 ,
2782 2821 2907 2884 τοὺς
2940 2819 3251 2890 ἀκηράτους
3302 2814 3486 2868 λαϐεῖν
3534 2809 3735 2878 στεφά-

2149 2893 2307 2977 νους;
2354 2907 2520 2963 Οὐδὲν
2552 2907 2663 2979 γάρ
2696 2905 2853 2977 ἡμῶν
2900 2903 3072 2957 ταῦτα
3120 2894 3598 2979 προστήσεταιῄτά
3626 2893 3728 2979 ρή-

2155 2975 2321 3066 ματα·
2346 2991 2461 3045 ἀλλ*
2484 2993 2533 3044 οἱ
2559 2975 2832 3043 σύνδουλοι
2854 2988 2947 3041 καὶ
2972 2985 3040 3039 τά
3060 2984 3281 3038 ἐναντία
3307 2975 3733 3066 κατωρθωκότες

2151 3075 2543 3149 κατακρινοῦσι
2562 3074 2687 3138 τούς
2712 3070 3180 3144 διαμαρτάνοντας
3206 3067 3438 3127 πάντας,
3463 3062 3552 3115 τὸν
3580 3058 3732 3129 ὠμὸν

2150 3167 2179 3220 6
2215 3145 2487 3235 ἐλεήμων,
2517 3159 2608 3213 τὸν
2657 3156 2892 3229 πονηρὸν
2927 3157 2955 3209 6
2992 3152 3257 3226 χρηστὸς,
3304 3150 3395 3235 τὸν
3449 3145 3656 3235 θρασύν

2152 3228 2421 3319 ἐπιεικής,
2445 3244 2539 3298 τὸν
2568 3228 2838 3314 βάσκανον
2868 3240 2897 3293 6
2940 3236 3242 3309 φιλόφρων,
3277 3234 3369 3319 τὸν
3402 3230 3677 3319 κενόδοξον
3705 3228 3735 3281 6

2153 3314 2465 3403 φιλόσοφος,
2497 3327 2589 3382 τὸν
2625 3324 2867 3399 ῥᾴθυμον
2913 3322 2942 3376 6
2977 3320 3287 3383 σπουδαῖος,
3317 3317 3415 3403 τὸν
3433 3314 3735 3403 ἀκόλαστον

2152 3396 2181 3470 6
2225 3396 2478 3485 σώφρων.
2537 3396 2725 3474 Οὐτως
2774 3396 2915 3463 οἴσει
2960 3406 3061 3477 τὴν
3098 3402 3277 3475 κρίσιν
3323 3402 3467 3485 ἡμῖν
3502 3400 3533 3452 6
3566 3396 3733 3485 856;,

2154 3479 2393 3569 ἑκάτερά
2416 3512 2476 3549 τε
2506 3494 2693 3564 στήσει
2736 3491 2805 3544 τά
2839 3490 3098 3560 τάγματα
3122 3529 3138 3554 ,
3164 3488 3291 3550 τοὺς
3326 3485 3425 3556 μὲν
3444 3479 3731 3569 ἐπαινῶν,

2153 3563 2359 3647 τοὺςδέ
2383 3563 2646 3643 κολάζων.
2692 3573 2852 3627 Ἀλλά
2891 3573 2965 3645 μὴ
3003 3570 3212 3641 γένοιτό
3243 3586 3364 3623 τινα
3397 3567 3505 3622 τῶν
3538 3563 3734 3635 παρόν-

2153 3685 2262 3721 των
2305 3662 2560 3734 γενέσθαι
2611 3654 2721 3712 τῶν
2773 3658 3152 3728 κολαζομένων
3210 3655 3304 3708 καὶ
3346 3649 3734 3723 ήτιμωμένων,

2155 3748 2291 3804 ἀλλά
2315 3731 2422 3800 τῶν
2448 3741 2897 3813 στεφανουμένων
2921 3741 3016 3793 1:61
3037 3738 3143 3792 τῶν
3163 3739 3263 3808 τῆς
3289 3735 3437 3799 θείας
3462 3731 3737 3804 βασιλείας

2158 3830 2644 3902 ἐπιτυγχανόντων·
2682 3821 2749 3898 ἦς
2778 3824 2986 3894 γένοιτο
3019 3823 3228 3886 πάντας
3264 3822 3409 3892 ἡμᾶς
3438 3818 3733 3902 ἐπιτυχεῖν,

2156 3897 2482 3988 χάριτι-καὶ
2533 3909 2920 3988 φιλανθρωπίᾳ
2964 3905 3059 3960 τοῦ
3103 3906 3307 3988 Κυρίου
3558 3897 3735 3988 ίιησοῦ

2157 3983 2416 4072 Χριστοῦ,
2450 3996 2567 4068 μεθ’
2601 3987 2662 4049 οὐ
2693 3993 2771 4065 τῷ
2801 3991 2999 4063 Πατρὶ,
3026 3991 3142 4059 ἅμα
3167 3987 3244 4059 τῷ
3271 3987 3409 4058 ἁγίῳ
3434 3983 3733 4072 ῐίνεύματι,

2157 4067 2306 4147 δόξα,
2341 4067 2562 4151 κράτος,
2590 4078 2742 4148 τιμὴ,
2772 4075 2868 4130 νῦν
2898 4075 2992 4128 καὶ
3028 4072 3136 4139 ἀεὶ,
3158 4072 3252 4125 καὶ
3282 4073 3360 4133 είς
3386 4068 3513 4132 τούς
3540 4067 3738 4129 αἰῶνας

2160 4167 2269 4221 τῶν
2308 4162 2537 4218 αἰώνων.
2588 4162 2761 4233 ’Δμήν

2219 4298 2247 4338 δ
2272 4297 2459 4371 mins
2480 4297 2611 4371 999°
2633 4282 3732 4371 W3M‘éﬁfsvﬂs.‘éﬁf_°fﬂi‘iéﬂii‘:“

2156 4346 2419 4412 ἐπεσενίᾝ
2438 4346 2590 4410 bimis
2615 4354 2864 4407 sententia
2910 4368 3081 4403 manca
3103 4359 3211 4402 erat
3240 4346 3298 4398 δι’
3323 4346 3693 4409 ὁμοιοτέλευτον.

490 4513 2383 4543 ___________________________________________.___..

1974 4657 2219 4714 OMIAIA
2256 4655 2330 4709 1".

486 4808 911 4889 Hapqqulé‘ﬁ
944 4807 1444 4889 6116c,-668.1go_1_,
1482 4806 1579 4860 διὰ
1611 4804 1730 4889 303’)
1762 4802 2054 4889 ὀνόματος

553 4872 659 4937 τοῦ
695 4882 913 4949 Κυρίου
943 4872 1111 4949 ήὶιῶῶ·
1149 4872 1660 4949 ’1ησρῦρίριστοῦ3
1687 4875 1789 4929 ἵνα
1814 4872 1882 4949 τὸ
1907 4872 2056 4927 αὐτὸ

552 4942 1045 5028 ,ζέγητέπάντέα
1096 4948 1196 5028 καί
1546 4945 1689 5028 ὑμῖν
1711 4944 2059 5028 σχίσματα.ι

553 5015 658 5089 ἠτὲ
679 5015 746 5074 δὲ
774 5015 1233 5089 κατηρτισμένοὶ
1257 5018 1327 5071 ἐν
1352 5015 1430 5084 τῷ
1452 5015 1612 5084 αὐτῷ
1639 5017 1736 5071 νοτ
1757 5015 1859 5069 καί
1884 5015 1956 5067 ἐν
1984 5015 2055 5081 τῇ

551 5090 709 5161 αὐτῇ
742 5090 966 5162 γνώμῃ.

556 5253 603 5300 6'
618 5286 631 5299 .
667 5245 845 5316 Ὅπερ
863 5244 952 5298 ἀεὶ
977 5243 1184 5313 ἐλεγον,
1200 5244 1283 5297 δτι
1306 5243 1489 5316 ἠρέμα
1506 5244 1753 5305 καὶκατά
1774 5242 1970 5316 μικρὸν
1988 5241 2069 5296 δεῖ

485 5331 585 5397 τάς
623 5327 941 5401 ἐπιπλήξεις
981 5326 1288 5393 ποιεῖσθαι,
1322 5327 1482 5381 τοῦτο
1528 5329 1621 5381 1:61
1663 5330 1691 5381 6
1724 5327 1938 5391 Παῦλος
1977 5328 2063 5381 ἐν-

487 5414 663 5469 ταῦθα
682 5415 843 5468 ποιεῖ.
878 5411 1107 5468 Μέλλων
1125 5410 1234 5483 γὰρ
1265 5411 1345 5474 είς
1372 5412 1605 5482 πρᾶγμα
1627 5410 1908 5481 ἐμϐαίνειν
1937 5410 2068 5464 πολι

488 5497 598 5551 λῶν
625 5498 884 5552 κινδύνων
917 5497 1108 5568 γέμον,
1134 5496 1229 5551 1:61
1251 5496 1354 5566 τήν
1396 5495 1723 5567 Ἐκκλησίαν
1758 5496 1823 5551 ἐκ
1851 5490 2067 5566 βάθρων

492 5581 672 5635 ίκανδν
694 5580 753 5633 δν
777 5580 1110 5646 ἀνασπάσαι,
1138 5579 1569 5652 προσηνέστερον
1592 5578 1669 5650 τῷ
1693 5578 1837 5651 λόγῳ
1865 5578 2065 5650 κέχρηο

490 5679 603 5720 ται.
630 5663 770 5732 Φησὶ
794 5662 903 5734 γάρ
931 5662 1272 5735 παρακαλεῖν
1298 5664 1515 5726 αὐτοὺς,
1539 5663 1878 5733 παρακαλεῖν
1902 5662 1958 5715 δὲ
1982 5660 2069 5714 διά

489 5743 586 5799 τοῦ
625 5743 884 5817 Χριστοῦ,
924 5744 1002 5809 ὡς
1044 5745 1169 5799 οὐδὲ
1213 5747 1374 5811 αὐτὸς
1419 5746 1604 5817 ἀρκῶν
1658 5747 1817 5817 μόνος
1865 5744 2071 5815 ταύτην

491 5828 680 5884 θέσθαι
710 5827 811 5900 τὴν
838 5827 1153 5899 ἱκετηρίαν,
1190 5830 1282 5883 καὶ
1304 5832 1507 5883 πεῖσαι.
1537 5830 1602 5882 Τί
1632 5832 1688 5883 δέ
1720 5833 1857 5892 ἐστι,
1884 5832 2072 5900 Παρα-

490 5913 643 5969 καλῶ
679 5911 768 5967 διὰ
794 5910 887 5966 τοῦ
921 5910 1193 5984 Χριστοῦς
1224 5914 1326 5967 Τὸν
1356 5913 1591 5984 Χριστὸν
1622 5914 1885 5986 λαμϐάνω
1931 5914 2068 5986 σύμ-

2163 4810 2355 4869 μαχον,
2379 4790 2474 4842 καὶ
2497 4786 2689 4859 βοηθὸν
2713 4781 3022 4869 [15]--αὐτοῦ
3050 4781 3110 4833 :6
3137 4778 3388 4869 ὄνομα-τὸ
3414 4774 3742 4869 ἠδικημένον

2160 4859 2275 4933 καί
2312 4872 2641 4946 ὑϐρισμένον
2667 4886 2680 4899 ’
2738 4867 2945 4938 σφόδρα
2998 4861 3400 4946 ἐντρεπτικῶς,
3433 4859 3603 4946 Ϋῶστε
3667 4859 3744 4946 μὴ

2163 4943 2674 5027 ἀπαναισχυντῆσαι
2714 4951 2945 5014 αὐτούς*
2995 4947 3221 5017 ίταμούς
3270 4943 3380 5027 γάρ
3420 4945 3452 5011 ἡ
3499 4944 3746 5027 ἁμαρτία

2166 5046 2328 5101 ποιεῖ.
2361 5026 2460 5095 Διά
2486 5038 2644 5092 τοῦτο
2668 5036 2734 5092 ἀν
2757 5034 2896 5106 μὲν⁸
2923 5031 3127 5093 εὐθέως
3152 5026 3398 5099 σφοδρῶς
3418 5026 3747 5103 ἐπιπλήξῃς,

2168 5127 2353 5200 ἀπηνῆ
2386 5126 2481 5179 καὶ
2524 5122 2883 5191 ἀναίσχυντον
2927 5114 3198 5187 εἰργάσωο
3238 5109 3303 5165 ἀν
3329 5109 3406 5200 Δδέ
3443 5109 3748 5200 ἐντρέψης,

2164 5194 2533 5279 κατέκαμψας
2547 5207 2637 5259 τὸν
2665 5203 2888 5275 αὐχένα,
2920 5200 3269 5260 κατέσπασας
3290 5194 3390 5267 την
3410 5196 3743 5279 παρρησίαν,

2164 5296 2316 5350 κάτω
2348 5292 2524 5346 νεύειν
2557 5289 2841 5356 ἐποίησας.
2898 5285 3076 5354 Ὅπερ
3117 5280 3210 5335 καὶ
3252 5282 3282 5334 6
3330 5278 3541 5343 Παῦλος
3578 5294 3745 5333 κατα-

2166 5374 2471 5439 σκευάζων,
2526 5369 2840 5443 παρακαλεῖ
2876 5366 3010 5431 τέως
3061 5364 3151 5421 διά
3197 5363 3292 5417 τοῦ
3336 5363 3598 5435 ὀνόματος
3650 5359 3745 5414 τοῦ

2165 5459 2426 5533 Χριστοῦ.
2473 5458 2584 5512 K61
2615 5457 2668 5509 τί
2709 5454 2839 5508 ποτέ
2888 5453 3036 5505 ἐστιν
3082 5448 3128 5533 δ’
3143 5446 3486 5533 παρακαλεῖι
3517 5447 3643 5533 _"lra
3678 5443 3748 5498 τὸ

2165 5527 2313 5597 αὐτὸ
2340 5540 2557 5611 λέγητε
2586 5537 2832 5603 πάντες.
2856 5534 2954 5591 καὶ
2978 5532 3066 5603 μὴ
3085 5527 3128 5604 ᾖ
3153 5532 3225 5586 ἐν
3253 5531 3395 5602 ὑμῖν
3419 5530 3748 5599 σχίσματα.

2170 5626 2279 5681 Τοῦ
2312 5626 2611 5697 σχίσματος
2646 5625 2677 5692 ή
2719 5622 2957 5692 ἔμφασις
2991 5618 3085 5674 1:61
3122 5616 3257 5672 αὐτὸ
3289 5615 3389 5687 τῆς
3417 5612 3754 5687 κατηγορίας

2246 5923 2263 5946 ⁸
2286 5920 2571 5985 Legebalur
2593 5922 2659 5984 μή
