4100 6214
272 424 340 480 3|
1311 404 1376 460 lN
1417 404 1631 459 EPIST.
1678 402 1693 456 Ι
1760 401 1849 456 Al)
1885 400 2043 457 COR.
2087 397 2317 456 IIOMIL.
2361 396 2448 453 ΙΙΙ.
3488 401 3563 452 23

280 540 345 591 tu
369 544 430 589 te
457 518 686 586 recte’s'e
714 523 939 579 habent.
971 522 1061 577 Sic
1088 519 1250 574 etiam
1276 520 1320 571 si
1349 532 1432 580 ea,
1462 532 1579 586 qua:
1610 516 1675 569 ad
1705 514 1867 568 vitam

289 626 582 698 pertinent,
601 629 752 676 recte
782 632 841 672 se
869 616 1127 670 haberent
1156 654 1172 679 ,
1200 624 1305 666 non
1334 611 1495 664 talem
1516 609 1866 679 qtta'Sliottcm

296 726 569 776 moveres;
603 724 791 765 verum
819 706 942 777 quia
964 705 1108 760 circa
1139 704 1395 756 virtutem
1418 713 1600 755 socors
1628 708 1681 753 et
1713 698 1861 768 igna-

303 822 393 863 vus
425 822 483 861 es
511 847 528 871 ,
557 804 683 858 ideo
708 802 927 856 insanos
959 797 1121 852 hosce
1149 794 1362 865 profers
1390 802 1691 849 sermones.
1722 791 1869 859 Quo-

298 898 450 952 modo
486 903 669 949 autem
717 889 955 961 oportuit
1003 904 1066 943 ex
1115 885 1437 941 necessitate
1481 882 1599 939 ﬁeri
1644 880 1868 937 bonum?

291 988 428 1057 Ergo
459 986 701 1039 futurum
728 989 847 1037 erat
878 1022 892 1044 ,
925 990 983 1033 ut
1010 979 1161 1034 bruta
1202 975 1453 1030 animalia
1487 974 1767 1030 nobiscum
1802 973 1870 1027 de

286 1078 484 1132 virtute
528 1081 807 1130 certarent
836 1086 960 1124 cum
991 1068 1236 1138 quaedam
1261 1078 1448 1121 eorum
1480 1064 1635 1119 nobis
1669 1071 1870 1131 tempe-

284 1166 531 1221 rantiora
563 1164 696 1219 sint.
744 1161 851 1217 Sed
879 1159 1093 1215 mallem
1126 1200 1143 1227 ,
1170 1156 1379 1228 inquies
1410 1198 1425 1222 ,
1454 1170 1519 1211 ex
1548 1153 1871 1210 necessitate

282 1259 458 1313 bonus
484 1268 630 1321 esse,
644 1261 699 1308 et
725 1251 874 1308 omni
902 1249 1148 1305 mercede
1174 1247 1394 1318 privari,
1413 1261 1574 1317 quam
1602 1261 1668 1301 ex
1698 1245 1868 1299 libero

278 1349 515 1406 arbitrio
545 1347 739 1412 malus,
771 1343 945 1415 puniri
975 1353 1028 1397 et
1055 1339 1320 1411 Supplicia
1348 1334 1509 1393 allici.
1535 1337 1641 1392 Sed
1667 1345 1873 1391 nonest

283 1454 545 1510 umquam
570 1436 867 1493 necessitas
890 1449 1013 1491 esse
1037 1433 1256 1488 bonum.
1276 1431 1334 1488 Si
1352 1444 1482 1502 ergo
1508 1431 1725 1502 ignoras
1744 1424 1872 1500 quid

282 1533 555 1608 agendum
576 1531 667 1599 sit,
692 1529 915 1585 ostende
939 1570 952 1592 .
984 1536 1042 1583 et
1067 1536 1195 1582 tunc
1218 1527 1461 1581 dicemus
1485 1524 1540 1579 id
1568 1523 1709 1595 quod
1737 1537 1873 1593 opus

276 1634 367 1684 est
393 1624 584 1680 dicere
612 1640 627 1677 :
659 1621 708 1676 si
730 1635 860 1675 vero
884 1617 1165 1674 libidinem
1195 1616 1391 1671 malam
1416 1630 1539 1672 esse
1569 1614 1710 1670 nosti
1733 1655 1748 1678 ,
1777 1628 1873 1668 cur

282 1722 484 1778 malam
507 1732 623 1774 rem
654 1732 759 1771 non
790 1714 970 1786 fugis?
997 1714 1113 1769 Non
1138 1729 1377 1784 possum,
1410 1711 1641 1780 inquies.
1673 1708 1872 1764 Verum

280 1812 403 1880 alii,
425 1813 522 1881 qui
550 1808 756 1878 majora
778 1817 927 1862 recte
951 1815 1255 1877 gesserunt,
1287 1812 1342 1860 te
1368 1801 1717 1868 accusabunt,
1750 1798 1874 1854 tibi-

286 1919 395 1976 que
418 1903 476 1957 vi
507 1916 701 1972 magna
728 1915 792 1955 os
817 1895 1112 1955 obstruent.
1159 1895 1239 1952 Tu
1277 1896 1421 1952 enim
1454 1895 1680 1950 fortasse
1709 1893 1872 1947 etiam

282 2011 410 2053 cum
440 2009 611 2051 uxore
654 1999 746 2049 tua
795 2008 901 2048 non
952 2001 1101 2047 caste
1127 1989 1275 2061 agis;
1306 1989 1444 2044 alius
1492 2001 1623 2043 vero
1674 1985 1876 2055 absque

288 2102 464 2143 uxore
490 2087 757 2157 integram
783 2092 965 2139 servat
990 2082 1315 2139 castitatem.
1348 2080 1518 2148 Quam
1553 2094 1683 2149 ergo
1711 2077 1876 2133 habes

292 2179 688 2245 defensionem,
715 2176 810 2248 qui
837 2175 1052 2233 modum
1080 2188 1191 2231 non
1218 2188 1425 2240 serves,
1449 2173 1576 2228 dum
1594 2171 1731 2227 alius
1759 2170 1873 2240 ipsa

293 2280 459 2342 septa
489 2269 749 2325 transilit?
774 2270 843 2323 At
865 2283 973 2324 non
993 2281 1199 2338 parem,
1226 2265 1459 2336 inquies,
1491 2263 1665 2318 habeo
1694 2275 1878 2333 corpo-

294 2363 380 2418 ris
409 2370 672 2424 naturam,
691 2376 789 2414 non
816 2376 914 2431 par
933 2359 1260 2430 propositum
1283 2356 1590 2413 voluntatis.
1614 2355 1746 2423 Quia
1769 2369 1876 2409 non

289 2454 395 2519 vis,
426 2468 534 2508 non
565 2452 685 2522 quia
716 2466 822 2506 non
849 2449 1271 2522 poteszostendo
1296 2461 1525 2518 namque
1552 2461 1740 2502 omnes
1757 2459 1877 2500 esse

291 2545 361 2601 ad
384 2546 640 2600 virtutem
670 2543 914 2598 idoneos.
955 2542 1089 2597 Nam
1125 2540 1268 2613 quod
1295 2556 1403 2595 non
1432 2548 1609 2609 potest
1639 2537 1761 2609 quis
1792 2539 1872 2590 fa-

287 2652 443 2704 cere,
476 2648 652 2706 neque
672 2635 905 2691 instante
929 2633 1250 2690 necessitate
1272 2633 1465 2702 poterit
1491 2650 1506 2686 :
1538 2630 1681 2703 quod
1710 2630 1758 2684 si
1788 2629 1874 2684 in-

290 2736 480 2784 stante
504 2726 815 2782 necessitate
846 2725 1035 2795 possit,
1062 2724 1153 2795 qui
1184 2738 1289 2778 non
1315 2722 1460 2790 facit,
1489 2736 1556 2778 ex
1601 2716 1880 2790 proposito

294 2818 594 2876 voluntatis
620 2834 726 2873 non
750 2816 895 2873 facit.
927 2816 1173 2887 Exempli
1199 2830 1381 2882 causa,
1403 2813 1589 2868 volare
1614 2820 1670 2868 et
1689 2811 1755 2866 ad
1776 2826 1880 2865 ca:-

293 2913 410 2967 lttm
439 2909 569 2964 ferri
608 2908 757 2979 gravi
786 2922 1011 2977 corpore
1037 2907 1348 2978 praeditum,
1376 2905 1595 2961 omnino
1641 2903 1756 2959 ﬁeri
1787 2916 1882 2956 ne-

298 3003 431 3072 quit.
459 3000 602 3068 Quid
628 3015 758 3070 ergo
777 3041 792 3065 ,
825 2998 872 3055 si
914 3014 1008 3054 rex
1053 2997 1275 3068 jusserit
1305 2997 1406 3053 hoc
1432 2995 1627 3060 facere,
1657 3001 1712 3049 et
1737 3009 1880 3047 mor-

300 3104 411 3149 tem
426 3093 786 3149 comminetur
804 3092 989 3147 dicens
1012 3108 1027 3146 :
1055 3091 1310 3146 Homines
1336 3105 1442 3145 non
1467 3088 1704 3144 volantes
1719 3088 1883 3157 jubeo

296 3183 511 3239 concidi
536 3182 626 3239 vel
652 3181 737 3237 uri
769 3224 783 3248 ,
833 3183 914 3237 vel
944 3180 1070 3252 quid
1097 3180 1275 3235 simile
1296 3179 1407 3250 pati
1432 3198 1446 3233 :
1477 3193 1604 3234 num
1631 3180 1749 3250 quis
1778 3179 1881 3248 ipsi

300 3277 551 3333 obediet?
570 3275 915 3346 Nequaquam
942 3318 954 3329 .
989 3274 1089 3329 hoc
1116 3275 1256 3329 enim
1284 3284 1467 3329 natura
1499 3271 1644 3328 ferre
1674 3273 1878 3343 nequit.

297 3368 399 3423 Sin
429 3376 608 3422 autem
634 3366 701 3421 de
721 3367 967 3419 castitate
991 3364 1224 3435 idipsum
1254 3371 1474 3427 statuat,
1505 3363 1759 3433 justaque
1787 3377 1883 3431 pu-

302 3467 403 3512 nat
431 3499 447 3521 ,
500 3468 557 3511 ut
582 3456 893 3511 libidinosus
923 3456 1173 3526 puniatur
1198 3496 1214 3523 ,
1251 3461 1435 3510 uratur
1463 3495 1478 3521 ,
1508 3454 1804 3526 ﬁagelletur
1831 3463 1889 3509 et

302 3552 459 3608 mille
486 3559 745 3605 tormenta
779 3549 1029 3620 patiatur,
1056 3562 1235 3603 annon
1258 3547 1410 3601 multi
1432 3547 1611 3602 edicto
1639 3546 1883 3617 pareant?

306 3643 444 3709 Non,
473 3642 722 3714 inquies:
751 3658 873 3697 nam
904 3642 990 3697 lex
1011 3651 1259 3712 est,qu:e
1286 3640 1439 3711 jubet
1463 3656 1569 3695 non
1598 3640 1879 3708 mtechari,

309 3751 479 3807 neque
501 3748 692 3791 onmes
708 3732 1095 3804 obsequuntur.
1118 3732 1232 3787 Non
1256 3730 1393 3803 quod
1416 3730 1663 3786 inﬁrmus
1683 3740 1739 3786 et
1754 3729 1886 3787 levis

306 3830 378 3885 sit
405 3833 602 3893 timor,
642 3826 736 3882 sed
784 3825 907 3897 quia
936 3824 1089 3880 multi
1135 3839 1195 3879 se
1246 3824 1416 3878 latere
1462 3837 1620 3892 posse
1644 3832 1882 3893 Sperent.

307 3920 465 3989 Quod
491 3920 537 3975 si
563 3918 838 3990 legislator
856 3925 911 3972 et
935 3916 1101 3987 judex
1126 3912 1378 3970 adeSSent
1395 3913 1672 3969 libidinem
1698 3913 1889 3983 imple-

311 4012 448 4069 tur-is
474 4052 490 4078 ,
532 4017 716 4080 posset
756 4018 883 4063 tunc
910 4016 1083 4062 metus
1130 4004 1409 4061 libidinem
1453 4020 1658 4061 arcere.
1686 4004 1818 4059 Nam
1843 4005 1890 4060 si

310 4102 477 4158 aliam
495 4102 759 4157 minorem
782 4101 1153 4156 necessitatem
1179 4098 1441 4154 induxere
1469 4139 1485 4164 ,
1508 4106 1564 4154 et
1607 4099 1676 4153 ab
1713 4108 1889 4154 amata

308 4194 543 4250 muliere
566 4193 890 4247 abstractum
916 4190 1209 4255 abduxero,
1241 4199 1297 4245 et
1321 4188 1558 4244 vinctum
1589 4187 1883 4258 inclusere,

309 4285 510 4357 poterit
530 4283 669 4340 ferre
692 4326 708 4352 ,
735 4293 790 4339 et
812 4281 944 4337 nihil
974 4297 1134 4353 grave
1162 4281 1291 4352 pati.

382 4375 552 4433 Nemo
592 4387 780 4429 natura
819 4376 976 4428 bonus
1013 4375 1089 4429 vel
1117 4385 1299 4428 natura
1324 4376 1509 4429 malus.
1534 4404 1607 4416 —
1639 4374 1717 4431 Ne
1767 4390 1895 4446 ergo

310 4469 584 4533 dicamus,
617 4467 763 4522 hunc
793 4476 978 4521 natura
1026 4466 1223 4520 bonum
1247 4509 1263 4534 ,
1292 4467 1439 4522 illum
1470 4476 1661 4522 natura
1691 4468 1892 4522 malum

313 4575 455 4616 esse.
508 4559 642 4615 Nam
674 4560 721 4614 si
769 4567 957 4613 natura
1002 4557 1176 4613 bonus
1218 4560 1327 4626 sit,
1375 4575 1662 4630 numquam
1695 4560 1895 4629 poterit

316 4652 491 4705 malus
534 4650 688 4715 ﬁeri;
719 4658 776 4704 et
820 4649 863 4702 si
908 4657 1097 4702 natura
1148 4649 1356 4715 malus,
1404 4665 1691 4719 numquam
1723 4649 1895 4705 bonus

315 4744 439 4799 erit.
463 4742 617 4797 Nunc
650 4750 826 4796 autem
859 4740 1100 4795 videmus
1127 4741 1333 4796 celeres
1357 4742 1679 4797 mutationes
1698 4785 1713 4808 ,
1745 4751 1799 4795 et
1827 4742 1894 4796 ah

1979 514 2060 571 his
2086 516 2138 569 iu
2161 513 2260 569 alia
2289 514 2483 568 mutari
2508 555 2522 579 ,
2556 522 2611 567 et
2641 512 2708 568 ah
2748 514 2851 567 illis
2879 514 2930 567 iu
2959 514 3064 569 alia
3090 514 3307 571 cadere.
3342 515 3410 570 Et
3438 517 3552 570 lltl‘t:

1977 620 2083 660 non
2134 605 2188 660 in
2216 604 2505 674 Scripturis
2536 612 2738 658 tantum
2771 604 2952 660 videre
2994 616 3076 660 est
3104 624 3120 661 :
3170 607 3400 677 exempli
3429 622 3560 664 cau-

1976 711 2033 751 sa
2060 739 2075 763 ,
2121 697 2262 767 quod
2307 696 2574 767 publicani
2618 696 2741 752 facti
2786 698 2894 752 sint
2937 698 3205 768 apostoli,
3233 707 3288 755 et
3314 699 3559 772 discipuli

1974 789 2273 860 proditores
2308 831 2321 854 ,
2386 799 2443 845 et
2510 791 2822 846 meretrices
2896 799 3059 846 castae
3129 793 3382 848 mulieres
3413 834 3430 860 ,
3503 803 3561 850 et

1978 882 2215 937 latrones
2262 883 2516 951 praeclare
2568 894 2827 953 agentes,
2858 893 2914 939 et
2957 883 3099 955 magi
3143 884 3463 954 adorantes,
3504 898 3563 942 et

1976 974 2125 1045 impii
2172 977 2224 1029 in
2254 976 2503 1045 pietatem
2549 977 2831 1044 conversi,
2866 977 3025 1048 idque
3070 987 3177 1033 tam
3231 982 3285 1033 in
3334 979 3557 1048 Veteri,

1978 1082 2135 1136 quam
2188 1067 2240 1120 in
2294 1067 2443 1123 Novo
2483 1067 2830 1123 Testamento
2874 1069 3033 1125 :imo
3080 1070 3317 1140 quotidie
3367 1073 3559 1128 similia

1977 1156 2222 1212 accidere
2271 1157 2536 1212 videmus.
2582 1157 2639 1213 Si
2688 1174 2818 1214 vero
2872 1161 3131 1215 naturalia
3173 1160 3289 1217 baac
3336 1172 3559 1230 essent,

1978 1263 2084 1303 non
2115 1258 2466 1306 mutarentur.
2512 1250 2643 1305 Nam
2673 1266 2797 1307 cum
2821 1251 2990 1309 simus
3019 1262 3208 1309 natura
3248 1256 3558 1324 passibiles,

1980 1342 2125 1396 nullo
2174 1358 2427 1412 umquam
2476 1343 2657 1399 studio
2716 1346 3079 1414 impassibiles
3127 1347 3350 1402 erimus.
3408 1349 3561 1416 Quod

1978 1433 2120 1487 enim
2166 1444 2353 1488 natura
2400 1435 2505 1490 tale
2547 1445 2630 1491 est
2653 1477 2669 1498 ,
2701 1452 2989 1507 numquam
3016 1438 3225 1495 excidet
3250 1457 3281 1496 a
3310 1442 3567 1497 naturali-

1980 1521 2097 1577 bus.
2146 1514 2385 1579 Nullusa
2415 1524 2732 1581 dormiendo
2772 1528 3065 1596 abstinuit,
3100 1530 3278 1586 nullus
3314 1546 3344 1586 a
3370 1547 3562 1588 corru-

1980 1617 2162 1686 ptione
2189 1617 2255 1671 ad
2300 1618 2752 1690 incorruptionem
2783 1623 3008 1678 transire
3056 1625 3259 1693 potuit,
3291 1627 3467 1681 nullus
3492 1626 3562 1681 ah

1980 1710 2156 1764 esurie
2181 1710 2434 1766 liberatus
2458 1721 2562 1778 est,
2584 1712 2653 1766 ita
2680 1722 2738 1768 ut
2760 1729 2865 1769 non
2890 1715 3026 1769 ultra
3052 1718 3271 1771 esuriat.
3298 1717 3424 1774 ideo
3448 1718 3564 1775 lucc

1980 1818 2086 1857 non
2118 1804 2169 1858 in
2210 1806 2415 1859 crimen
2447 1815 2763 1874 vertuntur,
2794 1824 2968 1878 neque
2997 1811 3153 1865 nobis
3181 1826 3242 1867 ea
3271 1812 3561 1881 exprobra-

1981 1910 2119 1950 mus.
2167 1893 2352 1965 Neque
2379 1896 2610 1966 aliquem
2638 1908 2989 1955 accusaturus
3015 1902 3278 1972 quispiam
3307 1903 3445 1957 dixit
3474 1922 3487 1956 :
3516 1903 3563 1958 Ο

1981 1983 2191 2054 impure
2211 2026 2228 2052 ,
2257 1995 2308 2039 et
2341 1985 2677 2055 passionibus
2707 1989 2972 2055 obnoxie;
3001 1990 3094 2045 sed
3121 2000 3213 2045 aut
3240 1992 3560 2048 adulterium

1981 2085 2073 2131 aut
2096 2085 2335 2147 stuprum
2360 2088 2451 2130 aut
2478 2077 2603 2146 quid
2630 2078 2805 2134 simile
2825 2095 3038 2150 seraper
3060 2081 3308 2137 obnoxiis
3333 2082 3563 2154 proferi-

1983 2180 2136 2232 mus,
2183 2176 2235 2222 et
2290 2165 2359 2221 ad
2402 2168 2614 2237 judices
2643 2169 2962 2226 adducimus
2988 2173 3076 2242 qui
3129 2174 3481 2229 criminentur
3509 2186 3563 2230 et

1929 2259 1945 2271 “
1983 2259 2224 2328 puniant,
2260 2266 2314 2312 et
2340 2273 2437 2327 pro
2457 2261 2739 2316 contrariis
2765 2261 2971 2318 honore
2995 2263 3247 2319 alliciant.
3280 2266 3413 2321 Cum
3435 2283 3562 2338 ergo

1988 2363 2096 2403 tum
2125 2365 2188 2405 ex
2213 2350 2277 2404 iis
2308 2365 2427 2420 qua:
2456 2351 2594 2406 inter
2618 2369 2717 2407 nos
2742 2365 2926 2408 mutuo
2955 2354 3180 2411 facimus
3200 2397 3216 2422 ,
3250 2368 3361 2412 tum
3405 2376 3471 2413 ex
3498 2361 3563 2414 iis

1982 2457 2103 2512 qua:
2131 2442 2184 2497 in
2219 2442 2421 2511 judicio
2452 2444 2683 2512 patimur
2705 2485 2720 2509 ,
2751 2453 2808 2499 et
2830 2445 2883 2499 in
2911 2444 3116 2516 legibus
3143 2447 3524 2518 descripsimus
3544 2493 3559 2515 ,

1986 2542 2095 2587 tum
2122 2548 2188 2588 ex
2219 2533 2283 2588 iis
2310 2534 2377 2588 de
2400 2533 2592 2603 quibus
2620 2549 2718 2589 nos
2748 2535 2893 2604 ipsos
2920 2535 3257 2603 damnamus,
3291 2538 3415 2594 licet
3449 2544 3566 2596 nul-

1986 2624 2067 2680 lus
2089 2635 2306 2681 accuset
2330 2642 2344 2690 ;
2387 2641 2452 2680 ex
2475 2642 2540 2681 eo
2562 2625 2702 2695 quod
2729 2627 2887 2681 etiam
2914 2643 3008 2697 per
3027 2629 3288 2700 ignaviam
3332 2631 3561 2701 pejores,

1986 2733 2080 2788 per
2123 2719 2367 2774 timorem
2396 2720 2646 2774 meliores
2675 2719 2975 2775 efﬁciantur
2997 2763 3013 2789 ,
3044 2720 3368 2795 demumque
3399 2742 3469 2779 ex
3499 2744 3565 2780 co

1984 2809 2125 2880 quod
2172 2809 2308 2865 alios
2355 2808 2629 2865 videamus
2674 2809 2933 2881 prmclare
2985 2824 3204 2885 agentes
3230 2814 3297 2870 ad
3326 2815 3566 2885 philoso-

1987 2902 2125 2971 phiae
2163 2902 2372 2957 culmen
2417 2902 2627 2956 venisse
2653 2944 2667 2967 ,
2701 2903 2873 2968 palam
2917 2905 2984 2959 sit
3029 2920 3192 2976 penes
3236 2922 3335 2963 nos
3363 2924 3482 2965 esse
3512 2921 3568 2964 ut

1987 3003 2131 3049 recte
2160 3008 2413 3064 agamus;
2442 3009 2539 3049 cur
2581 3009 2679 3049 nos
2712 2994 2906 3050 frustra
2949 2997 3154 3068 frigidis
3179 3000 3486 3055 obtentibus
3514 3013 3569 3057 et

1985 3084 2417 3140 cxcusationibus
2443 3085 2740 3155 decipimus
2760 3126 2775 3150 ,
2806 3103 2926 3157 qua:
2953 3103 3059 3142 non
3102 3088 3265 3145 modo
3294 3090 3451 3146 nobis
3478 3109 3569 3148 ve-

1988 3180 2128 3232 niam
2157 3192 2262 3231 nou
2285 3177 2573 3232 concilient
2598 3218 2614 3243 ,
2657 3177 2750 3232 sed
2793 3178 2970 3248 potius
3002 3180 3339 3238 intolerabile
3366 3184 3567 3254 suppli-

1988 3270 2166 3335 cium;
2193 3284 2314 3324 cum
2346 3278 2619 3339 oporteret
2643 3269 2785 3324 diem
2811 3270 2956 3324 illum
2987 3271 3282 3328 terribilem
3312 3289 3420 3344 pra:
3450 3290 3571 3330 ocu-

1990 3362 2055 3416 lis
2094 3362 2372 3427 habentes,
2400 3361 2613 3416 virtutis
2650 3376 2832 3417 curam
2860 3378 3047 3434 gerere
3072 3372 3126 3419 et
3152 3373 3275 3435 post
3299 3364 3570 3422 modicqu

1988 3454 2225 3509 laborem
2252 3454 2679 3524 incorruptibiles
2702 3469 2932 3511 coronas
2961 3457 3244 3526 accipere?
3264 3456 3405 3514 Nihil
3425 3463 3570 3515 enim

1991 3546 2144 3601 nobis
2163 3547 2451 3617 proderunt
2467 3546 2581 3600 lucc
2601 3546 2759 3602 verba
2777 3564 2791 3615 ;
2808 3547 2901 3603 sed
2914 3550 3179 3618 conservi,
3199 3550 3287 3621 qui
3303 3551 3572 3607 contraria

1992 3646 2136 3693 recte
2183 3647 2438 3709 egerunt,
2491 3648 2799 3708 peccatores
2825 3653 3016 3695 onmes
3039 3639 3400 3708 damnabunt,
3444 3656 3573 3699 cru-

1992 3732 2163 3787 delem
2191 3731 2518 3798 misericors,
2554 3734 2750 3787 malum
2776 3733 2967 3800 bonus,
2993 3735 3247 3791 audacem
3276 3735 3570 3805 modestus,

1995 3823 2230 3877 invidum
2261 3823 2587 3891 benevolus,
2620 3841 2770 3880 vana:
2815 3824 3000 3895 gloria:
3037 3826 3288 3896 cupidum
3336 3826 3575 3896 philoso-

1996 3914 2133 3985 phus
2154 3957 2171 3982 ,
2203 3930 2420 3985 scgneru
2448 3915 2719 3971 studiosus
2742 3958 2758 3983 ,
2793 3916 3051 3972 lascivum
3077 3930 3276 3974 castus.
3309 3918 3398 3974 Sic
3422 3919 3577 3974 nobis

1991 4005 2249 4076 judicium
2283 4006 2424 4062 Deus
2454 4005 2610 4071 feret,
2642 4016 2926 4076 utrumque
2954 4017 3151 4064 statuet
3173 4009 3440 4072 ordinem.
3476 4009 3574 4064 hos

1998 4098 2218 4153 laudans
2244 4138 2259 4165 ,
2289 4098 2409 4153 illos
2435 4097 2681 4168 puniens.
2720 4096 2914 4152 Verum
2943 4098 3119 4164 absit,
3146 4109 3205 4153 ut
3233 4100 3575 4169 pra‘sentium

1995 4190 2259 4259 quispiam
2308 4205 2378 4244 ex
2429 4202 2653 4243 numero
2706 4202 2892 4243 eorum
2923 4187 2993 4242 sit
3043 4188 3132 4259 qui
3187 4188 3473 4259 punientur
3522 4201 3580 4246 et

1998 4280 2289 4351 ignominia
2314 4279 2648 4346 afﬁcientur;
2679 4280 2772 4335 sed
2804 4281 2911 4335 sint
2939 4282 3115 4351 potius
3143 4297 3208 4337 ex
3237 4297 3462 4338 numero
3486 4299 3579 4340 eo-
3645 4320 3651 4326 ρ

1999 4388 2115 4427 rum
2158 4374 2246 4443 qui
2276 4380 2635 4437 coronantur,
2663 4380 2719 4426 et
2760 4370 2998 4428 divinum
3025 4388 3247 4443 regnum
3292 4374 3532 4431 obtinent
3560 4394 3575 4443 ;

1999 4466 2139 4537 quod
2181 4480 2278 4520 nos
2303 4478 2491 4520 omnes
2515 4464 2726 4534 assequi
2775 4465 3054 4535 contingat
3078 4508 3093 4530 ,
3143 4467 3312 4537 gratia
3340 4476 3396 4521 et
3423 4467 3579 4524 beni-

2000 4560 2200 4629 gnitate
2248 4558 2455 4613 Domini
2506 4557 2675 4612 nostri
2724 4555 2852 4613 Jesu
2896 4557 3127 4627 Christi,
3176 4560 3390 4629 quicum
3434 4561 3579 4617 Patri

2003 4666 2211 4720 unaque
2234 4650 2451 4721 Spiritui
2469 4659 2656 4706 sancto
2678 4650 2866 4722 gloria,
2890 4651 3194 4722 itnperium,
3221 4652 3412 4721 honor,
3439 4669 3579 4709 nunc

2005 4754 2059 4799 et
2079 4760 2318 4813 semper,
2351 4755 2405 4800 et
2435 4745 2488 4799 in
2513 4745 2709 4800 sarcula
2738 4745 3076 4801 saeculorum.
3106 4749 3298 4803 Amen.

1807 4918 2150 4985 HOMILIA
2196 4924 2305 4984 Ill.

328 5064 462 5124 Car.
490 5070 538 5122 i.
570 5085 621 5123 v.
656 5070 742 5125 10.
778 5069 995 5124 Obsecro
1021 5079 1186 5123 autem
1214 5086 1321 5136 vos,
1356 5075 1557 5138 fratres,
1591 5086 1679 5138 per
1716 5087 1897 5125 nomen

405 5157 606 5213 Domini
633 5163 788 5216 nostri
819 5163 944 5216 λεια
974 5159 1196 5226 Christi,
1225 5170 1279 5214 ut
1308 5161 1443 5214 idem
1471 5162 1651 5215 dicatis
1678 5178 1849 5216 omnes
1877 5203 1892 5227 ,

396 5260 451 5306 et
494 5268 594 5306 non
617 5253 710 5308 sint
746 5256 797 5309 in
841 5255 978 5309 vobis
1004 5255 1311 5319 schismata;
1338 5254 1447 5309 sitis
1482 5264 1651 5308 autem
1692 5255 1899 5325 perfecti

388 5346 445 5400 in
475 5347 650 5399 eadem
672 5356 828 5402 tuente
852 5356 901 5403 et
928 5347 981 5400 in
1005 5346 1180 5400 eadem
1216 5347 1480 5400 sententia.
1544 5357 1549 5361 ‘

391 5439 447 5492 i.
478 5435 872 5508 lncrepatioues
893 5437 1077 5492 sensim
1103 5446 1149 5491 et
1178 5437 1434 5491 moderate
1458 5437 1569 5505 ﬁeri
1594 5446 1811 5506 Oportet.
1830 5465 1900 5476 --

315 5526 470 5594 Quod
499 5543 715 5597 semper
740 5527 985 5583 dicebam
1012 5567 1026 5591 ,
1054 5528 1252 5585 sensim
1281 5536 1336 5583 et
1362 5528 1616 5597 paulatim
1649 5529 1896 5597 increpa-

318 5620 495 5675 tioncs
536 5620 652 5676 ﬁeri
700 5628 972 5690 oportere,
1013 5621 1118 5675 hoc
1140 5629 1196 5675 et
1240 5620 1433 5675 Paulus
1462 5620 1547 5676 hic
1574 5619 1718 5676 facit.
1766 5620 1900 5675 item

318 5712 462 5766 enim
489 5728 735 5783 magnam
768 5710 1108 5781 ingressurus
1149 5712 1332 5767 multis
1357 5713 1570 5783 plenam
1598 5712 1854 5783 periculis
1878 5753 1893 5778 ,

328 5810 525 5871 etquae
555 5812 735 5872 posset
777 5801 1067 5859 Ecclesium
1098 5802 1331 5860 funditus
1373 5814 1653 5873 evertere,
1686 5803 1897 5859 mitiore

646 5921 915 5979 ΡΑτιιοι.
956 5923 1074 5986 (in.
1123 5924 1281 5985 LXI.

2005 5073 2171 5125 utitur
2212 5084 2484 5125 sermone.
2513 5070 2604 5123 Ait
2630 5068 2772 5124 enim
2802 5084 2862 5125 se
2910 5071 3196 5128 obsecrare
3223 5073 3372 5138 illos;
3418 5073 3578 5130 obse-

2003 5176 2156 5216 crare
2182 5168 2359 5215 autem
2388 5174 2486 5231 per
2512 5158 2783 5215 Christum
2806 5204 2819 5229 ,
2849 5163 2997 5232 quasi
3024 5163 3138 5234 ipse
3169 5165 3316 5219 solus
3343 5180 3446 5220 non
3470 5166 3581 5221 suf-

2004 5254 2185 5309 ﬁceret
2208 5252 2273 5307 ad
2293 5253 2451 5308 talem
2475 5253 2938 5324 supplicationem,
2962 5265 3015 5311 et
3038 5254 3103 5310 ad
3130 5256 3576 5326 persuadendum.

2003 5343 2138 5411 Quid
2186 5352 2271 5399 eat
2314 5352 2528 5414 autem,
2559 5345 2795 5401 Obsecro
2826 5362 2920 5415 per
2947 5346 3256 5402 Chriswm?
3302 5348 3581 5403 Christum

2006 5438 2232 5494 adhibeo
2274 5439 2476 5493 socium
2497 5479 2512 5504 ,
2544 5448 2598 5493 et
2626 5438 2679 5493 in
2728 5439 2981 5493 auxilium
3008 5439 3124 5509 ejus
3166 5455 3360 5494 nomen
3391 5441 3583 5511 injuria

2007 5538 2061 5584 et
2102 5530 2423 5585 contumelia
2452 5530 2720 5585 affectum.
2774 5530 3076 5586 Admodum
3123 5532 3397 5603 apposite,
3431 5544 3486 5589 ut
3516 5552 3579 5593 ue

2010 5621 2086 5677 illi
2140 5621 2481 5691 impudenter
2528 5630 2789 5694 agerent:
2819 5623 3155 5693 impudentes
3198 5625 3340 5680 enim
3390 5638 3583 5697 pecca-

2010 5722 2119 5765 tum
2169 5711 2313 5767 facit.
2349 5711 2475 5768 ldeo
2498 5713 2543 5768 si
2569 5713 2746 5769 statim
2779 5713 2992 5782 quidem
3025 5714 3374 5772 vehementer
3409 5718 3584 5773 incre-

2009 5805 2236 5874 paveris,
2286 5804 2542 5861 immitem
2585 5813 2640 5862 et
2686 5806 3045 5877 impudentem
3095 5806 3302 5864 efﬁcis:
3333 5810 3377 5864 si
3409 5809 3580 5864 incre-

3178 5906 3213 5965 2
