4100 6214
551 353 620 408 εδ
1273 350 1329 406 S.
1366 348 1640 405 ΙΙΟΑΝΝΙΞ
1658 346 2124 406 CIIRYSOSTOMI
2165 351 2477 409 AltClllEP.
2517 354 3041 413 CONSTANTINOP.

555 470 783 539 paveris,
814 469 1073 524 cervicem
1122 467 1311 523 ﬂexisti
1332 508 1348 534 ,
1384 466 1631 536 loquendi
1678 465 1972 521 libertatem
2001 466 2120 521 abs-

553 559 793 624 traxisti,
828 569 884 614 ut
908 560 1153 615 deorsum
1184 558 1441 626 aspiceret
1470 557 1661 611 fecisti.
1701 556 1852 624 Quod
1894 555 2128 611 efﬁciens

553 653 747 707 Paulus
770 653 983 707 interim
1013 652 1258 705 obsecrat
1289 666 1383 719 per
1412 665 1605 705 nomen
1635 649 1855 705 Christi.
1883 650 1951 704 Et
1976 649 2127 718 quid-

554 759 675 798 nam
702 743 989 798 obsecrat?
1023 741 1090 797 Ut
1132 740 1263 794 idem
1294 741 1473 796 dicatis
1506 758 1677 796 omnes
1696 781 1711 807 ,
1745 750 1790 795 et
1818 757 1919 795 non
1947 742 2046 795 sint
2076 743 2127 794 in

551 834 687 888 vobis
724 835 1015 887 schismata.
1064 832 1381 888 Schismatis
1409 832 1708 903 emphatica
1739 832 1818 888 vis
1849 834 2127 903 ipSllmquc

548 925 901 980 accusationis
930 942 1125 981 nomen
1156 926 1286 980 satis
1313 935 1499 992 erant,
1534 935 1588 980 ut
1632 926 1749 981 illos
1779 926 1974 980 acriter
2004 942 2125 994 per-

547 1015 887 1085 stringerent.
915 1016 1030 1072 Non
1062 1016 1203 1072 enim
1235 1017 1446 1071 luerunt
1476 1017 1657 1071 multa:
1680 1027 1858 1087 partes
1879 1018 2119 1086 integrm,

548 1106 641 1161 sed
668 1107 827 1161 etiam
856 1123 958 1162 una
988 1109 1241 1178 perierat.
1271 1107 1403 1162 Nam
1426 1109 1468 1163 si
1498 1109 1753 1163 Ecclesia:
1773 1117 1956 1164 essent
1984 1109 2121 1164 inte-

547 1212 688 1266 gras,
722 1198 874 1252 multi
900 1208 1081 1254 essent
1101 1207 1274 1253 cmtus
1300 1215 1314 1253 :
1346 1199 1391 1252 si
1422 1209 1597 1253 autem
1624 1198 1929 1265 schismata,
1960 1212 2122 1253 unum

547 1288 810 1357 periisset.
842 1290 973 1345 Nam
1004 1291 1143 1360 quod
1175 1291 1437 1362 integrum
1466 1298 1583 1360 est,
1612 1306 1734 1346 cum
1765 1292 1817 1346 in
1848 1291 2012 1346 multa
2042 1290 2123 1346 di-

547 1379 779 1445 viditur,
811 1395 914 1435 non
962 1380 1122 1436 modo
1173 1396 1276 1435 non
1325 1381 1492 1436 multa
1539 1380 1801 1447 efﬁcitur,
1846 1380 1939 1436 scd
1983 1380 2123 1451 quod

547 1486 710 1524 unum
738 1479 851 1526 erat
881 1471 1040 1541 perit.
1072 1471 1215 1526 Talis
1246 1480 1327 1526 est
1350 1471 1697 1527 schismatum
1730 1480 1935 1527 natura.
1974 1471 2122 1525 Dein-

547 1562 615 1616 de
637 1561 759 1631 quia
788 1561 1073 1616 admodum
1106 1563 1490 1631 perstrinxerat
1527 1562 1831 1619 schismatis
1860 1564 2075 1618 nomine
2105 1604 2118 1627 ,

546 1667 731 1705 rursus
757 1652 888 1706 lenit
930 1663 983 1707 et
1015 1652 1219 1723 mitigat
1250 1652 1330 1707 his
1360 1652 1536 1708 verbis
1566 1671 1578 1707 :
1608 1653 1735 1709 Sitis
1766 1664 1932 1709 autem
1957 1655 2121 1723 perfe-

543 1744 610 1795 cti
637 1745 690 1796 in
735 1743 909 1797 eadem
936 1754 1098 1797 mente
1142 1752 1190 1797 et
1232 1744 1284 1797 in
1316 1743 1488 1796 cadent
1515 1744 1780 1799 sententia.
1812 1743 1945 1812 Quia
1976 1745 2116 1798 enim

541 1834 782 1902 dixerat,
817 1833 883 1890 Ut
912 1836 1043 1889 idem
1070 1835 1252 1889 dicatis
1275 1852 1293 1898 ;
1314 1835 1389 1890 Ne
1421 1837 1639 1905 putetis,
1669 1836 1859 1907 inquit,
1887 1852 1973 1891 tne
2001 1852 2121 1892 con-

544 1926 782 1980 cordiam
834 1926 1032 1981 dixisse
1078 1928 1130 1981 in
1163 1927 1341 1981 verbis
1384 1927 1556 1982 solum
1585 1927 1782 1981 sitam:
1826 1942 1944 1982 eam
1975 1928 2117 1982 enim

541 2031 659 2085 qua:
686 2017 739 2071 in
766 2026 947 2071 mente
976 2025 1057 2071 est
1086 2017 1426 2072 concordiam
1455 2017 1691 2087 requiro.
1720 2017 1825 2073 Sed
1854 2019 1974 2088 quia
2007 2017 2118 2073 ﬁeri

540 2117 749 2177 potest,
784 2118 842 2164 ut
870 2109 1098 2179 idipsum
1129 2118 1311 2164 mente
1340 2109 1521 2164 dicant
1550 2151 1564 2175 ,
1608 2110 1703 2165 sed
1732 2126 1837 2164 non
1879 2112 1931 2164 ill
1959 2111 2119 2166 rebus

546 2201 795 2273 omnibus
817 2244 833 2270 ,
866 2202 987 2258 ideo
1014 2200 1142 2257 illud
1172 2202 1330 2257 etiam
1361 2201 1583 2267 addidit,
1611 2202 1737 2257 Sitis
1762 2213 1927 2257 autent
1950 2206 2116 2276 perfe-
2152 2246 2163 2255 .

540 2297 625 2349 cti.
658 2296 758 2364 Qui
783 2296 925 2352 enim
954 2297 1006 2352 ill
1037 2297 1215 2367 aliquo
1235 2297 1453 2367 junctus
1480 2308 1596 2362 est,
1626 2298 1677 2353 ill
1722 2299 1899 2370 aliquo
1940 2310 2116 2355 autem

542 2386 798 2454 dissidet,
841 2404 946 2443 non
996 2388 1180 2459 utique
1231 2388 1498 2458 perfectus
1527 2400 1644 2459 est,
1686 2406 1861 2461 neque
1910 2395 1961 2445 in
2010 2401 2119 2447 toto

541 2481 828 2536 consentit.
876 2480 1019 2534 Fieri
1069 2490 1243 2533 autem
1286 2489 1499 2548 potest,
1541 2490 1598 2534 tlt
1639 2482 1759 2550 quis
1798 2483 2117 2551 cogitatione

542 2571 865 2637 concordet,
910 2586 1086 2640 neque
1127 2579 1302 2625 tamen
1347 2573 1610 2627 sententia
1650 2591 1662 2626 :
1714 2583 1770 2629 ut
1813 2590 1932 2628 cum
1974 2591 2119 2631 eam-

541 2665 664 2720 dem
718 2664 977 2720 habentes
1020 2663 1208 2727 ﬁdem,
1261 2665 1480 2719 caritate
1523 2665 1692 2735 juncti
1755 2682 1860 2720 non
1909 2682 2113 2722 sumus.

540 2755 631 2811 Sic
688 2755 832 2810 enim
885 2755 1175 2809 secundum
1231 2755 1462 2825 cogitata
1503 2755 1677 2826 juncti
1738 2772 1923 2813 sumus
1979 2760 1998 2822 (
2024 2773 2114 2814 ea-

540 2846 662 2902 dem
709 2846 907 2916 quippe
950 2845 1271 2915 cogitamus)
1300 2889 1312 2913 ,
1345 2848 1609 2902 sententia
1640 2864 1767 2903 vero
1795 2864 1899 2904 non
1942 2851 2071 2906 item
2101 2869 2113 2904 :

540 2939 682 3009 quod
712 2938 871 2995 etiam
903 2947 1028 2995 tunc
1056 2938 1251 2993 factum
1283 2951 1365 2994 est
1386 2982 1399 3005 ,
1430 2956 1549 2995 cum
1585 2939 1669 2996 hic
1703 2942 1916 3011 quidem
1944 2942 2111 3008 illum,

542 3032 634 3087 ille
676 3031 840 3086 alium
870 3030 1114 3099 eligeret.
1165 3030 1288 3085 ldeo
1336 3031 1406 3085 ait
1451 3041 1505 3086 et
1548 3043 1727 3087 mente
1754 3042 1808 3087 et
1853 3034 2115 3089 sententia

535 3120 686 3192 jungi
715 3119 930 3176 debere.
959 3119 1142 3189 Neque
1185 3120 1327 3174 enim
1355 3120 1495 3189 quod
1524 3120 1578 3175 in
1607 3121 1712 3178 fide
1759 3122 2080 3179 dissidereut
2098 3165 2112 3188 ,

541 3211 832 3266 schismata
885 3219 1076 3273 erant;
1128 3209 1221 3264 sed
1264 3209 1408 3279 quod
1438 3212 1701 3267 sententia
1732 3211 2115 3269 dirimerentur

542 3303 834 3359 secundum
857 3303 1143 3358 humanam
1174 3302 1596 3362 contentionem.
1621 3304 1726 3360 Sed
1750 3306 1999 3376 quoniam
2026 3306 2072 3361 is
2096 3348 2112 3375 ,

541 3396 632 3466 qui
659 3403 973 3459 accusatur,
1005 3394 1178 3449 donec
1218 3401 1384 3448 testes
1410 3409 1516 3449 non
1557 3394 1752 3461 habet,
1778 3396 2114 3465 impudenter

542 3488 682 3558 agit;
714 3485 835 3542 vide
864 3486 1133 3557 quomodo
1160 3501 1265 3541 non
1297 3486 1597 3541 concedens
1623 3496 1680 3541 ut
1709 3498 1922 3558 negent,
1953 3498 2115 3543 testes

543 3578 785 3633 adducat.
839 3578 923 3633 ll.
970 3577 1328 3649 Signi/iratum
1366 3576 1499 3630 enim
1552 3586 1623 3631 est
1668 3578 1794 3631 mihi
1834 3579 1896 3631 de
1934 3579 2111 3646 vobis,

545 3673 724 3739 fratres
749 3713 762 3734 ,
796 3670 859 3723 ab
900 3670 962 3722 iis
986 3669 1070 3732 qui
1096 3678 1212 3723 sunt
1241 3668 1442 3723 Chloes.
1474 3667 1658 3738 Neque
1694 3669 1874 3723 statim
1905 3669 2004 3724 hoc
2033 3669 2114 3724 di-

545 3773 714 3827 xerat,
745 3761 839 3816 sed
864 3762 1034 3829 primo
1055 3761 1452 3816 accusationem
1476 3770 1746 3831 posuerat,
1778 3761 1918 3831 quod
1943 3762 2111 3832 ipsmn

544 3851 965 3919 significantibus
992 3852 1286 3909 credidisse
1312 3853 1536 3923 probat:
1567 3852 1670 3907 nisi
1697 3852 1840 3908 enim
1865 3853 1964 3909 hoc
1993 3852 2115 3908 fuis-

543 3956 619 3998 set
639 3987 653 4010 ,
683 3959 788 3998 non
818 3953 1120 4000 accusasset
1145 3962 1159 4000 :
1188 3962 1293 4001 non
1339 3954 1541 4001 temere
1571 3944 1711 4001 enim
1758 3945 1952 4000 Paulus
1994 3961 2115 4002 cre-

541 4035 782 4091 didisset.
831 4034 1013 4107 Neque
1053 4035 1230 4091 statim
1273 4036 1401 4091 disit
1433 4035 1535 4092 sibi
1574 4034 1927 4105 signiﬁcatum
1959 4049 2109 4101 esse,

543 4144 608 4179 nc
642 4126 907 4181 videretur
934 4126 1087 4196 quasi
1114 4125 1183 4180 ab
1211 4126 1314 4180 illis
1340 4125 1587 4180 inductus
1613 4140 1866 4181 accusare
1895 4144 1907 4179 :
1943 4141 2115 4195 neque

544 4220 703 4273 tacuit
731 4234 913 4274 eorum
948 4232 1165 4284 nomen,
1197 4232 1263 4272 ne
1288 4217 1562 4272 videretur
1588 4232 1653 4272 ex
1687 4232 1745 4272 se
1773 4208 1888 4272 solo
1914 4216 2111 4272 dicere.

545 4310 748 4366 ltursus
798 4309 921 4365 illos
947 4309 1141 4365 fratres
1184 4309 1442 4364 nominat.
1478 4309 1626 4365 Licet
1669 4310 1809 4365 enim
1843 4317 2115 4380 peccatum

544 4400 879 4456 manifestum
926 4409 1099 4466 esset,
1133 4399 1263 4453 nihil
1293 4399 1619 4468 impediebat
1665 4401 1949 4468 quominus
1995 4400 2116 4453 illos

541 4490 715 4544 adhuc
745 4489 938 4545 fratres
964 4498 1201 4544 vocaret.
1228 4488 1518 4544 Considera
1549 4497 1726 4542 autem
1757 4489 2114 4559 prudentiam,

545 4578 814 4649 quomodo
843 4594 945 4633 non
975 4588 1275 4649 separatam
1300 4593 1583 4648 personam
1624 4579 1877 4649 posuerit,
1905 4580 1997 4635 sed
2023 4581 2118 4637 do-

544 4684 688 4725 mum
718 4677 903 4736 totam,
937 4683 1003 4723 ne
1027 4667 1130 4738 ipsi
1157 4668 1474 4738 impetereut
1500 4683 1620 4724 eum
1653 4669 1743 4739 qui
1770 4670 1824 4725 id
1855 4671 2110 4729 dixisset:

541 4763 613 4816 ita
643 4759 786 4816 enim
816 4769 870 4814 et
898 4759 1045 4814 illum
1085 4758 1247 4823 texit,
1281 4769 1335 4813 et
1372 4761 1765 4816 accusationem
1811 4763 1927 4818 sine
1973 4775 2118 4820 metu

541 4851 769 4921 aperuit.
796 4852 910 4906 Non
950 4850 1080 4906 vidit
1120 4850 1263 4905 enim
1307 4851 1479 4905 solum
1506 4853 1646 4922 quod
1676 4854 1803 4918 illis,
1825 4857 1920 4910 sed
1953 4858 2113 4914 etiam

542 4942 682 5014 quod
709 4942 792 4999 llis
819 4941 1111 5012 expediret.
1143 4941 1268 4997 Ideo
1290 4957 1395 4997 non
1425 4943 1592 5009 dixit,
1617 4943 1985 5016 Signiﬁcatuln
2017 4951 2118 5005 lni-

544 5032 601 5089 lli
628 5041 711 5087 est
737 5048 766 5084 a
794 5031 1146 5101 quibusdam;
1178 5032 1270 5088 sed
1301 5035 1461 5088 etiam
1499 5034 1714 5092 domum
1747 5037 2001 5094 indicavit
2021 5083 2034 5107 ,
2063 5052 2119 5097 ut

544 5142 612 5180 ne
632 5124 901 5181 videretur
920 5126 1273 5182 comminisci.
1294 5128 1427 5193 Quid
1450 5129 1803 5200 signilieatum
1822 5136 1944 5189 est?
1968 5136 2118 5204 Quod

496 5262 501 5265 ,
528 5217 882 5295 contentiones
911 5218 1009 5271 sint
1039 5217 1092 5271 in
1120 5216 1275 5271 vobis.
1310 5218 1532 5286 Quando
1560 5221 1681 5278 illos
1710 5224 1988 5296 increpat,
2033 5227 2116 5282 di-

526 5310 656 5365 cit:
686 5305 768 5361 Ne
786 5308 884 5361 sint
911 5308 963 5360 in
991 5308 1127 5362 vobis
1151 5308 1453 5375 schismata;
1478 5324 1597 5365 cum
1629 5325 1805 5370 autem
1835 5332 1954 5387 qua:
1980 5317 2115 5372 alio-

550 5418 666 5455 rum
697 5410 820 5454 sunt
847 5401 1158 5463 annuntiat,
1190 5400 1371 5456 mitius
1396 5402 1549 5458 eﬁ'crt
1576 5404 1660 5460 his
1700 5408 1877 5463 verbis
1903 5427 1914 5461 :
1941 5411 2119 5480 Signi-

547 5494 753 5560 ficatunt
790 5493 920 5545 enim
950 5501 1019 5545 est
1044 5492 1186 5557 mihi,
1215 5493 1350 5563 quod
1375 5497 1710 5552 contentiones
1733 5509 1849 5553 sunt
1870 5502 1923 5554 in
1947 5502 2120 5567 vobis;

549 5594 607 5636 ut
636 5598 703 5638 ne
728 5597 822 5638 eos
845 5583 933 5652 qui
959 5582 1234 5652 dixerant,
1268 5601 1371 5640 una
1403 5586 1706 5658 iulpeteret.
1732 5591 1933 5650 Deinde
1952 5609 2121 5665 genus

547 5673 905 5731 contentionis
934 5676 1063 5730 dicit
1088 5695 1101 5731 :
1137 5677 1219 5733 12.
1254 5677 1402 5743 Quod
1441 5683 1775 5752 unusquisque
1802 5695 2014 5742 vestrum
2042 5690 2123 5744 di-

546 5767 614 5825 cit
640 5807 654 5834 ,
706 5763 817 5838 Ego
846 5768 1046 5837 quidem
1075 5786 1189 5824 sum
1222 5769 1374 5825 Pauli
1405 5814 1419 5837 ,
1453 5789 1542 5843 ego
1572 5784 1738 5831 autem
1764 5775 1952 5846 Apollo
1980 5820 1993 5847 ,
2026 5798 2116 5851 ego

3750 376 3829 433 «ξι

2243 485 2355 523 vero
2376 469 2579 542 Cephtc.
2608 472 2987 534 Contentiones
3007 479 3148 535 enim
3170 480 3291 538 dico
3307 526 3322 550 ,
3356 486 3564 558 inquit,
3593 507 3697 546 non
3722 511 3823 552 eas

2235 574 2353 628 qua:
2382 560 2449 616 de
2499 562 2658 635 rebus
2712 566 2935 636 privatis
2963 578 3127 636 sunt,
3181 574 3276 628 sed
3305 578 3606 645 graviores.
3662 583 3817 651 Quod

2234 654 2571 724 unusquisque
2598 665 2816 712 vestrum
2844 660 2984 717 dicit.
3016 661 3132 718 Non
3160 668 3302 720 enim
3335 679 3539 738 partem
3561 716 3576 740 ,
3607 676 3705 731 sed
3733 686 3857 732 to»

2235 748 2342 795 tam
2392 743 2685 816 Ecclesium
2731 752 3004 820 corruptio
3030 753 3366 814 devastabat.
3399 763 3562 833 Atqui
3605 781 3706 822 nec
3745 769 3823 824 de

2233 834 2443 902 scipso,
2480 852 2580 892 nec
2617 838 2685 895 de
2721 840 2915 910 Petro,
2940 859 3041 900 nec
3069 847 3136 903 de
3166 850 3359 919 Apollo
3398 854 3683 923 dicebant;
3718 863 3823 917 sed

2231 926 2503 991 ostendit,
2552 930 2692 998 quod
2740 933 2783 986 si
2825 933 2911 989 his
2948 935 3281 996 innitendum
3323 959 3430 998 non
3473 957 3591 1015 est,
3637 952 3814 1006 multo

2231 1016 2409 1070 minus
2435 1018 2576 1073 aliis.
2607 1019 2760 1087 Quod
2801 1035 2977 1080 autem
3015 1044 3120 1084 non
3161 1030 3229 1086 de
3260 1033 3344 1088 his
3362 1035 3640 1105 dicereut,
3673 1041 3818 1098 infra

2230 1106 2398 1161 dicit:
2433 1108 2559 1164 Illac
2585 1122 2750 1168 autem
2776 1118 3136 1188 transﬁguran
3162 1123 3216 1177 in
3256 1142 3336 1179 me
3363 1136 3409 1180 et
3435 1127 3641 1199 Apollo,
3675 1143 3731 1186 ut
3755 1135 3816 1188 in

2229 1200 2372 1253 nobis
2416 1201 2623 1257 discatis
2664 1221 2765 1260 non
2808 1224 2966 1278 supra
3002 1212 3060 1265 id
3085 1215 3224 1283 quod
3252 1218 3496 1287 scriptum
3532 1233 3604 1276 est
3631 1240 3816 1296 sapere

2232 1293 2308 1361 (ι.
2341 1292 2460 1350 Cor.
2491 1296 2548 1350 ι.
2578 1297 2657 1370 2).
2686 1298 2842 1366 Quod
2876 1302 2923 1358 si
2948 1304 3101 1360 Pauli
3127 1348 3142 1375 ,
3170 1309 3363 1377 Apollo
3397 1321 3448 1366 et
3474 1311 3671 1383 Caplla!
3690 1292 3810 1373 non

2228 1387 2507 1456 oportebat
2534 1389 2635 1444 sibi
2657 1392 2874 1449 nomina
2901 1394 3238 1464 adscribere,
3266 1402 3438 1457 multo
3465 1405 3641 1461 minus
3663 1408 3808 1463 alio-

2227 1493 2367 1533 ruul.
2398 1479 2451 1534 Si
2483 1480 2760 1537 doctorem
2789 1495 2842 1539 et
2872 1487 3099 1554 primum
3127 1492 3492 1559 apostolorum
3512 1537 3528 1561 ,
3561 1498 3648 1569 qui
3676 1508 3797 1552 tan-

2230 1579 2339 1624 tum
2379 1572 2677 1629 instituerat
2708 1578 2997 1646 populum,
3029 1596 3133 1634 non
3166 1585 3444 1653 oportebat
3475 1587 3571 1642 sibi
3597 1589 3809 1645 adscri-

2226 1660 2373 1726 bere,
2399 1664 2564 1718 multo
2586 1666 2762 1720 minus
2781 1682 2874 1722 eos
2893 1670 2982 1739 qui
3004 1670 3136 1725 nihil
3161 1683 3333 1728 erant.
3358 1674 3487 1731 Cum
3509 1676 3807 1749 hyperbole

2226 1751 2403 1823 itaque
2432 1754 2552 1810 illos
2596 1771 2625 1809 a
2667 1758 2855 1813 morbo
2883 1758 3150 1817 abducere
3177 1764 3398 1820 studens
3443 1766 3558 1823 hare
3584 1772 3805 1827 nomina

2226 1845 2395 1913 ponit.
2440 1847 2687 1918 Alioquin
2724 1865 2851 1905 vero
2897 1853 3055 1907 etiam
3088 1856 3260 1911 minus
3289 1859 3566 1917 molestam
3598 1865 3806 1919 oratio-

2225 1951 2346 1991 nem
2378 1938 2590 2007 reddit,
2622 1955 2726 1996 non
2768 1944 3080 2002 nominatim
3106 1962 3390 2005 recensens
3416 1966 3510 2006 eos
3532 1954 3620 2023 qui
3647 1956 3800 2011 scin-

2224 2027 2421 2085 debant
2448 2031 2740 2088 Ecclesiam
2767 2075 2781 2099 ,
2811 2036 2904 2091 sed
2935 2040 3085 2109 quasi
3126 2039 3287 2096 larvis
3310 2043 3624 2111 quibusdam
3662 2062 3804 2116 apo-

2224 2122 2480 2179 stolorum
2502 2126 2806 2182 nominibus
2827 2129 2972 2198 ipsos
2996 2130 3254 2202 obtegens
3280 2152 3293 2186 :
3322 2134 3434 2205 Ego
3460 2137 3665 2205 quidem
3686 2155 3804 2194 sum

2227 2212 2381 2268 Pauli
2405 2256 2419 2279 ,
2451 2233 2541 2286 ego
2570 2228 2738 2273 autem
2766 2221 2951 2290 Apollo
2973 2263 2987 2286 ,
3019 2240 3110 2295 ego
3139 2240 3253 2278 vero
3276 2224 3477 2297 Cephaz.

2293 2308 2347 2361 2.
2383 2308 2579 2366 Paulus
2604 2327 2706 2365 non
2734 2316 2938 2384 praefert
2964 2331 3017 2368 se
3048 2313 3220 2372 Petro.
3243 2346 3313 2360 -—-
3341 2318 3457 2374 Non
3492 2322 3785 2391 pratferens

2224 2413 2284 2454 se
2313 2399 2491 2467 Petro,
2522 2402 2700 2471 posuit
2743 2404 2891 2457 illum
2955 2404 3235 2474 ultimum;
3268 2409 3371 2463 imo
3413 2390 3540 2465 vero
3579 2413 3803 2468 Petrum

2224 2489 2325 2545 sibi
2353 2490 2507 2546 valde
2535 2507 2870 2563 praeponens,
2901 2509 2997 2564 per
3046 2498 3515 2566 ampliﬁcationem
3544 2501 3804 2573 loquutus

2223 2590 2325 2645 est,
2356 2597 2424 2637 ne
2467 2592 2739 2652 putaretur
2782 2588 2884 2642 hoc
2915 2602 3013 2656 per
3060 2589 3319 2645 invidiam
3366 2592 3564 2663 facere,
3606 2605 3662 2652 et
3689 2613 3805 2668 prae

2223 2673 2390 2728 livore
2413 2675 2542 2743 ipsis
2587 2674 2845 2733 honorem
2877 2678 3109 2735 auferre.
3141 2680 3266 2736 ldco
3294 2684 3531 2754 seipsum
3562 2687 3795 2756 primum

2223 2768 2418 2834 posuit.
2451 2766 2583 2822 Nam
2609 2770 2698 2840 qui
2729 2785 2786 2825 se
2826 2771 3051 2839 primum
3086 2778 3356 2843 reprobat,
3385 2793 3491 2833 non
3522 2780 3660 2849 quod
3690 2781 3800 2835 ho-

2223 2873 2410 2914 norem
2459 2870 2605 2915 amet
2642 2861 2745 2917 hoc
2771 2861 2914 2929 facit,
2947 2864 3040 2919 sed
3072 2866 3213 2935 quod
3264 2869 3421 2924 talem
3451 2871 3671 2940 gloriam
3701 2874 3802 2929 ad-

2223 2949 2437 3004 nlodum
2465 2949 2744 3021 despiciat.
2769 2953 2960 3008 Totum
2989 2971 3117 3026 ergo
3149 2958 3401 3030 impetum
3430 2963 3631 3030 primus
3659 2966 3802 3020 exci-

2223 3038 2318 3108 pit,
2351 3048 2579 3111 tuncque
2605 3043 2754 3111 ponit
2773 3043 2982 3112 Apollo,
3008 3055 3192 3115 postea
3220 3048 3482 3120 Cepham.
3514 3053 3631 3108 Non
3667 3070 3798 3127 ergo

2220 3143 2341 3185 sese
2367 3131 2630 3186 extollens
2660 3133 2711 3187 id
2736 3132 2892 3199 fecit;
2924 3136 3015 3191 sed
3037 3137 3087 3199 in
3117 3139 3202 3207 iis,
3230 3156 3348 3211 quae
3373 3141 3487 3198 ﬁeri
3509 3161 3616 3200 non
3636 3161 3798 3217 opor-

2221 3220 2365 3276 tebat
2389 3262 2401 3284 ,
2438 3237 2533 3291 per
2559 3225 2827 3294 prepriam
2861 3241 3143 3296 personam
3193 3233 3368 3301 primo
3405 3237 3794 3295 correctionem

2220 3309 2363 3366 facit.
2397 3313 2501 3369 Sed
2527 3314 2668 3385 quod
2694 3316 2728 3370 ii
2751 3316 2986 3386 quidem,
3016 3321 3105 3391 qui
3133 3320 3254 3377 huic
3281 3324 3364 3379 vel
3389 3326 3477 3379 alii
3513 3342 3573 3382 se
3592 3328 3796 3384 adscri-

2222 3406 2431 3472 berent,
2462 3417 2767 3477 peccarent,
2797 3410 2975 3480 palam
3012 3421 3094 3467 est
3123 3428 3138 3467 :
3170 3428 3232 3468 ac
3258 3424 3406 3471 recte
3436 3417 3556 3473 illos
3578 3421 3798 3491 corrigit

2219 3496 2402 3552 dicens
2436 3497 2591 3553 :Non
2620 3499 2753 3557 bene
2796 3500 2968 3556 facitis
3005 3502 3277 3570 dicentes,
3321 3506 3433 3578 Ego
3458 3510 3659 3578 quidem
3682 3528 3796 3566 sunt

2221 3588 2396 3655 Pauli,
2420 3606 2512 3660 ego
2544 3602 2712 3645 autem
2739 3593 2945 3662 Apollo,
2971 3612 3061 3665 ego
3087 3611 3201 3651 vero
3245 3596 3446 3668 Ceplue.
3481 3600 3588 3657 Cur
3611 3613 3791 3659 autem

2218 3680 2441 3746 addidit,
2475 3682 2584 3754 Ego
2605 3700 2719 3738 vero
2742 3684 2969 3741 Christi?
2988 3687 3121 3743 Nam
3150 3689 3195 3745 si
3225 3690 3258 3745 ii
3284 3694 3373 3763 qui
3403 3710 3461 3749 se
3487 3694 3792 3753 hominibus

2222 3771 2621 3842 adscripserunt
2650 3790 2960 3843 peccavere,
3000 3795 3105 3833 non
3138 3790 3289 3837 certe
3321 3783 3356 3838 ii
3384 3786 3471 3854 qui
3496 3802 3553 3839 se
3576 3784 3789 3844 Christo

2221 3861 2560 3917 addicebant.
2586 3863 2692 3918 Sed
2743 3880 2847 3920 nou
2877 3882 2968 3923 eos
2993 3867 3093 3924 hac
3120 3870 3190 3926 de
3220 3887 3279 3928 re
3308 3875 3612 3943 accusabat,
3650 3877 3793 3948 quod

2219 3965 2279 4004 se
2299 3949 2510 4006 Christo
2537 3952 2927 4022 adscriberent,
2954 3958 3049 4013 sed
3074 3962 3249 4016 solum
3280 3964 3420 4034 quod
3449 3981 3555 4021 non
3581 3984 3789 4024 omnes.

2220 4039 2356 4095 Puto
2378 4050 2556 4095 autem
2588 4042 2761 4112 ipsum
2794 4043 2895 4100 hoc
2924 4062 2987 4102 ex
3017 4064 3076 4104 se
3099 4050 3381 4121 adjecisse,
3413 4063 3471 4109 ut
3494 4059 3794 4125 graviorem

2223 4129 2423 4187 faceret
2459 4134 2893 4202 accusationem,
2953 4148 3008 4194 et
3057 4142 3366 4200 ostenderet
3389 4144 3659 4203 Christum
3704 4150 3796 4205 uni

2223 4219 2406 4276 datum
2437 4237 2559 4278 esse
2587 4226 2746 4294 parti,
2796 4227 3004 4283 etiamsi
3045 4229 3121 4283 illi
3154 4231 3254 4286 hoc
3290 4247 3394 4287 non
3421 4236 3499 4289 sic
3533 4236 3790 4292 facerent.

2222 4313 2375 4380 Quod
2398 4318 2541 4372 enim
2590 4318 2691 4373 hoc
2722 4320 3156 4383 subindicaverit,
3188 4336 3283 4390 per
3308 4339 3368 4377 ea
3401 4338 3518 4393 quae
3547 4340 3788 4394 sequun-

2226 4415 2309 4460 tur
2334 4408 2568 4463 ostendit
2589 4409 2771 4465 dicens
2804 4427 2818 4463 :
2848 4411 2932 4464 l3.
2964 4408 3171 4466 Divislts
3192 4423 3263 4467 est
3294 4412 3523 4470 Christus
3549 4416 3574 4469 ?
3603 4417 3658 4472 ld
3687 4432 3792 4486 est,

2222 4496 2492 4553 Christum
2515 4500 2845 4566 concidistis,
2865 4510 2916 4555 et
2938 4515 3131 4570 corpus
3157 4503 3273 4572 ejus
3304 4505 3584 4564 divisistis.
3630 4510 3797 4570 Vides

2224 4590 2378 4656 iram,
2412 4591 2562 4646 vides
2583 4592 3024 4662 increpationem,
3049 4593 3196 4649 vides
3225 4610 3529 4653 sermonem
3555 4601 3798 4673 indigna-

2224 4683 2369 4737 tione
2398 4683 2649 4753 plenunl?
2671 4684 2800 4739 Cum
2829 4686 2972 4741 enim
2998 4703 3104 4741 nou
3135 4689 3445 4758 probatione
3474 4703 3676 4760 utatur,
3703 4696 3797 4752 sed

2224 4776 2518 4847 interroget
2555 4786 2762 4832 tantum
2785 4818 2799 4840 ,
2834 4778 2937 4833 hoc
2965 4777 3087 4834 facit
3115 4785 3265 4850 quasi
3296 4783 3601 4841 absurditas
3631 4787 3717 4841 illa
3745 4789 3796 4843 ill

2224 4866 2470 4921 eoul‘esso
2501 4867 2590 4921 sit.
2620 4868 2848 4934 Quidam
2870 4885 3000 4925 vero
3026 4870 3171 4925 aliud
3192 4873 3535 4930 subindicare
3564 4886 3749 4946 putant
3777 4918 3792 4943 ,

2223 4972 2342 5011 cum
2383 4958 2488 5012 ait:
2516 4956 2722 5012 Divisus
2761 4968 2833 5013 est
2861 4958 3093 5016 Christus
3117 4978 3135 5027 ;
3158 4979 3350 5034 nempe
3372 4964 3638 5036 diSpel'liil
3663 4968 3801 5038 apud

2225 5048 2466 5104 homines
2492 5059 2546 5104 et
2572 5050 2751 5105 divisit
2784 5052 3103 5122 Ecclesium,
3131 5064 3187 5109 et
3209 5066 3412 5124 partem
3441 5057 3656 5127 quidem
3689 5061 3803 5128 ipse

2223 5141 2386 5209 cepit,
2410 5140 2675 5211 aliamque
2700 5143 2806 5198 illis
2833 5143 2998 5198 dedit.
3034 5145 3237 5202 Deinde
3256 5147 3639 5206 absurditatem
3658 5151 3798 5206 illam

2226 5231 2363 5286 tollit
2385 5232 2569 5287 dicens
2593 5250 2605 5285 :
2648 5233 2913 5305 Numquid
2947 5234 3144 5291 Paulus
3183 5240 3460 5308 cruci/imus
3481 5252 3553 5296 est
3581 5258 3673 5311 pro
3701 5257 3792 5295 vo-

2225 5325 2319 5391 bis,
2349 5336 2437 5379 aut
2461 5328 2514 5380 in
2545 5328 2746 5383 nomine
2777 5327 2931 5382 Pauli
2960 5328 3203 5398 baptizati
3221 5332 3339 5387 estis
3359 5334 3385 5387 Ρ
3414 5333 3544 5389 Vide
3568 5342 3802 5389 mentem

2226 5416 2423 5472 Christi
2453 5426 2721 5474 atnaul‘cm
2746 5462 2758 5482 ,
2791 5420 3063 5490 quomodo
3119 5422 3173 5474 in
3221 5438 3415 5479 nomen
3464 5439 3615 5481 suum
3649 5424 3803 5478 deino

2227 5525 2354 5581 ceps
2388 5520 2556 5566 totum
2596 5512 2826 5568 adducat
2853 5554 2868 5577 ,
2892 5513 3119 5568 ubertim
3150 5516 3440 5572 ostendens
3467 5517 3605 5570 hunc
3631 5516 3804 5573 hono-

2228 5615 2341 5656 rem
2365 5603 2564 5658 nemini
2581 5613 2912 5673 competere.
2941 5607 3016 5658 Ac
3041 5619 3110 5658 ne
3139 5606 3380 5662 videatur
3407 5606 3609 5662 invidia
3630 5618 3809 5663 motus

2230 5691 2344 5746 lucc
2394 5693 2613 5760 dicere,
2655 5693 2779 5749 ideo
2826 5710 2884 5749 sc
2939 5695 3244 5766 frequenter
3296 5698 3676 5754 circumversat
3711 5717 3725 5753 :
3758 5709 3810 5756 et

2234 5785 2570 5855 prudentiam
2601 5788 2903 5845 considera.
2931 5789 3047 5845 Non
3079 5791 3219 5848 enim
3247 5790 3402 5862 dixit,
3436 5792 3572 5850 Num
3608 5794 3806 5851 Paulus
