4100 6214
373 277 458 332 25
1464 271 1528 327 IN
1571 272 1789 332 EPIST.
1830 276 1850 330 Ι
1889 273 1969 329 ΑΙ]

2071 274 2174 333 0R.
2216 276 2451 337 HOMIL.
2502 283 2590 340 Ill.
3581 291 3651 344 Ξῑ

370 390 639 462 τδδνομα
665 386 832 443 ἱκανά
862 388 1069 461 σφόδρα
1101 388 1321 444 αὖτῶνι
1357 387 1726 458 καθάψασθαι.
1756 390 1832 443 Οὐ
1865 390 1972 459 γὰρ

379 474 567 528 πολλά
608 473 833 541 γέγονεν
869 472 1144 544 ὁλόκληρα
1178 474 1345 546 μέρη,
1383 472 1520 528 ἀλλά
1559 474 1654 526 καὶ
1683 473 1744 526 τὸ
1772 474 1829 527 ἓν
1867 476 1974 527 ἀπ-

384 558 579 612 ώλετο.
623 558 683 610 Et
733 555 839 627 μὲν
870 556 981 628 7&9
1018 558 1333 629 Ἐκκλησίαι
1359 553 1501 629 ἦσαν
1549 558 1870 628 ὁλόκληροι,
1904 553 1973 626 ἦν

389 642 561 696 πολλὰ
608 640 678 695 τὰ
726 643 1071 713 συστήματα·
1121 644 1169 696 εί
1212 638 1270 696 δὲ
1322 643 1622 714 σχίσματα,
1667 642 1765 695 καὶ
1809 641 1872 695 τὸ
1916 640 1973 694 ἐν

386 725 674 794 διεφθάρη.
699 724 775 777 Τδ
798 726 909 796 7&9
932 725 1124 795 όλόκλη
1134 743 1246 797 ρον,
1265 726 1394 779 ὃταν
1414 727 1493 789 εἰς
1511 725 1684 778 πολλά
1704 723 1971 795 διαιρεθῇ,

388 809 451 861 οὐ
483 808 645 876 μόνον
690 806 864 861 πολλά
900 808 963 861 οὐ
1003 808 1239 876 γίνεται,
1268 807 1406 861 ἀλλά
1434 809 1530 861 καὶ
1558 808 1619 860 τὸ
1648 807 1705 860 ἓν
1738 807 1976 861 ἀπόλλυ-

379 907 494 945 ται.
524 890 766 961 Τοιαύτη
801 891 911 944 τῶν
952 892 1268 961 σχισμάτων
1307 894 1342 962 ἡ
1380 890 1562 961 φύσις.
1596 886 1752 956 Εἶτα,
1788 889 1974 961 ἐπειδὴ

381 973 593 1043 σφόδρα
608 973 895 1044 καθήψατο
909 976 974 1044 τῇ
997 974 1337 1045 προσηγορίᾳ
1357 974 1450 1027 τοῦ
1476 975 1794 1044 σχίσματος,
1811 972 1973 1026 πάλιν

348 1056 588 1111 λεαίνει
619 1059 715 1111 καὶ
747 1058 976 1127 πραΰνει
1004 1057 1182 1126 λέγων
1201 1074 1215 1087 ·
1247 1054 1386 1114 Ἦτε
1408 1057 1478 1111 δὲ
1511 1055 1973 1126 κατηρτισμένοι

371 1139 451 1192 ἐν
483 1140 568 1205 τῷ
612 1139 777 1205 αὐτῷ
800 1140 898 1194 νοῒ
928 1139 1027 1193 καὶ
1063 1140 1135 1193 ἐν
1172 1139 1246 1209 τῇ
1275 1138 1432 1208 αὐτῇ
1473 1140 1698 1210 γνώμῃ.
1753 1139 1969 1209 Ἐπειδὴ

373 1223 494 1293 7&9
514 1218 694 1289 εἶπεν,
714 1222 841 1277 Ἵνα
859 1222 927 1276 τὸ
943 1223 1092 1277 αὐτὸ
1110 1222 1350 1291 λέγητε,
1370 1222 1462 1292 Μὴ
1479 1223 1760 1293 νομίσητε,
1785 1224 1968 1293 φησιν,

372 1305 466 1356 ὅτι
500 1305 668 1375 μέχρι
692 1305 954 1376 ῥημάτων
980 1301 1134 1357 εἷπον
1158 1300 1298 1357 εἶναι
1322 1304 1419 1375 τὴν
1444 1306 1717 1375 ὁμόνοιανο
1741 1307 1840 1375 τὴν
1866 1305 1973 1374 γὰρ

378 1388 496 1441 ἀπὸ
535 1388 783 1452 διανοίας
834 1388 1152 1458 συμφωνίαν
1188 1388 1452 1457 ἐπιζητῶ
1486 1386 1603 1440 ἀλλ’
1637 1388 1826 1452 ἐπειδὴ
1857 1388 1971 1440 ἐστι

376 1472 483 1524 καὶ
520 1471 705 1539 λέγειν
741 1472 849 1524 άπὸ
874 1471 1113 1532 διανοίας
1137 1472 1197 1523 τὸ
1220 1470 1372 1537 αὐτὸ,
1397 1474 1458 1523 οὐ
1490 1471 1596 1541 μὴν
1623 1473 1681 1523 ἐν
1709 1473 1842 1525 πᾶσι
1862 1474 1973 1534 τοῖς

379 1557 706 1627 πράγμασι,
737 1554 828 1608 διὰ
851 1554 1008 1608 τοῦτο
1037 1556 1132 1608 καὶ
1160 1553 1320 1608 τοῦτο
1351 1552 1678 1624 προσέθηκε,
1712 1555 1794 1621 τὸ,
1828 1551 1974 1610 Ἦτε

376 1638 453 1693 δὲ
486 1641 969 1707 κατηρτισμένος.
1009 1638 1067 1691 '0
1098 1639 1208 1707 γάρ
1238 1638 1514 1707 ἡνωμένος
1538 1637 1594 1690 ἐν
1621 1656 1746 1701 τινι,
1775 1639 1831 1691 ἐν
1860 1655 1971 1691 τινι

377 1722 439 1777 δέ
486 1721 747 1794 διχονοῶν
771 1723 822 1787 δ,
854 1721 1039 1775 οὐκέτι
1067 1723 1451 1792 κατήρτισται,
1485 1721 1605 1775 ούδέ
1636 1724 1970 1793 ἀπήρτισται

378 1807 462 1868 είς
491 1804 900 1877 ὁμοφροσύνην.
940 1806 1095 1857 Ἔστι
1134 1804 1191 1858 δὲ
1258 1805 1354 1865 καὶ¹
1401 1807 1515 1869 τοῖς
1551 1807 1785 1876 νοήμασι
1834 1824 1971 1877 συμ-

379 1889 671 1958 φωνοῦντα
693 1931 708 1950 ,
744 1888 970 1960 μηδέπω
1003 1890 1093 1942 καὶ
1138 1891 1202 1960 τῇ
1239 1890 1430 1960 γνώμῃ
1462 1893 1771 1961 συμφωνεῖν
1790 1908 1804 1921 ⁸
1836 1885 1966 1953 οἷον,

379 1973 516 2025 ὅταν
544 1973 642 2042 τὴν
670 1974 840 2043 αὐτὴν
868 1971 1049 2025 πίστιν
1075 1972 1292 2043 ἔχοντες
1312 2013 1325 2035 ,
1356 1974 1430 2044 μὴ
1451 1967 1602 2045 ὦμεν
1636 1975 1970 2044 συνημμένοι

378 2056 532 2109 κατά
566 2056 665 2127 τὴν
704 2056 947 2127 ἀγάπην.
984 2055 1142 2109 Οὕτω
1168 2056 1277 2126 γὰρ
1315 2057 1460 2110 κατὰ
1489 2060 1586 2128 μὲν
1616 2057 1684 2111 τὰ
1724 2060 1970 2129 νοήματα

382 2139 648 2210 ἠνώμεθα
676 2139 780 2210 (τά
808 2140 917 2210 7&9
936 2139 1077 2192 αὐτὰ
1105 2139 1333 2209 νοοῦμεν
1364 2140 1406 2211 ),
1437 2141 1577 2195 κατὰ
1613 2141 1669 2194 δέ
1700 2140 1798 2212 τὴν
1829 2141 1971 2210 γνώ-

389 2240 512 2294 μην
540 2223 751 2276 οὐκέτι·
794 2223 933 2293 ὅπερ
958 2218 1052 2276 οὖν
1079 2223 1173 2275 καὶ
1207 2223 1327 2276 τότε
1355 2224 1595 2293 ἐγένετο,
1621 2224 1715 2278 τοῦ
1746 2224 1848 2295 μὲν
1879 2224 1971 2278 τὸν

380 2307 561 2367 δεῖνα.
592 2306 687 2359 τοῦ
720 2307 775 2359 δέ
801 2307 893 2360 τὸν
921 2307 1068 2360 δεῖνα
1097 2307 1442 2377 αἱρουμένου.
1472 2309 1570 2362 Διά
1597 2308 1755 2361 τοῦτό
1783 2324 1968 2377 φησιν,

376 2389 469 2443 ὅτι
508 2393 604 2443 καὶ
631 2390 710 2459 τῷ
736 2389 817 2443 νοῒ
858 2391 953 2444 καὶ
985 2393 1050 2461 τῇ
1092 2390 1281 2463 γνώμῃ
1325 2390 1405 2442 δεῖ
1449 2394 1785 2461 συμφωνεῖν.
1836 2392 1972 2446 Οὐδὲ

376 2475 494 2544 γὰρ
524 2474 634 2528 ἀπὸ
666 2474 763 2527 τοῦ
787 2474 1061 2528 διεστάναι
1092 2474 1235 2527 κατά
1257 2474 1357 2545 τὴν
1389 2475 1571 2530 πίστιν
1593 2477 1664 2529 τά
1697 2477 1973 2546 σχίσματα

379 2560 630 2625 ἐγίνετο,
664 2558 801 2610 ἀλλά
843 2558 951 2611 ἀπὺ
976 2557 1069 2610 τοῦ
1106 2559 1204 2628 τὴν
1238 2561 1464 2629 γνώμην
1494 2559 1783 2631 διῃρῆσθαι
1830 2562 1973 2615 κατὰ

381 2642 738 2711 ἀνθρωπίνην
780 2641 1132 2709 φιλονεικίαν.
1178 2641 1317 2694 Ἀλλ’
1351 2642 1539 2712 ἐπειδὴ
1574 2646 1602 2695 ό
1627 2643 1972 2714 ἐγκαλούμε-

382 2743 504 2791 νος,
530 2726 634 2787 ἓως
678 2725 745 2778 ἀν
780 2724 855 2796 μὴ
888 2723 988 2798 ἔχῃ
1026 2726 1152 2788 τοὺς
1186 2726 1491 2797 μάρτυρας,
1526 2727 1969 2796 ἀπαναισχυντεῖ,

383 2812 489 2879 ὅρα
519 2807 638 2871 πῶς
669 2809 744 2879 μὴ
780 2807 1080 2877 συγχωρῶν
1109 2810 1189 2871 είς
1231 2809 1459 2880 ἄρνησιν
1486 2808 1725 2875 ἐξελθεῖν
1763 2811 1973 2882 μάρτυ-

385 2907 490 2962 ρας
544 2891 895 2961 παρήγαγεν.
955 2891 1258 2958 Ἐδηλώθη
1304 2893 1415 2961 γάρ
1457 2909 1560 2961 μοι
1603 2894 1736 2960 περὶ
1781 2891 1969 2961 ὑμῶν,

382 2973 642 3043 ἀδελφοί
678 2991 821 3042 μου,
862 2973 982 3028 ὑπὸ
1030 2973 1145 3026 τῶν
1177 2974 1398 3041 Χλόης.
1448 2974 1561 3028 Καὶ
1607 2974 1730 3028 οὔτε
1769 2975 1973 3040 εὐθέως

378 3055 545 3109 τοῦτο
590 3052 772 3121 εἶπεν,
821 3056 956 3110 ἀλλὰ
1010 3057 1277 3128 πρότερον
1307 3058 1368 3110 τὸ
1405 3056 1657 3129 ἔγκλημα
1703 3058 1969 3124 τέθεικεν,

378 3142 525 3211 ὅπερ
559 3141 990 3204 πεπιστευκότος
1030 3136 1098 3211 ἦν
1143 3144 1257 3203 τοῖς
1300 3140 1629 3211 δηλώσασιν’
1664 3145 1711 3195 εἰ
1754 3142 1864 3213 7&9
1897 3143 1970 3213 μὴ

381 3224 546 3278 τοῦτο
573 3220 665 3295 ἦν,
716 3225 828 3278 οὐδ’
876 3224 942 3278 ἂν
990 3225 1330 3279 ἐνεκάλεσεψ
1379 3226 1440 3279 οὐ
1473 3226 1583 3297 γὰρ
1617 3226 1683 3280 ἂν
1725 3226 1912 3290 ἁπλῶς
1944 3230 1973 3280 ό

384 3308 606 3371 Παῦλος
631 3309 969 3362 ἐπίστευσεν.
1014 3308 1155 3362 Οὔτε
1185 3306 1277 3362 οὖν
1310 3308 1511 3372 εὐθέως
1544 3305 1698 3361 εἶπεν
1730 3310 1814 3362 ὅτι
1845 3310 1971 3380 ἐδη-

385 3391 562 3461 λώθη.
602 3392 689 3444 ἵνα
737 3392 811 3463 μή
858 3392 983 3463 δόξῃ
1011 3392 1087 3454 ώς
1129 3392 1189 3456 ἐξ
1239 3392 1464 3445 ἐκείνων
1512 3392 1797 3461 ἐγκαλεῖν,
1848 3392 1971 3446 οὕτε

378 3474 797 3546 ἀπεσιώπησεν,
842 3475 929 3528 ἴνα
971 3476 1045 3546 μὴ
1075 3475 1203 3546 δόξῃ
1237 3476 1297 3539 ἐξ
1338 3473 1532 3528 ἐαυτοῦ
1572 3478 1732 3546 μόνον
1768 3477 1967 3545 λέγειν.

381 3559 499 3613 Καὶ
531 3558 695 3612 πάλιν
722 3558 987 3626 ἀδελφοὺς
1012 3559 1210 3621 αὐτοὺς
1240 3558 1513 3628 ὀνομάζει.
1538 3560 1656 3613 Κᾶν
1682 3560 1791 3632 7&9
1882 3561 1971 3630 δῆ-

380 3644 476 3697 λον
501 3643 562 3696 τὸ
582 3642 914 3713 ἁμάρτημα,
940 3641 1091 3695 οὐδὲν
1122 3641 1322 3695 κωλύει
1349 3642 1611 3711 ἀδελφοὺς
1644 3643 1826 3697 καλεῖν
1866 3644 1966 3698 ἔτι.

380 3726 587 3781 Σκόπει
622 3726 681 3779 δέ
716 3724 816 3796 τὴν
848 3724 1062 3778 σύνεσιν
1082 3764 1097 3788 ,
1130 3724 1245 3787 πῶς
1278 3728 1338 3780 οὐ
1372 3727 1778 3797 κεχωρισμένον
1807 3727 1969 3796 ἔθηκε

380 3811 448 3866 τὸ
477 3809 789 3880 πρόσωπον,
821 3807 934 3862 ἀλλ’
961 3807 1254 3880 ὁλόκληρον
1285 3808 1462 3863 οἰκίαν
1480 3851 1494 3875 ,
1525 3809 1666 3863 ὥστε
1702 3811 1775 3882 μὴ
1803 3812 1969 3863 ἐκπο-

380 3894 632 3966 λεμῶσαι
676 3892 875 3954 αὐτοὺς
907 3892 1044 3962 πρὸς
1081 3893 1173 3945 τὸν
1202 3892 1495 3962 εἰρηκότα*
1538 3892 1680 3946 οὕτω
1722 3895 1831 3965 γὰρ
1874 3894 1971 3948 καὶ

382 3976 758 4050 περιέστειλεν
779 3974 888 4047 [16]
917 3976 1144 4039 ἐκεῖνον,
1173 3977 1266 4029 καὶ
1300 3975 1397 4044 τὴν
1435 3977 1774 4047 κατηγορίαν
1801 3977 1971 4041 ἀδεῶς

382 4060 739 4129 ἐξεκάλυψεν.
766 4058 840 4112 Οὐ
871 4058 979 4130 γὰρ
1006 4059 1066 4111 τὸ
1096 4058 1321 4111 ἐκείνων
1352 4055 1461 4112 εἶδε
1490 4060 1672 4129 μόνον,
1706 4060 1841 4113 άλλά
1876 4060 1970 4114 καὶ

380 4145 451 4199 τὸ
472 4144 679 4198 τούτων
705 4141 1009 4213 συμφέρον.
1036 4141 1134 4194 Διά
1161 4140 1321 4195 τοῦτο
1340 4143 1442 4195 οὐκ
1470 4137 1624 4194 εἶπεν
1644 4157 1659 4172 ο
1694 4141 1968 4212 Ἐδηλώθη

384 4245 481 4299 μοι
512 4228 664 4298 παρά
681 4243 868 4291 τινων,
894 4223 1029 4277 ἀλλά
1059 4224 1152 4277 καὶ
1172 4224 1271 4295 τὴν
1295 4226 1473 4278 οἰκίαν
1496 4224 1666 4295 δήλην
1689 4225 1964 4295 ἐποίησεν,

379 4311 529 4366 ὥστε
560 4310 636 4382 μὴ
666 4308 983 4381 νομίζεσθαι
1006 4308 1279 4361 πλάττειν.
1310 4308 1374 4361 Τί
1400 4308 1670 4378 ἐδηλώθη;
1701 4309 1830 4362 Ὅτι
1856 4308 1969 4377 ἔρι-

379 4393 488 4461 δες
508 4394 581 4447 ἐν
607 4392 750 4462 ὑμῖν
773 4395 950 4446 εἰσιν.
983 4392 1112 4443 Ὅτε
1148 4389 1246 4459 μὲν
1272 4386 1365 4444 οὖν
1392 4390 1575 4453 αὐτοῖς
1601 4392 1852 4462 ἐπιτιμᾷ,
1875 4390 1967 4443 λέ-

379 4492 493 4547 γει’
531 4476 668 4531 Ἵνα
691 4474 771 4542 μὴ
793 4476 863 4528 ἐν
884 4473 1026 4542 ὑμῖν
1050 4474 1358 4544 σχίσματα
1472 4474 1560 4526 ὅτε
1589 4473 1645 4526 δέ
1674 4474 1742 4527 τὰ
1767 4474 1966 4544 ἐτέρων

378 4558 740 4627 ἀπαγγέλλει,
767 4558 1064 4629 πραότερον
1083 4557 1417 4624 ἀπαγγέλλει
1437 4557 1634 4625 λέγων,
1669 4556 1965 4625 Ἐδηλώθη

378 4641 494 4711 γάρ
512 4659 638 4710 μοι,
663 4640 752 4695 ὅτι
777 4640 969 4707 ἔριδες
991 4640 1061 4692 ἐν
1085 4639 1223 4708 ὑμῖν
1235 4642 1414 4704 εἰσιν,
1441 4640 1581 4693 ὥστε
1608 4640 1682 4710 μὴ
1703 4640 1965 4711 συγκροῦ-

381 4742 476 4779 σαι
511 4726 638 4787 τοὺς
683 4723 993 4794 είρηκότας.
1034 4717 1169 4775 Εἶτα
1216 4722 1363 4790 λέγει
1405 4722 1498 4776 καὶ
1542 4724 1636 4793 τῆς
1685 4723 1860 4794 ἔριδος
1906 4724 1966 4777 τὸ

379 4805 545 4872 εἶδος.
577 4808 696 4860 Ὅτι
735 4806 992 4871 ἕκαστος
1043 4804 1210 4873 ὑμῶν
1257 4806 1421 4874 λέγει
1447 4821 1460 4833 ⁸
1501 4804 1648 4874 Ἐγὼ
1692 4805 1810 4874 μὲν
1848 4807 1962 4874 εἰμὶ

380 4892 654 4953 Παύλου,
681 4887 796 4959 ἐγὼ
825 4888 892 4941 δὲ
933 4887 1219 4951 Ἀπολλὼ,
1255 4887 1369 4956 ἐγὼ
1395 4888 1463 4941 δὲ
1499 4888 1691 4957 Κηφᾶ.
1746 4889 1966 4958 Ἔριδας

382 4973 498 5043 γὰρ
522 4975 587 5028 οῦ
619 4990 783 5045 φημι,
822 4972 976 5041 φησὶ,
1006 4971 1105 5035 τάς
1131 4973 1258 5041 περὶ
1282 4971 1566 5026 ἰδιωτικῶν
1596 4973 1964 5042 πραγμάτων,

389 5055 529 5109 άλλά
554 5056 651 5120 τὰς
680 5056 1083 5127 χαλεπωτέρας.
1119 5056 1250 5108 ’Ὀτι
1286 5054 1543 5122 ἕκαστος
1581 5055 1750 5123 ὑμῶν
1781 5055 1964 5124 λέγει.

389 5138 472 5191 Οὐ
507 5137 613 5209 7&9
643 5140 838 5212 μέρος,
868 5138 1002 5192 ἀλλὰ
1026 5139 1089 5192 τὸ
1122 5140 1229 5191 πᾶν
1258 5138 1557 5207 ἐπενέμετο
1598 5141 1698 5207 τῆς
1740 5140 1968 5209 Ἐκκλη-

387 5219 573 5291 σίαςή
603 5223 789 5293 φθορά.
816 5222 1010 5276 Καίτοι
1038 5240 1100 5290 γε
1134 5223 1255 5275 οὺδέ
1282 5225 1409 5294 περὶ
1438 5222 1654 5285 ἐαυτοῦ,
1684 5222 1805 5275 οὐδὲ
1840 5226 1960 5294 περὶ

384 5306 620 5376 Πέτρου,
648 5307 769 5359 οὐδὲ
800 5307 928 5377 περὶ
969 5305 1213 5360 Ἀπολλὼ
1244 5306 1449 5374 ἔλεγονο
1492 5305 1627 5359 ἀλλὰ
1671 5305 1962 5368 δείκνυσιν,

379 5390 466 5443 ὃτι
509 5391 558 5442 εί
596 5389 807 5453 τούτοις
847 5389 1219 5460 ἐπερείδεσθαι
1258 5390 1319 5443 ού
1364 5389 1490 5460 χρὴ,
1533 5388 1713 5458 πολλῷ
1765 5388 1967 5458 μᾶλλον

379 5471 616 5541 ἑτέροις.
657 5473 779 5525 Ὀτι
820 5472 929 5543 7&9
960 5470 1085 5525 οὔτε
1124 5474 1255 5543 περὶ
1289 5472 1468 5525 αὐτῶν
1508 5471 1727 5538 ἔλεγον,
1762 5470 1966 5541 προϊών

380 5572 521 5624 φησι
544 5571 559 5584 ·
596 5554 787 5609 Ταῦτα
825 5554 894 5608 δὲ
927 5554 1415 5624 μετεσχημάτισα
1442 5557 1527 5620 είς
1570 5552 1832 5623 ἐμαυτὸν
1864 5555 1965 5610 καί

445 5727 464 5793 ξ
484 5728 599 5793 Reg
620 5765 636 5793 ,
654 5732 684 5786 ἡ
713 5730 1120 5793 ἔμφασιςεῑκανὸν
1143 5731 1223 5778 καὶ
1246 5730 1361 5779 αὐτὸ
1384 5730 1448 5785 εἷς
1488 5730 1772 5791 κατηγορίας
1796 5731 1960 5793 ὄνομα

381 5790 567 5890 μᾶλλον
586 5792 642 5866 δὲ
656 5790 791 5854 ἀρκεῖ
810 5792 953 5861 ἡποῦ
988 5793 1558 5863 σχίσματοςπροσηγρριία
1586 5790 1765 5867 σφόδρά
1788 5790 1959 5843 αὐτῶν.

436 5854 679 5897 Amo-mm
742 5854 924 5897 Remus
979 5854 1085 5897 cod.
1106 5890 1118 5897 .
1163 5861 1367 5897 onlnme.
1428 5853 1554 5897 ham
1603 5855 1833 5897 διανεων-
1872 5862 1959 5897 mi-

384 5853 679 5962 ὶιΔιχονφῶν
742 5853 924 5916 Regius
979 5853 1118 5914 cdd,
1163 5853 1367 5915 optime.
1427 5853 1554 5901 Edili
1603 5853 1833 5916 διαχέων,
1872 5862 1959 5906 mi-

378 5925 477 5958 nus
513 5926 593 5962 rec
620 5927 667 5967 e.

2094 393 2391 464 Ἀπολλὼ,
2424 399 2525 454 ἵνα
2560 400 2629 453 ἐν
2658 400 2802 471 ἡμῖν
2826 402 3052 471 μάθητε
3095 401 3161 456 τὸ
3193 400 3277 471 μὴ
3304 399 3458 470 ὑπὲρ
3486 402 3517 457 ὃ
3557 407 3657 474 τέ-

2080 492 2354 545 γραπται,
2380 483 2644 550 φρονεῖν.
2675 485 2738 537 El
2766 484 2875 557 γάρ
2905 484 3119 539 Παύλου
3150 483 3246 538 καὶ
3286 482 3531 537 Ἀπολλὼ
3560 490 3656 542 καὶ

2080 563 2249 634 Κηφᾶ
2293 566 2394 619 οὐκ
2434 568 2601 638 ἐχρῆν
2638 568 2994 639 ἐπιφημίζειν
3032 570 3245 632 ἑαυτοῖς
3283 567 3353 623 τὰ
3393 568 3653 642 ὀνόματα,

2075 648 2258 719 πολλῷ
2290 651 2492 722 μᾶλλον
2517 655 2742 724 ἐτέρων,
2779 656 2840 707 Εἰ
2878 653 2967 707 τὸν
3002 653 3353 718 διδάσκαλον,
3379 654 3473 706 καὶ
3502 654 3653 727 πρῶο

2072 748 2166 786 τον
2187 733 2295 787 τῶν
2318 734 2653 801 ἀποστόλων,
2671 737 2765 791 καὶ
2786 737 3037 791 τοσοῦτον
3052 737 3266 806 κατηχή
3275 753 3442 789 σαντα
3459 736 3650 806 δῆμον,

2073 815 2172 867 οὐκ
2217 816 2386 887 ἐχρῆν
2424 819 2853 888 ἐπιγράφεσθαι,
2882 819 3063 891 πολλῷ
3112 818 3310 890 μᾶλλον
3342 819 3469 882 τοὺς
3500 818 3653 875 οὐδὲν

2072 896 2252 961 ὄντας.
2270 900 2405 952 Μεθ’
2425 901 2730 973 ὑπερϐολῆς
2754 903 2954 964 τοίνυν,
2974 904 3281 971 ἀπαγαγεῖν
3301 902 3525 965 αὐτοὺςο
3555 902 3653 957 τοῦ

2074 982 2380 1051 νοσήματος
2407 984 2673 1050 σπεύδων,
2701 985 2874 1040 ταῦτα
2892 985 3074 1056 τίθησι
3102 984 3171 1038 τά
3194 985 3452 1058 ὀνόματα·
3478 985 3653 1049 ἄλλως

2071 1063 2128 1116 δέ
2152 1066 2247 1119 καὶ
2267 1067 2733 1140 ἀνεπαχθέστερον
2763 1072 2910 1123 ποιεῖ
2930 1070 3021 1122 τὸν
3050 1068 3228 1136 λόγον,
3259 1069 3357 1121 οὐκ
3386 1068 3654 1139 ὀνομαστί¹

2077 1149 2426 1221 μεμνημένος
2457 1151 2563 1206 τῶν
2597 1153 2994 1223 διατεμνόντων
3023 1152 3122 1224 τὴν
3161 1151 3506 1221 Ἐκκλησίαν,
3536 1151 3652 1203 ἀλλ’

2072 1230 2262 1304 ὥσπερ
2287 1235 2399 1287 τισὶ
2433 1235 2744 1307 προσώποις
2776 1232 2803 1273 ά
2827 1239 2947 1298 ταῖς
2982 1236 3090 1288 τῶν
3129 1234 3441 1288 ἀποστόλων
3481 1250 3651 1304 προσ-

2072 1316 2324 1387 ηγορίαις
2360 1319 2622 1390 κρύπτων
2649 1319 2878 1381 αὐτούς’
2911 1318 3058 1390 Ἐγὼ
3090 1317 3207 1388 μὲν
3240 1317 3356 1387 εἰμὶ
3381 1317 3648 1383 Παύλου,

2071 1399 2186 1468 ἐγὼ
2221 1400 2290 1454 δὲ
2332 1402 2617 1468 Ἀπολλὼ,
2652 1402 2767 1473 ἐγὼ
2796 1402 2864 1456 δὲ
2891 1401 3084 1471 Κηφᾶ.

2144 1481 2211 1552 β’.
2239 1483 2313 1537 Οὐ
2340 1485 2625 1556 προτιμῶν
2650 1485 2841 1541 ἐαυτὸν
2872 1485 2965 1538 τοῦ
3006 1485 3216 1554 Πέτρου
3248 1482 3489 1538 τέθεικεν
3518 1481 3667 1552 ἐσχα-

2070 1583 2163 1619 τον
2193 1568 2415 1629 ἐκεῖνον,
2441 1568 2578 1622 ἀλλὰ
2600 1570 2693 1622 καὶ
2724 1569 2928 1640 σφόδρα
2956 1568 3047 1622 τὸν
3068 1569 3271 1638 Πέτρον
3296 1563 3490 1621 ἐαυτοῦ
3514 1581 3652 1635 προ-

2071 1648 2260 1714 τιθείς.
2280 1652 2437 1705 Κατὰ
2455 1651 2565 1724 γὰρ
2590 1652 2818 1723 αὔξησιν
2847 1653 3129 1724 προήγαγε
3157 1651 3249 1705 τὸν
3267 1650 3442 1718 λόγον,
3461 1648 3549 1701 ἵνα
3576 1646 3652 1719 μὴ

2072 1733 2302 1805 νομισθῇ
2330 1735 2512 1805 φθόνῳ
2554 1735 2711 1788 τοῦτο
2760 1738 2935 1789 ποιεῖν
2974 1736 3069 1790 καὶ
3116 1733 3466 1804 ἀφαιρεῖσθαι
3502 1731 3653 1785 ἐκεί-

2072 1834 2197 1880 νους
2219 1829 2242 1856 ο
2263 1817 2362 1889 τὴν
2380 1819 2549 1891 τιμὴν
2569 1818 2658 1873 διά
2683 1818 3003 1888 βασκανίαν.
3027 1818 3127 1873 Διά
3151 1818 3310 1872 τοῦτο
3335 1816 3431 1870 καὶ
3458 1813 3653 1869 ἐαυτὸν

2073 1902 2285 1955 τέθεικε
2321 1902 2559 1973 πρῶτον.
2600 1904 2661 1956 '0
2690 1903 2799 1971 7&9
2834 1903 3053 1974 πρῶτον
3084 1902 3278 1956 ἐαυτὸν
3315 1899 3650 1969 ἀποδοκιμάο

2072 1982 2201 2047 ζων,
2234 1984 2334 2037 οὐκ
2364 1984 2473 2039 ἀπὸ
2517 1985 2610 2038 τοῦ
2661 1988 2827 2056 τιμῆς
2854 1987 2987 2057 ἐρᾷν
3016 1985 3177 2038 τοῦτο
3203 1987 3368 2047 ποιεῖ,
3398 1984 3511 2038 ἀλλ’
3544 1982 3655 2036 ἀπὸ

2071 2068 2165 2121 τοῦ
2210 2069 2417 2139 σφόδρα
2470 2073 2834 2141 καταφρονεῖν
2886 2071 2985 2140 τῆς
3028 2067 3287 2139 τοιαύτης
3326 2068 3503 2136 δόξης.
3539 2066 3653 2136 Τὴν

2071 2149 2251 2204 τοίνυν
2279 2151 2494 2206 ἃπασαν
2517 2152 2823 2224 προσϐολὴν
2844 2153 3007 2215 αὐτὸς
3032 2152 3269 2223 δέχεται,
3297 2151 3394 2205 καὶ
3426 2150 3547 2203 τότε
3570 2149 3654 2202 τί·

2074 2235 2200 2308 θησι
2249 2236 2339 2290 τὸν
2367 2237 2630 2304 Ἀπολλὼ,
2681 2238 2779 2292 καὶ
2825 2239 2947 2291 τότε
2994 2237 3086 2291 τὸν
3111 2238 3329 2308 Κηφᾶν.
3361 2237 3437 2291 Ού
3471 2235 3654 2290 τοίνυν

2072 2321 2317 2393 ἐπαίρων
2339 2322 2528 2377 ἑαυτὸν
2551 2323 2710 2376 τοῦτο
2728 2322 3006 2393 ἐποίησεν,
3039 2321 3152 2376 ἀλλ’
3180 2323 3239 2375 ἐν
3258 2315 3338 2384 οἷς
3363 2320 3463 2374 οὐκ
3482 2320 3651 2390 ἐχρῆν

2073 2405 2338 2473 γίνεσθαι,
2371 2405 2459 2459 διά
2480 2405 2573 2460 τοῦ
2602 2407 2807 2460 οἰκείου
2841 2405 3138 2479 προσώπου
3168 2404 3387 2477 πρῶτον
3415 2407 3654 2458 ποιεῖται

2073 2491 2174 2562 τὴν
2199 2490 2503 2562 διόρθωσιν.
2540 2491 2681 2544 Ἀλλ’
2705 2493 2786 2547 ὅτι
2818 2492 2918 2563 μὲν
2950 2495 3001 2545 οἱ
3034 2491 3112 2563 τῷ
3143 2491 3272 2544 δεῖνι
3296 2489 3391 2543 καὶ
3420 2489 3496 2558 τῷ
3518 2489 3654 2541 δεῖνι

2074 2576 2473 2648 προσνέμοντες
2506 2578 2735 2641 ἑαυτοὺς
2767 2577 3101 2648 ἡμάρτανον,
3131 2575 3288 2648 δῆλον
3315 2592 3329 2607 ·
3357 2574 3452 2628 καὶ
3471 2571 3651 2636 καλῶς

2072 2662 2390 2716 ἐνεκάλεσεν
2430 2660 2620 2723 εἰπὼν,
2648 2661 2734 2714 ὃτι
2786 2662 2862 2715 Ού
2909 2660 3089 2724 καλῶς
3136 2661 3339 2713 ποιεῖτε
3378 2657 3651 2723 λέγοντες,

2085 2744 2225 2814 Ἐγὼ
2248 2746 2367 2815 μὲν
2395 2743 2515 2814 ειμι
2560 2747 2827 2809 Παύλου,
2854 2744 2970 2814 ἐγὼ
3015 2745 3084 2798 δὲ
3119 2742 3405 2808 Ἀπολλὼ,
3442 2740 3559 2810 ἐγὼ
3586 2738 3656 2793 δὲ

2071 2828 2277 2898 Kngpd'
2310 2828 2455 2892 τίνος
2492 2829 2548 2882 δέ
2576 2831 2762 2884 ἕνεκεν
2812 2829 3173 2901 προσέθηκεν,
3209 2826 3351 2897 Ἐγὼ
3404 2825 3476 2879 δὲ
3519 2826 3655 2892 Χρι-

2071 2913 2263 2976 στοῦ;
2312 2912 2375 2967 Εἰ
2407 2913 2518 2984 γὰρ
2543 2915 2592 2966 οἱ
2635 2912 2948 2983 ἀνθρώποις
2994 2913 3398 2985 προσνέμοντες
3426 2907 3655 2971 ἑαυτοὺς

2072 2998 2408 3071 ἡμάρτανον,
2431 2998 2493 3051 ού
2516 2998 2687 3068 δήπου
2723 2998 2819 3050 καὶ
2837 2998 2887 3050 οἱ
2906 2996 2987 3068 τῷ
3013 2995 3235 3067 Χριστῷ
3266 2994 3491 3054 ἑαυτοὺς
3523 2992 3654 3044 ἀνα-

2070 3084 2330 3148 τιθέντες.
2362 3083 2503 3136 Ἀλλ’
2530 3084 2593 3136 ού
2627 3082 2786 3136 τοῦτο
2838 3082 3103 3147 ἐνεκάλει,
3149 3082 3232 3135 ὅτι
3281 3079 3372 3134 τὸν
3416 3075 3653 3149 Χριστὸν

2072 3170 2288 3232 ἑαυτοῖς
2315 3167 2685 3239 ἐπεφήμιζον,
2731 3166 2846 3220 ἀλλ’
2873 3167 2956 3219 ὅτι
2992 3166 3066 3238 μὴ
3100 3167 3298 3227 πάντες
3344 3162 3524 3233 μόνον.
3562 3155 3653 3212 Οἷ-

2076 3271 2174 3325 μαι
2197 3253 2255 3306 δέ
2284 3252 2448 3306 αὑτὸν
2482 3251 2578 3305 καὶ
2631 3249 2843 3304 οἴκοθεν
2886 3250 3020 3303 αὐτὸ
3050 3245 3495 3321 προστεθεικέναι
3524 3242 3647 3312 βου-

2072 3324 2300 3409 λόμενον
2336 3335 2634 3408 βαρύτερον
2667 3335 2728 3388 τὸ
2776 3334 3030 3404 ἔγκλημα
3062 3332 3308 3403 ποιῆσαι,
3358 3328 3453 3382 καὶ
3481 3324 3652 3391 δεῖξαι

2071 3424 2215 3478 οὕτω
2241 3424 2335 3478 καὶ
2368 3422 2460 3476 τὸν
2489 3422 2605 3494 [17]
2655 3421 2889 3494 Χριστὸν
2920 3421 2998 3483 εἰς
3033 3420 3198 3489 μέρος
3236 3415 3462 3470 δοθέντα
3487 3410 3567 3475 ἐν,
3601 3410 3652 3464 εί

2072 3512 2164 3564 καὶ
2195 3510 2268 3581 μὴ
2302 3509 2474 3573 οὕτως
2508 3508 2728 3562 ἐποίουν
2753 3504 2913 3559 τοῦτο
2958 3506 3175 3557 ἐκεῖνοι.
3206 3503 3328 3555 Ὅτι
3357 3498 3465 3581 γάρ
3493 3495 3651 3551 τοῦτο

2071 3579 2311 3667 ᾐνίξατο,
2342 3593 2430 3647 διά
2464 3592 2571 3646 τῶν
2606 3590 2733 3661 ἑξῆς
2766 3587 3033 3660 ἐδήλωσεν
3063 3584 3260 3640 εἰπών’
3291 3579 3650 3667 Μεμέρισται

2071 3666 2105 3734 ό
2133 3679 2424 3747 Χριστός-ς
2458 3679 2522 3730 Ὃ
2555 3677 2611 3730 δὲ
2642 3675 2814 3743 λέγει,
2847 3671 3088 3726 τοιοῦτόν
3119 3672 3268 3723 ἐστι’
3300 3666 3650 3736 Κατετέμετε

2069 3766 2161 3819 τὸν
2194 3765 2429 3835 Χριστὸν
2472 3763 2565 3815 καὶ
2592 3760 2816 3814 διείλετε
2846 3757 3011 3812 αὐτοῦ
3045 3758 3106 3810 τὸ
3142 3754 3320 3823 σῶμα.
3361 3751 3526 3821 Ὁρᾷς
3555 3747 3649 3835 θυ-

2075 3850 2194 3922 μὸν,
2223 3833 2357 3920 δρᾷς
2391 3846 2702 3916 ἐπίπληξιν,
2731 3846 2862 3915 ὁρᾷς
2891 3841 3046 3911 λόγον
3068 3839 3306 3911 γέμοντα
3338 3833 3651 3922 ἀγανακτή-

2074 3919 2443 3997 σεωςξὊταν
2482 3930 2590 3999 γάρ
2624 3930 2698 3998 μὴ
2746 3925 3149 3997 κατασκευάζῃ,
3197 3923 3311 3978 ἀλλ’
3341 3921 3523 3992 ἐρωτᾷ
3549 3919 3648 3989 μό-

2072 4038 2182 4085 νον,
2208 4019 2284 4082 ὡς
2313 4015 2736 4088 ὡμολογημένου
2766 4011 2860 4064 τοῦ
2889 4012 3091 4064 ἀτόπου
3114 4009 3274 4062 τοῦτο
3304 4008 3465 4060 ποιεῖ.
3493 4002 3649 4064 Τινὲς

2070 4104 2127 4158 δέ
2149 4104 2244 4157 καὶ
2257 4103 2444 4172 ἐτερον
2464 4098 2624 4152 αὐτόν
2649 4112 2813 4165 φασιν
2841 4091 3174 4147 αἰνίττεσθαι
3195 4091 3283 4143 διὰ
3308 4088 3401 4142 τοῦ
3423 4088 3603 4172 λέγειν
3628 4102 3643 4114 ⁶

2069 4171 2430 4257 Μεμέρισται
2469 4187 2502 4237 ὀ
2540 4181 2833 4251 Χριστόςο
2881 4173 3014 4243 οἷον,
3043 4175 3351 4246 διενείματο
3383 4172 3519 4243 πρὸς
3553 4171 3646 4224 άν-

2071 4276 2324 4349 θρώπους
2350 4273 2443 4327 καὶ
2476 4269 2770 4343 ἐμερίσατο
2792 4266 2891 4338 τήν
2928 4259 3408 4349 Ἐκκλησίανᾷκαὶ
3449 4259 3646 4349 μοῖραν

2068 4336 2168 4433 τήν
2201 4336 2707 4431 μένὟαύτὸςέλαδε,
2739 4336 2927 4423 τὴνδέ
2978 4345 3206 4433 ἐκείνοις
3257 4336 3646 4433 έδωκενκΕῐτα

2071 4425 2365 4517 ἐργάζεται
2402 4439 2590 4494 λοιπὸν
2624 4438 2724 4509 τὴν
2758 4435 3040 4517 ἀναίρεσιν
3062 4429 3156 4517 τοῦ
3184 4429 3410 4517 ἀτόπου,
3445 4425 3641 4517 λέγων·

2194 4526 2436 4589 Παῦλος
2463 4514 2814 4590 ἐσταυρώθη
2832 4522 2987 4589 ὑπὲρ
3011 4514 3196 4584 ὑμῶν,
3227 4513 3266 4581 ἢ
3297 4514 3385 4578 είς
3410 4510 3474 4564 τὸ
3511 4509 3646 4596 ὅνο-

2065 4593 2165 4684 μα*
2179 4612 2425 4666 Παύλου
2453 4607 2889 4674 ἐδαπτίσθητε;
2918 4605 3064 4675 ’Ὅρα
3120 4599 3463 4671 φιλόχριστον
3504 4593 3645 4684 γνώ-

2074 4681 2200 4768 μην,
2237 4694 2356 4757 πῶς
2386 4692 2479 4746 ἐπὶ
2503 4690 2596 4745 τοῦ
2628 4689 2828 4744 οἰκείου
2872 4686 3058 4741 λοιπὸν
3089 4684 3352 4768 ὀνόματος
3381 4681 3645 4768 προσάγει

2067 4762 2282 4841 τδπᾶν,
2315 4777 2380 4830 ἐκ
2414 4775 2732 4847 περιουσίας
2771 4772 3007 4833 δεικνὺς,
3039 4771 3122 4823 ὅτι
3150 4767 3212 4821 οὐ
3250 4764 3534 4847 προσήκει-
3555 4762 3646 4814 οὐ-

2065 4864 2177 4917 δενὶ
2212 4860 2349 4930 αὕτη
2380 4862 2413 4930 ή
2453 4844 2606 4928 τιμή.
2649 4858 2760 4909 Καὶ
2787 4856 2873 4907 ἵνα
2910 4853 2984 4923 μὴ
3020 4850 3147 4923 δόξῃ
3186 4848 3364 4919 φθόνῳ
3389 4844 3644 4914 κινούμε-

2066 4964 2155 5011 νος
2182 4944 2354 4999 ταῦτα
2399 4942 2600 5011 λέγειν,
2655 4938 2745 4992 διὰ
2790 4938 2949 4991 τοῦτο
2995 4933 3234 5006 συνεχῶς
3264 4931 3455 4987 ἑαυτὸν
3485 4946 3643 5000 περι-

2067 5030 2321 5101 στρέφει·
2357 5027 2454 5080 καὶ
2500 5025 2694 5077 σκόπει
2723 5024 2823 5092 τὴν
2856 5021 3093 5076 σύνεσιν.
3135 5020 3211 5073 Οὐ
3243 5017 3352 5089 γάρ
3377 5013 3517 5079 εἷπε,

2066 5098 2280 5174 Παῦλος
2325 5107 2416 5161 τὸν
2462 5108 2667 5175 κόσμον
2694 5104 2953 5176 ἐποίησε;
3009 5104 3083 5175 μὴ
3116 5101 3326 5164 Παῦλος
3366 5101 3508 5169 ὑμᾶς
3535 5098 3643 5152 ἀπὸ

2064 5194 2158 5248 τοῦ
2189 5192 2264 5263 μὴ
2292 5192 2442 5254 ὄντος
2466 5192 2546 5255 είς
2580 5187 2640 5243 τὸ
2670 5185 2811 5242 εἶναι
2848 5188 3200 5259 παρήγαγεν;
3235 5183 3348 5237 ἀλλ’
3375 5181 3411 5236 a
3439 5177 3508 5251 ἦν
3532 5179 3644 5233 τῶν

2067 5275 2271 5330 πιστῶν
2333 5273 2586 5345 ἐξαίρετα
2640 5273 2801 5344 μόνον
2857 5273 2952 5325 καὶ
3028 5268 3228 5339 πολλῆς
3293 5263 3640 5335 κηδεμονίας,

2064 5358 2236 5413 ταῦτα
2263 5358 2465 5429 τίθησι,
2498 5358 2591 5410 τὸν
2623 5356 2855 5423 σταυρὸν
2882 5354 2977 5407 καὶ
3015 5354 3076 5407 τὸ
3113 5352 3413 5421 βάπτισμα,
3455 5345 3637 5429 καὶτὰ

2065 5445 2129 5496 ἐκ
2155 5441 2362 5495 τούτων
2394 5441 2593 5511 ἀγαθά.
2644 5440 2898 5493 Δείκνυσι
2953 5436 3050 5505 μὲν
3098 5435 3206 5505 γάρ
3239 5432 3331 5485 τοῦ
3368 5428 3503 5483 Θεοῦ
3542 5429 3640 5500 τὴν

2067 5525 2479 5598 φιλανθρωπίαν
2523 5524 2619 5578 καὶ
2645 5525 2679 5593 ή
2722 5521 2816 5574 τοῦ
2857 5521 3061 5590 κόσμου
3090 5515 3438 5588 δημιουργία,
3482 5514 3638 5586 μάλι-

2132 5798 2153 5827 ε
2182 5793 2469 5856 Legebamr
2491 5792 2766 5856 ἀπαγαγών.
2817 5789 2862 5856 _d
2887 5789 3173 5856 Suspicaluy
3208 5784 3422 5856 $avi|ius
3459 5783 3630 5856 Ιρςςιι-

2062 5843 2531 5969 ιὲιιὶηπρῖσωπείοις.
2552 5843 2797 5914 Séd'puto
2817 5843 3130 5902 locum'bene
3154 5846 3337 5898 habere
3423 5857 3445 5883 ο
3474 5843 3632 5902 Lege-

2106 5934 2131 5968 ἃ
2240 5934 2433 5966 εκεινου.

3756 6078 4037 6138 Δ
4072 6084 4075 6137 ζ
