4090 6218
468 320 540 375 25

466 448 570 485 στα
616 429 673 482 δὲ
710 430 742 500 ἡ
793 430 880 483 διὰ
919 428 1014 483 τοῦ
1048 429 1283 498 σταυροῦ
1338 425 1770 495 συγκατάϐασις.
1808 422 1918 477 Καὶ
1946 420 2047 473 οὐκ

463 508 608 578 εἷπε,
661 513 753 582 Μὴ
798 512 1007 576 Παῦλος
1037 512 1311 565 ἀπέθανεν
1341 511 1481 579 ὑπὲρ
1520 508 1703 579 ὐμῶν;
1761 506 1917 566 ἀλλὰ,
1949 504 2044 572 Μὴ

464 595 705 661 Παῦλος
729 594 1109 663 ἐσταυρώθη;
1162 593 1257 647 καὶ
1296 593 1356 646 :6
1407 589 1547 656 εἶδος
1578 592 1672 646 τοῦ
1702 590 1934 644 θανάτου
1962 606 2042 641 τι-

462 679 610 742 θείς·
662 679 700 747 ἢ
751 681 831 745 είς
872 681 935 731 τὸ
966 679 1152 747 ὄνομα
1185 676 1430 730 Παύλου
1463 676 1898 741 ἐϐαπτι’σθητε;
1935 674 2044 726 Καὶ

459 762 560 814 οὐκ
608 755 751 825 εἷπε,
808 759 898 831 Μὴ
936 759 1149 823 Παῦλος
1199 759 1493 814 ἐϐάπτισεν
1540 760 1719 830 ὑμᾶς
1779 757 2042 810 ἐϐάπτισε

459 844 570 914 γάρ
624 842 850 905 πολλούς
869 857 883 872 ·
933 841 1050 894 ἀλλ’
1080 842 1140 896 οὐ
1174 843 1236 896 τὸ
1263 842 1597 914 ζητούμενον
1629 841 1786 894 τοῦτο
1813 835 1904 910 ἦν,
1938 837 2043 890 ὑπὸ

456 926 601 987 τίνος
631 922 1057 995 ἐϐαπτίσθησαν,
1088 925 1226 978 ἀλλὰ
1253 925 1313 979 :6
1345 928 1425 989 είς
1449 926 1596 988 τίνος
1623 924 1795 994 δνομα
1817 920 2041 975 ἐϐαπτίο

459 1008 689 1078 σθησαν.
726 1008 781 1060 Ἐ
794 1007 944 1079 πειδὴ
961 1008 1071 1080 γὰρ
1093 1008 1360 1062 καὶτοῦτο
1381 1009 1552 1062 αἴτιον
1569 1007 1785 1076 ἐγένετο
1808 1004 2040 1075 σχισμά-

454 1109 585 1155 των,
615 1091 676 1144 τὸ
704 1091 812 1145 ἀπὸ
835 1091 943 1145 τῶν
990 1093 1372 1162 βαπτισάντων
1399 1091 1706 1155 καλεῖσθαι,
1748 1090 1845 1144 καὶ
1877 1093 2039 1145 τοῦτο

453 1173 763 1244 διορθοῦται
816 1174 1012 1243 λέγων,
1044 1175 1139 1244 Μὴ
1174 1179 1262 1242 είς
1290 1175 1358 1229 τὸ
1391 1175 1578 1243 ὄνομα
1631 1176 1879 1228 Παύλου
1904 1173 2039 1227 ἐϐα-

454 1258 782 1326 πτίσθητε;
815 1259 926 1312 Καὶ
954 1259 1027 1329 μὴ
1057 1260 1165 1331 γὰρ
1198 1259 1379 1331 εἴπῃς,
1406 1258 1562 1330 φησὶ,
1593 1258 1690 1321 Τίς
1719 1257 2034 1321 ἐϐάπτισεν,

455 1341 570 1395 ἀλλ’
588 1383 604 1407 ,
635 1343 730 1406 El;
757 1343 819 1397 :6
840 1343 985 1407 τίνος
1014 1343 1214 1414 δνομας
1248 1344 1321 1398 Οὐ
1355 1344 1463 1414 γὰρ
1492 1345 1520 1397 6
1551 1342 1843 1413 βαπτίσας,
1864 1341 1981 1395 ἀλλ’
2007 1343 2037 1394 6

453 1423 793 1495 καλούμενος
836 1427 917 1489 είς
970 1426 1033 1479 τὸ
1085 1425 1370 1497 βάπτισμα
1421 1424 1694 1497 ζητεῖται·
1730 1421 1885 1489 οὗτος
1926 1425 2037 1495 γὰρ

451 1506 647 1578 ἀφίησι
681 1508 750 1560 τὰ
779 1509 1176 1580 ἁμαρτήματα.
1206 1511 1313 1564 Καὶ
1336 1510 1464 1582 ἄχρι
1489 1509 1682 1564 τούτου
1713 1509 1916 1580 στήσας
1942 1509 2035 1563 τὸν

451 1590 629 1659 λόγον,
658 1592 842 1645 οὐκέτι
887 1597 1001 1657 τοῖς
1044 1592 1170 1665 ἑξῆς
1196 1594 1569 1665 ἐπεξέρχεται.
1621 1594 1697 1646 Οὐ
1727 1592 1836 1665 γάρ
1860 1591 2033 1661 λέγει,

451 1675 544 1747 Μὴ
580 1675 791 1740 Παῦλος
823 1677 952 1748 ὑμῖν
1000 1677 1365 1748 ἐπηγγείλατο
1404 1678 1473 1731 τά
1508 1677 1769 1745 μέλλοντα
1815 1676 2032 1745 ἀγαθάς

454 1759 529 1830 μὴ
560 1758 776 1824 Παῦλος
825 1761 955 1831 ὑμῖν
1008 1760 1275 1831 ὑπέσχετο
1316 1760 1595 1830 βασιλείαν
1644 1759 1928 1832 οὐρανῶν;
1967 1758 2033 1811 Τί

446 1842 648 1913 δήποτε
688 1840 782 1898 οὖν
824 1845 947 1914 οὐχὶ
986 1844 1286 1899 καὶταῦτα
1324 1844 1721 1916 προστίθησιν;
1770 1845 1896 1897 Ὀτι
1929 1844 2032 1897 οὐκ

447 1924 596 1980 ἔστιν
624 1927 737 1980 ἴσον
760 1927 1037 1997 βασιλείαν
1072 1928 1527 1996 ἐπαγγείλασθαι,
1564 1927 1664 1981 καὶ
1700 1927 2025 1998 σταυρωθῆ-

447 2027 555 2064 ναι.
584 2012 794 2065 Ἐκεῖνο
828 2012 927 2083 μὲν
972 2012 1083 2084 γὰρ
1114 2010 1237 2065 οὗτε
1269 2013 1516 2067 κίνδυνον
1567 2007 1736 2082 εῖχεν,
1788 2012 1915 2067 οὔτε
1945 2014 2032 2066 αί-

447 2092 648 2165 σχύνην
678 2092 863 2166 ἔφερε·
897 2094 1059 2148 τοῦτο
1088 2094 1145 2148 δέ
1177 2095 1394 2149 ἅπαντα
1418 2094 1614 2150 ταῦτα·
1652 2095 1824 2158 ἄλλως
1849 2096 1904 2149 δὲ
1934 2096 2029 2150 καὶ

445 2169 635 2230 ἐκεῖνᾶ
660 2179 769 2231 ἀπὸ
811 2178 1018 2233 τούτων
1058 2180 1478 2243 κατασκευάζει.
1531 2177 1718 2233 Εἰπὼν
1762 2181 1893 2252 γὰρ,
1930 2183 2029 2247 Ὃς

442 2278 511 2330 τε
538 2261 646 2315 τοῦ
694 2262 849 2317 ἰδίου
890 2262 1026 2317 Υίοῦ
1063 2265 1175 2317 οὐκ
1219 2263 1529 2331 ἐφείσατο,
1581 2265 1859 2335 ἐπήγαγε,
1894 2264 2028 2331 Πῶς

443 2343 577 2413 οὐχί
624 2344 720 2398 καί
783 2344 908 2399 σὺν
951 2344 1113 2411 αὐτῷ
1168 2345 1240 2399 τὰ
1276 2345 1475 2400 πάντα
1509 2346 1656 2416 ’ἡμῖν
1683 2349 2026 2417 χαρίσεται;

442 2427 537 2480 καὶ¹
578 2426 758 2492 πάλιν,
787 2430 856 2482 Et
878 2428 989 2498 γὰρ
1016 2430 1217 2497 ἐχθροί
1251 2429 1423 2496 ὄντες
1450 2430 1915 2502 κατηλλάγημεν
1945 2431 2026 2497 τῷ

441 2506 564 2575 Θεῷ
621 2509 719 2565 διὰ
769 2510 878 2565 τοῦ
934 2512 1196 2566 θανάτου
1239 2513 1347 2568 τοῦ
1397 2513 1536 2567 Υίοῦ
1578 2514 1786 2578 αὑτοῦ,
1813 2513 2025 2582 πολλῷ

434 2593 676 2662 μᾶλλον
702 2596 1187 2664 καταλλαγέντες
1217 2598 1634 2667 σωθησόμεθα.
1668 2599 1873 2652 Τούτου
1905 2598 2023 2652 ἒνεο

438 2693 535 2730 κεν
583 2678 684 2731 οὐκ
716 2678 1001 2748 ἐπήγαγεν
1034 2681 1241 2735 ἐκεῖνα·
1282 2683 1378 2735 καὶ
1429 2683 1509 2737 ὅτι
1556 2683 1626 2736 τὰ
1669 2684 1767 2754 μὲν
1807 2684 2022 2738 οὐδέπω

436 2756 605 2830 εἶχον,
619 2760 729 2816 τῶν
757 2762 816 2816 δὲ
841 2763 940 2834 ήδη
970 2767 1166 2836 πεῖραν
1188 2764 1502 2836 εἰλήφεσαν,
1534 2767 1630 2821 καὶ
1652 2767 1720 2821 τά
1748 2769 1846 2839 μὲν
1870 2765 1937 2840 ἦν
1964 2770 2020 2821 ὲν

436 2844 818 2913 ἐπαγγελίαις,
854 2847 924 2901 τά
971 2848 1030 2902 δὲ
1083 2849 1184 2920 ἤδη
1239 2850 1523 2921 γεγένητο.
1551 2851 1904 2921 Εὐχαριστῶ
1938 2852 2020 2918 τῷ

438 2925 580 2992 Θεῷ,
613 2929 706 2983 ὅτι
731 2929 954 2985 οὐδένα
989 2932 1158 3001 ὑμῶν
1198 2932 1511 2996 ἐϐάπτισα,
1543 2937 1596 2989 ει
1626 2934 1713 3005 μὴ
1744 2936 2021 3005 Κρίσπον

434 3012 532 3066 καί
561 3012 769 3069 Κάτον.
808 3012 921 3088 [18]
953 3016 1016 3069 Τί
1053 3016 1198 3087 μέγα
1225 3020 1474 3087 φρονεῖτε
1504 3020 1597 3072 ἐπὶ
1624 3018 1705 3090 τῷ
1734 3020 2015 3091 βαπτίσαι,

432 3094 567 3148 ὅπου
600 3112 666 3166 γε
694 3096 806 3166 ἐγὼ
833 3100 927 3152 καὶ
953 3099 1285 3171 εὐχαριστῶ,
1314 3102 1397 3154 ὅτι
1433 3102 1535 3157 οὐκ
1564 3103 1797 3174 ἐποίησα
1825 3103 2014 3170 τοῦτο;

433 3179 622 3235 Ταῦτα
673 3181 732 3235 δὲ
791 3182 986 3252 λέγων,
1028 3183 1286 3256 καθαιρεῖ
1314 3185 1375 3239 τὸ
1425 3187 1519 3239 ἐπὶ⁵
1552 3186 1730 3259 τούτῳ
1788 3187 2017 3259 φύσημα

430 3265 812 3336 οἰκονομικῶς,
845 3268 967 3338 οὐχὶ
991 3267 1091 3341 τὴν
1122 3269 1352 3339 δύναμιν
1376 3270 1470 3324 τοῦ
1501 3270 1899 3341 βαπτίσματος,
1940 3272 2015 3344 μὴ

428 3348 666 3416 γένοιτο,
694 3349 833 3404 ἀλλά
859 3351 957 3423 τὴν
978 3352 1240 3407 ἀπόνοιαν
1267 3352 1377 3407 τῶν
1406 3354 1551 3424 μέγα
1581 3354 1675 3407 ἐπὶ
1702 3354 1781 3426 τῷ
1817 3355 2016 3426 βαπτί-

431 3448 522 3485 σαι
556 3433 924 3504 φρονούντων,
952 3436 1172 3508 πρῶτον
1212 3436 1313 3507 μὲν
1341 3437 1422 3508 τῷ
1473 3438 1774 3504 δεικνύναι,
1805 3440 1887 3494 ὅτι
1914 3442 2016 3496 οὐκ

428 3516 610 3571 αὐτῶν
647 3521 763 3573 ἐστι
811 3519 872 3573 :6
932 3520 1128 3592 δῶρον,
1157 3521 1412 3592 δεύτερον
1456 3522 1516 3577 δὲ
1564 3522 1643 3594 τῷ
1668 3525 2015 3598 εὐχαριστεῖν

427 3600 505 3671 τῷ
535 3600 657 3673 Θεῷ
687 3601 776 3656 διά
800 3603 976 3659 τοῦτο.
1008 3606 1170 3674 Μέγα
1197 3604 1297 3677 μὲν
1320 3606 1428 3677 γάρ
1456 3605 1517 3660 :6
1547 3605 1852 3679 βάπτισμα,
1875 3610 2014 3666 ἀλλά

430 3683 573 3755 μέγα
599 3684 730 3739 αὐτὸ
752 3687 851 3757 οὐχ
875 3689 903 3741 6
938 3686 1217 3757 βαπτίζων
1247 3692 1411 3754 ποιεῖ,
1449 3689 1566 3744 ἀλλ’
1596 3692 1624 3743 6
1670 3690 2013 3763 καλούμενος

427 3770 508 3833 είς
528 3769 590 3822 :6
618 3769 932 3842 βάπτισμα·
986 3771 1111 3825 ἐπεὶ
1140 3771 1201 3825 :6
1225 3771 1486 3842 βαπτίσαι
1517 3775 1671 3828 οὐδέν
1697 3776 1848 3830 ἐστιν
1884 3778 2012 3831 ὅσον

426 3853 507 3916 είς
534 3851 875 3925 ἀνθρώπινον
909 3853 1090 3919 πόνον,
1128 3855 1266 3910 ἀλλά
1295 3857 1476 3929 πολλῷ
1522 3858 1743 3913 ἔλαττον
1783 3859 1877 3914 τοῦ
1916 3862 2009 3914 εὐ-

425 3936 844 4007 αγγελίσασθαι.
876 3938 1037 4006 Μέγα
1066 3938 1166 4010 μὲν
1208 3939 1319 4011 γάρ
1351 3940 1490 4007 ἐστι,
1539 3943 1702 3997 πάλιν
1746 3945 1913 4016 φημὶ,
1949 3946 2010 3999 τὸ

427 4018 734 4093 βάπτισμα,
778 4021 873 4075 καὶ
927 4022 1057 4077 ἄνευ
1098 4021 1477 4094 βαπτίσματος
1523 4027 1808 4098 ἀμήχανον
1849 4027 2008 4098 βασι-

424 4102 575 4169 λείας
633 4105 953 4176 ἐπιτυχεῖν·
1008 4105 1149 4161 me;
1199 4106 1423 4162 δύναται
1472 4109 1606 4164 αὐτὸ
1643 4111 1737 4164 καὶ
1771 4113 1911 4183 ἀνὴρ
1944 4114 2006 4167 οὐ

425 4189 641 4262 σφόδρα
666 4194 911 4260 γενναῖος
941 4191 1189 4264 ποιῆσαι,
1217 4192 1279 4246 :6
1304 4192 1362 4247 δὲ
1390 4194 1849 4264 εὐαγγελίσασθαι
1873 4197 2006 4253 πολ-

423 4274 516 4329 λοῦ
540 4276 711 4349 δεῖται
748 4279 937 4336 πόνου.

492 4358 562 4427 γ’.
594 4362 758 4429 Λέγει
784 4361 839 4413 δὲ
872 4361 968 4414 καὶ
990 4360 1088 4433 τὴν
1121 4360 1323 4428 αἰτίαν,
1349 4362 1418 4417 δι’
1443 4364 1509 4435 ἥν
1539 4366 1887 4437 εὐχαριστεῖ,
1914 4369 2005 4421 ὅτε

421 4444 610 4497 οὐδένα
656 4443 941 4498 ἐϐάπτισε.
971 4445 1067 4508 Τίς
1099 4442 1193 4500 οῦν
1231 4448 1381 4500 ἐστιν
1425 4446 1606 4517 αῦτη;
1638 4448 1763 4502 Ἵνα
1793 4449 1879 4518 μή
1915 4468 2006 4516 τις

420 4528 583 4594 εἴπῃ,
622 4527 779 4597 φησὶ,
828 4528 918 4582 ὅτι
951 4530 1038 4592 είς
1072 4527 1139 4581 τὸ
1170 4528 1319 4598 ἐμὸν
1351 4528 1543 4596 ὄνομα
1580 4530 2000 4601 ἐϐαπτίσθητε.

421 4610 488 4664 Τί
523 4608 612 4663 δαί
632 4627 648 4676 ;
681 4610 810 4681 περὶ
835 4611 944 4680 γὰρ
973 4610 1197 4665 ἐκείνων
1217 4612 1376 4666 τοῦτο
1401 4612 1587 4681 ελεγον
1613 4625 1637 4654 ι
1664 4632 1678 4681 ;
1715 4615 2000 4687 Οὐδαμῶς·

419 4693 556 4748 ἀλλά
581 4693 814 4759 δέδοικα,
839 4694 993 4765 φησὶ,
1015 4693 1090 4766 μὴ
1119 4695 1213 4749 καὶ
1244 4697 1323 4759 είς
1351 4694 1513 4749 τοῦτο
1557 4697 1732 4769 προϐῇ
1757 4698 1819 4752 :6
1844 4702 2005 4774 νόση..

423 4795 519 4849 μα.
541 4777 604 4830 Εί
623 4777 729 4850 γὰρ
746 4777 981 4834 εὐτελῶν
993 4777 1298 4850 ἀνθρώπων
1314 4779 1409 4835 καὶ
1420 4779 1635 4845 οὐδενὸς
1652 4781 1819 4848 ἀξίων
1841 4784 2001 4854 λόγου

422 4859 815 4931 βαπτιζόντων,
860 4862 1074 4934 αἵρεσις
1095 4861 1339 4932 γέγονεν.
1363 4866 1413 4917 εί
1444 4863 1555 4932 ἐγὼ
1582 4867 1610 4918 6
1634 4868 2003 4936 καταγγείλας

417 4946 481 4998 :6
513 4945 798 5016 βάπτισμα
825 4946 1056 5010 πολλοὺς
1086 4947 1383 5012 ἐϐάπτισα,
1416 4948 1562 5012 εἰκὸς
1590 4945 1659 5021 ἦν
1694 4952 2000 5017 συστάντας

423 5027 498 5099 μὴ
532 5027 693 5098 μόνον
723 5028 817 5081 ἐπὶ
844 5027 923 5098 τῷ
946 5029 1172 5099 ὀνόματί
1205 5048 1307 5101 μου
1330 5031 1635 5096 καλεῖσθαι,
1665 5033 1801 5088 άλλά
1824 5036 1919 5091 καὶ
1940 5038 2003 5092 τὸ

420 5112 705 5183 βάπτισμα
732 5112 857 5182 ἐμοὶ
881 5112 1258 5185 ἐπιφημίζειν.
1286 5115 1349 5167 Et
1375 5114 1484 5187 γάρ
1516 5117 1623 5171 ἀπὸ
1646 5118 1752 5173 τῶν
1781 5118 2001 5175 ἐλαττό-

417 5213 525 5249 νων
553 5194 806 5250 τοσοῦτον
834 5195 1052 5264 ἐγένετο
1080 5196 1249 5250 κακὸν
1269 5239 1284 5259 ,
1318 5198 1449 5262 ἴσως
1478 5199 1544 5253 ἂν
1579 5202 1672 5256 καὶ
1706 5202 1791 5257 ἔτι
1819 5204 2000 5277 πολλῷ

358 5316 364 5321 ρ
417 5278 798 5351 χαλεπώτερον
831 5280 942 5334 ἀπὸ
979 5279 1090 5334 τῶν
1125 5279 1386 5347 μειζόνων
1421 5282 1656 5356 προῦϐη.
1702 5288 2000 5360 Ἑντρέψας

415 5363 596 5418 τοίνυν
635 5364 763 5428 τοὺς
803 5362 1236 5435 διεφθαρμένους
1289 5363 1483 5436 ταύτῃ,
1520 5369 1615 5421 καὶ⁸
1661 5372 1996 5439 προσειπὼν,

429 5446 759 5503 Ἐϐἁπτισα
789 5447 857 5501 δὲ
887 5448 989 5503 καί
1031 5447 1138 5502 τὸν
1171 5448 1448 5519 Στεφανᾶ
1476 5446 1668 5516 οἷκον,
1703 5454 1865 5509 πάλιν
1898 5458 1998 5512 αὐ-

415 5527 525 5582 τῶν
550 5530 814 5603 ὐποσύρει
841 5531 931 5586 τὸν
964 5530 1131 5600 τῦφον
1162 5529 1356 5600 λέγων·
1388 5534 1617 5589 Λοιπὸν
1645 5539 1757 5592 οὐκ
1784 5536 1917 5596 οῖδα
1944 5542 2001 5595 εῖ

416 5627 553 5667 τινα
577 5612 772 5667 ἄλλον
797 5612 1111 5668 ἐϐάπτισα.
1152 5614 1432 5669 Ἐντεῦθεν
1461 5618 1569 5689 γάρ
1596 5619 1887 5689 δείκνυσιν,
1917 5625 1997 5677 ὅτι

416 5695 541 5750 οὐδὲ
569 5697 1033 5768 περισπούδαστον
1058 5694 1127 5770 ἦν
1148 5700 1297 5771 αὐτῷ
1326 5701 1427 5770 τῆς
1462 5702 1568 5755 ἀπὸ
1604 5704 1797 5759 τούτου
1831 5712 1997 5779 τιμῆς

418 5779 716 5837 ἀπολαύειν
747 5781 898 5854 παρά
935 5780 1045 5834 τῶν
1075 5781 1306 5847 πολλῶν,
1341 5785 1464 5838 οὐδὲ
1502 5786 1662 5860 δόξης
1690 5790 1877 5845 ἕνεκεν
1906 5794 1997 5848 ἐπὶ

470 5955 498 5986 ⁸
520 5953 603 6006 Sic
623 5954 746 6018 Reg.
778 5953 1112 6029 Ediliié).a75v.
1138 5955 1290 6006 Paulo
1316 5971 1429 6010 ante
1456 5961 1629 6012 deerat
1651 5964 1696 6011 τί
1716 5966 1811 6015 δαί.

1145 312 1203 371 S.
1247 311 1530 370 JOANNIS
1560 302 2049 363 CIIIRYSOSTOMI
2087 298 2409 357 ARCHIEP.
2449 298 2998 355 CONS'I‘ANTINOP.

3668 313 3737 369 Ξίι

2150 416 2310 471 τοῦτο
2351 417 2574 491 ἤρχετο.
2609 415 2684 467 Οὐ
2718 414 2930 478 τούτοις
2964 414 3020 468 δὲ
3055 418 3234 483 μόνον,
3289 416 3426 470 ἀλλά
3478 419 3570 472 καὶ
3630 419 3741 482 τοῖς

2153 499 2282 570 ἑξῆς
2312 499 2524 568 σφόδρα
2562 498 2744 551 αὐτῶν
2774 498 3131 552 καταστέλλει
3164 499 3265 570 τὴν
3298 500 3630 572 φλεγμονὴν,
3657 503 3745 555 λέ-

2149 597 2292 649 γων·
2338 585 2420 636 Οὐ
2468 582 2581 651 γὰρ
2629 580 2959 635 ἀπέστειλέ
2996 598 3075 649 με
3117 583 3375 653 Χριστὸς
3405 584 3742 649 βαπτίζειν,

2147 665 2310 719 ἀλλὰ
2339 664 2926 736 εὐαγγελίζεσθαιῦΐὸ
2950 668 3059 737 γὰρ
3074 666 3483 739 ἐπιπονώτερον
3501 671 3596 722 καὶ
3617 670 3745 723 πολ-

2146 746 2240 800 λοῦ
2264 746 2517 817 δεόμενον
2549 748 2749 818 μόχθου
2787 747 2882 801 καλ⁸
2913 746 3091 819 ψυχῆς
3116 749 3358 821 σιδηρᾶς,
3381 751 3478 804 καὶ
3501 750 3530 803 6
3561 752 3741 805 πάντα

2149 834 2359 900 συνεῖχε
2381 870 2395 892 ,
2417 830 2575 884 τοῦτο
2594 827 2683 901 ἦν.
2708 831 2800 884 Διὸ
2831 833 2927 885 καὶ
2962 832 3172 895 Παῦλος
3201 833 3333 887 αὐτὸ
3354 834 3734 903 ἐνεχειρίζετο.

2148 912 2260 965 Καὶ
2288 912 2434 977 τίνος
2474 914 2661 968 ἕνεκεν
2698 914 2773 985 μὴ
2803 913 3134 978 ἀποσταλεὶς
3168 914 3470 986 βαπτίζειν,
3507 917 3737 970 ἐϐάπτι-

2147 992 2274 1061 ζεν;
2303 995 2378 1049 Οὐ
2414 997 2729 1067 μαχόμενος
2756 997 2835 1067 τῷ
2856 998 3261 1063 ἀποστείλαντι,
3283 999 3399 1052 ἀλλ’
3425 1001 3489 1053 ἐκ
3513 1017 3737 1072 περιου-

2147 1077 2270 1143 σίας
2297 1079 2457 1134 τοῦτο
2478 1081 2670 1135 ποιῶν.
2701 1083 2775 1135 Οὐ
2805 1081 2916 1153 γάρ
2938 1080 3111 1146 εἶπεν,
3136 1083 3217 1136 ὅτι
3255 1084 3585 1156 Ἐκωλύθην,
3617 1085 3732 1151 ἀλλῗ

2142 1163 2226 1216 ὅτι
2255 1164 2368 1216 Οὐκ
2400 1165 2716 1236 ἀπεστάλην
2744 1166 2837 1219 ἐπὶ¹
2861 1165 3056 1238 τούτῳ,
3092 1166 3205 1219 ἀλλ’
3228 1168 3320 1221 ἐπὶ
3335 1167 3415 1239 τῷ
3436 1170 3731 1237 ἀναγκαιοι-

2141 1248 2309 1318 τάτῳ.
2354 1247 2428 1301 Τὸ
2476 1250 2575 1320 μὲν
2635 1249 2745 1321 γὰρ
2802 1250 3257 1320 εὐαγγελίζεσθαι
3315 1252 3433 1316 ἑνός
3487 1269 3590 1305 που
3640 1254 3732 1306 καὶ

2140 1327 2427 1401 δευτέρου,
2465 1332 2531 1385 :6
2575 1332 2633 1386 δὲ
2669 1331 2955 1402 βαπτίζειν
2991 1332 3189 1398 παντὸς
3245 1334 3311 1387 ἂν
3356 1335 3441 1405 εἴη
3494 1334 3589 1387 τοῦ
3634 1336 3734 1406 τὴν

2144 1411 2446 1484 ἱερωσύνην
2480 1413 2716 1484 ἔχοντος.
2755 1415 3081 1486 Ἄνθρωπον
3116 1416 3215 1487 μὲν
3243 1415 3354 1487 γὰρ
3387 1418 3734 1488 κατηχούμεο

2140 1510 2233 1547 νον
2288 1493 2556 1559 λαϐόντας
2602 1497 2698 1550 καὶ
2753 1497 3115 1568 πεπεισμένον
3173 1497 3472 1568 βαπτίσαι,
3530 1499 3731 1562 παντὸς

2140 1576 2453 1632 οὑτινοσοῦν
2485 1580 2657 1634 ἐστιν·
2694 1582 2728 1651 ἡ
2773 1581 2882 1652 γάρ
2916 1580 3238 1652 προαίρεσις
3278 1580 3373 1634 τοῦ
3411 1582 3730 1652 προσιόντος

2140 1658 2327 1714 λοιπὸν
2359 1659 2658 1732 ἐργάζεται
2690 1662 2751 1716 :6
2776 1664 2907 1730 πᾶν,
2938 1663 3083 1731 καὶὴ
3112 1663 3205 1717 τοῦ
3234 1662 3369 1716 Θεοῦ
3393 1666 3572 1734 χάρις·
3597 1666 3726 1717 ὃταν

2138 1741 2195 1796 δὲ
2221 1742 2483 1808 ἀπίστους
2506 1745 2605 1819 δέῃ
2629 1747 2956 1818 κατηχῆσαι,
2981 1745 3179 1800 πολλοῦ
3204 1747 3286 1800 δεῖ
3310 1747 3498 1809 πόνου,
3523 1747 3725 1818 πολλῆς

2137 1826 2243 1898 τῆς
2270 1828 2482 1897 σοφίας·
2507 1828 2630 1882 τότε
2656 1828 2713 1882 δὲ
2742 1829 2838 1882 καὶ
2860 1829 2925 1882 τὸ
2951 1828 3281 1883 κινδυνεύειν
3304 1830 3535 1901 προσῆν.
3577 1832 3726 1885 Ἐκεῖ

2140 1908 2242 1980 μὲν
2270 1909 2380 1981 γὰρ
2408 1910 2469 1964 :6
2510 1913 2620 1965 πᾶν
2652 1910 2865 1981 γέγονε,
2898 1913 2994 1966 καὶ
3035 1913 3332 1968 πέπεισται
3360 1917 3388 1967 6
3423 1931 3719 1983 μυσταγω-

2137 1993 2350 2061 γεῖσθαι
2374 1993 2606 2064 μέλλων,
2635 1994 2733 2048 καὶ
2750 1995 2906 2049 οὐδὲν
2934 1997 3099 2066 μέγα,
3124 1996 3419 2050 πεισθέντα
3436 1996 3715 2067 βαπτίσαι·

2137 2075 2372 2130 ἐνταῦθα
2396 2077 2451 2130 δὲ
2482 2077 2651 2140 πολὺς
2682 2079 2710 2130 6
2735 2078 2898 2141 πόνος
2925 2079 3068 2133 ὥστε
3097 2082 3425 2147 μεταπεῖσαι
3467 2080 3722 2150 προαίρε-

2135 2175 2241 2224 σιν,
2270 2160 2364 2215 καὶ
2406 2161 2721 2232 μεταθεῖναι
2750 2160 2999 2234 γνώμην,
3031 2162 3125 2215 καὶ
3151 2161 3557 2233 άναμοχλεῦσαι
3586 2163 3723 2215 πλά-
3840 2198 3845 2203 η

2135 2260 2254 2315 νην,
2291 2245 2385 2298 καὶ
2426 2245 2837 2315 καταφυτεῦσαι
2866 2245 2968 2317 τὴν
3016 2246 3295 2316 ἀλήθειαν.
3332 2245 3445 2318 [19]
3486 2246 3626 2299 Ἀλλ’
3658 2248 3722 2300 οὐ

2132 2324 2281 2394 λέγει
2305 2328 2476 2380 ταῦτα
2505 2328 2700 2393 οὕτως,
2729 2328 2853 2382 οὐδέ
2882 2328 3282 2393 κατασκευάζει
3305 2328 3399 2382 καί
3423 2346 3611 2400 φησιν,
3640 2331 3725 2382 ὅτι

2130 2411 2322 2465 οὐδένα
2352 2413 2516 2467 πόνον
2547 2413 2661 2483 ἔχει
2688 2414 2751 2467 :6
2781 2413 3063 2484 βαπτίσαι,
3100 2412 3238 2467 ἀλλά
3270 2412 3332 2467 τὸ
3367 2413 3722 2482 εὐαγγελίσα-

2133 2494 2277 2549 σθαι·
2315 2490 2424 2549 οἶδε
2453 2495 2564 2566 γάρ
2595 2496 2684 2551 ἀεὶ
2725 2495 3061 2568 μετριάζειν·
3093 2496 3208 2550 ἀλλ’
3249 2496 3309 2550 ἐν
3341 2498 3405 2567 τῇ
3438 2496 3721 2566 συγκρίσει

2129 2579 2230 2649 τῆς
2259 2579 2463 2646 ἔξωθεν
2498 2580 2694 2650 σοφίας
2732 2579 2939 2652 σφόδρα
2968 2581 3344 2643 ἀποτείνεται,
3377 2580 3506 2634 ἔνθα
3548 2598 3720 2634 κατα-

2129 2665 2491 2735 φορικωτέρῳ
2543 2664 2780 2736 ἠδύνατο
2825 2663 3141 2736 χρήσασθαι
3187 2665 3352 2736 λόγῳ.
3407 2667 3482 2719 Οὐ
3535 2665 3719 2719 τοίνυν

2128 2746 2541 2818 ἐναντιούμενος
2568 2747 2648 2818 τῷ
2695 2747 2970 2819 πέμποντι
3009 2748 3325 2813 ἐϐάπτιζεν·
3371 2748 3487 2802 ἀλλ’
3530 2748 3718 2818 ὥσπερ

2126 2829 2220 2882 ἐπὶ
2242 2829 2351 2883 τῶν
2375 2829 2581 2901 χηρῶν,
2608 2831 2872 2885 είπόντων
2897 2832 3008 2885 τῶν
3034 2832 3373 2897 ἀποστόλων,
3403 2834 3527 2885 Οὐκ
3546 2831 3719 2886 ἔστιν

2126 2912 2388 2980 ἀρεστὸν
2419 2917 2864 2980 καταλιπόντας
2888 2913 3049 2985 ἡμᾶς
3072 2915 3182 2970 τὸν
3210 2916 3399 2987 λόγον
3424 2916 3532 2969 τοῦ
3566 2917 3715 2971 Θεοῦ

2126 2994 2429 3050 διακονεῖν
2459 2995 2791 3066 τραπέζαις,
2826 2999 3207 3071 διηκονήσατο,
3240 3000 3340 3053 οὐκ
3367 2998 3715 3070 ἐναντιούμε-

2125 3095 2215 3143 νος
2243 3080 2495 3145 ἐκείνοις,
2527 3081 2643 3134 ἀλλ’
2670 3083 2736 3135 ὲκ
2762 3082 3083 3154 περιουσίας
3115 3082 3283 3136 ποιῶν
3304 3099 3316 3111 ’
3347 3082 3491 3137 οὕτω
3515 3083 3610 3136 καὶ
3631 3084 3717 3135 ἐν-

2123 3162 2322 3217 ταῦθα.
2384 3165 2538 3218 Ἐπεὶ
2579 3166 2674 3219 καὶ
2717 3165 2812 3219 νῦν
2859 3169 2972 3230 τοῖς
3022 3167 3125 3236 μὲν
3173 3166 3560 3238 ἀφελεστέροις
3605 3167 3714 3221 τῶν

2126 3248 2516 3318 πρεσϐυτέρων
2553 3249 2713 3303 τοῦτο
2741 3249 3122 3322 ἐγχειρίζομεν
3146 3290 3161 3315 ,
3189 3250 3280 3303 τὸν
3313 3251 3372 3304 δέ
3399 3250 3710 3304 διδασκαλι⁹

2123 3331 2218 3384 κὺν
2247 3331 2407 3399 λόγον
2446 3335 2559 3396 τοῖς
2603 3335 2964 3406 σοφωτέροις·
2994 3336 3113 3388 ἐκεῖ
3145 3334 3256 3406 γάρ
3291 3337 3440 3389 ἐστιν
3476 3336 3506 3389 ό
3551 3335 3712 3399 πόνκ

2123 3415 2216 3467 καὶ
2249 3416 2278 3468 6
2320 3413 2503 3484 ἱδρώς.
2550 3415 2645 3469 Διὸ
2681 3419 2778 3471 καὶ
2810 3416 2976 3481 αὐτός
3017 3434 3203 3487 φησιν·
3244 3421 3307 3471 01
3340 3417 3544 3484 καλῶς
3570 3433 3707 3488 προσ

2120 3497 2376 3561 εστῶτες
2389 3500 2781 3568 πρεσϐύτεροι
2809 3499 3037 3569 διπλῆς
3056 3499 3236 3571 τιμῆς
3257 3500 3708 3569 ἀξιούσθωσαν,

2113 3579 2384 3650 μάλιστα
2416 3585 2471 3635 οί
2508 3582 2839 3651 κοπιῶντες
2880 3584 2952 3638 ἐν
2979 3586 3141 3654 λόγῳ
3186 3586 3287 3639 καί
3317 3585 3706 3654 διδασκαλίᾳ.

2122 3664 2335 3735 Ὠσπερ
2362 3663 2471 3737 γάρ
2503 3665 2563 3719 τὸ
2596 3666 2695 3737 μὲν
2722 3665 2934 3731 διδάξαι
2966 3667 3094 3730 τοὺς
3125 3668 3476 3734 παλαίοντας,
3513 3669 3707 3741 ἀνδρός

2120 3749 2237 3800 ἐστι
2265 3750 2512 3817 γενναίου
2545 3750 2641 3804 καὶ
2673 3750 3023 3822 παιδοτρίϐου
3052 3752 3242 3822 σοφοῦ,
3270 3753 3331 3807 :6
3358 3753 3416 3807 δὲ
3439 3754 3706 3810 ἐπιθεῖναι

2116 3831 2210 3886 τὸν
2245 3833 2510 3902 στέφανον
2551 3832 2632 3902 τῷ
2663 3835 2953 3905 νικήσαντι
3002 3836 3097 3889 καὶ
3134 3835 3231 3889 τοῦ
3284 3836 3359 3908 μὴ
3405 3837 3708 3908 δυναμένου

2117 3917 2368 3971 παλαίειν
2413 3918 2550 3979 ἐστὶ,
2594 3918 2771 3971 καίτοι
2819 3936 2880 3986 γε
2935 3923 2961 3972 6
3017 3920 3280 3989 στέφανος
3328 3920 3709 3993 λαμπρότερον

2116 4003 2260 4054 ποιεῖ
2291 4001 2380 4055 τὸν
2409 4003 2731 4071 νικήσαντα·
2757 4002 2902 4055 οῦτω
2929 4004 3022 4056 καὶ
3055 4003 3146 4056 ἐπὶ
3174 4003 3268 4056 τοῦ
3303 4003 3703 4076 βαπτίσματος·

2116 4084 2379 4139 ἀδύνατον
2420 4085 2519 4155 μὲν
2564 4090 2674 4156 γάρ
2710 4085 2881 4157 χωρὶς
2913 4085 3080 4138 αὐτοῦ
3128 4086 3410 4156 σωθῆναι,
3453 4087 3604 4141 οὐδὲν
3647 4089 3702 4143 δὲ

2117 4167 2263 4241 μέγα
2280 4170 2309 4222 6
2335 4166 2616 4239 βαπτίζων
2643 4170 2809 4249 ποιεῖ,
2833 4168 3153 4240 προαίρεσιν
3176 4173 3705 4244 παρεσκευασμένην

2112 4251 2312 4307 λαϐών.
2345 4255 2467 4306 Οὐκ
2505 4252 2577 4305 ὲν
2623 4253 2814 4321 σοφίᾳ
2860 4254 3073 4321 λόγου,
3126 4253 3228 4307 ἵνα
3258 4252 3344 4323 μὴ
3392 4253 3628 4322 κενωθῇ
3670 4259 3703 4309 ό

2112 4334 2376 4404 σταυρὸς
2413 4334 2520 4389 τοῦ
2560 4334 2842 4401 Χριστοῦ.
2900 4334 3163 4390 Καθελὼν
3212 4335 3273 4390 :6
3324 4335 3551 4408 φύσημα
3592 4337 3703 4391 τῶν

2111 4418 2200 4471 διά
2230 4418 2291 4471 :6
2317 4415 2601 4488 βαπτίζειν
2621 4417 2765 4487 μέγα
2783 4418 3147 4489 φρονούντων,
3176 4420 3495 4492 μεθίσταται
3515 4422 3704 4476 λοιπίν

2114 4499 2252 4571 πρὸς
2297 4500 2424 4563 τοὺς
2467 4500 2559 4552 ἐπὶ
2599 4502 2763 4573 σοφίᾳ
2806 4504 2871 4573 τῇ
2920 4502 3121 4568 ἔξωθεν
3160 4504 3568 4575 κομπάζοντας,
3606 4507 3701 4560 καὶ

2111 4584 2232 4637 κατ’
2279 4582 2460 4637 αὐτῶν
2509 4583 2793 4647 όπλίζεται
2829 4585 3212 4658 σφοδρότερον.
3254 4590 3399 4660 Πρὸς
3447 4589 3549 4660 μὲν
3591 4592 3702 4662 γάρ

2109 4668 2236 4731 τοὺς
2272 4667 2367 4720 ἐπὶ
2396 4665 2475 4737 τῷ
2509 4668 2792 4737 βαπτίζειν
2829 4670 3284 4742 πεφυσιωμένους
3324 4673 3543 4743 ἐλεγεν,
3579 4677 3699 4728 Εὐ-

2110 4749 2394 4821 καριστῶ,
2430 4751 2519 4804 ὅτι
2556 4751 2781 4806 οὐδένα
2821 4752 3148 4820 ἐϐάπτισα,
3186 4758 3281 4811 καὶ
3322 4759 3405 4812 ὅτι
3451 4760 3554 4814 οὐκ
3587 4760 3696 4813 ἀπ-

2110 4834 2318 4890 έστειλέ
2364 4851 2430 4907 με
2469 4835 2498 4888 ὁ
2535 4836 2770 4907 Χριστὸς
2810 4831 3131 4907 βαπτίζειν·
3168 4841 3262 4894 καὶ
3296 4841 3421 4896 οὔτε
3451 4843 3697 4914 σφοδρῶς

2109 4918 2231 4972 οὕτε
2266 4919 2785 4983 κατασκευαστικῶς
2807 4921 3073 4993 κέχρηται
3106 4923 3185 4994 τῷ
3217 4925 3381 4996 λόγῳ,
3408 4925 3523 4979 ἀλλ’
3552 4928 3695 4979 αίνι-

2109 5003 2343 5073 ξάμενος
2379 5002 2446 5055 δι’
2480 5002 2676 5071 ὀλίγων
2701 5003 2843 5076 άπερ
2880 5005 3153 5073 ἐϐούλετο,
3186 5009 3543 5080 παρέδραμεν
3565 5027 3578 5039 ·
3610 5012 3696 5063 ὲν-

2108 5086 2283 5139 ταῦθα
2317 5086 2373 5140 δέ
2408 5086 2475 5140 ἐκ
2502 5087 2809 5157 προοιμίων
2843 5088 3092 5161 χαλεπὴν
3125 5090 3309 5144 δίδωσι
3346 5093 3447 5163 τὴν
3478 5092 3698 5164 πληγὴν

2107 5171 2300 5240 λέγων·
2326 5170 2458 5225 Ἵνα
2483 5170 2568 5240 μὴ
2596 5170 2826 5239 κενωθῇ
2850 5175 2882 5227 ό
2903 5174 3169 5242 σταυρὸς
3188 5174 3293 5229 τοῦ
3316 5176 3597 5244 Χριστοῦ.
3629 5176 3694 5229 Τί

2105 5254 2286 5308 τοίνυν
2316 5253 2460 5322 μέγα
2488 5257 2725 5323 φρονεῖς,
2761 5255 2845 5325 ἐφ’
2873 5249 2917 5323 ᾧ
2948 5256 3390 5325 ἐγκαλύπτεσθαι
3418 5259 3447 5299 δ
3478 5260 3605 5324 ἔδει;
3629 5261 3690 5312 EE

2106 5338 2215 5410 γὰρ
2241 5337 2471 5408 πολεμεῖ
2484 5337 2560 5409 τῷ
2583 5339 2803 5410 σταυρῷ
2825 5340 2919 5392 καὶ
2944 5339 3181 5411 μάχεται
3199 5344 3312 5405 τοῖς
3335 5342 3687 5411 Εὐαγγελίοις

2106 5424 2138 5491 ἡ
2178 5421 2340 5489 σοφία
2369 5420 2531 5491 αῦτη,
2562 5423 2663 5475 οὐκ
2692 5423 2879 5492 αὐχεῖν
2912 5422 3001 5473 ἐπ’
3035 5423 3195 5495 αὐτῇ,
3223 5424 3359 5477 ἀλλά
3390 5427 3482 5479 καὶ
3519 5442 3688 5479 κατα-

2104 5504 2326 5558 δύεσθαι
2360 5504 2458 5558 δεῖ.
2489 5504 2660 5558 Τοῦτο
2694 5504 2805 5575 γὰρ
2837 5504 3010 5559 αἴτιον
3042 5505 3136 5558 τοῦ
3156 5507 3251 5579 σμὴ
3280 5509 3535 5576 γενέσθαι
3562 5509 3691 5573 τοὺς

2105 5589 2437 5651 ἀποστόλους
2471 5590 2703 5658 σοφοὺς,
2738 5590 2839 5642 οὐκ
2871 5589 3129 5662 ἀσθενείᾳ
3172 5590 3268 5645 τοῦ
3312 5593 3687 5665 χαρίσματος,

2105 5671 2220 5725 ἀλλ’
2252 5673 2339 5725 ἵνα
2368 5673 2442 5743 μὴ
2468 5671 2638 5742 βλαϐῇ
2661 5671 2722 5724 :6
2748 5676 3030 5745 κήρυγμα.
3064 5676 3178 5729 Οὐκ
3198 5676 3305 5746 ἄρα
3327 5678 3527 5730 ἐκεῖνοι
3548 5673 3689 5748 ἦσαν

2106 5755 2155 5807 οί
2189 5755 2546 5820 συνιστῶντες
2571 5756 2662 5810 τὸν
2689 5755 2869 5826 λόγον,
2894 5757 3031 5813 ἀλλὰ
3058 5759 3153 5812 καὶ
3174 5759 3600 5831 λυμαινόμενοι·
3637 5762 3686 5815 οι

2170 5970 2198 6010 ιι
2220 5970 2299 6019 Sic
2322 5969 2442 6031 Reg.
2470 5969 2599 6020 Ε(ιὶιί
2638 5984 2758 6020 vero
2778 5972 3119 6032 καλύπτεσθαι,
3157 5972 3306 6023 male.

3720 5938 3728 5997 ἶ
