4100 6214
293 307 359 362 εχε
1354 291 1415 344 IN
1457 291 1670 346 EI‘IST.
1707 291 1722 343 l
1788 289 1877 343 AD
1915 287 2070 342 COR.
2115 288 2341 343 llOMlL.
2385 291 2471 345 Ill.
3487 301 3556 357 26

312 416 560 476 mundum
603 408 882 467 condidit?
912 423 1036 462 num
1090 405 1283 460 Paulus
1310 419 1403 458 vos
1454 420 1520 458 ex
1549 402 1719 456 nihilo
1751 416 1872 469 pro-

307 509 496 566 duxit?
523 505 613 560 sed
643 519 765 571 qua:
804 502 857 556 in
886 500 1130 557 fidelibus
1154 505 1306 553 erant
1333 497 1548 560 cxunia,
1593 505 1646 549 ct
1673 509 1875 564 magna:

307 597 667 672 providentia),
696 609 758 649 ea
781 593 951 662 ponit,
977 607 1190 646 crucem
1221 598 1276 644 et
1297 589 1642 658 baptismum,
1663 595 1717 641 et
1738 587 1874 640 bona

316 691 434 746 inde
458 696 622 758 parta.
655 685 787 740 Nam
828 684 918 738 Dei
951 697 1076 752 erga
1105 681 1350 734 homines
1375 693 1610 732 amorem
1637 677 1876 731 ostendit

317 781 482 837 utuudi
509 779 733 841 creatio,
764 775 998 831 maxime
1036 789 1165 828 vero
1192 773 1280 826 illa
1314 787 1408 838 per
1431 783 1648 824 crucem
1677 767 1874 822 demis-

312 877 401 930 sio.
427 875 489 927 Et
516 887 622 924 non
644 870 800 935 dixit,
821 868 955 922 Num
979 867 1176 921 Paulus
1199 875 1441 919 mortuus
1465 873 1544 918 est
1570 877 1668 932 pro
1686 859 1876 914 vobis?

305 965 413 1029 sed,
445 961 588 1014 Num
616 959 813 1012 Paulus
833 957 1104 1022 cruciﬁxus
1126 964 1197 1009 est
1218 957 1243 1009 1'
1268 953 1457 1009 mortis
1482 967 1692 1022 quoque
1711 964 1877 1020 genus

303 1055 574 1110 indicans?
602 1061 648 1105 et
675 1053 726 1104 in
750 1051 951 1104 nomine
967 1048 1124 1102 Pauli
1145 1047 1387 1117 baptizati
1406 1046 1562 1101 estis?
1585 1044 1693 1099 Nec
1715 1043 1868 1110 dixit,

298 1150 425 1203 Num
449 1147 648 1200 Paulus
671 1159 764 1198 vos
793 1141 1113 1213 baptizavit?
1134 1141 1330 1194 multos
1355 1138 1498 1194 enim
1523 1138 1610 1192 ille
1638 1136 1875 1205 baptiza-

301 1240 370 1293 vit
400 1257 412 1291 :
440 1253 630 1290 verum
653 1235 705 1290 id
727 1250 830 1288 nou
858 1234 1214 1303 quasrebatur,
1242 1246 1272 1284 a
1293 1245 1398 1300 quo
1417 1244 1606 1298 nempe
1627 1227 1876 1297 baptizati

297 1333 541 1392 fuissent,
568 1328 662 1383 sed
697 1328 749 1381 in
794 1325 948 1395 cujus
991 1323 1207 1378 nomine
1233 1321 1487 1391 baptizati
1513 1329 1714 1374 essent.
1743 1318 1876 1385 Quia

295 1421 432 1476 enim
462 1421 568 1474 hoc
613 1418 964 1473 schismatum
1013 1428 1170 1469 causa
1210 1415 1402 1474 fuerat,
1434 1410 1577 1480 quod
1618 1425 1683 1464 ex
1705 1408 1875 1478 bapti-

298 1514 543 1569 zautibus
570 1525 767 1564 nomen
785 1509 1112 1576 accipereut,
1138 1505 1239 1558 hoc
1255 1505 1414 1557 etiam
1433 1501 1649 1570 corrigit
1669 1499 1874 1563 dicens,

293 1610 365 1659 An
395 1607 448 1657 in
506 1603 712 1655 nomine
759 1599 912 1652 Pauli
941 1597 1176 1666 baptizati
1233 1595 1350 1648 estis
1376 1594 1400 1646 ?
1431 1593 1496 1646 Et
1549 1607 1615 1646 ne
1643 1591 1872 1654 dixeris,

299 1699 487 1765 inquit,
521 1695 655 1761 Quis
702 1690 1032 1760 baptizavit,
1075 1688 1194 1752 sed,
1232 1686 1287 1740 In
1317 1687 1468 1754 cujus
1492 1685 1724 1738 nomine.
1757 1682 1876 1737 Non

299 1792 436 1844 enim
489 1788 753 1858 qumritur
785 1770 906 1854 quis
932 1782 1184 1852 baptizet,
1214 1779 1308 1834 sed
1336 1779 1453 1848 quis
1476 1779 1527 1832 in
1559 1778 1876 1846 baptismate

293 1890 517 1936 vocetur
547 1898 560 1933 :
594 1880 682 1933 hic
711 1878 854 1932 enim
897 1883 1112 1945 peccata
1137 1871 1376 1928 dimittit.
1427 1871 1523 1925 ilic
1544 1871 1765 1940 gradum
1801 1869 1876 1923 si-

292 1977 397 2036 stit,
432 1989 538 2027 nec
565 1987 684 2042 qum
713 1978 1010 2040 sequuntur
1038 1966 1397 2037 persequitur.
1421 1964 1535 2018 Non
1559 1964 1700 2018 enim
1721 1963 1870 2027 dicit,

291 2064 424 2118 Num
463 2063 659 2118 Paulus
677 2060 828 2115 vobis
851 2058 1030 2114 futura
1063 2057 1199 2111 bona
1218 2055 1508 2126 promisit?
1530 2070 1653 2108 num
1680 2054 1873 2108 Paulus

288 2156 452 2210 vobis
486 2153 730 2222 promisit
761 2166 985 2222 regnum
1013 2151 1265 2206 caelorum
1287 2150 1310 2202 ?
1335 2149 1440 2204 Cur
1460 2164 1588 2219 ergo
1621 2148 1736 2203 lucc
1765 2163 1870 2202 non

287 2245 527 2314 adjicit?
549 2246 681 2310 Quia
727 2259 831 2298 non
862 2256 958 2313 par
994 2257 1086 2296 res
1113 2250 1196 2295 est
1222 2255 1440 2310 regnum
1479 2239 1790 2309 promittere
1822 2250 1876 2293 et

284 2337 562 2407 cruciligi.
592 2335 721 2390 illud
740 2335 882 2391 enim
907 2349 1007 2390 nec
1028 2333 1316 2403 periculum
1341 2331 1588 2398 habebat,
1622 2347 1719 2385 nec
1749 2331 1879 2386 alie-

286 2430 443 2484 rehat
470 2428 864 2498 ignominiam:
897 2426 998 2480 hoc
1033 2441 1162 2480 vero
1204 2425 1318 2479 haec
1371 2424 1570 2478 oumia.
1626 2422 1873 2491 Alioquin

284 2530 470 2574 autem
523 2519 594 2572 ab
627 2518 710 2572 his
741 2518 829 2571 illa
875 2516 1086 2587 probat.
1117 2515 1253 2570 Cum
1285 2514 1507 2569 dixisset
1555 2514 1698 2568 enim
1725 2554 1739 2576 ,
1775 2513 1877 2579 Qui

282 2612 502 2680 proprio
537 2608 677 2661 Filio
708 2625 801 2662 suc
837 2624 936 2661 non
976 2607 1215 2677 pepercit,
1243 2605 1447 2674 adjicit,
1483 2605 1746 2671 Quomodo
1775 2621 1874 2658 non

283 2702 443 2754 etiam
471 2716 593 2752 eum
622 2700 713 2752 illo
753 2699 925 2751 omnia
951 2697 1094 2751 nobis
1116 2695 1321 2750 donabit
1352 2696 1524 2764 (Rom.
1549 2697 1602 2750 8.
1637 2694 1772 2765 δερ
1823 2704 1876 2750 ει

281 2806 531 2852 rursum,
562 2789 623 2846 Si
650 2790 785 2842 enim
813 2789 1006 2841 inimici
1029 2804 1142 2840 cum
1171 2802 1408 2849 essemus,
1438 2785 1747 2838 reconciliati
1784 2801 1873 2837 su-

283 2900 392 2938 mus
421 2883 538 2935 Deo
570 2898 660 2950 per
689 2891 900 2934 mortem
923 2879 1047 2933 Filii
1076 2880 1206 2948 ejus,
1243 2878 1399 2930 multo
1440 2877 1598 2946 magis
1645 2875 1873 2928 reconci—

285 2972 393 3025 liati
430 2972 753 3025 salvabimur
804 2969 938 3041 (Id.
986 2970 1040 3024 5.
1099 2966 1227 3037 10).
1278 2967 1402 3022 Ideo
1448 2982 1554 3020 non
1607 2965 1693 3019 illa
1747 2965 1874 3020 sub-

284 3063 494 3132 juusit,
529 3071 588 3116 et
613 3061 755 3132 quod
781 3062 868 3116 illa
889 3060 1103 3131 quidem
1127 3059 1363 3113 nondum
1388 3058 1666 3121 haberent,
1686 3057 1874 3110 borum

279 3166 465 3210 autem
511 3155 624 3224 jam
655 3154 1040 3224 experientiam
1081 3153 1447 3221 accepissent;
1505 3163 1558 3204 et
1601 3149 1741 3219 quod
1782 3149 1871 3203 illa

280 3246 511 3315 quidem
546 3246 600 3299 in
634 3245 1081 3315 promissionibus
1107 3285 1122 3310 ,
1152 3243 1266 3299 bzec
1315 3257 1447 3297 vero
1470 3242 1579 3310 jam
1629 3243 1766 3294 facta
1788 3255 1875 3296 es-

279 3346 424 3392 seut.
461 3337 556 3390 14.
590 3335 795 3390 Gratias
823 3353 918 3407 ago
943 3335 1051 3390 Deo
1073 3352 1181 3390 meo
1204 3376 1219 3400 ,
1246 3336 1364 3405 quia
1389 3334 1636 3388 neminem
1661 3342 1877 3387 vestrum

281 3430 577 3498 baptizavi,
615 3430 710 3481 nisi
729 3427 970 3496 Crispum
991 3437 1037 3482 et
1066 3426 1272 3481 Gaium.
1317 3426 1428 3480 Cur
1457 3425 1622 3479 altum
1649 3425 1838 3492 sapitis
1856 3464 1871 3488 ,

283 3520 426 3589 quod
466 3518 787 3586 baptizetis,
837 3518 1052 3588 quando
1080 3534 1180 3588 ego
1208 3517 1408 3587 gratias
1448 3532 1569 3586 ago,
1609 3513 1752 3585 quod
1777 3513 1879 3568 hoc

287 3627 391 3664 non
423 3611 696 3664 fecerim?
723 3610 855 3664 Cum
879 3609 991 3665 haec
1007 3620 1182 3664 autem
1209 3607 1356 3672 dicit,
1381 3607 1591 3661 illorum
1616 3614 1877 3660 tumorem

284 3703 592 3771 prudenter
620 3702 755 3755 tollit
779 3719 794 3763 ;
825 3716 929 3756 non
953 3701 1057 3754 vim
1091 3700 1446 3769 baptismatis,
1474 3697 1634 3761 absit,
1664 3695 1758 3751 sed
1781 3711 1874 3748 ar-

287 3793 600 3863 rogantiam
634 3807 842 3854 eorum,
876 3791 967 3860 qui
994 3790 1060 3845 de
1086 3790 1212 3844 dato
1240 3789 1560 3858 baptismate
1584 3785 1881 3857 gloriaban-

297 3893 417 3948 tur;
450 3884 637 3953 primo
661 3881 954 3937 ostendens
978 3897 1082 3935 non
1106 3881 1343 3949 ipsorum
1377 3895 1499 3933 esse
1519 3878 1716 3933 donum
1743 3893 1758 3942 ;
1790 3893 1878 3930 se-

286 3977 469 4029 cundo
497 3974 703 4045 gratias
733 3989 898 4043 agens
926 3973 1037 4027 Deo
1067 3987 1129 4027 ea
1159 3971 1227 4026 de
1256 3985 1436 4024 causa.
1468 3969 1600 4023 Nam
1629 3983 1878 4038 magnum

284 4067 518 4136 quidem
547 4076 631 4120 est
656 4065 940 4134 baptisma,
964 4063 1061 4118 sed
1087 4079 1192 4118 non
1216 4062 1362 4117 illum
1405 4077 1654 4132 maguum
1683 4061 1805 4114 facit
1837 4059 1882 4113 is

294 4160 383 4225 qui
413 4159 680 4228 baptizat,
702 4158 798 4212 sed
824 4157 913 4228 qui
941 4157 995 4210 iu
1023 4156 1341 4226 baptismate
1370 4155 1670 4209 invocatur.
1699 4154 1880 4222 Bapti-

289 4268 416 4306 zare
449 4251 601 4304 enim
633 4250 764 4304 nihil
797 4260 900 4315 est,
927 4249 1070 4319 quod
1097 4248 1163 4303 ad
1195 4247 1488 4301 humanum
1518 4244 1710 4299 attinet
1736 4245 1884 4298 labo-

293 4360 408 4397 rem
440 4361 457 4410 ;
491 4344 589 4398 sed
618 4344 785 4398 multo
809 4343 985 4398 minus
1005 4349 1108 4406 est,
1136 4357 1294 4411 quam
1321 4339 1710 4410 evaugelizare.
1752 4338 1882 4392 Nam

293 4453 497 4508 magna
523 4437 736 4505 quidem
773 4451 861 4491 res
891 4445 974 4490 est
1000 4434 1282 4504 baptisma,
1326 4434 1514 4487 iterum
1541 4432 1679 4493 dico,
1704 4432 1886 4486 etsine

295 4529 629 4598 baptismate
654 4543 762 4581 non
794 4542 1074 4596 possumus
1101 4541 1321 4596 regnum
1351 4525 1604 4593 consequi
1635 4542 1647 4576 :
1676 4525 1768 4578 sed
1794 4538 1887 4593 po-

298 4631 404 4675 test
431 4620 542 4672 hoc
565 4618 744 4672 facere
766 4617 848 4671 vir
870 4633 978 4671 non
1001 4615 1288 4671 admodum
1307 4615 1622 4684 prmelarus;
1655 4628 1886 4683 evange-

300 4710 474 4762 Iizare
509 4717 687 4762 autem
718 4708 870 4762 multi
901 4707 1099 4761 laboris
1124 4715 1229 4760 est.

372 4802 429 4853 5.
461 4799 694 4854 Causam
727 4813 856 4852 vero
906 4796 1036 4850 dicit
1061 4811 1156 4850 cur
1193 4795 1390 4866 gratias
1419 4805 1560 4865 agat,
1591 4793 1732 4864 quod
1777 4793 1887 4848 nul-

296 4889 414 4942 lum
441 4889 808 4958 lmptizaverit.
831 4888 1084 4955 Quarnam
1112 4887 1199 4940 illa
1229 4887 1348 4941 est?
1372 4887 1458 4941 15.
1488 4885 1572 4940 Ne
1598 4885 1707 4955 quis
1732 4885 1885 4950 dicat,

299 4979 510 5047 inquit,
531 4979 731 5047 quodin
752 4979 952 5032 nomine
979 4994 1086 5031 meo
1113 4976 1355 5046 baptizati
1383 4977 1521 5030 estis.
1553 4975 1687 5044 Quid
1718 4978 1890 5030 vero?

304 5068 384 5123 dc
411 5067 591 5122 illisue
625 5070 724 5123 hoc
752 5067 1038 5124 dicebant?
1066 5068 1283 5123 Minime
1317 5084 1330 5120 :
1357 5067 1453 5122 sed
1486 5069 1666 5132 timeo,
1696 5067 1888 5136 inquit,

300 5176 380 5216 nc
417 5174 496 5213 co
523 5160 731 5216 morbus
757 5161 1031 5216 deveniat.
1063 5160 1194 5214 Nam
1227 5160 1272 5214 si
1307 5174 1426 5214 cum
1458 5159 1590 5213 viles
1614 5168 1667 5214 et
1694 5159 1893 5214 nullius

302 5249 487 5322 pretii
513 5249 747 5308 homines
773 5253 1107 5321 baptizarent
1127 5293 1143 5317 ,
1176 5251 1395 5306 hmresis
1423 5258 1544 5304 nata
1570 5261 1687 5316 est;
1719 5253 1760 5306 si
1788 5267 1888 5320 ego

304 5342 404 5410 qui
440 5341 762 5409 baptismum
790 5342 1104 5397 annuntiavi
1132 5342 1332 5398 multos
1364 5341 1717 5410 baptizassem
1745 5382 1760 5408 ,
1791 5357 1892 5397 ve-

301 5433 545 5487 risimile
567 5443 680 5488 erat
699 5450 795 5489 eos
819 5434 907 5503 qui
933 5442 1316 5498 convenerant,
1346 5449 1460 5487 non
1492 5433 1651 5486 modo
1676 5433 1894 5487 nomine

301 5539 438 5578 meo
467 5525 737 5580 vocandos
762 5527 896 5592 fore,
927 5525 1019 5580 sed
1049 5526 1208 5580 etiam
1237 5524 1499 5593 baptisma
1522 5523 1652 5578 mihi
1692 5522 1893 5578 adscric

307 5623 516 5686 pturos
553 5615 737 5674 fuisse.
782 5617 838 5673 Si
867 5618 1008 5673 enim
1039 5633 1070 5672 a
1114 5616 1349 5672 minimis
1375 5623 1578 5670 tantum
1600 5624 1777 5669 ortum
1805 5623 1888 5670 est

311 5709 546 5777 malum,
571 5709 711 5768 forte
733 5711 891 5784 longe
914 5712 1127 5784 gravius
1157 5727 1189 5766 a
1217 5710 1509 5783 majoribus
1533 5711 1892 5782 provenisset.

1987 398 2120 454 Cum
2168 402 2325 472 igitur
2360 419 2453 458 eos
2479 406 2568 474 qui
2600 407 2837 476 corrupti
2873 417 3027 464 erant
3074 408 3176 465 hoc
3201 412 3359 466 modo
3383 413 3554 470 incrc»

1984 500 2164 558 passet
2183 533 2196 557 ,
2220 508 2283 547 ac
2306 493 2548 562 dixisset,
2581 496 2668 551 l6.
2712 497 2978 567 Baptizavi
3002 507 3171 556 autent
3197 513 3243 556 ct
3274 502 3558 573 Stephants

1981 581 2220 648 domum;
2267 584 2478 640 illorum
2521 586 2712 642 fastum
2763 605 2951 646 rursus
2999 591 3294 662 deprimit,
3346 594 3553 659 dicens,

1981 670 2226 726 Caeterum
2252 675 2419 728 nescio
2462 692 2528 730 an
2555 678 2772 748 aliquem
2801 681 2960 734 alium
2991 682 3370 754 baptizauerim.
3420 685 3557 754 lliuc

1981 767 2122 820 enim
2153 768 2386 823 ostendit
2415 785 2521 824 non
2549 786 2694 826 curae
2722 772 2794 826 illi
2827 772 2990 829 fuisse
3013 775 3114 830 hoc
3142 775 3245 830 frui
3268 776 3406 846 apud
3436 777 3558 831 vul-

1979 872 2078 926 gus
2107 857 2311 913 honore
2330 899 2344 924 ,
2400 875 2499 914 nec
2528 862 2717 929 gloriae
2747 878 2906 918 causa
2956 865 3021 919 ad
3051 865 3152 921 hoc
3181 868 3414 922 venisse.
3440 867 3555 923 Non

1983 948 2066 1004 his
2097 958 2300 1004 tantum
2323 991 2340 1018 ,
2372 953 2468 1007 sed
2495 954 2654 1008 etiam
2677 955 2727 1009 in
2757 959 3104 1026 sequentibus
3123 960 3335 1014 illorum
3365 961 3558 1015 fastum

1981 1041 2275 1111 deprimit,
2323 1044 2542 1100 dicens:
2576 1048 2662 1102 l7.
2698 1047 2820 1102 Non
2869 1050 3003 1103 enim
3049 1051 3185 1105 misit
3229 1067 3306 1105 me
3329 1051 3560 1107 Christus

1983 1135 2260 1201 baptizare,
2295 1137 2385 1190 sed
2431 1139 2800 1209 euangelizare.
2830 1139 2966 1194 Nam
3009 1141 3112 1197 hoc
3141 1152 3194 1196 et
3239 1143 3560 1198 laboriosius

1982 1233 2096 1278 erat
2115 1265 2132 1290 ,
2160 1225 2354 1280 sudore
2381 1229 2548 1282 multo
2574 1245 2710 1299 opus
2753 1230 2979 1286 habebat
3027 1231 3310 1302 ferreoque
3337 1234 3520 1288 animo
3543 1273 3559 1298 ,

1982 1315 2266 1384 omniaque
2315 1319 2663 1373 continebat:
2710 1320 2934 1390 ideoque
3006 1322 3168 1376 Paulo
3213 1324 3558 1378 commissum

1984 1403 2100 1457 fuit.
2131 1405 2197 1458 Et
2226 1422 2320 1459 cur
2350 1407 2414 1460 ad
2448 1407 2818 1477 baptizandum
2849 1426 2953 1464 non
2982 1412 3197 1478 missus,
3223 1414 3562 1482 baptizabat?

1982 1496 2096 1550 Non
2139 1514 2378 1566 pugnans
2404 1500 2667 1556 adversus
2712 1519 2831 1556 cum
2863 1504 2953 1572 qui
2984 1519 3043 1558 se
3075 1505 3326 1568 miserat,
3371 1505 3464 1559 sed
3494 1520 3561 1560 ex

1981 1590 2270 1644 abundanti
2303 1591 2405 1646 hoc
2433 1592 2680 1648 faciebat.
2713 1593 2828 1648 Non
2864 1596 3005 1649 enim
3050 1597 3201 1662 dixit,
3236 1597 3560 1668 prohibitum

1983 1682 2114 1735 mihi
2149 1683 2268 1747 fuit,
2300 1684 2417 1746 sed.
2451 1685 2565 1738 Non
2599 1702 2714 1740 sum
2744 1687 2939 1742 missus
2965 1688 3029 1742 ad
3063 1688 3184 1752 hoc,
3215 1688 3309 1742 sed
3347 1689 3412 1743 ad
3445 1703 3560 1744 rem

1982 1773 2220 1828 maxime
2251 1778 2632 1830 necessariam.
2690 1777 2821 1832 Nam
2870 1778 3243 1848 evangelizare
3271 1778 3430 1833 unius
3470 1788 3563 1833 aut

1982 1864 2207 1920 duorum
2245 1878 2392 1932 erat;
2426 1868 2697 1936 baptizare
2745 1879 2925 1925 autem
2983 1871 3269 1940 cujuslibet
3294 1881 3378 1926 est
3407 1913 3422 1936 ,
3464 1871 3556 1941 qui

1985 1955 2240 2023 prmditus
2280 1957 2351 2010 sit
2377 1958 2700 2012 sacerdotio.
2733 1960 3014 2014 llominem
3043 1976 3274 2030 namque
3302 1962 3562 2016 catechu-

1987 2062 2200 2101 meuum
2231 2056 2287 2102 et
2325 2063 2638 2118 persuasum
2689 2050 2962 2120 baptizare
3000 2051 3287 2120 cujuslibet
3306 2060 3390 2105 est
3419 2069 3432 2106 :
3464 2066 3558 2106 vo-

1983 2139 2158 2194 luntas
2191 2139 2337 2194 enim
2389 2139 2696 2196 accedentis
2717 2141 2972 2212 deinceps
3013 2151 3182 2197 totum
3207 2141 3405 2209 ellicit,
3434 2158 3556 2198 cum

1986 2230 2078 2284 Dei
2111 2232 2299 2301 gratia.
2328 2231 2459 2286 Cum
2480 2241 2658 2287 autem
2681 2232 2923 2288 inﬁdeles
2961 2241 3086 2288 sunt
3113 2234 3182 2288 ad
3207 2233 3363 2289 (idem
3406 2235 3563 2290 insti-

1984 2321 2184 2385 tuendi,
2211 2322 2382 2377 multo
2402 2337 2536 2392 opus
2564 2332 2648 2377 est
2667 2323 2870 2388 labore,
2897 2325 3063 2379 multa
3093 2325 3356 2395 sapientia
3396 2344 3409 2380 :
3440 2336 3566 2383 tune

1982 2423 2160 2468 autem
2184 2415 2345 2468 etiam
2369 2414 2704 2470 subeundum
2732 2424 2846 2471 erat
2869 2415 3186 2485 periculum.
3213 2416 3270 2471 ln
3293 2417 3566 2487 baptizan-

1982 2504 2052 2558 do
2079 2504 2221 2559 enim
2245 2513 2410 2560 totum
2445 2503 2637 2560 factum
2669 2513 2772 2571 est,
2802 2514 2857 2560 et
2889 2520 3176 2574 persuasus
3213 2514 3295 2561 est
3317 2508 3361 2561 is
3386 2508 3474 2578 qui
3508 2508 3563 2564 in

1988 2598 2298 2668 mysterium
2349 2607 2430 2652 est
2485 2597 2882 2664 admittendus;
2927 2597 3164 2668 nihilque
3193 2614 3441 2670 magnum
3478 2609 3565 2657 est

1985 2705 2295 2759 persuasum
2329 2691 2634 2759 baptizare:
2668 2689 2754 2745 hic
2806 2704 2934 2745 vero
2964 2691 3162 2746 multus
3183 2691 3354 2757 labor,
3386 2701 3444 2747 ut
3466 2706 3565 2746 vo-

1987 2782 2160 2836 luntas
2196 2794 2244 2837 et
2279 2783 2608 2853 propositum
2647 2793 2911 2851 mutetur,
2945 2799 3095 2840 error
3123 2787 3477 2852 convellatur,
3511 2797 3566 2844 et

1982 2875 2183 2930 veritas
2214 2875 2501 2930 inseratur.
2550 2875 2750 2931 Verum
2780 2877 2897 2932 haec
2923 2877 3013 2931 ille
3043 2892 3156 2932 non
3182 2878 3252 2932 ita
3281 2878 3432 2941 dicit.
3469 2894 3564 2934 ne-

1987 2981 2089 3033 que
2116 2965 2429 3035 probatione
2450 2967 2630 3032 utitur,
2665 2983 2764 3022 nec
2785 2966 2930 3032 dicit,
2963 2967 3163 3022 nullum
3179 2982 3300 3024 esse
3325 2968 3562 3024 laborem

1985 3057 2274 3126 baptizare,
2306 3057 2400 3112 sed
2427 3058 2797 3127 evangelizare
2826 3072 2983 3113 secus
3013 3076 3028 3112 :
3061 3059 3163 3114 scit
3187 3061 3330 3114 enim
3351 3075 3565 3130 semper

1983 3147 2197 3202 modum
2228 3158 2448 3203 tenere:
2476 3149 2570 3204 sed
2615 3149 2667 3202 iu
2719 3149 3120 3218 comparatione
3170 3164 3292 3205 cum
3341 3159 3562 3205 externa

1983 3240 2242 3309 sapientia
2279 3239 2430 3294 valde
2467 3239 2764 3304 contendit,
2808 3240 2896 3295 ubi
2923 3240 3325 3298 vehementiore
3352 3242 3427 3297 uti
3467 3257 3564 3313 po,

1984 3335 2083 3388 tuit
2113 3335 2377 3387 oratione.
2405 3333 2522 3388 Non
2569 3349 2699 3404 ergo
2724 3343 2909 3389 contra
2941 3333 3150 3402 jussum
3177 3335 3438 3390 mittentis
3464 3336 3561 3390 ba-

1986 3424 2219 3494 ptizabat
2247 3439 2261 3487 ;
2292 3423 2385 3478 sed
2413 3424 2552 3478 sicut
2575 3439 2698 3478 cum
2727 3423 2796 3478 de
2820 3423 2995 3478 viduis
3019 3423 3284 3480 dixissent
3309 3426 3560 3495 apostoli,

1987 3515 2106 3569 Non
2127 3515 2328 3586 expedit
2377 3516 2519 3569 nobis
2545 3516 2721 3570 relicto
2760 3515 2908 3570 verba
2936 3515 3034 3570 Dei
3061 3517 3348 3571 ministrare
3369 3520 3556 3573 mensis

1985 3610 2122 3678 (Aet.
2146 3610 2201 3663 6.
2231 3609 2310 3679 2),
2343 3609 2433 3664 ille
2475 3609 2800 3664 ministravit
2844 3624 2950 3663 non
2980 3609 3086 3664 illis
3115 3624 3437 3680 repugnans,
3466 3610 3571 3666 sed.

1983 3717 2046 3756 ex
2099 3700 2423 3756 abundantia
2473 3700 2698 3756 fervoris
2729 3701 2782 3755 id
2833 3700 2961 3757 fecit
2981 3719 2995 3755 :
3019 3701 3086 3756 ita
3114 3709 3166 3756 et
3197 3701 3285 3756 hic
3311 3716 3550 3774 quoque.

1987 3793 2139 3847 Nunc
2158 3793 2301 3847 enim
2333 3792 2754 3862 simplicioribus
2782 3793 3111 3864 presbyteris
3138 3791 3241 3848 hoc
3270 3795 3563 3849 committi-

1986 3903 2126 3953 mus,
2157 3895 2212 3940 et
2237 3885 2496 3940 doctrinae
2529 3887 2752 3942 verbum
2779 3887 3198 3956 sapientioribus
3229 3904 3242 3941 :
3274 3887 3387 3942 illic
3414 3887 3557 3942 enim

1985 3976 2136 4030 labor
2174 3985 2228 4030 et
2260 3974 2423 4029 sudor
2449 3983 2550 4030 est.
2582 3975 2919 4044 Quapmpter
2942 3985 2997 4030 et
3017 3977 3130 4044 ipse
3165 3976 3240 4030 ait
3273 3976 3408 4042 πρωί
3437 3984 3568 4030 recte

1989 4077 2212 4136 prwsunt
2251 4066 2552 4137 presbyteri,
2578 4065 2771 4136 duplici
2797 4065 2987 4120 honore
3013 4066 3320 4136 dignentur;
3346 4066 3564 4120 maxime

1988 4167 2155 4210 autem
2185 4159 2270 4227 qui
2299 4157 2530 4210 laborant
2560 4159 2614 4210 in
2661 4157 2807 4211 verba
2834 4167 2882 4210 et
2927 4156 3191 4229 doctrina(
3222 4159 3273 4213 Ι.
3324 4156 3456 4210 Tim.
3505 4158 3559 4212 5.

1989 4249 2099 4318 17).
2132 4247 2592 4314 Quemadmodum
2647 4248 2788 4302 enim
2821 4247 3017 4303 docere
3043 4263 3136 4303 eos
3163 4289 3177 4313 ,
3229 4248 3322 4318 qui
3365 4246 3563 4303 ludicra

1989 4341 2285 4395 certamina
2317 4339 2536 4404 adeunt,
2557 4339 2656 4393 viri
2684 4339 2890 4394 strenui
2915 4349 2998 4394 est
3017 4352 3072 4394 et
3099 4340 3357 4410 sapientis
3382 4339 3564 4410 pado-

1993 4431 2142 4485 tribze
2166 4447 2181 4496 ;
2213 4445 2468 4484 coronam
2494 4439 2672 4485 autem
2703 4431 2893 4485 victori
2921 4431 3196 4501 imponere
3213 4472 3229 4498 ,
3256 4431 3374 4502 ejus
3399 4432 3560 4487 etiam

1992 4533 2074 4578 est
2097 4524 2185 4593 qui
2216 4533 2423 4578 certare
2475 4523 2694 4592 nequit,
2728 4523 2831 4577 etsi
2861 4537 3060 4578 corona
3089 4524 3348 4580 victorem
3385 4523 3571 4580 reddit

1993 4615 2454 4686 splendidiorem:
2488 4615 2566 4669 sic
2607 4613 2677 4670 de
2729 4614 2994 4685 baptismo
3024 4614 3353 4670 dicendum:
3385 4615 3575 4672 nullus

1993 4707 2139 4761 enim
2167 4697 2346 4774 potest
2373 4705 2490 4761 sine
2515 4705 2608 4761 illo
2648 4706 2876 4760 salutem
2902 4707 3198 4776 consequi;
3228 4705 3366 4761 nihil.
3389 4715 3576 4762 tamen

1996 4812 2247 4867 magnum
2273 4796 2398 4852 facit
2417 4797 2462 4851 is
2491 4797 2582 4866 qui
2610 4797 2865 4865 baptizat,
2899 4811 3020 4852 cum
3051 4797 3340 4853 voluntatis
3361 4812 3569 4867 νιοβε-ς

1997 4887 2155 4941 silum
2188 4896 2425 4956 paratum
2459 4886 2679 4941 invenit.
2705 4885 2827 4939 Non
2855 4887 2908 4939 in
2927 4886 3178 4957 sapientia
3194 4886 3348 4954 verbi,
3380 4897 3436 4942 ut
3467 4904 3578 4944 non.

1999 4989 2266 5034 evacuatur
2292 4995 2418 5032 crus:
2445 4977 2651 5032 Christi.
2682 4976 2814 5032 Cum
2845 4977 3211 5048 depressisset
3239 4979 3450 5035 illorum
3481 4989 3572 5035 tu-

2001 5085 2224 5133 morem,
2240 5070 2328 5139 qui
2354 5069 2494 5138 quod
2520 5069 2852 5138 baptizarent
2876 5070 3045 5124 altum
3059 5071 3366 5140 sepiebant;
3392 5081 3572 5127 trans--

2003 5162 2040 5215 it
2083 5169 2265 5229 postea
2306 5159 2372 5214 ad
2400 5159 2548 5224 illos,
2600 5160 2690 5229 qui
2719 5160 2787 5215 de
2828 5170 3046 5216 externa
3089 5162 3349 5232 sapientia
3376 5164 3572 5234 gloria-

2003 5251 2214 5317 bantur,
2246 5263 2300 5306 et
2325 5251 2587 5307 adversus
2611 5252 2732 5307 illos
2762 5253 3137 5309 vehementius
3167 5263 3426 5308 armatur.
3459 5255 3574 5309 Ad-

2004 5359 2191 5399 versus
2217 5345 2338 5398 illos
2366 5345 2533 5409 enim,
2567 5345 2659 5414 qui
2687 5345 2829 5415 quod
2873 5347 3208 5415 baptizarent
3234 5345 3574 5415 inflabantur,

2006 5437 2239 5502 dicebat,
2270 5435 2472 5492 Gratias
2502 5453 2617 5508 ago,
2662 5437 2810 5508 quod
2840 5439 3037 5490 nullum
3080 5437 3434 5508 baptisaoerim
3454 5476 3471 5502 ,
3524 5447 3580 5494 et

2007 5528 2148 5598 quod
2170 5528 2410 5584 Christus
2435 5543 2522 5584 me
2545 5529 2612 5583 ad
2657 5528 3026 5599 baptizandum
3068 5544 3172 5583 non
3209 5529 3445 5595 miserit;
3474 5546 3576 5588 nec

2009 5619 2416 5675 vehementibus
2443 5635 2570 5675 usus
2599 5629 2682 5676 est
2707 5620 3056 5690 argumentis,
3088 5620 3188 5676 sed
3217 5636 3338 5692 quin
3367 5620 3578 5678 volebat

2015 5714 2194 5785 paucis
2220 5711 2581 5783 subindicaus,
2611 5713 2972 5785 praetercurrit
3001 5731 3012 5767 :
3043 5714 3128 5770 hic
3168 5723 3342 5771 autem
3370 5730 3398 5769 a
3428 5715 3574 5787 prin-
