4090 6218
494 345 585 399 ΞΤ

499 458 646 530 cipio
663 467 888 528 gravem
919 450 1111 523 infligit
1140 449 1347 520 plagam
1373 444 1580 508 dicens,
1604 450 1658 495 ut
1684 455 1784 493 non
1809 445 2073 493 evacuetur

498 565 628 605 crum
650 546 859 603 Christi.
885 543 992 601 Cur
1018 556 1145 611 ergo
1169 540 1333 593 altum
1361 535 1508 606 sapis
1532 533 1599 588 de
1628 533 1717 599 iis,
1745 530 1814 585 ob
1841 543 1960 599 qua:
1982 542 2079 597 pu-

498 640 631 697 dore
660 636 893 694 sull‘undi
921 631 1239 705 oporteret?
1264 628 1318 685 Si
1352 628 1494 684 enim
1525 627 1641 680 lucc
1665 620 1928 692 sapientia
1955 633 2078 674 cum

499 747 661 787 cruce
692 739 885 801 pugnat
949 737 1003 780 et
1035 739 1155 779 cum
1187 720 1493 791 Evangeliis
1513 725 1810 781 concertat,
1835 729 1939 769 non
1967 711 2079 781 glo-

502 824 629 879 riari
669 823 736 875 de
768 822 874 885 illa,
925 816 1022 872 sed
1051 814 1254 885 pudore
1298 811 1441 866 afﬁci
1483 817 1715 880 oportet.
1770 806 1894 862 Haec
1938 803 2081 858 enim

504 929 662 969 causa
690 912 805 972 fuit.
838 924 938 964 cur
959 906 1183 977 apostoli
1213 921 1317 958 non
1346 902 1614 975 sapientes
1642 899 1754 953 sive
1782 892 2083 964 phiIOSophi

505 1005 722 1067 fuerint,
756 1017 861 1057 non
901 1015 967 1057 ex
998 998 1338 1055 charismatis
1367 992 1753 1055 imbecillitate,
1784 988 1878 1044 sed
1913 995 1972 1041 ut
2018 999 2086 1040 tte

505 1094 814 1167 praedicatio
866 1091 1173 1147 laederetur.
1204 1087 1319 1146 Non
1352 1100 1481 1156 ergo
1533 1083 1604 1138 illi
1628 1080 1857 1137 verbum
1898 1076 2088 1134 contir-

505 1187 746 1251 mabant,
779 1183 871 1240 sed
901 1180 1327 1243 labefactabant;
1354 1186 1409 1232 at
1434 1176 1613 1231 idiota:
1644 1187 1768 1227 vere
1796 1169 2086 1226 confirma-

494 1276 657 1337 bant.
686 1278 800 1333 Hoc
828 1274 1065 1331 retundit
1098 1275 1311 1339 fastum,
1341 1271 1443 1326 hoc
1465 1279 1728 1324 tumorem
1757 1262 2084 1335 comprimit,

511 1372 615 1428 hoc
647 1368 893 1424 modeste
921 1381 1078 1437 agere
1107 1364 1319 1420 suadet.
1372 1362 1442 1416 At
1493 1361 1537 1414 si
1588 1374 1692 1413 non
1727 1359 1777 1410 in
1823 1353 2086 1425 sapientia

510 1461 683 1529 verbi,
708 1460 938 1530 inquies,
972 1473 1068 1512 cur
1096 1455 1292 1525 Apollo
1320 1454 1491 1508 virum
1538 1451 1752 1506 doctum
1781 1444 2088 1503 miserunt?

510 1552 627 1609 Non
656 1551 706 1604 vi
733 1549 991 1607 orationis
1016 1546 1364 1611 confidentes,
1398 1542 1491 1598 sed
1514 1542 1635 1612 quia
1662 1551 1852 1611 potens
1881 1546 1997 1593 erat
2034 1536 2088 1590 itt

512 1644 824 1715 Scripturis,
857 1650 911 1698 et
934 1640 1240 1696 confutabat
1272 1637 1508 1693 Judazos.
1538 1634 1786 1704 Alioquin
1833 1642 2009 1686 autem
2038 1628 2091 1683 id

514 1739 656 1809 quod
704 1735 1044 1808 quaerebatur
1071 1740 1187 1787 erat
1213 1771 1228 1797 ,
1268 1739 1325 1784 ut
1370 1728 1457 1798 qui
1508 1728 1708 1797 primas
1760 1722 2011 1779 tenebant
2038 1728 2093 1774 et

515 1830 737 1886 verbum
768 1841 948 1882 serere
976 1833 1273 1893 cmperunt,
1305 1836 1409 1874 non
1436 1826 1615 1874 essent
1634 1814 1799 1870 docti.
1819 1813 1882 1869 Hi
1906 1825 2092 1881 magna

521 1920 716 1974 virtute
744 1932 881 1988 opus
908 1914 1194 1977 habebant,
1216 1918 1275 1964 nt
1297 1925 1325 1964 a
1360 1908 1617 1979 principio
1642 1919 1878 1960 errorem
1911 1901 2095 1968 depel-

519 2011 713 2074 lerent,
745 2018 800 2064 et
841 2017 964 2062 tunc
1014 2006 1067 2059 in
1098 2005 1215 2073 ipso
1265 2003 1508 2071 ingressu
1550 2011 1742 2067 magna
1785 1992 2095 2050 fortitudine

518 2117 652 2171 Opus
681 2110 814 2156 erat.

592 2195 646 2249 4.
691 2192 791 2262 Qui
835 2207 962 2263 ergo
1004 2191 1225 2247 eruditis
1259 2189 1327 2245 ab
1357 2188 1507 2243 initio
1533 2201 1669 2256 opus
1694 2200 1800 2241 non
1833 2182 2016 2238 habuit
2042 2188 2100 2235 ut

523 2301 759 2342 errorem
788 2284 1117 2355 depelleret,
1150 2285 1192 2339 si
1233 2291 1414 2353 postea
1444 2278 1682 2336 eruditos
1709 2277 1959 2341 admisit,
1993 2290 2096 2327 non

522 2378 673 2448 quasi
721 2377 827 2432 illis
863 2376 1108 2447 indigens
1148 2377 1248 2429 hoc
1286 2374 1427 2439 fecit,
1456 2371 1551 2427 sed
1579 2369 1727 2440 quasi
1759 2383 1864 2423 non
1894 2366 2100 2421 discer-

527 2467 700 2525 uens.'
726 2468 876 2524 Sicut
901 2468 1044 2523 enim
1074 2465 1402 2535 sapientibus
1445 2460 1747 2533 hujusmodi
1779 2474 1883 2514 non
1913 2456 2102 2528 egebat

526 2562 594 2617 ad
626 2560 678 2616 id
703 2559 846 2631 quod
873 2559 1082 2614 volebat
1124 2556 1504 2628 perliciendum
1534 2573 1549 2609 :
1593 2553 1663 2607 ita
1692 2553 1735 2606 si
1770 2559 1950 2622 postea
1983 2549 2104 2604 illos

528 2653 810 2717 inveniret,
831 2667 934 2707 non
961 2651 1255 2721 rejiciebat.
1284 2648 1364 2703 Tu
1389 2662 1520 2702 vero
1545 2646 1673 2702 mihi
1699 2644 1829 2700 illud
1855 2642 2101 2708 ostende,

528 2760 597 2800 an
625 2744 814 2800 Petrus
842 2752 896 2798 et
918 2742 1111 2797 Paulus
1138 2739 1331 2796 eruditi
1361 2747 1561 2795 essent.
1584 2737 1688 2793 Sed
1717 2752 1823 2791 non
1857 2734 2055 2804 poteris
2089 2750 2101 2785 :

530 2847 685 2893 erant
713 2837 853 2893 enim
887 2836 1061 2890 idiota:
1087 2846 1140 2891 et
1171 2833 1422 2888 illitct'ati.
1467 2828 1920 2898 Quemadmodum
1951 2826 2108 2893 igitur

532 2929 780 2985 Christus
808 2926 1020 2999 quando
1046 2925 1336 2997 discipulos
1364 2923 1506 2978 misit
1533 2923 1583 2976 in
1615 2921 1832 2981 orbem,
1860 2932 1979 2971 cum
2005 2930 2105 2985 po-

534 3024 755 3077 tentiam
786 3037 935 3076 suam
967 3022 1194 3091 primum
1225 3020 1276 3073 in
1310 3016 1586 3071 Palazstina
1614 3011 1937 3069 ostendisset
1968 3007 2072 3062 illis
2091 3047 2107 3072 ,

535 3124 593 3169 et.
628 3113 853 3168 dixisset
884 3130 897 3167 :
928 3110 1145 3178 Quando
1183 3110 1296 3164 misi
1333 3123 1418 3163 vos
1449 3108 1559 3161 sine
1585 3120 1821 3159 crumena
1845 3111 1891 3156 et
1917 3116 2037 3171 pera
2065 3106 2111 3151 et

535 3207 737 3271 calceis,
770 3204 1013 3276 numquid
1045 3204 1182 3258 vobis
1220 3201 1416 3273 aliquid
1461 3199 1621 3269 defuit
1650 3196 1816 3268 (Luc.
1845 3194 1933 3248 2'2.
1966 3193 2113 3263 35)?

538 3307 664 3352 tunc
694 3297 932 3367 permisit
958 3305 1014 3350 ut
1039 3295 1289 3363 deinceps
1317 3301 1373 3349 et
1403 3306 1581 3362 peram
1610 3299 1665 3344 et.
1689 3302 1998 3343 crumenam
2022 3285 2116 3338 ha-

542 3389 733 3443 berent
763 3403 776 3438 :
812 3394 879 3439 tta
912 3384 996 3439 hic
1024 3399 1237 3455 quoque
1262 3381 1410 3437 fecit.
1452 3380 1582 3435 Nam
1612 3378 1663 3433 id
1684 3420 1700 3446 ,
1732 3376 1874 3448 quod
1903 3390 2113 3446 quaere-

546 3478 722 3544 batur,
752 3485 868 3532 erat
905 3484 962 3529 nt
1000 3474 1191 3530 Christi
1225 3472 1457 3543 potentia
1487 3468 1895 3525 ostenderetur:
1927 3480 2032 3519 non
2063 3473 2120 3518 ttt

549 3579 766 3640 pr0ptcr
794 3576 1066 3622 externam
1090 3564 1400 3635 sapientiam
1429 3578 1458 3617 a
1489 3561 1593 3615 fide
1623 3559 1943 3629 ejicerentur
1968 3556 2002 3610 ii
2029 3555 2118 3626 qui

541 3659 875 3715 accederent.
922 3655 1053 3711 Cum
1097 3669 1224 3726 ergo
1265 3652 1435 3710 Graeci
1477 3650 1767 3720 discipulos
1796 3645 2122 3702 accusabunt

545 3762 604 3809 ut
630 3752 840 3819 idiotas,
872 3764 991 3815 nos,
1022 3748 1141 3819 plus
1167 3763 1323 3817 quam
1352 3746 1450 3812 illi,
1479 3755 1793 3798 accusemus
1819 3741 1983 3809 ipsos.
2012 3737 2121 3793 Nec

545 3842 666 3913 quis
694 3840 835 3897 dicat
863 3839 1082 3894 Paulum
1113 3837 1427 3907 sapientem,
1457 3834 1509 3888 id
1538 3842 1641 3899 est,
1672 3831 1888 3887 doctum
1919 3829 2119 3892 fuisse;

548 3931 642 3988 sed
671 3945 786 3995 eos,
818 3930 907 4000 qui
932 3928 1071 3999 apud
1100 3928 1218 3984 illos
1243 3927 1314 3981 ob
1339 3924 1652 3995 sapientiam
1679 3930 1735 3977 et
1761 3920 2119 3991 eloquentiam

550 4021 791 4078 celebres
816 4029 960 4087 sunt,
988 4018 1309 4075 extollentes
1328 4057 1344 4084 ,
1375 4015 1498 4070 illos
1523 4027 1713 4069 omnes
1737 4012 1827 4082 qui
1853 4009 1993 4080 apud
2025 4025 2122 4062 nos

552 4113 723 4177 fuere,
752 4111 915 4167 rudes
940 4108 1104 4165 fuisse
1128 4107 1386 4163 dicamus.
1417 4104 1532 4159 Non
1559 4118 1747 4174 parum
1776 4103 1916 4157 enim
1944 4099 1996 4153 in
2029 4100 2128 4152 hac

551 4219 765 4275 quoque
808 4209 959 4273 parte
996 4201 1115 4256 illos
1140 4197 1452 4267 dejiciemus
1482 4213 1494 4248 :
1528 4195 1606 4249 sic
1632 4194 1829 4263 quippe
1853 4189 2126 4262 splendida

553 4299 660 4355 erit
684 4295 927 4353 victoria.

626 4387 916 4458 Disputatio
943 4386 1078 4439 circa
1102 4383 1321 4437 Paulum
1342 4390 1385 4436 et
1413 4380 1701 4435 Platonem.
1719 4409 1787 4419 —
1813 4377 1935 4433 Hmc
1954 4384 2130 4430 autem

557 4478 686 4540 dixi,
729 4478 849 4547 quia
896 4475 1257 4531 Christianum
1303 4472 1602 4541 quempiam
1643 4469 1927 4539 aliquando
1957 4466 2134 4521 audivi

560 4579 745 4624 contra
774 4568 1018 4621 Graecum
1045 4565 1268 4618 ridicule
1293 4564 1648 4630 disputantem
1681 4581 1694 4615 :
1724 4559 1882 4614 ambo
1908 4573 2137 4626 namque

565 4661 617 4714 in
656 4658 1014 4728 diSputatioue
1045 4669 1156 4709 rem
1186 4669 1337 4708 suam
1369 4652 1714 4708 confutabant
1741 4660 1795 4707 et
1825 4649 2134 4720 pessumda-

564 4754 710 4808 bant.
754 4749 887 4805 Nam
918 4762 1037 4817 qua:
1063 4744 1424 4800 Christianum
1454 4743 1633 4799 dicere
1660 4742 2019 4813 oportuisset,
2053 4742 2139 4795 illa

564 4844 775 4900 dicebat
792 4842 1044 4903 Graecus;
1079 4845 1136 4892 et
1155 4851 1273 4906 quae
1293 4835 1534 4891 Grazcum
1557 4834 1738 4890 dicere
1758 4849 1852 4904 par
1871 4842 2006 4899 erat,
2029 4833 2143 4888 haec

566 4933 900 4989 Christianus
927 4927 1248 5000 opponebat.
1276 4926 1406 4981 Nam
1429 4941 1551 4981 cum
1572 4926 1638 4981 de
1662 4925 1828 4980 Paulo
1856 4936 1907 4978 et
1934 4924 2000 4978 de
2028 4924 2146 4978 Pla-

571 5036 695 5080 tone
720 5022 943 5092 quaestio
971 5029 1148 5085 esset,
1178 5019 1394 5075 Grzccus
1420 5018 1510 5075 ille
1537 5017 1823 5073 ostendere
1852 5015 2145 5071 conabatur

574 5118 793 5174 Paulum
824 5113 1095 5169 indoctum
1125 5123 1177 5168 et
1206 5113 1390 5168 rudem
1418 5113 1581 5169 fuisse
1608 5131 1621 5166 :
1662 5111 1995 5167 Christianus
2020 5124 2147 5164 vero

572 5226 645 5268 ex
670 5207 1007 5278 simplicitate
1038 5205 1261 5275 probare
1286 5205 1661 5269 contendebat,
1694 5205 1916 5259 Platone
1941 5203 2148 5257 doctio-

576 5319 690 5360 rem
714 5310 770 5357 et
792 5301 1125 5356 disertiorem
1156 5295 1320 5352 fuisse
1348 5296 1589 5350 Paulum.
1635 5297 1709 5350 Ita
1746 5311 1908 5365 porro
1933 5295 2152 5351 Graecus

576 5397 746 5452 victor
775 5393 977 5452 fuisset,
1007 5390 1051 5445 si
1083 5389 1197 5443 lucc
1222 5387 1435 5442 vicisset
1457 5386 1765 5457 propositio.
1798 5386 1926 5440 Nam
1954 5385 1999 5438 si
2033 5384 2152 5437 Pla-

576 5497 700 5542 tone
725 5485 932 5540 doctior
957 5493 1010 5538 et
1036 5482 1370 5552 eloquentior
1393 5480 1487 5533 fuit
1516 5479 1711 5534 Paulus
1734 5520 1750 5546 ,
1779 5478 1952 5542 multi,
1979 5485 2035 5531 ut
2060 5490 2153 5530 ve-

578 5578 799 5632 risimile
824 5585 928 5642 est,
952 5582 1242 5645 opponent,
1271 5571 1418 5625 illum
1445 5586 1548 5623 non
1574 5570 1765 5640 gratia,
1785 5568 1878 5624 sed
1900 5568 2157 5637 eloquen-

580 5671 652 5724 tia
695 5681 993 5736 superasse.
1038 5665 1218 5735 ltaque
1258 5664 1336 5718 sic
1382 5664 1602 5732 loquens
1647 5661 2009 5726 Christianus,
2058 5675 2157 5730 pro

584 5757 774 5819 Graeco
814 5757 984 5817 stabat
1029 5774 1043 5808 ς
1090 5755 1229 5826 quod
1277 5764 1451 5811 autem
1497 5754 1713 5810 Grmeus
1764 5753 2009 5819 dicebat,
2060 5768 2156 5823 pro

1350 328 1623 387 JOANNIS
1658 318 2125 382 CHRYSOSTOBH
2164 317 2481 373 ARCHIEP.
2522 316 3052 374 CONSTANTINOP.
3690 315 3760 371 28

2187 430 2489 488 Christiano
2516 430 2759 489 faciebat.
2804 432 2937 487 Nam
2962 433 3040 497 si,
3073 441 3132 488 ut
3153 431 3393 489 dicebam
3417 472 3433 500 ,
3471 432 3762 488 ineruditus

2185 531 2301 577 erat
2353 523 2585 589 Paulus,
2618 532 2673 577 et
2723 534 2900 578 tamen
2948 523 3226 579 Platonem
3276 523 3436 588 vicit,
3485 520 3761 593 Splendida

2187 614 2284 669 fuit
2309 614 2530 670 victoria
2561 632 2575 669 :
2605 614 2853 671 indoctus
2876 615 3072 686 quippe
3097 616 3187 671 ille
3211 657 3226 682 ,
3254 630 3442 670 omnes
3471 614 3762 685 discipulos

2186 708 2301 775 ejus
2355 708 2593 775 adortus,
2642 723 2922 778 persuasos
2969 724 3148 764 secum
3200 708 3440 764 abduxit.
3476 708 3629 765 Unde
3670 721 3764 777 par

2188 799 2292 853 lam
2344 807 2427 855 est
2475 814 2581 853 non
2630 798 2684 853 in
2741 798 2998 870 sapientia
3045 798 3275 854 humana
3326 799 3762 869 praedicationem

2189 890 2533 960 prtevaluisse
2553 930 2568 956 ,
2599 890 2691 944 sed
2712 905 2808 959 per
2831 888 2925 945 Dei
2943 889 3190 960 gratiam.
3216 889 3292 945 Ne
3318 889 3476 960 igitur
3500 889 3553 943 in
3576 888 3762 944 eadem

2190 984 2510 1047 incidamus,
2541 999 2675 1039 neve
2704 983 3041 1049 irrideamur,
3073 997 3195 1037 cum
3224 989 3409 1037 contra
3439 981 3654 1037 Graecos
3683 980 3764 1035 sie

2191 1077 2542 1148 disputamus,
2568 1079 2840 1148 apostolos
2867 1087 3130 1145 tamquam
3154 1077 3396 1132 indoctos
3423 1089 3761 1131 accusemus:

2197 1170 2316 1227 talis
2345 1169 2489 1225 enim
2517 1168 2789 1224 accusatio
2815 1168 3117 1223 eucominm
3150 1176 3252 1222 est.
3294 1168 3360 1222 Et
3386 1182 3506 1221 eum
3533 1165 3767 1220 dixerint

2194 1261 2294 1327 illi,
2332 1270 2569 1332 agrestes
2613 1261 2776 1315 fuisse
2821 1261 3091 1330 apostolos
3115 1300 3129 1322 ,
3172 1273 3270 1315 nos
3307 1258 3564 1314 addamus
3605 1257 3766 1313 etiam

2194 1352 2360 1408 fuisse
2389 1352 2655 1419 indoctos,
2688 1352 2991 1418 illiteratos,
3018 1368 3277 1422 pauperes
3297 1395 3313 1418 ,
3341 1352 3475 1408 viles
3505 1360 3558 1407 et
3581 1350 3768 1406 obscu-

2194 1460 2304 1500 ros.
2332 1445 2448 1501 Non
2478 1444 2740 1500 sunthaec
2769 1446 3050 1500 maledicta
3080 1444 3334 1516 apostolis
3362 1444 3505 1499 illata
3527 1485 3544 1511 ,
3580 1443 3673 1499 sed
3701 1442 3770 1499 ad

2194 1537 2404 1593 illorum
2448 1537 2670 1608 gloriam
2711 1538 2872 1604 cedit,
2912 1537 3051 1608 quod
3100 1539 3231 1594 tales
3272 1553 3393 1593 cum
3433 1546 3629 1600 essent,
3657 1545 3771 1592 toto

2196 1628 2326 1684 orbe
2380 1638 2638 1683 terrarum
2688 1629 2884 1684 fuerint
2926 1630 3199 1686 clariores.
3254 1629 3318 1685 Hi
3360 1629 3500 1685 enim
3546 1628 3767 1697 idiotas,

2196 1725 2454 1789 agrestes.
2486 1718 2707 1782 indocti,
2739 1719 3010 1788 sapientes
3035 1720 3177 1787 illos,
3203 1729 3467 1791 potentes,
3492 1728 3765 1789 tyrannos,

2198 1809 2286 1878 qui
2312 1808 2532 1873 divitiis,
2560 1809 2726 1880 gloria
2756 1821 2810 1864 et
2833 1811 3067 1866 externis
3092 1811 3300 1866 caeteris
3329 1810 3489 1866 rebus
3515 1809 3769 1866 frueban-

2201 1908 2287 1953 tur
2307 1909 2359 1953 et
2382 1899 2765 1980 gloriabantur,
2787 1902 2937 1971 quasi
2959 1917 3057 1957 nec
3077 1902 3177 1956 viri
3198 1911 3379 1958 essent
3402 1900 3769 1971 proﬂigarunt.

2200 1988 2351 2044 Unde
2391 1989 2566 2059 palam
2603 2001 2684 2045 est
2719 2005 2962 2061 magnam
2999 2007 3120 2047 esse
3161 1991 3337 2047 crucis
3378 1991 3685 2061 potentiam,
3716 1998 3775 2046 et

2202 2083 2316 2136 haec
2351 2095 2458 2135 non
2499 2081 2729 2135 humana
2758 2081 2810 2135 vi
2854 2081 2991 2136 facta
3030 2096 3167 2136 esse.
3209 2081 3325 2136 Non
3355 2081 3495 2135 enim
3527 2080 3773 2136 humana:

2202 2179 2407 2226 natura:
2443 2181 2567 2226 sunt
2605 2170 2716 2235 illa,
2758 2170 2851 2226 sed
2889 2185 3050 2240 supra
3092 2180 3336 2225 naturam
3385 2179 3588 2239 patrata
3629 2179 3773 2225 sunt.

2201 2264 2335 2319 Cum
2360 2272 2536 2319 autem
2558 2280 2718 2333 supra
2740 2273 2980 2318 naturam
3003 2272 3055 2318 et
3074 2263 3358 2318 admodum
3379 2264 3516 2318 ultra
3536 2272 3780 2317 naturam

2203 2355 2447 2427 quaedam
2494 2356 2797 2411 efficiuntur
2824 2371 2943 2410 cum
2974 2356 3170 2410 decoro
3204 2365 3260 2410 et
3299 2355 3561 2421 utilitate;
3607 2354 3780 2424 palam

2206 2454 2291 2503 est
2315 2445 2403 2502 illa
2427 2461 2492 2501 ex
2518 2447 2698 2501 divina
2740 2446 2967 2516 quadam
2998 2447 3193 2502 virtute
3218 2455 3273 2501 et
3307 2446 3615 2516 operatione
3643 2446 3782 2502 facta

2207 2554 2345 2596 esse.
2374 2538 2755 2593 Animadverte
2781 2548 2956 2593 autem
2984 2555 2996 2590 :
3028 2538 3281 2608 piscator,
3311 2538 3661 2593 tentoriorum
3690 2553 3782 2593 ar-

2208 2631 2359 2698 tifex,
2386 2631 2718 2702 publicanus,
2742 2630 3039 2701 imperitus,
3071 2630 3374 2695 illiteratus,
3403 2646 3469 2687 ex
3502 2630 3785 2686 Palmstina

2210 2724 2430 2794 regione
2460 2721 2743 2791 longinqua
2766 2722 3060 2785 venientes,
3082 2720 3436 2792 philosophis,
3459 2721 3783 2787 oratoribus,

2211 2813 2423 2869 dicendi
2474 2813 2678 2882 peritis,
2723 2828 2789 2868 ex
2835 2813 3001 2882 patria
3040 2811 3277 2883 expulsis
3324 2811 3593 2880 omnibus,
3639 2811 3787 2868 brevi

2216 2904 2470 2974 temporis
2495 2904 2669 2974 spatio
2696 2904 2816 2958 illos
2841 2904 3106 2970 vicerunt,
3139 2919 3256 2958 cum
3289 2903 3543 2974 periculis
3570 2904 3748 2959 multis
3770 2944 3786 2969 ,

2218 2996 2426 3067 populis
2445 3006 2498 3050 et
2520 2997 2732 3066 regibus
2752 2995 2898 3067 ipsos
2918 2996 3368 3067 oppugnantibus,
3389 2996 3501 3066 ipsa
3526 3006 3790 3067 pugnante

2219 3097 2401 3142 natura
2428 3106 2442 3153 ;
2487 3087 2741 3158 temporis
2766 3087 3099 3158 antiquitate,
3127 3087 3419 3142 obsistente
3447 3080 3606 3142 etiam
3635 3087 3790 3155 longa

2217 3178 2623 3245 consuetudine,
2663 3179 2883 3234 armatis
2928 3178 3279 3244 daemonibus,
3320 3178 3532 3232 diabolo
3582 3179 3635 3230 in
3678 3178 3794 3231 acie

2219 3280 2393 3327 stante
2420 3279 2475 3327 et
2501 3272 2679 3326 omnia
2709 3279 2975 3337 movente,
3007 3284 3178 3341 reges,
3209 3269 3497 3340 principes,
3526 3267 3750 3339 populos
3772 3306 3792 3333 ,

2218 3373 2425 3433 gentes,
2452 3362 2611 3418 urbes
2634 3403 2650 3429 ,
2682 3362 2936 3417 barbaros
2958 3402 2974 3428 ,
3005 3361 3242 3430 Graecos,
3270 3360 3637 3430 philosophos,
3669 3373 3795 3413 ora-

2224 3467 2386 3520 tores,
2418 3454 2703 3525 sopbistas,
2729 3454 3039 3524 scriptores,
3071 3453 3238 3523 leges,
3264 3451 3563 3529 tribunalia,
3595 3450 3799 3520 suppli-

2223 3548 2302 3603 cia
2332 3546 2499 3611 varia,
2543 3555 2745 3601 mortes
2790 3546 3093 3599 innumeras
3137 3553 3192 3600 et
3234 3544 3494 3599 diversas.
3548 3546 3796 3597 Attamen

2226 3641 2339 3695 hare
2367 3638 2542 3695 omnia
2574 3639 2642 3692 ita
2673 3638 2886 3708 repulsa
2913 3647 3037 3692 sunt
3057 3645 3113 3692 et
3135 3645 3435 3701 cesserunt,
3465 3633 3799 3704 loquentibus

2227 3730 2575 3799 piscatoribus
2600 3771 2615 3795 ,
2650 3728 2869 3799 perinde
2892 3738 2950 3783 ut
2979 3728 3150 3783 tenuis
3176 3729 3365 3798 pulvis,
3395 3729 3483 3797 qui
3512 3726 3801 3782 vehemen-

2228 3823 2359 3877 tium
2386 3830 2665 3878 ventorum
2689 3822 2942 3891 impetum
2974 3819 3114 3875 ferre
3141 3821 3341 3890 nequit.
3374 3821 3650 3875 Discamus
3672 3835 3803 3890 ergo

2228 3916 2304 3969 sic
2327 3929 2448 3970 cum
2479 3912 2680 3969 Graecis
2704 3913 2995 3982 disputare,
3030 3923 3087 3967 ut
3113 3928 3179 3968 ne
3203 3913 3371 3967 simus
3403 3922 3668 3983 tamquam
3702 3913 3798 3968 be-

2231 4008 2347 4063 stiae
2387 4015 2442 4061 et
2485 4022 2707 4077 pecora;
2740 4007 2835 4063 sed
2862 4007 3029 4077 parati
3056 4021 3269 4077 semper
3296 4006 3361 4061 ad
3392 4022 3542 4077 spem
3566 4016 3803 4062 nostram

2223 4097 2505 4153 tuendam.
2536 4098 2603 4153 Et
2631 4097 2843 4152 interim
2875 4097 2977 4152 hoc
2999 4106 3156 4167 caput
3177 4098 3512 4162 meditemur,
3532 4096 3677 4168 quod
3702 4112 3805 4152 non

2235 4204 2454 4260 parvum
2478 4198 2581 4251 est,
2610 4189 2824 4259 illisque
2847 4188 3088 4244 dicamus
3118 4205 3131 4240 :
3164 4187 3439 4244 Undenam
3472 4188 3665 4241 infirmi
3695 4186 3805 4240 for-

2237 4290 2317 4336 tes
2342 4282 2459 4337 illos
2486 4283 2745 4346 vicerunt,
2775 4279 3055 4335 duodecim
3084 4280 3385 4334 universum
3411 4278 3635 4333 orbem?
3666 4279 3810 4347 iique

2239 4389 2344 4428 non
2387 4372 2574 4427 iisdem
2604 4381 2814 4427 utentes
2838 4372 3025 4439 armis,
3057 4371 3150 4427 sed
3192 4370 3315 4426 nudi
3358 4379 3540 4425 contra
3573 4379 3812 4423 armatos

2240 4464 2567 4535 pugnantes?

2310 4558 2365 4614 5.
2414 4557 2772 4626 Apostolorum
2813 4558 3020 4613 victoria
3064 4557 3344 4624 mirabilis;
3387 4555 3614 4626 exemplo
3654 4555 3815 4624 magis

2241 4666 2393 4720 quant
2423 4649 2745 4718 philosophia
2771 4650 3170 4719 praedicandum.
3193 4681 3265 4690 —
3288 4650 3381 4704 Dic
3409 4649 3572 4712 enim,
3599 4648 3643 4700 si
3673 4646 3812 4700 duo-

2244 4741 2413 4796 decim
2438 4740 2532 4795 viri
2562 4741 2638 4796 rei
2670 4741 2911 4796 militaris
2934 4736 3164 4811 iiuperiti
3196 4742 3246 4795 in
3278 4749 3533 4795 armatam
3562 4746 3818 4807 pugnato-

2245 4848 2361 4888 rum
2385 4832 2844 4887 innumerabilium
2868 4828 3035 4888 aeiem
3061 4834 3436 4901 irrumpentes,
3461 4847 3566 4884 non
3590 4830 3821 4883 inermes

2251 4936 2473 4993 tantum,
2503 4924 2595 4980 sed
2623 4926 2781 4980 etiam
2811 4941 3035 4995 corpore
3060 4925 3276 4991 infirmi,
3301 4925 3369 4980 ab
3396 4924 3498 4978 illis
3526 4922 3656 4977 nihil
3682 4923 3821 4975 male

2252 5027 2582 5088 paterentur,
2608 5033 2779 5087 neque
2806 5018 3280 5074 innumerabilibus
3307 5017 3426 5072 telis
3457 5015 3682 5085 impetiti
3704 5028 3826 5068 sau-

2250 5109 2557 5174 eiarentur;
2600 5107 2858 5163 habentes
2885 5116 3060 5163 autem
3092 5107 3192 5162 tela
3221 5106 3379 5161 infixa
3409 5105 3619 5175 corpori
3653 5102 3823 5165 nudo,

2254 5215 2440 5256 omnes
2470 5209 2913 5270 prosternerent,
2945 5217 3049 5258 non
3077 5204 3239 5255 armis
3263 5208 3472 5255 utentes
3496 5239 3512 5264 ,
3544 5198 3636 5253 sed
3670 5210 3827 5250 manu

2257 5291 2539 5357 ferientes;
2572 5290 2766 5345 deinde
2790 5291 2926 5346 alios
2955 5290 3281 5356 occiderent,
3312 5290 3445 5344 alios
3471 5288 3710 5358 captivos
3736 5284 3831 5337 ab-

2258 5384 2533 5447 ducerent,
2563 5382 2720 5436 nullis
2746 5383 2979 5451 acceptis
3006 5382 3316 5436 vulneribus
3345 5399 3359 5435 ;
3390 5398 3455 5435 an
3486 5379 3604 5450 quis
3629 5377 3834 5432 diceret

2260 5490 2373 5529 rem
2407 5475 2564 5529 talem
2590 5484 2790 5544 gestam
2815 5475 3096 5528 humanam
3119 5475 3276 5529 esse?
3302 5473 3461 5544 Atqui
3486 5468 3839 5542 apostolicum

2264 5577 2522 5636 tropaeum
2546 5566 2701 5636 longe
2731 5566 2822 5620 illo
2849 5565 3141 5620 mirabilius
3173 5574 3272 5620 est.
3307 5565 3487 5634 Looge
3509 5564 3650 5617 cnint
3679 5559 3846 5627 mira-

2242 5646 2419 5713 bilius
2440 5664 2702 5727 estquam
2731 5654 2926 5710 nudum
2956 5671 3060 5709 non
3089 5655 3377 5721 vulnerari,
3401 5653 3541 5723 quod
3565 5650 3849 5722 imperitus

2270 5761 2323 5807 et
2359 5751 2634 5807 illiteratus
2663 5757 2819 5822 atque
2859 5748 3089 5820 piscator
3130 5755 3326 5803 tantam
3371 5754 3592 5817 superet
3631 5741 3850 5799 dicendi
