4100 6214
328 218 403 274 27
1392 233 1458 290 IN
1500 235 1718 292 EPIST.
1763 237 1782 291 1
1819 236 1911 293 AI)

2017 239 2106 298 111.
2149 243 2386 301 HOMIL.
2430 247 2517 302 111.
3536 258 3603 309 ‘28

322 340 381 395 δὲ
414 340 629 395 ἰδιῶται
660 344 712 396 οί
741 342 1105 413 βεϐαιοῦντες.
1145 349 1315 404 Τοῦτο
1360 347 1469 406 οἶδε
1497 355 1728 410 κολάσαι
1759 368 1784 397 ι
1821 355 1915 409 τῦο

324 441 454 493 φον,
507 425 672 480 τοῦτο
727 430 1079 485 καταστεῖλαι
1140 433 1477 506 φλεγμονὴν,
1516 437 1676 492 τοῦτο
1730 440 1915 492 πεῖσαι

330 506 675 579 μετριάζειν.
706 512 822 565 Καὶ
851 514 901 566 εἰ
934 515 1035 568 οὐκ
1066 517 1124 569 ὲν
1154 518 1318 588 σοφίᾳ
1344 518 1525 588 λόγου,
1555 522 1702 585 τίνος
1729 522 1915 577 ἕνεκεν

327 593 434 678 τδν
762 596 942 666 λόγιον
974 598 1103 653 ὄντα
1137 600 1408 672 ἔπεμψαν,
1463 604 1597 672 φησί
1641 605 1703 672 h;
1740 607 1815 659 Οὐ
1853 609 1919 678 τῇ

333 675 452 728 τῶν
485 675 657 745 λόγων
685 678 915 751 δυνάμει
947 680 1296 754 θαρροῦντες,
1327 684 1444 738 ἀλλ’
1475 687 1558 739 ὅτι
1589 687 1815 752 δυνατὸς
1854 675 1923 760 ἦν

336 761 401 813 ὲν
430 762 546 823 ταῖς
573 760 613 812 Γ
616 765 842 833 ραφαῖς,
868 763 963 817 καὶ
987 766 1185 837 ήλεγχε
1213 769 1339 831 τοὺς
1380 768 1684 834 Ἰουδαίους.
1712 771 1921 835 Ἄλλως

335 844 395 897 δὲ
422 844 479 896 τὸ
500 843 844 916 ζητούμενον
868 843 959 919 ἦν,
988 849 1049 901 τὸ
1071 852 1199 914 τοὺς
1225 854 1615 923 πρωτοστάτας
1635 855 1727 907 καὶ
1753 854 1922 926 ἀρξα-

332 927 529 995 μένους
561 930 815 1000 σπείρειν
855 932 946 984 τὸν
980 932 1139 1002 λόγον
1186 933 1261 1005 μή
1306 931 1444 988 εἶναι
1489 936 1724 1005 λογίους.
1761 931 1921 991 υῦτοι

326 1008 439 1079 γὰρ
476 1006 626 1081 ἦσαν
667 1014 717 1066 οἰ
760 1012 965 1085 πολλῆς
994 1014 1238 1087 δεόμενοι
1280 1017 1583 1089 δυνάμεως,
1638 1019 1781 1073 ὥστε
1815 1020 1919 1073 ἀπ·

325 1092 581 1148 ὤσασθαι
616 1097 717 1167 τήν
752 1097 960 1168 πλάνην
993 1099 1059 1151 ὲκ
1088 1100 1412 1171 προοιμίων,
1449 1102 1545 1155 καὶ
1569 1102 1691 1155 τότε
1717 1102 1919 1172 πολλῆς

325 1175 436 1231 εδει
465 1178 569 1248 τῆς
601 1177 785 1249 ἰσχύος
816 1182 896 1245 εἰς
928 1181 1097 1253 αὐτὴν
1125 1181 1221 1253 τὴν
1250 1181 1479 1239 εἴσοδον.

396 1345 460 1397 δ’.
509 1346 572 1397 ’0
616 1344 799 1399 τοίνυν
848 1348 925 1419 μὴ
961 1348 1173 1419 δεηθεὶς
1213 1350 1583 1405 εὐπαιδεύτων
1626 1351 1691 1404 ὲκ
1736 1368 1922 1423 προοι-

329 1429 493 1496 μίων,
505 1431 556 1481 εἰ
574 1427 691 1500 HO]
712 1430 850 1500 μετά
865 1430 1039 1486 ταῦτα
1055 1432 1265 1501 λογίους
1280 1433 1518 1499 ἐδέξατο,
1535 1434 1633 1505 οὐχ
1649 1434 1724 1497 ὡς
1743 1433 1924 1503 δεόμε-

322 1527 417 1573 νος
437 1509 605 1564 τοῦτο
626 1512 909 1582 ἐποίησεν,
932 1514 1046 1568 ἀλλ’
1065 1514 1143 1579 ὡς
1161 1515 1223 1568 οὐ
1247 1515 1677 1586 διακρινόμενος.
1706 1516 1918 1588 Ὥσπερ

324 1594 437 1663 γάρ
477 1594 585 1648 οὐκ
643 1595 816 1649 ἐδεῖτο
864 1598 1093 1667 σοφῶνε
1147 1600 1228 1662 εἰς
1269 1599 1330 1652 τὸ
1381 1599 1726 1672 κατορθῶσαι
1780 1600 1921 1672 άπερ

324 1677 620 1742 ἐϐούλετο,
655 1679 831 1744 οὕτως
868 1681 991 1735 οῦδὲ
1040 1682 1179 1753 μετά
1228 1682 1407 1738 ταῦτα
1459 1684 1784 1755 εὑρεθέντας
1834 1684 1922 1738 διά

325 1760 485 1814 τοῦτο
524 1761 775 1827 ἐξέϐαλε.
809 1764 882 1817 Σὺ
919 1764 977 1819 δὲ
1017 1766 1198 1819 ἐκεῖνό
1246 1785 1337 1838 μοι
1380 1768 1575 1835 δεῖξον,
1624 1770 1673 1820 εἰ
1716 1768 1921 1839 Πέτρος

324 1844 511 1912 λόγιος
543 1840 615 1916 ἦν
660 1846 757 1899 καὶ
802 1847 1037 1912 Παῦλος.
1080 1847 1220 1902 Ἀλλ’
1261 1851 1362 1904 οὐκ
1397 1850 1462 1905 ἂν
1492 1850 1665 1920 ἔχοις·
1715 1850 1921 1905 ἰδιῶται

324 1928 443 1999 γάρ
470 1923 652 1999 ἦσαν,
685 1930 782 1982 καί
819 1929 1198 2002 ἀγράμματοι.
1237 1932 1448 2004 Ὥσπερ
1477 1929 1569 1986 οὖν
1602 1934 1631 1985 6
1663 1933 1917 2004 Χριστος,

325 2010 420 2062 ὅτε
450 2012 582 2074 τοὺς
608 2010 858 2083 μαθητάς
880 2011 1128 2085 ἔπεμπεν
1148 2017 1229 2079 είς
1249 2016 1349 2085 τὴν
1371 2016 1719 2086 οἰκουμένην,
1742 2015 1921 2083 δείξας

322 2094 508 2149 αὐτοῦ
558 2095 652 2167 τὴν
698 2095 931 2167 δύναμιν
967 2099 1152 2162 αὐτοῖς
1187 2101 1245 2152 έν
1293 2094 1631 2172 Παλαιστίνῃ
1665 2100 1917 2170 πρῶτον,

325 2179 439 2230 καὶ
469 2176 660 2243 εἰπὼν,
682 2177 813 2233 Ὅτε
833 2180 1165 2234 ἀπέστειλα
1194 2181 1352 2251 ὑμᾶς
1382 2180 1562 2252 χωρίς
1582 2181 1919 2246 ﬁndat-dav

324 2259 443 2314 καί
469 2259 666 2329 πήρας
693 2259 788 2316 καί
806 2261 1214 2332 ὑποδήματος,
1229 2262 1315 2333 μή
1338 2280 1503 2330 τινος
1522 2266 1599 2319 ὐσ
1608 2264 1917 2334 τερήσατε;

323 2344 463 2397 τότε
486 2344 749 2414 ἐπέτρεψε
774 2344 963 2401 λοιπὸν
988 2345 1084 2400 καί⁵
1102 2348 1285 2419 πήραν
1305 2349 1401 2402 καί⁸
1428 2347 1712 2419 βαλάντιον
1736 2347 1882 2419 ἔχειν
1903 2365 1918 2380 ·

323 2427 480 2480 οὕτω
516 2428 612 2480 καὶ
643 2427 881 2483 ἐνταῦθα
913 2429 1159 2499 ἐποίησε.
1200 2431 1275 2484 T6
1317 2431 1430 2503 γάρ
1475 2430 1809 2502 ζητούμενον
1851 2428 1919 2503 ἦν

321 2509 618 2581 δειχθῆναι
644 2511 739 2565 τοῦ
761 2511 999 2583 Χριστοῦ
1020 2514 1120 2584 τὴν
1140 2514 1393 2584 δύναμιν,
1416 2514 1478 2568 06
1498 2513 1586 2568 διά
1602 2514 1701 2584 τὴν
1720 2514 1918 2579 ἔξωθεν

326 2595 533 2663 σοφίαν
575 2594 937 2650 ἐκϐάλλεσθαι
979 2597 1078 2666 τῆς
1123 2597 1362 2660 πίστεως
1403 2597 1531 2661 τοὺς
1570 2597 1913 2669 προσιόντας.

323 2679 509 2731 Ὅταν
533 2673 629 2732 οῦν
659 2678 924 2748 Ἕλληνες
956 2681 1382 2750 κατηγορήσωσι
1412 2681 1521 2733 τῶν
1554 2680 1813 2752 μαθητῶν
1843 2681 1916 2745 ὡς

328 2760 586 2826 ἰδιωτῶν,
619 2762 781 2817 πλέον
805 2763 964 2833 ἡμεῖς
985 2762 1211 2815 ἐκείνων
1235 2763 1633 2836 κατηγορῶμεν
1657 2764 1686 2805 ἀ
1713 2764 1913 2818 αὐτῶν.

326 2844 489 2914 Μηδὲ
521 2844 728 2915 λεγέτω
755 2862 860 2908 τις,
893 2846 974 2898 ὅτι
1004 2844 1167 2913 σοφὸς
1196 2840 1267 2915 ἦν
1290 2847 1319 2898 6
1352 2845 1563 2907 Παῦλος
1584 2863 1596 2874 ·
1626 2847 1740 2900 ἀλλ’
1764 2848 1919 2902 ἐπαί-

330 2946 523 3000 ροντες
557 2931 652 2983 ἐπὶ
694 2929 859 3000 σοφίᾳ
891 2931 1018 2993 τοὺς
1056 2928 1329 2999 μεγάλους
1370 2930 1501 3001 παρ’
1543 2931 1774 2995 ἐκείνοις
1823 2931 1916 2985 καὶ

326 3013 424 3064 ἐπὶ
455 3011 761 3082 εὐγλωττία
794 3011 1232 3082 θαυμασθέντας,
1266 3013 1395 3075 τοὺς
1420 3015 1552 3083 παρ’
1583 3015 1715 3083 ἡμῖν
1743 3014 1918 3068 ᾶπαν-

322 3111 430 3157 τας
466 3094 716 3166 λέγωμεν
748 3095 963 3158 ἰδιώτας
993 3094 1295 3163 γεγονέναι.
1329 3095 1405 3148 Οὐ
1438 3095 1653 3167 μικρῶς
1678 3096 1786 3168 γάρ
1820 3098 1917 3149 αὐ-

322 3177 459 3240 τοῦς
494 3177 589 3231 καὶ
622 3176 765 3231 κατὰ
795 3176 954 3230 τοῦτο
981 3176 1400 3248 καταϐαλοῦμεν
1440 3177 1502 3229 τὸ
1536 3179 1700 3249 μέρος
1721 3194 1734 3207 ·
1773 3177 1916 3232 οὕτω

323 3261 441 3332 γάρ
469 3261 625 3315 ἔσται
652 3260 888 3332 λαμπρά
914 3261 985 3315 τά
1019 3263 1336 3333 νικητήρια.

406 3428 602 3483 Ταῦτα
641 3427 696 3482 δὲ
726 3423 903 3491 εἷπον,
943 3429 1131 3500 ἐπειδή
1177 3445 1319 3494 τινος
1354 3431 1563 3500 ήκουσά
1606 3448 1735 3485 ποτε
1778 3433 1913 3501 Χρι-

327 3511 555 3566 στιανοῦ
605 3512 740 3583 πρὸς
771 3511 1012 3583 Ἕλληνα
1054 3512 1479 3581 καταγελάστως
1507 3513 1911 3583 διαλεγομένου,

327 3598 423 3650 καὶ
447 3597 781 3668 ἀμφοτέρων
803 3598 861 3650 ὲν
888 3599 955 3668 τῇ
984 3598 1123 3667 πρὸς
1154 3597 1418 3667 ἀλλήλους
1445 3599 1595 3671 μάχῃ
1615 3600 1686 3652 τά
1708 3597 1915 3651 έαυτῶν

328 3682 737 3736 καταλυόντων.
780 3682 849 3734 Ἀ
887 3681 995 3751 γάρ
1043 3681 1151 3735 ἔδει
1195 3679 1286 3735 τὸν
1332 3682 1661 3754 Χριστιανὸν
1703 3684 1910 3745 εἰπεῖν,

324 3764 505 3820 ταῦτα
540 3766 571 3818 6
603 3765 805 3836 Ἕλλην
835 3763 1010 3831 ἔλεγε·
1043 3766 1139 3819 καὶ
1172 3765 1209 3819 δι
1254 3764 1346 3818 τὸν
1388 3765 1627 3838 Ἕλληνα
1662 3765 1809 3829 εἰκὸς
1845 3761 1913 3837 ἦν

326 3850 530 3912 εἰπεῖν,
553 3847 729 3902 ταῦτα
765 3850 795 3901 6
824 3847 1152 3920 Χριστιανὸς
1182 3847 1567 3920 προεϐάλλετο.
1605 3850 1740 3920 Περὶ
1768 3849 1914 3904 Παύ-

325 3934 421 3986 λου
446 3932 559 4003 γάρ
583 3934 679 3986 κα)⁵
704 3932 991 3996 Πλάτωνος
1021 3931 1302 4004 ζητήσεως
1321 3931 1511 4003 οῦσης,
1534 3933 1564 3986 ὀ
1588 3933 1686 4005 μὲν
1717 3933 1913 4004 Ἕλλην

326 4018 592 4087 ἐπειρᾶτο
632 4015 945 4081 δεικνύναι,
991 4017 1136 4071 δτιό
1183 4016 1396 4081 Παῦλος
1432 4013 1500 4089 ἦν
1548 4016 1768 4089 ἀμαθής
1818 4019 1913 4072 καὶ

330 4099 572 4172 ἰδιώτηςο
620 4102 650 4154 6
690 4100 746 4153 δὲ
786 4101 1113 4172 Χριστιανὸς
1162 4100 1269 4155 61:6
1307 4101 1569 4172 ἀφελείας
1610 4101 1909 4167 ἐσπούδαζε
1934 4168 1947 4173 Α

327 4182 788 4249 κατασκευάζειν,
824 4184 907 4237 ὅτι
939 4183 1227 4248 Πλάτωνος
1256 4184 1582 4255 λογιώτερος
1607 4180 1676 4255 ἦν
1701 4186 1730 4237 6
1760 4185 1909 4239 Παῦ-

323 4267 439 4331 λος.
489 4265 734 4322 Οὔτωδὲ
778 4265 874 4322 τοῦ
915 4266 1176 4335 Ἕλληνος
1222 4269 1434 4338 ἐγίνετο
1479 4270 1549 4323 τὰ
1595 4270 1906 4341 νικητήρια,

323 4351 519 4405 τούτου
559 4350 889 4421 κρατοῦντος
922 4350 1016 4404 τοῦ
1048 4351 1229 4420 λόγου.
1268 4352 1331 4404 Εἰ
1361 4351 1469 4423 γὰρ
1504 4351 1793 4417 Πλάτωνος
1824 4354 1906 4407 ὲλ-

324 4433 698 4504 λογιμώτερος
727 4429 797 4505 ἦν
824 4435 853 4487 6
883 4434 1112 4500 Παῦλος,
1147 4434 1376 4500 πολλοὺς
1407 4436 1555 4499 εἰκὸς
1584 4436 1906 4504 ἀντιλέγειν,

322 4520 404 4572 ὅτι
448 4520 510 4572 οὐ
551 4522 619 4589 τῇ
671 4518 878 4589 χάριτι,
910 4518 1046 4573 ἀλλά
1076 4522 1145 4591 τῇ
1190 4520 1494 4592 εὐγλωττίίι
1538 4523 1905 4592 περιεγένετο.

323 4602 492 4656 Ὥστε
522 4602 668 4675 ὑπὲρ
706 4601 803 4656 τοῦ
841 4602 1102 4673 Ἕλληνος
1145 4599 1213 4674 ἦν
1242 4603 1303 4657 τὸ
1345 4604 1637 4676 λεγόμενον
1677 4606 1781 4660 61:6
1813 4606 1906 4660 τοῦ

322 4686 678 4759 Χριστιανοῦ·
724 4685 754 4740 δ
801 4687 859 4740 δὲ
897 4686 1081 4756 ἔλεγεν
1119 4689 1148 4741 6
1193 4688 1417 4759 Ἕλλην,
1451 4688 1592 4761 ὑπὲρ
1632 4690 1728 4743 τοῦ
1774 4693 1967 4761 Χρι-θ-

322 4771 549 4825 στιανοῦ
580 4766 671 4843 ἦν.
695 4772 758 4824 Εἰ
785 4772 894 4842 γὰρ
922 4770 1133 4837 Παῦλος
1161 4771 1486 4838 ἀπαίδευτος
1514 4771 1606 4846 ἦν,
1632 4774 1907 4847 ἐκράτησε

318 4853 381 4907 δὲ
410 4853 722 4917 Πλάτωνος,
753 4854 887 4926 ὅπερ
918 4852 1122 4921 ἔλεγον,
1166 4853 1397 4928 λαμπρά
1430 4857 1654 4926 γέγονεν
1684 4859 1716 4929 ἡ
1756 4860 1904 4930 νίκη.

320 4937 469 4999 Τοὺς
491 4937 602 5008 γάρ
631 4936 842 4990 ἐκείνου
866 4936 1115 5006 μαθητὰς
1142 4937 1323 4993 λαϐὼν
1352 4941 1382 4993 6
1408 4939 1628 5012 ἀμαθὴς
1658 4942 1907 5006 ἅπαντας

324 5021 517 5073 ἔπεισε
540 5061 553 5084 ,
582 5024 676 5074 καὶ
724 5021 862 5092 πρὸς
904 5022 1095 5075 ἑαυτὸν
1134 5023 1362 5094 ήγαγεν.
1408 5024 1572 5078 Ὅθεν
1603 5025 1784 5096 δῆλον,
1825 5027 1907 5081 ὅτι

323 5103 439 5155 οὐκ
464 5104 521 5155 ἐν
559 5105 717 5177 σοφίᾳ
746 5103 1085 5178 ἀνθρωπίνη,
1118 5106 1178 5159 τὸ
1220 5108 1482 5179 κήρυγμα
1527 5110 1905 5182 περιγέγονεν,

321 5186 472 5241 ἀλλά
491 5185 621 5240 Θεοῦ
646 5190 847 5260 χάριτι.
879 5189 975 5242 Ἰν’
997 5185 1089 5243 οῦν
1122 5191 1196 5263 μὴ
1224 5191 1399 5246 ταυτά
1423 5193 1746 5264 πάσχωμεν,
1770 5195 1910 5266 μηδὲ

320 5270 761 5342 καταγελώμεθα
813 5272 956 5326 οῦτω
998 5274 1369 5345 διαλεγόμενοι
1426 5275 1563 5348 πρὸς
1617 5275 1905 5349 Ἕλληνας,

319 5352 551 5406 ἐπειδάν
575 5355 708 5425 ήμῖν
727 5354 867 5426 πρὸς
893 5356 1091 5419 αὐτοὺς
1116 5356 1270 5426 ἀγὼν
1292 5355 1352 5434 ᾗ,
1374 5360 1774 5432 κατηγορῶμεν
1798 5358 1907 5412 τῶν

316 5437 644 5491 ἀποστόλων
670 5440 749 5502 ὡς
772 5437 1025 5508 ἀμαθῶνο
1050 5442 1082 5510 ή
1106 5441 1215 5514 γάρ
1240 5443 1544 5515 κατηγορία
1570 5443 1706 5515 αῦτη
1734 5440 1909 5512 ὲγκώ·

386 5703 413 5767 ‘_‘
437 5696 704 5767 Legebauuj
718 5700 865 5751 τοῦτο
891 5705 1127 5764 διέκλασε,
1147 5710 1191 5755 ει
1214 5720 1345 5767 mox,
1370 5707 1700 5756 κατέστειλε...
1724 5708 1901 5759 ἔπεισε.

379 5760 644 5832 ζερώαιαν
680 5760 788 5832 [nec
831 5760 1138 5832 von-701.06,:
1170 5775 1290 5832 post
1334 5760 1645 5832 θαρροῦντες..
1715 5773 1736 5801 °
1764 5771 1905 5832 Alius

321 5823 477 5872 habet
495 5826 740 5896 σοφιστῶν
759 5839 847 5887 pro
872 5823 1050 5896 σοφῶν.
1116 5827 1140 5867 «1
1166 5823 1306 5894 Κοεη
1334 5823 1685 5895 κατὴγορῶμεν,
1726 5831 1903 5884 melius

324 5899 475 5949 quam
496 5884 619 5934 edui
640 5884 1008 5951 κατηγοροῦμεν.

2028 377 2172 430 μιον.
2208 363 2319 416 Καὶ
2345 363 2473 416 ὅταν
2506 362 2734 417 εἴπωσιν
2766 368 2981 431 ἐκεῖνοι,
3007 368 3088 421 ὅτι
3113 369 3363 439 ἄγροικοι
3389 366 3528 441 ἦσαν
3554 378 3603 429 οξ

2022 442 2332 510 ἀπόστολοι,
2371 446 2697 518 προσθῶμεν
2729 451 2921 518 ἡμεῖς,
2954 466 3049 504 και
3077 450 3323 522 εἴπωμεν
3343 496 3357 519 ,
3394 455 3476 508 ὅτι
3512 460 3605 511 καὶ

2002 525 2257 597 ’ἀμαθεῖς
2298 530 2391 581 καὶ
2428 530 2786 602 ἀγράμματοι
2822 534 2915 585 καὶ
2959 533 3193 605 πένητες
3231 535 3325 588 καὶ
3366 537 3604 602 εὐτελεῖς

2022 611 2118 663 καὶ
2144 611 2395 665 ἀσύνετοι
2425 613 2518 667 καὶ
2556 616 2801 683 ἀφανεῖς.
2839 617 2952 669 Οὐκ
2987 616 3102 671 ἔστι
3142 617 3460 690 βλασφημία
3493 622 3603 675 τῶν

2026 694 2336 748 ἀποστόλων
2366 695 2562 763 ταῦτα,
2595 698 2731 752 ἀλλά
2768 701 2860 753 καὶ
2891 700 3038 766 δόξα,
3071 701 3132 753 τὸ
3168 703 3294 765 τοὺς
3327 704 3602 767 τοιούτους

2022 774 2123 844 τῆς
2146 778 2469 848 οἰκουμένης
2499 779 2681 851 πάσης
2708 781 3124 855 λαμπροτέρους
3152 786 3407 854 φανῆναι.
3440 781 3601 841 Οἷτοι

2024 859 2133 932 γάρ
2164 863 2214 913 οί
2252 862 2457 916 ἰδιῶται
2496 867 2590 918 καὶ
2623 867 2871 936 ἄγροικοι
2906 869 3001 921 καὶ
3051 867 3165 940 [21]
3211 871 3444 938 ἀμαθεῖς
3475 875 3601 936 τοὺς

2026 945 2222 1013 σοφοὺς
2260 947 2354 999 καὶ
2387 946 2646 1012 δυνατοὺς
2678 948 2773 1002 καὶ
2814 950 2941 1014 τοὺς
2970 951 3300 1023 τυράννους,
3346 955 3443 1007 καὶ
3474 957 3600 1020 τοὺς

2023 1027 2117 1081 ἐπὶ
2143 1027 2357 1099 πλούτῳ
2400 1030 2493 1084 καὶ
2524 1031 2652 1105 δόξῃ
2682 1033 2776 1086 καὶ
2806 1035 2920 1097 τοῖς
2968 1032 3166 1100 ἔξωθεν
3207 1037 3342 1089 πᾶσι
3383 1038 3601 1107 κομπά-

2024 1109 2236 1175 ζοντας,
2271 1112 2345 1175 ὡς
2371 1113 2490 1167 οὐδὲ
2522 1115 2739 1187 ἄνδρας,
2767 1115 2909 1169 οὕτω
2938 1119 3406 1185 κατηγωνίσαντο.
3437 1120 3601 1175 Ὅθεν

2022 1192 2201 1262 δῆλον,
2233 1195 2315 1249 ὅτι
2350 1197 2558 1268 μεγάλη
2596 1200 2629 1268 ή
2671 1199 2766 1252 τοῦ
2802 1200 3034 1272 σταυροῦ
3078 1200 3327 1272 δύναμις,
3374 1206 3467 1258 καὶ
3501 1205 3599 1257 οὐκ

2024 1275 2335 1350 ἀνθρωπίνῃ
2388 1278 2532 1350 ἰσχύϊ
2560 1281 2733 1334 ταῦτα
2771 1281 3002 1351 ἐγενετο.
3036 1284 3110 1337 Οὐ
3136 1284 3245 1354 γάρ
3287 1285 3398 1355 ἔχει
3440 1286 3602 1355 φύσιν

2022 1360 2091 1413 τά
2129 1360 2412 1431 γινόμενα,
2452 1364 2567 1418 ἀλλ’
2609 1366 2747 1437 ὑπὲρ
2780 1366 2940 1436 φύσιν
2971 1362 3039 1438 ἦν
3069 1368 3136 1420 τά
3171 1368 3597 1441 κατορθούμενα.

2029 1446 2197 1498 Ὅταν
2227 1445 2285 1498 δὲ
2329 1447 2469 1513 ὑπὲρ
2513 1448 2675 1518 φύσιν
2724 1467 2776 1502 τι
2816 1450 3064 1519 γένηται,
3117 1453 3210 1505 καὶ
3249 1452 3390 1523 ὑπὲρ
3439 1452 3602 1524 φύσιν

2027 1528 2179 1599 παρὰ
2212 1530 2346 1584 πολὺ
2374 1531 2510 1600 μετὰ
2542 1530 2636 1585 τοῦ
2668 1535 3035 1604 προσήκοντος
3064 1535 3158 1587 καὶ
3180 1534 3275 1589 τοῦ
3304 1536 3599 1607 χρησίμου,

2024 1610 2244 1681 εὔδηλον
2275 1614 2358 1666 ὃτι
2397 1614 2516 1685 θεία
2547 1616 2653 1667 τινὶ
2690 1615 2864 1670 ταῦτα
2904 1617 3131 1688 δυνάμει
3170 1619 3264 1671 καὶ
3311 1618 3604 1690 συνεργεία

2023 1695 2250 1763 γίνεται.
2270 1698 2469 1751 Σκόπει
2493 1698 2569 1751 δέ·
2591 1698 2648 1752 ’0
2665 1700 2870 1763 ἁλιεὺς,
2889 1702 2917 1753 6
2936 1700 3279 1771 σκηνοποιὸς,
3295 1703 3322 1754 6
3338 1700 3601 1773 τελώνης,

2022 1780 2049 1830 6
2083 1777 2317 1850 ἰδιώτης,
2342 1782 2370 1834 6
2398 1782 2781 1853 ἀγράμματος,
2812 1784 2875 1836 ὲκ
2904 1784 3267 1854 Παλαιστίνης
3293 1784 3394 1854 τῆς
3419 1783 3602 1857 χώρας

2026 1861 2243 1931 μακράν
2289 1863 2551 1936 κειμένης
2580 1863 2856 1929 ἐλθόντες,
2909 1869 3035 1930 τοὺς
3092 1868 3443 1937 φιλοσόφους,
3476 1870 3603 1930 τοὺς

2026 1944 2283 2014 ῥήτορας,
2315 1946 2444 2009 τοὺς
2475 1946 2681 2010 δεινοὺς
2712 1950 2887 2002 εἰπεῖν
2917 1951 2981 2002 ὲκ
3004 1951 3102 2020 τῆς
3134 1948 3344 2013 οἰκείας
3371 1950 3599 2003 ἀπωσά-

2027 2044 2176 2097 μενοι
2226 2028 2470 2095 πάντας,
2505 2031 2660 2084 αὐτοὶ
2706 2031 2912 2085 τούτων
2961 2033 3275 2103 ἐκράτησαν
3321 2034 3395 2100 ἐν,
3424 2033 3602 2104 χρόνῳ

2025 2110 2216 2182 βραχεῖ
2243 2113 2381 2182 μετά
2412 2113 2673 2167 κινδύνων
2705 2114 2936 2183 πολλῶν,
2965 2117 3174 2188 δήμων,
3209 2116 3476 2186 βασιλέων
3503 2117 3600 2170 άν-

2021 2196 2420 2263 τιπιπτόντων,
2476 2198 2576 2269 τῆς
2630 2199 2844 2267 φύσεως
2883 2200 3052 2270 αὐτῆς
3111 2200 3447 2272 μαχομένης,
3503 2200 3598 2252 τοῦ

2006 2278 2215 2350 χρόνου
2250 2280 2351 2350 τῆς
2391 2281 2780 2353 παλαιότητος,
2824 2284 2925 2354 τῆς
2958 2283 3159 2356 πολλῆς
3189 2284 3478 2355 συνηθείας
3505 2286 3601 2338 άν-

2020 2366 2412 2436 τιπαλαιούσης
2441 2379 2463 2407 θ
2527 2367 2806 2437 σφοδρῶς,
2863 2368 3136 2438 δαιμόνων
3191 2367 3597 2438 ὁπλιζομένων,

2021 2446 2263 2501 διαϐόλου
2290 2451 2768 2520 παραταττομένου
2797 2452 2889 2505 καὶ
2912 2455 3089 2506 πάντα
3112 2451 3409 2517 κινοῦντος,
3444 2451 3601 2521 βασι-

2021 2529 2170 2595 λέας,
2202 2533 2497 2603 ἄρχοντας,
2542 2533 2750 2604 δήμους
2771 2575 2784 2598 ,
2827 2534 2977 2605 ἔθνη.
3016 2535 3201 2597 πόλεις
3221 2575 3234 2600 ,
3265 2534 3597 2605 βαρϐάρους,

2024 2616 2310 2687 Ἕλληνας,
2341 2617 2684 2686 φιλοσόφους,
2719 2620 2975 2690 ῥήτορας,
3020 2621 3299 2689 σοφιστάς,
3331 2619 3602 2690 λογογρά-

2021 2716 2176 2768 φους,
2205 2703 2423 2771 νόμους,
2455 2702 2785 2774 δικαστήρια
2804 2744 2818 2768 ,
2852 2703 3104 2768 κολάσεις
3137 2703 3408 2768 ποικίλας,
3439 2703 3602 2759 θανά-

2021 2800 2147 2846 τους
2179 2784 2404 2857 μυρίους
2443 2786 2537 2838 καὶ
2580 2786 2971 2850 παντοδαπούς.
3026 2786 3166 2840 Ἀλλ’
3195 2788 3342 2858 ὅμως
3385 2785 3602 2842 ἅπαντα

2019 2866 2190 2921 ταῦτα
2219 2867 2392 2931 οὕτως
2435 2868 2697 2939 ἠλέγχετο
2728 2871 2821 2922 καὶ
2866 2869 3221 2941 παρεχώρει,
3252 2869 3361 2923 τῶν
3405 2869 3599 2923 ἁλιέων

2020 2949 2446 3021 φθεγγομένων,
2481 2951 2557 3015 ώς
2591 2951 2739 3014 κόνις
2770 2951 2944 3023 λεπτὴ
2978 2953 3224 3025 σφοδρῶν
3252 2953 3467 3024 ἀνέμων
3502 2954 3600 3022 έμ-

2018 3032 2179 3103 ϐολὴν
2206 3035 2451 3103 ἐνεγκεῖν
2487 3035 2560 3106 μὴ
2596 3035 2895 3108 δυναμένη.
2930 3035 3211 3107 Μάθωμεν
3240 3037 3419 3091 τοίνυν
3456 3036 3600 3090 οὕτω

2019 3116 2155 3186 πρὸς
2191 3116 2462 3188 Ἕλληνας
2502 3118 2868 3187 διαλέγεσθαι,
2900 3119 2988 3173 ἴνα
3036 3120 3111 3191 μὴ
3137 3114 3288 3191 ὦμεν
3317 3119 3393 3183 ὡς
3431 3118 3600 3192 θρέμ-

2022 3216 2170 3269 ματα
2215 3200 2312 3254 καὶ
2354 3199 2706 3272 βοσκήματα,
2745 3202 2862 3255 ἀλλ’
2900 3195 3051 3273 ὦμεν
3089 3203 3598 3274 παρεσκευασμένοι

2019 3283 2147 3353 περὶ
2178 3283 2275 3354 τῆς
2306 3286 2363 3337 ὲν
2394 3284 2525 3355 ήμῖν
2561 3285 2793 3348 ἐλπίδος.
2829 3287 2937 3339 Καὶ
2973 3285 3111 3349 τέως
3139 3286 3297 3339 τοῦτο
3334 3286 3394 3339 τὸ
3426 3286 3597 3354 κεφά-

2017 3368 2166 3422 λαιον
2190 3369 2577 3441 μελετήσωμεν
2598 3372 2698 3424 οὐκ
2720 3370 2781 3425 δν
2812 3371 3031 3442 μικρὸν,
3068 3371 3163 3425 καὶ
3186 3371 3434 3442 λέγωμεν
3463 3371 3599 3443 πρὸς

2018 3454 2214 3517 αὐτούς
2229 3470 2243 3483 ⁸
2268 3455 2439 3508 Πόθεν
2463 3457 2512 3507 οἰ
2539 3455 2788 3519 ἀσθενεῖς
2811 3455 2919 3509 τῶν
2940 3455 3174 3528 ἰσχυρῶν
3197 3455 3595 3527 περιεγένοντο,

2014 3540 2063 3591 οἰ
2106 3537 2315 3591 δώδεκα
2351 3539 2452 3608 τῆς
2498 3538 2860 3611 οἰκουμένης,
2895 3540 3016 3609 οὐχὶ
3051 3542 3163 3603 τοῖς
3200 3540 3382 3602 αὐτοῖς
3413 3538 3596 3602 ὅπλοις

2014 3624 2367 3695 κεχρημένοι,
2399 3621 2535 3675 ἀλλὰ
2571 3622 2769 3693 γυμνοὶ
2798 3622 2937 3695 πρὸς
2963 3622 3226 3686 ἐνόπλους
3259 3621 3593 3693 μαχόμενοι;

2087 3774 2145 3820 ε’.
2178 3769 2310 3821 Εἰπὲ
2343 3767 2472 3840 γάρ,
2507 3770 2555 3821 εἰ
2578 3767 2789 3823 δώδεκα
2810 3766 3003 3841 ἄνδρες
3033 3764 3349 3839 πολεμικῶν
3378 3764 3596 3834 ἄπειροι

2016 3851 2356 3922 πραγμάτων
2394 3854 2472 3914 εἰς
2514 3850 2818 3922 παράταξιν
2859 3850 3210 3922 στρατιωτῶν
3242 3850 3468 3920 ἄπειρον
3502 3847 3596 3905 καὶ

2012 3934 2363 4004 ὡπλισμένην
2394 3935 2820 4004 εἰσπηδήσαντες
2841 3976 2854 3999 ,
2887 3938 2987 3989 οὐκ
3018 3934 3209 3990 ἄοπλοι
3246 3933 3426 4002 μόνον,
3458 3929 3597 3984 ἀλλά

2014 4019 2111 4073 καὶ
2134 4017 2379 4082 ἀσθενεῖς
2399 4018 2460 4070 τὸ
2488 4018 2668 4087 σῶμα,
2692 4017 2800 4070 61:6
2823 4019 2921 4087 μὲν
2942 4019 3166 4073 ἐκείνων
3191 4017 3343 4070 οὐδὲν
3368 4015 3590 4078 ἔπαθον,

2017 4103 2150 4174 μηδὲ
2178 4101 2391 4173 μυρίοις
2410 4100 2739 4172 βαλλόμενοι
2775 4101 2986 4167 βέλεσιν
3013 4100 3033 4141 ί
3069 4100 3407 4170 ἐτρώθησαν,
3439 4097 3591 4169 ἔχον-

2011 4198 2104 4243 τες
2134 4180 2194 4233 δὲ
2228 4180 2725 4251 ὲμπεπερονημένα
2759 4181 2829 4235 τὰ
2867 4179 2995 4252 βέλη
3042 4177 3236 4249 γυμνῴ
3268 4177 3346 4247 τῷ
3378 4175 3593 4247 σώματι

2014 4265 2222 4328 πάντας
2249 4263 2598 4328 κατέϐαλλον,
2635 4266 2733 4335 οὐχ
2758 4265 2944 4326 ὅπλοις
2972 4263 3328 4335 κεχρημένοι,
3361 4261 3498 4331 άλλά
3524 4263 3591 4330 τῇ

2012 4349 2154 4421 χειρὶ
2183 4347 2436 4412 παίοντες
2454 4388 2469 4412 ,
2506 4342 2624 4402 εἶτα
2657 4349 2784 4411 τοὺς
2810 4348 2910 4420 μὲν
2930 4347 3158 4412 ἀνεῖλον,
3189 4346 3315 4409 τοὺς
3339 4345 3395 4398 δὲ
3425 4345 3592 4415 αἰχμ-

2014 4430 2252 4495 αλώτους
2309 4429 2566 4494 λαϐόντες
2618 4432 2928 4503 ἀπήγαγον,
2984 4431 3123 4503 μηδὲν
3169 4428 3458 4501 τραύματα
3491 4427 3591 4481 αὐ-

2010 4517 2092 4569 τοὶ
2111 4514 2415 4584 δεξάμενοι,
2439 4509 2550 4586 ἆρά
2576 4533 2662 4577 τις
2686 4515 2747 4568 τὸ
2772 4514 3057 4585 γινόμενον
3086 4511 3426 4584 ἀνθρώπινον
3451 4508 3593 4565 εἶναι

2011 4599 2215 4668 ἐφησε;
2263 4598 2456 4652 Καίτοι
2495 4598 2555 4650 1:6
2593 4597 2701 4650 τῶν
2737 4598 3050 4652 ἀποστόλων
3098 4597 3359 4668 τρόπαιον
3412 4593 3592 4665 πολλῷ

2010 4683 2222 4735 ἐκείνου
2242 4681 2702 4752 θαυμαστότερον.
2723 4680 2830 4734 Τοῦ
2847 4682 2954 4752 γὰρ
2974 4680 3180 4752 γυμνὸν
3200 4679 3275 4751 μὴ
3291 4678 3587 4750 τρωθῆναι,

2010 4764 2190 4835 πολλῷ
2218 4764 2650 4836 παραδοξότερον
2691 4766 2753 4819 τὺ
2786 4767 2878 4820 τὸν
2914 4763 3130 4835 ἰδιώτην
3159 4763 3254 4817 καὶ
3280 4762 3589 4834 ἀγράμμα-

2008 4866 2100 4904 τον
2125 4849 2218 4903 καί
2244 4846 2398 4903 ἁλιέα
2424 4850 2696 4920 τοσαύτης
2721 4850 3023 4918 δεινότητος
3057 4845 3462 4917 περιγενέσθαι,
3495 4845 3589 4897 καὶ

2014 4934 2150 5003 μήτε
2178 4933 2283 4986 61:6
2306 4932 2406 5002 τῆς
2425 4932 2756 5002 ὀλιγότητος,
2787 4934 2925 5003 μήτε
2951 4931 3057 4986 61:6
3081 4931 3182 5000 τῆς
3209 4929 3418 4995 πενίας,
3450 4930 3589 5001 μήτε

2010 5016 2115 5069 61:6
2134 5015 2243 5069 τῶν
2263 5015 2541 5079 κινδύνων,
2576 5016 2714 5085 μήτε
2747 5014 2852 5067 61:6
2876 5016 2977 5086 τῆς
3006 5013 3298 5084 συνηθείας
3321 5012 3423 5083 τῆς
3452 5029 3589 5082 προ-

2011 5100 2421 5170 κατειληφυίας,
2461 5099 2597 5170 μήτε
2627 5097 2732 5151 ὑπὸ
2756 5100 2855 5169 τῆς
2882 5098 3150 5170 τοσαύτης
3179 5097 3587 5169 αὐστηρότητος

2009 5183 2115 5235 τῶν
2184 5182 2524 5254 πραγμάτων
2596 5174 2672 5233 ὧν
2735 5180 3065 5247 ἑπέταττον,
3131 5183 3269 5250 μήτε
3327 5181 3433 5234 61:6
3480 5180 3585 5234 τῶν

2011 5264 2394 5336 καθημερινῶν
2438 5263 2684 5317 θανάτων
2705 5303 2720 5327 ,
2762 5265 2900 5335 μήτε
2934 5265 3039 5318 61:6
3073 5263 3167 5317 τοῦ
3199 5264 3437 5335 πλήθους
3476 5263 3586 5315 τῶν

2009 5347 2400 5419 ἀπατηθέντων
2423 5388 2438 5413 ,
2489 5348 2625 5419 μήτε
2658 5347 2763 5400 61:6
2794 5346 2889 5401 τοῦ
2941 5346 3249 5417 ἀξιώματος
3293 5346 3399 5398 τῶν
3439 5347 3581 5397 ἀπα-

2008 5431 2289 5500 τησάντων
2322 5429 2739 5501 διακωλυθῆναι.
2776 5430 2931 5484 Οὕτω
2971 5429 3150 5482 τοίνυν
3180 5428 3377 5491 αὐτοὺς
3416 5443 3584 5482 κατα.

2010 5508 2280 5584 ϐάλωμεν,
2312 5514 2405 5567 καὶ
2437 5513 2737 5586 μαχώμεθα
2767 5513 2901 5583 1:96;
2929 5510 3192 5575 ἐκείνους,
3221 5510 3316 5563 καὶ
3343 5509 3452 5581 πρὸ
3474 5510 3583 5565 τῶν

2008 5597 2181 5660 λόγων
2206 5596 2296 5650 διὰ
2327 5600 2422 5650 τοῦ
2451 5596 2567 5664 βίου
2607 5594 3105 5667 καταπληξώμεθα.
3141 5592 3291 5666 Αῦτη
3323 5592 3439 5667 [2'2]
3473 5595 3584 5669 γάρ

2008 5683 2154 5735 ἐστιν
2189 5683 2223 5754 ή
2265 5680 2473 5752 μεγάλη
2518 5682 2686 5753 μάχη,
2726 5674 2880 5745 οὗτος
2921 5682 2949 5734 6
2980 5679 3338 5752 συλλογισμὸς
3366 5682 3394 5735 6
3423 5682 3585 5737 ἀναν-

2079 5902 2100 5929 ε
2132 5899 2391 5964 Legcbm'ur
2415 5902 2794 5961 ἀντιπιπτούσης.
2869 5902 2888 5942 ι
2909 5903 3086 5955 Deerat
3104 5903 3309 5965 βέλεσιν.
