4090 6218
527 230 596 284 ‘29
1254 235 1312 289 S.
1353 233 1643 288 JOANNIS
1681 233 2170 290 CHRYSOSTOMI
2209 233 2533 295 ARCHIEP.
2575 229 3134 291 CONSTANTINOP.
3726 227 3796 285 30

526 343 783 415 τίρρητος
810 345 838 397 ὀ
877 344 966 398 διά
996 347 1104 400 τῶν
1147 347 1357 418 ἔργων·
1394 350 1518 401 ἐπεὶ
1556 349 1661 403 κᾶν
1698 350 1868 419 μυρία
1900 350 2107 419 φιλοσο-

528 427 792 495 φήσωμεν
834 426 921 479 διὰ
949 428 1059 481 τῶν
1108 430 1313 497 λόγων,
1362 430 1476 501 βίον
1514 431 1571 483 δὲ
1620 431 1697 502 μὴ
1737 433 2109 505 παρεχώμεθα

528 507 750 562 ἐκείνων
784 508 1045 578 βελτίονα,
1078 513 1138 564 :6
1164 512 1354 581 κέρδος
1388 512 1561 566 οὐδέν.
1598 514 1674 566 U6
1722 514 1833 584 γάρ
1862 516 1975 577 τοῖς
2016 516 2107 568 λε-

525 591 778 661 γομένοις
802 594 1179 663 προσέχουσιν,
1208 594 1323 647 ἀλλ’
1350 594 1388 650 ἀ
1411 596 1727 667 πράττομεν
1768 597 2106 663 ἐξετάζουσι,

526 674 621 726 καί
647 691 779 743 φασι
799 691 815 704 ·
860 675 931 728 Σὺ
962 676 1228 745 πρότερος
1251 680 1364 741 τοῖς
1395 682 1507 740 σοῖς
1540 681 1748 750 ῥήμασι
1772 680 1982 745 πείθου,
2012 682 2109 735 καὶ

527 757 646 809 τότε
680 756 888 827 ἑτέροις
926 758 1201 825 παραίνει.
1231 761 1293 813 Εί
1321 761 1379 813 δὲ
1420 762 1603 829 λέγεις
1638 762 1740 833 μὲν
1779 763 1945 833 μυρία
1969 761 2107 817 εἶναι

526 839 708 906 ἀγαθά
731 842 786 891 ἐν
810 838 889 909 τῷ
917 841 1184 910 μέλλοντι,
1211 844 1287 908 ὡς
1313 846 1413 899 οὐκ
1436 846 1606 899 ὄντων
1636 846 1693 900 δὲ
1720 845 1865 901 οὕτω
1896 847 2108 917 φαίνοιο

523 924 636 983 τοῖς
665 922 897 991 παροῦσι
930 925 1376 997 προσηλωμένος,
1403 929 1475 981 τὰ
1498 927 1636 999 ἔργα
1665 947 1761 983 σου
1783 930 1892 983 τῶν
1924 933 2104 1002 ῥημά-

522 1019 630 1055 των
660 1005 783 1074 ἐμοὶ
825 1007 1144 1079 πιστότερα.
1185 1011 1354 1064 Ὅταν
1393 1011 1505 1082 γὰρ
1552 1012 1645 1065 ίδω
1689 1030 1749 1066 σε
1789 1014 2107 1084 ἁρπάζοντα

520 1084 590 1138 τά
618 1086 843 1157 ἐτέρων.
885 1090 1189 1160 θρηνοῦντα
1226 1094 1482 1164 ἀμέτρως
1514 1095 1608 1147 ἐπὶ
1646 1098 1758 1159 τοῖς
1786 1096 2103 1165 ἀπελθοῦσι,

521 1168 693 1221 πολλά
724 1170 886 1241 ἕτερα
919 1173 1381 1244 πλημμελοῦντα,
1424 1176 1541 1239 πῶς
1581 1194 1663 1230 σοι
1699 1178 1981 1233 πιστεύσω
2023 1181 2107 1234 ὅτι

520 1248 669 1303 ἐστιν
699 1252 1031 1319 ἀνάστασις;
1074 1257 1191 1310 Κᾶν
1224 1258 1333 1329 γὰρ
1365 1260 1439 1329 μὴ
1470 1259 1669 1328 λέγωσι
1702 1261 1878 1315 ταῦτα
1899 1302 1914 1327 ,
1957 1263 2108 1333 ὅμως

519 1335 760 1388 ἐννοοῦσι
790 1336 985 1402 ταῦτα,
1010 1341 1102 1392 καὶ
1126 1342 1584 1412 περιστρέφουσιν
1606 1343 1697 1395 ἐπὶ
1721 1346 1820 1415 τῆς
1846 1345 2102 1408 διανοίας.

520 1416 632 1469 Καὶ
684 1418 845 1473 τοῦτό
898 1422 1105 1476 ἔστιτὸ
1150 1424 1367 1478 κωλύον.
1392 1427 1517 1488 τοὺς
1559 1426 1823 1490 ἀπίστους
1854 1428 2106 1496 γενέσθαι

519 1502 903 1570 Χριστιανούς.
950 1508 1341 1578 Ἐναγάγωμεν
1372 1520 1391 1539 ⁸
1433 1510 1613 1564 τοίνυν
1654 1513 1852 1575 αὐτοὺς
1886 1512 1973 1566 διὰ
2005 1512 2105 1582 τῆς

520 1584 666 1653 ζωῆς
691 1586 792 1657 τῆς
825 1589 1122 1659 ἡμετέρας.
1156 1592 1348 1645 Πολλοὶ
1377 1594 1470 1646 καὶ
1503 1593 1713 1648 ίδιῶται
1737 1594 1930 1666 ἄνδρες
1951 1594 2103 1666 φιλο-

522 1667 704 1736 αάφων
746 1670 892 1723 οὕτω
935 1674 1286 1745 κατέπληξαν
1328 1676 1429 1747 τὴν
1467 1676 1729 1743 διάνοιαν,
1770 1677 1847 1741 ὼς
1879 1678 1974 1731 καὶ
2003 1678 2105 1749 τὴν

518 1750 627 1803 τῶν
675 1750 854 1823 ἔργων
905 1753 1308 1828 ἐπιδειξάμενοι
1360 1757 1714 1829 φιλοσοφίαν,
1768 1760 1864 1813 καὶ
1920 1759 2104 1830 φωνὴν

520 1832 821 1905 σάλπιγγος
850 1836 1241 1912 λαμπροτέραν
1268 1842 1357 1897 διὰ
1385 1844 1486 1913 τῆς
1523 1843 1802 1908 πολιτείας
1835 1844 1932 1898 καὶ¹
1962 1844 2105 1913 φιλο-

520 1918 713 1986 σοφίας
742 1921 977 1990 ἀφέντες
996 1941 1010 1954 ·
1043 1923 1180 1995 αὕτη
1210 1925 1320 1997 γάρ
1346 1926 1447 1996 τῆς
1477 1926 1725 1997 γλώττης
1755 1928 2098 1999 ἰσχυροτέρα.

520 2000 687 2055 Ὅταν
722 2003 779 2056 δέ
814 2006 987 2072 εἴπω,
1022 2008 1105 2060 ὅτι
1149 2009 1209 2060 ού
1257 2009 1362 2081 χρὴ
1414 2013 1807 2080 μνησικακεῖν,
1850 2006 1972 2066 εἶτα
2009 2011 2103 2066 τὸν

404 2144 416 2154 ⁸
518 2083 756 2154 Ἕλληνα
784 2087 952 2158 μυρία
975 2090 1302 2161 ἐργάσωμαι
1331 2094 1499 2158 κακὰ,
1523 2094 1643 2157 πῶς
1664 2094 1966 2165 δυνήσομαι
1989 2097 2102 2160 τοῖς

514 2166 693 2235 λόγοις
726 2169 889 2222 αὐτὸν
919 2173 1235 2242 ἐναγαγεῖν,
1258 2176 1346 2228 διά
1369 2176 1479 2228 τῶν
1506 2176 1684 2248 ἔργων
1712 2176 1881 2231 αὐτὸν
1901 2179 2101 2232 ἀποσο-

513 2248 659 2316 ϐῶν;
694 2250 1065 2323 Θηρεύσωμεν
1101 2257 1281 2311 τοίνυν
1315 2259 1515 2322 αὐτοὺς
1544 2258 1632 2312 διὰ
1668 2260 1768 2330 τῆς
1800 2260 2098 2325 πολιτείας,

512 2334 608 2429 καὶ
631 2333 721 2387 διά
744 2335 852 2429 τῶν
880 2337 1070 2429 ψυχῶν
1101 2340 1316 2429 τούτων.
1333 2342 1707 2429 οἰκοδομῶμεν
1732 2342 1830 2429 τὴν
1872 2344 2094 2429 Ἱέκκλη-

512 2416 659 2483 σίαν,
713 2418 811 2472 καὶ
862 2421 1068 2476 τούτων
1114 2425 1516 2497 συναγάγωμεν
1556 2427 1648 2480 τὸν
1696 2416 1947 2484 πλοῦτος.
1984 2431 2099 2483 Οὐκ

510 2498 627 2553 ἔστι
678 2501 857 2573 ψυχῆς
911 2505 1065 2559 οὐδὲν
1123 2508 1405 2573 ἀντάξιον,
1446 2508 1571 2562 οὐδὲ
1609 2510 1639 2562 6
1686 2510 1890 2581 κόσμος
1928 2512 2096 2576 ἄπας.

510 2582 677 2636 Ὥστε
702 2585 804 2638 κᾶν
837 2589 1011 2660 μυρία
1034 2590 1139 2660 δῷς
1173 2595 1433 2664 χρήματα
1463 2592 1710 2665 πένησιν,
1740 2597 1895 2650 οὐδὲν
1924 2596 2099 2651 τοιοῦ-

507 2669 874 2752 τον-ἐργάσῃ,
904 2665 1016 2724 οἷον
1046 2675 1074 2726 ὀ
1110 2674 1239 2743 μίαν
1271 2674 1449 2746 ψυχὴν
1492 2677 1859 2747 ἐπιστρέφων.
1903 2680 1955 2731 '0
1990 2680 2098 2752 γάρ

506 2748 739 2819 ἐξάγων
776 2757 972 2822 τίμιον
998 2755 1068 2821 ἐξ
1099 2758 1374 2824 ἀναξίου,
1409 2759 1490 2825 ώς
1534 2761 1730 2830 στόμα
1752 2780 1873 2830 μου
1901 2748 2097 2831 ἕσταὶ,

509 2833 662 2902 φησί.
718 2836 878 2905 Μέγα
926 2839 1025 2908 μὲν
1072 2841 1182 2911 γὰρ
1233 2842 1439 2910 ἀγαθὸν
1492 2843 1588 2896 καὶ
1635 2844 1696 2898 :6
1745 2845 1918 2900 ἐλεεῖν
1975 2847 2099 2912 τοὺς

508 2917 859 2987 πενομένους·
880 2921 995 2974 ἀλλ’
1019 2923 1173 2976 οὐδὲν
1193 2925 1457 2990 τοιοῦτον,
1482 2924 1595 2981 οἷον
1616 2927 1677 2980 τὸ
1701 2928 1911 2999 πλάνης
1933 2929 2100 2983 ἀπαλ-

509 2999 744 3054 λάττειν·
775 3004 804 3055 ὀ
824 3004 933 3074 γάρ
956 3006 1116 3059 τοῦτο
1140 3008 1333 3073 ποιῶν,
1365 3009 1509 3064 κατὰ
1537 3008 1750 3064 Παῦλον
1773 3012 1983 3080 γίνεται
2007 3013 2102 3067 καὶ⁵

509 3082 736 3154 Πέτρον.
812 3087 1031 3151 Ἔξεστι
1109 3089 1219 3161 γὰρ
1299 3092 1665 3159 ἀναδέξασθαι
1744 3095 1805 3150 τὸ
1875 3096 2100 3150 ἐκείνων

510 3169 791 3238 κήρυγμα,
816 3170 915 3241 οὐχ
937 3172 1024 3225 ἵνα
1042 3174 1447 3245 κινδυνεύωμεν
1476 3176 1732 3251 καθάπερ
1755 3180 1976 3242 ἐκεῖνοι,
2004 3181 2101 3233 καὶ

510 3249 705 3320 λιμοὺς
747 3254 840 3307 καὶ
874 3255 1096 3325 λοιμοὺς
1142 3258 1236 3311 καὶ
1273 3257 1344 3313 τά
1389 3258 1527 3314 ἀλλα
1574 3249 1941 3334 ύποφέρωμεν
2001 3264 2099 3333 (εί-

579 3378 603 3404 ⁴³
629 3378 664 3425 Α
674 3375 724 3427 lii
749 3379 1074 3441 ἀναγάγωμεν.

1970 3559 2463 3567 ο-α--“.ο.---.
2478 3561 2565 3567 αμ-

2218 353 2388 426 ρήνης
2410 348 2522 419 γὰρ
2548 346 2578 399 6
2608 344 2799 415 παρὼν
2828 342 3067 426 καιρὸς),
3099 340 3215 395 ἀλλ’
3242 341 3331 395 ἴνα
3355 340 3588 426 τὴνᾼάπδ
3606 342 3805 413 προθυ.

2217 424 2346 509 μίας
2378 431 2615 503 σπουδὴν
2655 425 3079 497 ἐπιδειξὼμεθα.
3120 426 3231 479 Καὶ
3268 426 3378 509 γάρ
3420 424 3807 509 ἔξεστινᾲοίκοι

2217 506 2561 587 καθημένους
2595 510 2801 580 ταύτην
2832 510 2932 581 τὴν
2975 510 3163 563 άλείαν
3210 507 3564 580 ἐργάζεσθαι.
3612 506 3679 560 Et
3718 524 3806 570 τις

2212 599 2325 670 ἔχει
2353 598 2506 668 φίλον
2538 596 2634 651 καὶ
2668 594 2909 663 συγγενῆ
2956 593 3051 647 καὶ⁵
3077 594 3299 659 οίκείον,
3337 590 3515 645 ταῦτα
3558 589 3804 654 ποιείτω,

2212 682 2388 738 ταῦτα
2426 680 2656 750 λεγέτω·
2684 679 2780 732 καὶ
2808 678 2965 731 ἐσται
2994 677 3141 731 κατὰ
3182 677 3390 747 Πέτρον
3423 675 3519 730 καὶ
3565 670 3804 731 Παῦλον.

2213 766 2324 821 Καὶ
2350 765 2404 817 τί
2432 765 2577 833 λέγω
2611 762 2820 833 Πέτρον
2867 762 2963 815 καὶ
2992 760 3237 826 Παῦλον;
3278 760 3465 830 Στόμα
3508 756 3663 810 ἐσται
3706 752 3805 807 τοῦ

2213 847 2470 919 Χριστοῦ·
2516 847 2580 899 '0
2612 844 2722 915 γὰρ
2750 843 3063 915 ἐξαγαγὼν
3093 844 3291 913 τίμιον
3317 841 3385 905 ἐξ
3413 838 3693 904 ἀναξίου,
3720 835 3805 901 ὡς

2212 930 2410 998 στόμα
2426 946 2550 999 μου
2581 927 2758 982 ἔσται
2781 966 2796 993 ,
2830 926 2984 998 φησί.
3032 925 3151 980 Κᾶν
3190 924 3265 997 μή
3298 924 3538 995 σήμερον
3581 919 3800 989 πείσῃς,

2212 1012 2404 1084 αῦριον
2430 1013 2660 1076 πείσεις·
2692 1011 2798 1065 κάν
2828 1010 3104 1082 μηδέποτε
3131 1008 3329 1079 πείσῃς
3352 1046 3368 1070 ,
3396 1007 3461 1059 06
3490 1003 3580 1058 τὸν
3610 1000 3805 1073 μισθὸν

2213 1096 2357 1160 ἐξεις
2391 1093 2823 1167 ἀπηρτισμένον·
2857 1093 2962 1147 κάν
2991 1095 3069 1164 μὴ
3099 1092 3307 1155 πάντας
3340 1088 3559 1158 πείσῃς,
3586 1084 3805 1154 ὀλίγους

2214 1180 2322 1233 ἀπὸ
2351 1178 2564 1232 πολλῶν
2585 1178 2811 1248 δυνήσῃ·
2846 1178 2969 1230 ἐπεὶ
2998 1177 3093 1230 καὶ
3124 1178 3175 1229 οί
3208 1172 3495 1229 ἀπόστολοι
3522 1170 3641 1240 οὐχὶ
3666 1168 3804 1221 πάν-

2211 1278 2312 1325 τας
2342 1262 2469 1325 τοὺς
2495 1260 2658 1323 ὄντας
2682 1257 3005 1331 ἀνθρώπους
3042 1258 3289 1323 ἔπεισαν,
3330 1255 3446 1309 ἀλλ’
3480 1254 3627 1324 ὅμως
3666 1252 3803 1304 πᾶσι

2212 1342 2590 1414 διελέχθησαν,
2615 1343 2707 1397 καὶ
2727 1341 2817 1395 τὸν
2838 1342 2931 1395 ἐπὶ
2963 1343 3101 1396 πᾶσι
3122 1339 3317 1412 μισθὸν
3331 1337 3568 1409 ἔχουσιν.
3594 1333 3668 1388 06
3690 1333 3803 1402 γὰρ

2213 1427 2352 1498 πρὸς
2376 1425 2438 1479 :6
2458 1426 2613 1489 τέλος
2632 1425 2742 1479 τῶν
2761 1424 3233 1496 κατορθουμένων,
3250 1422 3387 1478 ἀλλά
3402 1420 3538 1491 πρὸς
3552 1418 3648 1490 τήν
3667 1415 3803 1486 γνώ-

2216 1525 2324 1579 μην
2344 1508 2454 1562 τῶν
2476 1507 2887 1580 κατορθούντων
2908 1509 2937 1561 ὀ
2960 1508 3094 1569 Θεὸς
3123 1508 3250 1571 τοὺς
3278 1504 3578 1575 στεφάνους
3596 1499 3800 1571 ὁρίζειν

2211 1590 2392 1644 είωθε.
2415 1590 2536 1645 Κᾶν
2554 1591 2648 1645 δύο
2667 1591 2985 1663 καταϐάλῃς
3004 1590 3247 1654 ὀϐολοὺς,
3277 1587 3514 1658 δέχεται·
3540 1583 3633 1638 καὶ
3659 1582 3799 1652 ὅπερ

2211 1674 2307 1727 ἐπὶ
2330 1674 2434 1745 τῆς
2469 1676 2643 1745 χήρας
2673 1676 2897 1745 ἐποίησε
2914 1714 2929 1739 ,
2958 1674 3118 1728 τοῦτο
3146 1674 3242 1728 καὶ
3267 1669 3497 1725 ἐπὶτῶν
3517 1664 3799 1722 διδασκόν-

2209 1775 2319 1811 των
2348 1757 2462 1831 [25]
2492 1759 2803 1831 ζιργάζεται.
2831 1760 2924 1831 Μὴ
2957 1758 3159 1824 τοίνυν,
3185 1754 3378 1827 ἐπειδὴ
3404 1754 3508 1824 τὴν
3541 1748 3798 1821 οἰκουμέ-

2209 1857 2310 1911 νην
2340 1840 2401 1893 οὐ
2440 1840 2667 1895 δύνασαι
2712 1842 2884 1896 σῶσαι
2920 1843 3013 1896 καὶ
3045 1840 3156 1894 τῶν
3202 1838 3399 1907 ὀλίγων
3440 1832 3796 1905 καταφρόνει,

2211 1923 2347 1994 μηδὲ
2375 1926 2440 1995 τῇ
2473 1924 2583 1978 τῶν
2626 1925 2879 1996 μεγάλων
2909 1924 3178 1996 ἐπιθυμίᾳ
3215 1921 3327 1987 τῶν
3374 1919 3588 1993 μικρῶν
3625 1915 3793 1984 ἀφελ-

2208 2006 2383 2079 κύσῃς
2409 2007 2658 2061 σεαυτόν.
2708 2008 2830 2062 Κάν
2868 2008 3063 2062 ἑκατὸν
3107 2006 3184 2078 μὴ
3233 2003 3491 2075 δυνηθῇς,
3518 2000 3628 2055 τῶν
3660 1999 3795 2053 δέκα

2206 2086 2574 2159 ἐπιμελήθητι
2594 2106 2609 2119 ·
2640 2087 2743 2142 κᾶν
2761 2088 2895 2142 δέκα
2934 2087 3010 2159 μὴ
3036 2087 3294 2157 δυνηθῇς,
3331 2084 3469 2156 μηδέ
3497 2081 3608 2136 τῶν
3628 2080 3793 2135 πέντε

2207 2172 2655 2244 καταφρονήσῃς·
2694 2170 2798 2224 κάν
2827 2172 2992 2224 πέντε
3033 2169 3109 2241 μή
3139 2169 3394 2238 δυνηθῇς,
3422 2165 3518 2219 τοῦ
3557 2164 3677 2227 ἐνδς
3717 2163 3796 2233 μὴ

2208 2252 2502 2326 ύπερίδῃς·
2553 2255 2655 2308 κᾶν
2705 2254 2796 2309 τὸν
2844 2255 2940 2308 ἕνα
2991 2254 3067 2324 μὴ
3123 2251 3394 2322 δυνηθῇς,
3433 2248 3570 2320 μηδέ
3620 2245 3795 2310 οὕτως

2205 2337 2431 2408 ἀθύμει,
2474 2338 2610 2409 μηδὲ
2646 2339 2718 2392 τὰ
2754 2339 2907 2410 παρὰ
2941 2337 3141 2391 σαυτοῦ
3180 2334 3452 2406 κωλύσῃς.
3488 2334 3601 2405 Οὐχ
3638 2332 3797 2403 ὁρᾷς,

2204 2422 2287 2475 ὃτι
2316 2422 2412 2475 καὶ
2438 2424 2495 2474 ἐν
2516 2425 2627 2487 τοῖς
2656 2422 3099 2492 συναλλάγμασιν
3124 2420 3187 2473 06
3215 2419 3375 2491 μόνον
3398 2418 3509 2472 ἀπὸ
3540 2416 3791 2487 χρυσίου,

2204 2505 2342 2558 ἀλλά
2369 2505 2462 2559 καὶ
2490 2505 2549 2569 ἐξ
2575 2505 2843 2576 ἀργυρίου
2869 2504 2967 2567 τὰς
2993 2503 3264 2575 ἐμπορίας
3287 2500 3570 2556 ποιοῦνται
3589 2501 3641 2553 οἱ
3664 2499 3794 2570 περὶ

2204 2587 2377 2642 ταῦτα
2400 2586 2787 2657 σχολάζοντεςς
2815 2589 2914 2640 Ἂν
2937 2587 3171 2658 μὲνγὰρ
3198 2586 3424 2656 μηδέπω
3444 2585 3552 2638 τῶν
3578 2583 3791 2655 μικρῶν

2205 2672 2635 2743 καταφρονῶμεν
2658 2709 2673 2735 ,
2711 2671 2804 2724 καὶ
2833 2670 2944 2723 τῶν
2975 2669 3225 2741 μεγάλων
3252 2665 3609 2738 ἀνθεξόμεθα·
3641 2665 3708 2720 ἂν
3733 2664 3791 2718 δὲ

2201 2755 2312 2808 τῶν
2347 2756 2557 2827 μικρῶν
2588 2755 2958 2827 ὑπερίδωμεν,
2992 2755 3117 2808 οὐδὲ
3149 2754 3376 2807 ἐκείνων
3409 2748 3791 2822 ὲπιληψὸμεθα

2204 2839 2464 2902 εὐκόλως.
2492 2837 2681 2904 Οὕτως
2707 2840 2935 2902 ἕκαστος
2959 2840 3214 2902 πλούσιος
3236 2837 3470 2907 γίνεται,
3493 2837 3589 2890 καὶ
3613 2832 3786 2905 μικρά

2199 2922 2299 2976 καὶ
2329 2922 2868 2993 μεγάλαλσυλλέγων·
2900 2922 3045 2977 οὕτω
3073 2922 3170 2976 καὶ
3196 2923 3358 2993 ἡμεῖς
3390 2920 3633 2991 ποιῶμεν
3656 2961 3671 2985 ,
3698 2919 3786 2972 ἵνα

2201 3008 2259 3060 ἐν
2294 3008 2429 3061 πᾶσι
2484 3006 2910 3078 πλουτήσαντες,
2965 3005 3313 3077 ὲπιτύχωμεν
3360 3007 3459 3075 τῆς
3509 3003 3784 3076 βασιλείας

2198 3090 2307 3143 τῶν
2342 3091 2590 3160 οὐρανῶν
2620 3132 2635 3157 ,
2672 3092 2858 3163 χάριτι
2890 3090 2984 3144 καὶ
3024 3088 3408 3163 φιλανθρωπίᾳ
3437 3088 3533 3142 τοῦ
3576 3086 3786 3157 Κυρίου

2203 3174 2361 3244 ἡμῶν
2402 3174 2577 3244 Ἰησοῦ
2614 3174 2886 3245 Χριστοῦ,
2923 3174 2991 3227 δι’
3018 3167 3080 3227 οὗ
3113 3174 3208 3227 καὶ
3251 3173 3371 3243 μεθ’
3401 3166 3462 3228 οῦ
3489 3173 3572 3244 τῷ
3611 3168 3787 3241 Πατρὶ

2204 3259 2321 3328 ἅμα
2353 3257 2432 3327 τῷ
2467 3259 2609 3329 ἁγίῳ
2638 3259 2919 3328 Πνεύματι
2947 3259 3095 3325 δόξα,
3128 3258 3350 3329 κράτος,
3384 3257 3541 3328 τιμή,
3569 3255 3667 3310 νῦν
3691 3254 3785 3310 καὶ

2202 3340 2309 3403 ἀεὶ,
2343 3341 2437 3392 καὶ
2463 3343 2544 3403 εἰς
2575 3341 2703 3403 τοὺς
2730 3341 2933 3404 αἰῶνας
2966 3340 3075 3395 τῶν
3104 3340 3337 3395 αἰώνων.
3375 3341 3571 3411 Ἀμήν.

3052 3555 3753 3570 ,ς--οοι--κψ--ῆ

2022 3740 2265 3795 ΟΜΙΛΙΔ
2306 3746 2378 3797 Δ’.

538 3871 583 3922 ο
605 3869 789 3937 λόγος
821 3867 931 3940 γάρ
961 3871 992 3940 ό
1024 3868 1128 3940 τοῦ
1151 3871 1417 3940 σταυροῦ
1448 3870 1573 3936 τοῖς
1594 3872 1711 3940 μὲν
1748 3868 2093 3940 ἀπολλυμέ-

584 3956 714 4004 νοις
744 3938 947 4011 μωρία
964 3938 1117 4011 ἐστὶ,
1140 3939 1265 4006 τοῖς
1298 3941 1365 3993 δὲ
1407 3938 1764 4009 σωζομένοις
1808 3940 1955 4011 ἡμῖν
1986 3938 2093 4011 δύο

584 4025 762 4081 ναμις
802 4008 951 4081 Θεοῦ
982 4009 1143 4081 ἐστιἒ
1175 4011 1514 4081 Γέγραπται
1543 4008 1672 4081 γάρ·
1712 4008 1946 4081 Ἀπολῶ
1980 4010 2096 4079 τὴν

586 4077 955 4158 σοφίαν-τῶν
981 4078 1225 4158 σοφῶνὲ
1244 4077 1343 4136 καὶ
1370 4081 1486 4158 τῂν
1515 4077 1775 4158 σύνεσιν
1799 4080 1919 4135 τῶν
1947 4077 2097 4158 σον-

584 4147 736 4222 ετῶν
766 4147 1067 4222 ἀθετήσω·
1109 4149 1227 4222 ποῦ
1257 4147 1485 4220 σοφόξς
1525 4151 1644 4206 ποῦ
1675 4152 2095 4222 γραμματεύς;

585 4218 705 4272 ποῦ
738 4218 1078 4288 συξητητὴς
1112 4221 1217 4274 τοῦ
1243 4218 1461 4283 αἰῶνος
1487 4223 1703 4276 τούτου
1716 4218 1742 4287 ’;

584 4336 663 4382 α⁹.’
682 4329 808 4391 Τοῖς
841 4324 1109 4399 κάμνουσι
1143 4333 1235 4385 καὶ
1250 4332 1663 4404 ψυχορραγοῦσι
1689 4334 1781 4389 καὶ
1809 4334 1867 4388 αἱ
1896 4334 2096 4407 τροφαί⁵

513 4416 569 4468 αἱ
602 4415 777 4482 ὑγιεῖς
810 4412 1027 4483 ἀηδεῖς,
1052 4415 1104 4467 οί
1139 4415 1283 4483 φίλοι
1331 4418 1426 4470 καὶ
1484 4419 1533 4469 οἱ
1581 4419 1952 4488 προσήκοντες
1997 4418 2094 4468 ἐπ-

512 4497 738 4568 αχθεῖς,
779 4496 876 4548 καὶ
905 4496 1025 4549 οὐδὲ
1074 4497 1435 4568 γνωρίζονται
1481 4498 1765 4562 πολλάκις,
1811 4499 1949 4552 ἀλλά
2001 4500 2095 4551 καί¹

513 4578 752 4648 ἐνοχλεῖν
779 4577 1049 4633 δοκοῦσιν.
1080 4579 1238 4634 Οὕτω
1260 4580 1324 4651 δὴ
1355 4581 1450 4635 καὶ
1471 4584 1584 4645 τοῖς
1610 4582 1710 4642 τὰς
1735 4582 1914 4653 ψυχὰς
1938 4582 2096 4638 ἀπολ-

513 4660 767 4730 λυμένοις
797 4659 1113 4729 συμϐαίνειν
1148 4661 1326 4716 εῐωθε·
1373 4664 1443 4718 τά
1481 4664 1591 4736 γάρ
1636 4664 1772 4735 πρὸς
1823 4665 2095 4736 σωτηρίαν

515 4744 750 4816 φέροντα
778 4741 1065 4811 ἀγνοοῦσι,
1095 4746 1191 4799 καὶ
1248 4747 1379 4810 τοὺς
1425 4748 1758 4819 κηδομένους
1788 4749 1967 4803 αὐτῶν
2005 4751 2093 4802 ἐν-

512 4828 693 4899 οχλεῖν
713 4827 1016 4899 νομίζουσι.
1044 4828 1256 4883 Γίνεται
1297 4829 1355 4882 δὲ
1386 4829 1547 4885 τοῦτο
1587 4832 1648 4885 06
1689 4832 1842 4904 παρά
1866 4833 1964 4904 τὴν
2000 4834 2095 4886 τοῦ

513 4915 841 4985 πράγματος
870 4912 1052 4982 φύσιν,
1077 4913 1216 4968 ἀλλά
1243 4914 1399 4989 παρὰ
1414 4916 1515 4985 τὴν
1538 4916 1763 4969 ἐκείνων
1785 4916 1958 4970 νόσον.
1986 4918 2097 4970 Καὶ

513 4996 652 5064 ὅπερ
673 4996 723 5047 οί
755 4996 1161 5065 παραπαίοντες
1192 4997 1458 5062 ποιοῦσιν,
1492 4999 1926 5072 ἀπεχθανόμενοι
1960 5000 2096 5069 πρὸς

513 5077 640 5139 τοὺς
667 5077 1094 5147 ἐπιμελομένους
1117 5079 1315 5142 αὐτῶν,
1342 5083 1436 5137 καὶ
1463 5082 1648 5137 λοιπόν
1674 5083 2091 5153 λοιδορούμενοι·

513 5161 678 5212 τοῦτο
721 5159 816 5212 καὶ
843 5159 893 5213 οἱ
946 5160 1167 5214 ἄπιστοι
1216 5163 1539 5233 πάσχουσιν.
1599 5166 1736 5221 Ἀλλ’
1770 5166 1961 5238 ῶσπερ
2007 5168 2093 5219 ἐπ’

515 5241 738 5296 ἐκείνων
774 5242 824 5294 οἱ
850 5240 1198 5313 ὑϐριζόμενοι
1225 5244 1347 5298 τότε
1392 5246 1625 5316 μάλιστα
1656 5250 1857 5314 αὐτοὺς
1883 5249 2093 5304 ἐλεοῦσι

514 5326 612 5380 καὶ
652 5324 986 5394 δακρύουσι,
1039 5325 1240 5396 δεῖγμα
1287 5327 1517 5400 ἔσχατον
1562 5332 1661 5402 τῆς
1698 5334 2094 5404 ἐπιτεταμένης

514 5409 826 5482 ἀρρωστίας
869 5408 1027 5465 τοῦτο
1073 5410 1417 5482 ποιούμενοι,
1468 5414 1596 5469 ὅταν
1637 5417 1763 5481 τοὺς
1805 5418 2093 5486 φιλτάτους

515 5492 803 5560 ἀγνοῶσιν·
828 5491 972 5548 οῦτω
995 5495 1089 5548 καὶ
1110 5496 1271 5567 ἡμεῖς
1294 5496 1515 5549 ἐπὶτῶν
1557 5496 1826 5568 Ἑλλήνων
1854 5500 2096 5567 ποιήσω-

519 5593 656 5645 μεν,
690 5578 785 5631 καὶ
818 5578 1018 5649 μᾶλλον
1050 5578 1161 5633 τῶν
1202 5581 1481 5650 γυναικῶν
1508 5582 1849 5654 ὀλολύξωμεν
1877 5585 1965 5637 ἐπ’
1999 5584 2097 5636 06-

516 5658 650 5721 τοῖς,
673 5659 757 5712 ὃτι
783 5660 885 5730 τὴν
915 5660 1100 5731 κοινὴν
1121 5662 1377 5731 ἀγνοοῦσι
1402 5663 1699 5736 σωτηρίαν.
1723 5666 1798 5719 O6
1826 5667 1933 5737 γὰρ
1954 5664 2097 5719 οὕτω

518 5745 753 5809 γυναῖκα
790 5744 959 5815 ἄνδρα
989 5746 1069 5799 δεῖ
1100 5747 1305 5815 φιλεῖν,
1336 5749 1411 5813 ώς
1446 5751 1593 5821 ἡμᾶς
1641 5750 1846 5815 πάντας
1886 5747 2097 5821 ἀνθρώ·

524 5840 681 5889 πους,
714 5825 810 5879 καὶ
841 5826 977 5898 πρὸς
1003 5830 1625 5904 σωτηρίαν-ἐφέλκεσθαι
1645 5874 1660 5901 ,
1685 5833 1789 5889 κᾶν
1813 5832 2013 5905 Ἕλλην
2037 5828 2095 5905 ᾗ,

2195 3875 2299 3929 κάν
2328 3875 2597 3928 ὁστισοῦν.
2630 3871 2931 3945 Θρηνῶμεν
2977 3873 3159 3929 τοίνυν
3197 3875 3417 3938 αὐτοὺς.
3450 3875 3531 3928 ὅτι
3569 3875 3598 3926 ὀ
3631 3872 3784 3942 λόγος

2193 3959 2290 4012 τοῦ
2329 3959 2563 4030 σταυροῦ
2598 3958 2780 4030 μωρία
2813 3958 2999 4021 αὐτοῖς
3024 3959 3196 4025 ἐστιν,
3237 3960 3267 4009 ὀ
3292 3959 3457 4021 αὐτὸς
3489 3957 3652 4026 σοφία
3687 3959 3783 4011 καὶ

2194 4042 2423 4113 δύναμις
2449 4042 2523 4095 ὢν
2543 4060 2556 4074 ·
2598 4044 2659 4097 '0
2684 4044 2868 4114 λόγος
2893 4042 3003 4114 γὰρ
3030 4045 3063 4097 δ
3092 4043 3200 4097 τοῦ
3228 4043 3494 4111 σταυροῦ
3518 4041 3644 4109 τοῖς
3662 4042 3785 4113 μὲν

2194 4125 2668 4195 ἀπολλυμένοις,
2716 4127 2873 4198 φησι,
2915 4126 3112 4196 μωρία
3163 4124 3356 4179 ἐστίν.
3417 4125 3633 4198 Ἐπειδὴ
3672 4124 3783 4197 γὰρ

2196 4217 2340 4282 είκός
2370 4213 2438 4288 ἦν
2468 4218 2742 4283 ἐκείνους,
2776 4217 2873 4271 τοῦ
2912 4216 3147 4288 σταυροῦ
3186 4215 3337 4288 παρά
3367 4215 3477 4268 τῶν
3512 4216 3785 4287 Ἑλλήνων

2196 4301 2618 4371 χλευαζομένου,
2655 4304 2721 4372 τῇ
2759 4301 2920 4373 σοφίᾳ
2955 4304 3022 4373 τῇ
3053 4300 3215 4370 δῆθεν
3252 4300 3381 4371 παρ’
3411 4299 3622 4352 ἑαυτῶν
3646 4297 3778 4351 ἀνθ-

2201 4383 2452 4438 ίστασθαι
2516 4385 2611 4437 καὶ
2679 4385 2938 4455 πολεμεῖν
2985 4381 3418 4455 θορυϐουμένους
3462 4384 3575 4446 τοῖς
3627 4380 3781 4452 παρά

2196 4466 2305 4520 τῶν
2339 4467 2604 4539 Ἑλλήνων
2626 4466 2965 4537 λεγομένοις,
3000 4464 3492 4537 παραμυθούμενος
3515 4467 3542 4519 6
3570 4464 3781 4529 Παῦλος

2198 4568 2330 4621 φησι
2349 4566 2362 4578 ·
2405 4550 2495 4621 Μὴ
2527 4552 2786 4622 νομίσητε
2814 4552 2965 4617 ξένον
2990 4551 3106 4625 [24]
3138 4551 3384 4619 γίνεσθαι
3412 4552 3507 4604 καί
3545 4551 3780 4623 παράδο-

2199 4630 2305 4697 ξον.
2333 4632 2549 4703 Ταύτην
2569 4634 2681 4705 ἔχει
2708 4637 2809 4706 τὴν
2836 4634 2998 4704 φύσιν
3021 4635 3081 4688 :6
3105 4636 3358 4705 πρᾶγμα,
3384 4634 3526 4687 ὥστε
3550 4634 3655 4687 67:6
3671 4633 3783 4687 τῶν

2196 4716 2582 4787 ἀπολλυμένων
2629 4718 2703 4789 μὴ
2755 4716 3123 4790 γνωρίζεσθαι
3165 4718 3332 4771 αὐτοῦ
3384 4717 3484 4788 τὴν
3528 4716 3777 4788 δύναμιν·

2196 4799 2524 4871 ἐξεστὴκασι
2551 4800 2661 4872 γὰρ
2692 4801 2787 4853 καὶ
2818 4801 3213 4870 παραπαίουσι.
3240 4801 3340 4856 Διά
3365 4800 3523 4856 τοῦτο
3550 4802 3645 4855 καὶ
3665 4800 3779 4855 λοι-

2195 4881 2475 4953 δοροῦνται
2531 4885 2624 4937 καὶ
2674 4884 2931 4955 ἐπαχθῶς
2981 4883 3166 4954 ἔχουσι
3219 4886 3359 4955 πρὸς
3409 4884 3480 4938 τὰ
3535 4885 3782 4957 σωτήρια

2197 4967 2486 5037 φάρμακα.
2521 4967 2585 5019 Τί
2610 4967 2666 5019 δὲ
2699 4964 2927 5035 λέγεις.⁹
2947 4967 3201 5038 ἄνθρωπε
3228 4985 3243 5033 ;
3273 4966 3456 5031 δοῦλος
3490 4970 3520 5021 6
3549 4968 3783 5038 Χριστὸς

2198 5066 2414 5133 ἐγένετο
2444 5063 2533 5117 διά
2559 5064 2617 5117 σὲ
2647 5064 2864 5137 μορφὴν
2892 5064 3081 5118 δούλου
3111 5063 3309 5125 λαϐὼν,
3341 5064 3435 5117 καὶ
3461 5065 3782 5137 ἐσταυρώθη

2200 5148 2295 5201 καὶ
2342 5147 2577 5218 ἀνέστη·
2615 5148 2711 5201 καὶ
2758 5148 2878 5203 δέον
2923 5148 3230 5203 ἀναστάντα
3272 5149 3654 5220 προσκυνῆσαι
3696 5149 3784 5205 διὰ

2199 5238 2388 5301 τοῦτο,
2430 5241 2526 5294 καὶ
2570 5239 2854 5310 θαυμάσαι
2890 5242 2990 5312 τὴν
3032 5240 3478 5313 φιλανθρωπίαν,
3525 5243 3609 5297 ὅτι
3646 5243 3785 5315 ὅπερ

2198 5330 2321 5385 οὔτε
2361 5331 2544 5402 πατὴρ
2574 5330 2695 5387 οὗτε
2741 5333 2892 5402 φίλος
2922 5331 3046 5385 οὔτε
3073 5333 3187 5396 υίὸς
3232 5333 3376 5404 ὑπὲρ
3410 5333 3504 5388 σοῦ
3534 5332 3784 5402 ἐποίησε,

2197 5413 2373 5468 ταῦτα
2415 5417 2444 5468 ὀ
2494 5415 2771 5486 Δεσπότης
2820 5415 2997 5469 πάντα
3047 5416 3344 5486 εἰργάσατο
3377 5418 3517 5482 ὑπὲρ
3560 5414 3652 5470 σοῦ
3687 5413 3782 5468 τοῦ

2197 5496 2393 5591 ἐχθροῦ
2422 5498 2517 5591 καὶ
2551 5498 3087 5591 προσκᾳροσκόξὲ·
3116 5499 3235 5555 δέον
3268 5501 3444 5591 τοίνυν
3481 5496 3780 5591 θαυμάζειν

2198 5580 2337 5652 ὑπὲρ
2373 5580 2578 5634 τούτων
2618 5580 2809 5646 αὐτὸν,
2852 5581 2917 5633 σὺ
2957 5580 3277 5655 δὲ’μωρίαν
3318 5582 3502 5645 καλεῖς
3539 5581 3776 5652 πρᾶγμα

2196 5665 2465 5735 τοσαύτης
2496 5665 2688 5733 σοφίας
2718 5664 2923 5734 γέμον;
2963 5665 3105 5719 Ἀλλ’
3129 5667 3280 5720 οὐδὲν
3307 5664 3642 5735 θαυμαστόν·
3671 5664 3779 5718 τῶν

2197 5748 2305 5819 γάρ
2336 5747 2723 5818 ἀπολλυμένων
2756 5747 2876 5802 ἐστὶ
2899 5747 2975 5822 μή
2995 5749 3378 5820 ἐπιγινώσκειν
3410 5749 3480 5802 τὰ
3504 5746 3641 5819 πρὸς
3682 5764 3792 5805 σω-

2199 5831 2396 5904 τηρίαν
2430 5831 2685 5903 φέροντα.
