4100 6214
348 284 421 339 29
490 333 497 339 .
1414 265 1480 325 [Ν
1517 266 1737 324 EPIST.
1776 266 1797 321 ι
1858 266 1950 320 AD
1986 264 2140 324 con.
2183 264 2414 325 nonut.
2457 262 2545 322 IV.
2910 288 2917 294 ς
3470 234 3480 253 ‘
3561 274 3633 331 ω

343 399 564 462 vim,ac
586 407 760 465 neque
782 407 812 446 a
838 389 1121 463 paucitate,
1142 401 1316 456 neque
1343 400 1374 439 a
1406 392 1735 455 paupertate,
1765 394 1938 450 neque

346 504 382 544 a
405 483 686 561 periculis,
714 498 889 554 neque
911 495 942 535 a
971 479 1163 551 przcvia
1181 475 1584 540 censuctudinc,
1608 488 1708 527 nec
1734 487 1761 524 η
1789 486 1939 525 sevc-

352 580 516 635 ritate
540 590 721 630 rerum
756 589 888 647 quas
920 569 1297 642 prcecipiehant
1320 609 1333 632 ,
1368 582 1536 635 neque
1560 582 1591 621 a
1614 563 1940 634 quotidianis

355 669 639 731 mortibus,
667 680 841 741 neque
870 664 938 718 ab
962 678 1147 719 eorum
1174 661 1262 729 qui
1291 659 1497 728 decepti
1525 658 1737 712 fuerant
1757 656 1937 709 multi-

359 764 541 818 tudine
563 801 582 827 ,
622 774 797 828 neque
822 756 890 810 ab
915 771 1101 811 eorum
1127 754 1214 823 qui
1237 752 1559 821 deccperaut
1582 749 1899 803 auctoritate
1923 789 1937 811 ,

359 852 763 923 impedirentur.
795 849 886 905 Sic
914 863 1041 917 ergo
1071 846 1192 901 illos
1225 852 1620 914 prosternamus
1659 851 1713 895 et
1752 847 1939 894 contra

358 948 502 1015 ipsos
529 956 829 1013 pugnemus
856 959 869 994 :
911 956 975 994 ac
1005 940 1111 993 vita
1142 937 1308 1007 prius,
1350 950 1507 1005 quam
1538 945 1807 998 sermone,
1842 932 1941 986 im-

349 1046 604 1104 petamus
630 1035 766 1087 illos.
798 1032 909 1089 lloc
935 1031 1076 1087 enim
1104 1044 1351 1098 magnum
1381 1037 1651 1082 certamen
1673 1034 1752 1081 est
1777 1066 1793 1093 ,
1827 1024 1942 1078 haec

345 1126 693 1185 ratiocinatio
731 1133 833 1189 est,
872 1123 957 1178 cui
986 1120 1276 1176 contradici
1321 1135 1425 1173 non
1469 1117 1659 1189 possit,
1688 1131 1807 1185 quac
1846 1131 1942 1184 per

347 1233 518 1291 opera
550 1216 813 1286 procedit.
848 1215 1069 1273 Etiamsi
1098 1214 1238 1268 enim
1268 1212 1543 1275 innumera
1570 1210 1747 1265 verbis
1768 1208 1945 1278 philo-

346 1309 685 1376 sophemur,
712 1310 755 1360 si
786 1322 889 1361 non
915 1304 1189 1359 meliorem
1218 1319 1374 1372 quam
1406 1302 1478 1356 illi
1500 1302 1661 1356 vitam
1686 1300 1941 1359 exhibea-

349 1414 499 1459 mus.
532 1398 737 1451 nullum
768 1404 849 1451 est
879 1396 1105 1450 lucrum.
1137 1394 1250 1449 Non
1277 1395 1416 1448 enim
1446 1393 1601 1448 dictis
1624 1393 1939 1457 attendunt,

349 1488 450 1542 sed
482 1487 622 1541 facta
653 1498 833 1541 nostra
860 1487 1187 1550 examinant,
1215 1494 1268 1539 et
1292 1484 1476 1539 dicunt
1504 1502 1516 1539 :
1542 1485 1620 1539 Tu
1651 1484 1798 1553 prior
1824 1500 1944 1538 ver-

348 1580 440 1635 bis
487 1579 594 1633 tuis
633 1579 965 1648 obtempera.
1009 1586 1064 1631 et
1106 1586 1231 1643 tunc
1270 1576 1402 1630 alios
1442 1574 1688 1631 admone.
1718 1573 1869 1642 Quod
1896 1576 1940 1630 si

349 1684 478 1723 cum
509 1669 641 1723 dicis
664 1669 941 1722 innumera
963 1681 1080 1722 esse
1101 1667 1240 1722 bona
1270 1667 1322 1720 in
1352 1665 1528 1720 futuro
1548 1667 1767 1733 saeculo,
1791 1666 1941 1736 quasi

350 1761 446 1815 illa
474 1775 586 1819 non
615 1760 739 1823 sint,
774 1757 1127 1829 praesentibus
1154 1756 1399 1813 addictus
1425 1756 1677 1819 videaris,
1709 1757 1941 1811 credibi-

349 1854 492 1907 liora
518 1850 649 1905 mihi
670 1861 796 1905 sunt
824 1848 958 1904 facta
983 1864 1142 1917 quam
1167 1847 1307 1902 dicta
1337 1856 1444 1902 tua.
1473 1848 1602 1903 Cum
1622 1847 1763 1907 enim
1786 1846 1943 1901 video

353 1953 411 1999 te
441 1942 616 1997 aliena
647 1941 966 2009 rapientem,
1012 1939 1079 1993 de
1123 1938 1188 2001 iis
1229 1938 1320 2008 qui
1362 1938 1595 1993 defuncti
1636 1947 1761 1992 sunt
1803 1938 1941 1993 ultra

353 2032 577 2088 modum
631 2033 936 2102 lugentem,
988 2029 1196 2099 aliaque
1241 2029 1405 2083 multa
1449 2044 1611 2099 prave
1656 2038 1940 2101 agentem,

352 2124 631 2196 quomodo
672 2124 767 2178 tibi
806 2122 1022 2178 credam
1066 2120 1266 2187 dicenti
1308 2122 1754 2176 resurrectionem
1785 2122 1944 2175 esse?

356 2216 590 2273 Etiamsi
634 2215 772 2271 enim
824 2213 943 2269 haec
981 2229 1087 2269 non
1138 2214 1338 2280 dicant,
1367 2214 1482 2269 haec
1522 2214 1756 2284 cogitant
1793 2222 1849 2268 et
1889 2214 1940 2267 in

304 2376 313 2383 _
359 2320 553 2366 mente
596 2317 819 2364 versant.
854 2309 922 2362 Et
962 2307 1065 2363 hoc
1091 2308 1331 2377 impedit,
1377 2307 1661 2377 quominus
1699 2306 1944 2362 infideles

353 2401 650 2456 Christiani
679 2402 826 2456 fiant.
876 2399 1192 2455 inducamus
1220 2414 1349 2469 ergo
1376 2399 1496 2454 illos
1525 2414 1621 2469 per
1647 2402 1810 2455 vitam
1841 2415 1940 2455 no.

352 2504 550 2547 stram.
582 2491 732 2546 Multi
761 2499 817 2546 et
847 2490 1082 2545 illiterati
1106 2491 1205 2545 viri
1243 2489 1680 2559 philosophorum
1707 2498 1941 2546 mentem

354 2586 431 2640 ita
456 2585 780 2656 perculsere,
811 2584 994 2653 utpote
1017 2583 1105 2653 qui
1136 2597 1355 2652 operum
1383 2582 1773 2653 philosophiam
1795 2584 1946 2639 exhi-

352 2677 584 2740 berent,
616 2685 670 2731 et
696 2690 879 2730 vocem
913 2674 1035 2729 tuba
1062 2673 1340 2733 clariorem
1373 2688 1469 2743 per
1496 2674 1618 2729 vitm
1644 2674 1942 2729 institutum

353 2776 417 2823 et
446 2765 835 2836 philosophiam
871 2765 1180 2821 emitterent
1211 2782 1225 2818 ε
1261 2763 1377 2825 ιιωο
1401 2764 1600 2833 quippe
1624 2763 1802 2834 lingua
1830 2763 1942 2820 for.

357 2860 467 2914 tior
490 2867 589 2913 est.
633 2857 763 2912 Cum
790 2857 932 2912 enim
960 2855 1135 2911 dicam
1153 2898 1169 2922 ,
1198 2870 1308 2912 non
1335 2865 1587 2925 oportere
1626 2856 1943 2925 iniuriarum

353 2948 701 3016 meminisse,
733 2947 1029 3018 deindeque
1062 2946 1250 3003 Graeco
1277 2947 1552 3003 innumera
1584 2947 1808 3005 inferam
1832 2965 1947 3006 ma—

358 3042 432 3109 la,
454 3040 727 3111 quomodo
757 3049 942 3110 potero
964 3039 1139 3095 verbis
1165 3039 1312 3094 illum
1333 3039 1607 3107 inducere,
1632 3057 1754 3097 cum
1780 3044 1945 3111 gestis

358 3135 534 3202 ipsum
575 3131 874 3202 depellam?
911 3130 1180 3186 Venemur
1204 3146 1332 3201 ergo
1359 3132 1480 3186 illos
1510 3148 1603 3201 per
1634 3133 1754 3186 vita:
1782 3134 1940 3189 insti-

360 3233 557 3288 tutum,
587 3230 642 3277 et
669 3238 765 3292 per
788 3222 949 3279 hasce
969 3222 1175 3276 animas
1198 3221 1521 3277 :cdificemus
1553 3223 1868 3290 Ecclesium,
1893 3235 1948 3280 et

359 3316 462 3368 has
488 3328 839 3383 congeramus
864 3312 1095 3367 divitias.
1121 3311 1262 3367 Nihil
1290 3323 1373 3368 est
1397 3314 1587 3368 animae
1607 3315 1945 3385 a3quiparan-

356 3406 519 3466 dum.
546 3420 615 3460 ne
648 3413 790 3460 totus
814 3403 1027 3473 quidem
1055 3402 1307 3460 mundus.
1348 3403 1530 3474 Itaque
1554 3406 1765 3461 etiamsi
1795 3407 1948 3463 innu-

358 3509 546 3552 meras
569 3493 885 3564 pauperibus
913 3493 1161 3564 pecunias
1185 3496 1509 3563 erogaveris,
1542 3495 1671 3547 nihil
1702 3495 1807 3552 tale
1834 3496 1949 3551 efli—

358 3589 474 3643 cies
501 3586 656 3656 quale
687 3586 753 3649 is,
792 3584 878 3654 qui
912 3584 993 3639 vel
1040 3599 1197 3639 unam
1243 3584 1478 3638 animam
1523 3587 1800 3649 convertit.
1849 3587 1950 3653 Qui

360 3683 498 3735 enim
525 3678 690 3732 educit
720 3678 994 3747 pretiosum
1022 3692 1082 3731 ea:
1106 3677 1212 3743 oili,
1246 3678 1390 3747 quasi
1418 3694 1474 3732 os
1500 3694 1662 3732 meum
1693 3681 1783 3734 erit
1812 3679 1946 3750 (λεν.

364 3774 445 3828 15.
479 3772 591 3840 l9),
611 3770 800 3839 inquit.
829 3768 1071 3837 Magnum
1096 3768 1309 3837 quidem
1333 3768 1527 3827 bonum
1555 3778 1637 3824 est
1656 3785 1947 3841 egenorum

2044 379 2316 442 misereri;
2344 379 2436 434 sed
2466 380 2595 435 nihil
2626 389 2827 435 tantum
2850 422 2864 445 ,
2897 388 3150 451 quantum
3177 380 3247 437 ab
3271 397 3459 440 errore
3484 384 3617 442 libeo

2044 483 2164 523 rare
2192 488 2206 524 :
2238 469 2328 539 qui
2358 471 2500 525 enim
2524 469 2625 523 hoc
2655 469 2816 538 facit,
2847 471 3011 527 Paulo
3034 480 3089 529 et
3120 472 3276 529 Petro
3302 475 3494 531 similis
3514 487 3618 533 est.

2042 560 2193 616 Licet
2218 562 2359 615 enim
2390 561 2598 616 illorum
2626 562 3057 631 praedicationem
3092 565 3367 634 suscipere
3390 606 3406 632 ,
3434 581 3543 622 non
3571 578 3630 627 ut

2047 653 2407 723 periclitemur
2436 654 2884 723 quemadmodum
2925 653 3031 721 illi,
3077 668 3131 710 et
3165 656 3393 723 famem,
3420 667 3625 727 pestem

2043 752 2341 813 cmtcraque
2366 743 2681 807 toleremus;
2727 746 2838 816 jam
2885 748 3027 801 cnim
3073 749 3216 816 pacis
3256 758 3465 820 tempus
3507 759 3624 816 est;

2045 833 2136 887 sed
2157 843 2212 887 ut
2227 834 2473 889 alacriter
2491 835 2723 890 studium
2741 837 3113 894 exhibcamus.
3137 840 3288 895 Licet
3307 841 3454 897 enim
3473 842 3621 898 domi

2045 923 2294 978 sedentes
2336 927 2473 978 hanc
2510 941 2763 982 exercere
2807 928 3176 997 piseationem.
3221 930 3278 986 Si
3320 933 3439 1001 quis
3467 933 3626 989 habet

2044 1016 2293 1080 amicum,
2325 1027 2417 1071 aut
2443 1030 2724 1086 cognatum
2751 1062 2764 1082 ,
2798 1031 2890 1075 aut
2913 1020 3231 1080 familiarem
3252 1065 3267 1088 ,
3296 1023 3410 1079 hanc
3441 1024 3620 1095 faciat,

2046 1108 2161 1162 hare
2189 1110 2362 1174 dicat;
2392 1120 2448 1165 et
2474 1111 2665 1165 similis
2689 1114 2792 1167 erit
2829 1113 2991 1169 Petro
3016 1122 3070 1171 et
3096 1115 3283 1171 Paulo.
3316 1117 3453 1183 Quid
3478 1119 3622 1188 dico,

2046 1198 2204 1254 Petro
2230 1210 2281 1254 et
2312 1201 2512 1255 Paulo?
2540 1201 2613 1257 0s
2641 1203 2743 1258 erit
2765 1203 2960 1260 Christi
2991 1224 3003 1259 :
3036 1221 3156 1261 nam
3187 1208 3288 1273 Qui
3316 1210 3480 1263 educit
3509 1228 3627 1281 pre-

2046 1292 2229 1345 tiosum
2249 1309 2279 1344 a
2305 1293 2410 1355 vili,
2432 1295 2577 1360 quasi
2602 1311 2658 1349 os
2692 1312 2856 1350 meum
2879 1299 2974 1351 crit
2999 1337 3013 1361 ,
3044 1298 3232 1367 inquit.
3270 1300 3488 1359 Etiamsi
3521 1302 3623 1358 ho-

2046 1383 2133 1438 die
2162 1400 2264 1443 non
2289 1388 2638 1453 persuaseris,
2665 1403 2784 1445 cras
2812 1390 3156 1457 persuadebis
3185 1409 3199 1445 :
3231 1393 3439 1451 etiamsi
3472 1410 3627 1448 num-

2046 1491 2202 1543 quam
2233 1478 2580 1543 persuaseris,
2617 1488 2674 1533 tu
2701 1478 2992 1548 perfectam
3025 1481 3244 1537 habebis
3274 1484 3577 1539 mercedem
3606 1501 3623 1538 :

2044 1565 2251 1618 etiamsi
2282 1582 2387 1620 non
2417 1567 2669 1623 omnibus
2696 1571 3060 1639 persuaseris,
3103 1587 3167 1626 ex
3207 1573 3387 1627 multis
3425 1589 3626 1644 paucos

2044 1654 2315 1711 attrahere
2341 1658 2575 1725 poteris;
2605 1658 3034 1730 quandoquidem
3056 1663 3281 1731 apostoli
3310 1680 3415 1718 non
3445 1665 3623 1721 omni-

2046 1744 2146 1798 bus
2189 1743 2494 1801 hominibus
2541 1762 2877 1816 persuasere,
2918 1764 3106 1807 omnes
3155 1760 3328 1808 tamen
3370 1754 3626 1825 alloquuti

2046 1846 2190 1903 sunt,
2219 1846 2272 1894 et
2300 1838 2367 1893 de
2392 1840 2637 1895 omnibus
2667 1843 2970 1898 mercedem
2999 1843 3217 1900 habent.
3242 1843 3360 1901 Non
3389 1847 3532 1902 enim
3556 1848 3625 1902 ab

2045 1930 2190 1985 exitu
2213 1940 2356 1986 recte
2383 1931 2661 1997 motorum,
2695 1935 2791 1988 sed
2837 1951 2867 1988 a
2896 1946 3076 1993 mente
3107 1948 3250 1993 recte
3286 1940 3625 2008 operantium

2045 2036 2273 2079 coronas
2302 2022 2592 2079 decernere
2630 2024 2771 2079 Deus
2799 2027 2954 2081 solet.
3001 2028 3218 2085 Etiamsi
3257 2029 3393 2086 duos
3428 2030 3628 2100 ieceris

2047 2110 2256 2175 obolos,
2275 2112 2487 2181 accipit,
2510 2122 2564 2168 et
2581 2114 2721 2183 quod
2745 2130 2868 2186 erga
2890 2116 3100 2171 viduam
3129 2118 3274 2184 fecit,
3302 2120 3401 2175 hoc
3422 2130 3477 2177 et
3497 2137 3625 2194 erga

2047 2202 2296 2259 doctores
2326 2215 2599 2275 operatur.
2631 2207 2708 2262 Ne
2737 2209 2913 2279 itaque
2936 2250 2955 2275 ,
2982 2210 3105 2279 quia
3133 2227 3239 2267 non
3264 2223 3415 2281 potes
3440 2215 3626 2273 orbem

2050 2306 2315 2355 terrarum
2337 2312 2576 2363 servare,
2605 2314 2802 2367 paucos
2825 2300 3109 2371 despicias,
3130 2319 3302 2373 neque
3321 2320 3386 2361 ex
3408 2321 3629 2378 magno-

2048 2401 2166 2441 rum
2194 2387 2480 2455 desidcrio,
2507 2404 2538 2442 a
2562 2391 2861 2446 minoribus
2889 2404 2940 2448 te
2967 2394 3268 2451 abstrahas.
3318 2397 3373 2453 Si
3410 2409 3625 2456 centum

2050 2495 2157 2535 non
2184 2481 2440 2551 potueris,
2473 2480 2661 2536 decem
2684 2498 2874 2548 cures;
2902 2483 2947 2538 si
2977 2484 3144 2541 denos
3166 2502 3272 2542 non
3302 2489 3495 2558 possis,
3526 2507 3627 2548 nec

2049 2574 2239 2646 quinos
2263 2588 2520 2643 spernas;
2564 2574 2610 2629 si
2643 2576 2834 2644 quinos
2868 2591 2976 2629 non
3019 2578 3211 2645 possis,
3244 2596 3312 2635 ne
3337 2597 3500 2636 unum
3526 2582 3625 2640 de-

2048 2668 2278 2736 spicias;
2305 2668 2348 2722 si
2380 2684 2542 2723 unum
2563 2684 2669 2725 non
2701 2672 2959 2739 potueris,
2991 2688 3163 2742 neque
3187 2673 3266 2729 sic
3290 2675 3470 2732 animo
3491 2677 3627 2734 defi—

2049 2760 2179 2823 cias,
2233 2775 2332 2816 nec
2372 2776 2491 2831 quze
2535 2776 2699 2831 penes
2750 2771 2803 2818 te
2842 2773 2968 2818 sunt
3012 2765 3282 2821 cobiheas.
3328 2767 3441 2823 Non
3481 2770 3631 2827 vides

2049 2852 2319 2922 quomodo
2359 2853 2413 2907 in
2441 2852 2803 2909 contractibus
2825 2895 2842 2921 ,
2888 2868 2997 2909 non
3039 2858 3215 2911 solum
3252 2873 3318 2913 ex
3355 2875 3509 2927 auro,
3536 2863 3630 2917 sed

2050 2943 2207 2998 etiam
2231 2960 2298 2999 ex
2319 2952 2540 3013 argento
2569 2953 2894 3000 mercatores
2920 2949 3240 3002 commercia
3270 2964 3523 3007 exercere
3543 2966 3632 3007 so-

2052 3036 2232 3091 leant?
2258 3036 2389 3090 Nam
2420 3036 2462 3090 si
2493 3052 2559 3090 ne
2589 3051 2750 3105 parva
2777 3037 2991 3104 quidem
3018 3038 3630 3115 despiciamus,magua

2050 3130 2210 3183 etiam
2237 3127 2698 3196 alwehendemus
2735 3146 2748 3181 :
2776 3129 2820 3182 si
2854 3144 2981 3183 vero
3013 3144 3168 3197 parva
3201 3143 3629 3201 contemnamus,

2051 3237 2225 3290 neque
2250 3221 2340 3273 illa
2371 3220 2482 3290 ipsa
2515 3218 2671 3274 facile
2702 3221 3075 3289 percipiemus.
3121 3222 3211 3278 Sic
3237 3224 3462 3295 quisque
3484 3227 3634 3283 dives

2053 3314 2282 3370 efticitur
2320 3330 2478 3383 parva
2516 3323 2571 3368 et
2611 3330 2797 3384 magna
2834 3315 3090 3385 colligens
3117 3335 3130 3370 :
3161 3317 3239 3371 sic
3263 3327 3317 3373 et
3342 3334 3441 3374 nos
3468 3320 3632 3375 facia-

2053 3422 2192 3469 mus,
2233 3415 2291 3459 ut
2328 3406 2382 3459 in
2420 3406 2667 3460 omnibus
2703 3406 2895 3460 divites
2939 3406 3084 3472 facti,
3117 3423 3338 3478 regnum
3381 3411 3631 3466 crciorum

2053 3512 2464 3567 consequamur,
2482 3497 2647 3567 gratia
2669 3508 2723 3551 et
2746 3497 3070 3567 benignitate
3094 3499 3298 3553 Domini
3322 3502 3486 3555 nostri
3508 3502 3634 3556 .lcsn

2056 3589 2274 3655 Christi,
2305 3605 2399 3658 per
2436 3604 2594 3658 quem
2637 3597 2691 3643 et
2730 3603 2850 3642 cum
2879 3604 2984 3657 quo
3012 3588 3156 3643 Patri
3188 3605 3398 3661 unaque
3416 3591 3634 3662 Spiritui

2056 3691 2244 3734 sancto
2272 3679 2461 3750 gloria,
2493 3679 2796 3749 imperium,
2828 3678 3022 3748 honor,
3055 3695 3195 3736 nunc
3232 3689 3289 3736 et
3319 3698 3556 3754 semper,
3584 3695 3639 3740 et

2058 3770 2113 3829 in
2139 3771 2332 3824 sucula
2356 3770 2694 3824 smculorum.
2720 3770 2911 3825 Amen.

368 3887 3621 3914 ww

1788 3907 2130 4017 HOMlLlA
2171 3953 2280 4015 IV.

357 4105 497 4161 CAP.
528 4105 582 4158 l.
613 4119 668 4158 v.
700 4102 788 4158 18.
826 4100 1045 4155 Verbum
1064 4099 1196 4154 enim
1224 4102 1385 4154 crucis
1410 4101 1726 4169 pereuntibus
1752 4101 1956 4170 quidem

435 4197 655 4252 stultitia
681 4208 753 4250 est
776 4213 796 4261 ;
819 4195 883 4250 iis
912 4211 1028 4249 vero
1052 4196 1140 4265 qui
1158 4195 1284 4248 salvi
1313 4196 1462 4264 ﬁunt,
1487 4195 1651 4261 nobis,
1674 4197 1830 4249 virtus
1862 4195 1956 4250 Dei

434 4298 533 4343 est.
572 4288 661 4343 i9.
696 4286 955 4356 Scriptum
984 4295 1056 4339 est
1086 4288 1249 4347 enim,
1281 4284 1503 4339 Perdant
1531 4286 1829 4352 sapientiam
1864 4302 1955 4339 sa-

436 4379 687 4450 pientium
707 4422 721 4437 .
754 4389 800 4431 et
831 4377 1151 4447 prudentiam
1178 4376 1498 4446 prudentium
1524 4376 1821 4446 reprobabo.
1858 4375 1955 4431 Ubi

434 4474 644 4541 sapiens
664 4473 691 4525 2’
715 4471 800 4526 ubi
820 4472 983 4525 scriba
999 4471 1025 4525 ?
1047 4469 1138 4525 20.
1170 4472 1254 4524 ubi
1277 4471 1541 4539 inquisitor
1568 4471 1740 4524 διεσαιὶ
1769 4472 1918 4540 hujus
1933 4472 1958 4524 ?

442 4566 495 4618 ι.
542 4565 934 4619 Laborantibus
975 4572 1030 4619 et
1069 4564 1247 4618 animo
1286 4562 1466 4617 fractis
1505 4562 1668 4617 etiam
1711 4563 1956 4618 salubres

361 4657 474 4712 cibi
503 4657 752 4711 insuaves
782 4664 926 4722 sum,
955 4655 1109 4710 amici
1135 4662 1189 4709 et
1216 4654 1500 4709 necessarii
1532 4654 1837 4721 importuni,
1866 4670 1959 4708 nc-

364 4763 474 4817 que
516 4761 663 4816 saepe
705 4754 1114 4816 cognoscuntur,
1151 4759 1215 4799 ac
1241 4744 1487 4800 videntur
1535 4744 1734 4799 inferre
1782 4745 1954 4799 mole-

363 4839 551 4890 stiam.
593 4836 684 4891 Sic
716 4851 928 4907 quoque
953 4836 1092 4890 solet
1115 4835 1361 4890 accidere
1388 4835 1453 4888 iis
1478 4833 1565 4905 qui
1595 4835 1799 4890 animas
1836 4849 1958 4904 per-

365 4926 509 4981 dunt
536 4944 551 4979 :
577 4943 697 4980 nam
730 4943 848 4996 quae
874 4926 939 4980 ad
975 4927 1198 4981 salutem
1229 4926 1428 4980 ducunt
1453 4926 1732 4993 ignorant,
1759 4935 1813 4979 et
1840 4925 1958 4980 illos

370 5021 467 5088 qui
493 5021 729 5090 ipsorum
760 5036 940 5074 curam
963 5029 1156 5089 gerunt
1181 5019 1434 5074 molestos
1458 5033 1579 5074 esse
1607 5029 1814 5089 putant.
1848 5020 1958 5075 lloc

374 5120 558 5163 autem
603 5111 679 5176 lit,
711 5126 818 5165 non
863 5126 928 5165 ex
970 5111 1082 5180 ipsa
1125 5110 1202 5166 rei
1247 5122 1458 5176 natura,
1501 5110 1594 5166 sed
1640 5126 1704 5165 ex
1748 5111 1956 5166 illormn

372 5200 589 5257 morbo.
620 5201 687 5255 Et
710 5201 852 5271 quod
878 5202 1049 5255 insani
1080 5200 1297 5267 faciunt,
1322 5217 1442 5257 cum
1467 5202 1585 5257 illos
1610 5202 1735 5256 odio
1761 5201 1960 5257 habent

367 5291 469 5363 qui
512 5292 742 5360 ipsormn
786 5306 967 5351 comm
1009 5301 1221 5363 gerunt,
1260 5292 1483 5363 illosque
1511 5292 1767 5347 conviciis
1792 5292 1961 5361 impe-

369 5392 534 5437 tunt:
568 5384 668 5438 hoc
698 5398 911 5454 quoque
947 5383 1145 5438 faciunt
1169 5383 1434 5439 infideles.
1465 5382 1570 5439 Sed
1603 5381 1959 5453 quemadmo-

366 5476 501 5530 dum
545 5477 601 5530 in
644 5475 752 5531 illis
789 5476 878 5547 qui
919 5477 1170 5531 conviciis
1212 5476 1537 5544 impetuntur
1579 5486 1688 5530 tum
1730 5475 1961 5530 maxime

369 5580 561 5622 eorum
589 5566 913 5621 miserentur
938 5576 992 5622 ct
1018 5567 1395 5638 lacrymautur,
1424 5578 1605 5638 utpote
1627 5569 1713 5639 qui
1742 5567 1842 5622 hoc
1867 5582 1960 5620 ex-

373 5665 606 5713 tremum
636 5673 758 5714 esse
787 5657 1114 5730 aegritudinis
1157 5659 1412 5715 indicium
1454 5670 1674 5730 putent,
1707 5659 1847 5730 quod
1882 5658 1959 5714 illi

2064 4098 2414 4154 amicissimos
2452 4097 2553 4151 sibi
2594 4111 2698 4151 non
2742 4105 2964 4151 noscant
2990 4115 3003 4150 :
3033 4098 3103 4152 ita
3130 4107 3183 4152 et
3208 4114 3307 4153 nos
3332 4099 3471 4155 circa
3493 4101 3644 4155 Grai-

2060 4205 2153 4246 cos
2179 4190 2458 4253 faciamus,
2496 4199 2551 4245 et
2588 4192 2755 4258 magis
2795 4204 2950 4258 quam
2999 4197 3216 4260 propter
3259 4207 3451 4246 uxores
3493 4192 3636 4248 circa

2061 4284 2181 4337 illos
2225 4282 2503 4351 ejulemus,
2546 4282 2668 4351 quia
2718 4296 3055 4335 communem
3098 4281 3346 4353 ignorant
3390 4282 3635 4337 salutem.

2060 4374 2176 4430 Non
2207 4374 2348 4430 enim
2375 4373 2448 4427 ita
2475 4374 2558 4428 vir
2583 4387 2800 4427 uxorem
2823 4372 2980 4428 debet
3003 4388 3184 4427 amare
3204 4415 3220 4436 ,
3250 4385 3307 4427 ut
3334 4388 3432 4428 nos
3464 4374 3639 4428 homi-

2061 4483 2158 4522 nes
2179 4481 2388 4534 omnes,
2422 4466 2648 4537 illosque
2673 4465 2738 4520 ad
2766 4465 2988 4521 salutem
3021 4466 3293 4523 attrahere
3311 4509 3327 4534 ,
3355 4468 3469 4524 sive
3494 4467 3643 4523 Grzc-

2060 4577 2154 4617 cus
2180 4562 2269 4628 sit,
2299 4560 2412 4616 sive
2436 4559 2676 4630 quisquis
2700 4558 3168 4629 alius.Lugeamus
3194 4575 3322 4630 ergo
3349 4560 3493 4625 illos,
3519 4562 3643 4631 quia

2061 4657 2281 4712 verbum
2305 4656 2480 4710 crucis
2506 4654 2730 4708 stultitia
2757 4654 2886 4722 ipsis
2916 4651 3017 4719 est,
3044 4668 3165 4708 cum
3190 4654 3363 4723 ipsum
3385 4655 3642 4723 sapientia

2063 4756 2117 4802 et
2143 4748 2310 4801 virtus
2336 4746 2406 4800 sit
2430 4762 2443 4799 :
2467 4760 2590 4799 nam
2627 4742 2842 4798 Verbum
2867 4745 3030 4798 crucis
3050 4730 3379 4814 pereuntibus
3398 4786 3414 4810 ,
3441 4745 3642 4815 inquit,

2062 4840 2276 4894 stultitia
2304 4847 2397 4895 est.
2427 4837 2560 4904 Quia
2591 4837 2732 4892 enim
2760 4837 3050 4891 verisimile
3078 4844 3161 4891 est
3190 4837 3330 4903 illos,
3360 4850 3481 4891 cum
3510 4852 3644 4895 crux

2063 4948 2092 4986 a
2121 4932 2321 4988 Griecis
2352 4930 2681 4992 irrideretur,
2706 4929 2754 4982 ei
2781 4943 2897 4997 qua:
2920 4926 3058 4995 apud
3090 4927 3207 4981 illos
3234 4926 3529 4987 habebatur
3554 4945 3646 4985 sa-

2065 5023 2260 5093 pientia
2283 5021 2553 5076 obstitisse
2579 5027 2633 5072 et
2661 5017 2966 5072 Graecorum
2992 5016 3168 5082 dictis,
3192 5018 3476 5073 consolans
3498 5018 3647 5089 ipsos

2064 5115 2259 5170 Paulus
2287 5115 2414 5169 dicit
2439 5132 2452 5167 :
2482 5113 2559 5169 Ne
2591 5114 2785 5183 putetis
2823 5130 2941 5171 rem
2977 5129 3096 5170 esse
3141 5115 3408 5175 insolitam
3438 5130 3503 5172 ac
3525 5126 3644 5172 stu.

2065 5207 2313 5276 putidam.
2358 5205 2505 5259 Hanc
2546 5220 2633 5259 res
2673 5204 2857 5261 isth:rc
2888 5204 3050 5259 habet
3079 5216 3347 5271 naturam,
3377 5215 3491 5261 uta
3520 5221 3643 5278 pera

2065 5298 2313 5353 euntibus
2339 5296 2507 5349 virtus
2532 5295 2647 5365 ejus
2671 5311 2780 5348 non.
2795 5306 3149 5366 cognoscatur
3176 5314 3190 5350 :
3219 5306 3395 5355 mente
3417 5312 3644 5366 namque

2065 5386 2202 5456 οινιί
2231 5396 2353 5440 sunt
2379 5401 2442 5440 ac
2470 5386 2758 5456 desipiunt.
2795 5386 2918 5440 Ideo
2943 5386 3186 5443 convicia
3210 5373 3457 5447 efferunt,
3485 5396 3647 5442 etsa-

2067 5478 2254 5531 lutaria
2283 5476 2569 5548 pharmaca
2596 5477 2820 5532 moleste
2862 5476 3056 5531 ferunt.
3097 5476 3238 5546 Quid
3260 5492 3388 5533 vero
3412 5477 3577 5542 dicis,
3613 5496 3647 5533 ο

2069 5568 2261 5623 homo?
2307 5569 2504 5623 Servus
2551 5578 2770 5637 pr0pter
2809 5576 2859 5621 te
2897 5567 3144 5623 Christus
3185 5567 3358 5626 factus
3387 5578 3492 5634 est,
3535 5568 3647 5626 for-

2068 5675 2210 5715 mam
2237 5659 2376 5715 servi
2406 5659 2695 5730 accipiens,
2724 5658 3010 5714 crucifixus
3034 5668 3120 5714 est
3145 5668 3197 5723 et
3226 5661 3518 5723 resurrexit
3546 5677 3560 5715 :
3592 5670 3649 5719 et
