4100 6214
467 292 531 347 31
1199 285 1255 340 S.
1292 282 1567 340 JOANNIS
1603 281 2071 340 CHRYSOSTOMI
2110 283 2420 339 ARCHIEP.
2461 286 2987 346 CONS’I‘ANTINOP.
3665 299 3735 356 39.

466 416 587 455 cum
627 409 899 468 Oporteret
937 399 1085 454 illum
1131 399 1499 453 resuscitatum
1543 396 1661 450 ideo
1705 396 1949 462 adorare,
1991 403 2044 450 et

465 493 584 562 ejus
614 491 990 561 benignitatem
1013 490 1298 549 admirari;
1335 489 1456 557 quia
1483 503 1600 558 qum
1636 503 1732 542 nec
1773 496 1922 557 pater
1949 503 2046 542 nec

467 588 669 641 amicus
714 601 813 641 nec
851 587 990 640 ﬁlius
1023 600 1120 654 pro
1158 591 1207 636 te
1247 581 1392 648 fecit,
1423 581 1536 636 haec
1575 582 1752 635 omnia
1793 581 2044 634 Dominus

466 689 718 749 operatus
746 688 829 733 est
855 685 1073 746 pr0pler
1102 685 1151 728 te
1181 675 1488 752 inimicum,
1521 675 1608 744 qui
1638 675 1786 728 illum
1809 672 2047 728 offende-

465 788 556 827 ras
585 789 598 826 :
624 787 744 826 cum
769 780 1040 840 Oporterct
1063 784 1190 838 ergo
1219 769 1364 823 illum
1389 777 1668 838 propterea
1691 768 1960 830 admirari,
1991 777 2047 822 ut

467 878 579 916 rem
611 872 752 916 tanta
777 861 1037 930 sapientia
1066 861 1300 930 plenam,
1330 861 1606 914 stultitiam
1633 860 1907 930 appellas?
1937 860 2043 914 Sed

464 954 595 1007 nihil
631 953 822 1007 mirum
848 972 861 1008 :
893 969 1012 1007 nam
1043 953 1376 1022 pereuntium
1399 962 1479 1008 est
1506 967 1611 1008 non
1637 967 1927 1024 agnoscere
1957 969 2038 1018 ea,

461 1059 580 1113 qua)
607 1043 671 1097 ad
702 1044 928 1100 salutem
956 1044 1177 1099 ducunt.

543 1135 840 1190 Rutiociniis
869 1154 928 1190 ea
964 1153 1077 1208 quae
1101 1137 1218 1206 ﬁdei
1257 1146 1372 1190 sunt
1397 1153 1531 1206 sazpe
1557 1135 1942 1207 labefactantur.
1970 1163 2044 1173 ~—

461 1228 535 1283 Ne
567 1229 854 1282 turbemini
897 1229 1093 1296 igitur:
1127 1242 1231 1281 non
1263 1229 1405 1282 enim
1451 1243 1643 1282 novum
1677 1242 1849 1296 neque
1890 1227 2043 1279 inex-

459 1329 757 1390 spectatum
806 1328 887 1374 est
933 1319 1080 1385 illud,
1130 1319 1272 1388 quod
1323 1336 1514 1389 nempe
1568 1336 1598 1374 a
1651 1319 2040 1388 desipientibus

459 1424 650 1479 magna
679 1410 1041 1464 derideantur.
1096 1409 1220 1464 [llos
1268 1425 1394 1465 vero
1423 1411 1511 1478 qui
1557 1409 1636 1464 sic
1672 1409 1847 1464 affecti
1892 1419 2036 1472 sunt.

465 1518 558 1571 per
589 1503 874 1556 humanam
902 1503 1216 1572 sapientiam
1249 1502 1570 1571 persuadere
1600 1517 1705 1555 non
1732 1501 1860 1556 licet
1890 1519 1904 1555 :
1933 1503 2040 1555 imo

461 1594 505 1646 si
535 1593 602 1645 ita
633 1593 959 1663 persuadere
991 1593 1243 1660 volueris,
1290 1593 1617 1647 contrarium
1663 1590 1830 1646 efﬁcis
1866 1609 1878 1644 :
1913 1606 2035 1644 nam

459 1698 544 1748 ea,
573 1698 692 1751 qua:
737 1684 1000 1736 rationem
1049 1691 1324 1752 superant,
1371 1683 1484 1737 sola
1519 1681 1622 1736 ﬁde
1651 1696 1787 1750 opus
1815 1681 2031 1736 habent.

464 1774 670 1826 Etenim
690 1774 733 1828 si
758 1773 1048 1828 ratiociniis
1065 1773 1386 1842 persuadere
1405 1773 1746 1836 voluerimus,
1772 1773 2041 1842 quomodo

461 1865 598 1919 Deus
625 1865 794 1919 factus
840 1867 910 1921 sit
937 1866 1116 1928 homo,
1165 1874 1220 1920 et
1270 1866 1321 1919 in
1352 1867 1561 1919 vulvam
1591 1865 1908 1935 virginalem
1955 1866 2037 1919 in-

455 1969 672 2022 gressus
701 1956 802 2019 sit;
853 1965 906 2010 et
936 1955 981 2009 si
1019 1971 1130 2008 rem
1163 1955 1282 2009 lidei
1312 1970 1415 2008 non
1447 1954 1838 2023 permittamus,
1870 1955 2039 2024 magis

458 2043 755 2098 irridebunt
795 2045 892 2099 illi.
940 2045 1078 2114 Ergo
1109 2045 1198 2113 qui
1233 2045 1525 2098 ratiociniis
1569 2043 1620 2098 id
1653 2055 1921 2114 quaerunt,
1964 2046 2038 2099 illi

457 2147 581 2190 sunt
610 2137 700 2205 qui
730 2146 974 2204 pereunt.
1009 2135 1211 2205 Ecquid
1235 2135 1356 2190 dico
1383 2135 1450 2190 de
1481 2136 1624 2189 Deo?
1650 2136 1782 2189 Nam
1823 2136 1867 2190 si
1895 2137 2037 2191 circa

453 2239 728 2284 creaturas
777 2228 878 2282 hoc
905 2228 1179 2292 faciamus,
1229 2228 1427 2282 multus
1459 2236 1715 2296 sequetur
1756 2227 1916 2282 risus.
1961 2228 2041 2284 Sit

453 2321 595 2373 enim
627 2320 809 2385 homo,
851 2320 940 2388 qui
974 2319 1103 2372 velit
1130 2320 1307 2399 omnia
1348 2320 1644 2374 ratiociniis
1685 2319 1946 2382 ediscere,
1983 2331 2039 2375 et

460 2419 629 2464 tentet
659 2419 743 2462 tua
773 2409 1083 2478 persuaderi
1115 2410 1343 2476 ratione,
1382 2412 1650 2479 quomodo
1677 2411 1852 2465 lucem
1897 2411 2036 2480 aspio

455 2502 695 2564 ciamus;
729 2509 782 2553 tu
810 2510 987 2554 autem
1036 2500 1312 2553 ratiocinio
1353 2501 1428 2554 illi
1454 2501 1776 2570 persuadere
1817 2516 2031 2556 conare.

456 2591 563 2645 Sed
587 2606 691 2644 non
727 2591 927 2659 poteris
957 2607 971 2643 :
1003 2590 1045 2642 si
1075 2592 1216 2643 enim
1246 2591 1466 2657 dixeris,
1491 2591 1630 2660 quod
1659 2591 1888 2646 sufﬁciat
1912 2608 2038 2647 ocu-

453 2683 534 2737 los
575 2683 787 2750 aperire
830 2683 896 2736 ad
944 2683 1252 2748 videndum,
1297 2700 1401 2737 non
1444 2685 1659 2739 modum
1696 2686 1900 2754 dixisti,
1941 2688 2037 2743 sed

454 2773 596 2842 quod
627 2772 738 2825 ﬁeri
771 2773 927 2827 solet.
955 2774 1065 2827 Cur
1094 2775 1237 2827 enim
1266 2789 1371 2826 non
1400 2775 1619 2830 auribus
1655 2776 1918 2842 videmus,
1950 2777 2034 2832 in-

452 2863 623 2932 quiet,
653 2877 754 2917 nec
792 2863 961 2916 oculis
991 2862 1272 2917 audimus?
1317 2879 1414 2918 cur
1455 2879 1561 2919 non
1606 2881 1737 2921 naso
1766 2866 2032 2936 audimus,

453 2967 554 3007 nec
597 2952 815 3007 auribus
853 2953 1174 3007 olfacimus?
1201 2954 1255 3009 Si
1300 2971 1428 3025 ergo
1465 2956 1556 3010 illo
1591 2972 1652 3012 ea
1683 2957 1751 3012 de
1797 2974 1855 3013 re
1885 2975 2033 3029 qua:-

454 3052 626 3108 rente,
670 3057 772 3096 non
811 3057 1095 3112 possumus
1148 3044 1336 3098 horum
1377 3048 1639 3101 rationem
1685 3048 1934 3115 reddere,
1981 3061 2037 3106 et

453 3133 542 3188 ille
567 3133 756 3199 rideat,
777 3150 950 3188 annon
979 3137 1146 3206 magis
1172 3153 1268 3191 nos
1300 3138 1630 3195 ridebimus?
1652 3142 1782 3197 Nam
1809 3144 1853 3198 si
1876 3146 2035 3199 ambo
2085 3133 2088 3136 ’

453 3240 520 3278 ex
580 3225 769 3280 eodem
825 3227 1048 3281 cerebro
1104 3229 1416 3296 principium
1479 3231 1713 3300 habent,
1773 3235 2036 3304 amboque

458 3315 698 3369 membra
741 3317 908 3370 vicina
949 3324 1088 3383 sunt,
1120 3319 1386 3387 quomodo
1423 3336 1528 3374 non
1556 3323 1742 3378 eadem
1773 3325 1884 3394 ipsa
1916 3341 2036 3394 pos-

453 3416 578 3459 sunt
599 3405 808 3462 facere?
831 3406 936 3461 Sed
963 3424 1065 3462 non
1090 3411 1380 3478 poterimus
1399 3427 1614 3466 causam
1637 3413 1834 3475 dicere.
1861 3432 2034 3486 neque

453 3495 667 3549 modum
697 3496 976 3552 ineffabilis
1011 3507 1064 3553 et
1096 3500 1254 3554 varia:
1294 3503 1659 3570 operationis;
1693 3515 1747 3560 et
1783 3507 1826 3559 si
1861 3516 2033 3562 tente-

454 3601 605 3649 mus,
657 3587 1015 3644 irridebimur.
1062 3589 1184 3644 Ideo
1236 3591 1326 3646 Dei
1375 3595 1623 3662 potentiae
1665 3607 1718 3651 et
1758 3597 2036 3654 immensa:

453 3680 727 3748 sapientia:
771 3683 1042 3747 cedentes,
1078 3693 1368 3739 taceamus.
1403 3687 1479 3741 Ita
1525 3704 1654 3757 ergo
1701 3691 1745 3743 si
1788 3705 1874 3754 ea,
1917 3707 2035 3761 quae

456 3769 547 3824 Dei
569 3780 711 3835 sunt,
737 3787 830 3840 per
847 3785 1120 3826 externam
1150 3775 1462 3842 sapientiam
1482 3776 1749 3843 explicare
1781 3778 2032 3848 velimus,

453 3862 654 3916 multus
679 3874 931 3932 sequetur
961 3865 1120 3929 risus,
1151 3881 1254 3917 non
1291 3878 1504 3936 propter
1544 3884 1718 3920 rerum
1750 3869 2036 3925 imbecilli-

453 3962 638 4020 tatem,
681 3954 775 4009 scd
826 3967 1042 4024 propter
1085 3957 1358 4011 hominum
1410 3961 1714 4014 amentiam.
1746 3962 1853 4018 Res
1892 3964 2034 4018 enim

451 4061 670 4116 magnas
696 4047 875 4102 nullus
910 4063 1086 4102 sermo
1125 4061 1298 4119 potest
1324 4052 1619 4120 explicare.
1652 4054 1902 4108 Animum
1934 4073 2032 4111 au-

453 4149 556 4191 tem
613 4139 843 4194 adhibe:
877 4155 996 4194 eum
1045 4143 1262 4205 dixero,
1309 4143 1606 4200 Cruciﬁxus
1653 4157 1765 4214 est,
1816 4148 2034 4205 Graecus

451 4231 622 4283 dicit:
657 4231 720 4284 Et
754 4233 1023 4300 quomodo
1069 4233 1168 4288 hoc
1212 4236 1402 4288 rationi
1455 4247 1872 4294 consentaneum
1915 4241 2033 4296 est?

449 4324 551 4377 sibi
595 4340 700 4377 non
731 4339 884 4393 opem
923 4327 1039 4379 tulit
1072 4343 1190 4381 cum
1222 4329 1626 4399 cruciﬁgeretur
1653 4341 1707 4387 et
1739 4343 2034 4391 tentaretur

452 4425 690 4484 tempore
734 4416 946 4480 crucis;
989 4428 1044 4471 et
1069 4421 1338 4487 quomodo
1380 4430 1562 4489 postca
1609 4425 1935 4489 resurrexit,
1978 4435 2033 4480 et

449 4507 569 4559 aliis
613 4522 768 4574 opem
821 4509 976 4563 tulit?
1023 4525 1143 4562 nam
1195 4511 1240 4563 si
1291 4522 1533 4579 poterat,
1583 4515 1862 4582 oportebat
1909 4529 2032 4575 ante

450 4604 674 4648 mortem
724 4612 881 4664 agere
928 4598 1074 4661 (nam
1111 4598 1213 4652 hoc
1253 4615 1465 4668 quoque
1515 4601 1763 4657 dicebant
1792 4605 2027 4679 Judaei):

449 4685 539 4754 qui
579 4695 752 4738 autem
799 4686 901 4740 sibi
943 4687 1043 4756 ipsi
1077 4705 1232 4756 opem
1287 4707 1390 4742 non
1426 4691 1564 4758 tulit,
1607 4696 1881 4762 quomodo
1911 4700 2030 4756 aliis

451 4776 562 4830 tulit
584 4777 722 4831 ?non
743 4779 960 4841 esthoc,
983 4777 1173 4848 inquit,
1196 4779 1386 4832 rationi
1408 4789 1846 4838 consentaneum.
1868 4787 2024 4842 Jttre:

449 4877 532 4921 est
556 4867 699 4922 enim
729 4884 880 4936 crux,
914 4883 946 4923 ο
977 4869 1158 4936 homo,
1191 4885 1350 4940 supra
1382 4871 1641 4927 rationem
1665 4883 1718 4927 et
1745 4875 2029 4935 inell‘abilis

447 4958 678 5012 virtutis.
709 4959 840 5012 Nam
866 4960 918 5014 in
950 4962 1105 5015 malis
1133 4963 1384 5032 gravibus
1407 4964 1778 5033 constitutum,
1819 4968 1883 5022 iis
1911 4986 2028 5024 ma-

448 5051 514 5105 lis
539 5051 870 5119 superiorem
895 5069 1175 5122 apparere,
1218 5066 1272 5110 et
1300 5056 1378 5110 sic
1417 5072 1764 5126 congressum
1791 5061 2024 5128 vincere,

447 5140 722 5196 immensa:
762 5143 974 5197 virtutis
1011 5153 1112 5198 est.
1145 5145 1213 5200 Ut
1241 5148 1383 5201 enim
1411 5148 1463 5200 in
1510 5149 1677 5204 tribus
1710 5152 1905 5221 pueris,
1948 5155 2030 5209 itt-

446 5246 658 5301 gressos
684 5231 736 5285 in
764 5231 1035 5288 fornacem
1067 5237 1411 5290 conculcasse
1434 5237 1702 5294 flannnam
1731 5243 2026 5300 mirabilius

447 5332 581 5380 erat.
610 5339 767 5393 quam
820 5324 865 5378 si
913 5325 1142 5396 ingressi
1172 5343 1274 5380 non
1309 5327 1570 5393 fuissent;
1614 5343 1667 5388 et
1710 5334 1762 5389 in
1787 5336 1940 5402 Jona,
1972 5339 2026 5393 in

445 5426 622 5470 cetum
653 5416 978 5471 incidentem
1011 5433 1039 5470 a
1082 5418 1256 5473 bellua
1287 5420 1419 5474 nihil
1451 5437 1666 5491 passum
1712 5441 1832 5482 esse
1860 5429 2026 5485 multo

447 5506 618 5575 majus
647 5517 782 5571 erat,
815 5523 973 5578 quam
999 5509 1045 5564 Si
1073 5525 1175 5564 non
1208 5511 1481 5565 incidisset
1506 5529 1520 5569 :
1550 5515 1628 5569 sic
1654 5525 1706 5570 ct
1733 5517 1784 5572 in
1810 5519 2026 5576 Christo

448 5596 602 5667 longe
620 5598 913 5655 mirabilius
931 5600 1029 5654 fuit
1048 5612 1313 5656 mortuum
1346 5603 1570 5660 solvisse
1598 5617 1845 5676 mortem,
1866 5627 2022 5678 quam

444 5688 492 5743 si
521 5700 763 5748 mortuus
790 5708 894 5750 non
924 5693 1128 5752 fuisset.
1165 5696 1234 5751 Nc
1257 5695 1406 5753 dicas
1427 5711 1578 5769 ergo,
1612 5702 1724 5761 Cur
1744 5704 1844 5761 sibi
1870 5720 2026 5774 opem

2160 413 2263 450 non
2298 397 2415 452 tulit
2440 399 2492 453 in
2524 403 2719 455 cruce?
2758 403 2888 457 Nam
2919 421 3040 458 cum
3069 417 3241 464 morte
3273 412 3562 485 conﬂigere
3591 422 3735 476 vole-

2151 486 2258 540 bat.
2291 486 2404 540 Non
2435 488 2711 544 descendit
2752 492 2819 547 de
2859 508 3037 561 cruce,
3086 513 3190 552 non
3218 503 3360 570 quod
3394 521 3498 560 non
3527 522 3729 580 posset,

2152 577 2245 632 sed
2272 580 2409 648 quod
2435 581 2615 636 nollet.
2645 583 2778 638 Eum
2800 587 2940 641 enim
2967 604 3120 656 quem
3152 595 3339 654 tnortis
3367 601 3607 667 tyrannis
3631 577 3731 660 de;

2153 670 2323 724 linere
2370 687 2473 726 non
2520 675 2717 742 potuit,
2764 682 3031 748 quomodo
3081 684 3218 738 clavi
3261 689 3437 743 crucis
3481 691 3729 752 detinere

2152 763 2493 832 potuissent?

2220 857 2276 910 2.
2319 858 2426 912 Sed
2465 859 2576 914 haec
2601 861 2753 915 nobis
2781 873 2898 918 nota
2925 877 3068 933 sunt,
3098 869 3406 928 inﬁdelibus
3438 892 3542 931 non
3575 879 3727 934 item.

2154 946 2281 1001 Ideo
2317 947 2545 1017 dicebat,
2593 952 2810 1006 verbum
2854 957 3029 1012 crucis
3065 964 3414 1028 pereuntibus
3448 968 3728 1025 stultitiam

2149 1052 2288 1102 esse,
2322 1039 2477 1096 nobis
2507 1051 2681 1097 antetn
2709 1046 2931 1100 salutem
2958 1055 3434 1121 consequentibus,
3472 1057 3726 1115 virtutem

2149 1142 2271 1182 esse
2296 1129 2410 1184 Dei.
2445 1129 2703 1202 Scriptum
2736 1145 2809 1188 est
2835 1139 2966 1191 enim
2996 1154 3013 1192 :
3040 1139 3261 1196 Perdant
3301 1148 3600 1214 sapientiam
3638 1167 3727 1204 sa-

2150 1220 2414 1288 pientium,
2459 1232 2504 1275 et
2544 1225 2864 1292 prudentiam
2893 1230 3214 1298 prudentium
3243 1237 3540 1304 reprobabo.
3582 1241 3726 1296 Nihil

2147 1323 2308 1377 grave
2337 1310 2592 1367 hactenus
2620 1317 2814 1384 posuit,
2845 1319 2939 1374 sed
2969 1321 3142 1388 primo
3164 1323 3230 1377 ad
3260 1327 3548 1396 Scriptura!
3576 1335 3723 1387 testi-

2149 1400 2385 1454 monium
2416 1403 2579 1470 venit,
2609 1414 2664 1458 et
2696 1416 2821 1462 tunc
2851 1409 3040 1466 fiducia
3071 1413 3193 1468 inde
3234 1430 3526 1489 assumpta,
3557 1423 3721 1477 vehe-

2149 1493 2408 1549 mentiore
2436 1497 2600 1551 utitur
2626 1514 2896 1566 sermone,
2930 1514 2983 1558 et
3021 1507 3092 1558 ait
3119 1523 3130 1558 :
3168 1507 3353 1563 Nonne
3377 1511 3583 1566 stultam
3607 1518 3726 1574 Iecit

2149 1582 2283 1636 Deus
2312 1588 2607 1654 sapientiam
2629 1590 2779 1660 hujus
2808 1594 3021 1648 mundi?
3043 1596 3124 1649 ubi
3143 1599 3382 1667 sapiens?
3409 1603 3497 1656 ubi
3519 1608 3681 1660 scriba
3701 1610 3726 1660 ἱ)

2147 1675 2229 1726 ubi
2246 1677 2551 1744 conquisitor
2563 1682 2711 1751 hujus
2729 1685 2900 1737 διεσαιί
2914 1685 2938 1740 ?
2952 1702 3116 1740 nonne
3133 1691 3336 1744 stultam
3354 1695 3470 1762 fecit
3488 1695 3620 1750 Deus
3633 1714 3722 1750 sa-

2146 1765 2384 1832 pientiam
2398 1769 2550 1836 hujus
2563 1772 2773 1826 mundi?
2789 1774 2873 1827 ‘21.
2898 1773 3032 1829 Nam
3048 1779 3164 1848 quia
3181 1781 3232 1833 in
3249 1784 3497 1851 sapientia
3516 1785 3607 1840 Dei
3622 1806 3724 1844 non

2145 1857 2373 1924 cognovit
2401 1859 2618 1914 mundus
2643 1878 2733 1931 per
2752 1863 3050 1934 sapientiam
3072 1868 3256 1937 Deum,
3285 1873 3475 1941 placuit
3499 1876 3603 1931 Deo
3633 1897 3724 1948 per

2145 1949 2408 2001 stultitiam
2452 1953 2825 2018 prwdicationis
2870 1957 3036 2012 salvos
3060 1965 3228 2030 facere
3271 1967 3542 2022 credentes.
3585 1971 3722 2027 Cum

2144 2035 2384 2105 dixisset,
2415 2039 2671 2112 Scriptum
2697 2055 2791 2112 est,
2820 2045 3039 2101 Perdant
3067 2055 3365 2120 sapientiam
3395 2061 3718 2128 sapientium,

2148 2142 2210 2179 ex
2246 2128 2405 2182 rebus
2435 2131 2942 2191 demenstrationem
2981 2139 3204 2208 inducit,
3249 2145 3435 2202 dicens
3465 2166 3479 2202 :
3508 2148 3604 2203 Ubi
3633 2170 3718 2206 sa-

2147 2219 2324 2286 piens?
2351 2221 2435 2273 ubi
2483 2224 2686 2278 scriba?
2725 2226 2884 2281 simul
2925 2239 2980 2284 et
3007 2230 3219 2287 Judmos
3263 2246 3316 2290 ct
3351 2237 3566 2294 Graecos
3599 2260 3720 2308 pcr-

2143 2308 2429 2380 stringens.
2453 2313 2582 2379 Quis
2611 2316 2753 2369 enim
2795 2318 3161 2390 philosOphus,
3194 2327 3311 2394 quis
3341 2343 3524 2384 eorum
3547 2334 3637 2402 qui
3666 2335 3721 2389 in
3751 2365 3756 2370 ~

2143 2399 2461 2470 syllogismis
2488 2406 2684 2460 verSati
2712 2419 2858 2476 sunt,
2889 2412 3010 2480 quis
3055 2429 3116 2468 ex
3166 2416 3230 2470 iis
3255 2419 3343 2488 qui
3369 2399 3586 2479 Judaica
3617 2443 3718 2480 no-

2143 2502 2284 2555 runt,
2332 2494 2555 2549 salutem
2582 2496 2730 2552 dedit
2757 2510 2810 2554 et
2836 2503 3114 2560 veritatem
3142 2506 3583 2578 docuit?Nemo;
3623 2517 3719 2571 sed

2145 2591 2308 2637 totum
2336 2586 2656 2655 piscatorum
2690 2592 2807 2646 fuit.
2837 2593 2969 2649 Cum
2999 2602 3327 2668 propositum
3347 2619 3474 2676 ergo
3503 2612 3721 2664 conclu-

2141 2676 2318 2743 sisset,
2365 2679 2682 2750 illorumque
2727 2684 2920 2739 fastum
2957 2687 3332 2761 depressisset,
3365 2712 3428 2752 ac
3451 2698 3670 2756 dixisset
3702 2721 3718 2757 :

2141 2766 2330 2823 Nonne
2361 2769 2636 2827 infatuavit
2667 2774 2809 2829 Deus
2835 2778 3151 2847 sapientiam
3178 2782 3336 2853 hujus
3363 2789 3542 2843 mundi
3561 2790 3584 2841 ?
3603 2807 3722 2846 cau-

2141 2872 2257 2913 sam
2280 2861 2438 2915 etiam
2461 2862 2589 2920 dicit
2614 2876 2830 2936 propter
2851 2885 3005 2938 quam
3031 2871 3145 2927 hmc
3165 2875 3233 2928 ita
3257 2876 3393 2932 facta
3416 2891 3558 2935 sunt.
3584 2883 3718 2950 Quia

2141 2951 2284 3006 enim
2315 2952 2366 3005 in
2408 2955 2669 3024 sapientia
2700 2957 2812 3026 Dei,
2845 2959 3034 3030 inquit,
3067 2980 3172 3019 non
3211 2973 3460 3038 cognovit
3489 2976 3718 3033 mundus

2143 3058 2238 3112 per
2261 3046 2576 3116 sapientiam
2610 3048 2811 3114 Deum;
2839 3067 2966 3106 crux
3000 3059 3266 3125 apparuit.
3304 3062 3439 3128 Quid
3479 3064 3577 3118 sibi
3606 3068 3719 3121 vult

2141 3145 2342 3204 autem,
2399 3136 2468 3190 In
2521 3140 2772 3207 sapientia
2817 3141 2950 3197 Dei?
2978 3143 3034 3197 ln
3074 3163 3134 3201 ea
3179 3165 3298 3219 qua:
3337 3156 3585 3222 apparuit
3626 3173 3719 3227 per

2141 3240 2326 3295 opera,
2357 3244 2450 3298 per
2477 3247 2595 3300 qua:
2632 3234 2882 3303 cognosci
2925 3237 3106 3291 voluit.
3147 3239 3434 3313 Propterea
3477 3247 3619 3301 enim
3660 3262 3715 3304 et

2141 3319 2255 3375 haec
2284 3331 2338 3376 et
2363 3325 2557 3380 similia
2589 3329 2852 3396 probavit,
2897 3343 2951 3386 ut
2981 3337 3361 3394 convenienter
3406 3355 3471 3395 ex
3503 3343 3568 3396 iis
3595 3359 3715 3414 qua:

2140 3423 2430 3470 cernuntur
2458 3416 2712 3474 Conditor
2759 3423 2809 3476 in
2857 3424 3212 3483 admiratione
3253 3430 3559 3488 haberetur.
3611 3436 3718 3488 Ma.

2140 3517 2299 3571 gnum
2323 3517 2406 3560 est
2427 3507 2636 3575 cmlum,
2656 3521 2708 3566 et
2733 3513 2991 3570 immensa
3023 3526 3160 3573 terra
3191 3539 3204 3573 :
3233 3522 3570 3579 Conditorem
3589 3542 3717 3597 ergo

2142 3594 2352 3650 mirare.
2398 3596 2529 3652 Nam
2556 3615 2806 3672 magnum
2847 3605 2948 3660 hoc
2987 3611 3171 3664 cazlum
3219 3627 3322 3666 non
3369 3616 3528 3672 modo
3557 3619 3625 3673 ab
3653 3636 3717 3674 eo

2142 3685 2359 3755 factum,
2395 3691 2487 3744 sed
2505 3692 2665 3749 facile
2687 3693 2878 3750 factum
2909 3710 3010 3765 est,
3033 3714 3087 3756 et
3112 3703 3370 3760 immensa
3400 3717 3537 3763 terra
3566 3716 3716 3781 quasi

2141 3779 2272 3833 nihil
2300 3783 2549 3850 producta
2585 3784 2702 3841 fuit.
2731 3788 2855 3843 Ideo
2896 3791 2963 3846 de
2994 3794 3085 3848 illo
3119 3797 3335 3866 quidem
3365 3799 3512 3863 dicit,
3550 3779 3718 3873 Opera

2141 3870 2412 3940 digitorum
2454 3885 2653 3930 tuorum
2680 3890 2797 3933 sunt
2822 3883 2936 3935 cwli
2971 3883 3141 3954 (Psal.
3176 3888 3297 3943 101.
3327 3890 3441 3958 26),
3470 3892 3538 3948 de
3578 3870 3716 3950 terra

2140 3971 2340 4027 autem,
2373 3964 2472 4030 Qui
2501 3975 2684 4020 terram
2711 3972 2827 4039 fecit
2854 3981 3107 4043 tamquam
3130 3977 3276 4031 nihil.
3310 3980 3442 4048 Quia
3468 3998 3598 4054 ergo
3623 4002 3717 4055 per

2147 4054 2282 4108 hanc
2308 4057 2622 4125 sapientiam
2648 4062 2818 4116 noluit
2845 4064 3010 4120 Deum
3037 4078 3385 4139 cegnoscere,
3415 4090 3509 4144 per
3537 4054 3714 4133 stulti-

2142 4146 2288 4210 tiam,
2319 4164 2436 4218 quaa
2460 4165 2580 4205 esse
2603 4153 2830 4220 videtur,
2864 4157 3256 4224 przedicationis
3280 4168 3576 4234 persuasit;
3607 4185 3712 4223 non

2139 4254 2236 4308 per
2261 4242 2553 4311 ratiocinia,
2584 4246 2676 4299 sed
2705 4263 2800 4315 per
2820 4248 2999 4305 ﬁdem.
3026 4252 3097 4307 De
3124 4265 3320 4310 czetero
3341 4257 3428 4312 ubi
3455 4262 3718 4328 sapientia

2142 4332 2236 4387 Dei
2263 4343 2364 4399 est,
2391 4335 2618 4390 humana
2647 4354 2753 4392 non
2777 4341 2910 4394 ultra
2936 4353 3018 4396 est
3044 4359 3196 4412 opus.
3215 4345 3344 4399 Nam
3367 4347 3546 4404 dicere
3565 4366 3707 4415 eum.

2139 4425 2223 4493 qui
2244 4425 2384 4479 hunc
2403 4436 2602 4481 tantum
2627 4431 2884 4488 mundum
2905 4435 3123 4501 creavit,
3140 4436 3305 4492 Deum
3323 4452 3446 4493 esse
3464 4454 3717 4510 oportere

2140 4515 2394 4570 iunnensa
2425 4526 2478 4571 et
2499 4519 2746 4575 ineffabili
2777 4523 2972 4579 virtute
3011 4525 3318 4596 prmditum,
3345 4529 3595 4588 humana:
3623 4550 3714 4588 sa-

2140 4607 2349 4674 pientim
2376 4618 2492 4662 erat
2537 4611 2613 4664 sic
2644 4614 2968 4680 ratiocinari,
3011 4625 3066 4671 et
3094 4633 3184 4685 per
3213 4618 3332 4675 hazc
3372 4621 3522 4677 illum
3568 4641 3717 4680 com-

2139 4697 2470 4766 prehendere
2499 4718 2511 4752 :
2543 4717 2684 4756 nunc
2733 4716 2909 4759 autem
2958 4723 3064 4762 non
3107 4709 3424 4780 ratiociniis,
3474 4715 3569 4770 sed
3613 4718 3718 4772 ﬁde

2136 4789 2249 4842 sola
2290 4804 2427 4859 opus
2469 4800 2572 4845 est.
2613 4792 2747 4848 Nam
2793 4795 2844 4848 in
2886 4798 3200 4853 cruciﬁxum
3245 4814 3300 4856 et
3348 4805 3399 4857 in
3448 4807 3714 4874 sepultunt

2137 4878 2376 4945 credere,
2427 4891 2481 4936 et
2529 4892 2732 4938 certum
2785 4885 2984 4941 habere
3031 4890 3275 4945 eumdem
3323 4894 3494 4962 ipsum
3532 4911 3715 4952 resur-

2136 4970 2338 5024 rexisse
2366 4987 2428 5026 ac
2455 4988 2685 5042 superne
2716 4975 2926 5041 sedere,
2964 4978 3014 5031 id
3041 4981 3297 5050 sapientia
3340 5000 3444 5038 non
3471 4997 3594 5057 eget
3624 5005 3716 5044 ne-

2135 5080 2236 5133 que
2284 5066 2604 5132 ratiociniis,
2657 5068 2751 5123 sed
2797 5070 2919 5124 ﬁde.
2963 5073 3207 5140 Apostoli
3256 5077 3402 5130 enim
3445 5094 3551 5133 non
3590 5098 3711 5137 cum

2134 5157 2390 5225 sapientia
2415 5159 2680 5226 prodiere,
2712 5162 2804 5215 sed
2830 5178 2950 5216 eum
2985 5164 3103 5226 ﬁde,
3134 5164 3452 5238 fueruntque
3479 5177 3714 5229 externis

2134 5247 2461 5317 sapientibus
2491 5251 2922 5328 sapientioreset
2949 5255 3310 5324 sublimiores,
3345 5268 3401 5313 et
3427 5269 3575 5315 tanto
3600 5281 3712 5318 ma-

2132 5341 2234 5408 gis,
2258 5351 2455 5409 quanto
2483 5343 2653 5412 majus
2682 5354 2845 5400 estea
2868 5361 2987 5416 qua:
3013 5347 3102 5402 Dei
3134 5363 3260 5404 sunt
3291 5351 3394 5406 fide
3415 5355 3706 5424 suscipere,

2133 5447 2291 5501 quam
2328 5433 2602 5487 ratiocinia
2637 5451 2891 5491 mm'ere:
2924 5439 3026 5493 hoc
3056 5442 3200 5494 enim
3231 5442 3516 5499 humanam
3547 5461 3708 5514 supe-

2133 5532 2215 5577 rat
2257 5535 2510 5579 mentcm.
2557 5526 2835 5594 Quomodo
2873 5541 3051 5584 autem
3093 5533 3324 5600 perdidit
3352 5536 3709 5605 sapientiam?

2135 5615 2235 5671 Per
2264 5617 2480 5672 Paulum
2505 5628 2558 5673 ct
2586 5620 2789 5676 similes
2817 5622 2969 5676 nobis
3005 5625 3270 5692 cognitus,
3304 5628 3538 5682 ostendit
3563 5628 3708 5684 illam

2139 5707 2374 5765 inutilem
2423 5724 2558 5765 esse.
2613 5710 2690 5765 Ad
2738 5713 3127 5782 suscipiendam
3175 5717 3316 5800 enim
3349 5719 3709 5789 evangelicam
