4100 6214
334 238 406 301 51
1398 238 1466 293 ΙΝ
1500 238 1720 330 ΕΡΙβΤ.
1767 240 1907 297 [AD
1943 238 2102 297 (ΞΟΠ.
2145 241 2381 299 HOMIL.
2410 245 2498 301 Ν.

412 353 510 427 Μὴ
544 354 859 428 θορυϐεῖσθε
879 353 973 411 οὖν
992 373 1006 388 ’
1037 356 1100 411 ού
1132 356 1239 429 γάρ
1262 355 1412 423 ξένον
1435 359 1557 412 οὐδὲ
1588 360 1739 430 παρά
1764 378 1937 432 προσ-

334 450 534 506 δοκίαν
561 449 625 503 τὸ
647 450 951 521 γινόμενον,
982 450 1043 504 τὸ
1074 448 1430 521 χλευάζεσθαι
1451 450 1520 504 τά
1546 452 1759 521 μεγάλα
1787 450 1938 522 παρὰ

336 541 458 596 τῶν
508 542 902 611 ἐξεστηκότων.
944 541 1085 605 Τοὺς
1120 540 1181 594 δὲ
1223 540 1367 596 οὕτω
1428 541 1807 614 διακειμένους
1852 542 1940 595 διά

345 635 543 701 σοφίας
570 634 922 706 ἀνθρωπίνης
958 633 1168 689 πείθειν
1204 635 1303 688 οὐκ
1343 633 1423 689 ἔνι
1449 652 1463 667 ’
1501 635 1657 699 ἀλλά,
1691 637 1795 691 κᾶν
1823 636 1945 707 βου-

342 730 521 802 ληθῇς
549 724 694 780 οὕτω
722 728 929 793 πεῖσαι,
959 725 1020 779 τὸ
1044 726 1286 780 ἐναντίον
1311 730 1486 790 ποιεῖς
1508 745 1522 758 ·
1545 728 1612 782 τά
1637 728 1747 798 γάρ
1771 729 1944 799 ὑπερ-

346 819 603 874 σαίνοντα
641 818 906 889 λογισμὸν
938 817 1177 883 πίστεως
1215 819 1389 872 δεῖται
1436 818 1625 889 μόνης.
1662 820 1773 873 Καὶ
1812 820 1941 890 γὰρ.

340 911 415 965 ἄν
457 911 708 978 θέλωμεν
757 911 969 966 πείθειν
1017 910 1106 964 διά
1150 910 1451 983 λογισμῶν,
1508 912 1624 976 πῶς
1657 912 1945 983 ἄνθρωπος

336 1003 567 1073 ἐγένετο
594 1005 626 1057 6
658 1004 812 1068 Θεὸς,
848 1004 945 1058 καὶ
972 1004 1055 1067 εἰς
1094 1004 1314 1075 μήτραν
1341 1002 1561 1072 εἰσῆλθε
1583 1003 1940 1075 παρθενικὴν,

338 1095 438 1149 καὶ
466 1093 546 1165 μὴ
578 1096 651 1165 τῇ
692 1094 872 1147 πίστει
913 1092 975 1148 τὸ
1013 1095 1248 1164 πρᾶγμα
1286 1093 1694 1165 ἐπιτρέψωμεν,
1744 1092 1945 1164 μᾶλλον

336 1188 548 1241 ἐκεῖνοι
569 1186 1058 1255 καταγελάσονται.
1086 1188 1231 1257 Ἀρα
1258 1187 1308 1238 οί
1328 1186 1608 1256 λογισμοῖς
1630 1185 1942 1253 ζητοῦντες,

335 1275 491 1335 οὗτοί
533 1281 677 1333 εἰσιν
701 1281 753 1332 οἰ
789 1279 1176 1349 ἀπολλύμενοι.
1211 1279 1323 1333 Καί⁵
1352 1279 1406 1332 τί
1434 1279 1579 1349 λέγω
1609 1281 1739 1351 περὶ
1772 1279 1942 1345 Θεοῦ;

351 1373 483 1426 Ἐπὶ
500 1371 615 1442 γάρ
642 1370 753 1425 τῶν
780 1372 1095 1443 κτισμάτων
1134 1372 1201 1426 ἀν
1224 1370 1385 1425 τοῦτο
1411 1373 1749 1443 ποιήσωμεν.
1777 1370 1946 1436 πολὺς

336 1459 536 1527 ἕψεται
562 1461 761 1529 γέλως.
796 1461 979 1514 Ἔστω
1015 1461 1124 1531 γὰρ
1146 1462 1436 1534 ἄνθρωπος
1466 1464 1645 1517 πάντα
1682 1462 1945 1533 βουλόμεο

336 1568 432 1615 νος
450 1550 744 1619 λογισμοῖς
779 1549 1094 1620 μανθάνειν,
1124 1550 1219 1604 καί
1257 1550 1538 1621 πειράσθω
1561 1550 1639 1620 τῷ
1660 1551 1815 1623 παρά
1846 1553 1941 1606 σοῦ

337 1642 489 1712 λόγῳ
522 1641 834 1707 πείθεσθαι,
871 1641 989 1705 πῶς
1019 1640 1292 1712 βλέπομεν
1324 1642 1386 1694 τὸ
1409 1640 1526 1710 φῶς
1547 1659 1560 1673 ·
1589 1643 1654 1695 σὺ
1692 1642 1749 1695 δὲ
1778 1642 1943 1698 αὐτὸν

339 1732 598 1805 λογισμῷ
633 1731 845 1786 πείθειν
881 1732 1075 1804 πειρῶ.
1116 1732 1260 1786 Ἀλλ’
1294 1734 1393 1786 οὐκ
1427 1732 1494 1786 ἂν
1523 1732 1668 1803 ἔχοις
1691 1750 1705 1764 ο
1737 1733 1805 1786 ἂν
1833 1733 1943 1808 γάρ

343 1828 533 1899 εῖπῃς,
565 1827 651 1881 ὅτι
676 1828 844 1899 ἀρκεῖ
864 1828 993 1890 τοὺς
1029 1826 1348 1897 ὀφθαλμοὺς
1382 1826 1668 1894 ἀνοίξαντα
1698 1827 1939 1897 βλέπειν,

343 1920 407 1974 οὗ
435 1919 530 1973 τὸν
572 1918 778 1989 τρόπον
811 1917 1067 1989 εἴρηκας,
1116 1918 1254 1973 ἀλλά
1301 1918 1365 1972 τὸ
1401 1920 1710 1990 γινόμενον.
1751 1919 1852 1973 Διά
1888 1919 1942 1972 τί

345 2010 461 2082 γὰρ
492 2009 657 2082 μὴτῇ
690 2010 828 2081 ἀκοῇ
862 2008 1161 2081 βλέπομεν,
1194 2011 1352 2081 φησί,
1386 2012 1481 2065 καὶ
1509 2014 1622 2076 τοῖς
1645 2010 1945 2083 ὀφθαλμοῖς

345 2099 665 2170 ἀκούομεν;
690 2099 781 2154 διὰ
822 2098 877 2152 τί
904 2099 1014 2172 γάρ
1047 2100 1122 2172 μὴ
1162 2104 1229 2172 τῇ
1264 2103 1374 2173 ῥινὶ
1416 2102 1711 2174 ἀκούομεν,
1745 2105 1841 2158 καὶ
1874 2107 1942 2176 τῇ

346 2194 499 2262 ἀκοῇ
535 2190 976 2262 όσφραινόμεθα;
1018 2191 1117 2244 “Av
1154 2192 1370 2257 τοίνυν,
1414 2193 1749 2266 ἀποροῦντος
1779 2195 1943 2250 αὐτοῦ

348 2281 495 2353 περὶ
516 2279 739 2343 τούτων,
780 2280 855 2351 μὴ
890 2279 1176 2351 δυνώμεθα
1197 2282 1290 2336 τὸν
1315 2281 1477 2352 λόγον
1506 2285 1795 2340 ἀποδοῦναι
1822 2287 1945 2341 τού.

344 2388 485 2435 των,
514 2372 724 2445 ἐκεῖνος
761 2371 945 2442 μέλλει
969 2371 1154 2444 γελᾷνς
1187 2372 1250 2425 οὐ
1288 2373 1554 2444 μειζόνως
1578 2377 1742 2446 ἡμεῖς
1777 2394 1946 2432 κατα-

346 2460 739 2531 γελασόμεθα;
779 2462 845 2514 Εἰ
893 2462 1002 2534 γὰρ
1051 2464 1341 2536 ἀμφότερα
1383 2463 1447 2533 ἐξ
1482 2466 1602 2529 ἑνὸς
1640 2468 1943 2537 ἐγκεφάλου

348 2553 452 2622 τὴν
485 2552 665 2623 ἀρχὴν
686 2552 819 2623 ἔχει,
849 2554 943 2607 καὶ
969 2554 1257 2626 ἀμφότερα
1285 2555 1535 2627 ἀλλήλοις
1563 2560 1857 2627 γειτνιάζει
1879 2562 1946 2615 τὰ

353 2645 524 2716 μέλη,
562 2644 681 2710 πῶς
713 2647 776 2699 οὐ
810 2645 881 2699 τὰ
912 2646 1051 2701 αὐτά
1083 2646 1308 2702 δύναται
1339 2652 1545 2714 ποιεῖν;
1586 2651 1726 2705 Ἀλλ’
1756 2653 1817 2706 ού
1851 2654 1946 2707 δυ-

351 2738 637 2811 νησόμεθα
693 2740 871 2793 εἰπεῖν
924 2740 1021 2810 τὴν
1071 2740 1253 2794 αἰτίαν
1294 2741 1417 2795 οὐδὲ
1469 2742 1560 2796 τὸν
1607 2744 1809 2816 τρόπον
1847 2747 1945 2818 τῆς

354 2831 568 2902 ἀφάτου
597 2831 693 2885 καὶ
723 2831 979 2901 ποικίλης
1013 2832 1317 2903 ἐνεργείας,
1349 2833 1508 2899 ἀλλὰ,
1539 2834 1641 2889 κᾶν
1670 2838 1949 2911 ἐπιχειρή-

356 2940 567 2996 σωμεν,
610 2921 1072 2996 καταγελώμεθα.
1116 2924 1217 2978 Διά
1257 2942 1342 2977 τοι
1388 2925 1547 2980 τοῦτο
1584 2930 1651 2998 τῇ
1688 2928 1781 2981 τοῦ
1811 2929 1946 2984 Θεοῦ

355 3016 583 3087 δυνάμει
607 3018 706 3070 καὶ
733 3018 798 3086 τῇ
833 3015 1047 3085 ἀπείρῳ
1074 3015 1238 3087 σοφίᾳ
1267 3016 1750 3087 παραχωροῦντες,
1793 3022 1950 3092 σιγή-

358 3124 564 3178 σωμεν.
587 3106 748 3160 Οὕτω
777 3106 961 3161 τοίνυν
996 3108 1090 3161 καὶ
1121 3108 1189 3161 τὰ
1217 3107 1312 3162 τοῦ
1354 3109 1490 3163 Θεοῦ
1522 3110 1618 3164 ὲάν
1653 3115 1720 3182 τῇ
1750 3111 1949 3178 ἔξωθεν

360 3198 525 3270 σοφίᾳ
558 3197 908 3271 βουληθῶμεν
931 3200 1306 3270 παραστῆσαι,
1340 3200 1508 3264 πολὺς
1531 3200 1722 3271 ἕψεται
1752 3202 1945 3271 γέλως,

355 3290 423 3344 οὐ
452 3289 611 3360 παρά
641 3289 740 3361 τὴν
772 3289 883 3343 τῶν
914 3289 1260 3361 πραγμάτων
1293 3291 1600 3357 ἀσθένειαν,
1626 3292 1763 3347 ἀλλά
1797 3296 1949 3367 παρά

357 3382 467 3454 τὴν
486 3381 596 3435 τῶν
616 3379 919 3453 ἀνθρώπων
943 3381 1150 3436 ἄνοιαν.
1183 3382 1263 3436 Τὰ
1287 3382 1397 3454 γὰρ
1428 3385 1639 3456 μεγάλα
1672 3386 1831 3456 λόγος
1859 3389 1951 3441 οὐ·

357 3474 474 3538 δείς
526 3474 880 3546 παραστῆσαι
922 3473 1168 3529 δύναται.
1222 3475 1425 3529 Σκόπει
1468 3476 1559 3530 δέ’
1587 3478 1757 3532 Ὅταν
1789 3479 1948 3546 εἴπω,

372 3564 750 3637 Ἐσταυρώθη,
791 3567 821 3620 6
866 3566 1068 3638 Ἕλλην
1108 3567 1290 3636 λέγει·
1326 3568 1438 3621 Καὶ
1471 3568 1587 3629 πῶς
1621 3569 1685 3623 ἂν
1715 3570 1827 3641 ἔχοι
1864 3571 1954 3626 λό-

359 3677 456 3730 γον
478 3658 675 3726 τοῦτο;
705 3659 884 3730 ἑαυτῷ
911 3660 1013 3714 οὐκ
1035 3660 1209 3731 ἡμυνε
1241 3677 1474 3730 σταυρου
1484 3661 1628 3733 μένῳ
1649 3663 1743 3716 καὶ
1768 3682 1955 3738 πειρα-

360 3747 581 3820 ζομένῳ
602 3748 747 3803 κατά
779 3747 869 3803 τὸν
895 3748 1089 3820 καιρὸν
1117 3749 1212 3803 τοῦ
1248 3750 1503 3820 σταυροῦ,
1540 3754 1631 3806 καί
1656 3752 1776 3817 πῶς
1815 3755 1953 3824 μετὰ

357 3839 538 3896 ταῦτα
568 3840 792 3911 ἀνέστη,
832 3839 928 3894 καὶ
962 3840 1167 3911 ἑτέροις
1200 3841 1444 3912 ἧμυνενς
1474 3843 1522 3894 εἰ
1568 3842 1677 3914 γὰρ
1708 3843 1951 3911 ἐδύνατο,

362 3927 475 4001 πρὸ
491 3927 588 3983 τοῦ
618 3928 851 3983 θανάτου
874 3928 984 3982 ἔδει
1008 3929 1186 4001 (τοῦτο
1207 3931 1314 4002 γάρ
1339 3932 1433 3985 καὶ
1466 3932 1705 3987 Ἰουδαῖοι
1726 3934 1952 4003 ἓλεγον)’

361 4020 473 4075 όδὲ
498 4020 682 4091 ἑαυτῷ
714 4019 791 4091 μὴ
824 4019 1061 4091 ἀμύνας,
1096 4021 1214 4086 πῶς
1240 4022 1422 4087 ἄλλοις
1464 4025 1713 4096 ἧμυνεν;
1754 4027 1853 4081 οὐκ
1891 4028 1956 4082 ἄν

362 4109 486 4184 [25]
514 4111 629 4181 ἔχοι
657 4111 837 4179 λόγον,
868 4111 1023 4182 φησί.
1046 4112 1289 4177 Εἰκότως
1309 4125 1358 4154 ι·
1387 4115 1482 4168 καὶ
1508 4114 1616 4186 γὰρ
1648 4116 1785 4189 ὑπὲρ
1802 4118 1958 4186 λόγον

361 4201 539 4268 ἐστὶν,
564 4200 846 4274 ἄνθρωπε,
881 4203 977 4256 καὶ
1011 4202 1219 4272 ἀφάτου
1243 4203 1572 4276 δυνάμεωςὸ
1600 4207 1852 4280 σταυρός.
1887 4208 1961 4261 Τὸ

360 4293 477 4362 γάρ
504 4295 561 4346 ὲν
587 4295 703 4357 τοῖς
726 4293 923 4357 δεινοῖς
947 4294 1264 4365 γενόμενον,
1293 4295 1563 4368 ἀνώτερον
1593 4299 1823 4369 φανῆναι
1853 4299 1961 4352 τῶν

361 4386 580 4451 δεινῶν,
627 4387 724 4440 καὶ
769 4387 1166 4458 συμπλακέντα
1215 4388 1458 4459 νικῆσαι,
1506 4390 1789 4461 δυνάμεώς
1816 4393 1961 4446 ἐστιν

362 4478 623 4550 ἀπείρου.
658 4479 872 4551 ’Ὠσπερ
914 4479 1023 4550 γάρ
1057 4480 1149 4534 ἐπὶ
1177 4479 1286 4535 τῶν
1310 4480 1477 4552 τριῶν
1512 4482 1737 4545 παίδων,
1760 4483 1856 4536 τοῦ
1887 4485 1961 4555 μὴ

363 4569 608 4640 ἐμϐῆναι
640 4572 723 4634 είς
748 4569 847 4641 τὴν
877 4570 1132 4641 κάμινον,
1163 4571 1226 4624 τὸ
1254 4571 1533 4642 ἐμϐάντας
1579 4574 1963 4644 καταπατῆσαι

364 4660 466 4732 τὴν
488 4659 690 4729 φλόγα,
714 4658 1161 4733 θαυμαστότερον
1181 4656 1249 4731 ἦν
1275 4677 1288 4692 ο
1321 4663 1416 4715 καὶ
1445 4662 1539 4715 ἐπὶ
1558 4661 1654 4715 τοῦ
1671 4664 1843 4726 Ἰωνᾶ,
1869 4661 1962 4718 τοῦ

369 4749 451 4822 μὴ
494 4752 762 4821 ἐμπεσεῖν
795 4754 875 4815 εἰς
903 4753 965 4806 τὸ
1011 4753 1197 4822 κῆτος,
1227 4754 1290 4807 τὸ
1316 4754 1626 4825 ἐμπεσόντα
1662 4755 1828 4827 μηδὲν
1857 4757 1965 4810 ἀπὸ

364 4845 461 4900 τοῦ
490 4845 685 4917 θηρίου
714 4845 908 4900 παθεῖν
933 4846 1118 4916 ἀηδὲς,
1150 4846 1330 4917 πολλῷ
1358 4847 1541 4917 μεῖζον
1568 4844 1635 4918 ἦν
1660 4866 1673 4879 ⁸
1701 4847 1843 4902 οὕτω
1870 4851 1966 4904 καὶ

369 4937 465 4991 ἐπὶ
477 4935 572 4990 τοῦ
593 4936 853 5008 Χριστοῦ,
873 4935 971 4989 τοῦ
994 4935 1069 5007 μὴ
1087 4935 1400 5002 ἀποθανεῖν,
1419 4936 1481 4989 τὸ
1500 4936 1834 4990 ἀποθανόντα
1854 4938 1967 4992 δια-

372 5025 533 5081 λῦσαι
552 5027 644 5081 τὸν
662 5027 914 5092 θάνατον,
942 5027 1379 5100 παραδοξότερον
1395 5023 1481 5099 ἦν.
1500 5029 1592 5098 Μὴ
1617 5028 1798 5082 τοίνυν
1819 5029 1964 5099 λέγε⁸

374 5117 478 5172 Διά
499 5118 552 5171 τί
577 5119 680 5173 οὐκ
712 5119 923 5189 ἤμυνεν
970 5118 1149 5189 ἑαυτῷ
1189 5120 1247 5171 έν
1295 5117 1371 5189 τῷ
1405 5118 1658 5189 σταυρῷ;
1689 5119 1837 5191 αὐτῷ
1860 5120 1969 5194 γάρ

375 5210 765 5281 συμπλακῆναι
807 5210 1072 5281 ἠπείγετο
1111 5210 1190 5281 τῷ
1232 5210 1467 5280 θανάτῳ.
1514 5211 1588 5264 Οὐ
1627 5212 1832 5283 κατέϐη
1863 5215 1971 5266 ἀπὸ

369 5302 467 5355 τοῦ
501 5303 762 5375 σταυροῦ,
802 5304 906 5357 οὐκ
955 5303 1147 5375 ἐπειδὴ
1191 5303 1294 5357 οὐκ
1341 5303 1592 5374 ἠδύνατο,
1632 5303 1750 5357 ἀλλ’
1781 5304 1970 5372 ἐπειδὴ

367 5396 475 5450 οὐκ
494 5396 778 5467 ἠϐούλετο.
814 5398 913 5451 Ὃν
943 5397 1053 5469 γὰρ
1075 5398 1108 5468 ἡ
1135 5396 1390 5467 τυραννὶς
1415 5397 1476 5450 οὐ
1494 5396 1726 5467 κατέσχε
1754 5396 1847 5451 τοῦ
1873 5397 1969 5452 θα-

367 5488 561 5554 νάτου,
594 5489 715 5552 πῶς
740 5484 862 5565 ἧλοι
892 5488 1132 5561 σταυροῦ
1170 5492 1468 5560 κατασχεῖν
1499 5489 1793 5561 ἡδύναντος

445 5579 511 5650 β’.
560 5581 722 5635 ’Δλλά
757 5582 934 5636 ταῦτα
973 5583 1105 5654 ἡμῖν
1147 5581 1425 5654 γνώριμα,
1465 5585 1578 5646 τοῖς
1622 5582 1680 5635 δὲ
1720 5582 1971 5648 ἀπίστοις

368 5672 583 5727 οὐκέτι.
611 5673 712 5728 Διά
747 5673 909 5727 τοῦτο
942 5673 1150 5744 ἔλεγεν,
1194 5676 1277 5729 ὅτι
1308 5677 1336 5730 6
1364 5674 1523 5744 λόγος
1547 5677 1577 5728 6
1611 5674 1707 5729 τοῦ
1737 5676 1972 5749 σταυροῦ

372 5768 489 5831 τοῖς
520 5767 619 5837 μὲν
644 5766 1243 5841 ἀπολλυμένοις-,μωρία
1270 5767 1407 5830 ἐστὶ,
1431 5768 1616 5834 τοῖςδὲ
1642 5769 1970 5841 σωζομένοις

444 5904 462 5929 ⁸
494 5907 671 5958 Aberat
694 5908 905 5966 εἰκότως.

3552 255 3623 311 δε

2042 361 2174 431 ἡμῖν
2210 360 2439 432 δύναμις
2481 361 2617 416 Θεοῦ
2655 363 2790 417 ἐστι.
2831 363 3168 434 Γέιχφαπται
3199 365 3310 434 γάρ
3333 383 3347 397 ’
3390 368 3621 423 Ἀπολῶ

2043 451 2159 520 τὴν
2172 453 2399 522 σοφίαν
2411 452 2532 507 τῶν
2551 454 2779 523 σοφῶν,
2808 457 2904 509 καὶ
2929 455 3044 524 τὴν
3065 457 3326 511 σύνεσιν
3345 457 3464 512 τῶν
3484 476 3632 514 συν-

2046 542 2196 598 ετῶν
2227 545 2519 611 ἀθετήσω.
2567 546 2732 599 Οὐδὲν
2793 547 2924 618 παρ’
2969 547 3166 602 ἑαυτοῦ
3196 549 3457 620 φορτικὸν
3498 551 3636 615 τέως

2043 637 2278 709 τίθησιν,
2314 639 2453 693 ἀλλά
2485 640 2750 711 πρότερον
2783 642 2875 694 ἐπὶ
2908 641 3008 711 τὴν
3059 641 3369 713 μαρτυρίαν
3411 643 3634 715 ἔρχεται

2043 731 2141 802 τῆς
2170 732 2413 802 Γραφῆς,
2445 733 2538 785 καὶ
2569 734 2691 786 τότε
2731 732 2827 803 τὴν
2856 733 3066 787 ἐκεῖθεν
3094 735 3412 806 παρρησίαν
3456 735 3638 789 λαϐὼν

2042 822 2558 894 καταφορικώτερον
2607 824 2872 894 κέχρηται
2906 828 3019 888 τοῖς
3054 824 3257 893 λόγοις,
3298 827 3392 879 καί
3423 843 3592 896 φησιν
3619 845 3632 858 ·

2046 914 2192 982 Οὐχί
2224 913 2529 984 ἐμώρανεν
2580 919 2613 971 ὸ
2660 916 2802 981 Θεὸς
2838 916 2955 984 τὴν
2995 918 3225 986 σοφίαν
3253 916 3362 971 τοῦ
3403 919 3638 987 κόσμου

2043 1006 2301 1071 τούτου;
2334 1008 2455 1063 ποῦ
2483 1008 2721 1078 σοφὸςς
2759 1010 2875 1063 ποῦ
2916 1010 3334 1079 γραμματεύς;
3372 1009 3491 1064 ποῦ
3522 1027 3638 1065 συ-

2044 1097 2298 1167 ζητητὴς
2334 1100 2442 1154 τοῦ
2491 1100 2707 1167 αἰῶνος
2763 1102 3023 1166 τούτους
3068 1102 3206 1172 οὺχί
3256 1102 3559 1172 ἐμώρανεν
3604 1105 3639 1156 ὁ

2046 1189 2190 1256 Θεὸς
2232 1191 2349 1257 τὴν
2394 1193 2622 1262 σοφίαν
2660 1194 2768 1249 τοῦ
2807 1196 3040 1265 κόσμου
3079 1197 3339 1262 τούτου;
3393 1196 3634 1264 Ἐπειδὴ

2043 1281 2155 1350 γὰρ
2177 1283 2248 1336 ἐν
2272 1283 2348 1353 τῇ
2379 1287 2567 1354 σοφίᾳ
2597 1286 2701 1340 τοῦ
2733 1286 2881 1341 Θεοῦ
2909 1290 3017 1342 οὐκ
3049 1287 3203 1358 ἔγνω
3230 1291 3263 1342 ὁ
3291 1290 3518 1357 κόσμος
3539 1288 3638 1342 διὰ

2043 1371 2155 1440 τῆς
2180 1375 2403 1443 σοφίας
2426 1375 2534 1429 τὸν
2567 1376 2739 1441 Θεὸν,
2773 1377 3111 1447 εὐδόκησεν
3143 1381 3176 1433 ὀ
3203 1378 3350 1443 Θεὸς
3390 1377 3489 1432 διὰ
3522 1377 3637 1446 τῆς

2038 1465 2267 1533 μωρίας
2293 1465 2399 1520 τοῦ
2423 1469 2801 1538 κηρύγματος
2820 1470 3015 1524 σῶσαι
3045 1471 3188 1537 τοὺς
3214 1472 3636 1537 πιστεύοντας.

2046 1556 2231 1610 Εἰπὼν
2276 1559 2360 1613 ὅτι
2412 1561 2463 1613 Γ
2464 1561 2770 1629 έτραπται,
2823 1561 3058 1618 Ἀπολῶ
3096 1564 3214 1630 τὴν
3255 1564 3485 1632 σοφίαν
3521 1561 3640 1617 τῶν

2046 1648 2279 1719 σοφῶν,
2304 1652 2405 1722 τὴν
2433 1653 2542 1707 ἀπὸ
2577 1654 2688 1707 τῶν
2729 1656 3074 1727 πραγμάτων
3119 1656 3392 1722 ἀπόδειξιν
3439 1656 3639 1724 ἐπάγει

2044 1741 2257 1809 λέγων·
2308 1745 2436 1799 Ποῦ
2479 1748 2713 1815 σοφός;
2757 1748 2876 1802 ποῦ
2919 1750 3338 1819 τραμματεύς;
3373 1749 3507 1820 ὁμοῦ
3546 1753 3640 1804 καὶ

2055 1832 2326 1903 Ἑλλήνων
2382 1836 2479 1889 καὶ
2522 1838 2793 1892 Ἰουδαίων
2837 1839 3271 1912 καθαπτόμενος.
3321 1844 3480 1904 Ποῖος
3527 1842 3640 1913 γάρ

2045 1921 2359 1991 φιλόσοφος,
2387 1924 2472 1988 τίς
2503 1925 2613 1979 τῶν
2660 1928 2791 1998 περί
2815 1930 2942 1991 τοὺς
2978 1929 3375 1999 συλλογισμοὺς
3411 1931 3639 2001 έσχολα-

2044 2011 2240 2093 κότων,
2272 2012 2359 2076 τίς
2392 2013 2503 2066 τῶν
2532 2015 2603 2069 τά
2641 2015 2911 2072 Ἰουδαίων
2945 2019 3163 2073 εἰδότων
3192 2020 3385 2084 ἔσωσε,
3421 2022 3515 2074 καὶ
3539 2021 3639 2093 τὴν

2004 2129 2019 2138 ο
2046 2082 2306 2176 ἀλήθειαν
2349 2107 2680 2178 έγνώρισενς
2735 2110 2850 2163 Οὐκ
2894 2110 3041 2164 ἔστιν
3091 2109 3287 2175 οὐδεὶς,
3349 2082 3485 2166 ἀλλά
3526 2082 3637 2166 τῶν

2047 2197 2242 2252 ἀλιέων
2280 2197 2343 2250 τὸ
2387 2201 2495 2252 πᾶν
2537 2199 2749 2269 γέγονε.
2802 2202 3168 2273 Συμπεράνας
3196 2203 3376 2257 τοίνυν
3412 2203 3475 2257 τὸ
3504 2221 3637 2276 προ-

2046 2290 2319 2362 κείμενον,
2344 2292 2438 2346 καὶ
2462 2292 2812 2362 κατενεγκὼν
2869 2293 3048 2347 αὐτῶν
3076 2294 3168 2348 τὸν
3201 2295 3391 2364 τῦφον,
3422 2297 3519 2349 καὶ
3560 2298 3639 2350 εἰ-

2045 2381 2166 2437 πών
2189 2401 2202 2414 ·
2234 2383 2384 2453 Ούχί
2420 2383 2723 2454 ἐμώρανεν
2753 2388 2787 2439 6
2816 2387 2962 2452 Θεὸς
2997 2386 3113 2453 τὴν
3149 2388 3376 2456 σοφίαν
3399 2386 3508 2441 τοῦ
3537 2391 3637 2444 κό-

2047 2490 2206 2545 σμου
2234 2476 2452 2530 τούτου
2467 2492 2486 2539 ;
2515 2476 2666 2545 λέγει
2691 2478 2783 2531 καὶ
2811 2476 2910 2549 τὴν
2944 2476 3145 2541 αἰτίαν,
3165 2476 3233 2529 δι’
3255 2478 3322 2547 ἢν
3343 2477 3519 2531 ταῦτα
3540 2477 3638 2546 γέ-

2046 2582 2204 2635 γονεν
2228 2565 2424 2631 οὕτως.
2469 2567 2690 2638 Ἐπειδὴ
2719 2567 2830 2639 γὰρ
2856 2569 2915 2620 ὲν
2936 2569 3001 2639 τῇ
3029 2566 3192 2638 σοφίᾳ
3215 2567 3311 2621 τοῦ
3344 2567 3505 2631 θεοῦ,
3533 2584 3640 2638 φη-

2049 2658 2154 2723 σὶν,
2182 2657 2285 2711 οὐκ
2315 2656 2458 2726 ἔγνω
2497 2660 2525 2711 6
2562 2658 2773 2733 κόσμος
2804 2659 2893 2713 διά
2920 2659 3022 2729 τῆς
3067 2660 3259 2729 σοφίας
3300 2659 3393 2714 τὸν
3412 2659 3570 2743 ρεὸν,
3610 2662 3641 2716 ό

2049 2745 2283 2817 σταυρὸς
2323 2746 2517 2816 ἐφάνη.
2586 2746 2652 2799 Τί
2705 2745 2760 2799 δέ
2812 2748 2999 2810 ἐστιν,
3043 2748 3149 2818 Ἕν
3194 2746 3271 2816 τῇ
3304 2749 3492 2817 σοφίᾳ
3533 2749 3642 2805 τοῦ

2051 2838 2235 2900 Θεοῦ;
2260 2839 2340 2909 Τῇ
2371 2837 2459 2891 διὰ
2492 2836 2603 2891 τῶν
2643 2836 2821 2909 ἔργων
2851 2839 3177 2912 φαινομένῃ,
3206 2839 3273 2892 δι’
3301 2832 3376 2894 ὧν
3408 2840 3642 2912 ἠθέλησε

2048 2926 2441 2999 γνωρισθῆναι.
2473 2928 2573 2981 Διά
2601 2918 2761 2982 τοῦτο
2781 2930 2891 2999 γὰρ
2927 2930 3068 2984 αὐτὰ
3108 2930 3205 2983 καὶ
3247 2930 3476 2987 τοιαῦτα
3508 2950 3643 2987 κατ⁶

2049 3017 2365 3084 εσκεύασεν,
2395 3019 2483 3072 ἵνα
2508 3018 2788 3088 ἀναλόγως
2817 3021 2881 3072 ὲκ
2896 3019 3007 3073 τῶν
3037 3022 3332 3091 ὁρωμένων
3360 3024 3389 3076 6
3415 3025 3645 3097 ποιητὴς

2050 3108 2420 3179 θαυμάζηται.
2457 3108 2647 3178 Μέγας
2676 3111 2705 3162 6
2747 3108 2995 3180 οὐρανὸς,
3026 3110 3123 3163 καὶ
3166 3111 3577 3183 άπειροπληθὴς
3610 3115 3644 3184 ή

2050 3199 2157 3270 γῆ·
2212 3198 2492 3269 θαύμασον
2535 3199 2716 3253 τοίνυν
2757 3199 2849 3253 τὸν
2899 3201 3263 3271 πεποιηκότα.
3306 3203 3414 3256 Καὶ
3460 3204 3571 3276 γάρ
3616 3207 3646 3258 6

2055 3289 2229 3361 μέγας
2256 3283 2411 3354 οὗτος
2453 3291 2512 3343 οὐ
2552 3292 2712 3360 μόνον
2755 3291 2973 3360 ἐγένετο
3004 3293 3096 3345 ὐπ’
3130 3293 3320 3359 αὐτοῦ,
3371 3295 3510 3349 ἀλλά
3553 3300 3647 3352 καὶ

2057 3380 2174 3451 μετ’
2201 3380 2473 3447 εὐκολίας,
2510 3381 2607 3434 καὶ
2639 3383 2668 3450 ἡ
2697 3381 2927 3453 ἄπειρος
2955 3381 3138 3453 ἐκείνη
3169 3384 3243 3454 γῆ
3277 3387 3372 3439 καὶ
3395 3387 3531 3460 αὑτὴ
3570 3387 3648 3453 ὡς

2052 3471 2205 3524 οὐδὲν
2253 3472 2555 3543 παρήγετο.
2590 3472 2688 3525 Διά
2716 3472 2874 3526 τοῦτο
2911 3474 3042 3545 περί
3081 3474 3180 3545 μὲν
3208 3477 3418 3531 ἐκείνου
3456 3481 3644 3549 φησὶν,

2052 3565 2134 3617 ὅτι
2170 3564 2348 3633 Ἔργα
2392 3562 2511 3617 τῶν
2542 3563 2860 3618 δακτύλων
2903 3565 3020 3620 σού
3063 3569 3223 3620 εἰσιν
3271 3572 3325 3623 οι
3355 3571 3603 3639 οὐρανοί
3631 3587 3645 3602 ⁸

2055 3658 2183 3728 περί
2209 3655 2266 3710 δὲ
2303 3656 2405 3727 τῆς
2447 3656 2572 3727 γῆς,
2627 3657 2690 3710 '0
2723 3654 2987 3724 ποιήσας
3018 3658 3134 3725 τὴν
3178 3657 3294 3729 γῆν
3321 3661 3404 3728 ὡς
3445 3662 3647 3718 οὐδέν.

2069 3749 2221 3801 Ἐπεὶ
2243 3744 2337 3802 οὖν
2365 3746 2454 3801 διά
2481 3747 2581 3816 τῆς
2605 3746 2797 3817 σοφίας
2817 3746 3022 3817 ταύτης
3050 3748 3152 3801 οὐκ
3182 3748 3417 3820 ἠθέλησε
3451 3752 3650 3822 γνωρί-

2058 3857 2150 3894 σαι
2178 3839 2269 3894 τὸν
2297 3839 2451 3903 Θεὸν,
2478 3838 2569 3891 διὰ
2594 3839 2694 3908 τῆς
2719 3838 2984 3910 δοκούσης
3007 3840 3222 3910 μωρίας
3252 3836 3393 3894 εἶναι
3420 3841 3516 3895 τοῦ
3546 3860 3649 3913 κη-

2060 3930 2338 4003 ρύγματος
2383 3928 2620 3991 ἔπεισεν,
2669 3929 2731 3981 οὐ
2770 3930 2860 3983 διὰ
2909 3930 3208 4001 λογισμῶν,
3243 3932 3379 3985 ἀλλά
3423 3932 3514 3985 διά
3550 3936 3651 4005 τῆς

2059 4022 2319 4083 πίστεως.
2358 4019 2559 4073 Λοιπὸν
2584 4020 2718 4073 ὅπου
2745 4019 2908 4087 σοφία
2949 4020 3108 4086 Θεοῦ,
3136 4022 3319 4075 οὐκέτι
3348 4023 3510 4093 χρεία
3556 4025 3653 4077 ἀνι

2061 4110 2359 4182 θρωπίνης.
2409 4109 2483 4162 Τὸ
2526 4108 2627 4179 μὲν
2659 4107 2771 4179 γὰρ
2797 4109 2996 4173 είπεῖν,
3030 4110 3112 4161 ὅτι
3143 4110 3232 4163 τὸν
3264 4112 3527 4164 κτίσαντα
3559 4113 3652 4168 τὸν

2063 4201 2179 4274 [26]
2209 4201 2414 4271 κόσμον
2441 4200 2532 4254 τὸν
2555 4200 2813 4253 τοσοῦτον
2838 4200 2933 4252 καὶ
2956 4198 3102 4253 οὕτω
3131 4200 3326 4270 μέγαν,
3351 4201 3483 4255 Θεὸν
3512 4197 3652 4255 εἶναι

2061 4290 2207 4354 εἰκὸς
2233 4290 2461 4360 δύναμιν
2489 4290 2771 4362 ἀμήχανόν
2806 4307 2930 4344 τινα
2968 4289 3162 4360 ἔχοντα
3192 4290 3287 4345 καὶ
3311 4291 3649 4364 ἀπόρρητον,

2064 4380 2257 4451 σοφίας
2301 4379 2649 4452 ἀνθρωπίνης
2691 4378 3004 4447 λογίζεσθαι
3042 4376 3141 4452 ἦν,
3184 4382 3277 4435 καὶ
3314 4380 3404 4436 διά
3446 4381 3654 4435 τούτων

2062 4473 2226 4527 αὐτὸν
2251 4471 2724 4543 καταλαμϐάνειν·
2755 4470 2851 4525 νῦν
2884 4472 2942 4526 δὲ
2972 4472 3155 4526 οὐκέτι
3192 4473 3491 4544 λογισμῶν,
3519 4473 3655 4528 ἀλλά

2064 4564 2302 4625 πίστεως
2336 4565 2418 4618 δεῖ
2444 4565 2630 4635 μόνης.
2667 4564 2741 4617 Τὸ
2762 4565 2872 4635 γάρ
2901 4565 2984 4629 είς
3021 4565 3112 4619 τὸν
3140 4565 3526 4637 σταυρωθέντα
3558 4566 3656 4620 καὶ

2063 4655 2304 4726 ταφέντα
2336 4654 2616 4710 πιστεύειν
2656 4656 2754 4710 καὶ
2799 4655 3348 4729 πεπληροφορῆσθαι,
3389 4660 3472 4712 ὅτι
3500 4652 3657 4725 οὗτος

2064 4745 2227 4810 αὐτὸς
2256 4746 2352 4802 καὶ
2383 4748 2585 4818 ἀνέστη
2614 4748 2709 4803 καὶ
2738 4748 2851 4803 ἀνω
2883 4748 3141 4821 κάθηται,
3173 4749 3332 4803 τοῦτο
3372 4751 3566 4819 σοφίας
3592 4754 3655 4806 οὐ

2064 4835 2236 4891 δεῖται
2264 4836 2385 4891 οὐδὲ
2399 4837 2700 4908 λογισμῶν,
2720 4837 2856 4891 ἀλλά
2883 4839 3145 4901 πίστεως.
3178 4838 3293 4892 Καὶ
3315 4839 3425 4910 γὰρ
3452 4841 3502 4893 οἰ
3527 4840 3656 4895 ἀπό-

2067 4929 2243 4984 στολοι
2279 4930 2339 4983 ού
2382 4932 2547 5001 σοφίᾳ
2594 4930 2920 5003 προσῆλθον,
2962 4931 3099 4984 ἀλλά
3131 4932 3335 5000 πίστει,
3367 4935 3464 4998 καὶ
3500 4934 3657 5003 γεγό-

2067 5039 2192 5076 νασι
2218 5023 2328 5076 τῶν
2361 5021 2467 5086 ἔξω
2498 5022 2677 5090 σοφῶν
2708 5021 3008 5094 σοφώτεροι
3045 5024 3141 5079 καὶ
3173 5025 3518 5098 ὑψηλότεροι,
3565 5026 3657 5079 καὶ

2070 5114 2308 5185 τοσούτῳ
2343 5113 2567 5184 μᾶλλον,
2596 5114 2707 5184 ὅσῳ
2737 5113 2829 5167 τοῦ
2858 5115 3157 5188 λογισμοὺς
3187 5121 3358 5172 κινεῖν
3386 5119 3450 5172 τὸ
3476 5118 3658 5172 πίστει

2066 5206 2133 5258 τὰ
2166 5205 2260 5259 τοῦ
2289 5204 2425 5258 Θεοῦ
2448 5205 2700 5277 δέχεσθαι
2744 5207 2928 5277 μεῖζον
2947 5225 2961 5241 ·
2990 5209 3149 5263 τοῦτο
3167 5209 3276 5281 γάρ
3308 5208 3658 5281 ἀνθρωπίνην

2072 5296 2392 5369 ὑπερϐαίνει
2425 5297 2687 5353 διάνοιαν.
2720 5299 2847 5362 Πῶς
2888 5301 2946 5354 δὲ
2980 5300 3233 5355 ἀπώλεσε
3262 5300 3361 5373 τὴν
3415 5299 3611 5370 σοφίαν
3639 5318 3656 5369 ς

2071 5389 2172 5443 Διά
2200 5389 2413 5443 Παύλου
2444 5389 2539 5443 καί
2567 5389 2676 5443 τῶν
2696 5390 2955 5444 τοιούτων
2978 5390 3301 5463 γνωρισθεὶς
3330 5392 3482 5460 ἡμῖν,
3519 5389 3657 5446 ἔδει·

2072 5481 2160 5548 ξεν
2208 5483 2379 5552 αὐτὴν
2416 5478 2582 5536 οὖσαν
2614 5482 2874 5553 ἀνόνητον
2909 5483 2958 5535 b.
2995 5482 3139 5552 Πρὸς
3169 5481 3281 5552 γὰρ
3311 5482 3375 5535 τὸ
3403 5480 3657 5550 δέξασθαι

2071 5576 2131 5629 τὸ
2164 5576 2428 5646 κήρυγμα
2462 5575 2523 5628 τὸ
2566 5576 2920 5645 εύαγγελικὸν
2949 5574 3075 5629 οὗτε
3103 5578 3132 5630 6
3172 5577 3336 5645 σοφὸς
3366 5578 3656 5646 ώφελεῖταί

2072 5686 2123 5721 τι
2157 5666 2309 5738 παρά
2348 5667 2445 5737 τῆς
2474 5668 2689 5737 σοφίας,
2720 5667 2844 5721 οὔτε
2875 5669 2904 5721 ό
2932 5667 3146 5740 ἰδιώτης
3182 5669 3387 5741 ἐϐλάϐη
3422 5689 3471 5724 τι
3506 5673 3657 5743 παρὰ

2070 5760 2169 5829 τῆς
2209 5755 2479 5827 ἀμαθίας·
2516 5758 2631 5811 ἀλλ’
2673 5760 2721 5812 εἰ
2759 5757 2841 5812 δεῖ
2886 5777 2935 5813 τι
2977 5760 3070 5813 καὶ
3106 5758 3421 5831 θαυμαστὸν
3454 5760 3653 5822 εἰπεῖν,

2138 5912 2162 5949 τ’
2177 5910 2329 5970 Alius,
2356 5912 2571 5969 ἀνόητον.
