4100 6214
418 236 524 302 ’53
1147 244 1205 299 S.
1244 242 1528 300 JOANNIS
1563 239 2055 299 CHRYSOS'IOMI
2092 239 2415 299 ARCHIEP.
2459 243 3009 300 CONSTANTINOP.

463 361 663 435 μᾶλλον
705 360 962 427 ἰδιωτεία,
1004 359 1040 431 ἢ
1077 361 1237 430 σοφία
1269 360 1405 432 πρὸς
1432 361 1531 432 τὴν
1573 361 1839 432 ὑποδοχήν
1881 361 2027 415 ἐστιν

460 445 765 516 ἐπιτήδειον
806 444 901 498 καὶ
958 442 1344 512 εὐκολώτερον.
1405 443 1462 497 '0
1501 441 1612 514 γὰρ
1681 443 1889 514 ποιμὴν
1936 442 2028 496 καὶ

458 527 716 600 ἄγροικος
768 525 974 598 ταύτην
1026 526 1215 580 θᾶττον
1258 525 1594 592 ὑποδέξεται,
1638 524 1894 591 καθάπαξ
1933 525 2029 578 καὶ

458 611 585 674 τοὺς
606 610 899 681 λογισμοὺς
922 606 1319 672 καταστέλλων,
1353 609 1447 662 καὶ
1469 608 1547 680 τῷ
1568 609 1816 682 Δεσπότῃ
1840 610 2030 661 ἐαυτὸν

458 695 808 765 παραδιδούς.
868 691 1022 745 Οὕτω
1086 691 1266 745 τοίνυν
1320 691 1420 764 τὴν
1476 693 1667 762 σοφίαν
1728 693 2028 747 ἀπώλεσεν.

473 776 691 846 Ἐπειδὴ
718 776 826 845 γάρ
857 773 1097 845 προτέρα
1140 772 1338 845 ἑαυτὴν
1375 774 1663 840 κατέϐαλε,
1703 776 1841 848 πρὸς
1879 775 2031 829 οὐδὲν

460 859 706 931 χρησίμη
738 857 923 910 λοιπόν
949 857 1119 910 ἐστιν.
1147 855 1279 909 Ὅτε
1316 856 1427 929 γάρ
1462 858 1568 911 ἐδει
1604 859 1674 912 τά
1707 859 1907 929 έαυτῆς
1936 858 2033 912 αὑ..

460 943 559 1012 τὴν
592 939 927 1005 ἐνδείξασθαι
954 940 1049 993 καὶ
1072 940 1161 994 διά
1192 939 1301 993 τῶν
1331 940 1511 1011 ἐργων
1549 942 1675 995 ἰδεῖν
1703 940 1796 995 τὸν
1825 941 2032 994 Δεσπό·

458 1043 579 1095 την,
612 1025 712 1078 ούκ
746 1023 999 1095 ἠθέλησε.
1038 1024 1138 1078 Διά
1174 1023 1352 1089 τοῦτο,
1395 1023 1498 1078 κᾶν
1530 1024 1657 1096 θέλῃ
1687 1024 1783 1077 νῦν
1819 1026 2029 1078 ἐπεισα-

458 1109 647 1175 γαγεῖν
671 1106 889 1178 ἐαυτὴν,
920 1107 983 1161 ού
1010 1106 1235 1160 δύναται
1260 1122 1272 1135 ·
1295 1107 1358 1160 οὑ
1377 1106 1486 1178 γάρ
1517 1107 1741 1161 τοιαῦτα
1763 1106 1831 1161 τὰ
1857 1106 2036 1178 πράγ-

461 1209 608 1262 ματα
628 1207 642 1220 ⁸
675 1193 708 1262 ἡ
742 1191 852 1263 γὰρ
881 1190 999 1254 ὁδὸς
1037 1192 1071 1261 ἠ
1107 1192 1206 1263 τῆς
1250 1190 1581 1260 θεογνωσίας
1621 1190 1802 1262 πολλῷ
1832 1191 2035 1262 μείζων

457 1274 674 1344 ἐκείνης
702 1272 861 1342 αῦτη.
909 1274 1010 1328 Διά
1041 1290 1123 1326 τοι
1165 1273 1323 1327 τοῦτο
1365 1275 1599 1337 πίστεως
1644 1275 1740 1328 καὶ
1777 1274 2036 1344 ἀφελείας

459 1359 642 1430 χρεία,
677 1359 771 1425 κα).
795 1357 1000 1429 ταύτην
1024 1356 1300 1427 πανταχοῦ
1332 1359 1514 1429 ζητεῖν
1544 1359 1644 1424 δεῖ,
1674 1360 1768 1413 καὶ
1787 1360 1887 1430 τῆς
1912 1359 2037 1426 ἐξω-

461 1443 552 1496 θεν
583 1444 851 1514 προτιμᾷν
877 1442 1071 1511 σοφίας
1094 1457 1107 1472 ⁸
1155 1441 1454 1512 Ἔμώρανε
1473 1442 1583 1515 γὰρ
1610 1446 1643 1497 ό
1674 1443 1843 1509 Θεὸς,
1874 1443 2035 1513 φησὶ,

460 1525 576 1593 τὴν
613 1525 856 1593 σοφίαν.
889 1524 953 1577 Τί
981 1524 1039 1578 δέ
1082 1524 1251 1589 ἐστιν,
1296 1524 1630 1594 Ἐμώρανε;
1660 1525 1864 1596 Μωράν
1898 1525 2037 1578 ἐδει-

463 1607 553 1674 ξεν
581 1604 745 1661 οὖσαν
770 1609 906 1678 πρὸς
931 1607 1028 1679 τὴν
1061 1607 1163 1679 τῆς
1192 1606 1428 1671 πίστεως
1456 1608 1779 1678 κατάληψιν.
1820 1607 2035 1678 Ἐπειδὴ

462 1695 570 1762 γὰρ
594 1691 735 1762 μέγα
757 1691 1015 1761 ἐφρόνουν
1047 1690 1135 1743 ἐπ’
1162 1689 1320 1761 αὐτῇ,
1360 1689 1586 1760 ῆλεγξεν
1610 1689 1778 1761 αὐτὴν
1804 1690 2031 1760 ταχέως.

463 1774 600 1828 Ποία
626 1774 734 1845 γάρ
764 1774 947 1842 σοφία,
992 1773 1121 1827 ὅταν
1156 1773 1220 1826 16
1250 1773 1541 1841 κεφάλαιον
1570 1772 1677 1825 τῶν
1710 1771 1931 1841 ἀγαθῶν
1961 1770 2038 1843 μὴ

461 1853 722 1923 εὑρίσκῃ;
781 1853 1036 1923 Ἐποίησε
1086 1853 1268 1907 τοίνυν
1312 1851 1544 1921 φανῆναι
1593 1850 1805 1921 μωράν,
1849 1849 2037 1920 ἐπειδὴ

463 1933 664 1999 ἐαυτὴν
689 1931 870 1997 ἐκείνη
896 1931 1087 2002 πρώτη
1124 1930 1371 2001 ἧλεγξεν.
1406 1933 1470 1984 Εἰ
1501 1931 1613 2002 γὰρ
1637 1932 1726 1983 ὅτε
1756 1929 2038 2000 λογισμοῖς

460 2013 529 2087 ἦν
562 2018 761 2087 εὑρεῖν,
798 2016 949 2069 οὐδὲν
985 2015 1174 2081 ἔδειξε,
1216 2014 1312 2069 νῦν
1339 2015 1427 2068 ὅτε
1461 2013 1680 2084 μείζονα
1710 2013 1937 2085 φέρεται
1969 2013 2042 2067 τά

462 2095 785 2165 πράγματα,
824 2092 942 2156 πῶς
977 2093 1172 2147 ἀνῦσαί
1220 2110 1274 2147 τι
1322 2093 1632 2164 δυνήσεται,
1677 2093 1766 2145 ὅτε
1807 2092 2041 2156 πίστεως

462 2178 623 2249 χρεία
660 2177 847 2249 μόνης,
880 2177 972 2230 καὶ
994 2178 1116 2250 οὐχὶ
1139 2177 1470 2247 δεινότητος;
1508 2174 1715 2247 Μωράν
1740 2175 1921 2230 τοίνυν
1941 2176 2042 2229 αὑ·-

461 2260 559 2331 τὴν
598 2259 797 2324 ἐδειξεν
824 2261 852 2313 6
886 2259 1048 2324 Θεόςο
1086 2260 1354 2330 ηὑδόκησε
1375 2258 1432 2311 δὲ
1458 2257 1546 2312 διά
1570 2258 1669 2327 τῆς
1702 2258 1913 2331 μωρίας
1944 2257 2035 2311 τοῦ

462 2337 817 2410 κηρύγματος
849 2335 1042 2401 σῶσαι,
1074 2337 1285 2409 μωρίας
1313 2337 1371 2389 δέ
1407 2336 1529 2406 οὐχὶ
1557 2335 1658 2405 τῆς
1686 2334 1874 2406 οῦσης,
1903 2334 2038 2388 ἀλλά

461 2417 561 2488 τῆς
602 2412 743 2470 εἶναι
771 2415 1053 2487 δοκούσης.
1095 2417 1169 2469 Τὸ
1202 2416 1312 2486 γὰρ
1339 2415 1522 2486 μεῖζον
1557 2414 1716 2468 τοῦτό
1744 2417 1913 2479 ἐστιν,
1954 2416 2037 2469 ὃτι

460 2502 560 2571 οὐχ
584 2500 778 2569 ἑτέραν
816 2500 1010 2567 σοφίαν
1043 2498 1299 2569 τοιαύτην
1322 2498 1540 2568 ἐκείνης
1566 2497 1787 2552 πλείονα
1823 2501 2039 2567 εἰσαγα·

461 2581 596 2651 γὼν,
621 2581 759 2637 ἀλλά
793 2582 894 2651 τὴν
924 2580 1183 2635 δοκοῦσαν
1207 2574 1348 2634 εἶναι
1381 2580 1612 2651 μωρίαν,
1649 2579 1793 2633 οῦτω
1824 2579 2038 2650 περιγέ-

460 2681 608 2733 γονε.
649 2667 760 2719 Καὶ
793 2663 902 2734 γάρ
952 2664 1217 2717 Πλάτωνα
1258 2661 1536 2727 ἐξέϐαλεν,
1581 2662 1703 2732 οὐχὶ
1745 2662 1813 2716 δι’
1847 2662 2035 2733 ἐτέρου

463 2747 754 2817 φιλοσόφου
785 2746 1121 2818 σοφωτέρου,
1149 2744 1286 2800 ἀλλά
1307 2744 1396 2798 διά
1422 2743 1618 2810 ἁλιέως
1641 2744 1908 2816 ἀμαθοῦς.
1938 2744 2038 2798 Οὖ-

461 2849 539 2886 τω
571 2832 679 2902 γὰρ
720 2829 905 2899 γέγονε
941 2830 1144 2901 μείζων
1190 2830 1223 2900 ή
1265 2824 1425 2899 ἧττα,
1467 2828 1564 2883 καὶ
1607 2829 1961 2901 λαμπροτέρα
1998 2830 2032 2900 ἡ

462 2914 607 2984 νίκη.
645 2909 778 2966 Εἶτα
817 2913 1031 2976 δεικνὺς
1059 2912 1150 2966 τοῦ
1180 2911 1412 2983 σταυροῦ
1439 2911 1537 2985 τὴν
1567 2912 1819 2985 δύναμιν,
1841 2913 2034 2984 φησίν⁶

475 2999 714 3067 Ἐπειδὴ
742 2997 839 3051 καί
861 3001 914 3052 οἰ
961 2997 1229 3053 Ἰουδαῖοι
1257 2997 1474 3064 σημεῖα
1502 2997 1763 3060 αἰτοῦσι,
1780 2998 1878 3052 καὶ
1907 2998 2040 3052 Ἕλ-

460 3088 645 3150 ληνες
692 3083 918 3152 σοφίαν
963 3081 1280 3150 ζητοῦσιν·
1317 3083 1486 3151 ἡμεῖς
1532 3080 1601 3136 δὲ
1651 3082 2039 3151 κηρύσσομεν

462 3166 722 3233 Χριστὸν
751 3163 1226 3234 ἐσταυρωμένον,
1271 3164 1577 3231 Ἰουδαίοις
1614 3166 1732 3234 μὲν
1772 3165 2037 3220 σκάνδα-

462 3254 595 3311 λον,
624 3250 884 3316 Ἕλλησι
932 3247 1000 3301 δὲ
1023 3249 1274 3317 μωρίαν,
1303 3248 1509 3315 αὐτοῖς
1534 3248 1602 3301 δὲ
1629 3249 1754 3314 τοῖς
1793 3249 2038 3315 κλητοῖς

475 3332 788 3397 Ἰουδαίοις
815 3348 878 3385 τε
900 3331 999 3385 καί
1024 3331 1281 3399 Ἕλλησι
1313 3332 1572 3399 Χριστὸν
1603 3331 1751 3386 Θεοῦ
1781 3331 2038 3402 δύναμιν

464 3416 562 3470 καὶ
600 3414 749 3469 Θεοῦ
773 3414 1018 3484 σοφίαν.

532 3537 600 3600 γ’.
637 3527 750 3602 [27]
779 3529 953 3601 Πολλὴ
976 3528 1082 3582 τῶν
1102 3528 1407 3599 εἰρημένων
1433 3531 1465 3600 ἡ
1500 3530 1732 3591 σύνεσις.
1755 3529 1908 3583 Θέλει
1931 3530 2039 3602 γάρ

466 3617 662 3677 εἰπεῖν,
686 3612 805 3676 πῶς
831 3612 920 3666 διά
946 3613 1054 3666 τῶν
1087 3614 1346 3667 ἐναντίων
1384 3614 1684 3686 ἐκράτησεν
1710 3617 1738 3668 6
1762 3615 1914 3680 Θεὸς,
1946 3616 2040 3668 καὶ

464 3697 585 3761 πῶς
609 3697 708 3750 οὐκ
737 3696 885 3749 ἐστιν
920 3694 1259 3766 ἀνθρώπινον
1282 3695 1342 3749 16
1363 3699 1645 3768 κήρυγμα.
1692 3698 1756 3751 Ὃ
1776 3696 1833 3749 δὲ
1871 3697 2037 3765 λέγει,

466 3780 703 3834 τοιοῦτόν
726 3781 899 3832 ἐστιν·
925 3779 1097 3833 ’Όταν
1126 3778 1394 3849 εἴπωμεν,
1421 3779 1604 3850 φησὶν,
1621 3779 1913 3841 Ἰουδαίοις,
1938 3780 2039 3832 Πι-

468 3863 750 3927 στεύσατε,
802 3862 1071 3932 λέγουσιν,
1127 3863 1490 3933 Ἀναστησατε
1529 3864 1773 3935 νεκροὺς,
1815 3863 2039 3917 ἰάσασθε

464 3946 831 4017 δαιμονῶντας
853 3984 868 4010 ,
919 3943 1129 4010 δείξατε
1167 3946 1300 4016 ημῖν
1341 3949 1562 4018 σημεῖα.
1616 3948 1804 4018 Ἡμεῖς
1829 3948 1886 4001 δὲ
1916 3949 2040 4002 ἀντὶ

464 4029 671 4085 τούτων
698 4030 752 4083 τί
796 4028 1026 4099 λέγομεν
1051 4047 1067 4097 ;
1101 4031 1222 4083 Ὅτι
1252 4029 1573 4102 ἐσταυρώθη
1594 4032 1690 4085 καὶ
1709 4032 1980 4085 ἀπέθανεν
2007 4034 2037 4085 6

466 4113 887 4184 κηρυττόμενος.
908 4110 1075 4166 Τοῦτο
1107 4112 1165 4165 δέ
1198 4114 1380 4168 ἰκανὸν
1400 4115 1461 4167 ού
1488 4114 1647 4185 μόνον
1669 4117 1794 4179 τοὺς
1817 4117 1892 4187 μὴ
1915 4115 2037 4186 βου-

465 4197 725 4268 λομένους
750 4195 824 4267 μὴ
856 4195 1200 4264 ἐφέλκεσθαι,
1234 4197 1370 4250 ἀλλά
1400 4199 1495 4251 καὶ
1523 4198 1647 4262 τοὺς
1678 4198 2037 4268 βουλομένους

463 4279 930 4351 διακρούσασθαι·
985 4279 1100 4332 ἀλλ’
1150 4281 1299 4350 ὅμως
1349 4280 1411 4333 ού
1468 4281 1847 4354 διακρούεται,
1903 4282 2038 4337 ἀλλά

464 4364 752 4433 ἐφέλκεται
779 4364 872 4416 καὶ
893 4365 1089 4434 κρατεῖ
1114 4364 1208 4417 καὶ
1238 4365 1599 4434 περιγίνεται.
1632 4366 1800 4421 Πάλιν
1837 4368 2038 4436 Ἕλλη-

463 4465 553 4510 νες
586 4447 908 4500 ἀπαιτοῦσιν
942 4449 1088 4518 ἡμᾶς
1119 4448 1405 4517 ῥητορείαν
1433 4448 1606 4517 λόγων
1637 4450 1731 4502 καὶ
1756 4450 2037 4520 δεινότητα

466 4528 816 4595 σοφισμάτων
837 4545 849 4559 ·
882 4530 1045 4596 ἡμεῖς
1071 4528 1127 4581 δέ
1151 4531 1245 4582 καὶ
1272 4528 1481 4591 τούτοις
1518 4532 1750 4600 σταυρὸν
1781 4531 2037 4602 κηρύττο-

467 4625 603 4680 μεν·
634 4610 727 4662 καὶ
765 4610 903 4675 ὅπερ
930 4610 1022 4660 ἐπὶ
1066 4611 1335 4663 Ἰουδαίων
1375 4610 1525 4665 δοκεῖ
1567 4612 1850 4676 ἀσθενείας
1874 4612 2035 4678 εἶναι,

463 4692 621 4750 τοῦτο
646 4693 738 4745 ἐπὶ
780 4692 1050 4762 Ἑλλήνιον
1086 4693 1283 4765 μωρία.
1337 4693 1509 4748 Ὀταν
1546 4692 1637 4749 οὖν
1673 4699 1746 4768 μὴ
1796 4699 1956 4768 μόνον
2001 4700 2037 4755 ἀ

463 4777 676 4833 αἰτοῦσι
702 4776 779 4848 μὴ
812 4776 1161 4847 παρέχωμεν,
1206 4777 1341 4830 ἀλλά
1390 4779 1482 4831 καὶ
1511 4780 1729 4833 ἐναντία
1757 4776 1831 4835 ὧν
1862 4783 2039 4837 αἰτοῦ-

465 4876 550 4914 σιν
570 4876 584 4891 ·
614 4862 643 4913 6
667 4861 776 4931 γάρ
804 4860 1034 4931 σταυρὸς
1070 4860 1131 4913 ού
1162 4860 1324 4930 μόνον
1351 4862 1413 4915 ού
1451 4861 1600 4915 δοκεῖ
1632 4868 1854 4935 σημεῖον
1897 4862 2037 4922 εἰναι

462 4943 605 4996 κατὰ
626 4944 884 5014 λογισμὸν
908 4945 1311 5015 ἐξεταζόμενον,
1347 4946 1482 5001 ἀλλά
1508 4948 1603 5001 καὶ
1626 4950 1855 5018 σημείου
1880 4953 2034 5006 ἀναί-

465 5045 649 5101 ρεσις·
679 5029 774 5081 καὶ
822 5028 883 5081 ού
927 5029 1085 5099 μόνον
1121 5032 1181 5084 οὐ
1225 5031 1373 5086 δοκεῖ
1412 5031 1694 5103 δυνάμεως
1740 5034 2035 5102 ἀπόδειξις,

462 5108 600 5164 ἀλλά
623 5110 719 5164 ml
760 5110 1043 5176 ἀσθενείας
1072 5112 1292 5184 ἐλεγχος
1322 5129 1335 5143 ·
1372 5116 1433 5168 οὐ
1468 5116 1628 5186 μόνον
1670 5117 1731 5171 ού
1771 5117 1921 5172 δοκεῖ
1958 5135 2037 5172 σο-

462 5193 592 5263 φίας
618 5193 876 5260 ἐπίδειξις
897 5189 1057 5260 εἶναι,
1082 5194 1217 5248 ἀλλὰ
1240 5196 1336 5249 καὶ
1358 5199 1566 5269 μωρίας
1588 5200 1851 5271 ὑπόληψις
1871 5217 1882 5229 ·
1909 5202 2037 5256 ὅταν

458 5272 553 5330 οῦν
596 5277 646 5330 οἰ
680 5279 882 5348 σημεῖα
936 5278 1031 5331 καὶ
1078 5278 1269 5348 σοφίαν
1316 5278 1604 5350 ζητοῦντες
1638 5283 1712 5355 μὴ
1760 5286 1919 5355 μόνον
1960 5285 2035 5357 μὴ

458 5358 808 5429 λαμϐάνωσιν
839 5359 981 5431 ἅπερ
1019 5361 1285 5421 αἰτοῦσιν.
1331 5361 1467 5416 ἀλλά
1496 5365 1589 5418 καὶ
1621 5365 1687 5418 τὰ
1722 5369 1937 5423 ἐναντία
1960 5363 2034 5422 ὧν

460 5440 816 5514 ἐπιθυμοῦσιν
832 5442 1125 5509 ἀκούωσιν,
1144 5440 1262 5498 εἶτα
1280 5444 1368 5500 διὰ
1390 5447 1498 5500 τῶν
1523 5450 1777 5503 ἐναντίων
1801 5452 2033 5504 πείθων-

457 5540 570 5588 ται,
606 5525 722 5591 πῶς
746 5526 846 5578 οὐκ
891 5525 1094 5597 ἄφατός
1139 5530 1286 5583 ἐστιν
1315 5531 1349 5603 ή
1380 5530 1473 5584 τοῦ
1508 5534 1912 5604 κηρυττομένου
1951 5534 2035 5588 δύο

458 5622 621 5677 ναμις
643 5624 661 5674 ;

530 5752 743 5825 Ὠσπερ
769 5754 836 5809 ἂν
874 5757 929 5811 εί
964 5776 1069 5813 τινι
1104 5762 1208 5815 τῶν
1241 5762 1720 5836 κλυδωνιζομένων
1756 5767 1850 5819 καὶ
1878 5765 2035 5837 λιμέ-

456 5854 545 5904 νος
573 5840 984 5911 ἐπιθυμούντων
1016 5846 1090 5919 μὴ
1121 5845 1315 5918 λιμένα
1345 5849 1545 5917 δείξας,
1576 5851 1691 5906 ἀλλ’
1720 5851 1907 5923 ἕτερον
1936 5852 2032 5923 μέ-

3651 238 3741 298 56

2134 377 2228 433 ρος
2276 361 2371 415 τοῦ
2428 362 2698 429 πελάγους
2740 362 3091 433 ἀγριώτερον,
3143 360 3378 432 δυνηθῇς
3427 360 3663 431 ποιῆσαι
3701 373 3736 404 ο

2135 445 2275 515 μετὰ
2302 446 2523 516 χάριτος
2544 446 2771 500 ἐπεσθαι
2788 461 2802 475 ’
2853 446 2887 516 ἢ
2921 446 3103 514 ἰατρὸς
3129 445 3219 498 τὸν
3245 444 3584 517 τετρωμένον
3620 443 3746 499 καὶ

2133 528 2440 598 φαρμάκων
2473 528 2843 595 ἐπιθυμοῦντα
2875 528 2949 599 μὴ
2978 527 3067 582 διὰ
3094 527 3423 598 φαρμάκων,
3457 526 3594 582 ἀλλά
3626 526 3739 580 διὰ

2126 609 2221 661 τοῦ
2252 610 2430 664 καίειν
2462 611 2626 664 πάλιν
2649 610 3117 681 ἐπαγγελλόμενος
3144 609 3273 680 ὑγιῆ
3311 611 3505 673 ποιεῖν,
3545 610 3736 679 ἐφέλο

2129 706 2276 744 κοιτο
2306 693 2442 761 πρὸς
2464 693 2651 746 ἐαυτὸν
2668 692 2933 763 (μεγάλης
2958 692 3065 762 γὰρ
3089 692 3249 744 τοῦτο
3265 690 3566 762 δυνάμεως)
3583 707 3597 721 ⁸
3620 690 3739 746 05-

2127 790 2205 826 τω
2230 776 2323 827 καὶ
2353 776 2401 847 οἰ
2426 776 2711 830 ἀπόστολοι
2734 776 2794 829 οὐ
2828 776 2988 845 μόνον
3020 776 3079 827 ού
3115 775 3145 814 ιι
3174 773 3261 827 διὰ
3292 774 3539 844 σημείου,
3570 774 3733 830 ἀλλὰ

2129 857 2221 909 καὶ
2250 856 2337 909 διὰ
2363 858 2685 928 πράγματος
2708 857 2989 922 δοκοῦντος
3015 858 3263 912 ἐναντίου
3290 852 3430 911 εἶναι
3461 860 3573 922 τοῖς
3607 876 3732 929 ση-

2134 937 2307 1007 μείοις
2339 941 2737 1010 περιεγένοντο⁶
2771 943 2909 1013 ὅπερ
2939 941 3033 995 καὶ
3076 941 3169 994 ἐπὶ
3217 938 3313 994 τοῦ
3358 940 3558 1009 τυφλοῦ
3603 957 3732 994 πε·-

2131 1022 2357 1091 ποίηκεν
2385 1024 2413 1076 6
2447 1024 2698 1095 Χριστός.
2731 1024 3063 1093 Βουλόμενος
3098 1023 3208 1093 γὰρ
3251 1023 3413 1076 αὑτὸν
3441 1023 3734 1094 θεραπεῦ-

2133 1121 2245 1168 σαι,
2269 1104 2357 1159 διά
2378 1107 2701 1177 πράγματος
2728 1108 3085 1171 ἐπιτείνοντος
3110 1108 3208 1177 τὴν
3230 1108 3478 1177 πήρωσιν
3508 1106 3730 1159 ἀνεῖλε·

2131 1189 2301 1260 πηλὸν
2333 1190 2440 1261 γὰρ
2474 1190 2764 1260 ἐπέθηκεν.
2802 1192 3014 1261 Ὥσπερ
3041 1185 3135 1244 οῦν
3162 1188 3251 1243 διά
3279 1190 3453 1260 πηλοῦ
3488 1188 3579 1243 τὸν
3610 1206 3732 1242 1o-

2133 1271 2263 1341 φλδν
2310 1272 2697 1344 ἐθεράπευσεν,
2751 1271 2894 1326 οὕτω
2940 1273 3036 1327 καὶ
3095 1272 3195 1343 τὴν
3242 1274 3567 1343 οἰκουμένην
3622 1271 3733 1325 διὰ

2133 1354 2368 1428 σταυροῦ
2402 1356 2801 1427 προσηγάγετο·
2824 1357 2958 1427 ὅπερ
2980 1356 3266 1428 προσθήκη
3293 1352 3361 1427 ἦν
3391 1355 3732 1419 σκανδάλου,

2132 1437 2232 1490 οὐκ
2265 1437 2542 1508 ἀναίρεσις
2576 1439 2893 1493 σκανδάλου.
2925 1437 3080 1493 οὕτω
3107 1438 3202 1493 καὶ⁵
3233 1439 3326 1492 ἐπὶ
3351 1438 3454 1509 τῆς
3482 1438 3734 1501 κτίσεως

2132 1519 2376 1591 ἐποίησε,
2406 1520 2475 1573 τά
2498 1522 2715 1574 ἐναντία
2739 1520 2827 1575 διά
2851 1522 2957 1574 τῶν
2986 1522 3241 1575 ἐναντίων
3265 1520 3732 1584 κατασκευάζων.

2133 1603 2362 1674 Ψάμμῳ
2394 1601 2526 1670 γοῦν
2559 1603 2831 1656 θάλασσαν
2852 1604 3107 1675 ἐτείχισε,
3137 1604 3216 1674 τῷ
3241 1604 3461 1658 ἀσθενεῖ
3476 1605 3536 1657 16
3560 1606 3730 1673 ἰσχυο

2136 1684 2229 1756 ρὸν
2274 1683 2601 1755 χαλινώσας·
2634 1686 2787 1739 ῦδατι
2839 1687 2941 1757 γῆν
2976 1685 3232 1757 ἐπέθηκε,
3264 1686 3343 1757 τῷ
3383 1686 3567 1757 χαύνῳ
3619 1685 3737 1740 καὶ

2133 1765 2440 1840 διαρῤέοντι
2485 1767 2546 1820 16
2576 1767 2715 1840 βαρὺ
2774 1770 2869 1823 καὶ
2910 1768 3114 1824 πυκνὸν
3167 1768 3482 1839 ἐποχεῖσθαι
3534 1785 3732 1839 παρα-

2136 1848 2429 1912 σκευάσας.
2460 1848 2560 1903 Διά
2597 1850 2705 1904 τῶν
2733 1853 3028 1923 προφητῶν
3055 1851 3219 1907 πάλιν
3243 1851 3387 1920 ξύλῳ
3422 1850 3604 1923 μικρῷ
3637 1849 3738 1903 σίου

2134 1931 2296 2003 δηρον
2327 1932 2712 2003 ἐμετεώρισεν.
2748 1933 2903 1989 Οὕτω
2930 1936 2994 2007 δὴ
3024 1937 3118 1990 καὶ
3148 1934 3369 2006 σταυρῷ
3401 1936 3498 2006 τὴν
3528 1938 3723 1989 οἰκου-

2139 2015 2307 2087 μένην
2339 2017 2707 2073 ἐπεσπάσατο.
2741 2018 2953 2090 Ὥσπερ
3002 2019 3111 2090 γὰρ
3159 2019 3220 2073 16
3273 2018 3419 2090 ὕδωρ
3458 2017 3730 2089 βαστάζει

2134 2099 2233 2168 τὴν
2253 2102 2378 2170 γῆν,
2410 2098 2553 2154 οὕτω
2581 2100 2675 2154 καὶ
2712 2101 2742 2153 6
2771 2101 3004 2172 σταυρὸς
3031 2100 3290 2171 βαστάζει
3332 2100 3431 2171 τὴν
3456 2101 3728 2171 οἰκουμὲο

2133 2200 2254 2252 νην.
2287 2183 2549 2252 Μεγάλης
2578 2183 2756 2239 τοίνυν
2786 2184 3067 2255 δυνάμεως
3092 2185 3185 2239 καὶ
3214 2184 3405 2253 σοφίας
3440 2184 3731 2250 ἀπόδειξις

2133 2266 2195 2318 16
2244 2265 2334 2319 διά
2373 2265 2483 2319 τῶν
2531 2266 2788 2321 ἐναντίων
2848 2266 3077 2323 πείθειν.
3124 2268 3236 2323 Καὶ
3277 2266 3387 2337 γάρ
3416 2265 3735 2321 σκανδάλου

2135 2352 2372 2423 πρᾶγμα
2398 2352 2428 2404 6
2457 2350 2689 2422 σταυρὸς
2711 2346 2853 2405 εἶναι
2879 2350 3046 2417 δοκεῖ,
3075 2350 3190 2405 ἀλλ’
3209 2352 3355 2420 ὅμως
3381 2351 3440 2403 οὐ
3467 2349 3628 2420 μόνον
3653 2349 3729 2403 οὐ

2136 2431 2497 2496 σκανδαλίζει,
2531 2432 2668 2486 ἀλλά
2710 2433 2804 2487 καὶ
2834 2432 3139 2503 ἐφέλκεται.
3167 2432 3328 2487 Ταῦτ’
3363 2428 3456 2486 οὗν
3496 2431 3733 2486 ἅπαντα

2134 2517 2394 2587 ἐννοήσας
2447 2518 2475 2570 6
2526 2517 2737 2581 Παῦλος
2769 2518 2863 2571 καὶ
2895 2518 3211 2586 ἐκπλαγεὶς,
3257 2516 3464 2584 ἔλεγεν,
3522 2515 3606 2569 ὅτι
3640 2514 3729 2570 Τὸ

2130 2599 2333 2669 μωρὸν
2364 2598 2472 2653 τοῦ
2503 2600 2653 2654 Θεοῦ
2682 2600 3028 2670 σοφώτερον
3056 2599 3177 2655 τῶν
3200 2599 3526 2668 ἀνθρώπων
3559 2598 3723 2663 ἐστὶ,

2135 2681 2253 2755 [28]
2280 2682 2382 2736 καί
2421 2682 2486 2736 τὸ
2532 2683 2790 2750 ἀσθενὲς
2831 2683 2937 2739 τοῦ
2975 2683 3124 2739 Θεοῦ
3169 2684 3561 2753 ἰσχυρότερον
3597 2681 3729 2736 τῶν

2134 2766 2463 2835 ἀνθρώπων
2491 2767 2642 2821 ἐστι·
2674 2769 2802 2839 περὶ
2830 2766 2923 2822 τοῦ
2960 2767 3196 2839 σταυροῦ
3235 2768 3408 2836 λέγων
3441 2768 3501 2821 16
3534 2768 3728 2839 μωρὸν

2134 2849 2229 2903 καὶ
2268 2849 2330 2903 16
2361 2849 2608 2916 ἀσθενὲς,
2639 2850 2702 2904 ού
2728 2851 2790 2904 16
2818 2850 2899 2916 6v,
2929 2849 3066 2904 ἀλλὰ
3109 2852 3168 2904 16
3192 2849 3401 2904 δοκοῦν⁹
3439 2849 3576 2920 πρὸς
3607 2849 3727 2921 γάρ

2133 2932 2231 3002 τὴν
2261 2932 2484 2986 ἐκείνων
2510 2932 2780 3004 ὑπόληψιν
2807 2934 3183 3005 ἀποκρίνεται.
3214 2935 3280 2988 '0
3305 2933 3417 3004 γὰρ
3438 2934 3539 2987 οὐκ
3564 2933 3729 3004 ἰσχυ-

2136 3032 2235 3069 σαν
2267 3014 2547 3085 φιλόσοφοι
2589 3014 2678 3069 διὰ
2713 3014 2821 3069 τῶν
2855 3014 3229 3086 συλλογισμῶν
3277 3016 3518 3087 ποιῆσαι,
3557 3015 3732 3069 τοῦτο

2135 3098 2421 3169 ήδοκοῦσα
2447 3094 2587 3152 εῖναι
2622 3098 2802 3169 μωρία
2839 3098 3168 3173 κατώρθωσε
3193 3117 3208 3165 ;
3239 3099 3336 3163 Τίς
3357 3095 3450 3153 οῦν
3481 3098 3729 3168 σοφώτε-

2134 3202 2190 3237 τε
2202 3200 2327 3256 ρος;
2366 3185 2394 3237 6
2421 3184 2546 3247 τοὺς
2579 3182 2810 3246 πολλοὺς
2857 3183 3080 3248 πείθων,
3107 3183 3145 3255 ἢ
3173 3186 3203 3240 6
3235 3183 3472 3252 ὀλίγους,
3515 3181 3731 3255 μᾶλλον

2134 3266 2187 3320 δὲ
2238 3265 2461 3331 οὐδένας
2488 3265 2516 3317 6
2547 3265 2810 3337 περὶτῶν
2847 3265 3117 3336 μεγίστων
3160 3266 3384 3331 πείθων,
3434 3266 3468 3338 ἢ
3512 3267 3541 3319 6
3587 3265 3731 3338 περὶ

2134 3348 2243 3403 τῶν
2280 3347 2354 3418 μὴ
2383 3347 2610 3401 δεόντων
2636 3359 2699 3413 c;
2731 3349 2881 3401 Πόσα
2913 3348 3086 3419 ἔκαμε
3131 3348 3356 3403 Πλάτων
3382 3349 3477 3403 καὶ
3506 3347 3557 3400 οί
3595 3346 3728 3401 κατ’

2136 3432 2299 3485 αὐτὸν
2348 3430 2477 3502 περὶ
2530 3430 2797 3502 γραμμῆς
2841 3431 2937 3484 καὶ⁸
2977 3432 3177 3500 γωνίας
3221 3433 3317 3484 καὶ
3349 3431 3583 3501 στιγμῆς
3623 3430 3730 3484 καὶ

2137 3513 2389 3585 ἀριθμῶν
2430 3513 2633 3584 ἀρτίων
2692 3514 2787 3568 καὶ
2836 3516 3127 3585 περιττῶν,
3157 3514 3252 3569 καὶ
3289 3515 3420 3569 ῐσων
3465 3512 3727 3585 ἀλλήλοις

2138 3600 2232 3652 καὶ
2281 3598 2501 3657 ἀνίσων,
2542 3597 2637 3652 καὶ
2686 3597 2794 3653 τῶν
2843 3599 3102 3652 τοιούτων
3151 3598 3531 3669 διαλεγόμενος
3583 3598 3728 3669 ἡμῖν

2138 3681 2411 3753 ἀραχνίων
2428 3681 2544 3749 (καὶ
2566 3682 2673 3753 γάρ
2701 3680 2809 3734 τῶν
2834 3681 3172 3752 ὑφασμάτων
3199 3681 3424 3735 ἐκείνων
3447 3679 3726 3752 ἀχρηστό-

2136 3783 2272 3838 τερα
2297 3763 2470 3818 ταῦτα
2490 3764 2568 3835 τῷ
2600 3764 2742 3835 βίῳ),
2770 3765 2864 3818 καὶ
2892 3764 2955 3818 οὐ
2990 3764 3186 3835 μέγαν,
3217 3765 3278 3817 οὑ
3315 3764 3511 3836 μικρὸν
3537 3764 3725 3817 ἐντεῦ-

2139 3849 2230 3903 θεν
2262 3848 2550 3919 ὠφελήσας
2580 3849 2722 3903 οῦτω
2767 3848 2860 3902 τὸν
2890 3848 3005 3919 βίον
3033 3849 3331 3903 κατέλυσει
3364 3848 3506 3903 πόσα
3542 3848 3720 3918 ἐκαμε

2137 3934 2310 4000 δεῖξαι
2333 3932 2629 4003 ἐπιχειρῶν
2654 3932 2731 3995 ὡς
2757 3931 3024 3995 ἀθάνατος
3044 3933 3078 4003 ἡ
3112 3931 3279 4003 ψυχὴ,
3314 3932 3409 3985 καὶ
3435 3931 3587 3985 οὐδὲν
3616 3947 3718 3983 σα-

2139 4015 2237 4085 φὲς
2278 4014 2472 4081 εἰπὼν,
2522 4015 2643 4069 οὐδὲ
2672 4015 2866 4077 πείσας
2907 4013 3028 4068 τινὰ
3061 4014 3171 4068 τῶν
3210 4014 3515 4069 ἀκουόντων
3541 4011 3719 4074 οὓτως

2136 4100 2379 4171 ἀπῆλθεν
2404 4103 2417 4154 ῑ
2461 4100 2517 4153 '0
2544 4099 2601 4151 δὲ
2628 4101 2860 4169 σταυρὸς
2897 4098 2987 4152 διά
3011 4098 3236 4153 ἰδιωτῶν
3257 4098 3463 4160 ἐπεισε,
3498 4097 3594 4150 καὶ
3617 4095 3721 4164 τὴν

2136 4184 2460 4255 οἰκουμένην
2482 4183 2700 4237 ἅπασαν
2731 4183 3083 4237 ἐπεσπάσατο
3106 4183 3157 4245 δ,
3180 4182 3276 4236 καὶ
3298 4183 3397 4251 οὑχ
3426 4180 3565 4249 ὑπέρ
3605 4178 3713 4232 τῶν

2135 4267 2407 4337 τυχόντων
2438 4267 2799 4337 πραγμάτων,
2825 4266 2963 4320 ἀλλά
2991 4267 3116 4338 περὶ
3137 4265 3270 4319 Θεοῦ
3290 4262 3588 4332 διαλεχθεὶς
3615 4260 3710 4313 καὶ

2134 4353 2234 4422 τῆς
2266 4350 2407 4403 κατὰ
2434 4350 2692 4421 ἀλήθειαν
2733 4350 3031 4413 εὐσεϐείας,
3080 4348 3175 4401 καὶ
3210 4347 3309 4416 τῆς
3350 4343 3709 4411 εύαγγελικῆς

2137 4434 2431 4497 πολιτείας,
2461 4436 2554 4487 καὶ
2584 4434 2684 4504 τῆς
2714 4434 2819 4487 τῶν
2853 4433 3149 4504 μελλόντων
3181 4430 3431 4502 κρίσεως·
3458 4428 3551 4482 καὶ
3575 4427 3707 4483 πάν·

2132 4532 2231 4579 τας
2265 4516 2486 4585 ἐποίησε
2526 4515 2869 4587 φιλοσόφους,
2898 4516 3024 4579 τοὺς
3067 4513 3375 4585 ἀγροίκους,
3402 4511 3528 4574 τοὺς
3565 4509 3700 4565 ἰδιώ-

2132 4617 2251 4664 τας.
2280 4600 2420 4671 Ὅρα
2455 4601 2572 4664 πῶς
2616 4600 2680 4653 16
2724 4600 2907 4672 μωρὸν
2954 4599 3050 4652 τοῦ
3079 4597 3213 4651 Θεοῦ
3257 4596 3563 4668 σοφώτερον
3604 4594 3713 4648 τῶν

2133 4682 2456 4753 ἀνθρώπων,
2490 4684 2665 4738 καὶτὸ
2695 4684 2919 4747 ἀσθενὲς
2950 4684 3314 4755 ἰσχυρότερον.
3346 4681 3471 4745 Πῶς
3498 4679 3713 4750 ἰσχυρό-

2132 4783 2329 4837 τερον;
2361 4768 2483 4820 Ὅτι
2509 4770 2607 4838 τὴν
2640 4768 2968 4838 οἰκουμένην
3004 4767 3312 4838 ἐπέδραμεν
3342 4765 3580 4825 ἅπασαν,
3622 4762 3716 4815 καὶ

2134 4849 2344 4904 πάντας
2369 4850 2511 4903 κατά
2537 4851 2737 4921 κράτος
2762 4845 2895 4917 εἷλε,
2928 4851 3024 4904 κα)⁵
3056 4848 3268 4921 μυρίων
3295 4846 3714 4916 ἐπιχειρούντων

2134 4935 2326 4989 σϐέσαι
2355 4935 2449 4989 τοῦ
2485 4936 2889 5006 σταυρωθέντος
2910 4936 2971 4989 16
2989 4934 3183 5004 δνομα.
3210 4934 3516 4987 τούναντίον
3541 4930 3712 4997 ἐγένε⁴

2132 5034 2213 5072 το.
2246 5017 2418 5071 Τοῦτο
2447 5019 2546 5089 μὲν
2566 5019 2676 5089 γὰρ
2707 5020 2908 5090 ἧνθησε
2943 5020 3037 5072 καί⁸
3074 5018 3346 5071 ἐπέδωκεν
3381 5015 3476 5066 ἐπὶ
3506 5010 3714 5082 μεῖζον,

2132 5102 2328 5155 ἐκεῖνοι
2355 5102 2408 5155 δὲ
2442 5101 2720 5156 ἀπώλοντο
2753 5104 2849 5156 καὶ
2879 5100 3277 5172 διεφθάρησαν,
3307 5096 3400 5152 καὶ
3428 5098 3479 5150 οἰ
3508 5094 3716 5161 ζῶντες

2131 5183 2210 5254 τῷ
2257 5185 2585 5256 νεκρωθέντι
2636 5185 3019 5256 πολεμοῦντες,
3067 5184 3218 5239 οὐδὲν
3271 5182 3520 5251 ῖσχυσαν.
3548 5179 3713 5232 Ὥστε

2132 5268 2350 5321 ἐπειδὰν
2409 5270 2538 5341 εῖπῃ
2592 5286 2660 5340 με
2698 5270 2880 5340 μωρὸν
2931 5270 2961 5322 6
3000 5268 3225 5340 Ἕλλην,
3270 5266 3393 5320 τότε
3442 5265 3711 5319 δείκνυσιν

2132 5354 2321 5407 ἐαυτὸν
2352 5354 2472 5425 μεθ’
2506 5354 2811 5425 ὑπερϐολῆς
2843 5354 3045 5425 μωρόν·
3075 5354 3204 5407 ὅταν
3226 5349 3336 5422 ἐγὼ
3360 5349 3710 5421 νομιζόμενος

2129 5433 2269 5489 εἶναι
2292 5438 2421 5507 παρ’
2449 5437 2597 5509 αύτῷ
2624 5437 2825 5508 μωρὸς,
2854 5435 2948 5489 τοῦ
2975 5436 3140 5504 σοφοῦ
3171 5434 3448 5505 φαίνωμαι
3478 5429 3712 5499 σοφώτε-

2133 5537 2243 5584 ροςο
2270 5521 2398 5575 ὅταν
2425 5522 2523 5595 ἐμὲ
2550 5520 2752 5592 καλέσῃ
2780 5520 3005 5591 ἀσθενῆ,
3039 5520 3162 5575 τότε
3183 5519 3375 5574 ἐαυτὸν
3402 5516 3723 5576 ἀσθενέστεο,

2192 5745 2219 5772 ⁸
2243 5744 2365 5805 Reg.
2388 5746 2584 5806 δυνηθῇς
2598 5742 2777 5806 πεῖσαι.
2841 5745 2872 5785 ιι
2891 5748 3066 5796 Aberat
3087 5743 3162 5794 οὐ.
3241 5742 3266 5773 ο
3294 5740 3437 5806 ΗΘΒ.)
3593 5736 3712 5805 μηδὲ

2131 5805 2296 5874 ὄντων,
2317 5798 2419 5853 Eon
2440 5798 2587 5874 Ψῂιὲζ
2653 5803 2679 5845 ἀ
2691 5806 2956 5867 Leqcbalur
2974 5807 3135 5857 ἔπεισε
3151 5816 3215 5858 ex
3232 5798 3610 5868 prwcédenlibm
3634 5800 3710 5851 mh

2132 5866 2304 5919 deliret
2328 5866 2597 5931 repetitum.
3234 5866 3240 5868 ⁷
3352 5897 3373 5931 ,υ
