4100 6214
292 338 354 394 55
1325 336 1393 393 IN
1428 338 1648 398 EPIST.
1686 341 1708 398 l
1764 339 1854 398 AD

1957 336 2046 392 )R.
2089 334 2316 389 IIUMlL.
2362 334 2448 388 IV.
3460 339 3529 391 δε

288 449 703 526 praaiicationem
747 462 920 519 neque
965 446 1178 516 sapiens
1226 450 1444 519 juvatur
1489 469 1517 508 a
1558 455 1843 527 sapientia,

292 558 443 610 neque
471 541 754 604 imperitus
784 537 903 592 laedi
930 553 993 592 ur
1028 538 1095 593 ab
1141 540 1456 609 ignorantia.
1486 543 1593 600 Sed
1633 547 1678 600 si
1718 547 1846 616 quid

295 645 515 707 oporteat
529 630 848 686 admirabile
863 631 1060 699 dicere,
1079 631 1342 701 imperitia
1362 632 1430 688 ad
1446 637 1846 705 suscipiendum

302 723 623 797 opportunior
657 731 710 777 et
760 720 972 775 facilior
1013 730 1115 788 est,
1148 736 1305 792 quam
1350 724 1629 793 sapientia.
1663 725 1853 781 Pastor

305 817 421 879 enim
460 825 515 869 et
559 812 797 868 rusticus
825 811 965 868 hanc
1028 813 1185 869 citius
1231 816 1523 884 suscipiet,
1574 818 1850 873 ratiocinia

300 907 661 977 comprimens,
693 914 749 960 et
791 904 1020 960 Domino
1040 920 1100 961 se
1119 906 1344 963 dedens.
1371 907 1464 964 Sic
1492 924 1621 981 ergo
1647 911 1739 966 ille
1767 926 1853 965 sa-

296 1001 529 1074 pientiam
562 998 814 1068 perdidit.
844 998 979 1065 Quia
1006 999 1150 1054 enim
1191 1001 1338 1069 prior
1363 1003 1592 1070 seipsam
1636 1003 1851 1073 dejecit,

291 1092 347 1147 ad
366 1090 495 1146 nihil
528 1092 784 1157 deinceps
806 1088 952 1145 utilis
976 1099 1081 1146 est.
1098 1089 1231 1145 Cum
1264 1100 1538 1160 oporteret
1562 1095 1702 1148 enim
1730 1110 1850 1150 eam

291 1197 372 1238 sua
400 1182 645 1237 indicare
670 1188 725 1234 et
754 1195 851 1249 per
876 1194 1036 1248 opera
1070 1180 1236 1234 Deum
1270 1182 1473 1249 videre,
1505 1184 1695 1241 noluit.
1729 1186 1853 1241 ldeo

290 1274 328 1329 si
354 1286 407 1328 se
425 1273 544 1340 jam
572 1271 827 1326 inducere
856 1270 1034 1335 vellet,
1067 1286 1176 1326 non
1226 1283 1429 1340 potest;
1462 1288 1566 1328 non
1597 1279 1736 1331 enim
1769 1293 1854 1334 res

289 1368 349 1423 ita
366 1380 421 1420 se
442 1364 683 1419 habent:
704 1365 820 1418 haec
839 1365 982 1418 enim
1003 1364 1067 1417 ad
1090 1365 1447 1435 cognitionem
1476 1367 1566 1422 Dei
1588 1369 1678 1423 via
1699 1369 1855 1440 longe

291 1455 443 1525 major
473 1454 569 1508 illa
596 1462 701 1510 est.
733 1453 859 1509 Ideo
903 1452 1008 1508 lide
1036 1462 1089 1507 et
1118 1454 1460 1524 simplicitate
1488 1472 1622 1527 opus
1648 1468 1765 1514 est:
1792 1461 1855 1514 il-

291 1548 378 1603 lam
417 1555 645 1618 oportet
679 1561 896 1617 semper
932 1560 1176 1616 quaerere
1217 1557 1271 1601 et
1309 1557 1546 1603 externa
1584 1551 1857 1620 sapientia:

285 1655 633 1716 anteponere;
662 1661 786 1701 nam
835 1645 1060 1702 Stultum
1088 1647 1206 1717 fecit
1234 1645 1395 1713 Deus,
1427 1648 1619 1718 inquit,
1650 1648 1857 1715 sapiena

288 1739 410 1794 tiom.
458 1736 604 1804 Quid
649 1746 730 1792 est
775 1743 977 1802 autem,
1010 1736 1237 1792 Stultum
1279 1738 1434 1809 fecit?
1476 1738 1703 1794 Stultam
1735 1749 1856 1790 esse

285 1829 507 1886 ostendit
558 1828 625 1883 ad
676 1827 837 1882 iidem
893 1826 1476 1898 comprehendendam.
1525 1828 1660 1896 Quia
1707 1830 1851 1881 enim

282 1919 431 1973 altum
457 1917 752 1989 sapiebant
768 1918 840 1974 de
865 1917 978 1986 illa,
1009 1919 1178 1987 ipsam
1205 1920 1316 1975 cito
1343 1920 1658 1975 confutavit.
1694 1919 1855 1984 Quat-

280 2025 389 2065 nam
412 2010 508 2065 illa
532 2012 816 2080 sapientia,
840 2026 961 2078 quae
979 2019 1144 2080 caput
1165 2012 1422 2066 bonorum
1446 2026 1553 2066 non
1574 2009 1862 2066 inveniat?

275 2114 462 2172 Ellecit
503 2112 684 2182 igitur;
716 2118 778 2167 ut
819 2110 910 2167 illa
950 2112 1113 2164 stulta
1142 2112 1448 2176 appareret,
1492 2104 1619 2174 quia
1655 2102 1745 2157 illa
1787 2119 1850 2158 se

276 2208 504 2279 primam
544 2203 753 2260 refellit.
796 2202 853 2258 Si
882 2200 1027 2257 enim
1068 2198 1283 2270 quando
1320 2195 1616 2251 ratiociniis
1654 2192 1851 2247 licebat

275 2298 550 2363 invenire,
574 2295 703 2350 nihil
727 2292 993 2371 ostendit:
1028 2304 1169 2346 nunc
1194 2305 1316 2345 cum
1343 2303 1432 2343 res
1461 2285 1705 2342 feruntur
1730 2297 1847 2337 ma-

272 2390 437 2461 jores,
467 2385 737 2458 quomodo
754 2383 1028 2455 quidpiam
1050 2381 1310 2452 perﬁcere
1334 2380 1552 2448 poterit.
1588 2390 1711 2430 cum
1735 2373 1850 2428 sola

274 2482 372 2536 ﬁde
414 2494 559 2550 opus
601 2486 721 2543 est,
768 2492 875 2531 non
920 2471 1199 2530 facundia?
1242 2470 1468 2526 Stultam
1523 2481 1654 2536 ergo
1708 2464 1850 2518 illam

274 2574 504 2630 ostendit
540 2572 700 2627 Deus.
730 2569 933 2624 Placuit
958 2576 1134 2622 autem
1162 2564 1261 2636 ipsi
1288 2578 1381 2632 per
1409 2559 1686 2616 stultitiam
1716 2572 1853 2626 μιτρ-

272 2665 555 2721 dicatiouis
589 2663 821 2716 salutem
847 2660 1076 2721 donare;
1122 2655 1398 2711 stultitiam
1427 2667 1546 2723 qua:
1574 2664 1700 2704 vere
1743 2662 1850 2702 non

273 2759 390 2815 talis
417 2768 527 2822 est,
554 2754 648 2810 sed
676 2753 798 2808 talis
827 2767 947 2807 csse
971 2750 1194 2804 videtur.
1222 2747 1334 2801 lloc
1358 2760 1517 2814 porro
1545 2745 1720 2811 majus
1746 2748 1850 2807 est,

272 2849 404 2920 quod
436 2863 554 2901 non
589 2846 750 2900 aliam
774 2843 1088 2912 sapientiam
1117 2839 1203 2894 illa
1230 2836 1662 2892 excellentiorem
1693 2830 1853 2885 indu-

274 2958 409 3005 tens,
445 2957 552 3011 per
578 2953 721 3004 eam,
758 2952 876 3007 qua:
905 2932 1130 2990 stultitia
1155 2930 1436 2984 videbatur
1458 2941 1598 2990 esse,
1626 2938 1852 2993 supera-

276 3040 360 3090 rit.
383 3036 672 3090 Platonem
714 3029 912 3101 quippe
940 3025 1121 3096 ejccit,
1173 3038 1279 3078 non
1311 3037 1409 3093 per
1443 3020 1605 3075 alium
1635 3018 1852 3087 sapien-

277 3129 454 3184 tiorem
490 3122 898 3195 philosophum,
945 3117 1040 3173 sed
1071 3132 1165 3186 per
1210 3116 1449 3185 ignarum
1495 3113 1850 3180 piscatorem:

276 3221 342 3274 ita
367 3219 517 3274 enim
548 3225 605 3271 et
631 3213 801 3283 maior
831 3208 1013 3265 clades
1047 3207 1145 3261 fuit
1171 3214 1225 3260 et
1254 3203 1585 3274 splendidior
1611 3200 1850 3255 victoria.

274 3309 468 3365 Deinde
510 3305 694 3362 crucis
719 3304 969 3356 virtutem
1004 3295 1300 3353 ostendens
1327 3295 1402 3348 ait
1429 3312 1442 3346 :
1471 3292 1563 3346 22.
1599 3290 1852 3356 Quoniam

273 3413 311 3456 et
336 3400 517 3454 Judan'
550 3399 695 3467 signa
731 3399 927 3464 petunt,
967 3398 1016 3445 et
1059 3387 1223 3443 (ἔτιεοὶ
1252 3383 1553 3455 sapientiam
1577 3389 1810 3450 quierunt
1832 3395 1853 3433 :

274 3493 351 3547 23.
380 3507 477 3544 nos
503 3499 672 3541 autent
688 3484 1024 3556 prtvdicamus
1045 3478 1295 3533 Christum
1316 3475 1636 3542 cruciﬁxum,
1656 3472 1856 3525 Judtsis

275 3584 460 3652 quidem
491 3577 822 3640 scaudulum,
848 3572 1084 3645 gentibus
1099 3578 1265 3625 autent
1292 3567 1580 3630 stultitiam,
1607 3563 1697 3617 2t.
1732 3562 1854 3631 ipsis

278 3685 427 3728 autem
454 3672 678 3735 uocatis,
708 3668 909 3721 Judteis
943 3675 988 3719 et
1018 3661 1225 3728 Gra'cis,
1272 3660 1527 3715 Christum
1571 3656 1667 3710 Dei
1707 3656 1856 3709 uirtu-

279 3775 361 3819 tem
384 3774 429 3819 et
462 3762 572 3817 Dei
586 3759 913 3831 sapientiam.

340 3857 389 3910 5.
429 3855 633 3922 Magna
677 3858 759 3904 est
788 3848 1054 3903 dictorum
1094 3842 1395 3914 prudentia.
1426 3840 1547 3895 Vult
1584 3838 1728 3893 enim
1769 3837 1854 3892 di-

276 3963 389 4003 cere
412 3942 698 4017 quomodo
726 3956 820 4011 per
848 3937 1115 3993 contraria
1140 3934 1267 3989 vicit
1320 3934 1481 3999 Deus,
1509 3942 1563 3987 et
1589 3928 1856 4000 quomodo

278 4038 590 4110 pm-dicatio
617 4051 721 4089 non
749 4033 818 4086 sit
858 4030 1113 4086 humana.
1163 4025 1276 4080 Hoc
1302 4034 1480 4078 autem
1513 4022 1625 4075 vult
1650 4020 1854 4090 signiti-

276 4149 391 4188 eare
417 4152 430 4186 :
457 4133 604 4186 Cum
631 4127 880 4190 dicimus,
914 4122 1105 4192 inquit,
1131 4118 1352 4184 ludatis,
1375 4115 1605 4179 Credite,
1638 4128 1857 4180 respon-

276 4227 424 4290 dent,
454 4223 707 4276 Hortuos
736 4217 1016 4280 suscitate,
1044 4221 1229 4267 sanate
1258 4208 1641 4271 darmouiacos,
1673 4214 1856 4259 osten-

277 4318 374 4370 dite
401 4314 570 4370 nobis
612 4306 919 4380 signa.Nos
944 4313 1121 4360 autem
1148 4301 1276 4373 quid
1322 4301 1389 4355 ad
1435 4300 1550 4353 haec
1596 4296 1857 4351 dicimus?

276 4406 579 4462 Crucilixns
615 4409 670 4455 et
717 4406 958 4453 mortuus
1007 4404 1088 4449 est
1132 4394 1176 4448 is
1218 4393 1309 4462 qui
1360 4388 1699 4461 praedicatur.
1746 4387 1859 4442 lloc

277 4513 394 4552 vero
422 4493 607 4566 possit
633 4506 739 4546 non
789 4486 950 4543 modo
976 4486 1223 4541 nolentes
1274 4498 1380 4538 non
1427 4480 1718 4544 attrahere,
1763 4476 1857 4532 sed

278 4592 429 4645 «km
456 4588 715 4643 volentes
751 4579 1014 4651 repellere
1046 4595 1061 4633 :
1103 4586 1338 4633 attamen
1368 4590 1473 4629 non
1494 4572 1725 4643 repellit,
1763 4569 1858 4626 sed

276 4682 491 4737 attrahit
519 4686 581 4733 ct
608 4675 812 4731 detinet
839 4681 893 4727 et
934 4671 1119 4726 vincit.
1150 4669 1376 4723 Rursum
1408 4665 1579 4721 (ἔτωεὶ
1624 4679 1655 4718 a
1703 4663 1857 4719 nobis

275 4775 491 4843 exigunt
519 4766 885 4839 eloquentiam
901 4772 956 4819 et
975 4761 1359 4831 s0phismatutn
1381 4756 1718 4829 gravitatem.
1746 4752 1857 4809 Nos

275 4878 447 4922 autem
504 4862 599 4918 his
646 4871 858 4930 quoque
901 4868 1115 4911 erucem
1169 4850 1566 4921 prretlicatuus:
1615 4856 1671 4902 et
1713 4843 1856 4914 quod

274 4961 474 5018 iudicis
546 4952 881 5012 imbecillitas
929 4963 1050 5005 esse
1095 4944 1327 5009 videtur,
1378 4943 1479 4996 hoc
1527 4939 1729 4997 Gratcis
1776 4945 1861 4992 est

275 5057 525 5112 stultitia.
555 5051 687 5107 Cum
714 5056 890 5101 autem
939 5043 1042 5098 illis
1088 5055 1189 5093 non
1232 5034 1391 5090 modo
1421 5049 1482 5090 ea
1513 5048 1633 5104 quae
1672 5038 1858 5100 petunt

274 5162 378 5202 non
409 5146 741 5217 pnebemus,
782 5136 874 5193 Sed
914 5136 1074 5190 etiam
1113 5129 1293 5200 petitis
1336 5125 1601 5182 Contraria
1629 5123 1854 5187 damus;

271 5211 579 5293 austerum
610 5248 717 5287 non
763 5226 924 5283 modo
962 5225 1170 5292 signum
1219 5234 1325 5272 non
1359 5217 1567 5272 videtur
1595 5229 1737 5279 esse,
1762 5211 1856 5267 sed

273 5332 460 5392 etiam,
479 5327 527 5381 si
552 5323 759 5381 ratione
779 5317 1132 5379 examinctur,
1156 5312 1290 5382 signi
1313 5307 1582 5377 ademptio
1606 5314 1818 5375 putatur
1842 5321 1857 5369 ;

274 5436 371 5477 nec
418 5416 588 5474 modo
641 5428 750 5470 non
793 5408 1005 5464 videtur
1049 5406 1257 5459 virtutis
1307 5400 1714 5463 demonstratio,
1763 5394 1859 5449 sed

276 5515 436 5567 etiam
461 5503 845 5564 imbecillitatis
870 5507 1262 5569 argumentum,
1297 5508 1397 5548 nec
1438 5490 1596 5544 modo
1639 5505 1743 5541 non
1776 5501 1861 5540 Sa-

280 5603 502 5676 pientia:
528 5595 781 5662 ostensio,
808 5591 904 5648 sed
943 5589 1103 5645 etiam
1146 5585 1385 5640 stultitia:
1423 5580 1656 5650 suspicio
1687 5597 1701 5634 :
1738 5592 1857 5631 cum

274 5670 403 5766 ergo
473 5692 625 5763 signa
676 5697 732 5745 et
776 5682 1092 5755 sapientiam
1137 5686 1471 5750 quaerentes,
1520 5687 1624 5726 non
1682 5670 1856 5723 solum

278 5761 383 5844 non
411 5761 687 5854 accipiant
714 5794 777 5835 ea
806 5791 925 5849 qua:
957 5779 1162 5844 petunt,
1196 5770 1291 5826 sed
1320 5764 1585 5824 contraria
1638 5761 1701 5816 iis
1741 5774 1860 5829 qua:

1952 448 2259 505 desiderant
2285 447 2522 512 audiant,
2552 461 2615 500 ac
2641 446 2836 504 deinde
2866 462 2962 518 per
2988 450 3256 510 contraria
3305 465 3525 516 persna-

1950 541 2215 607 deantur;
2244 538 2517 611 quomodo
2545 553 2651 593 non
2676 537 2958 595 inell'abilis
2981 538 3523 612 lberitejusquiprte—

1950 633 2159 688 dicatur
2190 631 2396 686 virtus?

2021 724 2250 778 Christus
2311 739 2401 793 per
2468 722 2725 777 contraria
2784 720 3091 790 persuadet,
3144 722 3415 793 quomodo.
3458 751 3529 762 —

1951 814 2411 884 Quemadmodum
2459 815 2503 868 si
2544 814 2629 868 cui
2671 829 2889 881 eorum,
2918 814 3011 884 qui
3041 813 3287 868 ﬂuctibus
3323 820 3528 882 jactan-

1950 919 2038 964 tur
2066 918 2120 963 et
2141 917 2349 978 portum
2370 906 2696 972 desiderant,
2725 920 2832 960 non
2862 906 3152 961 ostendens
3178 916 3408 975 portum,
3432 906 3528 961 sed

1949 1002 2107 1056 aliam
2141 1001 2308 1071 pelagi
2357 1008 2562 1070 partem
2609 999 2912 1067 suaviorem,
2954 1013 3141 1069 posses
3186 999 3437 1065 efﬁcere,
3469 1009 3530 1054 ut

1951 1093 2146 1160 gratias
2172 1105 2337 1161 agens
2372 1098 2720 1160 sequeretur;
2750 1090 2834 1144 vel
2865 1090 2911 1146 si
2942 1089 3183 1145 medicus
3207 1089 3442 1145 saucium
3474 1100 3529 1144 et

1951 1183 2338 1238 medicamenta
2368 1183 2691 1251 cupientem,
2722 1197 2828 1237 non
2857 1181 3179 1251 pharmacis,
3207 1183 3303 1237 sed
3334 1183 3524 1239 iterum

1951 1276 2156 1331 urendo
2195 1276 2451 1345 pollicens
2495 1292 2553 1330 se
2590 1291 2782 1331 sanum
2833 1276 3163 1329 redditurum
3189 1292 3331 1343 esse,
3361 1279 3426 1330 ad
3468 1292 3530 1331 se

1951 1368 2101 1423 illum
2129 1369 2455 1434 attraheret;
2497 1368 2600 1423 hoc
2646 1369 2789 1422 enim
2835 1383 3039 1438 magiae
3083 1369 3295 1422 virtutis
3337 1377 3524 1423 esset:

1950 1457 2023 1513 ita
2052 1468 2106 1514 et
2132 1458 2360 1528 apostoli
2392 1473 2497 1513 non
2530 1458 2691 1513 modo
2714 1473 2820 1513 nou
2863 1473 2959 1528 per
2984 1459 3216 1529 signum,
3244 1457 3340 1513 sed
3367 1461 3528 1514 etiam

1952 1564 2048 1621 per
2089 1565 2225 1611 rem.
2256 1565 2377 1620 quae
2421 1549 2586 1619 signis
2614 1550 2882 1604 contraria
2927 1564 3051 1605 esse
3088 1549 3385 1615 videbatur,
3433 1564 3528 1604 su-

1951 1649 2290 1710 peraverunt.
2330 1640 2483 1710 Quod
2513 1642 2674 1719 etiam
2706 1641 2761 1696 in
2788 1656 2933 1696 caeco
2960 1640 3204 1698 Christus
3226 1641 3375 1697 fecit.
3392 1640 3528 1696 Cum

1951 1734 2113 1791 vellet
2153 1735 2296 1791 enim
2337 1736 2513 1805 ipsum
2554 1749 2766 1802 curare,
2796 1750 2893 1804 per
2923 1751 3037 1790 rem
3079 1751 3199 1806 qua:
3235 1736 3529 1790 caecitatem

1949 1836 2202 1898 augeret,
2252 1826 2395 1880 illam
2450 1826 2705 1892 sustulit;
2753 1842 2878 1881 nam
2928 1827 3100 1881 lutum
3144 1827 3415 1898 imposuit.
3460 1825 3533 1883 Ut
3598 1814 3612 1826 ’

1948 1933 2079 1990 ergo
2107 1935 2203 1989 per
2242 1919 2411 1973 lutum
2437 1933 2640 1974 mecum
2669 1920 2899 1983 sanavit,
2927 1919 3006 1975 sic
3031 1919 3217 1975 orbem
3250 1928 3405 1974 terrae
3433 1933 3532 1989 per

1955 2024 2167 2066 erucem
2194 2010 2416 2065 adduxit
2444 2029 2457 2064 :
2492 2011 2544 2065 id
2576 2011 2718 2080 quod
2758 2011 2994 2066 scandali
3035 2011 3237 2066 additio
3260 2023 3396 2079 erat,
3423 2027 3533 2068 non

1951 2102 2184 2157 sublatio
2209 2101 2468 2156 scandali.
2512 2102 2603 2157 Sic
2631 2102 2793 2156 etiam
2839 2102 2892 2156 in
2918 2104 3189 2159 creatione
3228 2102 3372 2167 fecit,
3403 2117 3534 2158 con-

1953 2194 2113 2247 traria
2133 2192 2420 2247 contrariis
2444 2207 2733 2262 apparatis.
2756 2193 2933 2248 Arena
2952 2193 3150 2264 quippe
3171 2209 3318 2249 mare
3342 2194 3529 2263 cinxit,

1956 2285 2171 2339 inlirmo
2214 2283 2450 2338 validum
2482 2283 2762 2339 relrenaus
2790 2303 2805 2340 :
2835 2299 2989 2354 aqua:
3018 2293 3213 2340 terrain
3258 2288 3529 2356 imposuit,

1952 2376 2186 2431 molliet
2228 2376 2395 2431 ﬂuido
2439 2376 2665 2431 densum
2718 2385 2773 2431 et
2820 2378 3052 2431 solidum
3096 2378 3399 2449 imponens.
3430 2378 3534 2435 Per

1953 2469 2242 2540 prophetas
2266 2484 2478 2540 quoque
2507 2485 2672 2539 parvo
2701 2469 2845 2540 ligno
2891 2470 3094 2525 ferrum
3124 2472 3324 2527 eduxit.
3352 2472 3442 2528 Sic
3479 2482 3535 2528 et

1954 2575 2114 2615 cruce
2140 2560 2325 2615 orbem
2351 2561 2588 2615 attraxit.
2615 2560 3075 2627 Quemadmodum
3101 2562 3244 2618 enim
3272 2578 3406 2634 aqua
3430 2574 3537 2619 ter-

1955 2668 2066 2707 ram
2088 2661 2281 2721 gestat,
2301 2651 2373 2705 ita
2393 2666 2522 2707 crux
2542 2654 2730 2706 orbem
2752 2660 2911 2707 terrae
2934 2660 3132 2723 portat.
3150 2653 3354 2724 Magnae
3373 2655 3536 2724 igitur

1956 2748 2165 2803 virtutis
2193 2756 2247 2802 et
2285 2747 2563 2817 sapientia:
2612 2757 2988 2818 argumentum
3017 2757 3099 2803 est
3145 2762 3243 2819 per
3268 2748 3534 2803 contraria

1957 2840 2303 2912 persuadere.
2333 2840 2474 2896 Crux
2503 2840 2647 2896 enim
2692 2840 3003 2895 scandalum
3045 2853 3168 2895 esse
3207 2839 3450 2907 videtur;
3481 2851 3537 2895 et

1958 2944 2131 2990 tamen
2186 2949 2293 2990 non
2349 2935 2526 2990 solum
2578 2948 2684 2988 non
2724 2932 3047 2988 oll'endiculo
3083 2943 3201 3000 est,
3241 2932 3335 2988 sed
3373 2933 3534 2987 etiam

1959 3027 2138 3082 trahit.
2171 3027 2297 3082 lltcc
2321 3026 2501 3096 itaque
2529 3026 2707 3082 omnia
2752 3025 2994 3095 cogitans
3021 3024 3241 3092 Paulus,
3269 3035 3325 3081 et
3348 3026 3535 3080 obstu-

1959 3135 2185 3191 pesceus
2223 3119 2485 3175 dicebat:
2533 3118 2684 3185 Quod
2730 3117 2939 3172 stultum
2984 3126 3057 3171 est
3094 3115 3212 3183 Dei,
3261 3116 3537 3187 sapientius
3638 3192 3646 3198 .

1957 3222 2029 3266 est
2059 3212 2380 3276 hominibus;
2427 3218 2472 3264 et
2496 3210 2631 3280 quod
2660 3209 2922 3277 inﬁrmum
2965 3218 3038 3262 est
3074 3206 3195 3270 Dei.
3242 3209 3420 3278 fortius
3462 3218 3535 3262 est

1959 3308 2263 3360 hominibus.
2295 3305 2525 3360 Stultum
2553 3310 2608 3357 et
2647 3302 2914 3356 inlirmum
2941 3301 3146 3365 dicens,
3175 3301 3242 3354 de
3269 3315 3427 3354 cruce
3458 3302 3536 3353 lu-

1958 3398 2158 3469 quitur,
2192 3412 2299 3451 non
2325 3396 2465 3466 quod
2492 3402 2594 3458 est,
2626 3392 2722 3448 sed
2767 3391 2907 3463 quod
2938 3391 3158 3446 videtun
3180 3405 3302 3446 esse
3327 3390 3531 3461 signiﬁ-

1957 3503 2086 3544 cans
2115 3507 2129 3543 :
2161 3504 2283 3542 nam
2323 3486 2616 3541 secundum
2646 3484 2859 3538 illorum
2889 3481 3195 3552 opinionem
3227 3484 3537 3553 respondet:

1960 3580 2171 3635 Etenim
2196 3577 2338 3649 quod
2368 3594 2460 3646 per
2488 3575 2826 3648 syllogismos
2872 3572 3175 3644 philosophi
3213 3574 3387 3629 facere
3426 3589 3532 3627 non

1961 3682 2201 3741 potuere,
2225 3675 2324 3723 hoc
2355 3666 2580 3738 perfecit
2608 3682 2671 3721 ea
2698 3681 2816 3737 qua:
2839 3664 3120 3720 videbatur
3142 3680 3263 3720 esse
3289 3666 3532 3720 stultitia.

1960 3763 2088 3831 Quis
2117 3776 2248 3831 ergo
2274 3759 2587 3828 sapientior,
2616 3758 2662 3812 is
2689 3756 2780 3827 qui
2822 3755 3004 3811 multis
3050 3756 3356 3827 persuadet,
3384 3771 3450 3811 an
3487 3756 3534 3812 is

1959 3856 2051 3926 qui
2072 3852 2277 3927 paucis,
2305 3852 2416 3907 imo
2445 3866 2572 3905 vero
2597 3848 2763 3905 nulli?
2801 3849 2849 3904 is
2872 3849 2962 3919 qui
2990 3847 3060 3903 de
3087 3848 3249 3904 rebus
3286 3849 3534 3903 maximis

1962 3947 2266 4019 persuadet,
2313 3963 2380 3998 an
2429 3946 2476 3998 is
2517 3943 2611 4013 qui
2651 3943 2720 3996 de
2764 3943 2851 4008 iis,
2879 3957 3001 4011 quae
3048 3956 3157 3996 non
3188 3941 3534 4011 oporteret“!

1963 4045 2229 4108 Quantum
2276 4034 2540 4092 laboravit
2584 4032 2732 4089 Plato
2759 4031 2904 4086 circa
2950 4033 3140 4086 lineam
3189 4042 3245 4085 et
3284 4031 3532 4101 angulum

1961 4142 2017 4188 et
2042 4141 2317 4201 punctum,
2346 4142 2411 4182 ac
2440 4127 2507 4181 de
2531 4123 2772 4180 numeris
2815 4122 3032 4192 paribus
3052 4131 3108 4175 et
3150 4121 3460 4190 imparibus,
3481 4130 3537 4175 et

1961 4225 2101 4279 inter
2127 4236 2186 4275 se
2211 4218 2504 4289 aequalibus
2522 4226 2578 4271 et
2601 4213 2951 4282 inaequalibus
2970 4227 3031 4266 ac
3053 4211 3120 4266 de
3137 4210 3398 4265 similibus
3417 4226 3536 4263 ara-

1962 4327 2185 4371 nearum
2218 4311 2339 4366 telis
2369 4310 2517 4383 (hinc
2558 4308 2702 4363 enim
2732 4307 2787 4360 in
2814 4305 3024 4360 utiliora
3051 4305 3173 4359 vita:
3198 4313 3344 4369 sunt,
3375 4320 3531 4372 quam

1964 4405 2268 4477 hujusmodi
2296 4402 2562 4470 textura),
2581 4409 2777 4455 etcum
2803 4412 2902 4454 nec
2925 4413 3142 4468 parvum
3169 4411 3268 4452 nec
3286 4412 3534 4465 magnum

1963 4499 2090 4554 inde
2120 4496 2345 4552 fructum
2373 4496 2669 4561 attulisset,
2699 4492 2780 4548 sic
2817 4491 2982 4546 vitam
3026 4490 3237 4547 ﬁnivit?
3277 4501 3533 4560 quantum

1961 4591 2228 4648 laboravit
2255 4600 2311 4644 ut
2330 4587 2641 4643 ostenderet
2669 4585 2898 4640 animam
2927 4596 3050 4639 esse
3077 4582 3452 4651 immortalem.
3482 4591 3537 4637 et

1964 4686 2096 4740 nihil
2123 4684 2327 4740 clarum
2355 4681 2509 4746 dixit,
2538 4696 2601 4735 ac
2622 4695 2745 4735 cum
2775 4677 2975 4732 nemini
3004 4677 3303 4731 auditorum
3330 4676 3379 4729 id
3415 4691 3538 4747 per-

1964 4777 2336 4841 suasisset,sic
2351 4776 2490 4829 diem
2514 4772 2839 4827 obiit?Crux
2869 4780 3045 4823 autem
3076 4784 3171 4837 per
3202 4768 3413 4836 ignaros
3440 4767 3536 4819 lto-

1965 4870 2135 4927 mines
2179 4866 2471 4939 persuasit,
2501 4864 2608 4918 imo
2651 4860 2918 4931 persuasit
2956 4860 3048 4913 toti
3084 4857 3200 4912 orbi
3241 4866 3534 4923 terrarum;

1964 4978 2072 5018 non
2100 4960 2168 5016 de
2197 4958 2402 5015 levibus
2447 4953 2610 5010 rebus
2653 4952 2960 5015 disserens,
2991 4949 3086 5005 sed
3134 4949 3202 5004 de
3231 4949 3341 5004 Deo
3386 4948 3535 5004 etde

1964 5070 2092 5111 vera
2131 5051 2409 5122 religione,
2442 5047 2616 5116 deque
2641 5042 2950 5113 evangelica
2994 5042 3117 5096 vita:
3163 5040 3427 5107 instituto,
3472 5053 3535 5094 ae

1966 5152 2034 5206 de
2061 5147 2238 5202 futuro
2259 5140 2481 5213 judicio.
2513 5147 2673 5206 atque
2708 5135 2939 5190 rusticos
2975 5133 3323 5201 indoctosque
3348 5144 3535 5186 omnes

1966 5241 2094 5298 fecit
2146 5232 2514 5307 philosophos.
2550 5226 2980 5298 Videquomodo
3008 5224 3154 5296 quod
3207 5223 3424 5277 stultum
3454 5229 3535 5276 est

1968 5334 2083 5398 Dei,
2131 5325 2424 5398 sapientius
2467 5324 2536 5378 sit
2566 5321 2891 5384 hominibus,
2925 5327 2980 5373 et
3008 5317 3277 5371 inﬁrmum
3323 5312 3534 5366 fortius.

1966 5420 2244 5492 Quomodo
2274 5414 2508 5472 fortius?
2554 5411 2706 5479 Quod
2737 5420 2903 5465 totum
2932 5408 3114 5462 orbem
3144 5401 3455 5474 pervaserit,
3480 5407 3536 5454 et

1966 5528 2157 5574 omnes
2184 5513 2237 5567 vi
2264 5510 2487 5579 ceperit,
2506 5516 2561 5561 et
2585 5504 2725 5575 quod
2755 5500 3050 5557 innumeris
3069 5494 3319 5554 Crucilixi
3341 5507 3534 5547 nomen

1967 5609 2308 5677 exstinguere
2344 5598 2682 5662 conantibus,
2732 5592 3056 5649 contrarium
3099 5587 3336 5643 evenerit
3376 5603 3390 5640 :
3434 5583 3535 5638 hoc

2037 5767 2054 5795 ¹
2092 5770 2207 5823 ucg.
2230 5757 2397 5815 habet,
2421 5765 2530 5818 qua:
2552 5763 2646 5802 non
2668 5754 2795 5808 sunt,
2818 5760 2920 5809 pro,
2947 5758 3055 5810 qm?
3079 5757 3169 5794 non
3188 5747 3443 5803 oporteret.
