4090 6218
522 342 587 398 35
1273 331 1329 386 S.
1368 324 1644 386 JOANNIS
1672 320 2142 379 CIIRYSOSTOMI
2180 320 2499 379 ARCHIEP.
2538 322 3074 385 CONSTANTINOP.
3711 343 3785 399 ω

520 468 714 510 nomen
757 450 975 517 ﬂoruit,
1009 458 1064 503 et
1092 447 1349 515 majorem
1389 441 1441 494 in
1472 438 1689 494 modum
1718 437 1986 502 accrevit;
2020 434 2093 489 illi

520 560 650 601 vero
676 542 945 614 perierunt
968 548 1022 595 et
1047 539 1099 592 in
1122 535 1342 592 exitium
1364 541 1585 587 ruerunt
1607 549 1620 583 :
1639 544 1702 584 ac
1727 529 1966 583 viventes
1994 525 2092 582 ad-

524 648 708 689 versus
738 641 1004 686 mortuum
1034 626 1230 681 bellum
1256 631 1526 693 gerentes,
1558 620 1689 676 nihil
1729 629 1971 689 potuere.
1997 616 2099 670 Ita-

520 740 625 795 que
644 723 857 793 quando
884 733 968 773 me
996 725 1268 770 mortuum
1294 714 1514 770 Graecus
1538 713 1688 779 dicit,
1710 721 1835 766 tunc
1863 707 2097 764 ostendit

520 830 580 869 se
594 810 874 867 admodum
892 808 1113 862 stultum
1135 822 1256 862 esse
1272 823 1287 871 ;
1307 805 1520 876 quando
1537 819 1658 874 ego,
1674 804 1762 874 qui
1782 802 1957 857 abillo
1975 801 2101 855 stul-

521 910 606 959 tus
622 915 740 956 esse
761 899 1059 962 existimor,
1082 899 1325 968 sapiente
1354 896 1648 966 sapientior
1668 909 1903 965 appareo
1929 909 1942 949 :
1975 907 2100 947 cum

520 1008 606 1048 me
623 992 831 1047 vocabit
850 991 1139 1056 infirmum,
1156 1000 1280 1045 tunc
1299 990 1532 1059 seipsum
1557 988 1904 1042 infirmiorem
1930 995 2104 1041 osteno

519 1086 627 1140 det.
650 1086 777 1152 Quae
798 1085 939 1140 enim
960 1099 1054 1155 per
1072 1083 1164 1138 Dei
1193 1082 1421 1153 gratiam
1444 1090 1591 1135 recte
1619 1094 1780 1151 agere
1814 1075 2113 1149 potuerunt

519 1177 787 1247 publicani
833 1187 888 1232 et
916 1176 1237 1246 piscatores,
1273 1174 1386 1227 hmc
1432 1172 1754 1241 philosophi,
1784 1170 2016 1241 tyranni,
2048 1179 2104 1224 et

520 1277 576 1323 ut
608 1270 679 1323 ita
708 1268 908 1331 dicam,
959 1276 1099 1322 totus
1142 1266 1290 1321 orbis
1331 1265 1611 1320 innumera
1652 1264 2101 1327 circumcurrens,

520 1377 590 1416 ne
618 1362 895 1430 Imaginari
926 1361 1141 1430 quidem
1173 1358 1365 1428 potuit.
1394 1357 1529 1425 Quid
1558 1358 1700 1413 enim
1728 1372 1861 1411 crux
1890 1371 1994 1410 non
2022 1356 2105 1409 in-

520 1452 715 1506 duxit?
744 1452 817 1506 De
860 1450 1264 1506 immortalitate
1292 1450 1486 1506 anima:
1533 1449 1877 1515 sententiam,
1904 1448 1973 1503 de
2013 1463 2102 1502 rc-

521 1542 853 1597 surrectione
889 1556 1198 1610 corporum,
1248 1541 1315 1596 de
1355 1541 1612 1609 despectu
1658 1540 2005 1611 prmsentium
2048 1547 2105 1593 et

522 1634 589 1689 de
627 1633 924 1688 futurorum
965 1633 1252 1689 desiderio.
1296 1632 1554 1688 Homines
1591 1632 1810 1701 angelos
1848 1629 2009 1695 fecit,
2049 1638 2105 1684 et

523 1739 711 1780 omnes
748 1725 945 1795 ubique
994 1723 1462 1795 pliilOSOphautur,
1503 1738 1824 1792 onmemque
1853 1723 2102 1777 virtutem

525 1816 799 1871 exhibent.

592 1908 647 1962 4.
687 1907 791 1963 Sed
835 1910 993 1985 etiam
1042 1908 1179 1978 apud
1226 1909 1367 1972 illos,
1402 1908 1629 1978 inquies,
1677 1906 1826 1960 nmlti
1879 1916 2103 1961 mortem

524 2008 918 2069 contempsere.
946 2000 1205 2068 Quinam,
1237 1999 1463 2069 quanto?
1515 2014 1583 2052 an
1627 1998 1717 2053 ille
1742 1998 1833 2068 qui
1876 1998 2105 2052 cicutam

526 2092 697 2147 bibit?
720 2092 824 2165 Sed
852 2092 898 2147 si
924 2094 1078 2158 velis,
1107 2094 1419 2147 innumeros
1449 2091 1582 2146 tales
1606 2105 1672 2146 ex
1709 2090 1948 2145 Ecclesia
1976 2104 2106 2159 pro-

526 2183 715 2239 feram.
736 2185 792 2240 Si
821 2186 962 2239 enim
992 2186 1182 2240 liceret
1207 2186 1491 2253 ingruente
1513 2184 1922 2252 persequutione
1948 2189 2106 2251 epota

528 2275 700 2329 cicuta
748 2274 1031 2338 excedere,
1065 2283 1249 2329 essent
1295 2287 1483 2328 omnes
1509 2272 1605 2326 illo
1633 2272 1908 2326 clariores.

599 2365 836 2421 Socrates
859 2376 1061 2420 coactus
1088 2367 1304 2419 cicutam
1331 2365 1469 2418 bibit.
1514 2364 1805 2435 Martyrum
1830 2365 2104 2418 cruciatus.

527 2488 598 2498 -
628 2458 872 2528 Alioquin
918 2468 1095 2513 autem
1141 2458 1274 2512 bibit
1312 2457 1437 2525 ille,
1468 2472 1587 2511 cum
1634 2471 1739 2510 non
1787 2456 1971 2511 liceret
2009 2456 2110 2510 sibi

528 2556 620 2603 aut
666 2548 849 2604 bibere
895 2558 985 2602 aut
1030 2563 1135 2603 non
1185 2549 1406 2615 bibere;
1455 2548 1548 2603 sed
1587 2548 1747 2603 vellet
1788 2547 1957 2603 nollet
1994 2546 2110 2602 hare

529 2641 765 2710 oportuit
800 2639 974 2695 facere
1001 2658 1015 2695 :
1041 2639 1182 2710 quod
1214 2647 1317 2694 non
1350 2640 1560 2694 virtutis
1580 2680 1593 2703 ,
1637 2639 1733 2695 sed
1774 2638 2110 2693 neceSsitatis

530 2739 667 2785 erat.
697 2729 830 2786 Nam
870 2732 1106 2787 latrones
1145 2741 1200 2786 et
1239 2731 1553 2795 homicidte,
1582 2728 2108 2799 sententiajudicum

531 2822 800 2891 damnati,
843 2823 1086 2893 graviora
1115 2823 1253 2892 passi
1282 2832 1427 2878 sunt.
1456 2822 1611 2893 Apud
1649 2838 1745 2877 nos
1771 2831 1947 2877 autem
1978 2837 2111 2877 con-

534 2913 698 2967 trario
734 2913 892 2967 modo
926 2928 1013 2968 res
1049 2927 1109 2968 se
1135 2913 1332 2968 habet:
1367 2930 1471 2967 non
1497 2914 1639 2969 enim
1670 2915 1817 2969 inviti
1848 2926 2113 2983 martyres

537 3006 678 3076 passi
708 3014 864 3073 sunt,
893 3005 984 3061 sed
1016 3014 1207 3076 sponte
1226 3047 1240 3071 ,
1270 3015 1466 3061 etcum
1500 3022 1662 3076 penes
1689 3007 1810 3061 illos
1839 3015 1981 3061 esset
2005 3019 2112 3060 non

534 3098 677 3168 pati,
710 3097 990 3153 adamante
1018 3099 1257 3167 quolibet
1294 3097 1584 3153 firmiorem
1615 3098 1906 3152 exhibuere
1944 3097 2114 3151 virtu-

535 3199 663 3245 tem.
709 3190 824 3245 Non
868 3190 1063 3244 mirum
1098 3206 1227 3260 ergo
1267 3199 1383 3255 est,
1425 3192 1470 3245 si
1500 3190 1591 3245 ille
1615 3190 1841 3246 cicutam
1886 3190 2111 3256 biberit,

534 3298 655 3337 cum
679 3298 782 3338 non
814 3293 996 3353 posset
1023 3299 1049 3335 a
1079 3283 1167 3338 tali
1191 3293 1315 3353 potu
1343 3283 1629 3348 abstinere,
1660 3294 1713 3338 et
1738 3284 1802 3338 ad
1822 3292 2112 3339 extremam

537 3383 819 3443 provectus
846 3382 990 3429 esset
1028 3383 1356 3429 senectutem
1385 3392 1400 3430 :
1428 3374 1638 3429 dicebat
1665 3376 1806 3430 enim
1845 3391 1904 3430 se
1946 3389 2115 3429 annos

534 3464 865 3535 septuaginta
885 3474 1065 3519 natum
1087 3464 1299 3534 quando
1325 3465 1483 3518 vitam
1505 3467 1848 3535 contempsit,
1872 3462 1914 3518 si
1939 3474 2114 3518 tamen

537 3558 639 3614 hoc
680 3560 751 3615 sit
777 3569 1122 3616 contemnere
1156 3580 1169 3614 :
1203 3576 1305 3614 non
1350 3559 1491 3613 enim
1532 3574 1631 3629 ego
1675 3559 1803 3614 illud
1847 3558 2113 3623 dixerim,

538 3655 645 3707 imo
683 3670 857 3724 neque
898 3654 1038 3709 ullus
1074 3654 1230 3707 alius.
1256 3653 1361 3708 Sed
1392 3651 1614 3707 ostende
1645 3652 1773 3705 mihi
1798 3652 2031 3721 aliquem
2065 3654 2114 3705 in

539 3748 818 3801 tormentis
848 3762 943 3816 pro
988 3748 1073 3816 pia
1115 3747 1375 3817 religione
1405 3755 1835 3817 perseverantem
1861 3786 1876 3809 ,
1918 3755 1971 3801 ut
2017 3760 2116 3816 ego

539 3838 848 3894 innumeros
874 3839 1067 3909 ubique
1090 3856 1187 3912 per
1210 3840 1394 3896 orbem
1428 3838 1716 3909 proferam.
1748 3839 1879 3907 Quis
1907 3838 2117 3894 effossis

540 3932 826 4001 unguibus,
860 3932 909 3987 id
940 3933 1145 3988 fortiter
1174 3933 1333 3988 tulit?
1354 3934 1472 4004 quis
1492 3975 1507 3999 ,
1536 3950 1657 3989 cum
1684 3941 2001 3989 eruerentur
2030 3949 2118 3988 ar-

540 4022 686 4076 ticuli
711 4023 890 4093 ?quis,
922 4038 1043 4078 cum
1063 4039 1257 4094 corpus
1283 4026 1398 4093 ejus
1422 4024 1815 4094 discerperetur
1830 4032 1885 4078 et
1903 4037 2121 4092 separa-

543 4124 628 4168 tur
642 4130 670 4168 a
688 4116 1047 4186 capite‘tquis,
1060 4132 1181 4173 eum
1199 4131 1321 4172 ossa
1339 4117 1527 4186 capitis
1542 4115 1948 4171 extraherentur
1964 4116 1986 4169 ’ἒ
2002 4117 2120 4185 quis

541 4210 596 4264 in
624 4210 888 4279 sartagine
913 4208 1219 4279 frequenter
1239 4208 1486 4278 positus?
1511 4209 1630 4279 quis
1659 4209 1710 4262 in
1736 4208 1960 4265 lebetem
1985 4208 2121 4277 inje-

539 4300 690 4355 ctus?
717 4301 841 4356 Haec
861 4300 989 4355 mihi
1019 4300 1261 4357 ostende.
1286 4301 1416 4355 Nam
1439 4317 1502 4356 cx
1531 4303 1700 4356 cicuta
1733 4303 1865 4356 mori
1903 4300 2123 4371 perinde

540 4400 808 4461 estatque
828 4393 1181 4447 dormientem
1210 4407 1525 4462 permanere
1552 4412 1565 4447 :
1597 4409 1741 4448 mors
1767 4394 1909 4448 enim
1934 4393 2121 4461 hujus-

542 4481 686 4535 modi
721 4496 913 4535 somno
954 4484 1168 4536 suavior
1197 4496 1316 4536 esse
1342 4482 1556 4537 dicitur.
1589 4484 1740 4549 Quod
1768 4484 1811 4536 si
1843 4485 1930 4552 qui
1960 4483 2120 4538 etiam

544 4580 803 4624 tormenta
836 4572 1201 4640 pertulerunt,
1250 4572 1439 4626 horum
1466 4582 1612 4627 certe
1650 4573 1765 4627 laus
1793 4574 1949 4643 periit
1976 4589 1990 4627 :
2025 4588 2122 4643 pro

544 4663 683 4732 turpi
710 4663 850 4718 enim
884 4677 1042 4717 causa
1074 4664 1384 4734 perierunt;
1412 4664 1499 4717 alii
1531 4674 1586 4718 ιιι
1610 4665 1700 4735 qui
1730 4676 1935 4719 secreta
1966 4681 2122 4721 reve-

548 4756 765 4822 lassent,
810 4754 899 4809 alii
947 4765 1003 4808 ut
1044 4756 1133 4824 qui
1180 4754 1513 4826 tyrannidem
1545 4755 1900 4824 affectassent,
1937 4758 2026 4811 alii
2071 4759 2120 4813 in

545 4850 862 4918 turpissimis
889 4849 1049 4905 rebus
1077 4848 1399 4919 deprehensi
1426 4866 1440 4902 :
1469 4849 1556 4903 alii
1585 4850 1777 4904 frustra
1806 4860 1858 4904 et
1887 4861 2087 4905 temere
2105 4894 2118 4916 ,

545 4941 684 4993 nulla
714 4940 781 4995 de
813 4956 1007 5007 causa,
1052 4955 1172 4997 sese
1213 4940 1541 4996 detulerunt.
1583 4940 1686 4996 Sed
1727 4956 1833 4995 non
1873 4942 1941 4995 ita
1984 4943 2122 5010 apud

547 5046 666 5087 nos.
698 5031 821 5086 Ideo
861 5033 1073 5086 illorum
1098 5033 1311 5103 quidem
1337 5044 1484 5104 gesta
1521 5042 1796 5099 tacentur;
1840 5033 1954 5089 hzcc
1998 5050 2125 5088 vero

548 5122 740 5178 ﬂorent
774 5134 828 5178 et
858 5124 909 5177 in
948 5123 1064 5178 dies
1098 5135 1433 5181 accrescunt.
1480 5127 1632 5194 Quod
1662 5127 1901 5197 cogitans
1928 5126 2125 5181 Paulus

546 5206 758 5270 dicebat
790 5232 803 5267 :
835 5213 1107 5268 lnﬂrmum
1150 5214 1242 5269 Dei
1278 5214 1467 5270 fortius
1499 5227 1581 5272 est
1614 5219 1859 5272 omnibus
1900 5216 2128 5272 hornini-

549 5308 668 5363 bus.
691 5307 841 5375 Quod
868 5308 1010 5363 cnim
1031 5307 1209 5361 divina
1236 5308 1306 5361 sit
1333 5307 1656 5375 praedicatio,
1682 5310 1804 5364 inde
1828 5311 1987 5363 etiam
2012 5326 2123 5363 ma-

548 5402 796 5458 nifestum
826 5411 927 5456 est.
974 5400 1249 5457 Undcnam
1298 5402 1349 5454 in
1393 5412 1624 5456 mentem
1661 5404 1808 5458 venit
1844 5404 2126 5458 duodecim

548 5493 851 5550 hominibus
870 5496 1039 5563 iisque
1064 5494 1283 5565 ignaris,
1307 5493 1359 5547 in
1387 5494 1624 5559 lacubus,
1651 5493 1823 5550 ﬂuviis
1844 5503 1896 5549 ct
1916 5494 2128 5549 deserto

548 5587 917 5650 manentibus,
946 5595 1008 5639 ut
1043 5600 1131 5642 res
1167 5594 1342 5640 tantas
1374 5585 1824 5655 aggrederentur;
1853 5594 1909 5641 et
1937 5588 2000 5641 iis
2038 5586 2129 5656 qui

551 5690 837 5744 numquam
865 5676 1090 5731 fortasse
1116 5678 1166 5730 in
1198 5677 1381 5731 urbem
1407 5687 1460 5731 et
1487 5677 1539 5730 in
1569 5678 1736 5731 forum
1760 5687 2013 5731 venerant
2032 5717 2048 5743 ,
2074 5686 2129 5731 ut

555 5778 739 5826 contra
776 5778 944 5825 totum
983 5768 1167 5825 urbem
1202 5772 1369 5827 aciem
1401 5769 1768 5826 instruerent?
1797 5765 1949 5837 Quod
1981 5770 2123 5825 enim

2208 435 2536 531 formidolosi
2563 451 2744 531 essent
2777 451 2831 497 et
2859 444 3035 513 pusilli
3063 445 3257 517 animi,
3288 453 3521 509 ostendit
3547 456 3665 524 ille,
3694 462 3784 531 qui

2202 524 2271 581 de
2296 527 2362 581 iis
2390 529 2627 598 scripsit,
2659 532 2751 601 qui
2794 532 2845 588 id
2882 550 2987 589 non
3016 541 3303 605 recusavit,
3354 558 3529 614 neque
3575 524 3785 606 illorum

2205 616 2459 686 obtegere
2498 621 2624 676 vitia
2670 624 2837 679 voluit
2871 644 2882 680 :
2911 628 3053 697 quod
3098 633 3386 689 maximum
3424 648 3509 692 est
3551 642 3788 698 veritatis

2206 722 2601 780 argumentum.
2654 715 2791 783 Quid
2839 717 3001 789 igitur
3042 721 3135 777 ille
3176 722 3245 777 de
3288 725 3394 780 illis
3435 727 3596 784 dicit?
3634 730 3786 800 Quod

2204 800 2421 858 Christo
2449 808 2869 877 comprehenso,
2899 822 3021 882 post
3044 814 3320 873 innumera
3354 820 3493 876 edita
3531 824 3788 881 miracula

2204 893 2295 948 alii
2319 893 2585 966 fugerint,
2614 900 2702 955 ille
2739 917 2872 959 vero
2899 906 3125 962 aliorum
3152 910 3465 981 coryphmus
3493 915 3662 984 ipsum
3690 935 3786 975 ne-

2203 986 2431 1053 gaverit.
2465 986 2743 1045 Undenam
2771 1008 2899 1063 ergo
2929 995 3002 1049 illi
3030 1037 3043 1060 ,
3072 998 3160 1065 qui
3190 1000 3401 1057 vivente
3439 1003 3650 1061 Christo
3688 1007 3787 1063 Ju-

2206 1076 2445 1132 dzcorum
2462 1079 2716 1150 impetum
2738 1099 2844 1138 non
2868 1086 3115 1155 tulerant,
3136 1090 3227 1145 illo
3246 1101 3456 1149 mortuo
3479 1105 3533 1150 et
3550 1099 3787 1167 sepulto.

2204 1184 2326 1225 cum
2351 1187 2455 1226 non
2482 1177 2887 1245 resurrexisset,
2920 1189 2977 1234 ut
3004 1196 3096 1237 vos
3127 1183 3323 1251 dicitis,
3353 1202 3527 1257 neque
3546 1189 3791 1261 alloquu-

2209 1270 2295 1317 tus
2336 1263 2457 1318 illos
2502 1266 2711 1335 fuisset,
2759 1284 2934 1341 neque
2976 1273 3210 1330 animum
3255 1277 3554 1349 indidisset,
3605 1296 3791 1339 contra

2206 1363 2412 1411 tantum
2440 1358 2625 1414 orbem
2654 1369 2808 1416 terra:
2828 1364 2996 1420 aciem
3020 1366 3415 1425 instruxerunt?
3434 1374 3624 1429 Annon
3650 1375 3792 1446 apud

2206 1461 2266 1502 se
2285 1447 2565 1517 dixissent,
2589 1452 2725 1519 Quid
2752 1454 2853 1508 hoc
2880 1459 3005 1511 est?
3030 1459 3267 1529 seipsum
3315 1477 3420 1518 non
3467 1468 3638 1535 potuit
3671 1484 3793 1525 ser-

2207 1553 2335 1595 vare
2358 1581 2373 1606 ,
2405 1550 2461 1595 et
2486 1558 2585 1597 nos
2615 1549 2896 1617 proteget?
2922 1550 3022 1605 sibi
3048 1567 3203 1621 opem
3239 1570 3343 1609 non
3368 1557 3491 1612 tulit
3511 1560 3661 1614 vivus
3694 1604 3707 1626 ,
3736 1571 3793 1619 et

2208 1630 2361 1685 nobis
2391 1648 2606 1688 manum
2634 1638 2816 1693 tendet
2841 1651 3083 1697 mortuus
3103 1643 3127 1696 ἲ
3155 1645 3267 1714 ipse
3283 1644 3438 1701 vivus
3451 1647 3656 1700 nullam
3668 1646 3794 1702 sub—

2204 1726 2317 1794 egit
2370 1734 2603 1793 gentem,
2637 1738 2694 1784 et
2718 1745 2813 1786 nos
2840 1732 2934 1786 toti
2963 1733 3102 1801 orbi,
3137 1736 3301 1805 ipsius
3323 1741 3528 1808 prolato
3548 1743 3789 1810 nomine,

2208 1814 2692 1881 persuadebimus?
2736 1829 2789 1876 et
2829 1824 3096 1892 quomodo
3143 1841 3247 1881 non
3294 1839 3477 1885 contra
3522 1835 3788 1890 rationem

2208 1902 2387 1972 fuerit,
2434 1907 2551 1963 haec
2590 1924 2693 1964 non
2737 1912 2909 1967 solum
2956 1914 3152 1981 facere,
3195 1918 3288 1972 sed
3322 1922 3481 1975 etiam
3509 1925 3792 1993 cogitare?

2207 1997 2563 2062 Quamobrem
2592 2001 2762 2069 palam
2791 2014 2903 2068 est,
2931 2005 2975 2058 si
3003 2020 3108 2060 non
3140 2008 3395 2063 vidissent
3425 2012 3572 2067 ilium
3606 2029 3793 2071 resur-

2209 2088 2417 2146 rexisse
2440 2132 2457 2159 ,
2489 2108 2847 2164 magnumque
2872 2098 3121 2165 potentiae
3148 2098 3263 2168 ejus
3301 2100 3610 2159 habuissent
3634 2121 3794 2177 argu-

2210 2190 2449 2235 mentum
2471 2221 2485 2245 ,
2514 2197 2619 2237 non
2646 2191 2847 2239 tantam
2883 2186 3123 2255 jacturos
3153 2187 3316 2244 fuisse
3343 2191 3537 2245 aleam.
3568 2192 3792 2249 Etiamsi

2208 2269 2353 2323 enim
2383 2274 2585 2327 amicos
2613 2272 2921 2329 habuissent
2950 2275 3380 2343 innumerabiles,
3409 2295 3587 2336 annon
3614 2284 3792 2338 statim

2209 2361 2447 2416 omnium
2470 2362 2575 2416 sibi
2610 2364 2938 2420 inimicitiam
2970 2369 3317 2424 attraxissent
3340 2411 3356 2436 ,
3395 2370 3520 2426 dum
3549 2374 3797 2444 antiquos

2212 2465 2389 2506 mores
2415 2462 2733 2508 amoverent
2754 2496 2768 2519 ,
2799 2464 2853 2510 et
2879 2458 3079 2524 patrios
3107 2461 3363 2515 terminos
3403 2462 3797 2519 transferrent?

2212 2558 2352 2598 nunc
2371 2554 2549 2600 autem
2571 2560 2760 2601 omnes
2792 2548 3025 2604 habuere
3050 2550 3149 2605 sibi
3179 2554 3360 2608 hostes
3393 2563 3448 2609 et
3477 2558 3721 2626 proprios
3741 2570 3799 2614 et

2212 2636 2436 2691 alienos.
2462 2637 2683 2691 Etiamsi
2711 2638 2852 2693 enim
2882 2650 3102 2711 propter
3127 2651 3346 2698 externa
3372 2648 3549 2701 omnia
3575 2662 3798 2704 venera-

2213 2730 2347 2785 biles
2374 2729 2617 2796 fuissent,
2641 2746 2818 2787 annon
2849 2747 3041 2788 omnes
3068 2734 3214 2803 ipsos
3239 2740 3500 2793 exsecrati
3527 2739 3790 2808 fuissent,

2211 2821 2353 2892 quod
2380 2838 2574 2877 novum
2605 2823 2726 2879 vita
2756 2823 3050 2878 institutum
3083 2826 3395 2885 inducerent
3413 2830 3436 2883 ?
3456 2846 3596 2887 nunc
3618 2841 3798 2889 autem

2214 2915 2416 2971 deserti
2453 2927 2605 2971 erant
2631 2916 2697 2971 ab
2723 2918 2971 2972 omnibus
2990 2960 3004 2984 ,
3035 2929 3090 2975 et
3118 2933 3537 2980 consentaneum
3566 2938 3710 2995 erat,
3739 2941 3799 2984 ut

2216 3006 2301 3061 vel
2323 3006 2509 3063 indein
2532 3008 2771 3062 omnium
2793 3008 3044 3064 odiumet
3064 3018 3793 3084 contemptumincurrerent.

2217 3098 2363 3167 Quos
2391 3100 2532 3154 enim
2569 3100 2648 3154 vis
2674 3100 2894 3156 dicere?
2918 3101 3179 3158 δυόωοεῖ
3207 3107 3274 3159 At
3302 3107 3498 3176 ingenti
3526 3110 3646 3165 illos
3675 3110 3798 3167 odio

2217 3191 2680 3262 prosequebantur
2720 3207 2785 3247 ex
2833 3193 2919 3259 iis,
2952 3210 3070 3264 qua:
3097 3205 3283 3250 contra
3317 3198 3626 3266 magistrum
3665 3202 3796 3257 facta

2217 3282 2449 3339 fuerant.
2478 3284 2558 3337 An
2589 3282 2804 3339 Grmcos
2823 3286 2847 3338 ?
2867 3283 2939 3338 At
2961 3284 3013 3338 bi
3038 3300 3143 3340 non
3170 3287 3344 3341 minus
3364 3303 3519 3357 quam
3548 3290 3623 3344 illi
3655 3291 3800 3362 ipsos

2217 3376 2636 3442 aversabantur;
2669 3376 2826 3447 idque
2853 3388 3049 3432 norunt
3078 3380 3308 3435 maxime
3337 3381 3575 3437 omnium
3603 3384 3795 3439 Gra'ci.

2221 3467 2367 3523 Plato
2392 3469 2554 3535 enim,
2579 3471 2666 3533 qui
2694 3485 2883 3524 novam
2911 3471 3074 3525 voluit
3100 3472 3374 3529 instituere
3398 3475 3797 3544 rempublicam,

2220 3561 2304 3616 vel
2335 3563 2510 3631 potius
2541 3572 2741 3631 partem
2785 3564 3124 3633 reipublicze,
3167 3566 3256 3634 qui
3298 3581 3401 3620 non
3446 3567 3666 3623 deorum
3707 3585 3802 3624 no-

2219 3653 2361 3707 mina
2394 3654 2634 3719 mutavit,
2666 3655 2758 3707 sed
2780 3664 2898 3708 acta
2922 3665 2974 3710 et
2999 3664 3147 3725 gesta
3172 3657 3273 3710 alia
3307 3672 3402 3727 pro
3426 3658 3545 3713 aliis
3574 3659 3795 3724 induxit,

2220 3745 2273 3799 in
2318 3744 2610 3814 periculum
2645 3747 2808 3809 venit,
2859 3762 2924 3801 ne
2967 3762 3032 3801 ex
3074 3745 3255 3803 Sicilia
3294 3749 3494 3817 ejectus
3522 3752 3599 3823 (α)
3629 3763 3800 3808 morte.

2220 3836 2526 3892 afficeretur
2563 3855 2575 3889 :
2618 3837 2739 3906 quia
2770 3845 2947 3893 autem
2978 3838 3078 3893 hoc
3106 3836 3209 3893 non
3251 3839 3462 3907 accidit,
3504 3842 3798 3896 libertatem

2222 3929 2335 3999 ipse
2364 3927 2560 3984 amisit.
2596 3930 2658 3982 Et
2690 3928 2789 3983 nisi
2821 3928 3076 3984 barbarus
3110 3930 3325 3999 quidam
3354 3931 3549 3987 Sicilia:
3575 3942 3802 4003 tyranno

2223 4020 2403 4075 mitior
2433 4019 2640 4082 fuisset,
2687 4019 2815 4073 nihil
2855 4019 3217 4089 prohibuisset
3255 4023 3540 4091 quominus
3567 4023 3803 4092 philoso-

2223 4112 2358 4180 phus
2401 4109 2454 4163 in
2500 4110 2673 4163 aliena
2718 4119 2856 4164 terra
2897 4111 3141 4165 servituti
3165 4110 3408 4167 addictus
3446 4124 3606 4168 esset.
3638 4113 3800 4183 Atqui

2224 4218 2329 4257 non
2359 4216 2457 4272 par
2483 4218 2571 4256 res
2598 4211 2699 4265 cst,
2732 4218 2793 4256 ea
2833 4218 2949 4272 qua:
2992 4202 3058 4256 ad
3100 4218 3320 4273 regnum
3352 4204 3615 4272 pertinent
3643 4204 3803 4258 inno-

2226 4305 2579 4365 varc,etqu:1:
2604 4295 2669 4348 ad
2697 4295 3010 4365 religionem
3038 4313 3050 4348 :
3076 4295 3176 4351 hoc
3203 4296 3342 4350 enim
3374 4296 3602 4350 maxime
3629 4296 3804 4352 homi-

2226 4402 2321 4441 nes
2345 4388 2626 4467 conturbat
2646 4397 2717 4442 -ct
2754 4398 3073 4443 commovet.
3103 4388 3231 4442 Nam
3257 4388 3435 4443 dicere
3454 4430 3468 4453 ,
3500 4389 3596 4443 llic
3621 4401 3674 4443 et
3700 4389 3802 4445 istc

2226 4477 2363 4531 hanc
2404 4492 2623 4531 uxorem
2669 4478 2888 4544 ducant,
2938 4489 3011 4542 et,
3052 4479 3309 4534 Custodes
3355 4478 3456 4534 hoc
3498 4480 3658 4535 modo
3693 4481 3801 4537 sint

2162 4636 2165 4639 _
2224 4567 2493 4629 custodes,
2526 4584 2631 4623 non
2659 4570 2882 4623 multum
2911 4570 3123 4626 turbare
3155 4580 3371 4638 possunt
3392 4612 3406 4636 ,
3431 4585 3549 4626 eum
3573 4570 3805 4627 maxime

2226 4658 2279 4712 in
2308 4658 2450 4712 libro
2476 4658 2672 4728 scripta
2701 4671 2846 4726 sunt,
2877 4676 2976 4716 nec
3006 4661 3231 4716 multum
3259 4672 3411 4716 curat
3432 4663 3724 4733 legislator,
3749 4672 3809 4715 ut

2225 4748 2420 4819 scripta
2452 4749 2506 4804 in
2553 4767 2686 4821 opus
2713 4761 2907 4807 exeant
2934 4770 2949 4806 :
2981 4763 3033 4806 at
3062 4752 3278 4819 dicere,
3311 4769 3406 4808 cos
3430 4754 3519 4824 qni
3558 4756 3806 4810 coluntur

2228 4857 2331 4897 non
2358 4857 2479 4899 esse
2506 4842 2659 4907 deos,
2692 4844 2785 4899 sed
2814 4845 3105 4909 daemonas,
3135 4860 3258 4900 eum
3286 4846 3376 4915 qui
3404 4848 3687 4902 crucifixus
3707 4846 3805 4903 iuit

2229 4933 2393 4988 Deum
2423 4949 2563 5000 esse,
2587 4934 2736 4991 scitis
2756 4945 3004 5005 quantam
3032 4936 3337 4991 accenderit
3358 4937 3489 4990 iram
3510 4979 3523 5003 ,
3549 4948 3802 5007 quantum

2227 5024 2542 5080 excitaverit
2562 5026 2783 5081 bellum.

2299 5119 2353 5172 5.
2385 5117 2697 5189 Protagoras
2717 5128 2767 5172 et
2791 5117 3087 5172 Theodorus
3105 5120 3259 5172 atlm'.
3282 5148 3353 5157 —
3372 5118 3506 5173 Nam
3528 5122 3664 5191 apud
3688 5121 3804 5177 illos

2230 5208 2548 5279 Protagoras
2580 5209 2675 5278 (b),
2699 5209 2819 5279 quia
2850 5223 3012 5263 ausus
3037 5218 3118 5263 est
3147 5209 3347 5276 dicere,
3375 5209 3490 5265 Non
3515 5212 3633 5266 novi
3655 5212 3803 5277 deus,

2291 5345 2364 5407 (ιι)
2393 5345 2465 5409 De
2485 5344 2690 5409 Platone
2714 5345 2923 5409 ejusque
2947 5346 2993 5393 in
3016 5342 3219 5409 siciliam
3237 5347 3467 5409 transitu,
3492 5345 3626 5399 etde
3649 5346 3805 5399 reditu

2230 5421 2291 5454 ex
2318 5406 2525 5473 eadem,
2551 5407 2663 5473 vide
2695 5406 2996 5455 Plutarchum
3021 5407 3068 5454 in
3096 5406 3206 5456 Vita
3236 5407 3429 5472 Dionis,
3454 5406 3510 5460 et
3533 5410 3807 5473 Diogenem

2230 5472 2466 5517 Lat-rtium
2491 5472 2537 5517 in
2563 5467 2775 5518 Platone.

2206 5560 2211 5565 ο
2292 5528 2362 5592 (θ)
2386 5529 2459 5579 De
2483 5528 3042 5592 Protagoralurchabet
3063 5528 3234 5582 Cicero
3250 5531 3333 5582 lib.
3360 5532 3379 5581 f
3408 5531 3472 5580 de
3496 5538 3662 5579 Natura
3684 5532 3806 5579 dco-

2230 5590 2356 5664 rnm_,
2382 5604 2426 5640 c.
2453 5592 2542 5664 2.3;
2572 5590 2690 5664 vani
2714 5590 2956 5664 Διιηξιινὶιιειξ
2973 5592 3170 5664 quidem
3202 5602 3493 5664 Protagoras
3506 5625 3520 5647 .
3544 5605 3684 5664 aqua
3705 5606 3736 5641 ιι
3760 5600 3805 5662 te
3844 5648 3855 5655 ,

2230 5653 2372 5703 modo
2394 5652 2567 5721 "mdia
2588 5653 2825 5721 recteest,
2847 5652 3083 5721 sophistes
3104 5652 3394 5721 temporibus
3417 5652 3616 5721 dtis-eet
3645 5652 3807 5704 nmi-

2232 5729 2354 5767 mus.
2374 5727 2481 5762 cum
2506 5712 2555 5762 in
2580 5712 2819 5777 principio
2841 5712 2954 5766 libri
2975 5716 3051 5766 sui
3072 5715 3144 5767 sic
3166 5715 3395 5777 posuisset
3420 5714 3483 5763 de
3507 5712 3621 5772 diis,
3650 5729 3807 5776 neque

2231 5783 2281 5826 ut
2304 5777 2416 5840 sint,
2438 5788 2588 5839 neque
2611 5781 2661 5824 ut
2695 5776 2788 5829 tum
2831 5777 2943 5838 sint,
2973 5776 3320 5828 .rtlteuiemium
3348 5776 3495 5838 jussu
3519 5777 3639 5829 urbe
3662 5784 3809 5839 atque
