4100 6214
365 351 442 410 35
817 343 836 359 ’
1409 346 1477 402 IN
1515 345 1733 402 EPIST.
1775 343 1796 396 l
1833 340 1924 396 AD
1959 334 2121 395 COR.
2163 335 2398 393 HOMIL.
2428 338 2515 394 IV.
3573 335 3641 389 36

366 490 466 545 ρον
496 470 909 524 δείκνυσιν,.“Δ
939 468 1045 540 7&9
1084 468 1311 539 ίσχυσαν
1358 464 1705 535 κατορθῶσαι
1753 462 1821 532 τῇ
1873 453 1970 512 τοῦ

367 564 511 620 Θεοῦ
533 563 722 635 χάριτι
759 562 994 616 τελῶναι
1026 562 1121 615 καὶ
1150 560 1342 624 ἁλιεῖς,
1368 557 1542 613 ταῦτα
1569 555 1851 627 φιλόσοφοι
1879 551 1972 604 καὶ

378 660 604 729 (ητορες
644 654 741 708 καὶ
768 656 1026 725 τύραννοι
1069 652 1165 705 καὶ
1193 652 1343 704 πᾶσα
1383 647 1572 711 ἁπλῶς
1600 648 1634 717 ἡ
1674 642 1971 715 οἰκουμένη

379 748 548 819 μυρία
580 744 1001 817 περιδραμοῦσα
1045 743 1167 797 οὑδέ
1216 740 1588 813 φαντασθῆναι
1620 738 1865 808 ἴσχυσαν.
1905 731 1972 785 Τί

389 841 481 909 ίάρ
512 839 614 891 οὑκ
646 838 944 907 εἰσήγαγεν
985 837 1015 886 6
1058 834 1333 905 σταυρός;
1373 833 1476 885 Τὸν
1506 831 1636 903 περὶ
1675 828 1971 892 ἀθανασίας

369 932 551 1000 ψυχῆς
591 929 777 996 λόγον.
808 927 903 981 τὸν
931 928 1060 997 περὶ
1094 927 1196 996 τῆς
1244 925 1599 987 ἀναστάσεως
1626 923 1737 975 τῶν
1781 921 1971 991 σωμά-

366 1039 498 1083 των,
526 1020 624 1074 τὸν
649 1020 781 1093 περὶ
803 1022 903 1090 τῆς
931 1018 1230 1090 ὑπεροψίας
1261 1018 1371 1071 τῶν
1397 1017 1701 1089 παρόντων,
1725 1014 1817 1067 τὸν
1843 1011 1972 1083 1:591

361 1112 468 1182 τῆς
515 1111 821 1182 ἐπιθυμίας
859 1109 971 1164 τῶν
1011 1109 1333 1181 μελλόντων.
1378 1109 1489 1163 Καὶ
1531 1107 1800 1177 ἀγγέλους
1842 1106 1972 1169 τοὺς

362 1202 699 1277 ἀνθρώπους
734 1203 981 1272 ἐποίησε,
1019 1202 1114 1255 καὶ
1166 1201 1367 1265 πάντες
1425 1198 1704 1270 πανταχοῦ
1756 1198 1972 1268 φιλοσοο

363 1297 558 1366 φοῦσι,
590 1297 689 1351 καὶ
720 1297 903 1349 πᾶσαν
928 1294 1180 1365 ἀνδρείαν
1202 1292 1618 1346 ἐπιδείκνυνται.

437 1445 502 1500 δ’.
553 1443 721 1497 Ἀλλά
766 1443 859 1496 καὶ
908 1442 1041 1514 παρ’
1080 1442 1287 1504 αὑτοῖς,
1329 1440 1485 1511 φησὶ,
1522 1436 1706 1491 πολλοὶ
1741 1434 1971 1489 θανάτου

366 1536 846 1607 καταφρονοῦντες
872 1534 1145 1603 γεγόνασι.
1178 1533 1355 1596 Τίνες,
1388 1530 1511 1585 εἰπέ
1541 1548 1667 1602 μοι;
1701 1526 1812 1601 ἆρα
1841 1529 1870 1581 6
1902 1526 1964 1581 τὸ

362 1627 597 1682 κώνειον
631 1626 810 1691 πιώνς
869 1625 1008 1679 Ἀλλ’
1049 1625 1100 1678 εἰ
1149 1623 1352 1695 βούλει,
1413 1620 1689 1686 τοιούτους
1743 1620 1968 1692 μυρίους

364 1717 475 1773 ἀπὸ
524 1718 628 1789 τῆς
688 1716 1033 1788 Ἐκκλησίας.
1065 1716 1463 1786 παράσχωμαι.
1518 1713 1582 1766 Εἰ
1643 1712 1750 1784 7&9
1818 1711 1965 1780 ἐνῆν,

364 1811 611 1881 διωγμοῦ
664 1808 1090 1873 καταλαϐόντος,
1129 1806 1356 1861 κώνειον
1405 1806 1628 1869 πιόντας
1686 1802 1964 1869 ἀπελθεῖν,

365 1907 569 1969 πάντες
599 1903 669 1958 ἂν
697 1903 910 1957 ἐκείνου
943 1901 1315 1973 λαμπρότεροι
1349 1899 1624 1969 γεγόνασι.

438 2057 654 2120 ’Ἄλλως
689 2056 747 2109 δέ
768 2056 980 2118 ἐκεῖνος
1017 2052 1140 2124 οὑχ).
1172 2052 1361 2125 κύριος
1405 2051 1481 2105 ὢν
1513 2048 1610 2104 τοῦ
1652 2047 1728 2120 μὴ
1757 2049 1899 2101 πιεῖν
1931 2045 1963 2117 ἢ

363 2153 543 2217 πιεῖν,
586 2151 766 2203 ἐπιεν·
802 2147 942 2203 ἀλλά
975 2149 1070 2201 καὶ
1099 2148 1302 2202 ἄκοντα
1329 2146 1423 2200 καί
1444 2145 1641 2199 ἑκόντα
1668 2143 1776 2196 ἔδει
1809 2141 1968 2194 τοῦτο

365 2246 588 2307 παθεῖν,
620 2245 754 2314 ὅπερ
781 2243 885 2295 οὑκ
909 2236 978 2312 ἦν
1011 2240 1284 2310 ἀνδρείας,
1319 2238 1455 2292 ἀλλά
1481 2237 1726 2306 ἀνάγκης
1754 2233 1963 2287 λοιπόν.

369 2338 486 2393 Καὶ
518 2336 629 2408 γὰρ
657 2335 753 2388 καὶ
784 2333 985 2404 λῃσταὶ
1006 2331 1100 2385 καὶ
1128 2329 1445 2403 ἀνδροφόνοι
1475 2327 1579 2383 ὑπὸ
1599 2330 1666 2398 τῇ
1692 2327 1856 2397 ψήφῳ
1879 2342 1965 2392 γε·

364 2430 583 2500 νόμενοι
628 2427 738 2480 τῶν
778 2424 1113 2490 δικαζόντων
1154 2422 1514 2495 χαλεπώτερα
1555 2419 1777 2473 ἔπαθον.
1825 2416 1964 2487 Παρ⁴

363 2521 498 2588 ἡμῖν
523 2518 583 2571 δέ
612 2514 921 2570 τούναντίον
944 2512 1109 2567 ἅπαν·
1142 2513 1203 2565 οὑ
1232 2510 1343 2581 γὰρ
1371 2510 1595 2571 ἄκοντες
1617 2507 1664 2560 οἱ
1690 2504 1965 2576 μάρτυρες

363 2612 703 2682 ὑπέμειναν,
729 2608 843 2661 ἀλλ’
872 2607 1090 2669 ἑκόντες
1137 2605 1233 2658 καὶ
1274 2603 1457 2674 κύριοι
1507 2600 1600 2654 τοῦ
1649 2598 1725 2671 μὴ
1770 2597 1964 2651 παθεῖν

363 2704 553 2764 ὅντες,
599 2697 715 2771 [29]
744 2697 1049 2767 ἀδάμαντος
1097 2694 1298 2757 παντὸς
1347 2686 1707 2763 στερροτέραν
1759 2686 1965 2740 ἐπιδει-

364 2792 605 2854 κνύντες
626 2790 727 2861 τὴν
756 2789 1027 2860 ἀνδρείαν.
1054 2788 1127 2840 Οὑ
1159 2786 1340 2840 τοίνυν
1367 2783 1524 2837 τοῦτο
1552 2778 1888 2851 θαυμαστὸν,
1915 2777 1963 2829 εί

364 2885 597 2939 κώνειον
635 2884 793 2936 ἔπιεν
826 2883 1054 2945 ἐκεῖνος,
1084 2879 1179 2932 καὶ
1211 2876 1410 2949 μηκέτι
1439 2874 1628 2943 κύριος
1655 2871 1729 2925 ὢν
1762 2871 1854 2924 τοῦ
1889 2867 1963 2940 μὴ

366 2982 534 3043 πιεῖν,
590 2978 690 3032 καὶ
731 2974 867 3046 πρὸς
906 2973 1134 3043 ἔσχατον
1176 2970 1354 3041 γῆρας
1396 2964 1691 3036 ἐληλακώςο
1723 2963 1817 3016 καὶ
1854 2961 1963 3032 7&9

365 3071 554 3139 ἐλεγεν
604 3067 749 3121 ἐτῶν
785 3064 1159 3133 ἐϐδομήκοντα
1218 3056 1382 3121 εἶναι,
1434 3058 1524 3110 6:5
1586 3053 1964 3124 κατεφρόνησε

366 3162 536 3232 ἰωῆς,
574 3160 629 3212 εῖ
672 3174 737 3227 γε
783 3156 878 3209 καὶ
910 3153 1069 3207 τοῦτο
1095 3148 1508 3221 καταφρονῆσαί
1556 3148 1731 3199 ἐστιν·
1765 3145 1826 3197 οὑ
1853 3144 1963 3214 γὰρ

363 3254 542 3320 ἔγωγε
572 3250 642 3304 ἂν
670 3247 909 3317 εἴποιμι,
938 3243 1136 3315 μᾶλλον
1160 3242 1216 3294 δέ
1243 3241 1363 3294 οὑδέ
1390 3238 1548 3301 ἄλλος
1568 3236 1763 3300 οὑδείς.
1802 3234 1964 3289 Ἀλλὰ

361 3340 539 3406 δεῖξόν
566 3336 657 3407 μοί
688 3352 811 3389 τινα
841 3333 983 3397 ὑπὲρ
1017 3331 1298 3393 εὑσεϐείας
1337 3329 1591 3399 βασάνοις
1622 3325 1964 3397 ἐγκαρτερή-

366 3450 566 3496 σαντα,
606 3413 858 3501 καθάπερ
891 3426 1002 3496 ἐγὼ
1038 3424 1265 3498 μυρίους
1313 3422 1592 3492 πανταχοῦ
1647 3426 1748 3494 τῆς
1779 3424 1961 3476 οἰκου-

365 3525 559 3596 μένης.
597 3523 691 3586 Τίς
748 3521 857 3575 τῶν
910 3518 1119 3588 ὀνύχων
1178 3513 1640 3587 ἀνορυττομένων,
1698 3514 1965 3581 γενναίως

362 3621 605 3689 ἣνεγκες
637 3617 724 3677 τίς
754 3614 862 3668 τῶν
912 3611 1131 3683 ἄρθρων
1170 3606 1702 3677 ἀνασκαπτομένωνς
1738 3605 1823 3668 τίς
1865 3599 1977 3657 τοῦ

368 3696 621 3778 σώματος
666 3706 835 3760 αὑτοῦ
876 3704 1019 3758 κατά
1071 3702 1237 3774 μέρος
1282 3699 1693 3770 πορθουμένου;
1725 3697 1808 3761 τίς
1856 3696 1963 3750 τῶν

364 3802 568 3855 ὀστέων
601 3801 703 3870 τῆς
744 3796 990 3868 κεφαλῆς
1026 3792 1582 3864 ἀναμοχλευομένωνς
1620 3790 1703 3854 τίς
1739 3790 1834 3842 ἐπὶ
1859 3791 1961 3861 τή-

366 3911 508 3963 γανα
544 3891 789 3962 συνεχῶς
831 3888 1151 3959 τιθέμενος;
1185 3886 1269 3949 τίς
1296 3887 1375 3948 είς
1398 3882 1602 3953 λέϐητα
1627 3882 1965 3953 ἐμϐαλλόμε-

365 4000 495 4049 νος;
524 3982 713 4036 Ταῦτά
743 3998 834 4052 μοι
867 3980 1061 4044 δεῖξον.
1107 3978 1181 4031 Τδ
1206 3977 1316 4047 γάρ
1359 3975 1573 4045 κωνείῳ
1617 3973 1961 4043 τελευτῆσαι,

368 4076 489 4127 ἴσον
539 4073 656 4125 ἐστὶ
706 4071 784 4141 τῷ
827 4068 1238 4139 καθευδὴσαντα
1296 4067 1684 4135 ἐναπομεῖναι·
1734 4064 1829 4117 καὶ
1855 4065 1964 4135 7&9

369 4166 545 4218 ὖπνου
577 4163 735 4234 ἡδίων
758 4156 916 4226 οὗτος
945 4163 974 4215 6
1004 4160 1235 4223 θάνατος
1268 4159 1486 4227 λέγεται
1512 4153 1672 4210 εἶναι.
1704 4155 1766 4208 Εἰ
1797 4155 1854 4209 δέ
1879 4172 1963 4208 τι-

366 4276 461 4322 νες
487 4257 583 4311 καὶ
615 4256 883 4325 βασάνους
906 4253 1226 4324 ὑπέμειναν,
1252 4252 1388 4306 ἀλλά
1420 4252 1513 4305 καὶ
1538 4248 1743 4303 τούτων
1771 4247 1833 4302 τὸ
1867 4249 1963 4317 ἐγ-

366 4347 581 4420 κώμιον
608 4345 912 4399 ἀπόλωλεν·
942 4343 1082 4413 ὑπὲρ
1112 4344 1223 4413 γὰρ
1254 4342 1488 4412 αἰσχρᾶς
1510 4339 1692 4402 αἰτίας
1715 4336 1963 4393 ἀπώλον-

364 4460 448 4506 το,
478 4442 529 4494 οἰ
572 4440 671 4511 μὲν
693 4440 769 4503 ὡς
807 4437 1095 4509 ἀπόρρητα
1123 4434 1449 4502 ἐξειπόντες,
1479 4434 1529 4487 οἱ
1563 4432 1620 4486 δὲ
1657 4431 1733 4495 ὼς
1759 4448 1962 4501 τυραν-

365 4533 470 4586 νίδι
496 4529 835 4599 ἐπιθέμενοι,
860 4528 908 4580 οί
942 4526 999 4578 δὲ
1038 4524 1133 4578 ἐπὶ
1166 4526 1274 4587 τοῖς
1305 4522 1605 4593 αἰσχίστοις
1639 4521 1879 4585 ἁλόντες·
1912 4520 1963 4574 οἰ

365 4624 422 4677 δέ
456 4623 584 4694 εἰκῆ
612 4621 709 4675 καὶ
743 4619 920 4691 μάτην
944 4616 1039 4671 καὶ
1073 4614 1280 4679 ἁπλῶς,
1313 4615 1491 4677 αἰτίας
1519 4613 1593 4684 μὴ
1618 4611 1803 4680 οὑσης,
1830 4612 1959 4665 ἐαυ-

368 4716 492 4779 τοὺς
547 4715 889 4786 ἀπήνεγκαν.
950 4709 1086 4763 Ἀλλ’
1125 4708 1246 4778 οὑχὶ
1299 4706 1430 4778 παρ’
1479 4708 1610 4777 ἡμῖν
1653 4704 1815 4759 οὕτω.
1862 4704 1961 4758 Διά

367 4807 525 4862 τοῦτο
551 4807 623 4861 τὰ
656 4806 758 4878 μὲν
790 4803 1014 4858 ἐκείνων
1044 4803 1352 4871 σεσίγηται,
1396 4799 1570 4853 ταῦτα
1598 4798 1654 4852 δέ
1684 4797 1837 4852 ἀνθεῖ
1867 4798 1961 4851 καὶ

368 4897 491 4951 καθ’
512 4897 754 4966 ἑκάστην
785 4893 1062 4949 ἐπιδίδωσι
1092 4894 1192 4962 τὴν
1216 4891 1450 4961 ἡμέραν.
1491 4891 1668 4959 Ὅπερ
1708 4888 1906 4941 ἐννοῶν
1931 4890 1960 4941 6

372 4990 583 5054 Παῦλος
605 4990 782 5058 ἔλεγε·
809 4990 884 5043 Τὸ
909 4988 1134 5050 άσθενές
1154 4985 1249 5038 τοῦ
1272 4982 1407 5038 Θεοῦ
1435 4982 1653 5036 πάντων
1684 4981 1959 5053 ἰσχυρότε-

380 5084 472 5155 ρόν
502 5084 615 5137 ἐστι
634 5082 744 5159 τῶν
769 5081 1094 5154 ἀνθρώπων.
1133 5079 1257 5132 Ὀτι
1282 5077 1391 5148 γὰρ
1417 5076 1559 5130 θεῖον
1582 5075 1644 5128 τὸ
1673 5075 1957 5145 κήρυγμα,

377 5176 475 5232 καὶ
516 5175 761 5230 ἐντεῦθεν
801 5174 981 5245 δῆλον.
1025 5171 1197 5225 Πόθεν
1230 5170 1340 5240 γάρ
1372 5166 1605 5238 ἐπῆλθεν
1651 5165 1961 5238 ἀνθρώποις

372 5270 584 5326 δώδεκα
629 5270 723 5324 καὶ
757 5266 997 5330 ἰδιώταις
1035 5265 1354 5336 πράγμασιν
1393 5260 1740 5331 ἐπιχειρῆσαι
1769 5258 1958 5312 τοσού-

370 5380 507 5431 τοις,
536 5365 597 5417 ἐν
622 5363 862 5434 λίμναις,
895 5362 953 5415 ἐν
1001 5358 1295 5428 ποταμοῖς,
1347 5356 1404 5407 ἐν
1449 5351 1709 5425 ἐρημίαις
1756 5350 1959 5422 διατρί-

369 5460 581 5524 ϐουσιν,
614 5456 873 5510 οὐδέποτε
916 5455 996 5517 είς
1030 5451 1186 5505 πόλιν
1226 5448 1442 5527 ταχέως
1467 5446 1588 5499 οὑδὲ
1634 5446 1714 5508 είς
1753 5443 1959 5515 ἀγορὰν

368 5546 743 5619 ἐμϐεϐληκότι
773 5554 818 5610 ·;
851 5543 1016 5597 πόθεν
1059 5540 1264 5615 ἐπῆλθε
1304 5539 1443 5611 πρὸς
1495 5539 1596 5611 τὴν
1627 5537 1959 5610 οἰκουμένην

370 5640 555 5693 πᾶσαν
588 5633 1005 5708 παρατάξασθαι
1032 5650 1048 5699 ;
1085 5634 1206 5686 ’Ότι
1235 5630 1344 5702 γὰρ
1368 5628 1532 5685 δειλοί
1568 5624 1707 5701 ἦσαν
1737 5629 1831 5683 καὶ
1868 5629 1960 5683 ἄν-

442 5811 468 5840 ⁸
501 5810 766 5873 Legeoaﬂlr
793 5805 1103 5869 ἐμϐεϐηκόσι.

2069 455 2275 527 ανδροι,
2300 455 2569 510 δείκνυσιν
2593 457 2621 509 6
2647 455 2774 525 1:591
2798 451 2977 510 αὑτῶν
3014 451 3252 524 γράψας,
3286 453 3380 506 καί⁵
3405 450 3480 524 μὴ
3508 470 3649 524 παρ-

2069 549 2458 619 αιτησάμενος,
2515 546 2652 619 μηδέ
2689 547 2990 619 ὑπομείνας
3038 546 3331 600 συσκιάσαι
3364 544 3544 599 αὑτῶν
3582 546 3651 598 τά

2069 643 2444 714 ἐλαττώματα,
2481 642 2616 707 ὅπερ
2649 641 2905 712 μέγιστον
2936 638 3031 693 καὶ
3063 639 3222 692 τοῦτο
3253 637 3355 708 τῆς
3396 636 3654 707 ἀληθείας

2069 735 2187 788 ἐστὶ
2206 735 2524 803 τεκμήριον.
2556 731 2623 784 Τί
2650 727 2743 784 οὖν
2766 725 2920 794 οὗτός
2959 746 3091 799 φησι
3129 729 3254 798 1:591
3279 726 3496 793 αὑτῶν;
3530 726 3655 779 ’Ότι

2068 825 2164 881 τοῦ
2206 825 2444 897 Χριστοῦ
2479 822 2895 895 συλληφθέντος,
2933 821 3072 893 μετά
3107 820 3276 892 μυρία
3310 818 3564 890 θαύματα
3602 820 3653 871 οί

2072 920 2172 991 μὲν
2213 919 2432 989 ἔφυγον,
2473 920 2502 971 6
2550 917 2607 971 δὲ
2655 918 2844 988 μείνας
2889 917 3181 987 κορυφαῖος
3218 912 3293 966 ὣν
3327 913 3434 966 τῶν
3478 912 3651 966 ἄλλων

2067 1011 2368 1082 ἠρνήσατο.
2401 1008 2573 1063 Πόθεν
2604 1003 2699 1062 οὖν
2728 1008 2779 1060 οί
2802 1005 3003 1071 ζῶντος
3030 1004 3123 1059 τοῦ
3152 1003 3388 1075 Χριστοῦ
3411 1002 3509 1074 τὴν
3534 1003 3656 1056 ἰου-

2066 1101 2260 1172 δαῖκὴν
2293 1101 2469 1174 ὁρμὴν
2500 1102 2600 1155 οὑκ
2630 1101 2966 1169 ἐνεγκόντες,
2996 1098 3416 1167 τελευτήσαντος
3443 1097 3535 1149 καὶ
3560 1113 3652 1148 τα-

2069 1194 2262 1263 φέντος
2290 1195 2385 1248 καὶ
2417 1194 2492 1265 μὴ
2520 1192 2873 1259 ἀναστάντος,
2895 1190 2971 1255 ὦς
2999 1207 3157 1260 φατε,
3189 1188 3323 1259 μηδὲ
3355 1187 3655 1258 διαλεχθέν-

2067 1304 2159 1349 τος
2202 1288 2407 1350 αὑτοῖς,
2454 1285 2588 1357 μηδέ
2643 1284 2840 1354 θάρσος
2886 1282 3149 1345 ἐνθέντος,
3201 1281 3336 1352 πρὸς
3384 1280 3654 1350 τοσαύτην

2068 1377 2471 1449 παρετάττοντο
2485 1379 2633 1430 οἰκου
2642 1376 2839 1447 μένην;
2860 1376 2971 1428 Οὐκ
2998 1374 3062 1426 ἂν
3083 1369 3235 1425 εἶπον
3251 1371 3385 1443 πρὸς
3405 1372 3650 1436 ἑαυτοὺς,

2069 1468 2134 1522 Τί
2176 1468 2241 1540 δὴ
2279 1467 2438 1521 τοῦτό
2474 1469 2661 1531 ἐστιν;
2696 1467 2887 1520 ἑαυτὸν
2927 1467 3027 1519 οὑκ
3068 1465 3257 1535 ἴσχυσε
3314 1463 3505 1526 σῶσαι,
3562 1464 3655 1515 καὶ

2066 1562 2229 1633 ἡμῶν
2252 1562 2623 1632 προστήσεται
2648 1579 2663 1625 ;
2701 1560 2878 1631 ἐαυτῷ
2908 1561 3009 1613 οὑκ
3037 1561 3211 1630 ἡμυνε
3237 1558 3365 1623 ζῶν,
3397 1559 3491 1611 καὶ
3521 1559 3654 1626 ἡμῖν

2067 1659 2225 1728 χεῖρα
2257 1654 2437 1726 ὀρέξει
2467 1652 2898 1725 τετελευτηκώςς
2926 1652 3087 1715 αὐτὸς
3123 1651 3233 1715 ζῶν
3266 1652 3384 1705 οὑδέ
3414 1651 3468 1705 ἐν
3502 1651 3655 1716 ἔθνος

2070 1746 2326 1812 ὑπέταξε,
2353 1748 2449 1801 καὶ
2471 1748 2635 1816 ἡμεῖς
2655 1745 2753 1815 τὴν
2782 1744 3110 1815 οἰκουμένην
3138 1743 3268 1813 ὃλην
3295 1744 3558 1812 πείσομεν
3592 1741 3653 1794 τὸ

2066 1839 2274 1892 ἐκείνου
2303 1839 2552 1907 λέγοντες
2584 1838 2792 1908 ὅνομας
2827 1836 2923 1889 καὶ
2958 1834 3074 1898 πῶς
3110 1834 3175 1889 ἀν
3203 1837 3315 1904 ἔχοι
3349 1834 3505 1902 λόγον
3532 1834 3655 1903 οὑχὶ
3730 1841 3737 1847 ’

2066 1929 2292 1998 ποιῆσαι
2333 1929 2506 1981 ταῦτα
2544 1929 2725 1998 μόνον,
2756 1927 2872 1980 ἀλλ’
2895 1926 3146 1996 ἐννοῆσαι
3173 1926 3337 1995 γοῦν;
3366 1925 3529 1978 Ὅθεν
3562 1925 3654 1995 δῆ-

2064 2019 2156 2074 λον
2181 2020 2283 2083 ὅτι,
2316 2021 2365 2071 εἰ
2398 2019 2471 2090 μὴ
2498 2014 2638 2073 εἶδον
2668 2017 2976 2072 ἀναστάντα
3001 2017 3095 2069 καὶ
3122 2017 3220 2084 τῆς
3246 2016 3526 2086 δυνάμεως
3558 2016 3655 2069 αὑ-

2064 2110 2158 2163 τοῦ
2198 2109 2462 2182 μεγίστην
2492 2109 2682 2163 ἔλαϐον
2708 2108 3002 2173 ἀπόδειξιν,
3047 2110 3147 2162 οὑκ
3175 2108 3241 2162 ἂν
3270 2107 3524 2162 τοσοῦτον
3557 2111 3654 2162 ἀν-

2065 2204 2297 2276 έρριψαν
2318 2203 2499 2257 κύϐον.
2523 2201 2638 2274 [30]
2670 2204 2732 2256 Εἰ
2760 2202 2868 2272 γὰρ
2899 2203 2990 2256 καὶ
3015 2202 3204 2271 φίλους
3232 2196 3377 2272 εἶχον
3401 2203 3649 2274 μυρίους,

2064 2300 2164 2351 οὑκ
2198 2297 2264 2352 ἂν
2302 2297 2506 2360 εὐθέως
2553 2296 2784 2367 ἐχθροὺς
2817 2297 3117 2367 ἐκτήσαντο
3165 2296 3396 2362 πάντας,
3445 2296 3653 2351 παλαιὰ

2064 2390 2159 2459 ἔθη
2188 2389 2464 2453 κινοῦντες
2493 2390 2587 2442 καὶ
2617 2387 2848 2460 πατρῷα
2865 2389 2989 2459 ὅρια
3014 2388 3361 2460 μεταίροντες
3379 2388 3437 2454 ὶ³;
3457 2389 3652 2443 νυνὶδέ

2064 2483 2158 2535 καὶ
2186 2483 2394 2545 πάντας
2429 2482 2721 2550 πολεμίους
2753 2483 3069 2553 ἐκέκτηντο,
3094 2481 3188 2536 καὶ
3214 2481 3339 2545 τοὺς
3371 2481 3534 2545 ἰδίους
3556 2482 3652 2535 καὶ

2062 2572 2188 2634 τοὺς
2210 2571 2542 2640 ἀλλοτρίους.
2574 2571 2637 2625 Εἰ
2662 2570 2771 2641 γάρ
2792 2572 2886 2624 καὶ
2919 2572 3189 2640 αἰδέσιμοι
3219 2570 3438 2627 πάντων
3463 2571 3652 2626 ἕνεκεν

2060 2660 2203 2735 ἦσαν
2232 2663 2342 2717 τῶν
2369 2664 2588 2730 ἔξωθεν,
2621 2665 2722 2717 οὑκ
2753 2664 2818 2718 ἂν
2845 2664 3046 2728 πάντες
3077 2663 3274 2727 αὐτοὺς
3301 2664 3652 2731 ἐϐδελύξαντο

2062 2756 2255 2828 καινὴν
2284 2756 2559 2810 πολιτείαν
2588 2757 2941 2824 εἰσάγοντας;
2967 2755 3061 2808 νῦν
3085 2755 3142 2808 δέ
3171 2755 3266 2810 καὶ
3287 2756 3484 2827 ἔρημοι
3514 2756 3651 2809 πάν-

2061 2848 2171 2901 τῶν
2200 2846 2515 2918 ἐτύγχανον,
2546 2849 2638 2900 καὶ
2670 2847 2819 2911 εἰκὸς
2847 2842 2916 2917 ἦν
2954 2845 3249 2900 κάντεῦθεν
3276 2848 3537 2917 μισητοὺς
3556 2864 3649 2915 γε·-

2061 2942 2247 2997 νέσθαι
2282 2942 2432 3013 παρά
2464 2944 2597 2996 πᾶσι
2644 2942 2737 2995 καὶ
2776 2941 3303 3012 εὐκαταφρονήτους.
3341 2942 3505 3005 Τίνας
3541 2943 3652 3013 γὰρ

2065 3035 2243 3106 βούλει
2275 3036 2491 3099 εἰπεῖνς
2541 3034 2829 3097 Ἰουδαίους
2856 3050 2870 3098 ;
2921 3032 3063 3087 Ἀλλ’
3096 3032 3304 3101 ἄφατον
3332 3032 3476 3103 εἶχον
3513 3035 3653 3105 πρὸς

2062 3127 2259 3189 αὑτοὺς
2291 3128 2444 3198 μῖσος
2488 3128 2551 3179 ἐκ
2580 3126 2688 3178 τῶν
2712 3125 2849 3196 πρὸς
2878 3126 2970 3179 τὸν
2998 3124 3320 3178 διδάσκαλον
3347 3126 3652 3197 γεγενημέ-

2061 3238 2189 3275 νων.
2232 3218 2371 3272 Ἀλλ’
2412 3217 2717 3286 "Eum/ag;
2763 3216 2922 3270 Ἀλλὰ
2952 3219 3047 3270 καὶ
3075 3211 3226 3271 οὗτοι
3263 3216 3362 3269 οὐκ
3391 3216 3650 3271 ἐλάττονα

2063 3310 2287 3365 ἐκείνων
2311 3309 2764 3379 ἀπεστράφησαν,
2789 3306 2884 3361 καὶ
2906 3307 3053 3360 ῖσασι
3081 3304 3255 3359 ταῦτα
3281 3306 3652 3376 μάλισταἘλ-

2061 3397 2242 3467 ληνες.
2279 3396 2507 3449 Πλάτων
2548 3395 2658 3465 7&9
2704 3396 2732 3447 6
2775 3393 3051 3448 πολιτείαν
3088 3393 3214 3447 τινὰ
3253 3395 3650 3465 καινοτομῆσαι

2065 3489 2374 3559 βουληθεὶς,
2405 3488 2604 3559 μᾶλλον
2633 3487 2690 3541 δὲ
2722 3488 2887 3559 μέρος
2910 3487 3200 3552 πολιτείας,
3234 3488 3326 3540 καὶ
3352 3488 3413 3541 οὑ
3442 3488 3509 3543 τά
3541 3486 3649 3541 τῶν

2063 3582 2199 3636 θεῶν
2227 3582 2536 3652 μετατιθεὶς
2566 3581 2791 3651 νόμιμα,
2829 3579 2942 3633 ἀλλ’
2971 3580 3156 3644 ἁπλῶς
3180 3580 3406 3652 πράξεις
3428 3582 3650 3648 εἰσαγα-

2061 3673 2174 3743 γὼν
2211 3675 2408 3744 ἐτέρας
2442 3672 2559 3727 ἀνθ’
2590 3674 2817 3743 ἐτέρων,
2864 3671 3207 3726 ἐκινδύνευσε
3258 3672 3509 3734 Σικελίας
3556 3673 3651 3725 ἐκο

2061 3766 2244 3821 πεσὼν
2296 3766 2609 3820 ἀποθανεῖν’
2665 3766 2852 3837 ἐπειδὴ
2909 3765 2964 3819 δὲ
2999 3765 3159 3819 τοῦτο
3204 3764 3264 3818 οὑ
3304 3766 3517 3834 γέγονε,
3550 3766 3650 3836 τῆς

2062 3860 2378 3931 ἐλευθερίας
2420 3860 2676 3924 ἐξέπεσεν
2712 3859 2899 3928 αὑτῆς.
2934 3859 3044 3911 Καὶ
3069 3858 3117 3910 εἰ
3151 3858 3224 3929 μὴ
3263 3857 3537 3929 βάρϐαρός
3564 3874 3650 3920 τις

2062 3954 2156 4007 τοῦ
2195 3953 2445 4015 Σικελίας
2490 3953 2757 4023 τυράννου
2798 3951 3020 4020 γέγονεν
3071 3950 3438 4022 ἡμερώτερος,
3497 3951 3651 4005 οὑδὲν

2061 4046 2268 4101 ἐκώλυε
2300 4044 2594 4106 διαπαντὸς
2634 4041 2907 4095 δουλεύειν
2949 4042 3039 4095 τὸν
3078 4042 3365 4111 φιλόσοφον
3400 4043 3458 4095 ἐν
3490 4043 3647 4097 ἀλλο-

2060 4140 2208 4211 τρίᾳ.
2240 4138 2501 4203 Καίτοιγε
2534 4136 2635 4189 οὑκ
2669 4134 2780 4189 ἴσον
2807 4133 2923 4186 ἐστὶ
2952 4132 3021 4186 τὰ
3049 4133 3174 4203 περὶ
3212 4134 3488 4203 βασιλείας
3525 4151 3649 4188 και-

2061 4235 2330 4304 νοτομεῖν,
2366 4228 2460 4283 καὶ
2490 4228 2557 4283 τὰ
2582 4226 2710 4296 1:591
2735 4224 3052 4294 θρησκείας
3076 4223 3234 4276 τοῦτο
3264 4225 3371 4295 γὰρ
3411 4225 3648 4296 μάλιστα

2062 4325 2281 4398 θορυϐεῖ
2305 4324 2399 4378 καὶ
2419 4322 2675 4394 ταράττει
2699 4319 2824 4380 τοὺς
2849 4317 2944 4370 ἀνθ
2955 4315 3186 4387 ρώπους.
3213 4317 3285 4369 Τὸ
3311 4318 3420 4388 γάρ
3450 4320 3645 4385 εἰπεῖν,

2060 4422 2142 4475 ὅτι
2187 4419 2245 4473 '0
2286 4416 2434 4471 δεῖνα
2459 4415 2554 4467 καὶ
2589 4415 2618 4467 ὁ
2655 4411 2802 4465 δεῖνα
2837 4409 2936 4480 τὴν
2964 4409 3113 4461 δεῖνα
3147 4408 3521 4477 γαμείτωσαν,
3554 4414 3647 4467 καὶ

2060 4512 2122 4565 Ol
2157 4504 2395 4579 φύλακες
2424 4504 2611 4558 τοῦτον
2642 4500 2733 4556 τὸν
2769 4500 2971 4572 τρόπον
3011 4498 3255 4552 ἔστωσαν
3286 4499 3548 4567 φύλακες,
3583 4505 3646 4558 οὐ

2062 4596 2267 4667 σφόδρα
2302 4592 2486 4647 ἱκανὸν
2514 4587 2838 4661 θορυϐῆσαν
2873 4587 2967 4640 καὶ
3016 4586 3271 4656 μάλιστα,
3312 4588 3441 4642 ὅταν
3471 4591 3529 4644 ἐν
3568 4590 3649 4662 βι-

2060 4691 2193 4761 ϐλίῳ
2276 4686 2448 4742 ταῦτα
2474 4684 2723 4754 κείμενα,
2751 4681 2845 4734 καὶ
2888 4679 2961 4750 μή
3005 4678 3174 4750 πολλὴ
3208 4680 3412 4752 σπουδὴ
3441 4681 3537 4736 τοῦ
3557 4701 3646 4738 νο-

2063 4778 2415 4854 μοθετοῦντος
2449 4776 2667 4846 γίνηται
2700 4774 2779 4835 εἰς
2801 4772 2961 4842 ἔργον
2991 4769 3145 4838 ἄγειν
3174 4770 3244 4823 τὰ
3271 4770 3557 4843 λεγόμενα’
3584 4773 3647 4826 τὸ

2063 4878 2247 4950 μέντοι
2281 4893 2344 4945 γε
2370 4875 2569 4942 λέγειν,
2599 4872 2681 4923 ὅτι
2708 4870 2806 4922 οὑκ
2837 4866 2943 4919 εἰσί
2970 4865 3083 4918 0501
3106 4864 3155 4916 οί
3191 4864 3641 4936 θεραπευόμενοι,

2058 4969 2172 5026 ἀλλ’
2222 4970 2305 5023 ὅτι
2360 4963 2613 5036 δαίμονές
2657 4962 2815 5022 εἰσιν,
2859 4959 2939 5011 ὅτι
2980 4959 3008 5009 ὀ
3043 4955 3456 5027 ἐσταυρωμένος
3489 4955 3641 5019 Θεὸς,

2059 5065 2173 5118 ἴστε
2209 5061 2381 5131 πόσην
2410 5055 2614 5126 ἀνῆψεν
2638 5052 2828 5123 ὀργὴν,
2872 5051 3044 5120 πόσην
3084 5050 3150 5102 ἂν
3191 5049 3415 5119 ἐποίησε
3461 5049 3643 5104 δοῦναι

2057 5147 2236 5215 δίκην,
2269 5144 2436 5197 πόσον
2460 5136 2780 5210 ἀνερῤίπισε
2807 5135 3064 5204 πόλεμον.

2128 5283 2190 5330 ε’.
2204 5275 2316 5328 Καὶ
2331 5269 2442 5341 7&9
2459 5266 2831 5339 Πρωταγόρας
2854 5262 2984 5334 παρ’
2996 5263 3198 5325 αὑτοῖς,
3211 5260 3396 5331 ἐπειδὴ
3416 5259 3643 5330 ἐτόλμη-

2060 5385 2152 5422 σεν
2173 5367 2368 5429 εἰπεῖν,
2383 5364 2465 5417 ὅτι
2479 5361 2580 5415 οὑκ
2597 5355 2729 5414 Οἶδα
2747 5357 2924 5420 θεοὺς,
2945 5356 3006 5408 οὑ
3027 5355 3124 5425 τὴν
3143 5352 3466 5423 οἰκουμένην
3487 5368 3648 5423 περι;

2063 5461 2155 5515 ιὼν
2170 5458 2267 5514 καὶ
2282 5455 2590 5527 κηρύττων,
2609 5452 2723 5507 ἀλλ’
2742 5453 2801 5506 ἐν
2821 5451 2919 5521 μιᾷ
2936 5448 3106 5512 πόλει,
3130 5463 3196 5499 πε
3205 5447 3259 5517 91
3273 5445 3381 5499 τῶν
3397 5444 3643 5515 ἐσχάτων

2058 5549 2427 5608 ἐκινδύνευσε.
2447 5545 2560 5599 Καὶ
2580 5542 2850 5613 Διαγόρας
2873 5542 2901 5594 6
2931 5537 3216 5608 Μιλήσιος,
3243 5533 3337 5587 καὶ
3369 5532 3644 5604 Θεόδωρος

2121 5732 2152 5774 b
2177 5730 2260 5779 Sic
2284 5729 2411 5784 Reg.
2437 5725 2588 5775 bene.
2617 5724 2746 5776 Εόὶῑί
2768 5726 2933 5771 autem
2977 5718 3177 5782 πατρῷα
3200 5716 3278 5773 ἔθη
3329 5711 3640 5779 μεταίροντες,

2063 5794 2280 5858 repetita
2305 5801 2422 5840 voce
2448 5789 2545 5846 ἔθη.
