4100 6214
448 301 518 356 59
1151 292 1207 349 S.
1247 291 1520 348 JOANNIS
1558 289 2033 346 CllRYSOSTOMI
2073 291 2384 347 ARCIIIEP.
2415 291 2942 350 CONSTANTINOP.
3646 289 3717 344 40

441 426 548 463 non
579 408 740 463 modo
759 424 864 462 non
886 416 1094 469 arcent,
1123 407 1216 461 sed
1244 407 1403 459 etiam
1431 405 1727 458 insidiatori
1753 404 2018 458 arrident:

438 503 483 552 si
516 515 644 554 vero
672 500 1018 555 calathiscnm
1045 507 1097 552 et
1125 498 1280 550 sistra
1309 495 1545 555 auferas,
1578 506 1669 550 aut
1697 496 1840 550 aliud
1871 497 2023 566 quid-

442 592 580 658 piam
615 592 896 652 ludicrum,
935 605 1074 660 aegre
1106 588 1314 657 puellus
1339 598 1394 641 et
1425 588 1640 657 indigne
1679 589 1812 651 fert,
1850 604 1908 642 sc
1935 588 2020 642 di-

441 684 660 748 lacerat,
693 682 864 735 solum
897 681 1089 750 pulsat.
1117 679 1205 734 Sic
1227 689 1276 733 et
1302 678 1471 733 Gratci
1501 694 1728 748 quoque,
1750 678 2019 732 diabolum

443 773 683 827 videntes
715 772 890 826 omnia
921 780 1140 840 paterna
1173 770 1332 834 bona,
1365 784 1483 839 qum
1509 767 1667 822 vitam
1693 776 2016 831 sustentant,

440 864 800 933 diripientcnt,
841 861 1038 925 rident,
1079 869 1135 915 et
1178 870 1446 930 tamquam
1489 859 1554 913 ad
1581 860 1809 912 amicum
1838 873 2024 913 accur-

441 964 564 1008 runt
598 955 676 1008 :si
706 954 825 1024 quis
865 963 1042 1007 autem
1072 953 1490 1023 possessionem,
1533 961 1624 1005 aut
1669 950 1882 1004 divitias
1931 958 2022 1003 aut

439 1047 640 1115 puerile
677 1045 949 1114 quidpiam
1002 1043 1230 1105 auferat,
1275 1043 1658 1104 lamentantur,
1706 1055 1766 1094 se
1815 1039 2021 1094 discer-

439 1147 570 1204 pnnt
598 1153 610 1188 :
642 1151 705 1190 ac
735 1136 874 1190 sicut
901 1136 1051 1204 pueri
1096 1135 1213 1188 sine
1247 1149 1409 1188 sensu
1441 1131 1727 1195 nudantur,
1771 1145 1869 1184 nec
1898 1144 2021 1184 cru-

439 1225 664 1280 licscnnt
696 1244 710 1281 :
744 1226 812 1280 ita
837 1235 891 1281 et
923 1225 1090 1281 Grzeci
1119 1240 1238 1279 cum
1268 1224 1462 1278 scortis
1489 1232 1541 1277 et
1577 1221 1834 1275 adulteris
1862 1220 2016 1274 volu-

2140 406 2230 458 tati
2252 447 2267 468 ,
2319 416 2522 460 natnrtc
2550 407 2692 475 leges
2725 407 3018 472 nudantes,
3050 418 3102 462 et
3135 409 3370 466 nefarios
3404 413 3720 471 inducente!

2137 499 2310 552 coitus
2331 540 2345 563 ,
2390 514 2494 551 non
2525 509 2926 552 convertuntur.
2958 501 3238 557 Plausistis
3266 505 3422 559 valde
3452 515 3505 559 et
3533 507 3720 560 lauda-

2129 589 2259 652 stis;
2313 590 2404 643 sed
2450 607 2571 644 cum
2619 591 2807 669 plausu
2844 592 3143 660 providete,
3178 610 3244 649 ne
3272 595 3340 649 de
3367 597 3521 651 vobis
3549 601 3716 653 etiam

2129 678 2245 732 haec
2279 681 2543 734 dicantur.
2597 682 2936 752 Quapropter
2961 699 3148 738 omnes
3178 701 3309 754 rogo
3329 728 3343 751 ,
3374 688 3470 741 viri
3499 699 3674 744 estote
3702 709 3714 743 :

2129 784 2250 822 nam
2279 770 2322 822 si
2351 785 2447 824 nos
2477 773 2625 838 pueri
2665 773 2832 826 simus
2855 815 2870 838 ,
2920 776 3188 842 quomodo
3227 777 3346 830 illos
3377 778 3719 835 instituemus

2129 867 2186 911 ut
2214 858 2309 911 viri
2337 859 2481 912 sint?
2524 861 2793 928 quomodo
2819 864 2888 917 ab
2918 862 3145 918 infantili
3181 867 3483 934 insipientia
3509 871 3715 924 arcebi-

2097 979 2100 982 ι
2129 962 2246 1002 mus
2276 948 2438 1002 illos?
2468 948 2650 1004 Simus
2677 967 2806 1020 ergo
2835 953 2956 1018 viri,
2987 964 3043 1007 ut
3066 956 3442 1024 perveniamus
3473 960 3536 1012 ad
3565 977 3718 1014 meu—

2129 1058 2305 1098 suram
2336 1046 2508 1099 aetatis
2537 1063 2565 1099 a
2595 1045 2814 1101 Chri5to
2847 1047 3120 1103 definitam
3159 1061 3213 1106 et
3239 1051 3412 1107 futura
3445 1053 3713 1124 adipis-ca.

2127 1151 2246 1190 mur
2275 1137 2429 1202 bona,
2463 1137 2631 1208 gratia
2660 1147 2714 1194 ct
2742 1138 3090 1210 benignitate,
3117 1151 3225 1196 etc.

477 1351 3702 1375 MM

1832 1409 2170 1470 HOMILIA
2218 1407 2292 1465 ν.

439 1567 564 1618 (ine.
610 1564 661 1618 l.
702 1578 753 1616 v.
792 1560 884 1616 9.6.
936 1558 1108 1612 Videte
1132 1557 1262 1610 enim
1291 1555 1600 1608 vocationem
1631 1561 1864 1614 vestram,
1917 1554 2023 1619 [ra-

511 1666 631 1719 trcs,
680 1653 799 1723 quia
844 1668 944 1704 non
992 1649 1138 1702 multi
1182 1649 1432 1718 sapientes
1475 1643 1749 1698 secundum
1794 1657 2018 1705 carnem,

510 1766 610 1802 non
641 1747 785 1800 multi
811 1753 1065 1816 potentes,
1114 1758 1213 1794 non
1246 1739 1389 1792 multi
1419 1737 1606 1791 nobiles
1633 1752 1650 1789 :
1675 1736 1765 1788 27.
1798 1733 1887 1788 sed
1911 1747 2023 1800 qnte

508 1841 661 1892 stulta
699 1848 814 1892 sunt
870 1834 1069 1898 mundi,
1114 1832 1258 1902 elegit
1307 1829 1466 1894 Deus,
1520 1837 1573 1880 ut
1620 1825 1897 1894 confundat
1940 1841 2023 1876 sa-

545 1931 713 1984 ientes.

545 1950 713 1984 1811168.

507 1950 559 2074 ἵ.
599 2017 732 2073 Cum
761 2015 1007 2078 dixisset,
1056 2011 1109 2066 id
1139 2010 1281 2082 quod
1315 2009 1535 2064 stultum
1566 2015 1648 2062 est
1679 2005 1773 2059 Dei
1812 2004 2023 2071 sapien-

437 2113 542 2167 tins
581 2125 701 2164 esse
741 2105 1067 2170 hominibus,
1102 2102 1336 2158 ostendit
1374 2102 1658 2154 humanam
1704 2095 2020 2165 sapientiam

439 2207 702 2276 abiectam
737 2201 922 2266 luisse,
953 2209 1005 2253 et
1031 2214 1093 2252 ex
1122 2193 1428 2250 testimonio
1455 2191 1854 2259 Scripturarum
1878 2197 1931 2242 ct
1956 2203 2020 2241 ex

435 2314 616 2357 rerum
670 2303 903 2350 eventu:
947 2306 1012 2346 ex
1054 2285 1380 2348 testimonio,
1424 2298 1547 2338 cum
1591 2282 1718 2336 dicit
1754 2299 1766 2334 :
1801 2279 2022 2332 Perdant

434 2387 736 2459 sapientium
765 2381 1068 2452 sapientium
1107 2395 1124 2432 :
1165 2392 1229 2431 ex
1257 2383 1474 2437 eventu,
1521 2388 1613 2442 per
1641 2369 2020 2459 illiCl‘l‘Ogalltif

437 2457 559 2532 nem
607 2478 829 2543 loquens
873 2486 935 2526 ac
983 2468 1215 2524 dicens:
1262 2465 1359 2519 Ubi
1408 2462 1652 2534 sapiens?
1696 2462 1780 2514 ubi
1819 2457 2023 2513 scriba?

441 2572 666 2624 l'tursnm
695 2561 927 2618 ostendit
948 2575 1060 2614 rem
1087 2575 1190 2612 non
1218 2571 1336 2611 esse
1367 2569 1580 2620 novam,
1605 2550 1697 2606 sed
1727 2549 2018 2619 antiquam,

439 2670 496 2712 ut
519 2673 636 2728 qua:
667 2653 775 2725 jam
798 2653 923 2707 olim
955 2648 1108 2703 hterit
1135 2646 1464 2715 pr:etigurata
1487 2652 1535 2697 et
1571 2641 1843 2712 praedicta.
1878 2640 2015 2694 Scri-

439 2760 579 2819 ptum
607 2755 676 2800 est
712 2743 864 2807 enim,
900 2739 1090 2810 inquit,
1123 2736 1345 2790 Perdant
1367 2733 1668 2801 sapientiam
1689 2731 2014 2801 sapientium.

435 2841 568 2894 Cum
595 2837 676 2890 his
697 2831 948 2896 ostendit,
979 2832 1092 2884 lucc
1123 2828 1322 2882 utiliter
1346 2836 1398 2881 ct
1423 2824 1639 2896 provide
1661 2823 1796 2878 facta
1824 2821 2016 2876 fuisse:

441 2930 563 3000 quia
593 2925 736 2982 enim
764 2925 814 2979 in
843 2921 1100 2992 sapientia
1132 2919 1244 2997 Dei,
1273 2918 1462 2986 inquit,
1492 2931 1594 2970 non
1624 2915 1772 2969 novit
1792 2913 2020 2968 mundus

441 3023 630 3082 Deum,
648 3014 846 3088 placuit
875 3014 983 3068 Deo
1007 3027 1099 3081 per
1121 3009 1398 3065 stultitiam
1430 3004 1822 3076 praedicationis
1844 3007 2019 3057 salvos

438 3112 615 3166 facere
644 3106 928 3164 credentes
963 3119 977 3160 :
1008 3111 1060 3157 et
1091 3100 1229 3170 quod
1258 3113 1393 3154 crux
1424 3097 1493 3151 sit
1515 3095 1798 3151 ineti'abilis
1835 3103 2018 3162 poten-

441 3203 526 3256 ti'c
555 3209 609 3254 et
636 3196 910 3266 sapicnti:c
941 3203 1332 3264 argumentum,
1391 3199 1444 3244 et
1484 3187 1625 3258 quod
1655 3187 1820 3241 multo
1851 3187 2019 3254 majus

439 3299 508 3348 sit
534 3292 584 3347 id
614 3290 756 3360 quod
788 3288 1005 3343 stultum
1037 3293 1119 3339 est
1145 3284 1257 3347 Dei,
1286 3297 1442 3352 quam
1482 3280 1710 3334 humana
1739 3278 2016 3346 sapientia.

439 3387 503 3442 Et
537 3391 636 3442 huc
658 3397 868 3438 rursum
896 3397 999 3435 non
1032 3393 1124 3448 per
1147 3377 1416 3440 doctores,
1441 3374 1534 3428 sed
1561 3372 1720 3428 etiam
1746 3381 1838 3440 per
1862 3369 2020 3424 disci-

440 3481 596 3550 pulos
633 3474 903 3532 ostendit:
949 3472 1121 3527 Videte
1161 3469 1327 3531 enim,
1370 3467 1559 3536 inquit,
1598 3466 1904 3519 vocationem
1934 3477 2018 3514 ve-

439 3587 613 3626 stram.
663 3567 777 3623 Non
826 3564 984 3620 modo
1033 3561 1175 3618 enim
1211 3560 1460 3613 doctores
1492 3556 1701 3619 idiotas,
1735 3553 1827 3608 sed
1858 3553 2017 3607 etiam

441 3661 730 3730 discipulos
762 3658 890 3712 tales
919 3653 1080 3722 elegit
1107 3669 1119 3704 :
1149 3649 1266 3704 Non
1295 3650 1424 3703 enim
1453 3647 1597 3700 multi
1621 3646 1890 3715 sapientes,
1932 3643 2018 3698 itt-

441 3757 574 3826 quit,
603 3751 879 3808 secundum
906 3762 1126 3802 carnem.
1155 3744 1244 3798 Sic
1267 3739 1565 3796 ostenditur
1587 3739 1688 3793 hoc
1713 3747 1768 3792 et
1796 3736 2019 3790 validius

440 3857 493 3903 ct
523 3843 836 3915 sapientius,
870 3855 990 3902 cum
1039 3847 1092 3893 et
1122 3835 1303 3890 multis
1333 3831 1654 3902 persuaserit
1680 3840 1731 3885 et
1760 3828 2018 3897 insipien-

443 3940 580 3994 tibus
610 3932 954 4007 persuaserit.
1008 3929 1139 3984 Nam
1178 3924 1548 3981 difﬁcillimum
1579 3931 1661 3976 est
1691 3921 1866 3974 idinlu‘.
1891 3933 2016 3988 pcr-

437 4031 683 4094 suadere,
716 4027 946 4082 maxime
972 4037 1090 4078 cum
1119 4020 1186 4076 de
1217 4021 1378 4075 rebus
1399 4016 1714 4072 necessariis
1735 4024 1786 4068 et
1817 4011 2019 4081 magnis

441 4139 619 4179 sermo
641 4133 743 4177 est.
779 4119 1025 4174 Attamen
1048 4121 1456 4186 persuaserunt;
1486 4119 1540 4166 et
1570 4109 1726 4178 hujus
1753 4108 1828 4162 rei
1858 4116 2019 4161 testes

439 4224 594 4272 vocat
621 4214 740 4269 illos
774 4233 787 4268 :
821 4226 943 4264 natn
972 4208 1066 4272 ait,
1101 4205 1276 4260 Videte
1302 4203 1611 4258 vocationem
1640 4211 1872 4265 vestram,
1907 4200 2018 4268 fra-

442 4321 561 4372 tres,
600 4305 958 4363 considerate,
996 4297 1330 4354 scrutamini.
1383 4295 1514 4350 Nam
1562 4294 1701 4361 quod
1742 4293 1917 4346 idiota:
1967 4299 2020 4344 et

443 4397 612 4468 ignari
636 4397 881 4464 dogmata
909 4393 1041 4445 adeo
1070 4388 1328 4458 sapientia
1359 4387 1699 4456 omniumque
1740 4381 2020 4451 Sapientis-

444 4490 580 4541 sima
610 4484 974 4552 susceperint,
1012 4479 1062 4532 id
1096 4493 1300 4547 magna:
1326 4475 1563 4529 doctoris
1619 4473 1892 4542 sapientim
1935 4481 2017 4524 te-

445 4577 752 4635 stimonium
776 4585 877 4628 est.
904 4571 1038 4639 Quid
1067 4571 1164 4623 sibi
1195 4569 1306 4622 vult
1341 4576 1516 4620 autem
1545 4566 1695 4632 illud,
1730 4565 2020 4619 Secundum

445 4665 684 4724 carnem?
731 4663 786 4720 Si
835 4669 1112 4732 spectetur
1159 4657 1210 4711 id
1245 4655 1382 4726 quod
1410 4664 1646 4725 apparet,
1695 4663 1747 4708 et
1789 4669 2020 4723 pra-sons

445 4764 550 4816 vita
589 4769 751 4829 atque
774 4765 996 4812 externa
1024 4750 1304 4807 institutio.
1340 4747 1538 4803 Deinde
1567 4764 1631 4801 ne
1659 4747 1757 4802 vid.
1777 4757 1894 4800 atnr
1923 4748 2019 4800 sibi

445 4847 544 4921 ipsi
575 4846 843 4904 adversari
887 4849 1048 4914 (nam
1079 4839 1378 4913 proctmsuli
1413 4837 1672 4908 persuasit
1707 4848 1758 4890 et
1788 4838 2022 4907 Areopa-

447 4947 566 5014 gita:
602 4955 700 4993 nec
733 4953 836 4991 non
869 4936 1080 5004 Apollo,
1109 4935 1349 5002 aliosque
1383 4930 1625 4985 videmus
1651 4927 1920 4997 sapientes
1955 4929 2022 4982 ad

444 5027 882 5099 pixedicationcm
932 5022 1298 5092 accessisse);
1353 5038 1456 5077 non
1503 5020 1654 5084 dixit,
1708 5019 1890 5073 Nullus
1939 5035 2021 5074 sa-

447 5125 627 5192 piens;
673 5116 788 5180 sed,
823 5113 945 5168 Non
992 5115 1137 5167 multi
1177 5115 1443 5181 sapientes.
1478 5112 1591 5167 Non
1624 5113 1764 5168 enim
1799 5127 1861 5167 ex
1892 5127 2023 5164 con-

445 5213 632 5270 stituto
672 5209 915 5265 indoctos
958 5206 1199 5267 vocabat,
1241 5215 1296 5259 ct
1345 5206 1614 5273 sapientes
1663 5205 2022 5275 relinquebat;

446 5305 539 5362 sed
583 5304 682 5364 hos
721 5303 880 5357 etiam
931 5297 1278 5358 admittebat,
1309 5306 1362 5350 at
1397 5297 1552 5366 longe
1580 5300 1759 5366 plures
1789 5299 2020 5352 illorum.

447 5397 656 5464 Quare?
675 5395 807 5464 Quia
829 5393 918 5464 qui
947 5390 1160 5460 sapiens
1183 5399 1263 5443 est
1293 5387 1582 5442 socnndum
1601 5403 1836 5450 carnem,
1861 5391 2024 5444 multa

450 5487 638 5557 plenus
677 5497 759 5541 est
794 5482 1100 5553 insipientia
1129 5497 1142 5534 :
1173 5490 1222 5536 et
1269 5477 1357 5534 hic
1393 5477 1626 5534 maxime
1674 5481 1866 5534 stultus
1908 5492 1984 5536 est
2011 5524 2023 5545 ,

449 5574 662 5648 quando
698 5587 1003 5645 corruptam
1041 5571 1342 5627 dictrinam
1383 5569 1577 5639 ejicere
1623 5586 1730 5626 non
1775 5570 1908 5625 vult.
1953 5576 2029 5626 Ae

450 5665 891 5734 quemadmodum
923 5662 1132 5718 medico
1158 5673 1325 5716 artem
1367 5677 1517 5719 suam
1551 5663 1745 5718 docere
1776 5663 2022 5727 volente,

453 5756 545 5828 qui
580 5772 745 5830 pauca
790 5753 968 5812 sciunt
1009 5763 1063 5813 et
1104 5758 1241 5813 male
1286 5755 1663 5826 contrarioqne
1698 5755 1860 5810 modo
1912 5761 2026 5809 arte

2138 1555 2380 1609 utuntur,
2431 1556 2592 1615 atque
2638 1561 2754 1600 eam
2784 1547 3016 1602 retinere
3041 1551 3391 1610 contendunt.
3429 1570 3531 1608 non
3562 1556 3714 1611 facile

2133 1637 2467 1708 disciplinam
2495 1636 2843 1700 admiserint;
2868 1639 2958 1708 qui
2990 1655 3117 1693 vero
3148 1641 3277 1714 nihil
3319 1643 3529 1707 sciunt,
3560 1647 3715 1701 facile

2132 1728 2269 1783 dicta
2312 1728 2607 1797 suscipiunt
2653 1746 2666 1781 :
2715 1730 2792 1784 sic
2821 1742 2876 1784 et
2903 1731 3001 1784 hac
3027 1731 3079 1784 in
3107 1747 3166 1786 re
3191 1732 3384 1789 factum
3414 1747 3527 1800 est;
3561 1738 3714 1792 indo-

2132 1821 2200 1875 cti
2233 1821 2399 1890 magis
2437 1821 2673 1885 persuasi
2719 1829 2842 1875 sunt
2879 1840 2889 1874 :
2919 1836 3180 1875 summam
3217 1825 3362 1878 enim
3402 1843 3504 1880 non
3547 1828 3714 1882 habe-

2133 1911 2260 1965 bant
2303 1910 2682 1980 arrogantiam,
2728 1925 2847 1964 cum
2896 1926 3001 1966 non
3044 1923 3292 1982 putarent
3335 1931 3394 1971 se
3439 1918 3711 1986 sapientes

2132 2018 2271 2058 esse.
2307 2003 2384 2058 Illi
2421 2019 2609 2073 nempe
2638 2005 2867 2059 mavime
2911 2005 3059 2060 stulti
3103 2017 3260 2070 sunt,
3296 2009 3387 2078 qui
3419 2011 3712 2066 ratiociniis

2133 2093 2222 2149 illa
2249 2095 2578 2164 permittunt,
2606 2111 2724 2164 ane
2752 2110 2854 2150 non
2881 2109 3105 2167 possunt
3137 2100 3236 2154 nisi
3269 2116 3362 2170 per
3385 2102 3542 2157 ﬁdem
3567 2105 3709 2160 inve-

2133 2187 2254 2240 niri.
2279 2187 2555 2254 Quomodo
2573 2190 2714 2243 enim
2734 2190 2798 2252 si,
2819 2205 2938 2244 cum
2965 2190 3113 2245 faber
3129 2193 3348 2247 mrarius
3371 2196 3573 2265 forcipe
3598 2213 3715 2251 can-

2137 2275 2265 2331 dens
2297 2276 2492 2330 ferrnm
2516 2277 2781 2343 extrahat,
2807 2277 2907 2333 iste
2934 2295 3091 2334 manu
3122 2282 3169 2333 id
3200 2282 3372 2338 facere
3398 2287 3712 2350 contendat,

2133 2366 2281 2420 illum
2328 2378 2582 2422 extrema:
2625 2367 2997 2424 damnabimus
3023 2372 3268 2426 amentia:
3302 2391 3316 2426 :
3345 2375 3413 2427 ita
3457 2385 3512 2428 ct
3535 2377 3712 2444 philo-

2132 2457 2305 2522 sophi,
2353 2457 2443 2528 qui
2487 2473 2580 2526 per
2611 2473 2677 2512 se
2721 2458 2832 2512 lucc
2871 2459 3112 2515 invenire
3149 2463 3320 2515 conati
3363 2473 3508 2530 sunt,
3551 2466 3714 2521 fidem

2132 2549 2332 2618 probro
2381 2549 2692 2604 affecerunt.
2742 2551 2865 2605 ldeo
2910 2552 3038 2606 nihil
3071 2567 3256 2607 eorum
3289 2570 3406 2624 quae
3439 2557 3716 2626 perquire-

2131 2641 2255 2696 bant
2301 2640 2640 2696 invenerunt.
2674 2640 2792 2694 Non
2819 2643 2962 2695 multi
2994 2652 3238 2712 potentes.
3264 2662 3364 2698 non
3397 2647 3544 2700 multi
3574 2647 3715 2701 nobi~

2129 2735 2219 2788 les.
2254 2734 2382 2789 Nam
2411 2743 2465 2788 et
2505 2735 2555 2789 hi
2589 2735 2722 2788 fastu
2761 2735 2901 2804 pleni
2946 2746 3090 2790 sunt.
3139 2735 3278 2791 Nihil
3307 2750 3483 2792 autem
3522 2739 3587 2793 ad
3620 2740 3714 2795 Dei

2128 2829 2489 2896 cognitionem
2517 2827 2594 2882 sic
2625 2826 2814 2882 inutile
2853 2839 2936 2882 est
2958 2869 2972 2892 ,
2999 2838 3059 2882 ut
3097 2831 3398 2898 arrogantia
3429 2841 3480 2885 ct
3505 2830 3714 2885 divitia-

2129 2932 2246 2970 rum
2274 2932 2445 2970 amor.
2477 2916 2728 2971 Efficiunt
2772 2918 2913 2973 enim
2959 2919 3070 2981 illa,
3115 2927 3173 2973 ut
3215 2921 3492 2988 prtescntia
3540 2921 3714 2975 admi-

2128 3020 2312 3064 rentur
2338 3020 2390 3066 et
2432 3009 2726 3063 futurorum
2777 3011 2974 3064 nullam
3025 3013 3288 3066 rationem
3343 3012 3613 3067 habeant:
3659 3022 3714 3067 et

2125 3114 2372 3155 curarunt
2415 3101 2751 3155 multitudine
2777 3117 2938 3155 aures
2964 3102 3266 3158 obstruunt.
3300 3104 3403 3157 Sed
3424 3121 3535 3175 qua:
3557 3108 3712 3160 stulta

2125 3200 2241 3243 sunt
2275 3191 2468 3255 mundi,
2507 3191 2656 3260 elegit
2682 3188 2840 3244 Deus.
2866 3190 3018 3258 Quod
3045 3191 3338 3246 maximum
3362 3203 3445 3247 est
3473 3194 3708 3250 victoria:

2125 3283 2355 3349 signum,
2380 3297 2500 3336 cum
2531 3297 2624 3351 per
2657 3282 2899 3337 indoctos
2931 3283 3119 3339 vincit.

2194 3371 2249 3426 2.
2282 3371 2395 3426 Νοη
2431 3373 2574 3427 enim
2606 3382 2752 3426 tattto
2783 3372 2986 3440 pudore
3013 3374 3531 3440 aﬂiciunturGrzcci,
3551 3393 3709 3447 quan-

2125 3460 2194 3516 do
2224 3477 2317 3531 per
2352 3462 2620 3532 sapientes
2661 3474 2984 3530 superantur
3015 3481 3028 3517 :
3061 3464 3156 3519 sed
3193 3476 3317 3520 tunc
3356 3468 3585 3522 maxime
3613 3486 3710 3537 pu-

2125 3554 2214 3608 det
2257 3553 2398 3617 illos,
2443 3569 2563 3607 cum
2610 3553 2842 3608 viderint
2887 3553 3146 3609 artificem
3194 3565 3248 3611 et
3289 3555 3555 3612 forensem
3592 3561 3705 3628 plus

2125 3659 2282 3715 quam
2325 3644 2443 3698 illos
2485 3643 2974 3713 pltilosolihautetn.
3028 3646 3152 3702 Ideo
3201 3649 3314 3717 ipso
3360 3649 3590 3716 diccbat,
3641 3652 3708 3707 Ut

2125 3733 2402 3803 confundat
2441 3735 2709 3802 sapientes.
2752 3735 2934 3804 Neque
2966 3736 3050 3792 hic
3079 3738 3251 3792 solum
3279 3739 3407 3795 illud
3437 3742 3579 3808 fecit,
3613 3744 3708 3798 sed

2124 3823 2283 3879 etiam
2329 3824 2382 3877 iit
2411 3824 2528 3878 aliis
2555 3825 2675 3879 vita:
2708 3827 3023 3881 commodis.
3067 3829 3269 3883 Etenim
3299 3832 3506 3900 iit/irrita
3537 3836 3708 3888 mundi

2124 3914 2292 3985 elegit,
2325 3914 2511 3984 inquit,
2538 3925 2592 3967 ut
2626 3916 2903 3985 confundat
2933 3917 3105 3986 fortia.
3146 3919 3261 3974 Non
3288 3924 3429 3976 enim
3466 3924 3707 3980 indoctos

2124 4007 2318 4069 solum,
2369 4007 2461 4061 sed
2506 4009 2665 4062 etiam
2699 4024 2981 4077 pauperes,
3013 4012 3166 4076 viles,
3198 4013 3436 4082 abiectos
3466 4033 3592 4070 voca
3606 4019 3702 4082 vit,

2127 4107 2183 4150 nt
2213 4098 2262 4149 in
2295 4097 2528 4166 potentia
2556 4099 2873 4154 constitutos
2906 4099 3231 4158 bumiliaret.
3258 4105 3348 4159 28.
3381 4105 3446 4160 Et
3469 4108 3707 4176 ignobilia

2123 4191 2300 4243 mundi
2325 4201 2368 4242 et
2393 4190 2802 4260 contemptibilia,
2840 4199 2885 4245 et
2911 4208 2970 4246 ea
2997 4209 3111 4263 qua:
3136 4211 3234 4248 non
3255 4207 3392 4259 sunt,
3434 4208 3488 4250 nt
3514 4215 3572 4250 ea
3591 4215 3704 4266 qme

2125 4291 2264 4335 erant
2304 4281 2600 4336 destrueret.
2636 4282 2701 4335 Et
2726 4298 2968 4352 quantam
3009 4297 3196 4351 vocat,
3237 4301 3354 4354 qua:
3400 4302 3504 4341 non
3544 4289 3702 4340 sunt?

2130 4373 2256 4438 Eos,
2290 4375 2378 4442 qui
2409 4373 2539 4426 nihil
2567 4387 2685 4426 esse
2716 4383 2986 4443 putantur,
3015 4376 3157 4445 quod
3191 4377 3241 4430 in
3273 4377 3416 4430 ntdlo
3445 4377 3550 4432 sint
3582 4394 3703 4448 prc-

2127 4465 2219 4517 tio.
2257 4464 2328 4516 Ita
2374 4479 2616 4533 magnam
2659 4467 2896 4520 ostendit
2934 4466 3243 4535 potentiam,
3291 4482 3411 4521 cum
3459 4483 3554 4535 per
3583 4485 3700 4531 eos.

2125 4557 2215 4626 qui
2266 4555 2395 4608 nihil
2443 4556 2693 4611 videntur
2741 4573 2881 4622 esse,
2929 4573 3148 4628 magnos
3197 4559 3376 4630 dejicit
3422 4561 3517 4616 :id
3561 4566 3704 4633 quod

2125 4655 2280 4708 etiam
2316 4655 2440 4708 alibi
2479 4654 2608 4708 dicit
2639 4675 2650 4708 :
2687 4655 2857 4712 Virtus
2883 4677 2996 4713 mea
3034 4660 3086 4713 in
3114 4660 3409 4728 inﬁrmitate
3440 4664 3707 4731 perﬁcitur

2127 4746 2206 4816 (2.
2236 4747 2352 4801 Cor.
2387 4747 2470 4802 12.
2500 4749 2572 4820 9).
2611 4749 2706 4804 Est
2744 4752 3116 4821 enimmagna
3164 4754 3414 4822 potentia,
3447 4755 3708 4825 abjectos,

2129 4838 2219 4907 qui
2270 4839 2468 4893 nullam
2503 4856 2752 4911 umquam
2781 4842 3118 4912 disciplinam
3145 4846 3449 4915 attigerant,
3492 4857 3713 4914 repente

2130 4930 2198 4984 de
2237 4931 2324 4997 iis,
2367 4947 2484 5001 qua:
2529 4949 2688 5003 supra
2726 4935 2887 4988 cados
2910 4944 3054 5001 sunt,
3097 4934 3293 4991 docere
3323 4935 3709 5006 philosophari.

2129 5022 2259 5077 Nam
2287 5035 2339 5077 et
2365 5024 2626 5079 medicmn
2669 5035 2722 5079 ct
2759 5035 3026 5079 oratorem
3071 5035 3125 5080 et
3172 5027 3308 5080 alios
3353 5043 3544 5081 omnes
3591 5040 3714 5081 tunc

2129 5114 2360 5168 maxime
2402 5115 2689 5180 miramur,
2755 5131 2876 5169 cum
2928 5115 3171 5170 indoctos
3221 5115 3506 5170 admodum
3565 5117 3715 5171 insti-

2132 5215 2284 5260 tuunt
2319 5216 2374 5260 et
2411 5206 2680 5260 erudiunt.
2729 5206 2786 5259 Si
2829 5223 2955 5258 vero
2997 5220 3245 5275 magnum
3293 5207 3603 5261 miraculum
3633 5214 3712 5259 est

2131 5298 2259 5353 artis
2285 5297 2520 5352 rationes
2548 5298 2774 5353 indoctis
2806 5299 3117 5364 inculcare;
3151 5299 3319 5354 multo
3351 5301 3518 5370 magis
3553 5309 3711 5352 tanta:

2133 5388 2486 5460 philosophiae
2547 5391 2801 5444 rationes.
2875 5389 2991 5443 Non
3051 5405 3147 5460 pro
3197 5392 3455 5445 miraculo
3509 5401 3712 5443 tantum

2133 5477 2362 5544 edendo,
2411 5495 2584 5548 neque
2633 5490 2690 5534 ut
2727 5481 3021 5551 potentiam
3075 5497 3226 5536 suam
3277 5481 3600 5546 ostenderet,
3662 5481 3713 5534 id

2133 5569 2276 5636 fecit,
2323 5567 2416 5623 sed
2456 5568 2617 5621 etiam
2653 5580 2710 5624 ut
2742 5581 3060 5642 arrogantes
3105 5574 3444 5641 reprimeret.
3487 5567 3718 5638 Ideoque

2131 5665 2288 5713 antea
2321 5658 2545 5724 dicebat,
2569 5657 2636 5714 Ut
2665 5661 2946 5732 confundat
2971 5663 3244 5730 sapientes,
3265 5674 3319 5716 ut
3342 5680 3401 5716 ea
3430 5677 3544 5731 qna:
3569 5670 3717 5714 erant

2135 5756 2452 5814 destrueret;
2471 5763 2524 5808 ct
2552 5753 2638 5810 hic
2665 5768 2849 5810 rursus
2881 5773 2894 5810 :
2920 5755 3014 5812 29.
3052 5752 3120 5810 Ut
3154 5771 3252 5807 mm
3281 5755 3530 5824 glorietur
3555 5751 3720 5806 omnis
