4100 6214
391 257 452 314 ιὲ
1457 247 1524 304 IN
1563 247 1776 304 EPIS'I'.
1820 249 1838 303 Ι
1901 249 1942 303 Α

2048 247 2186 304 3οη.
2228 249 2454 307 IIOMIL.
2505 253 2534 306 ν
2549 293 2564 308 .
3603 271 3670 326 ιε

387 395 509 435 coro
552 378 607 430 in
655 384 928 446 conspectu
975 371 1090 428 Dei.
1119 369 1309 428 Omnia
1337 371 1480 427 enim
1511 372 1650 426 Deus
1678 371 1798 425 ideo
1826 369 1973 434 facit,

388 473 470 542 (ιι)
501 471 581 544 [ιιι
607 468 916 540 superbiam
960 476 1017 522 et
1061 465 1417 535 arrogantiam
1467 465 1758 534 reprimat,
1793 473 1849 516 ut
1889 464 1975 533 ja-

385 566 675 620 ctationem
734 560 884 614 tollat
914 576 928 612 :
957 567 1012 612 ct
1057 573 1152 611 vos
1196 557 1247 610 itt
1293 556 1394 615 hoc
1439 556 1729 624 perstatis?
1773 555 1963 611 Omnia

405 653 570 723 facit],
605 661 661 705 ut
698 650 836 704 nihil
878 648 1035 704 nobis
1062 648 1404 716 imputemus,
1450 655 1507 701 ut
1535 647 1711 701 omnia
1743 647 1850 702 Deo
1874 647 1973 701 atl-

384 746 684 800 scribamus
717 759 730 794 :
759 749 815 795 et
863 755 959 793 vos
1002 739 1126 792 huic
1171 747 1227 792 ct
1276 738 1348 792 illi
1398 752 1492 792 vos
1539 737 1863 792 addixistis?
1909 736 1974 792 Et

383 852 544 907 quam
570 834 782 888 veniam
810 830 1237 900 consequimini?
1261 829 1392 884 Nam
1420 829 1656 884 ostendit
1684 829 1823 884 Deus
1854 828 1969 884 ﬁeri

381 945 490 982 non
539 939 699 1001 posse
737 933 794 977 nt
829 933 1009 976 ucstra
1055 922 1226 977 solum
1267 936 1425 990 opera
1449 921 1672 976 salutem
1699 935 1957 992 assequa-

379 1037 540 1085 mur;
577 1029 631 1074 et
661 1018 763 1072 hoc
786 1016 855 1071 ab
891 1015 1043 1070 initio
1071 1015 1214 1070 fecit.
1257 1013 1440 1084 Neque
1489 1013 1635 1069 enim
1675 1025 1785 1071 tum
1819 1026 1969 1085 pote-

379 1121 504 1167 rant
533 1110 777 1164 homines
809 1125 904 1178 per
927 1123 986 1163 se
1011 1107 1235 1173 servari,
1273 1107 1367 1162 sed
1395 1107 1678 1176 oportebat
1701 1108 1965 1165 obeuntes

377 1205 499 1260 ea-li
529 1201 998 1274 pulchritudinem,
1022 1210 1178 1256 terrae
1201 1200 1638 1269 magnitudinem,
1665 1211 1720 1257 et
1741 1203 1964 1258 aliarum

376 1309 745 1352 creaturarum
773 1309 999 1365 corpus,
1051 1293 1130 1348 sic
1164 1292 1353 1348 adduci
1384 1293 1450 1348 ad
1481 1309 1658 1349 rerum
1681 1293 1959 1365 Opiﬁcem.

378 1393 494 1446 Hoc
524 1407 684 1460 pomi
718 1389 843 1443 fecit
874 1388 986 1457 jam
1013 1396 1137 1441 ante
1164 1385 1464 1455 reprimens
1491 1387 1720 1442 futuram
1748 1388 1963 1457 sapien-

378 1487 470 1540 tia:
497 1499 690 1538 vanam
721 1481 1049 1551 opinionem.
1091 1477 1552 1545 Quemadmodum
1597 1479 1642 1534 si
1687 1480 1806 1548 quis
1848 1495 1962 1534 ma-

373 1585 574 1652 gister,
630 1596 751 1636 cum
797 1577 1018 1648 jusserit
1059 1575 1378 1645 discipulum
1423 1575 1573 1644 sequi
1621 1590 1960 1645 quocumque

373 1677 622 1739 ducatur,
646 1673 732 1726 ubi
761 1669 954 1724 viderit
977 1668 1122 1722 illum
1151 1666 1445 1735 praavenire
1474 1675 1527 1720 et
1555 1667 1691 1721 velle
1720 1682 1748 1718 a
1776 1667 1956 1736 seipse

371 1774 565 1819 concta
623 1763 870 1825 discere,
924 1759 1105 1813 sinens
1148 1757 1298 1812 illum
1345 1772 1546 1820 errare,
1601 1756 1835 1811 ostendit
1890 1758 1956 1812 ilo

373 1859 481 1910 Inm
537 1870 644 1908 non
696 1852 796 1908 sibi
849 1850 1099 1906 sufﬁcere
1143 1847 1212 1903 ad
1258 1848 1593 1920 disciplinam
1625 1891 1641 1916 ,
1686 1859 1741 1903 rt
1805 1859 1930 1905 tunc

369 1967 489 2019 qth
528 1963 622 2001 sua
661 1956 786 2000 sunt
811 1944 1010 1998 inducit
1041 1961 1054 1997 :
1088 1943 1158 1997 ita
1187 1951 1240 1998 et
1287 1942 1424 1997 Deus
1463 1942 1624 2013 jnSsit
1667 1943 1823 1998 initio
1868 1958 1956 1998 se-

368 2041 459 2110 qui
511 2055 602 2106 per
649 2053 825 2090 rerum
871 2042 1168 2089 creaturam
1213 2034 1780 2102 comprehensionem;
1826 2034 1952 2104 quia

370 2148 500 2185 vero
546 2131 832 2183 noluerunt
857 2168 872 2188 .
900 2142 1023 2181 cum
1048 2125 1374 2194 experientia
1403 2124 1673 2180 docuisset
1701 2125 1818 2180 illos
1844 2142 1948 2180 non

365 2223 474 2277 sibi
503 2221 768 2286 subicere,
799 2228 925 2272 tunc
957 2219 1100 2286 ipsos
1120 2215 1186 2270 ad
1214 2232 1274 2271 se
1312 2216 1419 2270 alio
1449 2217 1609 2271 modo
1634 2216 1780 2270 ducit
1810 2234 1823 2270 :
1855 2233 1950 2287 pro

364 2316 548 2371 tabula
585 2313 736 2368 dedit
772 2311 1050 2366 mundum.
1098 2309 1279 2380 Neque
1317 2310 1368 2362 in
1417 2309 1500 2362 his
1546 2309 1786 2364 meditati
1826 2319 1949 2366 sunt

364 2404 690 2479 philosophi,
722 2419 894 2473 neque
917 2402 992 2456 illi
1022 2401 1242 2471 obsequi
1275 2401 1579 2466 voluerunt,
1608 2415 1784 2470 neque
1811 2402 1948 2457 hanc

357 2500 427 2554 ad
452 2501 628 2570 ipsum
663 2496 866 2566 ingredi
896 2497 1053 2560 viam,
1082 2509 1241 2564 quam
1269 2493 1357 2549 ille
1376 2493 1626 2564 jusserat.
1663 2495 1834 2549 Aliam
1857 2496 1946 2553 ille

357 2591 576 2644 induxit
606 2589 742 2642 viam
775 2576 954 2657 priore
979 2588 1284 2650 clariorem,
1327 2601 1446 2654 quat
1473 2587 1820 2656 per-suaderet
1849 2588 1944 2642 ho-

355 2684 564 2736 minem
594 2680 760 2734 solunt
793 2695 899 2732 non
927 2679 1026 2733 sibi
1052 2679 1149 2747 ipsi
1179 2679 1447 2732 sulticere.
1478 2678 1628 2732 'I‘unc
1652 2681 1791 2733 enim
1824 2680 1944 2734 liee-

356 2777 454 2828 bat
496 2771 768 2827 ratioeinia
797 2785 1034 2832 movere.
1084 2779 1139 2824 et
1169 2779 1389 2824 externa
1425 2770 1498 2823 uti
1529 2771 1814 2840 sapientia,
1848 2787 1943 2842 per

352 2885 443 2922 res
466 2877 677 2920 creatas
703 2864 894 2919 ductos
922 2882 935 2917 :
970 2879 1110 2917 nunc
1134 2873 1314 2918 autem
1341 2863 1440 2918 nisi
1467 2864 1587 2932 quis
1607 2865 1798 2919 stultus
1826 2867 1938 2932 liat,

352 2959 405 3012 id
433 2967 536 3017 est,
575 2956 676 3010 nisi
708 2969 867 3009 omne.
898 2953 1235 3007 ratiocinium
1276 2963 1332 3008 et
1367 2968 1581 3008 omnem
1625 2955 1938 3024 sapientiam

348 3061 578 3106 evaeuet
602 3066 668 3104 ac
692 3049 815 3103 tidri
842 3064 900 3102 se
925 3047 1120 3112 tradat,
1147 3048 1348 3101 servari
1380 3049 1580 3117 nequit.
1607 3047 1724 3103 Non
1747 3064 1934 3119 parum

349 3145 515 3213 igitur
543 3153 650 3206 est,
681 3141 823 3210 quod
850 3155 972 3193 eum
999 3139 1142 3192 viam
1168 3139 1378 3193 facilem
1419 3139 1750 3202 reddiderit.
1787 3155 1933 3195 mor-

347 3237 476 3289 bum
510 3249 726 3305 quoque
758 3232 878 3286 inde
906 3241 1084 3286 ortum
1110 3232 1396 3296 evulserit,
1431 3243 1484 3286 ut
1512 3246 1620 3286 non
1641 3233 1938 3303 glorientur

347 3328 599 3381 homines
630 3339 803 3394 neque
842 3325 1008 3377 altum
1037 3323 1248 3393 sapiant
1277 3340 1292 3378 :
1326 3323 1395 3379 Ut
1425 3341 1526 3379 non
1554 3325 1802 3397 glorietur
1826 3344 1935 3380 ont-

345 3419 429 3470 m’s
455 3434 598 3470 caro.
653 3415 785 3469 Ilinc
824 3416 968 3468 enim
998 3425 1269 3483 peccatum
1313 3426 1488 3470 ortum
1527 3426 1630 3485 est,
1675 3419 1816 3488 quod
1842 3419 1933 3473 Dei

345 3509 557 3578 legibus
585 3523 646 3562 se
670 3507 1024 3575 sapientiores
1066 3521 1193 3561 esse
1226 3509 1635 3576 contenderim,
1690 3510 1933 3565 nolentes

345 3603 416 3654 ita
445 3599 738 3654 discerent
761 3599 848 3652 ille
874 3598 1168 3653 constituit.
1204 3598 1488 3668 Propterea
1518 3615 1688 3668 neque
1714 3601 1792 3655 sic
1817 3616 1933 3654 om-

346 3691 476 3744 nino
495 3690 819 3743 didicerunt.
843 3688 932 3742 Sic
960 3689 1119 3748 etiam
1149 3687 1342 3742 factum
1371 3697 1455 3743 est
1492 3690 1560 3744 ab
1591 3691 1759 3744 initio.
1793 3691 1932 3746 Dixit

345 3782 576 3842 Adamn,
625 3780 737 3834 IIoc
768 3781 868 3843 lac,
901 3779 1002 3834 hoc
1031 3797 1098 3836 ne
1126 3780 1338 3836 feceris.
1371 3781 1464 3836 Ille
1485 3798 1542 3837 se
1572 3785 1720 3852 plura
1751 3801 1930 3853 reper-

347 3884 526 3926 turum
563 3885 812 3940 Speraus,
843 3871 1172 3940 obsequutus
1201 3882 1430 3938 nonest,
1453 3874 1670 3943 etquod
1702 3874 1929 3930 habebat

345 3963 600 4030 perdidit.
636 3963 774 4016 Dixit
803 3963 866 4016 iis
909 3963 996 4031 qui
1039 3971 1219 4032 postea
1267 3963 1436 4030 fuere,
1482 3966 1558 4020 Ne
1589 3968 1640 4020 in
1673 3978 1927 4023 recreata

341 4057 646 4120 consistite,
687 4055 788 4109 sed
829 4071 923 4123 per
948 4056 1090 4109 illam
1131 4057 1436 4113 Creatorem
1467 4061 1924 4127 Contemplamini.

341 4149 428 4202 Illi
470 4159 670 4213 autem,
698 4149 854 4218 quasi
876 4149 1001 4218 quid
1042 4149 1199 4204 dictis
1231 4152 1526 4220 sapientius
1558 4153 1924 4221 invenissent,

342 4244 660 4294 innmneros
688 4249 967 4294 moverunt
995 4241 1344 4311 Iabyrinthos.
1376 4245 1719 4312 Quapropter
1748 4255 1801 4299 et
1829 4261 1922 4301 se-

338 4352 461 4388 cum
493 4345 548 4387 et
578 4335 716 4388 inter
741 4350 800 4387 se
825 4345 1010 4387 mutuo
1034 4334 1407 4400 conﬂixerunt,
1451 4351 1515 4390 ac
1549 4352 1720 4406 neque
1761 4339 1924 4394 Deum

341 4428 686 4490 invenerunt,
720 4441 890 4494 neque
912 4425 986 4480 de
1005 4441 1066 4480 re
1096 4434 1276 4480 creata
1309 4427 1433 4495 quid
1462 4426 1610 4483 ciare
1640 4442 1922 4496 noverunt,

342 4535 518 4588 neque
555 4529 944 4587 congruentem
991 4527 1044 4572 et
1086 4534 1266 4575 veram
1296 4520 1434 4574 circa
1473 4537 1590 4575 eam
1619 4523 1924 4592 opinionem

340 4611 665 4663 habuerunt.
697 4607 824 4662 Ideo
851 4624 1061 4662 rursum
1087 4625 1275 4680 magna
1301 4611 1350 4664 vi
1375 4612 1586 4666 illorum
1617 4615 1923 4682 opinionem

341 4702 641 4763 decutiens,
665 4701 906 4755 indoctos
921 4700 1150 4770 primum
1177 4702 1398 4768 induxit,
1425 4706 1714 4762 ostendens
1739 4723 1927 4764 omnes

339 4809 572 4863 superna
601 4792 863 4861 sapientia
891 4806 1024 4862 opus
1056 4793 1272 4849 habere.
1319 4794 1503 4865 Neque
1547 4798 1706 4852 modo
1747 4801 1796 4852 in
1828 4816 1922 4854 ro-

339 4885 599 4955 gnitionis
642 4884 872 4948 ratione,
921 4884 1015 4939 sed
1054 4894 1108 4940 et
1151 4885 1206 4940 in
1254 4887 1376 4941 aliis
1405 4889 1650 4945 omnibus
1682 4890 1925 4949 homines

339 4988 396 5031 et
450 4991 640 5030 clunes
702 4993 788 5032 res
841 4988 1050 5032 creatas
1111 4979 1332 5033 omnino
1398 4996 1532 5050 opus
1596 4982 1793 5038 habere
1842 4987 1924 5040 sui

339 5068 554 5128 voluit,
584 5077 642 5121 ut
697 5068 985 5122 maximam
1037 5068 1260 5125 haberet
1306 5073 1640 5127 occasionem
1689 5084 1744 5130 et
1794 5079 1924 5131 sub-

332 5159 596 5229 jectiouis
621 5170 671 5214 et
697 5161 1138 5228 necessitudinis,
1188 5177 1252 5216 ne
1294 5179 1414 5232 qu:e
1459 5165 1744 5232 resilirent,
1797 5183 1919 5237 per-

338 5254 484 5307 irent
523 5252 561 5304 ¹.
606 5253 830 5324 Ideoque
869 5269 974 5308 non
1021 5255 1260 5324 permisit
1295 5265 1350 5311 ut
1389 5257 1486 5312 sibi
1520 5258 1648 5327 ipsis
1677 5259 1806 5314 satis
1835 5275 1924 5315 es-

374 5475 416 5544 _‘
457 5472 595 5532 Harc,
617 5487 678 5524 ne
707 5486 820 5537 qua:
853 5473 1110 5536 resilirent,
1136 5477 1368 5542 perirent,
1381 5477 1522 5528 Savil.
1549 5482 1708 5541 posuit
1730 5483 1778 5532 in
1801 5495 1924 5534 mar-

334 5549 471 5596 ante.

397 5618 472 5680 (ις)
493 5627 612 5674 Quze
634 5619 829 5668 uncinis
849 5617 1160 5677 clauduntur,
1185 5622 1233 5670 in
1258 5621 1476 5680 margine
1501 5623 1664 5676 ferunt
1685 5627 1845 5678 Montl‘.
1873 5636 1924 5680 et

333 5679 451 5730 said
499 5682 744 5745 uobisque
766 5684 816 5731 iu
840 5687 1033 5733 textum
1050 5685 1272 5747 recipere
1298 5688 1450 5735 visum
1473 5695 1566 5735 est.

2086 377 2226 424 sent.
2259 369 2388 426 Nam
2419 371 2465 426 si
2496 387 2637 429 nunc
2685 374 2843 429 etiam
2891 377 3044 433 multi
3085 394 3206 435 cum
3237 397 3372 452 opus
3414 384 3663 457 habeant,

2083 458 2419 531 despiciunt;
2453 463 2553 518 nisi
2596 464 2698 520 hoc
2741 467 2950 530 luisset,
3004 486 3112 540 quo
3151 475 3416 542 superbia:
3446 494 3551 534 non
3578 496 3668 537 as-

2081 550 2429 607 cendissent?
2459 560 2637 624 Itaque
2668 565 2866 612 tantam
2894 559 3076 628 gloria:
3105 567 3537 633 ostentationem,
3558 586 3664 626 non

2080 655 2145 694 ex
2196 642 2394 697 invidia
2443 644 2531 700 ille
2575 648 2827 714 sustulit,
2871 651 2966 705 sed
3000 661 3056 706 ιιι
3095 656 3392 713 retraheret
3433 649 3660 719 illos-cx

2079 735 2315 803 pernicie
2343 736 2466 792 inde
2512 747 2682 808 parta.
2738 741 2826 796 30.
2865 743 2945 797 Ea:
2985 745 3097 806 ipso
3141 759 3310 802 autem
3341 767 3428 806 vos
3458 764 3579 809 estis
3608 756 3662 810 in

2077 825 2280 881 Christo
2311 828 2458 893 Jesu,
2504 834 2592 898 qui
2639 833 2806 900 [actus
2849 845 2922 890 est
2961 837 3103 892 nobis
3131 841 3380 911 sapientia
3404 862 3436 898 α
3457 845 3585 914 Deo,
3610 864 3661 905 ct

2067 917 2272 987 justitia
2311 929 2358 973 et
2383 923 2722 991 sanctiﬁcatio
2761 934 2809 980 et
2851 928 3153 998 redemptio.
3202 932 3357 1002 Illud,
3407 937 3491 993 Ea:
3517 941 3652 1010 ipso,

2074 1021 2181 1060 non
2208 1007 2276 1062 de
2308 1011 2654 1078 productione
2678 1014 2746 1069 ad
2777 1019 3066 1073 essentiam
3097 1024 3269 1088 ipsum
3299 1026 3477 1083 dicere
3504 1007 3652 1100 puto,

2072 1100 2167 1155 sed
2195 1101 2263 1156 de
2293 1103 2430 1169 lidc;
2463 1104 2515 1159 id
2544 1117 2660 1174 est,
2695 1108 2832 1164 ﬁlios
2862 1110 2952 1165 Dei
2982 1112 3094 1168 ﬁeri
3125 1114 3274 1182 dicit,
3302 1135 3406 1174 non
3433 1138 3497 1176 ex
3528 1138 3656 1178 san-

2069 1195 2320 1264 guinibus
2349 1214 2521 1268 neque
2546 1215 2612 1256 ex
2635 1201 2909 1259 voluntate
2949 1208 3147 1263 carnis.
3204 1209 3284 1266 Ne
3335 1213 3652 1274 existimetis

2068 1302 2216 1357 ergo,
2252 1299 2530 1359 postquam
2562 1307 2590 1344 a
2621 1292 2940 1363 gloriatione
2969 1313 3068 1352 nos
3099 1315 3392 1368 exetnerat,
3427 1307 3506 1362 sic
3559 1326 3649 1366 re-

2067 1376 2290 1447 liquisse
2333 1380 2537 1436 :aliam
2584 1384 2727 1438 enim
2774 1387 3034 1456 majorem
3079 1390 3226 1446 dedit
3252 1394 3646 1463 gloriationem.

2071 1469 2126 1524 In
2178 1483 2469 1541 conspectu
2523 1475 2666 1530 enim
2711 1478 2828 1548 ejus
2869 1496 2975 1534 non
3018 1495 3233 1552 oportet
3256 1487 3490 1556 gloriari.
3529 1491 3650 1551 Filii

2064 1562 2184 1631 ejus
2206 1565 2358 1630 estis,
2391 1565 2492 1622 hoc
2521 1567 2644 1622 lacti
2677 1584 2770 1638 per
2798 1570 3091 1628 Christum.
3140 1576 3207 1630 Et
3246 1588 3528 1648 postquam
3559 1582 3643 1636 di-

2064 1656 2159 1719 xit,
2193 1654 2362 1712 Stulta
2389 1659 2566 1713 mundi
2589 1661 2736 1733 elegit
2761 1672 2809 1717 et
2832 1664 3092 1734 ignobilia,
3121 1669 3354 1724 ostendit
3381 1671 3502 1727 illos
3523 1688 3647 1730 esse

2061 1748 2298 1804 omnium
2339 1751 2661 1818 nobiliores,
2702 1755 2790 1824 qui
2825 1756 2988 1811 Deum
3019 1771 3222 1827 patrem
3255 1761 3504 1819 habeant.
3537 1765 3648 1820 IIu-

2056 1837 2144 1906 jus
2176 1855 2336 1907 porro
2375 1843 2666 1898 nobilitatis
2711 1861 2816 1900 non
2859 1846 2945 1904 hic
2998 1851 3077 1905 vel
3106 1852 3216 1919 ille,
3259 1855 3354 1908 sed
3401 1855 3644 1914 Christus

2060 1929 2210 1982 vobis
2246 1945 2405 1986 causa
2445 1943 2548 1998 est,
2593 1936 2682 2002 qtti
2715 1952 2813 1989 nos
2841 1939 3112 2006 sapientes
3142 1941 3268 1996 fecit
3298 1954 3352 1998 et
3379 1947 3558 2014 justos
3583 1959 3641 2003 ot

2057 2030 2304 2085 sanctos;
2338 2021 2439 2076 hoc
2468 2023 2610 2078 enim
2641 2025 2906 2094 signiﬁcat
2938 2029 3064 2084 illud
3084 2072 3099 2096 ,
3157 2031 3348 2088 Factus
3381 2046 3456 2090 est
3499 2040 3641 2096 nobis

2055 2112 2320 2180 sapientia.

2127 2205 2179 2258 '5.
2219 2205 2350 2272 Quis
2371 2221 2498 2277 ergo
2519 2207 2674 2263 nobis
2705 2209 2998 2278 sapientior
3014 2211 3188 2281 fuerit,
3217 2217 3308 2286 qui
3326 2233 3430 2273 non
3456 2220 3635 2278 Plato-

2055 2299 2269 2366 nis,scd
2287 2301 2558 2357 Christum
2582 2304 2754 2373 ipsum
2778 2308 3092 2377 sapientiam
3115 2310 3396 2381 habemus,
3430 2317 3535 2374 Deo
3565 2321 3635 2374 ita

2052 2393 2310 2449 volente?
2333 2396 2461 2465 quid
2507 2409 2587 2453 est
2617 2411 2793 2455 autem
2823 2401 2974 2469 illud,
3023 2404 3067 2457 Α
3097 2405 3249 2461 Deo?
3271 2407 3406 2465 Cum
3445 2429 3634 2483 magna

2050 2485 2272 2540 dixisset
2297 2487 2364 2542 de
2384 2487 2688 2557 Unigrnito,
2719 2499 2844 2547 tunc
2868 2494 3016 2548 addit
3035 2495 3266 2562 Patrem,
3295 2504 3504 2572 nequis
3531 2522 3633 2574 pne

2049 2587 2184 2634 taret
2209 2579 2502 2650 ingenitum
2528 2583 2718 2638 Filium
2747 2601 2886 2641 esse.
2913 2587 3048 2642 Cum
3087 2606 3216 2660 ergo
3249 2594 3479 2652 dixisset
3507 2615 3627 2655 eum

2049 2682 2190 2726 tanta
2216 2674 2472 2743 potuisse,
2492 2677 2652 2730 etiam
2682 2686 2848 2732 totum
2883 2680 3066 2736 tribuit
3091 2683 3246 2750 Fida,
3273 2687 3457 2743 ιΙίονιιε
3477 2691 3626 2746 illum

2044 2766 2358 2834 sapientiam
2387 2767 2540 2822 nobis
2567 2767 2763 2823 factum
2789 2770 2972 2838 fuisse,
2995 2785 3048 2826 et
3070 2773 3327 2844 justitiam
3353 2790 3406 2834 et
3427 2785 3626 2837 sancti-

2045 2857 2342 2914 licationem
2364 2869 2417 2914 et
2435 2859 2878 2930 redemptionem.
2910 2863 3011 2920 Per
3041 2866 3228 2921 Fiiom
3253 2885 3437 2926 rursus
3457 2881 3626 2929 totum

2041 2949 2336 3004 attribuens
2363 2951 2505 3004 Patri
2532 2951 2699 3016 dixit,
2754 2954 2794 3006 A
2828 2953 2953 3009 Deo.
2983 2957 3094 3012 Cur
3119 2970 3296 3015 autem
3329 2978 3435 3017 non
3465 2965 3620 3032 dixit,

2042 3042 2194 3096 Fecit
2229 3058 2326 3096 nos
2351 3042 2646 3113 sapientes,
2676 3046 2770 3100 Sed
2789 3087 2807 3111 ,
2837 3045 3026 3104 Factus
3062 3061 3136 3104 est
3157 3054 3299 3109 nobis
3335 3058 3584 3126 sapientia
3602 3062 3628 3112 Ρ

2047 3131 2175 3186 doni
2205 3134 2492 3189 ostendens
2518 3135 2923 3203 abundantiam,
2957 3154 3020 3195 ac
3047 3141 3093 3196 si
3123 3141 3344 3211 diceret,
3377 3149 3622 3220 Seipsunt

2041 3225 2192 3279 nobis
2221 3224 2388 3280 dedit.
2439 3227 2505 3280 Et
2533 3227 2656 3283 vide
2689 3231 2961 3298 quomodo
2991 3233 3266 3302 procedat.
3301 3238 3454 3294 Prius
3479 3243 3622 3298 enim

2038 3332 2136 3372 nos
2164 3317 2427 3388 sapientes
2459 3318 2583 3374 fecit
2625 3335 2748 3374 cum
2776 3323 2843 3375 ab
2865 3337 3050 3378 errore
3089 3326 3353 3391 liberavit,
3402 3341 3458 3386 et
3489 3341 3614 3388 tune

2032 3410 2206 3479 justas
2232 3420 2286 3465 et
2303 3421 2539 3474 sanctos,
2573 3410 2830 3481 Spiritum
2851 3416 3088 3486 largitus,
3113 3427 3168 3472 et
3193 3420 3271 3474 sic
3293 3437 3434 3476 nosa
3467 3425 3622 3481 malis

2037 3504 2284 3558 omnibus
2315 3504 2578 3568 liberavit,
2608 3505 2678 3560 ita
2709 3517 2766 3560 ut
2789 3507 2954 3576 ipsius
2983 3509 3174 3576 simus,
3199 3529 3303 3567 non
3334 3531 3428 3583 per
3455 3518 3619 3586 ipsius

2035 3594 2344 3662 essentiam,
2377 3595 2472 3648 sed
2507 3610 2601 3664 per
2629 3595 2806 3650 tidem.
2840 3598 2978 3653 Mihi
3007 3615 3166 3668 porro
3182 3603 3332 3671 dicit,
3354 3607 3494 3675 quod
3523 3625 3617 3664 nos

2035 3685 2157 3739 lacti
2188 3685 2356 3740 simus
2381 3685 2587 3756 jttStitia
2618 3686 2670 3741 iu
2695 3687 2810 3756 ipSo
2839 3706 2851 3742 :
2878 3689 3030 3758 Eum,
3058 3694 3144 3762 qui
3169 3711 3268 3749 non
3295 3699 3430 3751 novit
3452 3717 3620 3769 perca-

2035 3785 2161 3842 tum,
2189 3788 2449 3841 percolunt
2479 3795 2570 3848 pro
2612 3779 2753 3833 nobis
2778 3781 2892 3849 {erit
2913 3823 2927 3848 ,
2957 3793 3011 3836 ut
3042 3801 3132 3838 nos
3161 3788 3398 3855 [irretitus
3415 3793 3622 3861 justitiu

2039 3870 2127 3923 hci
2153 3870 2204 3922 in
2226 3871 2337 3938 ipso
2391 3869 2464 3940 (2.
2495 3870 2614 3925 Cor.
2641 3872 2696 3926 5.
2719 3873 2810 3942 2|)
2836 3890 2849 3938 ;
2904 3891 3043 3930 nunc
3070 3890 3245 3933 autem
3295 3883 3422 3937 dicit
3461 3885 3609 3940 illttm

2034 3961 2188 4015 nobis
2214 3960 2412 4014 factum
2440 3961 2604 4016 fuisse
2621 3963 2902 4030 justitiam,
2931 3966 2998 4019 ita
3020 3977 3074 4020 ut
3095 3970 3293 4025 volenti
3317 3974 3472 4029 liceat
3500 3978 3617 4042 ejus

2031 4051 2241 4107 abunde
2260 4061 2564 4107 consortem
2589 4067 2732 4106 esse.
2759 4053 2873 4108 Non
2901 4056 3040 4109 enim
3067 4057 3154 4112 hic
3183 4063 3261 4114 vel
3284 4063 3374 4118 ille
3393 4066 3610 4132 sapien-

2035 4153 2112 4197 tes
2145 4142 2287 4206 fecit,
2311 4141 2406 4197 sed
2427 4142 2688 4197 Christus.
2716 4143 2816 4209 Qui
2846 4161 2973 4214 ergo
2996 4147 3277 4216 gloriatur,
3303 4152 3354 4205 in
3381 4154 3476 4209 illo
3500 4158 3614 4226 glo-

2032 4234 2218 4296 rietur,
2252 4248 2359 4286 non
2390 4233 2442 4287 in
2467 4233 2573 4288 alio
2599 4249 2612 4286 :
2639 4249 2667 4286 a
2690 4232 2907 4289 Christo
2927 4239 3106 4292 omnia
3142 4238 3276 4295 facta
3307 4256 3451 4299 sunt.
3487 4249 3614 4303 Ideo

2031 4340 2151 4381 cum
2179 4325 2402 4380 dixisset
2425 4369 2439 4393 ,
2473 4318 2573 4394 Qui
2598 4327 2764 4394 {actus
2792 4338 2864 4382 est
2888 4329 3028 4383 nobis
3050 4333 3299 4401 sapientia
3326 4345 3372 4388 rt
3409 4339 3613 4407 justitia

2032 4430 2077 4474 et
2091 4421 2424 4488 sanctiﬁcatio
2445 4430 2492 4474 et
2513 4421 2810 4486 redemptio,
2829 4423 3101 4491 subjnnxit
3121 4441 3136 4478 :
3161 4427 3348 4493 51111,
3371 4437 3617 4500 quartad-

2032 4513 2238 4565 ntotlunt
2258 4513 2499 4582 scriptum
2517 4521 2609 4576 est,
2633 4512 2731 4577 Qui
2758 4513 3027 4584 gloriatur,
3047 4516 3098 4568 in
3129 4516 3346 4573 Domino
3366 4521 3612 4592 glorietur

2036 4605 2169 4676 (λετ.
2215 4603 2269 4659 9.
2298 4603 2413 4674 25).
2444 4604 2731 4674 Propterea
2769 4601 2930 4658 etiam
2962 4607 3117 4662 valde
3159 4608 3402 4666 invectus
3448 4616 3613 4670 estin

2031 4697 2349 4766 sapientiam
2373 4695 2714 4760 Grzrcorum;
2748 4706 2806 4750 ut
2833 4696 2935 4752 hoc
2959 4697 3074 4766 ipso
3104 4703 3420 4769 persoadcat
3450 4705 3608 4762 hom}

2033 4787 2208 4852 nibus,
2243 4796 2300 4840 ttt
2327 4786 2486 4841 etiam
2513 4784 2713 4853 justum
2742 4795 2844 4855 est,
2875 4799 2932 4842 ut
2961 4785 3012 4841 in
3037 4790 3264 4847 Domino
3293 4794 3611 4862 glorientur.

2031 4880 2163 4935 Nam
2191 4894 2311 4934 cum
2335 4895 2362 4933 ξι
2391 4877 2544 4934 nobis
2574 4878 2705 4948 ipsis
2736 4896 2855 4950 qua:
2876 4896 2975 4936 nos
3001 4895 3255 4952 superant
3296 4890 3609 4959 qttmritntt-=,

2032 4973 2160 5026 nihil
2208 4981 2292 5026 est
2337 4971 2490 5026 nobis
2517 4973 2732 5025 stultius
2757 5013 2771 5036 ,
2803 4971 2935 5026 nihil
2985 4974 3320 5034 imbecillius.
3351 4981 3611 5053 Linguam

2031 5064 2170 5117 enim
2201 5071 2408 5116 acutam
2441 5061 2636 5114 habere
2659 5075 2972 5129 possumus;
2997 5067 3242 5136 dogmata
3266 5087 3393 5128 vero
3418 5075 3611 5142 διιΙὶιιει,

2032 5172 2136 5210 non
2165 5155 2326 5218 item;
2359 5155 2454 5209 sed
2472 5170 2790 5210 aranearum
2819 5158 2939 5213 telis
2964 5177 3056 5229 per
3073 5178 3132 5217 sc
3156 5163 3348 5219 similia
3380 5177 3506 5222 sunt
3532 5187 3617 5223 ra-

2033 5244 2268 5300 tiocinia.
2317 5245 2396 5300 Eo
2419 5245 2561 5299 enim
2591 5245 2805 5314 quidam
2839 5264 3213 5319 processerant
3241 5260 3508 5320 atncntia‘,
3558 5269 3616 5315 ut

2032 5355 2218 5394 eorum
2243 5357 2358 5408 quae
2386 5349 2510 5393 sunt
2540 5339 2671 5394 nihil
2701 5357 2884 5397 verum
2917 5358 3039 5398 esse
3081 5345 3323 5400 dicerent
3351 5389 3364 5410 ,
3394 5354 3487 5403 sed
3518 5349 3609 5418 iis,
3685 5330 3698 5342 κ

2031 5445 2152 5500 quae
2201 5440 2539 5499 apparerent,
2571 5432 2752 5486 omnia
2804 5434 3072 5487 contraria
3112 5450 3232 5490 esse
3261 5439 3613 5496 alilrmareut.

2032 5519 2174 5574 Nihil
2202 5535 2329 5589 ergo
2356 5528 2499 5574 tuum
2525 5536 2644 5576 esse
2675 5522 2906 5586 dixeris,
2940 5523 3032 5578 sed
3063 5523 3115 5578 in
3144 5525 3392 5580 omnibus
3417 5528 3470 5584 in
3500 5531 3610 5586 Deo

2032 5609 2313 5679 glorieris;
2346 5609 2476 5664 nulli
2521 5611 2724 5666 homini
2753 5613 2950 5682 aliquid
3002 5630 3250 5684 umquam
3299 5617 3520 5675 tribuas.
3554 5623 3616 5679 Si

2033 5701 2178 5759 enim
2213 5702 2378 5761 Paulo
2397 5702 2528 5769 nihil
2556 5715 2635 5761 est
2661 5706 3084 5776 attribuendtttn,
3116 5711 3285 5768 multo
3315 5712 3486 5786 magis
3512 5733 3615 5771 ca:-
