4100 6214
407 249 478 301 43
1185 241 1240 297 S.
1283 239 1556 294 JOANNIS
1592 233 2066 292 CIIRYSOSTOMI
2110 236 2419 291 ARClllEf‘.
2461 236 2993 292 CONSTANTINOP.
3608 243 3678 298 44

409 366 538 423 teris
567 381 583 419 τ
616 377 736 418 n“m
763 361 836 415 ait
864 359 975 424 ille,
1029 355 1135 426 Ego
1157 351 1402 423 plantavi,
1427 349 1608 420 Apollo
1627 347 1829 417 rigavit,
1857 345 1990 398 licus

410 468 580 512 autem
607 457 964 508 incrementum
991 447 1128 500 dedit
1155 444 1230 514 (1.
1263 439 1381 496 Cor.
1413 441 1465 494 5.
1491 439 1568 508 6).
1596 437 1697 505 Qui
1722 435 1904 490 didicit
1938 437 1988 487 in

411 545 642 603 Domino
670 540 888 614 gloriari
910 580 925 605 ,
950 547 1236 604 numquam
1269 545 1388 585 sese
1412 529 1596 584 efferet
1615 570 1630 594 ,
1661 527 1753 581 sed
1782 541 1992 595 semper

411 639 653 696 modeste
677 646 818 706 aget,
847 642 899 687 et
928 631 983 684 in
1031 628 1276 682 omnibus
1302 633 1484 695 gratus
1522 624 1640 675 erit.
1673 621 1778 675 Res
1815 629 1991 674 autem

410 733 722 788 Grmcorum
755 740 859 779 non
893 729 1019 776 sunt
1069 716 1371 786 huiusmodi
1398 757 1411 780 ,
1455 713 1552 769 sed
1583 715 1759 766 omnia
1788 711 1862 764 illi
1893 710 1994 765 sibi

411 823 738 877 adscribunt.
775 814 1002 883 Ideoque
1031 828 1093 866 ex
1123 808 1425 864 hominibus
1450 806 1581 859 deos
1609 803 1834 866 faciunt;
1864 802 1996 856 adeo

412 913 534 967 illos
558 906 855 976 arrogantia
879 900 1256 973 pessumdedit.
1285 898 1505 950 Demum
1529 893 1656 947 hora
1685 902 1767 947 est
1795 902 1849 945 ut
1875 904 1995 944 cum

412 1003 519 1059 illis
548 1008 944 1056 concertemus.
978 994 1078 1050 Ubi
1111 1006 1237 1062 ergo
1263 990 1350 1044 die
1390 987 1653 1057 superiori
1698 984 1995 1039 oralionem

413 1090 766 1163 reliquimus?
792 1087 1127 1147 Dicebamus,
1153 1098 1257 1135 non
1284 1094 1440 1150 posse
1466 1094 1531 1132 ex
1563 1078 1790 1130 humana
1811 1088 1997 1129 conse-

414 1183 630 1256 quentia
651 1179 1000 1251 philosophos
1028 1191 1056 1228 a
1089 1169 1444 1243 piscatoribus
1463 1167 1704 1238 superari
1730 1185 1742 1220 :
1767 1175 1998 1218 attamen

417 1255 534 1330 fieri
563 1271 764 1344 potuit;
806 1267 946 1322 unde
975 1266 1147 1335 palam
1177 1269 1298 1325 est,
1329 1259 1381 1314 id
1429 1274 1524 1328 per
1550 1260 1773 1328 gratiam
1805 1255 2000 1308 factum

417 1381 561 1423 esse.
591 1363 909 1418 Dicebamus
935 1357 1049 1411 fieri
1082 1369 1184 1408 non
1211 1367 1370 1424 posse
1392 1392 1408 1417 ,
1439 1359 1496 1404 ut
1525 1358 1602 1403 tot
1631 1357 1685 1402 et
1733 1357 1839 1400 tam
1869 1361 2006 1417 pra:-

419 1460 562 1514 clara
590 1464 737 1527 gesta
759 1452 842 1507 vel
873 1449 1167 1519 cogitarent
1188 1443 1403 1515 quidem
1439 1457 1454 1506 ;
1483 1449 1538 1496 et
1565 1437 1899 1494 ostendimus
1934 1437 2003 1490 il-

422 1553 503 1605 los
527 1564 630 1604 non
663 1544 822 1601 modo
847 1543 1131 1612 cogitasse,
1157 1537 1253 1594 sed
1283 1535 1443 1592 etiam
1475 1549 1595 1589 cum
1620 1545 1811 1602 magna
1837 1529 2006 1584 facili-

423 1652 532 1696 tate
559 1639 622 1693 ad
654 1638 811 1691 ﬁnem
836 1631 1169 1704 perduxisse.

500 1731 584 1785 Ea:
612 1729 776 1800 gratio
803 1727 974 1779 divina
1016 1719 1233 1792 apostoli
1279 1716 1448 1772 orbem
1475 1723 1838 1769 converterunt.
1865 1743 1930 1752 -—
1953 1710 2008 1765 In

426 1824 530 1878 hoc
555 1822 669 1892 ipso
701 1817 860 1872 hodie
884 1812 1142 1871 orationis
1161 1809 1337 1880 capite
1364 1822 1460 1863 nos
1482 1806 1886 1862 exercebimus:
1915 1819 2012 1855 un-

426 1916 618 1968 tlenam
650 1910 756 1964 illis
797 1905 1007 1962 venerit
1038 1904 1090 1957 in
1121 1909 1380 1964 mentem,
1408 1905 1469 1954 ut
1495 1905 1778 1967 sperarent
1827 1909 1886 1948 se
1927 1902 2010 1946 to-

427 2020 538 2061 tum
561 2004 743 2059 orbem
769 2009 926 2056 terrae
949 2011 1104 2068 posse
1125 1995 1362 2057 vincere,
1388 1990 1435 2045 si
1458 2007 1561 2044 nou
1586 1989 1842 2043 vidissent
1859 1985 2013 2040 Chri-

428 2109 569 2153 stum
599 2092 981 2150 resurrexisse.
1022 2088 1157 2143 Num
1188 2086 1240 2140 in
1273 2083 1469 2139 mentis
1496 2095 1716 2136 excessu
1744 2078 2012 2148 quidpiam

431 2191 534 2244 tale
584 2183 978 2242 inconsiderate
1033 2188 1088 2234 et
1133 2186 1339 2232 temere
1388 2170 1724 2243 cogitarunt?
1785 2169 2012 2223 Omnem

431 2279 628 2350 quippe
669 2273 957 2330 amentiam
993 2275 1232 2338 superat,
1263 2265 1462 2334 absque
1494 2263 1582 2316 Dei
1616 2260 1781 2332 gratia
1815 2267 2013 2350 tantam

433 2386 547 2426 rem
579 2367 760 2439 perlici
792 2377 948 2434 posse
977 2374 1215 2430 sperare.
1271 2354 1552 2424 Quomodo
1581 2353 1680 2406 hoc
1715 2349 2019 2405 effecissent

434 2461 762 2518 insanientes
787 2466 841 2511 et
863 2456 913 2508 in
944 2451 1139 2508 mentis
1163 2447 1421 2503 excessu?
1443 2445 1534 2500 Sin
1557 2458 1683 2498 vero
1698 2457 1841 2496 sana:
1868 2454 2019 2493 nien-

442 2556 509 2607 ti-t
538 2559 714 2614 erant,
745 2554 878 2602 utet
900 2559 987 2599 res
1016 2544 1144 2611 ipsa:
1175 2540 1422 2609 probant,
1452 2534 1719 2606 quomodo
1747 2546 1852 2586 non
1875 2544 2021 2585 accc-

442 2647 546 2714 ptis
565 2658 632 2698 ex
657 2640 791 2695 etelo
815 2637 917 2691 ﬁde
939 2633 1112 2704 dignis
1131 2629 1462 2701 pignoribus,
1488 2641 1586 2680 nec
1608 2638 1895 2693 supernam
1925 2620 2019 2674 ad-

442 2735 552 2804 epti
577 2733 822 2805 gratiam,
841 2728 956 2783 ausi
983 2734 1167 2782 essent
1184 2723 1249 2777 ad
1278 2731 1420 2776 tanta
1443 2719 1591 2774 exire
1617 2717 1775 2781 bella,
1797 2716 1849 2769 in
1876 2725 2018 2768 terra

441 2839 498 2882 et
519 2827 574 2880 in
623 2822 759 2878 tnari
789 2816 1150 2888 suscipienda,
1182 2824 1237 2868 et
1263 2813 1328 2867 ad
1354 2809 1639 2868 mutandos
1684 2807 1846 2862 totius
1875 2805 2023 2858 orbis

445 2931 644 2982 mores,
687 2921 835 2968 tanto
865 2919 1105 2978 tempore
1131 2904 1510 2967 confirmatos,
1545 2898 1787 2954 homines
1818 2894 2022 2950 duode-

441 3012 548 3066 cim
571 3023 628 3063 se
653 3005 934 3074 accingere
963 3011 1017 3056 et
1047 3000 1117 3054 ita
1146 2998 1353 3053 fortiter
1382 2993 1565 3050 stare?
1594 2991 1663 3048 Et
1691 2989 1829 3060 quod
1856 2988 2024 3056 majus

444 3109 561 3166 est,
611 3098 679 3153 ad
725 3095 916 3151 caelum
962 3099 1215 3147 vocantes
1259 3098 1314 3143 et
1353 3099 1611 3154 supernas
1642 3080 2022 3143 habitationes,

446 3190 587 3246 unde
616 3185 1000 3256 exspectabant
1028 3197 1086 3238 se
1114 3178 1448 3234 auiitoribus
1489 3186 1839 3246 persuasuros
1865 3170 2026 3226 esse?

449 3283 514 3337 Et
541 3279 585 3334 si
612 3277 827 3348 quidem
854 3274 1079 3329 fuissent
1108 3269 1320 3326 educati
1341 3268 1394 3321 in
1425 3266 1590 3337 gloria
1611 3306 1624 3330 ,
1657 3263 1870 3334 Opibus,
1924 3276 2022 3331 po-

449 3372 613 3426 tentia
639 3379 695 3424 et
718 3365 1038 3430 eruditione,
1071 3378 1137 3417 ne
1162 3362 1238 3416 sic
1265 3359 1477 3431 quidem
1509 3357 1574 3412 ad
1600 3366 1801 3412 tantam
1831 3354 2025 3407 molem

448 3479 626 3519 rerum
651 3476 710 3516 se
735 3459 993 3514 extolli-re
1021 3471 1183 3527 posse
1205 3453 1526 3507 videbantur
1551 3466 1565 3514 ;
1593 3450 1686 3504 sed
1727 3459 1902 3502 tamen
1930 3445 2029 3499 ali—

447 3570 551 3625 qua
580 3552 786 3607 ratione
829 3548 1088 3618 potuisset
1129 3542 1436 3614 exspectari
1464 3557 1478 3592 :
1510 3555 1651 3595 nunc
1681 3555 1807 3594 vero
1837 3536 1926 3590 alii
1973 3536 2026 3588 itt

449 3644 672 3699 lacubus
696 3683 711 3705 ,
741 3640 832 3694 alii
859 3640 910 3694 in
944 3637 1172 3709 peflibus
1202 3633 1572 3697 versabantur,
1606 3631 1695 3685 alii
1722 3630 1773 3684 in
1807 3627 2026 3683 telonio.

452 3735 592 3791 Nihil
620 3743 796 3786 autem
821 3739 902 3785 est
931 3729 1014 3783 his
1045 3726 1238 3782 studiis
1270 3725 1499 3793 ineptius
1524 3722 1588 3776 ad
1618 3719 2028 3790 philosophiam,

452 3837 509 3882 et
528 3825 592 3879 ad
626 3819 1076 3894 persuadendum,
1107 3827 1164 3871 ut
1188 3830 1376 3886 magna
1403 3813 1520 3883 quis
1551 3812 1888 3882 imaginetur,
1920 3825 2032 3862 u.a-

451 3919 596 3974 xime
640 3930 770 3970 vero
816 3909 1030 3984 quando
1078 3909 1280 3964 nullum
1334 3905 1566 3976 suppetit
1605 3903 1934 3975 exemplum.
1963 3903 2031 3957 At

451 4013 525 4068 illi
559 4026 664 4065 non
692 4006 852 4062 modo
881 4001 1122 4074 exempla
1149 4017 1253 4057 non
1285 4001 1570 4063 habebant,
1595 3997 1746 4070 queis
1791 4011 1850 4052 se
1875 4011 2034 4065 supe-

451 4116 664 4162 raturos
689 4107 992 4173 sperarent,
1025 4096 1116 4152 sed
1142 4097 1305 4152 etiam
1337 4093 1624 4157 habebant,
1651 4090 1791 4161 quod
1817 4105 2035 4160 supera-

453 4199 560 4254 turi
611 4211 715 4252 non
745 4199 964 4257 essent,
1014 4203 1182 4257 eaque
1205 4194 1462 4242 recentia.
1507 4182 1654 4238 Multi
1685 4196 1914 4250 namque
1944 4179 2032 4249 qui

456 4294 717 4348 innovare
739 4292 1090 4345 leniat-erant,
1124 4279 1371 4334 exstincti
1396 4276 1605 4331 fuerant
1633 4283 1763 4342 (non
1794 4276 1862 4330 de
1887 4275 2034 4330 Grze-

453 4397 639 4436 eorum
672 4379 830 4432 rebus
851 4376 1073 4442 loquor;
1102 4372 1202 4424 ilhe
1233 4371 1429 4438 quippe
1457 4367 1688 4422 nondum
1719 4375 1900 4426 erant;
1940 4364 2033 4418 sed

454 4474 524 4525 de
554 4470 680 4538 ipsis
700 4465 899 4519 Judteis
923 4463 1111 4516 eodem
1143 4469 1382 4527 tempore
1403 4460 1442 4527 ),
1472 4472 1574 4511 u0n
1607 4472 1726 4510 cum
1752 4455 2034 4509 duodecim

460 4557 785 4618 hominibus,
814 4552 906 4606 Sed
931 4567 1050 4604 ctttn
1081 4565 1268 4618 magna
1298 4546 1636 4601 multitudine
1666 4562 1750 4599 res
1776 4543 2032 4614 aggressi.

457 4650 588 4706 Nam
617 4643 866 4700 Thcudas
895 4653 946 4696 et
985 4639 1148 4694 Judas
1193 4652 1413 4706 magnos
1458 4636 1713 4690 habentes
1762 4636 2036 4694 hominum

457 4754 652 4804 εωιιις,
709 4751 828 4792 cum
858 4730 1134 4800 discipulis
1164 4731 1452 4800 perierant.
1482 4729 1547 4782 Et
1576 4744 1639 4782 ex
1671 4729 1753 4783 his
1775 4728 2038 4796 exemplis

459 4845 609 4888 ortus
639 4833 799 4884 timor
831 4832 1036 4896 poterat
1077 4823 1198 4876 illos
1245 4820 1518 4875 deterrere
1543 4862 1557 4886 ,
1612 4821 1710 4874 nisi
1751 4821 2036 4875 admodum

459 4919 698 4993 persuasi
729 4916 948 4970 fuissent
972 4916 1084 4967 sine
1101 4911 1276 4965 divina
1307 4909 1499 4964 virtute
1537 4925 1638 4962 non
1659 4925 1816 4980 posse
1847 4926 2037 4980 quem-

459 5017 600 5086 piam
629 5021 904 5079 superare.
939 5004 1092 5073 Quod
1121 5005 1164 5058 si
1185 5005 1344 5058 etiam
1385 5021 1444 5058 se
1473 5005 1686 5058 vincere
1715 5017 1871 5072 posse
1914 5017 2038 5072 spe-

460 5107 653 5164 rabant
672 5144 688 5170 ,
711 5116 814 5172 qua
841 5114 937 5170 spe
967 5097 1083 5152 fulti
1115 5107 1257 5151 tanta
1286 5097 1544 5153 adiissent
1563 5096 1816 5167 pericula,
1845 5096 1945 5151 nisi
1971 5095 2040 5150 ad

459 5202 636 5256 futura
667 5189 1064 5262 respexissent?
1113 5188 1382 5241 l’onamus
1427 5201 1604 5244 autem
1635 5189 1756 5243 illos
1793 5203 1854 5246 sc
1883 5204 2040 5260 supe-

459 5298 670 5343 raturos
713 5295 962 5352 Sperasse
983 5320 998 5344 ,
1029 5277 1154 5348 quid
1190 5276 1319 5331 lucri
1351 5281 1637 5346 sperabant
1664 5297 1730 5337 ex
1757 5296 1852 5347 eo,
1895 5281 2039 5352 quod

458 5393 647 5435 «mutes
673 5378 1000 5433 adducerent
1026 5372 1092 5426 ad
1125 5385 1244 5426 eum
1275 5369 1370 5440 qui
1400 5385 1505 5424 non
1537 5375 1850 5443 resurrexit,
1901 5375 2039 5430 sicut

460 5470 677 5526 dicitis?

532 5564 582 5615 i.
627 5561 755 5616 Nam
779 5562 822 5616 si
853 5577 991 5615 nunc
1019 5558 1263 5614 homines
1289 5557 1380 5629 qui
1411 5556 1757 5634 crediderunt
1784 5559 1852 5614 de
1873 5575 2038 5628 regno

458 5656 712 5711 exierunt
735 5653 875 5708 etde
899 5656 1131 5708 innuntet
1150 5652 1194 5709 is
1219 5654 1392 5720 botus,
1417 5650 1630 5707 difficile
1654 5652 1887 5722 pericula
1919 5654 2033 5709 sub-

2097 357 2248 412 eunt,
2289 347 2562 415 qnotnodo
2591 357 2731 401 tanta
2750 349 3018 400 incassum
3044 344 3186 415 passi
3203 356 3405 412 essent,
3425 349 3532 401 imo
3552 365 3680 406 vero

2099 437 2165 490 ad
2205 437 2434 492 malum?
2466 437 2523 492 Si
2550 439 2691 492 enim
2721 451 2828 490 non
2868 435 3005 491 facta
3035 436 3258 490 fuissent
3293 437 3378 493 illa
3409 454 3529 508 qua:
3553 455 3682 496 vere

2100 526 2236 581 faeta
2263 536 2406 594 sunt,
2450 536 2506 581 et
2536 529 2580 581 si
2618 526 2862 582 Christus
2888 526 2940 580 in
2967 527 3159 580 omium
3190 541 3297 581 non
3323 529 3678 593 ascendisset,

2103 618 2215 672 luce
2243 620 2443 687 tingere
2479 619 2868 674 contendentes
2897 629 2948 673 et
2974 619 3094 674 aliis
3121 620 3468 689 persuadere,
3516 622 3679 676 Deum

2101 711 2351 766 offensuri
2382 721 2534 766 erant
2573 721 2624 766 et
2668 711 2812 766 mille
2852 726 2880 764 ιι
2907 714 3117 781 superis
3144 712 3365 768 fulmina
3401 726 3682 784 exspecta-

2105 801 2228 857 turi.
2277 802 2526 871 Alioquin
2557 809 2734 856 autem
2763 801 2970 856 etiamsi
2999 802 3212 857 vivente
3239 801 3452 858 Christo
3479 813 3681 860 tantum

2105 894 2413 949 habuissent
2457 893 2816 960 alacritatem,
2859 895 2974 964 ipso
3036 907 3246 951 mortuo
3298 898 3439 952 illam
3484 900 3686 954 exstin-

2107 988 2327 1042 xissent.
2356 985 2486 1041 Nam
2518 987 2562 1039 si
2588 1002 2694 1040 non
2746 987 3154 1051 resurrexisset,
3206 989 3335 1057 ipsis
3360 989 3612 1061 deceptor
3632 1000 3687 1046 et

2106 1079 2383 1133 sinmlator
2418 1077 2625 1132 fuisset.
2649 1079 2729 1130 An
2762 1077 2979 1131 nescitis
3017 1079 3284 1134 exercitus
3315 1079 3525 1135 vivente
3551 1082 3685 1137 duee

2105 1181 2160 1226 et
2185 1171 2534 1241 imperatore,
2563 1169 2773 1224 etiamsi
2801 1168 3004 1224 debiles
3035 1179 3090 1224 et
3120 1185 3224 1224 non
3266 1175 3532 1227 numerosi
3555 1173 3682 1238 sint,

2107 1265 2439 1328 consistere;
2477 1264 2579 1317 illis
2617 1278 2747 1317 vero
2776 1260 3064 1327 defunctis,
3097 1262 3306 1316 etiamsi
3350 1263 3507 1318 validi
3554 1265 3684 1331 sint,

2111 1354 2372 1409 dissolvi?
2399 1353 2747 1420 Quibusnam,
2778 1367 2979 1422 quzeso,
3007 1353 3368 1422 probabilibus
3394 1356 3687 1411 rationibus

2113 1446 2258 1502 usuri
2287 1455 2441 1500 erant
2463 1444 2892 1514 praedicationem
2919 1443 3241 1513 aggressuri,
3285 1453 3339 1499 et
3367 1461 3462 1516 per
3501 1447 3689 1501 urbem

2113 1548 2280 1593 totum
2307 1537 2544 1591 exituri?
2573 1547 2702 1606 quot
2731 1535 3128 1606 impedimentis
3156 1553 3260 1590 non
3311 1537 3512 1593 detenti
3555 1539 3691 1594 fuis-

2112 1628 2276 1684 sent?
2303 1627 2434 1683 Nam
2463 1629 2506 1682 si
2554 1629 2794 1684 furentes
2819 1637 2972 1684 erant
2999 1628 3126 1700 (hoc
3150 1630 3360 1684 dicendi
3395 1630 3554 1687 finem
3585 1649 3691 1686 non

2115 1720 2341 1794 faciam)
2367 1763 2382 1789 ,
2412 1722 2542 1776 nihil
2573 1724 2782 1791 penitus
2810 1732 2956 1776 recte
2985 1723 3315 1792 gessissent:
3343 1737 3501 1777 nemo
3549 1725 3692 1779 enim

2115 1813 2412 1869 furentibus
2439 1813 2770 1881 obtemperat
2793 1828 2806 1864 :
2832 1811 2876 1866 si
2899 1823 3076 1866 autem
3097 1827 3209 1867 rem
3233 1812 3370 1868 bene
3391 1826 3692 1883 gesserunt,

2120 1912 2176 1956 ut
2203 1911 2483 1972 gesserunt
2531 1903 2732 1972 utique,
2789 1911 2843 1957 et
2871 1902 2987 1956 finis
3019 1903 3272 1968 ostendit,
3314 1905 3550 1958 onmimn
3606 1920 3695 1960 sa-

2122 1995 2434 2072 pFentissimi
2457 2003 2629 2049 erant.
2648 1993 2703 2050 Si
2731 1995 2966 2072 omnium
2995 1994 3370 2063 sapientissimi
3402 2005 3570 2062 erant,
3602 2012 3699 2065 pa-

2125 2088 2226 2142 lam
2252 2097 2335 2142 est
2363 2088 2483 2142 illos
2523 2101 2628 2142 non
2663 2097 2862 2143 temere
2891 2087 2955 2141 ad
2985 2087 3419 2157 prmdicationem
3465 2091 3692 2144 venisse.

2119 2177 2230 2232 Nisi
2261 2179 2403 2233 enim
2451 2178 2709 2233 \‘idiSsettl
2739 2179 2887 2232 illum
2913 2179 3294 2245 resurrexisse,
3325 2179 3451 2248 quid
3492 2191 3699 2250 poterat

2121 2271 2239 2324 illos
2265 2271 2330 2324 ad
2359 2269 2459 2323 huc
2485 2269 2678 2323 bellum
2719 2268 2986 2324 educere?
3011 2269 3136 2339 qttid
3165 2287 3271 2324 non
3302 2271 3424 2324 illos
3471 2273 3700 2326 avertis-

2121 2362 2239 2415 set?
2269 2360 2407 2414 Dixit
2439 2360 2567 2426 illis,
2596 2360 2724 2415 Post
2751 2370 2860 2415 tres
2887 2360 3002 2415 dies
3031 2375 3340 2431 resurgam,
3381 2370 3436 2414 et
3479 2379 3696 2432 regnum

2121 2453 2374 2506 ca'lorum
2404 2453 2667 2522 pollicitus
2705 2461 2787 2507 est
2817 2470 2831 2507 :
2865 2453 2998 2507 dixit
3032 2455 3154 2518 illis,
3187 2455 3328 2522 quod
3373 2457 3557 2509 urbem
3587 2464 3700 2509 ter-

2124 2558 2302 2597 rarum
2330 2543 2628 2612 superaturi
2651 2552 2856 2606 essent,
2892 2553 3112 2611 accepto
3141 2543 3343 2613 Spiritu
3367 2554 3550 2600 sancto
3577 2563 3591 2610 ;
3645 2556 3701 2601 et

2125 2634 2192 2689 ad
2217 2634 2332 2688 haec
2361 2635 2633 2689 innumera
2663 2636 2762 2689 alia
2795 2635 2926 2689 dixit
2949 2646 3191 2690 naturam
3212 2651 3425 2691 omnem
3449 2653 3705 2706 superan-

2127 2726 2219 2780 tia.
2251 2726 2450 2797 ltaque,
2481 2727 2524 2780 si
2555 2725 2682 2780 nihil
2707 2726 2894 2781 horum
2925 2729 3210 2793 evenisset,
3233 2729 3332 2782 etsi
3365 2730 3558 2784 viventi
3590 2745 3705 2786 cre~

2125 2817 2389 2883 diderant,
2417 2833 2484 2873 eo
2505 2827 2833 2874 mortuonon
2860 2818 2996 2872 ultra
3025 2819 3398 2886 credidissent,
3423 2821 3524 2874 nisi
3552 2836 3673 2876 resu
3691 2852 3704 2862 -

2127 2910 2377 2964 scitatum
2413 2910 2692 2964 vidissent.
2728 2911 2996 2966 Dixissenl
3019 2912 3186 2979 enim,
3218 2911 3344 2965 Post
3374 2923 3480 2966 tres
3505 2912 3617 2968 dies
3647 2927 3708 2969 se

2130 3013 2555 3057 resurrecturum
2587 3001 2742 3066 dixit,
2769 3013 2825 3057 et
2854 3018 2959 3057 non
3004 3003 3298 3058 resurrexit
3326 3020 3340 3057 :
3368 3002 3618 3073 Spiritum
3649 3019 3709 3058 se

2129 3094 2376 3149 daturum
2419 3095 2704 3164 promisit,
2761 3103 2813 3149 et
2842 3108 2948 3149 non
2980 3093 3120 3147 misit
3146 3111 3160 3149 :
3191 3093 3461 3163 quomodo
3488 3109 3618 3165 ergo
3641 3094 3710 3150 de

2133 3186 2322 3240 futuris
2353 3185 2426 3239 illi
2454 3184 2775 3247 credemus,
2826 3200 2946 3238 cum
2982 3185 3262 3253 praesentia
3305 3185 3425 3240 falsi
3469 3186 3710 3240 convicta

2131 3278 2276 3334 sint?
2321 3280 2433 3345 Qua
2464 3277 2531 3332 de
2560 3292 2742 3342 causa,
2767 3277 2810 3332 si
2846 3293 2950 3330 non
3001 3279 3382 3333 resurrexisset
3404 3319 3420 3343 ,
3455 3278 3711 3348 praedica-

2132 3379 2254 3424 rent
2275 3369 2422 3423 illum
2437 3367 2829 3423 resurrexisse?
2847 3367 2978 3435 Quia
2999 3368 3170 3437 ipsum
3190 3369 3460 3432 amabant,
3482 3369 3708 3438 inquies.

2134 3460 2292 3530 Atqui
2321 3461 2492 3530 ipsum
2521 3458 2713 3514 deinde
2755 3458 2881 3514 odio
2921 3459 3151 3514 habituri
3177 3470 3350 3527 erant,
3376 3461 3516 3530 quod
3539 3476 3598 3516 se
3616 3461 3712 3516 de-

2133 3553 2367 3622 cepisset
2395 3562 2449 3606 et
2481 3551 2825 3621 prodidisset,
2875 3561 2929 3606 et
2958 3551 3098 3622 quod
3131 3553 3276 3607 mille
3307 3553 3463 3609 factis
3487 3555 3712 3623 promis-

2136 3643 2232 3709 sis,
2261 3643 2554 3698 induxisset
2603 3651 2661 3696 ut
2702 3642 2923 3709 domos,
2959 3652 3204 3712 parentes
3234 3654 3288 3698 et
3335 3644 3514 3700 omnia
3550 3644 3714 3700 relin-

2135 3745 2388 3807 querent,
2439 3735 2583 3805 qttod
2620 3744 2784 3789 totam
2813 3735 3117 3790 Jndmorum
3151 3745 3362 3806 gentem
3419 3747 3603 3792 contra
3656 3752 3716 3790 se

2135 3829 2461 3892 suscitasset,
2493 3842 2557 3880 ac
2586 3842 2645 3882 se
2677 3827 3015 3896 pt'odidiSSrt.
3052 3828 3204 3896 Quod
3243 3829 3287 3882 si
3310 3828 3439 3884 illud
3465 3843 3532 3882 ex
3565 3827 3714 3881 infir-

2136 3919 2320 3974 mitate
2349 3917 2540 3972 factum
2567 3916 2773 3981 fuisset,
2796 3916 2847 3970 id
2871 3918 3237 3988 ignovisseut;
3271 3935 3412 3975 nunc
3437 3933 3564 3975 vero
3591 3917 3712 3980 exi-

2137 4009 2444 4064 stimaretur
2485 4022 2549 4062 ex
2584 4007 2924 4076 improbitate
2969 4011 3186 4062 factum.
3236 4010 3531 4080 Oportebat
3573 4019 3714 4072 enim

2139 4115 2323 4155 verum
2354 4099 2532 4154 dicere
2552 4139 2567 4163 ,
2614 4114 2786 4168 neque
2810 4099 2998 4153 caelum
3032 4103 3358 4169 promittere,
3411 4103 3572 4161 homo
3595 4123 3716 4163 eum

2139 4201 2282 4247 esset
2304 4191 2566 4256 mortalis,
2600 4198 2655 4244 ut
2681 4189 2877 4243 dicitis.
2901 4190 3077 4256 Quare
3115 4193 3450 4248 verisimisile
3475 4207 3554 4250 est
3591 4213 3718 4251 con-

2141 4286 2300 4339 traria
2331 4281 2562 4336 facturos
2589 4281 2773 4344 fuisse,
2830 4279 3096 4336 fallaciam
3131 4283 3529 4350 praedicaturus,
3559 4297 3612 4340 et
3635 4289 3718 4343 di-

2140 4385 2320 4430 cturos
2361 4374 2532 4444 ipsum
2562 4373 2928 4427 simulatorem
2955 4383 3007 4426 et
3033 4375 3469 4444 praestigiatorem
3505 4377 3668 4432 fuisse
3697 4399 3712 4436 :

2141 4468 2219 4521 sic
2246 4465 2385 4520 enim
2415 4480 2480 4518 ex
2509 4463 2759 4533 periculis
2782 4463 2987 4519 liberati
3011 4463 3252 4526 fuissent,
3277 4466 3356 4519 sic
3384 4466 3579 4520 bellum
3606 4473 3712 4523 solo

2142 4561 2366 4612 vissent.
2397 4557 2453 4610 Si
2477 4557 2619 4610 enim
2649 4557 2906 4611 militibus
2929 4558 3204 4627 pecuniam
3236 4558 3500 4614 dederunt
3527 4561 3721 4628 Judtei,

2144 4661 2200 4704 ut
2226 4651 2650 4720 dicerent,ipsos
2686 4665 2880 4719 corpus
2907 4650 3064 4716 [orto
3106 4653 3419 4718 sustulisse;
3465 4653 3509 4706 si
3552 4665 3722 4706 trans-

2144 4751 2337 4798 euntes
2373 4741 2616 4810 discipuli
2645 4742 2942 4804 dixissent,
2979 4741 3152 4811 ipsum
3184 4741 3337 4796 furati
3364 4758 3582 4808 stunus,
3626 4759 3724 4798 nec

2144 4833 2437 4890 resurrexit
2461 4850 2474 4888 :
2503 4845 2701 4902 quanto
2724 4847 2827 4888 non
2854 4831 3030 4886 affeCIi
3073 4831 3296 4886 fuissent
3325 4832 3568 4888 honore?
3596 4833 3724 4902 ipsis

2145 4927 2321 4996 itaque
2349 4925 2541 4981 licebat
2571 4925 2823 4979 honorari
2854 4934 2908 4979 et
2931 4925 3200 4979 coronari.
3232 4924 3338 4979 Cur
3374 4941 3504 4996 ergo
3532 4939 3725 4982 contu-

2146 5017 2321 5072 meliis
2345 5015 2484 5072 affici
2513 5025 2566 5071 et
2592 5017 2878 5086 periclitari
2902 5017 3226 5083 maluerunt,
3252 5017 3352 5070 nisi
3374 5016 3553 5071 divina
3579 5034 3727 5087 quze-

2145 5110 2266 5164 dam
2287 5111 2452 5163 virtus
2475 5107 2663 5163 fuisset
2687 5108 2770 5161 his
2790 5108 3040 5163 otnnibus
3061 5108 3346 5177 petentior,
3379 5123 3499 5177 quae
3518 5108 3571 5164 id
3599 5109 3724 5179 ipsis

2145 5199 2432 5256 suaderet?
2453 5199 2544 5255 Sin
2563 5211 2738 5254 autem
2762 5198 2998 5253 nondum
3023 5197 3425 5265 persuademus,
3446 5199 3573 5254 illud
3595 5215 3724 5269 quo.

2145 5307 2250 5360 que
2279 5291 2452 5361 cogita
2485 5307 2498 5343 :
2529 5289 2572 5344 si
2602 5290 2701 5344 hoc
2727 5306 2831 5343 non
2863 5300 3037 5354 esset,
3066 5289 3275 5343 etiamsi
3321 5290 3475 5344 valde
3523 5305 3727 5359 pta-pa-

2145 5383 2247 5437 rati
2292 5380 2552 5444 fuissent,
2581 5395 2685 5433 non
2738 5380 3135 5448 przedicandum
3165 5381 3312 5435 illum
3343 5381 3722 5449 suscepissent,

2147 5472 2241 5527 sed
2270 5472 2498 5528 aversati
2545 5471 2692 5524 illum
2726 5470 2972 5526 fuissent.
3000 5472 3163 5528 Scitis
3191 5475 3334 5529 enim
3366 5488 3461 5526 nos
3511 5487 3579 5526 ne
3625 5487 3729 5526 uo-

2146 5565 2291 5619 miua
2330 5563 2543 5632 quidem
2575 5577 2757 5617 eorum
2783 5604 2796 5625 ,
2822 5565 2910 5633 qui
2940 5582 3036 5618 nos
3068 5567 3138 5620 ita
3171 5565 3479 5636 deceperint
3500 5605 3512 5627 .
3541 5565 3728 5619 audire

2150 5658 2308 5714 velle.
2337 5658 2443 5715 Cur
2473 5668 2648 5714 autem
2680 5674 2873 5714 nomen
2903 5659 3021 5729 ejus
3053 5659 3446 5730 praedicarunt?
3490 5676 3556 5714 an
3585 5659 3726 5732 quod
