4100 6214
343 228 414 282 43
1406 232 1474 287 ΙΝ
1512 233 1727 291 EPIST.
1765 235 1784 290 l
1824 234 1906 290 AD

2015 236 2106 294 )R.
2146 239 2379 298 IIOMIL.
2413 242 2476 299 V.
3531 268 3599 322 44

344 341 522 394 θέασι.
558 339 652 392 Διὸ
677 341 771 394 καὶ
803 341 910 395 ἀπὸ
942 342 1244 416 ἀνθρώπιον
1285 348 1496 402 ποιοῦσι
1530 350 1683 414 θεούς
1703 369 1715 382 ·
1752 352 1924 417 οὓτως

344 432 545 495 αὐτοὺς
571 434 605 500 ἡ
629 434 859 486 ἀπόνοια
881 435 1317 508 ἐξετραχήλισεν.
1344 442 1484 512 ’Ὠρα
1505 443 1567 514 δή
1597 444 1783 498 λοιπόν
1807 447 1922 499 ἐστι

340 526 486 594 πρὸς
513 525 609 596 τὴν
641 525 845 578 τούτων
875 527 1111 593 ἐξελθεῖν
1135 532 1336 602 μάχην.
1369 537 1477 590 Ποῦ
1498 538 1676 590 τοίνυν
1709 539 1921 592 κατελί-

344 636 525 687 πομεν
553 617 642 670 τὸν
671 617 828 686 λόγον
856 622 923 690 τῇ
956 623 1234 696 προτέρας
1283 626 1594 699 Ἐλέγομεν,
1624 631 1705 683 δτι
1728 632 1826 684 οὐκ
1854 627 1922 703 ἦν

338 708 569 760 δυνατὸν
605 709 748 762 κατά
784 710 1131 783 ἀνθρωπίνην
1171 716 1498 773 ἀκολουθίαν
1533 724 1920 793 περιγενέσθαι

336 800 450 852 τῶν
471 800 778 868 φιλοσόφων
811 802 935 865 τοὺς
966 803 1181 870 ἁλιέας·
1210 807 1323 861 ἀλλ’
1353 811 1503 881 ὅμως
1544 814 1736 882 γέγονε
1761 814 1920 868 δυνα-

338 892 462 943 τόν·
498 892 621 944 ὅθεν
654 893 833 963 δῆλον,
863 895 945 947 δτι
991 897 1174 967 χάριτι
1206 899 1450 968 γέγονεν.
1493 903 1806 975 Ἐλέγομεν,
1836 907 1915 959 ὅτι

336 986 438 1036 οὐκ
468 980 537 1053 ῆν
561 986 781 1038 δυνατὸν
809 988 930 1040 ούδέ
955 990 1205 1060 ἐννοῆσαι
1238 993 1434 1056 αὐτοὺς
1459 995 1698 1050 τοσαῦτα
1723 1015 1918 1070 κατορ-

335 1074 600 1143 θώματα·
645 1076 737 1129 καὶ
796 1077 1102 1148 ἐδείξαμεν,
1165 1081 1246 1134 ὅτι
1281 1085 1340 1136 ού
1395 1085 1555 1154 μόνον
1601 1087 1913 1159 ἐνενόησαν,

333 1166 474 1218 ἀλλά
495 1167 591 1220 καὶ
620 1170 698 1230 εἰς
720 1167 869 1231 τέλος
891 1171 1097 1240 ήγαγον
1121 1173 1260 1242 μετά
1285 1175 1489 1246 πολλῆς
1515 1179 1614 1249 τῆς
1639 1181 1912 1247 εὐκολίας.

406 1280 483 1331 Τὸ
504 1281 637 1332 αὐτὸ
657 1282 722 1352 δή
748 1285 838 1334 καὶ
876 1285 1117 1354 σήμερον
1153 1289 1521 1360 γυμνάσωμεν
1549 1295 1646 1347 τοῦ
1667 1295 1824 1365 λόγου
1854 1299 1916 1351 τὺ

332 1371 655 1439 κεφάλαιον,
707 1372 869 1425 πόθεν
916 1375 1094 1439 αὐτοῖς
1150 1377 1348 1448 ἐπῆλθε
1401 1384 1770 1455 προσδοκῆσαι
1814 1389 1914 1458 τῆς

327 1463 663 1532 οίκουμένης
694 1466 1111 1534 περιγενέσθαι,
1147 1471 1195 1522 εί
1243 1471 1317 1541 μὴ
1359 1469 1498 1525 εἶδον
1545 1475 1638 1529 τὸν
1681 1479 1912 1548 Χριστὸν

328 1555 661 1610 ἀναστάντα.
690 1557 782 1626 Μὴ
811 1558 919 1628 γάρ
965 1558 1354 1630 ἐξεστήκεσαν,
1399 1564 1544 1619 ὥστε
1592 1571 1831 1625 τοιοῦτόν
1862 1591 1911 1626 τι

329 1645 656 1711 λογίσασθαι
701 1647 886 1711 ἀπλὼς
934 1650 1027 1702 καὶ
1065 1652 1217 1722 είκῆ;
1269 1655 1378 1707 Καὶ
1424 1657 1533 1727 γὰρ
1585 1660 1912 1734 ὑπερϐάλλει

330 1741 515 1790 πᾶσαν
573 1741 772 1810 μανίαν
818 1743 879 1794 τὸ
925 1745 1292 1816 προσδοκῆσαι
1334 1748 1462 1802 ἄνευ
1514 1751 1664 1818 θείας
1694 1757 1910 1826 χάριτος

327 1831 586 1884 τοσούτου
635 1833 1019 1902 περιγενέσθαι
1051 1836 1394 1908 πράγματος.
1443 1841 1567 1905 Πῶς
1609 1845 1653 1898 δ’
1688 1846 1752 1900 ἀν
1782 1851 1912 1903 αὐτὸ

330 1921 705 1990 κατώρθωσαν
775 1924 1092 1994 μαινόμενοι
1145 1928 1238 1980 καὶ
1289 1928 1674 2001 ἐξεστηκότες;
1743 1937 1806 1990 Εἰ
1855 1939 1911 1992 δὲ

327 2013 696 2082 ἐσωφρόνουν,
719 2012 905 2085 ὥσπερ
931 2011 1024 2068 οὖν
1045 2018 1137 2069 καὶ
1157 2017 1224 2071 τά
1253 2020 1551 2090 πράγματα
1575 2025 1764 2093 ἔδειξε,
1795 2030 1910 2093 πῶς

325 2104 458 2155 ἄνευ
481 2102 574 2155 τοῦ
604 2103 792 2156 λαϐεῖν
823 2106 1054 2178 ἐνέχυρα
1085 2109 1374 2173 ἀξιόπιστα
1415 2115 1479 2166 ἐκ
1521 2117 1629 2170 τῶν
1662 2121 1912 2190 οὐρανῶν

327 2195 427 2245 καὶ
467 2194 567 2262 τῆς
611 2195 816 2250 ἀνωθεν
847 2198 1149 2252 ἀπολαῦσαι
1193 2202 1367 2272 ῥοπῆς
1392 2244 1407 2268 ,
1457 2207 1729 2278 ὑπέμενον
1776 2213 1912 2283 πρὸς

325 2287 617 2349 τοσούτους
653 2289 886 2354 ἐξελθεῖν
928 2291 1218 2361 πολέμους,
1255 2297 1347 2349 καὶ
1387 2300 1489 2368 γῆς
1521 2301 1614 2354 καὶ
1641 2302 1912 2379 θαλάττης

325 2379 763 2451 κατατολμήσαι,
796 2385 889 2436 καὶ
918 2385 1052 2454 πρὸς
1083 2389 1384 2462 μεταδολὴν
1407 2394 1516 2447 τῶν
1536 2395 1635 2465 τῆς
1660 2399 1911 2469 οἰκουμέ-

319 2488 424 2538 νης
468 2471 689 2540 ἀπάσης
736 2474 874 2526 ἐθῶν
899 2476 1006 2528 τῶν
1045 2481 1102 2531 ἐν
1146 2482 1323 2552 χρόνῳ
1354 2485 1592 2557 τοσούτῳ
1626 2490 1910 2556 παγέντων

321 2562 608 2633 ἄνθρωποι
644 2564 848 2618 δώδεκα
891 2568 1285 2637 ἀποδύσασθαι,
1315 2575 1410 2626 καὶ
1434 2577 1623 2647 στῆναι
1647 2581 1910 2647 γενναίως

316 2653 505 2719 οὖτω;
539 2656 647 2707 Καὶ
674 2656 730 2708 τὸ
763 2657 828 2728 δὴ
859 2661 1062 2728 μεῖζον,
1095 2665 1228 2734 πρὸς
1250 2666 1341 2719 τὸν
1371 2669 1597 2740 οὐρανὸν
1619 2672 1908 2739 καλοῦντες

317 2747 422 2797 καὶ
468 2748 569 2808 τὰς
606 2746 713 2800 ἀνω
742 2749 1042 2822 διατριϐὰς,
1096 2755 1258 2810 πόθεν
1308 2761 1653 2829 προσεδόκων
1699 2766 1908 2819 πείθειν

314 2837 450 2899 τοὺς
477 2838 775 2903 ἀκούοντας
800 2858 815 2905 ;
851 2843 960 2895 Καὶ
978 2845 1026 2896 εί
1057 2847 1156 2915 μὲν
1182 2843 1322 2918 ἦσαν
1347 2853 1407 2903 ἐν
1429 2851 1552 2923 δόξῃ
1582 2854 1674 2906 καὶ
1698 2856 1909 2928 πλούτῳ

321 2929 415 2979 καὶ
436 2929 731 3003 δυναστείᾳ
763 2935 854 2986 καὶ
886 2936 1165 2990 παιδεύσει
1192 2941 1514 3009 τραφέντες,
1545 2946 1782 3014 μάλιστα
1808 2949 1907 3017 μέν

316 3021 438 3073 οὐδὲ
473 3022 619 3076 οὕτω
649 3025 782 3094 πρὸς
819 3028 1069 3082 τοσοῦτον
1096 3031 1258 3100 ὄγκον
1293 3039 1632 3107 πραγμάτων
1663 3043 1808 3106 εἰκὸς
1838 3040 1906 3114 ἦν

316 3114 522 3176 αὐτοὺς
552 3116 874 3186 ἐπαρθῆναι·
913 3119 1052 3191 πλὴν
1077 3123 1213 3176 ἀλλὰ
1250 3126 1452 3194 μᾶλλόν
1489 3147 1610 3184 τινα
1641 3131 1798 3201 λόγον
1826 3131 1905 3188 εἷ-

315 3222 415 3272 χεν
445 3209 476 3275 ή
512 3208 829 3275 προσδοκία·
872 3211 968 3264 νῦν
992 3212 1046 3265 δὲ
1083 3217 1131 3268 οί
1184 3216 1282 3286 μὲν
1323 3220 1460 3290 πρὸς
1502 3222 1718 3294 λίμνας,
1753 3229 1802 3279 οἰ
1845 3228 1903 3281 δέ
1959 3289 1963 3295 ,

315 3312 382 3346 πε
395 3295 452 3364 ρὶ
483 3295 728 3365 δέρματα
758 3301 1076 3371 ἠσχόληντο,
1113 3308 1162 3358 οἰ
1189 3307 1244 3359 δέ
1269 3310 1398 3379 περὶ
1424 3313 1704 3370 τελωνίαν.
1735 3319 1904 3373 υύδέν

312 3387 370 3438 δὲ
427 3388 636 3440 τούτων
677 3389 784 3442 τῶν
831 3394 1277 3466 ἐπιτηδευμάτων
1329 3402 1727 3477 ἀχρηστότερον
1767 3413 1902 3481 πρὸς

315 3479 642 3547 φιλοσοερίαν
673 3484 763 3534 καὶ
799 3485 935 3554 πρὸς
961 3487 1022 3538 τὸ
1051 3492 1232 3544 πεῖσαι
1266 3495 1478 3562 μεγάλα
1513 3499 1900 3566 φαντάζεσθαι,

317 3573 409 3622 καὶ
441 3571 679 3640 μάλιστα
716 3576 842 3629 ὅταν
892 3577 966 3648 μὴ
1009 3581 1361 3654 παράδειγμά
1401 3605 1483 3650 τις
1531 3590 1648 3661 ἔχῃ.
1687 3593 1902 3648 Μᾶλλον

312 3662 370 3714 δὲ
401 3664 462 3714 ού
487 3665 649 3732 μόνον
672 3666 1088 3739 παραδείγματα
1112 3674 1210 3727 οὐκ
1231 3671 1396 3745 εἶχον,
1427 3679 1507 3732 ὅτι
1536 3685 1898 3753 περιέσονται,

451 3755 568 3807 ἀλλ’
594 3757 675 3810 ὅτι
701 3759 792 3809 καὶ
809 3761 868 3810 ού
894 3763 1258 3830 περιέσονται,
1277 3769 1368 3819 καὶ
1389 3771 1560 3824 ταῦτα
1591 3773 1654 3844 δὴ
1677 3775 1895 3834 ἔναυλα.

318 3845 511 3897 Πολλοὶ
551 3847 660 3918 γάρ
689 3849 1135 3926 ἐπιχειρήσαντες
1158 3860 1530 3929 καινοτομίαις
1561 3864 1899 3939 ἐσδέσθησαν

314 3939 460 4010 (οὐχὶ
486 3941 557 3992 τὰ
584 3943 715 4010 παρ’
743 3941 969 4014 Ἕλλησι
989 3958 1014 3986 α
1039 3947 1203 4014 λέγω·
1230 3950 1413 4004 ἐκεῖνα
1425 3955 1532 4025 γὰρ
1546 3957 1664 4011 ούδέ
1685 3956 1826 4030 ἦσαν
1847 3964 1894 4028 δ,

312 4027 452 4080 ἀλλά
482 4030 611 4100 παρ’
637 4033 818 4095 αὐτοῖς
851 4039 964 4098 τοῖς
1003 4036 1274 4103 Ἰουδαίοις
1298 4045 1353 4095 ἐν
1384 4045 1532 4116 αὐτῷ
1565 4048 1642 4120 τῷ
1677 4054 1894 4124 καιρῷ),

311 4120 436 4190 οὐχὶ
487 4123 626 4188 μετά
670 4124 877 4179 δώδεκα
919 4129 1258 4197 ἀνθρώπων,
1299 4136 1432 4190 ἀλλὰ
1482 4143 1619 4209 μετά

310 4212 518 4264 πολλοῦ
547 4216 655 4276 τοῖς
680 4219 1000 4287 πράγμασιν
1026 4222 1409 4294 ἐπιτιθέμενοι.
1441 4231 1547 4285 Καὶ
1569 4233 1675 4304 γὰρ
1695 4212 1897 4303 Θευδᾶς

313 4305 407 4358 καὶ
475 4304 675 4370 Ἰούδας
719 4311 1038 4379 συστήματα
1077 4313 1290 4384 ἔχοντες
1338 4322 1549 4390 μεγάλα
1592 4326 1896 4399 ἀνθρώπων

356 4396 454 4448 ετά
504 4397 614 4449 τῶν
657 4399 918 4468 μαθητῶν
957 4403 1252 4461 ἀπώλοντο.
1299 4411 1406 4464 Καὶ
1447 4414 1474 4466 ὁ
1509 4416 1636 4487 παρ’
1671 4419 1895 4474 ἐκείνων

308 4486 473 4554 φόϐος
505 4487 689 4551 ἱκανὸς
705 4485 771 4559 ἦν
793 4490 1011 4556 τούτους
1043 4497 1349 4566 παιδεῦσαι,
1367 4504 1415 4555 εί
1434 4505 1509 4576 μὴ
1531 4485 1735 4580 σιρόδρα
1755 4507 1893 4581 ἦσαν

308 4579 691 4647 πεπεισμένοι,
717 4581 798 4632 ὅτι
821 4582 948 4635 ἀνευ
983 4583 1134 4650 θείας
1163 4589 1445 4661 δυνάμεως
1480 4597 1763 4669 ἀμήχανον
1798 4620 1893 4656 πε-

311 4670 645 4735 ριγενέσθαι.
692 4674 752 4725 Εἰ
777 4675 834 4726 δέ
877 4677 970 4729 καὶ
1001 4683 1343 4750 προσεδόκων
1375 4690 1669 4758 κρατῆσαι,
1713 4695 1894 4760 ποίαις

309 4759 491 4812 ἐλπίσι
519 4763 808 4827 τοσούτους
828 4767 1141 4838 ἀνεδέχοντο
1167 4775 1463 4841 κινδύνους,
1487 4781 1534 4830 εί
1559 4781 1634 4852 μὴ
1665 4784 1800 4854 πρὸς
1825 4787 1895 4840 τὰ

313 4851 576 4918 μέλλοντα
610 4854 834 4926 ἐώρων;
865 4858 1058 4930 Θῶμεν
1080 4863 1156 4929 6%,
1189 4866 1270 4918 ὅτι
1301 4869 1394 4920 καὶ
1421 4869 1646 4938 ἤλπιζον
1691 4879 1894 4946 κρατῆ-

309 4958 420 4994 σαι·
446 4943 502 4996 τί
530 4948 875 5014 προσεδόκων
897 4953 1198 5022 κερδαίνειν
1215 4958 1280 5010 ἐκ
1303 4959 1395 5012 τοῦ
1415 4964 1710 5033 προσάγειν
1727 4966 1895 5020 ἀπαν-

305 5049 408 5094 τας
437 5035 516 5103 τῷ
549 5037 622 5105 μὴ
650 5039 964 5106 ἀναστάντι,
1001 5045 1182 5108 καθώς
1209 5065 1342 5116 φατε
1368 5068 1382 5116 ;

382 5146 450 5197 δ’.
475 5147 533 5198 Et
557 5149 657 5220 γὰρ
672 5151 767 5204 νῦν
785 5154 1172 5221 πιστεύσαντες
1184 5159 1596 5237 ἄνθρωποιπερὶ
1618 5167 1892 5238 βασιλείας

302 5237 560 5306 οὐρανῶν
585 5243 674 5294 καὶ
706 5247 915 5314 μυρίων
940 5249 1180 5315 ἀγαθῶν,
1213 5252 1485 5319 δυσκόλως
1508 5261 1892 5334 καταδέχονται

305 5330 610 5398 κινδύνους,
641 5336 756 5400 πῶς
793 5339 858 5391 ἂν
883 5341 1081 5394 ἐκεῖνοι
1105 5345 1280 5415 μάτην
1304 5349 1540 5404 τοσαῦτα
1571 5352 1636 5406 ἂν
1667 5355 1892 5425 ὑπέμει-

303 5437 422 5484 ναν,
458 5425 663 5493 μᾶλλον
693 5428 749 5480 δὲ
781 5430 874 5482 καὶ
906 5433 999 5486 ἐπὶ
1025 5435 1219 5504 κακῴ;
1252 5440 1312 5492 Εἰ
1344 5440 1454 5511 γὰρ
1490 5443 1564 5513 μή
1586 5445 1800 5512 ἐγένετο
1825 5449 1896 5502 τὰ

301 5513 674 5584 γεγενημένα,
703 5518 840 5587 μηδὲ
870 5520 949 5584 εἰς
982 5521 1076 5575 τὸν
1126 5525 1352 5595 οὐρανὸν
1383 5530 1410 5582 ὁ
1436 5529 1667 5600 Χριστὸς
1699 5534 1888 5604 ἀνέϐη,

362 5770 386 5850 ξ·
427 5775 508 5850 κὴρ
538 5773 738 5850 ‘Rugi‘ug
782 5778 935 5850 θρόει
1008 5777 1139 5836 Edili
1181 5795 1315 5847 vero,
1361 5785 1457 5843 τοῖς
1506 5786 1611 5850 παρ’
1661 5787 1883 5848 Ἕλλησι.

294 5831 323 5870 δ
334 5831 614 5897 ,Σενεὺαων
627 5831 772 5888 ὀὐδὲν
797 5838 937 5901 ἦσαν.

2036 355 2273 424 πάντως,
2308 362 2484 414 ταῦτα
2518 363 2770 418 πλάττειν
2804 367 3230 435 φιλονεικοῦντες
3255 374 3344 426 καὶ
3367 377 3489 439 τοὺς
3511 374 3606 428 ἄλο

2028 448 2153 513 λους
2171 451 2394 516 πείθειν,
2412 453 2490 523 τῷ
2510 454 2628 525 Θεῷ
2647 459 3006 532 προσκρούειν
3024 461 3245 534 ἔμελλον
3266 465 3358 518 καὶ
3383 467 3607 538 μυρίους

2036 539 2240 594 ἀνωθεν
2270 545 2569 616 προσδοκᾷν
2599 550 2912 618 κεραυνούς.
2936 552 3142 616 ’Ἄλλως
3171 554 3250 618 δέ,
3279 556 3327 607 εί
3353 557 3447 608 καὶ
3467 552 3608 619 ζῶν-

2032 649 2123 694 τος
2145 633 2238 685 τοῦ
2272 635 2508 704 Χριστοῦ
2542 639 2808 710 τοσαύτην
2837 637 2983 711 εἶχον
3026 644 3351 715 προθυμίαν,
3402 645 3608 698 ἀποθα-

2031 724 2209 786 νόντος
2243 723 2308 776 ἂν
2341 725 2569 780 ἔσϐεσαν
2612 730 2800 800 αὐτήν.
2834 733 3018 799 Ἔδοξε
3049 734 3156 803 γὰρ
3196 736 3261 798 ἂν
3301 737 3506 804 αὐτοῖς,
3554 738 3606 790 εί

2033 816 2108 886 μὴ
2137 818 2355 889 ἀνέστη,
2386 819 2640 874 ἀπατεὼν
2667 818 2806 875 εἷναί
2841 841 2924 888 τις
2953 826 3047 879 καὶ
3088 827 3272 897 εἴρων.
3316 828 3429 881 Οὐκ
3470 829 3607 893 ίστε,

2031 908 2116 961 ὅτι
2140 909 2209 962 τὰ
2239 911 2593 981 στρατόπεδα,
2621 913 2714 965 τοῦ
2749 916 2846 985 μὲν
2877 919 3181 990 στρατηγοῦ
3219 921 3313 972 καὶ
3344 920 3607 990 βασιλέως

2028 999 2248 1066 ζῶντος,
2306 1002 2407 1055 κᾶν
2448 1004 2648 1076 ἀσθενῆ
2697 1003 2758 1078 ᾖ,
2807 1013 3220 1079 συγκροτεῖται·
3263 1012 3608 1067 ἀπελθόντων

2025 1089 2080 1143 δὲ
2111 1092 2354 1157 ἐκείνων,
2373 1095 2478 1149 κᾶν
2503 1096 2697 1166 ἰσχυρὰ
2717 1094 2770 1171 ᾗ,
2803 1098 3080 1153 διαλύεται
3102 1120 3119 1167 ;
3141 1103 3318 1166 Ποίοις
3349 1099 3460 1167 οὖν,
3486 1102 3608 1157 εἰπέ

2028 1198 2138 1251 μοι,
2172 1183 2349 1251 λόγοις
2377 1185 2673 1257 ἐκέχρηντο
2705 1188 2969 1254 πιθανοῖς,
3009 1193 3295 1261 μέλλοντες
3339 1194 3608 1247 ἅπτεσθαι

2022 1271 2116 1324 τοῦ
2138 1274 2488 1346 κηρύγματος
2505 1281 2597 1331 καὶ
2623 1281 2758 1350 πρὸς
2775 1279 2874 1350 τὴν
2901 1283 3226 1353 οἰκουμένην
3247 1283 3445 1347 ἐξιέναι
3470 1283 3607 1336 ἀπα-

2026 1381 2158 1432 σαν;
2192 1367 2363 1429 ποίοις
2404 1367 2458 1419 δέ
2492 1368 2808 1439 κωλύμασιν
2842 1372 2942 1424 οὐκ
2968 1372 3034 1426 ἀν
3061 1373 3506 1443 κατεσχέθησαν;
3544 1370 3609 1426 EE

2022 1459 2131 1527 γὰρ
2165 1459 2477 1528 μαινόμενοι
2515 1458 2654 1532 ἦσαν
2691 1464 2772 1531 (τὸ
2798 1465 2905 1533 γάρ
2935 1464 3066 1516 αὐτὸ
3099 1464 3274 1532 λέγων
3305 1465 3365 1516 οὐ
3402 1465 3605 1517 παύσο-

2025 1553 2170 1617 μαι).
2199 1551 2320 1602 ούδέ
2354 1551 2490 1615 ὅλως
2519 1555 2860 1626 κατορθῶσαι
2899 1555 3035 1608 ἔδει·
3066 1556 3240 1619 οὐδεὶς
3272 1557 3380 1625 γάρ
3415 1573 3604 1625 μαινοο

2025 1641 2205 1709 μένοις
2233 1643 2498 1696 πείθεται·
2532 1647 2578 1696 εί
2620 1645 2673 1698 6%
2721 1645 3110 1718 κατώρθωσαν,
3151 1647 3339 1721 ὥσπερ
3370 1643 3462 1700 οὖν
3511 1647 3605 1698 καὶ

2022 1733 2412 1804 κατώρθωσαν,
2451 1737 2552 1790 καὶ
2570 1738 2808 1792 δείκνυσι
2852 1741 2914 1792 τὸ
2956 1740 3140 1804 τέλος,
3197 1742 3414 1792 πάντων
3461 1734 3602 1810 ἦσαν

2023 1824 2336 1894 σ’,φώτεροα
2379 1829 2437 1880 Εἰ
2473 1829 2528 1881 6%
2565 1833 2780 1884 πάντων
2829 1828 2968 1902 ἦσαν
3017 1832 3348 1902 σοφώτεροι,
3381 1829 3603 1900 εὔδηλον

2021 1918 2102 1970 ὅτι
2141 1919 2240 1971 οὐκ
2271 1920 2335 1971 ἂν
2371 1921 2554 1984 ἁπλῶς
2580 1919 2741 1992 ἦλθον
2771 1925 2864 1976 ἐπὶ
2899 1924 2958 1978 τὸ
2987 1926 3268 1997 κήρυγμα.
3303 1925 3364 1975 Εἰ
3388 1923 3496 1992 γὰρ
3526 1923 3602 1992 μὴ

2021 2005 2158 2062 εἶδον
2205 2011 2365 2064 αὐτὸν
2399 2013 2724 2077 ἀναστάντα,
2759 2015 2810 2066 τί
2854 2011 2921 2085 ἦν
2964 2015 3143 2067 ἰκανὸν
3171 2015 3366 2076 αὐτοὺς
3396 2015 3597 2080 ἐξαγαο

2021 2104 2136 2168 γεῖν
2172 2103 2264 2154 ἐπί
2293 2102 2384 2155 τὸν
2427 2105 2661 2176 πόλεμον
2695 2106 2916 2172 τοῦτον;
2963 2107 3014 2158 τί
3047 2106 3102 2159 6%
3150 2107 3248 2158 οὐκ
3296 2107 3360 2160 ἂν
3403 2105 3599 2167 αὐτοὺς

2021 2193 2322 2264 ἀπέτρεψεν
2347 2213 2360 2262 ;
2388 2192 2554 2248 Εἶπεν
2577 2197 2776 2260 αὐτοῖς,
2801 2199 2880 2250 ὅτι
2903 2197 3056 2250 Μετὰ
3076 2197 3446 2267 τρεῖςήμέρας
3469 2197 3597 2248 ἀνα-

2023 2284 2310 2353 στήσομαι,
2339 2285 2434 2336 καὶ
2473 2287 2600 2356 περί
2629 2286 2900 2356 βασιλείας
2927 2286 3170 2356 οὐρανῶν
3213 2285 3592 2355 ἐπηγγείλατο’

2022 2369 2289 2436 εἷπεν,ὃτι
2315 2378 2356 2428 Κ
2367 2378 2660 2446 ρατήσουσι
2682 2381 2779 2448 τῆς
2799 2379 3122 2448 οἰκουμένης
3150 2378 3372 2446 Πνεῦμα
3401 2376 3596 2429 λαϐόν-

2020 2483 2110 2529 τες
2139 2467 2310 2534 ἀγιον·
2343 2469 2434 2520 καὶ
2457 2467 2625 2538 μυρία
2654 2469 2789 2538 πρὸς
2809 2469 3017 2532 τούτοις
3041 2469 3206 2539 ἐτερα
3231 2472 3408 2522 πᾶσαν
3431 2470 3598 2540 ὑπερο

2021 2559 2274 2612 ϐαίνοντα
2307 2561 2488 2628 φύσιν.
2521 2563 2682 2613 Ὥστε
2723 2562 2771 2613 εἰ
2815 2561 2978 2630 μηδὲν
3013 2560 3218 2614 τούτων
3262 2563 3503 2628 γέγονεν,
3545 2561 3597 2614 εί

2021 2653 2114 2704 καὶ
2138 2651 2298 2714 ζῶντι
2335 2653 2629 2716 ἐπείθοντο,
2666 2652 3083 2722 τελευτήσαντος
3114 2654 3212 2706 οὐκ
3249 2652 3312 2705 ἀν
3347 2651 3595 2722 ἐπείσθη-

2022 2759 2140 2802 σαν,
2178 2745 2224 2795 εί
2275 2745 2350 2814 μὴ
2396 2741 2535 2796 εἶδον
2581 2744 2909 2798 ἀναστάντα.
2958 2739 3125 2797 Εἶπον
3167 2745 3274 2815 γὰρ
3312 2744 3408 2796 ἄν·
3439 2742 3593 2796 Μετὰ

2017 2839 2161 2907 τρεῖς
2196 2837 2427 2909 ἡμέρας,
2465 2837 2669 2905 ἔλεγεν,
2704 2838 3101 2907 ἀναστήσομαι,
3135 2838 3228 2890 καὶ
3255 2838 3354 2889 οὐκ
3371 2835 3591 2903 ἀνέστη·

2019 2928 2241 2998 Πνεῦμα
2272 2930 2540 2999 ὑπέσχετο
2577 2930 2790 2996 δώσειν,
2827 2931 2920 2982 καὶ
2947 2929 3046 2981 οὐκ
3079 2928 3313 2998 έπεμψε·
3350 2927 3462 2989 πῶς
3502 2925 3597 2979 οὖν

2018 3021 2154 3091 ὑπὲρ
2181 3021 2290 3072 τῶν
2321 3022 2620 3092 μελλόντων
2653 3021 2804 3092 αὐτῷ
2838 3022 3218 3090 πιστεύσομεν,
3249 3020 3357 3072 τῶν
3391 3019 3593 3088 παρόν--

2015 3132 2120 3167 των
2157 3115 2563 3186 ἐληλεγμένων;
2597 3115 2752 3180 Τίνος
2786 3116 2842 3169 δὲ
2881 3117 3065 3168 ἕνεκεν
3110 3113 3184 3184 μὴ
3226 3113 3594 3175 ἀναστάντος,

2014 3210 2313 3279 ἐκήρυττον
2341 3209 2422 3261 ὅτι
2461 3209 2656 3278 ἀνέστη
2682 3226 2696 3274 ;
2743 3207 2960 3278 Ἐπειδὴ
2983 3207 3199 3274 ἐφίλουν
3223 3206 3403 3266 αὑτὸν,
3436 3204 3589 3274 φησί.

2015 3301 2125 3354 Καὶ
2157 3300 2264 3371 μὴν
2295 3304 2469 3371 μισεῖν
2491 3301 2677 3354 λοιπὸν
2696 3300 2840 3364 εἰκὸς
2863 3297 2932 3371 ῆν
2963 3301 3324 3371 ἀπατήσαντα
3351 3297 3466 3369 159]
3499 3298 3592 3350 καὶ

2013 3393 2413 3464 προδεδωκότα,
2483 3392 2577 3445 καὶ
2609 3393 2691 3447 ὅτι
2727 3392 2947 3463 μυρίαις
2998 3393 3192 3457 αὐτοὺς
3242 3390 3458 3443 ἐλπίσιν
3494 3391 3592 3442 ἐπ-

2014 3486 2172 3556 άρας,
2204 3487 2295 3538 καὶ
2324 3485 2501 3549 οἰκίας
2532 3485 2626 3539 καὶ
2658 3486 2858 3555 γονέων
2887 3485 2979 3538 καὶ
3011 3485 3228 3538 πάντων
3250 3483 3588 3551 ἀποστήσας,

2014 3580 2106 3632 καὶ
2131 3577 2423 3649 ὁλόκληρον
2441 3577 2589 3640 ἔθνος
2615 3577 3002 3646 ἐκπολεμώσας
3019 3577 3201 3638 αὐτοῖς
3224 3575 3282 3626 τὸ
3297 3573 3588 3638 Ἰουδαίων,

2013 3669 2320 3740 προέδωκεν
2347 3669 2596 3739 ὕστερον.
2613 3669 2725 3724 Καὶ
2749 3671 2797 3723 εί
2830 3670 2928 3740 μὲν
2949 3669 3232 3732 ἀσθενείας
3256 3663 3323 3738 ἦν
3353 3667 3412 3719 τὸ
3437 3666 3590 3734 γενό-

2013 3779 2194 3832 μενον,
2227 3761 2572 3830 συνέγνωσαν
2618 3762 2706 3816 ἄν·
2752 3765 2868 3816 νυνὶ
2897 3763 2952 3816 6%
2999 3762 3334 3831 κακουργίας
3383 3758 3587 3827 πολλῆς

2010 3851 2147 3910 είναι
2176 3855 2476 3925 ἐνομίζετο.
2515 3855 2661 3908 Ἔδει
2693 3855 2799 3926 γὰρ
2839 3855 3068 3924 τάληθὲς
3111 3856 3318 3919 εἰπεῖν,
3369 3853 3464 3905 καὶ
3509 3850 3587 3920 μὴ

2007 3949 2099 3999 τὸν
2136 3946 2364 4015 οὐρανὸν
2402 3945 2828 4013 ἐπαγγείλασθαι
2870 3947 3154 4015 ἄνθρωπον
3195 3946 3324 3998 ὄντα
3371 3941 3584 4012 θνητὸν,

2007 4038 2082 4101 ὥς
2111 4054 2266 4108 φατε.
2307 4038 2468 4090 Ὥστε
2509 4037 2817 4090 τούναντίον
2860 4039 3006 4100 εἰκὸς
3037 4035 3103 4106 ἦν
3148 4039 3344 4100 αὐτοὺς
3389 4038 3584 4101 ποιεῖν,

2009 4129 2298 4200 κηρύττειν
2322 4128 2420 4199 τὴν
2453 4127 2688 4197 ἀπάτην,
2719 4127 2815 4180 καὶ
2860 4128 3038 4194 λέγειν
3068 4127 3230 4178 αὑτὸν
3262 4126 3462 4196 εἴρωνα
3489 4125 3587 4178 καὶ

2005 4223 2198 4291 γόητα·
2229 4222 2371 4274 οὕτω
2397 4222 2504 4291 γάρ
2533 4220 2598 4274 ἂν
2627 4221 2722 4273 καὶ
2750 4219 2857 4272 τῶν
2881 4220 3140 4272 κινδύνων
3166 4218 3583 4288 ἀπηλλάγησαν,

2005 4311 2146 4364 οὕτω
2176 4310 2269 4362 καὶ
2297 4310 2387 4363 τὸν
2420 4310 2655 4380 πόλεμον
2692 4309 2908 4361 ἔλυσαν.
2943 4309 3001 4360 Εἰ
3037 4309 3142 4379 γὰρ
3177 4311 3289 4370 τοῖς
3318 4308 3582 4377 στρατιώ-

2002 4419 2121 4466 ταις
2171 4403 2436 4474 ἀργύριον
2481 4401 2686 4454 ἔδωκαν
2712 4401 2760 4454 οἰ
2806 4401 3045 4454 Ἰουδαῖοι
3078 4402 3165 4453 ἵνα
3210 4401 3454 4464 εἴπωσιν,
3497 4400 3583 4452 ὅτι

2004 4495 2238 4566 ἔκλεψαν
2271 4495 2333 4549 τὸ
2365 4495 2543 4565 σῶμα·
2578 4496 2626 4548 εἰ
2665 4493 3028 4564 παρελθόντες
3057 4490 3209 4546 εἷπον
3255 4492 3304 4544 οἰ
3342 4492 3583 4561 μαθηταί

2004 4590 2086 4642 ὅτι
2125 4589 2488 4659 Ἐκλέψαμεν,
2519 4589 2612 4642 καὶ
2646 4588 2746 4641 ούκ
2771 4587 2971 4654 ἀνέστη
2993 4624 3007 4648 ,
3054 4585 3210 4650 ποίας
3239 4584 3304 4638 ἀν
3337 4585 3436 4638 οὐκ
3470 4585 3579 4636 ἀπ-

2005 4681 2236 4736 έλαυσαν
2271 4682 2471 4751 τιμῆς;
2504 4682 2668 4736 ’Ώστε
2697 4679 2826 4751 ἐξῆν
2855 4681 3036 4744 αὐτοῖς
3079 4681 3171 4733 καὶ
3195 4678 3456 4749 τιμᾶσθαι
3489 4677 3583 4731 καὶ

2007 4773 2420 4842 στεφανοῦσθαι.
2467 4773 2623 4836 Τίνος
2671 4769 2765 4826 οὖν
2799 4773 2984 4826 ἐνεκεν
3014 4771 3073 4824 τὸ
3122 4769 3440 4840 ὑϐρίζεσθαι
3486 4769 3580 4820 καὶ

2005 4864 2334 4917 κινδυνεύειν
2355 4863 2884 4933 ἀντικατηλλάξαντο
2916 4863 3141 4924 τούτων,
3167 4861 3214 4912 εί
3248 4859 3321 4929 μὴ
3355 4858 3472 4910 θεία
3499 4874 3580 4920 τις

2001 4951 2069 5026 ῆν
2098 4958 2130 5028 ή
2160 4956 2419 5010 πείθουσα
2463 4956 2660 5017 αὐτοὺς
2699 4955 2956 5025 δύναμις,
3005 4955 3038 5024 ὴ
3081 4953 3289 5007 τούτων
3325 4952 3579 5006 ἁπάντων

2001 5048 2379 5119 δυνατωτέρα;
2434 5048 2493 5100 Εί
2533 5049 2588 5100 δὲ
2636 5047 2858 5116 μηδέπω
2893 5047 3182 5117 πείθομεν,
3228 5045 3443 5114 λογίζου
3479 5046 3580 5096 κά-

2002 5142 2166 5204 κεῖνο,
2199 5140 2279 5191 ὅτι
2304 5142 2351 5191 εί
2384 5139 2458 5211 μὴ
2480 5139 2636 5191 τοῦτο
2667 5135 2757 5212 ῆν,
2789 5139 2890 5194 κᾶν
2918 5141 2965 5192 εἰ
2997 5141 3198 5210 σφόδρα
3232 5138 3579 5210 παρεσκευά-

2002 5229 2175 5294 ζοντο,
2218 5231 2317 5283 ούκ
2347 5232 2412 5284 ἀν
2444 5231 2530 5283 ἐπ’
2556 5231 2705 5303 αὐτῷ
2751 5233 2811 5285 τὸ
2845 5235 3103 5306 κήρυγμα
3137 5231 3430 5302 ἐκήρυξαν,
3463 5229 3578 5282 ἀλλ’

1999 5324 2432 5395 ἀπεστράφησαν
2457 5325 2640 5381 αὐτόν.
2676 5327 2818 5381 ’Ἰστε
2849 5325 2956 5397 γὰρ
2979 5327 3061 5378 ὅτι
3094 5325 3216 5379 ούδέ
3247 5326 3314 5377 τὰ
3340 5323 3579 5392 ὀνόματα

2002 5415 2306 5488 βουλόμεθα.
2328 5415 2436 5470 τῶν
2460 5417 2528 5470 τὰ
2554 5417 2780 5470 τοιαῦτα
2805 5417 3135 5470 ἀπατώντων
3157 5419 3303 5486 ἡμᾶς
3333 5414 3574 5469 ἀκούειν.

2000 5507 2156 5569 Τίνος
2182 5505 2236 5558 δὲ
2269 5506 2451 5559 ἕνεκεν
2475 5507 2569 5560 καὶ
2597 5509 2894 5579 ἐκήρυττον
2917 5507 3083 5561 αὑτοῦ
3103 5508 3159 5561 τὺ
3182 5508 3351 5576 ὄνομα
3372 5525 3387 5574 ;
3415 5523 3582 5575 προσ·

1997 5596 2264 5660 δοκῶντες
2303 5598 2386 5650 ὅτι
2427 5601 2762 5670 κρατήσουσι
2813 5600 2880 5652 δι’
2920 5600 3124 5666 αύτοῦ;
3176 5603 3271 5655 καὶ
3317 5604 3422 5675 μὴν
3455 5607 3578 5658 τοὺ-

1999 5689 2212 5742 ναντίον
2238 5691 2402 5761 ἐχρῆν
2437 5693 2760 5763 προσδοκᾷν,
2795 5694 2876 5745 ὅτι
2912 5695 2960 5747 εί
2993 5694 3086 5749 καὶ
3123 5694 3342 5766 ἔμελλον
3373 5700 3578 5770 κρατή-

2002 5801 2134 5847 σειν,
2169 5783 2449 5838 ἀπώλοντο
2479 5787 2793 5850 ἀπατεῶνος
2812 5789 2980 5857 ὄνομα
3004 5790 3261 5859 φέροντες
3285 5793 3362 5853 είς
3386 5790 3573 5860 μέσον.

2001 5875 2062 5932 Et
2089 5875 2146 5931 δέ
2176 5878 2466 5933 συσκιάσαι
2503 5877 2570 5931 τὰ
2595 5878 2832 5953 πρότερα
2856 5880 3158 5951 ἐϐούλοντο,
3189 5883 3292 5936 ἔδει
3325 5883 3570 5949 σιγῆσαι,
