4100 6214
408 243 476 302 ιε
1510 233 1573 289 IN
1613 233 1866 290 sensu
1917 235 2008 292 an
2045 237 2199 295 con.
2232 234 2544 296 nouum.
3597 249 3662 304 ιθ

410 364 789 428 exspectarent
831 369 892 408 se
935 368 1028 422 per
1069 350 1216 407 illum
1259 357 1600 418 superaturos
1637 349 1794 403 esse?
1825 350 1994 418 Atqui.

415 449 739 508 contrarium
767 446 1184 516 exspectandum
1209 451 1344 507 erat,
1370 441 1728 512 quia,eliamsi
1773 455 1992 509 supera-

423 544 520 597 turi
566 548 746 596 essent
768 579 783 599 ,
819 537 1101 606 periissent
1128 533 1426 601 deceptoris
1453 548 1644 586 nomen
1679 533 1729 585 in
1759 532 1996 586 medium.

417 634 717 689 afferentes.
765 628 858 682 Sin
889 635 1064 680 autem
1095 624 1338 678 volebant
1363 623 1538 692 priora
1567 624 1836 676 occultare
1861 660 1878 684 ,
1911 631 1990 673 ta-

416 740 541 780 cere
580 721 865 794 oportebat
894 734 907 770 :
940 733 1060 771 nam
1107 717 1382 770 decertare
1418 714 1588 782 magis
1615 715 1899 768 excitasset
1938 720 1994 766 et

418 818 616 873 bellum
642 824 698 868 et
727 814 916 867 risum.
950 809 1101 864 Unde
1127 822 1258 876 ergo
1290 807 1436 860 venit
1465 806 1569 860 illis
1595 807 1646 859 in
1677 814 1907 857 mentem
1938 811 1993 856 ut

416 910 530 964 haec
563 901 971 973 confingerent?
1001 916 1120 956 nam
1152 899 1238 953 illa
1283 915 1399 966 qua:
1438 898 1536 968 ipsi
1565 895 1862 958 audierant,
1895 910 1997 949 ex-

414 999 678 1054 ciderant.
729 994 881 1063 Quod
935 993 982 1048 si
1015 1007 1136 1046 cum
1182 990 1358 1044 nullus
1401 997 1545 1044 esset
1585 988 1765 1052 timor,
1796 985 1990 1040 umbo-

417 1107 532 1148 rnrn
559 1087 1032 1149 obliviscebantur,
1058 1091 1114 1136 et
1144 1081 1384 1150 quzedam
1436 1095 1541 1132 non
1589 1076 1950 1146 intelligebant
1972 1116 1989 1141 ,

415 1186 492 1238 ait
542 1180 909 1248 evangelista,
957 1186 1107 1230 tanto
1167 1174 1476 1228 imminente
1540 1171 1814 1240 periculo,
1865 1184 1996 1237 quo-

417 1275 578 1331 modo
629 1291 734 1327 non
768 1270 946 1326 omnia
977 1269 1042 1321 ab
1087 1268 1191 1320 illis
1235 1264 1579 1320 arolassenl?
1611 1265 1674 1317 Et
1701 1263 1825 1332 quid
1875 1261 1997 1320 dico

417 1366 603 1428 verba,
634 1380 758 1418 cum
788 1361 1021 1416 futurum
1071 1366 1234 1418 esset,
1268 1365 1322 1408 ut
1374 1352 1612 1422 magistri
1655 1367 1808 1406 amor
1851 1362 1997 1408 metu

417 1460 724 1513 futurorum
754 1453 951 1508 sensim
975 1445 1358 1504 marcesceret?
1388 1444 1528 1512 quod
1564 1443 1722 1498 etiam
1752 1441 1879 1510 ipsis
1899 1457 1996 1495 ex-

418 1549 720 1620 probravit.
751 1544 883 1599 Nam
918 1557 1038 1597 cum
1067 1548 1220 1593 :mtea
1250 1536 1460 1606 quidem
1485 1534 1552 1586 ab
1585 1534 1674 1587 illo
1707 1531 1997 1602 pendentes

420 1642 736 1710 frequenter
785 1636 1192 1702 interrogarent,
1222 1629 1339 1694 Quo
1369 1625 1552 1680 radis?
1583 1635 1765 1694 postea
1793 1632 1998 1688 autem,

415 1747 540 1786 cum
571 1731 761 1798 longos
783 1726 949 1780 texuit
965 1735 1264 1785 sermones,
1291 1719 1427 1772 mala
1449 1730 1704 1772 enarra-ns
1729 1731 1846 1785 quae
1866 1722 1997 1768 tem-

421 1837 552 1891 pore
579 1819 758 1886 crucis
778 1816 1183 1884 ipsosinvasura
1211 1818 1383 1874 erant,
1407 1807 1702 1876 deindeqne
1729 1814 1872 1860 metu
1897 1803 1995 1858 de-

421 1913 507 1966 tisi
536 1927 660 1964 cum
685 1908 894 1962 hiantes
920 1904 994 1958 illi
1021 1909 1316 1965 manerent,
1347 1899 1470 1954 audi
1498 1897 1762 1968 quomodo
1789 1897 1868 1950 eis
1896 1895 2000 1951 hoc

423 2001 658 2070 proferat
686 1998 874 2052 dicens
905 2015 918 2050 :
955 1992 1121 2048 Nemo
1147 2007 1208 2046 ea:
1249 1991 1385 2044 rubis
1415 1990 1690 2058 interrogat
1721 2003 1832 2051 me,
1889 1987 2000 2052 Qua

420 2093 697 2149 ruitished
720 2091 839 2161 quia
865 2089 970 2142 haec
995 2088 1229 2156 loquutus
1255 2099 1368 2138 sunt
1386 2081 1540 2145 vobis,
1561 2080 1760 2136 tristitia
1778 2078 1998 2147 implevit

421 2202 507 2238 cor
533 2195 747 2238 vestram
767 2179 946 2250 (Joan.
968 2177 1051 2231 l6.
1076 2177 1128 2231 5.
1146 2174 1291 2245 6).δὶ
1316 2188 1445 2243 ergo
1467 2181 1834 2238 exspectantes
1853 2169 1999 2228 illum

422 2275 731 2330 moriturum
749 2280 802 2324 et
819 2275 1239 2324 resurrecturum
1249 2279 1386 2326 esse,
1408 2264 1475 2316 ita
1489 2261 1758 2323 dolebant;
1773 2260 1816 2314 si
1832 2275 2002 2313 resur-

418 2375 629 2436 gentem
656 2363 804 2416 illum
830 2375 931 2414 min
957 2358 1234 2420 vidissent,
1263 2353 1531 2425 quomodo
1559 2369 1664 2406 non
1695 2350 1997 2421 periissent,

419 2456 549 2510 etin
580 2455 748 2524 ip~am
794 2462 992 2505 terram
1022 2447 1214 2502 sul'l'odi
1243 2463 1345 2500 non
1384 2443 1750 2507 studuissent,
1785 2451 1892 2494 tum
1933 2457 1996 2496 ex

420 2563 657 2604 interore
697 2543 912 2608 fraudis,
949 2550 1058 2596 tum
1096 2556 1158 2595 es
1189 2541 1378 2594 timore
1425 2535 1719 2590 futurorum
1753 2535 2000 2588 obsessi?

493 2638 548 2693 5.
579 2635 727 2691 Unde
743 2643 916 2688 autem
935 2641 987 2687 et
1007 2630 1250 2686 sublimia
1276 2629 1380 2683 illis
1397 2627 1638 2697 dogmata
1655 2629 1674 2679 ἒ
1690 2624 1998 2680 sublimiora

421 2728 566 2783 enim
590 2727 730 2795 ipsos
750 2733 929 2794 postea
955 2722 1230 2776 audituros
1249 2734 1370 2775 esse
1393 2717 1554 2773 dixit:
1576 2733 1696 2771 nam
1718 2716 1900 2781 Multa,
1923 2716 2001 2768 in-

419 2819 556 2889 quit,
572 2819 728 2871 habeo
741 2818 873 2870 vobis
885 2817 1066 2881 dicere,
1085 2814 1173 2867 sed
1185 2830 1283 2866 non
1299 2813 1498 2881 potestis
1513 2823 1714 2881 portare
1731 2810 1877 2862 modo
1891 2807 1996 2880 (Ib.

420 2930 465 2966 ιι.
483 2914 593 2981 l2).
610 2912 696 2963 Illa
711 2909 871 2978 igitur
885 2925 952 2978 qu
973 2927 999 2960 υ
1020 2922 1122 2960 non
1143 2907 1478 2971 dicebantur,
1498 2903 1805 2957 sublimiora
1825 2912 1996 2957 erant.

422 3004 571 3058 lbnis
619 3012 795 3054 autem
838 3014 904 3052 ex
932 2995 1211 3066 discipulis
1257 3011 1355 3048 nec
1397 2994 1450 3049 in
1492 2993 1726 3048 Iudaeam
1758 3009 1876 3048 cum
1907 2991 1999 3048 illo

419 3095 570 3148 abire
598 3092 806 3145 volebat
831 3133 846 3157 ,
893 3098 1170 3158 postquam
1201 3086 1433 3156 pericula
1456 3085 1654 3140 audivit
1680 3101 1694 3149 ;
1725 3083 1819 3139 sed
1849 3084 1997 3139 dice-

421 3187 532 3248 bat,
566 3184 809 3236 Abemnus
838 3190 886 3234 et
911 3196 1032 3243 nos,
1074 3188 1126 3231 ut
1170 3177 1444 3229 morimnur
1486 3193 1602 3228 cum
1647 3176 1737 3229 illo
1763 3172 1874 3246 (Id.
1908 3174 1996 3229 11.

425 3277 568 3344 16);
616 3288 758 3342 aagre
795 3271 971 3325 ferens
1009 3269 1151 3338 quod
1195 3283 1256 3322 se
1293 3266 1609 3321 mm'izurum
1641 3273 1996 3337 exspectaret.

424 3367 577 3434 Quod
606 3365 650 3419 si
679 3380 800 3419 cum
833 3364 926 3418 illo
952 3375 1174 3416 versans
1195 3376 1252 3415 se
1277 3359 1590 3414 moriturum
1619 3357 1995 3426 exspectabat,

421 3462 652 3529 ideoque
697 3456 1020 3526 refugiebat;
1061 3456 1262 3524 absque
1303 3468 1369 3507 eo
1407 3463 1459 3506 et
1488 3455 1700 3506 cznteris
1723 3451 1997 3520 discipulis

422 3555 551 3624 quid
596 3572 700 3607 tmtt
741 3563 866 3606 tunc
905 3566 964 3608 se
1020 3565 1294 3620 passurum
1335 3547 1728 3616 exspectasset?
1773 3546 1839 3601 Et
1884 3561 1999 3600 ma-

419 3664 584 3718 gnum
640 3648 741 3703 hoc
797 3645 984 3699 fuisset
1034 3640 1374 3712 impudentia:
1426 3649 1816 3708 argumentum.
1862 3638 1998 3706 Quid

418 3754 554 3808 ergo
605 3738 763 3791 etiam
825 3735 1108 3789 dicendum
1163 3732 1430 3786 habebant
1489 3730 1800 3785 exeuntes?
1866 3729 1999 3785 Nam

424 3832 727 3898 passionem
781 3824 994 3894 quidem
1065 3822 1264 3876 sciebat
1327 3821 1605 3874 universus
1675 3819 1824 3874 orbis
1876 3835 1890 3870 :
1947 3820 1998 3873 in

419 3923 534 3974 alto
573 3919 770 3989 quippe
824 3917 1057 3986 paliliult)
1103 3929 1394 3982 suspensus
1437 3915 1625 3978 fuerat,
1658 3912 1711 3966 in
1755 3910 1996 3976 meridie,

423 4014 481 4066 in
537 4009 810 4077 metropoli
843 4050 856 4070 ,
890 4016 945 4061 et
990 4008 1042 4060 in
1087 4006 1319 4058 maximo
1365 4003 1452 4058 die
1511 4003 1667 4068 festo,
1717 4010 1772 4057 et
1818 4018 1845 4054 a
1895 4018 2000 4072 quo

427 4100 660 4154 maxime
690 4115 792 4152 non
837 4098 1028 4152 licebat
1066 4096 1366 4165 quempiam
1389 4096 1580 4149 abesse
1609 4112 1622 4147 :
1654 4097 2000 4148 resurrectio-

426 4207 554 4244 nem
577 4207 702 4245 vero
721 4190 897 4244 nullus
923 4187 1124 4242 sciebat
1145 4197 1466 4247 exterorum,
1491 4185 1630 4254 quod
1655 4200 1756 4238 non
1782 4201 1999 4253 parvum

421 4287 536 4343 illis
558 4295 674 4338 erat
691 4283 1152 4352 impedimentum,
1177 4289 1315 4333 utne
1339 4279 1738 4348 persuaderent.
1765 4278 1833 4330 Et
1859 4277 2000 4346 quod

420 4385 570 4434 esset.
604 4375 847 4445 sepultus
883 4371 1118 4426 tnnnium
1157 4386 1372 4425 rumore
1415 4369 1715 4432 fei'ebatur;
1757 4369 2002 4438 quodque

418 4467 675 4534 discipuli
719 4481 914 4532 corpus
955 4462 1111 4517 furati
1152 4471 1350 4527 essent,
1403 4461 1598 4515 milites
1644 4475 1763 4515 cum
1802 4459 2002 4516 Judae'ts

417 4560 676 4615 munibus
701 4558 950 4612 dicebant
979 4574 991 4609 :
1025 4555 1164 4624 quod
1204 4563 1382 4609 autem
1413 4555 1823 4617 resurrexisset,
1855 4565 2003 4610 este-

420 4666 605 4706 rornm
657 4663 816 4702 uerno
847 4646 1065 4702 sciebat.
1098 4645 1370 4701 Undenam
1411 4645 1826 4712 exspectabant,
1859 4661 1918 4698 se
1945 4644 2001 4700 id

419 4743 518 4795 toti
550 4741 667 4794 orbi
699 4752 1044 4808 persuasuros
1069 4736 1223 4792 esse?
1252 4735 1309 4790 Si
1337 4734 1478 4790 enim
1511 4746 1626 4802 post
1669 4734 2001 4792 editavmira-

419 4832 544 4885 cnla
573 4830 812 4900 persuasi
833 4827 1046 4884 fuerunt
1061 4827 1277 4893 milites,
1296 4834 1355 4880 ut
1373 4827 1637 4880 contraria
1659 4835 2000 4892 testarentur,

422 4921 692 4974 undenam
747 4925 1054 4986 sperassent
1095 4915 1145 4968 hi
1193 4931 1254 4970 se
1299 4915 1415 4970 sine
1447 4915 1713 4969 miraculis
1742 4916 2002 4984 praedica-

428 5023 576 5064 turus
605 5025 744 5070 esse,
773 5025 840 5064 ac
867 5025 932 5063 ne
962 5008 1177 5061 obolum
1209 5007 1423 5076 quidem
1456 5009 1736 5072 habentes,
1766 5019 1922 5062 terra:
1948 5018 2004 5066 et

430 5102 561 5153 mari
594 5101 660 5153 de
714 5100 1108 5154 resurrectione
1160 5112 1511 5166 persuasuros
1555 5099 1714 5152 esse?
1755 5097 1907 5165 Quod
1958 5098 2002 5152 si

430 5204 499 5243 ex
551 5190 728 5258 gloria:
773 5203 958 5243 amore
989 5187 1088 5243 hoc
1119 5187 1409 5253 fecissent,
1450 5188 1617 5240 multo
1647 5189 1812 5257 magis
1838 5204 2005 5242 unus-

425 5282 650 5352 quisque
677 5281 869 5350 dogma
899 5279 997 5332 sibi
1027 5279 1374 5338 attribuisset.
1418 5294 1522 5332 non
1549 5279 1596 5332 ei
1627 5278 1715 5348 qui
1754 5279 2004 5336 decesse-

427 5383 529 5425 rat.
573 5376 642 5426 At
697 5386 802 5424 non
845 5370 1198 5424 credidissent
1237 5369 1340 5423 illis
1375 5367 1656 5423 homines?
1683 5367 1752 5422 Et
1775 5368 2004 5439 dequo-

424 5479 547 5514 nam
594 5462 764 5529 magis
817 5460 1170 5515 credidissent
1221 5459 1540 5514 audientes?
1578 5459 1645 5514 de
1693 5459 1856 5512 illmm
1911 5461 2002 5530 qui

423 5552 850 5620 l‘tllllpl’t’hCllSUS
897 5561 950 5605 et
994 5551 1279 5605 crucifixus
1327 5549 1517 5614 fuerat,
1574 5565 1642 5602 an
1669 5549 1736 5604 de
1767 5549 1872 5603 illis
1915 5553 2004 5621 qui

427 5647 738 5703 inda-orum
793 5661 980 5700 manus
1026 5642 1353 5713 effugerant?
1406 5643 1512 5698 Cur
1563 5651 1762 5712 autem,
1800 5661 2002 5715 qni-so,

2101 351 2201 406 hoc
2241 355 2425 410 facturi
2470 355 2661 410 erant?
2713 371 2821 412 non
2864 357 3048 412 statim
3071 359 3308 414 .ludmam
3337 361 3666 420 dimittentes

2099 458 2360 502 venerunt
2377 449 2427 502 in
2445 449 2972 514 externascivitates.
2997 452 3089 505 sed
3111 453 3253 508 intus
3281 457 3622 509 versabantur
3646 459 3667 512 t

2099 537 2378 604 Quomodo
2424 550 2600 594 autem
2651 541 3064 609 persuasissem,
3117 544 3220 600 nisi
3271 544 3418 611 signa
3464 546 3666 600 edidis-

2097 631 2260 682 sent?
2307 628 2362 684 Si
2395 630 2660 686 faciebant
2689 633 2926 701 quidem,
2958 643 3013 688 et
3041 635 3219 702 utique
3250 636 3532 700 faciebant,
3570 638 3664 692 1)νί

2098 723 2270 776 virtus
2297 734 2412 778 erat
2443 724 2498 777 id
2538 724 2678 794 quod
2705 725 2896 780 fiebat:
2927 727 2968 779 si
3009 739 3187 781 autem
3235 742 3339 781 non
3381 728 3668 796 faciebant,

2098 824 2153 869 et
2176 823 2349 868 tamen
2382 815 2681 880 vincebant,
2729 816 2884 884 longe
2915 817 3208 871 mirabilius
3231 827 3346 872 erat
3374 819 3523 878 illud.
3559 822 3667 874 An-

2100 919 2204 958 non
2229 903 2440 958 Judaeos
2468 917 2746 972 noverant,
2793 923 2974 977 qua-so
3008 919 3078 971 te,
3123 919 3176 962 et
3213 909 3403 962 malam
3432 910 3667 978 ipsorum

2100 1004 2354 1058 nn-ntem,
2385 995 2685 1065 invidiaque
2717 997 2926 1066 plenum
2952 999 3226 1052 anionnn?
3263 999 3473 1053 Etenim
3517 1000 3664 1072 Moy-

2099 1101 2192 1139 scn
2228 1087 2546 1154 lapidarnnt,
2579 1098 2860 1158 postquam
2891 1106 3037 1144 mare
3065 1091 3284 1156 pedibus
3307 1093 3624 1147 transierant
3645 1135 3661 1158 ,

2103 1189 2220 1245 post
2248 1179 2522 1232 victoriam
2549 1189 2603 1234 ct
2632 1189 2888 1249 tr0pieum
2919 1180 3044 1234 illud
3078 1181 3337 1245 mirabile,
3369 1182 3511 1251 quod
3537 1184 3661 1236 abs-

2099 1284 2205 1338 que
2233 1270 2490 1339 sanguiue
2508 1286 2600 1339 per
2630 1271 2947 1339 manusejus
2969 1281 3256 1328 erexerunt
3283 1272 3351 1328 de
3383 1271 3669 1343 Egyptiis.

2099 1359 2188 1428 qui
2221 1360 2338 1414 illos
2366 1361 2415 1414 in
2445 1362 2754 1416 servitutem
2792 1361 3129 1430 redegeraut,
3164 1371 3281 1429 post
3313 1377 3525 1427 manna,
3549 1373 3670 1431 post

2103 1459 2279 1518 petras
2309 1459 2362 1504 et
2389 1451 2667 1505 fluviorum
2697 1449 2870 1506 fontes
2901 1451 3021 1506 inde
3049 1460 3346 1515 manantes,
3384 1462 3499 1520 post
3529 1453 3676 1509 mille

2103 1540 2354 1593 tuiracula
2385 1541 2434 1594 in
2459 1540 2712 1611 IEgypto,
2739 1541 2790 1594 in
2815 1541 2947 1594 mari
2981 1540 3182 1603 Rubro,
3209 1540 3262 1594 in
3291 1540 3504 1596 deserto
3533 1559 3546 1595 :
3580 1541 3674 1597 Je-

2103 1630 2322 1684 rcmiam
2369 1631 2418 1684 in
2461 1631 2630 1685 laetun
2678 1631 2997 1699 iniecerunt,
3045 1640 3099 1685 et
3145 1631 3342 1685 multos
3387 1631 3680 1702 prophetas.

2103 1721 2503 1776 interfecerunt.
2559 1721 2694 1778 Audi
2742 1723 2870 1792 quid
2917 1723 3060 1778 dicat
3108 1723 3286 1777 llelias
3318 1733 3436 1792 post
3481 1723 3680 1778 famem

2105 1813 2246 1867 illam
2293 1814 2607 1878 terribilem,
2661 1825 2715 1868 et
2760 1815 3058 1868 mirabilem
3091 1816 3344 1884 pluviam,
3389 1825 3443 1870 et
3473 1815 3677 1884 lampa-

2103 1906 2222 1960 dem
2251 1907 2416 1970 illam,
2453 1923 2608 1974 quam
2631 1909 2697 1961 de
2717 1908 2866 1962 c;e|is
2885 1907 3212 1962 descendere
3235 1908 3457 1973 curavit,
3485 1916 3537 1962 ct
3561 1919 3677 1962 stu-

2107 1997 2334 2066 pendum
2358 1998 2482 2052 illud
2507 1997 2906 2060 holocaustum;
2939 1998 3120 2065 procul
3146 1999 3213 2051 ab
3242 2015 3425 2052 eorum
3454 1999 3674 2065 regione

2105 2089 2306 2153 eiectus
2347 2105 2359 2138 :
2393 2086 2624 2151 Domine,
2655 2088 2928 2156 prop/tetas
2974 2097 3088 2142 uias.
3131 2088 3445 2151 occiderunt,
3494 2087 3680 2141 altaria

2104 2187 2191 2230 tua
2231 2178 2533 2240 diruerant;
2576 2187 2622 2230 et
2667 2194 2755 2246 ego
2794 2177 2998 2230 relictus
3036 2194 3146 2231 sum
3184 2176 3342 2242 solus,
3374 2186 3422 2230 ct
3449 2187 3683 2247 qua‘rtmt

2104 2268 2324 2322 nstituam
2349 2268 2605 2335 uteam(5.
2634 2265 2756 2334 Reg.
2778 2270 2862 2320 19.
2892 2265 2998 2338 10).
3033 2267 3188 2336 Atqui
3219 2267 3250 2320 ii
3282 2269 3428 2336 leges
3443 2282 3548 2320 non
3575 2268 3679 2321 itu-

2107 2361 2396 2414 mutabant.
2423 2359 2575 2416 Unde
2605 2375 2749 2428 ergo,
2776 2376 2978 2428 quzeso,
3011 2359 3092 2413 bis
3111 2359 3320 2413 animus
3346 2359 3680 2414 adhibendus

2105 2453 2264 2508 erat?
2311 2467 2434 2508 nam
2467 2453 2706 2506 omnium
2745 2451 2986 2506 vilissimi
3032 2461 3221 2516 erant,
3264 2461 3423 2522 atque
3453 2467 3514 2506 ea
3562 2452 3678 2520 ipsa

2105 2543 2452 2608 iunovabant,
2481 2543 2551 2598 ob
2580 2559 2697 2612 quas
2727 2542 3036 2612 Magistrum
3066 2542 3236 2596 Judazi
3268 2543 3670 2600 erucifixerant.

2104 2635 2349 2704 Alioquin
2382 2649 2508 2688 vero
2548 2649 2654 2688 non
2701 2643 2807 2686 tam
2844 2649 3006 2702 grave
3042 2634 3321 2687 videbatur
3346 2649 3486 2698 esse,
3533 2634 3676 2702 quod

2103 2726 2349 2784 Clu-istos
2387 2736 2440 2782 et
2488 2726 2561 2780 illi
2607 2725 2794 2780 eadem
2834 2725 3098 2781 dicerent.
3130 2725 3261 2780 Nam
3287 2725 3434 2780 illum
3461 2725 3676 2795 quidem

2104 2815 2241 2870 forte
2261 2818 2512 2884 putabant
2537 2817 2656 2868 ideo
2679 2815 2725 2868 id
2756 2815 2962 2876 fecisse,
2990 2827 3044 2867 ut
3066 2816 3164 2868 sibi
3184 2816 3404 2884 gloriam
3434 2827 3678 2886 pareret;

2105 2907 2223 2962 illus
2249 2919 2426 2960 autem
2458 2907 2617 2960 etiam
2651 2908 2818 2975 magis
2848 2904 3114 2969 odissent,
3155 2921 3275 2958 cum
3301 2921 3394 2975 pro
3422 2906 3526 2959 alio
3547 2921 3678 2960 eou-

2107 3007 2184 3051 tra
2213 3012 2271 3052 se
2301 2997 2495 3050 bellqu
2519 3008 2784 3064 gererent.
2818 2995 2921 3050 Sed
2947 3010 3104 3064 Opem
3138 2997 3240 3049 illis
3267 2996 3509 3049 ferebant
3530 2998 3674 3068 leges

2105 3089 2507 3144 Romanorum?
2533 3087 2640 3140 lmo
2668 3089 2733 3139 ab
2762 3087 2866 3142 illis
2892 3088 3058 3156 magis
3095 3087 3519 3157 impediebantur
3548 3107 3560 3143 :
3590 3090 3675 3144 dio

2103 3183 2296 3236 cebaut
2313 3180 2478 3244 enim,
2514 3178 2712 3242 Omnis,
2743 3179 2828 3246 qni
2857 3195 2910 3231 se
2933 3179 3096 3247 ipsum
3121 3195 3284 3250 regem
3305 3180 3447 3248 facit,
3478 3197 3577 3234 non
3602 3192 3677 3236 est

2102 3276 2295 3328 amicas
2317 3271 2529 3324 Cesaris
2560 3271 2734 3338 (Joan.
2771 3269 2852 3324 l9.
2889 3268 2994 3339 12).
3024 3270 3358 3338 Quapropter
3384 3271 3483 3326 hoc
3504 3272 3676 3327 solunt

2105 3366 2360 3436 impedire
2386 3372 2613 3433 potuerat,
2640 3378 2709 3430 qu
2750 3363 2888 3420 niam
2915 3363 3053 3430 eius,
3082 3363 3173 3432 qui
3207 3375 3459 3434 tyrannus
3485 3365 3672 3420 existi-

2105 3468 2276 3510 matus
2317 3455 2504 3519 fuerat,
2549 3453 2793 3522 discipuli
2841 3464 3023 3516 erant,
3054 3463 3109 3508 et
3155 3469 3244 3508 res
3275 3455 3391 3524 ejtis
3425 3457 3677 3512 Volebant

2105 3548 2338 3601 formare.
2389 3545 2526 3612 Quid
2557 3560 2686 3614 ergo
2714 3544 2925 3599 tandem
2956 3544 3074 3600 illos
3104 3545 3274 3602 erexit
3301 3548 3500 3610 animo.
3543 3557 3599 3602 ut
3625 3549 3678 3602 in

2105 3649 2248 3694 tanta
2280 3638 2518 3709 pericula
2543 3637 2874 3691 inciderent?
2905 3637 3036 3707 quid
3058 3647 3232 3692 autem
3261 3638 3334 3693 de
3357 3640 3447 3693 illo
3491 3640 3675 3696 dicen-

2105 3742 2205 3797 tes,
2246 3732 2566 3786 videbantur
2614 3729 2716 3783 fido
2756 3729 2938 3798 dignis?
2981 3729 3126 3798 quod-
3167 3729 3452 3785 erucifisus
3491 3733 3680 3786 esset?

2104 3822 2242 3890 quod
2273 3838 2336 3876 ex
2369 3823 2588 3875 rmd‘ere
2614 3836 2843 3889 paupere
2867 3820 3048 3874 Juda-a
3072 3831 3228 3874 natus
3251 3832 3414 3889 esset,
3442 3839 3561 3893 qua:
3585 3825 3680 3879 de-

2104 3922 2353 3980 sponsata
2396 3911 2566 3965 fuerat
2611 3910 2800 3964 .lndaeo
2846 3911 3036 3964 fabro?
3074 3913 3213 3978 quod
3238 3930 3309 3968 ex.
3347 3925 3503 3984 gente
3537 3929 3680 3972 esset

2104 4005 2219 4060 orbi
2249 4002 2472 4056 odiosa?
2507 4001 2700 4054 Verum
2742 4001 2855 4056 hmc
2883 4003 3060 4056 omnia
3095 4021 3198 4057 non
3233 4007 3391 4059 modo
3419 4024 3525 4061 non
3552 4019 3674 4076 apta

2105 4106 2260 4152 erant
2285 4094 2350 4148 ad
2379 4093 2782 4163 persuadcmlos
2814 4104 2866 4148 et
2905 4095 3217 4150 alliciendos
3261 4099 3554 4165 auditores,
3585 4102 3678 4156 Sed

2104 4189 2170 4243 ad
2210 4203 2398 4241 omnes
2443 4185 2724 4239 adversum
2773 4186 3120 4241 concitandos
3161 4187 3390 4254 idonea;
3447 4193 3678 4250 maxime

2105 4288 2285 4332 autem
2311 4295 2339 4330 a
2381 4277 2730 4332 tentoriormn
2771 4279 2976 4332 artifice
3027 4287 3082 4333 et
3127 4293 3156 4331 a
3210 4279 3472 4348 piscatore
3513 4281 3674 4341 dicta.

2106 4373 2306 4424 Annon.
2346 4367 2460 4422 lucc
2500 4368 2676 4420 omnia
2721 4368 2774 4421 in
2819 4378 3050 4422 mentem
3085 4381 3340 4424 venerunt
3367 4371 3682 4442 discipulis?

2106 4477 2232 4515 nam
2259 4459 2457 4515 timida:
2488 4468 2692 4512 naturre
2722 4459 2875 4528 plura
2898 4475 3054 4528 quam
3081 4461 3190 4516 sint
3219 4475 3439 4532 possunt
3469 4465 3678 4520 conflu-

2105 4568 2233 4622 grre
2265 4570 2278 4606 :
2313 4551 2445 4604 tales
2471 4560 2622 4602 erant
2651 4550 2862 4606 illorum
2893 4563 3114 4607 natum.
3161 4552 3432 4610 Uudenam
3461 4571 3592 4626 ergo
3624 4574 3685 4613 se

2107 4653 2252 4698 recte
2273 4651 2486 4696 acturos
2508 4642 2822 4710 sperarunt?
2848 4641 2959 4696 lino
2977 4657 3092 4698 non
3106 4656 3428 4714 sperassent,
3453 4664 3570 4702 eum
3603 4650 3688 4705 in-

2108 4748 2326 4790 numera
2349 4740 2529 4787 essent
2551 4749 2667 4802 qua:
2693 4733 2810 4787 illos
2841 4733 3190 4803 abducerent,
3221 4737 3320 4792 nisi
3352 4741 3680 4797 resurreaisv
3720 4738 3737 4809 ζ

2107 4835 2191 4878 set
2211 4823 2469 4880 Christus.

2179 4916 2233 4972 ϐ.
2274 4918 2470 4970 Annon
2514 4916 2686 4984 palam
2733 4923 2820 4970 est
2865 4916 2950 4971 vel
2993 4917 3344 4985 stnltissimis,
3396 4922 3534 4989 quod
3578 4925 3681 4982 nisi

2110 5007 2330 5062 uberem
2367 5015 2422 5062 et
2468 5020 2714 5073 rnagnam
2753 5009 3068 5076 consequuti
3113 5020 3296 5065 essent
3343 5015 3588 5083 gratiam,
3628 5026 3682 5071 ct

2111 5098 2330 5167 pignora
2369 5096 2700 5165 accepissent
2750 5102 3175 5166 resurrectionis,
3222 5120 3325 5159 non
3367 5107 3524 5160 mmlo
3567 5108 3683 5166 lucc

2111 5205 2216 5242 non
2266 5203 2426 5256 agere
2453 5196 2506 5241 et
2530 5189 2825 5259 suscipere,
2854 5191 2949 5248 sed
2983 5209 3050 5249 ne
3075 5196 3318 5264 cogitare
3338 5199 3548 5267 quidem
3582 5216 3678 5268 po-

2113 5279 2378 5334 tuissent?
2404 5277 2460 5334 Si
2487 5281 2632 5334 enim
2662 5290 2740 5335 tot
2765 5283 3138 5352 impedimenta
3183 5298 3382 5353 essent,
3417 5305 3521 5342 non
3563 5291 3684 5346 dico

2110 5370 2180 5426 ad~
2196 5380 2338 5426 recte
2365 5371 2649 5441 ageadum,
2671 5373 2766 5428 sed
2795 5373 2862 5428 ad
2891 5376 3318 5443 consultandum,
3339 5388 3393 5432 et
3417 5382 3676 5438 consulta.

2111 5472 2234 5518 runt
2254 5472 2310 5518 et
2339 5464 2588 5534 przeclara
2615 5475 2874 5535 egerunt,
2905 5477 2960 5522 et
2990 5483 3108 5537 quze
3152 5470 3298 5524 omni
3343 5485 3439 5540 spe
3485 5475 3684 5545 majora

2113 5565 2268 5612 erant
2295 5555 2358 5610 ad
2385 5555 2632 5610 effectum
2669 5555 3007 5612 deduxerunt
3036 5576 3050 5614 :
3086 5559 3256 5614 cuivis
3284 5562 3458 5632 palam
3485 5576 3570 5621 cst
3595 5583 3687 5624 eos

2118 5664 2226 5704 non
2254 5647 2481 5704 humana
2508 5649 2724 5718 virtute,
2755 5649 2848 5707 sed
2870 5649 3046 5707 divina
3070 5655 3240 5726 gratia
3269 5657 3447 5714 omnia
3473 5656 3682 5717 fecisse.
