4100 6214
397 253 464 307 47
1110 255 1167 315 ε.
1206 256 1483 314 JOANNIS
1521 253 1989 312 CIIRYSUSTOMI
2029 252 2349 313 ARCIIIEP.
2388 256 2921 318 CONSTANTINOP.
3590 271 3659 328 ιες

394 376 448 429 lo
478 374 563 429 his
597 387 727 444 ergo
753 371 1092 428 sermonibus
1135 385 1234 427 nos
1280 383 1654 435 exerceamus,
1702 384 1808 422 non
1835 366 1974 436 apud

396 482 494 521 nos
542 474 774 530 tantum,
827 462 921 519 sed
967 479 1088 518 cum
1131 461 1288 516 aliis:
1334 461 1413 513 sic
1450 459 1605 512 nobis
1634 458 1841 512 facilior
1874 459 1977 512 erit

391 566 710 613 cancrorum
736 555 990 609 inventio.
1014 553 1192 622 Neque
1211 551 1332 621 quia
1359 564 1518 603 nisnu
1545 557 1712 602 artem
1733 562 1974 613 exerces,

393 649 625 704 alienum
666 645 777 701 hoc-
795 645 1025 699 studium
1051 656 1170 696 esse
1204 650 1379 710 putes.
1407 638 1538 693 Nam
1568 638 1762 695 Paulus
1806 646 1974 691 tento-

399 741 602 795 riorum
626 737 801 807 opifex
832 744 980 798 erat;
1012 733 1106 788 sed
1154 743 1280 787 tunc
1323 745 1538 801 qunque
1577 736 1741 784 multa
1788 728 1977 798 plenus

395 840 513 884 erat
539 829 728 900 gratia,
757 836 915 897 atque
964 825 1089 880 inde
1128 824 1307 879 omnia
1339 822 1674 892 loquebatur.
1727 819 1838 873 lmo
1881 836 1979 872 au-

399 934 451 977 te
491 922 715 992 gratiam
756 917 824 972 ad
870 917 1033 988 pedes
1062 915 1373 973 Gamalielis
1419 925 1534 969 erat
1567 921 1658 967 :el
1705 911 1823 967 ideo
1856 925 1978 978 gra-

399 1016 525 1068 tiam
556 1011 784 1082 accepit,
815 1012 938 1081 quia
968 1020 1201 1066 mentem
1234 1009 1402 1080 gratia
1431 1006 1645 1077 dignam
1669 1004 1977 1069 exhibebat,

393 1115 659 1177 et,postea
696 1119 882 1160 rursus
905 1115 1075 1159 artem
1108 1101 1412 1158 exercebat.
1456 1100 1626 1155 Nemo
1658 1100 1815 1169 igitur
1843 1098 1973 1152 artis

393 1195 480 1249 fex
526 1195 829 1258 erubescat,
883 1194 976 1249 sed
1009 1193 1067 1257 ii,
1113 1193 1203 1262 qui
1247 1190 1448 1245 frustra
1476 1189 1693 1243 aluntur
1725 1197 1779 1243 et
1816 1188 1973 1242 otiosi

392 1296 535 1348 Sunt,
569 1291 657 1356 qui
691 1285 870 1339 multis
902 1294 1123 1339 utuntur
1160 1270 1439 1338 ministris
1463 1291 1517 1337 et
1564 1280 1765 1351 ingenti
1809 1281 1977 1335 famu-

395 1379 500 1431 latu
536 1377 801 1431 fruuntur.
831 1376 962 1431 Nam
999 1390 1211 1446 semper
1248 1374 1577 1429 laborantem
1606 1374 1698 1440 ali,
1741 1372 1978 1443 philoso-

393 1470 533 1538 phia:
562 1486 730 1539 genus
754 1477 835 1524 est
867 1487 881 1523 :
913 1468 1102 1523 horum
1132 1468 1326 1522 anima:
1355 1466 1596 1537 puriores
1618 1475 1763 1531 sunt,
1786 1465 1973 1519 hormn

393 1570 600 1615 mentes
632 1559 918 1616 lirmiores.
949 1559 1079 1615 Nam
1109 1560 1197 1630 qui
1224 1560 1429 1613 Otiosus
1470 1567 1572 1623 cst,
1608 1556 1768 1610 inulta
1801 1555 1977 1624 potius

394 1662 595 1707 temere
636 1652 889 1722 loquitur,
920 1659 975 1706 et
1002 1651 1167 1706 multa
1206 1648 1400 1704 frustra
1447 1649 1577 1719 agit,
1627 1661 1689 1702 ac
1719 1646 1850 1701 nihil
1881 1661 1976 1715 per

393 1750 556 1797 totam
599 1741 740 1796 diem
789 1751 1061 1812 oneratur,
1109 1740 1278 1795 multo
1320 1739 1510 1810 plenus
1563 1748 1782 1807 torpore
1825 1754 1838 1791 :
1882 1736 1974 1806 qui

388 1841 567 1886 autem
600 1842 876 1902 operatur,
929 1831 1061 1886 nihil
1108 1830 1436 1901 superfluum
1465 1830 1574 1885 cito
1602 1828 1860 1899 percipiet
1881 1842 1979 1881 ne-

388 1937 495 1991 que
537 1923 589 1975 in
637 1922 890 1991 operibus
930 1937 1029 1977 nec
1078 1921 1128 1975 in
1175 1921 1353 1976 verbis
1397 1936 1496 1974 nec
1530 1920 1582 1973 in
1624 1928 1831 1983 mente;
1866 1926 1974 1972 tota

388 2013 531 2067 enim
559 2013 736 2066 anima
762 2028 974 2081 semper
1002 2012 1294 2066 intenditur
1325 2011 1390 2065 ad
1427 2010 1588 2064 vitam
1629 2009 1972 2063 laboriosam.

388 2104 466 2159 Ne
491 2119 620 2173 ergo
640 2102 998 2173 despiciamus
1022 2117 1117 2158 eos
1142 2103 1230 2173 qui
1259 2102 1442 2158 labore
1468 2117 1717 2156 manuum
1738 2101 1970 2165 aluntur,

387 2196 486 2251 sed
527 2197 702 2267 potius
734 2196 853 2251 illos
892 2194 1013 2250 ideo
1057 2196 1244 2251 beatos
1286 2193 1657 2266 prmdicemus.
1693 2193 1971 2260 Quaenam,

385 2301 591 2356 qua-so,
638 2295 722 2341 est
751 2286 843 2339 tibi
873 2286 1062 2355 gratia,
1092 2293 1460 2354 cnm.accepta
1498 2300 1526 2338 a
1556 2293 1707 2354 patre
1741 2282 1973 2336 limredi-

389 2386 519 2443 tale,
567 2387 826 2446 perpetuo
871 2375 1004 2431 nihil
1037 2377 1149 2447 agis
1170 2418 1184 2442 ,
1240 2375 1335 2431 sed
1368 2377 1452 2430 illa
1483 2377 1665 2429 omnia
1692 2376 1830 2431 bona
1860 2376 1972 2429 fru-

387 2479 498 2523 stra
520 2469 780 2523 insutnis?
802 2470 881 2523 An
910 2469 1087 2524 nescis
1115 2485 1220 2522 non
1233 2484 1422 2524 omnes
1448 2468 1688 2522 eamdem
1712 2469 1972 2523 rationem

391 2561 698 2616 reddituros
720 2574 819 2613 nos
850 2575 1006 2624 esse;
1036 2559 1131 2614 sed
1152 2575 1246 2614 eos
1285 2561 1376 2630 qui
1400 2561 1484 2616 hic
1507 2562 1557 2614 in
1588 2559 1774 2629 majori
1805 2559 1940 2613 liccn
1960 2586 1973 2598 -

386 2653 457 2706 tia
482 2662 533 2706 et
564 2667 741 2705 rerum
769 2650 922 2720 copia
953 2652 1200 2705 vixerunt
1218 2692 1231 2712 ,
1264 2651 1511 2721 gravius;
1559 2667 1653 2706 eos
1676 2660 1853 2705 autetn
1881 2652 1971 2720 qui

393 2743 446 2797 in
491 2742 778 2803 laboribus,
814 2742 863 2795 in
893 2749 1207 2811 paupertate
1237 2750 1294 2796 et
1323 2742 1577 2795 a-rumnis
1606 2741 1768 2795 vitam
1797 2741 1964 2795 duxe-

2080 382 2140 422 re
2159 408 2173 430 ,
2202 369 2382 427 mitius
2411 386 2532 427 esse
2560 374 2888 430 tractandos.
2922 372 3048 429 Haec
3083 385 3261 433 autem
3288 393 3350 434 ex
3375 378 3579 437 Lazaro
3603 397 3656 440 et

2077 459 2240 515 divite
2267 463 2543 519 manifesta
2572 475 2716 520 sunt.
2750 466 2828 520 Tu
2858 480 3029 534 certe,
3060 471 3147 537 qui
3178 471 3245 525 ad
3274 471 3452 528 debita
3475 476 3654 533 officia

2080 552 2190 605 otio
2214 568 2318 606 non
2361 569 2421 608 es
2464 570 2613 618 usus,
2653 556 2774 626 jure
2802 561 3100 626 aceusaris;
3154 578 3354 634 pauper
3398 582 3526 623 vero
3568 572 3658 639 qui

2078 640 2342 710 reliquum
2370 646 2626 715 temporis
2649 647 2717 702 ad
2746 647 2926 705 debita
2954 651 3128 707 ofﬁcia
3157 655 3421 725 adhibuit,
3450 662 3658 731 magnis

2078 732 2280 788 fruetur
2304 737 2535 791 coronis.

2147 825 2336 881 Contra
2361 829 2666 883 theatrorum
2691 832 2994 901 spectacula.
3019 865 3091 876 —
3112 839 3180 892 At
3212 848 3266 893 tu
3296 842 3534 897 militiam
3561 845 3660 900 oh-

2078 917 2273 981 tendis,
2314 927 2370 972 et
2408 920 2550 988 quod
2582 921 2666 975 illa
2689 923 2992 979 distinearis
3022 928 3260 998 allegas?
3285 932 3387 987 Sed
3417 935 3537 989 talis
3565 952 3657 991 ex-

2076 1008 2281 1060 cnsatio
2309 1023 2413 1062 non
2443 1020 2525 1065 est
2550 1013 2740 1066 rationi
2769 1029 3024 1071 consmta.
3062 1018 3194 1073 Nam
3238 1021 3516 1080 Cornelius
3543 1039 3658 1083 erat

2076 1098 2342 1160 centurio,
2394 1110 2446 1155 et
2497 1100 2704 1157 balteus
2732 1104 3172 1162 vitminstitutnm
3213 1111 3341 1166 nihil
3380 1114 3534 1171 laesit.
3575 1117 3655 1172 Tu

2078 1203 2206 1242 vero
2247 1205 2367 1244 cum
2414 1192 2760 1248 saltatoribns
2786 1206 2838 1250 et
2869 1199 3048 1253 mimis
3075 1200 3172 1256 das
3195 1217 3437 1273 operam,
3482 1216 3538 1263 et
3573 1220 3654 1263 to.

2078 1290 2187 1336 tum
2222 1284 2345 1338 vita:
2381 1294 2589 1356 tempus
2619 1287 2669 1340 itt
2698 1303 2856 1342 sca-na
2883 1294 3179 1361 consumis,
3208 1312 3312 1351 non
3344 1300 3425 1353 vel
3453 1302 3659 1356 militiae
3725 1297 3729 1300 ’

2077 1374 2455 1430 necessitatem
2528 1379 2610 1432 vel
2673 1390 2869 1435 metum
2923 1385 3322 1455 magistratuum
3371 1390 3655 1459 obtendis;

2075 1466 2289 1535 quando
2316 1477 2494 1523 autetn
2530 1479 2581 1525 te
2607 1470 2672 1525 ad
2704 1474 2987 1529 ecclesiam
3026 1493 3298 1544 vocamus,
3352 1493 3477 1539 tunc
3498 1486 3657 1541 innu-

2077 1574 2226 1613 mera
2254 1560 2413 1615 affers
2445 1561 2842 1631 impedimenta.
2878 1565 2944 1619 Et
2982 1567 3108 1637 quid
3138 1569 3286 1626 dices
3316 1573 3366 1627 in
3409 1575 3496 1629 illa
3527 1577 3614 1632 dic
3639 1620 3656 1645 ,

2075 1667 2196 1705 Clllll
2233 1653 2429 1708 videris
2451 1654 2717 1709 llanttnatn
2749 1666 2804 1712 et
2830 1659 3017 1715 lluvios
3045 1661 3226 1731 igneos
3252 1674 3306 1720 et
3335 1667 3542 1721 vincula
3574 1671 3658 1725 iu-

2076 1741 2344 1806 Solnbilia,
2396 1753 2451 1798 et
2493 1746 2776 1801 stridorem
2809 1750 3048 1805 dentium
3078 1753 3309 1809 audieris
3334 1758 3357 1797 ν
3393 1759 3514 1827 quis
3564 1761 3656 1817 tibi

2078 1840 2205 1887 tunc
2248 1836 2682 1902 [uitrocinahitun
2714 1853 2835 1893 cum
2869 1840 3069 1897 videris
3095 1846 3483 1919 artilicem,qui
3514 1864 3659 1909 recte

2076 1924 2294 1988 vixerit,
2347 1927 2492 1980 omni
2538 1928 2703 1998 gloria
2736 1928 3042 1999 fruentem;
3094 1945 3145 1991 te
3186 1952 3335 2006 vero,
3390 1945 3479 2012 qui
3512 1960 3655 2001 nunc

2076 2014 2263 2068 sericis
2319 2016 2531 2073 indutus
2592 2034 2653 2073 es
2712 2022 3041 2079 vestimentis
3081 2035 3137 2082 et
3189 2029 3304 2086 oles
3348 2047 3656 2104 unguenta,

2077 2104 2431 2161 intolerabilia
2481 2110 2812 2178 patientem?
2855 2116 2980 2184 quid
3012 2117 3102 2172 tibi
3134 2121 3429 2189 proderunt
3459 2127 3659 2183 divitiae

2076 2206 2131 2252 et
2173 2214 2348 2253 rerum
2396 2202 2636 2256 onmium
2695 2206 2889 2274 copia?
2932 2209 3061 2277 quid
3115 2210 3421 2271 detrintcnti
3464 2221 3656 2275 artilici

2076 2287 2230 2342 all'crt
2272 2292 2601 2359 paupertas?
2646 2291 2724 2347 Ne
2766 2309 2897 2365 ergo
2940 2308 3065 2353 tunc
3109 2303 3386 2369 patiamur,
3430 2324 3491 2362 ca
3539 2326 3661 2378 qua:

2078 2393 2219 2433 nunc
2242 2378 2493 2435 dicuntur
2521 2382 2822 2451 timeamus,
2870 2396 2926 2443 et
2955 2398 3125 2445 totum
3154 2392 3385 2451 laborem
3414 2411 3656 2455 nostrmn

2079 2470 2130 2525 in
2163 2474 2589 2529 nccessnriarum
2625 2492 2801 2532 rerum
2833 2481 3087 2549 Oper-ibus
3125 2500 3517 2545 consumamns.
3582 2492 3656 2546 Ita

2077 2562 2219 2656 enim
2252 2564 2459 2656 placato
2486 2567 2593 2622 Deo
2624 2583 2719 2637 pro
2749 2573 2981 2639 peccatis
3014 2579 3315 2643 prmtcritis,
3359 2581 3662 2656 additisque

2078 2651 2233 2707 bonis
2280 2655 2532 2724 operilms
2580 2658 2806 2728 futuris,
2850 2678 3071 2734 regnum
3106 2668 3358 2726 caelorum
3404 2651 3660 2746 consequi

2078 2745 2370 2812 poterimus
2393 2789 2407 2811 ,
2438 2748 2604 2817 gratia
2633 2763 2684 2805 et
2713 2750 3057 2823 benignitate,
3091 2766 3203 2813 etc.

2039 2876 3626 2914 -..ῃ-Μ,-

1746 2949 2089 3011 llOMlLlA
2144 2952 2246 3012 νι.

400 3094 529 3148 Car.
558 3091 614 3146 ﬁ.
643 3108 695 3146 v.
727 3093 778 3147 l.
818 3090 881 3146 Et
908 3108 1022 3164 ego,
1047 3094 1251 3162 fratres,
1273 3109 1387 3147 cum
1431 3095 1542 3147 verti
1577 3094 1647 3146 ad
1693 3108 1777 3148 vos
1798 3135 1812 3157 ,
1857 3098 1968 3149 rent

461 3201 563 3239 non
590 3186 641 3239 in
673 3185 980 3240 sublimitate
1005 3187 1251 3239 sermonis
1291 3194 1378 3239 aut
1421 3186 1685 3254 sapientia:
1704 3226 1719 3247 .
1769 3203 1973 3241 annun-

463 3279 595 3333 tians
619 3277 757 3332 vobis
787 3279 1122 3333 testimonium
1151 3276 1266 3332 Dei.
1307 3278 1360 3332 2.
1399 3276 1520 3333 Non
1571 3279 1703 3332 enim
1742 3280 1973 3350 judicavi

464 3385 545 3425 me
568 3370 698 3424 scire
719 3369 917 3441 aliquid
943 3370 997 3425 in
1024 3369 1160 3425 vobis
1182 3409 1199 3437 ,
1227 3370 1325 3425 nisi
1365 3368 1544 3424 Iesum
1587 3367 1844 3425 Christum
1867 3412 1883 3438 ,
1923 3380 1973 3427 et

463 3462 597 3513 hunc
621 3460 937 3529 cruciﬁxum.

467 3552 519 3606 i.
548 3551 686 3606 Nihil
713 3561 796 3606 est
822 3550 969 3606 Pauli
996 3551 1173 3607 anima
1222 3550 1288 3605 ad
1335 3549 1715 3607 decertandum
1758 3552 1972 3620 acrius;

394 3643 502 3698 imo
533 3643 705 3713 potius
728 3657 835 3697 non
858 3642 999 3697 illius
1028 3642 1206 3697 anima
1237 3658 1252 3696 :
1280 3658 1386 3698 non
1417 3644 1563 3698 enim
1602 3644 1716 3713 ipse
1760 3643 1863 3700 hoc
1893 3645 1975 3700 in-

391 3733 568 3799 venit;
616 3731 711 3787 sed
756 3730 890 3786 nihil
936 3747 1032 3803 par
1078 3732 1265 3804 gratia:
1314 3734 1365 3788 in
1416 3734 1510 3789 illo
1539 3736 1814 3805 operanti,
1855 3752 1975 3807 qua:

395 3823 576 3877 omnia
605 3822 788 3878 vincit.
817 3824 961 3878 Satis
983 3823 1126 3878 enim
1157 3834 1316 3879 erunt
1359 3841 1421 3880 ea
1441 3866 1457 3893 ,
1497 3842 1615 3895 qua:
1651 3828 1798 3898 prius
1832 3828 1973 3884 dicta

396 3923 517 3969 sunt
540 3956 555 3982 ,
586 3913 653 3968 ad
681 3912 1037 3983 dejiciendnm
1065 3913 1272 3969 illorum
1306 3915 1498 3971 fastum
1522 3958 1538 3983 ,
1572 3918 1661 3988 qui
1692 3919 1742 3971 in
1765 3921 1978 3991 Sapien-

397 4005 467 4057 tia
496 4004 903 4074 gloriabantur;
935 4004 1043 4061 imo
1072 4006 1152 4060 vel
1181 4020 1303 4075 pars
1346 4007 1609 4063 dietormn
1652 4011 1972 4067 sufﬁciebat.

398 4093 465 4149 Ut
492 4105 672 4149 autem
701 4096 1007 4164 prazclarior
1034 4097 1104 4150 si:
1135 4097 1351 4153 victoria
1378 4139 1394 4165 ,
1438 4100 1502 4155 iis
1529 4117 1648 4170 quze
1673 4103 1811 4157 dicta
1851 4112 1978 4159 sunt

392 4188 689 4242 certamina
743 4187 926 4253 addit,
982 4190 1263 4258 prostratis
1322 4190 1584 4248 insultans
1631 4193 1974 4251 adversariis.

397 4278 630 4335 Attende
676 4287 854 4334 autem
884 4296 896 4333 :
927 4278 1226 4335 adduxerat
1268 4283 1605 4353 prophetiam
1652 4286 1919 4344 dicentem
1957 4304 1972 4342 :

402 4366 623 4422 Perdant
670 4369 972 4439 sapientiam
1009 4372 1313 4441 sapientium
1347 4388 1367 4428 :
1395 4376 1704 4431 ostenderat
1751 4378 1843 4432 Dei
1894 4394 1982 4433 sa-

401 4459 697 4528 pientiam,
727 4460 851 4529 quia
904 4476 1000 4529 per
1047 4477 1203 4527 eam,
1258 4478 1378 4531 quae
1425 4466 1651 4519 stultitia
1703 4465 1980 4522 videbatur

401 4561 541 4612 esse,
563 4557 840 4604 externam
871 4550 1260 4621 philosophiam
1287 4554 1575 4620 prostravit
1599 4571 1613 4619 ;
1643 4556 1973 4625 ostenderat,

401 4638 549 4708 quod
578 4639 799 4693 stultum
831 4650 914 4695 est
962 4641 1095 4707 Dei,
1143 4642 1440 4712 sapientius
1477 4659 1598 4699 esse
1639 4644 1980 4717 hominibus;

401 4722 710 4786 ostenderat
731 4730 873 4801 quod
903 4747 1006 4785 non
1033 4732 1207 4787 solum
1239 4748 1334 4803 per
1362 4734 1574 4804 ignaros
1592 4736 1859 4809 docuerit,
1886 4743 1979 4800 sed

408 4821 568 4876 etiam
602 4823 818 4893 ignaros
844 4833 898 4878 et
931 4822 1120 4879 idiotas
1146 4827 1435 4882 vocaverit.
1465 4826 1615 4884 Nunc
1650 4833 1886 4887 ostendit
1926 4844 1984 4892 et

404 4912 577 4978 ipsum
604 4913 746 4983 quod
776 4915 1198 4983 praedicabatur,
1240 4926 1298 4974 et
1324 4919 1539 4973 modum
1588 4922 1981 4991 prtedicationis

400 5004 534 5057 satis
559 5004 724 5059 fuisse
747 5005 812 5058 ad
841 5007 1256 5075 perturbandum
1275 5049 1292 5075 ,
1336 5019 1391 5065 et
1420 5028 1524 5068 non
1562 5014 1979 5083 perturbavisse.

406 5094 520 5152 Non
541 5105 747 5150 tantum
770 5099 910 5152 enim
938 5098 1180 5169 discipuli
1212 5103 1389 5160 idiota:
1426 5115 1588 5172 sunt,
1635 5107 1835 5178 inquit;
1887 5112 1981 5168 sed

405 5189 567 5243 etiam
597 5202 698 5257 ego
738 5188 829 5259 qui
874 5190 1124 5259 prtedico.
1158 5192 1300 5257 Ideo,
1325 5195 1514 5265 inquit,
1547 5198 1612 5252 Et
1632 5216 1724 5271 ego
1745 5242 1760 5267 ,
1800 5205 1983 5274 fratres

405 5279 630 5352 (rursus
659 5278 851 5336 fratres
883 5291 1035 5336 vocat
1055 5322 1070 5345 ,
1095 5291 1152 5336 ut
1168 5287 1433 5340 sermonis
1453 5294 1796 5358 asperitatem
1822 5299 1979 5353 emol-

403 5374 496 5426 tiat
525 5373 583 5441 ),
611 5374 722 5429 veni
740 5416 756 5437 .
780 5391 881 5429 non
910 5375 961 5429 in
992 5375 1297 5430 sublimitate
1341 5382 1586 5436 sermonis
1611 5422 1627 5450 ,
1674 5391 1984 5445 annuntians

407 5463 543 5517 nobis
569 5467 909 5522 testimonium
941 5466 1055 5523 Dei.
1085 5469 1221 5537 Quid
1242 5471 1411 5538 enim,
1439 5472 1526 5528 die
1554 5490 1735 5545 quzeso
1758 5519 1773 5545 ,
1804 5480 1847 5535 si
1884 5497 1981 5535 vo.

405 5555 597 5609 luisses
614 5558 666 5611 in
691 5561 1018 5618 sublimitate
1041 5565 1261 5621 venire?
1291 5568 1613 5636 poterasne?
1635 5570 1748 5641 Ego
1769 5574 1982 5642 quidem

403 5650 453 5704 si
482 5647 800 5716 coluissent,
831 5670 939 5707 non
965 5657 1291 5724 potuissem;
1323 5656 1564 5716 Christus
1587 5672 1764 5718 autem
1795 5663 1844 5721 si
1886 5680 1981 5722 vo-

2078 3096 2289 3163 luisset,
2319 3101 2599 3169 potuisset.
2633 3104 2737 3162 Sed
2765 3108 2956 3174 noluit,
2987 3114 3389 3183 utsplendidius
3411 3122 3658 3180 redderet

2082 3199 2366 3259 tropaeum.
2394 3193 2622 3266 Ideoque
2647 3200 2896 3268 superius
2920 3205 3207 3262 ostendens
3233 3209 3332 3263 hoe
3363 3212 3502 3267 illius
3524 3232 3658 3282 opus

2081 3280 2264 3347 fuisse,
2288 3283 2562 3355 ipsiusque
2586 3290 2911 3346 voluntatem
2939 3308 3088 3361 esse,
3119 3308 3175 3351 ut
3202 3298 3280 3353 sic
3306 3300 3519 3357 indocte
3543 3280 3659 3375 ejus

2078 3373 2298 3429 verbum
2351 3378 2700 3447 praedicetur,
2748 3381 2959 3437 dicebat
3001 3401 3013 3436 :
3060 3386 3182 3441 Non
3221 3391 3355 3447 enim
3402 3396 3535 3447 misit
3573 3373 3660 3451 ine

2079 3466 2309 3520 Christus
2331 3469 2620 3536 baptizare,
2652 3470 2740 3524 sed
2760 3474 3137 3542 evangelistam,
3168 3495 3269 3533 non
3316 3482 3368 3534 in
3411 3488 3660 3556 sapientia

2078 3560 2340 3614 sermonis.
2372 3559 2467 3613 Est
2493 3570 2672 3615 autem
2702 3563 2867 3617 multo
2887 3568 3076 3636 majus,
3107 3569 3216 3625 imo
3239 3572 3443 3631 inﬁnite
3464 3579 3657 3645 majus,

2079 3649 2220 3719 quod
2246 3649 2347 3706 hoc
2371 3652 2603 3706 voluerit
2626 3652 2891 3721 Christus,
2923 3673 3080 3727 quam
3108 3663 3250 3730 quod
3275 3666 3502 3722 Volnerit
3536 3670 3662 3723 μοι..

2082 3741 2181 3796 lns.
2231 3742 2346 3797 Non
2383 3759 2510 3815 ergo
2551 3746 2850 3802 facundiam
2889 3759 3202 3819 ostentans,
3233 3754 3438 3827 inquit,
3488 3776 3661 3832 neque

2076 3834 2318 3888 externis
2338 3845 2577 3890 armatus
2601 3840 2943 3895 sermonibus
2962 3883 2975 3905 ,
3002 3847 3262 3900 annuntio
3296 3851 3659 3910 testimonium

2086 3924 2198 3978 Dei.
2227 3924 2334 3981 Nec
2352 3925 2505 3991 dixit,
2532 3928 2991 4000 prmdicationcm,
3016 3935 3133 4002 sed,
3164 3937 3518 3997 Testimonium
3540 3945 3658 4014 Dei,

2079 4016 2222 4085 quod
2248 4018 2417 4087 ipsum
2449 4019 2580 4073 satis
2609 4023 2811 4077 eratad
2840 4029 3208 4086 avertendum.
3256 4032 3476 4091 Mortem
3515 4040 3659 4094 enim

2082 4109 2410 4163 annuntians
2430 4110 2688 4166 circuibat
2714 4131 2727 4167 :
2754 4113 2872 4168 ideo
2894 4117 3202 4187 subiunxit:
3230 4122 3350 4180 Non
3367 4129 3501 4182 enim
3523 4132 3664 4198 iudi-

2083 4202 2191 4252 cavi
2218 4217 2295 4254 me
2315 4203 2443 4255 scire
2466 4203 2664 4272 aliquid
2689 4205 2741 4258 in
2776 4205 2944 4273 vobis,
2993 4210 3092 4264 nisi
3135 4211 3313 4269 Jesum
3356 4216 3612 4274 Christum
3640 4262 3658 4288 ,

2083 4290 2311 4355 hancque
2337 4293 2663 4361 cruciﬁxum.
2693 4294 2803 4351 Hoc
2822 4307 2998 4353 autent
3020 4300 3249 4370 dicebat,
3276 4307 3396 4375 quia
3420 4316 3660 4365 externa:

2083 4382 2362 4451 sapientiie
2385 4386 2605 4439 omnino
2632 4402 2825 4456 expers
2853 4402 2967 4446 erat
2986 4432 3003 4461 ,
3035 4402 3089 4448 ut
3113 4395 3270 4450 etiam
3299 4401 3546 4469 superius
3571 4403 3660 4458 di-

2084 4475 2280 4530 cebat:
2317 4474 2439 4530 Veni
2472 4494 2572 4532 non
2602 4480 2654 4533 in
2692 4483 2998 4540 sublimitate
3037 4492 3299 4545 sermonis.
3346 4493 3476 4549 Nam
3516 4500 3659 4568 qttod

2086 4564 2202 4634 ipse
2230 4565 2332 4621 hoc
2356 4578 2539 4637 posset
2567 4568 2765 4628 habere
2795 4575 2967 4642 palam
2994 4588 3097 4632 est.
3123 4580 3288 4651 Cujus
3320 4584 3464 4640 enim
3496 4564 3662 4644 vesti-

2087 4665 2266 4711 menta
2300 4666 2540 4713 inortuos
2567 4662 2913 4730 suscitarunt,
2936 4677 2989 4721 et
3015 4670 3216 4726 umbrae
3243 4675 3459 4731 tnorbos
3493 4693 3663 4749 expu-

2087 4745 2291 4810 lerunt,
2316 4746 2484 4804 multo
2514 4751 2681 4822 magis
2722 4753 2911 4824 Iinguze
2932 4758 3230 4816 facundiam
3259 4776 3467 4834 poterat
3488 4745 3665 4829 antima

2085 4839 2379 4909 suscipere.
2405 4840 2536 4896 Nam
2562 4842 2664 4900 hoc
2689 4846 2904 4916 quidem
2948 4860 3032 4907 est
3065 4853 3491 4931 discipulorum,
3534 4864 3665 4922 illud

2085 4941 2263 5027 autem
2285 4943 2455 4989 artem
2481 4950 2697 4993 omnem
2722 4951 2955 5010 superat.
2979 4944 3081 5010 Qui
3125 4962 3257 5019 ergo
3293 4954 3427 5008 artis
3466 4957 3665 5027 majora

2088 5026 2255 5115 novit,
2281 5027 2449 5082 multo
2472 5031 2639 5101 magis
2661 5033 2866 5087 minora
2885 5037 3137 5104 patuerit.
3163 5040 3270 5097 Sed
3293 5060 3398 5098 non
3425 5026 3669 5115 permisit

2086 5114 2371 5181 Christus;
2425 5133 2599 5189 neque
2645 5122 2785 5177 enim
2832 5138 3254 5186 consentaneum
3301 5114 3438 5191 erat.
3479 5138 3673 5197 Merito

2087 5206 2249 5278 igitur
2271 5207 2377 5275 ait,
2407 5208 2528 5264 Non
2552 5213 2686 5265 enim
2699 5215 2935 5284 judicavi
2954 5236 3033 5274 me
3052 5223 3248 5295 aliquid
3268 5227 3432 5293 scire;
3459 5246 3582 5287 nam
3617 5244 3673 5289 et

2087 5316 2186 5369 ego
2209 5301 2307 5359 hoc
2329 5303 2450 5358 volo
2461 5304 2601 5377 quod
2622 5317 2675 5362 ct
2696 5307 2939 5367 Christus
2962 5314 3091 5369 vult.
3116 5316 3242 5371 Mihi
3262 5329 3439 5376 autem
3461 5324 3669 5380 videtur

2091 5392 2342 5450 humilius
2366 5396 2507 5466 loqui
2535 5414 2656 5453 eum
2682 5401 2819 5467 illis,
2851 5420 3010 5473 quam
3033 5422 3154 5463 cum
3188 5409 3310 5466 aliis
3330 5452 3346 5474 ,
3379 5423 3435 5469 ut
3475 5415 3664 5470 l‘a-tmn

2090 5485 2299 5542 illorum
2326 5489 2724 5558 comprimeret.
2767 5494 2900 5549 Illud
2939 5513 3102 5569 ergo,
3141 5501 3384 5560 Iudicavi
3428 5524 3505 5560 me
3541 5506 3668 5561 nihil

2086 5577 2245 5643 scire,
2291 5577 2358 5633 ad
2413 5578 2769 5637 dill'erentiam
2818 5597 3056 5646 externa:
3111 5595 3392 5662 sapientiae
3448 5596 3662 5653 dicitur.

2089 5666 2205 5724 Non
2232 5684 2376 5726 enim
2390 5670 2508 5728 veni
2533 5673 2873 5748 syllogismos
2894 5693 3302 5760 nectensneque
3315 5690 3668 5763 sophismata,
