4100 6214
319 331 391 387 m
1443 317 1510 374 IN
1547 318 1766 374 EPIST.
1796 320 1813 376 Ι
1867 322 1952 378 Ml

2061 321 2145 374 τη.
2193 318 2416 374 “Olli!”
2461 317 2547 373 Vl.
3523 322 3595 380 50

324 451 504 508 neque
530 434 673 491 aliud
696 436 883 492 dicens
911 435 1096 504 vobis,
1118 450 1272 507 quam
1306 433 1446 501 quod
1471 433 1716 489 Clu-istos
1740 429 1913 486 cruci-

325 531 564 585 lixus-sit
608 529 684 583 Illi
709 530 1240 600 nauuqueinnuunwa
1272 526 1498 595 dicunt,
1539 532 1596 582 et
1630 524 1701 579 de
1743 523 1915 579 inun-

326 622 501 677 meris
526 621 680 691 longa
711 622 995 675 verborum
1032 618 1203 674 stadia
1229 620 1521 687 explicant,
1545 614 1822 670 ratiocinia
1859 621 1915 667 et

325 714 673 785 syllogismos
733 722 1091 782 apparantes,
1137 710 1300 764 millia
1349 708 1674 785 adornantcs
1726 702 1917 773 sapiti-

328 784 504 859 sinata
539 820 553 856 :
586 819 688 874 ego
718 813 897 857 autem
936 802 1056 856 veni
1094 801 1160 854 ad
1211 813 1308 853 vos
1353 784 1485 853 nihil
1528 794 1673 850 aliud
1711 794 1914 856 dicens,

330 910 492 966 (ιιιειηι
532 893 678 964 quod
727 892 973 947 Christus
1019 890 1312 946 crucifixus
1354 891 1465 953 sit,
1501 896 1556 943 et
1585 887 1706 943 illos
1731 899 1920 939 omnes

332 985 591 1054 propulsa
602 984 674 1048 vi,
699 982 840 1054 quod
872 982 1082 1037 virtutis
1107 986 1226 1050 ejus
1247 997 1335 1050 qut
1363 980 1684 1051 praedicatur
1709 977 1921 1047 signum

330 1088 419 1132 est
439 1076 733 1131 ineffabile.
762 1077 815 1131 5.
848 1074 914 1128 Et
940 1092 1030 1144 ego
1055 1075 1106 1128 in
1137 1073 1435 1142 infirmitate
1455 1082 1502 1126 et
1530 1073 1582 1125 in
1610 1071 1787 1124 timore
1801 1070 1922 1123 etin

336 1180 559 1223 tremore
586 1168 743 1222 multo
766 1169 844 1240 {ui
865 1168 1007 1238 apud
1034 1184 1138 1223 vos.
1168 1166 1280 1221 lloe
1322 1177 1405 1220 est
1439 1180 1626 1220 rursus
1649 1161 1792 1218 aliud
1831 1177 1921 1216 ca-

337 1271 455 1331 put.
487 1260 605 1315 Non
636 1262 809 1314 solum
839 1262 982 1314 enim
1017 1260 1105 1328 qui
1143 1258 1432 1314 credebant
1475 1256 1707 1322 indocti,
1752 1267 1925 1324 neque

337 1354 519 1407 solum
548 1352 593 1407 is
627 1354 716 1423 qui
747 1352 979 1423 loquitur
1019 1352 1215 1416 idiota,
1259 1364 1431 1420 neque
1477 1356 1682 1403 tantum
1730 1345 1926 1400 modus

338 1445 606 1500 doctrinae
634 1457 713 1499 est
746 1443 1046 1513 ignorantia
1076 1441 1301 1512 plenus,
1344 1455 1520 1511 neque
1567 1448 1771 1493 tanmm
1815 1438 1925 1507 ipsa

345 1537 659 1607 pnedicatio
703 1536 834 1590 Satis
874 1544 957 1589 est
1007 1533 1072 1589 ad
1120 1531 1579 1598 conturbandum;
1620 1546 1751 1586 crux
1783 1531 1926 1586 enim

346 1639 404 1683 et
429 1642 579 1681 mors
606 1636 721 1680 erat
748 1621 889 1695 quod
919 1624 1342 1680 aII-nuntiabatur
1375 1641 1390 1678 :
1421 1621 1515 1678 sed
1540 1636 1660 1677 cum
1702 1620 1785 1675 his
1828 1619 1928 1674 alia

349 1735 569 1790 quinque
596 1717 977 1795 impedimenta
1007 1727 1181 1781 erant,
1212 1715 1447 1786 pericula
1468 1756 1486 1781 ,
1530 1714 1735 1769 insidia:
1758 1753 1774 1777 ,
1801 1727 1936 1782 quo-

355 1812 590 1866 tidianus
635 1813 826 1876 timor,
870 1818 926 1863 et
971 1808 1112 1879 quod
1170 1807 1515 1878 pellerentur.
1572 1804 1934 1860 Infirmitatem

358 1918 592 1971 namque
639 1901 803 1955 etiam
850 1915 993 1969 same
1039 1907 1192 1954 vocat
1231 1896 1734 1968 persequutioncm,
1776 1903 1837 1949 ut
1881 1902 1940 1949 et

354 1994 481 2049 alibi
513 2013 527 2047 :
560 1992 949 2057 Infirmitatem,
972 2005 1090 2060 qua:
1119 1998 1201 2045 est
1226 1988 1280 2043 in
1297 2002 1457 2043 carne
1473 2002 1611 2053 mea,
1632 2002 1736 2041 non
1752 1999 1939 2054 asper-

358 2088 471 2142 nati
519 2085 652 2141 estis
701 2082 855 2154 (Gal.
887 2083 943 2138 4.
984 2084 1070 2138 13.
1104 2082 1237 2152 id);
1276 2089 1332 2135 et
1374 2093 1592 2141 rursus,
1629 2078 1689 2134 Si
1734 2075 1943 2148 gloriari

360 2186 590 2246 oportet,
617 2174 668 2227 in
691 2173 991 2244 inﬁrmitate
1016 2187 1125 2225 mea
1148 2169 1426 2243 gloriabor.
1472 2167 1754 2235 Quanam?
1793 2165 1942 2221 Prw—

364 2267 559 2337 positns
580 2265 743 2336 gentis
785 2265 951 2317 Arata:
995 2263 1128 2333 regis
1159 2260 1587 2315 Damascenorum
1631 2259 1804 2313 urbem
1856 2274 1947 2333 ea-

364 2356 635 2421 stodiebat,
663 2354 834 2408 volens
858 2371 935 2407 me
953 2352 1376 2424 comprehendere
1395 2351 1481 2421 (2.
1510 2349 1629 2407 Cor.
1671 2351 1759 2405 ll.
1799 2349 1869 2404 50
1902 2357 1948 2403 et

369 2449 437 2503 3!.
459 2451 501 2516 ).
536 2446 602 2501 Et
631 2461 842 2501 rursum
875 2462 889 2499 :
918 2444 1044 2499 Ideo
1070 2444 1193 2498 mihi
1231 2444 1405 2515 placeo
1448 2444 1503 2497 in
1545 2440 1947 2511 inﬁrmitatibus.

372 2538 583 2602 Deinde
610 2538 795 2591 dicens
823 2536 1162 2606 quibusnam,
1183 2535 1457 2604 subjunxit
1483 2551 1499 2589 :
1522 2532 1588 2586 In
1616 2531 1950 2595 contumeliis,

280 2649 333 2663 υ
372 2633 424 2688 io
475 2629 848 2685 necessitatibus
910 2638 957 2683 et
1008 2628 1062 2681 in
1107 2628 1351 2698 angustiis
1401 2624 1540 2699 (Id.
1583 2622 1834 2695 12.10).
1889 2621 1957 2676 Et

376 2741 524 2781 tuttic
571 2723 675 2778 hoc
717 2723 888 2791 ipsum
930 2721 1181 2793 profert:
1218 2736 1341 2776 cum
1385 2719 1610 2774 dixisset
1658 2718 1842 2782 cnim,
1888 2712 1957 2771 Et

378 2832 471 2887 ego
517 2817 571 2869 in
620 2815 946 2884 infirmitate;
984 2828 1090 2870 non
1143 2813 1233 2868 hic
1281 2810 1551 2874 substitit,
1586 2808 1682 2865 sed
1734 2806 1959 2862 infirmi-

381 2917 542 2963 tatem
586 2906 903 2976 explicans,
929 2904 1163 2975 pericula
1194 2914 1346 2959 vocat
1372 2920 1386 2957 :
1417 2917 1603 2957 rursus
1637 2898 1818 2969 adjicit
1840 2938 1857 2964 ,
1894 2895 1960 2951 In

384 3000 559 3052 timore
582 3007 630 3052 et
653 3006 869 3050 tremore
891 2998 1050 3050 multo
1078 2996 1156 3068 fui
1181 2994 1321 3065 apud
1336 3011 1439 3048 vos.
1469 2991 1606 3060 Quid
1628 2989 1801 3046 dicis?
1829 2989 1966 3044 Pan-

386 3091 467 3145 lus
492 3104 708 3160 quoque
735 3088 955 3144 timebat
982 3087 1255 3158 pericula?
1278 3086 1522 3142 Tttttcbat
1549 3094 1604 3139 et
1630 3081 1784 3137 valde
1812 3082 1968 3136 timc-

387 3184 473 3236 bat
502 3201 517 3236 :
543 3182 753 3237 etiamsi
787 3181 931 3235 enim
963 3180 1156 3236 Paulus
1184 3190 1362 3244 esset,
1392 3188 1445 3233 at
1472 3177 1632 3232 homo
1674 3183 1807 3230 crat.
1855 3174 1968 3229 Hoc

387 3286 563 3331 autem
589 3290 697 3329 non
723 3282 841 3329 erat
865 3272 1011 3327 Pauli
1037 3274 1263 3338 crimen,
1295 3270 1389 3326 sed
1433 3268 1714 3324 infirmitas
1743 3275 1968 3332 naturae,

389 3378 444 3422 et
472 3366 726 3436 propositi
749 3366 1050 3421 encomium
1074 3406 1088 3429 ,
1120 3364 1259 3435 quod
1299 3372 1525 3418 mortem
1566 3370 1621 3418 et
1669 3361 1847 3431 plagas
1900 3360 1970 3415 ti-

391 3473 582 3525 mens,
622 3457 752 3515 nihil
796 3468 973 3512 tamen
1023 3455 1294 3526 indignum
1324 3471 1389 3509 ex
1419 3455 1613 3510 timore
1640 3452 1825 3509 fecerit
1855 3468 1869 3505 ε
1900 3451 1970 3506 ita

393 3564 441 3605 ut
465 3550 558 3622 qni
588 3551 773 3604 dicunt
800 3549 949 3604 illum
980 3563 1084 3604 non
1116 3548 1358 3602 timuisse
1398 3546 1613 3616 plagas,
1660 3560 1768 3599 non
1814 3542 1974 3598 modo

395 3644 543 3697 illum
575 3657 681 3697 non
716 3640 983 3697 horrerent
1003 3679 1018 3705 ,
1048 3637 1142 3694 sed
1170 3645 1226 3693 et
1253 3638 1473 3692 multum
1501 3651 1566 3691 ex
1592 3633 1838 3690 laudibus
1880 3632 1975 3689 de-

396 3742 562 3787 mant.
592 3730 727 3786 Nam
750 3731 795 3785 si
826 3746 930 3784 non
960 3730 1217 3793 timebat,
1243 3742 1363 3799 quae
1393 3725 1815 3797 perseverantia,
1855 3739 1976 3795 quae

398 3824 733 3895 philosophia
761 3824 813 3878 in
845 3821 1075 3878 ferendis
1102 3819 1381 3891 periculis?
1404 3820 1512 3890 Ego
1534 3834 1661 3874 vero
1684 3817 1803 3872 ideo
1828 3817 1976 3871 illum

398 3916 660 3983 admiror,
689 3915 829 3987 quod
863 3917 1057 3970 timens
1077 3954 1093 3979 ,
1121 3928 1221 3969 nec
1247 3912 1407 3968 modo
1454 3914 1679 3976 timens,
1722 3909 1817 3965 sed
1871 3919 1980 3964 tre-

401 4024 555 4065 mvns
606 4011 663 4064 in
713 4009 999 4079 periculis,
1029 4021 1242 4078 semper
1284 4004 1519 4061 cucurrit
1565 4014 1891 4068 coronatus,
1924 4011 1979 4057 et

402 4100 533 4155 nulli
575 4099 746 4154 cessit
788 4097 1061 4169 periculo,
1099 4112 1397 4167 expurgatis
1431 4095 1646 4160 orbem,
1696 4103 1752 4148 et
1788 4092 1982 4160 ubique

406 4201 669 4248 ternarum
696 4199 750 4243 et
777 4189 1002 4244 marium
1032 4188 1459 4258 praedicationem
1483 4186 1774 4242 seminans.
1819 4184 1873 4238 4.
1916 4181 1984 4237 Et

403 4300 567 4338 smne
594 4299 734 4336 meus
762 4291 808 4336 et
833 4281 1125 4352 praedicatio
1155 4297 1265 4335 mea
1313 4297 1413 4334 non
1457 4276 1866 4351 persuasibilibus
1892 4276 1987 4328 Itu-

406 4391 570 4431 πωπω
608 4375 875 4446 sapientia:
930 4375 1114 4437 verbis,
1140 4371 1191 4428 id
1217 4382 1320 4439 est,
1343 4389 1450 4428 non
1481 4372 1687 4429 habens
1713 4382 1985 4427 externam

407 4466 748 4536 sapientiam.
778 4464 834 4521 Si
859 4465 1020 4535 igitur
1043 4474 1097 4520 et
1140 4463 1446 4534 praedicatio
1495 4463 1626 4519 nihil
1666 4463 1853 4518 habuit
1900 4476 1990 4516 so-

408 4556 650 4626 phisticae
675 4555 827 4617 artis,
852 4565 903 4609 et
928 4555 1017 4626 qui
1069 4554 1394 4609 vocabantur
1444 4554 1657 4618 idiotae,
1709 4562 1765 4608 et
1812 4553 1856 4607 is
1899 4550 1990 4621 qui

412 4646 735 4718 praedicabat
764 4646 884 4701 talis
914 4656 1027 4700 erat
1046 4686 1060 4708 ,
1090 4645 1380 4714 aderatque
1406 4644 1745 4715 pcrsequutio
1768 4685 1785 4710 ,
1825 4652 1880 4698 et
1926 4642 1992 4696 ti-

412 4754 529 4794 mor
550 4746 605 4794 ct
636 4747 860 4803 tremor,
891 4737 1160 4807 quomodo
1186 4738 1547 4808 superarunt?
1577 4735 1666 4791 dic
1696 4736 1842 4791 mihi.
1888 4735 1992 4791 l‘cr

418 4829 652 4885 divinam
704 4830 981 4885 virtutem.
1030 4828 1154 4885 Ideo
1199 4844 1321 4887 cum
1373 4828 1625 4892 dixisset,
1686 4827 1900 4883 Verbum
1943 4838 1993 4882 et

415 4923 708 4991 praedicatio
761 4939 874 4978 mea
921 4939 1022 4977 non
1061 4924 1113 4977 in
1169 4922 1581 4992 persuasibilibns
1624 4922 1859 4975 Ituuwna:
1904 4937 1992 4976 sa-

417 5016 619 5085 pientiae
641 5014 1075 5084 uerbis;adjecit,
1108 5013 1213 5070 Sed
1252 5015 1305 5069 in
1347 5013 1629 5068 ostensione
1674 5013 1899 5083 Spiritus
1942 5021 1993 5066 et

420 5108 638 5161 virtutis.

490 5198 546 5257 2.
564 5197 744 5255 Viden‘
763 5198 1035 5271 quomodo
1046 5199 1189 5270 quod
1209 5199 1426 5254 stultum
1455 5207 1537 5255 est
1562 5198 1677 5265 Dei,
1702 5197 1995 5267 sapientius

414 5292 488 5347 sit
537 5290 877 5357 horninibus;
926 5301 980 5349 et
1023 5292 1164 5363 quod
1217 5292 1519 5358 infirmum,
1558 5291 1784 5346 fortius?
1812 5290 1995 5347 ldiotan

418 5383 530 5438 hme
560 5383 952 5454 praedicantes,
983 5384 1142 5439 vincti
1172 5394 1226 5439 et
1256 5385 1427 5453 pulsi,
1471 5384 1731 5454 pollentes
1777 5398 1837 5439 se
1874 5383 1995 5438 vin-

417 5475 642 5531 cebant?
673 5473 999 5531 Undenam?
1024 5475 1217 5531 Annon
1247 5492 1313 5532 ex
1340 5492 1427 5541 eo,
1458 5475 1600 5546 quod
1634 5475 1994 5546 pchpiritnm

349 5600 374 5619 .
416 5565 570 5621 (idem
602 5566 951 5636 praeberent?
982 5582 1102 5620 nam
1131 5567 1183 5621 in
1213 5567 1463 5624 confesso
1502 5581 1584 5624 est
1631 5569 1733 5626 hoc
1776 5575 1998 5626 demon-

413 5659 730 5733 strationem
754 5672 897 5712 esse.
921 5656 1050 5724 Quis
1070 5658 1209 5711 οιιὶιιι
1236 5701 1250 5723 ,
1278 5675 1460 5728 quaeso
1482 5701 1500 5717 .
1528 5662 1713 5716 videns
1758 5674 1997 5718 mortuos

413 5758 754 5821 resurgentes
779 5759 835 5804 et
864 5747 1138 5805 daemonas
1165 5751 1374 5822 pulsos,
1403 5765 1510 5810 non
1540 5753 1851 5812 admiserit?
1884 5755 1990 5813 Sed

2017 430 2140 499 quia
2171 440 2294 484 sunt
2315 430 2477 485 etiam
2505 429 2724 485 fallaces
2757 426 2977 484 virtutes
2999 470 3015 494 ,
3053 429 3238 501 quales
3294 438 3596 507 praestigia-

2019 529 2191 574 torum
2213 560 2228 582 ,
2259 520 2396 574 banc
2423 535 2635 590 quoque
2656 523 2871 576 sustulit
2896 524 3276 594 suspicionem.
3307 526 3424 582 Non
3449 525 3597 583 enini

2019 612 2268 666 virtutem
2299 611 2433 665 dixit
2472 611 2646 665 solum
2669 652 2685 676 ,
2716 612 2810 693 sed
2841 615 3019 683 prius,
3049 616 3278 686 Spiritus
3303 660 3319 685 ,
3350 628 3407 674 ct
3434 628 3559 674 tunc
3580 664 3598 679 .

2029 702 2243 759 Virtutis
2270 718 2289 757 :
2313 703 2602 759 ostendens
2629 719 2692 760 ea
2715 722 2835 776 quae
2876 706 3072 763 ﬁebant
3112 711 3404 780 spiritualia
3456 728 3598 768 esse.

2020 789 2138 847 Non
2166 809 2294 863 ergo
2322 795 2624 851 imminutio
2649 807 2728 852 est
2753 839 2767 864 ,
2810 799 2950 867 quaid
3001 803 3309 870 praedicatio
3352 819 3455 858 non
3505 820 3603 875 per

2022 886 2336 954 sapientiam
2361 889 2674 942 aununtiata
2711 891 2813 956 sit,
2843 890 2937 945 sed
2981 893 3268 948 maximum
3310 909 3605 951 ornamen-

2025 987 2158 1035 tum.
2191 977 2305 1032 lloe
2329 995 2458 1050 ergo
2487 981 2721 1036 maxime
2746 982 3080 1039 demonstrat
3101 1024 3116 1043 .
3148 1000 3265 1039 eam
3307 1000 3427 1042 esse
3468 987 3606 1041 divi-

2027 1084 2182 1136 nam,
2210 1079 2263 1123 et
2291 1071 2500 1125 radices
2526 1087 2647 1126 esse
2676 1087 2940 1142 supernas
2959 1089 3033 1128 ex
3060 1076 3205 1130 caelis
3234 1092 3248 1129 :
3280 1086 3611 1147 quaprOptcr

2025 1162 2299 1231 subjunxit
2329 1180 2342 1217 :
2370 1163 2405 1218 ὕ
2459 1163 2525 1218 Ut
2546 1165 2671 1233 fides
2695 1176 2858 1220 uestra
2884 1183 2985 1221 nou
3016 1168 3081 1220 sit
3116 1168 3170 1222 iu
3214 1170 3466 1239 sapientia
3513 1171 3611 1225 Λο-

2027 1257 2219 1311 ntinnm
2239 1298 2254 1319 ,
2283 1256 2372 1311 sed
2393 1258 2446 1310 in
2465 1258 2647 1312 virtute
2676 1256 2786 1311 Dei.
2825 1259 3008 1314 Viden'
3033 1261 3303 1330 quomodo
3342 1262 3487 1318 clare
3515 1276 3611 1333 per
3666 1254 3679 1266 ’

1978 1426 1983 1431 1
2028 1349 2206 1402 omnia
2237 1346 2522 1412 ostendat,
2552 1364 2803 1417 magnum
2842 1364 2963 1403 esse
3003 1350 3207 1405 lucrum
3257 1351 3608 1421 ignorantiae,

2030 1448 2086 1495 et
2131 1455 2382 1511 magnum
2425 1440 2703 1511 sapientiae
2748 1440 3023 1496 damnum.
3075 1442 3207 1498 Nam
3249 1445 3363 1499 haec
3403 1444 3617 1513 quidem

2034 1531 2203 1601 ipsius
2227 1545 2442 1587 crucem
2469 1572 2484 1599 ,
2515 1532 2603 1587 illa
2630 1548 2758 1587 vero
2806 1534 2900 1589 Dei
2952 1535 3203 1589 virtutem
3256 1534 3614 1605 praedicabat;

2034 1620 2151 1677 haec
2173 1622 2477 1688 efficiebat,
2505 1634 2563 1678 ut
2586 1624 2716 1678 nihil
2745 1625 3047 1681 invenirent
3068 1642 3257 1681 eorum
3300 1642 3420 1695 quae
3450 1642 3613 1696 opor-

2038 1714 2257 1780 tuisset,
2280 1726 2336 1769 et
2364 1716 2416 1770 in
2440 1715 2634 1786 seipsis
2660 1716 3053 1787 gloriarentur;
3102 1718 3294 1773 illa‘ut
3334 1718 3615 1774 veritatem

2039 1807 2373 1875 susciperent
2402 1816 2456 1862 et
2487 1807 2538 1861 in
2568 1808 2678 1862 Deo
2706 1809 3084 1877 gloriarentur.
3113 1810 3317 1864 [tumis
3351 1811 3618 1880 sapientia

2042 1900 2224 1955 multis
2244 1900 2630 1969 persuasisset,
2660 1910 2719 1955 ut
2739 1900 3031 1955 humanum
3061 1917 3181 1957 esse
3209 1903 3403 1972 dogma
3442 1903 3621 1973 suspi-

2038 2004 2331 2058 carentur;
2364 1992 2476 2047 haec
2496 2008 2628 2047 vero
2649 1994 2792 2049 clare
2810 1993 3161 2059 ostendebat,
3203 1993 3438 2049 divinam
3470 1995 3622 2057 illam

2038 2098 2166 2139 esse
2195 2094 2249 2138 ct
2274 2099 2338 2138 es
2370 2085 2502 2138 caelo
2526 2084 2890 2140 descendisse.
2921 2085 3057 2140 Cum
3090 2100 3229 2155 ergo
3274 2086 3327 2140 in
3368 2086 3625 2154 sapientia

2049 2175 2335 2230 verborum
2366 2175 2422 2229 lit
2444 2175 2863 2242 demonstratio,
2891 2189 3037 2246 saepe
3060 2176 3418 2231 mmiestiorcs
3462 2190 3628 2245 supc-

2044 2276 2290 2320 rantura
2322 2265 2625 2336 pejoribus,
2657 2266 2779 2335 quia
2822 2266 3010 2336 majori
3055 2265 3270 2322 dicendi
3316 2267 3367 2321 vi
3425 2266 3630 2337 praediti

2042 2355 2263 2427 apejorcs
2301 2367 2458 2419 sunt,
2502 2367 2559 2411 et
2606 2355 2941 2412 mendacium
2981 2358 3133 2428 pellit
3170 2358 3479 2413 veritatem.
3537 2358 3634 2412 llic

2052 2459 2229 2505 autem
2256 2464 2365 2504 non
2394 2450 2473 2504 sic
2510 2466 2523 2501 :
2556 2464 2731 2519 neque
2755 2451 2898 2504 enim
2940 2449 2993 2504 in
3029 2450 3357 2505 immundam
3403 2450 3631 2505 animam

2056 2542 2350 2612 ingreditur
2375 2540 2606 2611 Spiritus
2630 2551 2847 2595 sanctus
2871 2581 2886 2606 ,
2935 2551 2989 2596 et
3031 2541 3307 2611 ingressus
3346 2555 3635 2612 numquam

2046 2642 2235 2702 potest
2261 2634 2539 2705 superari,
2569 2634 2780 2689 etian'rsi
2821 2633 3030 2688 invadat
3063 2636 3237 2689 omnis
3277 2634 3489 2690 dicendi
3533 2634 3636 2689 vis.

2059 2725 2192 2780 Nam
2221 2724 2610 2781 demonstratio
2636 2739 2733 2794 per
2757 2740 2918 2796 opera
2947 2736 3003 2781 et
3024 2739 3124 2795 per
3151 2726 3299 2793 signa
3337 2726 3493 2795 longe
3533 2725 3641 2778 ela-

2061 2820 2173 2873 rior
2199 2826 2282 2872 est
2309 2817 2397 2872 illa
2422 2858 2438 2881 ,
2468 2832 2587 2886 qua:
2605 2816 2675 2871 fit
2702 2833 2798 2886 per
2828 2816 3010 2871 verba.
3041 2820 3110 2871 At
3156 2818 3370 2873 illorum
3415 2815 3643 2871 fortasse

2061 2908 2326 2979 qni-piam
2353 2907 2571 2974 dixerit,
2599 2908 2643 2962 si
2677 2907 3107 2978 praedicationem
3139 2909 3352 2964 vincere
3376 2918 3641 2978 oporteat,

2064 3012 2117 3055 et
2145 3001 2450 3070 eloquentia
2470 3016 2606 3071 opus
2634 3016 2741 3056 non
2771 2999 2929 3055 habet
2957 3009 3012 3053 ut
3039 3016 3107 3054 ne
3131 3015 3259 3055 crus
3286 2999 3643 3062 exinaniatur,

2066 3105 2232 3161 quare
2268 3090 2419 3162 signa
2464 3106 2602 3145 nunc
2648 3091 2961 3145 cessarunt?
3004 3090 3223 3158 Quare?
3274 3088 3649 3144 lneredulusne

2072 3182 2174 3237 hoc
2201 3181 2372 3247 dicis,
2403 3195 2501 3236 nec
2525 3181 2763 3236 admittis
2794 3180 2882 3235 illa
2907 3180 3050 3235 facta
3083 3180 3246 3236 fuisse
3288 3179 3649 3249 apostolorum

2074 3283 2351 3344 tempore,
2380 3288 2447 3328 an
2476 3287 2604 3329 vere
2629 3271 2734 3327 hoc
2765 3272 3008 3328 ediscere
3049 3271 3334 3341 quaerens?
3381 3269 3438 3324 Si
3482 3270 3653 3324 incre-

2065 3366 2230 3422 dulus
2255 3364 2403 3419 dicas
2422 3404 2441 3429 ,
2473 3363 2526 3418 in
2553 3378 2621 3418 eo
2646 3362 2875 3433 primum
2906 3362 3253 3416 immorabor.
3278 3360 3337 3422 Si
3361 3361 3502 3416 enim
3529 3369 3656 3414 tunc

2042 3474 2183 3513 non
2223 3457 2356 3511 facta
2397 3463 2523 3511 sunt
2549 3456 2699 3526 signa
2724 3496 2740 3522 ,
2765 3453 3032 3525 quomodo
3055 3454 3229 3524 pulsi,
3281 3453 3489 3519 vexati,
3542 3463 3653 3507 tre-

2078 3560 2283 3606 mentes
2305 3589 2322 3616 ,
2351 3549 2534 3615 vincti,
2565 3557 2619 3603 et
2647 3562 2959 3604 communes
2980 3549 3129 3603 orbis
3155 3548 3338 3603 hostes
3367 3547 3511 3612 facti,
3539 3562 3659 3601 om-

2078 3643 2340 3713 nibusque
2364 3640 2428 3697 ad
2457 3641 2595 3697 male
2623 3640 2927 3712 patiendum
2953 3642 3201 3719 egpositi,
3233 3640 3362 3695 nihil
3391 3656 3456 3695 ex
3480 3639 3660 3695 scha-

2080 3733 2268 3790 bcntes
2293 3735 2434 3804 quod
2463 3732 2734 3800 alliceret,
2764 3747 2868 3787 non
2895 3732 3252 3803 eloquentiam
3270 3772 3284 3797 ,
3330 3746 3436 3786 non
3479 3730 3660 3800 splen-

2080 3824 2265 3880 dorem
2289 3864 2303 3889 ,
2333 3837 2438 3878 non
2468 3824 2679 3878 divitias
2699 3862 2715 3889 ,
2745 3838 2853 3878 non
2881 3823 3066 3878 urbem
3087 3864 3104 3890 ,
3135 3838 3242 3878 non
3268 3831 3483 3892 gentem
3506 3863 3519 3882 .
3550 3836 3658 3874 non

2081 3927 2272 3986 genus,
2297 3928 2402 3968 non
2430 3914 2765 3977 exercitium,
2796 3928 2901 3968 non
2926 3914 3171 3983 gloriam,
3202 3927 3307 3967 non
3335 3912 3478 3968 aliud
3503 3911 3663 3982 quid-

2087 4009 2225 4077 piam
2263 4004 2476 4071 simile;
2502 4004 2597 4059 sed
2624 4003 2804 4058 omnia
2830 4003 3119 4068 contraria,
3150 4003 3523 4069 ignorantiam,
3544 4002 3665 4056 vili-

2088 4108 2272 4162 tatem,
2303 4106 2695 4169 paupertatem,
2720 4095 2901 4151 odium
2922 4136 2938 4162 ,
2973 4094 3337 4160 inimicitiam,
3383 4102 3438 4150 et
3478 4104 3663 4148 contra

2089 4190 2314 4261 populos
2341 4188 2578 4258 integros
2604 4195 2830 4254 stantes,
2861 4188 3094 4260 taliaque
3115 4187 3491 4241 anxtuntiantes
3507 4227 3522 4251 ,
3548 4200 3668 4256 pcr-

2087 4282 2422 4339 snadebant?
2445 4281 2575 4337 Nam
2595 4290 2860 4353 praecepta
2887 4282 3109 4337 multum
3135 4280 3372 4337 laborem
3401 4278 3668 4336 habebant

2088 4384 2145 4432 et
2164 4369 2410 4445 dogmata
2435 4373 2689 4446 periculis
2706 4373 2862 4445 plena
2886 4385 3039 4430 erant
3068 4392 3082 4430 :
3110 4388 3174 4428 ac
3196 4371 3282 4441 qui
3308 4372 3591 4429 audiebant
3611 4380 3668 4427 et

2080 4465 2447 4538 persuadendi
2501 4474 2696 4530 erant,
2750 4464 2804 4519 in
2849 4464 3090 4532 deliciis,
3122 4463 3384 4519 ebrietate
3410 4475 3463 4519 et
3489 4462 3671 4518 multis

2075 4560 2236 4614 vitiis
2258 4566 2414 4614 erant
2459 4556 2694 4613 educati.
2740 4555 2931 4623 Unde,
2980 4568 3200 4628 quaso,
3250 4553 3674 4625 [mrsuaseruuti

2086 4650 2238 4706 funde
2263 4649 2367 4705 fide
2392 4648 2536 4718 digni
2565 4631 2760 4703 erant?
2789 4646 2919 4703 Nam
2945 4689 2960 4709 ,
2989 4658 3048 4702 ut
3082 4648 3189 4718 jam
3222 4647 3330 4701 dixi
3355 4688 3369 4709 ,
3398 4647 3441 4700 si
3470 4646 3673 4716 absque

2060 4783 2062 4785 .
2094 4739 2260 4811 signis
2276 4746 2676 4809 permanserunt,
2708 4738 2875 4791 multo
2901 4737 3074 4807 majus
3101 4736 3307 4790 videtur
3335 4734 3673 4790 miraculum;

2096 4832 2173 4888 Ne
2202 4834 2380 4904 itaque
2406 4848 2472 4888 ex
2500 4847 2597 4897 eo,
2630 4830 2770 4901 quod
2800 4844 2939 4883 nunc
2960 4829 3108 4898 signa
3151 4844 3258 4883 non
3309 4828 3436 4883 fiant
3455 4871 3470 4896 ,
3518 4842 3677 4899 argu-

2096 4935 2334 4980 mentum
2365 4924 2530 4979 ducas
2560 4933 2686 4978 tunc
2712 4921 2874 4976 etiam
2913 4936 3018 4974 non
3060 4919 3245 4979 fuisse.
3290 4920 3501 4976 Etenim
3545 4928 3675 4974 tunc

2096 5016 2299 5072 utiliter
2326 5017 2555 5076 ﬂebant,
2587 5023 2641 5068 et
2667 5029 2809 5069 nunc
2834 5012 3036 5069 utiliter
3062 5028 3171 5069 non
3216 5013 3370 5073 ﬁunt.
3417 5014 3534 5070 Non
3583 5029 3679 5069 ne-

2097 5110 2334 5162 cessario
2378 5108 2620 5177 sequitur
2640 5114 2816 5160 autem
2842 5120 2908 5160 ex
2937 5120 3001 5160 eo
3029 5107 3170 5177 quod
3204 5121 3344 5162 nunc
3365 5106 3528 5162 verbo
3560 5114 3680 5160 tan-

2100 5210 2211 5256 tum
2240 5199 2513 5266 suadetur,
2542 5215 2681 5255 nunc
2708 5200 2757 5253 in
2780 5200 3041 5270 sapientia
3072 5198 3503 5270 praedicationem
3536 5212 3678 5252 esse.

2103 5295 2232 5350 Nam
2282 5294 2368 5364 qui
2415 5293 2482 5349 ab
2531 5292 2682 5348 initio
2723 5294 2944 5347 verbum
2999 5293 3368 5357 scminabant,
3411 5290 3591 5345 idiota:
3628 5300 3684 5345 ct

2104 5386 2302 5445 indocti
2332 5396 2511 5450 erant,
2544 5395 2598 5441 et
2626 5385 2755 5440 nihil
2785 5402 2847 5439 ex
2877 5400 2934 5439 se
2962 5385 3243 5449 dicebant,
3264 5383 3358 5439 sed
3381 5397 3499 5453 quae
3520 5396 3680 5438 acce-

2104 5488 2291 5550 perant
2316 5494 2343 5531 a
2374 5479 2484 5545 Deo
2503 5519 2517 5540 ,
2548 5477 2661 5532 haec
2686 5477 2799 5532 orbi
2832 5487 3091 5530 terrarum
3121 5473 3384 5529 dederunt
3427 5488 3442 5526 :
3482 5481 3536 5529 ct
3581 5486 3681 5529 nos

2104 5571 2202 5641 ipsi
2232 5584 2402 5630 nunc.
2436 5584 2540 5622 non
2568 5583 2685 5638 quae
2714 5583 2742 5620 a
2772 5567 2927 5622 nobis
2953 5574 3072 5620 sunt
3105 5564 3363 5619 tradimus
3386 5604 3405 5632 ,
3434 5565 3526 5621 sed
3559 5581 3680 5636 quae

2103 5663 2171 5717 ab
2217 5663 2343 5733 ipsis
2382 5661 2719 5731 accepimus,
2764 5659 2877 5714 haec
2923 5659 3174 5715 oumibus
3218 5659 3465 5714 dicimus.
3499 5655 3684 5726 Neque

2110 5769 2251 5811 nutic
2279 5753 2602 5826 syllogismis
2627 5750 3044 5824 persnademus;
3082 5752 3175 5809 scd
3219 5767 3285 5809 cx
3312 5749 3504 5808 divinis
3535 5739 3680 5799 Scri-
