4100 6214
473 341 532 397 5|
1195 347 1253 401 S.
1291 343 1567 400 JOANNIS
1603 342 2075 401 CHRYSOSTOMI
2111 342 2425 399 ARCIIIEP.
2464 343 2994 403 CONSTANTINOP.
3692 353 3764 413 52

473 458 643 520 putris
669 467 723 513 et
748 474 815 516 ex
848 461 932 526 iis,
963 478 1082 533 quze
1110 472 1233 515 tunc
1258 459 1390 514 facta
1419 470 1544 514 sunt
1570 457 1756 530 signis,
1793 457 1948 511 ﬁdem
1972 455 2050 511 fa-

476 551 647 605 rimus
673 552 737 607 iis
761 569 880 624 qua-
909 555 1154 608 dicimus.
1185 553 1246 606 Et
1270 552 1343 605 i'lli
1370 566 1582 622 quoque
1603 561 1730 604 tunc
1756 565 1860 602 non
1890 547 2056 619 signis

477 652 682 698 tantum
712 646 1137 714 persuadebunt,
1166 643 1260 698 sed
1288 645 1448 698 etiam
1493 642 1829 698 disserendo.
1886 640 2056 696 Verba

481 744 654 788 autem
700 735 998 788 efﬁcaciora
1040 751 1069 788 a
1114 735 1281 805 signis
1328 734 1723 799 reddebantur,
1775 747 1984 788 necnon
2024 746 2054 786 a

479 825 798 879 testimooiis
829 824 1040 881 Veteris
1064 826 1393 881 Testamenti
1421 867 1436 890 ,
1470 842 1574 881 non
1605 835 1780 881 autem
1807 840 1836 879 a
1884 825 2057 895 gravi-

476 921 586 967 tate
613 922 668 967 et
689 913 996 983 eloquentia
1018 917 1308 972 dictormn.
1333 916 1444 973 Cur
1465 932 1623 988 ergo,
1657 917 1866 987 inquies
1885 958 1900 983 ,
1930 927 2056 971 tunc

477 1001 623 1057 utilia
677 1003 826 1073 signa
873 1015 1062 1070 erant,
1115 1023 1257 1062 nunc
1305 1023 1412 1063 non
1469 1009 1638 1063 item?
1683 1008 2056 1078 Suppouamus

474 1089 628 1164 (cum
657 1093 844 1150 ϐιωεο
871 1097 1014 1152 enim
1043 1098 1256 1169 disputo
1276 1140 1292 1165 ,
1334 1110 1388 1155 et
1427 1100 1548 1156 ideo
1590 1116 1685 1171 per
1729 1082 2054 1171 hypoibesin

477 1182 601 1238 dico
641 1185 690 1239 id
742 1187 883 1256 quod
929 1190 1146 1245 omnfuo
1192 1188 1426 1246 futurum
1481 1193 1635 1263 est),
1692 1207 2057 1263 suppouamus

406 1293 417 1305 ο
476 1272 638 1342 igitur
658 1316 675 1341 ,
704 1285 761 1331 et
788 1279 1350 1346 patiaturincredulus
1370 1283 1558 1338 saltem
1586 1282 1651 1338 ad
1677 1282 2057 1353 disputationis

480 1373 694 1436 tempus
718 1371 964 1425 assentiri
993 1372 1184 1440 dictis,
1215 1374 1362 1428 verbi
1401 1375 1573 1445 gratia
1597 1416 1612 1440 ,
1642 1375 1781 1446 quod
1813 1376 2057 1431 Christus

480 1473 737 1516 venturus
762 1462 833 1517 sit
866 1482 879 1518 :
909 1479 1028 1520 cum
1061 1482 1188 1538 ergo
1226 1466 1472 1524 Christus
1518 1470 1726 1523 Vt'ltet‘il
1770 1478 1824 1524 et
1869 1483 2057 1524 omnes

477 1553 653 1623 angeli
680 1568 801 1608 cum
830 1571 896 1610 eo
914 1595 930 1620 ,
963 1566 1017 1612 et
1048 1558 1186 1613 Deus
1210 1572 1331 1614 esse
1353 1570 1600 1614 ostensus
1627 1559 1818 1627 fuerit,
1847 1560 2058 1614 omnia-

477 1656 584 1711 que
611 1643 707 1713 ipsi
732 1644 970 1714 subjecta
1011 1662 1170 1712 esse,
1210 1662 1387 1704 annon
1429 1648 1545 1718 ipse
1583 1648 1801 1704 Gnecus
1840 1648 2059 1704 credet?

479 1729 676 1787 Credet
725 1735 908 1805 utique
953 1746 1007 1792 et
1054 1737 1338 1803 adorabit,
1385 1754 1449 1793 ac
1502 1739 1670 1795 Deum
1703 1753 1836 1795 esse
1878 1738 2056 1805 dicet,

479 1824 689 1878 etiamsi
716 1825 1001 1882 admodum
1041 1830 1284 1898 pertinax
1313 1830 1492 1885 fuerit.

550 1916 604 1971 3.
631 1918 760 1983 Quis
785 1919 927 1973 enim
959 1920 1144 1974 videns
1165 1920 1328 1976 caelos
1356 1931 1590 1990 apertos.
1620 1921 1789 1990 ipsum
1820 1921 1871 1976 in
1903 1921 2059 1976 nubi-

478 2007 578 2062 bus
588 2013 1203 2082 venientemdotumque
1217 2020 1359 2067 ewtu
1368 2029 1418 2067 ιιι
1435 2026 1788 2083 supernarum
1818 2013 2061 2068 Potesta-

479 2106 592 2154 tum
632 2100 1043 2168 circumfusum,
1075 2101 1265 2157 lluvios
1309 2102 1492 2173 igneos
1535 2113 1848 2169 manantes,
1874 2119 2062 2159 omnes

477 2192 748 2247 adstantes
772 2207 836 2247 ac
857 2201 1164 2260 trementes,
1188 2209 1292 2250 non
1319 2193 1582 2259 adorabit,
1606 2206 1660 2250 et
1690 2195 1854 2251 Deum
1880 2196 2065 2251 existi-

480 2287 681 2342 mabit?
706 2287 839 2342 Num
861 2303 1007 2359 ergo,
1036 2289 1123 2343 die
1142 2304 1343 2358 quaeso.
1366 2289 1606 2344 atloratio
1632 2298 1688 2344 et
1713 2290 1949 2359 cognitio
1976 2290 2062 2344 illa

480 2379 665 2433 (Ira-co
696 2380 749 2434 in
778 2380 933 2434 ﬁdem
977 2380 1342 2449 reputabitur?
1384 2379 1621 2435 Minime.
1669 2380 1889 2447 Quare?
1928 2380 2063 2446 Quia

482 2468 583 2523 hoe
611 2469 743 2524 ﬁdes
773 2486 879 2523 non
907 2479 990 2525 est
1019 2487 1033 2524 :
1067 2472 1355 2525 necessitas
1383 2472 1580 2541 quippe
1601 2512 1615 2533 ,
1647 2481 1701 2526 et
1730 2486 1917 2526 eorum
1946 2486 2064 2540 qum

478 2572 734 2632 app-irent
762 2561 1024 2616 evidentia
1050 2561 1102 2618 id
1133 2560 1330 2627 effecit,
1359 2578 1462 2616 non
1498 2562 1789 2616 voluntatis
1816 2578 2061 2632 proposi-

483 2663 631 2716 tum;
656 2654 748 2709 sed
770 2672 799 2706 ει
822 2653 1182 2724 magnitudine
1204 2670 1379 2709 rerum
1396 2669 1515 2724 qua:
1534 2653 1777 2710 videntur
1799 2664 2062 2722 pertracta

484 2759 635 2801 mens
662 2743 776 2799 fuit.
807 2745 987 2814 Itaque
1016 2757 1216 2816 quanto
1262 2746 1428 2815 magis
1463 2746 1605 2800 clara
1636 2756 1691 2801 et
1716 2746 1782 2800 ad
1811 2745 2063 2802 credendi

484 2832 854 2890 necessitatem
898 2833 1215 2890 adducentis
1255 2847 1377 2889 sunt
1415 2834 1503 2889 illa
1524 2879 1539 2900 ,
1565 2844 1711 2891 lauto
1736 2835 1903 2905 magis
1932 2835 2065 2892 ﬁdes

483 2927 756 2985 minuitur.
786 2928 910 2984 hleo
940 2945 1079 2984 nunc
1113 2930 1260 3000 signa
1298 2945 1404 2983 non
1436 2930 1588 2983 ﬁunt.
1621 2929 1685 2983 Et
1711 2929 1852 2999 quod
1880 2945 1968 2985 res
1992 2929 2063 2986 ita

481 3032 541 3072 se
564 3017 775 3084 habeat,
797 3019 922 3073 audi
953 3018 1077 3088 quid
1103 3019 1243 3074 dicat
1263 3019 1329 3072 ad
1354 3019 1614 3074 Thomam
1645 3036 1659 3073 :
1687 3018 1832 3074 Beati
1856 3022 2064 3092 quitum

481 3108 730 3174 viderunt,
756 3119 800 3162 et
825 3109 1144 3163 crediderunt
1166 3108 1185 3181 (
1205 3109 1364 3164 Joau.
1391 3110 1483 3165 ‘20.
1512 3109 1583 3164 29
1609 3109 1647 3179 ).
1683 3109 1844 3181 Igitur
1863 3120 2063 3181 quanto

478 3199 676 3255 clarius
712 3210 987 3257 osteusmn
1036 3202 1245 3271 signum
1300 3201 1492 3267 fuerit,
1525 3210 1671 3256 tanto
1718 3201 1887 3272 magis
1940 3201 2064 3258 ﬁdei

482 3309 688 3349 merces
716 3294 990 3350 minuitur.
1025 3295 1205 3364 itaque
1235 3293 1279 3350 si
1309 3294 1471 3349 etiam
1498 3309 1639 3349 nunc
1672 3294 1822 3365 signa
1850 3295 2061 3359 ﬁerent,

483 3384 584 3440 hoc
621 3383 793 3454 ipsnm
823 3387 1087 3442 eveniret.
1131 3385 1284 3455 Quod
1313 3395 1488 3439 autem
1517 3395 1640 3440 tunc
1668 3402 1772 3439 non
1802 3386 1936 3440 ultra
1970 3401 2063 3456 per

480 3475 639 3531 ﬁdem
670 3478 819 3535 illum
847 3477 1114 3549 cognituri
1145 3477 1335 3543 simus,
1368 3476 1687 3547 signiﬁcavit
1732 3477 1928 3533 Paulus
1979 3477 2063 3532 di-

477 3581 606 3622 cens
633 3586 647 3623 :
683 3567 835 3622 Nunc
867 3571 1004 3626 enim
1029 3586 1116 3637 per
1143 3568 1296 3637 ﬁdem
1335 3567 1671 3634 ambulamus,
1702 3584 1805 3622 non
1833 3585 1924 3638 per
1945 3585 2062 3638 spe~

479 3657 604 3709 ciem
651 3658 724 3726 (2
760 3657 879 3713 Cor.
909 3659 944 3714 5
986 3659 1076 3729 7).
1118 3657 1186 3714 Ut
1231 3666 1354 3712 tunc
1399 3657 1492 3713 tibi
1531 3657 1807 3724 credenti,
1840 3674 1927 3713 res
1969 3658 2059 3714 illa

482 3761 586 3800 non
631 3747 1005 3816 imputabitur,
1039 3747 1181 3818 quod
1211 3746 1352 3801 clara
1385 3756 1437 3801 et
1461 3746 1737 3802 manifesta
1766 3747 1834 3802 sit
1863 3766 1877 3803 :
1908 3749 1975 3803 ita
2007 3759 2063 3805 et

480 3851 620 3891 nunc
640 3879 656 3896 .
682 3839 726 3892 si
757 3837 876 3893 talia
903 3840 1051 3909 s’gna
1082 3838 1293 3903 ﬁerent,
1336 3837 1513 3909 qualia
1542 3839 1790 3894 antehac.
1837 3840 2059 3907 Quando

478 3927 621 3983 enim
655 3927 739 3983 illa
770 3929 1162 3995 admiserimus,
1192 3945 1309 3998 qua:
1337 3929 1482 3984 tudio
1510 3930 1669 3985 modo
1696 3930 1816 3985 ullis
1843 3931 2057 3987 ratioci-

481 4018 583 4071 niis
614 4018 837 4073 inveniri
869 4028 1111 4089 possuut,
1155 4029 1278 4073 tunc
1308 4019 1438 4075 ﬁdes
1473 4030 1577 4076 est.
1612 4019 1733 4075 Ideo
1757 4020 2055 4092 gehennam

474 4113 831 4167 comminatur
876 4113 1127 4183 quidem,
1171 4111 1265 4167 sed
1296 4113 1382 4167 illa
1413 4127 1517 4167 non
1548 4122 1766 4183 apparet
1796 4132 1809 4168 :
1842 4129 1961 4169 nam
2009 4115 2056 4170 si

475 4215 778 4275 appareret,
812 4206 1038 4277 idipsum
1071 4220 1256 4261 rursus
1293 4207 1551 4261 eveniret.
1585 4206 1832 4277 Alioquin
1858 4223 1987 4263 vero
2011 4209 2054 4265 si

477 4297 625 4368 signa
656 4299 873 4369 qmrris,
903 4315 1043 4353 nunc
1077 4300 1238 4354 etiam
1268 4298 1417 4370 signa
1448 4298 1673 4366 videbis,
1713 4301 1917 4354 etiamsi
1951 4317 2055 4356 non

472 4389 733 4458 ejusmodi
760 4392 897 4454 sint,
932 4390 1304 4459 pravdictiones
1355 4390 1660 4444 inmuneras
1687 4390 1753 4444 de
1784 4391 1941 4447 rebus
1968 4390 2051 4444 in-

473 4478 1076 4541 numerabilibus,orbis
1098 4478 1525 4540 conversionem,
1555 4479 1901 4536 barbarorum
1934 4478 2055 4549 phi-

474 4566 806 4634 losophiam,
841 4568 1129 4636 agrestium
1183 4582 1390 4621 morum
1444 4568 1813 4632 mulationem,
1840 4570 2053 4639 pietatis

472 4657 862 4714 extt-nsionem.
884 4659 1090 4727 Ecquas
1115 4657 1514 4729 praedictiones?
1531 4660 1762 4730 inquies;
1790 4678 1910 4715 nam
1934 4671 2053 4731 post

472 4766 558 4808 res
578 4750 743 4806 factas
762 4751 1014 4822 prtedirta
1038 4760 1160 4805 sunt
1185 4749 1363 4805 omnia
1403 4765 1522 4821 quze
1542 4765 1699 4820 supra
1725 4766 2052 4826 commemo-

471 4853 581 4898 rata
604 4855 747 4900 sunt.
768 4844 1133 4912 Quaudonam,
1161 4842 1245 4898 ubi
1276 4852 1328 4896 et
1353 4856 1381 4894 a
1408 4841 1639 4911 quo?dic
1660 4840 1788 4895 mihi
1810 4857 1826 4908 ;
1849 4850 1903 4896 et
1928 4853 2050 4898 ante

471 4937 599 4996 quot
622 4929 828 4982 annos?
853 4928 930 4982 vis
954 4937 1078 4984 ante
1105 4925 1505 4997 quinquaginta,
1527 4932 1844 4980 autcentum
1864 4924 1889 4978 ?
1912 4930 2050 4982 Ante

470 5027 682 5071 centum
709 5031 838 5085 ergo
863 5032 1031 5070 annos
1064 5018 1192 5071 nihil
1222 5017 1486 5072 habebant
1529 5015 1786 5086 scriptum
1815 5016 2045 5084 penitus.

468 5104 747 5175 Quomodo
774 5119 902 5176 ergo
930 5105 1175 5175 dogmata
1202 5107 1420 5160 retinnit
1447 5107 1609 5171 orbis,
1633 5116 1689 5162 et
1713 5106 1814 5161 alia
1842 5107 2043 5174 omnia,

465 5214 585 5253 cum
628 5196 887 5252 memoria
917 5195 981 5249 ad
1011 5195 1062 5250 id
1091 5211 1195 5249 non
1227 5194 1495 5250 sufﬁciat?
1518 5197 1781 5253 undenam
1809 5199 1983 5254 scieru
2010 5210 2047 5254 .t

402 5336 407 5341 .
468 5291 684 5348 Petrum
714 5289 877 5347 fuisse
903 5290 1022 5363 palo
1045 5287 1303 5343 afﬁxam?
1352 5291 1619 5358 quomodo
1647 5293 1791 5347 venit
1819 5294 1869 5347 in
1898 5310 2047 5349 men-

466 5394 591 5454 tem,
624 5398 679 5442 ut
707 5386 933 5457 posteris
971 5384 1347 5455 praedicerent;
1375 5381 1521 5436 verbi
1545 5386 1710 5455 gratia
1732 5386 1873 5456 quod
1887 5386 2056 5443 Evan-

461 5478 1085 5548 geliumprscdicaudutn
1111 5477 1182 5532 sit
1206 5491 1300 5548 per
1327 5475 1633 5531 universum
1662 5478 1870 5544 orbem,
1899 5479 2042 5549 quod

462 5568 678 5624 Judaica
729 5579 1000 5624 cessatura
1047 5568 1190 5632 sint,
1236 5582 1336 5623 nec
1377 5566 1517 5621 ultra
1546 5568 1912 5624 restituenda?
1940 5570 2041 5636 Qui

464 5672 591 5712 vero
619 5657 826 5711 animas
852 5673 978 5713 suas
1003 5673 1100 5727 pro
1126 5656 1503 5729 prmdicattone
1528 5656 1877 5722 tradiderunt,
1909 5674 2043 5729 quo-

463 5748 624 5810 modo
664 5748 1044 5806 sustinuissent
1083 5748 1518 5820 praedicationem
1563 5748 1912 5804 adulteratam
1962 5751 2048 5806 vi-

2172 456 2341 511 dere?
2366 458 2635 527 quomodo
2659 459 2921 514 creditura
2973 459 3157 516 fuisset
3192 461 3567 533 scriptoribus,
3593 467 3762 537 signis

2165 549 2534 602 cessantibus?
2561 550 2831 619 quomodo
2876 560 3053 606 autem
3084 552 3283 622 scripta
3314 564 3369 608 et
3399 554 3451 609 itt
3482 555 3749 612 barbaro-

2165 653 2281 692 rum
2299 650 2354 695 et
2382 640 2433 694 in
2460 640 2705 696 Indorum
2734 642 2885 704 ﬁnes.
2916 655 2972 699 et
3007 645 3057 698 in
3092 646 3237 714 ipsos
3258 644 3456 702 Oceani
3490 650 3760 704 terminos

2164 733 2455 797 venissent,
2486 734 2530 787 si
2563 735 2595 788 ii
2623 735 2711 805 qui
2740 735 2989 790 dicebant
3005 735 3108 791 ﬁde
3124 737 3268 807 digni
3292 753 3397 793 non
3422 741 3613 794 erant?
3632 741 3759 809 Qui-

2165 840 2287 879 nam
2314 835 2490 880 autem
2522 838 2675 881 erant
2700 829 3012 897 scriptores,
3045 839 3100 885 et
3131 830 3346 899 quando
3368 873 3385 898 ,
3418 843 3472 888 et
3498 833 3627 890 ubi?
3650 849 3757 906 qua

2163 916 2232 973 de
2258 933 2417 972 causa
2447 919 2817 990 scripserunt?
2845 938 2972 977 num
3013 932 3071 977 ut
3109 925 3334 994 gloriam
3364 925 3467 981 sibi
3495 928 3753 983 concilia—

2164 1010 2324 1066 rent?
2351 1027 2448 1066 cur
2473 1028 2603 1084 ergo
2630 1013 2794 1069 libros
2836 1015 2955 1070 aliis
2994 1018 3295 1074 nominibus
3326 1019 3756 1089 inscripserunt?

2163 1102 2233 1156 At
2262 1101 2363 1158 hoc
2389 1104 2628 1160 fecerunt
2656 1115 2710 1160 ut
2740 1105 2932 1177 dogma
2955 1109 3419 1164 commendarent.
3462 1112 3544 1165 An
3576 1120 3633 1167 ut
3660 1129 3756 1168 ve-

2164 1192 2320 1246 rum?
2345 1209 2411 1247 an
2445 1202 2499 1248 ιιι
2529 1195 2762 1251 falsum?
2804 1213 2925 1251 nam
2955 1198 3000 1252 si
3029 1207 3085 1253 ut
3112 1199 3303 1254 falsum
3333 1200 3618 1271 habebant,
3648 1219 3755 1258 non

2164 1283 2428 1337 accessuri
2465 1299 2583 1340 esse
2618 1286 2961 1354 videbantur;
2987 1288 3031 1342 si
3068 1299 3122 1344 ut
3150 1302 3357 1355 verum,
3387 1291 3600 1348 ﬁctione
3620 1310 3757 1362 opus

2166 1388 2272 1427 non
2312 1386 2428 1428 erat
2465 1375 2601 1429 sicut
2642 1386 2695 1429 tu
2735 1378 2890 1431 dicis.
2942 1380 3190 1448 Alioquin
3225 1396 3355 1437 vero
3382 1383 3756 1451 prardictiones

2167 1465 2301 1520 tales
2324 1477 2467 1534 sunt,
2498 1480 2549 1521 ut
2580 1469 2644 1522 ad
2680 1485 2914 1539 prmsens
2944 1487 3112 1542 usque
3140 1483 3350 1543 tempus
3382 1490 3488 1530 non
3515 1479 3755 1547 potuerit

2164 1556 2319 1612 dictis
2350 1560 2429 1612 vis
2455 1560 2657 1615 inferri.
2702 1561 2833 1618 Nam
2878 1564 3054 1619 diruta
3089 1577 3214 1620 sunt
3251 1565 3587 1641 Jerosoiyma
3629 1580 3755 1627 ante

2165 1649 2363 1704 multos
2387 1665 2576 1707 annos.
2605 1652 2741 1707 Sunt
2765 1664 2818 1708 et
2844 1655 2964 1709 alia:
2995 1657 3394 1727 przndictiones,
3420 1674 3540 1730 qua:
3568 1662 3637 1717 ab
3662 1662 3754 1718 illo

2167 1747 2408 1811 tempore
2446 1744 2511 1797 ad
2553 1759 2719 1814 usque
2745 1745 3027 1802 adventum
3058 1748 3177 1819 ejus
3198 1751 3591 1821 extenduntur,
3621 1770 3757 1826 quas

2166 1840 2224 1884 ut
2267 1833 2349 1887 vis
2375 1837 2653 1903 examina;
2685 1847 2741 1892 ut
2770 1848 2853 1893 est
2883 1839 3012 1895 illud
3034 1883 3050 1908 ,
3081 1841 3296 1913 Semper
3347 1845 3599 1899 vobiscum
3638 1865 3753 1902 sum

2166 1938 2323 1993 usque
2367 1926 2436 1979 ad
2480 1932 2956 1986 consunmmtimwm
3004 1932 3179 1988 saeculi
3224 1934 3436 2006 (Matth.
3464 1935 3558 1993 28.
3608 1937 3748 2008 20);

2166 2025 2238 2079 el,
2274 2016 2441 2083 Super
2469 2019 2599 2073 hanc
2628 2033 2825 2091 petram
2863 2024 3125 2091 wdiﬁcabo
3171 2024 3454 2082 Ecclesium
3481 2046 3641 2083 meam
3662 2073 3677 2094 ,
3702 2040 3749 2085 et

2168 2117 2327 2177 porta
2365 2108 2515 2179 inferi
2544 2127 2644 2165 non
2688 2114 3026 2182 prwvulebunt
3070 2116 3313 2172 adversus
3352 2136 3462 2174 eam
3510 2119 3635 2189 (Id.
3660 2121 3747 2176 16.

2170 2189 2307 2267 ίὸὶξ
2353 2210 2428 2264 et,
2483 2199 2852 2259 Prtedicabitur
2897 2207 2992 2261 hoc
3038 2191 3351 2279 evangelium
3395 2212 3448 2265 iu
3494 2213 3753 2269 universas

2167 2291 2379 2364 gentcs(
2410 2292 2496 2345 Id.
2523 2293 2615 2351 2i.
2646 2296 2711 2350 14
2742 2299 2802 2369 ),;
2832 2308 2885 2352 et
2905 2341 2917 2357 .
2942 2297 3191 2367 Dicetur,
3220 2301 3516 2373 ubicumque
3558 2307 3750 2374 prmiti-

2167 2391 2334 2436 catum
2361 2387 2512 2456 fuerit
2558 2377 2652 2442 hac
2696 2392 3007 2461 evangelium
3029 2434 3044 2456 ,
3075 2404 3121 2448 et
3161 2397 3295 2463 quod
3335 2397 3453 2467 fecit
3483 2398 3503 2469 (
3529 2396 3620 2451 Id.
3654 2399 3750 2456 26.

2170 2474 2273 2545 13)
2319 2475 2439 2535 hac
2477 2480 2707 2546 mulier;
2738 2493 2791 2537 et
2819 2484 2938 2540 alia:
2985 2487 3248 2557 plurimm.
3298 2488 3573 2546 Undenam
3619 2508 3754 2564 ergo

2170 2567 2366 2625 veritas
2395 2568 2551 2638 hujus
2595 2574 2973 2640 pandictionis,
3005 2578 3049 2631 si
3095 2589 3210 2633 erat
3239 2578 3584 2649 figmentum?
3612 2602 3751 2654 quo-

2171 2658 2330 2713 modo
2367 2670 2533 2729 porta:
2583 2663 2734 2720 inferi
2776 2681 2887 2723 non
2922 2671 3315 2739 pratvalucrunt
3354 2675 3609 2730 adversus
3647 2678 3750 2733 Ec-

2168 2747 2428 2805 clesium?
2475 2755 2744 2822 quomodo
2791 2773 3007 2829 semper
3051 2760 3328 2818 nobiscum
3359 2773 3442 2819 est
3468 2766 3751 2823 Christus?

2168 2838 2352 2910 Neque
2398 2843 2563 2912 enim,
2617 2847 2660 2900 si
2713 2850 2989 2904 nobiscum
3036 2868 3141 2907 non
3187 2862 3357 2919 esset.
3400 2855 3637 2912 Ecclesia
3667 2861 3749 2912 vi-

2168 2929 2347 2984 cisset.
2390 2930 2669 3000 Quomodo
2701 2933 3046 3006 Evangelium
3085 2943 3279 3013 ubique
3332 2955 3597 3003 terrarum
3627 2964 3750 3020 pro-

2171 3034 2414 3092 pagatum
2462 3028 2584 3081 est?
2627 3027 2910 3086 Sufﬁciunt
2953 3044 3130 3089 autem
3179 3042 3235 3090 et
3278 3036 3368 3107 qui
3421 3051 3605 3094 contra
3653 3059 3757 3097 nos

2167 3113 2504 3186 disputarunt
2555 3122 2621 3174 ad
2675 3125 3030 3180 tesﬁmonium
3096 3129 3427 3200 antiquitatis
3491 3133 3745 3191 librorum

2168 3219 2470 3262 nostrorum
2511 3209 2818 3281 ferendum,
2853 3232 3046 3287 nempe
3076 3217 3263 3275 Celsus
3298 3222 3375 3293 (α)
3399 3231 3454 3278 et
3485 3223 3745 3281 Batanco-

2169 3306 2249 3353 tes
2275 3303 2360 3369 qui
2391 3311 2508 3371 post
2535 3304 2682 3380 illum
2716 3305 2843 3366 fuit;
2875 3325 2979 3364 non
3011 3311 3153 3365 enim
3192 3316 3631 3373 coutradicebant
3660 3321 3744 3385 iis,

2166 3406 2286 3460 qum
2309 3405 2428 3461 post
2457 3394 2573 3449 illos
2596 3396 2737 3451 edita
2765 3397 2973 3455 fuerant
3001 3422 3014 3457 :
3045 3405 3280 3475 alioquin
3307 3408 3467 3462 etiam
3500 3418 3640 3466 totus
3659 3428 3748 3467 or-

2167 3480 2269 3544 bis,
2300 3485 2386 3552 qui
2418 3501 2524 3540 uno
2548 3502 2814 3545 consensu
2843 3491 2896 3545 id
2921 3496 3173 3565 suscepit.
3221 3482 3406 3568 Neque
3434 3511 3613 3567 certe,
3646 3504 3745 3558 nisi

2164 3577 2332 3646 gratia
2361 3578 2589 3648 Spiritus
2618 3593 2760 3638 esset
2780 3624 2797 3646 ,
2827 3594 3003 3640 tantus
3035 3587 3221 3644 fuisset
3246 3605 3542 3649 consensus
3569 3610 3598 3647 a
3631 3596 3748 3650 lini-

2166 3666 2266 3723 bus
2287 3669 2352 3723 ad
2387 3668 2521 3726 ﬁnes
2564 3687 2733 3743 usque
2781 3684 2972 3742 terrm;
3005 3678 3099 3732 sed
3129 3679 3238 3735 cito
3262 3680 3585 3752 deprehensi
3613 3685 3745 3741 fuis-

2165 3767 2286 3813 sent
2325 3760 2399 3814 illi
2447 3761 2784 3834 deceptores,
2816 3783 2988 3837 neque
3041 3777 3146 3823 tam
3202 3772 3455 3841 prmclara
3496 3776 3641 3844 gesta
3680 3794 3744 3832 ex

2167 3851 2428 3919 ﬁgmentis
2453 3863 2506 3908 et
2531 3856 2819 3911 mendaciis
2848 3867 2995 3929 parta
3024 3863 3412 3920 constitissent.
3442 3867 3633 3921 Annon
3663 3869 3742 3922 vi-

2161 3942 2258 3997 des
2290 3953 2454 3999 tottuu
2481 3948 2665 4002 orbem
2695 3951 3073 4006 accedentem?
3099 3955 3419 4010 exstinctum
3462 3963 3745 4015 errorem?

2163 4039 2546 4096 monachorum
2579 4042 2971 4115 philosophiam
3004 4048 3120 4116 plus
3148 4065 3308 4117 qttam
3337 4051 3504 4106 solem
3535 4052 3742 4123 fulgen-

2164 4130 2314 4184 tem?
2344 4130 2605 4201 virginum
2637 4134 2874 4190 choros?
2897 4136 3034 4205 piam
3061 4139 3369 4209 religionem
3391 4144 3529 4211 apud
3555 4145 3745 4199 barba-

2162 4226 2284 4276 ros”!
2304 4223 2402 4278 sub
2433 4239 2538 4277 uno
2556 4224 2684 4294 jugo
2714 4227 3010 4283 servientes
3053 4231 3285 4285 omnes?
3330 4231 3512 4301 Neque
3536 4235 3678 4288 enim
3710 4252 3741 4288 a

2161 4316 2315 4370 nobis
2354 4325 2557 4371 tantum
2604 4318 2717 4371 luce
2764 4321 3015 4389 pnedicta
3059 4321 3234 4388 fuere,
3260 4323 3354 4376 sed
3396 4324 3505 4391 jam
3543 4326 3669 4379 olim
3707 4345 3735 4380 a

2138 4406 2571 4476 prophetisNon
2593 4410 2735 4464 enim
2753 4409 2872 4465 illas
2892 4426 3100 4482 quoque
3120 4412 3418 4467 confutabis
3438 4414 3739 4484 praedictio-

2161 4512 2288 4551 nes:
2310 4498 2426 4551 libri
2455 4514 2682 4568 namque
2698 4510 2825 4556 sunt
2844 4503 2981 4572 apud
3006 4502 3247 4556 inimicos
3272 4511 3515 4567 nostros;
3540 4504 3703 4560 etiam
3720 4538 3737 4548 -

2157 4602 2263 4657 que
2289 4587 2426 4656 apud
2450 4587 2889 4659 ercos,quibus
2917 4593 3227 4647 curantibus
3278 4593 3329 4647 in
3368 4593 3609 4649 Graream
3639 4596 3739 4650 liu-

2155 4694 2311 4749 guam
2337 4680 2578 4735 translati
2605 4694 2749 4736 sunt.
2782 4682 2942 4738 Multa
2972 4699 3187 4754 quoque
3224 4684 3301 4740 illi
3338 4684 3406 4740 de
3434 4686 3516 4741 his
3544 4689 3735 4756 prmiti-

2154 4782 2303 4837 cunt,
2337 4773 2679 4830 ostendentes
2710 4775 2874 4831 Deum
2906 4791 3025 4830 esse
3057 4778 3202 4832 illum
3230 4779 3317 4847 qui
3351 4789 3607 4834 venturus
3633 4790 3733 4835 est.

2226 4865 2279 4919 4.
2307 4865 2408 4918 Cur
2427 4881 2527 4918 non
2548 4883 2718 4920 oumes
2736 4867 2958 4920 homines
2980 4868 3205 4920 credunt.
3226 4899 3293 4907 —
3309 4868 3591 4936 Quomodo
3607 4886 3737 4940 ergo

2154 4971 2260 5010 non
2289 4970 2475 5012 omnes
2513 4973 2653 5012 nunc
2688 4956 2949 5012 credunt?
2985 4958 3118 5025 Quia
3170 4958 3220 5011 in
3263 4959 3414 5028 pejus
3452 4975 3540 5015 res
3570 4977 3739 5016 versa:

2152 5057 2298 5113 sunt,
2339 5057 2395 5104 et
2435 5063 2533 5104 nos
2575 5048 2628 5102 in
2668 5064 2825 5105 causa
2868 5064 3053 5104 sumus
3078 5068 3092 5103 :
3116 5065 3238 5102 nam
3278 5049 3493 5104 demum
3532 5051 3600 5106 ad
3642 5068 3736 5106 nos

2152 5143 2375 5197 vertitur
2403 5142 2594 5195 oratio.
2625 5140 2738 5196 Non
2766 5142 2907 5197 enim
2931 5157 2994 5195 ex
3018 5142 3183 5210 signis
3206 5151 3330 5196 tunc
3348 5141 3523 5196 solum
3550 5143 3734 5198 crede-

2151 5235 2307 5300 bant;
2334 5235 2427 5291 sed
2448 5236 2610 5290 etiam
2632 5251 2697 5290 ex
2721 5236 2824 5290 vita
2848 5236 2998 5290 multi
3030 5233 3097 5288 ad
3122 5233 3483 5289 accedendum
3515 5235 3734 5290 induce.

2150 5328 2361 5384 bantur.
2389 5327 2520 5383 Nam
2550 5329 2624 5382 ait
2654 5328 2742 5382 ille
2766 5346 2780 5381 :
2806 5327 2996 5381 Luceat
3020 5328 3111 5381 tua:
3130 5326 3292 5380 ucstra
3321 5344 3493 5380 coram
3514 5328 3730 5380 homini-

2148 5420 2258 5483 bus,
2288 5429 2343 5473 ut
2373 5418 2572 5473 videant
2596 5433 2750 5487 apere
2778 5429 2941 5472 vestra
2961 5418 3113 5483 bona,
3138 5428 3185 5472 et
3211 5420 3493 5489 gfon'ﬁcent
3525 5418 3730 5472 Patth

2147 5521 2393 5577 vestrum,
2437 5510 2525 5581 qui
2565 5526 2619 5563 nt
2655 5510 2792 5564 ctrlis
2838 5519 2910 5563 est
2959 5510 2978 5579 (
3008 5508 3099 5564 Id.
3149 5510 3204 5564 5.
3238 5511 3301 5566 16
3335 5510 3377 5581 ).
3415 5508 3565 5564 Tunc
3601 5506 3728 5562 Erat

2147 5605 2371 5659 nomium
2401 5619 2488 5659 cor
2511 5612 2559 5659 et
2585 5603 2755 5657 animo
2787 5619 2889 5658 una
2908 5643 2923 5668 ,
2967 5613 3015 5657 et
3054 5604 3226 5660 nullus
3257 5604 3520 5675 quidpiam
3549 5620 3727 5659 eorum
3782 5598 3791 5609 ’

2210 5760 2283 5823 (ιι)
2306 5761 2389 5811 ttic
2407 5759 2580 5813 Celsus
2600 5767 2695 5823 est,
2717 5768 2884 5813 contra
2906 5773 3055 5828 quem
3076 5762 3268 5828 scripsit
3299 5763 3561 5826 origcnes.
