4100 6214
397 302 468 360 5’5
1451 297 1519 358 IN
1556 298 1775 357 EPIST.
1816 295 1837 353 Ι
1901 294 1993 353 ΑΒ

2100 293 2189 353 ut.
2230 292 2463 353 1108111..
2506 295 2616 355 VII.
3600 313 3674 371 δι

394 439 511 499 qua:
525 420 764 487 habebat,
787 418 985 474 dicebat
997 432 1105 472 esse
1120 415 1416 489 proprium;
1436 416 1525 472 sed
1544 414 1794 470 habebant
1813 412 1987 469 omnia

401 513 723 577 communia,
757 520 805 565 et
841 510 1157 564 dividebatur
1195 508 1412 579 singulis
1457 517 1604 577 prout
1640 508 1820 576 cuique
1858 522 1988 577 opus

400 614 513 658 erat
541 603 674 674 (Act.
708 603 765 659 4.
792 600 883 659 32.
914 602 1043 671 35);
1073 610 1127 655 et
1153 602 1316 656 vitam
1343 602 1573 671 agebant
1591 600 1907 671 angelicam.
1929 598 1988 655 Si

401 708 541 747 nunc
576 693 646 746 ita
684 691 777 746 liat
798 732 815 758 ,
858 700 1027 747 totum
1054 692 1239 746 orbem
1266 693 1470 761 absque
1508 691 1675 761 signis
1700 700 1978 746 converte-

398 800 535 839 mus.
584 783 802 839 Interim
848 799 1018 851 vero,
1058 785 1149 855 qui
1193 784 1381 839 volunt
1422 784 1652 839 salutem
1692 784 1985 854 consequi.

395 874 679 928 attendant
724 874 1014 944 Scripturis
1038 892 1052 927 :
1078 875 1187 930 illic
1224 876 1369 930 enim
1415 875 1528 930 lucc
1558 876 1814 944 przeelare
1840 884 1987 945 gesta

394 968 710 1034 invenient,
755 976 916 1037 atque
961 966 1045 1021 his
1074 966 1232 1037 longe
1264 966 1435 1037 plura.
1465 966 1594 1021 Nam
1623 966 1722 1036 ipsi
1751 964 1987 1036 magistri

395 1059 557 1130 longe
604 1059 689 1113 illa
718 1057 1074 1129 superabant,
1107 1057 1320 1112 infame
1347 1068 1399 1113 et
1430 1056 1520 1112 siti
1546 1066 1600 1111 et
1627 1055 1866 1111 nuditate
1890 1056 1987 1110 de-

395 1161 608 1223 gentes.
641 1151 747 1207 Nos
776 1161 953 1206 autem
982 1149 1231 1205 volumus
1258 1151 1439 1205 multis
1471 1150 1570 1205 frui
1599 1149 1824 1214 deliciis,
1850 1149 1988 1202 otio-

389 1259 505 1316 que
527 1259 590 1299 ac
620 1242 854 1298 licentia.
886 1243 958 1296 At
984 1257 1090 1297 non
1120 1240 1231 1301 illi:
1260 1241 1370 1296 imo
1394 1241 1729 1296 clamabant:
1752 1240 1834 1294 Ad
1857 1240 1988 1293 lianc

391 1350 557 1401 usque
585 1335 762 1386 (eorum
789 1333 1039 1386 esurimus
1068 1341 1115 1386 et
1142 1331 1360 1397 sitimus,
1392 1340 1438 1384 et
1469 1330 1594 1383 undi
1624 1346 1801 1384 sumus
1832 1338 1879 1382 et
1903 1344 1987 1382 co-

397 1426 569 1496 laphis
598 1424 864 1491 credimur,
894 1434 940 1477 et
970 1422 1228 1477 instabiles
1255 1439 1429 1477 sumus
1453 1422 1531 1491 (Ι.
1555 1421 1671 1477 Cor.
1697 1421 1752 1476 4.
1779 1420 1887 1491 Η).
1924 1420 1987 1474 Et

391 1519 533 1573 alius
560 1514 779 1588 quidem
809 1530 838 1568 a
865 1514 1198 1587 Jerosolyma
1230 1529 1397 1584 usque
1421 1515 1487 1568 ad
1517 1513 1781 1583 lllyricum
1802 1528 1986 1567 curre-

397 1608 519 1672 bat;
564 1608 705 1661 alius
733 1608 787 1660 in
815 1605 1097 1672 ludorum,
1138 1604 1277 1661 alius
1323 1603 1376 1658 in
1418 1602 1720 1658 Maurorum
1751 1612 1981 1665 terram,

396 1700 538 1754 alius
558 1697 625 1754 ad
652 1698 785 1752 alias
807 1706 986 1768 partes
1006 1697 1154 1752 orbis
1180 1714 1193 1751 :
1220 1710 1316 1751 nos
1340 1705 1517 1751 autem
1540 1710 1608 1751 ne
1628 1711 1655 1749 a
1681 1696 1848 1765 patria
1870 1695 1988 1764 qui-

392 1794 518 1848 dem
544 1790 729 1861 egredi
753 1788 1035 1856 audemus,
1065 1788 1159 1845 sed
1186 1787 1407 1844 delicias
1431 1787 1719 1857 qna-rimus
1741 1787 1987 1857 :edesque

393 1881 729 1948 Splendidas,
753 1888 809 1936 et
828 1880 983 1933 aliam
1006 1894 1219 1934 omnem
1242 1894 1420 1934 rerum
1443 1875 1671 1947 copiam.
1696 1876 1825 1943 Quis
1845 1876 1985 1931 enim

396 1983 640 2028 nostrum
668 1972 896 2027 esurivit
924 1986 1173 2041 umquam
1206 1979 1423 2040 prepter
1448 1969 1667 2023 verbum
1699 1968 1829 2024 Dei?
1867 1969 1988 2038 quis

401 2064 455 2119 in
494 2063 786 2118 solitudine
816 2061 949 2116 fuit?
976 2062 1097 2132 quis
1141 2061 1299 2131 longe
1330 2060 1701 2130 peregrinatus
1726 2059 1842 2113 est?
1869 2059 1988 2128 quis

396 2171 468 2211 ex
492 2152 805 2209 doctoribus
843 2167 911 2207 ex
939 2151 1123 2207 labore
1153 2166 1407 2205 manuum
1441 2150 1646 2213 vivens,
1678 2149 1800 2204 aliis
1828 2164 1986 2219 apem

400 2245 564 2302 tulit?
608 2244 732 2315 quis
762 2253 989 2299 mortem
1017 2242 1270 2298 sustinuit
1312 2240 1711 2313 quotidianam?
1740 2242 1871 2295 llinc
1895 2240 1987 2310 qui

398 2339 683 2394 nobiscum
700 2347 849 2403 sunt,
869 2335 1169 2408 ignaviores
1185 2334 1337 2390 fiunt.
1360 2334 1569 2390 Etenim
1591 2335 1637 2390 si
1657 2336 1778 2405 quis
1798 2334 1985 2390 viderit

395 2430 602 2485 milites
629 2438 690 2484 et
712 2427 901 2492 duces,
932 2442 1054 2481 eum
1086 2425 1245 2493 fame,
1292 2425 1379 2481 siti
1426 2437 1480 2481 et
1519 2435 1692 2481 morte
1732 2426 1988 2497 malisque

393 2519 658 2573 omnibus
681 2526 1057 2572 concertantes
1077 2557 1092 2581 ,
1141 2516 1309 2587 frigus
1349 2524 1403 2570 et
1439 2515 1673 2585 pericula
1705 2515 1988 2586 omniaque

394 2610 649 2666 ferentes
672 2610 880 2663 leonum
907 2610 1075 2663 instar
1094 2616 1151 2664 et
1171 2617 1389 2664 strenue
1410 2617 1663 2679 agentes;
1688 2607 1989 2679 deindeque

396 2701 803 2775 philosophiam
832 2700 977 2756 illam
1006 2700 1277 2756 solventes
1302 2742 1318 2767 ,
1348 2707 1403 2755 et
1430 2700 1703 2755 molliores
1728 2700 1947 2756 ell'ectos
1968 2739 1986 2767 ,

394 2793 646 2866 pecunia:
676 2794 897 2864 cupidos
921 2834 934 2858 ,
978 2791 1425 2863 negotiationibus
1453 2800 1510 2847 et
1547 2793 1625 2848 rei
1651 2790 1988 2864 cauponariac

395 2887 723 2952 studentes,
765 2894 822 2943 et
858 2886 926 2941 ab
966 2884 1214 2941 hostibus
1251 2884 1524 2951 devictos;
1566 2893 1820 2941 extremm
1845 2894 1991 2941 esset

394 2981 655 3037 amentia:
683 2981 872 3035 barum
911 2993 1091 3034 rerum
1131 2993 1346 3035 causam
1373 2993 1642 3050 qumrere.
1673 2978 1786 3033 lloc
1809 2986 1989 3035 autem

397 3074 465 3129 de
510 3072 667 3127 nobis
716 3080 772 3126 et
818 3069 886 3124 de
929 3069 1225 3139 majoribus
1269 3070 1469 3124 nostris
1510 3067 1990 3139 cogitemusznam

397 3164 643 3218 omnium
674 3159 1007 3217 imbecillimi
1027 3159 1151 3216 facti
1179 3173 1385 3226 sumus,
1408 3168 1463 3214 et
1487 3160 1607 3215 vitae
1631 3160 1878 3230 prazsenti
1894 3159 1991 3215 ad-

396 3257 553 3312 dicti.
581 3255 735 3324 Qnod
759 3255 803 3311 si
836 3255 1085 3310 inventus
1113 3254 1377 3325 quispiam
1409 3253 1569 3308 fuerit
1592 3238 1871 3324 vestigium
1900 3254 1994 3307 ba-

400 3350 545 3404 heus
583 3345 784 3402 veteris
822 3346 1136 3416 sapientize,
1172 3346 1218 3399 is
1247 3344 1379 3400 foris
1414 3352 1471 3399 et
1505 3343 1725 3399 urbibus
1756 3344 1993 3408 relictis,

406 3451 577 3510 atque
615 3440 667 3494 in
712 3438 991 3494 hominum
1035 3437 1215 3493 medio
1252 3437 1453 3491 versari
1484 3444 1540 3491 et
1566 3437 1700 3492 alios
1729 3436 1996 3493 moderari

400 3546 650 3597 cessans,
679 3528 747 3585 ad
775 3538 986 3585 montes
1012 3543 1072 3584 se
1095 3526 1342 3582 confert:
1364 3526 1411 3581 si
1436 3527 1557 3598 quis
1584 3543 1712 3583 vero
1747 3541 1998 3583 secessus

2091 425 2308 467 causam
2337 412 2659 479 sciscitatur,
2686 426 2905 469 causam
2951 409 3044 470 ille
3088 415 3294 485 pulert
3323 416 3537 475 veniam
3572 436 3681 477 tuon

2093 512 2410 560 merentem.
2436 503 2514 558 Ne
2536 519 2771 574 peream,
2798 503 2991 575 inquit,
3019 521 3084 561 ac
3108 524 3177 562 ne
3203 508 3451 565 hebetior
3473 511 3539 566 ad
3568 512 3681 567 vir-

2095 605 2262 652 tutem
2289 596 2411 651 liam
2432 638 2447 661 ,
2477 596 2678 652 resilio.
2708 597 2776 652 Et
2801 606 3001 667 quanto
3025 599 3216 655 melius
3241 609 3410 666 esset,
3438 600 3685 658 hebetio-

2092 702 2208 743 rem
2234 697 2286 743 te
2316 688 2430 743 fieri
2457 697 2513 743 et
2538 688 2675 743 alios
2700 689 2927 756 lucrari,
2961 706 3122 762 quam
3155 692 3207 747 in
3235 693 3347 748 alto
3372 704 3680 750 manentem

2093 780 2287 835 fratres
2314 780 2595 851 despicere
2624 784 2957 852 pereuntes?
2994 782 3221 851 Quando
3251 785 3412 856 igitur
3450 786 3543 842 alii
3572 787 3683 844 viro

2094 880 2258 925 tutem
2285 886 2392 925 non
2419 880 2629 937 curant,
2661 871 2749 927 alii
2774 872 2865 943 qui
2889 887 3072 928 curam
3095 874 3212 944 ejus
3235 873 3453 943 habent,
3475 879 3544 933 ah
3565 879 3682 935 acie

2092 964 2274 1033 procul
2314 963 2607 1030 recedunt,
2650 965 2921 1035 quomodo
2945 967 3368 1037 expugnabimus
3396 968 3682 1025 inimicos?

2091 1052 2223 1109 Nam
2252 1055 2460 1110 etiamsi
2490 1071 2631 1111 nunc
2655 1057 2806 1126 signa
2831 1066 3031 1124 essent,
3064 1058 3306 1129 quisnam
3331 1061 3683 1130 persuadere-

2093 1148 2218 1202 tur?
2262 1156 2355 1202 aut
2383 1149 2503 1218 quis
2531 1164 2598 1203 ex
2627 1149 2864 1204 externis
2894 1148 3050 1204 nobis
3076 1151 3314 1207 animum
3358 1152 3677 1220 adhiberet,

2091 1238 2325 1309 nequitia
2345 1237 2423 1294 sic
2440 1253 2502 1293 su
2511 1239 2898 1310 pergrediente.
2918 1239 3051 1295 Nam
3069 1241 3174 1296 vita
3196 1253 3342 1297 recte
3358 1253 3478 1299 acta
3498 1246 3681 1299 multis

2090 1329 2304 1385 videtur
2327 1344 2449 1387 esse
2478 1331 2647 1400 magis
2674 1330 2779 1387 fide
2803 1330 2985 1402 digna.
3016 1332 3174 1402 Signa
3219 1332 3365 1389 enim
3408 1336 3547 1404 apud
3575 1337 3679 1389 im-

2092 1420 2354 1491 pudentes
2381 1430 2435 1475 et
2461 1420 2633 1475 malos
2660 1420 2904 1477 homines
2924 1422 2978 1477 in
3005 1438 3222 1492 pravam
3248 1423 3476 1493 aliquam
3498 1426 3679 1494 suspi-

2089 1512 2299 1568 cionem
2339 1513 2595 1579 venient;
2638 1512 2745 1569 vita
2788 1524 2966 1570 autem
3008 1531 3139 1585 pura
3188 1516 3360 1585 ipsum
3392 1530 3453 1571 os
3480 1516 3681 1571 diaboli

2089 1604 2302 1660 abunde
2326 1604 2607 1661 obstruere
2652 1606 2868 1676 poterit.
2918 1605 3044 1662 Haec
3073 1616 3251 1661 autem
3278 1606 3404 1662 dico
3430 1617 3484 1662 et
3511 1607 3683 1677 impc-

2091 1699 2331 1755 rantibus
2360 1707 2410 1756 et
2444 1699 2670 1770 imperio
2695 1700 3009 1770 parentibus
3030 1739 3047 1765 ,
3078 1710 3132 1754 et
3163 1716 3272 1769 prie
3298 1701 3515 1756 czeteris
3540 1700 3673 1755 mihi

2091 1789 2214 1860 ipsi,
2259 1800 2318 1845 ut
2360 1790 2520 1845 vitam
2559 1789 2908 1845 exbilueamus
2948 1790 3268 1852 mirabilem.
3308 1800 3362 1845 et
3407 1805 3530 1845 cum
3576 1806 3675 1845 nos

2095 1880 2241 1949 ipsos
2269 1881 2757 1951 composuerimus,
2781 1882 3063 1951 praesentia
3088 1882 3267 1936 omnia
3295 1882 3678 1950 despiciamus.

2091 1974 2507 2029 Contemnamus
2530 1975 2829 2044 pecuniam,
2852 1983 2907 2030 et
2926 1990 3031 2030 non
3050 1987 3457 2031 contemnamus
3474 1974 3681 2045 gehen-

2092 2081 2214 2120 nam
2240 2082 2254 2120 :
2280 2066 2641 2136 despiciamus
2664 2066 2886 2136 gloriam
2912 2106 2929 2133 ,
2962 2074 3018 2121 et
3046 2082 3113 2120 ne
3151 2066 3512 2136 despiciamus
3537 2066 3682 2120 salu-

2093 2167 2200 2211 tem
2228 2173 2244 2212 :
2270 2158 2357 2211 hic
2379 2157 2667 2212 subeamus
2691 2156 2944 2212 sudorem
2972 2165 3029 2212 et
3057 2157 3319 2224 laborem,
3350 2166 3409 2211 ut
3436 2172 3543 2212 non
3571 2157 3681 2212 illic

2094 2247 2388 2303 incidamus
2417 2248 2469 2301 in
2503 2247 2846 2317 supplicium.
2894 2248 2986 2303 Sic
3014 2263 3138 2303 cum
3167 2248 3451 2316 gentilibus
3479 2248 3679 2303 bellium

2092 2352 2359 2406 geramus,
2381 2337 2460 2392 sic
2479 2337 2597 2391 illos
2619 2336 2947 2392 abducamus
2970 2336 3022 2392 in
3045 2339 3408 2407 captivitatem
3437 2339 3681 2393 libertate

2092 2432 2539 2501 prrestantiorem.
2586 2430 2789 2487 Verum
2836 2431 2952 2487 haec
2993 2446 3140 2500 saepe
3192 2440 3248 2487 et
3292 2430 3603 2502 frequenter
3648 2447 3679 2483 a

2094 2524 2249 2578 nobis
2269 2522 2541 2590 dicuntur,
2573 2538 2697 2578 raro
2724 2531 2904 2578 autem
2937 2523 3090 2577 llunt.
3117 2522 3385 2578 Caeterum
3427 2522 3540 2577 sive
3567 2521 3682 2577 lure

2094 2615 2224 2668 liant
2244 2655 2259 2679 ,
2289 2615 2400 2668 sive
2427 2630 2536 2668 non
2569 2616 2695 2668 fiant
2714 2656 2727 2670 .
2755 2630 2968 2685 :cquum
2998 2623 3081 2669 est
3123 2629 3219 2684 per
3258 2629 3318 2668 ea
3348 2629 3445 2668 vos
3466 2614 3683 2668 assidue

2094 2721 2337 2762 monere.
2387 2704 2445 2760 Si
2494 2705 2637 2760 enim
2688 2706 2841 2761 bonis
2890 2704 3073 2761 verbis
3123 2704 3338 2776 quidam
3382 2703 3681 2774 decipiunt,

2095 2798 2265 2851 nmlto
2293 2796 2461 2867 magis
2485 2812 2582 2867 par
2609 2806 2694 2853 est
2732 2813 2828 2852 eos
2851 2837 2867 2861 ,
2917 2796 3009 2867 qui
3035 2796 3105 2851 ad
3134 2796 3413 2851 veritatem
3446 2795 3680 2862 ducunt,

2094 2903 2201 2942 non
2229 2886 2507 2959 defatigari
2539 2889 2592 2943 in
2620 2886 2850 2943 dicendo
2878 2903 2941 2943 ea
2966 2903 3087 2959 qua:
3116 2897 3243 2943 sunt
3269 2887 3443 2942 utilia.
3472 2886 3606 2941 Nam
3636 2887 3683 2942 si

2094 2979 2417 3049 dt-ceptorcs
2444 2987 2521 3034 tot
2546 2979 2810 3034 machinis
2850 2988 3072 3034 utuntur
3098 2997 3112 3034 :
3134 2979 3391 3049 pecunias
3416 2977 3558 3032 enim
3586 2978 3687 3033 isn-

2099 3071 2333 3141 pendunt
2351 3112 2365 3136 ,
2398 3073 2558 3127 verba
2589 3071 2885 3137 adhibent,
2911 3070 3145 3142 pericula
3169 3070 3424 3136 subeunt,
3449 3077 3507 3124 et
3547 3084 3686 3139 pra:-

2100 3163 2331 3219 fei-tnras
2357 3173 2666 3219 ostentant:
2691 3165 2860 3219 multo
2898 3163 3068 3235 magis
3104 3178 3204 3219 nos
3226 3202 3244 3228 ,
3272 3163 3364 3233 qui
3405 3177 3435 3216 a
3477 3162 3685 3216 fallacia

2097 3256 2433 3321 abducimus,
2463 3267 2518 3311 et
2550 3257 2789 3327 pericula
2819 3265 2875 3313 et
2898 3266 3103 3312 mortes
3126 3265 3181 3311 et
3204 3256 3384 3311 omnia
3412 3254 3682 3310 sustinere

2098 3358 2353 3418 oportet,
2399 3357 2457 3404 ut
2482 3358 2541 3405 et
2565 3364 2665 3404 nos
2690 3350 2837 3420 ipsos
2861 3358 2919 3405 et
2945 3349 3081 3405 alios
3110 3347 3299 3404 luerati
3324 3388 3339 3414 ,
3368 3356 3425 3403 et
3452 3346 3684 3402 inimicis

2104 3440 2542 3510 inexpugnabiles
2585 3442 2729 3508 facti,
2768 3441 3032 3512 promissa
3079 3439 3220 3496 bona
3264 3453 3681 3510 consequamur,

2106 3532 2277 3601 gratia
2305 3541 2361 3587 et
2388 3532 2738 3605 benignitate,
2770 3541 2877 3590 etc.

1785 3738 2132 3803 HOMILIA
2174 3743 2313 3805 νη.

404 3895 539 3952 Car.
572 3892 631 3949 2.
658 3908 712 3948 v.
746 3891 800 3947 6.
833 3888 1151 3960 Sapientiam
1178 3895 1344 3942 autent
1374 3887 1623 3957 loquimur
1661 3888 1792 3941 inter
1821 3885 1994 3958 perfe—

478 3996 585 4040 ctas
597 4001 618 4049 ;
648 3982 953 4051 sapientiam
978 3996 1092 4035 vero
1117 3995 1221 4034 non
1247 3978 1402 4050 hujus
1430 3979 1608 4033 πριιιί
1626 4020 1641 4043 ,
1673 3994 1830 4049 neque
1852 3977 1998 4047 prin-

477 4078 653 4145 cipum
680 4075 836 4144 hujus
859 4073 1059 4138 ποιαί,
1094 4072 1183 4143 qui
1221 4073 1588 4137 destruantur;
1621 4072 1677 4126 7.
1705 4070 1794 4124 sed
1832 4070 1998 4139 loqui-

480 4185 596 4221 mur
619 4165 719 4220 Dei
747 4165 1046 4234 sapientium
1071 4164 1124 4217 iu
1150 4162 1409 4234 mysterio,
1436 4178 1551 4230 quae
1574 4160 1866 4215 abscondita
1892 4168 1963 4214 est
1982 4199 1998 4223 ,

474 4278 636 4333 quam
683 4257 1058 4330 pradestiuaoit
1101 4256 1244 4313 Deus
1286 4265 1406 4310 aute
1451 4254 1640 4310 saecula
1680 4254 1736 4308 iu
1783 4252 2003 4324 gloriam

477 4362 732 4408 ποαναηι.

480 4448 536 4503 l.
568 4443 832 4501 Tenebrae
879 4439 1126 4497 videntur
1168 4454 1290 4497 esse
1329 4438 1449 4496 luce
1476 4436 1893 4508 opportuniores
1938 4435 2004 4491 iis

406 4536 500 4606 qui
535 4534 785 4589 laborant
817 4531 1032 4597 oculis;
1072 4531 1303 4603 ideoque
1343 4530 1512 4601 magis
1534 4529 1603 4585 ad
1633 4528 2002 4584 adumbratam

406 4624 690 4680 cdiculam
718 4621 1051 4692 confugiunt.
1081 4621 1195 4677 Hoc
1231 4621 1397 4677 etiam
1428 4635 1526 4675 usu
1563 4621 1708 4676 venit
1751 4620 1806 4674 in
1850 4617 2007 4690 spiri-

410 4717 542 4772 tuali
583 4713 872 4787 sapientia.
906 4713 1000 4769 Dei
1043 4712 1262 4784 quidem
1288 4711 1549 4783 sapientia
1582 4712 1822 4767 externis
1848 4709 2003 4765 vide-

410 4809 573 4865 batur
596 4823 722 4864 esse
751 4805 972 4863 stultitia
1002 4822 1017 4870 ;
1042 4819 1235 4861 eorum
1264 4819 1395 4859 vero
1420 4802 1705 4875 sapientia,
1734 4817 1855 4873 quae
1880 4816 2007 4857 vere

413 4902 643 4957 stultitia
679 4907 817 4967 erat,
846 4899 914 4953 ab
941 4898 1076 4970 ipsis
1103 4896 1365 4969 sapientia
1392 4904 1633 4966 reputata
1667 4893 1785 4950 fuit.
1818 4893 1885 4949 Et
1908 4908 2004 4963 pe-

415 4992 575 5047 rinde
596 4989 961 5061 contingebat,
986 5003 1049 5043 ac
1077 4990 1121 5044 si
1150 4988 1271 5059 quis
1296 4986 1557 5056 sapientia
1583 4996 1639 5040 et
1667 4993 1783 5040 arte
1811 4984 2006 5055 guber-

422 5080 589 5135 nandi
612 5090 785 5145 utens,
816 5079 1231 5149 pollicereturse
1252 5077 1370 5132 sine
1395 5090 1529 5131 nave
1553 5084 1609 5131 et
1632 5073 1764 5130 velis
1791 5074 2009 5144 pelagus

420 5171 744 5226 immensam
768 5184 895 5228 esse
921 5168 1357 5225 transmissurum
1381 5183 1399 5235 ;
1442 5166 1746 5238 deindeque
1778 5174 2011 5222 tentaret

417 5260 718 5316 ratiociniis
761 5261 989 5333 probare
1025 5261 1127 5316 hoc
1155 5259 1268 5315 fieri
1304 5273 1505 5330 posse;
1536 5258 1674 5313 alius
1699 5272 1829 5313 vero
1860 5257 2005 5328 quis-

415 5353 565 5425 piam
593 5355 834 5411 omnium
864 5353 1167 5424 imperitus,
1199 5353 1341 5419 navi,
1372 5351 1719 5423 gubernatori
1747 5360 1802 5406 et
1830 5348 2008 5404 nautis

413 5462 544 5502 sese
575 5446 943 5512 committens,
988 5446 1068 5501 sic
1094 5461 1216 5501 cum
1257 5449 1547 5502 securitate
1576 5443 1870 5514 navigaret.
1900 5441 2013 5497 llu-

410 5540 513 5611 jus
524 5538 671 5596 enim
696 5554 760 5595 ea
779 5554 901 5612 qua:
917 5538 1128 5595 videtur
1145 5552 1266 5595 esse
1286 5536 1571 5609 lmperitia,
1591 5536 1732 5591 illius
1751 5534 2013 5605 sapientia

416 5632 723 5702 sapientior
744 5640 910 5689 esset.
943 5630 1088 5686 Bona
1109 5629 1305 5701 quippe
1324 5638 1408 5686 est
1434 5641 1524 5684 ars
1538 5626 1893 5700 gubernandi,
1915 5622 2013 5681 sed

420 5739 553 5782 etim
575 5725 781 5799 majora
796 5738 955 5797 quam
976 5737 1075 5794 par
1090 5721 1160 5777 sit
1184 5722 1487 5793 pollicetur,
1517 5721 1740 5780 stultitia
1764 5719 2009 5794 quaedam

772 5824 1044 5883 l’nnou.
1090 5819 1211 5879 Gn.
1255 5819 1416 5883 LXI.

2104 3899 2222 3955 est;
2250 3899 2309 3945 ut
2335 3899 2391 3947 et
2424 3892 2600 3947 omnis
2624 3906 2736 3957 ars,
2763 3905 2883 3962 qua:
2910 3906 3018 3948 non
3042 3888 3157 3947 suis
3189 3897 3444 3947 contenta
3470 3897 3552 3944 est
3583 3897 3695 3946 ter-

2103 3982 2284 4040 minis.

2176 4073 2442 4145 Sapientia
2476 4073 2894 4144 pltilosophorum
2920 4081 3208 4127 exterarum
3234 4070 3448 4126 stultitia
3474 4080 3601 4125 erat.
3625 4099 3695 4111 —-

2106 4163 2198 4221 Sic
2237 4166 2398 4221 etiam
2435 4175 2660 4222 externa
2690 4165 2949 4235 sapientia
2986 4162 3177 4219 fuisset
3218 4163 3498 4233 sapientia,
3530 4163 3574 4217 si
3601 4176 3693 4218 usa

2107 4266 2253 4313 esset
2277 4256 2477 4328 Spiritu
2509 4274 2523 4311 :
2560 4255 2656 4311 sed
2680 4255 2803 4327 quia
2832 4255 2933 4311 sibi
2977 4255 3154 4310 omnia
3199 4252 3464 4325 permisit,
3510 4268 3610 4309 nec
3637 4269 3695 4310 se

2109 4347 2307 4404 auxilio
2348 4346 2456 4403 ullo
2492 4361 2630 4418 opus
2676 4346 2875 4403 habere
2897 4346 3122 4417 putavit,
3163 4344 3387 4401 stultitia
3429 4345 3561 4400 facta
3591 4355 3694 4411 est,

2109 4441 2210 4497 etsi
2251 4439 2521 4496 videretur
2563 4440 2823 4510 sapientia
2858 4454 3003 4495 esse.
3037 4439 3378 4509 Quapropter
3403 4452 3525 4493 cum
3552 4438 3696 4508 prius

2109 4533 2255 4590 illam
2276 4547 2342 4588 ex
2368 4532 2531 4589 rebus
2557 4531 2685 4602 ipsis
2710 4529 3062 4598 confutasset,
3094 4539 3222 4586 tunc
3251 4529 3395 4585 illam
3421 4529 3697 4585 stultitiam

2110 4625 2357 4688 vocavit;
2384 4632 2584 4681 etcum
2609 4622 2758 4693 prius
2781 4622 2880 4678 Dei
2910 4621 3228 4693 sapientiam
3248 4635 3314 4676 ex
3344 4620 3558 4676 illorum
3579 4634 3697 4675 sen-

2112 4715 2276 4770 tentia
2325 4714 2602 4770 stultitiam
2632 4722 2920 4779 voeasset,
2964 4722 3092 4768 tunc
3128 4711 3364 4767 ostendit
3404 4710 3551 4765 illam
3580 4724 3699 4766 esse

2111 4807 2426 4878 sapientiam
2452 4805 2476 4879 (
2504 4821 2628 4862 nam
2653 4816 2776 4877 post
2799 4804 3143 4876 probationes
3170 4812 3296 4858 tunc
3321 4801 3555 4857 maxime
3582 4816 3699 4871 pos-

2112 4906 2238 4955 sunt
2253 4896 2684 4954 contradicentes
2707 4894 2911 4966 pudore
2935 4893 3195 4961 sutl'undi)
3221 4910 3234 4946 :
3265 4902 3321 4948 et
3341 4891 3416 4947 ait
3442 4910 3456 4948 :
3480 4891 3701 4962 Sapien-

2115 4990 2236 5044 tiam
2251 4999 2419 5043 autem
2437 4988 2692 5058 loquimur
2714 4987 2845 5040 inter
2865 4989 3131 5057 perfectos.
3156 4983 3289 5039 Nam
3314 4998 3438 5039 cum
3464 4999 3587 5054 ego,
3613 4981 3704 5054 qui

2114 5080 2309 5136 stultus
2327 5093 2450 5135 esse
2472 5084 2529 5133 et
2553 5076 2713 5133 stulta
2752 5074 3048 5146 praedicare
3070 5076 3352 5132 existimor
3368 5114 3383 5140 ,
3405 5074 3704 5145 sapientem

2116 5184 2463 5243 superavero,
2490 5183 2598 5224 non
2640 5182 2737 5237 per
2770 5166 3051 5224 stultitiam
3082 5166 3331 5237 superavi
3367 5164 3705 5236 sapientiam,

2115 5262 2211 5319 sed
2242 5277 2338 5333 per
2361 5261 2676 5332 sapientiam
2704 5260 3079 5331 perlectiorem
3096 5301 3113 5327 ,
3140 5268 3199 5316 et
3225 5267 3425 5314 tantam
3452 5264 3712 5326 tantoque

2118 5353 2210 5409 illa
2241 5352 2521 5423 majorem,
2552 5360 2612 5406 ut
2632 5350 2722 5406 illa
2748 5351 2970 5406 stultitia
2995 5364 3117 5406 esse
3142 5348 3405 5404 videatur.
3431 5345 3558 5401 Ideo
3584 5357 3709 5400 cum

2115 5445 2266 5516 prius
2306 5444 2451 5499 illam
2484 5442 2556 5498 ita
2586 5451 2865 5508 vocasset,
2895 5450 2956 5497 ut
2984 5440 3061 5496 illi
3089 5447 3216 5495 tunc
3245 5436 3632 5503 nominabant,
3656 5445 3720 5492 et

2118 5551 2185 5592 ex
2213 5534 2375 5592 rebus
2399 5534 2531 5604 ipsis
2555 5532 2834 5589 victoriam
2870 5529 3233 5597 exhibuisset,
3263 5528 3491 5601 illosque
3517 5526 3711 5583 admo-

2118 5627 2246 5683 dum
2285 5627 2479 5682 stultos
2511 5640 2635 5683 esse
2663 5624 2946 5695 probasset
2984 5640 3001 5680 :
3042 5622 3113 5680 de
3138 5630 3337 5680 caetero
3376 5636 3574 5681 nomen
3603 5619 3711 5691 ipsi

2123 5719 2252 5785 dat,
2271 5715 2417 5792 quod
2454 5717 2508 5776 ei
2533 5715 2856 5787 conveniat,
2893 5714 3115 5772 dicens:
3142 5713 3463 5789 Sapientiam
3490 5726 3609 5769 vero
3635 5709 3711 5764 lo-
