4100 6214
391 376 462 434 55
1145 353 1197 409 s.
1226 343 1507 406 'JOANNIS
1545 336 2018 401 cunrsosrom
2060 337 2369 396 ARCIIIEP.
2411 341 2941 400 CONSTANTINOP.
3599 343 3665 399 se

383 479 584 548 quimur
611 471 740 527 inter
770 473 1033 539 perfectos.
1059 462 1386 534 Sapientiam
1411 455 1746 524 autcmdicit
1775 455 1972 526 praedii

392 547 652 625 rationem
677 573 742 618 et
767 561 981 617 modum
1025 555 1208 611 salutis
1227 595 1242 620 ,
1277 566 1470 621 nempe
1499 550 1704 605 salvum
1735 547 1847 601 ﬁeri
1880 561 1973 614 per

388 672 639 719 crucem;
675 652 938 722 perfectos
965 658 1173 714 autem,
1206 658 1301 699 eos
1338 643 1430 713 qui
1480 640 1842 696 crediderunt.
1876 637 1972 691 Et-

387 751 534 803 enim
559 747 630 801 illi
657 744 870 815 perfecti
893 749 1035 804 sunt,
1057 744 1146 810 qui
1173 739 1402 810 humana
1423 734 1662 788 videntes
1679 745 1799 786 esse
1825 730 1977 783 valde

393 841 624 903 inﬁrma,
658 836 850 904 illaque
879 830 1256 901 despicientcs,
1303 839 1619 897 persuasum
1653 821 1848 876 habent
1889 822 1974 874 illa

394 933 522 988 nihil
549 925 942 989 sibi-conferre,
961 921 1258 994 cujusmodi
1287 920 1501 974 fuerunt
1533 917 1737 973 ﬁdeles.
1759 915 1980 983 Sapien-

393 1026 513 1077 tiam
551 1028 716 1074 autem
743 1034 846 1072 non
887 1017 1041 1086 hujus
1078 1013 1271 1068 surculi.
1319 1011 1417 1066 Ubi
1460 1022 1690 1077 namque
1719 1006 1862 1059 utilis
1898 1014 1981 1058 est

392 1121 611 1167 externa
641 1108 922 1179 sapientia,
950 1121 1071 1176 quae
1099 1103 1184 1159 hic
1210 1102 1428 1173 quidem
1454 1099 1651 1154 desiuit
1675 1105 1729 1153 et
1755 1096 1980 1152 ulterius

393 1218 500 1257 non
529 1200 890 1273 progreditur,
930 1211 1102 1265 neque
1140 1194 1228 1248 hic
1270 1191 1528 1262 prodesse
1556 1198 1729 1258 potest
1759 1187 1845 1254 iis,
1889 1186 1980 1255 qui

392 1294 478 1347 illa
507 1301 631 1347 sunt
658 1290 903 1362 przediti?
932 1287 1208 1354 Principes
1227 1292 1403 1338 autem
1431 1280 1612 1335 sreculi
1636 1278 1722 1333 hic
1748 1292 1852 1332 non
1875 1275 1986 1330 dte-

398 1399 584 1438 tnoncs
626 1381 885 1452 quosdam
925 1378 1076 1442 dicit,
1111 1387 1166 1429 ut
1195 1373 1412 1446 quidam
1461 1371 1837 1440 suspicantur;
1887 1366 1981 1422 sed

397 1491 514 1539 eos,
562 1474 651 1544 qui
684 1474 735 1526 in
774 1469 1120 1541 dignitatibus
1148 1476 1203 1520 et
1245 1466 1298 1519 in
1343 1463 1681 1533 magistratu,
1729 1460 1818 1531 qui
1869 1473 1983 1514 rem

400 1567 542 1620 illam
585 1565 893 1624 existimant
934 1559 1278 1629 przeclaram,
1313 1553 1683 1625 philoSOphos,
1715 1559 1982 1614 oratores,

400 1658 693 1726 scriptorcs
723 1670 737 1708 :
784 1669 904 1707 nam
948 1653 1001 1706 hi
1036 1665 1180 1719 szrpe
1211 1647 1546 1718 imperabant
1582 1653 1636 1698 ct
1675 1644 1988 1713 plerumque

400 1747 582 1817 populi
615 1745 863 1800 ductores
903 1751 1076 1798 erant.
1107 1740 1275 1809 Ilujus
1303 1747 1480 1792 autem
1507 1734 1686 1792 smculi
1721 1732 1988 1803 principes

406 1838 648 1898 vocavit,
682 1836 803 1906 quia
837 1834 1073 1904 ipsorum
1115 1830 1397 1900 imperium
1441 1842 1548 1882 non
1579 1826 1715 1880 ultra
1755 1835 1991 1894 praesens

404 1928 658 1984 saeculum
700 1924 984 1995 procedit:
1017 1921 1366 1992 quamobrem
1411 1915 1684 1987 subjuuxit
1713 1931 1727 1968 :
1763 1913 1863 1980 Qui
1906 1913 1993 1964 de-

403 2027 694 2080 struantur;
724 2031 788 2070 cx
817 2030 874 2070 re
900 2014 1010 2082 ipsa
1038 2013 1182 2066 illam
1204 2007 1491 2064 confutans
1516 2014 1572 2062 et
1596 2021 1660 2059 ex
1691 2004 1754 2057 iis
1782 2002 1871 2072 qui
1904 2001 1991 2055 illa

407 2119 648 2164 utuntur.
690 2107 823 2162 Cum
853 2101 1182 2160 ostendisset
1216 2101 1359 2155 enim
1391 2098 1536 2151 illam
1568 2095 1754 2150 falsam
1791 2107 1912 2148 esse
1939 2101 1994 2146 et

407 2203 623 2257 stultam
644 2242 660 2267 ,
687 2210 746 2256 et
777 2198 910 2253 nihil
940 2195 1181 2251 invenire
1211 2207 1367 2262 posse
1389 2233 1403 2256 ,
1437 2191 1808 2256 inlirmamque
1833 2199 1954 2241 esse
1979 2201 1994 2238 :

408 2295 644 2351 ostendit
677 2295 839 2349 etiam
885 2305 1052 2362 parvo
1079 2298 1322 2358 tempore
1349 2285 1667 2341 consistere.
1701 2281 1808 2336 Sed
1833 2279 1998 2349 loqui-

409 2404 524 2440 mur
557 2386 646 2439 Dei
674 2384 978 2452 sapientiam
1007 2382 1060 2434 in
1085 2378 1342 2450 mysterio.
1369 2375 1427 2430 In
1455 2388 1563 2445 quo
1585 2369 1881 2444 mysterio?
1906 2370 1999 2423 At-

410 2481 498 2548 qui
533 2479 662 2533 dieit
692 2476 940 2531 Christus
969 2492 983 2526 :
1020 2472 1171 2539 Quod
1204 2471 1257 2524 in
1295 2485 1418 2522 aure
1451 2467 1697 2528 audistis,
1731 2462 2001 2533 pradicate

412 2588 563 2640 super
592 2578 716 2623 tectu
747 2565 961 2636 (Matth.
988 2563 1072 2618 10.
1097 2562 1209 2630 27).
1234 2557 1515 2626 Quomodo
1536 2570 1665 2626 ergo
1687 2555 1830 2609 illam
1847 2559 2002 2606 vocat

415 2659 768 2733 mysterium?
794 2655 927 2724 Quia
959 2668 1132 2723 neque
1159 2650 1382 2721 angelus
1413 2663 1586 2718 neque
1615 2642 1966 2714 archangelus
1984 2683 2000 2706 ,

417 2768 590 2822 neque
613 2751 715 2804 ulla
739 2756 915 2803 creata
941 2753 1176 2816 potestas
1203 2742 1252 2796 id
1276 2749 1496 2795 noverat
1521 2746 1806 2808 antequam
1831 2733 1999 2788 ﬁeret.

418 2845 543 2899 Ideo
573 2843 666 2906 ait,
701 2839 768 2894 Ut
797 2839 1080 2892 innotescat
1108 2851 1239 2888 nunc
1269 2830 1636 2904 principatibus
1665 2839 1710 2884 et
1742 2826 2003 2898 potestati-

419 2941 511 2992 bus
549 2939 602 2991 in
630 2934 912 2990 ea’lestibus
951 2948 1040 3002 per
1082 2929 1362 2985 Ecclesiam
1405 2923 1728 2997 multiformis
1759 2919 2007 2991 sapientia

426 3029 523 3084 Dei
552 3025 770 3098 (Ep/tes.
803 3022 1000 3093 5.·10).
1033 3021 1145 3076 lloc
1171 3027 1348 3074 autem
1380 3015 1506 3072 fecit
1537 3015 1675 3070 Deus
1705 3027 1802 3068 nos
1834 3011 2006 3066 hono-

425 3135 573 3183 rans,
603 3127 662 3172 ut
689 3117 966 3172 nobiscum
997 3113 1246 3168 audirent
1277 3107 1552 3180 mysteria.
1585 3106 1717 3161 Nam
1751 3118 1849 3159 nos
1875 3115 2007 3173 quo-

423 3227 531 3281 que
559 3210 656 3274 eis,
691 3221 825 3279 quos
856 3206 1008 3262 nobis
1036 3203 1319 3259 fecerimus
1347 3200 1569 3265 amicos,
1604 3199 1705 3252 hoc
1729 3210 2012 3266 argumen-

425 3312 538 3359 tum
564 3303 793 3356 dicimus
812 3313 932 3355 esse
952 3296 1200 3352 amicitia:
1226 3303 1446 3358 nostrae,
1474 3289 1617 3362 quod
1641 3287 1841 3344 nemini
1868 3288 2014 3357 prius

425 3411 586 3466 quam
614 3394 743 3464 ipsis
769 3398 973 3447 secreta
1004 3387 1328 3444 revelemus.
1357 3383 1591 3440 Andiant
1621 3383 1656 3437 ii
1683 3383 1772 3452 qui
1819 3377 2013 3450 praedi-

425 3487 696 3543 cationem
751 3481 1076 3546 traducunt,
1143 3477 1498 3546 omnibusque
1555 3471 2014 3529 indiscriminatim

429 3576 747 3648 margaritas
779 3584 835 3628 et
875 3572 1065 3642 dogma
1093 3568 1370 3624 enuntiant
1399 3575 1454 3622 et
1493 3574 1676 3621 sancta
1716 3562 1937 3618 canibus
1963 3568 2018 3615 et

431 3671 610 3742 porcis
637 3665 1027 3738 superﬂuisquc
1057 3660 1349 3718 ratiociniis
1380 3657 1686 3729 projiciunt.
1710 3654 2018 3725 Mysterium

437 3778 665 3833 namque
712 3757 1030 3832 probatione
1073 3771 1208 3826 opus
1256 3769 1362 3809 non
1412 3751 1608 3817 habet;
1639 3749 1733 3805 sed
1776 3749 1826 3802 id
1880 3745 2020 3818 quod

438 3865 522 3910 est
571 3856 939 3908 aununtiatur.
994 3847 1206 3904 Etenim
1261 3861 1366 3900 non
1419 3845 1524 3900 erit
1576 3851 1748 3898 totum
1818 3849 2019 3911 myste-

415 3946 577 4000 -rium
627 3943 912 4006 divinum,
953 3953 1074 3995 cum
1127 3953 1156 3992 a
1203 3946 1254 3993 te
1314 3935 1431 4006 ipso
1484 3933 1683 4005 aliquid
1731 3931 2020 3986 addideris.

439 4036 687 4106 Alioquin
716 4048 846 4089 vero
875 4029 1188 4103 mysterium
1224 4036 1468 4090 vocatur,
1496 4026 1618 4096 quia
1656 4038 1762 4079 non
1803 4037 1920 4093 quae
1949 4023 2026 4075 vi-

439 4127 651 4192 demus,
679 4124 986 4190 credimus,
1010 4119 1105 4177 sc‘d
1147 4119 1252 4174 alia
1291 4117 1556 4181 videmus,
1580 4115 1683 4170 alia
1731 4114 2024 4170 credimus.

441 4217 586 4270 Talis
629 4229 862 4285 namque
903 4221 988 4268 est.
1029 4211 1410 4283 mysteriorum
1459 4217 1768 4263 nostrorum
1817 4215 2028 4261 natura.

445 4309 564 4364 Alio
594 4309 754 4379 igitur
783 4305 943 4360 modo
970 4319 1098 4376 ego,
1142 4313 1197 4360 et
1233 4303 1337 4358 alio
1375 4301 1610 4358 infidelis
1640 4301 1781 4356 circa
1812 4300 1928 4356 haec
1955 4299 2031 4355 af-

446 4397 568 4453 fecti
597 4413 803 4452 sumus.
837 4391 1011 4450 Atidio
1036 4408 1156 4464 ego,
1187 4392 1330 4464 quod
1355 4391 1643 4447 cruciﬁxus
1667 4391 1736 4446 sit
1761 4390 2027 4454 Christus,

445 4499 504 4546 et
534 4491 650 4558 ejus
675 4504 798 4558 erga
828 4486 1073 4540 homines
1107 4499 1345 4540 amorem
1376 4484 1554 4538 statim
1592 4482 1859 4544 admiror;
1887 4480 2034 4535 audit

447 4581 574 4645 ille,
607 4586 664 4632 et
699 4577 1122 4633 imbecillitatem
1150 4583 1299 4646 putat
1326 4591 1340 4626 :
1372 4574 1532 4629 audio
1560 4573 1701 4643 quod
1733 4586 1920 4627 servus
1958 4571 2034 4626 fa-

451 4677 570 4724 ctus
596 4668 685 4734 sit,
712 4675 767 4722 et
799 4665 1184 4736 provutentiam
1213 4663 1481 4728 admiror;
1508 4661 1655 4717 audit
1684 4662 1774 4717 ille
1794 4670 1848 4716 et
1871 4661 2036 4717 dede-

447 4777 545 4819 eus
566 4776 686 4818 esse
705 4769 858 4834 putat
881 4777 895 4814 :
919 4757 1080 4813 audio
1099 4756 1240 4829 quod
1264 4762 1506 4811 mortuus
1527 4757 1615 4818 sit.
1639 4763 1693 4811 ct
1712 4755 1778 4810 de
1799 4755 2032 4824 potentia

450 4857 568 4924 ejus
611 4857 966 4926 obstupesco,
1015 4851 1160 4922 quod
1196 4865 1224 4905 a
1264 4858 1438 4906 morte
1468 4865 1574 4904 non
1605 4856 1888 4920 superatus
1928 4849 2032 4917 sit,

451 4950 561 5002 imo
587 4949 745 5002 etiam
775 4955 1001 5001 mortem
1027 4943 1360 5010 dissolverit;
1389 4943 1536 4998 audit
1563 4943 1654 4998 ille
1671 4985 1686 5010 ,
1715 4951 1768 4998 et
1793 4943 2035 4998 imbecil-

454 5039 659 5094 litatem
705 5036 1025 5104 suspicatur.
1071 5037 1200 5090 Cum
1241 5035 1389 5090 audit
1427 5035 1515 5090 ille
1544 5034 1995 5090 resurrectionem
2019 5075 2032 5099 ,

453 5129 688 5184 fabulam
721 5142 842 5182 esse
871 5135 1019 5196 putat
1044 5143 1058 5191 ;
1089 5142 1188 5196 ego
1221 5143 1349 5182 vero
1375 5137 1489 5196 post
1516 5137 1764 5198 acceptas
1791 5141 1855 5181 ex
1878 5126 2040 5182 rebus

417 5251 424 5264 ι
454 5221 585 5292 ipsis
611 5218 1114 5280 demonstrationes,
1147 5217 1240 5271 Dei
1277 5220 1629 5272 (economiam
1656 5217 1843 5273 adoro.
1874 5217 2042 5272 Lava-

456 5328 608 5368 crum
650 5309 876 5366 audiens
919 5307 1044 5375 ille,
1089 5321 1280 5377 aquam
1325 5315 1527 5362 tantum
1573 5325 1694 5365 esse
1732 5318 1909 5378 putat;
1943 5325 2042 5380 ego

456 5419 586 5458 vero
617 5417 720 5458 non
745 5399 886 5472 quod
916 5399 1124 5455 videtur
1147 5399 1319 5453 solum
1345 5398 1568 5468 aspicio,
1601 5400 1694 5455 sed
1715 5402 1874 5456 etiam
1902 5402 2044 5470 puri-

461 5493 762 5550 ﬁcationem
791 5493 984 5547 animas
1011 5507 1108 5561 per
1133 5491 1409 5560 Spiritum.
1438 5489 1720 5546 Existimat
1745 5494 1832 5549 ille
1869 5493 2041 5548 solum

461 5582 592 5638 mihi
614 5584 854 5638 ablutum
885 5595 1004 5639 esse
1027 5595 1256 5652 corpus;
1288 5596 1388 5653 ego
1413 5589 1591 5637 autem
1618 5584 1780 5638 credo
1809 5584 2043 5638 animam

459 5687 673 5742 quoque
698 5687 885 5743 puram
913 5682 968 5727 et
993 5682 1230 5728 sanetam
1259 5672 1452 5728 factam
1493 5687 1612 5731 esse
1631 5716 1647 5741 ,
1678 5683 1732 5731 et
1756 5678 1934 5746 cogito
1959 5689 2046 5730 sc-

463 5763 728 5835 pulcrum,
747 5763 1214 5832 resurrectionem,
1239 5763 1736 5836 sanctiﬁcationem,
1758 5767 2036 5837 justitiam,

2085 455 2508 525 redemptionem
2533 497 2548 521 ,
2598 456 2937 526 adoptionem
2960 497 2973 518 ,
3008 455 3361 510 hereditatem
3385 498 3399 522 ,
3447 473 3662 528 regnum

2080 546 2334 600 ca-lorum
2355 589 2369 610 ,
2397 547 2578 601 datum
2609 530 2886 616 Spiritum.
2920 545 3034 601 Non
3062 547 3203 601 enim
3245 563 3309 602 ex
3349 550 3460 603 visu
3487 551 3670 619 judico

2082 638 2170 692 illa
2198 654 2317 708 qure
2343 649 2632 710 apparent,
2675 639 2770 694 sed
2809 641 3002 694 mentis
3037 641 3226 695 oculis.
3273 642 3445 695 Audio
3474 658 3669 712 corpus

2080 729 2316 794 ChriSti;
2352 731 2510 785 aliter
2539 745 2637 800 ego
2679 729 2878 784 dictum
2911 730 3148 800 intelligo
3169 773 3182 796 ,
3229 731 3384 785 aliter
3415 731 3670 788 inﬁdelis.

2153 822 2208 876 2.
2240 824 2316 876 Ac
2347 821 2798 893 quemadmodum
2837 824 2986 892 pueri
3033 824 3199 878 libros
3229 823 3502 888 videntes,
3552 825 3662 880 lite-

2085 928 2265 966 rarum
2300 913 2408 966 vim
2441 929 2546 966 non
2575 914 2786 978 sciunt,
2819 928 2918 968 nec
2958 927 3019 968 ea
3065 923 3263 968 norunt
3300 929 3419 984 qua:
3451 915 3672 981 vident;

2087 1005 2195 1058 imo
2220 1019 2349 1059 vero
2371 1005 2414 1058 si
2441 1003 2524 1058 vir
2547 1004 2820 1059 literarum
2851 1005 3128 1075 imperitus
3149 1005 3251 1069 sit,
3284 1005 3386 1059 hoc
3418 1006 3542 1059 item
3573 1007 3671 1073 ipsi

2088 1098 2339 1162 eveniet;
2372 1098 2462 1167 qui
2484 1112 2613 1152 vero
2639 1099 2843 1166 peritus
2872 1107 2976 1162 est,
3010 1099 3228 1152 multam
3259 1099 3430 1152 literis
3461 1099 3670 1153 insitam

2088 1189 2195 1243 vim
2228 1190 2492 1255 inveniet,
2526 1189 2665 1244 vitas
2695 1189 2930 1260 integras
2974 1199 3028 1244 et
3071 1189 3358 1245 historias:
3390 1200 3442 1245 et
3472 1193 3675 1260 episto-

2091 1282 2194 1335 lam
2243 1283 2520 1350 imperitus
2567 1282 2871 1352 accipiens,
2921 1280 3160 1337 ehat’lam
3209 1298 3328 1338 esse
3375 1285 3580 1352 putabit
3623 1292 3677 1339 et

2089 1385 2483 1442 atramentum;
2519 1377 2720 1447 peritus
2753 1391 2882 1431 vero
2913 1387 2964 1432 et
3005 1393 3193 1432 vocem
3223 1378 3437 1445 audiet,
3471 1387 3524 1432 et
3554 1396 3676 1435 eum

2090 1468 2310 1523 absente
2340 1468 2600 1533 disseret,
2632 1476 2687 1523 et
2712 1469 2850 1537 quod
2881 1468 3107 1524 voluerit
3137 1485 3320 1523 rursus
3362 1485 3456 1539 per
3496 1471 3681 1526 literas

2091 1559 2233 1613 dicet
2259 1577 2272 1614 :
2301 1559 2370 1613 ita
2398 1559 2558 1614 etiam
2591 1559 2642 1613 in
2672 1560 2925 1630 mysterio
2948 1562 3124 1614 evenit
3153 1577 3166 1613 :
3200 1559 3438 1615 inﬁdeles
3463 1562 3678 1631 quidem

2093 1651 2302 1706 etiamsi
2342 1651 2589 1719 audiant,
2620 1652 2805 1706 audire
2851 1667 2956 1706 non
2985 1652 3261 1718 videntur;
3295 1654 3478 1708 ﬁdeles
3501 1664 3678 1710 autem

2093 1743 2182 1813 qui
2223 1757 2319 1812 per
2346 1741 2603 1811 Spiritum
2637 1742 2884 1811 peritiam
2924 1742 3158 1807 habent,
3201 1742 3306 1796 vim
3349 1743 3680 1798 reconditam

2097 1835 2298 1891 vident.
2332 1835 2444 1890 Hoc
2487 1836 2647 1905 igitur
2690 1835 2971 1890 declarans
3011 1835 3203 1890 Paulus
3243 1834 3483 1902 dicizbat,
3534 1835 3684 1903 Quod

2098 1943 2230 1980 nunc
2253 1943 2449 1998 quoque
2473 1930 2540 1981 sit
2567 1927 2917 1981 absconditum
2940 1927 3077 1994 quod
3103 1927 3448 1996 prwdicalur:
3475 1945 3687 1995 pereun-

2097 2021 2227 2073 tibus
2269 2022 2434 2087 enim,
2479 2021 2681 2090 inquit,
2728 2030 2798 2074 est
2837 2020 3182 2074 absconditum
3226 2019 3317 2092 (‘2.
3348 2019 3466 2073 Cor.
3506 2021 3557 2076 4.
3594 2022 3680 2088 5).

2100 2110 2349 2180 Alioquin
2373 2119 2550 2165 autem
2578 2111 3008 2179 praedicationem
3037 2111 3403 2166 admirabilem
3429 2112 3680 2168 ostendit.

2102 2201 2176 2255 Ita
2205 2202 2342 2256 solet
2381 2215 2574 2256 vocare
2601 2202 2870 2272 Scriptura
2917 2202 3001 2256 illa
3022 2244 3034 2264 ,
3081 2219 3197 2272 qua:
3240 2212 3432 2272 pra-ter
3456 2218 3603 2272 spem
3633 2212 3688 2257 et

2103 2307 2266 2362 supra
2294 2301 2528 2347 mentem
2563 2293 2847 2346 luunanam
2875 2303 3015 2346 sunt.
3054 2293 3177 2348 Ideo
3204 2291 3331 2346 alibi
3372 2308 3584 2362 quoque
3609 2293 3690 2347 di-

2103 2385 2195 2447 cit,
2229 2383 2524 2454 Mysterium
2553 2401 2714 2436 meum
2742 2383 2866 2436 milii
2893 2394 2938 2436 et
2966 2386 3086 2436 meis
3114 2383 3215 2453 (Is.
3244 2383 3331 2438 24.
3365 2384 3452 2452 7);
3485 2394 3538 2437 et
3565 2399 3688 2438 rur-

2105 2489 2220 2528 sutn
2251 2475 2443 2528 Paulus
2473 2491 2485 2525 :
2522 2471 2651 2526 Ecce
2678 2474 2967 2544 mysterium
3008 2474 3143 2527 vobis
3187 2473 3296 2526 dico
3326 2489 3344 2526 :
3371 2489 3540 2526 omnes
3569 2473 3685 2543 qui-

2106 2567 2218 2618 dem
2242 2581 2339 2618 non
2363 2565 2686 2630 dormicutus,
2711 2582 2880 2620 omnes
2900 2574 3064 2618 autem
3085 2564 3456 2618 intmutabiutur
3473 2565 3548 2631 (1.
3567 2562 3688 2618 Cor.

2109 2657 2195 2712 15.
2228 2657 2341 2727 51).
2374 2657 2483 2711 Etsi
2513 2672 2673 2727 porro
2703 2656 2895 2726 ubiqtte
2926 2657 3261 2724 praedicatur,
3291 2655 3448 2710 etiam
3473 2656 3550 2709 sic
3577 2671 3694 2726 my-

2109 2746 2330 2802 sterium
2377 2758 2478 2800 est.
2515 2746 2725 2800 Etenim
2773 2755 2826 2800 ut
2851 2745 2984 2816 jussi
3032 2761 3250 2810 sumus,
3293 2743 3435 2814 quod
3476 2746 3526 2799 in
3566 2760 3695 2800 aure

2109 2839 2410 2894 audivimus
2455 2838 2745 2908 prmdicare
2788 2853 2949 2907 super
2991 2846 3124 2892 tecta
3161 2856 3174 2891 :
3217 2837 3294 2892 sic
3330 2836 3466 2906 jussi
3511 2850 3696 2891 sumus

2112 2940 2294 2985 sancta
2327 2945 2430 2984 non
2460 2930 2589 2984 dare
2617 2929 2858 2993 canibus,
2891 2944 3062 2998 nequc
3095 2929 3354 2997 projicere
3383 2928 3697 2997 margaritas

2113 3030 2238 3077 ante
2285 3035 2500 3092 porcos.
2532 3020 2662 3074 Nam
2691 3021 2777 3074 alii
2820 3031 2941 3074 sunt
2969 3020 3226 3075 animales
3249 3062 3262 3082 ,
3291 3030 3347 3074 et
3371 3019 3699 3074 non'intelli-

2113 3122 2270 3184 gunt;
2301 3112 2391 3166 alii
2422 3112 2660 3168 velamen
2689 3111 2886 3167 habent
2910 3127 3002 3167 cor
3027 3127 3184 3166 suum
3211 3111 3488 3181 obtegens,
3517 3121 3700 3166 etnon

2116 3205 2315 3260 vident.
2348 3206 2488 3276 Ergo
2515 3206 2824 3276 mysterium
2859 3204 2986 3259 illud
3023 3215 3103 3281 est
3131 3203 3385 3270 maxime,
3414 3201 3553 3273 quod
3583 3203 3701 3273 qui-

2117 3295 2239 3350 dem
2282 3295 2478 3364 ubique
2521 3295 2859 3364 przedicatur,
2891 3308 2996 3348 non
3042 3293 3382 3364 cognoscitur
3417 3300 3594 3348 autem
3637 3291 3704 3348 ab

2120 3386 2185 3439 iis
2213 3385 2303 3455 qui
2343 3393 2541 3440 rectam
2574 3401 2676 3438 non
2707 3383 2903 3439 habent
2933 3394 3201 3449 mentem;
3240 3382 3503 3440 revelatur
3527 3391 3703 3440 autem

2123 3491 2228 3529 non
2255 3491 2284 3530 a
2314 3476 2607 3545 sapientia,
2648 3475 2740 3530 sed
2769 3490 2799 3529 a
2827 3473 3026 3545 Spiritu
3071 3482 3288 3542 sancto,
3321 3483 3577 3544 quantum
3608 3488 3706 3528 nos

2123 3581 2405 3638 possumus
2429 3568 2693 3636 accipere.
2724 3567 3083 3632 Quamobrem
3111 3581 3220 3621 non
3255 3565 3585 3621 aberraverit
3606 3606 3621 3629 ,
3662 3566 3708 3620 si

2111 3662 2244 3730 quis
2269 3661 2431 3715 etiam
2459 3659 2757 3714 secundum
2789 3659 2890 3713 hoc
2919 3660 3232 3730 mysterium
3254 3658 3600 3729 appellaverit
3620 3674 3711 3714 ar-

2124 3765 2356 3817 canum;
2388 3767 2558 3821 neque
2588 3751 2732 3805 enim
2762 3751 2916 3805 nobis
2947 3749 3190 3806 ﬁdelibus
3215 3749 3408 3805 tradita
3436 3750 3532 3804 fuit
3559 3750 3712 3820 plena

2127 3845 2242 3913 ejus
2272 3844 2542 3914 perceptio
2565 3853 2620 3898 et
2638 3854 2884 3898 accurata
2914 3843 3123 3896 notitia.
3147 3842 3483 3912 Quapropter
3506 3841 3714 3899 dicebat

2130 3939 2362 4000 Paulus,
2407 3936 2489 3991 Ex
2520 3947 2662 4007 parte
2701 3937 3046 4006 cognoscimus
3085 3945 3130 3988 et
3169 3951 3233 3988 cx
3271 3945 3413 4006 parte
3439 3935 3713 4004 prepheta-

2131 4046 2262 4084 mus.
2301 4028 2539 4083 Videmus
2565 4029 2697 4083 enim
2725 4043 2856 4081 nunc
2895 4043 2984 4097 per
3011 4026 3270 4095 speculum
3291 4026 3436 4096 quasi
3479 4025 3531 4077 iu
3557 4025 3719 4094 (enig-

2133 4132 2284 4186 mate,
2333 4130 2450 4174 tunc
2495 4129 2660 4173 autent
2692 4119 2822 4187 {acie
2845 4118 2913 4171 ad
2943 4117 3123 4186 faciem
3150 4117 3230 4188 (1.
3250 4116 3367 4171 Cor.
3400 4116 3487 4170 l3.
3516 4115 3569 4170 9.
3604 4114 3715 4182 12).

2134 4212 2257 4268 Ideo
2289 4210 2453 4276 dicit,
2486 4209 2762 4279 Loquimur
2790 4207 3093 4279 sapientiam
3119 4208 3170 4260 in
3198 4206 3587 4277 mysterio,quaz
3603 4202 3719 4255 abs-

2135 4302 2371 4379 condita.
2403 4310 2511 4369 est,
2544 4316 2696 4369 quam
2725 4297 3096 4369 prwdestinavit
3131 4295 3272 4351 Deus
3311 4303 3428 4348 ante
3451 4293 3641 4347 sarcula
3665 4293 3718 4345 in

2149 4403 2377 4474 gloriam
2398 4405 2652 4452 nostram.
2685 4392 3076 4453 Absconditam,
3097 4385 3147 4439 id
3163 4395 3266 4443 est,
3289 4380 3430 4434 nulla
3452 4391 3516 4432 ex
3538 4389 3728 4474 super-

2152 4463 2238 4548 nis
2257 4488 2610 4563 potestatibus
2628 4494 2754 4542 ante
2768 4501 2870 4542 nos
2889 4478 3104 4543 didicit;
3126 4475 3206 4530 vel
3223 4471 3366 4544 quod
3389 4483 3565 4538 neque
3586 4463 3728 4521 mul-

2139 4577 2175 4630 ti
2207 4589 2347 4629 nunc
2372 4583 2605 4632 norunt:
2638 4573 2741 4629 hoc
2784 4573 2926 4628 enim
2967 4570 3268 4627 declaratur
3303 4581 3369 4624 ex
3409 4565 3526 4632 illo,
3559 4563 3724 4631 Quam

2139 4666 2517 4740 prwdeslinavit
2562 4667 2616 4720 in
2663 4665 2880 4736 gloriam
2921 4670 3144 4718 nostram
3171 4677 3189 4714 :
3229 4673 3553 4731 quamquam
3602 4655 3733 4714 alibi.

2139 4761 2302 4827 dicat,
2327 4759 2393 4814 In
2420 4759 2636 4830 gloriam
2663 4775 2808 4814 suam
2833 4757 3051 4829 (Ephes.
3077 4757 3127 4810 1.
3156 4753 3268 4825 12).
3293 4753 3454 4810 Suam
3474 4752 3616 4807 enim
3646 4763 3738 4822 re:

2142 4860 2285 4922 putat
2315 4851 2540 4922 gloriam
2562 4852 2787 4907 salutem
2807 4860 3079 4912 nostram;
3110 4857 3170 4902 ut
3193 4847 3352 4901 etiam
3377 4844 3587 4900 divitias
3608 4853 3731 4896 suas

2141 4949 2332 5008 vocat,
2368 4941 2576 4996 etiamsi
2601 4942 2717 5011 ipse
2747 4941 2816 4995 sit
2842 4940 3101 4995 bonorum
3129 4935 3359 4998 divitiae,
3386 4942 3440 4987 ct
3470 4932 3617 4986 nullo
3646 4931 3730 4983 in-

2143 5034 2321 5104 digeat
2358 5042 2415 5087 ut
2441 5033 2510 5087 sit
2537 5031 2707 5086 dives.
2743 5027 3162 5092 Prwdcstinavit,
3193 5025 3394 5095 inquit,
3425 5036 3578 5078 suam
3608 5035 3733 5091 erga

2145 5139 2243 5179 nos
2270 5123 2660 5194 providentiam
2689 5121 2950 5178 indicans.
2976 5120 3053 5175 Illi
3080 5118 3221 5175 enim
3254 5115 3487 5170 maxime
3513 5127 3612 5169 nos
3640 5112 3736 5167 ho-

2147 5234 2336 5274 norare
2361 5226 2415 5275 et
2435 5231 2616 5273 amare
2639 5216 3034 5280 existimantur,
3063 5213 3153 5285 qui
3181 5211 3334 5267 nobis
3354 5224 3386 5264 a
3412 5208 3576 5280 longo
3606 5217 3737 5262 tem-

2148 5325 2275 5379 pore
2305 5311 2441 5364 bona
2485 5307 2729 5363 conferre
2760 5306 2930 5377 parati
2967 5313 3126 5370 sunt,
3159 5303 3211 5358 id
3238 5301 3380 5373 quod
3413 5299 3611 5355 faciunt
3639 5313 3737 5368 pa-

2148 5410 2328 5456 rentes
2359 5401 2518 5454 ﬁliis:
2553 5399 2752 5455 etenim
2795 5398 2839 5454 si
2871 5405 3145 5467 postremo
3188 5394 3318 5450 dant
3359 5391 3649 5464 pecunias,
3685 5387 3738 5442 id

2147 5492 2348 5563 jamdiu
2391 5501 2446 5547 et
2474 5491 2543 5548 ab
2569 5491 2719 5546 initio
2759 5487 3111 5561 prtemcditati
3143 5487 3372 5543 fuerant.
3401 5483 3513 5538 Hoc
3541 5479 3740 5536 Paulus

2151 5601 2292 5643 nunc
2328 5595 2553 5643 conatur
2585 5582 2871 5640 ostendere
2893 5623 2908 5648 ,
2940 5580 3080 5652 quod
3125 5581 3268 5637 Deus
3301 5592 3400 5635 nos
3444 5588 3657 5643 semper
3685 5581 3744 5628 et

2149 5679 2259 5750 jam
2285 5681 2412 5736 olim
2439 5679 2727 5744 amaverit,
2758 5691 2881 5734 cum
2917 5674 3158 5731 nondum
3201 5673 3310 5728 nati
3337 5681 3600 5726 essemus.
3629 5663 3744 5721 Nisi

2157 5771 2301 5829 enim
2337 5780 2603 5842 amasset,
2649 5769 2859 5828 divitias
2899 5768 3053 5826 nobis
3092 5782 3200 5824 non
3230 5760 3742 5839 pmdestinavissct.
