4100 6214
459 310 535 369 53
1490 311 1560 369 IN
1607 313 1830 372 EPIST.
1879 309 2024 369 IAD

2135 307 2242 369 on.
2279 311 2511 374 "cum.
2557 314 2661 374 vn.
3651 338 3723 397 εδ

462 431 562 501 τὴν
588 425 752 497 νίκην
802 423 1005 491 δείξας,
1057 428 1153 481 καὶ
1198 428 1444 495 ἐκείνους
1501 433 1791 506 ἀποφήνας
1843 432 2050 503 σφόδρα

470 508 708 579 μωροὺς,
748 509 813 562 τδ
847 509 1123 580 προσῆκον
1166 514 1304 585 αὐτῇ
1356 513 1542 569 λοιπὸν
1573 517 1853 573 ἀπέδωκεν
1878 516 2050 589 ὄνομα

462 592 666 661 λέγων’
725 594 958 662 Σοφίαν
996 594 1066 647 δὲ
1115 597 1427 666 λαλοῦμεν
1471 601 1543 653 ἐν
1587 601 1715 666 τοῖς
1767 602 2044 669 τελείοις.

465 674 665 745 Σοφίαν
703 675 761 735 δὲ
784 676 937 744 λέγει
964 679 1027 733 τὸ
1048 680 1310 750 κήρυγμα
1336 681 1431 734 καὶ
1470 681 1561 736 τὸν
1587 683 1789 754 τρόπον
1820 685 1920 755 τῆς
1945 701 2048 737 σω-

459 758 675 828 τηρίας.
727 760 789 812 τὸ
839 761 928 816 διά
980 763 1219 833 σταυροῦ
1254 762 1517 834 σωθῆναισ
1568 766 1807 830 τελείους
1833 765 1890 819 δὲ
1919 767 2047 829 τοὺς

463 843 922 907 πεπιστευκότας.
977 847 1089 899 Kal
1145 846 1254 918 7&9
1284 848 1484 901 ἐκεῖνοι
1533 849 1729 902 τέλειοι
1762 851 1811 903 οἱ
1849 849 1917 904 τὰ
1948 851 2042 903 ἀν-

461 921 710 993 θρώπινα
737 927 939 991 ειδότες
961 928 1043 981 ὅτι
1080 929 1284 1002 σφόδρα
1316 930 1540 1001 ἀσθενῆ,
1570 933 1666 985 xal
1699 933 2045 1003 ὑπεριδόντες

458 1006 664 1085 αῦτῶν,
694 1009 776 1062 ὅτι
811 1010 979 1080 μηδὲν
1016 1010 1201 1076 αὐτοῖς
1235 1013 1606 1083 συμσάλλεται
1660 1015 2041 1085 πεπεισμένοι,

458 1083 565 1140 οἶοι
596 1090 889 1158 γεγόνασιν
914 1094 966 1145 οἱ
991 1096 1195 1148 πιστοί.
1240 1097 1470 1165 Σοφίαν
1490 1095 1559 1150 δὲ
1589 1099 1664 1151 οὐ
1691 1097 1800 1151 τοῦ
1827 1083 2046 1164 αίῶνος

458 1173 699 1229 τούτου.
734 1175 843 1228 Ποῦ
875 1175 985 1247 γὰρ
1015 1180 1282 1249 χρήσιμος
1308 1181 1342 1251 ή
1362 1179 1561 1245 ἔξωθεν
1594 1182 1777 1249 σοφία,
1807 1181 2043 1237 ἐνταῦθα

461 1257 915 1328 καταστρέφουσα
944 1264 945 1267 “
972 1260 1068 1313 καὶ
1119 1262 1433 1332 περαιτέρω
1487 1263 1563 1334 μὴ
1619 1263 1906 1335 προϊοῦσα,
1946 1265 2043 1318 καὶ

458 1340 585 1394 οὐδὲ
629 1340 863 1395 ἐνταῦθα
908 1341 1186 1413 δυναμένη
1224 1361 1277 1398 τι
1326 1345 1452 1409 τοὺς
1509 1345 1733 1417 ἔχοντας
1774 1346 2040 1416 ὠφελεῖν;

463 1423 771 1495 ’Δρχοντας
798 1425 854 1478 δὲ
886 1424 1086 1488 αίῶνος
1116 1427 1350 1482 ἐνταῦθα
1380 1430 1439 1482 οὑ
1474 1430 1736 1500 δαίμονάς
1774 1448 1928 1494 τινας
1948 1429 2039 1483 λέ-

456 1521 568 1573 γει,
594 1505 781 1569 καθώς
804 1524 948 1572 τινες
978 1508 1379 1563 ὑποπτεύουσιν
1400 1530 1414 1544 υ
1469 1512 1605 1565 ἀλλά
1633 1515 1760 1577 τοὺς
1784 1514 1843 1567 ἐν
1872 1513 2039 1578 ἀξιώ-

460 1607 620 1659 μασι,
648 1593 778 1655 τοὺς
805 1592 861 1644 ἐν
887 1591 1252 1661 δυναστείαις,
1281 1596 1409 1658 τοὺς
1437 1596 1496 1650 τὺ
1527 1598 1761 1669 πρᾶγμα
1800 1599 2039 1669 περιμά-

457 1691 627 1742 χητον
654 1670 795 1728 εἶναι
818 1676 1161 1745 νομίζοντας,
1196 1678 1525 1748 φιλοσόφους
1554 1681 1649 1734 καὶ
1674 1681 1911 1753 ῥήτορας
1946 1682 2041 1736 καὶ

454 1755 866 1828 λογογράφους·
908 1759 1002 1812 καὶ
1051 1759 1161 1830 γάρ
1193 1760 1346 1814 αὑτοὶ
1395 1763 1685 1833 ἐκράτουν,
1734 1766 1828 1819 καὶ
1859 1765 2039 1836 δημα-

455 1842 632 1907 γωγοὶ
659 1840 923 1905 πολλάκις
953 1842 1215 1911 ἐγίνοντο.
1243 1843 1351 1898 Τοῦ
1380 1843 1437 1898 δὲ
1462 1845 1658 1910 αίῶνος
1688 1847 1882 1900 τούτου
1911 1847 2055 1916 ἐκάη

454 1922 615 1976 λεσεν
680 1924 975 1995 ἄρχοντας,
1020 1926 1211 1997 ἐπειδὴ
1267 1928 1582 2000 περαιτέρω
1625 1928 1720 1983 τοῦ
1772 1930 2040 2000 παρόντος

453 2006 653 2071 αἰῶνος
698 2009 759 2061 οὑ
805 2009 1055 2080 πρόεισιν
1083 2010 1326 2082 αὑτῶνή
1362 2013 1504 2085 ἀρχή
1529 2027 1544 2042 ⁸
1580 2013 1662 2067 διὸ
1706 2015 1800 2068 καὶ
1828 2017 2037 2087 ἐπήγα-

453 2105 543 2157 γε·
582 2091 705 2146 Τῶν
729 2092 1246 2163 καταργουμένων⁹
1278 2094 1492 2149 οἴκοθέν
1521 2114 1581 2150 τε
1618 2099 1788 2169 αὐτὴν
1819 2097 2040 2152 διαϐάλ-

454 2174 564 2228 λων
595 2176 691 2229 καὶ
720 2176 831 2229 ἀπὸ
858 2177 969 2229 τῶν
1005 2177 1324 2248 χρωμένων.
1353 2177 1552 2244 Δείξας
1577 2181 1688 2252 γὰρ
1722 2182 1806 2235 ὅτι
1835 2180 2037 2253 ψευδής

455 2260 627 2323 ἐστιν,
656 2260 742 2314 ὅτι
782 2260 967 2332 μωρὰ,
992 2262 1074 2314 ὃτι
1100 2262 1253 2315 οὐδὲν
1286 2262 1507 2317 δύναται
1533 2264 1732 2334 εὑρεῖν,
1760 2265 1841 2318 ὅτι
1880 2264 2040 2319 ἀσθε-

459 2348 580 2414 νὴς,
620 2344 895 2398 δείκνυσιν
923 2347 1006 2399 ὅτι
1052 2346 1146 2399 καὶ
1178 2340 1560 2419 ὀλιγοχρόνιος.
1609 2349 1785 2403 Ἀλλὰ
1812 2349 2038 2405 λαλοῦο

446 2446 568 2498 μεν
601 2429 750 2485 Θεοῦ
777 2431 1008 2499 σοφίαν
1039 2433 1111 2484 ἐν
1155 2433 1492 2500 μυστηρίῳ.
1536 2433 1682 2504 Ποίῳ
1715 2434 2036 2506 μυστηρίῳς

453 2514 569 2567 Kal
600 2514 705 2584 μὴν
732 2516 898 2585 φησὶν
928 2517 956 2568 6
988 2516 1240 2586 Χριστός
1268 2518 1339 2571 Ὃ
1356 2518 1662 2586 ἠκούσατε
1691 2520 1778 2584 εἰς
1811 2518 1875 2572 τὸ
1906 2515 2036 2586 οὖς,

453 2597 577 2671 [5|]
594 2600 887 2666 κηρύξατε
907 2598 1005 2652 ἐπὶ
1027 2599 1145 2653 τῶν
1165 2599 1466 2669 δωμάτων.
1484 2602 1605 2664 Πῶς
1625 2596 1718 2655 οὖν
1742 2603 2038 2674 μυστήριον

454 2680 633 2752 αὐτὴν
663 2682 850 2749 καλεῖ;
883 2682 1106 2753 Ἐπειδὴ
1129 2682 1254 2737 οὔτε
1282 2684 1512 2751 ἄγγελος
1542 2682 1666 2737 οὔτε
1699 2684 2039 2756 ἀρχάγγελος

454 2763 582 2817 οὔτε
619 2764 751 2834 ἄλλη
783 2783 868 2828 τις
893 2766 1025 2819 αὐτὸ
1054 2766 1245 2836 κτιστὴ
1274 2766 1505 2837 δύναμις
1547 2767 1690 2838 ᾔδει,
1718 2770 1850 2841 πρὶν
1882 2768 2038 2838 γενέ-

452 2846 603 2905 σθαι.
635 2849 739 2919 Διί
767 2865 952 2920 φησιν,
996 2849 1123 2903 Ἵνα
1155 2848 1462 2918 γνωρισθῇ
1498 2849 1616 2904 νῦν
1652 2851 1783 2917 ταῖς
1821 2851 2037 2922 ἀρχαῖς

448 2932 553 2986 καί
580 2932 713 2999 ταῖς
749 2932 1064 2999 ἐξουσίαις
1091 2933 1163 2987 ἐν
1194 2934 1323 3000 τοῖς
1368 2934 1752 3003 ἐπουρανίοῖς
1788 2936 1888 2991 διὰ
1927 2935 2037 3004 τῆς

462 3016 830 3082 Ἑκκλησίας
882 3019 922 3085 -ή
978 3018 1418 3084 πολυποίκιλος
1472 3020 1659 3089 σοφία
1708 3020 1813 3074 τοῦ
1862 3020 2031 3075 Θεοῦ.

451 3100 623 3155 Τοῦτο
668 3101 729 3154 δὲ
780 3101 1055 3173 ἐποίησεν,
1101 3103 1249 3172 ἡμᾶς
1278 3102 1454 3175 τιμῶν
1485 3106 1515 3158 6
1559 3103 1712 3168 Θεὸς,
1738 3104 1882 3158 ὥστε
1913 3104 2034 3175 μεθ’

448 3185 611 3256 ἡμῶν
642 3183 878 3240 ἀκοῦσαι
908 3185 1018 3238 τῶν
1051 3186 1389 3258 μυστηρίων.
1424 3187 1535 3241 Kal
1580 3187 1689 3257 7&9
1725 3188 1820 3241 καὶ
1846 3190 2033 3258 ἡμεῖς,

450 3267 548 3332 οῦς
578 3269 647 3323 ἂν
684 3267 1050 3340 ποιησώμεθα
1104 3269 1315 3339 φίλους,
1352 3268 1514 3323 τοῦτο
1571 3272 1872 3344 τεκμήριον
1898 3272 2037 3343 πρὸς

451 3353 650 3415 αὐτοὺς
682 3346 826 3406 εἷναί
870 3351 1051 3421 φαμεν
1091 3351 1191 3422 τῆς
1237 3351 1443 3421 φιλίας,
1474 3352 1536 3406 τὸ
1571 3352 1764 3423 μηδενὶ
1796 3353 1903 3424 πρὸ
1934 3355 2033 3408 αύ-

450 3435 564 3490 τῶν
589 3437 759 3489 εἰπεῖν
780 3434 850 3489 τὰ
875 3434 1182 3507 ἀπόρρητα.
1214 3434 1585 3490 Ἀκουέτωσαν
1609 3436 1659 3489 οἱ
1686 3435 1748 3489 τὸ
1777 3437 2035 3509 κήρυγμα

449 3518 919 3589 ἐκπυμπεύοντες.
958 3518 1053 3573 καὶ
1090 3519 1259 3572 πᾶσιν
1298 3518 1486 3583 ἁπλῶς
1524 3520 1877 3589 ἐκφαίνοντες
1906 3522 2035 3586 τοὺς

451 3600 806 3673 μαργαρίτας
856 3602 951 3656 καὶ
985 3601 1046 3655 τδ
1093 3602 1293 3672 δόγμα,
1347 3601 1443 3656 καὶ
1475 3600 1541 3655 τὰ
1576 3601 1708 3669 ἆγια
1759 3602 1887 3656 κυσὶ
1938 3603 2034 3656 καὶ

447 3686 651 3757 χοίροις
694 3683 1014 3755 ῥιπτοῦντες
1046 3683 1143 3739 καὶ
1172 3683 1455 3755 λογισμοῖς
1493 3687 1787 3754 περιττοῖς.
1822 3686 1896 3740 Τὸ
1923 3685 2032 3757 γὰρ

453 3769 756 3839 μυστήριον
796 3767 1145 3837 κατασκευῆς
1181 3766 1242 3819 οὐ
1301 3766 1495 3829 δεῖται,
1551 3767 1668 3821 ἀλλ’
1719 3770 1857 3840 ὅπερ
1892 3769 2030 3836 ἐστὶ,

451 3851 611 3905 τοῦτο
647 3852 810 3922 μόνον
835 3850 896 3905 ὃν
939 3849 1403 3919 καταγγέλλεταιο
1458 3851 1585 3903 ἐπεὶ
1612 3852 1713 3905 οὑκ
1745 3852 1898 3906 ἔσται
1930 3871 2032 3923 μυ-

452 3937 673 4007 στήριον
709 3936 852 3990 θεῖον
886 3936 980 3988 καὶ
1005 3933 1318 4005 ὀλόκληρον,
1343 3934 1472 3989 ὅταν
1502 3935 1597 3988 καὶ
1637 3935 1791 4006 παρά
1830 3934 2031 3990 σαυτοῦ

450 4035 505 4071 τι
534 4018 802 4089 προσθῇς.
838 4018 951 4072 Kal
995 4017 1170 4080 ἄλλως
1218 4017 1275 4070 δὲ
1318 4018 1618 4089 μυστήριον
1651 4017 1916 4082 καλεῖται,
1948 4018 2032 4072 ὅτι

450 4101 547 4172 οὐχ
566 4102 715 4173 ἀπερ
736 4100 956 4172 δρῶμεν
993 4099 1327 4172 πιστεύομεν
1358 4113 1408 4163 ι,
1450 4099 1566 4155 ἀλλ’
1589 4101 1755 4172 έτερα
1788 4101 2030 4171 ὁρῶμεν,

452 4186 544 4237 καὶ
583 4184 749 4255 ἔτερα
784 4184 1139 4254 πιστεύομεν.
1174 4182 1411 4253 Τοιαύτη
1445 4184 1556 4253 γὰρ
1599 4186 1632 4254 ή
1678 4182 1791 4237 τῶν
1823 4200 2034 4253 μυστη-

453 4271 583 4339 ρίων
604 4270 764 4341 ήμιῖιν
798 4270 979 4338 φύσις.
1022 4267 1261 4339 Ἑτέρως
1305 4269 1434 4338 γοῦν
1475 4269 1604 4338 ἐγὼ,
1633 4270 1727 4323 καὶ
1756 4270 1964 4341 ἑτέρως
2003 4269 2034 4323 6

449 4355 679 4417 ἀπιστος
728 4354 857 4425 περὶ
900 4352 1106 4406 τούτων
1154 4352 1499 4421 διακείμεθα.
1536 4351 1744 4406 Ἀκούω
1787 4351 1922 4421 ἐγὼ,
1948 4353 2032 4406 ὅτι

448 4437 774 4510 ἐσταυρώθη
810 4441 837 4491 6
860 4436 1114 4508 Χριστὸς,
1134 4437 1231 4490 καὶ
1258 4438 1358 4507 τὴν
1386 4434 1798 4508 φιλανθρωπίαν
1828 4437 2032 4505 εὐθέως

450 4522 752 4589 θαυμάζω¹
807 4518 996 4573 ἀκούει
1034 4521 1263 4585 ἐκεῖνος,
1327 4520 1421 4573 καὶ
1467 4519 1755 4573 ἀσθένειαν
1798 4520 2028 4591 νομίζει.

462 4604 673 4658 ’Δκούω
698 4605 780 4657 ὅτι
806 4602 992 4666 δοῦλος
1033 4603 1245 4671 γέγονε,
1278 4603 1375 4657 καὶ
1404 4602 1505 4673 τὴν
1546 4602 1875 4674 κηδεμονίαν
1898 4603 2031 4657 θαυ-

454 4689 611 4755 μάξω
629 4704 644 4717 -
680 4685 871 4740 ἀκούει
895 4688 1122 4751 ἐκεῖνος,
1147 4686 1241 4739 καὶ
1265 4686 1490 4756 ἀτιμίαν
1511 4685 1806 4753 λογίζεται.
1824 4685 2033 4740 Ἀκούω

449 4772 531 4826 ὅτι
559 4770 826 4835 ἀπέθανε,
877 4770 975 4823 καὶ
1015 4769 1114 4841 τὴν
1158 4769 1391 4839 δύναμιν
1426 4768 1825 4840 ἐκπλήττομαι,
1861 4771 1945 4823 ὅτι
1973 4771 2033 4824 ἐν

451 4853 672 4926 θανάτῳ
701 4853 994 4925 γενόμενος
1035 4854 1137 4907 οὐκ
1183 4851 1486 4924 ἐκρατήθη,
1515 4852 1652 4906 ἀλλά
1679 4854 1776 4906 καὶ
1815 4854 2032 4918 ἐξέλυσε

450 4937 686 4990 θάνατον
705 4955 721 4970 ·
769 4936 959 4991 ἀκούει
985 4938 1212 5000 ἐκεῖνος,
1251 4937 1345 4991 καὶ
1373 4936 1677 5005 ἀδυναμίαν
1710 4936 2027 4991 ὑποπτεύει.

466 5020 703 5074 Ἀκούων
724 5021 1023 5075 ἀνάστασιν
1049 5022 1277 5085 ἐκεῖνος,
1313 5017 1482 5090 μῦθον
1503 5020 1564 5073 τὸ
1588 5020 1823 5091 πρᾶγμά
1845 5037 1916 5090 φη
1926 5037 2029 5073 σινο

460 5102 644 5171 ἐγὼδέ
672 5103 771 5168 τάς
808 5103 896 5157 διὰ
937 5104 1046 5157 τῶν
1084 5103 1428 5174 πραγμάτων
1479 5102 1774 5168 δεξάμενος
1812 5103 2032 5157 ἀποδεί-

459 5184 594 5251 ξεις,
630 5185 919 5255 προσκυνῶ
947 5185 1040 5239 τοῦ
1075 5185 1212 5240 Θεοῦ
1264 5186 1363 5256 τὴν
1410 5187 1751 5257 οἰκονομίαν.
1791 5186 2032 5241 Ἀκούων

455 5268 678 5339 λουτρὸν
701 5270 934 5333 ἐκεῖνος,
962 5268 1150 5333 ἁπλῶς
1181 5270 1328 5340 ὕδωρ
1357 5271 1571 5342 νομίζει
1598 5289 1610 5301 ·
1644 5269 1756 5339 ἐγὼ
1788 5271 1845 5324 δὲ
1871 5272 1932 5325 οὑ
1970 5271 2033 5326 τὸ

448 5351 728 5421 δρώμενον
761 5352 956 5415 ἁπλῶς
990 5351 1193 5423 βλέπω,
1240 5353 1378 5407 ἀλλά
1430 5353 1520 5407 τὸν
1557 5354 1658 5423 τῆς
1698 5352 1878 5425 ψυχῆς
1929 5372 2032 5408 κα-

450 5433 658 5506 θαρμὸν
700 5435 795 5488 τδν
846 5434 937 5488 διὰ
969 5435 1062 5489 τοῦ
1104 5436 1439 5507 Πνεύματος.
1478 5437 1713 5501 Ἐκεῖνος
1749 5437 2033 5492 λελοῦσθαί

451 5533 543 5588 μοι
572 5518 635 5572 τὸ
669 5518 834 5590 σῶμα
861 5518 1076 5587 νομίζει
1108 5519 1297 5590 μόνον·
1337 5518 1449 5588 ἐγὼ
1481 5519 1537 5573 δὲ
1565 5521 1928 5584 πεπίστευκα,
1950 5524 2032 5579 δτι

452 5602 543 5657 καὶ
574 5603 608 5675 ή
638 5602 791 5675 ψυχὴ
822 5602 1017 5673 γέγονε
1053 5604 1272 5677 καθαρά
1300 5622 1359 5658 τε
1390 5606 1486 5659 καὶ
1512 5605 1665 5674 ἁγία,
1700 5608 1795 5661 καὶ
1821 5605 2034 5678 λογίζου

513 5805 535 5831 ⁸
572 5807 882 5881 Duo_cod{l._
901 5807 1084 5881 80333.,
1147 5811 1332 5881 δρῶμεν
1402 5811 1654 5881 βλέπομεν,
1730 5810 1881 5879 ιεοιὶο
1928 5824 2031 5881 ῃοιι

451 5870 760 5943 ςρεηιερηε;
795 5871 911 5947 δρᾷν
935 5870 1086 5941 eum},
1343 5870 1416 5943 rei
1447 5870 1875 5947 pidefegpecjem;
1922 5875 2032 5936 βλέ-

454 5944 558 5979 πειν
578 5936 719 5993 ve'ro,
764 5934 986 5995 ejusdem
1006 5934 1102 5984 vim
1139 5934 1373 5985 inlc'mam
1394 5934 1587 5985 inlueri.
1614 5934 1747 5983 Eoir.‘

2161 449 2260 521 μαι
2287 436 2392 521 τὸνΔ
2410 438 2602 510 τάφον,
2648 439 2747 511 τὴν
2793 441 3110 509 ἀνάστασιν,
3162 442 3254 499 τὸν
3295 445 3589 521 ἀγιασμὺν,
3625 457 3731 521 τήν

2152 511 2519 609 δικαιοσύνην,
2554 522 2651 595 τὴν
2688 523 3083 595 ἀπολύτρωσιν,
3136 525 3238 598 τὴν
3283 511 3587 598 υἱοθεσίαν,
3624 511 3726 609 τήν

2152 594 2539 673 κληρονομίαν,
2568 594 2666 676 τὴν
2694 594 2971 676 βασιλείαν
2994 611 3104 663 τῶν
3131 594 3400 682 οὐρανῶν,
3431 615 3527 668 τοῦ
3557 594 3724 673 Πνεῦ-

2150 697 2319 769 ματος
2348 682 2448 769 τὴν
2475 689 2753 759 χορηγίαν.
2790 690 2865 744 Οὐ
2900 691 3009 763 γὰρ
3042 694 3106 763 τῇ
3142 692 3262 763 ὕψει
3299 695 3473 766 κρίνω
3498 698 3567 753 τά
3602 717 3725 769 φαι-

2147 766 2368 835 νόμενα,
2397 768 2532 823 ἀλλά
2584 774 2697 835 τοῖς
2742 773 3043 845 ὀφθαλμοῖς
3085 776 3183 847 τῆς
3212 776 3472 844 διανοίας.
3515 766 3726 838 Ἀκούω

2148 848 2310 920 σῶμα
2340 852 2611 922 Χριστοῦ·
2658 854 2861 926 ἑτέρως
2885 855 2997 925 ἐγὼ
3028 856 3137 911 νοῶ
3164 858 3225 912 τὸ
3260 860 3573 933 εἰρημένον,
3608 865 3727 920 ἑτέ·

2156 949 2265 1003 ρως
2292 935 2322 987 6
2345 936 2592 1001 ἄπιστος.

2216 1015 2282 1086 β’.
2313 1019 2424 1071 Kal
2450 1020 2704 1092 καθάπερ
2726 1020 2796 1076 τὰ
2807 1022 3072 1077 παιδίατὰ
3084 1023 3264 1095 βιϐλία
3284 1026 3725 1099 όρῶνταούκοίδσ

2141 1097 2266 1185 τῶν
2279 1101 2626 1173 γραμμάτων
2657 1104 2757 1175 τὴν
2791 1104 3043 1177 δύναμιν,
3077 1108 3200 1161 οὐδὲ
3233 1097 3374 1163 οἶδεν
3421 1110 3570 1185 άπερ
3596 1116 3720 1185 ὁρᾷ,

2144 1182 2346 1252 μᾶλλον
2384 1185 2442 1239 δὲ
2486 1186 2590 1240 κᾶν
2631 1187 2772 1258 ἀνὴρ
2799 1187 3028 1261 ἄπειρος
3138 1193 3507 1263 γραμμάτων,
3539 1182 3723 1252 ’ταυτά

2142 1267 2421 1323 πείσεταιι
2454 1271 2482 1323 6
2516 1269 2573 1323 δὲ
2613 1270 2875 1341 ἔμπειρος
2900 1273 3102 1345 πολλὴν
3137 1276 3360 1347 εὑρήσει
3390 1280 3503 1341 τοῖς
3542 1278 3725 1349 γράμ-

2144 1366 2309 1419 μασιν
2355 1352 2788 1425 ἐναποκειμένην
2842 1355 2943 1426 τὴν
2987 1355 3239 1427 δύναμιν,
3282 1360 3377 1412 καὶ
3424 1359 3569 1430 βίους
3601 1361 3722 1415 ὀλοο

2140 1434 2400 1503 κλήρους,
2437 1437 2531 1491 καὶ
2558 1439 2797 1509 ἱστορίας
2820 1455 2834 1471 ·
2860 1441 2956 1494 καὶ
2985 1441 3278 1509 ἐπιστολὴν
3309 1444 3339 1496 6
3369 1443 3467 1514 μὲν
3497 1443 3724 1515 ἄπειρος

2138 1515 2341 1582 λαϐὼν,
2371 1519 2581 1591 χάρτην
2602 1522 2872 1592 ἡγήσεται
2892 1525 2986 1578 καὶ
3007 1525 3175 1595 μέλαν
3205 1519 3372 1579 εἶναι’
3401 1527 3429 1579 ὁ
3450 1525 3506 1578 δὲ
3531 1524 3725 1596 ἐμπει-

2142 1617 2235 1670 ρος
2262 1601 2356 1655 καὶ
2390 1604 2577 1674 φωνῆς
2602 1605 2918 1669 ἀκούσεται,
2961 1609 3055 1662 καὶ
3076 1607 3376 1674 διαλέξεται
3402 1607 3483 1680 τῷ
3504 1608 3718 1673 ἀπόντι,

2140 1684 2235 1737 καὶ
2287 1685 2425 1758 ὅπερ
2474 1687 2540 1740 ἂν
2574 1687 2834 1760 βούληται
2883 1690 2971 1745 διά
3018 1691 3127 1745 τῶν
3178 1692 3524 1764 γραμμάτων
3563 1693 3725 1747 πάλιν

2139 1769 2289 1839 ἐρεῖ·
2321 1769 2465 1824 οὑτω
2499 1774 2594 1827 καὶ
2622 1774 2715 1827 ἐπὶ
2746 1774 2840 1828 τοῦ
2876 1775 3179 1846 μυστηρίου
3226 1777 3472 1846 γίνεται·
3524 1778 3573 1830 οί
3626 1778 3725 1848 μὲν

2138 1851 2376 1915 ἄπιστοι,
2404 1854 2580 1908 καίτοι
2600 1873 2663 1924 γε
2686 1856 2997 1923 ἀκούοντες,
3021 1859 3083 1911 οὑ
3113 1857 3362 1913 δοκοῦσιν
3396 1857 3617 1914 ἀκούειν
3634 1876 3648 1890 ·
3674 1861 3725 1913 οἱ

2138 1933 2198 1986 δέ
2230 1935 2413 1988 πιστοὶ
2438 1934 2538 2006 τὴν
2572 1938 2659 1991 διά
2682 1938 2776 1991 τοῦ
2813 1939 3131 2009 Πνεύματος
3160 1940 3375 2010 ἔχοντες
3406 1940 3725 2013 ἐμπειρίαν,

2136 2016 2307 2087 δρῶσι
2334 2018 2446 2071 τῶν
2489 2020 2936 2092 ἐναποκειμένων
2968 2023 3069 2092 τὴν
3101 2022 3352 2094 δύναμιν.
3387 2023 3561 2077 Τοῦτο
3593 2023 3725 2092 γοῦν

2137 2101 2270 2155 αὐτὸ
2301 2102 2480 2174 δηλῶν
2515 2105 2546 2157 6
2572 2104 2788 2170 Παῦλος
2823 2106 3013 2175 ἔλεγεν
3035 2124 3048 2139 ·
3088 2108 3213 2162 Ὅτι
3238 2107 3339 2164 καί
3375 2108 3493 2163 νῦν
3522 2109 3588 2164 τὸ
3616 2126 3725 2175 κη-

2131 2186 2503 2255 ρυττόμενον
2541 2187 2991 2256 ἀποκέκρυπται
3009 2206 3024 2220 ·
3059 2188 3177 2262 [52]
3212 2190 3337 2256 τοῖς
3384 2190 3497 2260 γὰρ
3534 2191 3725 2247 ἀπολ-

2138 2266 2445 2334 λυμένοις,
2478 2269 2665 2339 φησὶν,
2713 2269 2847 2323 ἐστὶ
2897 2271 3373 2342 κεκαλυμμένον.
3419 2271 3630 2337 Ἄλλως
3667 2273 3725 2329 δὲ

2140 2349 2233 2402 καὶ
2269 2348 2331 2402 τὸ
2365 2350 2668 2421 παράδοξον
2714 2354 2971 2423 ἐμφαίνει
3020 2354 3117 2408 τοῦ
3152 2355 3530 2427 κηρύγματος.
3568 2356 3726 2412 υῦτω

2137 2429 2202 2502 δὴ
2227 2430 2384 2485 εἴωθε
2413 2433 2604 2489 καλεῖν
2650 2436 2682 2505 ή
2717 2435 2910 2507 Γραφὴ
2951 2437 3021 2489 τά
3056 2437 3186 2508 παρ’
3218 2437 3439 2502 ἐλπίδας
3466 2439 3561 2492 καὶ
3583 2439 3725 2510 ὑπὲρ

2136 2514 2375 2569 διάνοιαν
2413 2516 2762 2588 ἀνθρωπίνην
2793 2520 3076 2589 γινόμενα.
3111 2520 3204 2574 Διδ
3230 2521 3327 2574 καὶ
3357 2519 3611 2593 ἀλλαχοῦ,
3651 2523 3724 2576 Τὸ

2131 2598 2474 2668 μυστήριόν
2509 2598 2643 2670 μου
2674 2601 2805 2672 ἐμοὶ
2845 2603 2949 2655 καί
2996 2602 3121 2669 τοῖς
3152 2603 3350 2673 ἐμοῖςσ
3386 2603 3478 2657 καὶ
3508 2604 3671 2660 πάλιν
3696 2609 3725 2659 6

2138 2681 2370 2746 Παῦλος,
2422 2683 2570 2738 Ἰδοὺ
2596 2683 2939 2754 μυστήριον
2963 2683 3107 2753 ὑμῖν
3134 2685 3289 2755 λέγω
3308 2700 3324 2716 ο
3356 2685 3582 2751 πάντες
3603 2688 3724 2755 μὲν

2137 2765 2210 2817 οὐ
2232 2767 2742 2836 κοιμηθησόμεθα,
2782 2767 3008 2833 πάντες
3033 2766 3103 2837 δὲ
3134 2768 3622 2837 ἀλλαγησόμεθα.
3661 2767 3724 2821 Et

2135 2847 2190 2900 δὲ
2223 2848 2499 2920 πανταχοῦ
2544 2850 2907 2921 κηρύττεται,
2953 2851 3051 2905 καὶ
3076 2850 3218 2905 οὕτω
3249 2850 3551 2922 μυστήριόν
3584 2852 3720 2904 ἐστι.

2136 2930 2248 2984 Kal
2286 2931 2395 3002 γὰρ
2449 2931 2636 3004 ὥσπερ
2676 2932 3078 3003 ἐκελεύσθημεν
3110 2933 3254 3006 ἆπερ
3294 2932 3613 3005 ἠκούσαμεν
3643 2935 3724 2997 εἰς

2134 3014 2197 3067 τὸ
2227 3009 2321 3077 οῦς
2343 3016 2523 3070 εἰπεῖν
2549 3016 2645 3070 ἐπὶ
2672 3017 2784 3071 τῶν
2803 3017 3093 3089 δωμάτων,
3121 3017 3267 3072 οὕτω
3300 3017 3724 3089 προσετάγημεν

2140 3098 2214 3168 μὴ
2254 3098 2439 3154 δοῦναι
2480 3101 2549 3155 τὰ
2579 3101 2713 3170 ἆγια
2745 3104 2859 3166 τοῖς
2888 3102 3036 3165 κυσὶ,
3072 3101 3207 3173 μηδὲ
3232 3101 3387 3173 ῥῖψαι
3421 3103 3546 3167 τοὺς
3577 3118 3722 3175 μαρ-

2136 3180 2365 3251 γαρίτας
2397 3181 2710 3254 ἔμπροσθεν
2761 3184 2870 3238 τῶν
2925 3184 3147 3255 χοίρων.
3199 3185 3264 3237 υί
3322 3185 3423 3256 μὲν
3452 3184 3563 3256 γάρ
3610 3187 3722 3240 εισι

2095 3266 2103 3274 ’
2133 3265 2379 3336 ψυχικοί,
2416 3268 2511 3322 καὶ
2540 3269 2601 3321 ού
2637 3269 2850 3323 νοοῦσιν
2872 3286 2884 3300 ·
2916 3270 2966 3322 οί
2999 3268 3057 3322 δὲ
3086 3269 3357 3341 κάλυμμα
3385 3269 3599 3340 ἔχουσιν
3629 3270 3723 3324 ἐπὶ

2134 3350 2233 3420 τῆς
2267 3351 2495 3423 καρδίας
2518 3352 2719 3418 αὐτῶν,
2748 3353 2845 3406 καὶ
2889 3354 2951 3406 ού
2985 3352 3295 3424 βλέπουσιν.
3327 3353 3475 3425 Ἀρα
3505 3354 3724 3423 μυστή-

2137 3448 2252 3504 ριον
2295 3433 2455 3488 τοῦτο
2504 3435 2740 3506 μάλιστά
2770 3437 2940 3499 ἐστιν,
2976 3435 3005 3489 δ
3054 3435 3331 3507 πανταχοῦ
3384 3436 3481 3506 μὲν
3509 3434 3720 3508 κηρύτ-

2132 3531 2306 3579 τεται,
2331 3517 2393 3571 ού
2419 3517 2746 3589 γνωρίζεται
2774 3518 2831 3571 δέ
2853 3518 3007 3590 παρά
3028 3517 3137 3572 τῶν
3165 3519 3267 3572 οὑκ
3293 3517 3461 3589 ὀρθὴν
3488 3518 3722 3589 ἐχόντων

2134 3597 2360 3673 γνώμην
2379 3618 2392 3633 ·
2429 3601 2835 3655 ἐκκαλύπτεται
2868 3603 2926 3664 δὲ
2953 3603 3055 3656 οὑκ
3084 3602 3192 3656 ἀπὸ
3222 3602 3436 3672 σοφίας,
3468 3602 3581 3656 ἀλλ’
3613 3601 3722 3656 ἀπδ

2136 3682 2450 3754 Ιῐνεύματος
2494 3686 2674 3755 ἁγίου,
2730 3685 2960 3755 καθόσον
2992 3686 3125 3757 ἡμῖν
3159 3684 3418 3750 δέξασθαι
3471 3685 3715 3739 δυνατόν.

2134 3766 2333 3839 Διόπερ
2366 3767 2466 3821 οὑκ
2493 3767 2559 3822 ἄν
2593 3786 2677 3833 τις
2707 3767 2944 3840 ἁμάρτοι
2972 3770 3067 3822 καὶ
3097 3768 3238 3839 μετά
3267 3766 3427 3822 τοῦτο
3459 3768 3596 3822 αὐτὸ
3619 3785 3722 3838 μυ.

2135 3854 2353 3923 στήριον
2391 3852 2525 3905 αὐτὸ
2572 3850 2885 3922 προσειπὼν
2917 3852 3259 3923 ἀπόρρητον·
3291 3850 3410 3904 οὐδὲ
3455 3848 3562 3921 γὰρ
3586 3851 3720 3920 ἡμῖν

2133 3936 2245 3996 τοῖς
2276 3936 2487 3997 πιστοῖς
2528 3936 2681 3988 πᾶσα
2725 3934 3068 4003 ἐνεχειρίσθη
3118 3934 3390 4002 σαφήνεια
3428 3933 3522 3986 καὶ
3559 3932 3719 4002 ἀκρίο

2133 4015 2193 4069 σε
2202 4034 2275 4070 ια.
2295 4016 2389 4070 Διὸ
2412 4016 2506 4070 καὶ
2528 4018 2556 4070 6
2581 4016 2792 4079 Παῦλος
2819 4016 3023 4084 ἔλεγεν*
3065 4016 3168 4070 Ἐκ
3182 4016 3409 4084 μέρους
3434 4013 3720 4085 γινώσκο-

2126 4116 2262 4170 μεν,
2296 4100 2393 4154 καί
2419 4099 2486 4152 ἐκ
2509 4097 2732 4168 μέρους
2758 4098 3232 4167 προφητεύομεν.
3269 4097 3582 4166 Βλέπομεν
3608 4097 3718 4166 γὰρ

2131 4183 2263 4252 ἄρτι
2295 4183 2370 4236 δι’
2403 4183 2704 4252 ἐσόπτρου
2723 4181 2804 4248 ὡς
2834 4182 2905 4236 ἐν
2931 4180 3254 4250 αἰνίγματι,
3284 4180 3420 4232 τότε
3436 4178 3506 4232 δὲ
3532 4179 3717 4246 πρόσ-

2132 4280 2298 4319 ωπον
2339 4265 2491 4332 πρὸς
2540 4264 2888 4333 πρόσωπον.
2924 4261 3024 4317 Διά
3058 4261 3215 4316 τοῦτο
3275 4260 3452 4330 έλεγε,
3482 4259 3717 4316 Λαλοῦ-

2126 4364 2244 4416 μεν
2278 4348 2505 4417 σοφίαν
2548 4349 2619 4402 ἐν
2641 4347 2953 4416 μυστηρίῳ
3002 4345 3116 4412 τὴν
3154 4343 3715 4413 ἀποκεκρυμμένην,

2134 4430 2215 4498 ἦν
2239 4430 2572 4501 προώρισεν
2604 4434 2638 4486 ὁ
2680 4430 2825 4497 Θεὸς
2851 4430 2965 4499 πρὸ
2994 4428 3112 4483 τῶν
3148 4427 3380 4483 αἰώνων
3412 4430 3500 4494 είς
3527 4426 3716 4492 δόξαν

2131 4515 2319 4585 ἡμῶν.
2360 4512 2934 4584 Ἀποκεκρυμμένην,
2962 4511 3263 4574 τουτέστιν,
3289 4512 3372 4564 ὅτι
3399 4511 3575 4574 οὐδεὶς
3609 4508 3715 4581 πρὸ

2132 4598 2292 4669 ήμῶν
2336 4597 2511 4669 ἔμαθε
2562 4596 2674 4650 τῶν
2707 4595 2821 4650 ἀνω
2869 4596 3175 4665 δυνάμεων,
3229 4594 3261 4664 ἦ
3312 4593 3442 4647 ὅτι)
3491 4593 3613 4647 οὐδὲ
3662 4594 3713 4645 οἱ

2135 4680 2320 4734 πολλοὶ
2354 4679 2450 4734 νῦν
2500 4679 2700 4733 ἴσασιν.
2733 4677 2907 4732 Τοῦτο
2929 4676 3040 4750 γὰρ
3069 4677 3223 4747 δηλοῖ
3258 4676 3340 4739 τὸ,
3379 4675 3716 4743 Πριώρισεν

2131 4767 2220 4830 εις
2264 4763 2452 4830 δόξαν
2496 4762 2699 4833 ἡμῶνυ
2743 4762 2922 4816 καίτοι
2968 4777 3032 4828 γε
3082 4759 3317 4829 ἀλλαχοῦ
3372 4774 3541 4826 φησιν
3564 4774 3578 4789 ⁸
3610 4760 3715 4825 Ek

2133 4848 2325 4912 δόξαν
2360 4847 2598 4901 ἑαυτοῦ.
2635 4844 2865 4899 Ἑαυτοῦ
2901 4845 3010 4915 γάρ
3037 4844 3249 4911 ἡγεῖται
3272 4839 3430 4904 δόξαν
3451 4839 3551 4908 τὴν
3578 4841 3713 4910 ήμε-

2131 4931 2298 5001 τέραν
2331 4928 2624 5001 σωτηρίαν,
2662 4927 2854 4995 ὥσπερ
2878 4921 2973 4978 οὖν
3004 4924 3097 4978 καί¹
3130 4922 3356 4976 πλοῦτον
3387 4921 3582 4975 ἐαυτοῦ
3615 4939 3715 4976 κα-

2132 5013 2459 5079 λεῖ,λκαίτοι
2487 5028 2553 5081 γε
2588 5010 2750 5073 αὐτὸς
2796 5007 3027 5071 πλοῦτος
3077 5007 3153 5060 ὢν
3196 5004 3442 5075 ἀγαθῶν,
3498 5004 3593 5058 καὶ¹
3624 5005 3712 5057 οὐ·

2131 5096 2281 5159 δενὸς
2323 5095 2575 5166 δεόμενος
2620 5093 2699 5156 είς
2749 5090 2812 5144 τὸ
2864 5085 3004 5144 εἶναι
3060 5088 3334 5153 πλούσιος.
3389 5086 3709 5156 Προώρισε,

2134 5181 2290 5252 φησὶ,
2316 5179 2416 5251 τὴν
2442 5178 2570 5249 περὶ
2598 5177 2749 5249 ἡμᾶς
2782 5175 3111 5247 κηδεμονίαν
3142 5170 3569 5242 ἐνδεικνύμενος.
3603 5168 3713 5252 Kal

2133 5250 2242 5335 γάρ
2269 5250 2463 5316 ἐκεῖνοι
2496 5260 2729 5332 μάλιστα
2756 5261 2850 5313 καὶ
2881 5260 3046 5329 τιμᾷν
3073 5257 3169 5312 καὶ
3190 5255 3363 5327 φιλεῖν
3385 5253 3534 5323 ἡμᾶς
3558 5250 3711 5335 νομί.

2134 5331 2339 5411 ζονται,
2368 5331 2589 5415 ὅσοιπερ
2615 5341 2821 5398 ἀνωθεν
2855 5336 2988 5396 ὦσιν
3019 5341 3167 5411 ἡμᾶς
3198 5331 3710 5409 παρεσκευασμένοι

2133 5430 2306 5481 ποιεῖν
2336 5423 2393 5481 εὖ
2416 5445 2428 5456 ’
2457 5427 2593 5497 ὅπερ
2620 5427 2713 5479 καὶ
2739 5427 2787 5478 οἱ
2824 5424 3059 5493 πατέρες
3093 5422 3185 5474 ἐπὶ
3219 5419 3425 5472 παίδων
3458 5415 3706 5469 ποιοῦσι·

2132 5513 2227 5567 καὶ
2257 5510 2366 5583 γὰρ
2386 5513 2434 5564 εί
2464 5508 2692 5581 ὕστερον
2719 5507 2921 5561 διδόασι
2956 5507 3025 5558 τὰ
3047 5505 3327 5575 χρήματα,
3359 5498 3474 5583 ἀλλ’
3498 5498 3709 5554 ἀνωθεν

2132 5597 2227 5651 καὶ
2259 5582 2535 5666 ἐξάρχῆς
2582 5596 2688 5646 είσι
2717 5591 2875 5645 τοῦτο
2908 5587 3303 5660 προῃρημένοι.
3350 5582 3522 5637 Τοῦτο
3559 5583 3709 5666 καὶδ

2131 5678 2344 5742 Παῦλος
2369 5664 2658 5741 σπουδάζει
2679 5672 2846 5738 δεῖξαι
2868 5672 2984 5737 νῦν,
3016 5673 3098 5725 ὅτι
3130 5670 3217 5725 &el
3241 5669 3388 5741 ἡμᾶς
3415 5666 3592 5737 ἐφίλει
3610 5664 3707 5720 καὶ

2130 5763 2339 5821 ἄνωθεν
2371 5764 2399 5815 ὁ
2438 5761 2570 5818 Θεὸς
2603 5760 2699 5812 καὶ
2733 5757 2961 5828 μηδέπω
2991 5752 3338 5825 γενομένους.
3372 5750 3448 5803 Ού
3474 5747 3584 5818 γὰρ
3613 5742 3702 5809 ἃν,

2193 5934 2224 5976 δ
2252 5932 2461 5987 Δίρταηι
2497 5926 2642 5982 verba
2666 5928 2698 5986 ἢ
2741 5925 2834 5975 ὅτι.
