4100 6214
393 289 463 345 57
1077 283 1147 340 S.
1187 280 1475 339 JOANNIS
1513 271 1994 335 cnmsosmm
2035 266 2358 331 ARCHIEF.
2399 268 2944 330 CONSTANTINOP.
3583 269 3653 330 53

385 403 437 456 εἰ
469 400 551 473 μὴ
581 397 777 468 ἐφίλει,
809 398 899 452 τὸν
928 397 1157 452 πλοῦτον
1181 398 1312 467 ἡμῖν
1341 394 1637 467 προώρισε.
1667 393 1761 464 Μὴ
1785 390 1966 446 τοίνυν

380 492 644 564 ἐννοήσῃς
689 490 791 562 τὴν
842 491 901 544 ἑν
929 488 1080 560 μέσῳ
1110 485 1409 556 γενομένην
1457 483 1689 556 ἔχθραν·
1727 483 1963 555 πρεσϐυο

376 583 517 656 τέρα
546 581 657 653 γὰρ
683 577 752 652 ἦν
777 581 947 650 αὐτῆς
975 581 1008 649 ή
1031 577 1197 648 φιλία.
1226 577 1300 630 Τὸ
1319 576 1396 642 δὲ,
1419 577 1540 645 Πρὸ
1561 575 1680 630 τῶν
1709 576 1959 644 αἰώνων,

380 672 443 726 :6
482 672 651 726 ἀΐδιόν
692 686 856 741 φησι·
916 669 1010 721 καὶ
1065 665 1174 738 γὰρ
1225 665 1461 737 ἀλλαχοῦ
1495 665 1640 720 οὕτω
1664 665 1813 735 λέγει
1841 683 1854 698 ’
1903 665 1967 719 '0

381 761 673 832 ὑπάρχων
699 760 815 830 πρὸ
841 758 961 813 τῶν
987 757 1239 812 αίώνων.
1268 757 1638 830 Εὑρεθήσεται
1665 759 1846 814 τοίνυν
1871 756 1967 812 καὶ

380 855 411 908 6
437 855 566 918 Υίδς
591 853 763 916 οὕτως
795 851 965 916 ἀΐδιος
993 850 1089 905 ῶν.
1129 851 1240 905 Καὶ
1272 849 1382 922 γὰρ
1411 852 1541 922 περὶ
1573 850 1739 905 αὐτοῦ
1774 867 1964 921 φησιν,

379 942 464 995 δτι
509 939 578 994 δι’
625 939 792 995 αὐτοῦ
833 939 961 1003 τοὺς
993 938 1196 1003 αἰῶνας
1227 938 1502 1012 ἐποίησεν,
1545 939 1683 1012 ὅπερ
1712 941 1830 995 ἐστὶ
1857 938 1966 1010 πρὸ

378 1031 490 1088 τῶν
523 1029 747 1086 ἀἰώνων
799 1031 1089 1103 ὑπάρχειν.
1160 1031 1220 1085 ’0
1268 1031 1378 1104 γάρ
1416 1032 1648 1103 ποιητὴς
1699 1032 1808 1103 πρὸ
1854 1031 1965 1084 τῶν

378 1125 704 1198 ποιημάτων
741 1125 965 1196 εὔδηλον
992 1125 1096 1178 ὃτι.
1137 1126 1245 1181 Ἦν
1276 1123 1474 1190 οὐδεὶς
1502 1123 1624 1178 τῶν
1653 1124 1966 1194 ἀρχόντων

377 1217 488 1272 τοῦ
506 1217 732 1283 ἀἰῶνος
757 1216 974 1270 τούτου
1000 1215 1290 1286 ἔγνωκεν·
1316 1217 1368 1269 εἰ
1390 1214 1500 1286 γὰρ
1523 1214 1824 1285 ἔγνωσαν,
1850 1217 1962 1270 οὐκ

378 1308 459 1363 ἂν
497 1309 602 1362 τὸν
643 1310 864 1377 Κύριον
901 1305 1012 1375 τῆς
1059 1305 1246 1374 δόξης
1284 1308 1698 1376 ἐσταύρωσαν.
1752 1307 1962 1362 Οὐκοῦν

377 1399 498 1454 οὐδὲ
529 1399 890 1470 ἐγκλημάτων
916 1398 1055 1452 εἰσὶν
1085 1395 1245 1464 ἄξιοι,
1281 1397 1335 1450 εί
1358 1415 1419 1467 γε
1446 1398 1521 1470 μὴ
1560 1397 1829 1467 ἔγνωσαν,
1867 1399 1962 1453 καὶ

379 1491 732 1564 ἒσταύρωσαν
757 1503 806 1544 ει.
852 1489 965 1544 Kal.
991 1490 1040 1543 εί
1085 1487 1163 1560 μὴ
1193 1488 1414 1560 ᾔδεσαν,
1461 1487 1578 1552 πῶς
1626 1487 1813 1558 ἔλεγεν
1861 1489 1959 1542 a6-

377 1585 512 1646 :o‘:';,
542 1580 651 1637 Καὶ
679 1581 784 1652 ἐμὲ
813 1580 1034 1642 amate.
1060 1579 1158 1634 καί
1187 1578 1389 1634 οἴδατε
1426 1580 1614 1636 πόθεν
1648 1579 1769 1649 εἰμί
1785 1596 1804 1642 ;
1825 1581 1962 1650 Περὶ

377 1672 488 1744 γὰρ
511 1671 606 1726 τοῦ
635 1672 870 1726 Πιλάτου
905 1672 1071 1742 φησὶν
1094 1672 1128 1742 ἡ
1154 1669 1366 1742 Γραφή,
1392 1671 1474 1726 ὅτι
1509 1672 1611 1725 οὐκ
1639 1672 1756 1743 ᾔδει
1778 1691 1790 1703 ο
1815 1672 1960 1736 είκὸς

375 1765 432 1819 δὲ
459 1763 594 1836 μηδὲ
636 1764 728 1817 τὸν
757 1760 874 1836 [55]
921 1761 1171 1835 Ἡρώδην
1199 1762 1417 1817 εἰδέναι.
1452 1762 1686 1828 Τούτους
1724 1764 1792 1818 ἀν
1815 1764 1959 1818 εἴποι

375 1874 460 1921 τις
494 1857 778 1910 καλεῖσθαι
800 1857 1068 1926 ἄρχοντας
1093 1853 1190 1908 τοῦ
1219 1854 1416 1917 αἰῶνος
1440 1855 1652 1909 τούτου.
1686 1856 1749 1908 Et
1776 1855 1832 1908 δὲ
1864 1858 1958 1909 καὶ

377 1949 507 2019 περὶ
539 1948 648 2001 τῶν
707 1945 978 2001 Ἰουδαίων
1017 1945 1114 1999 καὶ
1146 1946 1276 2016 περί
1320 1945 1430 1999 τῶν
1467 1943 1660 2016 ἱερέων
1700 1946 1844 2000 εἴποι
1872 1963 1959 2010 τις

375 2036 442 2090 ἂν
459 2035 618 2090 τοῦτο
641 2034 919 2105 λέγεσθαι,
947 2034 1050 2089 οὐκ
1069 2034 1137 2090 ἀν
1163 2033 1402 2106 ἁμάρτοι
1421 2049 1435 2064 ο
1469 2035 1563 2088 καὶ
1591 2033 1701 2106 γὰρ
1729 2035 1984 2100 ἐκείνοις,

375 2127 563 2196 φησὶν,
605 2127 757 2181 Οὔτε
799 2127 906 2198 ἐμὲ
954 2127 1176 2192 οῑδατε,
1212 2128 1352 2182 οὔτε
1390 2128 1499 2182 τὸν
1537 2128 1770 2196 Πατέρα
1813 2147 1953 2198 μου.

374 2218 501 2282 Πῶς
526 2214 619 2273 οῦν
653 2218 912 2292 ἀνωτέρω
941 2221 1096 2290 φησὶ,
1128 2219 1237 2275 Καὶ
1258 2219 1362 2290 ἐμὲ
1380 2219 1601 2286 οἴδατε,
1626 2219 1724 2274 καὶ
1757 2220 1958 2275 οἴδατε

373 2311 561 2365 πόθεν
608 2312 728 2381 ειμι
745 2327 765 2376 ;
821 2310 983 2366 Ἀλλά
1018 2311 1103 2376 τίς
1153 2313 1183 2365 6
1224 2301 1421 2384 τρόπος
1453 2311 1554 2382 τῆς
1591 2312 1957 2383 ἀναγνώσεως

371 2402 577 2474 ταύτης
631 2403 726 2457 καὶ
774 2402 857 2466 τίς
904 2403 1145 2474 ἐκείνης,
1197 2403 1256 2456 ὲν
1295 2404 1408 2468 τοῖς
1460 2402 1816 2473 Εὐαγγελίοις
1853 2405 1953 2478 ήδη

372 2495 618 2566 εἴρηταιο
673 2492 790 2560 καὶ,
837 2491 980 2546 ῶστε
1014 2492 1090 2564 μὴ
1121 2493 1362 2564 συνεχῶς
1393 2495 1455 2548 :6
1504 2495 1637 2550 αὐτὸ
1675 2496 1952 2568 στρέφειν,

371 2585 494 2638 ἐκεῖ
517 2582 965 2655 παραπέμπομεν
989 2583 1118 2647 τοὺς
1145 2583 1596 2654 ἐντυγχάνοντας.

441 2674 514 2741 γ’.
543 2673 610 2726 Τί
638 2669 765 2740 66v;
797 2673 1218 2744 ἀφείθη,φησὶν,
1245 2675 1702 2740 αύτοῖςτὸὲπὶτοῦ
1718 2680 1952 2752 σταυροῦ

370 2764 704 2837 ἀμάρτημα;
743 2765 838 2819 καὶ
870 2763 980 2836 γάρ
1004 2759 1192 2820 εἷπενο
1228 2767 1404 2835 Ἄφες
1455 2769 1677 2836 αὐτοῖς.
1725 2771 1788 2824 Εἰ
1825 2789 1953 2843 μετο

367 2855 618 2926 ενόησαν,
642 2855 858 2926 ἀφείθη.
905 2855 1018 2910 Kal
1038 2855 1148 2928 γὰρ
1168 2857 1198 2910 6
1227 2857 1450 2929 μυρίαις
1475 2857 1653 2928 βαλὼν
1682 2861 1840 2932 χερσὶ
1861 2862 1953 2917 τὸν

369 2946 658 3016 Στέφανον,
707 2946 802 3000 καὶ
833 2945 1030 3011 διώξας
1075 2947 1175 3020 τὴν
1220 2948 1548 3020 Ἐκκλησίαν
1578 2950 1812 3018 Παῦλος,
1851 2953 1952 3024 τῆς

381 3037 709 3110 Ἐκκλησίας
729 3039 1043 3111 προστάτης
1069 3039 1310 3109 ἐγένετο.
1343 3040 1530 3105 Οὕτως
1557 3037 1652 3097 οῦν
1678 3044 1952 3110 κάκείνοις

367 3129 565 3202 ἀφείθη
595 3131 708 3194 τοῖς
739 3129 1045 3201 βουληθεῖσι
1071 3132 1442 3202 μεταγνῶναι·
1474 3132 1503 3186 6
1526 3132 1590 3206 δή
1623 3133 1715 3188 καὶ
1741 3135 1771 3188 6
1799 3135 1950 3189 Παῦ-

365 3223 457 3287 λος
490 3221 628 3293 βοῶν
657 3221 811 3292 ἔλεγε
832 3237 846 3251 ·
879 3223 1045 3292 Λέγω
1080 3217 1222 3278 οὖν’
1249 3223 1349 3293 Μὴ
1379 3223 1678 3280 ἔπταισαν
1698 3227 1802 3282 ἵνα
1839 3227 1948 3282 πέ-

365 3328 556 3379 σωσι;
602 3312 701 3383 Μὴ
747 3312 994 3384 γένοιτο.
1045 3314 1156 3368 Kal
1189 3314 1372 3380 πάλιν,
1426 3316 1569 3385 Μὴδ
1601 3316 1888 3372 ἀπώσατο
1915 3321 1949 3375 ὁ

367 3405 514 3472 Θεὸς
540 3405 647 3459 τὸν
687 3403 845 3460 λαὸν
880 3404 1069 3461 αὐτοῦ
1115 3405 1189 3460 ὸν
1225 3405 1532 3478 προέγνω;
1563 3407 1659 3479 Μὴ
1691 3409 1946 3480 γένοιτο.

365 3495 502 3551 Εἶτα
525 3497 738 3560 δεικνὺς
775 3496 856 3550 ὃτι
885 3495 987 3550 οὐκ
1026 3495 1361 3570 ἀπεκλείσθη
1401 3500 1581 3554 αὐτῶν
1609 3502 1642 3574 ή
1667 3502 1945 3573 μετάνοια,

362 3587 664 3658 τεκμήριον
703 3586 805 3658 τὴν
860 3586 1196 3658 ἐπιστροφὴν
1246 3589 1347 3662 τὴν
1397 3590 1595 3644 ἑαυτοῦ
1651 3592 1946 3664 παρήγαγε

363 3680 539 3749 λέγων
558 3696 574 3713 ο
605 3678 718 3735 Καὶ
745 3679 857 3750 γὰρ
887 3679 1003 3750 ἐγὼ
1041 3682 1416 3753 ἰσραηλίτης
1444 3683 1582 3754 ειμι.
1611 3684 1686 3738 Τὸ
1707 3685 1787 3749 δὲ,
1824 3687 1948 3743 οὐκ

363 3770 659 3839 ἔγνωσαν,
691 3769 813 3840 ἐμοὶ
837 3769 984 3824 δοκεῖ
1008 3771 1072 3825 66
1102 3772 1232 3843 περὶ
1259 3772 1500 3844 Χριστοῦ
1527 3772 1761 3828 ἐνταῦθα
1789 3777 1944 3850 εἰρῆ-

365 3859 510 3926 σθαι,
543 3859 679 3915 ἀλλὰ
713 3861 843 3932 περὶ
885 3861 1056 3933 αὐτῆς
1089 3862 1184 3917 τοῦ
1233 3863 1560 3936 πράγματος
1594 3865 1692 3938 τῆς
1737 3867 1946 3922 οἰκονοι

367 3952 526 4025 μίαςο
557 3946 692 4021 οἷον,
721 3953 775 4006 τί
803 3950 1053 4008 ἐϐούλετο
1082 3955 1112 4009 6
1133 3954 1362 4019 θάνατος
1382 3956 1478 4011 καὶ
1497 3957 1527 4010 6
1555 3959 1810 4029 σταυρὸς,
1843 3961 1944 4014 οὐκ

361 4044 603 4117 ᾔδεισαν.
649 4043 762 4100 Kal
789 4045 899 4118 γὰρ
929 4045 1023 4099 καὶ
1049 4045 1168 4100 ἐκεῖ
1198 4047 1300 4102 οὐκ
1343 4044 1517 4115 εἶπεν,
1561 4050 1646 4104 ὅτι
1689 4051 1819 4122 Ἐμὲ
1843 4052 1945 4106 οὐκ

359 4133 586 4201 οἴδασιν,
620 4132 760 4200 ἀλλ’,
793 4136 918 4189 οὐκ
944 4133 1147 4190 οῖδασι
1176 4137 1235 4192 τί
1251 4137 1515 4205 ποιοῦσι,
1544 4139 1809 4208 τουτέστι,
1841 4142 1942 4214 τὴν

358 4225 674 4297 οἰκονομίαν
698 4224 799 4296 τὴν
825 4224 1159 4298 τελουμένην
1185 4227 1279 4281 καὶ
1308 4226 1372 4281 :6
1395 4230 1695 4300 μυστήριον
1719 4229 1943 4301 ἀγνοοῦ-

360 4333 468 4371 σιν.
493 4314 573 4372 06
601 4315 713 4388 γάρ
736 4315 956 4388 ᾔδεσαν,
981 4317 1064 4370 ὅτι
1082 4315 1228 4370 οὕτω
1255 4317 1468 4389 λάμψαι
1491 4319 1604 4391 ἔχει
1627 4321 1656 4374 6
1683 4323 1937 4395 σταυρὸς,

357 4407 442 4462 6::
492 4408 595 4477 τῆς
642 4406 968 4479 οἰκουμένης
1005 4406 1218 4478 γίνεται
1251 4409 1495 4481 σωτηρία
1538 4411 1635 4464 καὶ
1661 4411 1759 4465 τοῦ
1803 4413 1938 4468 Θεοῦ

358 4498 498 4570 πρὸς
521 4498 651 4561 τοὺς
673 4496 997 4568 ἀνθρώπους
1027 4498 1364 4572 καταλλαγὴ,
1397 4501 1494 4555 καὶ
1520 4502 1554 4572 η
1583 4502 1739 4568 πόλις
1759 4505 1939 4560 αὐτῶν

358 4587 653 4653 ἁλώσεται,
673 4586 770 4642 καὶ
787 4585 939 4641 δεινά
965 4586 1364 4659 ὑποστήσονται
1394 4588 1466 4643 :6
1487 4589 1714 4661 laxam.
1737 4594 1937 4664 Σοφίαν

356 4683 414 4738 δὲ
435 4683 531 4738 καὶ
557 4681 650 4736 τὸν
678 4677 916 4754 Χριστὸν
936 4678 1095 4734 καλεῖ
1117 4680 1212 4735 καὶ
1239 4679 1333 4733 τὸν
1366 4683 1598 4754 σταυρὸν
1625 4686 1720 4740 καὶ
1752 4685 1813 4740 :6
1833 4687 1935 4759 κή-

361 4789 567 4845 ρυγμα.
592 4771 879 4843 Εὑκαίρως
902 4770 960 4826 δὲ
986 4770 1192 4844 Κύριον
1210 4770 1372 4843 δόξης
1395 4773 1676 4830 ἐκάλεσεν.
1716 4777 1934 4851 Ἐπειδὴ

356 4867 467 4935 γάρ
507 4864 536 4915 6
590 4863 823 4935 σταυρὸς
871 4862 1089 4930 ἀδοξίας
1138 4859 1278 4920 εἶναι
1314 4865 1482 4931 δοκεῖ,
1531 4865 1802 4922 δείκνυσιν
1852 4870 1934 4925 ὅτι

359 4953 572 5025 μεγάλη
602 4949 672 5024 ἦν
701 4952 828 5017 δόξα
853 4955 884 5008 6
929 4955 1180 5026 σταυρός.
1230 4955 1391 5012 Ἀλλά
1426 4957 1671 5031 μεγάλης
1702 4960 1810 5016 ἔδει
1841 4979 1932 5017 σο-

357 5045 507 5113 φίας,
537 5045 599 5097 οὐ
629 5043 790 5114 μόνον
810 5043 872 5097 :6
900 5044 993 5098 τὸν
1025 5045 1158 5099 Θεὸν
1184 5048 1406 5114 εἰδέναι,
1436 5049 1574 5104 ἀλλά
1601 5051 1696 5105 καὶ
1740 5052 1934 5123 μαθεῖν

355 5137 448 5192 τοῦ
479 5135 613 5192 Θεοῦ
639 5137 740 5207 τὴν
769 5136 1083 5208 οἰκονομίαν
1110 5137 1312 5208 ταύτην
1332 5158 1346 5171 ο
1379 5143 1413 5210 ἡ
1448 5143 1506 5197 δὲ
1536 5141 1735 5210 ἔξωθεν
1768 5146 1932 5216 σοφία

355 5228 478 5300 οὐχὶ
520 5227 616 5282 τοῦ
657 5225 929 5299 προτέρου
981 5227 1164 5298 μόνον,
1201 5229 1336 5284 ἀλλά
1373 5232 1468 5285 καὶ
1517 5233 1707 5288 τούτου
1737 5235 1932 5306 γέγονε

359 5321 607 5392 κώλυμα.
657 5319 868 5387 Ἀλλὰ,
924 5319 1118 5388 καθὼς
1171 5324 1515 5393 γέγραπται.
1552 5324 1591 5380 ιι
1623 5328 1931 5399 ὀφθαλμὸς

355 5411 470 5465 οὐκ
501 5409 682 5480 εἶδεν,
727 5413 828 5468 καί
853 5407 963 5481 οὖς
1001 5414 1114 5469 οὐκ
1142 5413 1392 5483 ἤκουσε,
1418 5415 1516 5470 καὶ
1547 5417 1646 5474 ἐπι
1679 5421 1932 5490 καρδίαν

355 5501 671 5568 ἀνθρώπου
719 5507 833 5559 οὐκ
877 5505 1083 5574 ἀνέϐη,
1128 5504 1166 5561 d
1203 5507 1533 5578 ἡτοίμασεν
1564 5512 1598 5565 ό
1633 5511 1780 5580 Θεὸς
1806 5511 1931 5581 τοῖς

356 5590 674 5662 ἀγαπῶσιν
706 5597 910 5650 αὐτόν.

421 5825 449 5853 ⁸
503 5823 679 5878 Deerat
718 5834 938 5879 comma:
985 5826 1233 5883 Οὐκοῦν...

363 5829 449 5937 ΚΞ
503 5829 679 5878 Deerat
718 5834 902 5879 comma
926 5846 938 5877 :
985 5829 1233 5883 Οὐκοῦν...
1322 5829 1352 5874 b
1375 5829 1641 5898 Legebat“,-
1662 5832 1803 5900 Λέγω
1827 5835 1927 5902 οὖν,

436 5915 467 5941 ιο

2141 389 2253 444 Καὶ
2271 388 2375 448 ποῦ
2397 387 2710 460 γέγραπται
2728 385 2902 443 ταῦτα
2917 401 2932 452 ;
2951 382 3182 456 Λέγεται
3192 384 3302 457 γὰρ
3317 387 3651 463 γεγράφθαι,

2071 478 2167 532 καὶ
2194 479 2326 534 ὅταν
2356 477 2432 551 μὴ
2479 478 2568 533 6:6
2593 477 2704 532 τῶν
2737 477 3021 549 ῥημάτων,
3067 476 3206 532 ἀλλά
3236 477 3306 532 δι’
3337 479 3519 537 αὐτῶν
3541 483 3655 539 τῶν

2072 571 2416 642 πραγμάτων
2447 570 2678 640 κείμενα
2697 565 2756 642 ᾖ,
2788 568 2865 634 ώς
2890 567 3112 624 ἐπὶτῶν
3145 568 3399 642 ἱστοριῶν
3417 585 3433 603 ⁸
3461 571 3495 644 ἢ
3520 573 3653 629 ὅταν

2065 661 2127 717 :6
2156 662 2291 717 αὐτὸ
2323 663 2423 736 μὲν
2453 664 2630 734 νόημα
2662 663 2913 734 κείμενον
2941 657 2996 734 ᾖ,
3032 662 3108 734 μὴ
3132 661 3219 716 ἐπ’
3252 663 3435 720 αὐτῶν
3451 662 3509 720 δὶ
3542 667 3654 722 τῶν

2069 755 2354 826 ῥημάτων,
2396 753 2471 818 ώς
2497 753 2755 808 ἐνταῦθα.
2781 752 2856 807 T6
2885 752 3016 824 γὰρ,
3061 749 3163 820 Οἷς
3198 753 3312 809 οὐκ
3342 752 3650 827 ἀνηγγέλη

2067 845 2202 916 περί
2234 845 2445 912 αὐτοῦ,
2472 845 2745 916 ὄψονται,
2781 844 2880 899 καὶ
2921 845 2980 900 οἳ
3023 848 3136 901 οὐκ
3172 846 3471 916 ἀκηκόασι
3501 866 3652 905 συν-

2062 937 2311 1004 ήσουσι·
2329 935 2488 992 τοῦτο
2507 937 2705 992 ταυτόν
2725 937 2844 992 ἐστι
2864 936 2962 1009 τῷ,
2975 939 3035 994 Ἀ
3053 939 3361 1010 ὀφθαλμὸς
3378 943 3489 996 οὐκ
3499 937 3645 1005 εἶδε,

2064 1029 2167 1084 καί
2211 1023 2321 1097 οὖς
2361 1030 2476 1085 οὐκ
2505 1025 2794 1099 ἤκουσεν.
2846 1031 2917 1084 Ἦ
2955 1028 3112 1085 τοῦτο
3145 1032 3326 1086 τοίνυν
3364 1031 3553 1103 φησὶν,
3603 1033 3640 1106 ἢ

2063 1120 2211 1185 εἰκὸς
2235 1121 2329 1174 καὶ
2349 1121 2660 1194 γεγράφθαι
2681 1122 2740 1174 ἑν
2773 1120 2995 1192 βίϐλοις.
3027 1122 3123 1177 καὶ
3148 1122 3443 1193 ἠφανίσθαι
3462 1123 3532 1179 :6
3562 1124 3642 1195 βι-

2019 1217 2022 1220 ’
2063 1210 2209 1266 ϐλία.
2245 1213 2356 1266 Kal
2400 1211 2512 1284 γὰρ
2558 1211 2732 1266 πολλά
2773 1212 3040 1286 διεφθάρη
3095 1212 3299 1284 βιϐλία,
3341 1216 3437 1271 καὶ
3487 1215 3645 1286 ὀλίγα

2061 1303 2313 1375 διεσώθη,
2361 1305 2457 1358 καὶ
2498 1305 2591 1359 ἐπὶ
2638 1307 2738 1377 τῆς
2771 1306 3046 1378 προτέρας
3097 1308 3496 1379 αἰχμαλωσίας.
3533 1310 3645 1364 Kal

2060 1393 2218 1448 τοῦτο
2251 1393 2408 1466 δῆλον
2435 1396 2493 1448 ἐν
2525 1397 2648 1460 ταῖς
2678 1394 2796 1468 [54]
2826 1396 3339 1470 Παραλειπομέναις
3357 1417 3371 1430 ⁸
3411 1401 3506 1455 καὶ
3533 1404 3644 1473 γάρ

2060 1501 2225 1554 φησιν
2243 1486 2272 1540 6
2297 1484 2644 1554 Ἀπόστολος,
2656 1486 2739 1540 ὅτι
2764 1486 2912 1542 Ἀπὸ
2931 1487 3218 1558 Σαμουὴλ
3236 1489 3335 1544 καί
3359 1489 3478 1545 τῶν
3495 1479 3645 1563 ἑξῆς

2059 1575 2387 1645 προφητῶν
2418 1575 2644 1643 πάντες
2673 1576 2950 1646 εἰρήκασι
2998 1578 3134 1647 περὶ
3164 1581 3380 1637 αὑτοῦ.
3423 1582 3537 1638 Kal
3578 1585 3642 1639 66

2059 1664 2279 1728 πάντως
2307 1664 2533 1735 φέρεται
2561 1663 2734 1718 ταῦτα
2753 1682 2766 1696 ο
2797 1665 2892 1720 τὸν
2909 1665 2966 1720 δὲ
2991 1666 3202 1722 Παῦλον
3228 1669 3323 1724 ἀτε
3358 1673 3644 1746 νομομαθῆ

2060 1754 2190 1808 ὅντα
2216 1756 2309 1810 καὶ
2340 1755 2618 1828 Πνεύματι
2649 1755 3019 1829 φθεγγόμενον
3045 1759 3192 1824 είκδς
3223 1761 3423 1816 εἰδέναι
3462 1764 3645 1821 πάντα

2062 1848 2201 1921 μετά
2231 1847 2538 1920 ἀκριϐείας.
2568 1847 2682 1902 Kal
2707 1849 2760 1902 τί
2785 1849 2930 1920 λέγω
2959 1851 3087 1921 περὶ
3111 1852 3210 1924 τῆς
3230 1855 3638 1926 αἰχμαλωσίαςς
3751 1845 3754 1848 ’

2059 1940 2171 1994 Kal
2206 1939 2318 2010 γάρ
2350 1939 2459 2012 πρδ
2505 1939 2608 2010 τῆς
2632 1941 3016 2013 αἰχμαλωσίας
3054 1944 3226 1999 πολλά
3255 1944 3524 2017 ὴφάνιστο
3556 1949 3642 2020 βι-

2059 2029 2205 2096 ϐλία,
2232 2029 2342 2084 τῶν
2381 2030 2654 2085 Ἰουδαίων
2679 2033 2761 2097 εἰς
2788 2032 3028 2104 ἐσχάτην
3054 2034 3310 2092 ἀσέϐειαν
3331 2037 3644 2104 ,ὲξοκειλάνο

2057 2138 2185 2178 των.
2219 2121 2328 2176 Kal
2352 2121 2512 2192 δῆλον
2535 2123 2601 2176 ὲκ
2628 2122 2721 2176 τοῦ
2765 2123 2957 2188 τέλους
2980 2124 3079 2196 τῆς
3107 2126 3373 2199 τετάρτης
3402 2130 3511 2184 τῶν
3540 2131 3644 2186 Βα-

2059 2211 2306 2267 σιλειῶν·
2356 2213 2418 2268 :6
2455 2212 2564 2286 γὰρ
2615 2214 3035 2286 Δευτερονόμιον
3069 2217 3225 2287 μόλις
3270 2235 3374 2272 που
3413 2218 3642 2292 εὕρηται

2058 2306 2116 2358 ὲν
2147 2304 2353 2376 κοπρίᾳ
2379 2305 2892 2377 κατακεχωσμένον.
2947 2305 3157 2372 Ἄλλως
3200 2308 3257 2362 δὲ
3291 2310 3397 2363 εἰσὶ
3440 2311 3535 2365 καὶ
3559 2310 3642 2364 6:-

2059 2393 2193 2450 πλαῖ
2236 2395 2506 2468 πολλαχοῦ
2548 2399 2877 2469 προφητεῖαι
2908 2400 3020 2463 τοῖς
3063 2407 3446 2472 συνετωτέροις
3470 2403 3640 2457 εὐκα-

2055 2488 2342 2560 τάληπτοι,
2379 2487 2439 2554 ἐξ
2479 2483 2554 2543 ὧν
2579 2490 2752 2544 πολλά
2776 2490 2886 2546 τῶν
2909 2491 3138 2562 ἀσαφῶν
3166 2493 3312 2546 ἔστιν
3339 2493 3544 2565 εὑρεῖν.
3568 2494 3638 2548 Τί

2056 2576 2180 2649 οῦν;
2210 2580 2310 2636 οὐκ
2336 2577 2474 2636 εἶδεν
2498 2581 2799 2655 ὀφθαλμὸς,
2829 2583 2866 2639 ἀ
2894 2585 3192 2657 ἡτοίμασεν
3219 2588 3248 2640 6
3277 2586 3444 2651 Θεός;
3467 2587 3634 2659 Οὐχί*

2054 2673 2139 2738 τίς
2169 2673 2278 2746 γάρ
2321 2672 2429 2726 τῶν
2463 2673 2768 2746 ἀνθρώπιον
2806 2670 2914 2730 εἶδε
2952 2679 3020 2732 :6
3063 2677 3466 2749 οἰκονομεῖσθαι
3505 2677 3638 2749 μέλ-

2053 2764 2244 2830 λοντα;
2289 2760 2436 2836 Ἀρα
2462 2760 2555 2820 οῦν
2579 2765 2701 2820 οὐδὲ
2741 2763 2835 2832 οῦς
2866 2767 3120 2838 ἤκουσεν,
3145 2768 3265 2822 οὐδὲ
3294 2770 3388 2823 ἐπὶ
3409 2769 3638 2841 καρδίαν

2051 2855 2341 2927 ἀνθρώπου
2361 2857 2534 2929 ἀνέϐη
2552 2875 2566 2924 ;
2583 2858 2676 2912 καὶ
2693 2858 2811 2924 πῶς
2828 2875 2843 2925 ;
2863 2860 2926 2914 Et
2950 2859 3061 2932 γάρ
3080 2861 3129 2914 οἰ
3161 2861 3440 2933 προφῆται
3459 2859 3636 2929 εἷπον,

2052 2947 2194 3014 πῶς,
2222 2949 2406 3022 φησιν,
2439 2945 2533 3016 οῦς
2577 2951 2678 3006 οὐκ
2704 2951 2957 3023 ἤκουσεν,
2991 2951 3114 3009 οὐδὲ
3148 2956 3241 3009 ἐπὶ
3269 2954 3501 3027 καρδίαν
3538 2957 3637 3012 ἀν·-

2051 3038 2272 3111 θρώπου
2307 3041 2514 3112 ἀνέϐη;
2547 3043 2662 3098 υύκ
2699 3043 2902 3117 ἀνέϐηο
2935 3044 2999 3098 66
3027 3045 3138 3118 γάρ
3169 3047 3297 3115 περὶ
3329 3047 3512 3102 αὐτῶν
3539 3047 3637 3120 μό-

2049 3147 2140 3184 νον
2164 3131 2350 3202 φησὶν,
2373 3133 2510 3188 ἀλλά
2537 3133 2666 3206 περὶ
2691 3134 2874 3207 πάσης
2897 3138 2999 3208 τῆς
3020 3135 3372 3209 ἀνθρωπίνης
3394 3138 3632 3208 φύσεως.

2049 3222 2117 3276 Τί
2152 3217 2281 3290 οῦν;
2315 3224 2365 3277 οἰ
2401 3223 2678 3296 προφῆται
2716 3226 2818 3281 οὐκ
2865 3227 3143 3297 ἧκουσαν;
3188 3231 3469 3284 Ἤκουσαν
3513 3231 3634 3302 μιν,

2048 3312 2167 3367 ἀλλ’
2187 3313 2287 3367 οὐκ
2312 3309 2381 3386 ἦν
2413 3314 2704 3385 ἀνθρώπου
2730 3311 2825 3381 οῦς
2861 3317 2921 3371 τὸ
2947 3313 3044 3382 οῦς
3075 3318 3138 3372 :6
3177 3320 3544 3392 προφητικὸν·
3571 3321 3634 3376 66
3685 3384 3702 3398 '

2047 3401 2158 3474 γάρ
2197 3401 2275 3467 ώς
2321 3402 2598 3474 ἄνθρωποι
2630 3404 2889 3476 ἥκουσαν,
2925 3405 3042 3460 ἀλλ’
3079 3407 3156 3472 ὡς
3201 3409 3502 3480 προφῆται.
3541 3409 3636 3464 Διό

2048 3504 2206 3559 φησι,
2247 3487 2588 3558 Προσέθηκέ
2639 3508 2744 3560 μοι
2791 3491 2970 3548 ὠτίον
3005 3493 3274 3560 ἀκούειν,
3308 3496 3410 3568 τὴν
3459 3515 3635 3572 προσ-

2047 3577 2222 3652 θήκην
2257 3578 2357 3651 τὴν
2394 3579 2503 3634 61:6
2543 3579 2641 3634 τοῦ
2675 3581 2996 3652 Πνεύματος
3023 3584 3220 3654 λέγων.
3251 3586 3414 3640 Ὅθεν
3450 3587 3630 3662 δῆλον,

2045 3669 2129 3723 6::
2147 3669 2277 3741 πρὶν
2297 3669 2331 3741 ἢ
2351 3669 2602 3739 ἀκοῦσαι,
2623 3671 2744 3727 οὐδὲ
2767 3673 2860 3727 ἐπὶ
2880 3675 3110 3747 καρδίαν
3129 3675 3420 3749 ἀνθρώπου
3440 3679 3630 3754 ἀνέϐη.

2043 3763 2202 3817 Μετά
2230 3763 2340 3834 γὰρ
2361 3763 2461 3836 τὴν
2487 3763 2584 3818 τοῦ
2625 3764 2944 3837 Πνεύματος
2985 3767 3133 3824 δόσιν
3179 3769 3281 3825 οὐκ
3321 3765 3392 3845 ἦν
3434 3774 3633 3846 καρδία

2044 3851 2357 3927 ἀνθρώπου,
2409 3855 2548 3910 ἀλλά
2579 3855 2778 3929 καρδία
2817 3861 3166 3933 πνευματικὴ
3197 3863 3232 3934 ή
3266 3861 3374 3918 τῶν
3421 3881 3634 3938 προφη-

2043 3943 2174 4011 τῶν,
2215 3944 2470 4016 καθάπερ
2499 3947 2595 4001 καὶ
2625 3949 2784 4013 αύτὸς
2811 3966 2973 4021 φησι·
3009 3950 3180 4007 Νοῦν
3207 3955 3473 4023 Χριστοῦ
3498 3957 3633 4026 ἕχο-

2038 4053 2175 4107 μεν.
2225 4038 2292 4092 Ὃ
2339 4037 2399 4092 δὲ
2443 4037 2614 4108 λέγει,
2665 4039 2826 4094 τοῦτό
2868 4042 3016 4096 ἐστι’
3051 4044 3193 4116 Πρὶν
3239 4045 3274 4118 ἦ
3310 4046 3630 4119 Πνεύματος

2043 4127 2351 4184 ἀπολαῦσαι
2392 4130 2488 4186 καὶ
2531 4129 2724 4202 μαθεῖν
2750 4131 2819 4186 :6
2857 4132 3168 4206 ἀπόρρητα,
3207 4136 3331 4191 οὐδὲ
3356 4138 3516 4209 ήμῶν
3545 4156 3630 4205 τις

2041 4221 2163 4276 οὐδὲ
2203 4221 2312 4276 τῶν
2341 4220 2638 4297 προφητῶν
2679 4223 2820 4279 αύτά
2859 4225 3130 4297 ἐνενόησε.
3165 4227 3291 4292 Πῶς
3318 4229 3448 4301 γὰρ,
3489 4230 3626 4285 ὅπου

2040 4313 2164 4367 οὐδὲ
2187 4314 2409 4383 ἄγγελοι
2439 4312 2580 4368 αύτά
2608 4313 2842 4386 ⁴ξξδεσαη
2871 4315 2936 4370 Τί
2963 4316 3070 4389 γάρ
3097 4317 3204 4390 χρὴ
3238 4317 3436 4388 λέγειν,
3461 4320 3618 4391 φησί,

2041 4405 2173 4477 περὶ
2200 4405 2309 4460 τῶν
2337 4405 2618 4477 ἀρχόντων
2661 4405 2758 4461 τοῦ
2785 4408 2980 4473 αἰῶνος
3005 4408 3222 4475 τούτου,
3259 4411 3395 4465 ὅπου
3427 4428 3492 4482 γε
3523 4412 3622 4466 66-

2038 4497 2150 4562 6el;
2200 4495 2507 4570 ἀνθρώπων
2534 4496 2710 4553 ταῦτα
2737 4499 3028 4569 ἠπίστατο,
3053 4499 3174 4554 6666
3216 4503 3274 4556 αἰ
3319 4501 3432 4557 ἀνω
3463 4503 3624 4560 δυνά-

2040 4605 2196 4661 μεις;
2227 4589 2362 4642 Ποῖα
2393 4588 2460 4663 δὴ
2493 4589 2696 4657 ταῦτα;
2730 4592 2852 4646 Ὀτι
2890 4592 2978 4647 6:6
3008 4595 3108 4663 τῆς
3169 4592 3435 4666 δοκούσης
3482 4589 3623 4650 εἶναι

2040 4680 2254 4754 μωρίας
2283 4680 2379 4736 τοῦ
2424 4682 2784 4756 κηρύγματος
2819 4686 3089 4760 κρατήσει
3125 4685 3227 4758 τῆς
3253 4687 3618 4760 .οἰκουμένης,

2038 4773 2132 4826 καὶ
2157 4772 2228 4827 :6
2259 4773 2388 4845 έθνη
2417 4775 2876 4848 εἰσενεχθήσεται,
2925 4777 3022 4830 καὶ
3045 4777 3130 4830 ὅτι
3158 4777 3480 4850 καταλλαγὴ
3523 4778 3620 4834 τοῦ

2035 4865 2172 4921 Θεοῦ
2206 4865 2345 4939 πρὸς
2366 4865 2690 4940 ἀνθρώπους
2721 4868 2893 4933 ἔσται,
2943 4869 3036 4923 καὶ
3064 4869 3307 4926 τοσαῦτα
3339 4872 3474 4943 ἡμῖν
3499 4871 3620 4944 ἣξει

2033 4957 2104 5014 :6
2149 4958 2350 5029 ἀγαθά.
2395 4959 2523 5024 Πῶς
2571 4954 2666 5014 οῦν
2708 4960 2988 5032 ἔγνωμενς
3029 4961 3203 5030 Ἡμῖν
3238 4962 3332 5027 δὲ,
3363 4962 3552 5032 φησὶν,
3583 4964 3622 5019 ὀ

2037 5049 2183 5116 Θεὸς
2231 5049 2594 5120 ἁπεκὰλυψε
2627 5050 2726 5105 διὰ
2767 5051 2876 5105 τοῦ
2907 5051 3257 5121 Πνεύματος
3288 5052 3499 5110 αὐτοῦ.
3538 5051 3616 5107 06

2031 5142 2119 5196 6:6
2141 5141 2243 5212 τῆς
2263 5141 2462 5209 ἔξωθεν
2489 5143 2681 5212 σοφίας
2702 5161 2714 5174 ·
2741 5141 2882 5215 αῦτη
2909 5143 3041 5215 γὰρ,
3070 5143 3324 5216 καθάπερ
3342 5161 3426 5209 τις
3460 5143 3617 5215 θερα·

2033 5231 2218 5297 παινὶς
2263 5233 2606 5305 ἠτιμωμένη,
2637 5235 2738 5288 οὐκ
2777 5234 2977 5305 ἀφείθη
3010 5233 3160 5288 ἔνδον
3194 5235 3478 5301 εἰσελθεῖν,
3521 5235 3614 5290 καὶ

2033 5321 2354 5394 παρακύψαι
2386 5324 2469 5386 εἰς
2495 5323 2565 5377 :6
2594 5323 2892 5378 δεσποτικά
2923 5325 3220 5396 μυστήρια.

2099 5413 2162 5468 δ’,
2189 5415 2351 5486 Ὁρᾷς
2381 5415 2575 5469 ὅσοντδ
2588 5415 2654 5485 μέ
2664 5433 2752 5468 σον
2761 5417 2860 5485 τῆς
2871 5416 3064 5486 σοφίας
3089 5415 3294 5490 ταύτης
3321 5415 3577 5488 κάκείνης
3589 5432 3609 5484 ἴ

2032 5505 2213 5577 ’Δπερ
2245 5505 2467 5575 ἄγγελοι
2491 5508 2592 5562 οὐκ
2616 5507 2882 5576 ἔγνωσαν,
2906 5508 3082 5563 ταῦτα
3113 5511 3262 5582 ἡμᾶς
3288 5509 3611 5566 ἐπαίδευσεν

2031 5595 2192 5668 αῦτη.
2244 5596 2311 5651 Ἢ
2337 5598 2396 5652 δὲ
2435 5596 2635 5665 ἔξωθεν
2671 5599 2983 5656 τούναντίον
3019 5602 3310 5673 εποίησενο
3339 5601 3402 5657 66
3451 5600 3616 5674 μόνον

2093 5835 2118 5865 ε
2139 5833 2233 5904 Sic‘
2272 5832 2459 5904 βεείιιε
2507 5834 2683 5904 codex_.
2716 5834 2858 5904 ﬁdit!
2890 5850 3048 5904 -νεξο,
3066 5837 3129 5904 τὸ
3165 5838 3346 5904 μαθεῖν,
3391 5842 3444 5895 εἰ
3474 5850 3608 5900 mox.

2031 5896 2087 5944 :6
2127 5895 2245 5958 μετά
2269 5894 2500 5962 ἀγγέλων,
2533 5903 2587 5950 εἰ
2621 5898 2678 5948 τὸ
2712 5901 2792 5948 6:6
2833 5898 2921 5949 τοῦ
2955 5894 3249 5962 Πνὲύματος.
