4100 6214
423 250 487 307 57
1483 223 1553 282 ΙΝ
1588 220 1804 283 EPIST.
1846 221 1864 277 I
1928 217 2019 278 AD
2056 215 2209 276 COR.
2252 216 2479 280 liOillL.
2506 224 2614 285 νιι.
3636 246 3707 303 58

421 364 494 422 Ne
513 373 647 432 ergo
665 355 866 428 cogites
884 365 1003 409 eam
1022 363 1141 422 qua:
1166 341 1470 402 interceSsit
1492 336 1828 398 inimicitiam
1847 352 1863 403 ;
1893 341 2011 390 erat

424 456 564 513 enim
583 429 698 506 villa
727 447 999 517 antiquior
1026 439 1284 497 amicitia.
1316 434 1447 492 Illud
1485 442 1663 489 autem
1685 470 1702 498 ,
1742 429 1872 484 Ante
1909 440 2011 480 ste-

425 548 568 612 esle,
598 550 859 600 attentum
895 536 996 593 sibi
1037 534 1153 589 vult
1180 550 1196 587 :
1224 545 1347 587 nam
1381 538 1437 585 et
1464 525 1593 583 alibi
1621 525 1692 580 ita
1731 520 2005 612 loquitur:

431 637 526 705 Qui
550 608 623 691 est
647 639 769 686 ante
796 627 1003 684 strcula.
1042 623 1348 680 Invenietur
1375 631 1505 690 ergo
1543 616 1704 672 etiam
1741 611 1906 667 Filius
1935 608 2013 664 sic

424 700 657 785 attentus
685 736 829 780 esse.
858 717 993 775 Nam
1024 715 1091 771 de
1119 714 1236 785 ipso
1259 712 1412 777 dicit,
1443 707 1585 781 quod
1608 721 1704 777 per
1731 705 1905 776 ipsum
1932 700 2012 757 l'e-

425 822 555 880 cerit
578 816 776 874 saecula
805 812 992 887 (Hebr.
1022 810 1073 866 1.
1102 807 1185 879 2),
1208 803 1355 879 quod
1377 810 1462 859 est
1486 809 1612 857 ante
1632 797 1827 854 saecula
1852 808 1972 887 esse
1996 810 2009 848 :

424 913 510 985 qui
540 909 667 967 fecit
692 906 860 973 enim,
886 911 1009 958 ante
1035 900 1123 956 illa
1147 913 1267 972 qua:
1294 897 1430 953 facta
1450 900 1737 985 sunt
1760 889 1828 985 8.⁸
1848 886 2015 956 Quom

425 982 570 1061 nemo
615 1001 906 1073 principum
948 995 1101 1067 hujus
1146 990 1323 1049 sa't'ttli
1358 985 1591 1060 cognouit
1616 1000 1636 1040 :
1663 984 1707 1039 si
1746 982 1882 1039 enim
1924 996 2014 1035 co-

424 1094 730 1172 gnooissent,
772 1102 1049 1162 numquam
1093 1083 1371 1140 Dominum
1410 1080 1593 1172 gloriae
1624 1074 2012 1172 cruciﬁzissent.

428 1161 589 1256 λιηυί
624 1199 695 1241 ne
728 1161 1061 1239 accusationi
1103 1174 1322 1248 quidem
1361 1177 1518 1228 erant
1543 1165 1800 1233 obnoxii,
1844 1161 2015 1235 siqui-

428 1274 552 1329 dem
587 1289 652 1326 ex
698 1267 1009 1343 ignorantia
1044 1263 1457 1320 crucilixerunt.
1488 1258 1548 1315 Si
1571 1266 1752 1315 autem
1775 1269 1884 1312 non
1910 1270 2008 1313 co-

429 1371 755 1439 gnoverunt,
774 1357 1049 1432 quomodo
1077 1355 1292 1412 dicebat
1326 1371 1339 1408 :
1371 1351 1438 1407 Et
1467 1368 1547 1406 me
1575 1350 1761 1415 nostis,
1792 1357 1841 1403 et
1870 1346 2007 1403 unde

424 1465 523 1519 sint
551 1460 708 1515 nostis
742 1456 934 1529 (Joan.
966 1455 1020 1510 7.
1051 1450 1191 1526 28)?
1220 1450 1296 1506 De
1330 1448 1500 1504 Pilato
1524 1444 1670 1503 enim
1704 1442 1834 1499 dicit
1873 1439 2019 1498 Scri-

426 1562 582 1623 ptura
604 1593 619 1617 ,
650 1548 793 1621 quod
832 1560 943 1601 non
984 1543 1228 1607 noverit;
1261 1536 1552 1595 verisimile
1590 1542 1770 1591 autem
1807 1538 1893 1588 est
1918 1544 2018 1586 nec

428 1641 696 1701 Herodem
736 1638 975 1695 novisse.
1005 1634 1113 1691 Hos
1140 1631 1340 1688 dixerit
1368 1628 1635 1701 quispiam
1665 1624 1844 1681 Vucari
1867 1624 2014 1695 prin-

426 1739 575 1807 cipes
599 1732 759 1804 hujus
778 1728 986 1787 saeculi.
1018 1724 1172 1794 Quod
1199 1724 1243 1779 si
1272 1723 1341 1778 de
1365 1719 1564 1776 .ludmis
1579 1714 1644 1773 ἐι
1670 1716 1737 1773 de
1760 1714 2017 1772 sacerdo-

428 1834 571 1887 tibus
600 1828 799 1882 dixerit
822 1821 1087 1895 quispiam
1114 1819 1231 1875 haec
1250 1815 1499 1887 intelligi,
1521 1829 1629 1870 non
1651 1810 2015 1872 aberraverit;

427 1939 552 1980 nam
582 1921 686 1977 illis
711 1933 927 1991 quoque
954 1915 1085 1971 dicit
1109 1931 1123 1966 :
1158 1911 1273 1968 Nec
1298 1927 1377 1966 me
1402 1909 1590 1975 nostis,
1619 1922 1780 1975 neque
1812 1903 2017 1959 Patrem

429 2033 593 2071 nicum
622 2014 645 2086 (
674 2011 766 2067 Id.
796 2010 851 2067 8.
885 2008 953 2066 l9
978 2007 1020 2079 ).
1056 2002 1339 2076 Quomodo
1370 2016 1501 2072 ergo
1539 1998 1787 2070 superius
1845 1994 2013 2063 dixit,

427 2110 497 2165 Et
524 2126 601 2163 me
636 2106 816 2172 nostis,
841 2112 891 2159 et
928 2102 1064 2157 unde
1098 2100 1194 2155 sint
1222 2094 1381 2152 nostis
1398 2095 1424 2149 ξ’
1448 2092 1552 2150 Sed
1582 2091 1702 2163 quis
1730 2089 1801 2145 sit
1825 2087 2017 2144 modus

429 2200 587 2269 hujus
612 2207 667 2255 et
702 2196 844 2252 illius
869 2190 1137 2257 lecticaris,
1171 2190 1224 2244 in
1253 2184 1560 2257 Evangeliis
1585 2181 1786 2237 dictum
1818 2187 1902 2235 est
1920 2194 1945 2269 ;~
1963 2185 2017 2235 et

428 2267 513 2349 ne
543 2286 674 2345 illud
718 2282 1053 2356 frequentius
1093 2290 1403 2340 versemus,
1454 2289 1521 2330 eo
1566 2270 1890 2328 remittimus
1934 2267 2014 2324 lc-

425 2390 626 2437 etores.

495 2472 554 2529 ὃ.
573 2467 714 2537 Quid
730 2466 886 2539 ergo?
906 2464 1189 2522 remissum
1218 2469 1300 2516 est
1320 2459 1447 2524 illis,
1470 2455 1614 2528 quod
1635 2453 1778 2510 circa
1798 2466 2013 2510 crucem

422 2562 756 2619 admiserunt
775 2556 1078 2631 peccatum?
1094 2570 1215 2610 nam
1233 2552 1388 2613 dixit,
1410 2549 1622 2604 Remitte
1636 2546 1764 2602 illis.
1779 2543 1838 2602 Si
1853 2542 2018 2616 paeni-

425 2655 657 2714 tcntiam
679 2659 939 2724 egerunt,
964 2648 1249 2705 remissum
1292 2653 1397 2700 est.
1439 2642 1572 2697 Nam
1597 2639 1691 2712 qui
1717 2636 2015 2695 innumeris

427 2746 676 2805 manibus
692 2742 1019 2814 Stephanum
1036 2737 1270 2809 impctiit
1281 2744 1337 2792 et
1347 2732 1643 2790 Ecclesium
1659 2737 2015 2803 persequutus

426 2849 511 2897 est
532 2882 549 2909 ,
575 2837 796 2902 Paulus,
828 2833 1086 2891 Ecclesia:
1114 2839 1371 2903 patronus
1400 2827 1573 2883 factus
1595 2834 1696 2882 est.
1737 2824 1827 2881 Sic
1853 2822 2016 2894 igitur

429 2930 595 2989 etiam
623 2928 733 2985 illis
774 2925 1063 2984 remissum
1101 2933 1205 2987 est.
1237 2920 1329 2991 qui
1353 2918 1622 2976 voluerint
1646 2914 2015 2988 pmnitentiam

421 3039 583 3096 agere
600 3040 616 3077 :
636 3020 783 3093 quod
804 3019 965 3077 etiam
990 3017 1186 3073 Paulus
1204 3015 1444 3071 clamans
1454 3010 1669 3067 dicebat
1689 3026 1703 3063 :
1722 3008 1852 3063 Dico
1872 3023 2013 3080 ergo,

427 3116 479 3173 Ν
486 3134 570 3171 um
594 3114 721 3186 quid
747 3111 1103 3180 offenderunt,
1136 3119 1192 3162 ut
1217 3106 1455 3161 caderent
1474 3103 1503 3159 .7
1531 3101 1673 3156 Absit
1697 3101 1718 3171 (
1741 3100 1892 3155 Rom.
1923 3098 2013 3154 Η.

424 3210 488 3268 ii
517 3209 560 3278 ).
580 3208 644 3263 Et
670 3206 888 3272 iterum,
912 3201 1057 3258 Num
1085 3199 1275 3271 repulit
1292 3195 1548 3252 Dominus
1577 3193 1822 3266 papulum
1841 3205 2011 3257 suum,

422 3318 572 3375 quem
600 3296 899 3369 praesciuit?
924 3294 1069 3350 Absit
1092 3289 1255 3367 (Ibid.
1283 3304 1333 3347 υ.
1359 3287 1437 3361 1).
1469 3286 1674 3343 Deinde
1693 3282 2009 3349 ostendens,

423 3393 570 3465 quod
615 3407 720 3447 non
763 3388 874 3446 sint
914 3383 1119 3444 exclusi
1159 3398 1190 3438 a
1233 3379 1547 3455 pmnitentia
1567 3420 1585 3447 ,
1632 3384 2005 3450 argumentum

421 3484 643 3542 adducit
670 3479 1036 3555 ptenitcntiam
1057 3489 1207 3532 suam
1235 3473 1423 3530 dicens
1448 3488 1462 3525 :
1489 3469 1628 3526 Nam
1650 3478 1700 3524 et
1716 3484 1808 3540 ego
1833 3465 2015 3522 Israe-

421 3579 517 3635 lita
539 3592 676 3632 sunt.
714 3572 852 3631 Illud
873 3579 1074 3636 autem,
1107 3566 1230 3622 Non
1257 3569 1619 3637 cognoverunt,
1648 3558 1858 3617 videtur
1881 3556 2017 3615 mihi

422 3684 531 3725 non
551 3668 623 3723 de
642 3664 854 3722 Christo
877 3661 1079 3719 dictum
1106 3658 1193 3715 hic
1221 3656 1403 3723 fuisse,
1421 3654 1515 3711 sed
1542 3652 1610 3710 de
1635 3652 1715 3709 rei
1735 3652 2017 3723 dispensa-

423 3759 573 3817 tione
602 3775 614 3814 :
648 3754 799 3812 verbi
836 3751 1042 3825 gratia,
1077 3747 1204 3821 quid
1233 3746 1335 3804 sibi
1371 3745 1571 3801 vellent
1598 3756 1746 3800 mors
1781 3746 1839 3799 'et
1880 3754 2011 3797 crux

424 3848 757 3908 nesciebant.
784 3844 994 3901 Etenim
1023 3856 1128 3897 non
1154 3839 1284 3895 dicit
1328 3836 1401 3893 ibi
1422 3876 1440 3903 ,
1467 3836 1552 3893 Me
1577 3850 1683 3891 non
1711 3839 2011 3899 noverunt;

424 3942 522 4000 sed
543 3983 561 4009 ,
611 3937 857 3994 Nesciunt
899 3933 1024 4006 quid
1063 3931 1259 4003 faciunt
1286 3928 1456 4002 (Luc.
1498 3927 1591 3983 25.
1622 3926 1694 3983 δι
1717 3925 1773 3997 );
1805 3924 1859 3982 id
1887 3933 1973 3982 est
1995 3966 2012 3993 ,

425 4030 782 4089 meetiomiam
807 4042 926 4098 qua:
948 4022 1221 4095 peragitur
1240 4028 1295 4076 et
1324 4020 1637 4091 mysterium
1663 4032 1768 4072 non
1797 4022 2014 4071 norunt.

424 4123 542 4181 Non
572 4121 718 4178 enim
760 4117 1045 4183 sciebant,
1094 4112 1327 4169 futurum
1373 4125 1494 4167 esse
1553 4117 1612 4165 ut
1657 4122 1790 4163 crux
1816 4107 1885 4161 ita
1930 4121 2017 4163 re-

425 4213 779 4286 splenderet,
812 4223 912 4265 nec
937 4204 1079 4277 quod
1106 4204 1259 4261 ﬁeret
1286 4202 1433 4258 salus
1470 4199 1617 4257 orbis
1644 4240 1660 4266 ,
1682 4208 1738 4255 et
1766 4198 1865 4254 Dei
1890 4212 2011 4253 cum

425 4306 739 4365 hominibus
763 4297 1129 4359 reconciliatio
1154 4337 1171 4365 ,
1202 4310 1375 4367 neque
1404 4295 1642 4350 futurum
1682 4289 1829 4347 urbis
1867 4288 2016 4346 exci-

421 4400 574 4457 dium
598 4438 616 4465 ,
642 4411 746 4453 nec
769 4393 913 4468 quod
937 4400 1177 4450 extrema
1204 4389 1280 4446 illi
1314 4386 1524 4460 passuri
1551 4392 1756 4443 essent.
1786 4381 2017 4455 Sapien-

422 4493 553 4547 tiam
580 4498 763 4545 autem
789 4493 946 4543 vocat
971 4491 1027 4542 et
1049 4482 1323 4540 Christum
1350 4489 1405 4535 ει
1431 4492 1645 4535 crucem
1678 4484 1734 4532 et
1753 4474 2017 4548 praedica-

422 4586 650 4640 tionem.
691 4578 1005 4650 Opportune
1028 4588 1158 4630 vero
1178 4581 1236 4630 et
1266 4571 1550 4626 Dominum
1575 4566 1759 4641 gloriae
1780 4565 2015 4623 vocavit.

421 4673 561 4742 Quia
588 4672 737 4727 enim
763 4684 899 4725 crux
941 4662 1297 4738 ignominiosa
1339 4662 1553 4717 videtur
1581 4673 1701 4715 esse
1721 4700 1737 4727 ,
1782 4655 2020 4713 ostendit

423 4779 643 4822 crucem
670 4775 795 4818 esse
818 4772 1062 4830 magnam
1088 4755 1341 4828 gloriam.
1381 4752 1487 4810 Sed
1515 4766 1706 4822 magna
1732 4764 1869 4822 opus
1901 4756 2019 4804 erat

423 4855 691 4926 sapientia
719 4868 825 4909 non
854 4850 1013 4908 modo
1036 4849 1104 4906 ad
1134 4849 1301 4904 Demn
1328 4842 1761 4917 cognoscendum
1789 4883 1804 4907 ,
1838 4841 1932 4898 sed
1960 4848 2017 4897 et

422 4940 498 4997 ad
522 4937 835 4995 discendam
878 4936 1016 4991 hanc
1044 4933 1137 4990 Dei
1164 4933 1520 4989 oeconomiam
1550 4945 1565 4983 :
1591 4938 1811 4983 externa
1838 4934 2017 4981 autem

428 5029 697 5104 sapientia
724 5045 831 5085 non
862 5026 1029 5099 priori
1053 5034 1259 5081 tantum
1285 5063 1301 5089 ,
1329 5020 1426 5078 sed
1453 5019 1578 5075 huic
1601 5017 1763 5074 etiam
1791 5015 2016 5088 impedi-

427 5130 625 5176 mento
646 5122 755 5177 luit.
788 5120 844 5177 9.
874 5119 1003 5187 Sed,
1054 5127 1110 5172 ut
1134 5116 1377 5187 scriptum
1400 5120 1492 5181 est,
1530 5110 1722 5165 Oculus
1748 5124 1850 5163 non
1875 5107 2020 5171 uidit,

425 5230 531 5269 nec
552 5214 694 5268 auris
714 5213 904 5267 audivit
926 5252 943 5277 ,
986 5226 1078 5266 nec
1102 5214 1156 5264 in
1182 5225 1271 5263 cor
1295 5205 1515 5262 hominis
1542 5201 1875 5259 ascenderunt
1900 5215 2015 5273 qut:

428 5304 739 5378 preparavit
771 5302 911 5358 Deus
936 5300 1259 5373 diligentibus
1282 5314 1356 5355 se.

2116 347 2221 389 non
2244 338 2444 408 verbis,
2460 341 2557 399 sed
2572 342 2627 401 in
2653 344 2815 404 rebus
2835 347 2966 421 ipsis
2982 348 3099 409 htec
3125 355 3298 425 posita
3320 355 3452 426 sint,
3473 358 3602 416 utin
3622 359 3705 417 bi-

2115 426 2320 526 storiis;
2344 432 2425 526 vel
2443 432 2492 489 si
2510 434 2624 506 ipse
2649 438 2865 507 quidem
2886 457 3078 500 sensus
3098 446 3421 517 reperiatur,
3446 449 3572 504 licet
3595 465 3700 506 non

2115 521 2246 585 ipsis
2265 521 2439 578 verbis
2457 526 2598 581 sicut
2628 527 2735 585 hic.
2758 530 2894 588 Illud
2910 533 3078 605 enim,
3104 536 3298 603 Quibus
3319 555 3420 595 non
3432 543 3702 596 annuntia-

2117 613 2222 659 tum
2244 620 2316 663 est
2331 611 2395 667 de
2409 614 2520 681 illo,
2542 617 2801 687 uidebunt;
2813 632 2861 678 et
2878 628 3083 697 quinon
3103 628 3396 696 audierunt,
3420 631 3703 703 intelligent

2119 708 2140 779 (
2162 705 2314 767 Rom.
2343 710 2429 766 15.
2449 710 2586 781 21);
2620 711 2721 769 hoc
2749 715 2979 785 idipsum
3006 727 3089 775 est
3110 728 3271 790 atque
3306 721 3435 779 illud
3462 764 3480 792 ,
3511 722 3704 780 Oculus

2118 817 2221 857 non
2247 803 2372 857 vidit
2395 844 2411 871 ,
2442 820 2534 859 nec
2557 806 2698 860 auris
2722 808 2938 864 audivit.
2984 809 3093 865 Aut
3118 810 3219 867 hoc
3243 810 3405 883 igitur
3432 813 3585 881 dicit;
3612 824 3704 869 aut

2117 891 2411 950 verisimile
2450 903 2534 951 est
2564 894 2823 968 scriptum
2868 898 3033 956 fuisse
3076 901 3129 958 in
3187 902 3362 971 libris,
3406 905 3497 975 qui
3532 905 3706 975 perie-

2119 983 2246 1039 rint.
2297 983 2430 1041 Nam
2490 986 2649 1044 multi
2703 988 2827 1045 libri
2889 990 3085 1061 perditi
3130 993 3375 1059 inerunt.
3430 1004 3487 1053 et
3548 997 3704 1067 pauci

2118 1075 2316 1132 servati
2341 1087 2488 1145 sunt,
2515 1080 2677 1136 etiam
2706 1081 2755 1135 in
2788 1082 2957 1153 prima
2987 1084 3315 1155 captivicuc.
3350 1087 3417 1143 Et
3440 1088 3542 1144 hoc
3582 1104 3707 1160 per-

2118 1166 2360 1237 spicuum
2386 1179 2469 1225 est
2492 1169 2546 1225 in
2574 1171 2995 1243 Paralipomeuis
3022 1174 3195 1247 :rdicit
3209 1175 3355 1231 enim
3376 1180 3662 1249 Apostolus
3684 1221 3702 1247 ,

2119 1258 2164 1314 Α
2195 1259 2437 1317 Samuele
2459 1272 2508 1318 et
2550 1264 2615 1320 iis
2641 1266 2730 1334 qui
2756 1276 2932 1338 postea
2958 1268 3166 1339 [uerunt
3191 1272 3453 1341 praphetis
3472 1313 3488 1339 ,
3531 1289 3707 1330 omnes

2118 1353 2184 1408 de
2210 1353 2301 1409 illo
2330 1355 2569 1411 dixerunt
2594 1360 2612 1427 (
2637 1357 2749 1414 Act.
2792 1360 2844 1416 5.
2869 1358 2983 1433 24).
3018 1361 3088 1416 At
3113 1377 3219 1418 non
3242 1362 3462 1419 omnino
3490 1363 3607 1421 haec
3633 1365 3706 1420 ita

2121 1442 2370 1502 feruntur
2398 1466 2414 1503 :
2446 1448 2673 1505 Paulum
2714 1460 2895 1508 autem
2926 1461 3198 1524 tamquam
3227 1454 3361 1526 legis
3389 1456 3617 1527 peritum
3647 1465 3704 1514 et

2117 1551 2183 1592 ex
2211 1536 2413 1608 Spiritu
2458 1538 2765 1611 loquentem
2810 1542 3105 1601 verisimile
3129 1554 3210 1601 est
3235 1548 3413 1601 omnia
3455 1556 3706 1605 accurate

2117 1626 2363 1685 scivisse.
2387 1629 2452 1685 Et
2472 1631 2599 1701 quid
2623 1631 2746 1689 dico
2769 1633 2838 1689 de
2863 1634 3211 1705 captivitate?
3241 1652 3368 1692 nam
3392 1637 3554 1693 etiam
3579 1649 3706 1694 ante

2116 1720 2480 1792 captivitatem
2508 1725 2659 1780 multi
2689 1725 2897 1797 periere
2926 1726 3072 1792 libri,
3100 1726 3300 1784 inducis
3329 1729 3379 1783 in
3406 1738 3704 1785 extremam

2120 1814 2448 1885 impietatem
2473 1815 2706 1888 delapsis
2751 1836 2767 1874 :
2816 1818 2957 1891 quod
2989 1820 3164 1890 palam
3193 1832 3271 1876 εει
3301 1837 3365 1877 cx
3397 1821 3504 1878 line
3529 1823 3706 1894 quarti

2120 1906 2243 1961 libri
2271 1906 2600 1978 Regnorum.
2640 1910 3117 1967 Deutcronomium
3146 1914 3289 1966 enim
3321 1913 3408 1968 vix
3433 1923 3704 1983 repertum

2120 1996 2220 2053 luit
2266 1997 2322 2053 in
2359 1999 2700 2071 sterquilinio
2740 2000 3037 2059 defossum.
3079 2002 3329 2073 Alioquin
3372 2011 3552 2060 autem
3581 2014 3708 2060 sunt

2118 2100 2273 2158 saepe.
2289 2087 2451 2145 etiam
2476 2089 2717 2160 duplices
2741 2091 3037 2163 praphetize
3060 2132 3077 2160 ,
3104 2091 3521 2162 sapientioribus
3550 2093 3706 2150 facile

2118 2179 2366 2250 cognitae,
2400 2194 2468 2236 ex
2513 2181 2707 2252 quibus
2754 2182 2963 2238 occulta
3017 2184 3181 2238 multa
3217 2195 3437 2255 possunt
3477 2188 3702 2258 percipi.

2118 2268 2255 2339 Quid
2282 2271 2453 2343 ergo?
2494 2288 2602 2328 non
2634 2272 2765 2329 vidit
2790 2273 2980 2330 oculus
3010 2291 3129 2345 qua:
3169 2276 3493 2347 prmparatit
3524 2277 3706 2334 Deus?

2116 2362 2274 2419 Non:
2306 2364 2427 2435 quis
2450 2365 2593 2421 enim
2617 2364 2896 2422 hominum
2927 2366 3057 2422 vidit
3081 2382 3165 2431 ea,
3197 2383 3316 2439 qua:
3342 2367 3705 2440 dispensanda

2118 2456 2456 2512 erant?Num
2473 2472 2604 2529 ergo
2628 2473 2802 2529 neque
2824 2459 2968 2515 auris
2990 2460 3213 2528 audivit,
3234 2475 3331 2516 nec
3350 2460 3402 2516 in
3420 2476 3516 2517 cor
3534 2461 3706 2516 homi-

2117 2547 2201 2604 nis
2218 2549 2612 2605 ascenderunt?
2636 2558 2692 2605 et
2709 2548 3007 2621 quomodo?
3026 2550 3070 2606 si
3092 2551 3233 2606 enim
3261 2551 3536 2624 prepbcta'
3555 2551 3705 2608 dixe-

2118 2649 2264 2711 runt,
2294 2642 2524 2713 inquies,
2550 2643 2822 2714 quontodo
2846 2643 2994 2700 auris
3025 2657 3132 2698 non
3161 2644 3381 2711 audivit,
3409 2659 3507 2698 nec
3530 2643 3582 2698 in
3606 2658 3704 2699 cor

2119 2734 2353 2793 hominis
2391 2736 2791 2792 ascenderunt?
2833 2735 2951 2793 Non
2993 2737 3353 2794 ascenderunt
3383 2755 3399 2793 :
3427 2751 3532 2792 non
3558 2736 3702 2792 cnim

2116 2825 2184 2882 de
2202 2826 2333 2898 ipsis
2361 2829 2494 2884 solis
2530 2828 2786 2900 loquitur,
2812 2828 2910 2886 sed
2945 2829 3104 2884 etiam
3130 2828 3198 2885 de
3225 2828 3475 2885 universa
3518 2838 3705 2884 natura

2122 2920 2375 2977 humana.
2417 2921 2554 2991 Quid
2580 2921 2747 2993 ergo?
2782 2923 3057 2993 propheta:
3088 2938 3193 2978 non
3222 2921 3549 2977 audierunt?
3596 2925 3706 2977 Au-

2119 3013 2336 3071 dierunt
2361 3015 2599 3087 quidem;
2628 3023 2683 3071 at
2707 3030 2815 3072 non
2842 3024 2958 3072 erat
2984 3016 3132 3071 auris
3159 3014 3415 3081 hominis,
3443 3015 3539 3071 sed
3560 3014 3707 3071 auris

2120 3108 2431 3180 prophetica
2462 3128 2478 3165 :
2509 3125 2613 3165 non
2642 3109 2787 3165 enim
2814 3118 2871 3164 ut
2896 3108 3144 3165 homines
3170 3108 3495 3177 audierunt,
3523 3108 3619 3164 sed
3651 3118 3710 3163 ut

2118 3199 2416 3272 prophetae.
2455 3201 2798 3273 Quapropter
2820 3200 2989 3258 dicit:
3023 3202 3218 3274 Adjecit
3258 3202 3381 3256 mihi
3424 3218 3600 3256 aurem
3635 3202 3705 3255 ad

2117 3294 2436 3350 audiendum
2481 3294 2658 3366 (Isai.
2724 3296 2816 3353 50.
2862 3294 2980 3367 4);
3021 3295 3382 3367 adjectiouem
3424 3309 3456 3349 a
3500 3293 3705 3364 Spirittt

2118 3387 2314 3444 iactam
2360 3387 2567 3444 dicens.
2628 3386 2781 3444 Unde
2827 3386 3167 3443 manifestum
3219 3394 3342 3453 est,
3388 3385 3531 3457 quod
3559 3386 3705 3455 prius

2116 3496 2276 3553 quam
2302 3481 2553 3549 audiret,
2585 3496 2685 3538 nec
2706 3480 2761 3537 in
2791 3496 2885 3537 cor
2921 3481 3138 3552 quidem
3167 3480 3400 3536 hominis
3442 3479 3703 3535 ascende-

2118 3581 2261 3630 rant.
2303 3572 2434 3629 Nam
2461 3583 2741 3645 postquam
2769 3573 2925 3629 datus
2951 3574 3180 3644 Spiritus
3207 3572 3379 3628 fuerat
3400 3612 3417 3640 ,
3457 3586 3552 3627 cur
3579 3587 3704 3643 pro-

2117 3668 2400 3739 phetarum
2428 3681 2536 3723 non
2560 3674 2678 3722 erat
2702 3680 2796 3721 eor
2827 3664 3062 3721 hominis
3089 3707 3106 3735 ,
3138 3663 3235 3721 sed
3259 3678 3354 3720 cor
3382 3663 3659 3734 Spirituale
3687 3705 3703 3728 ,

2117 3759 2567 3831 quemadmodum
2607 3767 2665 3816 et
2690 3759 2804 3830 ipse
2828 3759 2942 3822 ait,
2976 3758 3199 3813 Mentem
3242 3756 3434 3814 Christi
3463 3757 3703 3812 habemus

2116 3852 2215 3925 (1.
2236 3851 2354 3906 Cor.
2383 3851 2440 3907 2.
2482 3851 2615 3923 16).
2656 3850 2807 3920 Quod
2852 3851 2982 3906 dicit
3006 3860 3206 3916 autem,
3241 3849 3547 3920 huiusmodi
3574 3857 3658 3904 est
3690 3866 3705 3904 :

2117 3950 2405 4013 antequam
2432 3940 2634 4012 Spiritu
2670 3940 2972 3996 frueremur
2997 3952 3053 3996 et
3088 3956 3282 3996 arcana
3315 3940 3704 4006 edisceremus,

2119 4049 2220 4092 nec
2247 4049 2313 4089 cx
2340 4033 2496 4089 nobis
2520 4047 2620 4089 nec
2640 4047 2705 4089 ex
2730 4030 3006 4103 prophetis
3025 4032 3295 4102 quispiam
3320 4045 3383 4086 ea
3414 4030 3699 4086 intellexit.

2118 4127 2401 4196 Quomodo
2420 4126 2585 4193 enim,
2611 4139 2732 4181 cum
2757 4139 2857 4181 nec
2885 4124 3060 4196 angeli
3082 4122 3298 4195 quidem
3323 4123 3436 4194 ipsa
3462 4125 3708 4179 nossent?

2120 4219 2257 4289 Quid
2279 4218 2447 4285 enim,
2473 4216 2668 4289 inquit,
2694 4215 2980 4272 dicendum
3002 4225 3087 4272 est
3109 4215 3177 4271 de
3201 4214 3527 4286 principibus
3547 4214 3709 4284 hujus

2119 4312 2301 4369 saeculi
2324 4354 2340 4379 ,
2368 4327 2491 4367 cum
2530 4310 2710 4366 nullus
2736 4309 2897 4366 homo
2921 4324 2984 4365 ea
3013 4309 3215 4375 sciret,
3262 4323 3437 4379 neque
3459 4322 3709 4379 superna:

2123 4404 2465 4477 potestates?
2494 4403 2752 4473 Quaenam
2780 4410 2959 4460 autem
2995 4412 3124 4458 sunt
3152 4402 3243 4459 ea?
3266 4401 3418 4471 Quod
3447 4418 3543 4473 per
3568 4413 3714 4473 prte—

2122 4496 2410 4553 dicationis
2453 4494 2756 4562 stultitiam,
2807 4510 2929 4565 qua:
2974 4493 3099 4551 talis
3142 4506 3263 4550 esse
3309 4492 3612 4561 videbatur,
3655 4501 3714 4549 et

2122 4598 2311 4660 gentes
2358 4585 2712 4653 inducentur,
2758 4595 2814 4641 et
2861 4586 2956 4642 Dei
3001 4600 3122 4642 cum
3165 4584 3475 4641 hominibus
3519 4598 3711 4640 recon-

2122 4683 2321 4740 ciliatio
2341 4683 2445 4739 erit
2462 4720 2478 4749 ,
2500 4690 2555 4738 et
2584 4689 2662 4737 tot
2681 4689 2933 4751 tantaque
2964 4680 3119 4736 nobis
3144 4688 3368 4736 ventura
3394 4686 3518 4734 sunt
3542 4677 3699 4732 bona.

2125 4774 2410 4845 Quomodo
2435 4790 2564 4847 ergo
2592 4773 2964 4845 cognovimus?
2993 4772 3082 4829 10.
3111 4771 3274 4827 Nobis
3296 4780 3483 4837 autem,
3515 4768 3709 4840 inquit,

2125 4868 2359 4924 reuelauit
2390 4866 2527 4920 Deus
2555 4880 2645 4936 per
2676 4864 2932 4934 Spiritum
2957 4878 3125 4918 suum.
3168 4860 3286 4917 Non
3312 4876 3406 4930 per
3428 4872 3710 4918 externam

2126 4957 2445 5030 sapientiam
2472 4974 2486 5012 :
2508 4955 2609 5026 ipsi
2633 4953 2778 5009 enim
2807 4962 3071 5023 tamquam
3094 4952 3287 5011 ancilla
3312 4952 3555 5026 quaedam
3577 4968 3711 5008 con-

2131 5057 2348 5120 tempta:
2364 5061 2471 5103 non
2500 5044 2819 5116 permissum
2838 5044 2937 5100 iuit
2960 5044 3102 5102 intus
3127 5044 3359 5116 ingredi,
3382 5055 3435 5102 et
3457 5044 3713 5117 mysteria

2132 5142 2407 5200 Dominica
2436 5137 2721 5207 inspicere.

2204 5236 2259 5292 4.
2301 5231 2491 5289 Vidcn‘
2515 5237 2775 5302 quantum
2799 5228 3093 5287 discrimen
3125 5229 3271 5288 inter
3295 5230 3432 5285 hanc
3470 5239 3527 5285 et
3568 5228 3715 5283 illam

504 5394 663 5449 Iulli
705 5392 993 5464 Scriptum
1029 5406 1190 5447 sacrm
1231 5388 1349 5446 libri
1387 5385 1592 5459 perditi.
1617 5382 1779 5439 —Et
1804 5381 2021 5438 ubinam

2136 5372 2239 5430 ille,
2263 5382 2374 5420 eum
2396 5364 2582 5419 Paulus
2603 5362 2721 5416 inde
2742 5372 2990 5429 sumptum
3027 5367 3208 5417 indicat
3259 5365 3439 5417 Oculus
3460 5378 3553 5417 non
3578 5364 3718 5426 vidit,

2136 5448 2223 5478 nec
2246 5430 2382 5478 astris
2403 5427 2607 5478 audivit.
2632 5433 2751 5478 etc..
2786 5440 2884 5478 non
2915 5429 3191 5478 advenisse
3220 5401 3379 5478 ιοωω
3400 5426 3537 5478 illum
3559 5425 3718 5478 Isaiae.

504 5425 661 5449 -....
705 5425 992 5464 ...ηρ-...ς
1029 5425 1187 5447 ...π
1387 5425 1630 5459 ρ..-....κ
2228 5425 2236 5430 .
2346 5430 2357 5441 ,
2512 5427 2568 5439 ,,
2855 5425 2869 5429 -
3403 5429 3412 5439 ,
3638 5428 3651 5440 ,
3705 5425 3710 5426 ,

422 5490 631 5561 scripta
657 5497 786 5545 sunt
814 5486 932 5544 haec
956 5484 1073 5557 (a)?
1098 5483 1299 5540 Dicitur
1323 5522 1340 5551 ,
1388 5479 1657 5551 Scriptum
1677 5484 1751 5534 est
1771 5517 1789 5546 ,
1814 5474 2026 5533 etiamsi
2134 5448 2223 5548 ’δεῖ
2246 5429 3204 5561 Ψξὲξᾟηᾶξέωηᾙηῗὲζηθξιᾌ
3221 5425 3719 5561 wgf'gmmgz

2134 5427 2382 5486 nec'auris
2403 5427 2751 5488 audivit,getc.,
2786 5427 2884 5478 non
2915 5429 3191 5479 advenins

2137 5499 2221 5548 ubi
2252 5495 2360 5545 haec
2390 5504 2488 5541 non
2518 5486 2804 5553 ad'literam
2833 5489 3034 5553 quidem
3053 5525 3069 5551 ,
3114 5490 3204 5541 sed
3237 5490 3414 5553 eodem
3446 5502 3598 5541 sensu
3643 5486 3717 5540 fe;

2138 5564 2330 5626 runtur,
2355 5564 2534 5616 nempe
2555 5562 2659 5626 cap.
2684 5548 2828 5626 95:4
2845 5548 3030 5625 Saecula
3159 5550 3446 5626 audierunt,
3463 5563 3616 5626 neque
3635 5564 3724 5603 au.

2138 5621 2275 5674 ribus
2290 5613 2612 5685 perceperunt
2637 5624 2655 5662 :
2677 5615 2961 5685 οῳιωηοη
2983 5613 3124 5679 vidit.
3152 5623 3299 5679 Deus,
3334 5613 3504 5683 ubique
3525 5613 3725 5685 manus.

495 5642 571 5705 (α)
616 5641 713 5715 llic
751 5648 893 5692 notat
922 5634 1415 5713 Andreaspounaeus
1436 5670 1452 5697 ,
1483 5633 1877 5708 Chrysostomum
1943 5631 2028 5696 qui
2138 5631 2275 5711 mus
2290 5631 2612 5691 perceperunt
2637 5631 2655 5662 :
2677 5631 2920 5690 acutum

495 5705 611 5752 mit
624 5704 829 5752 ubam
850 5706 1126 5752 reuertatur
1142 5699 1403 5752 mVetens
1417 5704 1716 5752 'l‘estamcutt
1733 5696 1871 5751 libris
1891 5670 2029 5749 locus
2138 5701 2231 5752 pra
2242 5689 2428 5752 porastt
2452 5695 2508 5735 ea
2516 5680 2837 5749 spectantibus
2858 5684 2920 5735 te.

1891 5670 2029 5749 te;
