4100 6214
426 249 494 307 59
1153 248 1213 308 S.
1251 246 1527 309 JOANNIS
1563 242 2039 304 CllRYSOSTOMl
2075 241 2393 299 ARClllEl’.
2428 244 2959 307 CONSTANTINOP.
3635 251 3700 310 (ιο

426 364 742 435 sapientiam
766 363 788 418 ?
816 363 947 433 Quae
975 365 1147 437 angeli
1180 380 1284 419 non
1316 371 1581 418 noverunt
1607 401 1620 426 ,
1657 376 1720 416 ea
1760 375 1857 415 nos
1890 357 2007 414 haec

425 455 625 511 docuit.
669 456 900 513 Externa
947 456 1076 512 vero
1124 455 1448 511 contrarium
1491 452 1617 507 fecit
1667 468 1680 504 :
1723 467 1828 507 non
1851 451 2012 506 modo

426 561 535 603 non
564 547 778 613 docuit,
829 548 923 603 sed
951 549 1110 602 etiam
1142 545 1417 615 impedivit
1445 554 1500 599 et
1529 543 1699 598 arcuit
1730 561 1743 596 :
1777 553 1830 598 et
1859 551 2009 612 post-

425 652 585 707 quam
616 637 703 692 illa
753 639 886 692 facta
934 637 1181 702 fuerunt,
1215 635 1301 690 illa
1347 635 1653 691 obscuravit
1694 643 1748 689 et
1796 649 2008 689 crucem

428 729 707 784 cxinaniit.
745 727 858 782 Non
890 742 1018 798 ergo
1039 742 1104 782 ex
1133 742 1198 781 eo
1219 769 1232 792 ,
1265 727 1406 797 quod
1429 725 1795 791 didicerimus,
1828 734 2010 779 osten-

424 817 570 872 ditur
597 819 766 872 honor
795 818 948 873 nobis
973 831 1261 873 concessus
1281 858 1296 885 ,
1342 832 1444 873 nec
1470 833 1536 872 ex
1565 832 1632 873 eo
1654 859 1668 884 ,
1712 817 1854 887 quod
1886 832 2007 871 cum

425 909 626 980 angelis
655 909 1002 966 didicerimus
1026 928 1040 977 ;
1091 910 1185 966 sed
1212 925 1276 966 ex
1309 925 1374 965 eo
1400 951 1414 975 ,
1447 910 1587 981 quod
1618 925 1711 980 per
1740 909 2000 979 Spiritum

423 997 541 1067 ejus
591 995 955 1055 didicerimus.
1004 1000 1204 1057 Deinde
1248 1010 1526 1070 postquam
1577 1001 2004 1070 magnitudinem

421 1088 697 1154 ostendit,
748 1092 822 1144 ait
875 1109 888 1144 :
939 1089 1047 1145 Nisi
1079 1090 1348 1161 Spiritus,
1399 1091 1489 1160 qui
1516 1090 1618 1144 scit
1644 1105 1838 1144 arcana
1873 1091 2005 1155 Dei,

425 1179 717 1236 revelasset
739 1223 753 1248 ,
806 1195 913 1235 non
940 1180 1335 1237 didicissemus.
1377 1180 1452 1235 Ita
1481 1180 1706 1237 curabat
1738 1181 1874 1235 Deus
1903 1222 1919 1244 ,
1951 1190 2008 1236 ut

424 1271 479 1325 in
534 1273 766 1328 arcanis
795 1281 959 1328 esset.
1017 1273 1356 1343 Quapropter
1399 1273 1493 1328 illo
1543 1286 1678 1342 opus
1723 1272 2008 1328 habuimus

423 1363 643 1418 doctore
667 1405 681 1428 ,
730 1365 820 1433 qui
852 1365 967 1420 hare
995 1365 1140 1422 clare
1165 1367 1345 1421 sciret.
1389 1365 1617 1436 Spiritus
1660 1366 1793 1421 enim
1837 1367 2006 1429 omnia

422 1463 698 1522 scrutatur,
727 1457 879 1510 etiam
899 1459 1158 1529 profunda
1185 1457 1297 1512 Dei.
1325 1459 1412 1512 11.
1446 1458 1572 1526 Quis
1591 1459 1724 1513 enim
1745 1458 2006 1512 hominum

421 1547 515 1599 scit
542 1563 655 1617 qua:
698 1557 813 1602 sunt
843 1549 1062 1602 hominis
1083 1589 1100 1614 ,
1151 1550 1249 1604 nisi
1291 1551 1500 1620 spiritus
1529 1551 1746 1604 hominis
1769 1590 1784 1618 ,
1828 1551 1914 1620 qui
1952 1549 2003 1602 in

419 1639 532 1708 ipso
558 1639 673 1694 est?
701 1639 785 1694 Ita
811 1651 856 1694 et
879 1657 994 1712 qua:
1020 1641 1117 1696 Dei
1145 1653 1262 1698 sunt
1285 1659 1430 1697 nemo
1452 1644 1589 1698 novit
1608 1686 1622 1709 ,
1655 1644 1753 1698 nisi
1776 1643 2005 1713 Spiritus

420 1727 538 1785 Dei.
566 1730 668 1786 1‘2.
713 1730 826 1786 Nos
851 1741 1018 1786 autem
1063 1750 1162 1787 non
1195 1735 1429 1804 spiritum
1457 1735 1636 1788 mundi
1679 1735 1963 1804 accepimus
1987 1777 2001 1797 ,

417 1823 508 1875 sed
537 1822 787 1893 Spiritum
813 1825 901 1895 qui
944 1841 1008 1878 ex
1035 1823 1142 1879 Deo
1173 1835 1275 1891 est,
1309 1836 1363 1878 ut
1410 1825 1629 1880 sciamus
1657 1840 1772 1894 qua:
1815 1841 1846 1877 a
1890 1823 2003 1879 Deo

418 1913 609 1967 donata
636 1924 752 1968 sunt
781 1915 943 1968 nobis.
974 1914 1073 1970 Hic
1102 1916 1242 1970 enim
1273 1914 1424 1981 illud,
1450 1915 1686 1980 scrutari,
1718 1930 1825 1969 non
1854 1915 2004 1985 igno-

417 2003 662 2069 rantiam,
691 2004 784 2058 sed
815 2014 1118 2061 accuratam
1149 2007 1426 2060 scientiam
1457 2006 1676 2062 indicat.
1701 2006 1810 2062 Hac
1841 2007 2002 2078 igitur

422 2095 658 2150 dictione
683 2099 843 2151 etiam
874 2097 942 2153 de
973 2098 1082 2153 Deo
1115 2098 1336 2168 loquens
1368 2114 1494 2153 usus
1523 2106 1606 2153 est
1635 2097 1820 2153 dicens
1852 2117 1866 2153 :
1901 2097 2002 2165 Qui

416 2199 583 2243 autent
609 2201 867 2245 scrutatur
909 2193 1066 2246 corda
1089 2233 1102 2256 ,
1136 2194 1272 2246 novit
1311 2195 1424 2263 quis
1461 2193 1527 2246 sit
1551 2209 1730 2246 sensus
1771 2191 1999 2262 Spiritus

417 2281 437 2353 (
466 2282 614 2336 Itoni.
656 2283 706 2338 8.
736 2283 805 2336 27
831 2285 872 2352 ).
918 2284 1118 2340 Deinde
1144 2300 1265 2340 cum
1295 2295 1550 2340 accurate
1583 2286 1837 2356 loquutus
1857 2295 2000 2341 esset

415 2377 483 2431 de
503 2377 806 2446 cognitione
831 2379 1078 2448 Spiritus,
1095 2387 1147 2431 et
1168 2377 1489 2433 ostendisset
1515 2393 1631 2432 eam
1660 2379 1730 2432 ita
1753 2395 1998 2448 exaequa-

415 2466 459 2518 ri
499 2467 789 2536 cognitioni
823 2467 951 2534 Dei,
986 2477 1042 2521 ιιι
1068 2469 1177 2538 ipsa
1210 2467 1442 2523 hominis
1469 2469 1703 2538 cognitio
1731 2471 1828 2524 sibi
1861 2470 1994 2539 ipsi;

412 2568 469 2613 et
493 2559 764 2615 docuisset
793 2575 891 2615 nos
919 2561 1097 2615 omnia
1129 2560 1253 2616 inde
1277 2561 1548 2629 didicisse,
1569 2571 1622 2616 et
1654 2562 1776 2617 inde
1803 2577 1994 2618 neces-

411 2651 555 2706 sario
579 2693 594 2718 ,
637 2651 921 2721 ‘suhjunxit
948 2671 963 2708 ς
993 2653 1078 2708 15.
1125 2653 1250 2719 Qua:
1278 2657 1429 2709 etiam
1465 2656 1757 2727 loquimur,
1791 2673 1892 2710 non
1941 2659 1995 2711 in

409 2743 572 2796 doctis
608 2745 844 2800 humana:
885 2746 1146 2816 sapientite
1172 2747 1370 2812 verbis;
1417 2749 1506 2802 sed
1528 2749 1580 2803 in
1611 2750 1838 2804 doctrina
1866 2749 1991 2820 Spi-

407 2837 534 2888 ritus
581 2837 780 2902 sancti,
842 2837 1192 2906 spiritualt'bus
1251 2839 1542 2909 spiritualiu
1609 2854 1988 2909 comparantes.

411 2927 597 2983 Viden’
622 2944 729 2999 quo
773 2944 872 2985 nos
911 2929 1192 2984 deduxerit
1237 2931 1305 2985 ah
1346 2933 1664 2987 auctoritate
1704 2933 1991 2988 doctoris?

407 3021 581 3076 Tanto
598 3023 739 3077 enim
762 3023 865 3078 illis
887 3038 1071 3077 sumus
1089 3024 1461 3093 sapientiores,
1486 3033 1740 3094 quantum
1768 3027 1989 3082 interest

406 3113 545 3166 inter
561 3113 836 3168 Platonem
853 3126 900 3168 et
921 3111 1173 3183 Spiritum
1193 3123 1454 3169 sanctum.
1475 3115 1551 3170 llli
1575 3117 1716 3171 enim
1737 3127 1989 3173 externos

404 3213 645 3258 oratores
672 3204 867 3259 habent
897 3205 1198 3274 magistros,
1228 3222 1323 3259 nos
1349 3216 1523 3262 autem
1558 3207 1814 3278 Spiritum
1862 3223 1991 3265 san-

404 3304 566 3348 ctum.
608 3295 743 3362 Quid
771 3295 870 3350 sibi
914 3295 1028 3349 vult
1071 3306 1268 3362 autem,
1295 3297 1601 3367 Spirituatia
1644 3299 1989 3369 spiritualibus

404 3398 754 3457 comparantes
776 3388 802 3442 ?
829 3388 1056 3456 Quando
1095 3391 1369 3460 spirituale
1407 3391 1564 3447 fuerit
1587 3402 1641 3448 et
1667 3393 1887 3449 dubium
1911 3436 1926 3463 ,
1955 3411 1986 3451 a

406 3481 770 3548 spiritualibus
796 3483 1097 3537 testimonia
1127 3483 1399 3539 ducimus:
1427 3493 1506 3549 ut,
1527 3487 1758 3556 exempli
1781 3503 1944 3543 causa
1967 3531 1982 3556 ,

403 3573 972 3643 resurrexitChristus,
999 3575 1120 3643 quia
1143 3575 1212 3630 de
1235 3574 1450 3646 Virgine
1467 3586 1621 3633 natus
1642 3586 1743 3634 est.
1763 3580 1986 3636 Adduco

404 3665 727 3733 testimonia,
762 3667 955 3736 figuras
980 3677 1033 3722 et
1062 3667 1566 3738 demonstrationes,
1599 3670 1749 3727 Jona:
1780 3673 1832 3728 in
1865 3684 1984 3730 ceto

403 3773 616 3826 moras,
657 3769 711 3814 et
759 3759 1126 3816 liberationem
1165 3777 1284 3832 quae
1329 3771 1509 3831 postea
1540 3763 1668 3830 fuit,
1719 3766 1982 3821 sterilium

401 3861 604 3920 partus,
636 3852 784 3908 Sara:
810 3863 864 3907 et
892 3853 1150 3909 Rebeccae
1174 3865 1226 3909 et
1252 3863 1566 3911 cmterarnm
1598 3873 1612 3909 :
1646 3858 1898 3914 arborum
1933 3860 1984 3914 in

400 3945 647 4014 paradiso
699 3945 1103 4016 productionem
1158 3961 1263 4001 non
1307 3946 1466 4016 jactis
1496 3949 1832 4019 seminibus,
1877 3965 1982 4006 non

399 4035 658 4093 demissis.
696 4037 989 4105 imbribus,
1037 4054 1144 4093 non
1191 4039 1342 4093 sulco
1391 4038 1551 4094 facto.
1593 4039 1790 4094 Futura
1837 4042 1980 4097 enim

399 4127 762 4197 ﬁgurabantur
801 4138 855 4184 et
893 4129 1337 4184 describehautur
1375 4138 1644 4200 tamquam
1688 4131 1741 4185 in
1795 4132 1980 4187 umbra

397 4218 705 4286 prioribus,
758 4229 814 4273 ut
862 4234 922 4274 ea
979 4219 1326 4274 crederentur
1376 4235 1497 4276 cum
1539 4221 1876 4279 advenirent.
1918 4224 1985 4279 Et

396 4308 623 4363 ostendo
644 4324 854 4363 rursum
877 4310 1146 4379 quomodo
1167 4296 1329 4365 homo
1355 4327 1419 4366 ex
1443 4321 1608 4381 terra,
1639 4324 1695 4368 et
1716 4316 1984 4384 quomodo

397 4410 466 4451 ex
509 4399 627 4452 solo
657 4399 774 4453 viro
817 4401 1008 4454 mulier
1037 4400 1154 4454 sine
1197 4403 1308 4455 ullo
1351 4403 1494 4456 coitu
1526 4421 1538 4456 :
1571 4407 1840 4472 quomodo
1870 4408 1983 4476 ipsa

398 4499 542 4542 terra
570 4506 631 4542 ex
661 4491 830 4544 nihilo
854 4533 870 4558 ,
911 4491 1187 4545 Creatoris
1217 4493 1453 4562 potentia
1487 4495 1684 4564 ubique
1710 4496 1776 4550 ad
1806 4500 1980 4552 omnia

397 4578 717 4635 sufﬁciente.
762 4579 835 4634 Ita
863 4581 1231 4651 spiritualibns
1261 4583 1559 4653 spiritualia
1589 4602 1844 4656 comparo
1869 4631 1882 4654 ,
1929 4601 1984 4646 et

399 4689 660 4743 nusquam
686 4688 823 4743 opus
858 4672 1030 4728 habeo
1062 4684 1282 4729 externa
1314 4675 1573 4744 sapientia
1603 4693 1778 4749 neque
1817 4682 1982 4738 ratio-

397 4765 553 4818 ciniis
602 4781 778 4835 neque
833 4764 1256 4835 probationibus.
1301 4765 1381 4820 Illi
1431 4781 1662 4838 namque
1715 4770 1980 4828 inﬁrmam

400 4866 634 4910 mentem
663 4859 976 4913 concutiunt
1005 4867 1057 4913 et
1083 4859 1421 4926 conturbant,
1447 4874 1546 4914 nec
1573 4860 1770 4930 aliquid
1794 4879 1978 4920 eorum

397 4961 518 5014 qua:
545 4931 729 5001 dicunt
756 4949 1127 5005 demonsmire
1156 4960 1416 5021 possunt;
1449 4952 1541 5006 sed
1573 4961 1627 5008 et
1651 4955 1979 5010 contrarium

400 5037 631 5102 faciunt;
667 5037 881 5090 turbant
911 5039 1076 5107 magis
1101 5081 1115 5104 ,
1164 5042 1394 5111 caligine
1440 5043 1649 5113 replent
1678 5054 1731 5097 ct
1775 5043 1984 5100 dubita-

400 5129 548 5182 tione
587 5128 775 5182 multa.
808 5127 933 5183 Ideo
978 5129 1048 5181 ait
1075 5169 1089 5194 ,
1125 5131 1490 5199 Spiritualibus
1526 5134 1816 5204 spiritualia
1842 5135 1982 5192 com-

398 5232 656 5291 parantes.
701 5221 887 5276 Viden'
928 5229 984 5274 ut
1013 5235 1460 5290 supervacaneam
1489 5227 1802 5294 sapientiam
1835 5229 1979 5284 illam

398 5315 680 5372 ostendit?
707 5330 807 5370 nec
832 5315 1006 5371 solum
1038 5329 1522 5384 supervacaneam,
1555 5319 1650 5373 sed
1679 5330 1734 5377 et
1760 5331 1980 5376 contra-

399 5407 534 5460 riam
565 5418 620 5463 et
665 5410 899 5464 noxiam.
940 5407 1072 5463 Nam
1108 5421 1229 5462 cum
1262 5406 1432 5472 dixit,
1481 5407 1546 5461 Ut
1586 5426 1695 5464 non
1721 5423 1988 5466 evacuetur

399 5514 528 5551 crux
557 5498 764 5568 Christi,
795 5511 871 5567 et,
907 5499 974 5556 Ut
1004 5517 1105 5555 non
1127 5501 1190 5555 sit
1215 5499 1269 5554 in
1299 5500 1551 5567 sapientia
1580 5505 1840 5562 hominum
1856 5506 1984 5576 ﬁdes

403 5599 595 5655 nostra,
627 5589 726 5644 hec
751 5593 1084 5662 signiﬁcavit.
1115 5594 1211 5647 llic
1235 5601 1413 5646 autem
1439 5596 1669 5650 ostendit
1696 5612 1798 5652 non
1833 5613 1990 5663 posse

405 5696 541 5753 eos,
587 5682 678 5753 qui
723 5682 822 5752 ipsi
867 5683 1144 5739 conﬁdunt
1187 5693 1239 5740 et
1289 5691 1458 5738 totum
1502 5685 1600 5755 ipsi
1650 5688 1984 5757 permittunt,

2112 358 2308 429 aliquid
2337 360 2468 417 utile
2497 360 2722 418 discere.
2759 364 2848 419 14.
2880 364 3130 419 Animalis
3151 364 3284 418 enim
3313 365 3484 428 homo,
3506 365 3696 437 inquit,

2116 464 2215 502 non
2240 451 2454 520 percipit
2482 469 2541 506 ea
2592 469 2706 524 qua:
2730 464 2845 508 sunt
2867 455 3112 524 Spiritus.
3143 453 3368 525 Oportet
3394 458 3555 526 igitur
3581 473 3698 511 eam

2114 539 2261 608 prius
2281 541 2565 611 deponere.
2589 545 2723 612 Quid
2747 545 2937 614 igitur?
2960 547 3311 617 rcprohatane
3334 558 3437 615 est,
3467 550 3695 619 inquies,

2114 638 2331 685 externa
2379 634 2683 701 sapientia?
2735 636 2894 706 Atqui
2944 651 3079 707 Opus
3132 649 3216 694 est
3264 639 3378 694 Dei.
3438 638 3594 695 Unde
3645 641 3694 694 id

2113 723 2362 776 constat?
2407 724 2520 781 Non
2553 727 2693 780 enim
2725 728 2809 783 ille
2841 727 2966 784 fecit
2994 732 3161 800 ipsam
3187 772 3203 797 ,
3255 733 3350 788 sed
3382 742 3438 788 tu
3468 733 3694 788 adiuve-

2113 812 2237 867 nisti
2270 831 2281 866 :
2317 831 2437 869 nam
2476 816 2560 871 hic
2589 819 2906 888 sapientiam
2935 833 3090 877 vocat
3127 823 3395 880 curiosam
3429 828 3692 895 perquisi-

2113 903 2311 957 tionem
2360 915 2411 959 et
2452 909 2776 976 superfluam
2807 909 3126 965 facundiam.
3189 913 3244 968 Si
3287 915 3406 984 quis
3435 931 3561 970 vero
3591 916 3697 970 hu-

2113 1007 2322 1047 manam
2369 996 2705 1064 prudentiam
2736 998 2820 1053 hic
2849 999 3070 1072 intelligi
3099 1002 3273 1068 dicat,
3316 1004 3396 1059 sic
3435 1008 3596 1059 etiam
3642 1005 3693 1060 in

2111 1085 2262 1156 culpa
2285 1101 2364 1142 es.
2397 1087 2474 1142 Tu
2497 1089 2638 1143 enim
2663 1091 2806 1145 illam
2825 1092 3097 1163 deturpas,
3125 1097 3214 1166 qui
3236 1097 3324 1150 illa
3344 1098 3481 1152 male
3503 1100 3690 1164 uteris,

2110 1177 2200 1246 qui
2227 1177 2292 1231 ad
2324 1177 2413 1234 Dei
2442 1179 2694 1236 damnum
2724 1192 2778 1238 et
2817 1183 3170 1241 offensionem
3210 1178 3280 1243 ab
3309 1189 3398 1242 illa
3443 1189 3609 1260 exigis
3639 1190 3691 1244 id

2109 1266 2251 1334 quod
2280 1281 2382 1322 non
2413 1269 2592 1326 habet.
2623 1272 2754 1340 Quia
2784 1275 2943 1345 igitur
2969 1276 3020 1330 in
3052 1277 3136 1330 illa
3165 1278 3414 1347 gloriaris
3441 1291 3494 1335 et
3522 1282 3690 1336 Deum

2110 1358 2252 1414 bello
2279 1360 2488 1432 impetis
2509 1405 2522 1426 ,
2552 1363 2668 1434 ejus
2695 1365 2783 1422 ille
2813 1367 3230 1424 imbecillitatem
3259 1371 3512 1427 ostendit.
3555 1373 3689 1429 Nam

2110 1450 2245 1506 bona
2273 1468 2487 1525 quoque
2514 1471 2599 1511 res
2626 1467 2706 1512 est
2736 1460 2979 1529 corporis
3018 1461 3216 1527 robur;
3261 1463 3354 1517 sed
3393 1465 3514 1534 quia
3558 1460 3690 1521 09in

2108 1540 2198 1595 illo
2229 1557 2333 1598 non
2380 1554 2436 1599 ut
2482 1549 2714 1615 oportuit
2744 1564 2871 1604 usus
2897 1560 3008 1618 est,
3041 1551 3286 1606 dissolvit
3315 1553 3464 1608 illum
3501 1555 3646 1610 Dens
3670 1598 3686 1622 ,

2106 1642 2156 1687 et
2187 1642 2244 1687 ut
2270 1643 2524 1692 tremeret
2551 1637 2745 1694 effecit.
2776 1639 2968 1695 Vinum
2993 1657 3202 1712 quoque
3230 1643 3427 1698 bonum
3449 1654 3564 1712 est;
3595 1646 3690 1701 sed

2106 1724 2604 1802 quig‘immoderate
2631 1729 2723 1785 illo
2750 1731 2828 1786 usi
2857 1742 2983 1786 sunt
3001 1731 3193 1799 Judaei,
3221 1734 3338 1803 ejus
3368 1750 3519 1790 usmn
3548 1736 3690 1792 Dens

2105 1817 2473 1874 sacerdotibus
2500 1821 2718 1875 omnino
2746 1822 3045 1878 interdixit.
3075 1824 3339 1892 Quoniam
3363 1841 3494 1896 ergo
3519 1837 3573 1881 tu
3597 1843 3688 1882 sa-

2105 1907 2301 1975 pientia
2330 1909 2396 1963 ad
2426 1910 2518 1965 Dei
2550 1911 2857 1982 despectum
2889 1929 3017 1968 usus
3045 1930 3106 1970 es
3132 1958 3146 1981 ,
3175 1926 3228 1970 et
3259 1916 3514 1986 majorem
3542 1917 3687 1972 illam

2105 1999 2327 2068 exegisti
2352 2039 2368 2067 ,
2399 2017 2555 2072 quam
2585 2003 2725 2059 vires
2754 2004 2977 2071 ferrent,
3005 2005 3075 2060 ab
3112 2021 3206 2076 spe
3239 2007 3468 2061 humana
3504 2016 3555 2063 te
3585 2009 3683 2063 ab-

2101 2089 2337 2159 ducens,
2389 2093 2504 2162 ejus
2533 2093 2897 2152 infirmitatem
2927 2098 3184 2153 ostendit.
3225 2099 3492 2154 Animalis
3538 2100 3680 2154 enim

2103 2190 2184 2235 est
2208 2222 2223 2247 ,
2252 2182 2342 2252 qui
2371 2190 2538 2237 totum
2565 2183 2657 2239 dat
2688 2185 2894 2256 frigidis
2923 2187 3219 2243 ratiociniis
3242 2230 3256 2253 ,
3304 2198 3358 2244 et
3396 2203 3503 2243 non
3532 2199 3685 2259 putat

2101 2286 2161 2326 se
2209 2273 2318 2326 ullo
2343 2287 2576 2343 superno
2620 2276 2820 2330 auxilio
2867 2291 3001 2346 opus
3041 2277 3241 2334 habere
3271 2320 3286 2343 ,
3342 2279 3487 2349 quod
3536 2289 3686 2334 certe

2101 2367 2332 2419 amentia
2357 2375 2459 2420 est.
2487 2365 2618 2421 Nam
2647 2367 2793 2423 dedit
2820 2369 2963 2423 illam
2988 2371 3144 2436 Deus,
3177 2379 3235 2426 ut
3261 2371 3432 2426 discat
3457 2381 3510 2426 et
3526 2386 3685 2441 opem

2099 2470 2250 2510 suam
2287 2457 2544 2526 accipiat;
2596 2474 2705 2514 non
2732 2470 2788 2514 ut
2813 2475 2932 2516 eam
2960 2461 3061 2516 sibi
3087 2461 3189 2531 ipsi
3232 2462 3482 2518 sufficere
3509 2472 3680 2532 putet.

2101 2546 2311 2601 Etenim
2341 2547 2479 2602 oculi
2512 2549 2723 2618 pulchri
2749 2559 2804 2604 et
2831 2551 2988 2606 utiles
3018 2559 3176 2618 sunt;
3209 2552 3304 2608 sed
3331 2553 3374 2608 si
3417 2553 3687 2609 voluerint

2097 2638 2215 2692 sine
2244 2638 2363 2694 luce
2398 2638 2582 2695 videre
2608 2681 2623 2707 ,
2673 2640 2807 2695 nihil
2834 2641 2984 2711 juvat
3013 2644 3132 2699 illos
3174 2645 3548 2715 puichritndo,
3598 2647 3685 2702 vel

2097 2730 2310 2800 propria
2341 2731 2528 2795 virtus,
2563 2731 2672 2787 imo
2697 2733 2858 2788 etiam
2888 2733 3051 2788 ltedit.
3082 2734 3173 2790 Sic
3201 2736 3380 2806 itaque
3405 2737 3607 2803 anima,
3634 2738 3680 2792 si

2098 2822 2323 2876 voluerit
2363 2822 2480 2877 sine
2506 2821 2704 2893 Spiritu
2749 2824 2930 2880 videre
2955 2865 2969 2892 ,
3017 2826 3118 2880 sibi
3149 2827 3246 2895 ipsi
3280 2827 3666 2898 impedimento

2096 2923 2197 2966 est.
2237 2912 2517 2979 Quomodo
2545 2914 2737 2984 igitur,
2789 2915 3032 2986 inquies,
3062 2917 3290 2973 antehac
3323 2934 3417 2988 per
3443 2920 3676 2989 seipsam

2095 3005 2270 3057 omnia
2297 3004 2557 3059 videbat?
2583 3004 2883 3076 Numquam
2922 3021 2953 3061 a
2993 3009 3188 3076 seipsa,
3220 3010 3313 3065 sed
3342 3009 3529 3065 habuit
3556 3027 3671 3067 rem

2093 3106 2326 3152 creatam
2356 3113 2459 3168 pro
2487 3098 2626 3153 libro
2652 3102 2983 3169 prepositam
3017 3102 3070 3155 in
3101 3101 3278 3157 medio
3311 3121 3324 3157 :
3359 3104 3480 3173 quia
3510 3120 3638 3161 vero
3660 3146 3677 3172 ,

2093 3189 2311 3244 dimissa
2352 3191 2436 3245 via
2474 3205 2578 3260 qua
2626 3192 2766 3247 Deus
2803 3192 2969 3262 jussit
3004 3192 3251 3250 homines
3279 3196 3571 3264 incedere,
3623 3210 3682 3254 ut

2092 3295 2190 3350 per
2240 3282 2523 3337 visibilium
2571 3282 3018 3352 pulchritudinem
3065 3295 3300 3342 nossent
3329 3288 3674 3357 Creatorem,

2092 3373 2384 3428 ratiociniis
2411 3373 2648 3430 scientia:
2674 3384 2882 3446 sceptra
2908 3377 3294 3433 commiserunt
3318 3421 3332 3446 ,
3380 3381 3431 3434 in
3462 3381 3678 3452 pelagus
3705 3421 3722 3452 ,.

2091 3465 2378 3536 impietatis
2403 3465 2599 3521 inﬁrmi
2643 3466 2817 3522 eﬁecti
2846 3467 3075 3523 demersi
3103 3478 3271 3536 sunt,
3314 3471 3493 3525 statim
3521 3473 3678 3544 abys-

2091 3571 2210 3612 sum
2253 3558 2514 3613 malorum
2559 3559 2874 3616 inducentes
2902 3603 2918 3628 ,
2947 3576 3010 3617 ac
3035 3562 3277 3619 dicentes
3308 3565 3441 3619 nihil
3471 3582 3538 3620 ex
3569 3583 3674 3622 non

2091 3649 2421 3705 exstantibus
2446 3650 2582 3718 ﬁeri,
2610 3650 2705 3706 sed
2725 3667 2786 3707 ex
2813 3652 3034 3707 materia
3061 3654 3317 3724 ingenita;
3347 3657 3488 3713 unde
3511 3659 3670 3713 etiam

2092 3729 2326 3798 haereses
2355 3742 2663 3798 innumeras
2706 3755 3034 3814 pepererunt
3063 3763 3075 3799 :
3106 3757 3161 3802 et
3192 3749 3243 3802 in
3273 3750 3336 3804 iis
3362 3765 3481 3821 qua:
3522 3751 3675 3809 valde

2090 3831 2318 3887 absurda
2363 3841 2518 3887 erant
2545 3845 2950 3901 convenerunt;
2998 3837 3049 3890 in
3080 3837 3274 3908 quibus
3313 3850 3491 3896 autem
3524 3842 3674 3897 vide-

2091 3925 2285 3981 bantur
2311 3927 2508 3997 aliquid
2537 3941 2724 3982 sanum
2761 3933 2908 3998 quasi
2937 3929 2991 3983 in
3023 3929 3211 3985 umbra
3239 3933 3510 3987 somniare
3537 3976 3554 4001 ,
3587 3934 3673 3988 di.

2090 4019 2223 4074 vulsi
2251 4033 2314 4073 ac
2341 4018 2493 4074 divisi
2521 4029 2646 4074 sunt
2665 4060 2680 4085 ,
2712 4029 2767 4074 ut
2795 4021 3045 4091 utrinque
3083 4021 3478 4078 deriderentur.
3518 4025 3671 4092 Quod

2091 4111 2234 4166 enim
2262 4125 2332 4167 ex
2363 4125 2471 4166 non
2500 4111 2833 4166 exstantibus
2863 4111 2995 4166 nihil
3025 4112 3114 4167 ﬁat
3138 4154 3153 4178 ,
3189 4130 3291 4167 una
3321 4131 3509 4170 omnes
3538 4132 3672 4186 pene

2090 4205 2340 4260 dixerunt
2378 4215 2434 4260 et
2476 4206 2674 4274 scripto
2723 4204 3094 4260 tradiderunt:
3125 4207 3282 4276 idque
3321 4223 3514 4278 magno
3548 4225 3672 4264 cum

2093 4297 2290 4354 studio.
2335 4299 2390 4351 In
2434 4296 2664 4352 absurda
2694 4296 2874 4367 itaque
2901 4297 3021 4352 illos
3049 4299 3257 4367 impulit
3303 4297 3568 4352 diabolus.
3615 4301 3669 4355 In

2091 4391 2307 4446 utilibus
2353 4401 2530 4444 autem
2558 4432 2573 4457 ,
2621 4391 2708 4444 ubi
2761 4390 3077 4445 videbantur
3123 4405 3219 4444 ceu
3283 4388 3335 4442 in
3389 4391 3674 4460 :enigmute

2089 4483 2285 4552 aliquid
2316 4499 2380 4537 ex
2409 4483 2650 4553 quazsitis
2676 4483 2915 4539 invenire
2935 4525 2950 4550 ,
2980 4485 3032 4538 in
3060 4483 3139 4536 his
3165 4523 3178 4547 ,
3209 4483 3450 4552 inquam,
3478 4495 3670 4540 contra

2090 4589 2149 4629 se
2176 4589 2476 4644 pugnavere
2524 4590 2538 4625 :
2585 4575 2729 4630 verbi
2776 4576 2946 4643 gratia
2976 4617 2990 4640 ,
3038 4573 3182 4644 quod
3234 4574 3556 4630 immortalis
3605 4569 3678 4632 Sit

2089 4670 2286 4731 anima,
2311 4667 2453 4738 quod
2474 4649 2642 4724 virtus
2668 4668 2812 4723 nullo
2836 4677 2991 4739 egeat
3012 4678 3356 4723 externorum
3384 4683 3483 4722 :ac
3504 4685 3677 4739 neque

2091 4777 2153 4816 ex
2184 4760 2500 4815 necessitate
2523 4802 2539 4829 ,
2587 4775 2760 4830 neque
2785 4774 2850 4816 ex
2882 4759 2990 4815 fato
3017 4760 3188 4814 bonos
3235 4759 3351 4816 ﬁeri
3375 4801 3391 4826 ,
3443 4771 3538 4816 aut
3569 4779 3676 4816 ttntt

2093 4852 2243 4906 tales.

2163 4945 2216 4999 5.
2246 4943 2497 5000 Vidistin’
2524 4944 2721 5000 diaboli
2761 4943 3062 4999 malitiam?
3100 4942 3282 4998 Sionbi
3321 4944 3441 4998 illos
3478 4944 3680 5015 aliquid

2091 5050 2400 5107 corruptum
2427 5037 2605 5092 dicere
2627 5037 2790 5101 vidit,
2824 5037 2874 5090 id
2907 5036 3084 5091 cﬁ'ecit
3109 5046 3163 5090 ut
3187 5051 3376 5092 omnes
3404 5039 3678 5093 consenti-

2093 5139 2213 5184 rent
2237 5146 2251 5195 ;
2278 5128 2447 5183 sicubi
2473 5144 2598 5182 vero
2617 5127 2815 5197 aliquid
2837 5143 3025 5181 sanum
3056 5126 3315 5196 proferre,
3339 5127 3476 5181 alios
3496 5140 3679 5183 contra

2095 5221 2240 5289 ipsos
2261 5219 2582 5282 concitavit;
2611 5228 2669 5273 ut
2691 5219 2921 5273 absurda
2950 5235 3056 5274 non
3081 5219 3394 5272 exciderent
3417 5235 3680 5276 consensu

2095 5313 2428 5376 confirmata,
2453 5322 2506 5366 et
2534 5312 2680 5366 utilia
2713 5313 3017 5366 diffluerent
3048 5310 3194 5364 vat-ie
3233 5311 3525 5366 intellecta.
3551 5312 3683 5367 Vide

2096 5404 2362 5474 quomodo
2390 5403 2565 5458 anima
2588 5402 2784 5472 ubique
2815 5401 2884 5456 sit
2909 5401 3199 5466 imbecilla,
3230 5415 3401 5470 neque
3427 5400 3528 5454 sibi
3567 5403 3681 5455 suf-

2099 5498 2258 5553 ﬁciat.
2289 5497 2342 5552 ld
2372 5511 2500 5550 vero
2537 5495 2658 5564 jure
2696 5493 2888 5549 merito
2934 5493 3129 5549 factum
3161 5503 3261 5547 est.
3294 5492 3349 5548 Si
3388 5491 3528 5546 enim
3561 5507 3684 5549 cum

2099 5594 2220 5649 talis
2244 5595 2377 5648 facta
2404 5592 2493 5660 sit,
2520 5591 2795 5647 contendit
2824 5607 2881 5656 se
2913 5593 3059 5647 nullo
3086 5608 3220 5662 opus
3246 5593 3464 5658 habere,
3493 5602 3547 5646 et
3572 5606 3631 5644 se
3655 5605 3686 5645 a

2102 5689 2209 5742 Deo
2229 5685 2474 5752 abducit;
2503 5685 2603 5740 nisi
2627 5686 2748 5740 talis
2775 5683 2908 5740 facta
2929 5693 3093 5752 esset,
3123 5686 3174 5739 in
3202 5700 3359 5756 quam
3384 5699 3490 5740 non
3515 5697 3703 5740 anten-
