4100 6214
397 201 470 260 159
1038 219 1044 224 ’
1426 206 1492 264 IN
1531 207 1750 264 EPIST.
1793 206 1811 259 Ι
1850 205 1940 259 AD
1969 201 2125 257 C03.
2168 204 2396 264 HOMIL.
2439 211 2550 268 VII.
3587 224 3662 276 60

404 319 505 374 οῦκ
530 316 872 383 ἐπαίδευσεν,
895 317 1030 374 ἀλλά
1055 319 1148 375 καὶ
1177 319 1417 374 ἐκώλυσε
1448 323 1539 376 καὶ
1558 322 1867 390 διετείχισε,
1891 317 1984 371 καὶ

407 400 542 471 μετά
569 400 634 453 τὸ
666 400 920 470 γενέσθαι
954 399 1250 466 ἐπεσκίαζε
1300 405 1412 467 τοῖς
1452 404 1862 474 γεγενημένοις,
1890 400 1982 454 τὸν

405 484 635 556 σταυρὸν
684 482 935 540 κενοῦσα,
982 485 1057 538 Οὐ
1103 485 1281 538 τοίνυν
1319 486 1397 556 τῷ
1447 487 1639 556 μαθεῖν
1683 497 1706 525 ο
1737 485 1977 538 δείκνυσι

409 567 501 638 τὴν
536 568 611 630 εἰς
655 567 805 636 ἡμᾶς
844 566 1027 636 τιμὴν,
1066 568 1161 621 καὶ
1195 567 1271 639 τῷ
1301 569 1441 638 μετά
1473 570 1717 638 ἀγγέλων
1758 566 1974 638 μαθεῖν,

408 650 537 704 ἁλλά
575 650 670 703 καὶ
697 648 776 719 τῷ
806 649 892 701 διὰ
1075 650 1170 702 τοῦ
1202 651 1523 721 Πνεύματος
1565 650 1730 704 αὑτοῦ
1762 649 1977 718 μαθεῖν.

407 729 534 785 Εἶτα
554 731 770 795 δεικνὺς
792 730 852 784 τὸ
885 731 1132 800 μέγεθος,
1161 733 1346 804 φησὶν,
1371 735 1454 787 ὅτι
1475 735 1538 786 Et
1571 734 1646 804 μὴ
1673 733 1734 786 τὸ
1758 731 1980 801 Πνεῦμα

405 817 466 869 τὸ
491 815 860 884 ἐπιστάμενον
892 813 958 866 τά
985 816 1270 886 ἀπόρρητα
1303 816 1396 870 τοῦ
1425 816 1581 882 Θεοῦ,
1613 816 1980 883 ἀπεκάλυψεν,

406 899 505 951 οὐκ
535 897 601 951 ἂν
647 895 946 966 ἐμάθομεν.
979 895 1135 950 Οὕτω
1165 898 1629 969 περισπούδαστον
1659 898 1736 969 τῷ
1767 896 1883 967 Θεῷ
1924 896 1984 948 τὸ

408 984 642 1054 πρᾶγμα
667 976 756 1051 ἦν,
787 979 926 1033 ῶστε
965 981 1022 1034 ἐν
1061 983 1172 1044 τοῖς
1214 983 1542 1054 ἀπορρήτοις
1577 980 1734 1036 εἶναι.
1767 981 1857 1035 Διὸ
1891 981 1984 1035 καὶ

415 1065 624 1119 ἐκείνου
682 1062 978 1133 ἐδεήθημεν
1040 1063 1360 1118 διδασκάλου
1417 1065 1511 1119 τοῦ
1568 1065 1740 1119 ταῦτα
1800 1063 1984 1131 σαφῶς

416 1149 636 1211 εἰδότος.
692 1146 761 1199 Τὸ
807 1145 915 1216 γὰρ
957 1147 1199 1216 Πνεῦμα
1241 1149 1458 1213 πάντα,
1516 1151 1700 1217 φησίν,
1749 1145 1982 1216 ἐρευνᾷ,

418 1232 518 1286 καί
547 1231 615 1284 τὰ
644 1230 806 1298 ,ϐάθη
849 1229 956 1284 τοῦ
996 1232 1163 1286 Θεοῦ.
1201 1234 1296 1296 Τίς
1325 1233 1433 1302 γὰρ
1471 1234 1632 1286 οἶδεν
1664 1231 1988 1300 ἀνθρώπων

417 1317 490 1370 τὰ
533 1314 635 1368 τοῦ
677 1313 1011 1380 ἀνθρώπου,
1049 1316 1100 1368 εί
1127 1315 1215 1384 μὴ
1256 1317 1321 1369 τὸ
1359 1317 1596 1385 πνεῦμα
1628 1316 1732 1370 τοῦ
1767 1313 1988 1382 ἀνθρώο

413 1412 534 1453 που
565 1397 630 1451 τὸ
667 1397 737 1449 ὲν
773 1394 971 1460 αὑτῷ;
1014 1397 1176 1449 Οὕτω
1215 1397 1313 1450 καί
1348 1397 1420 1452 τὰ
1449 1398 1554 1453 τοῦ
1597 1398 1745 1452 Θεοῦ
1788 1397 1988 1463 οὐδεὶς

414 1477 599 1543 οἶδεν,
631 1480 684 1532 ει
719 1476 804 1546 μὴ
845 1476 914 1530 τὸ
958 1477 1201 1546 Πνεῦμα
1243 1478 1350 1532 τοῦ
1380 1480 1550 1534 Θεοῦ.
1589 1481 1777 1550 Ἡμεῖς
1807 1481 1876 1534 δὲ
1915 1481 1988 1534 οὐ

416 1566 483 1617 τὸ
502 1562 740 1631 πνεῦμα
761 1560 867 1615 τοῦ
891 1562 1124 1630 κόσμου
1145 1561 1456 1632 ἐλάϐομεν.
1485 1563 1645 1618 ἀλλὰ
1665 1564 1730 1618 τὸ
1747 1564 1990 1632 Πνεῦμα

415 1648 482 1702 τὸ
519 1648 588 1700 ἐκ
626 1644 729 1699 τοῦ
776 1644 945 1708 Θεοῦ,
997 1645 1098 1698 ἵνα
1142 1645 1391 1714 εἰδῶμεν
1432 1648 1507 1701 τὰ
1541 1647 1660 1702 ὑπὸ
1700 1647 1806 1702 τοῦ
1842 1647 1988 1701 Θεοῦ

415 1727 781 1799 χαρισθέντα
823 1727 989 1796 ἡμῖν.
1039 1728 1112 1782 Οὐ
1146 1728 1256 1798 γάρ
1301 1729 1546 1798 ἀγνοίας,
1582 1729 1694 1783 ἀλλ’
1727 1727 1991 1802 ἀκριϐοῦς

417 1813 673 1880 γνώσεως
726 1809 962 1864 ἐνταῦθα
1012 1809 1072 1862 τὸ
1115 1809 1373 1878 ἐρευνᾶν
1420 1812 1768 1866 ἐνδεικτικόν.
1805 1811 1992 1884 Ταύτῃ

417 1894 548 1963 γοῦν
579 1896 646 1965 τῇ
676 1893 818 1959 λέξει
849 1893 944 1946 καὶ
970 1892 1064 1944 ἐπὶ
1086 1892 1178 1945 τοῦ
1206 1891 1342 1946 Θεοῦ
1375 1893 1640 1964 κέχρηται
1673 1894 1844 1964 λέγων
1867 1910 1881 1924 ο
1929 1893 1992 1947 '0

417 1977 486 2030 δὲ
509 1974 774 2045 ἐρευνῶν
813 1975 918 2041 τὰς
963 1974 1230 2044 καρδίας,
1255 1972 1380 2030 οἶδε
1408 1977 1464 2030 τί
1485 1977 1551 2029 τὸ
1574 1978 1852 2046 φρόνημα
1885 1976 1993 2031 τοῦ

419 2061 784 2129 Πνεύματος.
824 2053 960 2111 Εἶτα
986 2057 1112 2129 περὶ
1137 2059 1236 2128 τῆς
1266 2057 1361 2111 τοῦ
1389 2057 1706 2128 Πνεύματος
1741 2056 1994 2127 γνώσεως

423 2143 561 2212 μετά
582 2140 868 2212 ἀκριϐείας
886 2140 1075 2206 εἰπὼν,
1098 2140 1193 2194 καὶ
1221 2140 1434 2204 διδάξας
1456 2141 1537 2194 ὅτι
1557 2140 1730 2204 οὕτως
1758 2139 1995 2206 ἐξισάζει

422 2227 556 2294 πρὸς
601 2225 700 2297 τὴν
731 2224 824 2277 τοῦ
869 2222 1005 2276 Θεοῦ
1051 2223 1274 2292 γνῶσιν,
1305 2224 1381 2287 ὡς
1409 2225 1442 2294 ή
1469 2223 1760 2295 ἀνθρώπου
1794 2222 1996 2292 γνῶσις

421 2310 563 2379 αὐτὴ
611 2307 748 2378 πρὸς
795 2305 1014 2377 ἑαυτὴν,
1064 2307 1158 2360 καὶ
1206 2306 1386 2370 δείξας
1417 2308 1501 2360 ὅτι
1554 2307 1733 2362 πάντα
1783 2307 1995 2362 ἐκεῖθεν

421 2393 718 2463 ἐμάθομεν,
743 2392 839 2444 καὶ
866 2390 1177 2459 ἀναγκαίως
1205 2390 1433 2457 ἐκεῖθεν,
1464 2390 1744 2462 ἐπήγαγεν
1763 2407 1776 2421 ·
1807 2392 1869 2444 Ἀ
1897 2389 1996 2443 καὶ

420 2474 746 2544 λαλοῦμεν,
783 2474 894 2527 οὐκ
925 2473 996 2526 ἐν
1032 2471 1332 2538 διδακτοῖς
1360 2473 1742 2541 ἀνθρωπίνης
1775 2473 1998 2542 σοφίας

419 2559 650 2626 λόγοις,
670 2555 805 2611 ἀλλ’
826 2555 896 2608 ἐν
919 2553 1218 2621 διδακτοῖς
1238 2555 1586 2625 Πνεύματος
1607 2557 1802 2627 ἁγίου,
1826 2571 2004 2610 πνευ-

422 2640 698 2711 ματικοῖς
741 2637 1112 2707 πνευματικὰ
1161 2639 1614 2708 συγκρίνοντες.
1680 2640 1843 2710 Ὀρᾷς
1895 2638 1998 2693 ποῦ

425 2727 579 2796 ἡμᾶς
608 2725 880 2795 ἀνήγαγεν
908 2725 1016 2777 ἀπὸ
1044 2722 1144 2792 τῆς
1171 2722 1329 2789 ἀξίας
1360 2721 1455 2776 τοῦ
1485 2721 1834 2787 διδασκάλου;
1867 2721 2002 2775 Τοσ-

424 2809 581 2862 οῦτον
621 2808 728 2878 γὰρ
761 2809 922 2878 ἡμεῖς
964 2805 1187 2859 ἐκείνων
1231 2805 1549 2877 σοφώτεροι,
1583 2806 1707 2860 ὅσον
1740 2805 1800 2859 τὸ
1837 2805 2002 2876 μέσον

425 2892 712 2955 Πλάτωνός
743 2906 803 2943 τε
831 2889 926 2942 καὶ
973 2887 1290 2959 Πνεύματος
1315 2887 1491 2956 ἁγίου.
1520 2889 1583 2941 Ol
1614 2887 1715 2958 μὲν
1737 2887 1848 2956 γὰρ
1877 2889 2002 2952 τοὺς

426 2975 624 3041 ἔξωθεν
671 2975 909 3046 ῥήτορας
952 2971 1138 3043 έχουσι
1191 2972 1586 3037 διδασκάλους,
1639 2972 1802 3042 ἡμεῖς
1850 2971 1908 3025 δὲ
1945 2972 2006 3026 τὸ

425 3058 648 3128 Πνεῦμα
683 3057 745 3110 τὸ
792 3057 966 3124 ἅγιον.
1001 3055 1066 3108 Τί
1097 3056 1155 3108 δέ
1194 3056 1332 3120 ἐστι,
1359 3055 1790 3124 Πνευματικοῒς
1821 3071 2007 3110 πνευ-

427 3142 643 3210 ματικά
699 3139 1164 3208 συγκρίνοντες;
1249 3138 1416 3190 Ὅταν
1471 3137 1846 3208 πνευματικὸν
1908 3140 2003 3192 καὶ

427 3227 673 3296 ἄπορονε
705 3218 763 3295 ᾖ,
801 3221 909 3274 ἀπὸ
943 3220 1051 3274 τῶν
1101 3220 1493 3291 πνευματικῶν
1547 3221 1646 3284 τὰς
1704 3221 2008 3292 μαρτυρίας

428 3309 652 3378 ἄγομεν.
701 3300 828 3358 Οἷον
868 3305 1034 3373 λέγω,
1081 3305 1162 3358 ὅτι
1189 3304 1389 3375 ἀνέστη
1438 3305 1467 3357 6
1495 3304 1748 3376 Χριστὸς,
1779 3304 1860 3358 ὅτι
1899 3305 2009 3358 ἀπὸ

431 3390 707 3458 Παρθένου
735 3387 1020 3458 ἐγεννήθη.
1067 3386 1309 3458 Παράγω
1341 3387 1650 3459 μαρτυρίας
1679 3388 1775 3440 καὶ
1803 3388 2010 3450 τύπους

431 3475 529 3528 καὶ
549 3472 872 3537 ἀποδείξεις,
895 3470 990 3523 τοῦ
1031 3471 1187 3524 ἰωνᾶ
1212 3471 1311 3540 τὴν
1341 3471 1400 3525 ἐν
1423 3469 1502 3540 τῷ
1528 3471 1684 3540 κήτει
1705 3471 2005 3540 διατριϐὴν,

429 3560 528 3612 καὶ
555 3557 652 3628 τὴν
707 3556 844 3626 μετά
877 3552 1050 3608 ταῦτα
1097 3552 1442 3624 ἀπαλλαγὴν,
1473 3553 1580 3607 τῶν
1626 3554 1854 3626 στειρῶν
1884 3555 2010 3617 τοὺς

431 3642 707 3702 τοκετοὺς,
759 3640 857 3709 τῆς
886 3638 1122 3710 Σάρρας,
1157 3639 1258 3708 τῆς
1295 3636 1595 3701 Ῥεϐέκκας
1642 3638 1735 3690 καὶ
1765 3637 1874 3691 τῶν
1901 3638 2011 3692 λοι-

436 3724 572 3788 πῶν,
631 3723 732 3792 τὴν
778 3723 835 3774 ὲν
868 3720 949 3790 τῷ
997 3719 1314 3790 παραδείσῳ
1363 3719 1473 3772 τῶν
1516 3719 1747 3791 δένδρων
1771 3720 2011 3792 βλάστην

436 3806 829 3877 γεγενημένην,
875 3805 934 3856 οὐ
991 3803 1322 3874 σπερμάτων
1381 3803 1849 3875 καταϐληθέντων,
1918 3807 2014 3878 οὐχ

438 3891 609 3943 ὑετῶν
656 3885 1119 3956 κατενεχθέντων,
1166 3885 1268 3938 οὐκ
1313 3883 1547 3949 αῦλακος
1581 3887 2012 3959 ἀνατμηθείσης.

440 3975 523 4027 Τά
565 3975 675 4044 γὰρ
735 3971 994 4042 μέλλοντα
1027 3967 1375 4022 διεπλάττετο
1419 3969 1516 4022 καὶ
1562 3970 1904 4041 διεγράφετο,
1939 3972 2016 4034 ὡς

440 4061 500 4114 ἐν
532 4059 679 4126 σκιᾷ.
729 4057 842 4118 τοῖς
878 4053 1188 4126 προτέροις,
1223 4052 1311 4105 ἵνα
1343 4051 1607 4123 πιστευθῇ
1637 4053 1812 4106 ταῦτα
1843 4070 2018 4121 παρα-

440 4140 727 4210 γενόμενα.
785 4138 896 4190 Καὶ
953 4135 1203 4205 δείκνυμι
1250 4133 1438 4199 πάλιν,
1483 4133 1602 4197 πῶς
1631 4134 1739 4187 ἀπὸ
1793 4135 1896 4204 γῆς
1925 4136 2017 4189 ἄν-

442 4225 683 4295 θρωπος,
737 4220 832 4274 καὶ
888 4218 1006 4281 πῶς
1058 4217 1165 4270 ἀπὸ
1216 4214 1506 4287 ἀνθρώπου
1567 4217 1730 4284 μόνου
1776 4219 1810 4286 ή
1857 4217 2016 4287 γυνὴ,

442 4309 536 4362 καὶ
565 4304 804 4376 οὐδαμοῦ
858 4301 1135 4366 συνουσία,
1164 4299 1281 4364 πῶς
1324 4299 1464 4371 αὐτὴ
1497 4301 1530 4370 ἡ
1557 4302 1629 4371 γῆ
1658 4299 1752 4352 ἀπ’
1784 4301 2015 4365 οὐδενὸς,

439 4392 538 4460 τῆς
564 4389 850 4457 δυνάμεως
876 4385 970 4438 τοῦ
999 4382 1343 4455 Δημιουργοῦ
1378 4382 1652 4453 πανταχοῦ
1680 4383 1816 4455 πρὸς
1843 4383 2020 4436 πάντα

438 4472 740 4546 ἀρκούσης.
765 4469 920 4523 Οὕτω
944 4469 1333 4538 πνευματικοῖς
1357 4465 1702 4535 πνευματικά
1724 4465 2018 4538 συγκρίνω,

444 4559 540 4613 καὶ
577 4553 818 4626 οὐδαμοῦ
874 4552 1063 4624 χρείαν
1098 4551 1202 4621 ἔχω
1259 4551 1362 4621 τῆς
1401 4549 1598 4614 ἔξωθεν
1634 4548 1847 4619 σοφίας,
1900 4549 2022 4602 οὐδὲ

448 4639 728 4710 λογισμῶν
774 4637 896 4690 οὐδὲ
952 4634 1335 4706 παρασκευῶν.
1385 4632 1612 4686 Ἐκεῖνοι
1646 4631 1755 4703 γὰρ
1790 4631 1883 4684 καὶ
1921 4647 2027 4684 παρ-

453 4723 816 4795 ρασαλεύουσι
856 4719 955 4790 τὴν
1002 4717 1204 4787 ἀσθενῆ
1265 4715 1506 4795 διάνοιαν
1569 4715 1661 4767 καὶ
1712 4712 2022 4783 θορυϐοῦσι,

449 4791 544 4860 καὶ
592 4802 869 4867 ἀποδεῖξαι
919 4800 1104 4870 σαφῶς
1151 4799 1299 4852 οὐδὲν
1353 4791 1430 4851 ὧν
1481 4797 1734 4865 λέγουσιν
1785 4795 2022 4866 ἔχουσιν,

448 4889 586 4943 ἀλλά
605 4888 699 4942 καὶ
721 4883 1030 4940 τούναντίον
1058 4881 1303 4935 ποιοῦσι’
1329 4881 1653 4950 ταράττουσι
1682 4879 1902 4949 μᾶλλον,
1931 4877 2026 4932 καὶ

455 4972 617 5040 ζόφου
642 4968 913 5040 πληροῦσι
929 4967 1024 5020 καὶ
1045 4964 1277 5035 ἀπορίας
1303 4963 1522 5034 πολλῆς.
1543 4963 1634 5016 Διό
1659 4978 1812 5033 φησιο
1846 4965 2028 5016 Πνευ-

463 5053 726 5125 ματικοῒς
771 5049 1143 5118 πνευματικὰ
1175 5047 1626 5117 συγκρίνοντες.
1673 5046 1856 5116 Ὁρᾷς,
1909 5045 2028 5108 πῶς

465 5135 717 5205 περιττὴν
735 5134 906 5204 αὐτὴν
926 5132 1196 5184 δείκνυσιν
1216 5147 1230 5195 ;
1254 5130 1315 5183 ού
1335 5130 1493 5199 μόνον
1516 5128 1573 5182 δὲ
1598 5128 1876 5199 περιττὴν,
1893 5127 2029 5181 ἀλλὰ

461 5219 557 5270 καὶ
579 5218 820 5273 ἐναντίαν
845 5216 940 5269 καλ⁵
966 5214 1255 5284 βλαϐεράν.
1286 5213 1394 5266 Καὶ
1418 5211 1525 5282 γάρ
1554 5211 1612 5265 τὸ
1646 5213 1818 5264 εἰπεῖν
1845 5252 1861 5277 ,
1898 5211 2032 5267 ἰνα

447 5302 539 5371 μὴ
566 5298 794 5366 κενωθιῖ
826 5299 858 5352 δ
888 5295 1151 5366 σταυρὸς
1175 5295 1281 5350 τοῦ
1309 5295 1605 5364 Χριστοῦ,
1635 5294 1752 5359 και,
1788 5295 1923 5348 Ἵνα
1944 5293 2031 5362 μὴ

449 5377 496 5455 ᾖ
529 5384 601 5437 ἐν
625 5384 814 5453 σοφίᾳ
853 5378 1177 5448 ἀνθρώπων
1208 5380 1246 5448 ἡ
1280 5379 1485 5445 πίστις
1511 5377 1698 5445 ἡμῶν,
1724 5376 1882 5431 τοῦτο
1912 5377 2034 5446 ἐδή-

453 5466 648 5520 λωσεν.
691 5461 957 5522 Ἐνταῦθα
985 5462 1042 5516 δὲ
1065 5461 1353 5526 δείκνυσιν,
1378 5461 1470 5515 ὅτι.
1485 5460 1740 5515 ἀδύνατον
1773 5459 2036 5531 θαρροῦν-

456 5566 553 5613 τας
586 5547 683 5602 καὶ
720 5548 780 5602 τὸ
826 5547 934 5598 πᾶν
972 5544 1362 5614 ἐπιτρέποντας
1404 5545 1560 5616 αὐτῇ,
1611 5545 1800 5615 μαθεῖν
1838 5563 1888 5597 τι
1929 5542 2036 5597 τῶν

531 5833 558 5863 ⁸
583 5828 738 5883 δᾶἵὶὶ.
761 5829 810 5878 in
832 5841 1008 5890 marg.,
1053 5827 1333 5896 ἀπόρρητον.

2087 319 2395 390 χρησίμων.
2441 324 2701 393 Ψυχικύς
2871 324 2984 395 γὰρ
3018 326 3346 394 ἄνθρωπος,
3371 331 3555 398 φησὶν,
3583 329 3656 380 οὐ

2088 400 2322 470 δέχεται
2347 405 2419 459 τὰ
2450 405 2556 460 τοῦ
2595 409 2958 477 Πνεύματος.
2990 409 3083 460 Δεῖ
3120 408 3297 462 τοίνυν
3334 410 3502 479 αὐτὴν
3527 414 3658 466 ἀπο-

2093 483 2277 538 θέσθαι
2334 487 2617 558 πρότερον.
2676 490 2740 542 Τί
2793 484 2919 557 οῦν;
2971 488 3341 560 διαϐέϐληται,
3395 493 3578 561 φησὶν,
3622 496 3653 563 ή

2099 568 2313 638 σοφίαὴ
2351 569 2584 636 ἐξωθεν;
2618 572 2809 625 Καίτοι
2838 572 2998 642 ἔργον
3039 573 3156 626 ἐστὶ
3179 573 3273 626 τοῦ
3301 573 3457 625 Θεοῦ.
3494 574 3662 628 Πόθεν

2093 645 2289 716 δῆλον;
2333 650 2407 702 Ού
2436 651 2545 722 γὰρ
2581 653 2741 717 αὐτὸς
2779 654 2946 724 αὐτὴν
2991 655 3265 724 ἐποίησεν,
3296 654 3432 708 ἀλλά
3463 657 3527 708 σὺ
3565 657 3662 709 ἐπ-

2093 728 2343 802 εξεῦρες’
2381 735 2475 787 καὶ
2509 736 2617 805 γὰρ
2651 736 2842 806 σοφίαν
2885 735 3117 791 ἐνταῦθα
3137 738 3196 790 τὸ
3241 740 3530 809 περίεργον
3561 739 3663 808 τῆς

2093 813 2377 886 ζητήσεως
2409 817 2578 886 λέγει,
2603 819 2697 872 καὶ
2720 819 2820 888 τὴν
2849 820 3110 888 περιττὴν
3135 820 3486 887 εὐγλωττίαν.
3521 823 3584 874 El
3604 823 3663 876 δὲ

2093 896 2192 968 τὴν
2228 899 2441 954 σύνεσιν
2469 901 2567 970 τὴν
2603 901 2954 972 ἀνθρωπίνην
2982 902 3114 972 φαίη
3147 920 3232 966 τις
3265 904 3427 956 αὑτὸν
3463 904 3662 972 λέγειν,

2095 981 2189 1034 καὶ
2225 981 2366 1036 οὕτω
2397 985 2458 1037 τὸ
2483 984 2734 1055 ἔγκλημα
2763 986 2874 1038 σόν.
2901 987 2972 1038 Σὺ
3004 987 3113 1056 γὰρ
3141 986 3306 1057 αὐτὴν
3337 987 3663 1053 διαϐάλλεις,

2096 1067 2122 1119 6
2149 1067 2332 1132 κακῶς
2367 1070 2725 1138 κεχρημένος,
2753 1069 2780 1120 6
2816 1069 2955 1131 πρὸς
2987 1069 3189 1138 βλάϐην
3220 1069 3316 1122 καὶ
3353 1071 3666 1124 ἐναντίωσιν

2097 1147 2255 1212 Θεοῦ,
2279 1152 2307 1202 ό
2331 1150 2578 1204 ἀπαιτῶν
2608 1151 2778 1220 αὐτὴν
2802 1151 2946 1221 άπερ
2980 1152 3080 1204 οὐκ
3101 1147 3262 1219 εἶχεν.
3310 1153 3460 1206 Ἐπεὶ
3487 1150 3579 1206 οῦν
3610 1154 3667 1205 ἐν

2098 1232 2234 1302 αὐτῇ
2261 1235 2533 1303 καυχᾶσαι
2564 1234 2656 1286 καὶ
2683 1234 2802 1304 Θεῷ
2825 1234 3101 1304 πολεμεῖς,
3127 1234 3353 1304 ἤλεγξεν
3377 1235 3546 1304 αὐτῆς
3572 1235 3669 1303 τὴν

2099 1315 2401 1369 ἀσθένειαν.
2442 1317 2592 1368 Ἐπεὶ
2615 1317 2707 1368 καὶ
2733 1317 2883 1384 ἰσχῦς
2907 1315 3153 1384 σώματος
3178 1317 3364 1369 καλόν*
3389 1317 3500 1368 ἀλλ’
3523 1319 3672 1369 ἐπειο

2097 1396 2162 1466 δὴ
2193 1397 2293 1450 οὐκ
2342 1400 2421 1460 εἰς
2455 1398 2574 1450 δέον
2615 1399 2884 1468 ἐχρήσατο
2921 1398 3057 1468 αὐτῇ
3101 1401 3129 1451 6
3166 1399 3327 1460 Κάῖν,
3369 1399 3672 1469 παρέλυσεν

2099 1480 2259 1534 αὐτὸν
2281 1482 2310 1533 6
2334 1481 2487 1545 Θεὸς.
2511 1482 2602 1534 καὶ
2618 1482 2840 1551 τρέμειν
2868 1481 3110 1551 ἐποίησε.
3142 1481 3246 1534 Καὶ
3268 1482 3296 1533 6
3323 1477 3464 1546 οἶνος
3488 1481 3670 1535 καλόνο

2099 1563 2214 1616 ἀλλ’
2247 1564 2434 1634 ἐπειδὴ
2462 1565 2716 1635 ἀμέτρως
2746 1565 3054 1618 ἀπέλαυσαν
3078 1567 3126 1617 οἱ
3158 1565 3421 1627 Ἰουδαῖοι,
3444 1564 3673 1618 καθόλου

2099 1649 2212 1710 τοῖς
2259 1648 2495 1718 ἱερεῦσιν
2539 1648 2919 1718 ἀπηγόρευσεν
2944 1650 2972 1701 6
3012 1648 3146 1712 Θεὸς
3185 1648 3278 1701 τοῦ
3326 1646 3544 1718 καρποῦ
3577 1646 3676 1717 τὴν

2101 1731 2316 1801 χρῆσιν.
2352 1729 2522 1784 Ἐπεὶ
2567 1725 2660 1784 οὖν
2715 1732 2810 1784 καὶ
2862 1732 2928 1784 σὺ
2973 1733 3039 1801 τῇ
3085 1731 3245 1801 σοφίᾳ
3292 1733 3375 1794 εἰς
3421 1731 3677 1800 ἀθέτησιν

2103 1813 2405 1884 ἀπεχρήσω
2431 1812 2526 1867 τοῦ
2575 1813 2733 1877 Θεοῦ,
2765 1813 2860 1866 καὶ
2910 1813 3132 1882 μείζονα
3172 1814 3460 1883 ἀπῄτησας
3507 1811 3678 1880 αὐτὴν

2101 1897 2200 1966 τῆς
2235 1895 2440 1960 οίκείας
2465 1895 2670 1965 ίσχύος,
2697 1897 2926 1962 ἀπάγων
2959 1912 3018 1947 σε
3043 1895 3142 1963 τῆς
3169 1895 3515 1966 ἀνθρωπίνης
3534 1889 3679 1946 ἐλπί-

2101 1979 2213 2043 δος,
2241 1974 2442 2042 ἔδειξεν
2468 1979 2638 2048 αὐτῆς
2667 1978 2764 2048 τὴν
2795 1977 3098 2031 ἀσθένειαν.
3133 1977 3243 2031 Καὶ
3269 1977 3379 2047 γὰρ
3400 1977 3493 2029 καὶ
3515 1974 3646 2044 ψυχι
3663 2005 3675 2015 -

2105 2060 2200 2124 κός
2230 2063 2380 2114 ἐστιν
2405 2062 2434 2114 6
2459 2060 2519 2115 τὸ
2546 2062 2654 2114 πᾶν
2695 2063 2807 2123 τοῖς
2836 2059 3116 2130 λογισμοῖς
3146 2061 3258 2122 τοῖς
3297 2058 3560 2128 ψυχροῖς1³
3599 2057 3681 2110 δι-

2103 2144 2246 2213 δοὺς,
2283 2144 2377 2198 καὶ
2404 2145 2480 2215 μὴ
2503 2143 2739 2214 νομίζων
2768 2143 2972 2198 ἀνωθέν
3003 2160 3146 2205 τινος
3170 2141 3376 2198 δεῖσθαι
3408 2139 3678 2210 βοηθείας,

2103 2229 2242 2299 ὅπερ
2271 2229 2420 2281 ἐστὶν
2447 2227 2655 2290 ἀνοίας.
2689 2227 2796 2279 Καὶ
2816 2226 2924 2297 γὰρ
2955 2226 3153 2279 ἔδωκεν
3175 2226 3344 2296 αὐτὴν
3370 2226 3399 2277 6
3415 2224 3572 2286 Θεὸς.
3593 2223 3682 2276 ἵνα

2110 2310 2357 2382 μανθάνῃ
2385 2309 2481 2364 καὶ
2502 2309 2722 2380 δέχηται
2761 2309 2821 2363 τὸ
2851 2310 2980 2380 παρ’
3011 2307 3198 2372 αὐτοῦ,
3250 2308 3350 2377 οὐχ
3384 2307 3471 2360 ἵνα
3513 2307 3681 2374 ἑαυτῇ

2107 2394 2248 2466 αὐτὴ
2277 2394 2469 2465 ἀρκεῖν
2497 2393 2715 2464 νομίζῃ.
2744 2393 2854 2445 Καὶ
2873 2391 2984 2461 γὰρ
3006 2394 3054 2445 οἱ
3097 2391 3365 2463 ὀφθαλμοὶ
3404 2389 3560 2442 καλοί⁵
3590 2387 3684 2441 καὶ

2107 2479 2392 2550 χρήσιμοι,
2422 2475 2537 2530 ἀλλ’
2564 2475 2660 2528 ἐὰν
2682 2473 2981 2544 βούλωνται
3014 2475 3183 2544 χωρὶς
3211 2473 3386 2541 φωτδς
3413 2473 3564 2542 όρᾷν,
3591 2470 3683 2521 οὐ-

2107 2561 2194 2615 δὲν
2230 2559 2430 2623 αὐτοὺς
2465 2558 2525 2612 τὸ
2567 2557 2760 2620 κάλλος
2783 2556 3024 2628 ὀνίνησιν
3048 2555 3170 2608 οὐδὲ
3217 2557 3252 2625 ἡ
3301 2554 3479 2608 οἰκεία
3511 2553 3684 2622 ἰσχὺς.

2109 2643 2246 2697 ἀλλά
2279 2643 2373 2696 καὶ
2411 2641 2811 2712 παραϐλάπτει.
2841 2639 2999 2694 Οὕτω
3039 2639 3218 2692 τοίνυν
3260 2635 3549 2705 καὶψυχὴ,
3591 2635 3690 2687 ἐὰν

2113 2725 2350 2796 βουληθῇ
2399 2725 2569 2795 χωρὶς
2630 2724 2948 2794 Πνεύματος
2993 2721 3233 2792 βλέπειν,
3273 2721 3370 2774 καὶ
3435 2718 3687 2788 ἐμπόδιον

2112 2811 2278 2880 ἑαυτῇ
2313 2810 2545 2878 γίνεται.
2575 2809 2700 2872 Πῶς
2725 2806 2820 2863 οῦν
2844 2807 2951 2880 πρὸ
2981 2805 3195 2868 τούτου,
3223 2804 3410 2874 φησὶν,
3441 2803 3535 2880 ἀφ’
3565 2802 3690 2880 ἑαυ-

2113 2889 2210 2958 τῆς
2239 2876 2416 2943 πάντα
2442 2887 2616 2959 ἐώρας
2650 2876 2917 2940 Οὐδέποτε
2938 2887 3032 2955 ἀφΫ
3068 2885 3286 2954 ἑαυτῆς,
3315 2882 3429 2936 ἀλλ’
3459 2876 3571 2950 εἶχε
3592 2877 3694 2948 τὴν

2114 2972 2291 3026 κτίσιν
2319 2971 2440 3024 ἀντὶ
2466 2969 2670 3040 βιϐλίου
2700 2971 3067 3040 προκειμένην
3094 2969 3152 3021 ἐν
3175 2967 3326 3036 μέσῳ
3348 2981 3360 2994 ·
3394 2963 3580 3032 ἐπειδὴ
3607 2961 3687 3023 δέ,

2114 3057 2344 3126 ἀφέντες
2370 3054 2582 3124 βαδίσαι
2605 3055 2702 3124 τὴν
2723 3054 2862 3118 ὁδὸν,
2893 3053 2960 3123 ἢν
2985 3053 3169 3115 αὐτοῖς
3204 3051 3234 3102 6
3253 3048 3384 3110 Θεὸς
3405 3045 3688 3126 ⁴ἐκέλευσε,

2116 3124 2212 3190 καὶ
2241 3134 2327 3188 διά
2363 3133 2456 3188 τοῦ
2496 3133 2725 3196 κάλλους
2764 3133 2874 3187 τῶν
2912 3130 3206 3203 ὁρωμένων
3239 3126 3444 3197 γνῶναι
3471 3124 3563 3178 τὸν
3587 3125 3692 3192 Δη-

2120 3216 2380 3290 μιουργδν
2404 3256 2420 3283 ,
2457 3217 2738 3286 λογισμοῖς
2771 3215 2840 3268 τὰ
2879 3214 3135 3285 σκῆπτρα
3164 3211 3265 3280 τῆς
3315 3208 3572 3278 γνώσεως
3609 3209 3694 3259 ἐν·

2117 3296 2412 3368 εχείρισαν,
2446 3297 2526 3360 είς
2566 3295 2798 3363 πέλαγος
2828 3292 3084 3354 ἀσεϐείας
3127 3290 3526 3361 ἀσθενήσαντες
3563 3303 3695 3340 κατ-

2119 3380 2333 3442 έδυσαν,
2354 3378 2557 3442 εὐθέως
2588 3378 2686 3448 τὴν
2725 3377 2962 3431 ἄϐυσσον
2986 3374 3096 3447 τῶν
3135 3373 3323 3428 κακῶν
3348 3371 3691 3448 εἰσάγοντες,

2120 3459 2212 3512 καὶ
2246 3459 2490 3521 εἰπόντες
2529 3445 2678 3510 οὐδὲν
2725 3453 2786 3520 ἐξ
2822 3455 2924 3507 οὐκ
2964 3445 3133 3507 ὄντων
3166 3449 3437 3520 γίνεσθαι,
3472 3447 3588 3501 ἀλλ’
3637 3445 3699 3510 ἐξ

2122 3540 2254 3612 ὕλης
2274 3541 2592 3611 ἀγεννήτου,
2620 3539 2742 3592 ὅθεν
2762 3538 2857 3592 καὶ
2876 3535 3075 3607 μυρίας
3095 3535 3282 3588 ἔτεκον
3308 3529 3554 3612 αἱρέσεις
3565 3546 3578 3612 ς
3607 3529 3698 3612 καὶ

2121 3621 2180 3674 ὲν
2209 3601 2471 3691 ’μέν’τοῖς
2491 3618 2696 3690 σφόδρα
2724 3601 3404 3686 ἀτόποιςσυνηνέχθησαν,
3444 3609 3501 3662 ὲν
3533 3608 3589 3660 δὲ
3616 3601 3696 3691 οἷς

2122 3689 2338 3758 ἐδόκουν
2381 3701 2531 3771 ὑγιές
2569 3689 2758 3755 τιίκᾶν
2789 3699 2865 3763 ὼς
2903 3701 2960 3753 ἐν
2992 3701 3170 3760 σκιαῖς
3204 3692 3568 3771 ὀνειρώττειν,

2121 3780 2301 3852 λήλοις
2334 3765 2767 3851 συνέρῤάγησαν,
2805 3777 2875 3831 ἵν’
2905 3775 3245 3848 ἑκατέρωθεν
3283 3765 3695 3852 καταγελασθῶ-

2125 3851 2230 3920 σιν.
2259 3865 2379 3916 Ὅτι
2414 3864 2511 3933 μέν
2538 3863 2646 3934 γάρ
2681 3861 2740 3926 ἐξ
2781 3861 2882 3914 οὐκ
2915 3861 3085 3914 όντων
3111 3859 3262 3912 οὐδὲν
3289 3857 3518 3924 γίνεται,
3560 3851 3700 3934 πάνξ

2123 3963 2215 4007 τες
2241 3943 2376 4016 ὁμοῦ
2407 3931 2592 4014 σχεδὸν
2616 3931 2771 3996 εἷπον
2815 3945 2910 3994 καὶ
2952 3941 3218 4010 ἔγραψαν,
3255 3938 3351 3991 καὶ
3377 3931 3703 4016 οὕτω-’μετά

2126 4009 2330 4094 πολλῆς
2364 4009 2473 4092 τῆς
2520 4021 2771 4090 σπουδῆς.
2823 4021 2911 4072 Ἐν
2950 4009 3064 4080 τοῖς
3105 4017 3328 4078 ἀτόποις
3370 4009 3463 4066 οὖν
3503 4011 3704 4094 ’ήλασεν

2129 4089 2326 4170 αὐτοὺς
2358 4107 2386 4159 ὁ
2423 4089 2666 4168 διάϐολος
2699 4089 2717 4136 έ
2749 4105 2808 4158 ὲν
2845 4103 2903 4157 δὲ
2926 4104 3038 4165 τοῖς
3070 4099 3362 4170 χρησίμοις
3397 4097 3454 4148 ἐν
3482 4089 3561 4156 οἷς
3589 4092 3703 4145 ἐδο-

2131 4191 2226 4254 ξαν
2270 4190 2370 4242 κᾶν
2402 4191 2459 4242 ἐν
2489 4187 2779 4257 αίνίγματί
2801 4205 2850 4239 τι
2872 4184 2981 4237 τῶν
3021 4172 3368 4257 ζητουμένων
3409 4175 3704 4257 εὑρίσκειν,

2130 4253 2188 4321 ἐν
2215 4268 2425 4330 τούτοις
2453 4253 2678 4327 ἑαυτοῦ-ς
2702 4265 3046 4333 ἐπολέμησαν
3072 4276 3085 4289 ·
3121 4254 3252 4323 οἷον,
3275 4257 3356 4310 ὅτι
3387 4253 3706 4333 ἀθάνατοςῄ

2129 4347 2294 4418 ψυχὴ,
2323 4346 2416 4399 καὶ
2444 4347 2524 4399 ὅτι
2549 4346 2581 4415 ἡ
2605 4344 2774 4414 ἀρετὴ
2794 4331 3009 4404 οὐδενὸς
3033 4341 3201 4392 δεῖται
3233 4335 3341 4389 τῶν
3370 4331 3586 4418 ἔξωθεν,
3611 4332 3708 4418 καὶ

2131 4413 2340 4485 δτι-ὀὑκ
2360 4413 2602 4500 ἀνάγκη-ς
2634 4413 2942 4499 οὕδὲεὶμαρ
2951 4425 3112 4497 μένης
3132 4423 3190 4476 τὸ
3211 4419 3461 4491 γενέσθαι
3487 4413 3720 4478 καλοὺς,

2131 4514 2165 4585 ἢ
2198 4513 2272 4585 μὴ
2300 4511 2592 4575 τοιούτους.

2203 4623 2264 4670 ε’.
2279 4611 2430 4680 Εἶδες
2449 4614 2542 4666 τοῦ
2554 4613 2794 4666 διαϐόλου
2808 4608 3142 4680 κακουργίαν
3163 4624 3178 4672 ;
3203 4607 3267 4660 Εἴ
3283 4623 3387 4658 που
3399 4623 3450 4658 τι
3462 4604 3710 4674 διεφθαρ-

2138 4700 2300 4770 μένον
2321 4694 2459 4751 εἷδεν
2488 4698 2756 4761 εἰπόντας,
2780 4695 3071 4764 ὁμονοῆσαι
3100 4691 3306 4752 πάντας
3335 4688 3588 4758 ἐποίησεν
3616 4703 3629 4718 ·
3660 4687 3725 4739 εἰ,

2136 4767 2242 4835 που
2273 4781 2328 4834 δέ
2362 4798 2414 4835 τι
2464 4781 2614 4848 ὑγιὲς
2647 4777 3050 4847 φθεγξαμένους
3074 4813 3088 4836 ,
3127 4769 3496 4841 ἐτέρους’κατ’
3531 4767 3722 4820 αὐτῶν.

2139 4864 2252 4938 [57]
2287 4863 2588 4934 διήγειρεν·
2636 4860 2778 4914 ὥστε
2825 4859 2958 4938 μήτε
3017 4855 3084 4907 τά
3122 4854 3300 4907 ἄτοπα
3338 4853 3611 4938 ἐκπεσεῖνξ
3641 4852 3722 4918 τῇ,

2140 4931 2428 5018 συμφωνίᾳ
2462 4931 2839 5014 βεϐαιούμενα,
2883 4931 2976 4992 κάι
3013 4937 3076 4991 τὰ
3114 4939 3362 5009 χρήσιμα
3389 4933 3709 5018 διαρρυῆναι

2139 5015 2413 5092 ποικίλως
2439 5027 2740 5097 βαλλόμενα
2757 5035 2805 5077 ε.
2838 5023 2980 5092 Ὅρα
3018 5023 3134 5084 πῶς
3160 5018 3432 5087 πανταχοῦ
3461 5019 3649 5076 ἄτονος
3668 5015 3710 5097 ,ἡ

2138 5112 2308 5182 ψυχὴ,
2334 5095 2547 5164 καὶούκ
2578 5109 2734 5175 ἀρκεῖ
2760 5108 2948 5177 ἑαυτῇ.
2984 5104 3092 5158 Καὶ
3121 5103 3278 5156 τοῦτο
3305 5103 3528 5158 εἰκότως
3549 5095 3709 5182 γεγέ-

2142 5176 2320 5266 νηται.
2359 5194 2421 5248 Εἰ
2471 5191 2578 5263 γάρ
2608 5189 2830 5255 τοιαύτη
2874 5190 3124 5256 γεγονυῖα
3161 5176 3714 5266 φιλονεικεῖ-μηδενὸς

2143 5258 2330 5353 χρείαν
2367 5258 2558 5348 ἔχειν,⁷
2592 5273 2688 5328 καὶ
2735 5274 2936 5342 ἀπάγει
2979 5267 3308 5353 ἑαυτην-τοῦ
3359 5261 3514 5353 Θεοῦ,
3551 5261 3597 5311 εἰ

2141 5341 2367 5432 τοιαύτη
2396 5341 2710 5429 έγεγένητο,
2737 5357 2837 5411 ποῦ
2867 5355 2964 5407 οὐκ
2992 5353 3056 5406 ἂν
3086 5349 3339 5434 έξιῦλισθε
3371 5347 3602 5434 μανίαςς

2144 5426 2384 5503 λαϐοῦσα
2414 5426 2571 5513 σῶμα
2603 5426 2813 5510 θνητὸν,
2843 5435 2948 5490 ἀπὸ
2990 5430 3218 5503 ψευδοῦς
3250 5426 3590 5513 ὑποσχέσεως
3621 5426 3717 5513 τοῦ

2146 5528 2392 5584 διαϐόλου
2419 5507 2782 5596 προσεδόκησε
2804 5517 2982 5587 πολλῷ
3009 5514 3230 5587 μείζονα
3251 5528 3262 5542 ·
3302 5512 3560 5566 Ἕσεσθε
3585 5507 3718 5578 γὰρ,

2215 5762 2241 5798 ιι
2271 5759 2349 5805 Sic
2371 5757 2570 5815 Bogius.
2590 5755 2714 5802 Iidiu
2743 5749 3130 5815 ιρι-ο,λ.ογισμοῖ;
3150 5747 3411 5808 τῆςψνκῆς,
3438 5747 3720 5804 [νετρθτθίπι

2158 5825 2175 5853 ε
2209 5819 2464 5884 Lugcbalur
2492 5818 2735 5878 νοούμενα.
