4100 6214
338 297 411 356 σι

340 442 476 496 tiam
498 424 818 489 incidisset?
835 422 891 479 Si
915 435 1036 478 cum
1056 413 1283 474 mortale
1301 424 1497 481 corpus
1519 404 1832 478 accepisset,
1861 417 1926 459 ex

340 494 481 584 falsa
506 520 702 581 diaboli
734 513 1089 589 promissione
1126 506 1295 563 multo
1332 503 1533 572 majora
1565 494 1928 589 exspectavit;

340 618 511 674 Eritis
534 613 698 676 enim,
727 587 917 677 inquit,
946 603 1073 658 sicut
1099 599 1170 653 dii
1195 595 1344 669 (ceu.
1369 593 1423 650 δ.
1446 593 1540 663 5);
1568 589 1613 646 si
1644 587 1745 644 ιιοε
1768 587 1928 677 etiam

340 709 415 764 ab
446 704 597 761 initio
624 675 922 768 accepisset
965 686 1292 751 immortale,
1320 697 1425 755 quo
1460 696 1567 736 non
1606 686 1750 735 esset
1780 675 1930 731 dela-

345 815 443 871 psa
458 797 483 851 ?
500 796 632 852 Nam
659 792 820 847 etiam
851 794 967 858 post
1001 780 1130 839 illud
1155 795 1215 836 se
1240 776 1672 871 ingenitam-esse
1694 768 1865 871 dixit,
1878 774 1933 822 et

345 858 412 948 ex
443 885 677 944 essentia
711 881 831 947 Dei,
858 893 954 949 per
984 871 1250 946 putridum
1276 881 1339 923 os
1365 863 1796 922 Manichaaorum.
1824 858 1929 913 0c-

346 980 565 1038 casione
585 976 747 1031 etiam
770 970 929 1039 hujus
948 964 1121 1022 morbi
1143 959 1388 1018 diabolus
1407 956 1538 1012 deos
1556 951 1697 1025 apud
1716 950 1932 1008 Grzecos

345 1072 575 1132 efﬂuxit.
606 1067 733 1123 Ideo
760 1063 969 1120 videtur
1009 1056 1140 1115 mihi
1171 1055 1311 1110 Deus
1338 1049 1656 1107 laboriosam
1682 1044 1929 1100 virtutem

344 1166 566 1228 fecisse,
593 1161 822 1216 animam
848 1154 1126 1211 inflectens
1149 1156 1206 1205 et
1228 1145 1496 1202 deducens
1520 1139 1587 1196 ad
1614 1135 1933 1194 moderatio-

344 1272 499 1314 nem.
518 1254 587 1311 Ut
598 1260 775 1307 autem
790 1248 966 1303 discas
986 1244 1089 1298 hoc
1104 1253 1224 1297 esse
1238 1251 1443 1303 verum,
1458 1242 1514 1289 ut
1532 1232 1651 1304 quis
1664 1245 1731 1285 ex
1756 1228 1931 1300 parvis

345 1360 603 1418 magnum
631 1339 899 1410 conjiciat,
930 1335 1157 1405 idipsum
1182 1329 1450 1385 discamus
1473 1338 1540 1380 ex
1570 1318 1843 1418 Israelitis.
1868 1316 1931 1372 Hi

343 1408 494 1493 enim
525 1450 646 1490 cum
674 1408 833 1488 vitam
860 1434 1079 1498 agerent
1103 1436 1209 1477 non
1238 1417 1579 1480 laboriosam,
1603 1421 1657 1469 et
1679 1411 1732 1465 in
1756 1408 1933 1480 quiete

344 1530 642 1599 degerent:
675 1522 981 1579 felicitatem
1007 1516 1150 1571 illam
1183 1527 1287 1567 non
1323 1510 1573 1572 ferentes,
1602 1504 1654 1559 in
1667 1501 1936 1599 impie-ta-

348 1591 459 1676 tem
484 1625 611 1671 sunt
639 1611 863 1684 delapsi.
891 1607 1028 1677 Quid
1059 1620 1185 1675 ergo
1218 1603 1358 1658 Deus
1385 1595 1612 1670 postea?
1636 1592 1834 1684 Multas
1855 1591 1934 1645 in-

347 1712 472 1769 tulit
494 1710 661 1779 leges,
692 1680 906 1759 illorum
933 1710 1120 1754 arcens
1143 1693 1431 1750 licentiam.
1454 1688 1522 1743 Et
1546 1696 1605 1743 ut
1625 1684 1799 1741 discas
1821 1680 1934 1738 hzec

349 1776 636 1872 legalia'ad
670 1796 919 1850 virtutem
950 1803 1056 1845 non
1083 1785 1347 1847 conferre,
1376 1779 1469 1837 sed
1500 1794 1595 1851 pro
1624 1776 1775 1832 freno
1802 1789 1937 1872 quo.

350 1864 495 1962 piam
522 1888 641 1942 data
670 1886 854 1946 fuisse,
883 1896 1003 1953 qua:
1037 1877 1130 1933 otii
1155 1874 1490 1930 occasionem
1518 1868 1785 1934 tollerent,
1810 1864 1933 1921 andi

349 1980 479 2051 quid
506 1978 573 2033 de
604 1977 709 2032 illis
731 1975 873 2030 dicat
908 1970 1206 2042 propheta:
1233 1964 1366 2020 Dedi
1406 1963 1509 2018 illis
1550 1969 1800 2051 prweepm
1833 1974 1935 2051 non

351 2047 485 2127 ὁοηα
511 2070 722 2142 (Emit.
747 2067 840 2123 eo.
866 2064 982 2135 9.5).
1011 2059 1149 2128 Quid
1176 2058 1277 2113 sibi
1304 2055 1417 2111 vult
1442 2052 1599 2117 illud,
1615 2050 1735 2105 Non
1760 2049 1889 2142 aqua
1912 2047 1936 2101 .9

349 2162 493 2217 Nihil
522 2139 771 2230 magnum
798 2155 865 2211 ad
895 2155 1139 2208 virtutem
1168 2146 1496 2205 conferentia
1525 2162 1540 2199 :
1568 2142 1688 2197 ideo
1711 2139 1937 2210 subjun-

350 2253 429 2324 εῑι
455 2270 472 2307 :
496 2248 894 2319 Justiﬁcationes
921 2246 975 2299 in
1012 2242 1192 2313 quibus
1221 2256 1321 2293 non
1354 2238 1536 2291 vivent.
1568 2233 1814 2288 Animalis
1838 2247 1933 2283 auo

351 2322 451 2398 lem
490 2343 640 2396 homo
685 2354 786 2394 non
830 2336 1042 2409 percipit
1086 2349 1146 2388 ea
1187 2347 1300 2401 qua
1337 2338 1453 2384 sunt
1484 2326 1729 2396 Spiritus.
1758 2322 1931 2379 lure:

350 2430 800 2504 quemadmodum
826 2428 971 2484 enim
995 2425 1079 2479 his
1100 2423 1268 2480 oculis
1289 2436 1448 2475 nemo
1467 2415 1711 2472 didicerit
1730 2429 1790 2471 ea
1816 2429 1937 2485 qua:

350 2525 404 2579 in
432 2523 585 2578 caelis
613 2529 771 2585 sunt,
800 2519 879 2573 sic
909 2530 1006 2572 nec
1032 2515 1208 2570 anima
1237 2513 1349 2568 sola
1378 2526 1439 2565 ea
1469 2522 1587 2579 quae
1615 2514 1741 2562 sunt
1768 2503 1939 2575 Spiri-

352 2626 458 2671 tus.
494 2615 564 2668 Et
590 2612 714 2683 quid
753 2611 874 2665 dico
911 2624 974 2663 ea
1012 2621 1133 2677 qua:
1160 2605 1212 2659 in
1241 2601 1433 2659 cmlis?
1458 2599 1641 2670 Neque
1669 2614 1731 2654 ea
1758 2596 1936 2652 omnia

348 2723 473 2778 qua:
496 2707 550 2759 in
574 2714 733 2759 terra.
762 2702 892 2757 Nam
921 2699 1104 2772 procul
1132 2696 1371 2753 videntes
1393 2694 1579 2750 turritn
1602 2690 1934 2763 quadratam,

350 2796 639 2853 rotundam
680 2810 797 2850 eam
836 2807 959 2849 esse
1002 2800 1250 2861 putamus
1278 2806 1292 2842 :
1320 2796 1401 2843 est
1438 2794 1617 2841 autem
1660 2782 1937 2839 oculorum

350 2890 599 2959 deeeptio
620 2888 742 2943 talis
764 2886 964 2958 opinio.
996 2884 1071 2940 Ita
1098 2884 1258 2939 etiam
1282 2878 1497 2952 quando
1522 2893 1609 2935 res
1640 2876 1820 2948 procul
1844 2891 1937 2947 po.

352 2981 481 3034 sitas
509 2995 606 3049 per
633 2986 869 3034 mentem
904 2973 1219 3045 solamquis
1247 2971 1552 3035 examinat,
1578 2968 1777 3024 multus
1803 2982 1937 3022 con-

350 3079 611 3140 sequetur
640 3068 803 3124 risus.
843 3065 960 3121 Non
996 3065 1169 3120 solum
1201 3063 1346 3119 enim
1374 3060 1549 3132 qualia
1574 3059 1666 3115 illa
1700 3058 1808 3114 sint
1831 3073 1938 3113 non

351 3159 574 3226 videbit,
607 3157 705 3214 sed
732 3157 895 3214 etiam
921 3153 1189 3212 contraria
1212 3153 1279 3210 iis
1304 3167 1423 3209 esse
1447 3150 1686 3222 putabit:
1714 3148 1940 3221 ideoque

352 3250 629 3321 subjunxit
658 3265 675 3303 :
706 3248 941 3304 Stultitia
968 3247 1103 3303 enim
1134 3254 1206 3302 est
1231 3244 1329 3299 illi.
1369 3244 1483 3299 Hoc
1518 3252 1695 3299 autem
1736 3256 1844 3296 non
1872 3256 1941 3297 ex

353 3345 430 3399 rei
458 3352 651 3397 natura
680 3341 943 3411 provenit,
969 3338 1063 3395 sed
1088 3353 1156 3395 ex
1176 3336 1539 3393 imbecillitate
1564 3335 1701 3405 ejus,
1721 3332 1811 3405 qui
1834 3347 1940 3389 non

355 3442 536 3504 potest
559 3446 743 3487 eorum
769 3429 1187 3502 magnitudinem
1219 3444 1314 3499 per
1347 3426 1530 3482 oculos
1558 3424 1753 3481 anima:
1776 3424 1941 3480 attin~

357 3539 506 3595 gere.
534 3522 734 3579 Deinde
752 3522 868 3592 ejus
888 3521 965 3577 rei
984 3534 1201 3576 causam
1220 3534 1287 3575 ex
1309 3517 1536 3574 adverso
1558 3516 1705 3586 ponit
1722 3515 1941 3571 dicens:

363 3615 497 3684 Quia
534 3630 640 3668 non
673 3614 810 3668 novit
850 3612 986 3684 quod
1027 3609 1359 3681 spiritualiter
1391 3610 1722 3664 examinetur.
1750 3604 1806 3662 Id
1830 3614 1942 3675 est,

360 3707 503 3779 quod
531 3723 597 3763 ea
623 3723 742 3779 qua:
768 3705 1039 3774 dicuntur,
1064 3704 1169 3759 ﬁde
1206 3702 1498 3773 indigeant,
1528 3716 1628 3757 nec
1652 3700 1947 3757 rationibus

360 3799 745 3872 comprehendi
769 3799 973 3871 possint
996 3814 1009 3850 :
1037 3811 1221 3853 eorum
1250 3794 1445 3865 quippe
1469 3792 1775 3864 magnitudo
1798 3807 1949 3848 men—

365 3896 432 3949 tis
460 3902 660 3948 nostrae
686 3891 939 3946 vilitatem
965 3888 1124 3959 longo
1149 3887 1322 3957 spatio
1347 3894 1583 3955 superat.
1610 3884 1951 3954 Quapropter

364 3984 476 4040 ait:
506 3986 592 4040 l5.
626 3983 924 4055 Spiritualis
961 3990 1126 4035 autem
1144 3980 1347 4050 judicat
1371 3978 1538 4032 omnia
1559 3992 1581 4041 ,°
1602 3976 1710 4047 ipse
1732 3984 1898 4029 autem
1918 3990 1952 4028 α

368 4078 565 4130 nemine
588 4074 874 4147 judicatur.
903 4071 1036 4128 Nam
1064 4070 1153 4142 qui
1180 4069 1359 4135 videt,
1386 4067 1566 4123 omnia
1596 4066 1808 4136 quidem
1836 4066 1953 4136 ipse

366 4169 533 4236 videt,
556 4167 717 4223 etiam
740 4180 805 4221 ea
830 4180 950 4235 qua:
977 4162 1042 4219 ad
1070 4177 1179 4217 non
1204 4160 1474 4216 videntem
1499 4157 1807 4229 pertinent;
1832 4170 1954 4227 qua:

369 4267 547 4313 autem
574 4258 743 4327 ipsius
765 4295 783 4323 ,
811 4270 969 4311 nemo
995 4270 1100 4309 non
1126 4252 1419 4308 videntium
1447 4249 1658 4320 aspicit.
1687 4247 1762 4303 Ita
1790 4248 1954 4304 etiam

371 4364 510 4405 nunc
527 4389 545 4416 ,
574 4355 759 4403 nostra
786 4344 1003 4417 quidem
1029 4353 1083 4399 et
1110 4358 1174 4398 ea
1201 4357 1320 4413 qua:
1359 4340 1650 4397 inﬁdelium
1685 4346 1810 4394 sunt
1835 4352 1955 4393 om-

371 4442 457 4497 nia
480 4455 582 4496 nos
610 4440 811 4495 scimus
833 4475 850 4505 ,
882 4445 1064 4491 nostra
1090 4443 1269 4490 autem
1299 4432 1373 4487 illi
1415 4445 1522 4487 non
1564 4430 1714 4486 item.
1743 4427 1956 4485 Etenim

371 4535 569 4590 scimus
596 4547 716 4604 qua:
739 4530 809 4585 sit
839 4529 1180 4600 praesentium
1212 4542 1389 4582 rerum
1416 4533 1627 4591 natura,
1648 4537 1768 4593 qua:
1789 4523 1860 4577 sit
1878 4520 1960 4576 fu-

374 4635 616 4681 turorum
655 4622 888 4694 dignitas
908 4662 922 4685 ,
954 4619 1078 4691 quid
1119 4617 1351 4674 mundus
1379 4626 1498 4688 post
1525 4614 1641 4670 hinc
1668 4613 1957 4681 efﬁcietur,

374 4730 428 4774 et
454 4719 583 4789 quid
622 4719 892 4789 patientur
931 4723 1279 4785 peccatores,
1309 4711 1502 4783 quibus
1546 4725 1674 4766 vero
1720 4708 1962 4764 fruentur

373 4810 519 4881 justi,
541 4819 600 4866 et
623 4809 767 4881 quod
794 4806 993 4864 nullius
1023 4805 1176 4878 pretii
1198 4805 1305 4860 sint
1329 4819 1415 4860 res
1440 4810 1753 4873 przesentes,
1781 4810 1835 4856 et
1858 4800 1962 4856 sci-

379 4912 497 4957 mus
515 4944 532 4970 ,
564 4912 621 4957 et
645 4901 856 4956 illorum
884 4899 1142 4954 vilitatem
1182 4896 1453 4967 arguimns
1476 4892 1791 4967 (dijudicare
1817 4890 1962 4947 enim

379 5004 464 5048 est
491 4993 746 5063 arguere)
773 5009 789 5059 ;
818 5002 874 5048 et
909 4990 1052 5062 quod
1090 4989 1265 5044 futura
1294 4987 1402 5042 sint
1431 4984 1751 5041 immortalia
1775 4991 1829 5039 et
1856 4982 1962 5037 im-

383 5085 625 5140 nmbilia.
649 5084 772 5139 litec
798 5083 977 5138 omnia
1003 5081 1149 5136 novit
1172 5077 1485 5151 spiritualis,
1505 5085 1560 5134 et
1585 5076 1710 5149 quid
1736 5076 1968 5147 patietur

381 5174 637 5230 animalis
675 5188 789 5230 cum
828 5174 960 5229 illuc
1001 5172 1277 5243 migrarit,
1308 5180 1364 5225 et
1412 5182 1643 5241 quonam
1670 5167 1877 5224 fruetur
1904 5165 1967 5224 ti-

381 5266 523 5323 delis
546 5281 665 5322 cum
686 5266 810 5322 hinc
827 5265 1176 5332 abscesserit,
1202 5278 1427 5335 quarum
1458 5276 1637 5318 rerum
1660 5261 1794 5318 nihil
1820 5262 1970 5319 novit

382 5360 650 5416 animalis.
691 5360 1049 5429 Quamobrem
1082 5357 1282 5413 claram
1321 5355 1585 5412 dictorum
1626 5354 1967 5429 demonstra-

386 5454 584 5508 tionem
622 5428 953 5523 subjungens
995 5449 1208 5505 dicebat
1236 5464 1251 5503 :
1280 5447 1368 5503 16.
1407 5446 1532 5512 Quis
1568 5447 1703 5501 enim
1739 5428 1970 5517 cognovit

389 5560 584 5598 sensum
613 5541 860 5609 Domini,
890 5540 975 5612 qui
1000 5540 1210 5595 instruet
1237 5539 1393 5595 eunt?
1424 5534 1533 5592 Nos
1560 5546 1730 5592 autem
1755 5544 1970 5592 mentem
2001 5541 2027 5563 ⁸

602 5634 870 5690 habemus.
903 5632 959 5688 Id
981 5641 1084 5697 est,
1114 5647 1177 5688 ea
1201 5647 1321 5702 quae
1347 5630 1399 5686 in
1425 5637 1607 5688 mente
1628 5629 1822 5687 Christi
1848 5637 1975 5686 sunt

393 5745 488 5787 nos
522 5730 765 5798 scimus,
793 5742 999 5787 necnon
1037 5742 1101 5783 ea
1137 5740 1257 5797 qua:
1300 5725 1414 5802 ipse
1449 5724 1563 5782 vult
1601 5735 1655 5784 ct
1693 5726 1968 5785 revelavit.

1409 266 1476 327 is
1515 266 1781 326 EPISTJ
1843 265 1938 325 so
1970 263 2128 325 con.
2170 261 2398 323 llOMlL.
2437 260 2557 325 vn.
3555 298 3626 354 σε

2035 399 2168 468 Quia
2198 403 2339 458 enim
2369 404 2504 462 dixit
2545 408 2798 479 Spiritum
2830 414 3126 487 revelasse;
3161 437 3229 477 ne
3265 426 3384 494 quis
3424 427 3617 489 Filium

2036 494 2281 562 repellat,
2308 496 2602 567 subiunxit,
2629 500 2788 557 etiam
2810 500 3079 565 Christum
3110 509 3225 570 lucc
3252 515 3409 572 nobis
3438 530 3618 576 osten-

2036 582 2181 640 disse
2208 601 2225 639 :
2252 602 2356 641 non
2400 586 2503 643 hoc
2544 589 2762 659 dicens,
2793 609 2891 650 nos
2931 600 3110 656 omnia
3150 619 3270 673 qua:
3314 606 3428 676 ipse
3473 613 3620 664 novit

2035 678 2211 767 seire;
2239 676 2332 733 sed
2363 680 2538 734 omnia
2566 697 2686 752 qua:
2723 688 2923 742 scimus
2964 705 3069 744 non
3102 691 3329 751 humana
3368 713 3489 755 esse
3512 742 3527 767 ,
3561 709 3622 756 ut

2034 766 2142 820 sint
2170 777 2438 837 suspecta,
2461 771 2555 827 sed
2586 775 2780 830 mentis
2807 776 2948 834 illius
2973 789 3027 835 et
3050 785 3363 852 spiritualia.

2104 858 2157 912 6.
2188 856 2417 914 Mentem
2445 862 2588 918 enim
2615 879 2773 936 quam
2801 868 2869 927 de
2908 869 2991 928 his
3017 872 3307 947 habemus,
3335 889 3393 935 ut
3418 882 3616 941 Christi

2033 960 2266 1005 mentem
2295 950 2586 1022 habemus;
2609 956 2661 1013 id
2682 968 2785 1027 est,
2808 965 3165 1035 cognitionem
3190 984 3347 1039 quam
3367 971 3436 1029 de
3456 974 3617 1032 rebus

2035 1040 2156 1097 ﬁdei
2202 1042 2460 1101 babemtts
2484 1087 2499 1113 ,
2537 1049 2865 1118 spiritualem
2904 1054 3199 1125 habemus;
3239 1060 3309 1117 ita
3345 1072 3401 1118 ιιι
3432 1064 3557 1133 jure
3583 1081 3616 1124 a

2034 1134 2247 1190 nemine
2273 1136 2643 1207 dijudicemur.
2666 1141 2850 1214 Neque
2878 1148 3021 1204 enim
3049 1159 3225 1220 potest
3250 1155 3493 1213 animalis
3519 1158 3620 1215 bo-

2035 1238 2125 1324 nio
2152 1225 2328 1281 divina
2357 1243 2701 1299 cognoscere.
2727 1232 2851 1291 Ideo
2871 1238 3100 1308 dicebat,
3134 1243 3259 1311 Quis
3279 1247 3411 1303 enim
3430 1267 3619 1324 cogno-

2138 1328 2351 1374 mentem
2381 1319 2625 1379 Domini?
2651 1336 2883 1384 mentem
2911 1341 3147 1390 nostram
3177 1337 3314 1392 circa
3348 1356 3433 1397 res
3462 1317 3613 1413 istas,

2034 1406 2175 1461 illius
2198 1422 2321 1503 esse
2349 1420 2582 1468 mentem
2607 1412 2811 1473 dicens.
2845 1419 2910 1474 Et
2938 1420 3087 1488 illud,
3117 1424 3215 1490 Qui
3240 1427 3451 1484 imlrttel
3476 1406 3613 1503 eum,

2035 1513 2139 1593 non
2170 1499 2287 1593 sine
2315 1517 2473 1557 causa
2500 1504 2712 1575 adjecit,
2741 1508 2835 1564 sed
2863 1512 3153 1583 respiciens
3177 1518 3243 1571 ad
3270 1519 3323 1575 id
3343 1522 3481 1591 quod
3504 1499 3618 1593 jam

2034 1587 2187 1658 dixit,
2211 1591 2542 1662 Spiritualem
2564 1614 2707 1653 nemo
2728 1600 2993 1671 dijudicat.
3015 1604 3071 1661 Si
3092 1608 3234 1665 enim
3259 1587 3417 1669 nemo
3444 1587 3618 1685 potest

2035 1694 2195 1737 nosse
2223 1693 2454 1740 mentem
2486 1686 2715 1756 Domini,
2743 1692 2912 1748 multo
2940 1696 3118 1753 minus
3143 1709 3316 1769 potest
3342 1703 3490 1760 illum
3520 1706 3618 1762 do-

2034 1785 2158 1828 cere
2183 1780 2238 1828 et
2261 1776 2531 1846 corrigere
2561 1797 2576 1833 :
2607 1778 2708 1836 hoc
2736 1783 2875 1839 enim
2915 1785 3018 1842 sibi
3057 1790 3167 1845 vult
3197 1791 3325 1849 illud
3346 1836 3360 1860 ,
3396 1794 3494 1862 Qui
3532 1799 3617 1853 in-

2033 1874 2190 1961 struet
2212 1882 2343 1922 eunt.
2374 1868 2561 1926 Viden‘
2586 1875 2857 1943 quomodo
2884 1879 3118 1952 undique
3152 1886 3373 1956 repellat
3399 1891 3617 1961 sapien-

2037 1957 2163 2011 tiam
2193 1968 2469 2015 externam
2488 2003 2502 2027 ,
2533 1972 2588 2019 et
2616 1965 2944 2035 spiritualem
2977 1973 3127 2041 plura
3156 1985 3210 2031 et
3245 1981 3447 2049 majora
3462 1957 3618 2041 iscire

2035 2049 2321 2144 ostendat?
2343 2052 2476 2144 Quia
2506 2054 2650 2109 enim
2679 2071 2857 2114 causa:
2884 2059 2990 2116 illae
3012 2063 3250 2135 (nempe,
3281 2066 3349 2124 Ut
3378 2088 3479 2127 non
3505 2074 3619 2144 glo-

2035 2138 2190 2231 rietur
2213 2142 2375 2195 omnis
2402 2158 2563 2210 caro;
2590 2155 2644 2201 et
2670 2148 2810 2218 quod
2842 2148 2966 2207 ideo
2996 2152 3169 2211 Stulra
3199 2157 3377 2231 elegit,
3409 2174 3463 2218 ut
3490 2138 3619 2220 con-

2036 2230 2269 2327 j'undcret
2296 2234 2583 2303 sapientes;
2611 2247 2686 2301 et,
2718 2237 2784 2293 Ut
2810 2256 2911 2296 non
2939 2257 3203 2302 evacuetur
3229 2230 3357 2306 crux
3382 2253 3615 2327 Christi),

2037 2323 2339 2380 inﬁdelibus
2365 2344 2468 2382 non
2500 2329 2787 2387 admodum
2824 2332 2928 2391 ﬁde
2952 2336 3127 2407 digna:
3156 2357 3329 2413 neque
3358 2323 3616 2404 induceti-

2039 2425 2137 2476 tcs.
2172 2417 2254 2471 vel
2286 2420 2605 2477 necessaria:
2628 2429 2685 2478 et
2711 2424 2865 2481 utiles
2896 2426 3210 2487 videbantur
3235 2449 3377 2503 esse,
3399 2436 3618 2497 demum

2036 2505 2256 2574 apponit
2296 2507 2589 2579 principem
2625 2527 2876 2581 causam;
2906 2516 3030 2586 quia
3069 2518 3171 2575 hoc
3200 2525 3430 2581 maxime
3458 2529 3620 2585 modo

2040 2595 2222 2651 videre
2257 2612 2541 2667 possumus
2560 2644 2574 2667 ,
2605 2617 2670 2658 ex
2700 2618 2807 2674 quo
2842 2606 3088 2663 sublimia
3118 2620 3175 2667 et
3199 2628 3393 2671 arcana
3420 2629 3470 2673 et
3499 2636 3620 2691 qua:

2036 2703 2195 2758 supra
2226 2705 2322 2743 nos
2350 2701 2472 2746 sunt
2497 2693 2638 2749 scire
2665 2696 2951 2765 possimus.
2982 2698 3114 2756 Nam
3147 2706 3504 2764 evacuabatur
3531 2727 3619 2767 ra-

2039 2780 2135 2845 tio,
2164 2781 2306 2851 quod
2331 2797 2417 2848 ea,
2449 2799 2567 2853 quas
2597 2801 2758 2856 supra
2787 2803 2885 2844 nos
2912 2800 3058 2860 sunt,
3088 2808 3186 2863 per
3225 2804 3499 2853 externam
3529 2815 3619 2856 sa-

2040 2873 2294 2942 pientiam
2321 2876 2778 2946 comprehendere
2806 2896 2910 2936 non
2942 2897 3240 2952 possemus.
3275 2887 3458 2944 Viden’
3477 2893 3621 2963 quod

2037 2965 2115 3019 sic
2160 2966 2329 3036 magis
2366 2967 2680 3025 conferebat
2720 2971 2962 3030 ediscere
3001 2990 3033 3031 a
3073 2976 3320 3047 Spiritu?
3360 2990 3442 3035 est
3477 2985 3620 3039 enim

2043 3055 2161 3111 lucc
2196 3055 2439 3112 doctrina
2482 3069 2536 3116 et
2573 3059 2821 3118 facillima
2860 3072 2914 3120 et
2948 3065 3265 3126 clarissima.
3308 3068 3420 3127 Nos
3455 3084 3623 3130 autem

2038 3160 2252 3205 mentem
2281 3150 2469 3206 Christi
2495 3150 2750 3211 habemus.
2794 3155 2904 3212 Hoc
2941 3167 3057 3226 est,
3088 3160 3420 3230 spiritualem
3440 3205 3455 3229 ,
3485 3164 3623 3221 divi-

2047 3258 2167 3297 nam
2191 3282 2207 3310 ,
2240 3242 2528 3299 humanum
2558 3246 2688 3301 nihil
2729 3246 3038 3307 habentem.
3069 3250 3185 3308 Non
3215 3255 3359 3311 enim
3388 3255 3625 3314 Platonis

2042 3349 2141 3390 nec
2167 3335 2480 3407 Pythagorae
2502 3351 2681 3406 sensa,
2706 3338 2801 3395 sed
2828 3339 3074 3399 Christus
3101 3358 3199 3399 sua
3228 3348 3395 3402 menti
3426 3359 3626 3407 nostrae

2042 3427 2251 3483 indidit.
2280 3426 2403 3483 Ideo
2423 3427 2582 3499 igitur
2606 3429 2808 3499 pudore
2826 3430 3142 3502 afﬁciantur,
3165 3434 3365 3504 dilecti,
3389 3446 3444 3493 et
3465 3439 3624 3495 vitam

2042 3519 2395 3576 exhibeamus
2421 3522 2676 3592 optimam
2707 3540 2719 3576 :
2748 3525 2963 3595 quando
2986 3536 3041 3583 et
3071 3527 3185 3598 ipse
3217 3528 3321 3584 hoc
3349 3530 3473 3587 facit
3515 3550 3631 3588 ma-

2044 3627 2161 3683 gna:
2182 3612 2431 3667 amicitiai
2454 3622 2848 3685 argumentum,
2870 3632 2995 3673 cum
3015 3618 3168 3674 nobis
3187 3634 3379 3675 arcana
3404 3624 3627 3688 revelat,

2044 3703 2231 3760 dicens
2264 3723 2279 3760 :
2313 3704 2434 3760 Non
2471 3707 2585 3778 jam
2621 3723 2708 3762 vos
2743 3709 2911 3763 dicant
2949 3726 3117 3765 servos
3142 3726 3163 3765 :
3188 3714 3359 3767 omnes
3384 3713 3514 3768 enim
3545 3732 3632 3770 eos

2046 3798 2199 3852 amici
2236 3799 2333 3853 mei
2360 3798 2477 3852 estis
2503 3814 2523 3852 :
2556 3798 2675 3870 quia
2704 3800 2875 3854 omnia
2907 3817 3025 3871 qua:
3058 3802 3232 3856 audivi
3266 3820 3297 3856 a
3335 3802 3495 3859 Patre
3523 3822 3632 3860 meo

2047 3888 2343 3942 annimtiavi
2368 3888 2504 3943 vobis
2531 3890 2727 3958 (Joan.
2770 3892 2857 3945 15.
2891 3892 3032 3963 15);
3066 3892 3116 3947 id
3146 3902 3249 3962 est,
3282 3909 3401 3948 cum
3444 3895 3632 3951 fiducia

2051 3977 2243 4034 tradidi
2270 3978 2440 4033 vobis.
2476 3978 2532 4034 Si
2557 3988 2735 4035 autem
2768 3980 2870 4037 hoc
2896 3983 3070 4037 solum
3097 3992 3179 4038 est
3204 3984 3452 4039 amicitia:
3478 4000 3636 4055 argn-

2052 4080 2290 4128 mentum
2308 4114 2325 4141 ,
2355 4070 2552 4139 ﬁdere;
2583 4087 2703 4128 cum
2744 4073 2916 4144 palam
2945 4073 3016 4129 sit
3040 4088 3163 4128 eum
3190 4089 3295 4129 non
3327 4075 3487 4130 modo
3512 4091 3637 4131 cum

2054 4164 2246 4221 fiducia
2269 4165 2549 4221 verborum
2576 4165 2829 4237 mysteria
2861 4164 3165 4233 tradidisse,
3192 4165 3287 4221 sed
3315 4165 3500 4221 eadem
3523 4166 3637 4236 ipsa

2052 4255 2307 4326 operibus
2335 4256 2487 4311 nobis
2515 4255 2759 4327 largitum
2788 4270 2909 4312 esse
2928 4296 2945 4320 ,
2973 4255 3146 4327 cogita
3172 4265 3385 4327 quanta:
3414 4256 3543 4311 illud
3570 4256 3642 4311 sit

2056 4347 2325 4402 amicitiae.
2376 4346 2485 4402 llac
2523 4361 2652 4416 ergo
2690 4346 2757 4402 de
2796 4362 2856 4403 re
2901 4346 3106 4419 pudore
3141 4346 3438 4403 afliciamur
3465 4365 3478 4402 :
3510 4347 3640 4403 etsi

2057 4440 2201 4495 nulla
2228 4439 2382 4495 nobis
2413 4450 2555 4494 tanta
2584 4438 2844 4495 habeatur
2864 4440 3126 4511 gehennae
3156 4439 3332 4507 ratio;
3358 4448 3414 4494 at
3450 4438 3520 4494 sit
3546 4453 3644 4495 no-

2059 4531 2141 4587 bis
2181 4530 2423 4602 gehenna
2462 4530 2785 4598 terribilius,
2816 4532 2957 4601 quod
2999 4546 3126 4601 erga
3160 4530 3296 4587 adeo
3332 4531 3560 4586 amicum
3590 4538 3647 4586 et

2060 4622 2357 4679 beneﬁcum
2381 4622 2570 4693 ingrati
2594 4623 2799 4678 simus:
2822 4638 2997 4693 neque
3020 4630 3078 4677 ut
3101 4623 3414 4679 mercenarii
3440 4622 3643 4689 famuli,

2061 4716 2155 4770 sed
2181 4724 2239 4771 ut
2264 4714 2356 4772 ﬁlii
2384 4722 2439 4771 et
2464 4713 2618 4770 liberi
2639 4714 2817 4770 omnia
2841 4713 3097 4770 faciamus
3120 4722 3340 4784 pr0pter
3359 4714 3647 4767 amicitiam

2063 4803 2272 4872 Patris;
2301 4812 2357 4860 et
2385 4804 2598 4861 tandem
2628 4808 2903 4860 cessemus
2930 4803 3129 4858 mundo
3169 4802 3366 4857 addicti
3406 4817 3528 4858 esse
3547 4844 3564 4871 ,
3592 4812 3651 4858 ut

2062 4895 2223 4950 etiam
2249 4902 2436 4967 gentes
2463 4893 2666 4966 pudore
2688 4892 3001 4948 afﬁciamus.
3027 4891 3160 4946 Nam
3186 4906 3327 4947 nunc
3346 4908 3467 4948 cum
3490 4894 3649 4949 velim

2065 4997 2251 5042 contra
2282 4987 2404 5042 illos
2428 4986 2723 5055 disputare,
2746 4997 2935 5044 renuo.
2965 4998 3034 5038 ne
3058 4982 3186 5038 dum
3209 4982 3328 5039 illos
3354 4983 3657 5041 rationibus

2066 5088 2122 5136 et
2149 5079 2455 5150 dogmatum
2486 5075 2711 5131 veritate
2752 5074 3015 5129 vincimus
3034 5114 3052 5141 ,
3084 5074 3356 5145 ingentem
3392 5075 3546 5130 nobis
3577 5075 3658 5128 ri-

2069 5187 2190 5228 sum
2228 5187 2292 5228 ex
2330 5171 2452 5225 vitae
2490 5167 2889 5238 comparatione
2929 5166 3219 5223 inferamus
3248 5184 3261 5222 :
3290 5167 3505 5238 quando
3548 5166 3654 5225 illi.

2073 5263 2163 5335 qui
2193 5260 2366 5318 errori
2394 5258 2593 5316 addicti
2630 5268 2755 5313 sunt
2777 5300 2793 5325 ,
2821 5266 2876 5313 et
2912 5257 3000 5328 qui
3040 5257 3171 5312 nihil
3196 5254 3501 5327 hujusmodi
3534 5270 3650 5326 per-

2072 5370 2288 5413 suasum
2315 5352 2533 5420 habent,
2554 5350 2905 5422 philosophia:
2924 5348 3054 5404 dant
3078 5362 3331 5418 operam;
3355 5362 3453 5400 nos
3474 5353 3657 5399 autem

2075 5448 2234 5520 plane
2259 5444 2585 5503 contrarium
2618 5441 2861 5499 facimus.
2891 5439 3140 5495 Attamen
3167 5438 3340 5494 dicam
3375 5453 3389 5491 :
3419 5435 3662 5491 fortassis

2074 5540 2219 5597 enim
2242 5579 2257 5605 ,
2289 5536 2531 5594 fortassis
2566 5534 2823 5591 adversus
2866 5531 2988 5588 illos
3029 5544 3265 5602 pugnare
3300 5526 3656 5597 meditantes,

2073 5632 2181 5688 vita
2212 5629 2377 5687 etiam
2417 5626 2521 5683 illis
2561 5625 2809 5681 meliores
2847 5621 2988 5679 efﬁci
3032 5623 3435 5677 contendcmus.
3478 5617 3661 5688 Nuper

2076 5726 2354 5795 dicebam,
2396 5719 2669 5794 apostolos
2707 5732 2772 5776 ea
2811 5731 2931 5790 qua:
2972 5713 3333 5788 praedicarunt
3368 5723 3658 5782 numquam
