4090 6218
429 267 504 325 65
1161 255 1220 315 8.
1249 252 1526 315 JOANNIS
1561 244 2034 310 CHRYSOS'I'OIII
2071 242 2388 301 ARCIIIEP.
2428 241 2960 302 CONSTANTINOP.
3639 249 3708 306 64

425 381 812 455 prmdicaturos
849 375 1012 432 fuisse
1033 415 1049 435 .
1089 372 1190 428 nisi
1222 370 1398 427 divina
1437 372 1688 423 movente
1721 363 1926 435 gratia;
1953 371 2010 420 et

426 491 531 530 non
577 471 738 528 modo
779 469 831 524 id
870 485 975 524 non
1005 464 1339 537 perfecturos
1361 502 1377 528 ,
1406 459 1500 514 sed
1536 473 1708 528 neque
1734 455 1835 512 hac
1859 456 1926 512 de
1953 469 2028 520 re,

423 565 819 621 consultaturos
841 561 1022 614 fuisse.
1044 558 1153 626 Age
1175 568 1322 620 vero,
1347 551 1508 607 hodie
1528 565 1738 622 quoque
1758 565 1875 606 eam
1896 563 2013 604 rem

425 657 777 718 excutiamus,
803 646 1268 715 ostendamusque,
1299 659 1404 697 non
1434 645 1670 712 potuisse
1696 656 1790 696 eos
1818 639 1868 693 id
1895 652 2014 694 sus-

424 747 605 818 cipere
631 744 714 798 vel
740 742 972 808 cogitare
991 779 1005 802 ,
1032 737 1130 791 nisi
1175 734 1444 790 Christum
1467 748 1648 789 secum
1673 731 2010 794 habuissent;

426 855 531 894 non
574 836 695 906 quia
743 830 992 885 imbecilli
1034 829 1294 883 adversus
1334 827 1535 892 fortes;
1562 841 1666 879 non
1695 825 1817 894 quia
1864 821 2014 892 pauci

424 938 608 983 contra
650 923 885 988 mullos;
935 936 1040 975 non
1080 920 1199 990 quia
1246 932 1510 989 pauperes
1551 925 1740 971 contra
1780 915 2012 976 divites;

425 1032 530 1070 non
559 1013 680 1084 quia
710 1012 906 1066 indocti
932 1019 1115 1065 contra
1144 1011 1415 1079 sapientes
1443 1007 1612 1062 aciem
1642 1005 1972 1062 instruebant
1997 1023 2010 1060 :

423 1107 518 1162 sed
545 1106 666 1177 quia
696 1105 1052 1175 prwjudicata:
1075 1103 1340 1174 opinionis
1368 1117 1559 1172 magna
1585 1101 1665 1154 vis
1691 1109 1826 1155 erat.
1855 1099 2014 1155 Scitis

424 1201 568 1256 enim
613 1198 746 1252 nihil
785 1197 924 1267 apud
967 1197 1212 1251 homines
1254 1195 1476 1249 validius
1513 1209 1634 1250 esse
1657 1192 1852 1248 veteris
1879 1207 2011 1246 con-

425 1289 720 1346 suetudinis
745 1287 1043 1360 tyrannide.
1067 1286 1424 1354 Quamobrem
1447 1285 1656 1340 etiamsi
1685 1300 1790 1340 non
1813 1283 2014 1339 duode-

426 1381 529 1436 cim
554 1389 756 1434 tantum
780 1393 1003 1433 numero
1029 1377 1275 1443 fuissent,
1299 1391 1472 1446 neque
1499 1377 1571 1430 ita
1598 1376 1728 1431 viles
1756 1384 1810 1430 et
1832 1375 2015 1444 quales

427 1485 607 1538 erant;
646 1471 741 1527 sed
779 1471 916 1525 alius
944 1469 1091 1524 orbis
1118 1469 1307 1524 fuisset
1333 1468 1458 1523 huic
1486 1483 1600 1537 par,
1626 1482 1688 1522 ac
1714 1465 2014 1520 multitudi-

429 1580 549 1619 nem
590 1563 905 1618 habuissent
943 1561 1184 1616 advcrsa:
1219 1559 1318 1615 sibi
1363 1558 1656 1629 arqualem,
1699 1557 1807 1611 imo
1846 1554 2015 1610 multo

428 1657 685 1727 majorem
705 1695 720 1718 ,
749 1654 827 1708 sic
853 1666 1065 1723 quoque
1091 1650 1324 1706 difﬁcilis
1353 1665 1440 1705 res
1467 1648 1678 1704 fuisset.
1717 1647 1825 1702 Illis
1863 1660 2016 1701 nam-

430 1764 533 1818 que
573 1763 729 1816 opem
774 1745 976 1799 ferebat
1019 1741 1348 1798 consuetudo
1371 1781 1387 1805 ,
1414 1740 1497 1794 his
1524 1754 1654 1793 vero
1683 1737 1891 1792 novitas
1916 1735 2014 1790 ad-

429 1838 762 1893 versabatur.
799 1836 944 1890 Nihil
983 1835 1125 1890 enim
1169 1835 1238 1888 ita
1279 1833 1454 1888 turbat
1499 1831 1774 1896 animum,
1805 1828 2012 1883 etiamsi

430 1929 558 1982 utile
599 1927 868 1997 quidpiam
908 1924 1266 1995 aggrediatur,
1298 1931 1356 1976 ut
1398 1922 1654 1975 innovare
1691 1926 1745 1974 et
1782 1917 2016 1988 peregri-

428 2036 555 2075 num
603 2018 730 2088 quid
774 2017 1065 2082 inducere,
1097 2016 1328 2070 maxime
1353 2029 1474 2069 cum
1502 2013 1571 2069 de
1606 2013 1751 2068 cultu
1793 2011 2012 2082 religio-

427 2112 509 2163 nis
553 2118 608 2163 et
651 2108 719 2163 de
772 2108 866 2163 Dei
913 2106 1078 2176 gloria
1107 2107 1297 2177 agitur.
1346 2106 1411 2160 Et
1431 2113 1629 2175 quanta
1655 2103 1725 2159 sit
1751 2103 1910 2174 hujus
1936 2105 2012 2159 rei

425 2199 525 2262 vis,
552 2200 660 2269 jam
691 2198 865 2267 palam
897 2197 1108 2252 faciam.
1158 2196 1337 2251 Primo
1373 2195 1500 2250 illud
1530 2195 1704 2250 dicam
1727 2235 1746 2260 ,
1786 2195 2014 2251 alteram

426 2294 590 2348 fuisse
615 2293 979 2348 difficultatem
1006 2293 1148 2347 circa
1182 2289 1416 2346 Judzeos.
1447 2289 1578 2344 Nam
1607 2289 1749 2360 quod
1782 2289 1848 2344 ad
1884 2304 2014 2359 gen-

426 2386 546 2440 tiles
563 2394 786 2455 spectat,
805 2394 861 2440 et
879 2384 1007 2440 deos
1025 2395 1077 2439 ct
1099 2384 1344 2454 dogmata
1365 2383 1577 2437 illorum
1606 2381 2015 2437 confutabantur

424 2479 602 2530 onmia
628 2493 643 2543 ;
672 2475 813 2545 apud
839 2475 1052 2530 Judaeos
1083 2485 1260 2529 autem
1285 2489 1389 2528 non
1419 2474 1490 2528 ita
1516 2473 1857 2543 disputabant
1881 2489 1895 2525 :
1919 2473 2013 2528 sed

423 2585 490 2625 ex
521 2568 857 2638 dogmatibus
889 2567 1051 2621 multa
1079 2567 1426 2636 abrogabant,
1454 2566 1619 2620 Deum
1645 2579 1784 2630 vero
1812 2565 1900 2634 qui
1932 2564 2012 2620 le-

424 2675 544 2729 gem
593 2666 847 2728 posuerat
888 2657 1115 2712 adorare
1155 2657 1415 2726 jubebant
1454 2673 1468 2710 :
1511 2663 1566 2712 et
1606 2671 1727 2710 cum
1773 2655 2015 2711 dicerent

424 2757 678 2818 oportere
705 2747 1060 2818 legislatorcm
1091 2747 1297 2812 colere,
1326 2747 1622 2814 addebant,
1655 2747 1730 2802 Ne
1758 2746 1811 2801 in
1838 2747 2012 2802 omni-

424 2837 525 2892 bus
568 2837 881 2907 obsequaris
923 2837 1024 2908 legi
1066 2837 1134 2891 ab
1171 2837 1264 2891 illo
1290 2837 1516 2907 positae;
1546 2837 1694 2892 verbi
1722 2838 1893 2908 gratia
1916 2878 1929 2898 ,
1957 2837 2012 2892 in

423 2929 802 2984 observatione
829 2930 1054 2994 sabbati,
1082 2937 1172 2983 aut
1200 2928 1640 2995 circumcisionis,
1671 2936 1763 2982 aut
1806 2929 2011 2983 sacriﬁ-

425 3019 658 3085 ciorum,
687 3027 779 3074 aut
817 3020 1042 3074 aliorum
1086 3021 1359 3075 similium.
1389 3019 1570 3090 Itaque
1597 3035 1702 3076 non
1733 3021 1893 3077 modo
1923 3036 1980 3076 sa

423 3112 684 3167 oriﬁcium
729 3111 1112 3182 impedimento
1149 3122 1300 3178 erat;
1338 3113 1432 3169 sed
1474 3114 1633 3170 etiam
1675 3115 1852 3185 quod,
1889 3131 2015 3170 cum

424 3205 593 3260 Deum
619 3205 870 3276 juberent
898 3206 1144 3272 adorare,
1175 3207 1369 3261 multas
1397 3206 1561 3276 ipsius
1584 3207 1728 3278 leges
1753 3208 2014 3277 abrogare

424 3298 796 3367 prteciperent.
838 3297 993 3368 Apud
1028 3297 1256 3366 gentiles
1292 3307 1468 3352 autem
1508 3313 1698 3369 magna
1737 3307 1856 3354 erat
1879 3311 2012 3354 con-

423 3388 722 3444 Suetudinis
753 3391 1010 3461 tyrannis.

493 3484 546 3536 7.
593 3483 804 3538 Etenim
847 3485 1055 3539 etiamsi
1101 3483 1286 3539 decem
1323 3498 1586 3538 annorum
1638 3491 1866 3550 tantum,
1915 3497 2016 3538 nec

422 3571 544 3626 dico
574 3574 704 3627 tanti
749 3575 1038 3644 temporis;
1085 3575 1185 3628 etsi
1236 3589 1522 3643 paucorum
1573 3573 1871 3638 hominum,
1916 3587 2015 3628 nec

424 3663 544 3718 dico
569 3663 730 3717 totius
755 3663 901 3718 orbis
922 3663 1358 3719 consuetudinem
1384 3663 1618 3732 aggressi
1647 3662 1722 3716 illi
1748 3661 2009 3716 fuissent:

425 3757 505 3810 sic
543 3770 756 3825 quoque
802 3755 1024 3809 mutatio
1063 3754 1294 3810 difficilis
1325 3755 1531 3810 fuisset.
1572 3754 1727 3809 Nunc
1754 3763 1931 3809 autem
1962 3761 2016 3808 et

429 3844 684 3914 sophista:
716 3853 772 3899 ct
794 3853 1036 3900 oratores
1057 3855 1110 3899 et
1138 3854 1312 3914 patres
1335 3853 1388 3899 et
1406 3844 1489 3898 avi
1513 3853 1567 3899 et
1586 3845 1760 3911 abavi,
1790 3854 1843 3900 et
1864 3844 2014 3900 multi

428 3935 794 4005 antiquiores,
839 3949 1024 3991 errore
1069 3944 1223 3990 crant
1269 3935 1623 4004 praeoccupati
1675 3953 1688 3989 :
1743 3943 1797 3990 et
1837 3943 2012 4002 terra,

432 4041 602 4091 mare,
643 4033 887 4091 montes,
931 4025 1117 4091 saltus,
1168 4025 1518 4079 barbarorum
1569 4024 1748 4080 omnia
1793 4039 2012 4094 genera,

432 4116 741 4172 Graecorum
765 4115 945 4186 populi
967 4131 1174 4180 omnes,
1197 4115 1484 4184 sapientes,
1507 4114 1706 4182 idiotze,
1728 4114 2015 4184 principes,

432 4211 654 4274 subditi,
679 4209 934 4263 mulieres
951 4218 1004 4262 et
1021 4208 1142 4274 viri,
1159 4208 1390 4276 juvenes
1403 4215 1457 4260 et
1472 4221 1651 4272 senes,
1670 4205 1784 4260 heri
1797 4205 2020 4272 etservi,

432 4301 686 4372 agricolae
707 4308 762 4355 et
781 4299 1033 4365 artiﬁces,
1059 4299 1147 4369 qui
1172 4298 1330 4353 urbes
1352 4307 1405 4353 et
1430 4296 1522 4367 qui
1550 4297 1695 4351 vicos
1717 4293 2017 4350 incolebant

433 4408 640 4448 omnes.
675 4393 744 4446 Et
764 4407 859 4462 par
879 4399 993 4446 erat
1015 4391 1133 4446 illos
1155 4405 1342 4445 omnes
1363 4388 1777 4443 catechumenos
1797 4386 1976 4440 dicere
2000 4399 2014 4437 :

431 4486 569 4552 Quid
598 4485 700 4538 hoc
721 4483 840 4537 est?
870 4497 1126 4537 onmesue
1155 4483 1242 4550 qui
1273 4480 1457 4534 orbem
1499 4479 1737 4531 incolunt
1767 4485 1891 4529 sunt
1917 4475 2015 4530 de-

431 4574 608 4644 cepti?
640 4572 916 4641 sophistae,
950 4581 1214 4639 oratores,
1259 4569 1586 4640 philosophi,
1622 4569 1934 4636 scriptores,
1962 4577 2018 4623 et

437 4664 523 4734 qui
568 4659 710 4717 nunc
735 4669 860 4716 sunt
901 4667 955 4716 et
999 4661 1088 4731 qui
1132 4668 1257 4714 ante
1296 4657 1534 4726 fuerunt,
1587 4657 1918 4730 Pythagoras
1963 4666 2019 4714 et

437 4754 605 4822 Plato,
632 4753 818 4820 duces,
863 4751 1134 4819 consules,
1169 4749 1542 4821 imperatores,
1573 4750 1785 4806 urbium
1815 4753 1881 4808 ab
1917 4753 2020 4807 ini-

433 4845 508 4899 tio
537 4846 680 4900 cives
710 4834 1119 4908 et'fundatores,
1153 4839 1366 4897 barbari
1392 4848 1448 4896 et
1482 4841 1699 4897 Graeci?
1733 4852 1786 4898 ct
1812 4842 2020 4899 duode-

433 4936 537 4991 cim
565 4937 861 5007 piscatores
890 4951 952 4991 ac
979 4935 1329 4991 tentoriorum
1359 4933 1596 4990 artiﬁces
1639 4943 1800 5004 atque
1839 4935 2018 5007 publi-

433 5027 577 5093 cani,
623 5027 730 5081 illis
775 5027 1024 5081 omnibus
1053 5036 1178 5081 sunt
1221 5027 1620 5099 sapientiores?
1657 5037 1710 5082 et
1747 5028 1868 5098 quis
1906 5030 2019 5085 haec

435 5119 576 5173 ferre
600 5115 874 5189 potuerit?
900 5117 1145 5170 Attamen
1170 5118 1284 5171 haec
1308 5133 1412 5173 non
1442 5119 1712 5187 dixerunt,
1742 5134 1842 5175 nec
1869 5120 2016 5190 cegi-

437 5218 637 5278 tarunt,
662 5209 756 5265 sed
784 5209 946 5280 quieti
985 5207 1319 5274 sustinuere;
1353 5220 1723 5282 noveruntque
1751 5212 1871 5267 illos
1898 5226 2020 5268 esse

437 5303 677 5360 onmium
725 5299 1192 5371 sapientissimos:
1225 5298 1450 5368 ideoque
1492 5315 1682 5358 omnes
1728 5317 2018 5374 superave-

443 5404 587 5448 runt.
617 5393 682 5447 Et
709 5400 766 5446 ut
791 5390 987 5459 discas,
1030 5397 1230 5460 quanta
1279 5389 1350 5444 sit
1384 5388 1466 5445 vis
1509 5394 1928 5462 consuetudinis,
1955 5409 2018 5450 ea

445 5481 535 5536 Dei
566 5493 827 5554 praecepta
855 5498 998 5553 5'.qu
1023 5482 1312 5553 superavit.
1343 5483 1408 5536 Et
1429 5483 1554 5553 quid
1574 5485 1694 5540 dico
1716 5487 2020 5557 prtecepta?

440 5567 559 5638 Ipsa
590 5587 799 5641 quoque
834 5573 1114 5629 beneﬁcia.
1141 5569 1311 5629 Judwi
1341 5573 1482 5629 enim
1513 5591 1705 5632 manna
1738 5577 2014 5646 habentes,

441 5663 748 5732 quaerebant
778 5661 934 5730 allia;
973 5672 1024 5720 et
1064 5664 1309 5724 libertate
1336 5666 1600 5738 fruentes,
1635 5669 1906 5726 servitutis
1934 5683 2018 5723 re-

2118 358 2480 415 cordabantur
2521 368 2576 414 et
2624 357 2916 428 Egyptum
2966 354 3276 427 frequenter
3327 358 3582 426 optabant
3635 364 3705 418 ob

2118 448 2597 515 consuetudinem;
2642 448 2779 504 adeo
2825 433 3102 520 tyrannica
3130 458 3212 505 est
3239 450 3594 506 consuetudo.
3639 450 3706 505 Et

2127 541 2172 595 si
2199 541 2329 594 velis
2366 541 2528 596 etiam
2557 541 2626 595 ab
2670 541 2872 595 exteris
2921 541 2973 596 id
3017 541 3248 608 discere,
3295 541 3492 598 dicitur
3531 543 3703 610 Plato,

2119 629 2327 686 etiamsi
2359 631 2521 700 probe
2549 632 2708 688 sciret
2733 647 2970 687 errorem
2994 648 3113 689 esse
3137 649 3221 700 ea,
3254 651 3372 704 quae
3401 634 3470 690 de
3498 635 3603 690 diis
3628 635 3707 689 di-

2118 719 2399 787 cebantur,
2425 720 2491 775 ad
2522 719 2688 776 festos
2712 721 2827 777 dies
2851 722 3105 779 colendos
3133 734 3187 779 et
3211 725 3276 780 ad
3301 735 3493 780 caetera
3525 725 3702 780 omnia

2117 826 2177 868 se
2202 812 2502 880 demisisse,
2548 824 2605 869 ut
2635 816 2724 884 qui
2756 831 2862 871 non
2911 826 3094 886 posset
3131 819 3575 875 consuetudinem
3606 821 3702 873 im-

2119 919 2378 975 pugnare,
2408 920 2471 960 ac
2501 921 2560 961 re
2589 905 2701 976 ipsa
2734 923 2765 961 a
2807 909 3062 978 magistro
3107 908 3210 965 hoc
3247 910 3559 966 edidicerat.
3606 911 3702 967 Hic

2119 997 2261 1052 enim
2292 1013 2412 1053 cum
2439 1000 2491 1054 in
2519 1001 2883 1070 suspicionem
2913 1003 3277 1060 innovationis
3307 1006 3560 1072 venisset,
3593 1015 3704 1060 tau-

2119 1098 2230 1144 tum
2258 1091 2426 1146 abfuit
2453 1102 2508 1146 ut
2534 1093 2678 1162 quod
2707 1094 2926 1164 optabat
2955 1097 3256 1165 perﬁceret,
3283 1098 3516 1152 utetiam
3539 1099 3700 1152 vitam

2119 1185 2381 1251 amiserit,
2411 1186 2617 1241 etiamsi
2642 1188 2888 1259 apologia
2910 1204 3030 1244 sese
3052 1197 3347 1261 purgasset.
3371 1189 3509 1256 Quot
3540 1191 3701 1246 etiam

2118 1293 2260 1332 nunc
2286 1277 2528 1333 videmus
2568 1279 2814 1336 homines
2840 1296 2906 1336 ex
2946 1281 3295 1350 prwjudicata
3347 1283 3603 1352 opinione
3648 1283 3702 1338 in

2119 1369 2389 1438 impietate
2417 1370 2684 1439 detentos,
2719 1372 2810 1441 qui
2842 1371 2970 1426 nihil
3017 1383 3241 1442 possunt
3283 1373 3476 1428 rationi
3507 1388 3703 1428 conso-

2119 1476 2243 1514 num
2272 1461 2473 1528 dicere,
2517 1478 2639 1518 cum
2687 1473 3008 1519 accusantur
3047 1465 3190 1534 quod
3229 1474 3282 1520 ttt
3322 1465 3547 1536 gentiles
3577 1481 3701 1521 sen-

2120 1551 2271 1616 tiant,
2302 1551 2644 1623 allegantque
2679 1564 3041 1624 patres,'avos
3079 1565 3135 1611 et
3160 1557 3426 1626 proavos?
3455 1556 3579 1612 Ideo
3606 1573 3704 1613 ex-

2119 1653 2353 1698 terorum
2396 1644 2611 1714 quidam
2651 1645 3090 1701 consuetudinem
3121 1646 3409 1702 secundam
3458 1658 3704 1704 naturam

2119 1745 2330 1789 vocant.
2359 1734 2491 1790 Cum
2519 1745 2696 1792 autem
2725 1737 2780 1791 in
2811 1737 3150 1809 dogmatibus
3170 1739 3506 1794 consuetudo
3527 1740 3702 1807 adest,

2119 1841 2180 1881 ea
2234 1826 2440 1882 ﬁrmior
2486 1837 2568 1883 est
2625 1845 2640 1883 :
2692 1829 2870 1884 omnia
2922 1830 3064 1884 enim
3118 1830 3325 1886 facilius
3375 1833 3707 1887 mutaverint

2118 1939 2274 1994 quam
2307 1924 2526 1980 cultum.
2568 1925 2632 1979 Et
2673 1925 2846 1995 pudor
2887 1941 2994 1980 una
3038 1940 3159 1980 cum
3203 1926 3593 1982 consuetudine
3631 1925 3700 1980 ad

2117 2014 2516 2084 impediendum
2538 2016 2667 2070 satis
2686 2025 2822 2080 erat,
2848 2024 2903 2070 et
2921 2014 3062 2086 quod
3083 2015 3361 2071 videantur
3381 2017 3433 2070 in
3455 2026 3700 2072 extrema

2117 2116 2394 2164 senectute
2430 2107 2729 2172 dediscere,
2770 2107 3038 2178 etiamque
3071 2108 3138 2162 ab
3177 2107 3242 2163 iis
3282 2109 3372 2179 qui
3403 2109 3580 2164 minus
3620 2111 3702 2164 in-

2119 2198 2439 2268 telligerent.
2471 2197 2686 2267 thuid
2725 2197 2956 2259 miraris,
2995 2197 3038 2250 si
3072 2197 3124 2250 in
3166 2197 3344 2251 anima
3371 2198 3423 2251 id
3464 2199 3699 2266 eveniat,

2115 2289 2330 2360 quando
2355 2289 2514 2344 etiam
2566 2288 2630 2342 iu
2659 2303 2887 2358 corpore
2918 2303 3166 2358 magnam
3208 2288 3317 2341 vim
3365 2288 3701 2344 consuetudo

2117 2380 2297 2435 habet.
2343 2380 2722 2449 Apostolorum
2754 2393 2882 2432 vero
2917 2387 3156 2448 tempore
3180 2378 3324 2433 aliud
3366 2388 3482 2434 erat
3526 2379 3699 2448 majus

2115 2470 2577 2541 impedimentum,
2610 2470 2752 2540 quod
2784 2485 2888 2524 non
2921 2470 3082 2525 modo
3107 2470 3439 2526 consuetudo
3466 2479 3570 2526 tam
3597 2488 3698 2526 an-

2117 2565 2258 2634 tiqua
2285 2574 2600 2628 mutaretur,
2627 2564 2720 2619 sed
2750 2563 2912 2618 etiam
2941 2563 3082 2634 quod
3109 2565 3335 2619 mutatio
3356 2564 3444 2618 illa
3466 2579 3585 2618 cum
3609 2580 3696 2634 pe~

2115 2656 2284 2712 riculo
2313 2655 2485 2710 ﬁeret.
2517 2654 2634 2710 Non
2664 2655 2820 2709 modo
2847 2655 2990 2709 enim
3013 2671 3042 2736 ξι
3064 2655 3455 2710 consuetudine
3482 2656 3548 2710 ad
3571 2671 3698 2710 con-

2114 2747 2448 2802 suetudinem
2469 2746 2768 2810 trahebant,
2788 2746 2880 2800 sed
2897 2759 2926 2799 a
2948 2745 3337 2801 consuetudine
3356 2747 3696 2800 securitatem

2117 2840 2348 2895 habente
2387 2839 2454 2894 ad
2483 2856 2570 2894 res
2599 2839 2836 2908 pericula
2868 2839 3199 2894 minitantes.
3232 2838 3554 2895 Credentem
3581 2849 3694 2894 sta-

2116 2933 2210 2986 tim
2248 2930 2524 2986 accidebat
2565 2930 2847 3000 publicari,
2893 2931 3038 3000 pelli,
3062 2946 3092 2985 a
3119 2929 3288 3000 patria
3327 2930 3599 2995 excidere,
3630 2930 3696 2986 ab

2115 3023 2364 3078 omnibus
2389 3022 2514 3076 odio
2541 3021 2746 3086 haberi,
2777 3037 3114 3076 communem
3136 3021 3345 3077 hostem
3368 3036 3488 3076 esse
3507 3031 3561 3076 et
3586 3023 3699 3077 suis

2115 3124 2171 3170 et
2207 3115 2420 3170 alienis.
2471 3114 2652 3185 Itaque
2701 3114 2913 3169 etiamsi
2953 3123 3238 3170 vocassent
3284 3130 3314 3168 a
3358 3114 3594 3169 novitate
3629 3115 3698 3168 ad

2116 3207 2579 3274 consuetudinem,
2609 3208 2769 3263 etiam
2797 3208 2878 3262 sic
2918 3206 3152 3262 difﬁcilis
3185 3221 3274 3262 res
3319 3206 3504 3261 fuisset
3532 3224 3546 3260 :
3575 3221 3697 3260 cum

2115 3307 2294 3354 autem
2316 3314 2345 3352 a
2367 3298 2757 3354 consuetudine
2783 3298 2848 3352 ad
2889 3297 3176 3353 novitatem
3210 3306 3484 3363 vocarent,
3507 3307 3559 3352 et
3586 3297 3700 3351 lucc

2115 3391 2367 3446 adessent
2396 3390 2555 3455 mala,
2582 3388 2752 3460 cogita
2775 3397 3032 3458 quantum
3057 3398 3174 3442 erat
3199 3388 3326 3442 illud
3355 3388 3700 3458 impedimen-

2119 3490 2250 3536 tum.
2287 3481 2488 3535 Przcter
2516 3495 2578 3534 ea
2608 3489 2786 3535 autem
2822 3494 2941 3549 qua}
2969 3478 3110 3534 dicta
3139 3486 3284 3545 sunt,
3312 3477 3456 3531 aliud
3485 3493 3591 3532 non
3622 3478 3697 3531 le-

2116 3574 2233 3630 vius
2259 3580 2396 3639 erat,
2437 3572 2578 3642 quod
2609 3571 2958 3626 mutationem
2996 3569 3270 3624 difﬁcilem
3312 3568 3579 3624 redderet.
3617 3568 3700 3623 Ad

2117 3663 2559 3720 consuetudinem
2590 3663 2732 3718 enim
2771 3673 2826 3717 et
2853 3663 2920 3716 ad
2968 3661 3201 3731 pericula
3245 3661 3301 3716 id
3340 3660 3526 3727 addas,
3557 3660 3700 3730 quod

2119 3759 2233 3813 lucc
2259 3765 2520 3828 praecepta
2552 3756 2866 3812 onerosiora
2895 3763 3097 3822 essent,
3127 3762 3180 3809 et
3205 3768 3291 3817 ea,
3322 3767 3352 3807 a
3387 3754 3579 3823 quibus
3603 3753 3698 3806 ah-

2118 3849 2403 3916 ducebant,
2432 3848 2562 3902 levia
2593 3856 2647 3903 et
2676 3847 2867 3902 facilia.
2908 3846 3039 3901 Nam
3079 3861 3110 3899 a
3140 3844 3488 3900 fornicatione
3517 3843 3583 3898 ad
3614 3859 3702 3898 ca-

2118 3941 2350 3996 stitatem
2387 3938 2670 4004 vocabant,
2720 3938 2790 3993 ab
2836 3952 3020 3992 amore
3063 3937 3185 3992 vitae
3232 3936 3302 3990 ad
3348 3945 3602 4001 mortem,
3634 3934 3701 3989 ab

2120 4029 2379 4087 ebrietate
2397 4029 2462 4085 ad
2474 4028 2766 4100 jejunium,
2784 4045 2816 4085 a
2834 4029 2948 4082 risu
2963 4026 3030 4082 ad
3050 4028 3313 4098 lacrymas
3351 4035 3407 4081 et
3447 4041 3703 4095 compun-

2119 4120 2376 4187 ctionem,
2404 4118 2472 4174 ab
2499 4118 2718 4173 avaritia
2744 4119 2812 4173 ad
2838 4126 3225 4188 paupertatem,
3257 4133 3288 4172 a
3321 4118 3606 4173 securitate
3635 4116 3699 4171 ad

2121 4211 2356 4281 pericula
2385 4229 2398 4265 :
2427 4219 2482 4266 et
2511 4226 2606 4280 per
2637 4211 2815 4266 omnia
2843 4220 3138 4266 extremam
3163 4210 3448 4280 exigebant
3479 4223 3702 4264 accura-

2121 4303 2320 4358 tioncm
2345 4319 2358 4368 ;
2387 4317 2509 4357 nam
2535 4303 2610 4357 ait
2639 4318 2653 4356 :
2681 4301 2969 4372 Turpitudo
3007 4313 3055 4356 et
3083 4301 3446 4368 stultiloquium
3480 4310 3525 4354 et
3554 4317 3699 4354 scur-

2119 4391 2284 4445 rilitas
2313 4408 2375 4446 ne
2403 4401 2579 4446 exeant
2603 4392 2666 4446 ab
2701 4407 2790 4447 ore
2828 4400 2988 4446 vestro
3018 4390 3229 4460 (Epltes.
3273 4390 3328 4445 5.
3362 4390 3441 4461 4).
3484 4389 3550 4443 Ει
3585 4389 3701 4444 haec

2120 4480 2370 4536 dicebant
2395 4481 2482 4548 iis,
2512 4481 2603 4551 qui
2635 4481 2767 4536 nihil
2793 4481 2939 4536 aliud
2967 4481 3206 4536 sciebant
3235 4495 3395 4550 quam
3423 4479 3696 4544 inebriari,

2121 4571 2292 4625 ventri
2326 4570 2622 4641 indulgere,
2652 4572 2718 4626 iis
2739 4572 2827 4642 qui
2853 4571 2969 4627 dies
2990 4569 3154 4627 festos
3182 4571 3430 4641 agebant.
3468 4585 3572 4625 non
3595 4571 3704 4625 alio

2122 4663 2283 4720 modo
2309 4664 2684 4730 consistentes,
2717 4679 2875 4734 quam
2906 4678 2975 4719 ex
3007 4663 3352 4735 turpitudine,
3381 4663 3491 4718 risu
3514 4671 3566 4717 et
3588 4662 3704 4717 uni-

2123 4769 2276 4809 versa
2305 4755 2588 4810 commdia.
2618 4753 2802 4825 Itaque
2829 4770 2935 4810 non
2957 4754 3119 4810 modo
3144 4753 3288 4826 quod
3314 4752 3706 4824 philosOphiam

2123 4847 2418 4918 exigerent,
2439 4861 2666 4902 onerosa
2697 4847 2784 4902 illa
2806 4856 3069 4918 praecepta
3096 4857 3286 4912 erant;
3316 4847 3411 4902 sed
3436 4846 3577 4916 quod
3606 4847 3705 4902 ho-

2124 4939 2360 4996 minibus
2387 4939 2773 5011 proferrentur,
2819 4939 2911 5011 qui
2950 4939 3001 4993 in
3053 4940 3265 4995 licentia
3291 4981 3306 5005 ,
3355 4939 3706 5009 turpitudine,

2123 5031 2489 5101 stultiloquio,
2527 5031 2636 5086 risu
2678 5030 2942 5100 rebusque
2986 5030 3207 5085 comicis
3258 5029 3468 5085 educati
3504 5039 3705 5084 essent.

2123 5121 2251 5190 Quis
2275 5123 2418 5176 enim
2462 5121 2552 5191 qui
2597 5121 2652 5176 in
2685 5121 2879 5176 talibus
2906 5121 3066 5175 vitam
3111 5121 3342 5188 duxerit,
3373 5136 3496 5200 cpm
3541 5121 3708 5183 audit,

2127 5211 2244 5265 Nisi
2270 5213 2382 5280 quis
2411 5210 2553 5264 tollat
2582 5228 2783 5267 crucem
2811 5228 2956 5265 suam
2999 5222 3047 5266 et
3085 5222 3324 5282 sequatur
3359 5229 3458 5278 me,
3496 5228 3598 5266 non
3640 5219 3711 5266 est

2125 5319 2203 5356 me
2228 5302 2410 5374 dignus
2443 5302 2653 5373 (Matth.
2685 5303 2776 5360 10.
2805 5304 2932 5376 58);
2964 5313 3037 5370 et,
3080 5303 3204 5358 Non
3242 5304 3354 5359 veni
3381 5319 3554 5376 pacem
3591 5295 3742 5354 mit-'

2125 5402 2241 5460 tere,
2271 5395 2360 5449 sed
2394 5395 2642 5466 gladium,
2685 5406 2730 5450 et
2768 5411 3010 5466 separare
3047 5397 3302 5450 hominem
3344 5412 3376 5448 a
3412 5403 3554 5464 patre
3585 5407 3707 5458 suo,

2126 5497 2172 5540 et
2202 5487 2362 5558 ﬁliam
2392 5506 2422 5541 a
2453 5500 2614 5545 matre
2654 5506 2746 5544 sua
2775 5490 2794 5560 (
2824 5489 2964 5544 Ibid.
2997 5505 3044 5546 υ.
3093 5491 3162 5546 ’54
3191 5489 3234 5562 ),
3264 5505 3369 5545 non
3419 5487 3713 5553 obtorpue-~

2127 5579 2229 5634 rit?
2254 5582 2370 5650 quis
2400 5594 2576 5638 autem
2604 5583 2850 5650 audiens,
2889 5583 3002 5637 Nisi
3040 5584 3158 5653 quis
3197 5576 3582 5636 renuntiaverit
3611 5575 3706 5630 d0-

2132 5669 2262 5740 mui,
2291 5672 2472 5742 patria:
2501 5683 2553 5730 ct
2580 5673 2798 5743 divitiis,
2836 5690 2938 5730 non
2972 5684 3052 5730 est
3083 5689 3167 5730 mc
3205 5672 3393 5744 dignus
3434 5666 3587 5740 (Luc.
3623 5664 3707 5724 Η.
