4100 6214
424 264 495 322 es
1108 253 1172 315 ε.
1211 214 1501 315 ιοΑινΝιε
1537 247 1719 310 cum
1735 242 2034 304 sosrom

2136 244 2389 305 ιοωειι.
2426 241 2987 305 CONSTANTINOP.
3650 261 3721 319 (.6

424 375 642 452 μῆσω,
670 373 788 446 ἤδη
814 372 1176 448 ἐμοίχευσεν
1196 371 1394 442 αὐτὴν
1433 367 1746 440 ὀφθεῖσαν
1792 363 1912 431 καὶ,
1963 362 2022 452 '0

427 451 709 543 ὀργισθεὶς
747 466 913 538 εικῆ,
956 468 1037 531 είς
1079 465 1303 536 γέενναν
1335 461 1618 525 πεσεῖται,
1643 455 1769 511 τίνα
1813 454 1917 509 οὐκ
1956 451 2025 509 ἀν

429 561 541 614 τῶν
558 559 681 614 τότε
701 558 1081 630 ἀπεσόϐησενς
1116 554 1256 609 Ἀλλ’
1276 554 1428 625 ὅμως
1453 552 1667 615 πάντες
1690 548 2021 621 ἐπέδραμον,

434 652 530 706 καὶ
558 650 746 705 πολλοὶ
780 650 875 705 καὶ
918 647 1059 718 ὐπέρ
1094 644 1165 699 τά
1206 645 1515 717 σκάμματα
1548 641 1796 714 ἢλλοντο.
1826 638 1895 694 Τί
1933 633 2028 692 οὖν

436 744 636 807 αὐτοὺς
690 743 963 811 ἐπήγετο;
1019 738 1122 792 οὐκ
1176 736 1401 811 εὔδηλον
1449 737 1534 790 ὅτι
1568 736 1602 806 ἠ
1643 733 1876 804 δύναμις
1929 728 2027 783 τοῦ

436 831 875 905 κηρυττομένους
907 828 972 883 Et
993 828 1123 901 ῖγάρ
1156 828 1234 900 μὴ
1259 827 1419 881 τοῦτο
1451 821 1521 898 ἦν
1542 864 1558 891 ,
1610 821 1930 878 τούναντίον
1971 819 2031 875 δέ

433 917 526 993 ἦν,
571 921 771 974 ἐκεῖνοι
803 917 904 990 μέν
931 912 1113 983 οὗτοι,
1144 910 1293 971 οὗτοι
1321 915 1380 971 δέ
1407 911 1553 987 ἦσαν
1578 914 1803 977 ἐκεῖνοι,
1838 906 1926 983 ἆρ’
1962 909 2031 965 ἂν

437 1011 659 1066 εὐκολον
700 1005 769 1082 ἦν
795 1008 943 1080 ἔχειν
982 1009 1078 1064 καὶ
1109 1006 1341 1064 ἐλκῦσαι
1371 1005 1501 1071 τούς
1542 1002 2031 1074 ἐναντιουμένουςς

437 1102 556 1159 Οὐκ
589 1100 736 1157 ἐστιν
770 1101 973 1156 είπεῖν.

504 1225 577 1290 η’.
606 1218 772 1272 ’Ὥστε
787 1215 877 1273 διά
893 1214 1113 1271 πάντων
1137 1212 1416 1269 δείκνυται
1434 1211 1556 1268 θεία
1585 1210 1815 1283 δύναμις
1831 1202 1968 1264 οὖσα
1992 1209 2029 1281 ἡ

441 1309 863 1381 κατορθώσασα.
911 1306 1066 1362 Ἐπεὶ
1098 1305 1264 1361 πόθεν
1304 1304 1550 1371 ἔπεισαν,
1590 1303 1715 1358 είπέ
1760 1318 1874 1374 μοι,
1903 1302 2034 1364 τούς

437 1399 673 1471 χαύνους
699 1397 815 1471 [62]
847 1398 944 1452 καὶ
971 1398 1099 1462 τοὺς
1129 1394 1509 1467 διαρρέοντας,
1540 1394 1634 1448 ἐπὶ
1674 1392 1767 1449 τὸν
1796 1390 2033 1462 σκληρὸν

438 1491 538 1546 καὶ
576 1491 789 1563 τραχὺν
817 1489 1076 1561 φέροντες
1104 1485 1255 1557 βίον;
1295 1484 1456 1540 Ἀλλά
1484 1486 1554 1538 τά
1585 1485 1686 1557 μέν
1710 1482 2031 1556 παραγγέλ-

443 1601 589 1655 ματα
617 1582 843 1637 τοιαῦτα
861 1597 876 1613 ·
907 1581 1109 1652 ἴδωμεν
1129 1580 1188 1635 δὲ
1217 1581 1430 1652 μήποτε
1454 1576 1515 1631 τὸ
1539 1576 1720 1646 δόγμα
1740 1571 2035 1643 ἐπαγωγὸν

438 1671 531 1748 ἢν.
581 1675 693 1729 Καὶ
738 1673 845 1746 μὴν
900 1673 996 1726 καὶ
1044 1670 1204 1726 τοῦτο
1250 1672 1438 1726 ίκανὸν
1485 1664 1556 1741 ἦν
1588 1667 1717 1733 τούς
1769 1668 2036 1730 ἀπίστους

440 1766 809 1837 ἀποσοϐῆσαι.
836 1764 903 1817 Τί
924 1763 1035 1834 7&9
1064 1762 1253 1834 ἔλεγον
1278 1764 1328 1817 οί
1354 1760 1761 1833 κηρύσσοντες;
1792 1757 1917 1812 Ὅτι
1942 1754 2036 1810 τὸν

440 1858 863 1931 ἐσταυρωμένον
910 1856 993 1910 δεῖ
1024 1857 1377 1927 προσκυνεῖν,
1411 1852 1507 1907 καὶ
1543 1851 1732 1906 τοῦτον
1767 1849 1901 1904 Θεὸν
1949 1865 2038 1903 νο-

445 1950 664 2023 μίζειν,
689 1951 785 2003 τὸν
814 1952 878 2003 ἐκ
908 1948 1169 2017 γυναικὸς
1207 1946 1543 2016 γεννηθέντα
1583 1943 1870 2007 Ἰουδαίας.
1924 1940 2038 1995 Καὶ

442 2040 529 2102 τίς
554 2039 621 2093 ἂν
640 2038 854 2102 τούτοις
880 2036 1133 2109 ἐπείσθη,
1167 2035 1243 2107 μὴ
1271 2035 1425 2100 θείας
1453 2034 1743 2105 δυνάμεως
1764 2049 2037 2106 προηγου-

446 2130 652 2202 μένηςς
688 2128 811 2183 Ὀτι
844 2129 942 2200 μὲν
973 2127 1083 2201 γὰρ
1112 2125 1435 2199 ἐσταυρώθη
1466 2124 1562 2180 καὶ
1587 2124 1763 2196 ἐτάφη
1784 2167 1798 2189 ,
1835 2123 2038 2187 πάντες

444 2215 584 2276 εἶδον
601 2238 619 2255 ο
641 2221 724 2275 δτι
744 2220 803 2275 δέ
827 2220 1029 2292 ἀνέστη
1053 2220 1148 2273 καὶ
1171 2219 1392 2291 ἀνῆλθε,
1420 2217 1561 2290 πλὴν
1586 2216 1696 2273 τῶν
1719 2214 2038 2272 ἀποστόλων

443 2312 623 2377 οὐδεὶς
664 2311 949 2367 ἐθεάσατο.
996 2310 1139 2365 Ἀλλ’
1173 2309 1534 2381 ἐπαγγελίαις
1566 2308 1768 2373 αὐτοὺς
1799 2308 2035 2379 ἐπῆραν,

446 2405 604 2476 φησὶ,
628 2404 726 2459 καὶ
760 2403 919 2474 ψόφῳ
954 2404 1220 2475 ῥημάτων
1246 2402 1560 2474 ἠπάτησαν.
1591 2400 1765 2454 Τοῦτο
1801 2399 1901 2469 μὲν
1943 2392 2038 2452 οὖν

443 2497 580 2553 αὐτὸ
632 2496 872 2567 μάλιστα
904 2495 1170 2561 δείκνυσι,
1217 2493 1313 2547 καὶ
1356 2492 1529 2564 χωρὶς
1575 2491 1685 2544 τῶν
1728 2488 2038 2561 εἰρημένων

444 2588 726 2651 ἀπάντων,
758 2588 840 2641 ὅτι
867 2585 968 2639 οὐκ
1010 2585 1159 2637 ἔστιν
1189 2584 1375 2655 ἀπάτη
1405 2582 1478 2636 τὰ
1519 2580 1789 2653 ἡμέτερα.
1822 2578 1903 2633 Τὰ
1937 2578 2038 2650 μὲν

445 2681 557 2755 7&9
579 2680 822 2752 δυσχερῆ
843 2678 1024 2732 πάντα
1048 2674 1300 2729 ἐντεῦθεν
1326 2672 1631 2727 συνέϐαινεο
1659 2671 1728 2726 τά
1749 2672 1805 2725 δὲ
1825 2669 2040 2742 χρηστά

450 2773 591 2846 μετά
619 2773 717 2845 τὴν
760 2772 1058 2826 ἀνάστασιν
1107 2765 1546 2836 ἐπαγγείλασθαι
1588 2764 1717 2820 ἔδει.
1763 2763 1905 2817 Αὐτὸ
1939 2762 2038 2835 μὲν

445 2862 542 2919 οὖν
593 2865 752 2919 τοῦτο
798 2861 985 2933 (πάλιν
1017 2862 1125 2932 γὰρ
1179 2858 1310 2929 ἐρῶ)
1363 2857 1605 2912 δείκνυσι
1662 2855 1805 2911 θεῖον
1855 2855 1917 2910 ὃν
1975 2855 2040 2909 τὸ

447 2956 717 3029 ἡμέτερον
746 2955 1033 3026 κηρυγμα.
1066 2950 1167 3005 Διά
1191 2949 1244 3005 τί
1268 2949 1380 3019 γὰρ
1405 2950 1595 3021 μηδεὶς
1620 2947 1731 3002 τῶν
1754 2947 2040 3002 πιστευόν-

448 3067 558 3103 των
573 3042 750 3114 εῐπεν,
772 3048 856 3101 ὅτι
874 3044 949 3100 Οὐ
978 3043 1236 3116 πρόσειμι
1251 3041 1375 3096 οὐδὲ
1401 3041 1687 3112 ἀνέχομαιο
1712 3039 1784 3094 τά
1797 3037 2039 3111 δυσχερῆ

452 3156 544 3211 μοι
574 3137 810 3193 ἐνταῦθα
835 3135 1101 3202 ἀπειλεῖς,
1132 3135 1227 3189 καὶ
1251 3133 1322 3189 τά
1353 3132 1570 3205 χρηστά
1608 3131 1752 3205 μετά
1776 3131 1876 3203 τὴν
1905 3130 2039 3186 ἀνάε-

453 3248 645 3285 στασιν
675 3227 1028 3299 ἐπαγγέλλῃ;
1062 3226 1228 3282 πόθεν
1257 3224 1365 3297 γὰρ
1404 3224 1583 3298 δῆλον,
1627 3225 1712 3279 ὅτι
1744 3225 2040 3288 ἀνάστασις

451 3323 641 3391 ἔσταις
671 3321 755 3386 τίς
793 3320 902 3376 τῶν
936 3317 1280 3374 ἀπελθόντων
1308 3313 1483 3390 ἦλθες
1516 3316 1599 3381 τίς
1633 3316 1743 3371 τῶν
1771 3315 2041 3387 κειμένων

451 3415 689 3485 ἀνέστη;
715 3412 801 3477 τίς
829 3410 1036 3465 τούτων
1060 3403 1183 3463 εἶπε
1209 3410 1263 3462 τί
1293 3410 1447 3464 ἔσται
1497 3407 1639 3481 μετά
1663 3408 1760 3480 τὴν
1789 3406 2042 3462 ἐντεῦθεν

453 3504 764 3576 ἀποδημίαν
786 3520 804 3571 ;
843 3502 989 3556 Ἀλλ’
1015 3501 1168 3555 οὐδὲν
1194 3500 1400 3555 τούτων
1429 3501 1532 3555 οὐκ
1556 3500 1873 3571 ὲνενόησαν,
1905 3497 2042 3553 ἀλλά

455 3597 551 3651 καὶ⁵
584 3596 683 3659 τάς
720 3593 902 3666 ψυχὰς
943 3592 1233 3647 ἀπέδωκαν
1282 3591 1423 3663 ὑπὲρ
1470 3591 1567 3645 τοῦ
1610 3590 2039 3662 σταυρωθέντος.

457 3688 620 3742 Ὥστε
649 3684 781 3739 αὐτὸ
807 3682 969 3736 τοῦτο
1000 3682 1239 3754 μάλιστα
1276 3682 1523 3754 μεγάλης
1545 3681 1834 3753 δυνάμεως
1860 3678 1949 3753 ἦν,
1981 3681 2043 3736 τὸ

456 3778 730 3852 μηδέποτε
767 3775 936 3849 μηδὲν
962 3773 1206 3829 τοιοῦτον
1244 3772 1587 3837 ἀκούσαντας
1619 3770 1815 3843 ἀθρόον
1852 3774 2042 3826 πεῖσαι

455 3870 586 3942 περὶ
617 3867 872 3941 μεγάλων
903 3866 1046 3921 οὕτω
1082 3866 1449 3938 πραγμάτων,
1488 3865 1582 3919 καὶ
1620 3863 2041 3937 παρασκευάσαι

452 3961 528 4015 τὰ
564 3960 664 4031 μιν
692 3958 931 4031 δυσχερῆ
965 3957 1365 4023 καταδέξασθαι
1391 3958 1486 4010 ἐπὶ
1510 3957 1611 4028 τῆς
1643 3957 1860 4028 πείρας,
1886 3957 1954 4009 τά
1985 3953 2043 4009 δέ

455 4052 671 4124 χρηστά
704 4053 764 4108 ἐν
789 4051 1002 4106 ἐλπίσιν
1032 4050 1198 4122 ἔχειν.
1245 4051 1310 4106 El
1340 4049 1399 4103 δὲ
1446 4051 1694 4120 ἡπάτων,
1731 4050 2042 4105 τούναντίον

454 4144 524 4200 ἂν
561 4146 825 4217 ἐποίησαν
852 4143 1076 4215 μᾶλλον·
1118 4142 1185 4196 τά
1218 4142 1318 4213 μὲν
1346 4142 1559 4214 χρηστά
1592 4141 1840 4195 ἐντεῦθεν
1867 4143 2044 4213 ἐπηγ-

455 4235 729 4305 γείλαντο,
757 4235 828 4289 τά
854 4233 914 4288 δέ
937 4232 1148 4304 φοϐερά
1174 4231 1438 4302 ἐσίγησαν
1466 4230 1553 4295 ἂν,
1582 4230 1676 4283 καὶ
1702 4229 1771 4283 τά
1797 4230 2043 4302 παρόντα

381 4386 396 4403 ο
457 4326 551 4381 καὶ
572 4325 643 4380 τά
674 4324 960 4397 μέλλοντα.
992 4322 1149 4378 Οὕτω
1174 4323 1283 4394 γὰρ
1315 4324 1364 4377 οἱ
1396 4321 1716 4387 ἀπατῶντες
1750 4322 1847 4375 καὶ
1871 4321 1921 4375 οἱ
1947 4336 2041 4374 κο-

454 4418 779 4481 λακεύοντες
818 4415 1087 4471 ποιοῦσινο
1122 4415 1276 4470 οὐδὲν
1304 4416 1481 4487 τραχύ
1508 4415 1629 4469 οὐδὲ
1658 4414 1893 4486 ἐπαχθὲς
1922 4413 2044 4468 οὐδὲ

456 4508 715 4579 φορτικὸν
753 4507 1151 4578 προτείνουσιν,
1178 4504 1319 4559 ἀλλά
1345 4505 1657 4559 τούναντίον
1684 4506 1852 4559 ἅπαν·
1883 4504 2044 4559 τοῦτο

457 4595 567 4665 γάρ
598 4595 747 4647 ἐστιν
780 4594 991 4665 ἀπάτη.
1037 4594 1178 4648 Ἀλλ’
1221 4595 1256 4665 ἡ
1285 4592 1462 4659 ἀνοια,
1493 4593 1648 4665 φησὶ,
1681 4593 1792 4648 τῶν
1830 4592 2043 4649 πολλῶν

457 4682 748 4756 πεισθῆναι
777 4680 1004 4754 ἐποίησε
1034 4684 1149 4747 τοῖς
1180 4682 1519 4753 λεγομένοις.
1553 4683 1619 4736 Τί
1646 4683 1788 4754 (Mc;
1817 4682 1906 4737 ὅτε
1936 4682 2044 4738 ὐπὸ

412 4776 720 4871 )⁰Ελλησιν
765 4771 940 4850 ἦσαν,
979 4775 1084 4871 οὐκ
1129 4770 1273 4871 ἦσαν
1310 4773 1563 4871 ἀνόητοι,
1608 4774 1723 4829 ἀλλ’
1768 4776 1856 4829 ὅτε
1905 4773 2043 4849 πρὸς

457 4872 607 4944 ἡμᾶς
638 4871 1002 4943 μετέστησαν,
1026 4868 1150 4923 τότε
1179 4868 1401 4942 ἀνόητοι
1432 4867 1690 4940 γεγόνασι
1718 4886 1734 4937 ;
1766 4869 1945 4924 καίτοι
1975 4886 2040 4940 γε

455 4963 560 5016 οὐκ
578 4962 770 5027 ἀλλους
809 4961 1151 5035 ἀνθρώπους,
1173 4961 1296 5016 οὐδὲ
1321 4958 1381 5027 ἐξ
1409 4959 1577 5033 άλλης
1600 4961 1923 5033 οίκουμένης
1944 4962 2041 5016 λα-

458 5053 648 5118 ϐόντες
691 5053 919 5107 ἐπεισαν
951 5054 1000 5106 οί
1041 5053 1350 5109 ἀπόστολοι.
1381 5054 1577 5110 Καίτοι
1612 5052 1683 5108 τά
1715 5055 1815 5126 μὲν
1848 5055 2041 5127 Ἐλλή-

457 5161 568 5202 νων
604 5143 793 5209 ἀπλῶς
822 5144 1096 5214 κατεῖχον,
1134 5142 1207 5197 τὰ
1239 5145 1297 5198 δέ
1325 5145 1574 5218 ἡμέτερα
1603 5147 1744 5219 μετά
1776 5147 2038 5203 κινδύνων

459 5236 839 5305 κατεδέξαντο·
884 5234 1027 5289 ὥστε
1063 5234 1115 5288 εί
1149 5234 1291 5306 μετά
1336 5235 1496 5305 λόγου
1539 5240 1847 5309 κρείττονος
1898 5240 2041 5297 αὐτά

457 5333 734 5404 κατεῖχον,
772 5326 1030 5384 τοσοῦτον
1057 5327 1242 5392 αὐτοῖς
1285 5328 1638 5398 ἐντραφέντες
1680 5332 1871 5402 χρόνον
1894 5374 1909 5398 ,
1940 5333 2041 5387 οὐκ

460 5414 529 5469 ἂν
569 5413 751 5470 αὐτῶν
782 5412 1143 5485 ἀπέστησαν,
1183 5410 1281 5466 καὶ
1322 5411 1561 5482 μάλιστα
1601 5414 1691 5467 ὅτε
1734 5415 1854 5469 οὐδὲ
1880 5416 2039 5470 ἀκιν-

457 5502 631 5568 δύνως
664 5503 970 5576 ἀποστῆναι
1003 5500 1153 5575 ἐνῆν.
1194 5498 1349 5555 Ἐπεὶ
1393 5499 1452 5554 δὲ
1488 5499 1736 5570 ἔγνωσαν
1778 5501 1840 5569 ἐξ
1868 5502 2041 5574 αὐτῆς

459 5597 570 5653 τῶν
604 5597 948 5669 πραγμάτων
977 5595 1075 5667 τῆς
1118 5594 1335 5667 φύσεως
1357 5634 1373 5662 ,
1402 5594 1485 5648 δτι
1514 5593 1687 5664 γέλως
1725 5598 1906 5650 ἐκεῖνα
1948 5597 2043 5651 καὶ

462 5685 660 5756 πλάνη,
691 5684 780 5739 διὰ
807 5685 967 5738 τοῦτο
1014 5684 1111 5739 καὶ
1160 5683 1411 5739 θανάτων
1448 5685 1891 5757 ἀπειλουμένων,
1931 5685 2041 5739 τῶν

465 5776 567 5845 μὲν
595 5770 841 5845 συνήθων
862 5773 1247 5847 ἀπεπήδησαν,
1271 5776 1350 5842 είς
1373 5776 1431 5830 δὲ
1451 5775 1522 5830 τά
1550 5776 1713 5831 καινά
1739 5776 2042 5848 ηὐτομόλη-

458 5885 573 5938 σαν,
601 5867 696 5925 ἀτε
724 5866 917 5925 τούτου
959 5865 1061 5940 μὶν
1082 5866 1174 5924 τοῦ
1200 5868 1470 5941 δόγματος
1498 5870 1637 5926 κατά
1665 5868 1829 5942 φύσιν
1858 5869 2029 5939 ὄντος,

2130 361 2347 417 ἐκείνου
2372 361 2430 416 δέ
2459 360 2615 434 παρά
2651 360 2839 432 φύσιν.
2893 359 3033 415 Ἀλλ’
3073 359 3283 415 οίκέται
3306 400 3322 427 ,
3351 360 3554 432 φησὶν,
3578 356 3723 439 ἦσαν

2129 450 2180 505 οί
2209 449 2546 517 πεισθέντες,
2574 450 2672 505 καὶ
2695 446 2957 519 γυναῖκες
2979 451 3076 505 καὶ
3103 449 3284 504 τίτθαι
3308 450 3407 505 καὶ
3437 455 3596 521 μαῖαι
3625 457 3719 511 καὶ

2131 538 2398 609 εὐνοῦχοι.
2425 538 2678 594 Μάλιστα
2721 538 2822 609 μὲν
2856 537 2960 592 οὐκ
2986 537 3096 592 ἀπὸ
3120 537 3329 593 τούτων
3358 540 3492 610 ἡμῖν
3520 542 3554 611 ἠ
3595 542 3718 597 Ἑκ-

2132 630 2337 701 κλησία
2363 631 2666 702 συνέστηκε
2701 631 2885 702 μόνον,
2909 631 3005 685 καὶ
3036 630 3199 686 τοῦτο
3225 630 3387 703 δῆλον
3410 632 3640 687 ἅπασιν·
3671 636 3723 690 εί

2126 719 2184 773 δέ
2232 719 2345 774 ἀπὸ
2379 720 2591 775 τούτων
2620 760 2638 787 ,
2683 720 2844 775 τοῦτο
2879 721 3122 792 μάλιστά
3158 724 3275 776 ἐστι
3320 721 3382 775 τὸ
3420 722 3614 779 ποιοῦν
3662 725 3725 779 τὸ

2128 811 2392 884 κήρυγμα
2423 810 2539 885 [65]
2571 811 2907 882 θαυμαστὸν,
2942 814 3027 867 ὅτι
3065 811 3292 867 τοιαῦτα
3326 813 3601 885 δόγματα,
3633 811 3724 871 οἷα

2128 902 2358 957 Πλάτων
2392 902 2500 957 ’καὶ
2545 903 2597 956 οί
2634 904 2756 957 κατ’
2791 904 3000 962 ἐκεῖνον
3048 904 3150 958 οὐκ
3194 906 3425 976 ίσχυσαν
3469 907 3723 978 ἐννοῆσαι

2128 990 2263 1055 ὅλως
2287 1000 2329 1058 ⁸,
2365 990 2628 1065 ἐξαίφνης
2669 992 2894 1063 ίσχυσαν
2923 996 2972 1048 οί
3004 994 3199 1059 ἀλιεῖς,
3226 994 3289 1048 τὸ
3328 997 3549 1052 πάντων
3574 998 3725 1070 ἀμα-

2129 1083 2389 1139 θέστατον
2414 1084 2595 1155 γένος,
2642 1084 2853 1140 πείθειν
2894 1085 3319 1151 καταδέξασθαι.
3350 1087 3487 1141 Οὐδέ
3530 1089 3638 1162 γὰρ
3670 1091 3723 1145 εί

2130 1176 2429 1249 φρονίμους
2478 1177 2707 1232 ῐπεισαν
2768 1177 2961 1249 μόνον,
2996 1177 3139 1231 οὐτω
3189 1177 3503 1250 θαυμαστὸν
3540 1175 3609 1252 ἦν
3658 1180 3724 1235 τὸ

2130 1265 2374 1335 γεγονόςο
2405 1265 2599 1334 ἐπειδὴ
2627 1265 2685 1320 δὲ
2712 1266 2931 1330 οίκέτας
2960 1266 3056 1319 καὶ
3084 1264 3274 1331 τίτθας
3306 1269 3401 1321 καὶ
3428 1268 3721 1339 εὐνούχους

2131 1359 2214 1422 είς
2237 1356 2493 1412 τοσοῦτον
2512 1359 2722 1431 ἤγαγον
2744 1358 3082 1429 φιλοσοφίας.
3110 1359 3186 1424 ώς
3211 1360 3466 1429 ἀγγέλοις
3494 1361 3724 1433 ἐφαμίλ⁹

2130 1446 2258 1512 λους
2289 1449 2535 1519 ποιῆσαι,
2566 1450 2836 1523 μεγίστην
2855 1450 2955 1522 τῆς
2982 1450 3133 1514 θείας
3158 1451 3425 1521 ὲμπνοίας
3459 1453 3724 1522 παρεῖχον

2131 1540 2425 1607 ἀπόδειξιν.
2464 1542 2576 1595 Καὶ
2614 1543 2726 1616 7&9
2770 1545 2820 1597 εί
2853 1544 2955 1614 μὲν
2993 1542 3188 1613 εὐτελῆ
3232 1559 3355 1596 τινα
3399 1542 3722 1609 ἐπέταττον,

2133 1625 2247 1703 εῐχε
2267 1631 2426 1702 λόγον
2449 1635 2580 1699 ίσως
2597 1634 2659 1689 τὸ
2675 1634 2777 1707 τὴν
2798 1634 3004 1690 τούτων
3025 1632 3198 1689 πειθὼ
3216 1635 3299 1698 είς
3321 1632 3600 1698 ἀπόδειξιν
3621 1633 3723 1704 τῆς

2131 1721 2411 1788 εὐτελείας
2434 1723 2542 1779 τῶν
2568 1724 2880 1796 λεγομένων
2904 1723 3329 1797 προϐάλλεσθαιο
3353 1724 3404 1777 εί
3423 1723 3481 1777 δὲ
3506 1723 3724 1795 μεγάλα

2134 1814 2231 1871 καὶ
2259 1814 2441 1886 ὑψηλά
2467 1817 2561 1870 καὶ⁵
2586 1816 2939 1890 ἀνθρωπίνην
2966 1816 3153 1888 σχεδὸν
3181 1816 3586 1889 ὑπερϐαίνοντα
3615 1814 3723 1885 φύ-

2136 1922 2243 1974 σιν,
2278 1908 2374 1961 καὶ
2410 1907 2624 1979 ὑψηλῆς
2656 1907 2887 1980 δεόμενα
2915 1908 3156 1972 διανοίας
3194 1907 3585 1979 ἐφιλοσόφουν,
3611 1906 3726 1978 ὅσῳ

2136 1998 2205 2053 ἂν
2231 1998 2415 2072 δείξῃς
2434 1998 2701 2070 ἀνοήτους
2723 1998 2854 2062 τούς
2883 1999 3229 2064 πεισθέντας,
3255 1999 3496 2068 τοσούτῳ
3521 1997 3724 2070 μᾶλλον

2135 2089 2511 2154 ἀποδεικνύεις
2542 2090 2741 2158 σοφοὺς
2778 2090 2873 2143 καὶ
2917 2090 3068 2154 θείας
3097 2090 3322 2163 χάριτος
3353 2087 3725 2161 πεπληρωμέ-

2137 2197 2262 2245 νους
2288 2180 2416 2245 τοὺς
2451 2180 2770 2244 πείσαντας.
2808 2179 2974 2234 Ἀλλά
2999 2184 3065 2253 τῇ
3096 2181 3373 2254 ὑπερϐολῇ
3403 2181 3515 2236 τῶν
3546 2183 3721 2252 ἐπαγ·
3760 2198 3763 2203 ·

2132 2270 2353 2340 γελιῶν,
2378 2270 2565 2342 φησὶν,
2591 2270 2839 2324 ἔπεισαν.
2870 2271 3014 2325 Αὐτὸ
3043 2272 3100 2325 δὲ
3129 2270 3288 2326 τοῦτο
3309 2272 3372 2325 οὐ
3396 2271 3720 2343 θαυμάζεις,

2136 2362 2257 2416 είπέ
2308 2379 2421 2432 μοι,
2472 2363 2589 2426 πῶς
2641 2362 2871 2416 ἔπεισαν
2931 2362 3076 2433 μετά
3129 2362 3358 2418 θάνατον
3411 2363 3723 2439 προσδοκᾷν

2138 2452 2349 2509 ἔπαθλα
2381 2455 2476 2508 καὶ
2505 2453 2777 2526 ἀμοιϐἀς;
2820 2452 2962 2524 Ἐγὼ
2991 2454 3105 2527 γάρ
3128 2454 3261 2510 αὐτὸ
3290 2454 3447 2509 τοῦτο
3480 2453 3721 2525 ἐκπλήτο

2137 2562 2327 2617 τομαι.
2389 2544 2550 2598 Ἀλλά
2601 2546 2697 2599 καὶ
2740 2544 2902 2599 τοῦτο
2934 2545 3040 2600 ὐπὸ
3074 2546 3293 2610 ἀνοίας,
3352 2544 3508 2616 φησί.
3551 2544 3723 2611 Ποίας

2138 2637 2346 2701 ἀνοίας,
2385 2636 2509 2690 είπέ
2543 2653 2656 2708 μοι,
2685 2635 2882 2701 ταῦτα,
2916 2637 3000 2691 ὅτι
3036 2637 3071 2708 η
3110 2635 3257 2707 ψυχὴ
3288 2635 3579 2701 ἀθάνατος,
3624 2636 3724 2689 καὶ

2136 2727 2487 2799 δικαστήριον
2512 2727 2809 2783 ἀδέκαστον
2845 2728 2987 2798 μετά
3006 2728 3096 2782 τὸν
3123 2727 3361 2782 ἐνταῦθα
3383 2728 3531 2798 ἡμᾶς
3552 2727 3720 2799 λήψε-

2135 2833 2228 2871 ται
2260 2817 2395 2888 βίον,
2428 2821 2524 2873 καὶ
2553 2819 2787 2884 εὐθύνας
2821 2819 2918 2873 καὶ
2955 2818 3217 2891 ῥημάτων
3251 2818 3345 2872 καὶ
3375 2817 3720 2890 πραγμάτων

2138 2908 2233 2961 καὶ
2279 2907 2497 2962 ἐννοιῶν
2533 2907 2779 2979 δώσομεν
2819 2907 2897 2979 τῷ
2938 2908 3008 2961 τά
3041 2907 3335 2981 ἀπόρρητα
3378 2908 3542 2962 είδότι
3575 2906 3716 2980 Θεῷ,

2137 3000 2382 3063 καὶτοὺς
2416 2999 2518 3071 μὲν
2552 3000 2759 3063 κακοὺς
2785 2997 3036 3071 ὀψόμεθα
3066 2999 3488 3070 κολαζομένους,
3508 3000 3635 3064 τοὺς
3658 3000 3719 3057 δέ

2137 3093 2377 3164 ἀγαθοὺς
2416 3092 2923 3163 στεφανουμένους;
2963 3090 3150 3145 Ταῦτα
3185 3092 3294 3163 γὰρ
3328 3091 3453 3163 οὐχὶ
3495 3092 3716 3159 ἀνοίας,

2138 3183 2276 3239 ἀλλά
2307 3187 2407 3255 τῆς
2437 3182 2707 3253 μεγίστης
2740 3180 2858 3234 ἐστὶ
2890 3180 2917 3220 δ
2944 3179 3287 3250 φιλοσοφίας.

2210 3276 2277 3331 θ’.
2320 3274 2463 3329 Δύτὸ
2477 3271 2570 3327 οὖν
2598 3272 2777 3337 τοῦτο,
2806 3271 2928 3326 εἰπέ
2966 3289 3078 3343 μοι,
3116 3271 3179 3326 τὸ
3216 3275 3574 3345 καταφρονεῖν
3610 3273 3724 3334 τῶν

2139 3367 2445 3440 παρόντων,
2481 3366 2541 3419 τὸ
2576 3365 2723 3436 μέγα
2752 3363 3001 3435 νομίζειν
3028 3363 3254 3437 ἀρετὴν,
3284 3361 3344 3419 τὸ
3377 3366 3453 3437 μὴ
3481 3365 3551 3421 τά
3584 3362 3725 3422 ἆθλα

2139 3458 2373 3515 ἐνταῦθα
2394 3457 2603 3530 ζητεῖν,
2618 3456 2758 3511 ἀλλά
2777 3456 3094 3529 περαιτέρω
3114 3458 3364 3529 προϊέναι
3382 3460 3507 3521 ταῖς
3521 3457 3723 3526 ἐλπίσι,
3770 3442 3773 3445 ’

2140 3554 2236 3607 καὶ
2262 3552 2442 3624 ψυχὴν
2475 3549 2648 3615 οὕτως
2684 3548 2903 3604 εὕτονον
2940 3548 3087 3620 ἔχειν
3120 3550 3216 3603 καὶ
3246 3549 3473 3621 πιστὴν,
3506 3550 3584 3614 ὡς
3615 3568 3725 3622 μη-

2138 3644 2253 3700 δενὶ
2278 3645 2389 3697 τῶν
2418 3643 2705 3714 παρόντων
2735 3640 2926 3695 δεινῶν
2954 3640 3095 3715 πρὸς
3124 3641 3226 3705 τάς
3257 3641 3558 3713 μελλούσας
3585 3659 3727 3715 παρ-

2140 3735 2530 3807 εμποδίζεσθαι
2584 3733 2828 3797 ἐλπίδας,
2881 3732 3058 3804 πόσης
3103 3732 3171 3786 ἂν
3225 3734 3311 3804 είη
3369 3733 3723 3805 φιλοσοφίαςς

2155 3828 2315 3883 Ἀλλά
2358 3828 2539 3900 βούλει
2581 3828 2677 3881 καὶ
2710 3826 2892 3880 αὐτῶν
2933 3824 3046 3879 τῶν
3094 3826 3439 3896 ἐπαγγελιῶν
3482 3828 3576 3881 καὶ
3617 3826 3725 3879 τῶν

2141 3922 2505 3995 προρρήσεων
2542 3920 2735 3992 μαθεῖν
2777 3919 2876 3990 τὴν
2914 3916 3181 3988 δύναμιν,
3212 3921 3307 3973 καὶ
3335 3920 3434 3992 τὴν
3465 3919 3723 3992 ἀλήθειαν

2139 4010 2251 4065 τῶν
2282 4010 2390 4081 πρὸ
2425 4009 2651 4073 τούτων,
2686 4007 2797 4062 τῶν
2827 4009 2967 4079 μετά
3015 4010 3222 4074 ταύτας
3266 4009 3375 4063 Θέα
3412 4026 3503 4080 μοι
3537 4010 3725 4081 σειρὰν

2141 4104 2349 4177 χρυσῆν
2397 4100 2740 4172 πλεκομένην
2773 4100 3035 4165 ποικίλως
3078 4100 3141 4166 ἐξ
3187 4101 3381 4173 ἀρχῆς.
3437 4097 3571 4155 Εῐπέ
3600 4118 3724 4155 τινα

2141 4196 2327 4258 αὐτοῖς
2365 4194 2496 4266 περὶ
2539 4192 2735 4247 ἑαυτοῦ
2781 4193 2880 4247 καὶ
2924 4193 3055 4265 περὶ
3099 4192 3210 4246 τῶν
3254 4193 3590 4264 Ἐκκλησιῶν
3627 4194 3724 4247 καὶ

2144 4281 2274 4351 περὶ
2320 4278 2432 4335 τῶν
2468 4277 2772 4351 μελλόντων
2814 4278 3183 4350 πραγμάτων,
3220 4278 3316 4331 καὶ
3347 4276 3519 4350 λέγων
3560 4278 3722 4334 ἐθαυ-

2146 4374 2320 4444 ματού
2329 4390 2472 4445 ργει.

2212 4465 2421 4520 οὐκοῦν
2456 4462 2568 4519 ἀπὸ
2607 4462 2707 4535 τῆς
2739 4460 3019 4526 ἐκϐάσεως
3054 4458 3166 4515 τῶν
3212 4458 3516 4531 εἰρημένων
3560 4458 3723 4530 δῆλον

2142 4561 2225 4614 ὅτι
2257 4558 2354 4611 καὶ
2383 4557 2452 4611 τά
2481 4555 2737 4629 θαύματα
2766 4554 2943 4627 ἀληθῆ
2964 4595 2982 4624 ,
3017 4555 3112 4609 καὶ
3146 4552 3217 4607 τὰ
3256 4551 3521 4624 μέλλοντα
3549 4552 3725 4622 ἐπηγ-

2145 4651 2401 4723 γελμένα.
2439 4651 2558 4704 ἰνα
2586 4648 2644 4703 δὲ
2668 4648 2764 4701 καὶ
2790 4647 3127 4719 σαφέστερον
3152 4644 3378 4716 γένηται
3404 4642 3466 4698 τὸ
3488 4643 3725 4716 λεγόμε-

2140 4761 2252 4811 νον,
2269 4744 2357 4796 ἐπ’
2386 4740 2566 4797 αὐτῶν
2586 4739 2723 4796 αὐτὸ
2742 4740 2957 4812 ποιήσω
2969 4738 3079 4793 τῶν
3098 4736 3446 4809 πραγμάτων
3466 4736 3721 4808 φανερόν.

2156 4837 2443 4908 Ἀνέστησε
2487 4832 2581 4887 τὸν
2620 4834 2871 4906 Λάζαρον
2931 4832 3141 4903 ῥήματι
3194 4829 3346 4900 μόνῳ
3395 4827 3571 4901 ψιλῷ,
3630 4829 3725 4883 καὶ

2142 4931 2325 4998 ζῶντα
2377 4927 2616 4995 ἔδειξεν·
2668 4922 2791 4980 εἶπε
2844 4924 3029 4990 πάλιν,
3079 4924 3162 4978 ὅτι
3207 4923 3404 4977 Πύλαι
3449 4920 3600 4989 ᾅδου
3650 4921 3724 4977 οὐ

2141 5020 2591 5091 κατισχύσουσι
2620 5016 2731 5087 τῆς
2771 5015 3156 5084 Ἐκκλησίαςθ
3182 5013 3301 5079 καὶ,
3326 5014 3411 5067 ὅτι
3450 5012 3514 5066 ’0
3541 5027 3723 5067 κατα-

2139 5110 2336 5170 λιπὼν
2367 5107 2594 5177 πατέρα
2630 5109 2668 5176 ἢ
2702 5104 2933 5177 μητέρα
2978 5103 3581 5160 ἑκατονταπλασίονα
3610 5101 3721 5171 .17}-

2140 5203 2317 5272 ψεται
2347 5200 2418 5254 έν
2445 5197 2525 5265 τῷ
2553 5196 2722 5252 αιῶνι
2751 5198 2962 5261 τούτῳ,
2991 5196 3091 5250 καὶ
3123 5194 3277 5263 ζωὴν
3305 5192 3548 5250 αίώνιον
3575 5199 3727 5266 κλη-

2132 5292 2486 5364 ρονομήσει.
2528 5289 2740 5345 Οὐκοῦν
2772 5289 2834 5343 τὸ
2866 5289 2965 5361 μὲν
2998 5287 3188 5361 θαῦμα
3215 5287 3295 5355 ἒν,
3328 5286 3391 5340 τὸ
3417 5287 3511 5343 τού
3542 5285 3726 5351 Λαζά-

2142 5402 2240 5458 ρου
2261 5402 2275 5417 ’
2307 5385 2367 5438 αί
2399 5384 2458 5438 δὲ
2501 5383 2841 5455 προρρήσεις
2875 5379 2991 5445 δύο,
3024 5381 3059 5450 ἠ
3099 5380 3199 5453 μὲν
3240 5378 3480 5435 ἐνταῦθα
3506 5378 3723 5431 δεικνυ-

2144 5475 2304 5549 μένη,
2332 5475 2367 5546 ἠ
2390 5474 2447 5529 δέ
2470 5474 2529 5528 ἐν
2545 5472 2626 5544 τῷ
2648 5472 2920 5545 μέλλοντι.
2941 5471 3144 5524 Σκόπει
3162 5470 3342 5524 τοίνυν
3365 5469 3485 5531 πῶς
3505 5469 3727 5522 ἃπαντα

2140 5568 2209 5623 δι’
2226 5568 2474 5639 ἀλλήλων
2488 5564 2982 5628 κατασκευάζεται.
3011 5564 3075 5616 El
3094 5562 3195 5633 μὲν
3212 5562 3323 5633 γάρ
3340 5577 3425 5626 τις
3442 5557 3726 5627 ἀπιστοίη,

2140 5660 2223 5715 ὃτι
2252 5659 2503 5729 Λάζαρος
2532 5658 2733 5728 ἀνέστη
2753 5695 2769 5722 ,
2803 5655 2911 5711 ἀπὸ
2938 5657 3037 5727 τῆς
3072 5655 3435 5728 προρρήσεως
3465 5651 3565 5723 τῆς
3594 5648 3730 5721 περὶ

2207 5827 2226 5849 ο
2257 5817 2428 5867 Deerat
2450 5815 2591 5870 ὅλως.
2656 5812 2686 5853 1)
2707 5814 2825 5863 Post
2847 5813 2974 5861 hanc
2998 5821 3170 5872 sjocem
3190 5807 3325 5860 addit
3346 5806 3540 5872 Regius
3568 5805 3723 5861 codex

2150 5880 2205 5930 τὸ
2230 5879 2281 5929 δὲ
2317 5876 2540 5928 τάναντία
2564 5876 2743 5927 τούτων
2770 5876 2972 5940 νομίζειν
3004 5871 3181 5929 ἀνοίας.
