4100 6214
328 334 397 393 65
1397 330 1460 386 IN
1500 328 1763 387 EPISTJ
1828 328 1917 383 All
1956 328 2111 385 (20R.
2155 329 2366 387 IIOMII.
2432 332 2542 391 VII.
3541 345 3611 402 σθ

322 459 439 525 εει.
468 469 581 513 non
600 451 942 520 dubitaverit,
965 464 1071 506 non
1099 446 1498 520 repudiaverit?
1519 448 1768 503 Attamen
1797 461 1906 502 non

319 549 487 607 modo
528 562 637 602 non
665 545 1078 616 obtorpuerunt,
1113 555 1219 596 non
1249 540 1410 595 modo
1450 553 1556 594 non
1586 546 1914 610 respuerunt

322 638 443 693 hare
469 636 787 699 audientes;
819 631 913 688 sed
937 631 1099 687 etiam
1126 628 1498 696 accurrebant,
1537 637 1593 685 et
1616 627 1686 684 ad
1731 627 1914 698 gravia

318 729 653 793 insiliehant,
688 740 753 781 ac
793 740 915 795 quae
950 721 1397 794 przceipiebantur
1421 720 1768 791 arripiebant.
1800 721 1914 775 Au-

314 821 441 877 dire
466 829 646 874 autem
666 816 822 879 illud,
856 815 929 871 De
954 815 1098 870 omni
1122 813 1284 869 verbo
1303 813 1479 871 otioso
1504 813 1767 868 rationem
1793 811 1913 867 red-

317 911 485 968 dituri
512 925 700 964 sumus
726 905 942 979 (Matth.
975 904 1061 961 12.
1087 903 1179 977 36)
1207 920 1225 970 ;
1254 914 1327 970 et,
1359 903 1463 970 Qui
1486 903 1694 972 respicit
1723 901 1911 957 mulie-

318 1017 431 1056 rem
457 999 530 1053 ad
561 997 1014 1067 concupiscendum
1048 1013 1180 1060 eam,
1208 996 1325 1066 jam
1366 994 1643 1049 malimus
1680 1002 1753 1049 est
1799 1008 1912 1048 eam

300 1094 558 1165 '(Jlattlt.
592 1095 648 1149 5.
691 1092 841 1162 28);
886 1099 976 1153 et.
1023 1089 1124 1157 Qui
1161 1089 1408 1143 irascitur
1451 1097 1689 1155 temere,
1722 1087 1773 1141 in
1814 1102 1910 1157 ge—

318 1188 561 1245 hennam
589 1183 784 1239 incidet
807 1198 823 1248 ;
849 1197 1010 1252 quem
1032 1195 1138 1235 non
1166 1179 1433 1250 abegisset
1457 1192 1646 1234 eorum
1666 1176 1758 1247 qui
1786 1186 1913 1233 tunc

317 1276 519 1332 erant?
549 1279 795 1330 Attamen
835 1287 1027 1327 omnes
1069 1271 1443 1334 accurrebant,
1476 1278 1532 1325 et
1559 1269 1712 1324 multi
1747 1269 1908 1325 etiam

315 1379 474 1439 septa
507 1366 896 1422 trausiliebant.
927 1364 1062 1432 Quid
1088 1378 1217 1433 ergo
1240 1363 1361 1417 illos
1382 1360 1665 1416 inducebat
1684 1362 1710 1413 'l
1729 1375 1909 1416 annon

313 1460 492 1516 virtus
518 1459 636 1530 ejus
657 1459 745 1529 qui
778 1456 1183 1528 praedicabatur,
1208 1462 1265 1509 ut
1290 1454 1462 1524 palam
1483 1461 1568 1507 est
1590 1455 1615 1505 Ἰ
1634 1451 1744 1506 Nisi
1765 1451 1910 1507 enim

316 1552 427 1606 hoc
446 1563 594 1607 esset
616 1561 675 1607 et
699 1549 1029 1605 contrarium
1057 1553 1221 1614 esset,
1244 1556 1301 1601 et
1329 1546 1401 1600 illi
1430 1544 1517 1601 isti
1548 1543 1794 1610 fuissent,
1819 1543 1907 1600 isti

314 1656 451 1697 vero
482 1642 601 1708 illi;
629 1656 697 1695 an
724 1640 915 1695 fuisset
940 1635 1094 1694 facile
1125 1646 1485 1708 repugnantes
1511 1634 1759 1691 trahere?
1792 1634 1907 1691 Dici

313 1744 469 1791 certe
490 1733 553 1788 id‘
567 1749 677 1788 non
705 1743 901 1803 poteSt.

388 1826 447 1881 8.
487 1825 675 1896 Itaque
709 1840 806 1895 per
846 1822 1023 1877 omnia
1064 1820 1368 1877 ostenditur
1392 1820 1626 1877 divinam
1652 1822 1905 1876 virtutem

316 1919 486 1975 fuisse
511 1934 633 1989 quae
660 1918 775 1972 hanc
802 1916 1043 1987 perfecit.
1075 1914 1208 1970 Nam
1236 1913 1397 1981 unde,
1437 1918 1638 1984 quaeso,
1682 1928 1907 1985 persua-

313 2018 507 2066 serunt
551 2008 803 2064 mollibus
831 2017 887 2063 et
910 2007 1296 2073 difﬂuentibus,
1337 2006 1404 2060 ad
1445 2009 1607 2060 vitam
1648 2005 1906 2060 ducentes

315 2103 507 2158 duram
532 2111 588 2157 et
614 2099 900 2170 asperam?
925 2098 1032 2155 Sed
1060 2108 1323 2169 pnccepta
1349 2096 1564 2168 quidem
1602 2094 1904 2166 huiusmodi

314 2206 473 2251 erant
502 2211 517 2247 :
550 2194 830 2249 videamus
859 2201 1037 2247 autem
1071 2207 1140 2246 an
1174 2191 1365 2262 dogma
1392 2194 1501 2245 vim
1546 2189 1767 2244 haberet
1791 2188 1909 2243 alli-

312 2284 518 2341 ciendi.
552 2285 710 2354 Atqui
738 2283 842 2339 hoc
871 2285 1042 2352 ipsum
1087 2283 1217 2336 satis
1243 2291 1359 2337 erat
1386 2282 1453 2335 ad
1492 2278 1785 2350 abigendos
1821 2278 1906 2333 in-

314 2376 532 2431 ﬁdeles.
591 2376 727 2442 Quid
772 2375 918 2430 enim
964 2373 1212 2428 dicebant
1257 2372 1313 2438 ii,
1362 2371 1453 2442 qui
1507 2369 1906 2442 praedicabant?

309 2469 650 2525 Cruciiixum
679 2481 799 2522 esse
829 2466 1159 2521 adorantium
1187 2463 1446 2534 illumque
1477 2464 1641 2518 Deum
1669 2476 1790 2517 esse
1816 2477 1906 2530 pu-

313 2560 569 2623 tandum,
600 2558 689 2627 qui
719 2574 783 2612 ex
830 2557 1013 2612 Iudaea
1058 2555 1285 2610 muliere
1313 2564 1468 2609 natus
1504 2562 1668 2609 esset.
1709 2552 1905 2623 Ecquis

310 2654 424 2707 illis
452 2651 795 2714 credidisset,
836 2649 938 2703 nisi
975 2655 1223 2702 movente
1251 2646 1429 2701 divina
1473 2645 1713 2701 virtute?
1750 2645 1903 2714 Quod

308 2744 465 2799 enim
499 2740 785 2796 cruciﬁxus
821 2749 875 2794 et
904 2739 1144 2809 sepultus
1171 2738 1379 2805 fuisset,
1407 2752 1598 2792 omnes
1626 2737 1900 2803 sciebant;

309 2834 459 2906 quod
476 2842 659 2888 autem
686 2830 1071 2888 resurrexisset
1093 2839 1151 2885 et
1175 2828 1527 2896 ascendisset,
1560 2839 1755 2901 praeter
1776 2844 1907 2898 apo-

311 2928 487 2981 stolus
538 2940 700 2979 nemo
735 2924 960 2979 viderat.
1003 2923 1072 2977 At
1109 2920 1391 2992 promissis
1433 2919 1556 2976 illos
1604 2919 1901 2991 erigebant,

314 3020 548 3089 inquies.
581 3027 639 3074 et
677 3017 960 3072 verborum
1003 3030 1138 3071 sono
1179 3014 1532 3086 deceperunt.
1578 3014 1689 3070 Iloc
1727 3015 1901 3084 ipsum

313 3126 447 3167 vero
477 3109 711 3164 maxime
757 3107 995 3163 ostendit
1036 3116 1235 3177 praeter
1271 3121 1334 3161 ea
1379 3105 1558 3160 omnia
1605 3122 1724 3176 quae
1762 3106 1902 3160 dicta

313 3210 463 3261 sunt.
510 3215 599 3255 res
627 3209 841 3254 nostras
880 3215 985 3252 non
1017 3212 1141 3254 esse
1182 3197 1461 3252 fallaciam.
1498 3196 1629 3251 Nam
1663 3196 1901 3251 difficilia

310 3293 494 3346 omnia
530 3291 656 3346 hinc
682 3289 1034 3354 eveniebant;
1073 3288 1222 3343 utilia
1252 3303 1381 3344 vero
1403 3297 1524 3358 post
1546 3289 1900 3343 resurrectio.

315 3399 440 3438 nem
481 3382 721 3453 promitti
749 3381 1050 3451 oportebat.
1094 3378 1208 3435 Hoc
1246 3380 1420 3451 ipsum
1461 3388 1663 3443 autem,
1710 3379 1902 3433 iterum

315 3477 520 3539 dicam,
540 3474 773 3529 ostendit
793 3471 1224 3547 prtedicationem
1246 3480 1484 3527 nostram
1503 3471 1736 3527 divinam
1757 3486 1899 3527 esse.

313 3571 422 3625 Cur
446 3571 595 3625 enim
626 3583 782 3624 nemo
806 3566 1138 3621 credentium
1162 3564 1319 3629 dixit,
1341 3562 1457 3619 Non
1483 3562 1706 3629 accedo,
1729 3576 1903 3634 neque

316 3660 456 3715 [ατη-ε
477 3674 702 3727 possunt
726 3674 742 3715 :
767 3654 1005 3713 difﬁcilia
1033 3653 1164 3711 mihi
1182 3650 1273 3711 hic
1290 3651 1662 3721 eomminaris,
1685 3660 1743 3709 et
1761 3652 1905 3709 bona

319 3750 440 3811 post
469 3740 923 3799 resurrectionem
964 3740 1267 3812 promittis?
1302 3741 1569 3795 undenam
1612 3738 1785 3810 liquet
1809 3752 1905 3794 re-

317 3831 708 3887 surrectionem
739 3829 971 3884 futuram
1014 3830 1174 3886 εεδεῖ
1204 3830 1327 3899 quis
1370 3844 1559 3885 eorum
1602 3829 1692 3900 qui
1718 3828 1908 3885 deces-

314 3929 505 3977 serunt
540 3920 730 3977 venit?
753 3922 872 3993 quis
914 3933 1246 3977 mortuorum
1293 3921 1631 3977 resurrexit?
1655 3920 1779 3992 quis
1807 3920 1908 3975 ho-

314 4026 433 4067 rum
454 4011 596 4067 dixit
616 4013 743 4083 quid
763 4013 995 4068 laturum
1018 4013 1088 4069 sit
1111 4021 1235 4085 post
1258 4022 1497 4069 nostrum
1521 4013 1646 4069 hinc
1669 4010 1904 4069 exitum?

315 4104 379 4157 At
418 4102 554 4159 nihil
597 4101 789 4159 horum
832 4102 1167 4175 cogitarunt;
1197 4102 1292 4159 sed
1321 4113 1376 4159 et
1401 4104 1609 4159 animas
1637 4103 1907 4161 dederunt

316 4208 409 4264 pro
458 4194 755 4251 Crucilixo.
806 4195 988 4267 Itaque
1029 4196 1132 4253 hoc
1180 4197 1354 4270 ipsum
1396 4197 1647 4255 maxime
1692 4197 1905 4255 virtutis

314 4296 448 4351 erat,
470 4287 619 4357 quod
646 4302 768 4344 cum
796 4288 928 4343 nihil
959 4288 1152 4345 horum
1181 4304 1434 4361 umquam
1462 4290 1765 4360 audissent,
1786 4300 1902 4349 sta-

316 4377 403 4431 tim
431 4378 506 4435 de
534 4380 699 4435 tantis
728 4380 889 4436 rebus
918 4381 1398 4452 persuaderentur,
1427 4389 1485 4440 et
1510 4396 1634 4440 sese
1675 4398 1905 4456 appara-

317 4479 429 4525 rent
459 4469 787 4527 utdiﬂieilia
830 4472 884 4527 in
933 4473 1361 4542 experimentum
1404 4476 1734 4546 acciperent,
1761 4475 1904 4533 bona

316 4573 440 4615 tero
471 4561 526 4615 in
552 4575 653 4630 spe
678 4560 958 4618 haberent.
990 4562 1047 4617 Si
1078 4572 1257 4619 autem
1300 4563 1555 4635 decipere
1583 4566 1904 4636 voluissent,

314 4651 645 4706 contrarium
675 4652 872 4708 facturi
920 4661 1102 4721 erant;
1136 4655 1222 4710 hic
1249 4654 1389 4711 bona
1431 4656 1825 4726 promisissent,
1848 4665 1905 4713 et

317 4742 573 4798 terribilia
622 4744 949 4814 tacuissent,
998 4754 1108 4802 tam
1158 4747 1444 4818 praesentia
1490 4764 1648 4820 quatn
1703 4749 1900 4806 futura.

317 4832 384 4891 Ita
425 4838 572 4893 enim
624 4838 804 4895 facere
845 4839 1024 4896 solent
1063 4841 1153 4912 qui
1193 4840 1473 4912 decipiunt
1497 4851 1553 4899 et
1576 4844 1899 4900 adulantur:

314 4927 444 4982 nihil
474 4943 746 4997 asperum.
776 4929 973 4986 durum
1004 4931 1090 4986 vel
1120 4946 1408 4988 onerosum
1456 4945 1779 5005 proponunt,
1807 4939 1903 4992 sed

310 5019 643 5075 wntrarlum
665 5031 871 5087 totum;
902 5021 1019 5078 haec
1044 5023 1246 5094 quippe
1270 5023 1480 5081 fallacia
1505 5038 1608 5081 est.
1632 5024 1736 5082 Sed
1765 5027 1905 5082 mul-

310 5120 498 5164 torum
518 5115 765 5179 amentia,
780 5114 1014 5184 inquies,
1036 5114 1160 5171 fecit
1181 5126 1237 5172 ut
1255 5116 1414 5173 dictis
1435 5116 1593 5174 fidem
1617 5118 1897 5175 haberent.

309 5201 454 5267 Quid
507 5200 679 5257 dicis?
713 5205 928 5274 quando
977 5207 1081 5263 sub
1130 5206 1337 5266 Graieis
1382 5208 1553 5277 fuere,
1598 5225 1703 5267 non
1748 5222 1905 5270 erant

310 5293 493 5361 stulti;
524 5292 625 5350 sed
651 5298 868 5367 quando
895 5298 963 5353 ad
996 5314 1095 5356 nos
1125 5302 1366 5357 trans'ati
1395 5311 1552 5367 sunt,
1583 5314 1709 5359 tunc
1750 5305 1902 5362 stulti

309 5388 637 5445 evaserunt?
665 5391 829 5462 Atqui
861 5408 969 5448 non
994 5393 1133 5448 alios
1165 5393 1432 5462 homines,
1468 5411 1642 5467 neque
1683 5412 1749 5453 ex
1795 5399 1905 5456 alio

311 5479 435 5534 urbe
449 5480 789 5548 accipientes
808 5484 1038 5554 apostoli
1057 5484 1124 5540 ad
1149 5484 1305 5541 iidem
1328 5485 1685 5545 deduxerunt.
1704 5490 1906 5559 Quam-

312 5587 463 5641 quam
489 5576 779 5646 gentilium
808 5578 1051 5633 instituta
1077 5578 1394 5650 simpliciter
1418 5582 1692 5650 tenebant,
1720 5594 1903 5642 nostra

313 5676 433 5718 vero
457 5678 587 5721 cum
614 5665 859 5737 periculo
882 5680 1234 5740 susceperunt
1261 5687 1277 5727 :
1301 5672 1481 5745 itaque
1502 5676 1548 5732 si
1569 5690 1691 5733 cum
1713 5678 1904 5749 majori

315 5754 509 5812 ratione
539 5755 634 5811 illa
668 5756 993 5828 tenuissent,
1013 5773 1137 5817 cum
1166 5769 1316 5820 tanto
1344 5774 1583 5830 tempore
1606 5769 1659 5828 in
1680 5770 1786 5829 illis
1816 5771 1897 5827 vi-

2023 443 2250 511 xissent,
2275 461 2385 501 non
2406 447 2475 501 ab
2497 446 2602 504 illis
2617 442 3027 517 abscessissent,
3056 463 3182 507 cum
3218 454 3454 510 maxime
3498 474 3605 515 non

2019 537 2222 607 absque
2245 539 2483 609 periculo
2514 542 2808 596 abscedere
2834 552 3074 611 possent.
3107 543 3398 616 Postquam
3424 562 3605 604 autem

2019 645 2085 687 ex
2117 630 2230 701 ipsa
2256 646 2436 686 rerum
2473 642 2661 687 natura
2689 643 3078 704 cognoverunt,
3105 637 3331 696 ridicula
3370 640 3456 695 illa
3483 656 3609 698 esse

2018 730 2073 775 et
2100 734 2287 776 errore
2316 721 2508 789 plena;
2538 721 2682 789 ideo,
2703 738 2825 779 cum
2853 724 3016 780 etiam
3046 728 3237 783 mortis
3256 730 3415 786 mina:
3442 732 3612 788 inten-

2020 816 2282 878 tarentur,
2312 825 2343 865 a
2368 813 2640 868 consuetis
2662 815 2987 883 resiliernnt,
3014 825 3069 873 et
3095 816 3164 873 ad
3190 834 3326 876 nova
3352 824 3609 895 confuge-

2018 911 2163 970 runt,
2204 912 2389 972 utpote
2435 919 2556 960 cum
2610 905 2711 961 hoc
2764 906 2956 978 dogma
3011 911 3302 967 secundum
3356 924 3601 971 naturam

2016 1002 2180 1058 esset,
2212 994 2343 1049 illud
2384 1011 2512 1051 vero
2556 1007 2751 1066 prteter
2774 1009 3041 1055 naturam.
3077 1002 3147 1057 At
3173 1003 3264 1072 qui
3289 1005 3603 1072 credebant,

2018 1082 2243 1154 inquies,
2262 1094 2417 1141 erant
2451 1086 2655 1152 famuli,
2684 1088 2957 1157 mulieres,
2988 1093 3246 1159 nutrices,
3284 1094 3603 1153 obstetrices

2015 1184 2071 1230 et
2092 1177 2345 1232 eunuchi.
2376 1181 2442 1233 At
2471 1194 2576 1233 non
2599 1194 2663 1235 ex
2703 1179 2787 1234 his
2812 1182 2987 1236 solum
3016 1182 3170 1239 nobis
3202 1186 3493 1243 constituta
3520 1197 3605 1244 est

2014 1265 2276 1332 Ecclesia,
2322 1268 2464 1337 quod
2497 1270 2680 1340 utique
2725 1280 2809 1326 est
2845 1272 3095 1328 omnibus
3136 1276 3476 1333 manifestum
3508 1296 3525 1332 :
3555 1279 3603 1336 si

2014 1364 2195 1410 autem
2239 1355 2307 1411 ab
2351 1356 2455 1422 his,
2489 1358 2590 1414 hoc
2649 1360 2881 1416 maxime
2938 1362 3374 1432 prmdicationem
3424 1367 3601 1422 admi-

2015 1445 2240 1502 rabilem
2284 1447 2498 1515 reddit,
2540 1450 2683 1520 quod
2731 1451 2858 1506 talia
2924 1451 3175 1523 dogmata
3203 1495 3220 1521 ,
3268 1471 3387 1526 qua:
3449 1458 3603 1515 Plato

2017 1548 2073 1597 et
2123 1542 2207 1598 sui
2265 1543 2523 1613 temporis
2579 1544 2671 1600 alii
2738 1546 3046 1617 excogitare
3106 1563 3213 1604 non
3270 1558 3600 1620 potuerunt,

2014 1636 2194 1690 statim
2239 1636 2511 1705 potuerint
2550 1638 2863 1707 piscatores,
2909 1642 3146 1696 omnium
3177 1643 3601 1704 indoctissimum

2012 1741 2202 1797 genus,
2224 1728 2291 1783 ad
2319 1729 2683 1799 recipiendum
2711 1731 2983 1789 inducere.
3015 1734 3198 1806 Neque
3216 1737 3380 1804 enim,
3402 1739 3447 1793 si
3470 1754 3603 1810 pru-

2013 1816 2262 1874 dentibus
2289 1820 2466 1875 solum
2512 1823 2927 1891 persuasissent,
2972 1824 3111 1881 adeo
3149 1826 3465 1885 admiranda
3512 1846 3602 1887 res

2014 1908 2241 1963 fuisset:
2271 1924 2400 1975 cum
2417 1926 2550 1965 vero
2588 1912 2835 1979 famulos,
2869 1917 3107 1971 nutrices
3136 1926 3190 1971 et
3216 1920 3495 1975 eunuchos
3531 1921 3601 1977 ad

2014 2008 2215 2054 tantam
2242 1999 2562 2056 deduxerint
2588 2003 3005 2073 philosophiam,
3038 2017 3095 2061 ut
3124 2008 3246 2063 illos
3268 2011 3473 2077 angelis
3500 2027 3601 2081 pa-

2016 2106 2103 2146 res
2130 2091 2376 2159 fecerint,
2410 2109 2655 2164 magnam
2687 2097 2966 2166 praebuere
2996 2098 3191 2154 divina:
3234 2101 3603 2171 inspirationis

2013 2181 2553 2242 demonstrationem.
2595 2187 2730 2242 Nam
2771 2189 2817 2244 si
2869 2190 2993 2244 vilia
3041 2192 3287 2261 quardam
3325 2196 3603 2265 praecepis-

2013 2284 2156 2341 sent,
2188 2284 2333 2331 esset
2376 2276 2515 2333 forte
2558 2280 2753 2334 rationi
2798 2291 3220 2338 consentaneum
3258 2300 3443 2342 eorum
3489 2304 3606 2359 per-

2014 2367 2319 2423 suasionem
2372 2368 2439 2424 ad
2498 2368 2967 2427 demonstrandam
3024 2372 3288 2430 ditiorum
3344 2378 3601 2434 vilitatem

2015 2458 2251 2526 prolerre
2282 2474 2294 2510 :
2320 2457 2364 2512 si
2392 2467 2570 2514 autem
2610 2476 2799 2531 magna
2826 2472 2879 2516 et
2919 2463 3165 2518 sublimia
3210 2465 3603 2541 humanamque

2014 2557 2257 2601 naturam
2286 2547 2396 2603 fere
2420 2551 2749 2619 superantia,
2773 2566 2892 2621 quae
2918 2553 3132 2608 sublimi
3159 2567 3337 2611 mente
3358 2572 3493 2628 Opus
3517 2559 3605 2614 ha-

2014 2639 2162 2706 bent,
2193 2640 2742 2712 philosophabamur;
2785 2659 2892 2715 quo
2919 2647 3088 2716 magis
3123 2648 3313 2703 stultus
3351 2652 3606 2710 ostendes

2013 2747 2107 2789 eos
2133 2735 2221 2805 qui
2251 2736 2489 2805 persuasi
2524 2745 2669 2804 sunt,
2717 2752 2783 2793 eo
2825 2740 2992 2810 magis
3036 2741 3307 2810 sapientes
3336 2754 3388 2797 et
3416 2744 3598 2800 divina

2013 2828 2182 2897 gratia
2213 2829 2447 2898 repletos
2485 2830 2738 2886 ostendes
2781 2846 2878 2887 eos
2917 2832 3007 2903 qui
3052 2846 3451 2903 persuaserunt.
3494 2837 3600 2894 Sd

2016 2918 2378 2989 magnitudine
2435 2920 2857 2991 promissorum,
2908 2923 3137 2993 inquies,
3198 2941 3599 2996 persuaserunt.

2016 3010 2096 3062 An
2128 3008 2228 3063 hoc
2268 3009 2441 3079 ipsum
2486 3025 2592 3065 non
2643 3011 2875 3075 miraris,
2920 3014 3191 3082 quomodo
3233 3019 3601 3085 persuaserint

2016 3102 2142 3169 illis,
2173 3114 2226 3157 ut
2255 3112 2376 3172 post
2403 3113 2630 3159 mortem
2675 3105 2892 3174 praemia
2919 3114 2973 3160 et
3006 3108 3283 3164 mercedes
3314 3120 3598 3181 exspecta-

2015 3196 2176 3249 rent?
2207 3196 2316 3265 Ego
2340 3210 2469 3251 vero
2495 3197 2593 3250 hac
2620 3196 2733 3265 ipsa
2772 3195 2839 3250 de
2882 3211 2941 3250 re
2979 3196 3321 3267 obstupesco.
3370 3200 3438 3256 At
3474 3201 3598 3270 hoc,

2015 3284 2245 3356 inquies,
2283 3301 2348 3342 ex
2387 3287 2653 3341 stultitia?
2681 3286 2945 3354 Quanam,
2986 3302 3171 3358 quaeso
3213 3298 3296 3355 te,
3349 3292 3596 3359 stultitia,

2013 3376 2154 3447 quod
2184 3377 2361 3431 anima
2392 3376 2707 3432 immortalis
2732 3376 2824 3441 sit,
2854 3386 2908 3432 et
2938 3377 3194 3447 judicium
3234 3380 3597 3454 incorruptum

2013 3476 2137 3536 post
2170 3466 2307 3522 hanc
2352 3468 2512 3522 vitam
2569 3482 2668 3522 nos
2713 3475 3062 3538 excepturum
3092 3480 3198 3535 est,
3254 3480 3310 3525 et
3359 3474 3597 3530 rationes

2013 3559 2321 3621 verborum,
2360 3573 2541 3614 rerum
2585 3568 2640 3615 et
2673 3559 3057 3630 cogitationum
3083 3559 3329 3619 dabimus
3371 3564 3480 3620 Deo
3508 3568 3596 3637 qui

2013 3648 2161 3702 novit
2182 3662 2402 3714 arcana,
2428 3657 2482 3703 et
2508 3648 2681 3705 malos
2708 3649 2924 3720 quidem
2952 3651 3186 3720 punitos,
3211 3651 3381 3709 bonos
3416 3664 3596 3710 autem

2008 3749 2295 3796 coronatos
2335 3738 2670 3798 videbimus?
2697 3743 2825 3801 Ilzec
2869 3747 3013 3801 enim
3058 3763 3167 3805 non
3197 3726 3584 3821 stultitim,‘sed

2003 3830 2253 3886 maxima:
2283 3833 2638 3903 philosophiae
2665 3843 2810 3891 sunt.
3058 3824 3085 3833 ”

2075 3918 2129 3974 9.
2162 3919 2272 3975 lloc
2302 3921 2486 3992 igitur,
2517 3922 2604 3981 die
2648 3925 2805 3995 mihi,
2834 3929 3118 3997 praesentia
3153 3946 3433 4002 spernere,
3473 3946 3591 3987 ma-

2004 4021 2161 4079 gnam
2207 4023 2323 4064 rem
2370 4024 2493 4064 csse
2544 4010 2797 4070 virtutem
2844 4024 3051 4086 putare.
3083 4033 3191 4073 non
3237 4020 3324 4074 hic
3366 4019 3589 4091 praemia

2002 4114 2266 4171 quaerere,
2292 4101 2386 4157 sed
2432 4100 2660 4159 ulterius
2702 4118 2800 4175 spe
2846 4107 3115 4177 progredi,
3142 4108 3484 4180 animamque
3510 4109 3592 4164 sie

2003 4200 2342 4247 constantem
2372 4200 2430 4248 et
2470 4193 2526 4250 in
2555 4193 2660 4251 ﬁde
2703 4195 2916 4251 ﬁrmam
2962 4206 3168 4262 tenere,
3197 4197 3268 4253 ita
3298 4206 3357 4253 nt
3381 4213 3412 4253 a
3442 4198 3588 4254 nullo

2003 4284 2269 4340 malorum
2298 4286 2645 4357 praesentium
2667 4288 2736 4345 ad
2758 4288 2990 4346 futuram
3029 4306 3182 4361 spem
3222 4291 3585 4362 impediatur:

2002 4375 2139 4443 hac,
2174 4378 2414 4447 inquam,
2458 4388 2673 4447 quanta
2720 4379 2919 4437 fuerint
2960 4381 3349 4453 philosophiae?
3374 4380 3480 4439 Sed
3507 4383 3591 4438 vis

2002 4466 2240 4538 ipsorum
2262 4471 2657 4541 promissorum
2678 4484 2733 4530 et
2759 4472 3167 4546 prmdictionnm
3192 4475 3299 4531 vim
3322 4474 3590 4543 ediscere,

2001 4571 2058 4618 et
2086 4563 2367 4620 veritatem
2396 4580 2584 4622 eorum
2629 4581 2751 4639 quae
2778 4577 3201 4639 praeesserunt,
3233 4579 3289 4626 et
3317 4585 3438 4642 qua:
3471 4578 3596 4641 post

2005 4653 2178 4711 futura
2201 4657 2366 4713 sunt?
2393 4657 2528 4717 Vide
2554 4660 2685 4717 mihi
2706 4671 2950 4719 catenam
2976 4677 3196 4719 auream
3222 4663 3371 4721 varie
3394 4662 3466 4720 ab
3492 4663 3597 4719 ini-

2002 4746 2079 4801 tiu
2107 4762 2428 4805 connexam.
2450 4750 2593 4807 Dixit
2621 4753 2727 4810 illis
2755 4756 2999 4827 quaadam
3020 4756 3088 4813 de
3107 4757 3288 4827 seipse
3314 4765 3373 4812 et
3395 4756 3466 4813 de
3494 4755 3598 4812 Ec-

2002 4838 2182 4894 clesiis
2203 4839 2381 4913 deque
2404 4844 2596 4901 tuturis
2625 4846 2821 4913 rebus;
2851 4855 2908 4902 et
2938 4847 3054 4902 hac
3077 4847 3309 4904 dicendo
3335 4845 3593 4906 miracula

2002 4930 2217 4987 edehat.

2074 5023 2264 5080 Christi
2308 5026 2543 5083 doctrina
2581 5037 2629 5083 et
2679 5028 2942 5085 miraculis
2986 5047 3054 5086 ea:
3090 5047 3156 5088 ea:
3201 5033 3596 5103 pradictioutms

2002 5124 2181 5170 eventu
2209 5120 2476 5173 asset-itur.
2494 5148 2566 5160 —
2583 5119 2661 5175 Ex
2687 5130 2883 5178 eventu
2913 5138 3045 5193 ergo
3073 5141 3284 5193 eorum,
3304 5144 3424 5199 quae
3450 5144 3594 5200 prte-

2002 5209 2144 5265 dicta
2172 5222 2320 5279 sunt,
2352 5211 2636 5283 perspicua
2669 5225 2792 5269 sunt
2821 5226 2875 5272 et
2904 5218 3158 5273 miracula
3187 5230 3241 5274 et
3268 5219 3444 5276 futura
3471 5235 3592 5290 pro-

2004 5302 2189 5358 missa.
2221 5303 2287 5359 Ut
2317 5313 2496 5361 autem
2524 5305 2726 5362 clarius
2767 5306 2838 5362 sit
2885 5307 2961 5375 id,
2990 5309 3131 5379 quod
3161 5310 3363 5365 dictum
3392 5320 3497 5374 est,
3527 5325 3594 5365 ex

2005 5393 2138 5464 ipsis
2178 5394 2339 5450 rebus
2390 5397 2516 5452 illud
2562 5399 2948 5469 comprobabo.
2996 5401 3285 5457 Suscitavit
3330 5402 3595 5457 Lazarum

2001 5484 2121 5540 solo
2171 5486 2356 5553 verbo,
2386 5494 2440 5542 et
2487 5488 2668 5543 vivum
2709 5489 2943 5545 ostendit
2975 5490 3149 5545 :dixit
3182 5506 3389 5559 rursus,
3419 5492 3596 5551 Porta

2001 5577 2155 5650 inferi
2177 5594 2277 5633 non
2304 5579 2651 5650 praevalebunt
2675 5581 2919 5637 adversus
2942 5580 3224 5637 Ecclesium
3257 5581 3475 5656 (Matth.
3504 5585 3593 5641 Ιϐ.

2006 5668 2129 5741 18);
2158 5678 2235 5737 et,
2260 5670 2362 5737 Qui
2390 5670 2596 5741 reliquit
2637 5681 2833 5742 patrem
2856 5681 2905 5727 et
2927 5683 3162 5741 matrem,
3184 5675 3477 5746 centuplum
3500 5690 3598 5730 ae-

2001 5760 2153 5832 ct'piet
2199 5761 2254 5818 in
2301 5760 2397 5818 Itoc
2441 5764 2663 5833 strculo,
2712 5771 2760 5819 et
2807 5763 2964 5819 vitam
3009 5773 3254 5822 teteruaut
3309 5765 3589 5840 possidebit
