4100 6214
339 289 410 348 67
1416 280 1480 335 ΙΝ
1517 277 1732 336 EPIST.’
1774 278 1796 333 I
1839 277 1930 332 AD

2044 276 2117 335 'R.
2159 276 2410 336 HOMIL.‘
2435 281 2572 339 VIII.
2942 289 2952 296 ”
3535 291 3603 347 08

327 419 430 487 τῆς
473 387 810 484 Ἐκκλησίας
843 411 1142 482 εἰρημένης
1178 408 1480 463 πιστευέτω
1519 408 1634 481 [64]
1675 406 1754 476 τῷ
1791 405 1921 461 θαύ-

332 515 489 572 ματι·
521 497 582 552 τὸ
609 496 720 567 γὰρ
750 495 857 567 πρὸ
879 495 1148 548 τοσούτων
1172 493 1364 563 λεχθέν
1387 493 1592 565 χρόνων
1612 493 1735 545 τότε
1758 491 1920 562 ἐξέϐη

228 632 236 638 .
330 585 427 637 καὶ
459 582 610 643 τέλος
645 578 826 632 ἔλαϐε·
866 578 1033 631 πύλαι
1063 577 1172 649 γὰρ
1204 576 1333 648 ᾆδου
1364 577 1463 648 τῆς
1510 574 1836 648 Ἐκκλησίας
1861 575 1920 627 οὐ

330 667 695 734 κατίσχυσαν.
746 662 806 715 ’0
845 662 1025 714 τοίνυν
1069 659 1377 732 ἀληθεύσας
1404 661 1460 713 ἐν
1492 655 1558 734 τῇ
1595 660 1921 732 προρρήσει,

331 749 560 818 εἱδηλον
610 747 695 800 ὅτι
745 745 841 798 καὶ
888 744 949 797 τὸ
980 743 1165 813 θαῦμα
1201 743 1529 814 εἰργάσατο·
1566 745 1594 796 ὁ
1624 741 1680 794 δὲ
1724 741 1819 795 καὶ
1863 739 1924 793 τὸ

334 830 436 884 θαῦ
447 848 522 900 μα
552 827 969 899 ἐργασάμενος,
1007 827 1104 880 καὶ
1141 826 1286 897 άπερ
1310 821 1464 879 εἶπεν
1493 827 1574 889 είς
1601 825 1756 888 τέλος
1782 824 1924 892 ἁγα-

335 916 470 983 γίυν,
505 913 731 981 εὔδηλον
757 911 838 966 ’ὁτι
873 913 969 964 καὶ
1001 903 1059 965 ἐν
1087 914 1153 983 τῇ
1183 911 1488 983 προρρήσει
1516 913 1584 981 τῇ
1612 909 1741 982 περὶ
1762 920 1789 949 α
1817 907 1926 961 τῶν

340 997 647 1068 μελλόντων
665 995 944 1067 ἀληθεύει,
969 994 1261 1062 λέγων,ὃτι
1289 991 1931 1048 Ἑκατονταπλασίονα

334 1082 600 1148 λήψεται
622 1121 636 1143 ,
674 1080 772 1132 καί
812 1078 968 1146 ζωὴν
993 1077 1233 1132 αἰώνιον
1263 1076 1705 1145 κληρονομήσει
1750 1077 1780 1128 ό
1819 1073 1929 1126 τῶν

338 1163 633 1234 παρόντων
680 1161 977 1231 ὑπεριδών.
1029 1161 1110 1214 Τὰ
1147 1160 1258 1232 γάρ
1293 1159 1392 1231 ἤδη
1437 1157 1784 1229 γεγενημένα
1833 1157 1930 1210 καὶ

337 1248 646 1316 εἰρημένα,
682 1246 917 1315 ἐνέχυρα
974 1244 1209 1316 μέγιστα
1250 1242 1358 1296 τῶν
1405 1242 1709 1312 μελλόντων
1756 1241 1931 1312 ἐκϐή-

339 1329 537 1382 σεσθαι
572 1330 792 1384 δέδωκε.
823 1327 1012 1382 Ταῦτα
1044 1328 1222 1382 τοίνυν
1251 1326 1471 1381 ἅπαντα
1500 1327 1594 1380 καὶ
1622 1324 1692 1378 τὰ
1717 1324 1932 1388 τούτοις

338 1412 560 1466 ἐοικότα
589 1414 699 1466 ἀπὸ
723 1411 829 1464 τῶν
854 1410 1205 1479 Εὑαγγελίων
1236 1409 1661 1478 συναγαγόντες,
1682 1408 1930 1490 λέγωμεν

339 1502 480 1570 πρὸς
512 1495 736 1558 αὐτοὺς,
773 1495 866 1546 καὶ
890 1493 1337 1563 ἐπιστομίζωμεν
1367 1492 1587 1556 αύτούς.
1615 1493 1678 1545 EI
1705 1491 1762 1543 δὲ
1783 1490 1931 1558 λέγοι

341 1601 426 1645 τις
449 1623 464 1645 ,
499 1580 626 1642 Πῶς
670 1573 764 1631 οὖν
806 1577 906 1630 οὐκ
940 1576 1174 1646 ἐσϐέσθη
1204 1577 1391 1630 τέλεον
1437 1577 1471 1647 ἡ
1503 1574 1720 1645 πλάνη;
1755 1575 1933 1627 ἐκεῖνο

342 1667 410 1719 ἂν
461 1665 737 1732 εἴποιμεν,
781 1662 859 1713 ’ότι
901 1659 1091 1730 Ὑμεῖς
1120 1658 1308 1725 αἴτιοι,
1338 1661 1385 1712 οί
1429 1659 1566 1730 πρὸς
1599 1658 1696 1728 τὴν
1723 1656 1931 1710 ἑαυτῶν

346 1743 740 1810 στασιάζοντες
789 1743 1096 1815 σωτηρίαν·
1139 1743 1264 1797 ἐπεὶ
1291 1745 1319 1796 ὁ
1360 1742 1492 1806 Θεὸς
1518 1741 1588 1795 τὰ
1627 1742 1932 1813 πράγματα

342 1835 516 1894 οὔτως
563 1828 941 1900 ᾠκονόμησεν,
968 1827 1044 1890 ὼς
1079 1826 1216 1898 μηδέ
1249 1825 1502 1896 λείψανον
1541 1825 1931 1894 ὑπολειφθῆναι

343 1921 442 1987 τῆς
483 1913 766 1976 ἀσεϐείας.
829 1910 1310 1982 Ἀναλογισώμεθα
1341 1910 1520 1964 τοίνυν
1553 1909 1622 1963 τὰ
1653 1909 1934 1982 ἐίρημένα

345 1995 433 2052 διὰ
468 1998 742 2069 βραχέων.
777 1996 945 2048 Ποίαν
984 1994 1094 2065 ἔχει
1134 1994 1299 2064 φύσιν
1334 1993 1405 2048 τὰ
1438 1993 1776 2066 πράγματα;
1807 1993 1936 2054 τοὺς

347 2082 600 2145 ἀσθενεῖς
637 2080 744 2133 ὑπὸ
777 2078 885 2132 τῶν
917 2077 1156 2132 δυνατῶν
1191 2077 1478 2148 ἡττᾶσθαι,
1524 2078 1558 2149 ἢ
1595 2075 1934 2141 τούναντίον;

345 2169 474 2231 τοὺς
505 2167 572 2219 τά
609 2165 809 2218 εὑκολα
851 2163 1132 2232 λέγοντας,
1166 2163 1199 2235 ἢ
1251 2164 1377 2226 τοὺς
1415 2163 1484 2216 τὰ
1534 2159 1935 2233 χαλεπώτερα;

347 2253 474 2314 τοὺς
515 2250 655 2321 μετὰ
704 2249 969 2301 κινδύνων
1002 2247 1260 2309 ἕλκοντας
1281 2287 1294 2309 ,
1326 2246 1359 2316 ἢ
1394 2245 1520 2307 τοὺς
1555 2243 1694 2314 μετὰ
1723 2242 1935 2306 ἁδείας;

347 2335 473 2396 τοὺς
497 2331 982 2402 καινοτομοῦντας,
1005 2329 1038 2399 ἢ
1066 2330 1191 2392 τοὺς
1208 2331 1306 2400 τὴν
1336 2328 1625 2399 συνήθειαν
1647 2325 1939 2396 κρατύνον·

349 2435 484 2486 ταςς
542 2417 671 2478 τοὺς
722 2415 816 2468 ἐπὶ
863 2416 1154 2485 τραχεῖαν,
1202 2413 1234 2483 ἢ
1285 2413 1412 2474 τοὺς
1459 2413 1553 2464 ἐπὶ
1608 2409 1706 2480 τὴν
1751 2410 1939 2481 ῥᾳδίαν

352 2501 590 2567 ἄγοντας
638 2499 790 2564 ὁδόν;
841 2497 966 2559 τοὺς
1020 2495 1126 2549 τῶν
1179 2495 1447 2566 πατρῴων
1501 2491 1937 2563 άφιστῶντας,ῆ

347 2585 481 2646 τοὺς
505 2583 568 2634 οὗ
601 2581 727 2644 ξένα
746 2578 1207 2649 νομοθετοῦντας;
1239 2580 1364 2641 τοὺς
1397 2576 1536 2647 μετὰ
1563 2576 1663 2647 τὴν
1692 2574 1940 2627 ἐντεῦθεν

349 2665 676 2736 ἀποδημίαν
707 2664 881 2717 πάντα
904 2661 1376 2733 ὑπισχνουμένους
1396 2659 1466 2713 τὰ
1490 2657 1724 2730 χρηστά,
1751 2656 1785 2726 ἦ
1817 2657 1942 2718 τοὺς

350 2749 412 2800 ἐν
443 2749 527 2818 τῷ
561 2748 784 2817 παρόντι
819 2745 1215 2808 κολακεύοντας
1256 2745 1388 2815 βίῳ;
1423 2743 1549 2806 τοὺς
1581 2741 1809 2804 πολλοὺς
1838 2740 1943 2792 ὑπὸ

353 2833 464 2886 τῶν
493 2833 719 2902 ὀλίγων,
752 2832 785 2902 ἦ
813 2833 940 2894 τοὺς
971 2830 1184 2900 ὀλίγους
1217 2829 1324 2882 ὑπὸ
1353 2826 1460 2881 τῶν
1491 2825 1742 2892 πολλῶν;
1783 2822 1943 2877 Ἀλλά

419 3070 446 3099 ⁸
477 3069 683 3119 Deerant
708 3066 854 3117 verba
872 3072 931 3129 τῇ
952 3067 1076 3128 περί.

2025 395 2119 448 καὶ
2150 397 2307 467 ὑμεῖς
2337 397 2596 466 ἐνταῦθα,
2625 399 2809 470 φησὶν,
2847 397 3170 470 ὑπέσχεσθε.
3204 399 3349 456 Τίδέ
3375 403 3624 461 ἐνταῦθα·

2025 479 2410 551 ὑπεσχόμεθα;
2483 483 2930 554 Ἀμαρτημάτων
2982 482 3177 552 ἄφεσιν
3233 485 3328 539 καὶ
3383 485 3611 556 λουτρὸν

2025 561 2466 630 παλιγγενεσίας.
2493 563 2745 618 Μάλιστα
2775 567 2874 635 μὲν
2908 567 3002 619 καὶ
3022 566 3083 620 τὸ
3111 566 3397 637 βάπτισμα
3419 567 3476 620 ἐν
3499 572 3613 632 τοῖς

2029 644 2315 714 μέλλουσιν
2365 646 2478 716 ἕχει
2520 648 2580 700 τὸ
2632 648 2815 702 πλέον.
2861 650 2972 702 Καὶ
3019 648 3118 720 βοᾷ
3167 649 3377 713 Παῦλος
3415 650 3608 720 λέγων·

2040 727 2382 782 Ἆπεθάνετε
2400 729 2530 799 γὰρ,
2551 731 2648 784 καὶ
2670 733 2706 800 ἡ
2727 730 2840 801 ζωὴ
2860 731 3028 800 ὑμῶν
3047 732 3371 800 κέκρυπται
3389 734 3511 788 σὺν
3531 733 3614 800 τῷ

2027 806 2256 878 Χριστῷ
2281 812 2351 865 ἐν
2379 812 2460 878 τῷ
2490 813 2629 878 Θεῷ.
2669 815 2854 868 Ὅταν
2879 817 2917 884 ἡ
2943 814 3053 884 ζωὴ
3084 815 3252 885 ὑμῶν
3275 817 3610 887 φανερωθῇ,

2026 894 2160 946 τότε
2180 894 2278 948 καί
2304 896 2475 964 ὑμεῖς
2495 896 2619 950 σὺν
2637 895 2796 962 αὐτῷ
2820 899 3322 967 φανερωθήσεσθε
3348 899 3417 952 ἐν
3438 900 3609 970 δόξῃ.

2028 976 2094 1028 EI
2133 976 2191 1029 δὲ
2223 979 2320 1031 καὶ⁵
2358 979 2594 1034 ἐνταῦθα
2625 980 2740 1050 ἔχει
2775 980 2980 1048 ἀγαθὰ,
3013 981 3202 1053 ῶσπερ
3232 978 3325 1036 οὖν
3354 983 3449 1036 καλ⁵
3475 972 3613 1053 ἔχει,

2030 1061 2124 1114 καὶ
2173 1061 2337 1116 τοῦτο
2399 1063 2635 1134 μάλιστα
2678 1064 2876 1117 πολλοῦ
2920 1064 3233 1135 θαύματος,
3268 1067 3351 1118 ὃτι
3388 1067 3614 1137 ἴσχυσαν

2030 1147 2218 1198 πεῖσαι
2246 1146 2374 1209 τοὺς
2407 1146 2478 1199 τά
2512 1147 2686 1218 μυρία
2723 1148 3138 1217 ἐργασαμένους
3177 1147 3358 1212 δεινὰ,
3393 1151 3486 1203 καὶ
3511 1151 3616 1202 ὅσα
3663 1139 3674 1157 ³

2035 1227 2223 1298 μηδεὶς
2255 1227 2465 1300 ἐτερος,
2499 1231 2582 1283 ὅτι
2617 1231 2796 1284 πάντα
2826 1230 3244 1297 άπολούσονται,
3277 1234 3370 1284 καὶ
3400 1234 3614 1295 οὐδενὸς

2031 1311 2258 1363 δώσουσι
2307 1312 2465 1380 λόγον
2510 1314 2620 1366 τῶν
2674 1314 3249 1385 πεπλημμελημένων.
3306 1316 3468 1368 Ὥστε
3521 1305 3618 1369 καὶ

2031 1393 2121 1448 διὰ
2164 1394 2323 1449 τοῦτο
2373 1396 2507 1449 αὐτὸ
2554 1397 2792 1468 μάλιστα
2827 1397 3132 1468 θαυμάζειν
3171 1397 3360 1470 ἐχρῆν,
3400 1399 3481 1451 ὅτι
3524 1400 3618 1451 ἁν-

2034 1477 2286 1550 θρώπους
2321 1479 2632 1553 βαρϐάρους
2668 1481 2927 1552 τοιαύτην
2968 1482 3191 1535 ἔπεισαν
3219 1482 3616 1548 καταδέξασθαι

2035 1562 2240 1625 πίστιν,
2309 1563 2406 1616 καὶ
2461 1564 2702 1635 χρηστὰς
2761 1565 2889 1635 περὶ
2945 1564 3056 1618 τῶν
3116 1564 3418 1636 μελλόντων
3473 1564 3618 1635 ἔχειν

2036 1645 2278 1708 ἐλπίδας,
2311 1647 2406 1699 καὶ
2432 1648 2494 1700 τὸ
2521 1649 2788 1720 πρότερον
2817 1649 2927 1702 τῶν
2952 1649 3372 1719 ἁμαρτημάτων
3395 1651 3620 1720 φορτίον

2038 1731 2557 1802 ἀπεσκευασμένους
2585 1733 2726 1804 μετὰ
2753 1733 2956 1801 πολλῆς
2978 1733 3078 1804 τῆς
3110 1733 3421 1804 προθυμίας
3453 1735 3534 1797 είς
3557 1734 3620 1787 τὸ

2038 1812 2193 1866 ἐπιὸν
2241 1813 2351 1866 τῶν
2391 1815 2530 1885 ὑπὲρ
2579 1816 2678 1886 τῆς
2710 1816 2912 1886 ἀρετῆς
2949 1816 3217 1869 ἅπτεσθαι
3267 1816 3478 1880 πόνων,
3522 1817 3619 1869 καὶ

2036 1895 2174 1967 πρὸς
2226 1895 2489 1965 αἰσθητὸν
2543 1896 2643 1965 μὲν
2703 1898 2871 1967 μηδὲν
2918 1898 3233 1967 κεχηνέναι,
3290 1898 3508 1951 πάντων
3561 1899 3621 1952 δὲ

2035 1976 2343 2047 άνωτέρους
2371 1977 2482 2030 τῶν
2511 1980 2841 2049 σωματικῶν
2873 1979 3279 2049 γεγενημένους
3304 1980 3499 2051 νοεράς
3531 1979 3619 2033 δέ-

2038 2059 2231 2125 ξασθαι
2255 2061 2485 2131 δωρεὰς,
2517 2063 2612 2115 κα)⁸
2636 2062 2729 2115 τὸν
2759 2063 2977 2133 Πέρσην
3000 2063 3095 2116 καὶ
3124 2063 3216 2116 τὸν
3234 2065 3617 2136 Σαυρομάτην,

2037 2145 2131 2198 καὶ
2172 2144 2265 2197 τὸν
2299 2144 2526 2216 Μαῦρον
2574 2147 2670 2199 καὶ
2701 2146 2793 2199 τὸν
2839 2147 3000 2201 Ἰνδὸν
3035 2147 3235 2200 εἰδέναι
3267 2147 3448 2218 ψυχῆς
3484 2148 3620 2200 καθ-

2037 2226 2236 2298 αρμὸν,
2266 2227 2362 2280 καὶ
2400 2226 2536 2280 Θεοῦ
2557 2227 2788 2299 δύναμιν
2821 2229 2914 2282 καὶ
2939 2229 3349 2302 φιλανθρωπίαν
3388 2232 3617 2299 ἄφατον,

2039 2311 2136 2363 καὶ
2175 2309 2414 2373 πίστεως
2448 2309 2796 2379 φιλοσοφίαν,
2837 2313 2932 2366 καὶ
2962 2312 3284 2384 Πνεύματος
3315 2314 3469 2380 ἁγίου
3501 2315 3621 2366 ἐπι-

2041 2392 2313 2463 φοίτησιν,
2337 2393 2429 2445 καὶ
2447 2393 2717 2463 σωμάτων
2732 2394 3050 2460 ἀνάστασιν,
3075 2397 3170 2449 καὶ
3187 2394 3334 2465 ζωῆς
3349 2395 3621 2450 ἀθανάτου

2038 2474 2303 2544 δόγματα.
2335 2475 2521 2528 Ταῦτα
2548 2475 2660 2546 γὰρ
2692 2477 2911 2530 ἅπαντα
2947 2478 3042 2530 καὶ
3067 2478 3136 2531 τὰ
3166 2477 3371 2531 τούτων
3399 2478 3622 2531 πλείονα

2040 2559 2171 2628 γένη
2205 2557 2500 2630 βαρϐάρων
2525 2559 2574 2611 οἱ
2603 2559 2774 2622 άλιεῖς
2811 2560 3302 2629 μυσταγωγοῦντες
3335 2561 3392 2614 ἐν
3419 2560 3496 2631 τῷ
3521 2561 3618 2630 βα-

2042 2640 2331 2711 πτίσματι,
2366 2641 2678 2709 φιλοσοφεῖν
2709 2642 2958 2696 ἔπεισαν.
2986 2643 3173 2696 Ταῦτα
3194 2643 3374 2696 τοίνυν
3407 2643 3622 2697 ἅπαντα

2046 2724 2184 2793 μετὰ
2221 2723 2508 2794 ἀκριϐείας
2541 2723 2897 2793 φυλάξαντες,
2931 2726 3069 2797 πρὸς
3102 2727 3303 2788 αὐτοὺς
3350 2726 3622 2796 λέγωμεν,

2043 2806 2139 2860 καὶ
2185 2807 2286 2878 τὴν
2327 2807 2437 2860 άπὸ
2468 2807 2564 2860 τοῦ
2598 2807 2714 2878 βίου
2761 2810 2924 2863 πάλιν
2957 2811 3140 2873 αὐτοῖς
3176 2809 3454 2874 ἀπόδειξιν
3485 2827 3625 2880 παρ-

2041 2888 2316 2959 εχῶμεθα,
2352 2887 2465 2962 [65]
2515 2890 2605 2943 ἵνα
2636 2892 2980 2963 ἑκατέρωθεν
3026 2894 3191 2962 ἡμεῖς
3234 2909 3291 2945 τε
3339 2891 3622 2962 σωθῶμεν,

2043 2972 2287 3037 ἐκείνους
2313 2991 2374 3026 τε
2395 2974 2834 3045 ἐπισπασώμεθα
2865 2976 3004 3048 πρὸς
3029 2976 3130 3046 τὴν
3159 2976 3256 3028 τοῦ
3278 2974 3414 3028 Θεοῦ
3443 2975 3622 3042 δόξαν·

2044 3053 2128 3108 ὅτι
2150 3053 2303 3126 αύτῷ
2329 3056 2364 3128 ὴ
2391 3055 2520 3122 δόξα
2543 3058 2626 3121 είς
2653 3057 2778 3120 τοὺς
2802 3058 3025 3122 αἰῶνας.
3061 3057 3252 3128 Ἀμήν.

368 3249 3557 3286 m

1826 3520 2074 3575 OMIAIA
2126 3520 2210 3586 H'.

361 3715 555 3783 Κάγὼ,
592 3709 864 3783 ἀδελφοὶ,
901 3709 1012 3783 of”;
1027 3704 1354 3783 ﬁ8_vr1i0nr
1389 3703 1536 3783 ὑμῖν
1564 3703 1948 3783 λαλῆσαεώς

429 3773 877 3850 πνευματικοῖς,
902 3778 1060 3850 Δἀλιίῖ
1094 3776 1174 3850 ῶς
1210 3773 1543 3850 σαρκικοῖς,
1592 3775 1672 3850 ᾡς
1709 3775 1949 3850 νηπίοις

428 3857 500 3908 ἐν
539 3841 792 3919 Χριστῷ.
826 3841 1190 3919 Γάλα-ὑμᾶς
1221 3841 1498 3919 ἐπότισα,
1523 3845 1741 3919 καὶῌορ
1784 3841 1945 3919 βρῶο

428 3941 540 3992 μα·
581 3913 781 3992 ὀὖπωμ
801 3918 929 3992 γὰρ,
953 3913 1286 3992 ’ἠδύνασθεἶ
1323 3915 1501 3992 ’Ἀλλ’
1531 3913 1674 3970 οὐδὲ
1712 3915 1800 3968 ἔτι
1832 3914 1950 3967 νῦν

432 3986 720 4046 δύνασθε·
751 3986 839 4042 ἔτι
866 3987 978 4056 γὰρ
1008 3986 1286 4055 σαρκικοί
1312 3986 1471 4039 ἐστε.

430 4126 503 4172 α’.
533 4115 790 4171 Καθελὼν
807 4114 905 4183 τὴν
923 4111 1242 4181 φιλοσοφίαν
1271 4112 1368 4185 τὴν
1398 4109 1618 4176 ἔξωθεν,
1637 4111 1732 4164 καὶ
1754 4108 1844 4163 τὸν
1857 4108 1950 4162 τῦ·

360 4222 462 4273 φον
509 4202 678 4270 αὐτῆς
725 4196 1051 4251 καταϐαλὼν
1081 4197 1319 4261 ἅπαντα,
1355 4196 1438 4263 ἐφ’
1479 4193 1670 4264 ἐτέραν
1698 4191 1952 4246 ὑπόθεσιν

362 4289 606 4359 ἔρχεται.
647 4283 758 4338 Καὶ
785 4281 896 4353 γὰρ
928 4281 1073 4344 είκδς
1129 4276 1198 4352 ἧν
1243 4279 1486 4343 ἐκείνους
1527 4277 1728 4347 λέγειν,
1773 4277 1854 4330 ὅτι
1903 4277 1953 4330 εί

366 4372 465 4440 μὲν
509 4368 580 4421 τὰ
614 4365 901 4428 Πλάτωνος
933 4363 967 4434 ἢ
1002 4362 1320 4433 Πυθαγόρου
1365 4363 1399 4433 ἡ
1437 4378 1580 4426 τινος
1608 4360 1797 4432 ἐτέρου
1845 4359 1954 4413 τῶν

364 4452 676 4521 φιλοσόφων
701 4447 1144 4518 ἀπηγγέλλομεν,
1178 4445 1402 4509 εἰκότως
1425 4442 1568 4498 οὕτω
1591 4443 1802 4514 μακρὸν
1829 4440 1954 4496 καθ’

363 4533 525 4604 ήμῶν
567 4533 860 4594 άπέτεινες
896 4531 1089 4597 λόγον·
1137 4527 1262 4582 ἐπεὶ
1299 4528 1356 4582 δέ
1397 4527 1467 4580 τὰ
1507 4527 1600 4581 τοῦ
1639 4526 1957 4596 Πνεύματος

364 4615 836 4684 καταγγέλλομεν,
870 4613 1014 4675 τίνος
1041 4611 1227 4664 ἕνεκεν
1265 4609 1364 4680 τὴν
1399 4609 1597 4684 ἔξωθεν
1629 4609 1818 4678 σοφίαν
1844 4609 1957 4662 ἄνω

362 4701 460 4752 καὶ
510 4699 664 4751 κάτω
715 4697 1001 4766 στρέφεις;
1049 4695 1173 4756 Πῶς
1214 4690 1309 4746 οὖν
1337 4690 1472 4763 πρός
1520 4691 1679 4746 τοῦτο
1719 4692 1954 4756 ἵσταται,

362 4782 623 4835 ἄκουσον.
659 4777 856 4848 Κάγὼ,
880 4777 1156 4846 ἀδελφοὶ,
1188 4779 1298 4831 οὐκ
1327 4776 1644 4845 ἠδυνήθην
1672 4774 1816 4844 ὑμῖν
1848 4778 1958 4828 λα-

359 4863 557 4930 λῆσαι
588 4863 670 4928 ὡς
696 4860 1144 4930 πνευματικοῖς.
1173 4859 1423 4912 Μάλιστα
1465 4859 1562 4928 μὲν
1613 4858 1741 4929 γάρ,
1781 4858 1831 4911 εί
1863 4859 1958 4912 καὶ

360 4948 588 5012 τέλειοι,
637 4946 824 5014 φησὶν,
856 4940 953 5014 ἦτε
1003 4945 1098 4997 καὶ
1144 4945 1201 4995 ἐν
1243 4945 1361 5005 τοῖς
1391 4942 1799 5012 πνευματικοῖς,
1837 4941 1958 4994 ούδέ

358 5030 548 5091 οὕτως
580 5030 743 5099 ἐχρῆν
773 5025 1120 5098 ἐπαίρεσθαι·
1153 5025 1272 5078 ούδέ
1313 5024 1422 5094 γὰρ
1455 5024 1524 5078 τὰ
1547 5024 1787 5094 ὑμέτερα
1826 5041 1959 5078 κατ-

357 5112 689 5182 αγγέλλετε,
719 5111 841 5168 οὐδὲ
874 5111 1040 5182 εἰπερΔ
1063 5109 1220 5165 αὐτοὶ
1273 5109 1481 5162 οἴκοθεν
1517 5109 1806 5179 εὑρήκατε·
1839 5107 1959 5163 νυνὶ

354 5199 426 5253 δὲ
489 5196 615 5249 οὐδὲ
665 5196 833 5249 ταῦτα
883 5198 999 5249 ῐστε
1043 5193 1117 5258 ὡς
1155 5191 1354 5246 εἰδέναι
1384 5193 1514 5263 χρὴ,
1549 5191 1686 5245 ἀλλὰ
1721 5190 1959 5262 μαθηταί

355 5282 497 5350 ἐστε
532 5279 628 5333 καὶ
657 5279 873 5332 πάντων
895 5277 1134 5347 ἔσχατοι.
1161 5278 1324 5331 Ὥστε
1350 5278 1399 5330 εί
1421 5277 1519 5347 μὲν
1545 5275 1638 5328 ἐπὶ
1665 5277 1731 5345 τῇ
1761 5274 1960 5340 ἔξωθεν

359 5363 534 5434 σοφία
558 5376 584 5403 ι
611 5365 860 5433 φρονεῖτε
895 5360 1127 5430 μεγάλα,
1160 5361 1480 5430 ἐλήλεγκται
1511 5359 1663 5413 οὐδὲν
1696 5354 1828 5413 οὖσα
1861 5357 1960 5413 αὖ·

353 5466 455 5518 τη,
489 5446 628 5500 ἀλλὰ
653 5446 750 5498 καὶ
791 5446 884 5498 ἐπὶ
908 5447 1022 5506 τοῖς
1054 5445 1442 5515 πνευματικοῖς
1471 5443 1690 5496 ἐναντία
1723 5444 1875 5514 ἡμῖν·
1911 5443 1960 5495 εί

354 5533 417 5585 δὲ
447 5531 544 5585 καὶ
571 5532 668 5584 ἐπὶ
697 5531 812 5592 τοῖς
837 5530 1246 5597 πνευματικοῖς,
1277 5526 1372 5580 καὶ
1406 5526 1464 5578 ἐν
1489 5526 1698 5589 τούτοις
1720 5528 1779 5580 τὸ
1809 5526 1962 5579 ἐλατ-

353 5630 456 5667 τον
473 5613 764 5683 κατέχετε,
795 5610 893 5663 καὶ
925 5610 1113 5672 ἐντοῖς
1142 5610 1391 5680 ἐσχάτοις
1421 5610 1709 5681 ἑστήκατε.
1730 5610 1821 5661 Διὸ
1853 5627 1958 5679 φη·-

355 5711 485 5748 σιν·
524 5697 648 5749 οὐκ
686 5691 1009 5762 ἠδυνήθην
1047 5691 1189 5761 ὑμῖν
1215 5690 1484 5761 λαλῆσαι
1532 5693 1612 5758 ὡς
1640 5709 1960 5761 πνευματι-

415 5875 448 5905 ⁸
474 5873 744 5941 Legebam-
771 5879 858 5932 τῆς
883 5873 1049 5931 ἔξωθεν
1093 5871 1276 5935 σοφίας.

2050 3702 2200 3770 κοῖς.
2227 3703 2344 3758 Οὐκ
2382 3698 2559 3770 εἶπεν,
2600 3704 2715 3758 Οὐκ
2741 3705 2997 3775 ἐλάλησα,
3038 3705 3126 3758 ἵνα
3175 3705 3250 3776 μὴ
3282 3705 3408 3780 δόξῃ
3437 3707 3630 3778 φθόνου

2048 3785 2111 3839 τὸ
2138 3787 2368 3856 πρᾶγμα
2393 3783 2549 3840 εἶναι·
2587 3786 2723 3840 ἀλλὰ
2751 3787 2912 3860 διπλῇ
2943 3788 3123 3842 αὐτῶν
3145 3789 3487 3861 καθαίρειοτὸ
3509 3796 3634 3865 φρόο

2049 3885 2220 3939 νημα,
2251 3869 2332 3922 ἐνὶ
2361 3870 2459 3938 μὲν
2483 3869 2690 3940 τρόπῳ,
2716 3867 2896 3937 δείξας
2921 3872 3003 3925 ὅτι
3025 3871 3126 3926 οὐκ
3153 3873 3293 3927 ἴσασι
3327 3874 3396 3928 τὰ
3429 3877 3629 3944 τέλεια,

2048 3951 2286 4022 δευτέρῳ
2322 3951 2402 4016 δὲ,
2443 3952 2526 4005 ὅτι
2565 3952 2718 4006 αὐτοὶ
2760 3954 2854 4006 τοῦ
2899 3954 2973 4024 μὴ
3003 3955 3199 4009 ειδέναι
3229 3959 3512 4024 γεγόνασιν
3548 3963 3634 4014 αι-

2050 4051 2177 4096 τιοι,
2234 4034 2327 4088 καὶ
2373 4033 2544 4104 τρίτῳ
2587 4034 2644 4086 δέ
2691 4035 2826 4106 πρὸς
2855 4037 3082 4100 τούτοις,
3109 4037 3186 4107 τῷ
3226 4038 3518 4102 δεικνύναι,
3549 4042 3632 4095 ὅτι

2051 4117 2171 4169 οὐδὲ
2200 4115 2279 4169 ἔτι
2307 4115 2402 4170 νῦν
2424 4115 2698 4171 δύνανται.
2740 4117 2812 4170 Τὸ
2839 4119 2936 4187 μὲν
2966 4119 3073 4189 γὰρ
3101 4119 3201 4187 τὴν
3226 4119 3399 4190 ἀρχὴν
3432 4122 3505 4192 μὴ
3536 4123 3632 4175 δυ-

2052 4200 2306 4271 νηθῆναι,
2331 4198 2464 4263 ἴσως
2487 4200 2586 4271 τῆς
2614 4201 2708 4254 τού
2750 4202 3073 4272 πράγματος
3111 4200 3326 4271 φύσεως
3346 4199 3432 4274 ἦν·
3459 4205 3632 4259 καίτοι

2053 4299 2116 4352 γε
2139 4282 2259 4336 ούδέ
2289 4281 2495 4352 ταύτην
2518 4282 2702 4347 αὐτοῖς
2731 4285 2925 4354 ἀφίησι
2952 4285 3054 4355 τὴν
3077 4285 3392 4349 ἀπολογίαν.
3428 4289 3500 4341 Οὐ
3525 4290 3634 4360 γὰρ

2054 4366 2142 4420 διὰ
2162 4367 2222 4418 τδ
2254 4364 2329 4437 μὴ
2360 4363 2618 4419 δύνασθαι
2651 4366 2907 4431 δέξασθαι
2943 4368 3012 4420 τὰ
3041 4368 3221 4439 ὑψηλά
3253 4386 3415 4439 φησιν
3439 4370 3634 4435 αὐτοὺς

2061 4449 2137 4520 μὴ
2161 4448 2434 4518 δεδέχθαι,
2461 4447 2599 4502 ἀλλὰ
2623 4448 2711 4502 διὰ
2736 4450 2797 4502 τὸ
2828 4451 3123 4521 σαρκικοὺς
3149 4446 3308 4504 εἶναι.
3336 4453 3481 4524 Πλὴν
3520 4453 3634 4508 ἀλλ’

2058 4535 2117 4586 ἐν
2149 4533 2292 4604 ἀρχῇ
2335 4533 2434 4603 μὲν
2459 4531 2635 4596 οὕτως
2658 4533 2759 4586 οὐκ
2785 4528 2853 4603 ἦν
2882 4532 3216 4604 κατηγορίας
3259 4533 3407 4601 ἄξιον
3425 4551 3439 4564 ·
3467 4536 3528 4588 τὸ
3555 4535 3634 4600 δὲ,

2059 4616 2153 4670 καὶ
2178 4615 2372 4686 χρόνου
2408 4614 2774 4687 παρελθόντος
2807 4615 3084 4681 τοσούτου,
3141 4616 3367 4689 μηδέπω
3405 4617 3540 4687 πρὸς
3569 4619 3639 4672 τὰ

2058 4699 2366 4770 τελειότερα
2393 4697 2616 4768 φθάσαι,
2661 4698 2820 4752 τοῦτο
2861 4699 2962 4770 τῆς
3005 4699 3239 4770 ἐσχάτης
3283 4701 3507 4762 νωθείας

2061 4782 2233 4836 Τοῦτο
2265 4781 2396 4849 γοῦν
2423 4782 2648 4850 ἐγκαλεῖ
2672 4783 2767 4836 καὶ
2812 4780 3102 4852 Ἑϐραίοις,
3125 4781 3241 4835 ἀλλ’
3273 4783 3334 4834 οὐ
3374 4782 3510 4851 μετὰ
3552 4799 3641 4835 το-

2063 4863 2270 4934 σαύτης
2307 4865 2684 4935 σφοδρότητος.
2729 4863 3002 4925 Ἐκείνους
3028 4864 3126 4933 μὲν
3157 4863 3267 4935 γὰρ
3295 4864 3388 4917 καὶ
3425 4863 3511 4918 διὰ
3540 4865 3640 4937 τὴν

2062 4947 2242 5016 θλίψιν
2265 4947 2540 5010 τοιούτους
2567 4943 2706 4999 εἶναί
2739 4962 2895 5014 φησι,
2920 4948 3143 5011 τούτους
3172 4946 3228 4999 δὲ
3249 4947 3315 5000 δι’
3347 4947 3641 5018 ἐπιθυμίαν

2059 5030 2160 5100 τῆς
2195 5029 2481 5100 πονηρίας·
2519 5029 2618 5080 οὐκ
2658 5027 2775 5081 ἔστι
2814 5027 2870 5080 δέ
2904 5027 3018 5081 ῐσον
3053 5028 3210 5082 τοῦτο
3241 5032 3481 5084 κάκεῖνο.
3530 5029 3640 5084 Καὶ

2061 5112 2334 5166 δείκνυσιν
2380 5113 2464 5164 ὄτι
2503 5110 2733 5173 ἐκείνοις
2778 5110 2876 5180 μὲν
2921 5111 3243 5184 ἐπιτιμῆσαι
3299 5113 3637 5183 βουλόμενος,

2062 5194 2288 5258 τούτους
2317 5196 2374 5248 δέ
2405 5194 2686 5265 διεγείρων
2721 5194 2939 5265 μᾶλλον,
2964 5195 3117 5265 ἐλεγε
3145 5196 3316 5250 ταῦτα
3339 5195 3640 5267 ἀληθεύων.

2066 5277 2289 5340 Τούτοις
2317 5278 2414 5347 μὲν
2440 5277 2548 5347 γάρ
2583 5294 2746 5347 φησιν
2765 5295 2777 5305 ·
2818 5278 2981 5332 Ἀλλ’
3009 5278 3152 5333 οὐδὲ
3187 5279 3275 5332 ἔτι
3301 5278 3419 5332 νῦν
3457 5277 3641 5331 δύνα-

2067 5365 2196 5416 σθε·
2239 5361 2468 5424 ἐκείνοις
2499 5362 2580 5422 δέ,
2615 5363 2828 5430 Διόπερ
2857 5356 3111 5429 ἀφέντες
3161 5362 3269 5415 τὸν
3311 5360 3423 5429 τῆς
3449 5361 3643 5431 ἀρχῆς

2066 5443 2173 5498 τοῦ
2205 5444 2462 5511 Χριστοῦ
2490 5445 2694 5514 λόγον,
2737 5444 2835 5497 ἐπὶ
2867 5443 2982 5509 τὴν
3021 5445 3357 5510 τελειότητα
3383 5444 3643 5512 φερώμεο

2066 5531 2159 5582 θα·
2183 5527 2276 5580 καὶ
2311 5527 2490 5590 πάλιν,
2518 5527 2887 5595 Πεπείσμεθα
2917 5524 2984 5578 δὲ
3013 5526 3146 5594 περὶ
3177 5525 3342 5595 ὑμῶν
3367 5526 3436 5580 τὰ
3457 5530 3645 5595 κρείτ-

2066 5627 2211 5664 τονα
2245 5609 2343 5663 καί
2383 5612 2642 5678 ἐχόμενα
2679 5609 2994 5676 σωτηρίας,
3029 5611 3080 5662 εί
3103 5608 3203 5663 καὶ
3232 5609 3386 5664 οὕτω
3422 5611 3644 5665 λιιλοῦ-

2059 5712 2194 5764 ιιεν.
2246 5693 2361 5767 [66]
2403 5696 2512 5748 Καὶ⁵
2564 5693 2680 5756 πῶς
2728 5692 2854 5754 τοὺς
2913 5692 3231 5763 Πνεύματος
3287 5694 3644 5764 ἐπιτυχόντας

2063 5777 2340 5842 τοσούτου,
2367 5778 2662 5849 σαρκικοὺς
2693 5774 2866 5836 καλεῖ,
2900 5775 2993 5827 καὶ
3022 5769 3096 5830 ὧν
3123 5776 3421 5849 ἀρχόμενος
3447 5776 3642 5830 τοσαῦ·

2017 5855 2027 5864 ’
2063 5879 2130 5916 τα
2163 5863 2380 5936 διῆλθεν
2408 5863 2697 5935 ἐγκώμια;
2734 5861 2885 5915 Ἐπεὶ
2921 5864 3162 5918 κάκεῖνοι
3195 5862 3447 5934 σαρκικοί
3479 5857 3638 5934 ἦσαν,
