4100 6214
371 229 438 287 09
1421 221 1485 278 ΙΝ
1525 222 1736 279 EPIST.
1770 223 1787 276 1
1851 222 1930 278 ΛΕ

2038 223 2135 308 )R.
2175 226 2402 283 HOMIL.
2447 229 2578 286 Vill.
3568 251 3643 307 7ft

369 337 576 398 reditea
609 357 720 407 me,
759 356 858 395 non
888 340 1004 394 noui
1033 352 1118 392 vos
1137 379 1153 405 ,
1183 336 1269 407 qui
1313 337 1595 406 operamini
1637 335 1950 406 iniquitatem

367 434 602 505 (Matth.
638 433 693 485 7.
717 430 826 498 25)
857 449 870 481 :
903 443 1225 500 quamquam
1255 427 1529 482 dtemonas
1562 428 1869 495 ejecerunt,
1902 434 1956 479 et

365 539 613 580 mortuos
647 523 994 588 suscitarent,
1030 533 1190 590 alque
1218 520 1526 589 prophetias
1551 519 1874 572 extulerunt.

441 616 543 684 Qui
567 617 719 685 signa
747 613 902 684 facit,
947 621 1106 681 potest
1147 627 1252 665 esse
1278 610 1517 664 carnalis.
1541 639 1612 648 —
1637 609 1822 678 Itaque
1851 621 1950 676 po-

367 716 472 762 test
502 707 666 760 etiam
692 705 738 758 is
786 703 876 772 qui
924 704 1072 772 signa
1105 702 1268 766 facit,
1296 715 1420 755 esse
1449 699 1704 754 carnalis.
1737 697 1868 751 Nam
1896 704 1950 751 et

368 799 426 851 in
452 796 672 850 Balaam
722 795 866 848 Deus
911 803 993 847 est
1035 801 1321 860 operatus,
1363 800 1420 846 et
1466 789 1728 844 Pharaoni
1774 788 1948 843 futura

366 889 642 952 revelavit,
675 901 884 942 necnon
913 884 1457 948 Nabuchodonosori;
1489 892 1542 937 et
1568 881 1798 952 Caiphas
1823 897 1948 952 pro-

369 980 606 1049 phetavit
629 1020 644 1044 ,
690 979 937 1032 nesciens
966 976 1089 1046 quid
1117 976 1322 1030 diceret
1347 993 1358 1028 :
1399 974 1612 1045 quidam
1641 975 1802 1029 etiam
1832 975 1946 1029 dte-

362 1071 549 1126 monia
591 1070 869 1138 ejecerunt
912 1069 1028 1137 ejus
1076 1067 1321 1131 nomine,
1371 1066 1473 1120 etsi
1519 1080 1637 1120 cum
1685 1066 1802 1135 ipso
1839 1082 1944 1121 non

363 1172 558 1217 erant:
605 1177 727 1216 nam
772 1176 877 1216 non
926 1168 1142 1230 propter
1171 1147 1455 1229 operantes
1488 1159 1603 1213 [nec
1631 1158 1798 1222 fiunt,
1845 1158 1940 1212 scd

363 1263 590 1321 propter
641 1251 794 1305 alios.
840 1249 999 1318 Saepe
1045 1249 1205 1303 etiam
1252 1264 1346 1318 per
1393 1247 1660 1318 indignos.
1709 1249 1776 1302 Et
1817 1248 1945 1317 quid

361 1345 598 1409 miraris,
631 1345 676 1398 si
723 1345 776 1398 in
813 1345 941 1397 viris
972 1343 1200 1412 indignis
1241 1350 1458 1410 propter
1487 1341 1619 1395 alios
1650 1340 1766 1395 hac
1794 1341 1940 1404 ﬁant,

361 1454 483 1492 cum
525 1438 688 1491 etiam
733 1452 830 1506 per
866 1435 1116 1490 sanctos?
1157 1434 1350 1488 Paulus
1395 1435 1537 1489 enim
1583 1433 1730 1498 dicit,
1758 1433 1945 1487 Omnia

361 1539 527 1583 vestra
581 1538 737 1586 sunt.
787 1529 891 1580 sive
933 1525 1154 1584 Paulus,
1176 1526 1280 1578 sive
1321 1524 1528 1594 Apollo,
1555 1526 1659 1580 sive
1702 1525 1898 1596 Cephas
1923 1567 1939 1592 ,

361 1622 462 1672 sive
499 1620 623 1685 vita,
666 1619 770 1672 sive
811 1633 946 1670 mors
969 1617 1045 1687 (l.
1072 1615 1187 1670 Cor.
1218 1616 1271 1668 5.
1300 1615 1423 1684 22);
1453 1625 1506 1669 et
1535 1631 1746 1670 rursum
1772 1633 1787 1670 :
1821 1616 1847 1668 l
1855 1633 1942 1686 pse

363 1713 496 1765 dedit
534 1712 666 1764 alios
691 1710 893 1780 quidem
933 1711 1223 1776 apostolos,
1265 1709 1395 1761 alios
1424 1718 1590 1761 autem
1629 1710 1898 1779 prophetas
1921 1752 1936 1776 ,

363 1805 490 1856 alios
517 1812 747 1871 pastores
774 1810 822 1854 et
849 1800 1076 1852 doctores
1099 1800 1167 1850 ad
1191 1799 1548 1868 perfectionem
1568 1809 1856 1852 sanctorum
1887 1800 1938 1852 in

361 1911 487 1963 opus
524 1893 791 1947 ministerii
839 1891 1053 1964 (Ephes.
1083 1891 1137 1943 4.
1176 1889 1284 1960 12).
1324 1890 1454 1944 Nam
1497 1890 1598 1944 nisi
1633 1889 1733 1945 hoc
1753 1901 1896 1945 esset
1919 1931 1934 1956 ,

361 1987 491 2041 nihil
516 1986 815 2039 obstitisset
849 1983 1134 2053 quominus
1178 1997 1365 2036 omnes
1406 1982 1667 2051 perirent.
1712 1983 1937 2038 Continv

360 2079 433 2148 git
474 2077 617 2132 enim
669 2075 939 2146 principes
965 2089 1084 2128 esse
1123 2073 1290 2127 malos
1318 2081 1374 2128 et
1402 2073 1692 2128 sceleratos
1717 2115 1730 2137 ,
1756 2073 1938 2128 subdi-

361 2177 549 2236 tosque
605 2167 775 2220 bonos
812 2175 864 2218 et
892 2163 1228 2227 moderatos;
1258 2172 1310 2216 ct
1348 2162 1512 2218 laicos
1552 2163 1601 2216 in
1632 2163 1827 2232 pietate
1856 2164 1936 2218 vi-

358 2269 465 2312 tam
513 2271 713 2328 agere,
759 2256 1066 2312 sacerdmes
1111 2265 1286 2310 autem
1332 2255 1384 2308 in
1434 2255 1716 2324 nequitia:
1765 2271 1936 2326 neque

358 2349 594 2403 futurum
619 2357 738 2402 erat
765 2359 822 2401 ut
851 2347 1144 2416 baptismus
1173 2354 1334 2411 esset,
1365 2361 1537 2415 neque
1563 2361 1762 2415 corpus
1787 2345 1936 2401 Chri-

357 2441 459 2501 sti,
488 2455 588 2495 nec
613 2439 812 2492 oblatio
837 2453 930 2506 per
962 2439 1081 2492 illos
1103 2479 1116 2504 ,
1147 2437 1194 2491 si
1217 2437 1413 2506 ubique
1439 2437 1628 2506 dignos
1649 2439 1817 2508 gratia
1849 2453 1935 2494 re-

357 2530 618 2599 quireret.
647 2529 793 2583 Nunc
830 2539 1010 2582 autem
1041 2528 1200 2582 etiam
1231 2542 1325 2596 per
1353 2527 1600 2596 indignos
1630 2527 1769 2581 Deus
1796 2527 1934 2582 solet

354 2620 610 2691 operari,
645 2629 698 2674 et
725 2620 848 2672 nihil
898 2618 1108 2673 laeditur
1153 2618 1321 2688 gratia
1353 2617 1601 2688 baptismi
1650 2632 1746 2686 per
1772 2618 1932 2674 vitam

354 2711 651 2767 sacerdotis
675 2729 687 2762 :
715 2725 834 2764 nam
865 2711 987 2765 hinc
1009 2711 1053 2765 is
1080 2711 1169 2780 qui
1196 2708 1410 2779 accipit,
1445 2711 1622 2765 minus
1651 2710 1932 2768 habiturus

355 2804 510 2858 foret.
546 2805 727 2874 Itaque
763 2805 864 2859 etsi
894 2805 1007 2859 inec
1050 2819 1171 2858 raro
1201 2803 1362 2867 fiunt,
1408 2805 1539 2858 fiunt
1568 2812 1766 2860 tamen.
1801 2805 1931 2862 liter.

355 2906 527 2948 autem
559 2894 702 2961 dico,
729 2903 786 2948 ut
815 2911 882 2950 ne
906 2895 1025 2964 quis
1051 2910 1115 2950 ex
1153 2896 1504 2964 praesentibus
1523 2895 1590 2951 de
1616 2896 1722 2950 vita
1751 2913 1930 2952 sacer-

353 2986 490 3038 dotis
517 2987 730 3040 curiose
777 2986 1088 3055 inquircns,
1134 2984 1525 3039 scandalizetur
1549 2985 1688 3039 circa
1719 3001 1784 3042 ea
1811 3002 1930 3056 qua:

353 3078 402 3129 iu
429 3078 699 3147 mysteriis
731 3085 1071 3146 peraguntur.
1105 3075 1246 3130 Nihil.
1269 3077 1412 3130 enim
1442 3077 1602 3130 homo
1632 3078 1683 3131 iu
1720 3093 1783 3132 ea
1811 3093 1929 3148 qum

350 3179 720 3238 proponuntur
741 3167 960 3232 inducit,
985 3167 1078 3222 sed
1107 3176 1273 3220 totum
1305 3176 1387 3222 est
1408 3167 1504 3222 Dei
1523 3168 1733 3221 virtutis
1755 3182 1890 3238 Opus
1909 3210 1924 3235 ,

348 3269 404 3314 et
425 3259 514 3313 ille
529 3269 612 3312 cst
637 3260 724 3328 qui
750 3274 845 3313 vos
868 3259 920 3312 in
947 3258 1212 3328 mysteriis
1238 3257 1427 3311 initiat.
1459 3257 1524 3311 Et
1547 3275 1641 3328 ego
1663 3299 1676 3323 ,
1703 3263 1890 3328 fratres
1910 3299 1923 3324 ,

346 3369 457 3406 non
473 3353 612 3422 potui
633 3353 770 3406 vobis
791 3353 924 3421 loqui
946 3362 998 3404 ut
1024 3351 1398 3420 spiritualibus,
1423 3350 1511 3404 sed
1535 3359 1588 3402 ut
1611 3351 1924 3404 carnalibus.

344 3443 458 3498 Lac
483 3445 618 3498 vobis
645 3454 816 3515 potum
844 3443 995 3508 dedi,
1033 3459 1132 3497 non
1173 3459 1374 3497 escam:
1405 3444 1628 3496 nondum
1671 3444 1802 3496 enim
1832 3459 1925 3512 po-

347 3537 544 3590 teratis.
578 3535 653 3590 Ne
683 3535 953 3590 videretur
977 3534 1122 3589 enim
1166 3532 1471 3588 ambitionis
1493 3548 1650 3588 causa
1683 3535 1798 3590 lucc
1839 3534 1924 3589 di-

347 3628 491 3681 xisse
515 3670 530 3694 ,
564 3643 795 3697 nempe,
828 3627 1124 3696 Spiritnalis
1171 3627 1418 3692 dijudicat
1461 3628 1662 3692 omnia,
1693 3637 1740 3681 et
1764 3644 1796 3680 a
1831 3643 1921 3681 ne-

345 3720 481 3771 mine
494 3719 794 3789 judicatur;
822 3725 911 3782 et,
941 3717 1161 3770 Mentem
1199 3715 1388 3770 Christi
1412 3717 1655 3771 habemus
1688 3715 1776 3788 (1.
1802 3717 1920 3772 Cor.

344 3807 380 3861 2
429 3810 513 3863 15.
538 3809 628 3879 16)
651 3825 665 3872 ;
691 3807 904 3861 illorum
927 3807 1120 3861 fastum
1143 3807 1586 3875 reprimens,vide
1607 3808 1732 3877 quid
1757 3807 1918 3864 dicat.

345 3898 464 3953 Non
491 3898 612 3953 ideo
636 3941 650 3964 ,
676 3899 865 3966 inquit,
899 3897 1071 3963 tacui,
1099 3897 1252 3966 quasi
1282 3897 1411 3951 nihil
1442 3898 1577 3952 ultra
1601 3898 1782 3952 dicere
1804 3913 1924 3966 pos-

351 4004 490 4056 sem,
512 3990 607 4042 sed
637 3989 758 4058 quia
783 3988 1027 4041 carnales
1052 3988 1201 4041 estis.
1233 3987 1338 4042 Sed
1361 4003 1519 4056 neque
1538 4003 1670 4041 nunc
1696 3989 1920 4058 potestis.

418 4080 472 4133 2.
505 4082 613 4134 Cur
638 4094 746 4134 non
773 4079 942 4141 dixit,
973 4079 1087 4132 Non
1133 4078 1290 4133 vultis
1311 4119 1328 4145 ,
1358 4078 1453 4133 sed
1477 4119 1492 4143 ,
1530 4077 1653 4132 Non
1681 4082 1924 4149 potestis?

347 4171 481 4236 Quia
513 4171 614 4224 hoc
645 4186 742 4240 pro
771 4170 866 4222 illo
913 4169 1106 4237 posuit.
1142 4168 1274 4223 Nam
1323 4169 1465 4238 quod
1512 4185 1616 4222 non
1663 4179 1919 4238 possent,

347 4263 472 4318 inde
497 4271 614 4318 erat
631 4261 775 4332 quod
803 4261 1040 4326 nollent;
1069 4262 1209 4331 quod
1240 4262 1347 4316 illis
1371 4261 1585 4330 quidem
1629 4264 1924 4331 reprehen-

343 4356 552 4408 sionem
571 4394 586 4417 ,
617 4353 876 4423 magistro
901 4361 1076 4406 autem
1110 4352 1318 4407 veniam
1350 4351 1525 4408 affert.
1551 4353 1760 4407 Etenim
1787 4353 1831 4407 si
1855 4369 1920 4408 es

343 4457 534 4500 natura
578 4461 686 4499 non
717 4445 1048 4515 potuissent,
1079 4443 1303 4498 fortasse
1331 4445 1450 4513 quis
1478 4444 1796 4514 ignovisset;
1827 4445 1922 4500 sed

344 4538 468 4608 quia
525 4552 590 4592 ex
645 4537 922 4605 proposito
978 4535 1298 4598 voluntatis,
1359 4535 1670 4590 defensione
1716 4545 1918 4590 carent.

347 4627 550 4682 Deinde
580 4625 796 4680 modum
825 4623 1092 4689 ostendit,
1124 4639 1231 4694 quo
1257 4625 1499 4679 carnales
1525 4633 1650 4678 sunt
1675 4643 1687 4678 :
1717 4626 1768 4679 5.
1795 4624 1919 4679 Cum

344 4723 479 4775 enim
522 4723 587 4774 sit
617 4721 748 4773 inter
782 4733 868 4771 vos
897 4719 1146 4771 contentio
1168 4758 1182 4783 ,
1215 4718 1353 4770 zelus
1379 4726 1422 4770 et
1451 4717 1693 4770 dissensio
1711 4758 1725 4781 ,
1757 4733 1922 4770 nonne

343 4810 575 4864 carnales
602 4811 749 4872 estis,
777 4818 822 4861 et
848 4808 1122 4861 secundum
1153 4808 1402 4860 hominem
1429 4807 1733 4860 ambulatis?
1760 4807 1922 4878 Atqui

346 4916 470 4956 cum
499 4900 666 4969 possit
683 4899 862 4954 dicere
885 4899 1096 4954 illorum
1119 4898 1524 4952 fornicationem
1545 4907 1598 4951 et
1618 4897 1918 4963 libidinem,

353 4991 487 5044 illud
512 4993 683 5059 potius
712 5001 988 5061 peccatum
1017 4991 1200 5059 ponit,
1232 4989 1374 5059 quod
1406 4990 1617 5043 interim
1648 4990 1920 5058 corrigere

353 5082 574 5136 studuit.
603 5083 753 5151 Quod
795 5085 841 5137 si
868 5083 1015 5137 zelus
1041 5083 1287 5136 carnales
1318 5081 1505 5146 faciat,
1536 5091 1702 5136 restat
1729 5094 1784 5135 ut
1809 5083 1919 5151 jam

351 5190 542 5230 omnes
565 5176 847 5231 admodum
870 5175 1093 5244 ejulent,
1115 5189 1328 5228 saccum
1367 5173 1587 5226 induant
1613 5183 1664 5226 et
1685 5173 1918 5228 cinerem

350 5267 712 5323 substernant.
745 5268 877 5334 Quis
923 5267 1063 5320 enim
1096 5266 1253 5334 hujus
1296 5265 1407 5319 vitii
1439 5281 1632 5334 expers
1669 5267 1788 5320 est?
1817 5268 1920 5321 nisi

347 5374 414 5412 ex
455 5373 540 5414 me
589 5359 655 5413 de
687 5359 807 5412 aliis
840 5357 976 5412 facio
999 5358 1386 5426 conjecturam.
1416 5356 1472 5412 Si
1504 5357 1649 5412 zelus
1677 5358 1922 5412 carnales

345 5449 475 5506 facit
515 5465 614 5505 nec
657 5449 788 5503 sinit
814 5462 935 5504 esse
977 5449 1313 5518 spirituales,
1346 5448 1556 5503 etiamsi
1599 5449 1922 5518 prophetarit

347 5551 406 5596 et
432 5542 534 5598 alia
564 5541 823 5597 miracula
850 5541 1045 5606 edant;
1073 5555 1195 5595 cum
1227 5556 1331 5596 non
1361 5547 1506 5595 tanta
1534 5541 1916 5610 aderitgratla,

348 5633 564 5690 ubinam
578 5645 760 5692 nostra
774 5636 1168 5702 collocabimus,
1183 5634 1394 5705 quando
1412 5650 1516 5689 non
1534 5634 1588 5690 in
1604 5634 1704 5692 hoc
1719 5633 1915 5705 solum,

692 5744 962 5803 PATBOL.
1009 5746 1053 5804 G
1067 5761 1123 5802 ts.
1174 5743 1333 5809 LXI,

2063 335 2157 390 sed
2183 348 2235 392 et
2263 340 2314 392 in
2341 342 2460 396 aliis
2496 343 2784 412 majoribus
2810 348 2949 415 capti
2989 348 3281 408 fuerimus?
3305 356 3439 413 lline
3472 362 3638 418 disci-

2063 440 2180 480 mus
2205 428 2326 495 jure
2352 430 2552 487 dixisse
2583 427 2848 490 Christum
2874 439 3003 505 :Qui
3027 439 3152 496 facit
3182 445 3460 511 mala,non
3495 456 3641 510 venit

2059 519 2126 572 ad
2154 519 2324 576 lucem
2354 523 2532 593 (Joan.
2563 527 2616 582 5.
2639 527 2765 598 20);
2794 539 2848 583 ct
2875 531 3016 600 quod
3046 535 3150 588 vita
3181 537 3385 606 impura
3417 542 3640 613 imperii-

2060 622 2240 668 mento
2263 616 2333 669 sit
2361 617 2676 674 sublimibus
2696 621 3060 692 dogmatibus,
3091 643 3196 683 non
3222 629 3406 686 sinens
3446 636 3640 690 anima:

2057 707 2512 774 pcrspicacitatcm
2555 727 2832 781 apparere.
2863 715 3320 781 Quemadmodum
3365 724 3480 781 fieri
3528 744 3635 784 non

2056 806 2234 865 potest
2259 808 2316 854 ut
2345 801 2388 855 is
2417 803 2506 870 qui
2552 802 2603 856 in
2635 819 2820 861 errore
2849 817 2932 862 est
2974 818 3027 863 et
3053 821 3201 866 recte
3233 814 3390 882 vivit,
3423 834 3638 875 maneat

2056 888 2109 943 in
2139 903 2362 944 errore:
2394 891 2465 944 ita
2495 908 2602 947 non
2633 893 2788 951 facile
2831 908 3006 967 potest
3037 900 3081 954 is
3103 943 3118 967 ,
3160 904 3250 972 qui
3294 905 3345 959 in
3397 912 3634 978 nequitia

2055 980 2212 1046 vivit,
2259 983 2366 1037 cito
2412 985 2679 1053 respicere
2711 987 2776 1042 ad
2826 990 3076 1046 sublimia
3123 1005 3304 1052 nostra
3348 999 3632 1070 dogmata.

2053 1071 2147 1126 sed
2177 1072 2246 1126 ab
2273 1075 2523 1130 omnibus
2561 1076 2704 1132 vitiis
2732 1095 2924 1148 purum
2952 1097 3073 1138 esse
3107 1097 3318 1155 oportet
3343 1106 3464 1145 eum
3485 1133 3502 1160 ,
3541 1097 3636 1163 qui

2054 1163 2328 1218 veritatem
2351 1176 2433 1218 est
2454 1175 2760 1224 venaturus.
2789 1170 2920 1226 Nam
2941 1173 3031 1242 qui
3060 1175 3128 1229 ab
3157 1177 3222 1231 iis
3250 1179 3503 1238 liberatus
3522 1195 3626 1252 est,

2051 1252 2211 1306 etiam
2240 1252 2308 1307 ab
2335 1268 2519 1309 errore
2549 1256 2866 1314 liberabitur
2894 1270 2948 1315 et
2977 1265 3255 1320 veritatem
3286 1284 3625 1340 assequetur.

2049 1343 2128 1400 Ne
2178 1346 2321 1400 enim
2367 1348 2644 1403 existimes
2701 1351 2768 1405 ad
2820 1353 2921 1408 hoc
2971 1357 3104 1410 satis
3147 1374 3268 1414 esse
3311 1362 3356 1416 si
3402 1377 3508 1418 non
3553 1367 3632 1423 sis

2049 1450 2276 1504 avarus,
2310 1438 2393 1492 vel
2434 1439 2476 1492 si
2525 1455 2630 1494 non
2659 1443 2969 1510 l'orniccris;
3018 1447 3110 1501 sed
3157 1460 3372 1518 oportet
3399 1455 3415 1484 ¹
3445 1459 3627 1519 omnia

2047 1543 2372 1584 concurrere
2407 1529 2461 1584 in
2489 1547 2555 1586 eo
2584 1534 2672 1602 qui
2704 1537 2897 1604 qttmrit
2937 1540 3238 1595 veritatem.
3272 1543 3397 1599 ldeo
3423 1548 3496 1600 ait
3523 1549 3626 1604 Pe-

2048 1628 2159 1675 trus
2184 1638 2196 1673 :
2227 1620 2294 1676 In
2341 1623 2546 1678 veritate
2575 1628 2966 1696 comprehendo,
3008 1635 3145 1701 quod
3167 1653 3266 1689 non
3295 1639 3358 1690 sit
3385 1657 3628 1706 persona-

2045 1729 2159 1764 rum
2188 1723 2419 1784 acceptor
2445 1713 2618 1782 Deus;
2644 1719 2733 1771 sed
2757 1719 2808 1772 in
2836 1722 2974 1774 omni
3000 1733 3147 1793 gente
3184 1728 3271 1796 qui
3294 1731 3431 1783 timet
3458 1732 3624 1800 ipsum

2043 1812 2089 1893 et
2111 1814 2351 1870 operatur
2369 1807 2646 1873 justitiam,
2671 1822 2904 1880 acceptus
2924 1824 2996 1866 est
3018 1814 3095 1868 illi
3117 1817 3252 1884 (Act.
3276 1820 3362 1874 10.
3386 1823 3474 1883 54.
3496 1825 3616 1893 55);

2045 1891 2097 1946 id
2128 1903 2245 1959 est,
2278 1906 2436 1950 vocat
2482 1906 2536 1952 et
2585 1900 2806 1953 attrahit
2853 1903 3023 1970 ipsum
3051 1905 3117 1960 ad
3147 1910 3444 1966 veritatem.
3506 1891 3622 1972 Non

2043 1981 2190 2036 vides
2218 1982 2436 2039 Paulum
2457 2026 2473 2049 ,
2503 1987 2591 2054 qui
2620 1989 3123 2048 vehementissimus
3149 2000 3386 2054 omnium
3418 2014 3532 2058 erat
3565 2005 3618 2060 in

2042 2071 2288 2130 bellando
2330 2085 2386 2130 et
2430 2079 3096 2148 persequendo‘tattamen
3141 2088 3265 2156 quia
3298 2091 3620 2162 inculpatum

2041 2164 2202 2219 vitam
2230 2165 2475 2233 ducebat,
2505 2178 2557 2223 et
2585 2185 2691 2224 non
2713 2186 2777 2224 ex
2800 2173 2927 2228 vitio
2952 2174 3186 2232 humano
3213 2177 3330 2234 haec
3352 2181 3581 2239 faciebat
3599 2227 3617 2252 ,

2041 2263 2096 2310 et
2137 2266 2386 2325 acceptus
2431 2259 2528 2312 fuit
2567 2268 2622 2314 et
2648 2276 2836 2318 omnes
2867 2263 3022 2334 longe
3067 2271 3360 2337 superavit.
3405 2274 3459 2329 Si
3499 2277 3619 2343 quis

2041 2360 2168 2400 vero
2194 2345 2374 2414 dicat,
2405 2349 2686 2414 Quomodo
2709 2351 2799 2406 ille
2825 2354 3090 2425 quispiam
3117 2358 3336 2416 Graecus
3356 2403 3372 2430 ,
3401 2366 3491 2434 qui
3521 2367 3617 2422 bo-

2040 2445 2302 2504 nuscst,
2351 2438 2610 2510 benignus
2655 2451 2710 2496 et
2757 2442 3056 2512 humanus,
3090 2448 3141 2502 in
3170 2465 3357 2507 errore
3397 2461 3616 2512 manet?

2039 2527 2165 2588 illud
2198 2530 2593 2599 responderim,
2626 2533 2768 2588 aliud
2791 2549 2915 2588 eum
2946 2536 3147 2594 habere
3177 2542 3392 2609 vitium,
3420 2561 3611 2603 vanam

2037 2620 2259 2688 gloriam
2294 2632 2384 2677 aut
2409 2624 2572 2677 animi
2620 2625 2914 2695 ignaviam,
2944 2638 3034 2683 aut
3059 2630 3125 2686 de
3167 2633 3338 2690 salute
3379 2651 3472 2691 sua
3503 2655 3609 2694 non

2034 2722 2257 2777 curare,
2304 2712 2399 2767 sed
2444 2722 2632 2783 putare
2661 2730 2746 2770 res
2794 2732 2920 2772 suas
2965 2735 3090 2774 casu
3132 2731 3187 2776 et
3229 2732 3432 2783 temere
3458 2729 3610 2784 ferri.

2033 2802 2232 2860 Paulus
2275 2814 2453 2862 autem
2484 2822 2605 2861 eum
2625 2849 2639 2872 ,
2671 2810 2759 2878 qui
2788 2820 3042 2880 operatur
3064 2815 3363 2884 justitiam,
3407 2821 3460 2874 iu
3491 2836 3612 2876 om-

2033 2895 2190 2950 nibus
2219 2896 2545 2966 inculpatum
2570 2898 2730 2967 dicit,
2759 2900 3050 2957 Secundum
3087 2907 3344 2977 justitiam
3381 2928 3496 2982 qua:
3534 2924 3608 2967 est

2033 3003 2095 3041 ea:
2115 2990 2223 3058 lege
2251 2989 2520 3061 (Philipp.
2555 2992 2609 3045 5.
2640 2992 2736 3062 6);
2767 3004 2822 3048 et
2843 3033 2860 3060 ,
2890 2994 3091 3052 Gratias
3119 3015 3214 3068 ago
3243 2999 3370 3067 Deo,
3399 3005 3482 3057 cui
3506 3021 3614 3060 ser-

2031 3078 2164 3132 oioa
2195 3080 2470 3150 majoribus
2509 3084 2563 3135 in
2607 3099 2738 3152 pura
2781 3086 3086 3140 conscientia
3137 3089 3226 3158 (2.
3267 3089 3402 3146 Tim.
3435 3095 3488 3148 1.
3517 3096 3608 3166 5).

2032 3168 2314 3236 Quomodo
2360 3172 2521 3242 igitur
2541 3213 2556 3239 ,
2601 3175 2811 3244 inquies
2835 3218 2851 3242 ,
2881 3178 3072 3246 impuri
3102 3181 3478 3250 prmdicatione
3521 3187 3606 3240 di~

2031 3263 2175 3328 gnati
2206 3265 2368 3316 sunt?
2389 3265 2522 3332 Quia
2551 3266 2834 3322 voluerunt
2864 3280 2918 3324 ct
2940 3270 3333 3329 desiderarunt.
3362 3277 3490 3332 Nam
3520 3294 3608 3334 er-

2031 3363 2212 3408 rantes
2235 3356 2397 3408 eliam
2426 3357 2607 3423 trahit,
2636 3359 2680 3412 si
2710 3359 2894 3414 mundi
2923 3361 3032 3415 sint
3057 3379 3084 3414 a
3119 3366 3487 3434 paSsionibus;
3514 3384 3610 3425 eos

2030 3453 2229 3510 autem,
2257 3446 2343 3516 qui
2367 3463 2461 3502 sua
2490 3458 2682 3518 sponte
2709 3451 3004 3520 accedunt,
3036 3469 3143 3509 non
3167 3458 3378 3527 repellit
3407 3477 3419 3512 :
3451 3462 3607 3516 multi

2029 3551 2158 3590 vero
2181 3537 2344 3592 etiam
2372 3553 2402 3592 a
2431 3539 2722 3609 majoribus
2749 3543 2890 3611 piam
2919 3544 3232 3615 religionem
3261 3562 3602 3618 acceperunt.

2030 3625 2155 3682 Cant
2179 3629 2312 3683 enim
2339 3630 2393 3684 in
2415 3631 2550 3686 vobis
2575 3635 2640 3686 sit
2678 3633 2818 3689 zelus
2844 3645 2890 3688 et
2915 3638 3185 3692 contentio.
3221 3639 3443 3696 Demum
3471 3644 3604 3698 sub-

2028 3720 2170 3776 ditos
2214 3722 2620 3793 impngnaturus
2665 3728 2890 3782 accedit.
2938 3729 2999 3784 ln
3051 3732 3416 3800 superioribus
3459 3737 3604 3792 enim

2026 3816 2294 3884 principes
2337 3817 2534 3886 dejecit
2576 3818 2790 3886 dicens,
2837 3830 3113 3877 externam
3143 3823 3356 3880 dicendi
3395 3828 3610 3898 sapien-

2029 3905 2157 3959 tiam
2195 3905 2394 3960 nullius
2435 3922 2555 3962 esse
2582 3909 2776 3977 pretii:
2809 3910 2896 3966 hic
2936 3923 3112 3968 autem
3141 3915 3385 3971 subditos
3414 3919 3604 3974 redar-

2026 3997 2139 4066 guit
2157 3996 2340 4052 dicens
2367 4016 2379 4051 :
2408 3999 2460 4052 4.
2487 3997 2613 4052 Cum
2639 4001 2770 4054 enim
2791 4002 2900 4067 quis
2927 4003 3084 4069 dicat,
3123 4004 3235 4075 Ego
3263 4007 3464 4075 quidem
3493 4026 3606 4064 sum

2029 4086 2205 4152 Pauli,
2231 4106 2320 4159 ego
2351 4098 2517 4143 autem
2557 4090 2762 4159 Apollo,
2796 4107 2963 4146 nonne
2985 4095 3217 4148 carnales
3246 4097 3402 4149 estis?
3429 4106 3484 4151 et
3510 4113 3606 4153 os-

2029 4180 2199 4236 tendit
2223 4180 2326 4235 boc
2353 4197 2461 4235 non
2487 4181 2648 4236 modo
2677 4182 2809 4236 nihil
2835 4183 2938 4237 illis
2963 4183 3245 4253 profuisse,
3278 4201 3452 4254 neque
3475 4188 3607 4242 effe-

2026 4271 2166 4326 cisse
2193 4280 2250 4324 ut
2274 4271 2473 4339 aliquid
2499 4273 2805 4341 acciperent
2824 4314 2839 4340 ,
2872 4274 2966 4329 sed
2995 4274 3256 4344 majorum
3287 4291 3464 4332 rerum
3495 4281 3604 4332 uti-

2026 4363 2228 4417 litatem
2255 4363 2614 4432 impcdivisse.
2647 4364 2759 4419 Hoc
2783 4366 2924 4419 enim
2967 4366 3140 4421 zelum
3173 4368 3416 4438 peperit:
3458 4370 3605 4426 zelus

2026 4461 2202 4507 autem
2247 4452 2492 4507 carnales
2537 4453 2658 4508 illos
2686 4453 2900 4509 effecit:
2949 4455 3090 4527 quod
3138 4466 3317 4512 autem
3362 4461 3607 4515 carnales

2027 4544 2201 4601 effecti
2244 4543 2382 4611 sint,
2416 4543 2468 4598 id
2496 4559 2600 4599 non
2630 4546 2754 4600 sivit
2791 4547 3105 4602 sublimiora
3147 4549 3355 4609 audire.
3389 4552 3442 4606 5.
3478 4551 3605 4616 Quis

2026 4637 2179 4706 igitur
2204 4645 2274 4690 est
2299 4636 2496 4691 Paulus
2514 4678 2532 4704 ,
2573 4639 2684 4708 quis
2713 4639 2937 4708 Apollo?
2962 4640 3095 4696 Nam
3125 4651 3244 4711 post
3270 4660 3445 4699 rerum
3475 4661 3606 4715 pro-

2028 4726 2298 4782 bationem
2324 4736 2380 4782 et
2405 4728 2917 4786 demonstrationem
2943 4733 3182 4800 apertius
3203 4733 3394 4788 deinde
3422 4751 3605 4804 repre-

2028 4817 2286 4873 hensione
2329 4833 2458 4874 usus
2487 4829 2602 4886 est;
2633 4830 2688 4875 et
2732 4836 2886 4876 suum
2909 4821 3064 4876 affert
3106 4838 3337 4884 nomen.
3384 4840 3602 4882 omnem

2027 4909 2222 4964 tollens
2251 4911 2619 4979 asperitatem,
2648 4926 2754 4965 non
2785 4912 3100 4979 permittens
3126 4921 3185 4966 ut
3211 4913 3278 4968 de
3305 4913 3463 4970 dictis
3493 4918 3602 4970 ira-

2027 5011 2329 5056 scerentur.
2365 5003 2419 5056 Si
2450 5002 2590 5055 enim
2619 5001 2815 5056 Paulus
2851 5002 2983 5056 nihil
3009 5012 3089 5058 est
3119 5013 3174 5059 et
3211 5021 3318 5061 non
3350 5007 3600 5078 indigna-

2029 5098 2114 5144 tur
2135 5131 2150 5156 ,
2179 5092 2346 5144 multo
2373 5093 2549 5144 minus
2577 5089 2696 5145 illos
2718 5107 2859 5162 aegre
2886 5094 3028 5150 ferre
3057 5097 3356 5165 oportebat.
3391 5099 3601 5169 Duplici

2028 5195 2157 5250 ergo
2199 5183 2405 5236 ratione
2452 5182 2573 5237 illos
2618 5185 2926 5239 consolatur
2947 5227 2961 5249 ,
2986 5196 3040 5241 et
3066 5189 3206 5257 quod
3237 5191 3475 5260 seipsum
3501 5207 3602 5260 po-

2028 5273 2217 5336 suerit,
2240 5283 2294 5327 et
2319 5273 2457 5344 quod
2487 5289 2590 5329 non
2617 5275 2759 5330 sinat
2785 5292 2881 5333 eos
2901 5280 3149 5334 omnibus
3177 5282 3392 5349 priVari,
3417 5290 3602 5350 utpote

2029 5363 2119 5433 qui
2155 5363 2287 5419 nihil
2323 5366 2678 5432 contulerint;
2721 5369 2815 5422 sed
2856 5368 3056 5438 aliquid
3082 5369 3172 5423 dat
3197 5370 3302 5424 illis
3327 5369 3596 5426 modicum

2091 5519 2624 5583 lnunocoddcgitur...
2652 5521 2923 5572 Forniceris
2951 5537 2967 5572 :
2987 5536 3078 5572 non
3099 5518 3236 5574 enim
3259 5524 3473 5577 atalibus
3491 5528 3610 5581 ubs-

2030 5584 2181 5654 tiuerc
2209 5581 2381 5646 sufficit
2421 5581 2486 5634 ad
2531 5584 2893 5648 intelligentiam
2915 5590 3297 5648 consequendam
3318 5601 3334 5640 ς
3357 5589 3443 5640 sed
3468 5603 3614 5654 opor-

2031 5653 2160 5700 tet...
