4100 6214
481 235 540 288 71
1203 226 1261 284 S.
1301 225 1574 283 JOANNIS
1609 221 2076 282 CIIRYSOSTOMI
2116 223 2429 280 ARClllEP.
2468 223 2996 282 CONSTANTINUP.
3684 237 3755 294 7g

477 361 658 416 certe,
682 350 772 404 dat
801 358 998 403 tamen.
1028 346 1159 403 Cum
1187 346 1407 401 dixisset
1432 345 1573 398 enim
1599 361 1612 398 ε
1643 344 1767 411 Quis
1808 352 1879 398 est
1911 343 2055 397 Pau-

475 444 596 506 lus,
640 441 752 513 quis
781 439 1004 510 Apollo?
1037 438 1340 507 subjunxit,
1377 433 1496 487 Nisi
1538 434 1760 488 ministri
1806 450 1896 504 per
1934 451 2060 506 quos

480 532 804 587 credidistis?
846 531 958 584 [loc
985 542 1113 583 vero
1143 541 1238 596 per
1267 538 1326 578 se
1368 538 1617 595 magnum
1665 533 1749 580 est
1794 533 1849 578 et
1891 524 2058 579 multa

483 623 734 678 mercede
760 621 1012 691 dignum;
1061 616 1106 672 si
1151 613 1442 684 aspiciatur
1491 624 1671 671 autem
1712 615 1778 669 ad
1807 615 2057 686 archety-

481 731 608 786 pum
651 724 708 771 et
751 712 983 768 radicem
1027 709 1290 764 bonorum
1315 747 1330 773 ,
1361 707 1496 762 nihil
1526 715 1627 762 est.
1657 706 1772 762 Non
1798 707 1942 762 enim
1967 708 2057 778 qui

480 811 633 864 bonis
663 806 963 869 ministrat,
994 802 1090 858 sed
1113 802 1204 871 qui
1235 815 1297 856 ea
1329 799 1530 870 praabet
1556 808 1611 854 ct
1636 799 1835 866 donat,
1865 799 1952 856 hic
1973 808 2058 856 est

479 902 568 969 qui
611 897 873 953 beneﬁcio
920 893 1104 950 aflicit.
1138 891 1246 947 Nec
1285 891 1458 958 dixit,
1501 891 1892 962 Evangelistze,
1922 893 2053 959 sed,

478 990 719 1054 Ministri,
741 989 885 1057 quod
910 985 1078 1054 majus
1097 991 1200 1039 est.
1233 981 1418 1053 Neque
1449 982 1592 1038 enim
1617 983 1792 1037 solum
1816 997 2052 1054 evange-

475 1083 728 1144 lizarunt,
756 1079 852 1135 sed
891 1079 1051 1134 etiam
1081 1076 1234 1131 nobis
1277 1076 1690 1130 ntinistravere:
1738 1074 1870 1130 illud
1909 1077 2051 1131 enim

469 1174 527 1228 in
551 1172 716 1226 verbo
727 1178 939 1224 tantum
960 1168 1121 1222 sit-um
1145 1174 1249 1230 est,
1275 1165 1379 1220 hoc
1407 1166 1460 1220 in
1487 1178 1668 1234 opere.
1694 1164 2048 1232 Quamobrem

471 1266 572 1320 etsi
599 1263 847 1318 Christus
885 1260 1129 1315 minister
1171 1257 1343 1312 solum
1389 1264 1472 1311 est
1515 1256 1817 1320 bonorum,
1847 1265 1904 1312 et
1942 1271 2049 1311 non

473 1358 586 1427 ipse
613 1355 760 1410 radix
785 1363 840 1409 et
865 1352 982 1407 l'ons
1010 1362 1275 1421 tamquam
1298 1348 1469 1404 Filius
1488 1390 1504 1417 ,
1527 1348 1649 1404 vide
1673 1364 1903 1419 quonam
1931 1349 2049 1405 haec

471 1463 558 1504 res
584 1447 897 1502 deducatur.

541 1541 593 1594 '5.
635 1537 913 1605 Quomodo
942 1536 1102 1606 igitur
1121 1575 1136 1600 ,
1170 1533 1378 1603 inquies
1397 1572 1413 1598 ,
1440 1531 1569 1586 dicit
1594 1547 1716 1587 eum
1745 1531 2044 1587 ministrum

467 1633 634 1688 fuisse
678 1626 1139 1687 circumcisionis't
1198 1626 1272 1680 De
1313 1623 1710 1694 dispensatione
1753 1623 2044 1679 secundum

468 1737 686 1782 carnem
715 1723 786 1778 ibi
814 1720 1043 1791 loquitur
1063 1760 1078 1784 ,
1107 1727 1161 1773 et
1187 1732 1292 1772 non
1323 1731 1389 1771 eo
1417 1715 1575 1771 modo
1602 1730 1708 1786 quo
1739 1730 1879 1770 nunc
1903 1714 2042 1769 dixi-

467 1833 586 1872 mus
611 1833 624 1869 :
653 1830 773 1870 nam
802 1813 911 1868 illic
934 1810 1236 1866 ministrum
1266 1808 1396 1864 dicit
1422 1809 1565 1863 illum
1596 1808 1683 1877 qui
1710 1807 2038 1877 adimplevit,

464 1923 570 1962 non
596 1921 718 1961 eum
750 1903 841 1972 qui
868 1917 937 1957 ex
967 1917 1027 1957 se
1057 1901 1194 1954 bona
1223 1898 1468 1968 prtebuit.
1496 1897 1605 1952 Nec
1629 1897 1790 1962 dixit,
1821 1897 1920 1964 Qui
1947 1912 2042 1953 vos

461 1998 728 2053 adducunt
749 1993 814 2048 ad
847 1991 1004 2046 ﬁdem
1031 2031 1047 2057 ,
1073 1989 1167 2044 sed
1190 2029 1204 2054 ,
1240 1987 1344 2042 Per
1363 2004 1487 2057 quos
1513 1987 1830 2052 credidistis;
1856 2001 2041 2044 rursus

458 2091 566 2146 illis
602 2089 721 2158 plus
765 2085 1006 2140 tribuens
1028 2122 1044 2148 ,
1075 2089 1130 2136 et
1170 2079 1295 2135 hinc
1337 2079 1612 2134 ministros
1645 2078 1937 2134 declarans.
1981 2080 2039 2137 Si

457 2195 586 2251 ergo
609 2175 763 2234 alteri
789 2173 1178 2237 ministrabant,
1201 2169 1470 2242 quomodo
1489 2168 1544 2224 hi
1566 2169 1828 2240 arripiunt
1849 2179 2036 2226 aucto-

455 2269 705 2326 ritatem?
731 2267 809 2321 Tu
831 2279 958 2320 vero
981 2261 1111 2318 mihi
1131 2261 1462 2328 consideres,
1486 2259 1754 2331 quomodo
1779 2274 2034 2330 nusquam

455 2377 548 2417 eos
577 2367 808 2424 accuset,
836 2355 988 2428 quasi
1017 2353 1264 2424 rapiant,
1295 2351 1392 2408 sed
1423 2360 1479 2407 ut
1503 2350 1593 2422 qui
1618 2351 1888 2422 praebeant
1915 2369 1928 2404 :
1959 2351 2036 2406 la-

456 2467 580 2525 psus
616 2452 757 2508 enim
797 2464 958 2505 causa
1000 2449 1055 2502 in
1090 2447 1246 2516 plebe
1277 2454 1392 2501 erat
1419 2463 1432 2499 :
1465 2460 1587 2500 nam
1616 2444 1662 2499 si
1691 2444 1766 2498 illi
1797 2445 2032 2500 abstitis-

451 2555 592 2608 sent,
616 2544 672 2598 hi
696 2542 1042 2598 deStitisscnt.
1070 2540 1184 2594 Duo
1209 2539 1366 2609 igitur
1390 2539 1658 2608 sapienter
1676 2536 2028 2604 conﬁrmavit,

452 2635 595 2690 unde
611 2633 890 2704 oportebat
912 2639 1186 2702 peccatum
1211 2630 1398 2685 tollere
1424 2629 1498 2684 ibi
1519 2629 1829 2697 suﬂ'odiens,
1853 2629 2033 2684 adver-

453 2742 546 2784 sus
570 2727 692 2781 illos
715 2724 840 2780 odio
863 2739 966 2777 non
989 2722 1305 2786 concitatus,
1329 2735 1500 2790 neque
1523 2719 1640 2774 illos
1662 2719 1890 2775 reddens
1910 2733 2031 2775 con-

451 2817 811 2874 tentiosiores.
851 2815 918 2869 Et
945 2813 1213 2884 unicuique
1243 2810 1374 2866 sicut
1401 2809 1628 2867 Christus
1652 2811 1808 2866 dedit.
1845 2812 2031 2882 Neque

451 2911 592 2964 enim
625 2909 726 2963 hoc
753 2908 923 2977 ipsum
955 2906 1220 2961 modicum
1255 2919 1286 2959 a
1322 2902 1512 2973 seipsis
1541 2903 1841 2970 habebant,
1873 2902 1968 2959 sed
1996 2919 2027 2958 a

449 3003 559 3057 Deo
599 3000 692 3072 qui
733 2999 1040 3056 tradiderat.
1084 2998 1161 3052 Ne
1198 2997 1340 3054 enim
1377 2996 1620 3052 dicerent
1649 3015 1661 3052 :
1689 2997 1824 3066 Quid
1861 2997 2028 3069 ergo?

447 3096 513 3150 iis
551 3093 643 3165 qui
680 3093 832 3148 nobis
872 3091 1215 3155 ministrant,
1248 3104 1353 3145 non
1393 3099 1635 3144 amanter
1664 3089 2026 3146 hasrcbimus?

446 3191 618 3246 Etiam
642 3230 659 3256 ,
691 3186 904 3258 inquit,
941 3185 1032 3241 sed
1077 3185 1214 3240 scire
1255 3190 1467 3253 oportet
1507 3197 1824 3253 quousque:
1854 3199 2026 3253 neque

444 3283 588 3338 enim
639 3280 740 3335 hoc
783 3279 956 3350 ipsum
983 3293 1092 3332 asc
1116 3276 1334 3343 habent,
1372 3274 1465 3330 sed
1503 3291 1534 3329 a
1576 3275 1688 3330 Deo
1725 3277 1813 3346 qui
1853 3276 2020 3331 dedit.

443 3373 493 3428 6.
523 3372 636 3444 Ego
663 3372 884 3441 plantan
910 3409 924 3435 ,
953 3369 1133 3440 Apollo
1154 3368 1368 3438 rigavit;
1395 3365 1533 3420 Deus
1556 3376 1724 3420 autem
1747 3368 2022 3422 incremen-

443 3474 548 3517 tum
595 3463 755 3518 dedit.
787 3462 844 3516 Id
885 3469 1003 3527 est,
1036 3461 1236 3530 primus
1265 3457 1485 3514 verbum
1526 3459 1723 3514 inserui
1756 3477 1768 3512 :
1798 3474 1866 3515 ne
1895 3474 2021 3516 vero

441 3557 644 3612 semina
671 3553 1050 3610 tentatiouibus
1073 3553 1488 3618 cxsiccarcntur,
1510 3566 1605 3606 sua
1632 3551 1836 3608 addidit
1859 3553 2021 3623 Apol-

441 3647 528 3714 lo;
555 3656 722 3701 totum
753 3655 927 3700 autem
961 3645 1053 3698 Dei
1091 3644 1206 3698 fuit.
1240 3643 1292 3696 7.
1321 3642 1502 3713 Itaque
1529 3659 1685 3714 neque
1711 3644 1795 3714 qui
1825 3644 2022 3715 plantat

440 3748 514 3792 est
551 3737 774 3808 aliquid,
811 3752 969 3806 neque
993 3736 1079 3804 qui
1106 3735 1274 3804 rigat,
1303 3733 1390 3788 sed
1416 3733 1502 3804 qui
1538 3733 1625 3787 dat
1662 3735 2018 3790 incrementum

439 3829 600 3884 Deus.
631 3827 819 3883 Vidcn’
845 3825 1110 3896 quomodo
1141 3825 1261 3880 illos
1288 3825 1593 3882 consoletur
1614 3867 1630 3892 ,
1669 3835 1728 3881 ut
1755 3841 1823 3882 ne
1859 3843 2017 3898 aspe-

439 3923 615 3979 riores
644 3921 771 3975 fiant
797 3935 864 3974 ex
890 3934 956 3975 eo
983 3919 1125 3991 quod
1151 3919 1415 3975 audierint
1434 3961 1451 3987 ,
1482 3919 1614 3987 Quis
1640 3929 1721 3976 est
1750 3920 1871 3987 iste,
1899 3922 2017 3992 quis

439 4026 518 4072 est
543 4015 672 4071 ille?
695 4013 832 4069 Sunt
852 4012 995 4069 enim
1017 4021 1239 4083 utraque
1265 4027 1512 4078 onerosa,
1535 4022 1590 4069 et
1611 4013 1752 4083 quod
1771 4014 2014 4080 dixisset,

437 4108 567 4176 Quis
592 4117 676 4163 est
712 4105 814 4162 iste
834 4147 850 4173 ,
883 4104 1002 4177 quis
1027 4113 1110 4162 est
1143 4103 1272 4160 ille?
1295 4111 1350 4159 et
1378 4103 1518 4173 quod
1543 4103 1806 4169 dixisset,
1833 4103 2017 4174 Neque

435 4201 524 4271 qui
565 4199 803 4269 plantat,
844 4211 1022 4267 neque
1057 4195 1148 4267 qui
1188 4196 1322 4266 rigat
1358 4203 1445 4251 est
1481 4195 1698 4266 aliquid.
1739 4195 2016 4263 Quomodo

434 4305 562 4361 ergo
591 4291 732 4344 circa
773 4287 887 4343 htec
915 4285 1338 4342 consolationem
1367 4286 1578 4341 attulit?
1619 4285 1772 4354 Quod
1804 4287 1854 4342 in
1891 4302 2015 4358 pro-

433 4383 602 4450 priam
634 4394 917 4450 personam
946 4379 1258 4448 despectum
1285 4378 1514 4433 adducat
1536 4394 1657 4434 cum
1685 4379 1811 4434 dicit
1843 4401 1858 4435 :
1887 4379 2015 4444 Quis

434 4469 578 4524 enim
607 4479 678 4521 est
705 4467 904 4520 Paulus
926 4507 943 4534 ,
973 4468 1084 4536 quis
1111 4467 1296 4536 Apollo
1316 4467 1346 4520 ?
1365 4475 1420 4520 et
1447 4467 1590 4535 quod
1616 4467 1764 4521 danti
1793 4468 1901 4521 Deo
1928 4476 1984 4521 to

433 4568 544 4611 tum
575 4558 789 4610 referat.
817 4557 953 4609 Cum
981 4558 1121 4611 enim
1147 4558 1386 4622 dixisset,
1420 4557 1516 4612 llic
1545 4558 1816 4626 plantavit,
1839 4568 1893 4613 et
1915 4557 2010 4614 ad-

431 4647 660 4703 didisset
685 4644 816 4700 nihil
842 4660 961 4700 esse
985 4660 1107 4700 eum
1132 4646 1224 4715 qui
1251 4647 1451 4715 plantat
1472 4687 1487 4711 ,
1517 4648 1738 4715 addidit,
1771 4651 1886 4714 sed,
1914 4649 2014 4716 Qui

432 4743 792 4796 incrementum
829 4738 918 4792 dat
956 4735 1114 4791 Deus.
1139 4737 1322 4807 Neque
1365 4737 1452 4793 hic
1477 4740 1750 4808 constitit,
1785 4740 1878 4796 scd
1906 4741 2013 4796 alio

431 4845 620 4886 rursus
654 4829 1012 4886 additamento
1038 4829 1086 4884 ei
1117 4829 1360 4884 medetur
1384 4828 1570 4885 dicens
1598 4848 1613 4884 :
1639 4830 1690 4886 8.
1723 4831 1822 4899 Qui
1845 4839 2013 4886 autem

434 4920 639 4990 plantat
670 4929 718 4974 ct
755 4922 841 4990 qui
877 4921 1012 4993 rigat
1049 4938 1205 4976 unum
1243 4931 1378 4976 sunt.
1420 4921 1523 4977 Per
1562 4921 1662 4977 hoc
1699 4922 1839 4977 enim
1869 4923 2014 4979 aliud

436 5026 650 5082 quoque
691 5012 939 5078 molitur,
990 5022 1144 5070 utne
1171 5015 1307 5071 alter
1347 5015 1398 5070 in
1439 5015 1666 5071 alterum
1704 5015 2007 5073 ell‘erantur.

437 5100 613 5157 Unum
657 5109 834 5154 autem
875 5101 993 5155 illos
1022 5117 1140 5158 esse
1167 5105 1330 5171 dicit,
1358 5121 1424 5160 eo
1461 5105 1602 5177 quod
1639 5105 1768 5161 nihil
1812 5107 2016 5178 possint

437 5193 557 5249 sine
599 5191 710 5247 Deo
736 5190 1124 5246 incrementum
1151 5193 1331 5248 dante.
1359 5195 1472 5250 Hoc
1505 5212 1628 5251 cum
1659 5197 1879 5253 dixisset
1902 5239 1917 5261 ,
1947 5214 2014 5254 ne

439 5297 536 5339 eos
562 5281 774 5354 quidem
803 5282 890 5353 qui
922 5282 1146 5336 multum
1176 5283 1544 5339 laboraverant
1575 5287 1813 5355 permisit
1834 5286 2014 5344 efferri

438 5373 498 5426 in
518 5388 612 5429 eos
631 5373 722 5444 qui
745 5374 949 5428 minora
974 5372 1294 5439 intulissent,
1317 5389 1492 5444 neque
1513 5375 1646 5430 alios
1665 5377 1729 5432 iis
1749 5376 2009 5432 invidere.

440 5465 665 5534 Deinde,
696 5469 818 5538 quia
849 5467 952 5523 hoc
975 5468 1248 5539 segniores
1277 5467 1397 5523 illos
1427 5467 1708 5537 reddebat,
1735 5470 1876 5541 quod
1901 5486 2014 5525 om-

440 5567 540 5612 nes
565 5571 727 5611 unum
754 5574 873 5614 esse
900 5568 1229 5628 putarentur,
1263 5571 1367 5615 tam
1392 5560 1426 5615 ii
1453 5561 1539 5630 qui
1571 5563 1792 5618 multum
1809 5604 1826 5632 ,
1854 5577 2012 5633 quam

442 5643 482 5700 ii
509 5645 596 5719 qui
623 5647 793 5705 minus
825 5649 1232 5721 laboraverant,
1262 5651 1379 5709 vide
1403 5651 1670 5724 quomodo
1699 5653 1798 5711 hoc
1828 5667 2011 5710 curre-

2165 345 2304 401 xerit
2331 344 2517 402 dicens
2546 368 2559 403 :
2591 346 2942 419 Unusquisque
2981 358 3148 405 autem
3177 353 3438 422 propriam
3472 356 3750 410 mercedem

2161 436 2371 504 accipiet
2417 438 2689 492 secundum
2732 456 2877 494 suum
2920 441 3160 496 laborem.
3202 444 3281 498 Ac
3313 445 3358 498 si
3389 444 3593 501 diceret
3624 465 3637 500 :
3670 447 3749 503 Ne

2165 527 2353 582 timeas
2389 529 2529 598 quod
2568 530 2790 585 dixerim
2830 547 2992 586 unum
3029 547 3186 600 esse;
3228 549 3349 590 nam
3390 536 3434 590 si
3474 537 3568 592 Det
3596 539 3746 608 operi

2161 617 2540 684 conferantur,
2571 637 2732 674 unum
2779 630 2936 689 sunt;
2980 623 3273 680 secundum
3313 625 3526 684 labores
3563 639 3745 685 autem

2161 722 2267 763 non
2291 717 2415 762 sunt
2435 726 2617 776 unum,
2641 711 2734 766 sed
2759 714 3123 785 unusquisque
3146 718 3414 786 propriam
3435 721 3743 778 mercedem

2159 803 2404 871 accipiet.
2456 802 2660 859 Deinde
2707 804 2810 861 hoc
2849 807 3008 862 etiam
3052 808 3222 880 magis
3261 809 3496 882 mitigat,
3529 828 3654 869 cum
3687 815 3742 869 id

2157 891 2423 949 cﬂccisset
2449 895 2588 964 quod
2619 895 2828 951 volebat
2853 914 2866 952 :
2897 898 2947 952 in
2989 899 3181 967 quibus
3212 909 3384 970 potest
3410 904 3744 972 gratiﬁcatur

2157 998 2277 1039 cum
2318 984 2653 1041 liberalitate.
2684 987 2738 1043 9.
2771 985 2868 1041 Dei
2905 989 3042 1042 enim
3083 990 3341 1054 adiutores
3381 1008 3550 1047 sumus
3587 1011 3606 1048 :
3639 993 3738 1049 Da'

2155 1076 2462 1146 agricultura
2487 1078 2605 1132 estis
2628 1119 2644 1145 ,
2675 1077 2768 1131 Dei
2791 1078 3063 1146 wdiﬁcatio
3088 1082 3223 1135 estis.
3252 1081 3437 1137 Vidcn‘
3465 1085 3735 1153 quomodo

2156 1166 2284 1236 ipsis
2320 1182 2456 1237 opus
2491 1168 2700 1224 dederit
2727 1185 2832 1225 non
2863 1185 3105 1239 parvum,
3132 1186 3253 1228 cum
3280 1175 3427 1243 prius
3455 1175 3737 1244 probasset

2154 1267 2321 1313 totum
2349 1275 2416 1315 cx
2447 1261 2555 1315 Deo
2584 1262 2740 1316 esse?
2765 1262 2897 1330 Quia
2925 1265 3066 1318 enim
3092 1280 3306 1335 semper
3333 1279 3513 1322 mouet
3539 1285 3736 1338 parcn-

2151 1348 2276 1403 dum
2319 1365 2440 1406 esse
2485 1352 2783 1421 prmpositis
2808 1393 2822 1415 ,
2855 1353 2977 1408 ideo
3013 1353 3264 1411 ductores
3303 1372 3406 1412 non
3443 1358 3732 1416 admodum

2149 1441 2417 1512 deprimit.
2445 1443 2536 1496 Dei
2557 1445 2867 1514 agricultura
2888 1447 3028 1501 estis.
3055 1447 3185 1514 Quia
3211 1451 3352 1505 enim
3378 1451 3534 1518 dixit,
3563 1452 3731 1508 Plan-

2149 1532 2269 1600 tavi,
2301 1543 2500 1605 perstat
2529 1536 2582 1590 in
2611 1535 2940 1607 metaphora.
2973 1538 3029 1593 Si
3058 1548 3235 1594 autem
3265 1542 3356 1597 Dei
3383 1544 3727 1612 agricultura,

2147 1639 2254 1680 non
2285 1634 2344 1680 ut
2379 1625 2449 1680 ab
2477 1626 2540 1681 iis
2566 1626 2656 1696 qui
2687 1642 2783 1683 vos
2807 1629 3028 1695 colunt,
3061 1630 3156 1684 sed
3184 1639 3240 1685 ut
3266 1647 3295 1686 a
3325 1633 3438 1688 Deo
3464 1636 3729 1692 vocemini

2145 1731 2354 1786 aequum
2381 1727 2483 1772 cst.
2509 1718 2624 1774 Non
2649 1721 2791 1775 enim
2819 1735 2946 1790 ager
2971 1730 3190 1777 vocatur
3213 1726 3484 1794 agricolae,
3511 1728 3605 1782 sed
3635 1743 3729 1797 pa-

2146 1806 2492 1863 trisfamilias.
2534 1809 2631 1864 Dei
2665 1810 2937 1880 aediﬁcatio
2975 1815 3113 1869 estis.
3160 1815 3361 1870 Rursus
3401 1818 3725 1888 aediﬁcatio,

2145 1911 2250 1952 non
2275 1900 2515 1968 artificis,
2535 1902 2626 1956 sed
2643 1902 2844 1957 domini
2866 1913 2968 1959 est.
2991 1904 3046 1960 Si
3067 1914 3244 1961 autem
3266 1907 3548 1965 azdilicatio
3569 1914 3720 1981 estis,

2143 2005 2250 2045 non
2292 2002 2505 2061 oportet
2542 2009 2661 2050 esse
2701 1995 2901 2052 divisos
2930 1997 3101 2053 :alias
3145 1999 3247 2054 hoc
3291 2000 3574 2058 azditicatio
3613 2021 3721 2064 non

2142 2081 2318 2137 fuerit.
2349 2082 2406 2138 Si
2449 2085 2764 2154 agricultura
2792 2087 2922 2143 estis
2945 2128 2961 2154 ,
2993 2103 3101 2144 non
3138 2099 3350 2160 oportet
3387 2093 3550 2149 dividi
3576 2137 3593 2163 ,
3623 2097 3718 2153 sed

2143 2187 2246 2227 una
2280 2175 2580 2230 concordiae
2620 2191 2748 2248 sepe
2791 2178 3006 2233 muniri.
3036 2180 3126 2235 10.
3159 2180 3454 2238 Secundum
3501 2189 3720 2254 gratiam

2140 2259 2236 2317 Dei
2259 2305 2276 2330 ,
2307 2280 2420 2335 qua:
2445 2265 2566 2319 data
2594 2275 2662 2320 est
2697 2266 2821 2320 mihi
2844 2307 2860 2334 ,
2890 2278 2946 2321 ut
2972 2271 3174 2339 sapiens
3202 2273 3499 2329 architectus
3523 2277 3718 2346 funda-

2139 2364 2361 2408 mentum
2398 2356 2562 2426 posui.
2593 2356 2690 2411 Hic
2716 2372 2776 2413 se
2814 2359 3105 2429 sapientem
3135 2365 3380 2429 vocavit,
3405 2379 3509 2421 non
3535 2382 3596 2422 se
3620 2383 3716 2424 ex-

2138 2445 2352 2514 tollens,
2374 2446 2469 2502 sed
2491 2461 2548 2503 se
2572 2456 2751 2519 typum
2773 2450 2905 2505 dans
2930 2450 3054 2512 illis.
3077 2462 3131 2508 et
3150 2455 3436 2510 ostendens
3452 2458 3714 2527 sapientis

2135 2551 2254 2592 esse
2280 2553 2440 2593 unum
2468 2553 2667 2609 ponere
2692 2539 3112 2597 fundamentum.
3143 2543 3275 2601 Vide
3300 2562 3526 2618 namque
3549 2564 3713 2620 quam

2134 2630 2407 2685 moderate
2435 2644 2494 2686 se
2521 2641 2688 2702 gerat.
2717 2633 2848 2688 Cum
2875 2634 3018 2699 enim
3044 2651 3105 2692 se
3128 2638 3421 2708 sapientem
3452 2641 3708 2709 dixisset,

2135 2733 2242 2774 non
2263 2719 2384 2775 sivit
2407 2719 2510 2775 hoc
2531 2737 2650 2778 esse
2675 2738 2848 2786 suum,
2871 2724 2966 2780 sed
2997 2741 3116 2780 cum
3143 2742 3202 2783 se
3229 2730 3375 2798 prius
3402 2738 3568 2785 totum
3597 2733 3710 2788 Deo

2132 2809 2483 2878 attribuisset,
2514 2822 2640 2869 tunc
2667 2831 2727 2872 se
2756 2816 2828 2870 ita
2857 2819 3066 2872 vocavit
3094 2836 3108 2873 :
3137 2834 3257 2874 nam
3285 2820 3575 2877 Secundum
3597 2841 3710 2894 gru—

2133 2902 2256 2956 tium
2299 2901 2429 2968 Dei,
2473 2921 2585 2974 qua
2631 2907 2750 2960 data
2791 2916 2862 2962 est
2906 2907 3066 2975 mihi,
3112 2908 3304 2980 inquit.
3348 2911 3512 2969 Simul
3561 2917 3706 2972 enim

2131 2994 2362 3050 ostendit
2391 3005 2555 3050 totum
2592 3012 2714 3054 esse
2757 2999 2846 3054 Dei
2876 3010 2932 3056 et
2969 3001 3109 3071 quod
3147 3001 3253 3058 hoc
3279 3005 3508 3062 maxime
3535 3010 3704 3078 gratia

2129 3085 2227 3149 sit,
2257 3100 2362 3139 non
2388 3085 2581 3152 dividi,
2613 3087 2707 3143 sed
2733 3090 2787 3143 in
2817 3105 2922 3145 uno
2955 3091 3136 3161 jacere
3164 3091 3530 3151 fundamento.
3558 3097 3705 3153 Alius

2128 3179 2500 3248 supertcdi/icat
2526 3196 2547 3233 :
2569 3180 2735 3235 videat
2773 3192 2941 3236 autem
2979 3187 3316 3256 unusquisque
3338 3191 3589 3257 quomodo
3611 3209 3706 3246 su-

2128 3270 2449 3340 pertedi/icet.
2481 3272 2576 3326 llic
2603 3274 2730 3328 mihi
2759 3274 2966 3330 videtur
2993 3276 3110 3332 illos
3137 3279 3408 3342 inducere.
3442 3292 3497 3336 ut
3523 3293 3699 3338 certa-

2127 3375 2248 3416 men
2278 3361 2458 3416 ineant
2482 3362 2552 3418 de
2577 3365 2680 3418 vita
2709 3365 3050 3433 instituenda,
3080 3369 3202 3438 quia
3231 3370 3352 3425 illos
3380 3373 3547 3428 semel
3573 3388 3702 3429 cun-

2120 3451 2296 3521 junxit
2337 3461 2391 3508 et
2433 3470 2592 3509 unum
2635 3455 2777 3510 fecit.
2812 3458 2898 3512 ll.
2932 3456 3342 3515 Fundamentum
3383 3465 3518 3517 enim
3556 3467 3700 3519 aliud

2124 3560 2266 3598 nemo
2298 3553 2456 3614 potest
2493 3561 2675 3616 ponere
2711 3556 2894 3616 printer
2922 3549 2976 3601 id
3003 3551 3136 3617 quod
3164 3552 3379 3620 positum
3417 3564 3491 3607 est
3511 3595 3526 3618 ,
3565 3554 3698 3623 quod

2123 3644 2193 3690 est
2221 3635 2369 3691 Iesus
2398 3635 2649 3691 Christus.
2687 3637 2806 3693 Non
2845 3647 3018 3708 potest
3052 3649 3231 3695 autem
3258 3644 3509 3712 quamdiu
3538 3643 3700 3702 fuerit

2120 3725 2444 3782 architectus
2471 3744 2488 3783 :
2512 3728 2558 3783 si
2598 3736 2774 3784 autem
2813 3730 3044 3799 positum
3087 3731 3245 3788 fuerit
3268 3770 3286 3800 ,
3320 3733 3430 3802 jam
3470 3750 3576 3790 non
3615 3747 3696 3792 est

2121 3816 2460 3872 architectus.

2190 3909 2243 3963 4.
2284 3907 2416 3964 Vide
2437 3909 2702 3979 quomodo
2724 3924 2754 3964 a
2778 3912 3150 3968 communibus
3173 3916 3475 3972 actionibus
3502 3934 3698 3990 propo-

2119 4001 2278 4056 situm
2301 4008 2468 4056 totum
2492 4001 2696 4072 probet.
2719 4003 2868 4070 Quod
2887 4014 3070 4060 autem
3089 4005 3238 4073 dicit,
3259 4007 3562 4078 hujusmodi
3582 4022 3663 4068 est
3677 4030 3697 4066 :-

2119 4094 2438 4150 Annuntiavi
2477 4092 2746 4150 Christum
2771 4135 2787 4160 ,
2832 4095 3022 4150 tradidi
3059 4097 3212 4153 vobis
3244 4097 3646 4156 fundamentum
3675 4119 3691 4154 :

2116 4185 2293 4243 videte
2329 4187 2599 4258 quomodo
2632 4187 3100 4258 supersediticetis,
3129 4204 3196 4244 an
3226 4190 3294 4246 ad
3331 4192 3544 4247 inanem
3581 4194 3696 4263 glo-

2117 4278 2248 4333 riam
2269 4320 2285 4347 ,
2313 4293 2382 4333 an
2407 4278 2474 4333 ad
2501 4278 2745 4334 homines
2771 4277 3061 4349 discipulos
3083 4278 3476 4336 abstrahentes.
3504 4281 3584 4337 Ne
3605 4292 3690 4336 at-

2119 4370 2396 4426 tendamus
2424 4385 2552 4441 ergo
2578 4369 2868 4426 hazrcsibus
2895 4389 2908 4425 :
2935 4369 3331 4425 fundamentum
3360 4371 3506 4425 enim
3543 4371 3690 4425 aliud

2117 4476 2275 4516 nemo
2300 4470 2474 4531 potest
2503 4475 2704 4530 ponere
2733 4469 2926 4531 praeter
2954 4460 3008 4516 id
3031 4460 3168 4531 quod
3197 4458 3426 4530 positum
3456 4469 3560 4516 est.
3591 4460 3692 4516 Su-

2117 4568 2213 4622 per
2233 4553 2403 4622 ipsum
2430 4568 2558 4623 ergo
2585 4553 2928 4622 asdilieemus,
2954 4562 3090 4610 etut
3114 4551 3460 4608 fundamento
3485 4553 3692 4610 hterea-

2116 4659 2237 4700 mus
2259 4686 2275 4712 ,
2307 4653 2364 4699 ut
2394 4645 2598 4715 palmes
2628 4646 2766 4717 viti,
2797 4656 2851 4703 et
2888 4648 3019 4703 nihil
3053 4649 3122 4702 sit
3149 4646 3524 4701 intermedium
3557 4647 3695 4702 inter

2117 4745 2214 4786 nos
2250 4739 2304 4784 et
2347 4728 2616 4786 Christum
2647 4748 2664 4788 :
2691 4745 2815 4786 nam
2856 4732 2902 4786 si
2939 4731 3139 4802 aliquid
3178 4729 3554 4787 intermedium
3581 4731 3692 4798 sit,

2117 4825 2292 4880 statim
2337 4825 2588 4896 perimus.
2635 4824 2848 4880 Palmcs
2882 4826 3024 4880 enim
3068 4840 3134 4880 ex
3171 4838 3238 4880 eo
3269 4823 3412 4894 quod
3450 4823 3649 4878 hatreat
3673 4863 3692 4892 ,

2119 4919 2278 4974 trahit
2306 4933 2556 4985 succum;
2595 4926 2649 4972 et
2677 4917 2956 4973 aedilicium
2981 4957 3000 4984 ,
3029 4916 3170 4987 quod
3209 4918 3281 4970 sit
3315 4927 3690 4986 compactum,

2117 5022 2222 5068 stat
2249 5030 2262 5066 :
2290 5013 2430 5083 quod
2460 5012 2504 5067 si
2533 5011 2855 5081 disiunctum
2886 5010 2988 5078 sit,
3017 5010 3192 5080 perit,
3219 5023 3342 5064 cum
3371 5023 3476 5063 non
3502 5006 3696 5062 haheat

2118 5117 2225 5174 quo
2268 5103 2540 5157 innitatur.
2576 5100 2655 5156 Nc
2696 5101 2872 5170 itaque
2910 5099 3082 5154 solum
3118 5098 3418 5154 han-eamus
3445 5097 3694 5163 Christo,

2118 5194 2215 5249 sed
2240 5195 2398 5248 etiam
2421 5191 2520 5261 ipsi
2541 5190 3002 5261 eonglutiuemur;
3026 5203 3145 5244 nam
3167 5188 3215 5243 si
3235 5187 3484 5256 disjuncli
3506 5187 3692 5250 simus,

2119 5285 2375 5355 perimus.
2410 5283 2608 5337 Etenim
2630 5283 2716 5352 qui
2742 5283 2976 5352 clangunt
3004 5297 3059 5335 se
3080 5296 3113 5334 a
3136 5289 3213 5345 te,
3247 5279 3477 5350 peribunt
3499 5276 3521 5350 (
3546 5275 3690 5331 Psal.

2123 5375 2210 5430 72.
2233 5374 2348 5446 27),
2380 5374 2568 5444 inquit.
2597 5373 3036 5442 Conglutinemnr
3056 5385 3186 5442 ergo
3207 5370 3334 5441 ipsi,
3355 5378 3410 5425 et
3432 5366 3692 5435 congluti-

2121 5481 2310 5522 nemur
2337 5480 2431 5536 per
2457 5480 2617 5535 opera
2644 5479 2660 5520 :
2684 5463 2786 5531 Qui
2815 5463 2958 5518 enim
2985 5471 3170 5517 servat
3199 5460 3446 5516 mandata
3473 5470 3609 5522 mea,
3638 5455 3693 5509 in

2120 5572 2227 5622 nte,
2257 5557 2460 5628 inquit,
2492 5563 2674 5611 manet
2699 5553 2876 5626 (Joan.
2907 5554 2992 5608 η.
3018 5551 3134 5625 21).
3169 5551 3382 5608 Etenim
3413 5563 3504 5620 per
3529 5545 3695 5610 multa

2121 5649 2365 5720 exempla
2408 5661 2506 5704 nos
2544 5647 2734 5719 jungit.
2783 5644 3163 5704 Animadverte
3201 5653 3381 5701 autem
3413 5658 3428 5697 :
3460 5639 3572 5716 ipse
3615 5646 3697 5694 est
