4090 6218
427 240 502 300 ’13
1107 239 1163 295 S.
1202 234 1492 295 JOANNIS
1528 231 2027 293 CHRYSOSTOMI
2067 234 2386 294 ARCHIEP.
2427 237 2979 298 CONSTANTINOP.
3627 247 3694 302 74

426 380 597 435 μενοι·
635 361 798 424 αὐτὸς
829 362 890 415 τὸ
928 361 1064 430 φῶς,
1101 365 1265 434 ἡμεῖς
1303 367 1352 417 οί
1399 364 1779 434 φωτιζόμενοι.
1821 359 2009 415 Ταῦτα

425 457 603 511 πάντα
637 456 831 509 ἕνωσιν
857 468 882 497 ιι
919 456 1191 526 ἐμφαίνει,
1228 456 1322 508 καὶ
1343 457 1495 509 οὐδὲν
1527 455 1690 527 μέσον
1731 455 1886 510 κενὸν
1909 454 2007 521 ἀφ-

427 551 571 620 ίησιν
596 545 755 614 εἶναι,
785 549 905 602 οὐδὲ
934 549 993 602 τὸ
1024 547 1369 618 μικρότατον.
1415 546 1473 600 Ὀ
1505 547 1615 619 γὰρ
1647 547 1840 620 μικρὸν
1873 547 2001 600 ἀποι

425 643 574 708 στάς,
611 642 705 697 καὶ
735 642 869 695 πολὺ
898 639 1100 710 προῖὼν
1123 639 1512 709 ἀποστήσεται.
1543 641 1654 694 Καὶ
1684 641 1794 709 γὰρ
1821 639 1881 693 τὸ
1904 638 2008 692 σῶ-

425 752 522 804 μα,
560 735 625 788 ἂν
666 733 866 805 μικρὰν
904 731 1011 785 ἀπὸ
1052 731 1241 800 ξίφους
1287 732 1569 786 διάστασιν
1600 731 1841 801 δέξηται,
1890 730 2008 784 δια-

422 826 739 895 φθείρεταιο
807 824 898 876 καὶ
946 825 979 892 ἡ
1033 823 1308 896 οἰκοδομὴ,
1367 826 1468 880 κᾶν
1519 825 1712 898 μικρὸν
1755 825 2003 896 διαχάνῃ,

420 916 766 970 καταλύεταιο
791 915 882 968 καὶ
905 914 1004 985 τῆς
1031 914 1185 985 ῥίζης
1207 916 1270 970 τὸ
1290 917 1498 988 κλῆμα,
1525 916 1626 972 κάν
1654 917 1847 987 μικρὸν
1873 917 2010 970 ἀπο-

421 1011 584 1079 κοπῇ,
621 1009 844 1076 γέγονεν
879 1009 1172 1077 ἄχρηστον.
1208 1008 1372 1062 Ὥστε
1401 1009 1462 1062 τὸ
1499 1011 1695 1080 μικρὸν
1728 1009 1888 1064 τοῦτο
1908 1009 2008 1062 ούκ

417 1103 540 1155 ἐστι·
562 1100 775 1172 μικρὸν,
823 1100 958 1154 ἀλλὰ
1001 1101 1096 1154 καὶ
1142 1101 1328 1171 σχεδὸν
1376 1102 1438 1155 τὸ
1483 1103 1603 1156 ὅλον
1631 1103 1798 1156 ἐστίν.
1838 1103 2006 1155 Ὅταν

416 1191 511 1248 οὖν
553 1193 748 1264 μικρόν
779 1210 831 1245 τι
871 1192 975 1262 πλη
987 1193 1352 1264 μμελήσωμεν
1379 1194 1411 1264 ἢ
1444 1194 1540 1247 καὶ
1570 1192 2005 1264 ῥαθυμήσωμεν,

419 1285 493 1356 μὴ
547 1284 863 1355 παρίδωμεν
910 1283 972 1335 τὸ
1030 1284 1244 1355 μικρόνο
1307 1285 1428 1338 ἐπεὶ
1466 1285 1678 1355 ταχέως
1722 1282 2007 1354 παροφθὲν

411 1374 572 1429 τοῦτο
609 1374 750 1444 μέγα
794 1372 1023 1441 γίνεται.
1066 1373 1223 1427 (ὶῦτω
1254 1374 1346 1428 καὶ
1389 1374 1602 1444 ἱμάτιον
1635 1374 1810 1446 ἀρχὴν
1840 1369 2006 1426 λαϐὸν

416 1467 717 1540 ῥήγνυσθαι
745 1465 838 1520 καὶ
861 1465 1156 1536 ἀμεληθὲν,
1183 1467 1356 1520 διόλου
1386 1467 1448 1519 τὸ
1471 1467 1677 1538 σχίσμα
1699 1468 2003 1538 προήγαγε·

412 1561 508 1615 καὶ
565 1559 762 1630 ὄροφος
823 1558 1020 1626 ὀλίγων
1079 1559 1340 1630 κεράμων
1402 1558 1821 1613 καταπεσόντων
1862 1577 2000 1630 παρ-

413 1652 618 1722 οφθεὶς,
656 1650 948 1719 ὁλόκληρον
1000 1649 1090 1702 τὸν
1133 1646 1281 1704 οἷκον
1325 1653 1655 1724 κατήνεγκε.
1715 1652 1883 1708 Ταῦτ’
1912 1649 2004 1708 οῦν

411 1747 571 1814 ἡμεῖς
604 1741 963 1812 λογιζόμενοι,
1006 1741 1274 1811 μηδέποτε
1322 1741 1430 1796 τῶν
1479 1745 1691 1815 μικρῶν
1722 1763 2001 1816 καταφρο-

411 1837 612 1907 νῶμεν,
654 1836 741 1889 ἵνα
785 1836 860 1906 μὴ
885 1836 965 1898 είς
994 1835 1062 1888 τὰ
1099 1835 1308 1905 μεγάλα
1339 1837 1691 1906 ἐμπέσωμεν’
1721 1836 1786 1890 ἂν
1820 1837 1865 1889 δ’
1894 1838 2001 1908 ἄρα

408 1929 930 2000 καταφρονήσωμεν,
965 1927 1057 1980 καὶ¹
1100 1929 1180 1990 είς
1209 1927 1267 1979 τὸ
1303 1927 1464 1996 βάθος
1492 1926 1743 1998 ἔλθωμεν
1767 1928 1874 1984 τῶν
1900 1946 1999 1983 κα-

407 2020 540 2083 κῶν,
581 2019 715 2090 μηδὲ
745 2019 920 2072 ἐκεῖσε
955 2016 1238 2088 γενόμενοι
1267 2017 1619 2088 ἀπογνῶμεν,
1664 2020 1752 2073 ἵνα
1797 2020 1872 2091 μὴ
1897 2022 2000 2090 ἐμ-

407 2114 660 2181 πέσωμεν
704 2113 783 2174 είς
827 2109 1196 2181 καρηϐαρίαν.
1229 2109 1345 2182 [71]
1373 2111 1642 2165 Δύσκολον
1673 2112 1779 2184 γὰρ
1813 2113 1999 2168 λοιπὸν

405 2202 651 2258 ἀνελθεῖν
679 2203 886 2256 ἐκεῖθεν
917 2201 1009 2256 τὸν
1068 2201 1142 2272 μὴ
1177 2201 1382 2274 σφόδρα
1417 2203 1680 2273 νήφοντα,
1715 2205 1776 2258 οὐ
1811 2205 1900 2259 διά
1937 2207 2000 2261 τὸ

409 2288 582 2367 μῆκος
617 2294 802 2366 μόνον,
853 2293 988 2348 άλλά
1022 2294 1115 2348 καὶ
1141 2293 1230 2346 διὰ
1259 2293 1356 2363 τὴν
1395 2294 1543 2348 θέσιν
1595 2296 1787 2368 αὑτήν.
1826 2300 1998 2364 Βάθος

405 2389 514 2459 γάρ
542 2389 656 2441 ἐστι
707 2387 802 2441 καὶ
847 2387 1172 2458 ήάμαρτία,
1215 2388 1312 2441 καὶ
1351 2387 1500 2442 κάτω
1534 2388 1776 2460 φέρουσα
1801 2390 1994 2447 θλίϐει.

405 2479 514 2533 Καὶ
537 2479 786 2549 καθάπερ
824 2479 874 2530 οἱ
901 2479 980 2541 είς
1008 2477 1185 2548 φρέαρ
1214 2478 1547 2549 ἐμπεσόντες
1577 2479 1677 2532 οὐκ
1707 2479 1772 2533 ἂν
1799 2481 1998 2551 ῥᾳδίως

402 2571 696 2636 ἀνέλθοιεν,
729 2569 842 2622 ἀλλ’
869 2570 1074 2639 ἐτέρων
1099 2569 1386 2640 δεήσονται
1415 2569 1524 2623 τῶν
1552 2571 1865 2641 ἀναγόντων
1899 2573 1997 2627 αύ-

401 2662 548 2727 τούς·
582 2661 724 2715 οὕτω
751 2661 843 2714 καὶ
864 2662 891 2714 6
918 2662 996 2723 είς
1026 2659 1188 2730 βάθος
1214 2660 1380 2715 ἐλθὼν
1417 2661 1526 2715 τῶν
1552 2663 1991 2734 ἁμαρτημάτων.

403 2754 747 2824 Χαλάσωμεν
780 2747 877 2806 οὖν
931 2752 1140 2822 σχοινία
1191 2753 1330 2824 πρὸς
1380 2755 1508 2818 τοὺς
1560 2757 1853 2824 τοιούτους,
1902 2759 1996 2812 καὶ

401 2845 819 2918 άνιμησώμεθα·
863 2845 1062 2915 μᾶλλον
1093 2844 1149 2898 δὲ
1186 2845 1284 2915 ούχ
1310 2846 1511 2916 ἐτέρων
1541 2847 1622 2900 δεῖ
1649 2849 1828 2918 μόνον,
1858 2851 1996 2906 ἀλλά

402 2940 496 2994 καὶ
543 2938 699 3010 ἡμῶν
736 2937 937 3002 αὐτῶν,
987 2938 1073 2991 ἵνα
1121 2938 1214 2990 καὶ
1265 2939 1494 3002 ἐαυτοὺς
1539 2940 1835 3011 ἐπιδῶμεν,
1895 2943 1989 2998 καὶ

401 3030 804 3102 ἀναϐησώμεθα
855 3030 915 3083 οὐ
965 3027 1240 3095 τοσοῦτον,
1292 3031 1416 3084 ὅσον
1468 3033 1802 3104 κατέϐημεν,
1855 3035 1994 3090 ἀλλὰ

401 3122 581 3194 πολλῷ
624 3121 807 3186 πλέον,
849 3121 942 3174 ἐὰν
985 3119 1324 3191 βουλώμεθα.
1362 3123 1471 3176 Καὶ
1502 3123 1612 3194 γὰρ
1639 3126 1667 3177 6
1697 3125 1832 3189 Θεὸς
1867 3126 1992 3198 βοηο

405 3217 508 3270 θεῖ·
571 3216 652 3268 Οὐ
681 3213 790 3284 γάρ
816 3214 1106 3278 ,βούλεται
1147 3213 1255 3266 τὸν
1285 3213 1546 3270 θάνατον
1582 3217 1689 3270 τοῦ
1722 3218 1988 3286 ἁμαρτω-

399 3307 534 3370 λοῦ,
565 3307 645 3372 ὡς
683 3304 747 3358 τὸ
773 3304 1131 3373 ἐπιστρέψαι
1161 3305 1364 3358 αὐτόν.
1399 3305 1605 3376 Μηδεὶς
1633 3307 1814 3360 τοίνυν
1851 3311 1988 3362 ἀπο-

399 3397 734 3463 γινωσκέτω,
773 3395 965 3467 μηδεὶς
1009 3395 1070 3447 τὸ
1099 3394 1205 3448 τῶν
1243 3395 1458 3449 ἀσεϐῶν
1499 3396 1756 3466 πασχέτω
1792 3399 1985 3463 πάθος·

399 3491 624 3544 ἐκείνων
665 3489 774 3560 γάρ
813 3490 928 3542 ἐστι
974 3487 1034 3542 τὸ
1071 3489 1312 3542 τοιοῦτον
1354 3490 1679 3562 ἁμάρτημα.
1736 3492 1988 3561 Ἀσεϐὴς

397 3582 540 3651 γὰρ,
577 3581 730 3650 φησὶ,
771 3579 966 3634 ἐλθὼν
997 3581 1084 3644 είς
1113 3579 1309 3645 ,βάθος
1346 3580 1568 3647 κακῶν,
1604 3585 1982 3652 καταφρονεῖ.

472 3674 634 3724 Ὥστε
669 3673 730 3724 οὐ
764 3672 824 3724 τὸ
867 3671 1068 3740 πλῆθος
1093 3672 1203 3723 τῶν
1246 3673 1664 3742 ἁμαρτημάτων
1712 3677 1860 3728 ποιεῖ
1887 3677 1984 3746 τὴν

397 3763 724 3831 ἀπόγνωσιν,
757 3763 871 3814 ἀλλ’
906 3764 939 3833 ή
974 3762 1066 3814 τοῦ
1098 3762 1328 3826 ἀσεϐοῦς
1369 3761 1585 3834 γνώμη.
1639 3765 1760 3819 Κᾶν
1799 3769 1983 3823 πᾶσαν

395 3852 574 3905 τοίνυν
603 3851 838 3922 ἐπέλθῃς
868 3851 1084 3913 κακίαν,
1117 3851 1237 3905 είπέ
1263 3853 1400 3923 πρὸς
1432 3854 1643 3906 ἐαυτόψ
1675 3854 1984 3927 Φιλάνθρωο

396 3944 497 4008 πός
536 3945 684 3996 ἐστιν
736 3945 764 3996 6
814 3942 965 4009 Θεὸς,
1009 3943 1102 3998 καὶ
1149 3944 1248 4016 τῆς
1281 3945 1556 4016 σωτηρίας
1593 3946 1852 4018 ἐπιθυμεῖ
1881 3949 1982 4020 τῆς

397 4035 694 4106 ήμετέρας.
729 4034 880 4088 Ἐὰν
923 4035 1033 4104 γὰρ
1067 4029 1218 4090 ὦσιν
1252 4037 1312 4090 al
1355 4036 1636 4105 ἁμαρτίαι
1684 4036 1852 4107 ὑμῶν
1898 4039 1980 4106 ὠς

397 4122 732 4192 φοινικοῦν,
765 4123 845 4188 ὡς
866 4125 1042 4193 χιόνα
1068 4123 1364 4188 λευκανῶ,
1399 4125 1552 4196 φησὶ,
1585 4126 1680 4180 καὶ
1709 4127 1844 4198 πρὸς
1881 4127 1979 4200 τὴν

395 4215 642 4269 ἐναντίαν
686 4215 801 4279 ἓξιν
849 4217 1193 4288 μεταστήσω.
1224 4215 1316 4285 Μὴ
1359 4217 1540 4271 τοίνυν
1587 4217 1980 4292 ἀπαγορεύσω-

313 4335 316 4340 -
399 4323 516 4374 μεν·
543 4307 604 4360 ού
634 4307 740 4378 γὰρ
770 4305 829 4361 τὸ
864 4310 1049 4361 πεσεῖν
1087 4307 1228 4361 οὕτω
1259 4307 1513 4379 χαλεπὸν,
1541 4311 1617 4374 ὡς
1653 4311 1714 4364 τὸ
1744 4313 1978 4368 πεσόντα

396 4398 628 4450 κεῖσθαι·
659 4397 783 4450 οὔτε
821 4397 882 4449 τὸ
931 4399 1206 4468 τρωθῆναι
1241 4400 1435 4467 δεινὸν,
1471 4402 1546 4464 ὡς
1594 4402 1654 4456 τὸ
1698 4403 1978 4474 τρωθέντα

397 4486 472 4556 μὴ
501 4487 785 4553 βούλεσθαι
815 4487 1238 4558 θεραπεύεσθαι.
1275 4489 1376 4556 Τίς
1434 4491 1546 4561 γὰρ
1598 4493 1976 4560 καυχήσεται

395 4577 589 4646 ἁγνὴν
628 4579 792 4646 ἔχειν
819 4578 934 4645 τὴν
971 4579 1261 4647 καρδίαν;
1296 4582 1333 4648 ἣ
1365 4581 1458 4647 τίς
1500 4583 1974 4650 παρῤησιάσεται

393 4669 652 4736 καθαρὸς
702 4664 854 4722 εἶναι
901 4670 1019 4723 ἀπὸ
1074 4670 1414 4739 ἁμαρτιῶν;
1454 4673 1638 4726 Ταῦτα
1677 4675 1840 4742 λέγω,
1875 4678 1972 4748 οὐχ

394 4757 480 4811 ἵνα
508 4757 906 4830 ῥᾳθυμοτέρους
935 4759 1080 4831 ὑμᾶς
1114 4760 1344 4831 ποιήσω,
1370 4760 1488 4815 ἀλλ’
1521 4763 1606 4816 ῖνα
1635 4763 1862 4820 κωλύσω
1890 4769 1970 4832 είς

391 4849 700 4918 ἀπόγνωσιν
726 4851 1013 4922 ἐμπεσεῖν.

461 4948 522 4994 ε’.
539 4941 721 4994 Βούλει
741 4943 930 5012 μαθεῖν
951 4945 1066 5008 πῶς
1083 4946 1229 4999 ἐστιν
1245 4945 1400 5018 ήμῶν
1415 4947 1618 5017 ἀγαθὸς
1629 4950 1658 5002 6
1669 4949 1963 5021 Δεσπότης;

402 5029 656 5099 ’Λνῆλθεν
696 5034 724 5083 6
763 5033 998 5104 τελώνης
1033 5037 1244 5106 μυρίων
1270 5037 1456 5109 γέμων
1505 5039 1713 5105 κακῶν,
1763 5039 1856 5092 καὶ
1890 5043 1968 5094 εί-

389 5121 526 5183 πὼν,
565 5120 870 5186 Ἰλὰσθητί
887 5140 1008 5189 μοι,
1050 5125 1232 5192 μόνον,
1265 5129 1498 5199 κατῆλθε
1523 5131 1961 5200 δεδικαιωμένος.

387 5211 500 5265 Καὶ
527 5212 613 5266 διὰ
640 5211 731 5266 τοῦ
760 5215 1038 5285 προφήτου
1065 5214 1119 5266 δέ
1145 5233 1308 5285 φησιν
1338 5221 1366 5270 6
1393 5221 1543 5281 Θεόςο
1575 5223 1652 5275 Δι’
1673 5223 1966 5291 ἁμαρτίαν

381 5305 584 5372 βραχύ
614 5322 666 5358 τι
690 5305 970 5373 ἐλύπησα
1003 5306 1208 5372 αὑτὸν,
1235 5307 1334 5361 καὶ
1365 5309 1527 5363 εἶδον
1564 5312 1650 5365 ὅτι
1683 5315 1960 5383 ἐλυπήθη

383 5393 482 5445 καί
529 5395 820 5463 ἐπορεύθη
865 5396 1150 5466 στυγνὸς,
1195 5395 1291 5449 καὶ
1329 5397 1592 5467 ἰασάμην
1634 5403 1741 5468 τὰς
1785 5403 1964 5469 ὀδοὺς

384 5485 593 5538 αὑτοῦ.
621 5487 685 5537 Τί
709 5487 804 5558 τῆς
837 5487 1243 5560 φιλανθρωπίας
1273 5488 1477 5560 ταύτης
1513 5491 1656 5558 ίσον;
1689 5495 1807 5548 Ἷνα
1836 5511 1963 5548 στυ-

385 5574 560 5646 γνάσῃ
587 5576 767 5644 μόνον,
808 5581 992 5648 φησιν,
1019 5580 1207 5651 ἀφῆκα
1236 5579 1304 5634 τά
1337 5581 1733 5654 ἁμαρτήματα,
1771 5586 1962 5656 Ἡμεῖς

446 5833 470 5862 ⁸
500 5831 645 5895 Βεε.,
663 5830 904 5889 κόλλησιν.
929 5899 934 5903 η

2116 355 2174 409 δὲ
2202 358 2321 412 οὐδὲ
2355 358 2486 412 αὐτὸ
2524 359 2683 414 τοῦτο
2722 360 2987 432 ποιοῦμεν
3009 377 3021 390 ⁸
3055 361 3138 415 διὸ
3178 363 3414 433 μάλιστα
3450 364 3540 421 τὸν
3569 368 3701 425 Θεὸν

2119 449 2546 522 παροργίζομεν.
2586 453 2645 505 Ὀ
2672 451 2780 523 γὰρ
2817 454 2911 507 καὶ
2947 451 3036 506 διὰ
3083 455 3298 527 μικρῶν
3339 456 3498 521 ἵλεως
3543 460 3700 529 γενό-

2120 558 2301 611 μενος,
2326 543 2453 596 ὅταν
2485 543 2560 616 μὴ
2588 544 2793 598 τούτων
2815 546 2974 618 τύχῃ,
3002 549 3226 612 εἰκότως
3254 548 3573 617 ἀγανακτεῖ,
3607 551 3700 604 καὶ

2115 631 2213 702 τὴν
2238 633 2473 704 ἐσχάτην
2505 634 2726 688 ἀπαιτεῖ
2751 637 3020 707 τιμωρίαν
3053 638 3221 708 ήμᾶς·
3253 626 3699 710 ὑπερϐαλλούσης

2115 723 2224 793 γάρ
2257 724 2372 777 ἐστι
2408 724 2566 778 τοῦτο
2615 728 3094 797 καταφρονήσεως.
3147 729 3244 792 Τίς
3283 727 3415 796 γοῦν
3451 729 3696 801 ἐλυπήθη

2115 815 2248 869 ποτὲ
2304 816 2371 870 δι’
2405 818 2707 889 άμαρτίας;
2754 821 2838 883 τίς
2892 820 3180 888 ἐστέναξε;
3242 820 3322 885 τίς
3379 821 3440 874 τὸ
3503 822 3696 892 στῆθος

2115 907 2349 978 ἕπληξε;
2380 910 2462 972 τίς
2486 910 2887 981 ἐμερίμνησεν;
2918 911 3122 965 Ούδένα
3144 911 3317 980 ἔγωγε
3347 907 3522 982 οῐμαι·
3557 912 3694 965 ἀλλὰ

2117 1001 2315 1073 μυρίας
2357 1003 2456 1073 μὲν
2485 1004 2696 1075 ἡμέρας
2724 1003 3012 1075 θρηνοῦσιν
3053 1005 3330 1076 ἄνθρωποι
3371 1004 3512 1076 ὑπὲρ
3545 1006 3692 1058 οίκε-

2113 1093 2220 1146 τῶν
2253 1093 2652 1159 ἀποθανόντων,
2688 1096 2827 1166 ὑπὲρ
2875 1095 3078 1167 ζημίας
3127 1098 3457 1168 χρημάτων·
3493 1095 3593 1167 τὴν
3634 1096 3691 1148 δέ

2112 1185 2288 1258 ψυχὴν
2339 1186 2670 1252 ἀπολλύντες
2719 1188 2841 1242 καθ’
2882 1190 3118 1260 ἑκάστην
3166 1188 3399 1260 ἡμέραν,
3437 1187 3556 1240 οὐδὲ
3610 1188 3690 1250 είς

2113 1279 2236 1333 νοῦν
2261 1278 2587 1350 βαλλόμεθα.
2623 1281 2747 1345 Πῶς
2775 1277 2870 1334 οὖν
2897 1282 3100 1352 δυνήσῃ
3131 1281 3219 1334 τὸν
3245 1280 3376 1359 Θεὸν
3400 1277 3690 1344 ἐξιλεώσα-

2114 1370 2258 1438 σθαι,
2299 1373 2426 1426 ὅταν
2463 1373 2597 1443 μηδέ
2638 1374 2718 1426 ὅτι
2771 1375 3040 1444 ἥμαρτες,
3095 1372 3282 1443 εἰδῇς;
3321 1371 3448 1435 Ναὶ,
3503 1370 3685 1440 φησὶν,

2110 1467 2376 1538 ἥμαρτον.
2395 1467 2524 1531 Ναὶ,
2556 1467 2645 1536 μοὶ
2665 1467 2842 1535 λέγεις
2869 1469 2935 1536 τῇ
2961 1464 3195 1538 γλώττῃ,
3227 1465 3347 1518 είπέ
3374 1482 3464 1534 μοι
3487 1465 3552 1534 τῇ
3578 1463 3689 1514 δια·

2111 1557 2250 1629 νοίᾳ,
2282 1559 2374 1612 καὶ
2398 1559 2559 1629 ,μετὰ
2602 1559 2696 1612 τοῦ
2733 1561 2975 1630 ῥήματος
3002 1556 3276 1622 στέναξον,
3307 1557 3392 1610 ἵνα
3424 1553 3688 1625 διηνεκῶς

2111 1653 2372 1724 εύθυμῇς.
2393 1654 2501 1707 Καὶ
2529 1653 2636 1722 γὰρ
2657 1655 2702 1706 εί
2729 1653 2892 1724 ήλγοῦ
2902 1671 3000 1724 μεν
3021 1651 3111 1705 ἐπὶ
3131 1652 3242 1715 τοῖς
3271 1650 3684 1720 ἁμαρτήμασιν,

2110 1745 2158 1797 εί
2204 1742 2562 1812 ἐστενάζομεν
2601 1743 2690 1796 ἐπὶ
2735 1745 2847 1806 τοῖς
2892 1741 3378 1812 πλημμελήμασιν,
3423 1739 3577 1791 οὐδὲν
3618 1737 3685 1791 ἂν

2108 1836 2236 1892 ἄλλο
2263 1837 2408 1906 ἡμᾶς
2435 1835 2690 1905 ἐλύπησε,
2722 1833 2822 1903 τῆς
2855 1833 3045 1902 ὀδύνης
3074 1825 3276 1902 ταύτης
3329 1833 3511 1885 πᾶσαν
3554 1829 3684 1884 ἀθυ-

2111 1928 2238 1998 μίαν
2266 1925 2710 1999 παρωθουμένης.
2734 1924 2850 1997 [72]
2886 1925 3046 1978 Ὥστε
3099 1925 3192 1978 καὶ
3221 1924 3407 1995 ἕτερον
3437 1922 3502 1976 ἂν
3525 1923 3682 1992 ἐκερ-

2105 2019 2360 2090 δαίνομεν
2396 2018 2533 2088 μετά
2565 2019 2662 2089 τῆς
2697 2015 3151 2088 ἐξομολογήσεως,
3193 2015 3252 2069 τὸ
3306 2014 3381 2085 μὴ
3427 2013 3681 2084 βαπτίζε-

2109 2111 2232 2166 σθαι
2274 2113 2386 2174 τοῖς
2429 2111 2690 2182 λυπηροῖς
2729 2109 2822 2163 τοῦ
2857 2111 3120 2180 παρόντος
3166 2108 3303 2178 βίου,
3343 2107 3476 2177 μηδὲ
3505 2108 3681 2176 φυσᾶ-

2107 2205 2230 2259 σθαι
2257 2209 2370 2269 τοῖς
2394 2205 2688 2276 λαμπροῖςο
2715 2205 2809 2258 καὶ
2834 2203 3003 2274 ταύτῃ
3027 2202 3187 2256 πάλιν
3225 2200 3484 2270 μειζόνως
3514 2200 3581 2252 ἀν
3601 2199 3683 2265 ἐξ·

2108 2298 2450 2369 ιλεωσάμεθα
2478 2299 2569 2352 τὸν
2605 2298 2759 2364 Θεὸν,
2795 2296 2984 2367 ὥσπερ
3019 2290 3132 2360 οῦν,
3167 2291 3246 2358 οἷς
3276 2293 3537 2364 ποιοῦμεν
3560 2292 3680 2356 νῦν,

2104 2392 2498 2464 παροξύνομεν.
2553 2391 2687 2445 Είπέ
2731 2391 2840 2460 γάρ
2874 2407 2986 2459 μοι,
3027 2388 3080 2441 εί
3112 2405 3232 2440 τινα
3267 2385 3410 2456 ἔχεις
3439 2384 3678 2455 οἰκέτην,

2103 2487 2197 2540 καὶ
2224 2484 2394 2539 πολλά
2420 2483 2607 2539 παθὼν
2633 2483 2839 2544 ἐκεῖνος
2869 2480 3013 2534 κακὰ
3042 2480 3192 2548 παρὰ
3218 2479 3328 2532 τῶν
3353 2476 3676 2548 ὁμοδούλων,

2099 2578 2209 2632 τῶν
2240 2577 2336 2647 μὲν
2365 2576 2538 2631 ἄλλων
2574 2575 2800 2646 μηδενὸς
2826 2573 2982 2641 λόγον
3029 2574 3253 2635 ποιοῖτο,
3299 2570 3438 2640 ὑπὲρ
3475 2569 3532 2621 δέ
3580 2567 3675 2620 τοῦ

2103 2671 2180 2744 μὴ
2205 2667 2629 2739 παροργίζεσθαι
2657 2666 2747 2720 τὸν
2765 2666 3032 2736 δεσπότην
3056 2662 3329 2735 φροντίζοι
3361 2662 3543 2733 μόνον,
3568 2655 3678 2730 ἆρα

2099 2767 2197 2836 οὐχ
2241 2763 2421 2826 ἱκανὸς
2466 2762 2573 2816 ἀπὸ
2599 2759 2791 2814 τούτου
2823 2758 2983 2829 μόνου
3014 2755 3174 2810 λῦσαί
3222 2773 3315 2808 σου
3345 2755 3443 2826 τὴν
3473 2755 3672 2826 ὀργήνς

2099 2856 2166 2909 Τί
2193 2855 2270 2919 δὲ,
2299 2854 2365 2908 ἂν
2392 2852 2502 2905 τῶν
2539 2851 2636 2922 μὲν
2669 2851 2749 2914 είς
2789 2849 2849 2902 σέ
2880 2848 3370 2920 πλημμελημάτων
3406 2844 3676 2917 μηδεμίαν

2099 2947 2306 2999 ποιοῖτο
2338 2943 2612 3013 φροντίδα,
2643 2941 2784 3011 ὑπὲρ
2815 2941 2872 2994 δὲ
2894 2940 3004 2993 τῶν
3035 2939 3170 3010 πρὸς
3197 2939 3324 3001 τοὺς
3353 2935 3674 3008 ὁμοδούλους

2098 3036 2395 3109 φροντίζοι.
2429 3036 2549 3105 οὐχὶ⁸
2573 3033 2795 3105 μείζονα
2818 3032 3038 3097 ἐπάξεις
3059 3032 3158 3103 τὴν
3185 3028 3489 3101 τιμωρίαν;
3518 3026 3676 3083 Οὕτω

2098 3132 2192 3185 καὶ
2217 3133 2244 3184 6
2280 3129 2413 3192 Θεὸς
2440 3129 2600 3182 ποιεῖ·
2639 3127 2767 3179 ὅταν
2799 3125 2898 3197 μὲν
2922 3123 3215 3193 ἀμελῶμεν
3251 3121 3414 3176 αὑτοῦ
3453 3121 3551 3192 τῆς
3582 3121 3675 3191 6p-

2095 3223 2218 3293 γῆς,
2258 3222 2618 3292 σφοδροτέραν
2655 3219 2851 3286 ἐπάγει
2881 3218 3072 3288 αὐτήν
3112 3217 3240 3269 ὅταν
3271 3215 3327 3268 δέ
3374 3214 3672 3286 φροντίζω-

2099 3331 2219 3384 μεν,
2264 3311 2662 3383 ἡμερωτέραν·
2719 3309 2918 3380 μᾶλλον
2966 3308 3023 3362 δὲ
3073 3308 3194 3361 οὖδέ
3224 3306 3420 3375 ἐπάγει
3463 3306 3668 3359 λοιπόν’

2097 3403 2344 3475 βούλεται
2392 3402 2502 3473 γὰρ
2543 3403 2691 3472 ἡμᾶς
2729 3401 2953 3462 ἐαυτοὺς
2981 3400 3232 3452 ἀπαιτεῖν
3275 3398 3374 3468 τὴν
3405 3397 3672 3468 τιμωρίαν

2093 3497 2201 3551 τῶν
2235 3495 2660 3568 ἡμαρτημένων,
2689 3494 2781 3546 καὶ
2805 3492 2987 3546 οὐκέτι
3013 3489 3198 3544 λοιπὸν
3229 3490 3389 3553 αὐτὸς
3427 3491 3665 3543 ἀπαιτεῖ.

2091 3589 2191 3643 Διά
2212 3588 2370 3642 τοῦτο
2398 3588 2505 3658 γὰρ
2535 3586 2628 3640 καὶ
2660 3585 2876 3639 ἀπειλεῖ
2894 3584 2992 3654 τὴν
3019 3581 3309 3653 τιμωρίαν,
3347 3582 3433 3634 ’ίνα
3464 3582 3544 3652 τῷ
3575 3581 3671 3648 φό-

2091 3680 2170 3751 ϐῳ
2196 3679 2294 3749 τὴν
2331 3678 2737 3750 καταφρόνησιν
2759 3676 2945 3746 ἀνέλῃο
2975 3675 3104 3728 ὅταν
3129 3674 3186 3726 δὲ
3222 3673 3284 3738 ἐξ
3316 3673 3545 3744 ἀπειλῆς
3570 3690 3669 3741 φο-

2089 3771 2344 3844 ϐηθῶμεν
2371 3771 2559 3841 μόνης,
2599 3771 2700 3823 οὐκ
2738 3769 2962 3838 ἀφίησιν
2995 3768 3282 3838 ὑπομεῖναι
3311 3765 3412 3836 τὴν
3447 3769 3664 3836 πεῖραν.

2090 3866 2232 3936 Ὅρα
2263 3862 2392 3932 γοῦν
2430 3862 2566 3932 πρὸς
2601 3861 2691 3913 τὸν
2731 3859 3001 3930 Ἱερεμίαν
3047 3858 3100 3911 τί
3137 3874 3322 3927 φησιν·
3360 3859 3482 3926 Οὐχ
3522 3855 3667 3925 ὁρᾷς

2087 3958 2144 4011 τί
2199 3955 2368 4010 αὐτοὶ
2414 3952 2732 4016 ποιοῦσιν;
2774 3954 2837 4004 Ol
2877 3948 3127 4018 πατέρες
3169 3947 3370 4002 αὐτῶν
3423 3948 3666 4001 καίουσι

2085 4049 2224 4119 πῦρ,
2258 4047 2312 4102 οί
2334 4047 2450 4103 vlo!
2475 4045 2672 4100 αὐτῶν
2709 4043 3050 4113 συνάγουσι
3085 4043 3263 4107 ξύλα,
3287 4045 3346 4096 al
3383 4041 3666 4110 γυναῖκες

2085 4142 2283 4198 αὐτῶν
2309 4143 2577 4210 τρίϐουσι
2597 4137 2771 4204 σταῖς
2796 4137 2846 4191 ὶ).
2878 4137 3009 4199 Δέος
3040 4135 3115 4208 μὴ
3136 4135 3374 4206 καὶπερὶ
3400 4134 3558 4205 ήμῶν
3581 4133 3661 4186 λε-

2084 4235 2186 4306 χθῇ
2214 4252 2267 4287 τι
2295 4233 2556 4288 τοιοῦτον.
2588 4233 2712 4298 Οὐχ
2743 4228 2884 4297 ὁρᾷς
2912 4227 2970 4280 τί
3007 4227 3175 4281 αὐτοὶ
3205 4224 3489 4279 ποιοῦσιν
3506 4241 3527 4289 ;
3551 4223 3656 4276 Οὐ-

2083 4327 2193 4390 δεὶς
2231 4324 2302 4378 τά
2329 4324 2422 4378 τοῦ
2451 4321 2687 4394 Χριστοῦ
2716 4321 2887 4391 ζητεῖ,
2929 4317 3064 4372 ἀλλά
3091 4318 3289 4379 πάντες
3324 4315 3394 4368 τὰ
3425 4313 3650 4368 ἑαυτῶν.

2083 4418 2146 4470 Οἱ
2173 4416 2280 4470 υἱοὶ
2303 4415 2478 4470 αὐτῶν
2501 4416 2582 4478 είς
2605 4413 2888 4482 ἀσελγείας
2910 4413 3206 4484 τρέχουσιν,
3238 4410 3286 4461 οἱ
3308 4406 3541 4478 πατέρες
3566 4405 3654 4460 αύ-

2080 4507 2189 4561 τῶν
2215 4509 2296 4570 είς
2323 4505 2633 4570 πλεονεξίαν
2662 4505 2756 4558 καὶ
2791 4505 3067 4575 ἁρπαγὴν,
3101 4505 3156 4556 αἱ
3194 4503 3448 4570 γυναῖκες
3473 4496 3656 4551 αὐτῶν

2079 4600 2174 4654 ἐπὶ
2202 4599 2302 4662 τὰς
2333 4599 2631 4668 φαντασίας
2660 4599 2760 4661 τὰς
2799 4597 3078 4668 βιωτικάς,
3108 4596 3168 4649 οὐ
3203 4594 3360 4664 μόνον
3383 4593 3484 4647 οὐκ
3506 4589 3660 4659 ἐγκό-

2079 4707 2312 4745 πτουσαι
2343 4690 2470 4753 τοὺς
2500 4690 2717 4760 ἄνδρας,
2755 4689 2889 4743 ἀλλά
2919 4689 3014 4742 καλ⁵
3041 4685 3462 4759 παροξύνουσαι.
3491 4681 3657 4753 Στῆθι

2076 4783 2209 4854 γοῦν
2251 4783 2344 4837 ἐπὶ
2391 4783 2490 4852 τῆς
2525 4784 2752 4855 ἀγορᾶς·
2787 4779 3064 4852 ἐρώτησον
3099 4781 3227 4843 τοὺς
3261 4778 3520 4840 ἀπιόντας
3562 4775 3659 4830 καὶ

2076 4874 2417 4938 ἐπανιόντας,
2441 4874 2536 4927 καὶ
2569 4873 2758 4926 οὐδένα
2782 4871 2904 4941 δψει
2933 4870 3075 4941 ὑπὲρ
3102 4867 3479 4941 πνευματικοῦ
3510 4867 3655 4937 πρά-

2073 4984 2282 5039 γματος
2314 4966 2630 5030 σπεύδοντα,
2662 4964 2798 5018 ἀλλά
2828 4963 3035 5025 πάντας
3059 4962 3198 5034 ὑπὲρ
3228 4959 3509 5032 σαρκικῶν
3530 4956 3656 5028 τρέ-

2073 5078 2286 5132 χοντας.
2313 5059 2492 5131 Μέχρι
2518 5058 2662 5121 τίνος
2686 5057 2786 5110 οὐκ
2807 5056 3186 5126 ἀνανήφομεν;
3220 5052 3378 5122 μέχρι
3406 5051 3550 5111 τίνος
3575 5051 3655 5112 είς

2073 5152 2240 5205 ὕπνον
2260 5148 2675 5220 καταφερόμεθα
2703 5147 2868 5219 βαθύν
2890 5165 2904 5213 ;
2939 5147 3038 5199 οὐκ
3067 5143 3332 5214 ἐλάϐομεν
3356 5142 3517 5213 κόρον
3543 5140 3652 5193 τῶν

2070 5242 2293 5308 κακῶν;
2327 5241 2505 5295 καίτοι
2540 5258 2602 5309 γε
2655 5241 2748 5294 καὶ
2805 5239 2974 5310 χωρὶς
3019 5237 3126 5291 τῶν
3179 5237 3438 5309 ῥημάτων
3491 5234 3653 5305 ἀρκεῖ

2069 5332 2164 5402 καὶ
2195 5331 2336 5401 αὑτὴ
2361 5330 2473 5383 τῶν
2497 5327 2838 5400 πραγμάτων
2865 5329 3009 5398 ὑμᾶς
3036 5328 3070 5397 ὴ
3105 5327 3273 5395 πεῖρα
3301 5322 3509 5388 διδάξαι
3539 5321 3647 5374 τῶν

2069 5423 2351 5492 παρόντων
2379 5421 2478 5492 τὴν
2498 5421 2769 5474 οὐδένειαν
2815 5419 2910 5472 καὶ
2933 5418 2992 5471 τὸ
3019 5416 3295 5488 μοχθηρὸν
3321 5417 3485 5470 ἅπαν.
3519 5414 3646 5465 Ἀν-

2069 5514 2276 5586 θρωποι
2312 5513 2443 5583 γοῦν
2475 5513 2572 5584 τὴν
2613 5511 2810 5578 ἔξωθεν
2847 5511 3037 5581 σοφίαν
3061 5511 3382 5576 ἀσκοῦντες,
3415 5507 3504 5562 καὶ
3537 5521 3645 5576 μη-

2067 5606 2154 5660 δὲν
2181 5605 2290 5659 τῶν
2317 5605 2617 5676 μελλόντων
2645 5621 2669 5656 ε
2687 5605 2872 5670 ίδότες,
2896 5603 3085 5675 ἐπειδὴ
3117 5602 3469 5672 κατέγνωσαν
3511 5598 3644 5652 πολ-

2127 5841 2158 5883 ι
2183 5839 2385 5902 Regius,
2408 5841 2569 5901 στέαρ.
