4090 6218
361 360 436 416 7‘5
1395 357 1464 414 IN
1502 358 1716 415 EPlST.
1756 359 1778 414 1
1839 361 1930 415 AD
1967 359 2119 416 COR.
2165 362 2390 417 llOMIL.
2434 361 2567 417 Vill.
3561 374 3624 430 73

363 486 543 548 caput,
568 492 665 532 nos
689 486 863 532 autem
885 490 1078 546 corpus
1101 493 1114 531 :
1138 490 1203 530 an
1232 483 1402 545 potest
1424 476 1796 532 intermedium
1818 491 1937 531 esse

363 573 594 641 spatium
624 571 779 624 inane
805 571 945 625 inter
969 579 1126 640 caput
1155 579 1210 625 et
1235 570 1462 640 corpus?
1490 569 1608 639 ipse
1636 569 1948 624 fundamen-

365 674 476 718 tum
504 706 519 730 ,
545 679 644 718 nos
677 663 994 728 mdiﬁcium;
1026 664 1137 732 ipse
1164 664 1314 718 vinea
1340 706 1354 729 ,
1385 680 1483 718 nos
1523 664 1803 734 palmites;
1835 664 1947 733 ipse

362 771 614 825 sponsus,
646 771 743 809 nos
769 771 999 826 Sponsa;
1033 757 1146 826 ipse
1174 765 1373 824 pastor,
1407 771 1503 810 nos
1533 771 1660 810 oves
1681 772 1700 820 ;
1725 756 1813 811 ille
1839 756 1944 821 via,

365 864 463 902 nos
492 848 582 917 qui
613 848 909 902 incedimus
936 847 984 900 in
1018 862 1079 902 ea
1110 867 1123 900 :
1155 863 1253 901 nos
1292 861 1476 902 rursus
1515 847 1763 916 templum
1788 889 1804 913 ,
1835 848 1948 916 ipse

364 938 662 1002 inhabitat;
693 939 805 1006 ipse
831 937 1232 1007 primogenitus,
1259 953 1357 991 nos
1383 937 1604 1002 fratres;
1635 940 1746 1006 ipse
1768 937 1940 1002 heres,

361 1046 464 1085 nos
491 1029 822 1094 coheredes;
857 1031 970 1098 ipse
1001 1031 1104 1082 vita
1129 1071 1144 1096 ,
1176 1044 1274 1084 nos
1300 1030 1578 1094 viventes;
1624 1029 1735 1098 ipse
1766 1043 1945 1084 resur-

361 1125 554 1189 rectio,
592 1138 690 1178 nos
728 1132 1104 1193 resurgentes;
1138 1123 1250 1192 ipse
1282 1123 1393 1186 lux,
1423 1138 1522 1177 nos
1563 1123 1942 1178 illuminamur.

362 1213 492 1268 lla‘c
512 1215 687 1268 omnia
707 1214 1137 1282 conjunctionem
1161 1212 1412 1280 indicant,
1429 1222 1484 1268 et
1505 1213 1702 1267 nullum
1722 1227 1944 1268 vacuum

362 1306 744 1360 intermedium
775 1320 894 1360 esse
929 1305 1108 1359 sinunt
1135 1346 1150 1371 ,
1181 1321 1248 1360 nc
1276 1305 1358 1359 vel
1402 1306 1679 1359 minimum
1710 1306 1942 1376 quidem.

357 1398 494 1452 Nam
526 1398 614 1467 qui
648 1412 830 1466 parttm
858 1396 1128 1464 abscedit,
1160 1412 1473 1466 progressus
1499 1397 1656 1452 etiam
1678 1439 1692 1462 ,
1722 1396 1943 1450 multum

357 1487 637 1542 abscedet.
682 1487 890 1541 Etenim
918 1502 1113 1557 corpus
1142 1489 1184 1542 si
1217 1504 1431 1558 parvam
1471 1504 1566 1558 per
1590 1488 1822 1558 gladium
1856 1502 1944 1542 sc-

356 1580 695 1649 parationem
725 1579 998 1645 admittat,
1033 1582 1201 1648 perit;
1235 1589 1284 1636 et
1317 1581 1628 1646 aediﬁcium,
1659 1582 1703 1636 si
1731 1581 1814 1636 vel
1846 1597 1943 1652 pa-

357 1684 478 1722 rum
506 1668 786 1733 dehiscat,
815 1668 1160 1735 dissolvitur;
1206 1679 1261 1725 et
1291 1674 1335 1724 si
1365 1671 1566 1740 palmes
1594 1686 1623 1725 a
1653 1671 1831 1726 radice
1860 1671 1943 1725 vel

357 1762 645 1815 minimum
695 1761 1078 1828 abscindatur,
1130 1762 1187 1817 ﬁt
1228 1762 1447 1818 inutilis.
1496 1762 1678 1833 Itaque
1723 1778 1941 1833 parvum

357 1853 501 1907 istud
532 1867 637 1906 non
665 1862 746 1906 est
771 1867 1008 1922 parvum,
1041 1853 1136 1908 sed
1159 1854 1320 1908 etiam
1351 1853 1461 1909 fere
1488 1863 1654 1908 totum
1679 1865 1780 1909 est.
1810 1855 1940 1910 Cum

359 1958 492 2013 ergo
518 1958 740 2012 parvum
768 1943 1052 2015 quodpiam
1083 1954 1356 2014 peccatum
1395 1945 1721 2000 admittimus
1746 1946 1828 2000 vel
1857 1959 1943 2000 so-

355 2036 553 2092 cordes
594 2051 818 2102 sumus,
864 2051 932 2090 ne
978 2037 1106 2090 illud
1153 2053 1372 2106 parvum
1417 2038 1785 2108 negligamus:
1818 2053 1940 2092 nam

359 2128 489 2183 illud
531 2129 828 2199 neglectum
857 2129 966 2183 cito
1010 2144 1259 2199 magnum
1291 2129 1536 2184 efﬁcitur.
1571 2130 1659 2186 Sic
1692 2139 1744 2185 et
1771 2131 1941 2185 vesti-

357 2229 598 2276 mentum
631 2222 675 2275 si
704 2221 933 2290 dirumpi
964 2222 1180 2293 incipiat
1207 2231 1260 2278 et
1286 2223 1612 2293 negligatur,
1654 2238 1747 2290 per
1774 2232 1938 2277 totum

356 2315 648 2368 scissuram
674 2314 904 2369 admittit
927 2333 940 2368 :
968 2325 1017 2370 et
1047 2324 1265 2380 tectum,
1295 2318 1475 2385 paucis
1497 2314 1727 2384 delapsis
1754 2315 1942 2385 tegulis

357 2405 683 2475 neglectum,
709 2416 870 2460 totam
892 2405 1108 2460 domum
1136 2405 1337 2476 dejicit.
1368 2406 1490 2460 Haec
1511 2421 1639 2476 ergo
1664 2405 1940 2460 nobiscum

355 2507 694 2566 reputantes,
725 2512 885 2566 parva
915 2514 1201 2569 numquam
1230 2499 1617 2568 despiciamns,
1652 2514 1719 2554 ne
1747 2499 1798 2553 in
1830 2514 1941 2552 ma-

351 2602 459 2656 gna
492 2587 785 2642 incidamus
812 2605 826 2642 :
857 2589 938 2642 sin
966 2597 1143 2643 autem
1173 2589 1525 2660 negligamus,
1559 2598 1611 2644 et
1639 2588 1692 2642 in
1723 2588 1940 2659 profun-

351 2678 488 2732 dum
533 2678 790 2733 malorum
817 2681 1160 2746 venerimus,
1202 2696 1270 2735 ne
1310 2681 1418 2735 illic
1457 2680 1670 2751 quidem
1703 2681 1938 2734 animum

350 2767 784 2838 despondeamus
806 2811 821 2836 ,
851 2781 910 2824 ut
949 2785 1014 2826 ne
1054 2771 1105 2824 in
1137 2772 1324 2842 capitis
1361 2771 1700 2841 gravedinem
1742 2771 1941 2826 incida-

353 2872 498 2912 mus.
529 2857 756 2913 Difﬁcile
782 2860 922 2913 enim
948 2859 1200 2930 deinceps
1224 2862 1324 2916 erit
1353 2860 1474 2915 inde
1495 2860 1810 2927 ascendere,
1837 2861 1939 2916 nisi

355 2950 479 3017 quis
507 2948 796 3003 admodum
824 2951 1037 3019 vigilet;
1070 2968 1172 3005 non
1203 2952 1376 3006 solum
1407 2961 1621 3020 propter
1649 2951 1935 3022 longitudi-

356 3056 502 3104 nem,
530 3040 627 3095 scd
655 3041 816 3096 etiam
844 3051 1062 3111 propter
1087 3042 1257 3110 ipsum
1283 3043 1462 3096 situm.
1496 3041 1762 3097 Profunda
1794 3043 1936 3097 enim

353 3148 444 3188 res
487 3141 572 3187 est
616 3141 889 3204 peccatum
915 3175 930 3200 ,
979 3145 1033 3189 et
1069 3135 1317 3190 deorsum
1366 3135 1545 3191 ferens
1589 3136 1803 3206 premit.
1862 3138 1939 3192 Ac

352 3224 495 3278 sicut
521 3225 554 3277 ii
582 3225 670 3294 qui
699 3224 751 3278 in
781 3234 996 3294 puteum
1025 3225 1342 3292 inciderunt,
1374 3242 1477 3281 non
1507 3227 1660 3281 facile
1684 3227 1938 3283 ascende-

353 3315 466 3368 rint
489 3357 504 3380 ,
536 3314 631 3369 sed
675 3316 794 3370 aliis
833 3331 967 3386 Opus
1005 3317 1273 3372 habebunt
1296 3360 1310 3382 ,
1344 3319 1432 3388 qui
1475 3333 1533 3374 se
1562 3318 1788 3374 educant
1818 3338 1832 3375 :
1861 3320 1940 3376 sic

352 3408 526 3462 etiam
555 3409 642 3476 qui
684 3409 734 3462 in
779 3409 1096 3478 profundum
1123 3411 1330 3465 venerit
1356 3420 1712 3480 peccatorum.
1742 3412 1941 3466 Demit-

354 3513 536 3555 tamus
565 3516 692 3571 ergo
729 3501 882 3557 funes
919 3503 986 3557 ad
1015 3503 1133 3558 illos
1163 3513 1216 3559 et
1246 3520 1456 3559 sursum
1490 3504 1762 3559 trahamus
1788 3523 1801 3558 :
1831 3505 1939 3559 imo

351 3609 486 3648 vero
511 3609 619 3648 non
643 3594 766 3647 aliis
795 3603 998 3647 tantum
1025 3609 1158 3665 opus
1185 3603 1286 3662 est,
1314 3595 1406 3650 sed
1433 3595 1585 3651 nobis
1616 3597 1772 3666 ipsis:
1807 3604 1862 3650 ut
1885 3603 1940 3651 et
1968 3644 1979 3654 .

356 3701 459 3740 nos
503 3686 649 3755 ipsos
698 3686 975 3756 alligemus
1016 3695 1071 3742 et
1114 3687 1462 3743 ascendamus
1492 3731 1504 3752 ,
1538 3704 1641 3742 non
1682 3699 1938 3760 quantum

355 3775 758 3843 descendimus,
780 3777 872 3832 sed
899 3779 1064 3833 multo
1090 3780 1278 3850 magis,
1304 3780 1345 3833 si
1370 3780 1611 3834 velimus.
1641 3781 1777 3836 Deus
1797 3781 1940 3836 enim

357 3868 464 3922 fert
491 3883 647 3938 opem
680 3887 695 3922 :
741 3867 862 3922 Non
902 3869 1003 3922 vult
1037 3871 1177 3924 enim
1208 3879 1411 3924 mortem
1439 3872 1709 3939 peccatoris
1731 3911 1746 3937 ,
1775 3871 1862 3925 sed
1887 3881 1941 3924 ut

355 3962 715 4030 conrertatur(
745 3957 936 4018 Ezech.
963 3962 1052 4016 25.
1091 3960 1193 4034 ὅ).
1239 3964 1410 4018 Nemo
1455 3964 1613 4032 igitur
1653 3964 1937 4032 desperet,

357 4069 518 4108 nemo
557 4054 843 4122 impiorum
887 4054 1076 4108 morbo
1118 4055 1320 4108 laboret
1349 4072 1362 4108 :
1391 4054 1600 4109 illorum
1639 4055 1833 4122 quippe
1861 4065 1942 4109 est

358 4154 632 4216 peccatum
665 4145 990 4214 hujusmodi.
1022 4143 1220 4214 Impius
1248 4146 1388 4200 enim
1416 4146 1604 4199 omnin
1631 4144 1941 4215 profundum

359 4239 609 4292 malorum
639 4237 847 4302 venerit,
879 4237 1148 4290 contemnit
1169 4235 1350 4306 (Prov.
1384 4236 1470 4291 18.
1503 4235 1586 4306 5).

429 4328 727 4398 Numquam
764 4328 828 4381 de
863 4328 1026 4382 salute
1059 4327 1444 4398 desperandum.
1493 4357 1565 4367 —
1608 4326 1789 4397 Itaque
1833 4341 1938 4381 non

358 4430 699 4489 peccatorum
753 4417 1037 4472 multitudo
1078 4418 1507 4487 desperationem
1557 4417 1791 4484 inducit,
1845 4417 1940 4473 sed

359 4513 501 4582 impii
536 4526 710 4566 mens.
737 4509 955 4564 Etiamsi
982 4525 1109 4580 ergo
1134 4511 1422 4580 nequitiam
1449 4526 1662 4566 omnem
1688 4524 1938 4580 pervase-

357 4605 430 4657 ris
454 4645 470 4668 ,
499 4604 587 4657 dic
625 4602 766 4672 apud
819 4610 909 4656 te:
958 4601 1224 4671 Benignus
1261 4609 1346 4655 est
1395 4601 1570 4666 Deus,
1615 4609 1671 4655 et
1715 4599 1937 4655 salutem

357 4694 626 4749 desiderat
653 4702 915 4748 nostram.
947 4691 1165 4746 Etiamsi
1187 4692 1318 4746 enim
1344 4692 1533 4762 fuerint
1555 4699 1755 4759 peccata
1777 4697 1940 4744 vestra

355 4788 482 4840 sicut
505 4787 807 4849 coccinum,
836 4795 890 4838 ut
919 4785 1085 4839 nivem
1108 4826 1124 4851 ,
1167 4785 1338 4855 inqttit
1361 4825 1376 4849 ,
1414 4783 1657 4838 dealbabo
1686 4783 1703 4852 (
1727 4783 1850 4837 lsai.
1883 4784 1936 4837 1.

359 4882 424 4935 18
445 4881 489 4950 );
518 4891 576 4935 et
600 4880 655 4932 in
685 4879 1012 4933 contrarium
1040 4877 1279 4933 habitum
1309 4875 1646 4930 transferam.
1691 4873 1770 4929 Ne
1811 4888 1938 4943 ergo

359 4971 591 5023 animum
635 4969 1066 5040 despondeamus
1112 4987 1126 5022 :
1173 4983 1283 5023 non
1324 4968 1467 5023 enim
1521 4968 1593 5021 ita
1638 4980 1803 5036 grave
1856 4974 1938 5020 est

360 5058 652 5127 cecidisse,
684 5070 741 5115 ut
770 5061 980 5132 lapsum
1008 5059 1224 5130 jacere;
1262 5059 1342 5113 sic
1372 5073 1544 5127 neque
1574 5059 1642 5110 ita
1669 5071 1828 5127 grave
1855 5065 1940 5110 est

357 5165 486 5206 esse
513 5149 876 5216 vulneratum,
914 5161 1025 5204 uta
1055 5149 1363 5204 vulneribus
1389 5148 1533 5203 nolle
1569 5147 1764 5202 curari.
1810 5145 1936 5210 Quis

353 5248 501 5302 cnim
529 5246 823 5318 gloriabitur
851 5256 1044 5300 castum
1073 5261 1126 5300 se
1148 5245 1330 5298 habere
1354 5243 1478 5297 cor?
1523 5252 1610 5295 aut
1638 5241 1748 5312 quis
1774 5241 1936 5293 dicere

352 5358 510 5395 ausus
531 5342 681 5412 fuerit
705 5358 758 5394 se
785 5340 1033 5393 mundum
1061 5354 1166 5392 esse
1189 5354 1221 5390 a
1251 5336 1467 5407 peccatis
1490 5334 1682 5406 (Prov.
1707 5333 1797 5388 20.
1829 5332 1862 5387 9
1888 5331 1935 5399 )?

355 5434 476 5490 llmc
501 5433 626 5487 dico
662 5446 771 5486 non
819 5439 880 5484 ut
923 5445 1018 5485 vos
1053 5429 1391 5486 socordiores
1435 5426 1646 5482 reddam
1680 5463 1694 5489 ,
1744 5422 1838 5477 sed
1879 5431 1936 5476 ut

357 5526 640 5596 impediam
670 5525 960 5595 quominus
983 5523 1038 5579 in
1067 5523 1494 5593 desperationem
1525 5516 1794 5574 incidatis.

421 5623 473 5676 5.
515 5619 612 5674 Vis
642 5618 854 5674 discere
882 5633 1039 5688 quam
1080 5617 1252 5671 bonus
1294 5615 1365 5668 sit
1410 5610 1664 5666 Dominus
1708 5605 1932 5661 noster?

360 5713 606 5769 Ascendit
635 5711 987 5782 publicanus,
1027 5710 1174 5764 mille
1210 5707 1367 5763 malis
1407 5715 1629 5761 onustus
1653 5744 1667 5770 ,
1708 5711 1762 5756 ct
1808 5715 1930 5754 cum

367 5807 580 5866 dixisset
624 5817 858 5874 tantum,
885 5803 1147 5875 PrOpitius
1188 5811 1292 5858 esto
1325 5800 1447 5854 mihi
1475 5799 1494 5870 ζ
1520 5797 1642 5852 Luc.
1675 5795 1766 5851 18.
1797 5792 1926 5864 15),

2054 475 2333 530 descendit
2362 475 2701 543 justiﬁeatus.
2743 477 2842 531 Per
2888 479 3200 549 prophetam
3248 498 3457 553 quoque
3503 486 3630 541 dicit

2054 566 2236 620 Deus:
2280 564 2496 634 Propter
2527 576 2783 635 peccaturis
2821 584 3002 636 parum
3045 571 3190 624 illum
3227 575 3516 628 contristavi
3537 616 3552 640 ,
3583 587 3632 629 et

2052 657 2153 709 vidi
2178 657 2314 726 quod
2331 656 2506 709 dolore
2532 667 2658 710 esset
2687 656 2897 724 affectus
2939 671 2984 712 et
3018 661 3107 714 iret
3139 664 3292 718 tristis
3315 706 3331 732 ,
3367 675 3413 718 et
3455 670 3632 720 δανιαυὶ

2051 748 2157 800 vias
2199 748 2309 815 ejus
2348 746 2522 817 (Isai.
2551 749 2639 802 57.
2672 750 2758 803 l7.
2791 749 2918 821 18).
2962 752 3098 818 Quid
3150 753 3271 809 huic
3317 755 3649 813 humanitati

2053 855 2147 909 par
2176 851 2256 895 est
2278 841 2300 894 ?
2326 839 2393 894 Ut
2414 841 2587 894 solum
2633 851 2778 896 esset
2813 842 2980 897 tristis
3003 884 3016 907 ,
3052 844 3261 914 inquit,
3299 850 3479 904 remisi
3507 866 3636 920 pec-

2049 939 2188 986 cata.
2218 931 2327 985 Nos
2356 943 2535 986 autem
2568 948 2634 986 ne
2666 933 2766 988 hoc
2791 934 3003 1002 quidem
3034 936 3302 992 facimus:
3349 939 3468 994 ideo
3519 958 3631 996 nta-

2051 1023 2190 1077 xime
2221 1023 2384 1077 Deum
2411 1023 2475 1076 ad
2508 1023 2640 1076 iram
2675 1039 3045 1092 prevocamus.
3065 1027 3165 1094 Qui
3187 1029 3327 1082 enim
3356 1046 3450 1100 per
3472 1047 3630 1102 parva

2049 1125 2194 1184 gesta
2227 1115 2486 1184 propitius
2513 1114 2681 1169 factus
2705 1125 2787 1171 est
2811 1157 2837 1182 ,.
2856 1117 3068 1187 quando
3088 1133 3149 1172 ea
3173 1135 3279 1174 non
3307 1120 3465 1176 fuerit
3491 1140 3638 1178 aSsc—

2048 1217 2281 1277 quutns,
2333 1209 2452 1278 jure
2507 1209 2846 1280 indignatur,
2894 1221 2950 1267 et
3003 1222 3299 1270 extremum
3353 1217 3420 1272 de
3474 1219 3629 1274 nobis

2048 1299 2210 1354 sumit
2235 1299 2551 1369 supplicium
2581 1318 2593 1353 :
2627 1311 2708 1355 est
2735 1301 2879 1355 enim
2909 1301 3009 1356 ltoc
3041 1304 3237 1358 summi
3270 1315 3628 1376 contemptus.

2048 1391 2180 1458 Quis
2226 1391 2369 1446 enim
2419 1407 2668 1462 umquam
2720 1409 2950 1449 maerore
2995 1395 3215 1450 allectus
3269 1395 3366 1451 fuit
3419 1411 3634 1468 propter

2048 1484 2366 1553 peccatum?
2416 1485 2534 1555 quis
2588 1485 2886 1555 ingemuit?
2933 1487 3052 1556 quis
3100 1496 3286 1556 peetus
3338 1490 3634 1556 percussit?

2049 1577 2168 1644 quis
2197 1576 2457 1631 sollicitus
2482 1575 2619 1630 fuit?
2644 1577 2754 1647 Ego
2780 1586 2907 1648 puto
2932 1578 3220 1634 neminem.
3246 1579 3348 1635 Sed
3379 1582 3627 1636 innume-

2050 1668 2122 1722 ris
2151 1667 2337 1722 diebus
2367 1668 2547 1737 lugent
2579 1669 2824 1725 homines
2854 1685 2950 1741 pro
2982 1672 3191 1726 famulis
3222 1674 3445 1728 mortuis
3467 1716 3484 1741 ,
3531 1691 3627 1744 pro

2046 1759 2286 1828 pecunia:
2311 1759 2558 1828 jactura:
2589 1775 2712 1815 cum
2739 1770 2917 1815 autem
2956 1763 3187 1816 animum
3225 1765 3458 1832 quotidie
3498 1781 3623 1835 per-

2046 1849 2234 1904 damus
2254 1892 2268 1916 ,
2302 1849 2443 1905 idne
2467 1853 2763 1920 cogitamus
2786 1852 3020 1923 quidem.
3067 1853 3344 1921 Quomodo
3371 1871 3498 1926 ergo
3526 1873 3624 1926 po-

2048 1941 2175 1995 teris
2202 1941 2364 1995 Deum
2394 1942 2487 1995 tibi
2515 1944 2801 2012 propitium
2834 1943 3091 2009 reddere,
3136 1960 3256 1998 cum
3299 1961 3366 1999 ne
3409 1947 3619 2016 quidem

2045 2031 2180 2086 scias
2211 2039 2260 2085 te
2281 2032 2631 2101 peccavisse?
2663 2033 2835 2086 Etiam
2861 2075 2876 2099 ,
2908 2033 3117 2102 inquies
3142 2075 3158 2100 ,
3188 2038 3421 2103 peccavi.
3448 2037 3620 2091 Etiam

2045 2123 2222 2192 lingua
2252 2122 2467 2193 quidem
2495 2123 2700 2192 profers
2729 2140 2744 2178 :
2777 2123 2863 2179 dic
2892 2124 3020 2178 mihi
3053 2133 3107 2180 et
3151 2135 3328 2181 mente
3350 2167 3367 2194 ,
3408 2136 3463 2182 et
3499 2144 3637 2182 cum.

2044 2215 2244 2270 dixeris
2267 2257 2282 2280 ,
2309 2215 2600 2285 ingemisce
2619 2256 2634 2282 ,
2669 2226 2725 2270 ttt
2754 2216 2828 2271 sis
2855 2231 3067 2286 semper
3098 2218 3237 2273 bono
3265 2220 3462 2274 animo.
3495 2221 3622 2273 Ete-

2045 2308 2152 2360 nim
2200 2308 2244 2361 si
2287 2307 2590 2362 doleremus
2634 2319 2852 2378 pr0pter
2895 2319 3106 2378 peccata
3133 2351 3149 2376 ,
3189 2311 3233 2364 si
3285 2327 3379 2380 pro
3421 2312 3630 2369 delictis

2045 2397 2519 2466 ingemisceremus
2546 2437 2560 2462 ,
2617 2399 2751 2453 nihil
2796 2401 2938 2454 aliud
2981 2415 3079 2456 nos
3122 2401 3310 2456 dolore
3355 2402 3628 2469 afﬁceret,

2047 2491 2147 2546 hoc
2187 2491 2372 2548 dolore
2418 2508 2630 2547 omnem
2683 2494 2846 2547 animi
2899 2494 3266 2563 aegritudinem
3304 2496 3630 2564 expellente.

2044 2585 2403 2652 Quamobrem
2445 2586 2589 2640 aliud
2635 2601 2848 2655 quoque
2887 2586 3218 2639 lucrarcmur
3268 2601 3390 2640 cum
3416 2586 3630 2642 confes-

2044 2679 2234 2746 sione,
2287 2693 2481 2749 uempe
2523 2678 2665 2749 quod
2706 2693 2811 2732 non
2861 2678 3306 2748 immergeremur
3363 2679 3416 2733 in
3469 2678 3630 2750 hujus

2044 2772 2165 2824 vita:
2193 2769 2524 2824 calamitates
2548 2809 2563 2834 ,
2596 2783 2770 2838 neque
2801 2768 2853 2821 in
2883 2768 3038 2823 rebus
3070 2767 3346 2838 prosperis
3392 2783 3455 2824 ac
3495 2785 3632 2840 pra:-

2043 2863 2204 2918 claris
2253 2862 2562 2916 inﬂaremur
2607 2879 2619 2914 :
2669 2870 2723 2916 et
2781 2862 2880 2917 hac
2936 2861 3145 2915 ratione
3199 2875 3410 2915 rursum
3463 2862 3634 2930 magis

2044 2957 2210 3011 Deum
2238 2956 2605 3026 placaremus;
2642 2963 2699 3008 ut
2745 2955 2853 3024 jam
2899 2969 2994 3024 per
3019 2965 3168 3024 gesta
3196 2966 3377 3010 nostra
3405 2955 3471 3010 ad
3498 2956 3628 3010 iram

2044 3062 2415 3118 provocamus.
2447 3048 2539 3102 Dic
2565 3049 2705 3103 enim
2738 3047 2868 3101 mihi
2896 3089 2910 3115 ,
2940 3049 2983 3101 si
3015 3063 3172 3117 quem
3220 3047 3418 3103 habeas
3456 3048 3629 3102 famu-

2044 3141 2152 3196 lum
2177 3180 2194 3207 ,
2222 3140 2312 3210 qui
2341 3141 2508 3196 multa
2535 3154 2720 3210 passus
2749 3155 2779 3194 a
2809 3141 3083 3195 conservis
3109 3183 3123 3206 ,
3146 3141 3214 3197 de
3257 3143 3376 3197 aliis
3413 3143 3625 3210 quidem

2043 3234 2243 3287 nullam
2273 3231 2465 3286 habeat
2493 3231 2757 3286 rationem
2786 3271 2800 3296 ,
2837 3231 2930 3287 sed
2963 3248 3122 3287 unam
3158 3248 3271 3286 rem
3301 3242 3450 3287 curet
3477 3245 3530 3287 ut
3558 3250 3627 3288 ne

2042 3325 2231 3380 herum
2260 3339 2412 3378 suum
2441 3323 2506 3378 ad
2531 3324 2662 3378 iram
2685 3325 2916 3378 concitet
2944 3342 2956 3378 :
2981 3340 3160 3380 annon
3189 3324 3310 3380 hinc
3335 3327 3503 3380 solum
3533 3343 3627 3397 po-

2045 3418 2167 3473 terit
2198 3417 2332 3470 iram
2364 3423 2503 3469 tuam
2536 3416 2769 3471 sedare?
2799 3415 2935 3484 Quid
2966 3428 3143 3473 autem
3172 3459 3186 3487 ,
3221 3418 3263 3472 si
3296 3433 3481 3474 eorum
3509 3436 3627 3490 qua:

2044 3510 2099 3564 in
2132 3518 2182 3564 te
2211 3508 2437 3577 deliquit
2467 3507 2664 3563 nullam
2690 3522 2872 3563 curam
2904 3507 3098 3563 habeat
3121 3550 3136 3576 ,
3183 3519 3334 3564 curet
3361 3519 3536 3564 autem
3566 3527 3629 3565 ca

2043 3616 2163 3670 qua:
2191 3601 2243 3654 in
2273 3613 2567 3654 conservos
2594 3599 2850 3669 deliquit,
2876 3614 3051 3654 nonne
3077 3599 3250 3669 majus
3276 3598 3474 3654 iuferes
3501 3615 3624 3672 sup-

2044 3693 2304 3762 plicium?
2333 3691 2405 3745 Ita
2433 3692 2595 3746 etiam
2624 3691 2749 3746 facit
2779 3692 2918 3746 Deus
2947 3708 2962 3744 :
3006 3705 3125 3747 cum
3178 3691 3290 3760 ejus
3341 3692 3475 3744 iram
3521 3705 3628 3744 non

2043 3798 2291 3837 curamus
2315 3823 2338 3848 ,.
2359 3783 2504 3837 illam
2548 3782 2707 3839 infert
2751 3783 3249 3846 vehementiorem;
3291 3797 3412 3836 cum
3451 3791 3629 3836 autem

2042 3888 2162 3929 eam
2191 3888 2472 3938 curamus,
2503 3873 2811 3926 mitiorem:
2856 3873 2962 3926 imo
3006 3887 3073 3925 ne
3113 3871 3366 3941 deinceps
3413 3871 3642 3942 quident

2045 3961 2188 4015 illam
2215 3959 2377 4014 infert
2406 3977 2420 4014 :
2450 3961 2559 4014 vult
2583 3961 2725 4013 enim
2750 3999 2766 4024 ,
2798 3969 2855 4013 ut
2888 3975 2984 4014 nos
3014 3961 3110 4028 ipsi
3140 3971 3477 4028 peccatorum
3507 3975 3626 4028 poe-

2045 4068 2141 4107 nas
2167 4068 2197 4106 a
2225 4052 2378 4107 nobis
2405 4051 2719 4121 exigamus;
2759 4050 2846 4104 ille
2892 4065 3018 4104 vero
3068 4065 3172 4103 non
3221 4051 3355 4103 ultra
3398 4067 3426 4104 a
3474 4052 3627 4104 nobis

2043 4146 2224 4215 exigit.
2255 4145 2380 4200 ldeo
2408 4159 2636 4214 namque
2659 4142 3014 4198 comminatur
3039 4140 3358 4209 supplicium
3383 4182 3398 4207 ,
3434 4151 3490 4194 ut
3514 4157 3619 4197 me-

2046 4244 2098 4291 tu
2128 4244 2490 4305 contemptum
2518 4235 2743 4289 auferat.
2776 4233 2908 4287 Cum
2934 4241 3110 4286 autem
3138 4246 3203 4285 ex
3242 4230 3353 4285 sola
3398 4233 3624 4285 commi-

2044 4330 2259 4384 natione
2304 4329 2679 4394 deterremur,
2741 4342 2847 4381 non
2887 4325 3012 4380 sinit
3061 4332 3118 4377 ut
3165 4324 3279 4392 ejus
3327 4323 3635 4392 periculum.

2041 4421 2317 4476 faciamus.
2367 4418 2498 4474 Vide
2541 4432 2768 4488 namque
2810 4415 2936 4486 quid
2974 4414 3221 4469 Jercmiae
3267 4413 3456 4468 dicat:
3499 4412 3619 4469 Non

2041 4513 2177 4566 vides
2197 4511 2319 4583 quid
2347 4511 2425 4564 illi
2449 4509 2688 4584 faciunt?
2715 4508 2896 4561 Patres
2923 4523 3096 4562 eorum
3118 4507 3280 4576 ignem
3305 4506 3581 4559 accendunt
3606 4522 3625 4559 :

2042 4605 2138 4674 ﬁlii
2167 4619 2340 4657 eorum
2371 4602 2612 4670 colligunt
2635 4601 2772 4671 ligna
2803 4615 2819 4652 :
2859 4598 3088 4651 mulieres
3115 4613 3288 4650 eorum
3312 4605 3478 4649 terunt
3504 4597 3623 4649 adi-

2043 4715 2155 4770 pem
2185 4697 2203 4767 (
2231 4696 2342 4750 Jer.
2372 4699 2426 4750 7.
2461 4694 2700 4762 17.18).
2734 4690 3050 4746 Timendum
3091 4697 3173 4743 est
3196 4729 3211 4754 ,
3262 4705 3328 4742 ne
3364 4689 3431 4742 de
3470 4689 3624 4742 nobis

2041 4787 2310 4857 quidpiam
2342 4785 2514 4839 simile
2541 4782 2747 4838 dicatur
2772 4799 2783 4834 :
2815 4780 2928 4834 Non
2955 4779 3102 4832 vides
3132 4777 3255 4846 quid
3279 4777 3355 4829 illi
3381 4775 3624 4830 faciunt?

2040 4879 2209 4934 Nemo
2237 4893 2356 4948 qua:
2383 4875 2578 4930 Christi
2605 4883 2728 4927 sunt
2751 4871 2942 4940 qurerit
2965 4909 2979 4932 ,
3008 4867 3098 4920 sed
3131 4879 3318 4919 omnes
3359 4879 3477 4934 qua:
3521 4881 3618 4920 sua

2041 4979 2164 5024 sunt
2193 4969 2212 5038 (
2243 4967 2474 5037 Philipp.
2500 4966 2555 5018 2.
2581 4964 2646 5017 Ἢ
2673 4963 2714 5031 ).
2751 4959 2870 5013 Filii
2896 4972 3078 5012 eorum
3107 4954 3170 5008 ad
3205 4954 3476 5010 libidinem
3499 4971 3622 5010 cur-

2039 5068 2164 5114 runt
2197 5075 2210 5111 :
2245 5065 2424 5127 patres
2449 5067 2631 5108 eorum
2655 5049 2719 5104 ad
2741 5048 3018 5103 avaritiam
3040 5053 3093 5100 et
3113 5044 3354 5113 rapinam
3387 5063 3400 5098 :
3428 5061 3621 5101 uxores

2039 5167 2223 5209 eorum
2252 5151 2317 5205 ad
2350 5147 2660 5203 sazcularcm
2706 5143 2940 5201 fastum:
2987 5156 3104 5210 quae
3153 5141 3298 5194 viros
3342 5156 3469 5194 suos
3514 5156 3626 5197 non

2039 5243 2200 5299 modo
2232 5257 2336 5296 non
2368 5239 2594 5304 sedant,
2627 5237 2720 5291 sed
2747 5235 2907 5290 etiam
2955 5241 3270 5302 provocant.
3318 5232 3408 5286 Sta
3461 5231 3622 5298 igitur

2039 5337 2090 5390 in
2119 5336 2234 5389 foro
2258 5376 2272 5400 ,
2303 5333 2568 5400 interroga
2597 5337 2783 5383 euntes
2809 5334 2864 5381 et
2900 5324 3188 5378 redeuntes
3213 5365 3225 5389 ,
3260 5330 3314 5376 ct
3346 5321 3614 5375 neminem

2038 5426 2240 5480 videbis
2267 5440 2363 5494 pro
2388 5439 2444 5478 re
2471 5419 2734 5491 spirituali
2768 5417 3104 5471 festinantem
3132 5453 3149 5479 ,
3177 5412 3270 5468 sed
3304 5426 3490 5467 omnes
3519 5426 3616 5480 pro

2037 5515 2337 5572 carnalibus
2377 5521 2673 5568 currentes.
2714 5509 3003 5576 Quousque
3047 5519 3154 5559 non
3202 5502 3610 5574 resipiscimus?

2037 5620 2312 5677 quousque
2344 5605 2395 5658 in
2437 5600 2757 5674 profundum
2805 5611 3050 5652 somnum
3093 5591 3617 5663 dejicimur‘tannon

2039 5699 2297 5753 malorum
2324 5710 2421 5749 nos
2445 5695 2586 5764 cepit
2610 5689 2864 5747 satietas?
2889 5686 3049 5760 Atqui
3077 5687 3238 5742 etiam
3266 5684 3466 5754 absque
3489 5699 3615 5739 vcr—

2038 5793 2118 5850 bis
2148 5792 2259 5864 ipsa
2287 5804 2466 5846 rerum
2493 5784 2826 5858 experientia.
2840 5783 2970 5840 satis
2995 5791 3077 5839 cst
3103 5780 3169 5838 ad
3194 5777 3466 5836 docendos
3492 5791 3611 5842 nos,
