4100 6214
395 359 462 414 τ5
1033 343 1088 398 S.
1129 336 1403 396 JOANNIS
1441 324 1914 388 CllllYSOSTOMl
1955 323 2270 379 ARCIIIEP.
2309 323 2840 381 CONSTANTINOP.
3591 319 3659 374 76

394 468 527 525 nihil
558 479 677 521 esse
705 475 793 517 res
821 465 1112 530 prmsentcs
1135 463 1186 507 et
1215 464 1369 520 prava
1398 458 1517 500 esse
1546 439 1746 494 omnia.
1783 435 1972 491 Henri-

396 578 494 616 nes
532 567 680 614 certe
705 554 794 625 qui
833 560 1104 608 externam
1149 538 1464 610 sapientiam
1514 531 1835 588 exercebant
1859 570 1874 594 ,
1924 538 1978 582 et

397 652 531 707 nihil
558 623 852 704 futurorum
886 642 1135 695 noverant
1165 675 1179 701 ,
1210 645 1330 686 cum
1361 623 1836 696 deprehendissent
1861 633 1976 672 ma-

398 760 554 817 gnam
615 735 951 811 pursentium
1006 743 1184 784 rerum
1242 723 1532 784 vilitatem,
1603 716 1721 770 ideo
1775 723 1976 817 tantum

400 806 798 891 abscesserunt.
852 825 1022 892 Quam
1067 833 1195 889 ergo
1239 826 1294 871 tu
1341 809 1684 881 consequeris
1726 806 1934 862 veniam
1960 847 1976 872 ,

402 928 487 997 qui
517 922 661 979 humi
692 917 832 989 rcpis
857 957 872 982 ,
905 928 1004 968 nec
1039 908 1269 978 despicis
1302 919 1461 976 parva
1494 903 1609 955 haec
1640 914 1760 969 qua:
1807 907 1979 952 trans-

400 1027 568 1079 eunt,
619 1025 720 1066 nec
765 1007 969 1063 deseris
1014 1017 1111 1072 pro
1158 1001 1224 1054 iis
1271 1012 1388 1068 qua:
1431 1006 1618 1062 magna
1660 998 1782 1044 sunt
1822 997 1980 1057 atque

399 1085 598 1160 aztcrna
624 1144 638 1166 ,
667 1101 756 1170 qui
787 1099 958 1168 ipsum
989 1096 1152 1148 Deum
1191 1088 1344 1144 audis
1390 1085 1492 1139 hoc
1537 1081 1626 1137 tibi
1674 1086 1980 1170 monstrati:

401 1210 545 1264 tt-m,
586 1164 640 1250 et
686 1164 760 1248 ab
803 1164 919 1260 ipso
968 1187 1098 1241 tales
1144 1180 1309 1236 habes
1361 1164 1980 1264 promissioneleuod

401 1258 542 1343 enim
570 1285 687 1340 haec
718 1258 981 1337 non—satis
1015 1276 1117 1330 sint
1161 1271 1228 1327 ad
1274 1264 1616 1324 detinendum
1666 1258 1976 1321 hominem,

403 1377 751 1432 ostenderunt
780 1373 815 1425 ii
844 1370 932 1440 qui
970 1367 1169 1434 absque
1213 1360 1475 1429 majorum
1525 1368 1706 1410 rerum
1753 1347 1980 1420 promis-

405 1471 554 1525 sione
583 1468 650 1522 ab
673 1466 750 1520 eis
780 1460 1170 1516 abstinuerunt.
1197 1453 1338 1521 Quas
1363 1449 1504 1504 enim
1525 1445 1737 1500 divitias
1763 1451 1984 1508 exspec-

407 1571 582 1616 tantes
608 1601 625 1627 ,
655 1557 724 1622 ad,
748 1559 1111 1625 paupertatem
1141 1541 1441 1602 venerunt?
1467 1538 1648 1595 Nullas
1671 1552 1686 1602 ;
1725 1532 1817 1587 sed
1841 1527 1979 1600 quod

2091 436 2224 490 bene
2256 435 2456 494 scirent
2484 435 2639 489 talem
2673 439 3035 503 paupertatem
3065 443 3184 485 esse
3223 429 3422 484 divitiis
3471 430 3659 486 melio-

2085 539 2219 578 rem.
2249 524 2414 591 Quam
2443 534 2718 593 sperantes
2744 523 2902 576 vitam
2945 519 3164 574 delicias
3208 519 3538 590 reliquerunt
3563 562 3577 587 ,
3608 529 3664 575 et

2087 628 2290 683 asperae
2310 616 2432 667 vita:
2458 629 2515 668 se
2539 613 2856 668 dediderunt
2875 611 2898 664 ?
2919 610 3136 676 Nullas;
3168 610 3261 665 sed
3291 611 3457 680 ipsam
3483 626 3664 665 rerum

2087 715 2330 759 naturam
2368 705 2539 759 edocti
2566 745 2582 771 ,
2607 713 2660 760 et
2699 704 2931 760 scientes
2976 701 3079 757 hoc
3122 703 3296 772 aptius
3343 717 3463 759 esse
3506 714 3556 759 et
3599 704 3668 759 ad

2087 797 2277 850 anima:
2318 796 2705 868 philosophiam
2730 839 2746 863 ,
2795 803 2849 850 et
2889 795 2955 850 ad
3001 795 3240 865 corporis
3285 797 3665 855 valetudinem.

2089 888 2213 943 llaec
2254 889 2411 958 igitur
2457 904 2556 942 nos
2595 889 2774 944 animo
2818 897 3124 958 reputantes
3149 928 3164 954 ,
3214 896 3266 942 et
3308 887 3478 943 futura
3527 890 3667 944 bona

2089 979 2307 1034 assidue
2351 980 2402 1034 in
2448 979 2602 1034 nobis
2656 989 2967 1046 versantes,
3023 995 3053 1032 a
3106 979 3265 1034 rebus
3319 982 3667 1049 praesentibus

2089 1071 2438 1126 abscedamus
2463 1113 2477 1138 ,
2508 1080 2566 1126 ut
2593 1071 2682 1126 illa
2711 1071 2884 1126 futura
2922 1085 3313 1140 consequamur
3338 1113 3353 1138 ,
3405 1073 3571 1141 gratia
3613 1083 3671 1128 et

2091 1162 2418 1234 benignitate
2449 1164 2660 1219 Domini
2692 1166 2860 1219 nostri
2888 1164 3012 1219 Jesu
3039 1163 3236 1218 Christi
3263 1204 3276 1228 ,
3321 1163 3532 1234 quicum
3574 1165 3673 1219 Pa-

2095 1255 2160 1308 tri
2190 1271 2397 1326 unaque
2427 1255 2645 1324 Spiritui
2686 1265 2870 1310 sancto
2891 1296 2906 1322 ,
2951 1254 3117 1325 gloria
3147 1295 3162 1320 ,
3205 1254 3482 1324 itnpcrium
3510 1295 3525 1319 ,
3575 1255 3674 1309 ho-

2094 1359 2232 1409 nor,
2280 1361 2418 1400 nunc
2473 1354 2528 1400 et
2575 1359 2828 1416 semper,
2881 1353 2935 1400 et
2987 1344 3038 1400 in
3088 1345 3280 1399 saecula
3331 1344 3673 1401 saeculorum.

2096 1437 2288 1491 Amen.

411 1645 3671 1694 ________________________.___.________._______.__.

1816 1727 2159 1794 HOMILIA
2202 1728 2318 1790 IX.

412 1888 534 1945 Car.
568 1890 622 1943 5.
653 1902 704 1938 v.
735 1883 823 1938 l2.
860 1881 918 1936 Si
944 1879 1058 1948 quis
1094 1870 1462 1944 superwdiﬁcat
1507 1879 1664 1932 supra
1691 1857 1990 1930 fundamen-

480 1991 586 2033 tum
641 1977 774 2037 hoc,
831 1985 1049 2030 aurum,
1102 1973 1407 2034 argentum,
1459 1955 1654 2024 lapides
1700 1949 1943 2020 pretiosos
1970 1986 1986 2012 ,

481 2072 620 2140 ligna
644 2109 658 2131 ,
703 2071 888 2136 faenum
916 2103 930 2127 ,
970 2058 1210 2128 stipulam
1236 2094 1252 2119 ,
1298 2053 1386 2107 15.
1432 2045 1825 2140 uniuscujusque
1865 2053 1991 2140 Opus

480 2130 806 2230 uianil‘eslum
833 2155 944 2208 erit.
971 2151 1094 2204 Dies
1119 2148 1252 2203 enim
1288 2141 1497 2196 Domini
1535 2134 1844 2230 declarabit,
1875 2130 1991 2230 quia

481 2255 533 2306 in
559 2222 675 2322 igne
701 2247 1035 2308 revelabitur;
1059 2252 1104 2296 et
1135 2237 1531 2306 uniuscujusque
1555 2244 1682 2300 Opus
1708 2223 1873 2322 quale-
1886 2222 1950 2276 sit
1972 2261 1988 2288 ,

481 2317 613 2414 ignis
640 2338 887 2412 probabit.
922 2337 1011 2391 il.
1041 2333 1102 2389 Si
1127 2331 1272 2400 cujus
1299 2344 1424 2398 opus
1460 2322 1700 2378 manserit
1739 2317 1873 2414 quod
1903 2332 1994 2414 su-

486 2409 899 2505 permdiﬁcaverit
924 2469 938 2492 ,
991 2423 1270 2479 mercedem
1325 2417 1556 2488 accipiet.
1616 2413 1704 2469 15.
1742 2411 1804 2465 Si
1851 2409 1995 2505 cujus

485 2498 612 2594 opus
636 2498 814 2578 arserit
841 2562 855 2584 ,
885 2517 1236 2572 detrimentum
1263 2511 1482 2581 patietur
1506 2522 1526 2559 :
1545 2507 1656 2574 ipse
1690 2510 1857 2556 autent
1895 2498 1997 2553 sal—

486 2634 575 2671 uus
600 2616 692 2669 erit
716 2653 732 2680 ,
761 2613 834 2666 sic
861 2620 1027 2664 tamen
1052 2605 1196 2677 quasi
1222 2618 1311 2674 per
1337 2602 1518 2671 ignem.

490 2771 542 2822 1.
579 2767 694 2822 Non
725 2773 806 2820 est
833 2775 995 2834 parva
1036 2759 1152 2812 bare
1180 2770 1299 2826 qua:
1326 2752 1480 2808 nobis
1508 2747 1826 2821 proponitur
1853 2760 1993 2814 qna:-

421 2862 522 2916 stio
545 2901 558 2924 ,
591 2858 686 2914 sed
714 2856 781 2911 de
810 2854 972 2910 rebus
1003 2849 1232 2905 maxime
1262 2843 1579 2900 necessariis
1604 2882 1618 2906 ,
1649 2848 1703 2894 et
1732 2852 1866 2908 quas
1886 2851 2002 2888 oin-

421 2967 517 3007 nes
533 2956 776 3021 quaerunt
797 2945 1038 3010 homines
1055 2983 1070 3009 ,
1089 2956 1155 3021 an
1176 2938 1433 3009 gehennae
1451 2933 1588 3004 ignis
1607 2932 1763 2986 ﬁnem
1784 2928 1998 2982 habeat.

429 3019 562 3097 Nam
591 3038 730 3110 quod
759 3052 861 3092 non
889 3034 1082 3090 habeat
1100 3072 1115 3098 ,
1135 3019 1378 3086 Christus
1398 3021 1760 3097 pronuntiavit
1781 3019 1999 3073 dicens:

423 3133 567 3204 Ignis
605 3146 776 3184 eorum
820 3144 919 3181 non
963 3125 1342 3194 exstinguetur,
1387 3126 1434 3173 et
1477 3114 1655 3168 vermis
1694 3125 1865 3164 eorum
1904 3124 2004 3161 non

423 3200 665 3276 morietur
703 3217 912 3292 (Marc.
957 3216 1009 3272 9.
1044 3215 1114 3270 ts
1143 3214 1183 3285 ).
1233 3211 1300 3266 Et
1341 3209 1453 3264 scio
1497 3205 1711 3277 quidem
1757 3215 1852 3256 vos
1891 3200 2004 3253 htec

424 3314 699 3368 audientes
726 3320 1028 3379 torpescere
1057 3323 1072 3360 :
1104 3304 1198 3361 sed
1225 3303 1352 3375 quid
1395 3297 1628 3354 faciam?
1673 3296 1812 3348 Deus
1861 3293 2004 3346 enim

421 3405 571 3474 jubet
596 3403 709 3456 haec
738 3401 1041 3470 frequenter
1069 3397 1320 3450 insonare
1343 3432 1359 3458 ,
1382 3390 1568 3446 dicens
1592 3427 1606 3451 ,
1638 3384 1869 3452 Prcecipe
1892 3381 2007 3435 huic

426 3495 650 3566 papula;
680 3503 733 3548 et
760 3506 857 3547 nos
899 3487 965 3544 ad
1011 3485 1364 3542 ministerium
1407 3480 1554 3536 verbi
1592 3475 1868 3533 constituti
1913 3489 2007 3528 su-

427 3603 544 3641 mus
577 3603 590 3638 :
621 3600 683 3639 ac
712 3597 934 3639 necesse
969 3589 1052 3636 cst
1091 3587 1147 3632 ut
1187 3577 1286 3632 sim
1332 3573 1591 3628 molestus
1629 3566 1960 3623 auditoribus
1988 3607 2002 3632 ,

428 3692 534 3732 non
568 3677 755 3731 lubens
779 3715 793 3740 ,
826 3673 920 3728 sed
950 3679 1189 3727 coactus.
1223 3667 1334 3722 lmo
1366 3665 1408 3720 si
1440 3663 1598 3719 vultis
1622 3703 1636 3728 ,
1670 3676 1776 3715 non
1807 3658 2008 3712 erimus

429 3769 641 3825 onerosi
676 3788 689 3824 :
721 3766 853 3821 Nam
898 3765 942 3820 si
981 3764 1177 3817 bonum
1205 3800 1218 3826 ,
1269 3757 1478 3828 inquit,
1523 3755 1684 3809 facias
1709 3794 1722 3818 ,
1773 3767 1842 3806 ne
1883 3750 2009 3805 time

431 3859 623 3932 (Rom.
654 3859 741 3913 15.
781 3855 881 3927 5).
932 3855 1116 3924 Itaque
1165 3852 1292 3906 licet
1339 3847 1496 3904 vobis
1539 3861 1644 3901 non
1687 3843 1859 3898 solum
1902 3857 2007 3897 non

430 3968 572 4022 aegre
596 3994 611 4018 ,
657 3949 750 4006 sed
795 3949 956 4003 etiam
1003 3959 1126 4000 cum
1169 3942 1442 4012 voluptate
1475 3953 1575 3994 nos
1615 3936 1821 3992 audire.
1855 3932 2008 4000 Quod

432 4043 590 4112 igitur
618 4041 777 4096 linem
808 4054 912 4094 non
944 4035 1139 4091 habeat
1164 4076 1178 4099 ,
1201 4031 1447 4088 Christus
1474 4031 1587 4099 ipse
1609 4024 1969 4098 pronuntiavit
1993 4043 2009 4080 :

432 4133 626 4189 Paulus
657 4141 832 4187 autem
862 4130 1028 4193 dicit,
1061 4124 1354 4182 ostendens
1384 4121 1683 4177 immortale
1719 4133 1839 4174 esse
1881 4132 2010 4188 sup-

430 4223 648 4294 plicium
674 4261 689 4288 ,
735 4229 1044 4290 peccatores
1070 4216 1292 4272 daturos
1321 4227 1440 4269 esse
1469 4224 1655 4281 poenas
1681 4208 1932 4264 cxitiosas
1960 4215 2014 4262 et

433 4324 663 4369 mtcrnas
693 4313 712 4383 (
738 4311 794 4365 2.
831 4311 1006 4365 Thess.
1041 4309 1093 4362 Ι.
1125 4307 1158 4366 9
1182 4306 1226 4379 );
1255 4313 1306 4361 et
1331 4318 1543 4359 rursum
1568 4342 1584 4370 ,
1611 4299 1785 4355 Nolite
1805 4315 2012 4354 errare:

433 4424 592 4472 neque
618 4406 979 4478 fornicatores,
1012 4418 1170 4472 neque
1217 4397 1470 4463 adulteri,
1521 4413 1676 4467 neque
1716 4396 1891 4450 molles
1928 4411 2012 4450 re-

435 4514 589 4566 gnum
638 4493 736 4547 Dei
781 4492 1103 4563 possidebunt
1147 4489 1245 4559 (1.
1274 4488 1392 4543 Cor.
1425 4487 1478 4542 6.
1505 4487 1559 4540 9.
1593 4487 1660 4541 10
1686 4487 1725 4554 ).
1777 4485 2015 4540 Hebrmis

437 4598 649 4654 quoque
676 4583 886 4636 dicebat
914 4600 927 4634 :
976 4579 1164 4633 Pacem
1194 4577 1546 4648 persequimini
1577 4591 1690 4628 cum
1718 4575 1946 4628 omnibus
1971 4583 2016 4628 et

437 4671 926 4743 sanctiﬁcationem,
983 4669 1091 4721 sine
1131 4683 1230 4738 qua
1292 4682 1439 4719 nemo
1499 4664 1680 4720 videbit
1743 4663 2016 4717 Dominum

439 4767 457 4839 (
483 4765 645 4821 Hebr.
679 4763 766 4820 12.
796 4763 861 4818 14
885 4765 926 4832 ).
961 4761 1026 4815 Et
1052 4758 1296 4814 Christus
1327 4756 1390 4811 iis
1410 4757 1497 4826 qui
1519 4755 1766 4811 dicebant
1790 4798 1806 4823 ,
1839 4755 1906 4809 In
1929 4773 2019 4810 uo-

439 4862 573 4913 mine
604 4867 689 4911 tuo
715 4857 920 4910 uirtutes
942 4852 1127 4906 multas
1148 4849 1356 4920 fecimus
1381 4889 1396 4915 ,
1423 4847 1500 4902 ait
1527 4864 1540 4900 :
1568 4845 1823 4901 Discedite
1848 4864 1877 4900 a
1900 4864 1978 4901 me
1999 4888 2015 4915 ,

437 4952 523 5020 qui
567 4947 846 5018 operamini
888 4945 1199 5017 iniquitatem
1221 4958 1240 5006 ;
1278 4957 1381 4996 non
1425 4939 1542 4995 novi
1588 4955 1675 4994 vos
1700 4939 1718 5011 (
1743 4940 1930 4993 Matth.
1963 4942 2016 4995 7.

437 5039 526 5093 22.
555 5037 624 5091 25
650 5037 690 5109 ).
722 5038 790 5090 Et
814 5036 1046 5106 virgines
1089 5035 1318 5089 exclusa:
1355 5040 1519 5099 sunt,
1571 5046 1743 5102 neque
1787 5033 2018 5087 intrave-

441 5138 609 5186 runt:
650 5136 702 5183 et
741 5127 806 5181 de
851 5125 958 5190 iis,
1006 5125 1097 5194 qui
1145 5126 1317 5194 ipsum
1359 5141 1464 5180 non
1510 5125 1849 5190 nutrierunt,
1900 5124 2017 5179 ait:

441 5221 596 5278 Ibunt
622 5222 674 5274 in
702 5217 1008 5290 supplicium
1033 5216 1313 5283 teternum(
1342 5216 1525 5270 Matth.
1553 5217 1643 5272 25.
1675 5217 1745 5273 40
1765 5214 1806 5287 ).

515 5336 849 5394 Peccatorum
894 5327 1201 5400 supplicium
1246 5326 1398 5395 ﬁnem
1446 5343 1548 5380 non
1587 5328 1756 5383 habet.
1801 5358 1872 5370 —
1913 5327 2023 5383 Nec

445 5429 576 5483 mihi
603 5428 750 5482 dicas
777 5445 791 5480 :
818 5422 1047 5480 Ubinam
1075 5419 1212 5489 aequi
1242 5417 1378 5472 ratio
1405 5428 1647 5472 servatur
1669 5459 1685 5484 ,
1737 5420 1782 5475 si
1818 5421 2022 5491 suppli-

447 5519 588 5572 cium
620 5532 726 5571 non
753 5515 912 5569 habet
947 5510 1152 5567 linem?
1191 5507 1414 5578 Quando
1456 5508 1598 5563 enim
1650 5509 1789 5565 Deus
1823 5509 2024 5580 aliquid

449 5607 577 5662 facit
599 5647 614 5674 ,
645 5608 762 5676 ejus
786 5603 1066 5662 sententiae
1095 5602 1394 5671 obsequere
1419 5640 1435 5666 ,
1458 5607 1512 5654 et
1550 5614 1618 5655 ne
1664 5615 1727 5654 ea
1751 5641 1769 5666 ,
1797 5616 1915 5670 quae
1944 5599 2028 5656 di-

449 5707 641 5752 cuntur
663 5737 680 5763 ,
714 5696 958 5750 humanis
987 5692 1281 5749 ratiociniis
1311 5691 1535 5761 subjice.
1563 5691 1812 5759 Alioquin
1843 5703 2022 5746 autem

453 5786 721 5860 quomodo
747 5799 854 5842 non
875 5785 1075 5856 justum
1101 5784 1259 5840 fuerit
1285 5825 1300 5854 ,
1332 5799 1451 5842 cum
1474 5783 1566 5855 qui
1593 5781 1660 5839 ab
1685 5781 1838 5839 initio
1866 5783 2020 5840 ianu-

2106 1865 2256 1907 mera
2299 1855 2504 1924 accepit
2548 1855 2844 1922 beneﬁcia,
2885 1855 3183 1926 deindcque
3215 1857 3477 1927 supplicio
3524 1859 3681 1930 digna

2098 1947 2363 2013 patravit,
2415 1962 2478 2002 ac
2521 1962 2693 2018 neque
2736 1948 2896 2002 minis
2949 1963 3120 2018 neque
3174 1948 3445 2004 beneﬁciis
3493 1952 3684 2007 melior

2097 2034 2316 2090 ell'cctus
2342 2046 2424 2092 est
2445 2078 2458 2104 ,
2480 2038 2739 2107 supplicio
2766 2038 2960 2107 plecti?
2984 2037 3113 2091 Nam
3136 2038 3180 2092 si
3205 2038 3258 2092 id
3280 2081 3294 2103 ,
3318 2039 3456 2108 quod
3477 2041 3677 2109 justum

2099 2133 2180 2180 est
2205 2165 2220 2192 ,
2251 2127 2449 2196 quaeris
2472 2167 2488 2193 ,
2521 2127 2587 2182 ab
2612 2128 2765 2182 initio
2796 2143 2895 2183 nos
2925 2128 3147 2197 periisse
3176 2131 3415 2198 oportuit
3439 2172 3452 2196 ,
3474 2117 3682 2185 lsecuu-

2101 2217 2228 2273 dum
2256 2221 2390 2289 :cqui
2422 2229 2474 2274 et
2499 2220 2627 2289 justi
2657 2222 2918 2298 rationem
2943 2239 2957 2283 ;
2993 2223 3101 2276 imo
3130 2238 3303 2291 neque
3332 2233 3457 2279 tunc
3487 2241 3682 2280 secun-

2099 2309 2225 2372 dum
2255 2311 2392 2382 τεᾳυί
2413 2319 2466 2366 et
2477 2311 2607 2381 justi
2636 2313 2896 2367 rationem
2923 2322 3121 2368 tantum
3156 2332 3169 2370 :
3194 2330 3316 2369 nam
3343 2315 3687 2387 benignitatis

2103 2399 2316 2467 luisset,
2375 2402 2420 2456 si
2463 2401 2565 2457 hoc
2607 2403 2746 2473 passi
2796 2419 3058 2460 essemus.
3109 2405 3334 2470 Quando
3375 2409 3518 2460 enim
3566 2410 3686 2477 quis

2101 2507 2220 2547 eum
2246 2534 2260 2560 ,
2285 2493 2371 2562 qui
2396 2507 2453 2548 se
2472 2493 2605 2547 nihil
2628 2495 2765 2549 ltesit
2783 2535 2799 2561 ,
2820 2497 3140 2551 contumelia
3161 2496 3325 2552 allicit
3349 2539 3364 2564 ,
3391 2499 3686 2553 secundum

2101 2583 2226 2653 justi
2255 2585 2516 2638 rationem
2542 2585 2634 2641 dat
2662 2601 2846 2656 punias
2871 2604 2884 2652 ;
2911 2588 3121 2658 quando
3142 2599 3320 2644 autem
3339 2590 3642 2646 beneﬁcum
3671 2635 3687 2658 ,

2104 2677 2190 2747 qni
2220 2676 2351 2730 nihil
2381 2687 2536 2732 antea
2566 2680 2776 2748 accepit
2818 2680 3102 2745 beneﬁcii,
3143 2682 3243 2735 sed
3275 2683 3387 2751 ipse
3431 2683 3689 2739 beneﬁt-ia

2106 2769 2251 2824 mille
2277 2769 2455 2827 intulit
2481 2809 2494 2834 ,
2525 2771 2613 2839 qui
2645 2771 2756 2824 sola
2801 2786 2961 2826 causa
2991 2781 3072 2826 est
3108 2772 3251 2842 quod
3301 2773 3386 2828 ille
3425 2775 3688 2841 exsistat,

2107 2860 2192 2930 qui
2224 2860 2362 2914 Deus
2387 2869 2469 2915 est
2494 2871 2548 2916 et
2574 2863 2804 2917 animam
2837 2863 3112 2933 inspiravit
3140 2865 3520 2934 inuumeraque
3550 2867 3689 2922 bona

2108 2951 2325 3018 intulit,
2372 2962 2534 3024 atque
2577 2955 2626 3007 in
2666 2955 2855 3009 caelum
2900 2955 3152 3010 inducere
3199 2956 3410 3012 voluit:
3457 2956 3500 3012 si
3549 2957 3694 3014 lumc

2108 3053 2230 3114 post
2268 3054 2346 3100 tot
2391 3045 2652 3102 beneﬁcia
2678 3089 2692 3114 ,
2733 3064 2836 3102 non
2888 3049 3047 3104 modo
3095 3051 3418 3105 contumelia
3459 3050 3690 3119 alliciat,

2109 3137 2202 3192 sed
2231 3146 2290 3192 et
2311 3139 2662 3194 contumelias
2691 3139 2930 3208 quotidie
2959 3156 3055 3210 per
3080 3155 3243 3210 opera
3275 3153 3519 3211 repetat,
3553 3160 3684 3214 qua-

2110 3245 2231 3284 nam
2263 3229 2454 3300 dignus
2478 3229 2639 3286 fuerit
2665 3232 2863 3285 venia?
2900 3231 3014 3286 Non
3055 3232 3207 3287 vides
3249 3235 3516 3302 quomodo
3558 3234 3693 3289 Ada-

2111 3338 2262 3376 mum.
2306 3323 2538 3392 punierit
2589 3331 2806 3392 propter
2857 3339 3020 3377 unum
3094 3328 3422 3396 peccatum?
3475 3327 3688 3392 Etiam,

2110 3413 2355 3483 inquies,
2395 3414 2695 3483 paradisum
2744 3415 2840 3484 ipsi
2887 3414 3033 3470 dedit
3083 3424 3137 3470 et
3174 3416 3353 3472 effecit
3400 3427 3459 3471 ut
3507 3433 3692 3486 magna

2110 3501 2379 3557 frueretur
2405 3503 2802 3558 benevolentia.
2848 3505 3005 3573 Atqui
3043 3519 3148 3558 non
3183 3520 3278 3575 par
3304 3520 3392 3561 res
3421 3515 3501 3560 est
3527 3548 3541 3571 ,
3572 3522 3694 3561 eum

2111 3594 2200 3664 qui
2231 3594 2284 3650 in
2314 3595 2600 3652 securitate
2624 3594 2753 3648 vivit
2781 3609 3002 3664 peccare
3026 3637 3040 3659 ,
3085 3606 3138 3650 et
3167 3611 3288 3650 eum
3319 3596 3409 3666 qui
3440 3597 3490 3651 in
3518 3599 3698 3653 multis

2112 3687 2365 3742 :rrumnis
2392 3688 2558 3750 vivit,
2592 3687 2641 3741 id
2670 3686 2869 3742 facere.
2903 3688 2972 3741 Et
3012 3687 3115 3742 hoc
3159 3689 3334 3757 ipsum
3380 3705 3541 3759 grave
3574 3699 3655 3745 est
3677 3733 3693 3756 ,

2113 3779 2252 3847 quod
2285 3795 2388 3832 non
2437 3780 2488 3832 in
2539 3779 2786 3847 paradiso
2829 3793 3058 3848 pecces,
3105 3780 3197 3835 sed
3247 3781 3298 3835 in
3347 3783 3498 3836 malis
3539 3782 3697 3852 hujus

2114 3871 2236 3926 vitae
2260 3868 2554 3924 innumeris
2578 3912 2592 3937 ,
2627 3885 2801 3940 neque
2837 3885 2903 3925 ex
2948 3871 3161 3925 miseria
3206 3874 3409 3927 cautior
3452 3873 3646 3928 etadas
3677 3891 3692 3929 :

2112 3976 2175 4025 ac
2199 3961 2244 4017 si
2274 3962 2394 4032 quis
2419 3962 2630 4017 vinctus
2658 3962 2894 4033 nequitia
2922 3971 3182 4019 uteretur.
3231 3964 3348 4019 Tibi
3381 3979 3507 4020 vero
3530 3966 3695 4021 etiam

2117 4052 2363 4124 paradiso
2387 4053 2589 4124 majora
2620 4054 2906 4124 promisit,
2953 4068 3125 4124 neque
3155 4055 3248 4109 tibi
3276 4056 3385 4124 jam
3413 4055 3596 4121 dedit,
3630 4074 3700 4114 ne

2116 4145 2248 4200 tein
2275 4153 2514 4215 tempore
2538 4145 2887 4200 certaminum
2923 4145 3222 4201 molliorem
3261 4147 3510 4204 redderet
3541 4166 3556 4203 :
3603 4164 3699 4204 ne-

2117 4251 2220 4307 que
2251 4240 2448 4303 tacuit,
2478 4252 2546 4292 ne
2573 4236 2808 4291 tenimis
2834 4236 3088 4305 dejiceret
3114 4238 3166 4291 in
3195 4239 3484 4292 laboribus.
3516 4239 3582 4292 Et
3611 4241 3703 4296 ille

2116 4327 2334 4398 quidem
2361 4344 2468 4382 uno
2497 4337 2718 4398 peccato
2746 4337 2908 4382 totam
2953 4327 3018 4382 ad
3069 4342 3129 4383 se
3169 4337 3395 4382 mortem
3441 4331 3695 4394 attraxit;

2118 4435 2218 4476 nos
2246 4429 2423 4475 autem
2447 4419 2684 4489 quotidie
2705 4420 2983 4474 innumera
3013 4429 3227 4489 peccata
3255 4419 3609 4474 admittimus.
3642 4420 3698 4475 Si

2117 4521 2295 4568 autem
2325 4511 2413 4566 ille
2437 4525 2558 4566 eum
2582 4526 2746 4565 unum
2770 4511 3074 4567 admisisset
3101 4551 3116 4576 ,
3144 4518 3342 4564 tantum
3366 4510 3465 4565 sibi
3494 4511 3695 4564 malum

2118 4599 2374 4666 attraxit,
2405 4608 2458 4654 et
2489 4608 2717 4654 mortem
2747 4600 2986 4667 invexit;
3017 4601 3104 4672 qui
3144 4615 3353 4670 semper
3383 4600 3434 4654 in
3464 4602 3702 4670 peccatis

2118 4689 2346 4745 vivimus
2367 4729 2381 4756 ,
2405 4689 2530 4760 quid
2555 4705 2658 4745 non
2684 4690 2944 4760 patiemur
2964 4732 2979 4758 ,
3009 4691 3098 4761 qui
3127 4705 3222 4760 pro
3245 4689 3488 4758 paradiso
3506 4689 3698 4745 emittm

2121 4781 2441 4851 speramus?
2469 4780 2689 4834 Molesta
2717 4791 2840 4836 sunt
2867 4780 2984 4836 haec
3010 4821 3024 4847 ,
3075 4790 3130 4836 ct
3167 4781 3416 4836 mmstitia
3463 4779 3705 4835 alliciunt

2121 4871 2417 4928 auditorem
2465 4889 2477 4924 :
2521 4871 2621 4926 hoc
2650 4871 2787 4927 bene
2819 4873 2938 4927 novi
2970 4887 3034 4927 ex
3065 4871 3131 4926 iis
3156 4913 3170 4937 ,
3203 4887 3321 4942 qua:
3355 4872 3468 4942 ipse
3494 4872 3702 4941 patior;

2122 4978 2216 5019 cor
2242 4962 2385 5017 enim
2413 4977 2588 5020 meum
2623 4962 2865 5018 turbatur
2904 4970 2960 5018 et
2991 4963 3212 5033 palpitat
3240 4980 3255 5019 :
3300 4971 3356 5019 et
3388 4979 3495 5034 quo
3534 4965 3710 5033 magis

2123 5054 2279 5110 video
2306 5053 2517 5124 probari
2541 5053 2592 5108 id
2613 5094 2628 5118 ,
2650 5053 2790 5124 quod
2815 5053 2882 5107 de
2903 5053 3147 5124 gehenna
3175 5054 3374 5110 dicitur
3398 5096 3414 5122 ,
3446 5071 3509 5110 eo
3543 5056 3710 5125 magis

2127 5155 2296 5202 tremo
2324 5155 2378 5200 et
2406 5161 2471 5201 ex
2500 5155 2644 5201 metu
2683 5143 2910 5214 refugio.
2945 5143 3052 5200 Sed
3081 5159 3305 5200 necesse
3342 5154 3424 5200 est
3468 5146 3582 5199 luce
3627 5145 3710 5199 di-

2125 5251 2249 5292 cere
2273 5276 2288 5301 ,
2317 5251 2384 5290 ne
2409 5237 2460 5289 in
2488 5235 2785 5304 gehennam
2817 5234 3134 5290 incidamus.
3187 5234 3309 5290 Non
3356 5235 3610 5304 accepisti
3656 5243 3713 5289 tu

2125 5328 2431 5400 paradisum
2460 5342 2633 5397 neque
2661 5327 2800 5397 ligna
2831 5341 3006 5397 neque
3033 5327 3247 5396 plantas
3272 5368 3289 5394 ,
3319 5326 3413 5382 sed
3443 5327 3628 5380 cadum
3660 5335 3714 5380 et

2127 5420 2365 5476 caelestia
2401 5417 2560 5475 bona.
2605 5416 2757 5485 Quod
2800 5418 2846 5472 si
2892 5418 2937 5473 is
2977 5418 3068 5489 qui
3097 5418 3306 5472 minora
3337 5417 3580 5487 accepit,
3621 5415 3716 5470 da-

2131 5521 2343 5568 mnatus
2369 5519 2452 5566 est
2470 5552 2485 5577 ,
2513 5524 2686 5579 neque
2710 5509 2814 5564 ulla
2833 5525 2953 5565 eum
2980 5510 3120 5566 eruit
3143 5510 3280 5564 ratio
3310 5528 3323 5565 :
3351 5509 3522 5566 multo
3551 5507 3718 5576 magis

2128 5619 2227 5659 nos
2248 5644 2263 5668 ,
2285 5603 2371 5671 qui
2396 5601 2547 5670 plura
2574 5602 2906 5670 peccavimus
2926 5602 3066 5676 et.ad
3091 5601 3294 5672 majora
3317 5602 3493 5656 vocati
3510 5615 3718 5665 stamus.

2128 5692 2483 5750 intolerabilia
2508 5692 2792 5760 patiemur.
2825 5693 3011 5763 Cogita
3049 5707 3180 5762 ergo
3228 5700 3433 5762 quanto
3475 5700 3722 5760 tempore

2132 5786 2184 5842 in
2212 5791 2383 5849 morte
2409 5793 2588 5841 manet
2632 5794 2850 5856 propter
2882 5801 3047 5843 unum
3095 5793 3374 5856 peccatum
3410 5797 3579 5856 genus
3624 5797 3723 5839 no-
