4100 6214
466 339 538 397 77
1166 333 1231 389 S.
1268 325 1554 387 JOANNIS
1589 320 2084 382 CIIRYSOSTOMI
2125 320 2441 379 ARCHIEP.
2483 317 3029 378 CONSTANTINOP.
3635 317 3707 375 78

466 455 755 527 γενόμενος
800 449 1017 522 χείρων,
1050 449 1078 501 6
1104 445 1355 498 τοσούτου
1399 439 1757 505 καταξιωθεὶς
1786 437 2033 508 Πνεύμαο

465 565 576 611 τος,
602 546 697 599 καὶ
725 542 785 596 ού
834 542 962 613 μίαν
990 538 1111 592 οὐδὲ
1149 536 1245 591 δύο
1296 537 1391 589 καί⁵
1436 534 1608 604 τρεῖς,
1643 532 1779 585 ἀλλὰ
1837 531 2037 600 μυρίας

467 636 827 705 ἐφελκόμενος
851 628 1141 702 ἁμαρτίας.
1169 627 1259 696 Μὴ
1284 626 1413 697 γὰρ,
1441 626 1521 678 ὅτι
1558 627 1616 677 ἐν
1644 626 1781 696 ῥοπῇ
1812 622 2042 695 βραχείᾳ

470 724 584 799 [75]
616 725 685 778 τὰ
712 722 1084 793 ἁμαρτήματα
1114 716 1348 786 γίνεται,
1376 714 1532 769 τοῦτο
1562 716 1789 778 σκόπει,
1830 713 1924 766 καὶ
1954 712 2042 765 διὰ

465 812 625 867 τοῦτο
661 810 755 864 καὶ
796 808 896 879 τὴν
930 806 1151 860 κόλασιν
1183 805 1357 877 ῥοπῆς
1377 801 1515 857 εἶναι
1541 801 1746 873 νόμιζε.
1771 802 1883 869 Ούχ
1910 799 2042 870 ὁρᾷς

466 906 591 966 τοὺς
616 898 955 972 ἀνθρώπους,
985 899 1035 953 οἳ
1077 898 1335 961 πολλάκις
1384 897 1522 967 ύπέρ
1558 896 1685 965 μιᾶς
1716 893 1923 963 κλοπῆς
1950 890 2058 959 καῖέ

471 995 598 1065 μιᾶς
630 991 874 1062 μοιχείας
901 993 957 1045 ἐν
992 993 1163 1062 μικρᾷ
1194 992 1331 1061 ῥοπῇ
1369 1000 1393 1029 ο
1427 987 1717 1057 γινομένης
1750 987 1807 1037 ἐν
1827 984 2042 1054 δεσμω-

468 1076 677 1149 τηρίοις
702 1074 798 1129 καὶ
823 1074 1108 1146 μετάλλοις
1134 1072 1429 1142 ὁλόκληρον
1460 1070 1640 1124 αὐτῶν
1663 1067 1755 1121 τὸν
1786 1065 1898 1137 βίον
1951 1066 2043 1119 ἀν-

466 1168 706 1234 άλωσαν,
731 1164 875 1237 λιμῷ
910 1165 1147 1237 διηνεκεῖ
1170 1164 1264 1217 καὶ
1288 1162 1501 1234 μυρίοις
1526 1160 1845 1222 παλαίοντες
1877 1156 2041 1211 θανά-

467 1275 619 1325 τοις;
670 1258 764 1313 καὶ
811 1256 986 1319 οὐδεὶς
1028 1254 1229 1317 αὐτοὺς
1266 1252 1501 1318 ἐξείλετο
1554 1249 1675 1305 ούδέ
1713 1244 1867 1302 εἶπεν
1892 1289 1906 1311 ,
1958 1248 2043 1300 ὅτι

469 1350 660 1421 ιπειδὴ
697 1351 725 1391 δ
764 1350 824 1404 ἐν
859 1347 1088 1420 βραχείᾳ
1129 1343 1319 1417 καιροῦ
1354 1346 1494 1416 ῥοπῇ
1531 1344 1591 1398 τὸ
1619 1342 1926 1423 ἁμάρτημα
1954 1339 2047 1408 γέ-

472 1457 621 1511 γονε,
643 1440 724 1493 δεῖ
749 1440 844 1493 καὶ
861 1439 961 1510 τὴν
986 1437 1208 1492 κόλασιν
1238 1435 1566 1507 ἀντίρροπον
1593 1436 1659 1504 τῇ
1681 1432 1927 1503 ἁμαρτίᾳ
1950 1430 2046 1484 καὶ

472 1530 565 1585 τὸν
584 1530 773 1599 χρόνον
804 1527 967 1597 ἔχειν.

549 1621 614 1692 β’,
632 1619 774 1674 Ἀλλ’
789 1618 885 1673 ἀνθ
894 1634 1087 1691 ρωποι,
1100 1616 1284 1688 φησὶν,
1299 1616 1457 1681 εἰσὶν,
1470 1616 1518 1669 οί
1549 1615 1723 1669 ταῦτα
1741 1613 2039 1681 ποιοῦντες,

475 1716 504 1766 6
539 1712 599 1767 δὲ
623 1712 755 1775 Θεὸς
789 1708 1170 1782 φιλάνθρωπός
1202 1711 1341 1762 ἐστι.
1388 1706 1612 1780 Πρῶτον
1664 1708 1762 1779 μὲν
1796 1704 1890 1762 οῦν
1926 1707 2046 1761 οὐδὲ

475 1798 752 1871 ἄνθρωποι
785 1797 1031 1871 ὠμότητι
1066 1795 1241 1851 ταῦτα
1278 1796 1632 1867 πράττουσιν,
1678 1797 1814 1851 ἀλλὰ
1861 1797 2055 1867 φιλανθ

477 1891 726 1963 θρωπίᾳ·
770 1889 866 1944 καὶ
905 1890 933 1941 6
963 1887 1096 1950 Θεὸς
1130 1887 1208 1954 δὲ,
1238 1884 1427 1957 ὥσπερ
1472 1888 1590 1939 ἐστὶ
1619 1886 2001 1958 φιλάνθρωπος
2029 1926 2046 1952 ,

475 1980 618 2035 οὓτω
649 1981 744 2035 καὶ
775 1977 1128 2048 ἐπεξέρχεται
1147 1992 1163 2007 ·
1197 1976 1337 2031 κατὰ
1360 1976 1469 2047 γάρ
1497 1976 1559 2029 τὸ
1589 1976 1737 2039 έλεος
1758 1975 1922 2030 αὐτοῦ
1950 1994 2047 2030 που

475 2073 572 2135 λὺς
594 2072 687 2124 καὶ
715 2071 745 2123 6
769 2069 988 2140 ἐλεγχος
1014 2066 1203 2121 αὐτοῦ.
1241 2068 1412 2122 Ὅταν
1438 2064 1531 2123 οὖν
1559 2068 1719 2139 εἴπῃς
1746 2066 2051 2138 φιλάνθρω-

477 2180 578 2217 πον
596 2162 691 2215 τὸν
712 2160 871 2226 Θεὸν,
890 2161 1013 2214 τότε
1047 2159 1270 2231 μείζονά
1303 2176 1394 2232 μοι
1426 2160 1602 2229 λέγεις
1642 2162 1740 2231 τῆς
1778 2159 2052 2225 κολάσεως

475 2256 574 2325 τὴν
602 2253 873 2326 ἀφορμὴν,
907 2253 989 2306 ὅτι
1015 2254 1095 2316 εἰς
1124 2251 1360 2305 τοιοῦτον
1388 2252 1796 2324 ἁμαρτάνομεν.
1835 2252 1926 2306 Διὸ
1959 2253 2051 2306 καὶ

476 2346 505 2399 6
537 2344 749 2407 Παῦλος
780 2344 954 2412 ἔλεγε·
985 2340 1245 2410 Φοϐερὸν
1279 2343 1346 2395 τὸ
1382 2341 1672 2411 ἐμπεσεῖν
1727 2344 1812 2407 είς
1850 2342 2052 2411 χεῖρας

481 2437 629 2492 Θεοῦ
685 2433 917 2501 ζῶντος.
971 2433 1318 2504 Ἀνάσχεσθε,
1369 2432 1699 2503 παρακαλῶ,
1740 2433 1839 2503 τῆς
1871 2433 2054 2503 πυρᾶς

477 2530 587 2585 τῶν
621 2527 911 2601 ῥημάτιον·
940 2525 1071 2590 ἴσως
1103 2524 1234 2594 γὰρ,
1260 2525 1391 2588 ῐσως
1424 2524 1575 2578 ἔσται
1602 2541 1686 2588 τις
1710 2525 1837 2594 ύμῖν
1866 2523 2052 2577 ἐντεῦ-

481 2618 574 2674 θεν
607 2616 950 2689 παραμυθία.
982 2615 1078 2680 Τίς
1101 2615 1404 2685 ἀνθρώπων
1442 2615 1667 2670 δύναται
1706 2614 1931 2670 κολάσαι
1958 2614 2053 2668 οῦ-

479 2727 608 2774 τως,
632 2709 707 2773 ὡς
733 2708 989 2761 ἐκόλασεν
1024 2706 1220 2773 όΘεὸς,
1261 2706 1645 2777 κατακλυσμὸν
1685 2707 1922 2778 ποιήσας
1958 2708 2055 2761 κτιιί⁵

482 2798 857 2869 πανωλεθρίαν
874 2796 1133 2852 τοσούτου
1155 2797 1367 2867 γένους,
1392 2799 1487 2852 καὶ
1516 2798 1655 2869 μετά
1677 2797 1872 2869 μικρὸν
1894 2798 2054 2852 πάλιν

483 2889 596 2963 πῦρ
626 2890 831 2945 ἀνωθεν
866 2888 1087 2960 βρέξας,
1125 2889 1222 2943 καὶ
1265 2888 1475 2953 πάντας
1527 2888 1697 2959 ἄρδην
1749 2887 2052 2958 ἀφανίσας;

482 2982 616 3035 ποία
640 2980 941 3051 ἀνθρώπων
977 2979 1217 3051 τιμωρία
1246 2979 1471 3034 δύναται
1504 2976 1642 3034 εἶναι
1666 2980 1888 3052 τοιαύτη
1908 2999 1923 3048 ;
1944 2984 2056 3054 Ούχ

481 3075 614 3146 ὁρᾷς
643 3071 912 3127 ἀθάνατον
937 3071 1123 3142 σχεδὸν
1149 3072 1243 3125 καὶ
1283 3071 1381 3143 τὴν
1414 3071 1663 3126 ἐντεῦθεν
1700 3073 1924 3126 κόλασιν
1964 3066 2057 3126 οὗ·

485 3182 619 3230 σαν;
655 3161 1075 3234 Τετρακισχίλια
1105 3161 1199 3233 ἐτη
1224 3161 1492 3235 παρῆλθε,
1517 3163 1614 3216 καὶ
1636 3165 1669 3234 ἡ
1694 3163 1934 3234 τιμωρία
1964 3162 2057 3233 μέ-

484 3271 566 3307 νει
594 3250 700 3307 τῶν
733 3248 1038 3320 Σοδομιτῶν
1070 3249 1413 3321 ἀκμάζουσα.
1440 3251 1651 3321 ’Ὠσπερ
1673 3253 1782 3321 γὰρ
1808 3253 1841 3321 ἡ
1872 3252 2059 3321 φιλαν-

485 3341 701 3413 θρωπία
725 3340 888 3394 αὑτοῦ
919 3340 1154 3411 μεγάλη,
1179 3339 1321 3395 οὕτω
1351 3341 1448 3394 καί¹
1475 3342 1509 3411 ή
1538 3341 1777 3406 κόλασις.
1817 3344 1927 3397 Καὶ
1949 3343 2057 3414 γὰρ

486 3435 537 3489 εἰ
562 3434 658 3505 μὲν
695 3432 927 3503 φορτικά
958 3450 1079 3486 τινα
1109 3431 1338 3497 ἐπέταξε
1381 3432 1477 3485 καὶ
1519 3432 1778 3498 ἀδύνατα,
1816 3432 1948 3498 ἴσως
1991 3433 2057 3488 ἄν

485 3542 567 3589 τις
600 3520 710 3594 εἶχε
744 3524 844 3596 τὴν
877 3523 1166 3577 δυσκολίαν
1209 3522 1579 3595 προϐαλέσθαι
1615 3524 1725 3579 τῶν
1762 3526 1943 3597 νόμων
1964 3544 1979 3559 ·
2009 3528 2059 3580 εἰ

486 3616 543 3671 δὲ
578 3616 781 3688 σφόδρα
823 3618 1018 3687 ῥᾷστα,
1053 3616 1107 3669 τί
1128 3614 1194 3669 ἂν
1226 3615 1446 3687 ἔχοιμεν
1471 3618 1643 3670 εἰπεῖν
1681 3616 1818 3689 μηδέ
1855 3617 2060 3672 τούτων

488 3705 804 3777 ποιούμενοι
819 3706 1012 3773 λόγον;
1040 3705 1353 3775 Νηστεῦσαι
1382 3707 1442 3759 ού
1472 3705 1721 3772 δύνασαι,
1769 3708 1891 3762 οὐδὲ
1921 3726 2061 3779 παρ-

490 3797 670 3851 θενίαν
691 3796 963 3866 ἀσκῆσαι;
986 3796 1179 3851 Καίτοι
1204 3813 1269 3865 γε
1296 3796 1545 3861 δύνασαι,
1591 3796 1692 3851 ἐὰν
1723 3798 1916 3870 θέλῃς,
1967 3799 2062 3852 καὶ

489 3886 890 3958 κατηγοροῦσιν
933 3886 1092 3958 ἡμῶν
1124 3887 1175 3940 οί
1218 3886 1574 3958 δυνηθέντες*
1630 3888 1746 3942 ἀλλ’
1772 3888 1923 3959 ὅμως
1963 3888 2063 3942 οὐκ

489 3978 762 4049 ἐχρήσατο
786 3977 959 4050 ταύτῃ
982 3978 1119 4050 πρὸς
1144 3979 1292 4049 ἡμᾶς
1316 3980 1345 4032 6
1375 3977 1508 4042 Θεὸς
1539 3980 1607 4050 τῇ
1644 3979 1924 4051 ἀκριϐείᾳ,
1942 3979 2063 4034 ούδέ

489 4069 719 4134 ἐπέταξε
743 4068 915 4122 ταῦτα
945 4069 1066 4122 ούδέ
1092 4070 1503 4141 ἐνομοθέτησεν,
1537 4070 1653 4124 ἀλλ’
1682 4070 1895 4140 ἀφῆκεν
1926 4066 2063 4125 εἶναι

488 4162 588 4235 τὴν
616 4162 826 4232 αἵρεσιν
856 4163 912 4215 ἐν
938 4164 1004 4232 τῇ
1039 4160 1234 4234 γνώμῃ
1262 4161 1371 4215 τῶν
1403 4161 1737 4215 ἀκουόντων·
1769 4148 2066 4235 σωφρονεῖν

490 4255 547 4309 δέ
579 4254 638 4308 ἐν
665 4254 828 4325 γάμῳ
854 4252 1102 4318 δύνασαι,
1146 4254 1240 4306 καὶ
1279 4251 1354 4323 μὴ
1392 4250 1613 4323 μεθύειν
1636 4250 1883 4306 δύνασαι.
1912 4253 2067 4325 Χρή-

498 4364 646 4419 ματα
673 4347 906 4401 κενῶσαι
933 4346 994 4399 οὺ
1025 4345 1252 4399 δύνασαι
1270 4345 1479 4411 πάντας
1510 4344 1700 4399 Καίτοι
1723 4362 1788 4415 γε
1817 4345 2064 4409 δύνασαι,

495 4438 591 4491 καὶ
624 4437 875 4508 δηλοῦσιν
906 4438 956 4490 οἱ
989 4436 1390 4507 ἐργασάμενοι·
1418 4437 1530 4489 ἀλλ’
1567 4438 1717 4508 ὅμως
1760 4437 1883 4491 οὐδὲ
1908 4437 2067 4491 τοῦτο

496 4525 775 4590 ἐπέταξεν,
799 4524 935 4577 ἀλλά
966 4526 1041 4595 μὴ
1070 4523 1338 4595 ἁρπάζειν
1362 4524 1635 4589 ἐκέλευσε,
1661 4524 1755 4578 καὶ
1774 4524 1838 4577 ἐκ
1854 4524 1963 4577 τῶν
1989 4524 2068 4578 6v-

495 4632 605 4670 των
624 4616 735 4676 τοῖς
757 4612 1031 4682 δεομένοις
1080 4615 1415 4684 ἐπικουρεῖν.
1450 4614 1514 4666 Εἰ.
1547 4613 1605 4666 δὲ
1648 4613 1797 4681 λέγοι
1832 4630 1915 4677 τις
1936 4654 1952 4680 ,
1984 4614 2068 4667 ὃτι

497 4705 631 4762 Ούδέ
655 4706 723 4777 τῇ
752 4704 970 4775 γυναικί
997 4702 1155 4773 μόνον
1199 4702 1536 4774 ἀρκεσθῆναι
1569 4700 1843 4772 δύναμαι,
1884 4703 2070 4776 ἀπατᾷ

497 4796 687 4852 ἐαυτὸν
711 4796 807 4850 καὶ
838 4793 1295 4866 παραλογίζεται·
1331 4790 1426 4845 καὶ
1447 4787 1851 4861 κατηγοροῦσιν
1886 4791 1936 4842 οἱ
1958 4809 2068 4860 χωο

500 4891 584 4961 ρὶς
611 4887 869 4957 γυναικὸς
905 4884 1333 4959 σωφρονοῦντες.
1364 4883 1429 4937 Τί
1458 4882 1535 4950 δέ,
1564 4880 1686 4935 εἰπέ
1720 4898 1832 4952 μοι,
1862 4881 1937 4954 μὴ
1961 4883 2070 4936 λοι-

498 4977 769 5048 δορεῖσθαι
803 4979 863 5030 ού
914 4976 1181 5045 δύνασαι;
1229 4975 1304 5049 μὴ
1334 4973 1678 5047 καταρᾶσθαι
1708 4975 1769 5027 ού
1805 4972 2067 5041 δύνασαι;

500 5069 613 5125 Καὶ
648 5067 754 5139 μὴν
786 5069 845 5121 τὸ
880 5066 1056 5120 ταῦτα
1084 5072 1256 5122 ποιεῖν
1291 5069 1574 5142 φορτικὸν,
1595 5067 1656 5121 ού
1680 5065 1742 5120 τὸ
1771 5065 1847 5137 μὴ
1873 5069 2067 5122 ποιεῖν.

502 5158 670 5214 Ποίαν
693 5152 786 5211 οὖν
806 5156 1000 5228 ἔχομεν
1024 5156 1346 5224 ἀπολογίαν,
1378 5158 1447 5211 τὰ
1473 5158 1614 5212 οὕτω
1644 5157 1822 5227 κοῦφα
1844 5158 1937 5212 καὶ
1979 5158 2038 5213 εῦ
2054 5186 2072 5199 -

504 5249 635 5306 κολα
681 5246 757 5320 μὴ
801 5246 1201 5317 φυλάττοντες;
1234 5246 1347 5298 Ούκ
1386 5246 1532 5300 ἐστιν
1577 5249 1749 5303 εἰπεῖν
1798 5249 2071 5321 οὐδεμίαν.

508 5343 628 5397 ’Ότι
665 5342 763 5415 μὲν
784 5334 878 5394 οὖν
900 5336 1223 5408 ἀθάνατοςὴ
1260 5335 1499 5402 κόλασις,
1526 5339 1591 5394 ἐκ
1627 5339 1734 5393 τῶν
1770 5342 2074 5413 εἰρημένων

506 5436 763 5491 ἁπάντων
787 5433 977 5505 δῆλον·
1015 5429 1202 5503 ἐπειδὴ
1238 5428 1293 5483 δὲ
1330 5429 1479 5482 δοκεῖ
1508 5446 1620 5483 τισι
1642 5430 1704 5482 τὸ
1739 5432 1834 5485 τοῦ
1859 5434 2075 5487 Παύλου

510 5527 661 5595 ῥῆμα
692 5525 1059 5586 ἀντιπίπτειν,
1084 5523 1216 5593 φέρε
1243 5521 1339 5576 καὶ
1369 5520 1500 5573 αὐτὸ
1525 5523 1929 5595 καταμάθωμεν
1948 5527 2077 5595 ἀγα-

507 5616 693 5683 γόντες
729 5617 808 5678 εἰς
856 5614 1039 5686 μέσον,
1091 5612 1275 5667 Εἰπὼν
1307 5611 1436 5682 γὰρ,
1468 5612 1542 5665 ΕΖ
1576 5630 1740 5679 τινος
1784 5616 1852 5669 τὸ
1898 5615 2079 5687 ἔργον

507 5706 693 5776 μέγα,
725 5703 1222 5772 δέπῳκοδόμησε,
1262 5701 1377 5776 [76]
1397 5702 1619 5771 μισθόν
1653 5704 1913 5773 λήψεται
1936 5724 1950 5738 ·
1978 5709 2075 5762 καὶ

571 5806 587 5828 ⁸
613 5801 873 5869 Legebalur
909 5806 957 5853 ἐν
981 5810 1064 5869 μιᾷ
1087 5807 1225 5871 ῥοπῇ.
1290 5804 1337 5874 ,ιι
1361 5806 1536 5859 Deam!
1559 5805 1737 5866 ἐπειδή.

2141 437 2198 489 εἴ
2245 454 2407 503 τινος
2451 436 2519 490 τὸ
2544 436 2721 504 ἔργον
2750 430 3187 499 κατακαήσεται
3211 471 3226 496 ,
3261 429 3713 499 ζημιωθήσεται.

2141 528 2449 599 ἐπήγαγεν·
2481 526 2673 592 Αὐτός
2709 526 2778 579 δὲ
2801 523 3160 589 σωθήσεται,
3195 521 3349 575 οὕτω
3390 520 3461 574 δὲ
3497 522 3580 588 ὡς
3616 522 3716 578 διὰ

2140 621 2349 687 πυρός.
2372 620 2438 672 Τί
2472 614 2564 673 οὖν
2593 618 2659 673 ἀν
2686 619 2934 687 εἴποιμεν
2958 614 3097 686 πρὸς
3115 613 3310 679 τοῦτο;
3342 614 3717 685 Σκοπήσωμεν

2141 710 2404 781 πρότερον
2427 708 2510 771 τίς
2535 710 2681 761 ἐστιν
2706 707 2735 759 6
2766 705 3040 776 θεμέλιος,
3071 704 3167 756 καὶ
3190 702 3272 765 τίς
3297 704 3327 755 6
3357 704 3584 773 χρυσὸς,
3619 705 3716 757 καὶ

2139 802 2283 865 τίνες
2315 801 2365 854 οἰ
2392 800 2528 854 λίθοι
2571 800 2619 853 οἰ
2646 799 2838 869 τίμιοι,
2866 796 2964 850 καὶ
2992 797 3076 859 τίς
3116 797 3145 848 6
3175 794 3365 866 χόρτος
3384 836 3398 857 ,
3433 797 3527 848 καὶ
3561 796 3647 860 τίς
3672 798 3709 867 ἡ

2142 894 2385 964 καλάμη.
2416 893 2520 946 Τὸν
2553 892 2649 961 μὲν
2674 886 2766 944 οὖν
2801 889 3049 961 θεμέλιον
3087 886 3338 959 φανερῶς
3390 887 3546 950 αὐτὸς
3588 888 3713 959 ἐδή-

2141 986 2313 1039 λωσεν
2333 986 2460 1039 ὄντα
2478 984 2569 1039 τὸν
2588 981 2821 1052 Χριστὸν
2848 981 3017 1036 εἰπών
3034 996 3048 1009 ⁸
3078 980 3364 1050 Θεμέλιον
3385 980 3490 1048 γὰρ
3515 979 3718 1035 ἄλλον

2142 1076 2340 1143 οὐδεὶς
2367 1075 2617 1129 δύναται
2644 1073 2830 1129 θεῖναι
2864 1072 3023 1141 παρὰ
3043 1071 3151 1126 τὸν
3171 1072 3449 1141 κείμενον
3465 1112 3480 1137 ,
3526 1072 3711 1142 φησὶν,

2144 1167 2213 1234 ὅς
2242 1168 2374 1221 ἐστι
2404 1165 2660 1235 Χριστὸς
2698 1164 2955 1233 Ἰησοῦς.
2998 1164 3062 1217 Ἦ
3096 1162 3155 1216 δὲ
3191 1163 3448 1234 οἰκοδομὴ
3487 1160 3715 1234 πράξεις

2145 1260 2270 1329 ἐμοὶ
2291 1257 2539 1311 δοκοῦσιν
2559 1255 2717 1311 εἶναι.
2751 1257 2941 1310 Καίτοι
2983 1256 3047 1324 γέ
3078 1255 3224 1318 τινές
3267 1272 3451 1325 φασιν.
3490 1257 3571 1309 ὅτι
3620 1258 3716 1311 καὶ

2144 1351 2275 1407 αὐτὸ
2309 1350 2469 1405 τοῦτο
2496 1350 2624 1421 περί
2659 1348 2994 1403 διδασκάλων
3038 1349 3251 1419 εἴρηται
3301 1347 3395 1401 καὶ
3431 1347 3713 1418 μαθητῶν.

2146 1445 2241 1499 καὶ
2285 1444 2415 1514 περὶ
2460 1441 2725 1514 αἱρέσεων
2754 1439 3190 1511 διεφθαρμένων·
3244 1437 3360 1492 ἀλλ’
3394 1439 3425 1490 6
3470 1438 3627 1505 λόγος
3650 1440 3715 1491 06

2146 1535 2530 1608 παραδέχεται.
2563 1534 2626 1587 El
2664 1533 2773 1604 γάρ
2810 1531 2967 1585 τοῦτό
3001 1532 3144 1596 ἐστι,
3177 1530 3295 1593 πῶς
3320 1530 3382 1585 τὸ
3429 1529 3528 1600 μὲν
3557 1530 3716 1601 ἔργον

2147 1625 2461 1688 ἀπόλλυται,
2479 1626 2507 1677 6
2533 1623 2590 1677 δὲ
2619 1621 2912 1692 οἰκοδομῶν
2937 1619 3240 1691 σωθήσεται
3257 1620 3361 1673 κᾶν
3387 1618 3476 1673 διά
3508 1619 3713 1690 πυρόςς

2146 1718 2238 1770 τὸν
2286 1715 2396 1787 γάρ
2437 1714 2611 1769 αἴτιον
2652 1713 2854 1785 μᾶλλον
2883 1712 3217 1767 ἀπόλλυσθαι
3269 1712 3474 1783 ἐχρῆν·
3510 1713 3628 1765 νυνί
3657 1712 3717 1766 δὲ

2151 1806 2756 1880 εὑρεθήσεταινπλείονα
2775 1804 2932 1876 δίκην
2963 1804 3137 1867 διδοὺς
3160 1805 3189 1857 6
3228 1802 3624 1874 οίκοδομυθείς.
3652 1803 3716 1855 Et

2153 1897 2257 1967 μὲν
2302 1895 2412 1967 γάρ
2465 1900 2495 1951 ό
2545 1894 2865 1958 διδάσκαλος
2901 1894 3072 1957 αἴτιος
3120 1892 3313 1960 γέγονε
3352 1892 3450 1961 τῆς
3493 1892 3714 1955 κακίας,

2150 1988 2373 2041 πλείονα
2406 1988 2551 2055 ἄξιος
2581 1986 2766 2041 δοῦναι
2799 1985 2986 2057 δίκην·
3019 1985 3135 2047 πῶς
3169 1979 3263 2037 οὖν
3296 1983 3626 2054 σωθήσεταις
3664 1986 3715 2037 εί

2150 2077 2195 2131 δ’
2220 2077 2319 2130 ούκ
2361 2079 2554 2140 αἴτιος,
2590 2074 2725 2130 ἀλλὰ
2756 2073 2907 2147 παρά
2936 2074 3034 2145 τὴν
3060 2074 3264 2127 οἰκείαν
3307 2072 3630 2142 δυστροπίαν
3662 2074 3715 2125 οί

2155 2164 2391 2237 μαθηταὶ
2420 2163 2651 2218 τοιοῦτοι
2687 2164 2972 2233 γεγόνασιν
2994 2201 3009 2226 ,
3045 2162 3155 2216 οὐδ’
3185 2161 3322 2226 ὅλως
3351 2161 3495 2226 ἄξιος
3532 2159 3718 2215 δοῦναι

2148 2256 2326 2329 δίκην,
2362 2256 2476 2310 ἀλλ’
2507 2256 2626 2309 ούδέ
2663 2254 2867 2325 ζημίαν
2900 2254 3198 2324 ὑποστῆναι
3240 2255 3269 2305 ό
3297 2251 3478 2315 καλῶς
3515 2252 3717 2306 οίκοδο-

2155 2349 2351 2420 μήσας.
2383 2348 2507 2411 Πῶς
2526 2342 2621 2401 οὖν
2642 2363 2795 2416 φησι,
2827 2343 3309 2415 Ζημιωθήσεται;
3353 2344 3517 2396 Ὅθεν
3561 2343 3716 2413 δῆλον

2151 2440 2232 2493 ὅτι
2258 2438 2387 2510 περὶ
2413 2438 2708 2509 πράξεωνό
2731 2437 2907 2505 λόγος.
2942 2435 3160 2507 Ἐπειδὴ
3185 2435 3293 2507 γὰρ
3321 2434 3502 2505 μέλλει
3533 2434 3720 2487 λοιπὸν

2155 2530 2286 2602 πρὸς
2332 2530 2425 2583 τὸν
2473 2513 2881 2599 πεποεῖνευκότα
2925 2526 3330 2592 ἀποτείνεσθαι,
3384 2524 3591 2579 ἄνωθεν
3624 2524 3722 2578 καὶ

2154 2618 2260 2689 πρὸ
2288 2617 2483 2671 πολλοῦ
2506 2618 2899 2673 καταϐάλλεται
2916 2617 2982 2672 τά
3004 2616 3285 2688 προοίμια.
3304 2610 3425 2669 Οῖδε
3449 2617 3575 2685 γὰρ,
3591 2616 3722 2687 περὶ

2155 2710 2341 2783 ἐτέρου
2365 2711 2759 2782 διαλεγόμενος,
2793 2713 2850 2764 ἐν
2870 2712 3005 2782 αύτῇ
3029 2714 3096 2781 τῇ
3118 2709 3246 2781 περί
3274 2708 3459 2778 ἐτέρου
3486 2707 3722 2774 διαλέξει

2155 2802 2695 2877 προκατασκευάζειν
2746 2802 2955 2874 ἕτερον,
3010 2801 3096 2869 ἐφ’
3128 2800 3157 2855 6
3188 2798 3368 2872 μέλλει
3401 2799 3557 2853 ἰέναι.
3610 2798 3725 2852 Καὶ

2153 2899 2262 2969 γάρ
2286 2897 2554 2968 ἐπιτιμῶν
2593 2895 2721 2967 περὶ
2764 2894 2860 2948 τοῦ
2902 2894 2977 2965 μὴ
3024 2892 3311 2965 ἀναμένειν
3350 2892 3571 2955 ἑαυτοὺς
3606 2892 3724 2955 τοῖς

2155 2990 2417 3062 ἀρίστοις,
2451 2988 2542 3042 τὸν
2574 2987 2700 3057 περὶ
2733 2985 2840 3041 τῶν
2878 2983 3194 3057 μυστηρίων
3236 2982 3606 3038 κατεσκεύασε
3633 2982 3726 3037 λὸ-

2154 3097 2270 3149 γον.
2309 3080 2431 3132 Ὄτι
2457 3078 2513 3131 δὲ
2538 3078 2631 3131 καὶ
2665 3075 2758 3129 νῦν
2791 3075 2928 3148 πρὸς
2951 3074 3043 3128 τὸν
3074 3073 3485 3144 πεπορνευκότα
3513 3072 3727 3142 ἐπείγε-

2153 3187 2263 3235 ται,
2283 3167 2530 3239 περὶτοῦ
2555 3165 2806 3237 θεμελίου
2831 3163 3022 3228 εἰπὼν,
3054 3166 3356 3235 ἐπήγαγεν·
3384 3166 3505 3218 Οὐκ
3525 3163 3727 3218 οἴδατε

2156 3258 2243 3313 ὅτι
2263 3257 2410 3324 ναὸς
2434 3256 2582 3311 Θεοῦ
2602 3256 2760 3321 ἐστε,
2794 3254 2978 3308 καὶτὸ
3007 3252 3249 3321 Πνεῦμα
3272 3251 3378 3305 τοῦ
3402 3251 3551 3305 Θεοῦ
3579 3250 3729 3304 οἰκεῖ

2155 3350 2225 3404 ἐν
2251 3349 2423 3420 ῠμῒν;
2450 3349 2523 3403 ΕΖ
2540 3366 2628 3415 τις
2650 3348 2759 3402 τὸν
2783 3345 2934 3400 ναὸν
2959 3344 3067 3399 τοῦ
3100 3342 3251 3406 Θεοῦ
3296 3342 3544 3412 φθείρει,
3585 3345 3727 3411 φθε-

2148 3441 2250 3509 ρεῖ
2269 3441 2482 3495 τοῦτον
2504 3442 2536 3493 ό
2570 3441 2731 3505 Θεός.
2768 3435 2954 3490 Ταῦτα
2987 3434 3044 3488 δέ
3062 3434 3248 3502 ἔλεγεν
3270 3433 3369 3504 ῆδη
3394 3430 3728 3485 διασαλεύων

2157 3530 2234 3600 τῷ
2264 3530 2414 3600 φόϐῳ
2435 3530 2535 3600 τὴν
2558 3527 2735 3599 ψυχὴν
2761 3525 2853 3579 τοῦ
2882 3523 3333 3595 πεπορνευκότος.
3367 3521 3438 3575 ει
3459 3538 3548 3587 τις
3567 3521 3729 3574 ἐποι-

2159 3620 2399 3691 κοδομεῖ
2426 3620 2525 3675 ἐπὶ
2550 3620 2659 3673 τὸν
2695 3616 2973 3687 θεμέλιον
2990 3616 3229 3677 τοῦτον,
3272 3612 3525 3681 χρυσὸν,
3552 3611 3728 3681 ἄργυ-

2154 3730 2287 3781 ρον,
2326 3714 2537 3778 λίθους
2590 3709 2819 3779 τιμίους
2844 3749 2860 3772 ,
2896 3707 3089 3771 ξύλα,
3129 3707 3365 3775 χόρτον,
3426 3703 3726 3773 καλάμην.

2160 3804 2316 3858 Πετά
2346 3803 2456 3875 γὰρ
2485 3803 2584 3873 τὴν
2615 3801 2796 3854 πίστιν
2831 3797 3119 3869 οἰκοδομῆς
3149 3795 3308 3867 χρεία
3331 3811 3347 3826 ·
3384 3793 3465 3848 διὸ
3507 3796 3602 3847 καὶ
3630 3795 3730 3847 ἀλ-

2160 3895 2325 3967 λαχοῦ
2367 3911 2549 3966 φησιν·
2595 3889 2967 3960 Οἰκοδομεῒτε
2999 3887 3316 3956 ἀλλήλους
3357 3886 3426 3938 ἐν
3462 3883 3585 3951 τοῖς
3626 3888 3732 3939 λό-

2162 4006 2288 4059 τοις
2310 3988 2558 4050 τούτοις.
2598 3985 2711 4039 Καὶ
2740 3985 2847 4054 γὰρ
2871 3981 2965 4035 καὶ
2992 3982 3021 4034 6
3041 3980 3292 4051 τεχνίτης
3313 3978 3405 4033 καὶ
3424 3979 3452 4031 6
3485 3976 3733 4048 μαθητὴς

2165 4078 2606 4150 συνεισφέρουσιν
2632 4077 2690 4129 ἐν
2710 4077 2775 4146 τῇ
2804 4074 3061 4143 οἰκοδομῇ
3084 4088 3099 4102 ·
3140 4070 3222 4124 διὸ
3241 4070 3418 4139 λέγει·
3441 4070 3735 4135 Ἕκαστος

2165 4168 2233 4223 δὲ
2247 4167 2522 4232 βλεπέτω
2546 4163 2672 4230 πῶς
2692 4159 3010 4230 ἐποικοδομ
3020 4158 3093 4214 εἷ.

2234 4265 2304 4328 γ’.
2325 4258 2388 4311 Εἰ
2408 4256 2463 4311 δὲ
2488 4256 2617 4327 περὶ
2647 4255 2881 4317 πίστεως
2899 4250 3073 4304 ταῦτα
3097 4249 3302 4321 εἴρητο,
3325 4248 3481 4316 λόγον
3502 4248 3602 4301 οὐκ
3622 4247 3735 4318 ἔχει

2166 4350 2228 4402 τὸ
2249 4347 2562 4418 λεγόμενον.
2601 4345 2689 4397 Ἑν
2714 4344 2821 4415 γὰρ
2854 4345 2924 4413 τῇ
2964 4340 3143 4393 πίστει
3176 4339 3322 4401 ἴσους
3355 4336 3563 4398 πάντας
3591 4333 3733 4390 εἶναι

2167 4437 2295 4509 χρὴ,
2325 4435 2510 4505 ἐπειδὴ
2544 4434 2642 4504 μία
2691 4433 2909 4494 πίστις·
2950 4433 3007 4484 ἐν
3033 4430 3088 4483 δὲ
3139 4430 3307 4499 ἀρετῇ
3348 4427 3465 4498 βίου
3521 4427 3622 4479 οὐκ
3652 4427 3733 4480 ενι

2170 4528 2376 4589 πάντας
2410 4523 2549 4578 εῖναι
2575 4524 2701 4588 τοὺς
2731 4523 2948 4588 αύτούς.
2980 4524 3166 4585 Πίστις
3200 4521 3295 4592 μέν
3325 4518 3435 4590 γὰρ
3462 4519 3563 4572 ούκ
3586 4518 3736 4573 ἐστιν

2170 4623 2204 4692 ὴ
2235 4620 2336 4691 μὲν
2370 4619 2633 4683 ἐλάττων,
2671 4621 2705 4690 ἠ
2731 4618 2787 4672 δέ
2822 4618 3070 4690 βελτίων,
3101 4616 3215 4671 ἀλλ’
3242 4618 3276 4685 ἡ
3328 4615 3468 4687 αὑτὴ
3520 4616 3739 4669 πάντων

2169 4710 2277 4766 τῶν
2306 4709 2525 4782 ἀληθῶς
2547 4709 2912 4763 πιστευόντων
2934 4727 2946 4740 ·
2971 4708 3067 4762 ἐπὶ
3085 4707 3141 4760 δέ
3172 4705 3288 4778 βίου
3329 4705 3443 4759 ἐστι
3472 4706 3599 4768 τοὺς
3642 4706 3739 4776 μὲν

2173 4799 2620 4871 σπουδαιοτέρους
2639 4796 2802 4864 εἶναι,
2820 4800 2945 4864 τοὺς
2960 4799 3013 4852 δέ
3039 4797 3445 4870 ῥᾳθυμοτέρως
3468 4813 3481 4825 ·
3506 4796 3741 4861 καὶτοὺς

2174 4894 2273 4966 μὲν
2294 4892 2736 4964 ἀκριόεστέρους,
2754 4891 2881 4955 τοὺς
2896 4890 2953 4944 δέ
2980 4888 3440 4959 καταδεεστέρους
3461 4905 3474 4919 ·
3498 4888 3740 4952 καὶτοὺς

2175 4989 2273 5060 μὲν
2299 4988 2369 5043 τὰ
2408 4985 2598 5059 μείζω,
2626 4985 2751 5049 τοὺς
2774 4984 2830 5037 δὲ
2852 4984 2921 5037 τά
2938 4982 3145 5037 ἐλάττω
3172 4979 3622 5052 κατωρθωκέναι·
3647 4980 3745 5034 καὶ

2170 5077 2297 5141 τοὺς
2324 5076 2422 5147 μὲν
2446 5072 2828 5146 χαλεπώτερα,
2852 5074 2977 5136 τοὺς
2997 5072 3053 5124 δέ
3078 5070 3481 5142 καταδεέστερα
3498 5069 3746 5140 πεπλημο

2177 5167 2493 5240 μεληκέναι.
2529 5167 2629 5218 Διά
2654 5164 2809 5217 τοῦτο
2834 5159 2956 5217 εἷπε
2986 5160 3207 5234 χρυσὸν,
3239 5160 3480 5231 ἄργυρον
3499 5199 3517 5226 ,
3565 5160 3746 5222 λίθους

2173 5259 2408 5329 τιμίους,
2440 5255 2553 5329 [77]
2580 5254 2732 5321 ξύλα,
2757 5256 2968 5327 χόρτον,
3000 5253 3278 5323 καλάμην.
3338 5251 3632 5307 Ἑκάστου
3677 5250 3744 5305 τὸ

2174 5351 2349 5420 ἔργον
2375 5348 2637 5419 φανερὸν
2654 5345 2991 5417 γενήσεται.
3015 5347 3128 5416 Τὴν
3153 5344 3351 5418 πρᾶξιν
3374 5344 3609 5398 ἐνταῦθά
3638 5360 3744 5413 φη-

2178 5458 2281 5496 σιν.
2317 5443 2390 5496 El
2417 5456 2578 5505 τινος
2600 5438 2667 5493 τὸ
2695 5439 2872 5510 ἔργον
2889 5437 3081 5507 μενεῖ,
3113 5437 3145 5491 ὃ
3176 5435 3623 5504 ἐπῳκοδόμησε,
3650 5451 3748 5503 μι-

2177 5532 2331 5588 σθὸν
2362 5532 2657 5599 λήψεται·
2701 5529 2757 5582 ετ
2781 5546 2944 5595 τινος
2968 5527 3034 5583 τὸ
3068 5528 3246 5599 ἔργον
3276 5524 3747 5593 κατακαήσεται,

2178 5621 2624 5692 ζημιωθήσεται.
2652 5619 2843 5674 Καίτοι
2873 5637 2935 5690 γε
2968 5622 3016 5674 εἰ
3049 5621 3177 5691 περὶ
3207 5617 3467 5690 μαθητῶν
3488 5617 3583 5670 καὶ
3608 5615 3751 5669 διδαο

2180 5713 2394 5767 σκάλων
2421 5712 2483 5764 τὸ
2503 5710 2794 5781 λεγόμενον
2825 5707 2914 5782 ἦν,
2947 5710 3069 5764 οὔτε
3100 5708 3437 5781 ζημιοῦσθαι
3475 5708 3665 5780 ἐχρῆν.
3702 5708 3752 5760 εἰ

2184 5805 2259 5874 μὴ
2285 5804 2523 5874 ἤκουσαν
2545 5802 2592 5856 οἱ
2627 5799 2884 5873 μαθηταί,
2909 5803 3006 5861 Διά
3031 5801 3135 5874 γάρ
3159 5799 3321 5855 τοῦτό
3354 5816 3541 5871 φησινο
3582 5801 3754 5855 Ἕκα-
