4100 6214
414 295 483 353 τι
1514 285 1580 341 lN
1618 283 1882 342 EPISTJ
1934 285 2022 339 AD
2058 281 2212 340 con.
2257 288 2483 346 iiOMIL.
2528 294 2620 350 Ix.
3601 311 3671 365 τε

412 424 608 469 strum.
632 409 876 480 Quinque
900 407 1044 462 mille
1065 405 1190 460 anni
1217 413 1270 459 et
1299 403 1476 475 plures
1503 402 1872 474 praeterierunt
1897 443 1912 467 ,
1937 409 1992 456 et

413 520 562 562 mors
593 503 828 558 nondum
859 501 1032 556 soluta
1072 502 1208 564 luit,
1256 509 1470 568 prapter
1510 514 1673 552 unum
1715 505 1993 566 peccatum

414 599 652 653 inducta.
698 594 806 650 Nec
836 606 1118 662 possumus
1139 591 1318 646 dicere
1351 589 1608 644 Adamum
1640 589 1867 658 aliquem
1896 602 1996 640 au-

413 691 560 745 disse
593 687 909 758 prophetam
935 726 951 750 ,
982 685 1068 739 vel
1114 683 1283 752 ipsum
1334 681 1469 735 alios
1515 689 1730 750 propter
1778 687 1994 748 peccata

417 781 632 852 punitos
661 778 858 832 vidisse
882 819 897 842 ,
931 784 986 830 et
1009 791 1108 844 par
1132 775 1294 828 fuisse
1322 782 1379 828 ut
1407 773 1528 827 inde
1556 773 1768 826 timeret
1787 812 1801 833 ,
1835 781 1994 840 atque

413 871 663 939 exemplo
688 869 895 924 cautior
923 869 1072 921 fieret
1100 883 1114 919 :
1149 866 1348 935 primus
1377 865 1522 919 enim
1551 872 1666 919 erat
1710 872 1763 916 et
1800 863 1947 917 solus
1974 902 1990 928 ,

413 975 700 1033 tamenque
723 960 1064 1032 puniebatur.
1083 958 1163 1012 Tu
1191 972 1322 1012 vero
1343 957 1473 1012 nihil
1493 956 1680 1010 horum
1703 953 1994 1009 obtendere

411 1067 599 1128 potes,
629 1056 717 1125 qui
745 1062 866 1124 post
897 1060 972 1106 tot
999 1051 1242 1120 exempla
1281 1049 1516 1105 deterior
1555 1046 1726 1102 factus
1769 1061 1829 1101 es
1857 1087 1872 1112 ,
1904 1045 1992 1114 qui

415 1158 565 1204 tanto
589 1145 834 1216 dignatus
861 1157 920 1198 es
947 1141 1148 1211 Spiritu
1174 1181 1190 1208 ,
1231 1155 1293 1195 ac
1331 1155 1438 1194 non
1468 1153 1628 1193 unum
1653 1137 1738 1192 vel
1767 1136 1876 1191 duo
1906 1136 1992 1191 vel

415 1239 557 1303 tria,
605 1235 697 1290 sed
747 1235 1026 1289 innumera
1076 1240 1290 1302 peccata
1334 1229 1700 1286 accumulasti.
1738 1228 1816 1283 Ne
1851 1229 1992 1282 enim

410 1326 743 1390 consideres,
775 1324 918 1395 quod
947 1323 1095 1378 brevi
1122 1322 1376 1392 temporis
1411 1330 1686 1375 momento
1718 1328 1993 1389 peccatum

409 1418 763 1481 admittatur;
811 1431 987 1485 neque
1029 1414 1151 1469 ideo
1177 1423 1328 1484 putes
1350 1413 1666 1483 supplicium
1699 1422 1994 1466 momenta-

407 1525 572 1565 neum
605 1507 838 1562 futurum
864 1520 1009 1562 esse.
1041 1506 1232 1560 Annon
1259 1505 1406 1560 vides
1434 1504 1676 1559 homines
1713 1505 1802 1574 qui
1849 1518 1993 1573 saepe

408 1618 509 1672 pro
537 1617 646 1655 uno
675 1600 816 1655 furto
839 1641 854 1663 ,
886 1599 1150 1655 adulterio
1191 1612 1299 1654 uno
1323 1640 1338 1665 ,
1369 1599 1421 1652 in
1447 1612 1662 1653 carcere
1681 1607 1736 1652 et
1763 1597 1992 1652 metallis

411 1705 584 1750 totam
609 1694 773 1748 vitam
800 1694 1156 1763 insumpsere,
1181 1706 1302 1747 cum
1330 1690 1467 1746 fame
1495 1702 1747 1761 perpetua
1773 1699 1826 1745 et
1849 1689 1992 1744 mille

409 1787 680 1842 mortibus
709 1785 1120 1840 eoucertantes?
1149 1799 1211 1839 ac
1253 1799 1411 1839 nemo
1455 1783 1600 1853 ipsos
1637 1783 1868 1852 eripuit,
1900 1798 1994 1838 ne-

411 1894 519 1946 que
559 1877 733 1941 dixit,
779 1876 927 1930 brevi
969 1875 1220 1943 temporis
1262 1885 1533 1928 momento
1564 1882 1839 1943 peccatum
1871 1887 1991 1942 pcr-

409 1979 589 2023 actum
618 1968 806 2033 fuisse,
840 1975 893 2022 et
922 1977 1172 2036 oportere
1199 1975 1252 2022 et
1278 1976 1552 2036 peccatum
1595 1973 1650 2021 et
1674 1963 1990 2035 supplicium

411 2062 555 2132 paris
581 2077 704 2116 esse
731 2061 1012 2130 temporis.

479 2157 534 2210 2.
579 2157 668 2221 At,
699 2155 930 2224 inquies,
957 2153 1201 2209 homines
1226 2159 1368 2216 sunt,
1397 2152 1484 2222 qui
1514 2151 1630 2206 huic
1660 2149 1989 2216 admittunt;

409 2247 552 2302 Deus
597 2256 778 2300 autem
828 2246 1092 2316 benignus
1137 2261 1260 2315 erga
1308 2245 1554 2300 homines
1603 2252 1703 2299 est.
1754 2243 1990 2297 Primum

409 2341 608 2408 quippe
637 2354 706 2393 ne
731 2339 978 2393 homines
1005 2338 1218 2407 quidem
1247 2337 1362 2393 haec
1389 2336 1590 2392 faciunt
1617 2351 1681 2392 ex
1706 2335 1993 2392 crudelita-

409 2440 482 2492 te,
509 2429 604 2483 sed
632 2444 700 2483 ex
732 2429 1092 2498 benignitate;
1119 2437 1172 2482 et
1218 2429 1363 2484 Deus
1405 2427 1590 2494 etiam,
1621 2437 1678 2482 ut
1720 2437 1803 2482 est
1828 2427 1993 2481 homi-

406 2537 541 2575 num
567 2536 772 2589 amans,
796 2521 869 2574 ita
893 2521 1053 2576 etiam
1081 2531 1298 2591 peccata
1322 2521 1626 2576 ulciscitur:
1655 2534 1776 2574 nam
1801 2534 1995 2574 secun-

405 2614 542 2668 dum
576 2615 999 2669 misericordiam
1049 2615 1214 2685 ipsius
1242 2616 1409 2670 multa
1439 2624 1523 2670 est
1547 2614 1665 2684 ejus
1690 2613 1992 2682 redargutio

405 2716 466 2761 et
494 2706 646 2760 ultio.
674 2705 802 2760 Cum
829 2707 964 2761 dicis
993 2723 1120 2777 ergo
1146 2707 1312 2762 Deum
1353 2721 1473 2762 esse
1503 2706 1777 2761 hominum
1804 2719 1992 2759 aman-

407 2809 544 2865 tem,
577 2799 835 2867 majorem
865 2798 995 2853 mihi
1028 2799 1161 2854 dicis
1183 2799 1427 2868 supplicii
1457 2797 1814 2860 occasionem,
1849 2794 1991 2866 quod

408 2892 462 2946 in
494 2907 620 2946 eum
648 2891 738 2959 qui
764 2892 884 2946 talis
913 2892 984 2946 sit
1030 2906 1330 2961 peccemus.
1363 2891 1485 2946 Ideo
1512 2891 1725 2946 dicebat
1752 2890 1948 2944 Paulus
1975 2907 1990 2944 :

409 2981 745 3037 Horrendum
773 2994 846 3037 est
876 2984 1096 3036 incidere
1121 2985 1174 3037 in
1201 3000 1380 3038 manus
1423 2983 1518 3036 Dei
1556 2984 1763 3038 viventis
1803 2982 1988 3055 (Hebr.

409 3073 499 3128 10.
524 3073 638 3144 5i).
675 3073 851 3138 Ferte,
902 3089 1106 3144 quaeso,
1137 3074 1345 3144 igneam
1377 3075 1480 3128 vim
1511 3074 1832 3138 verborum;
1867 3073 1991 3128 hinc

405 3167 638 3222 fortasse
667 3166 817 3220 vobis
839 3165 1080 3236 quaedam
1102 3166 1398 3220 consolatio
1423 3167 1643 3220 orietur.
1677 3167 1808 3233 Quis
1831 3166 1990 3220 homo

404 3267 590 3328 potest
620 3259 689 3311 ita
723 3259 938 3327 punire,
971 3265 1024 3310 ut
1050 3257 1256 3326 punivit
1283 3258 1442 3324 Deus,
1475 3257 1564 3326 qui
1596 3257 1851 3310 diluvium
1886 3256 1988 3309 im-

404 3349 583 3410 misit,
616 3358 670 3402 et
696 3356 846 3402 tanto
873 3348 1058 3418 generi
1085 3349 1305 3401 exitium
1353 3349 1558 3411 intulit;
1593 3357 1646 3402 et
1677 3348 1835 3416 paulo
1873 3357 1991 3414 post

405 3451 627 3492 rursum
657 3437 793 3507 ignis
815 3437 1047 3506 pluviam
1077 3438 1314 3502 immisit,
1348 3449 1403 3493 et
1428 3453 1617 3492 omnes
1636 3438 1874 3492 funditus
1890 3437 1988 3492 de-

406 3529 580 3584 levit?
609 3545 728 3598 qua:
759 3527 1035 3582 hominum
1086 3528 1222 3583 ultio
1269 3538 1445 3598 potest
1489 3543 1610 3584 esse
1642 3530 1821 3583 tanta?
1871 3527 1988 3582 Non

406 3622 560 3675 vides
605 3623 711 3674 hoc
755 3619 1070 3688 supplicium
1113 3621 1415 3675 immortale
1453 3621 1565 3675 fere
1605 3621 1764 3676 esse?
1791 3620 1990 3687 Quater

407 3713 560 3767 mille
605 3712 732 3766 anni
776 3711 1052 3777 efﬂuxere,
1100 3720 1154 3765 et
1197 3710 1594 3766 Sodomitarum
1641 3712 1771 3766 ultio
1815 3712 1991 3767 adhuc

408 3807 553 3873 viget
578 3812 634 3858 et
664 3813 864 3858 manet.
898 3802 1353 3870 Quemadmodum
1377 3805 1518 3859 enim
1548 3804 1845 3875 benignitas
1874 3804 1990 3874 ejus

410 3911 604 3965 magna
633 3905 742 3956 est,
781 3896 850 3949 ita
878 3905 931 3950 et
957 3896 1291 3966 supplicium.
1331 3895 1461 3950 Nam
1488 3897 1532 3951 si
1560 3911 1787 3952 onerosa
1813 3905 1866 3952 et
1891 3896 1990 3950 im-

408 3987 685 4057 possibilia
711 3987 984 4057 jussisset,
1014 3995 1192 4055 posset
1219 3987 1442 4042 fortasse
1477 3987 1600 4057 quis
1641 3987 1816 4057 legum
1847 3985 1990 4041 difﬁ-

411 4079 666 4132 cultatem
697 4079 1024 4134 obtendere:
1051 4078 1192 4148 quod
1233 4079 1276 4134 si
1304 4079 1592 4134 admodum
1638 4079 1830 4144 facilia,
1861 4079 1989 4148 quid

413 4169 686 4239 possimus
711 4169 889 4224 dicere
915 4170 1014 4224 etsi
1043 4171 1235 4224 nullam
1283 4170 1470 4225 harum
1518 4171 1778 4224 rationem
1826 4169 1994 4224 habe-

411 4263 571 4317 mus?
600 4261 858 4330 Jejnnare
885 4277 992 4317 non
1020 4257 1191 4332 podis,
1222 4278 1398 4334 neque
1427 4262 1786 4332 virginitatem
1812 4275 1991 4316 serva—

408 4357 507 4412 re?
535 4355 700 4425 Atqui
732 4365 902 4424 potes,
934 4355 979 4409 si
1006 4355 1168 4421 velis;
1196 4367 1249 4410 et
1275 4371 1373 4412 nos
1400 4365 1656 4410 accusant
1683 4355 1716 4409 ii
1743 4356 1834 4423 qui
1865 4369 1990 4424 pos-

407 4459 558 4503 sunt.
607 4450 859 4503 Attamen
891 4449 1030 4502 Deus
1073 4457 1212 4503 tanta
1257 4465 1380 4521 erga
1425 4465 1522 4504 nos
1548 4452 1834 4506 severitate
1865 4465 1991 4506 usus

408 4557 522 4595 non
555 4549 660 4605 est,
695 4555 869 4608 neque
895 4541 1200 4610 haacjussit,
1233 4557 1404 4612 neque
1432 4542 1592 4597 hasce
1611 4543 1754 4613 leges
1787 4543 1990 4612 posuit,

409 4631 507 4686 sed
552 4631 671 4685 haec
717 4631 1018 4684 auditorum
1067 4632 1322 4686 voluntati
1371 4643 1424 4688 et
1469 4633 1692 4688 arbitrio
1737 4633 1987 4703 reliquit:

407 4734 593 4779 castus
625 4725 678 4776 in
706 4722 970 4776 connubio
992 4737 1111 4794 esse
1139 4733 1306 4792 potes,
1325 4739 1387 4778 ac
1415 4739 1576 4794 penes
1599 4734 1647 4778 te
1669 4734 1750 4780 est
1781 4739 1884 4778 non
1911 4726 1992 4778 in-

404 4797 632 4872 ehi-iuri.
650 4814 911 4868 Pecunias
930 4829 1114 4868 omnes
1130 4813 1454 4884 profundere
1471 4831 1574 4871 non
1599 4827 1750 4886 potes
1765 4818 1788 4870 ἰ)
1805 4816 1991 4882 Quam-

408 4921 576 4976 quam
610 4914 782 4975 potes,
818 4915 871 4961 et
895 4906 1182 4961 ostendunt
1209 4909 1242 4960 ii
1260 4907 1350 4975 qui
1368 4908 1468 4961 hoc
1494 4907 1715 4962 faciunt.
1741 4908 1991 4962 Attamen

413 5000 509 5053 ille
539 5016 644 5054 non
673 5000 774 5055 hoc
801 5001 1076 5070 przecepit,
1123 5000 1216 5056 sed
1252 5001 1411 5070 jussit
1450 5016 1557 5057 non
1600 5016 1808 5071 rapere,
1843 5010 1897 5057 et
1923 5016 1988 5056 ex

413 5090 760 5145 facultatibus
790 5091 974 5160 egenis
997 5106 1239 5161 erogare.
1269 5090 1326 5145 Si
1356 5092 1475 5160 quis
1503 5101 1680 5146 autem
1709 5091 1901 5146 dixerit
1931 5105 1993 5146 se

411 5197 528 5236 non
555 5197 720 5236 uxore
748 5190 1061 5236 contentum
1091 5196 1211 5238 esse
1235 5197 1410 5252 posse,
1440 5183 1675 5252 seipsum
1711 5182 1908 5253 decipit
1937 5191 1994 5236 et

405 5273 569 5338 fallit,
607 5283 662 5327 ut
687 5284 921 5344 arguunt
942 5275 976 5328 ii
1012 5275 1102 5343 qui
1127 5275 1244 5330 sine
1273 5290 1438 5329 uxore
1477 5276 1818 5331 continentes
1843 5282 1985 5330 sunt.

403 5365 548 5434 Quid
586 5380 740 5430 vero,
785 5364 874 5418 dic
915 5380 1116 5435 quaso,
1149 5381 1251 5420 non
1294 5374 1444 5435 potes
1487 5381 1591 5421 non
1638 5366 1895 5421 conviciis
1939 5375 1994 5420 et

401 5457 722 5513 maledictis
749 5457 1041 5526 impetere?
1067 5457 1223 5527 Atqui
1255 5458 1354 5512 hoc
1383 5457 1558 5512 facere
1583 5473 1868 5512 onerosum
1887 5467 1990 5525 est,

404 5569 517 5607 non
548 5560 737 5605 autem
773 5565 882 5604 non
913 5549 1103 5605 facere.
1135 5550 1302 5615 Quam
1329 5565 1456 5620 ergo
1486 5549 1743 5605 habemus
1769 5566 1992 5605 excusa-

404 5645 642 5708 tionem,
673 5642 768 5713 qui
798 5650 904 5694 tam
938 5640 1072 5696 levia
1101 5651 1154 5697 et
1178 5641 1344 5696 facilia
1393 5658 1498 5696 non
1549 5645 1856 5698 servemus?
1882 5643 1991 5698 Nos

401 5735 652 5806 aliquam
702 5727 1036 5789 liabere'dici
1065 5733 1262 5805 nequit.
1296 5733 1448 5802 Quod
1496 5749 1622 5806 ergo
1673 5735 1990 5791 immortalis

2100 403 2164 455 sit
2201 404 2350 472 ultio,
2380 423 2444 462 ex
2479 409 2636 464 dictis
2657 411 2828 480 palam
2859 425 2973 470 est:
2999 417 3120 486 quia
3149 433 3278 475 vero
3300 421 3445 476 Pauli
3468 423 3668 482 dictum

2097 497 2310 553 videtur
2327 503 2592 558 nonnullis
2615 505 2908 572 adversari,
2932 523 3028 578 age
3051 509 3151 566 hoc
3173 515 3343 581 ipsum
3369 515 3420 568 in
3439 516 3672 571 medium

2098 588 2382 645 adductum
2428 595 2779 650 excutiamus.
2828 598 2962 653 Cum
3010 601 3250 668 dixisset,
3303 604 3364 660 Si
3406 607 3675 677 cujusdam

2097 697 2224 748 opus
2249 684 2508 747 manserit,
2533 686 2668 754 quod
2686 689 3180 758 supertediﬁcauerit,
3220 698 3494 751 mercedem
3532 700 3670 751 acci-

2098 771 2197 838 piet
2213 789 2232 834 ;
2255 779 2300 823 et
2320 771 2364 824 si
2387 774 2656 842 cujusdam
2683 793 2808 846 opus
2828 781 3026 846 arserit,
3053 783 3404 838 detrimentum
3428 789 3671 854 patietur;

2053 881 2055 883 ί
2097 861 2372 930 subjunxit
2398 881 2411 918 :
2445 862 2566 934 Ipse
2593 875 2763 921 autem
2793 868 2962 925 saluus
2989 875 3102 938 erit,
3133 875 3204 927 sic
3223 885 3387 930 tamen
3411 880 3554 945 quasi
3585 897 3674 948 per

2095 952 2280 1022 ignem.
2334 953 2468 1020 Quid
2512 972 2641 1026 ergo
2685 959 2750 1012 ad
2802 959 2905 1016 hoc
2949 963 3222 1019 dicemus?
3261 968 3670 1026 Consideremns

2095 1043 2270 1113 primo
2291 1045 2417 1115 quid
2450 1047 2519 1101 sit
2545 1048 2970 1119 fundamentum,
2997 1058 3137 1124 quod
3163 1059 3232 1112 sit
3252 1074 3461 1127 aurum,
3502 1071 3556 1118 ct
3582 1065 3670 1133 qni

2096 1136 2299 1206 lapides
2331 1141 2570 1209 pretiosi,
2603 1145 2744 1213 quod
2788 1146 3011 1215 foenum,
3044 1166 3163 1220 quae
3211 1154 3428 1221 stipula.
3459 1154 3672 1211 Funda-

2097 1241 2334 1284 mentum
2354 1233 2566 1301 quidem
2588 1235 2703 1304 ipse
2723 1236 2915 1294 Paulus
2933 1241 3222 1298 declaravit
3241 1246 3507 1302 Christum
3527 1265 3667 1317 esse,

2095 1320 2314 1378 dicens:
2344 1324 2754 1382 Fundamentum
2783 1333 2914 1385 enim
2944 1335 3086 1388 aliud
3114 1353 3258 1391 nemo
3280 1355 3462 1408 ponere
3488 1353 3668 1411 potest,

2095 1425 2276 1482 prteter
2302 1417 2486 1485 ipsum,
2519 1420 2656 1488 quod
2678 1433 2750 1476 est
2777 1425 3013 1492 positum,
3051 1428 3237 1498 inquit,
3270 1433 3406 1501 quod
3434 1445 3504 1487 est
3526 1434 3674 1488 Clui-

2092 1516 2200 1559 stus
2219 1506 2388 1562 Jesus.
2412 1507 2715 1567 AEdilicium
2736 1526 2913 1570 autem
2942 1519 3071 1573 mihi
3102 1521 3348 1577 videntur
3362 1539 3482 1579 esse
3505 1529 3673 1582 actio-

2094 1612 2210 1650 nes.
2245 1601 2403 1667 Λιιιυί
2449 1601 2634 1657 dicunt
2683 1606 2923 1674 quidam,
2967 1609 3070 1665 hoc
3117 1612 3292 1680 ipsum
3321 1614 3520 1669 dictum
3550 1633 3673 1674 esse

2091 1688 2158 1742 de
2178 1689 2488 1747 doctoribus
2516 1703 2566 1748 et
2593 1695 2660 1751 de
2683 1696 2960 1768 discipulis
2991 1717 3052 1756 ac
3080 1703 3148 1759 de
3167 1709 3432 1776 corruptis
3456 1709 3672 1764 lucrosi-

2091 1779 2211 1834 bus.
2247 1781 2350 1837 Sed
2382 1784 2482 1839 hoc
2512 1787 2681 1843 series
2722 1806 2828 1845 non
2873 1792 3127 1849 admittit.
3157 1796 3292 1852 Nam
3345 1801 3390 1854 si
3435 1800 3535 1855 hoc
3564 1812 3672 1870 est,

2093 1873 2361 1940 quomodo
2390 1889 2526 1944 Opus
2571 1879 2784 1946 quidem
2837 1883 3002 1951 perit;
3047 1887 3135 1954 qui
3183 1896 3359 1944 autem
3408 1891 3668 1959 :edilicat,

2092 1962 2269 2016 salvus
2285 1965 2390 2018 erit
2415 1967 2496 2020 vel
2523 1982 2616 2036 per
2634 1969 2850 2038 ignem?
2871 1982 3147 2030 auctorem
3177 1978 3319 2032 enim
3352 1983 3519 2050 magis
3543 1997 3670 2051 per-

2093 2055 2171 2108 ire
2215 2066 2688 2125 oporteretznunc
2732 2072 2909 2118 autem
2955 2065 3185 2135 majores
3227 2083 3414 2137 poenas
3456 2072 3674 2130 dedisse

2093 2148 2392 2205 invenietur
2419 2153 2483 2216 is,
2529 2155 2617 2223 qui
2645 2155 2941 2212 azdificatus
2969 2169 3070 2214 est.
3104 2159 3234 2215 Nam
3279 2165 3322 2217 si
3366 2164 3552 2220 doctor
3578 2183 3670 2221 au-

2092 2250 2207 2295 ctor
2233 2241 2330 2296 fuit
2371 2245 2517 2309 mali,
2549 2245 2744 2316 dignus
2785 2258 2867 2302 est
2897 2251 2986 2320 qui
3018 2252 3249 2322 majores
3291 2256 3399 2310 luat
3445 2273 3668 2328 pennas:

2093 2335 2364 2402 quomodo
2393 2351 2520 2406 ergo
2548 2338 2728 2393 salvus
2759 2341 2857 2395 erit
2878 2341 2902 2393 ’ἶ
2923 2341 2980 2396 Si
3006 2355 3190 2399 auctor
3215 2361 3319 2399 non
3343 2356 3446 2414 est,
3478 2349 3570 2403 sed
3591 2350 3665 2402 div

2091 2424 2284 2492 scipnli
2316 2440 2412 2495 per
2440 2441 2589 2481 suam
2637 2432 3043 2497 perversitatem
3074 2434 3206 2488 tales
3235 2434 3356 2489 facti
3384 2446 3529 2502 sunt,
3564 2455 3668 2493 non

2092 2514 2284 2584 dignus
2310 2524 2392 2571 est
2418 2517 2463 2570 is
2487 2519 2576 2587 qui
2600 2528 2746 2575 recte
2775 2521 3078 2587 aedificavit,
3108 2526 3195 2594 qui
3228 2526 3336 2580 luat
3375 2543 3558 2596 pennas
3588 2531 3672 2585 vel

2092 2605 2346 2660 damnum
2376 2610 2584 2664 subeat.
2630 2612 2911 2679 Quomodo
2951 2629 3081 2685 ergo
3119 2615 3268 2679 dicit,
3303 2616 3673 2675 Detrimentum

2093 2701 2350 2771 patietur?
2376 2701 2528 2758 Unde
2558 2704 2730 2773 palam
2758 2717 2859 2771 est,
2910 2707 2997 2760 hic
3039 2708 3105 2763 de
3149 2709 3359 2765 actibus
3387 2713 3491 2781 agi.
3538 2714 3670 2781 Quia

2091 2794 2236 2848 enim
2285 2794 2664 2850 fornicatorem
2697 2796 2950 2866 deinceps
2992 2814 3342 2869 aggressurus
3380 2812 3482 2869 est,
3516 2805 3672 2875 longe

2092 2895 2248 2938 antea
2274 2885 2593 2956 principium
2623 2890 2790 2956 ponit.
2826 2888 2975 2945 Solet
3000 2891 3144 2946 enim
3186 2893 3252 2947 de
3280 2894 3381 2948 alia
3409 2911 3468 2949 re
3493 2895 3670 2951 dictu-

2093 2992 2207 3042 rus,
2237 2977 2289 3031 in
2319 2977 2430 3046 ipsa
2465 2977 2532 3032 de
2561 2979 2668 3032 alio
2695 2979 3056 3048 disputatione
3079 2981 3222 3036 aliud
3264 2986 3591 3054 prmmittere
3619 2996 3673 3043 et

2093 3069 2339 3138 probare,
2359 3085 2464 3139 quo
2487 3080 2670 3139 postea
2695 3079 2947 3126 venturus
2965 3083 3065 3128 est.
3092 3074 3223 3128 Nam
3245 3075 3664 3146 reprehendens,

2091 3160 2233 3230 quod
2263 3161 2314 3214 in
2343 3161 2579 3229 prandiis
2605 3162 2692 3215 alii
2720 3162 2854 3216 alios
2883 3179 2987 3218 non
3028 3175 3423 3234 exspectarent,
3453 3167 3520 3223 de
3551 3184 3669 3240 my-

2091 3251 2268 3305 steriis
2295 3265 2597 3306 sermonem
2627 3253 2919 3321 apparavit.
2945 3253 3077 3320 Quia
3104 3265 3279 3309 autem
3309 3273 3449 3310 nunc
3469 3257 3534 3311 ad
3557 3257 3669 3312 for-

2092 3343 2380 3397 nicatorem
2402 3343 2634 3408 festinat,
2654 3345 2721 3398 de
2740 3345 3082 3402 fundamento
3104 3348 3350 3418 loquutus
3376 3350 3670 3420 subjnnxit:

2091 3432 2179 3488 16.
2207 3433 2425 3488 Nescitis
2448 3437 2584 3504 quod
2607 3436 2851 3506 templum
2876 3437 2970 3491 Dei
2987 3440 3125 3504 estis,
3151 3450 3194 3493 et
3218 3439 3445 3511 Spiritus
3466 3441 3562 3495 Dei
3579 3444 3673 3496 Im-

2090 3523 2213 3577 bitat
2242 3526 2295 3578 in
2318 3527 2488 3580 vobis?
2515 3527 2575 3581 Si
2600 3527 2712 3596 quis
2739 3529 2980 3597 templum
2996 3528 3086 3582 Dei
3110 3531 3388 3599 violaverit,
3414 3533 3670 3602 disperde!

2090 3617 2234 3670 illum
2265 3615 2420 3670 Deus.
2456 3617 2579 3672 llwc
2609 3628 2785 3672 autem
2813 3619 3044 3687 diccbat,
3073 3621 3183 3689 jam
3216 3632 3356 3676 metu
3395 3625 3673 3692 exagitans

2089 3716 2322 3762 mentem
2350 3709 2464 3777 ejus
2487 3697 2578 3778 qui
2607 3710 2898 3764 fornicatus
2950 3710 3144 3766 fuerat.
3176 3712 3238 3766 Si
3258 3715 3368 3782 quis
3395 3715 3673 3784 supersedi-

2091 3802 2209 3870 ﬁcat
2223 3818 2376 3870 super
2400 3802 2784 3871 fundamentum
2801 3802 2916 3866 hoc,
2941 3819 3144 3871 aurum,
3164 3815 3449 3876 argentum,
3475 3806 3672 3877 lapides

2090 3895 2354 3964 pretiosos,
2398 3894 2558 3963 ligna,
2608 3893 2818 3962 fanum,
2867 3896 3129 3965 stipulam.
3173 3897 3298 3951 Post
3327 3897 3481 3953 fidem
3526 3899 3669 3954 enim

2091 3987 2442 4042 :edificatione
2497 3995 2579 4039 est
2626 4000 2808 4055 opus:
2854 3996 2908 4041 et
2958 3988 3080 4042 ideo
3135 3990 3259 4043 alibi
3306 3991 3480 4044 dicit:
3515 3990 3672 4044 Ᾱῖάὶ-

2092 4080 2241 4146 ﬁeate
2265 4095 2350 4132 vos
2379 4078 2591 4130 invicem
2616 4077 2668 4129 in
2697 4076 2775 4130 Itis
2804 4078 3117 4131 sermonibus
3142 4078 3218 4147 (Ι.
3260 4079 3436 4133 Thess.
3467 4081 3518 4134 5.
3553 4080 3666 4150 H).

2092 4169 2300 4224 Etenim
2331 4167 2544 4233 artifex,
2569 4176 2622 4222 et
2653 4167 2948 4237 discipulus
2971 4169 3130 4222 simul
3156 4170 3434 4224 conferunt
3459 4171 3510 4224 in
3533 4172 3668 4225 mdi-

2092 4261 2388 4315 ficationem
2411 4279 2423 4313 :
2450 4260 2674 4328 ideoque
2703 4259 2863 4314 dicit:
2897 4258 3250 4331 Unusquisque
3295 4273 3462 4317 autem
3505 4264 3670 4318 videat

2090 4351 2337 4423 quomodo
2357 4351 2744 4424 superwdiﬁcet.

2162 4447 2214 4502 3.
2255 4445 2309 4501 Si
2338 4445 2452 4500 inec
2479 4458 2654 4500 autem
2681 4445 2822 4500 dicta
2849 4446 2957 4500 sint
2981 4447 3046 4502 de
3079 4447 3203 4516 fide,
3237 4463 3342 4503 non
3375 4457 3456 4503 est
3475 4447 3670 4504 rationi

2091 4547 2508 4592 consentaneum
2535 4535 2675 4607 quod
2696 4536 2911 4591 dicitur.
2943 4537 3002 4592 lu
3043 4535 3148 4592 fide
3191 4554 3422 4610 namque
3459 4550 3669 4609 oportet

2092 4644 2279 4685 onmes
2301 4644 2419 4684 esse
2453 4644 2631 4700 pares,
2673 4629 2927 4699 quoniam
2957 4644 3059 4684 una
3089 4639 3172 4685 est
3197 4631 3360 4685 fides:
3391 4631 3442 4686 in
3472 4632 3669 4686 virtute

2093 4733 2270 4777 autem
2317 4723 2440 4777 vitae
2485 4738 2590 4778 non
2638 4731 2862 4792 possunt
2904 4737 3094 4779 omnes
3135 4739 3254 4778 esse
3297 4723 3474 4778 iidem.
3512 4723 3670 4778 Fides

2093 4817 2233 4870 enim
2259 4830 2364 4870 non
2394 4826 2475 4870 est
2503 4817 2604 4870 alia
2632 4815 2829 4878 minor,
2863 4815 2962 4868 alia
2983 4815 3337 4884 praestantior,
3362 4814 3454 4870 sed
3480 4815 3666 4871 eadem

2093 4918 2175 4962 est
2196 4909 2431 4962 omnium
2477 4922 2604 4962 vere
2633 4906 2984 4961 credentium.
3015 4906 3082 4959 At
3107 4906 3158 4958 in
3192 4905 3295 4959 vita
3331 4919 3552 4976 possunt
3581 4906 3670 4961 alii

2093 5001 2304 5070 quidem
2334 5016 2453 5055 esse
2480 4998 2849 5063 studiosiores,
2874 4997 2961 5050 alii
2993 4997 3362 5065 socordiorcs;
3390 5000 3480 5054 alii
3505 5016 3667 5054 accu-

2093 5093 2339 5159 ratiores,
2364 5091 2414 5144 al
2440 5092 2452 5144 i
2476 5089 2788 5155 inferiores;
2812 5090 2898 5144 alii
2923 5089 3146 5160 majora,
3179 5089 3266 5144 alii
3294 5092 3499 5146 minora
3524 5102 3669 5148 recte

2093 5199 2284 5254 agere;
2333 5191 2386 5238 et
2424 5183 2510 5236 alii
2558 5181 2789 5251 gravius,
2831 5182 2920 5236 alii
2951 5182 3128 5237 minus
3169 5183 3499 5253 delinquere.
3535 5184 3668 5238 Pro-

2092 5285 2274 5348 pterea
2304 5275 2438 5329 dixit
2463 5289 2672 5335 aurum.
2711 5282 3012 5344 argentum,
3054 5273 3257 5344 lapides
3285 5275 3567 5343 pretiosos,
3601 5274 3668 5327 li-

2093 5384 2214 5438 gna,
2235 5367 2456 5432 faenum,
2481 5365 2752 5435 stipulam.
2777 5363 3186 5434 Uniuscujusque
3200 5379 3326 5433 Opus
3345 5363 3670 5432 manifestum

2093 5463 2204 5514 erit.
2231 5459 2327 5512 Hic
2357 5457 2423 5512 de
2448 5458 2658 5510 actione
2701 5457 2954 5525 quuitur.
2999 5456 3061 5510 Si
3083 5457 3227 5525 cujus
3257 5471 3384 5524 opus
3407 5456 3668 5522 manserit,

2093 5551 2226 5620 quod
2245 5547 2738 5619 supertedi/icaverit,
2762 5546 3036 5600 mercedem
3056 5547 3296 5614 accipiet;
3317 5545 3361 5599 si
3381 5546 3526 5616 cujus
3543 5563 3670 5616 opus

2094 5646 2293 5705 arserit,
2327 5642 2678 5695 detrimentum
2702 5641 2933 5708 accipiet.
2964 5638 3120 5708 Atqui
3143 5637 3186 5693 si
3216 5638 3284 5694 de
3313 5638 3586 5708 discipulis
3613 5647 3668 5693 ct

2093 5733 2401 5792 doctoribus
2428 5733 2478 5789 id
2506 5732 2792 5798 diceretur,
2829 5746 2932 5786 non
2962 5731 3286 5800 oportuisset
3305 5730 3550 5788 doctores
3571 5728 3664 5784 dc-
