4090 6218
427 301 499 359 79
1161 295 1220 352 S.
1258 293 1534 351 JOANNIS
1569 291 2038 351 CllllYSOSTOMI
2075 293 2389 355 ARCHIEP.
2430 301 2953 364 CONSTANTINOP.
3630 317 3696 374 ω

427 417 740 473 trimentum
773 412 1034 484 recipere,
1067 410 1113 466 si
1141 427 1244 464 non
1281 408 1556 463 audissem
1582 407 1850 478 discipuli.
1883 407 2009 464 ldeo

425 510 499 563 ait
520 526 532 561 :
555 506 908 576 Unusquisque
929 504 1186 575 prapriam
1208 500 1484 554 mercedem
1500 499 1711 569 accipiet
1735 500 2012 554 secundum

425 601 692 669 proprium
733 598 990 662 laborem;
1023 609 1126 648 non
1155 591 1449 648 secundum
1481 592 1665 658 linem,
1692 592 1785 647 sed
1815 607 2009 646 secuti-

426 691 555 746 dum
589 691 846 746 laborem.
879 686 1014 754 Quid
1037 685 1201 750 enim,
1231 683 1278 738 si
1309 698 1413 739 non
1443 683 1772 738 attenderint
1797 683 2006 738 audito-

426 785 550 840 res?
592 783 923 851 Quaproptcr
952 777 1074 831 hinc
1120 775 1382 847 liquidum
1421 787 1505 832 est
1546 776 1633 831 hic
1659 776 1726 832 de
1755 777 2008 846 Operibtts

423 875 527 944 agi.
561 874 613 926 ld
637 880 814 926 autem
846 869 961 924 vult
988 867 1327 938 signiﬁcare:
1358 868 1405 923 si
1433 869 1551 938 quis
1579 868 1699 923 cum
1733 879 1876 923 recta
1902 867 2007 924 fide

423 966 617 1019 malam
663 965 826 1017 vitam
858 972 999 1032 agat,
1047 961 1171 1016 huic
1202 977 1307 1016 non
1354 961 1595 1032 proderit
1639 961 1773 1016 ﬁdes
1802 969 1860 1016 ut
1896 976 2004 1016 non

421 1053 689 1123 puniatur,
725 1053 947 1108 ardente
977 1067 1161 1123 opere.
1189 1052 1321 1106 lllud
1347 1038 1547 1119 autem,
1578 1052 1792 1117 Arserit,
1818 1052 1866 1107 id
1897 1062 2001 1120 est,

421 1162 528 1201 non
553 1147 734 1201 tulerit
759 1147 866 1201 vim
899 1147 1056 1217 ignis.
1087 1145 1194 1201 Sed
1224 1154 1282 1200 ut
1305 1145 1350 1200 si
1379 1145 1499 1216 quis
1523 1161 1672 1200 arma
1713 1160 1875 1205 aurea
1909 1144 2004 1199 ha-

420 1238 554 1294 bens
605 1237 824 1292 fluvium
899 1238 1110 1308 igneum
1176 1238 1439 1307 trajieiat,
1497 1237 1674 1293 alacer
1721 1238 1998 1303 transibit;

419 1328 462 1382 si
492 1338 668 1382 autem
690 1327 889 1383 Renum
913 1327 1116 1384 habens
1145 1336 1400 1395 transeat,
1424 1343 1530 1383 non
1553 1329 1712 1384 modo
1731 1329 1860 1383 nihil
1881 1345 2002 1398 pro-

422 1418 548 1482 ﬁcit,
573 1417 665 1473 sed
687 1418 847 1472 etiam
870 1418 1104 1488 seipsnm
1131 1417 1337 1488 perdit:
1363 1419 1432 1472 ita
1463 1427 1545 1474 est
1573 1427 1628 1473 et
1651 1419 1702 1472 in
1725 1419 1998 1489 operibus.

417 1509 534 1564 Non
557 1511 696 1564 enim
726 1509 811 1566 hic
835 1509 1068 1581 loquitur
1088 1511 1240 1580 quasi
1265 1510 1331 1565 de
1357 1509 1602 1578 personis
1624 1526 1748 1566 vere
1773 1509 1996 1576 adustis,

417 1602 509 1658 sed
542 1602 715 1672 potius
747 1610 804 1655 ut
849 1611 1051 1657 metum
1085 1601 1328 1664 incutiat,
1362 1600 1716 1670 ostendatque
1755 1615 1876 1654 cum
1908 1600 1998 1671 qui

418 1694 472 1748 in
505 1693 735 1762 nequitia
765 1692 894 1747 vivit
926 1691 1122 1746 nudum
1155 1691 1402 1762 praesidio
1442 1698 1497 1748 et
1527 1691 1815 1746 securitate
1841 1704 1997 1746 esse:

417 1794 744 1854 quaprOpter
765 1783 857 1849 ait,
884 1781 1246 1837 Detrimentum
1269 1783 1505 1850 patietur.
1533 1782 1670 1837 Ecce
1691 1796 1852 1836 unum
1875 1795 1999 1851 sup-

416 1878 653 1948 plicium.
704 1874 826 1946 Ipse
871 1885 1038 1928 autem
1079 1875 1248 1929 saluus
1293 1874 1406 1940 erit,
1439 1874 1512 1928 sic
1551 1882 1714 1926 tamen
1741 1873 1886 1943 quasi.
1907 1890 1997 1943 per

413 1968 600 2039 ignem.
646 1966 783 2021 Ecce
813 1964 1129 2021 secundum.
1160 1964 1272 2018 Hoc
1298 1972 1484 2018 autem.
1503 1963 1618 2017 vult
1656 1962 1990 2034 significare:

413 2074 518 2114 non
548 2059 625 2112 sic
649 2057 740 2112 ille
771 2056 967 2126 peribit
1007 2064 1066 2110 ut
1107 2069 1290 2124 opera,
1324 2053 1391 2111 ad
1436 2052 1660 2108 nihilum
1709 2053 1990 2120 redactus;

410 2149 504 2204 sed
535 2147 772 2203 manebit
799 2147 850 2201 in
879 2147 1018 2217 igne.
1060 2145 1300 2201 Salutem
1339 2146 1518 2215 itaque
1563 2145 1698 2200 hanc
1732 2160 1844 2201 rem
1892 2159 1993 2199 vo-

409 2251 516 2305 eat,
549 2240 642 2296 sed
675 2254 780 2296 non
828 2239 1188 2309 simpliciter;
1234 2237 1430 2308 adjecit
1477 2239 1643 2307 enim,
1693 2239 1850 2306 Quasi
1905 2255 1993 2308 per

407 2334 594 2404 ignem.
622 2332 753 2387 Nam
786 2348 885 2388 nos
915 2347 1129 2402 quoque
1159 2331 1400 2386 solemus
1425 2329 1628 2396 dicere,
1659 2328 1711 2384 In
1734 2329 1854 2400 igne
1879 2329 1989 2384 sal-

407 2440 504 2480 vus
535 2434 636 2491 est,
669 2424 736 2479 de
777 2424 841 2479 iis
880 2439 999 2494 qme
1028 2438 1134 2478 non
1174 2422 1566 2477 comburuntur
1591 2437 1689 2477 nec
1713 2423 1894 2477 statim
1935 2424 1996 2478 in

405 2516 642 2571 cinerem
671 2517 889 2571 abeunt.
932 2513 1010 2569 Ne
1055 2529 1183 2584 ergo
1214 2514 1334 2584 quia
1376 2513 1551 2583 ignem
1583 2512 1798 2579 audisti,
1835 2521 1988 2584 putes

403 2621 518 2670 eos,
548 2606 636 2676 qui
659 2605 1069 2671 comburuntur,
1098 2604 1151 2658 in
1183 2604 1406 2659 nihilum
1438 2604 1627 2674 redigi.
1652 2604 1709 2660 Si
1732 2619 1859 2660 vero
1882 2605 1986 2661 tale

403 2699 724 2768 supplicium
779 2697 1005 2752 salutem
1055 2707 1230 2764 vocet,
1263 2712 1330 2752 ne
1361 2697 1570 2752 mireris
1607 2716 1620 2752 :
1661 2699 1799 2753 solet
1841 2699 1984 2754 enim

403 2791 561 2844 ctiatn
595 2790 645 2842 iu
679 2790 742 2842 iis
773 2803 890 2858 quae
910 2789 1046 2843 male
1071 2796 1265 2843 sonant
1292 2787 1528 2858 pulchris
1557 2787 1630 2842 uti
1656 2789 1980 2857 nominibus,

401 2890 457 2934 et
488 2881 539 2934 itt
574 2879 751 2943 bonis,
774 2879 1082 2934 contrariis.
1111 2878 1273 2934 Verbi
1302 2879 1494 2949 gratia,
1526 2878 1852 2948 captivitatis
1879 2894 1981 2935 no-

401 2992 524 3030 men
569 2973 723 3029 mala:
753 2973 832 3029 rei
874 2988 1068 3029 nomen
1113 2988 1234 3028 esse
1263 2972 1505 3038 videtur;
1536 2973 1631 3028 scd
1658 2974 1710 3028 in
1741 2989 1800 3028 re
1841 2974 1981 3028 bona

399 3073 491 3126 illo
513 3087 640 3128 usus
663 3082 744 3128 est
775 3071 991 3135 Paulus,
1038 3071 1259 3126 dicens:
1299 3069 1365 3124 In
1404 3071 1740 3140 captivitatem
1779 3081 1981 3141 agentes

387 3179 594 3218 .omnem
623 3163 1006 3234 intelligentiam
1035 3161 1104 3215 ad
1133 3161 1466 3216 obedientiam
1505 3161 1689 3216 Christi
1723 3161 1802 3231 (ἓ.
1858 3161 1978 3218 Cor.

393 3255 485 3308 10.
520 3254 596 3326 5).
627 3254 692 3308 Et
722 3255 773 3308 in
802 3269 860 3310 re
889 3253 1024 3308 mala
1056 3252 1192 3308 bene
1220 3263 1447 3306 sonante
1483 3251 1699 3308 nomine
1725 3266 1852 3306 usus
1874 3261 1977 3320 est,

384 3344 602 3411 dicens,
636 3344 879 3416 Regnavit
903 3354 1164 3415 peccatum
1195 3344 1368 3413 (Rom.
1403 3343 1457 3399 5.
1499 3342 1628 3414 21):
1659 3357 1980 3414 quamquam

389 3450 593 3490 nomen
628 3438 776 3506 regni
809 3435 985 3505 potius
1010 3435 1147 3490 bene
1173 3443 1348 3490 sonet.
1379 3434 1470 3490 Sic
1499 3442 1554 3489 et
1584 3434 1687 3490 hoc
1717 3436 1836 3490 loco
1855 3450 1980 3490 cum

389 3525 546 3592 dicit,
576 3526 763 3582 Salvus
791 3528 906 3593 erit,
937 3527 1066 3580 nihil
1099 3526 1243 3580 aliud
1273 3540 1432 3596 quam
1459 3535 1802 3596 augmentum
1847 3541 1977 3596 sup-

394 3618 542 3687 plicii
572 3618 960 3682 subindicavit;
990 3632 1054 3671 ac
1073 3617 1119 3672 si
1149 3617 1395 3683 dixisset,
1424 3617 1541 3686 Ipse
1581 3626 1758 3672 autem
1791 3633 1977 3674 mane-

393 3709 471 3763 bit
495 3711 546 3763 in
576 3719 834 3764 aeternum
858 3710 1144 3764 cruciatus.
1178 3707 1380 3764 Deinde
1402 3709 1561 3764 etiam
1585 3708 1744 3764 infert
1762 3709 1973 3766 dicens:

396 3799 616 3854 Nescitis
641 3800 777 3870 quod
804 3800 1043 3871 templum
1071 3799 1170 3853 Dei
1195 3801 1348 3854 estis?
1374 3800 1507 3868 Quia
1529 3800 1670 3855 enim
1693 3800 1759 3855 de
1778 3801 1864 3868 iis,
1887 3802 1977 3872 qui

394 3892 644 3948 scindunt
669 3893 984 3957 Ecclesium,
1015 3896 1262 3963 superius
1302 3893 1552 3963 loquutus
1579 3900 1684 3959 est,
1725 3893 1978 3964 deinceps

393 3984 540 4039 illum
569 3985 896 4056 perstringit,
915 3986 1004 4056 qui
1027 3985 1319 4040 fornicatus
1339 3993 1474 4052 erat,
1504 3985 1739 4041 nondum
1760 3987 1975 4057 quidem

393 4084 600 4146 aperte,
631 4077 726 4134 sed
778 4077 1075 4143 indefinite,
1116 4077 1231 4148 ejus
1260 4086 1567 4147 corruptam
1599 4081 1758 4133 vitam
1791 4081 1977 4135 subin-

391 4169 601 4235 dicans,
623 4179 678 4226 et
703 4179 980 4240 peccatum
1007 4167 1344 4239 amplificatis
1368 4183 1398 4221 a
1431 4167 1574 4222 dono
1595 4167 1704 4237 jam
1733 4169 1834 4238 ipsi
1859 4171 1976 4225 col-

392 4260 521 4316 lato.
555 4261 760 4317 Deinde
787 4262 922 4317 alios
947 4275 1158 4331 quoque
1185 4260 1498 4330 perstringit
1525 4259 1593 4315 ab
1621 4261 1706 4327 iis,
1733 4277 1852 4331 qua:
1864 4261 1974 4332 jam

392 4351 493 4419 ipsi
528 4352 846 4408 habuerant.
892 4353 1016 4407 Sive
1053 4351 1195 4406 enim
1237 4365 1268 4405 a
1295 4349 1506 4417 futuris,
1534 4352 1647 4407 sive
1672 4353 1832 4408 abiis
1858 4370 1976 4424 qua:

391 4441 500 4508 jam
524 4443 758 4508 fuerant,
792 4451 846 4496 ct
874 4441 1114 4497 molestis
1143 4449 1198 4495 et
1224 4441 1401 4506 bouis,
1433 4455 1647 4510 semper
1675 4442 1725 4496 id
1756 4441 1914 4498 facit:
1943 4458 1975 4497 a

392 4531 586 4584 futuris
611 4531 851 4599 quidem,
885 4529 1005 4583 Dies
1023 4529 1158 4583 enim
1179 4528 1472 4594 declarabit,
1500 4531 1634 4598 quod
1669 4531 1721 4583 in
1749 4531 1864 4600 igne
1891 4547 1975 4584 re-

391 4621 624 4684 petatur,-
654 4620 810 4674 abiis
842 4628 1019 4674 autem
1049 4634 1167 4690 quae
1189 4619 1299 4687 jam
1330 4618 1561 4684 fuerant,
1592 4619 1814 4675 Nescitis
1841 4622 1975 4689 quod

389 4710 637 4782 templum
663 4708 763 4764 Dei
787 4709 924 4774 estis,
951 4719 998 4762 et
1020 4707 1247 4779 Spiritus
1272 4707 1367 4762 Dei
1387 4709 1577 4762 habitat
1603 4711 1656 4763 in
1691 4710 1848 4764 vobis.
1881 4712 1970 4766 17.

392 4802 457 4857 Si
481 4804 592 4873 quis
621 4802 862 4874 templum
885 4800 983 4857 Dei
1050 4801 1330 4868 uiolauerit,
1352 4800 1608 4871 disperdet
1637 4803 1782 4857 illum
1813 4803 1971 4861 Deus.

395 4894 584 4949 Viden'
611 4896 868 4952 orationis
891 4894 1316 4952 vehementiam?
1341 4894 1447 4951 Sed
1473 4895 1722 4966 quamdiu
1748 4909 1974 4966 persona

390 4993 478 5040 est
505 4985 703 5056 ignma,
743 5003 849 5041 non
894 4997 978 5044 est
1014 4988 1151 5044 adeo
1192 5002 1356 5060 grave
1399 4988 1542 5060 quod
1589 4987 1804 5058 dicitur,
1850 5004 1973 5045 cum

393 5091 588 5132 omnes
615 5077 858 5134 timorem
882 5082 1238 5150 correptionis
1275 5083 1560 5154 participes
1581 5083 1827 5140 subeant.
1852 5083 1975 5139 Dis-

395 5169 568 5241 perdet
597 5170 743 5224 illum
768 5169 935 5234 Deus;
958 5170 1010 5226 id
1046 5181 1128 5226 est
1146 5212 1161 5238 ,
1185 5173 1372 5229 aﬂ’cret
1397 5176 1767 5232 exitium.lloc
1792 5187 1972 5233 autem

395 5277 504 5320 non
550 5272 635 5319 est
679 5262 816 5318 male
845 5261 1091 5330 dicentis,
1139 5263 1234 5319 sed
1283 5266 1671 5335 prophetautis.
1702 5268 1974 5340 Templum

394 5357 525 5410 enim
565 5356 664 5411 Dei
688 5366 918 5411 sanctum
946 5366 1039 5411 est.
1081 5355 1399 5412 Fornicator
1422 5373 1550 5429 ergo
1575 5371 1656 5417 est
1696 5363 1971 5431 profanus.

396 5445 599 5504 Deinde
629 5465 696 5505 ne
727 5448 996 5504 videretur
1015 5449 1081 5504 ad
1103 5449 1250 5504 illum
1281 5450 1550 5520 respicere
1576 5465 1696 5506 cum
1727 5452 1970 5523 dixisset,

394 5535 662 5606 Templum
691 5542 821 5596 enim
847 5541 944 5596 Dei
967 5551 1199 5597 sanctum
1219 5551 1312 5609 est,
1343 5541 1639 5612 subjunxit,
1675 5543 1823 5609 Quod
1857 5547 1974 5601 estis

393 5643 498 5707 uos.
524 5628 609 5683 18.
635 5628 797 5685 Nemo
826 5634 1046 5703 scipsum
1088 5634 1312 5688 seducat.
1347 5633 1459 5688 Hoc
1485 5649 1697 5705 quoque
1722 5636 1788 5690 ad
1819 5637 1970 5691 illum

393 5730 616 5794 spectat,
647 5723 818 5793 utqui
844 5738 902 5781 sc
927 5725 1256 5784 existimaret
1285 5725 1482 5797 aliquid
1521 5740 1660 5797 esse,
1691 5735 1744 5784 et
1778 5727 1846 5785 de
1873 5743 1961 5785 sa-

2123 415 2319 483 pientia
2345 415 2684 486 gloriaretur.
2708 419 2784 475 Ne
2807 421 3080 478 videretur
3099 433 3280 480 autem
3303 429 3564 487 curiosius
3583 433 3697 489 diu-

2121 506 2328 576 tinsqne
2361 508 2512 562 illum
2543 510 2820 580 impetere,
2852 527 2974 568 cum
3007 515 3058 569 in
3103 530 3359 587 angorem
3407 529 3463 576 et
3502 533 3695 578 metum

2118 594 2267 648 illum
2289 597 2625 666 coniecisset,
2651 617 2835 657 rursus
2851 602 2916 658 ad
2937 619 3277 662 communem
3300 614 3693 672 accusationem

2117 685 2414 742 orationem
2462 689 2677 748 deducit
2723 692 2942 750 dicens:
2968 696 3031 752 Si
3057 699 3170 768 quis
3215 701 3411 756 uidetur
3449 706 3581 759 inter
3609 723 3694 762 uos

2112 795 2314 848 sapiens
2343 796 2450 837 esse
2477 785 2530 838 in
2568 785 2663 839 hoc
2687 787 2894 855 saeculo,
2923 790 3104 845 stultus
3131 794 3242 861 ﬁat,
3289 805 3345 849 ut
3381 798 3446 851 sit
3470 799 3691 869 sapiens.

2115 869 2230 933 lloc
2272 882 2451 954 autem
2491 874 2683 930 deinde
2714 878 2837 933 facit
2879 895 2998 935 cum
3030 898 3220 952 magna
3252 885 3498 957 loquendi
3532 890 3692 946 liber-

2114 971 2241 1031 tate,
2275 974 2459 1035 utpote
2485 969 2576 1038 qui
2603 970 2722 1026 illos
2759 972 2892 1028 satis
2927 978 3291 1046 expugnarit‘.
3321 980 3450 1035 Nam
3480 984 3689 1040 etiamsi

2109 1057 2228 1124 quis
2250 1057 2324 1113 sit
2346 1059 2516 1125 dives,
2546 1061 2754 1118 etiamsi
2787 1065 3000 1135 nobilis,
3034 1069 3218 1124 vilium
3245 1074 3484 1129 omnium
3511 1088 3593 1131 est
3612 1079 3690 1132 vi-

2109 1146 2364 1217 lissimus,
2389 1154 2600 1222 quando
2620 1167 2806 1227 capt-us
2832 1159 2990 1214 fuerit
3013 1176 3042 1214 a
3065 1175 3303 1233 peccato.
3329 1167 3686 1234 Quemadmo-

2107 1238 2233 1294 dum
2263 1243 2405 1297 enim
2430 1244 2474 1299 si
2500 1247 2620 1316 quis
2645 1264 2738 1304 rex
2764 1250 2854 1315 sit,
2877 1261 2932 1306 et
2956 1252 3304 1310 barbarorum
3325 1269 3506 1327 postea
3529 1263 3688 1332 capti-

2108 1347 2207 1388 vus
2235 1334 2344 1404 fiat,
2371 1339 2609 1394 omnium
2634 1350 2717 1396 est
2745 1343 3110 1411 miserrimus;
3141 1348 3211 1402 ita
3233 1351 3392 1405 etiam
3418 1354 3474 1407 in
3501 1369 3686 1424 pecca-

2108 1435 2184 1484 to.
2206 1427 2472 1486 Barbarus
2493 1432 2636 1488 enim
2666 1435 2882 1504 quidam
2905 1449 2985 1494 est
3006 1451 3304 1511 peccatum,
3333 1445 3472 1516 quod
3494 1449 3684 1504 animae

2105 1522 2271 1575 semel
2301 1531 2472 1591 captae
2499 1539 2722 1595 parcere
2747 1530 2970 1597 neseiat,
2999 1531 3100 1588 sed
3120 1534 3171 1588 in
3191 1537 3478 1605 perniciem
3497 1554 3684 1596 eorum

2103 1611 2191 1680 qui
2221 1613 2360 1682 capti
2385 1625 2510 1670 sunt
2539 1619 2880 1687 tyrannidem
2911 1636 3062 1678 suam
3093 1636 3361 1684 exerceat.

2176 1707 2226 1761 ι.
2246 1705 2450 1764 Peccati
2465 1711 2754 1782 descriptio.
2771 1716 2925 1771 Avari
2941 1719 3346 1789 imago.—-Nihil
3362 1723 3506 1780 enim
3521 1727 3592 1781 ita
3607 1728 3683 1783 in-

2102 1797 2594 1857 consideratumest
2615 1813 2668 1857 ut
2687 1817 2986 1875 peccatum,
3001 1810 3132 1864 nihil
3152 1811 3220 1864 ita
3245 1812 3522 1883 insipiens,
3539 1815 3677 1871 stul-

2103 1899 2214 1945 tum
2234 1907 2298 1947 ac
2315 1893 2635 1952 violentum:
2654 1901 2832 1954 omnia
2851 1904 3045 1958 evertit
3068 1912 3122 1958 et
3143 1906 3435 1974 confundit,
3463 1919 3517 1964 et
3547 1927 3671 1981 per-

2099 1982 2198 2049 dit,
2221 1999 2558 2056 quocumque
2586 1989 2724 2044 insili
2743 1992 2847 2046 erit
2865 1995 3010 2048 :visu.
3025 1993 3284 2063 deforme,
3305 2014 3464 2070 grave
3484 2011 3538 2058 et
3554 2019 3676 2059 mo-

2099 2073 2312 2130 lestum.
2344 2075 2410 2132 Et
2435 2078 2478 2132 si
2506 2079 2624 2148 quis
2647 2081 2821 2149 ipsum
2851 2083 3024 2152 pictor
3045 2085 3346 2157 efﬁngeret,
3377 2106 3483 2145 non
3517 2093 3674 2149 abero

2098 2175 2334 2222 raturum
2360 2168 2524 2224 fuisse
2543 2171 2673 2226 mihi
2703 2172 2933 2242 videtur,
2962 2177 3006 2232 si
3031 2177 3110 2232 sic
3133 2179 3304 2249 ipsum
3326 2182 3672 2242 eﬂ‘ormaret:

2098 2257 2374 2314 mulierem
2419 2275 2615 2333 nempe
2639 2266 2922 2335 quamdam
2965 2266 3139 2325 forma
3182 2271 3452 2341 belluina,
3487 2277 3677 2332 barba-

2097 2367 2232 2420 ram,
2263 2353 2440 2424 ignem
2472 2356 2767 2426 spirantem
2789 2399 2805 2426 ,
2838 2359 3205 2429 injucundam,
3235 2366 3460 2435 nigram,
3492 2369 3676 2440 quales

2093 2446 2299 2500 externi
2346 2455 2517 2516 poetae
2562 2449 2771 2520 Scyllas
2813 2451 3128 2523 depingunt.
3179 2455 3480 2514 lnnumeris
3527 2461 3674 2517 enim

2093 2536 2340 2592 manibus
2367 2539 2716 2609 cogitationes
2745 2553 2956 2599 nostras
2998 2547 3354 2616 apprehendit
3376 2591 3391 2616 ,
3416 2560 3578 2623 atque
3600 2569 3668 2610 ex

2092 2629 2384 2699 improviso
2415 2632 2712 2702 ingreditur
2736 2676 2752 2702 ,
2784 2637 3072 2707 omniaque
3099 2639 3358 2712 discerpit
3385 2652 3440 2698 et
3465 2644 3670 2702 dilace-

2091 2729 2196 2786 rat,
2220 2721 2359 2777 sicut
2379 2737 2542 2779 canes
2562 2726 2864 2782 clanculum
2892 2729 3221 2788 mordentes.
3246 2733 3360 2788 lmo
3382 2736 3506 2804 quid
3535 2753 3669 2808 opus

2089 2811 2243 2867 nobis
2262 2823 2346 2869 est
2366 2815 2593 2884 pictura,
2617 2832 2739 2872 cum
2758 2819 2916 2875 liceat
2937 2835 3051 2887 eos,
3070 2823 3158 2892 qui
3183 2824 3312 2880 illud
3335 2837 3665 2896 perpetrant,

2089 2901 2142 2958 in
2169 2903 2400 2960 medium
2422 2905 2723 2963 adducere?
2740 2909 2908 2977 Quem
2932 2911 3113 2980 itaque
3137 2914 3299 2971 vultis
3319 2917 3543 2986 primum
3570 2919 3671 2976 de.-

2087 2997 2416 3054 scribamus?
2437 3015 2654 3054 avarum
2673 3012 2727 3056 et
2741 3003 3045 3072 raptorem?
3065 3005 3268 3076 Ecquid
3281 3010 3666 3067 estoculisillis

2089 3088 2496 3158 impudentius?
2523 3092 2650 3161 quid
2673 3093 2839 3164 magis
2861 3095 3279 3163 inv-erecundum
3300 3141 3314 3165 ,
3345 3100 3471 3170 quid
3499 3103 3666 3172 magis

2086 3181 2383 3235 caninum?
2409 3197 2514 3237 non
2542 3185 2683 3238 enim
2705 3185 2856 3240 canis
2894 3185 2964 3240 ita
3007 3187 3291 3256 impudens
3317 3199 3423 3244 stat
3459 3202 3518 3246 ut
3543 3193 3662 3262 hic,

2086 3271 2300 3341 quando
2324 3273 2563 3328 omnium
2591 3273 2729 3328 bona
2762 3276 2920 3344 rapit.
2955 3276 3096 3342 Quid
3121 3280 3369 3337 manibus
3397 3281 3545 3337 illius
3565 3283 3664 3340 de-

2088 3361 2424 3418 testabilius?
2469 3364 2596 3433 quid
2627 3380 2726 3420 ore
2773 3365 3102 3436 petulantius
3146 3370 3299 3439 ejus,
3349 3372 3440 3441 qui
3486 3373 3664 3430 omnia

2086 3454 2336 3519 devorat,
2369 3463 2425 3510 et
2470 3472 2759 3527 numquam
2805 3460 3072 3516 satiatur?
3116 3461 3195 3518 Ne
3236 3465 3353 3534 eius
3381 3467 3582 3522 vultum
3609 3477 3672 3524 et.

2085 3549 2273 3604 oculos
2303 3549 2596 3617 intuearis,
2628 3552 2771 3621 quod
2818 3553 2927 3608 sint
2956 3554 3188 3610 hominis
3218 3573 3231 3610 :
3260 3574 3366 3614 non
3397 3561 3538 3614 enim
3587 3562 3666 3617 sic

2085 3640 2349 3711 aspiciunt
2393 3641 2609 3697 humani
2655 3644 2816 3698 oculi.
2871 3644 2986 3700 Non
3031 3648 3223 3717 aspicit
3277 3651 3370 3706 ille
3420 3651 3664 3710 homines

2087 3741 2357 3804 tamquam
2385 3735 2634 3790 homines
2659 3755 2673 3790 :
2704 3752 2811 3792 non
2835 3739 3021 3807 aspicit
3045 3739 3235 3794 ca-lum
3261 3751 3524 3812 tamquam
3547 3760 3658 3800 caa-

2086 3824 2194 3878 lum
2219 3841 2232 3876 :
2260 3825 2336 3880 ad.
2373 3825 2658 3881 Dominum
2700 3843 2806 3883 non
2837 3841 2964 3882 nutu
2994 3844 3092 3884 suo
3121 3832 3307 3898 tendit,
3353 3833 3445 3888 sed
3476 3836 3659 3892 omnia

2085 3916 2338 3986 pecunias
2361 3932 2483 3973 esse
2507 3918 2796 3975 existimat.
2824 3920 3050 3976 Humani
3077 3923 3215 3978 oculi
3239 3923 3415 3979 solent
3433 3924 3660 3982 afflictos

2086 4011 2332 4066 homines
2358 4011 2554 4067 intueri
2584 4021 2639 4066 et
2675 4011 2877 4083 frangi;
2903 4015 3173 4084 rapacium
3219 4016 3363 4071 oculi
3395 4032 3662 4088 pauperes

2083 4103 2298 4172 vident,
2331 4112 2388 4160 et
2410 4104 2702 4161 efferantur
2729 4123 2742 4159 :
2773 4104 2991 4160 humani
3033 4107 3173 4162 oculi
3222 4123 3326 4162 non
3355 4118 3415 4164 ut
3457 4124 3551 4165 sua
3579 4111 3664 4166 in-

2085 4206 2298 4252 tuentur
2325 4198 2498 4253 aliena
2523 4238 2538 4264 ,
2567 4197 2662 4254 sed
2691 4198 2905 4267 propria
2941 4198 3042 4253 sibi
3075 4206 3134 4253 ut
3159 4200 3334 4255 aliena
3356 4201 3538 4258 vident
3564 4221 3577 4258 :
3604 4214 3662 4259 et

2083 4303 2144 4342 ea
2172 4304 2291 4357 qua
2315 4288 2436 4342 aliis
2463 4287 2584 4342 data
2615 4298 2742 4343 sunt
2790 4305 2896 4343 non
2926 4291 3346 4360 concupiscunt,
3377 4293 3469 4348 sed
3495 4294 3654 4350 etiam

2083 4379 2135 4431 in
2163 4378 2299 4434 alios
2324 4394 2540 4448 quoque
2564 4394 2658 4433 sua
2683 4378 2984 4435 effundunt.
3034 4381 3097 4435 lli
3125 4397 3253 4436 vero
3283 4397 3388 4437 non
3421 4384 3656 4438 contenti

2081 4475 2226 4533 sunt,
2254 4468 2355 4523 nisi
2381 4467 2620 4522 omnium
2651 4469 2789 4523 bona
2819 4469 3088 4540 abripiant
3119 4489 3132 4524 :
3159 4489 3269 4526 non
3302 4473 3443 4528 enim
3470 4473 3660 4527 huma-

2082 4573 2208 4616 num
2232 4599 2247 4626 ,
2278 4558 2370 4613 sed
2416 4559 2643 4614 ferinum
2675 4559 2876 4617 habent
2901 4562 3098 4617 visum.
3129 4562 3358 4618 Humani
3389 4563 3531 4618 oculi
3557 4580 3659 4620 nu-

2081 4648 2206 4704 dum
2235 4648 2414 4704 videre
2439 4663 2637 4719 corpus
2663 4665 2817 4706 suum
2845 4667 2950 4707 non
2976 4651 3184 4719 ferunt;
3214 4670 3368 4709 suum
3391 4655 3533 4710 enim
3554 4667 3658 4722 est,

2082 4741 2290 4797 etiamsi
2311 4741 2536 4797 aliorum
2559 4754 2813 4814 quantmn
2845 4744 2911 4800 ad
2943 4760 3226 4816 personam
3259 4764 3275 4801 :
3306 4746 3361 4801 hi
3388 4762 3538 4812 vero,
3557 4750 3660 4805 nisi

2081 4833 2258 4888 omnia
2275 4832 2593 4890 denudarint
2611 4844 2663 4891 et
2689 4835 2865 4890 omnia
2882 4835 3026 4892 domi
3044 4838 3356 4903 recondant,
3372 4854 3659 4910 numquam

2081 4929 2358 4996 satiantur,
2381 4930 2486 4983 imo
2516 4944 2645 4986 vero
2672 4945 2960 5000 numquam
2993 4930 3292 5000 implentur.
3319 4931 3444 4988 Ideo
3471 4948 3658 4988 eorum

2083 5037 2268 5076 manus
2299 5037 2402 5077 non
2433 5022 2663 5076 ferarum
2687 5035 2877 5076 manus
2900 5031 3102 5078 tantum
3133 5021 3352 5089 dixeris,
3377 5023 3472 5078 sed
3503 5025 3669 5095 longe.

2083 5113 2368 5166 ferociores
2398 5122 2452 5168 et
2482 5112 2844 5168 immaniores.
2889 5112 3009 5168 Ursi
3062 5128 3290 5182 namque
3315 5122 3370 5168 et
3399 5115 3507 5184 lupi
3537 5131 3661 5170 cum

2079 5201 2255 5256 satiati
2285 5200 2500 5268 fuerint,
2520 5216 2550 5256 a
2570 5202 2658 5257 tali
2679 5202 2934 5258 alimento
2957 5203 3242 5260 recedunt:
3267 5203 3319 5258 hi
3346 5220 3474 5261 vero
3501 5222 3663 5261 num-

2080 5307 2239 5362 quam
2270 5293 2548 5348 satiantur.
2593 5294 2752 5364 Atqui
2799 5305 3080 5366 pr0pterea
3113 5295 3256 5350 Deus
3286 5311 3476 5350 manus
3503 5296 3663 5351 nobis

2080 5383 2227 5440 dedit
2253 5393 2310 5440 ut
2334 5386 2454 5441 aliis
2497 5401 2657 5457 Opem
2687 5387 2920 5443 feramus
2944 5431 2959 5454 ,
2989 5403 3096 5444 non
3137 5398 3194 5443 ut
3224 5389 3289 5444 iis
3317 5389 3654 5446 insidiemur.

2080 5475 2212 5532 Nam
2237 5479 2280 5532 si
2309 5479 2440 5549 ipsis
2464 5480 2532 5536 ad
2563 5480 2666 5537 hoc
2689 5481 2833 5536 usuri
2858 5497 3122 5549 essemus,
3151 5483 3343 5540 melius
3370 5491 3513 5541 esset
3539 5483 3660 5538 illas

2147 5613 2163 5644 ί
2187 5614 2385 5680 savttius
2407 5621 2514 5675 post
2535 5614 2841 5680 expugnant,
2857 5614 3002 5680 ponit
3033 5616 3081 5665 in
3125 5617 3364 5679 margine,
3399 5622 3446 5667 et
3476 5623 3660 5680 terrore

2081 5675 2383 5741 conutmerit
2403 5687 2497 5741 non
2516 5675 2657 5741 modo
2665 5675 2832 5741 'hujus
2838 5675 3143 5736 rot‘rticatorts
3164 5675 3386 5741 meum,
3404 5679 3490 5730 sed
3513 5678 3661 5730 etiam

2085 5735 2394 5802 audientium,
2421 5735 2744 5792 dicendorum
2759 5735 2855 5793 um
2877 5744 3190 5804 pra'meusus.
