  <div class='ocr_page' id='page_1' title='image "/cluster/home/n/w/nwhite01/storage/ocr_20150623/61/hvd.32044054166368/084.png"; bbox 0 0 4100 6214; ppageno 0'>
   <div class='ocr_carea' id='block_1_1' title="bbox 376 251 1951 321">
    <p class='ocr_par' dir='ltr' id='par_1_1' title="bbox 376 251 1951 313">
     <span class='ocr_line' id='line_1_1' title="bbox 376 251 1951 313; baseline -0.01 10"><span class='ocrx_word' id='word_1_1' title='bbox 376 251 444 310; x_wconf 84' lang='lat'>79</span> <span class='ocrx_word' id='word_1_2' title='bbox 1347 261 1353 267; x_wconf 74' lang='lat'>&#39;</span> <span class='ocrx_word' id='word_1_3' title='bbox 1503 257 1573 313; x_wconf 74' lang='lat' dir='ltr'>IN</span> <span class='ocrx_word' id='word_1_4' title='bbox 1611 256 1827 313; x_wconf 81' lang='lat' dir='ltr'>EPIST.</span> <span class='ocrx_word' id='word_1_5' title='bbox 1869 251 1951 310; x_wconf 71' lang='grc' dir='ltr'>ιι</span> 
     </span>
    </p>
   </div>
   <div class='ocr_carea' id='block_1_2' title="bbox 2051 251 3620 321">
    <p class='ocr_par' dir='ltr' id='par_1_2' title="bbox 2051 254 3620 321">
     <span class='ocr_line' id='line_1_2' title="bbox 2051 254 3620 321; baseline -0.004 -8"><span class='ocrx_word' id='word_1_6' title='bbox 2051 255 2202 313; x_wconf 74' lang='lat' dir='ltr'>con.</span> <span class='ocrx_word' id='word_1_7' title='bbox 2242 254 2469 313; x_wconf 79' lang='lat' dir='ltr'>HOMIL.</span> <span class='ocrx_word' id='word_1_8' title='bbox 2504 257 2597 313; x_wconf 77' lang='lat' dir='ltr'>Ix.</span> <span class='ocrx_word' id='word_1_9' title='bbox 3552 256 3620 321; x_wconf 65' lang='lat' dir='ltr'>se</span> 
     </span>
    </p>
   </div>
   <div class='ocr_carea' id='block_1_3' title="bbox 374 365 1947 439">
    <p class='ocr_par' dir='ltr' id='par_1_3' title="bbox 374 365 1947 439">
     <span class='ocr_line' id='line_1_3' title="bbox 374 365 1947 439; baseline 0.004 -19"><span class='ocrx_word' id='word_1_10' title='bbox 374 383 524 433; x_wconf 80' lang='grc' dir='ltr'>στος</span> <span class='ocrx_word' id='word_1_11' title='bbox 562 365 670 423; x_wconf 79' lang='grc' dir='ltr'>τὸν</span> <span class='ocrx_word' id='word_1_12' title='bbox 708 368 869 423; x_wconf 83' lang='grc' dir='ltr'>ῖδιον</span> <span class='ocrx_word' id='word_1_13' title='bbox 897 369 1121 438; x_wconf 78' lang='grc' dir='ltr'>μισθὸν</span> <span class='ocrx_word' id='word_1_14' title='bbox 1155 369 1415 439; x_wconf 63' lang='grc' dir='ltr'>λήψεται</span> <span class='ocrx_word' id='word_1_15' title='bbox 1442 373 1597 429; x_wconf 78' lang='grc' dir='ltr'>κατὰ</span> <span class='ocrx_word' id='word_1_16' title='bbox 1634 373 1742 435; x_wconf 71' lang='grc' dir='ltr'>τὸν</span> <span class='ocrx_word' id='word_1_17' title='bbox 1789 372 1947 427; x_wconf 64' lang='lat' dir='ltr'>lator</span> 
     </span>
    </p>
   </div>
   <div class='ocr_carea' id='block_1_4' title="bbox 369 451 1945 515">
    <p class='ocr_par' dir='ltr' id='par_1_4' title="bbox 369 451 1945 515">
     <span class='ocr_line' id='line_1_4' title="bbox 369 451 1945 515; baseline 0.004 -11"><span class='ocrx_word' id='word_1_18' title='bbox 369 452 601 509; x_wconf 70' lang='grc' dir='ltr'>κόπον·</span> <span class='ocrx_word' id='word_1_19' title='bbox 642 451 703 505; x_wconf 78' lang='grc' dir='ltr'>οὒ</span> <span class='ocrx_word' id='word_1_20' title='bbox 731 452 872 507; x_wconf 86' lang='grc' dir='ltr'>κατά</span> <span class='ocrx_word' id='word_1_21' title='bbox 909 453 971 505; x_wconf 83' lang='grc' dir='ltr'>τὸ</span> <span class='ocrx_word' id='word_1_22' title='bbox 1005 453 1178 515; x_wconf 84' lang='grc' dir='ltr'>τέλος,</span> <span class='ocrx_word' id='word_1_23' title='bbox 1206 453 1340 508; x_wconf 85' lang='grc' dir='ltr'>ἀλλά</span> <span class='ocrx_word' id='word_1_24' title='bbox 1373 457 1516 509; x_wconf 81' lang='grc' dir='ltr'>κατὰ</span> <span class='ocrx_word' id='word_1_25' title='bbox 1542 457 1635 510; x_wconf 76' lang='grc' dir='ltr'>τὸν</span> <span class='ocrx_word' id='word_1_26' title='bbox 1664 458 1850 512; x_wconf 80' lang='grc' dir='ltr'>κόπον.</span> <span class='ocrx_word' id='word_1_27' title='bbox 1880 456 1945 510; x_wconf 84' lang='grc' dir='ltr'>Τί</span> 
     </span>
    </p>
   </div>
   <div class='ocr_carea' id='block_1_5' title="bbox 369 534 1946 611">
    <p class='ocr_par' dir='ltr' id='par_1_5' title="bbox 369 534 1946 611">
     <span class='ocr_line' id='line_1_5' title="bbox 369 534 1946 611; baseline 0.004 -23"><span class='ocrx_word' id='word_1_28' title='bbox 369 534 503 608; x_wconf 79' lang='grc' dir='ltr'>γὰρ,</span> <span class='ocrx_word' id='word_1_29' title='bbox 535 537 584 589; x_wconf 87' lang='grc' dir='ltr'>εί</span> <span class='ocrx_word' id='word_1_30' title='bbox 612 534 688 607; x_wconf 83' lang='grc' dir='ltr'>μὴ</span> <span class='ocrx_word' id='word_1_31' title='bbox 724 538 1013 606; x_wconf 80' lang='grc' dir='ltr'>προσεῖχον</span> <span class='ocrx_word' id='word_1_32' title='bbox 1044 537 1093 589; x_wconf 88' lang='grc' dir='ltr'>οί</span> <span class='ocrx_word' id='word_1_33' title='bbox 1123 537 1439 605; x_wconf 85' lang='grc' dir='ltr'>ἁκούοντες;</span> <span class='ocrx_word' id='word_1_34' title='bbox 1472 540 1635 595; x_wconf 86' lang='grc' dir='ltr'>Ὅθεν</span> <span class='ocrx_word' id='word_1_35' title='bbox 1666 542 1825 611; x_wconf 69' lang='grc' dir='ltr'>δῆλον</span> <span class='ocrx_word' id='word_1_36' title='bbox 1851 541 1946 594; x_wconf 74' lang='grc' dir='ltr'>καὶ</span> 
     </span>
    </p>
   </div>
   <div class='ocr_carea' id='block_1_6' title="bbox 372 617 1946 691">
    <p class='ocr_par' dir='ltr' id='par_1_6' title="bbox 372 617 1946 691">
     <span class='ocr_line' id='line_1_6' title="bbox 372 617 1946 691; baseline 0.002 -19"><span class='ocrx_word' id='word_1_37' title='bbox 372 617 646 683; x_wconf 74' lang='grc' dir='ltr'>ἐντεῦθεν,</span> <span class='ocrx_word' id='word_1_38' title='bbox 674 619 759 671; x_wconf 83' lang='grc' dir='ltr'>ὅτι</span> <span class='ocrx_word' id='word_1_39' title='bbox 796 619 924 688; x_wconf 76' lang='grc' dir='ltr'>περὶ</span> <span class='ocrx_word' id='word_1_40' title='bbox 948 618 1126 689; x_wconf 85' lang='grc' dir='ltr'>ἔργων</span> <span class='ocrx_word' id='word_1_41' title='bbox 1159 620 1219 685; x_wconf 75' lang='grc' dir='ltr'>τὸ</span> <span class='ocrx_word' id='word_1_42' title='bbox 1242 619 1555 691; x_wconf 84' lang='grc' dir='ltr'>λεγόμενον.</span> <span class='ocrx_word' id='word_1_43' title='bbox 1598 626 1662 679; x_wconf 88' lang='grc' dir='ltr'><strong>Ὃ</strong></span> <span class='ocrx_word' id='word_1_44' title='bbox 1694 624 1753 678; x_wconf 81' lang='grc' dir='ltr'>δὲ</span> <span class='ocrx_word' id='word_1_45' title='bbox 1775 624 1946 691; x_wconf 85' lang='grc' dir='ltr'>λέγει,</span> 
     </span>
    </p>
   </div>
   <div class='ocr_carea' id='block_1_7' title="bbox 370 701 1949 775">
    <p class='ocr_par' dir='ltr' id='par_1_7' title="bbox 370 701 1949 775">
     <span class='ocr_line' id='line_1_7' title="bbox 370 701 1949 775; baseline 0.004 -22"><span class='ocrx_word' id='word_1_46' title='bbox 370 701 533 755; x_wconf 87' lang='grc' dir='ltr'>τοῦτό</span> <span class='ocrx_word' id='word_1_47' title='bbox 571 703 754 763; x_wconf 85' lang='grc' dir='ltr'>ἐστιν·</span> <span class='ocrx_word' id='word_1_48' title='bbox 789 702 856 756; x_wconf 74' lang='lat' dir='ltr'>Et</span> <span class='ocrx_word' id='word_1_49' title='bbox 887 718 971 769; x_wconf 88' lang='grc' dir='ltr'>τις</span> <span class='ocrx_word' id='word_1_50' title='bbox 1014 702 1182 757; x_wconf 83' lang='grc' dir='ltr'>κακὸν</span> <span class='ocrx_word' id='word_1_51' title='bbox 1213 701 1328 771; x_wconf 83' lang='grc' dir='ltr'>βίον</span> <span class='ocrx_word' id='word_1_52' title='bbox 1378 703 1492 774; x_wconf 83' lang='grc' dir='ltr'>ἔχει</span> <span class='ocrx_word' id='word_1_53' title='bbox 1528 706 1667 775; x_wconf 87' lang='grc' dir='ltr'>μετά</span> <span class='ocrx_word' id='word_1_54' title='bbox 1713 706 1949 769; x_wconf 89' lang='grc' dir='ltr'>πίστεως</span> 
     </span>
    </p>
   </div>
   <div class='ocr_carea' id='block_1_8' title="bbox 372 783 1948 861">
    <p class='ocr_par' dir='ltr' id='par_1_8' title="bbox 372 783 1948 861">
     <span class='ocr_line' id='line_1_8' title="bbox 372 783 1948 861; baseline 0.003 -24"><span class='ocrx_word' id='word_1_55' title='bbox 372 783 565 855; x_wconf 81' lang='grc' dir='ltr'>ὀρθῆς,</span> <span class='ocrx_word' id='word_1_56' title='bbox 598 784 661 837; x_wconf 84' lang='grc' dir='ltr'>οὺ</span> <span class='ocrx_word' id='word_1_57' title='bbox 696 785 1066 859; x_wconf 77' lang='grc' dir='ltr'>προστήσεται</span> <span class='ocrx_word' id='word_1_58' title='bbox 1102 784 1267 838; x_wconf 80' lang='grc' dir='ltr'>αὐτοῦ</span> <span class='ocrx_word' id='word_1_59' title='bbox 1289 788 1323 857; x_wconf 82' lang='grc' dir='ltr'><strong>ή</strong></span> <span class='ocrx_word' id='word_1_60' title='bbox 1353 788 1536 853; x_wconf 79' lang='grc' dir='ltr'>πίστις</span> <span class='ocrx_word' id='word_1_61' title='bbox 1567 791 1649 853; x_wconf 87' lang='grc' dir='ltr'>είς</span> <span class='ocrx_word' id='word_1_62' title='bbox 1673 790 1734 843; x_wconf 83' lang='grc' dir='ltr'>τὸ</span> <span class='ocrx_word' id='word_1_63' title='bbox 1758 790 1833 861; x_wconf 78' lang='grc' dir='ltr'>μὴ</span> <span class='ocrx_word' id='word_1_64' title='bbox 1850 807 1948 844; x_wconf 84' lang='grc' dir='ltr'>κο-</span> 
     </span>
    </p>
   </div>
   <div class='ocr_carea' id='block_1_9' title="bbox 372 865 1952 940">
    <p class='ocr_par' dir='ltr' id='par_1_9' title="bbox 372 865 1952 940">
     <span class='ocr_line' id='line_1_9' title="bbox 372 865 1952 940; baseline 0.003 -18"><span class='ocrx_word' id='word_1_65' title='bbox 372 867 653 932; x_wconf 77' lang='grc' dir='ltr'>λάζεσθαι,</span> <span class='ocrx_word' id='word_1_66' title='bbox 671 865 766 921; x_wconf 88' lang='grc' dir='ltr'>τοῦ</span> <span class='ocrx_word' id='word_1_67' title='bbox 796 867 959 940; x_wconf 80' lang='grc' dir='ltr'>ἔργου</span> <span class='ocrx_word' id='word_1_68' title='bbox 981 869 1433 939; x_wconf 87' lang='grc' dir='ltr'>κατακαιομένου.</span> <span class='ocrx_word' id='word_1_69' title='bbox 1454 872 1527 925; x_wconf 79' lang='grc' dir='ltr'><strong>Τὸ</strong></span> <span class='ocrx_word' id='word_1_70' title='bbox 1544 873 1621 938; x_wconf 83' lang='grc' dir='ltr'>δέ,</span> <span class='ocrx_word' id='word_1_71' title='bbox 1643 873 1952 939; x_wconf 77' lang='grc' dir='ltr'>Κατακαή-</span> 
     </span>
    </p>
   </div>
   <div class='ocr_carea' id='block_1_10' title="bbox 373 949 1946 1026">
    <p class='ocr_par' dir='ltr' id='par_1_10' title="bbox 373 949 1946 1026">
     <span class='ocr_line' id='line_1_10' title="bbox 373 949 1946 1026; baseline 0.004 -22"><span class='ocrx_word' id='word_1_72' title='bbox 373 966 563 1008; x_wconf 85' lang='grc' dir='ltr'>σεται.</span> <span class='ocrx_word' id='word_1_73' title='bbox 597 949 746 1002; x_wconf 82' lang='grc' dir='ltr'>τοῦτ’</span> <span class='ocrx_word' id='word_1_74' title='bbox 770 949 940 1014; x_wconf 83' lang='grc' dir='ltr'>ἔστιν,</span> <span class='ocrx_word' id='word_1_75' title='bbox 978 950 1080 1003; x_wconf 82' lang='grc' dir='ltr'>οὐκ</span> <span class='ocrx_word' id='word_1_76' title='bbox 1106 951 1243 1004; x_wconf 87' lang='grc' dir='ltr'>οίσει</span> <span class='ocrx_word' id='word_1_77' title='bbox 1283 951 1379 1005; x_wconf 89' lang='grc' dir='ltr'>τοῦ</span> <span class='ocrx_word' id='word_1_78' title='bbox 1405 953 1579 1024; x_wconf 84' lang='grc' dir='ltr'>πυρὸς</span> <span class='ocrx_word' id='word_1_79' title='bbox 1605 954 1704 1026; x_wconf 83' lang='grc' dir='ltr'>τὴν</span> <span class='ocrx_word' id='word_1_80' title='bbox 1744 954 1946 1026; x_wconf 77' lang='grc' dir='ltr'>ῥύμην.</span> 
     </span>
    </p>
   </div>
   <div class='ocr_carea' id='block_1_11' title="bbox 386 1030 1950 1107">
    <p class='ocr_par' dir='ltr' id='par_1_11' title="bbox 386 1030 1950 1107">
     <span class='ocr_line' id='line_1_11' title="bbox 386 1030 1950 1107; baseline 0.004 -22"><span class='ocrx_word' id='word_1_81' title='bbox 386 1030 531 1085; x_wconf 80' lang='grc' dir='ltr'>Ἀλλ’</span> <span class='ocrx_word' id='word_1_82' title='bbox 557 1030 751 1099; x_wconf 79' lang='grc' dir='ltr'>ῶσπερ</span> <span class='ocrx_word' id='word_1_83' title='bbox 771 1031 824 1083; x_wconf 81' lang='grc' dir='ltr'>εί</span> <span class='ocrx_word' id='word_1_84' title='bbox 847 1048 930 1095; x_wconf 89' lang='grc' dir='ltr'>τις</span> <span class='ocrx_word' id='word_1_85' title='bbox 955 1033 1133 1102; x_wconf 83' lang='grc' dir='ltr'>χρυσᾶ</span> <span class='ocrx_word' id='word_1_86' title='bbox 1156 1034 1296 1089; x_wconf 86' lang='grc' dir='ltr'>ὅπλα</span> <span class='ocrx_word' id='word_1_87' title='bbox 1316 1033 1456 1105; x_wconf 74' lang='grc' dir='ltr'>ἔχων</span> <span class='ocrx_word' id='word_1_88' title='bbox 1479 1035 1678 1091; x_wconf 82' lang='grc' dir='ltr'>διέλθοι</span> <span class='ocrx_word' id='word_1_89' title='bbox 1707 1037 1950 1107; x_wconf 82' lang='grc' dir='ltr'>ποταμὸν</span> 
     </span>
    </p>
   </div>
   <div class='ocr_carea' id='block_1_12' title="bbox 374 1112 1953 1191">
    <p class='ocr_par' dir='ltr' id='par_1_12' title="bbox 374 1112 1953 1191">
     <span class='ocr_line' id='line_1_12' title="bbox 374 1112 1953 1191; baseline 0.006 -25"><span class='ocrx_word' id='word_1_90' title='bbox 374 1113 575 1184; x_wconf 81' lang='grc' dir='ltr'>πυρὸς,</span> <span class='ocrx_word' id='word_1_91' title='bbox 614 1112 971 1184; x_wconf 78' lang='grc' dir='ltr'>φαιδρότερος</span> <span class='ocrx_word' id='word_1_92' title='bbox 1027 1114 1331 1171; x_wconf 64' lang='grc' dir='ltr'>διαϐαίνει·</span> <span class='ocrx_word' id='word_1_93' title='bbox 1378 1118 1429 1172; x_wconf 86' lang='grc' dir='ltr'>εί</span> <span class='ocrx_word' id='word_1_94' title='bbox 1469 1118 1529 1172; x_wconf 75' lang='grc' dir='ltr'>δὲ</span> <span class='ocrx_word' id='word_1_95' title='bbox 1576 1119 1769 1191; x_wconf 82' lang='grc' dir='ltr'>χόρτον</span> <span class='ocrx_word' id='word_1_96' title='bbox 1811 1120 1953 1191; x_wconf 74' lang='grc' dir='ltr'>ἔχων</span> 
     </span>
    </p>
   </div>
   <div class='ocr_carea' id='block_1_13' title="bbox 372 1194 1953 1268">
    <p class='ocr_par' dir='ltr' id='par_1_13' title="bbox 372 1194 1953 1268">
     <span class='ocr_line' id='line_1_13' title="bbox 372 1194 1953 1268; baseline 0.006 -21"><span class='ocrx_word' id='word_1_97' title='bbox 372 1194 598 1261; x_wconf 77' lang='grc' dir='ltr'>διέλθοι,</span> <span class='ocrx_word' id='word_1_98' title='bbox 638 1196 698 1248; x_wconf 79' lang='grc' dir='ltr'>οὐ</span> <span class='ocrx_word' id='word_1_99' title='bbox 751 1195 914 1265; x_wconf 87' lang='grc' dir='ltr'>μόνον</span> <span class='ocrx_word' id='word_1_100' title='bbox 952 1196 1103 1250; x_wconf 78' lang='grc' dir='ltr'>οὐδὲν</span> <span class='ocrx_word' id='word_1_101' title='bbox 1151 1198 1411 1268; x_wconf 76' lang='grc' dir='ltr'>ὀνίνησιν,</span> <span class='ocrx_word' id='word_1_102' title='bbox 1458 1201 1594 1255; x_wconf 89' lang='grc' dir='ltr'>ἀλλά</span> <span class='ocrx_word' id='word_1_103' title='bbox 1638 1204 1732 1256; x_wconf 74' lang='grc' dir='ltr'>καὶ</span> <span class='ocrx_word' id='word_1_104' title='bbox 1760 1203 1953 1257; x_wconf 72' lang='grc' dir='ltr'>ἑαυτὸν</span> 
     </span>
    </p>
   </div>
   <div class='ocr_carea' id='block_1_14' title="bbox 372 1278 1950 1358">
    <p class='ocr_par' dir='ltr' id='par_1_14' title="bbox 372 1278 1950 1358">
     <span class='ocr_line' id='line_1_14' title="bbox 372 1278 1950 1358; baseline 0.005 -26"><span class='ocrx_word' id='word_1_105' title='bbox 372 1278 706 1332; x_wconf 82' lang='grc' dir='ltr'>ἀπόλλυσιν·</span> <span class='ocrx_word' id='word_1_106' title='bbox 752 1279 895 1332; x_wconf 82' lang='grc' dir='ltr'>οὕτω</span> <span class='ocrx_word' id='word_1_107' title='bbox 924 1283 1019 1333; x_wconf 69' lang='grc' dir='ltr'>κα)⁵</span> <span class='ocrx_word' id='word_1_108' title='bbox 1053 1280 1147 1334; x_wconf 75' lang='grc' dir='ltr'>ἐπὶ</span> <span class='ocrx_word' id='word_1_109' title='bbox 1174 1282 1283 1336; x_wconf 88' lang='grc' dir='ltr'>τῶν</span> <span class='ocrx_word' id='word_1_110' title='bbox 1325 1283 1502 1353; x_wconf 89' lang='grc' dir='ltr'>ἔργων</span> <span class='ocrx_word' id='word_1_111' title='bbox 1535 1284 1701 1339; x_wconf 87' lang='grc' dir='ltr'>ἐστίν.</span> <span class='ocrx_word' id='word_1_112' title='bbox 1736 1287 1810 1340; x_wconf 81' lang='grc' dir='ltr'>Οὐ</span> <span class='ocrx_word' id='word_1_113' title='bbox 1842 1286 1950 1358; x_wconf 82' lang='grc' dir='ltr'>γάρ</span> 
     </span>
    </p>
   </div>
   <div class='ocr_carea' id='block_1_15' title="bbox 373 1359 1947 1439">
    <p class='ocr_par' dir='ltr' id='par_1_15' title="bbox 373 1359 1947 1439">
     <span class='ocr_line' id='line_1_15' title="bbox 373 1359 1947 1439; baseline 0.006 -25"><span class='ocrx_word' id='word_1_114' title='bbox 373 1359 453 1421; x_wconf 83' lang='grc' dir='ltr'>ὼς</span> <span class='ocrx_word' id='word_1_115' title='bbox 468 1361 596 1431; x_wconf 74' lang='grc' dir='ltr'>περὶ</span> <span class='ocrx_word' id='word_1_116' title='bbox 619 1361 999 1415; x_wconf 78' lang='grc' dir='ltr'>ένυποστάτων</span> <span class='ocrx_word' id='word_1_117' title='bbox 1020 1362 1398 1435; x_wconf 88' lang='grc' dir='ltr'>διαλεγόμενος</span> <span class='ocrx_word' id='word_1_118' title='bbox 1414 1368 1507 1421; x_wconf 77' lang='grc' dir='ltr'>καὶ</span> <span class='ocrx_word' id='word_1_119' title='bbox 1527 1367 1947 1439; x_wconf 84' lang='grc' dir='ltr'>διακαιομένων,</span> 
     </span>
    </p>
   </div>
   <div class='ocr_carea' id='block_1_16' title="bbox 372 1441 1947 1517">
    <p class='ocr_par' dir='ltr' id='par_1_16' title="bbox 372 1441 1947 1517">
     <span class='ocr_line' id='line_1_16' title="bbox 372 1441 1947 1517; baseline 0.005 -24"><span class='ocrx_word' id='word_1_120' title='bbox 372 1441 534 1494; x_wconf 85' lang='grc' dir='ltr'>τοῦτο</span> <span class='ocrx_word' id='word_1_121' title='bbox 554 1441 725 1510; x_wconf 83' lang='grc' dir='ltr'>λέγει,</span> <span class='ocrx_word' id='word_1_122' title='bbox 757 1442 894 1496; x_wconf 84' lang='grc' dir='ltr'>ἀλλά</span> <span class='ocrx_word' id='word_1_123' title='bbox 922 1444 1015 1498; x_wconf 77' lang='grc' dir='ltr'>τὸν</span> <span class='ocrx_word' id='word_1_124' title='bbox 1043 1445 1207 1513; x_wconf 90' lang='grc' dir='ltr'>φόϐον</span> <span class='ocrx_word' id='word_1_125' title='bbox 1238 1446 1439 1517; x_wconf 83' lang='grc' dir='ltr'>μᾶλλον</span> <span class='ocrx_word' id='word_1_126' title='bbox 1468 1450 1732 1504; x_wconf 74' lang='grc' dir='ltr'>ἐπιτεῖναι</span> <span class='ocrx_word' id='word_1_127' title='bbox 1758 1450 1947 1515; x_wconf 72' lang='grc' dir='ltr'>θέλων,</span> 
     </span>
    </p>
   </div>
   <div class='ocr_carea' id='block_1_17' title="bbox 376 1522 1950 1602">
    <p class='ocr_par' dir='ltr' id='par_1_17' title="bbox 376 1522 1950 1602">
     <span class='ocr_line' id='line_1_17' title="bbox 376 1522 1950 1602; baseline 0.007 -27"><span class='ocrx_word' id='word_1_128' title='bbox 376 1522 470 1576; x_wconf 73' lang='grc' dir='ltr'>καὶ</span> <span class='ocrx_word' id='word_1_129' title='bbox 489 1522 660 1587; x_wconf 77' lang='grc' dir='ltr'>δεῖξαι</span> <span class='ocrx_word' id='word_1_130' title='bbox 685 1525 894 1595; x_wconf 85' lang='grc' dir='ltr'>γυμνὸν</span> <span class='ocrx_word' id='word_1_131' title='bbox 931 1526 1233 1594; x_wconf 77' lang='grc' dir='ltr'>ἀσφαλείας</span> <span class='ocrx_word' id='word_1_132' title='bbox 1260 1528 1351 1582; x_wconf 84' lang='grc' dir='ltr'>τὸν</span> <span class='ocrx_word' id='word_1_133' title='bbox 1385 1531 1445 1584; x_wconf 91' lang='grc' dir='ltr'>ἐν</span> <span class='ocrx_word' id='word_1_134' title='bbox 1476 1530 1647 1602; x_wconf 81' lang='grc' dir='ltr'>κακίᾳ</span> <span class='ocrx_word' id='word_1_135' title='bbox 1683 1532 1830 1587; x_wconf 81' lang='grc' dir='ltr'>ϐντα.</span> <span class='ocrx_word' id='word_1_136' title='bbox 1857 1532 1950 1586; x_wconf 79' lang='grc' dir='ltr'>Διὸ</span> 
     </span>
    </p>
   </div>
   <div class='ocr_carea' id='block_1_18' title="bbox 375 1604 1950 1681">
    <p class='ocr_par' dir='ltr' id='par_1_18' title="bbox 375 1604 1950 1681">
     <span class='ocr_line' id='line_1_18' title="bbox 375 1604 1950 1681; baseline 0.006 -24"><span class='ocrx_word' id='word_1_137' title='bbox 375 1605 472 1658; x_wconf 74' lang='grc' dir='ltr'>καὶ</span> <span class='ocrx_word' id='word_1_138' title='bbox 494 1604 671 1673; x_wconf 77' lang='grc' dir='ltr'>ἔλεγε·</span> <span class='ocrx_word' id='word_1_139' title='bbox 701 1606 1165 1676; x_wconf 80' lang='grc' dir='ltr'>Ζημιωθήσεται.</span> <span class='ocrx_word' id='word_1_140' title='bbox 1210 1608 1338 1664; x_wconf 80' lang='grc' dir='ltr'>Ἰδοὺ</span> <span class='ocrx_word' id='word_1_141' title='bbox 1365 1611 1463 1681; x_wconf 90' lang='grc' dir='ltr'>μία</span> <span class='ocrx_word' id='word_1_142' title='bbox 1487 1612 1729 1676; x_wconf 88' lang='grc' dir='ltr'>κόλασις.</span> <span class='ocrx_word' id='word_1_143' title='bbox 1757 1613 1950 1679; x_wconf 77' lang='grc' dir='ltr'>Αὐτός</span> 
     </span>
    </p>
   </div>
   <div class='ocr_carea' id='block_1_19' title="bbox 376 1685 1950 1763">
    <p class='ocr_par' dir='ltr' id='par_1_19' title="bbox 376 1685 1950 1763">
     <span class='ocr_line' id='line_1_19' title="bbox 376 1685 1950 1763; baseline 0.008 -24"><span class='ocrx_word' id='word_1_144' title='bbox 376 1685 445 1740; x_wconf 80' lang='grc' dir='ltr'>δὲ</span> <span class='ocrx_word' id='word_1_145' title='bbox 479 1686 843 1755; x_wconf 82' lang='grc' dir='ltr'>σωθήσεται,</span> <span class='ocrx_word' id='word_1_146' title='bbox 873 1690 1026 1745; x_wconf 82' lang='grc' dir='ltr'>οὕτω</span> <span class='ocrx_word' id='word_1_147' title='bbox 1067 1691 1137 1746; x_wconf 81' lang='grc' dir='ltr'>δὲ</span> <span class='ocrx_word' id='word_1_148' title='bbox 1175 1693 1258 1760; x_wconf 82' lang='grc' dir='ltr'>ὡς</span> <span class='ocrx_word' id='word_1_149' title='bbox 1287 1693 1387 1749; x_wconf 80' lang='grc' dir='ltr'>διὰ</span> <span class='ocrx_word' id='word_1_150' title='bbox 1419 1695 1630 1763; x_wconf 74' lang='grc' dir='ltr'>πυρός.</span> <span class='ocrx_word' id='word_1_151' title='bbox 1682 1696 1814 1751; x_wconf 78' lang='grc' dir='ltr'>Ἰδοὺ</span> <span class='ocrx_word' id='word_1_152' title='bbox 1854 1698 1950 1751; x_wconf 73' lang='grc' dir='ltr'>καὶ</span> 
     </span>
    </p>
   </div>
   <div class='ocr_carea' id='block_1_20' title="bbox 374 1769 1950 1849">
    <p class='ocr_par' dir='ltr' id='par_1_20' title="bbox 374 1769 1950 1849">
     <span class='ocr_line' id='line_1_20' title="bbox 374 1769 1950 1849; baseline 0.006 -26"><span class='ocrx_word' id='word_1_153' title='bbox 374 1769 623 1841; x_wconf 84' lang='grc' dir='ltr'>δευτέρα.</span> <span class='ocrx_word' id='word_1_154' title='bbox 664 1772 731 1824; x_wconf 84' lang='grc' dir='ltr'>’⁸ο</span> <span class='ocrx_word' id='word_1_155' title='bbox 761 1770 818 1825; x_wconf 74' lang='grc' dir='ltr'>δὲ</span> <span class='ocrx_word' id='word_1_156' title='bbox 845 1771 1029 1842; x_wconf 87' lang='grc' dir='ltr'>λέγει,</span> <span class='ocrx_word' id='word_1_157' title='bbox 1062 1773 1221 1829; x_wconf 89' lang='grc' dir='ltr'>τοῦτό</span> <span class='ocrx_word' id='word_1_158' title='bbox 1264 1776 1413 1830; x_wconf 87' lang='grc' dir='ltr'>ἐστιν</span> <span class='ocrx_word' id='word_1_159' title='bbox 1436 1792 1452 1809; x_wconf 95' lang='grc'>·</span> <span class='ocrx_word' id='word_1_160' title='bbox 1484 1777 1619 1849; x_wconf 74' lang='grc' dir='ltr'>Οὐχὶ</span> <span class='ocrx_word' id='word_1_161' title='bbox 1652 1779 1746 1835; x_wconf 80' lang='grc' dir='ltr'>καὶ</span> <span class='ocrx_word' id='word_1_162' title='bbox 1784 1779 1950 1843; x_wconf 82' lang='grc' dir='ltr'>αὐτὸς</span> 
     </span>
    </p>
   </div>
   <div class='ocr_carea' id='block_1_21' title="bbox 378 1849 1946 1932">
    <p class='ocr_par' dir='ltr' id='par_1_21' title="bbox 378 1849 1946 1932">
     <span class='ocr_line' id='line_1_21' title="bbox 378 1849 1946 1932; baseline 0.008 -26"><span class='ocrx_word' id='word_1_163' title='bbox 378 1849 549 1916; x_wconf 70' lang='grc' dir='ltr'>οὕτως</span> <span class='ocrx_word' id='word_1_164' title='bbox 584 1853 891 1921; x_wconf 86' lang='grc' dir='ltr'>ἀπολεῖται,</span> <span class='ocrx_word' id='word_1_165' title='bbox 922 1856 998 1921; x_wconf 85' lang='grc' dir='ltr'>ῶς</span> <span class='ocrx_word' id='word_1_166' title='bbox 1028 1856 1095 1909; x_wconf 84' lang='grc' dir='ltr'>τὰ</span> <span class='ocrx_word' id='word_1_167' title='bbox 1121 1856 1279 1928; x_wconf 85' lang='grc' dir='ltr'>ἔργα,</span> <span class='ocrx_word' id='word_1_168' title='bbox 1311 1858 1393 1921; x_wconf 85' lang='grc' dir='ltr'>είς</span> <span class='ocrx_word' id='word_1_169' title='bbox 1423 1859 1485 1913; x_wconf 78' lang='grc' dir='ltr'>τὸ</span> <span class='ocrx_word' id='word_1_170' title='bbox 1522 1860 1689 1931; x_wconf 76' lang='grc' dir='ltr'>μηδὲν</span> <span class='ocrx_word' id='word_1_171' title='bbox 1720 1862 1946 1932; x_wconf 88' lang='grc' dir='ltr'>χωρῶν·</span> 
     </span>
    </p>
   </div>
   <div class='ocr_carea' id='block_1_22' title="bbox 377 1934 1948 2016">
    <p class='ocr_par' dir='ltr' id='par_1_22' title="bbox 377 1934 1948 2016">
     <span class='ocr_line' id='line_1_22' title="bbox 377 1934 1948 2016; baseline 0.008 -29"><span class='ocrx_word' id='word_1_172' title='bbox 377 1934 511 1988; x_wconf 81' lang='grc' dir='ltr'>ἀλλά</span> <span class='ocrx_word' id='word_1_173' title='bbox 538 1937 693 2007; x_wconf 89' lang='grc' dir='ltr'>μενεῖ</span> <span class='ocrx_word' id='word_1_174' title='bbox 732 1938 790 1991; x_wconf 81' lang='grc' dir='ltr'>ἐν</span> <span class='ocrx_word' id='word_1_175' title='bbox 820 1936 897 2008; x_wconf 83' lang='grc' dir='ltr'>τῷ</span> <span class='ocrx_word' id='word_1_176' title='bbox 930 1938 1080 2009; x_wconf 80' lang='grc' dir='ltr'>πυρί.</span> <span class='ocrx_word' id='word_1_177' title='bbox 1114 1939 1397 2011; x_wconf 86' lang='grc' dir='ltr'>Σωτηρίαν</span> <span class='ocrx_word' id='word_1_178' title='bbox 1437 1942 1568 2011; x_wconf 91' lang='grc' dir='ltr'>γοῦν</span> <span class='ocrx_word' id='word_1_179' title='bbox 1606 1943 1668 1998; x_wconf 80' lang='grc' dir='ltr'>τὸ</span> <span class='ocrx_word' id='word_1_180' title='bbox 1713 1946 1948 2016; x_wconf 73' lang='grc' dir='ltr'>πρᾶγμα</span> 
     </span>
    </p>
   </div>
   <div class='ocr_carea' id='block_1_23' title="bbox 377 2017 1943 2098">
    <p class='ocr_par' dir='ltr' id='par_1_23' title="bbox 377 2017 1943 2098">
     <span class='ocr_line' id='line_1_23' title="bbox 377 2017 1943 2098; baseline 0.006 -29"><span class='ocrx_word' id='word_1_181' title='bbox 377 2017 554 2080; x_wconf 80' lang='grc' dir='ltr'>καλεῖ,</span> <span class='ocrx_word' id='word_1_182' title='bbox 592 2019 750 2089; x_wconf 89' lang='grc' dir='ltr'>φησί.</span> <span class='ocrx_word' id='word_1_183' title='bbox 791 2020 903 2090; x_wconf 77' lang='grc' dir='ltr'>Οὐχ</span> <span class='ocrx_word' id='word_1_184' title='bbox 944 2019 1164 2085; x_wconf 82' lang='grc' dir='ltr'>ἁπλῶς·</span> <span class='ocrx_word' id='word_1_185' title='bbox 1195 2021 1285 2076; x_wconf 83' lang='grc' dir='ltr'>διὰ</span> <span class='ocrx_word' id='word_1_186' title='bbox 1317 2022 1475 2078; x_wconf 89' lang='grc' dir='ltr'>τοῦτο</span> <span class='ocrx_word' id='word_1_187' title='bbox 1517 2036 1543 2065; x_wconf 82' lang='grc' dir='ltr'>ι</span> <span class='ocrx_word' id='word_1_188' title='bbox 1583 2026 1943 2098; x_wconf 75' lang='grc' dir='ltr'>προσέθηκεν·</span> 
     </span>
    </p>
   </div>
   <div class='ocr_carea' id='block_1_24' title="bbox 386 2099 1947 2178">
    <p class='ocr_par' dir='ltr' id='par_1_24' title="bbox 386 2099 1947 2178">
     <span class='ocr_line' id='line_1_24' title="bbox 386 2099 1947 2178; baseline 0.004 -23"><span class='ocrx_word' id='word_1_189' title='bbox 386 2099 487 2167; x_wconf 81' lang='grc' dir='ltr'>Ὠς</span> <span class='ocrx_word' id='word_1_190' title='bbox 508 2099 609 2155; x_wconf 78' lang='grc' dir='ltr'>διὰ</span> <span class='ocrx_word' id='word_1_191' title='bbox 636 2102 843 2172; x_wconf 67' lang='grc' dir='ltr'>πυρός.</span> <span class='ocrx_word' id='word_1_192' title='bbox 870 2103 982 2156; x_wconf 71' lang='grc' dir='ltr'>Καὶ</span> <span class='ocrx_word' id='word_1_193' title='bbox 1002 2104 1109 2175; x_wconf 83' lang='grc' dir='ltr'>γάρ</span> <span class='ocrx_word' id='word_1_194' title='bbox 1131 2104 1225 2158; x_wconf 73' lang='grc' dir='ltr'>καὶ</span> <span class='ocrx_word' id='word_1_195' title='bbox 1251 2106 1385 2176; x_wconf 76' lang='grc' dir='ltr'>ἡμῖν</span> <span class='ocrx_word' id='word_1_196' title='bbox 1409 2105 1530 2171; x_wconf 83' lang='grc' dir='ltr'>ἔθος</span> <span class='ocrx_word' id='word_1_197' title='bbox 1550 2106 1750 2175; x_wconf 85' lang='grc' dir='ltr'>λέγειν,</span> <span class='ocrx_word' id='word_1_198' title='bbox 1768 2107 1947 2178; x_wconf 85' lang='grc' dir='ltr'>Ἐντῷ</span> 
     </span>
    </p>
   </div>
   <div class='ocr_carea' id='block_1_25' title="bbox 376 2182 1950 2262">
    <p class='ocr_par' dir='ltr' id='par_1_25' title="bbox 376 2182 1950 2262">
     <span class='ocr_line' id='line_1_25' title="bbox 376 2182 1950 2262; baseline 0.006 -27"><span class='ocrx_word' id='word_1_199' title='bbox 376 2185 511 2255; x_wconf 74' lang='grc' dir='ltr'>πυρὶ</span> <span class='ocrx_word' id='word_1_200' title='bbox 542 2182 798 2248; x_wconf 81' lang='grc' dir='ltr'>σώζεται,</span> <span class='ocrx_word' id='word_1_201' title='bbox 833 2184 962 2262; x_wconf 72' lang='grc' dir='ltr'>περὶ</span> <span class='ocrx_word' id='word_1_202' title='bbox 991 2186 1102 2239; x_wconf 91' lang='grc' dir='ltr'>τῶν</span> <span class='ocrx_word' id='word_1_203' title='bbox 1134 2187 1208 2258; x_wconf 78' lang='grc' dir='ltr'>μὴ</span> <span class='ocrx_word' id='word_1_204' title='bbox 1236 2190 1688 2260; x_wconf 82' lang='grc' dir='ltr'>κατακαιομένων</span> <span class='ocrx_word' id='word_1_205' title='bbox 1726 2186 1820 2246; x_wconf 76' lang='grc' dir='ltr'>καὶ</span> <span class='ocrx_word' id='word_1_206' title='bbox 1861 2207 1950 2244; x_wconf 90' lang='grc' dir='ltr'>τε-</span> 
     </span>
    </p>
   </div>
   <div class='ocr_carea' id='block_1_26' title="bbox 376 2266 1949 2345">
    <p class='ocr_par' dir='ltr' id='par_1_26' title="bbox 376 2266 1949 2345">
     <span class='ocr_line' id='line_1_26' title="bbox 376 2266 1949 2345; baseline 0.008 -29"><span class='ocrx_word' id='word_1_207' title='bbox 376 2266 701 2337; x_wconf 84' lang='grc' dir='ltr'>φρουμένων</span> <span class='ocrx_word' id='word_1_208' title='bbox 728 2267 931 2332; x_wconf 77' lang='grc' dir='ltr'>εὐθέως</span> <span class='ocrx_word' id='word_1_209' title='bbox 956 2267 1117 2324; x_wconf 81' lang='grc' dir='ltr'>ὑλῶν.</span> <span class='ocrx_word' id='word_1_210' title='bbox 1148 2271 1239 2342; x_wconf 84' lang='grc' dir='ltr'>Μὴ</span> <span class='ocrx_word' id='word_1_211' title='bbox 1268 2267 1382 2345; x_wconf 81' lang='grc' dir='ltr'>οὖν,</span> <span class='ocrx_word' id='word_1_212' title='bbox 1414 2273 1604 2344; x_wconf 76' lang='grc' dir='ltr'>ἐπειδὴ</span> <span class='ocrx_word' id='word_1_213' title='bbox 1642 2273 1752 2345; x_wconf 88' lang='grc' dir='ltr'>πῦρ</span> <span class='ocrx_word' id='word_1_214' title='bbox 1779 2275 1949 2345; x_wconf 71' lang='grc' dir='ltr'>ηκου-</span> 
     </span>
    </p>
   </div>
   <div class='ocr_carea' id='block_1_27' title="bbox 375 2350 1946 2428">
    <p class='ocr_par' dir='ltr' id='par_1_27' title="bbox 375 2350 1946 2428">
     <span class='ocr_line' id='line_1_27' title="bbox 375 2350 1946 2428; baseline 0.007 -26"><span class='ocrx_word' id='word_1_215' title='bbox 375 2366 500 2412; x_wconf 88' lang='grc' dir='ltr'>σας,</span> <span class='ocrx_word' id='word_1_216' title='bbox 522 2350 752 2423; x_wconf 74' lang='grc' dir='ltr'>νομίσῃς</span> <span class='ocrx_word' id='word_1_217' title='bbox 769 2353 849 2414; x_wconf 87' lang='grc' dir='ltr'>είς</span> <span class='ocrx_word' id='word_1_218' title='bbox 869 2351 1209 2424; x_wconf 82' lang='grc' dir='ltr'>ἀνυπαρξίαν</span> <span class='ocrx_word' id='word_1_219' title='bbox 1235 2356 1436 2426; x_wconf 80' lang='grc' dir='ltr'>χωρεῖν</span> <span class='ocrx_word' id='word_1_220' title='bbox 1451 2358 1574 2420; x_wconf 82' lang='grc' dir='ltr'>τοὺς</span> <span class='ocrx_word' id='word_1_221' title='bbox 1603 2361 1946 2428; x_wconf 78' lang='grc' dir='ltr'>καιομένους.</span> 
     </span>
    </p>
   </div>
   <div class='ocr_carea' id='block_1_28' title="bbox 373 2432 1950 2517">
    <p class='ocr_par' dir='ltr' id='par_1_28' title="bbox 373 2432 1950 2517">
     <span class='ocr_line' id='line_1_28' title="bbox 373 2432 1950 2517; baseline 0.006 -32"><span class='ocrx_word' id='word_1_222' title='bbox 373 2432 440 2517; x_wconf 61' lang='grc' dir='ltr'>ξΞί</span> <span class='ocrx_word' id='word_1_223' title='bbox 464 2432 522 2486; x_wconf 80' lang='grc' dir='ltr'>δὲ</span> <span class='ocrx_word' id='word_1_224' title='bbox 548 2434 820 2517; x_wconf 80' lang='grc' dir='ltr'>σωτηρίαν</span> <span class='ocrx_word' id='word_1_225' title='bbox 841 2435 937 2488; x_wconf 69' lang='grc' dir='ltr'>καὶ</span> <span class='ocrx_word' id='word_1_226' title='bbox 964 2436 1063 2505; x_wconf 78' lang='grc' dir='ltr'>τὴν</span> <span class='ocrx_word' id='word_1_227' title='bbox 1080 2438 1336 2507; x_wconf 80' lang='grc' dir='ltr'>τοιαύτην</span> <span class='ocrx_word' id='word_1_228' title='bbox 1365 2440 1634 2511; x_wconf 84' lang='grc' dir='ltr'>τιμωρίαν</span> <span class='ocrx_word' id='word_1_229' title='bbox 1662 2441 1839 2502; x_wconf 85' lang='grc' dir='ltr'>καλεῖ,</span> <span class='ocrx_word' id='word_1_230' title='bbox 1873 2441 1950 2517; x_wconf 85' lang='grc' dir='ltr'>μὴ</span> 
     </span>
    </p>
   </div>
   <div class='ocr_carea' id='block_1_29' title="bbox 372 2514 1956 2593">
    <p class='ocr_par' dir='ltr' id='par_1_29' title="bbox 372 2514 1956 2593">
     <span class='ocr_line' id='line_1_29' title="bbox 372 2514 1956 2593; baseline 0.008 -25"><span class='ocrx_word' id='word_1_231' title='bbox 372 2514 665 2588; x_wconf 71' lang='grc' dir='ltr'>θαυμάσῃς</span> <span class='ocrx_word' id='word_1_232' title='bbox 688 2535 702 2548; x_wconf 87' lang='grc'>·</span> <span class='ocrx_word' id='word_1_233' title='bbox 737 2516 859 2580; x_wconf 87' lang='grc' dir='ltr'>ἔθος</span> <span class='ocrx_word' id='word_1_234' title='bbox 888 2518 998 2587; x_wconf 78' lang='grc' dir='ltr'>γὰρ</span> <span class='ocrx_word' id='word_1_235' title='bbox 1020 2519 1169 2590; x_wconf 76' lang='grc' dir='ltr'>αὐτῷ</span> <span class='ocrx_word' id='word_1_236' title='bbox 1198 2522 1293 2574; x_wconf 74' lang='grc' dir='ltr'>καὶ</span> <span class='ocrx_word' id='word_1_237' title='bbox 1318 2522 1411 2574; x_wconf 72' lang='grc' dir='ltr'>ἐπὶ</span> <span class='ocrx_word' id='word_1_238' title='bbox 1445 2522 1555 2576; x_wconf 89' lang='grc' dir='ltr'>τῶν</span> <span class='ocrx_word' id='word_1_239' title='bbox 1583 2514 1956 2593; x_wconf 79' lang='grc' dir='ltr'>κακεμφάτων.</span> 
     </span>
    </p>
   </div>
   <div class='ocr_carea' id='block_1_30' title="bbox 374 2600 1951 2679">
    <p class='ocr_par' dir='ltr' id='par_1_30' title="bbox 374 2600 1951 2679">
     <span class='ocr_line' id='line_1_30' title="bbox 374 2600 1951 2679; baseline 0.005 -26"><span class='ocrx_word' id='word_1_240' title='bbox 374 2600 567 2663; x_wconf 81' lang='grc' dir='ltr'>καλοῖς</span> <span class='ocrx_word' id='word_1_241' title='bbox 589 2600 809 2671; x_wconf 85' lang='grc' dir='ltr'>ὀνόμασι</span> <span class='ocrx_word' id='word_1_242' title='bbox 832 2601 1154 2672; x_wconf 86' lang='grc' dir='ltr'>κεχρῆσθαι,</span> <span class='ocrx_word' id='word_1_243' title='bbox 1177 2606 1273 2658; x_wconf 75' lang='grc' dir='ltr'>καὶ</span> <span class='ocrx_word' id='word_1_244' title='bbox 1310 2605 1403 2658; x_wconf 76' lang='grc' dir='ltr'>ἐπὶ</span> <span class='ocrx_word' id='word_1_245' title='bbox 1435 2606 1543 2659; x_wconf 89' lang='grc' dir='ltr'>τῶν</span> <span class='ocrx_word' id='word_1_246' title='bbox 1567 2608 1817 2679; x_wconf 84' lang='grc' dir='ltr'>χρηστῶν</span> <span class='ocrx_word' id='word_1_247' title='bbox 1838 2611 1951 2672; x_wconf 90' lang='grc' dir='ltr'>τοῖς</span> 
     </span>
    </p>
   </div>
   <div class='ocr_carea' id='block_1_31' title="bbox 372 2679 1949 2761">
    <p class='ocr_par' dir='ltr' id='par_1_31' title="bbox 372 2679 1949 2761">
     <span class='ocr_line' id='line_1_31' title="bbox 372 2679 1949 2761; baseline 0.005 -26"><span class='ocrx_word' id='word_1_248' title='bbox 372 2681 665 2746; x_wconf 70' lang='grc' dir='ltr'>ἐναντίοις.</span> <span class='ocrx_word' id='word_1_249' title='bbox 687 2679 832 2748; x_wconf 74' lang='grc' dir='ltr'>Οἷον,</span> <span class='ocrx_word' id='word_1_250' title='bbox 861 2684 922 2738; x_wconf 85' lang='grc' dir='ltr'>τὸ</span> <span class='ocrx_word' id='word_1_251' title='bbox 954 2685 1053 2755; x_wconf 82' lang='grc' dir='ltr'>τῆς</span> <span class='ocrx_word' id='word_1_252' title='bbox 1077 2687 1452 2756; x_wconf 75' lang='grc' dir='ltr'>αἰχμαλωσίας</span> <span class='ocrx_word' id='word_1_253' title='bbox 1488 2690 1677 2760; x_wconf 75' lang='grc' dir='ltr'>ὄνομα,</span> <span class='ocrx_word' id='word_1_254' title='bbox 1713 2690 1949 2761; x_wconf 87' lang='grc' dir='ltr'>πονηροῦ</span> 
     </span>
    </p>
   </div>
   <div class='ocr_carea' id='block_1_32' title="bbox 376 2763 1954 2841">
    <p class='ocr_par' dir='ltr' id='par_1_32' title="bbox 376 2763 1954 2841">
     <span class='ocr_line' id='line_1_32' title="bbox 376 2763 1954 2841; baseline 0.005 -24"><span class='ocrx_word' id='word_1_255' title='bbox 376 2764 707 2835; x_wconf 84' lang='grc' dir='ltr'>πράγματος</span> <span class='ocrx_word' id='word_1_256' title='bbox 733 2765 883 2819; x_wconf 86' lang='grc' dir='ltr'>δοκεῖ</span> <span class='ocrx_word' id='word_1_257' title='bbox 910 2763 1049 2820; x_wconf 75' lang='grc' dir='ltr'>εἶναι.</span> <span class='ocrx_word' id='word_1_258' title='bbox 1080 2767 1250 2839; x_wconf 64' lang='grc' dir='ltr'>ὄνομα</span> <span class='ocrx_word' id='word_1_259' title='bbox 1273 2784 1285 2799; x_wconf 96' lang='grc'>·</span> <span class='ocrx_word' id='word_1_260' title='bbox 1314 2768 1430 2822; x_wconf 70' lang='grc' dir='ltr'>ἀλλ’</span> <span class='ocrx_word' id='word_1_261' title='bbox 1448 2770 1540 2823; x_wconf 77' lang='grc' dir='ltr'>ἐπὶ</span> <span class='ocrx_word' id='word_1_262' title='bbox 1565 2770 1715 2841; x_wconf 85' lang='grc' dir='ltr'>καλῷ</span> <span class='ocrx_word' id='word_1_263' title='bbox 1740 2771 1954 2836; x_wconf 81' lang='grc' dir='ltr'>Παῦλος</span> 
     </span>
    </p>
   </div>
   <div class='ocr_carea' id='block_1_33' title="bbox 374 2847 1954 2925">
    <p class='ocr_par' dir='ltr' id='par_1_33' title="bbox 374 2847 1954 2925">
     <span class='ocr_line' id='line_1_33' title="bbox 374 2847 1954 2925; baseline 0.005 -23"><span class='ocrx_word' id='word_1_264' title='bbox 374 2847 527 2919; x_wconf 79' lang='grc' dir='ltr'>αὐτῷ</span> <span class='ocrx_word' id='word_1_265' title='bbox 549 2849 815 2921; x_wconf 87' lang='grc' dir='ltr'>κέχρηται</span> <span class='ocrx_word' id='word_1_266' title='bbox 840 2849 1034 2918; x_wconf 83' lang='grc' dir='ltr'>λέγων·</span> <span class='ocrx_word' id='word_1_267' title='bbox 1058 2851 1597 2920; x_wconf 74' lang='grc' dir='ltr'>Αίχμαλωτίζοντες</span> <span class='ocrx_word' id='word_1_268' title='bbox 1615 2854 1739 2910; x_wconf 84' lang='grc' dir='ltr'>πᾶν</span> <span class='ocrx_word' id='word_1_269' title='bbox 1760 2858 1954 2925; x_wconf 80' lang='grc' dir='ltr'>νόημα</span> 
     </span>
    </p>
   </div>
   <div class='ocr_carea' id='block_1_34' title="bbox 375 2930 1956 3007">
    <p class='ocr_par' dir='ltr' id='par_1_34' title="bbox 375 2930 1956 3007">
     <span class='ocr_line' id='line_1_34' title="bbox 375 2930 1956 3007; baseline 0.004 -22"><span class='ocrx_word' id='word_1_270' title='bbox 375 2933 470 2996; x_wconf 63' lang='grc' dir='ltr'>εις</span> <span class='ocrx_word' id='word_1_271' title='bbox 509 2930 626 2999; x_wconf 77' lang='grc' dir='ltr'>τὴν</span> <span class='ocrx_word' id='word_1_272' title='bbox 646 2932 929 2999; x_wconf 77' lang='grc' dir='ltr'>ὑπακοὴν</span> <span class='ocrx_word' id='word_1_273' title='bbox 969 2932 1073 2988; x_wconf 88' lang='grc' dir='ltr'>τοῦ</span> <span class='ocrx_word' id='word_1_274' title='bbox 1097 2934 1375 3002; x_wconf 83' lang='grc' dir='ltr'>Χριστοῦ.</span> <span class='ocrx_word' id='word_1_275' title='bbox 1406 2936 1517 3001; x_wconf 70' lang='grc' dir='ltr'>καὶ</span> <span class='ocrx_word' id='word_1_276' title='bbox 1540 2937 1633 2990; x_wconf 82' lang='grc' dir='ltr'>ἐπὶ</span> <span class='ocrx_word' id='word_1_277' title='bbox 1668 2937 1822 3007; x_wconf 87' lang='grc' dir='ltr'>κακῷ</span> <span class='ocrx_word' id='word_1_278' title='bbox 1851 2938 1956 2992; x_wconf 86' lang='grc' dir='ltr'>πά-</span> 
     </span>
    </p>
   </div>
   <div class='ocr_carea' id='block_1_35' title="bbox 367 3014 1956 3088">
    <p class='ocr_par' dir='ltr' id='par_1_35' title="bbox 367 3014 1956 3088">
     <span class='ocr_line' id='line_1_35' title="bbox 367 3014 1956 3088; baseline 0.008 -23"><span class='ocrx_word' id='word_1_279' title='bbox 367 3014 464 3081; x_wconf 76' lang='grc' dir='ltr'>λιν</span> <span class='ocrx_word' id='word_1_280' title='bbox 497 3014 730 3088; x_wconf 76' lang='grc' dir='ltr'>εύφήμῳ</span> <span class='ocrx_word' id='word_1_281' title='bbox 781 3015 1045 3088; x_wconf 80' lang='grc' dir='ltr'>κέχρηται</span> <span class='ocrx_word' id='word_1_282' title='bbox 1081 3015 1327 3088; x_wconf 82' lang='grc' dir='ltr'>ὀνόματι,</span> <span class='ocrx_word' id='word_1_283' title='bbox 1362 3017 1557 3087; x_wconf 90' lang='grc' dir='ltr'>λέγων·</span> <span class='ocrx_word' id='word_1_284' title='bbox 1607 3021 1956 3077; x_wconf 73' lang='grc' dir='ltr'>Ἐϐασίλευ-</span> 
     </span>
    </p>
   </div>
   <div class='ocr_carea' id='block_1_36' title="bbox 367 3099 1959 3177">
    <p class='ocr_par' dir='ltr' id='par_1_36' title="bbox 367 3099 1959 3177">
     <span class='ocr_line' id='line_1_36' title="bbox 367 3099 1959 3177; baseline 0.005 -23"><span class='ocrx_word' id='word_1_285' title='bbox 367 3114 492 3154; x_wconf 78' lang='grc' dir='ltr'>σεν</span> <span class='ocrx_word' id='word_1_286' title='bbox 520 3100 557 3167; x_wconf 78' lang='grc' dir='ltr'><strong><em>ἠ</em></strong></span> <span class='ocrx_word' id='word_1_287' title='bbox 588 3099 841 3171; x_wconf 79' lang='grc' dir='ltr'>ἁμαρτία</span> <span class='ocrx_word' id='word_1_288' title='bbox 863 3116 878 3130; x_wconf 90' lang='grc'>·</span> <span class='ocrx_word' id='word_1_289' title='bbox 926 3099 1105 3154; x_wconf 87' lang='grc' dir='ltr'>καίτοι</span> <span class='ocrx_word' id='word_1_290' title='bbox 1133 3118 1197 3170; x_wconf 85' lang='grc' dir='ltr'>γε</span> <span class='ocrx_word' id='word_1_291' title='bbox 1235 3102 1296 3155; x_wconf 85' lang='grc' dir='ltr'>τὸ</span> <span class='ocrx_word' id='word_1_292' title='bbox 1323 3102 1423 3172; x_wconf 85' lang='grc' dir='ltr'>τῆς</span> <span class='ocrx_word' id='word_1_293' title='bbox 1471 3102 1746 3173; x_wconf 85' lang='grc' dir='ltr'>βασιλείας</span> <span class='ocrx_word' id='word_1_294' title='bbox 1784 3106 1959 3177; x_wconf 72' lang='grc' dir='ltr'>ὄνομα</span> 
     </span>
    </p>
   </div>
   <div class='ocr_carea' id='block_1_37' title="bbox 370 3181 1957 3255">
    <p class='ocr_par' dir='ltr' id='par_1_37' title="bbox 370 3181 1957 3255">
     <span class='ocr_line' id='line_1_37' title="bbox 370 3181 1957 3255; baseline 0.004 -18"><span class='ocrx_word' id='word_1_295' title='bbox 370 3181 625 3252; x_wconf 72' lang='grc' dir='ltr'>εὖφημόν</span> <span class='ocrx_word' id='word_1_296' title='bbox 650 3186 765 3236; x_wconf 80' lang='grc' dir='ltr'>ἐστι</span> <span class='ocrx_word' id='word_1_297' title='bbox 796 3182 1015 3255; x_wconf 78' lang='grc' dir='ltr'>μᾶλλον.</span> <span class='ocrx_word' id='word_1_298' title='bbox 1044 3182 1203 3237; x_wconf 80' lang='grc' dir='ltr'>Οὕτω</span> <span class='ocrx_word' id='word_1_299' title='bbox 1233 3183 1326 3237; x_wconf 80' lang='grc' dir='ltr'>καὶ</span> <span class='ocrx_word' id='word_1_300' title='bbox 1353 3186 1588 3240; x_wconf 80' lang='grc' dir='ltr'>ἐνταῦθα</span> <span class='ocrx_word' id='word_1_301' title='bbox 1608 3186 1797 3252; x_wconf 74' lang='grc' dir='ltr'>εἰπὼν,</span> <span class='ocrx_word' id='word_1_302' title='bbox 1834 3193 1957 3243; x_wconf 87' lang='grc' dir='ltr'>Σω-</span> 
     </span>
    </p>
   </div>
   <div class='ocr_carea' id='block_1_38' title="bbox 370 3258 1956 3343">
    <p class='ocr_par' dir='ltr' id='par_1_38' title="bbox 370 3258 1956 3343">
     <span class='ocr_line' id='line_1_38' title="bbox 370 3258 1956 3343; baseline 0.003 -23"><span class='ocrx_word' id='word_1_303' title='bbox 370 3258 652 3331; x_wconf 60' lang='lat' dir='ltr'>(nidum,</span> <span class='ocrx_word' id='word_1_304' title='bbox 691 3265 844 3331; x_wconf 71' lang='grc' dir='ltr'>οὐδὲν</span> <span class='ocrx_word' id='word_1_305' title='bbox 869 3265 1054 3335; x_wconf 87' lang='grc' dir='ltr'>ἔτερον</span> <span class='ocrx_word' id='word_1_306' title='bbox 1084 3263 1117 3336; x_wconf 81' lang='grc' dir='ltr'><strong>ἦ</strong></span> <span class='ocrx_word' id='word_1_307' title='bbox 1142 3266 1241 3336; x_wconf 79' lang='grc' dir='ltr'>τὴν</span> <span class='ocrx_word' id='word_1_308' title='bbox 1280 3266 1531 3323; x_wconf 80' lang='grc' dir='ltr'>ἐπίτασιν</span> <span class='ocrx_word' id='word_1_309' title='bbox 1561 3269 1660 3339; x_wconf 82' lang='grc' dir='ltr'>τῆς</span> <span class='ocrx_word' id='word_1_310' title='bbox 1686 3271 1956 3343; x_wconf 79' lang='grc' dir='ltr'>τιμωρίας</span> 
     </span>
    </p>
   </div>
   <div class='ocr_carea' id='block_1_39' title="bbox 368 3346 1957 3425">
    <p class='ocr_par' dir='ltr' id='par_1_39' title="bbox 368 3346 1957 3425">
     <span class='ocr_line' id='line_1_39' title="bbox 368 3346 1957 3425; baseline 0.007 -28"><span class='ocrx_word' id='word_1_311' title='bbox 368 3347 641 3420; x_wconf 56' lang='grc' dir='ltr'>⁴ᾐνίξατο,</span> <span class='ocrx_word' id='word_1_312' title='bbox 676 3346 875 3403; x_wconf 77' lang='grc' dir='ltr'>ὡσανεὶ</span> <span class='ocrx_word' id='word_1_313' title='bbox 918 3346 1103 3415; x_wconf 82' lang='grc' dir='ltr'>ἔλεγεν</span> <span class='ocrx_word' id='word_1_314' title='bbox 1129 3362 1144 3378; x_wconf 93' lang='grc'>·</span> <span class='ocrx_word' id='word_1_315' title='bbox 1188 3347 1361 3413; x_wconf 79' lang='grc' dir='ltr'>Αὐτὸς</span> <span class='ocrx_word' id='word_1_316' title='bbox 1403 3349 1459 3411; x_wconf 76' lang='grc' dir='ltr'>δὲ</span> <span class='ocrx_word' id='word_1_317' title='bbox 1502 3355 1657 3421; x_wconf 87' lang='grc' dir='ltr'>μενεῖ</span> <span class='ocrx_word' id='word_1_318' title='bbox 1694 3353 1957 3425; x_wconf 84' lang='grc' dir='ltr'>διηνεκῶς</span> 
     </span>
    </p>
   </div>
   <div class='ocr_carea' id='block_1_40' title="bbox 370 3425 1957 3501">
    <p class='ocr_par' dir='ltr' id='par_1_40' title="bbox 370 3425 1957 3501">
     <span class='ocr_line' id='line_1_40' title="bbox 370 3425 1957 3501; baseline 0.006 -20"><span class='ocrx_word' id='word_1_319' title='bbox 370 3427 762 3498; x_wconf 77' lang='grc' dir='ltr'>κολαζόμενος.</span> <span class='ocrx_word' id='word_1_320' title='bbox 799 3425 932 3482; x_wconf 83' lang='grc' dir='ltr'>Εἶτα</span> <span class='ocrx_word' id='word_1_321' title='bbox 956 3430 1052 3483; x_wconf 81' lang='grc' dir='ltr'>καὶ</span> <span class='ocrx_word' id='word_1_322' title='bbox 1075 3429 1328 3501; x_wconf 75' lang='grc' dir='ltr'>ἐπιφέρει</span> <span class='ocrx_word' id='word_1_323' title='bbox 1361 3431 1533 3501; x_wconf 86' lang='grc' dir='ltr'>λέγων</span> <span class='ocrx_word' id='word_1_324' title='bbox 1555 3449 1568 3464; x_wconf 93' lang='grc'>·</span> <span class='ocrx_word' id='word_1_325' title='bbox 1599 3436 1722 3489; x_wconf 82' lang='grc' dir='ltr'>Οὐκ</span> <span class='ocrx_word' id='word_1_326' title='bbox 1754 3436 1957 3492; x_wconf 79' lang='grc' dir='ltr'>οῖδατε</span> 
     </span>
    </p>
   </div>
   <div class='ocr_carea' id='block_1_41' title="bbox 375 3510 1957 3587">
    <p class='ocr_par' dir='ltr' id='par_1_41' title="bbox 375 3510 1957 3587">
     <span class='ocr_line' id='line_1_41' title="bbox 375 3510 1957 3587; baseline 0.005 -22"><span class='ocrx_word' id='word_1_327' title='bbox 375 3512 468 3565; x_wconf 80' lang='grc' dir='ltr'>ὅτι</span> <span class='ocrx_word' id='word_1_328' title='bbox 494 3511 644 3578; x_wconf 74' lang='grc' dir='ltr'>ναὸς</span> <span class='ocrx_word' id='word_1_329' title='bbox 673 3510 822 3565; x_wconf 83' lang='grc' dir='ltr'>Θεοῦ</span> <span class='ocrx_word' id='word_1_330' title='bbox 854 3511 1031 3576; x_wconf 83' lang='grc' dir='ltr'>ὲστε;</span> <span class='ocrx_word' id='word_1_331' title='bbox 1073 3511 1290 3582; x_wconf 76' lang='grc' dir='ltr'>Ἐπειδὴ</span> <span class='ocrx_word' id='word_1_332' title='bbox 1331 3514 1438 3584; x_wconf 84' lang='grc' dir='ltr'>γὰρ</span> <span class='ocrx_word' id='word_1_333' title='bbox 1475 3516 1604 3587; x_wconf 72' lang='grc' dir='ltr'>περὶ</span> <span class='ocrx_word' id='word_1_334' title='bbox 1632 3516 1742 3572; x_wconf 86' lang='grc' dir='ltr'>τῶν</span> <span class='ocrx_word' id='word_1_335' title='bbox 1781 3518 1957 3573; x_wconf 83' lang='grc' dir='ltr'>διατε-</span> 
     </span>
    </p>
   </div>
   <div class='ocr_carea' id='block_1_42' title="bbox 378 3595 1953 3676">
    <p class='ocr_par' dir='ltr' id='par_1_42' title="bbox 378 3595 1953 3676">
     <span class='ocr_line' id='line_1_42' title="bbox 378 3595 1953 3676; baseline 0.006 -28"><span class='ocrx_word' id='word_1_336' title='bbox 378 3598 625 3668; x_wconf 82' lang='grc' dir='ltr'>μνόντων</span> <span class='ocrx_word' id='word_1_337' title='bbox 648 3595 748 3667; x_wconf 78' lang='grc' dir='ltr'>τὴν</span> <span class='ocrx_word' id='word_1_338' title='bbox 789 3596 1117 3668; x_wconf 77' lang='grc' dir='ltr'>Ἐκκλησίαν</span> <span class='ocrx_word' id='word_1_339' title='bbox 1141 3601 1200 3652; x_wconf 85' lang='grc' dir='ltr'>ἐν</span> <span class='ocrx_word' id='word_1_340' title='bbox 1219 3601 1332 3664; x_wconf 88' lang='grc' dir='ltr'>τοῖς</span> <span class='ocrx_word' id='word_1_341' title='bbox 1355 3600 1664 3673; x_wconf 82' lang='grc' dir='ltr'>ἔμπροσθεν</span> <span class='ocrx_word' id='word_1_342' title='bbox 1686 3604 1953 3676; x_wconf 83' lang='grc' dir='ltr'>διελέχθη,</span> 
     </span>
    </p>
   </div>
   <div class='ocr_carea' id='block_1_43' title="bbox 375 3678 1956 3757">
    <p class='ocr_par' dir='ltr' id='par_1_43' title="bbox 375 3678 1956 3757">
     <span class='ocr_line' id='line_1_43' title="bbox 375 3678 1956 3757; baseline 0.003 -24"><span class='ocrx_word' id='word_1_343' title='bbox 375 3679 722 3739; x_wconf 72' lang='grc' dir='ltr'>καθάπτεται</span> <span class='ocrx_word' id='word_1_344' title='bbox 762 3678 947 3734; x_wconf 76' lang='grc' dir='ltr'>λοιπὸν</span> <span class='ocrx_word' id='word_1_345' title='bbox 992 3681 1212 3736; x_wconf 77' lang='grc' dir='ltr'>καὶτοῦ</span> <span class='ocrx_word' id='word_1_346' title='bbox 1256 3685 1725 3755; x_wconf 80' lang='grc' dir='ltr'>πεπορνευκότος,</span> <span class='ocrx_word' id='word_1_347' title='bbox 1772 3687 1956 3757; x_wconf 81' lang='grc' dir='ltr'>σαφῶς</span> 
     </span>
    </p>
   </div>
   <div class='ocr_carea' id='block_1_44' title="bbox 380 3763 1957 3839">
    <p class='ocr_par' dir='ltr' id='par_1_44' title="bbox 380 3763 1957 3839">
     <span class='ocr_line' id='line_1_44' title="bbox 380 3763 1957 3839; baseline 0.006 -24"><span class='ocrx_word' id='word_1_348' title='bbox 380 3763 481 3834; x_wconf 82' lang='grc' dir='ltr'>μὲν</span> <span class='ocrx_word' id='word_1_349' title='bbox 504 3763 738 3822; x_wconf 73' lang='grc' dir='ltr'>οὐδέπω.</span> <span class='ocrx_word' id='word_1_350' title='bbox 778 3763 1044 3834; x_wconf 78' lang='grc' dir='ltr'>ἀορίστως</span> <span class='ocrx_word' id='word_1_351' title='bbox 1084 3765 1160 3829; x_wconf 84' lang='grc' dir='ltr'>δὲ,</span> <span class='ocrx_word' id='word_1_352' title='bbox 1188 3766 1557 3837; x_wconf 76' lang='grc' dir='ltr'>αἰνιττόμενος</span> <span class='ocrx_word' id='word_1_353' title='bbox 1590 3770 1682 3822; x_wconf 76' lang='grc' dir='ltr'>τὸν</span> <span class='ocrx_word' id='word_1_354' title='bbox 1704 3769 1957 3839; x_wconf 83' lang='grc' dir='ltr'>διεφθαρ⁶</span> 
     </span>
    </p>
   </div>
   <div class='ocr_carea' id='block_1_45' title="bbox 383 3845 1955 3924">
    <p class='ocr_par' dir='ltr' id='par_1_45' title="bbox 383 3845 1955 3924">
     <span class='ocr_line' id='line_1_45' title="bbox 383 3845 1955 3924; baseline 0.004 -25"><span class='ocrx_word' id='word_1_355' title='bbox 383 3846 547 3918; x_wconf 78' lang='grc' dir='ltr'>μένον</span> <span class='ocrx_word' id='word_1_356' title='bbox 585 3845 753 3900; x_wconf 85' lang='grc' dir='ltr'>αὑτοῦ</span> <span class='ocrx_word' id='word_1_357' title='bbox 811 3847 959 3917; x_wconf 85' lang='grc' dir='ltr'>βίον,</span> <span class='ocrx_word' id='word_1_358' title='bbox 998 3848 1093 3902; x_wconf 81' lang='grc' dir='ltr'>καὶ</span> <span class='ocrx_word' id='word_1_359' title='bbox 1126 3850 1370 3922; x_wconf 83' lang='grc' dir='ltr'>ἐπαίρων</span> <span class='ocrx_word' id='word_1_360' title='bbox 1399 3850 1464 3904; x_wconf 78' lang='grc' dir='ltr'>τὸ</span> <span class='ocrx_word' id='word_1_361' title='bbox 1495 3852 1799 3924; x_wconf 82' lang='grc' dir='ltr'>ἁμάρτημα</span> <span class='ocrx_word' id='word_1_362' title='bbox 1846 3851 1955 3906; x_wconf 82' lang='grc' dir='ltr'>ἀπὸ</span> 
     </span>
    </p>
   </div>
   <div class='ocr_carea' id='block_1_46' title="bbox 377 3928 1954 4003">
    <p class='ocr_par' dir='ltr' id='par_1_46' title="bbox 377 3928 1954 4003">
     <span class='ocr_line' id='line_1_46' title="bbox 377 3928 1954 4003; baseline 0.007 -22"><span class='ocrx_word' id='word_1_363' title='bbox 377 3929 480 4000; x_wconf 74' lang='grc' dir='ltr'>τῆς</span> <span class='ocrx_word' id='word_1_364' title='bbox 505 3929 606 4000; x_wconf 73' lang='grc' dir='ltr'>ἥδη</span> <span class='ocrx_word' id='word_1_365' title='bbox 633 3929 880 4000; x_wconf 83' lang='grc' dir='ltr'>δοθείσης</span> <span class='ocrx_word' id='word_1_366' title='bbox 901 3930 1048 4001; x_wconf 82' lang='grc' dir='ltr'>αὑτῷ</span> <span class='ocrx_word' id='word_1_367' title='bbox 1070 3931 1298 4003; x_wconf 79' lang='grc' dir='ltr'>δωρεᾶς.</span> <span class='ocrx_word' id='word_1_368' title='bbox 1329 3929 1465 3991; x_wconf 71' lang='grc' dir='ltr'>Εἶτα,</span> <span class='ocrx_word' id='word_1_369' title='bbox 1496 3937 1591 3989; x_wconf 72' lang='grc' dir='ltr'>καὶ</span> <span class='ocrx_word' id='word_1_370' title='bbox 1616 3937 1743 3999; x_wconf 83' lang='grc' dir='ltr'>τοὺς</span> <span class='ocrx_word' id='word_1_371' title='bbox 1760 3928 1954 4003; x_wconf 75' lang='grc' dir='ltr'>ἄλλους</span> 
     </span>
    </p>
   </div>
   <div class='ocr_carea' id='block_1_47' title="bbox 378 4012 1950 4088">
    <p class='ocr_par' dir='ltr' id='par_1_47' title="bbox 378 4012 1950 4088">
     <span class='ocr_line' id='line_1_47' title="bbox 378 4012 1950 4088; baseline 0.006 -21"><span class='ocrx_word' id='word_1_372' title='bbox 378 4012 634 4084; x_wconf 72' lang='grc' dir='ltr'>ἐντρέπει</span> <span class='ocrx_word' id='word_1_373' title='bbox 652 4013 760 4067; x_wconf 74' lang='grc' dir='ltr'>ἀπὸ</span> <span class='ocrx_word' id='word_1_374' title='bbox 775 4013 883 4067; x_wconf 87' lang='grc' dir='ltr'>τῶν</span> <span class='ocrx_word' id='word_1_375' title='bbox 899 4013 1074 4067; x_wconf 77' lang='grc' dir='ltr'>αὐτῶν</span> <span class='ocrx_word' id='word_1_376' title='bbox 1094 4014 1298 4069; x_wconf 90' lang='grc' dir='ltr'>τούτων</span> <span class='ocrx_word' id='word_1_377' title='bbox 1319 4016 1428 4070; x_wconf 89' lang='grc' dir='ltr'>τῶν</span> <span class='ocrx_word' id='word_1_378' title='bbox 1448 4017 1548 4088; x_wconf 70' lang='grc' dir='ltr'>ἤδη</span> <span class='ocrx_word' id='word_1_379' title='bbox 1571 4018 1950 4088; x_wconf 79' lang='grc' dir='ltr'>ὑπαρξάντων.</span> 
     </span>
    </p>
   </div>
   <div class='ocr_carea' id='block_1_48' title="bbox 379 4094 1954 4171">
    <p class='ocr_par' dir='ltr' id='par_1_48' title="bbox 379 4094 1954 4171">
     <span class='ocr_line' id='line_1_48' title="bbox 379 4094 1954 4171; baseline 0.006 -25"><span class='ocrx_word' id='word_1_380' title='bbox 379 4094 452 4147; x_wconf 83' lang='grc' dir='ltr'><strong><em>Ἠ</em></strong></span> <span class='ocrx_word' id='word_1_381' title='bbox 479 4094 587 4166; x_wconf 86' lang='grc' dir='ltr'>γάρ</span> <span class='ocrx_word' id='word_1_382' title='bbox 615 4095 723 4148; x_wconf 84' lang='grc' dir='ltr'>ἀπὸ</span> <span class='ocrx_word' id='word_1_383' title='bbox 753 4094 861 4148; x_wconf 87' lang='grc' dir='ltr'>τῶν</span> <span class='ocrx_word' id='word_1_384' title='bbox 892 4096 1211 4165; x_wconf 86' lang='grc' dir='ltr'>μελλόντων,</span> <span class='ocrx_word' id='word_1_385' title='bbox 1245 4098 1279 4169; x_wconf 82' lang='grc' dir='ltr'>ἢ</span> <span class='ocrx_word' id='word_1_386' title='bbox 1319 4099 1428 4152; x_wconf 88' lang='grc' dir='ltr'>άπὸ</span> <span class='ocrx_word' id='word_1_387' title='bbox 1457 4100 1565 4153; x_wconf 91' lang='grc' dir='ltr'>τῶν</span> <span class='ocrx_word' id='word_1_388' title='bbox 1595 4099 1696 4171; x_wconf 70' lang='grc' dir='ltr'>ήδη</span> <span class='ocrx_word' id='word_1_389' title='bbox 1725 4119 1954 4171; x_wconf 87' lang='grc' dir='ltr'>γεγενη-</span> 
     </span>
    </p>
   </div>
   <div class='ocr_carea' id='block_1_49' title="bbox 384 4176 1955 4251">
    <p class='ocr_par' dir='ltr' id='par_1_49' title="bbox 384 4176 1955 4251">
     <span class='ocr_line' id='line_1_49' title="bbox 384 4176 1955 4251; baseline 0.006 -22"><span class='ocrx_word' id='word_1_390' title='bbox 384 4177 582 4248; x_wconf 78' lang='grc' dir='ltr'>μένων,</span> <span class='ocrx_word' id='word_1_391' title='bbox 613 4177 646 4247; x_wconf 73' lang='grc' dir='ltr'><strong>ἢ</strong></span> <span class='ocrx_word' id='word_1_392' title='bbox 670 4176 949 4248; x_wconf 84' lang='grc' dir='ltr'>λυπηρῶν,</span> <span class='ocrx_word' id='word_1_393' title='bbox 984 4177 1017 4249; x_wconf 76' lang='grc' dir='ltr'><strong>ἢ</strong></span> <span class='ocrx_word' id='word_1_394' title='bbox 1050 4180 1323 4251; x_wconf 87' lang='grc' dir='ltr'>χρηστῶν,</span> <span class='ocrx_word' id='word_1_395' title='bbox 1351 4180 1437 4234; x_wconf 79' lang='grc' dir='ltr'>ἀεὶ</span> <span class='ocrx_word' id='word_1_396' title='bbox 1466 4180 1623 4235; x_wconf 89' lang='grc' dir='ltr'>τοῦτο</span> <span class='ocrx_word' id='word_1_397' title='bbox 1649 4187 1819 4236; x_wconf 81' lang='grc' dir='ltr'>ποιεῖ·</span> <span class='ocrx_word' id='word_1_398' title='bbox 1847 4185 1955 4239; x_wconf 77' lang='grc' dir='ltr'>ἀπὸ</span> 
     </span>
    </p>
   </div>
   <div class='ocr_carea' id='block_1_50' title="bbox 382 4259 1956 4334">
    <p class='ocr_par' dir='ltr' id='par_1_50' title="bbox 382 4259 1956 4334">
     <span class='ocr_line' id='line_1_50' title="bbox 382 4259 1956 4334; baseline 0.006 -20"><span class='ocrx_word' id='word_1_399' title='bbox 382 4262 482 4332; x_wconf 78' lang='grc' dir='ltr'>μὲν</span> <span class='ocrx_word' id='word_1_400' title='bbox 506 4262 616 4314; x_wconf 91' lang='grc' dir='ltr'>τῶν</span> <span class='ocrx_word' id='word_1_401' title='bbox 639 4259 958 4331; x_wconf 87' lang='grc' dir='ltr'>μελλόντων·</span> <span class='ocrx_word' id='word_1_402' title='bbox 995 4262 1055 4319; x_wconf 84' lang='grc' dir='ltr'><strong><em>Ἠ</em></strong></span> <span class='ocrx_word' id='word_1_403' title='bbox 1072 4262 1182 4332; x_wconf 77' lang='grc' dir='ltr'>γὰρ</span> <span class='ocrx_word' id='word_1_404' title='bbox 1216 4263 1408 4332; x_wconf 72' lang='grc' dir='ltr'>ἡμέρα</span> <span class='ocrx_word' id='word_1_405' title='bbox 1453 4264 1734 4334; x_wconf 73' lang='grc' dir='ltr'>δηλώσει,</span> <span class='ocrx_word' id='word_1_406' title='bbox 1758 4266 1849 4321; x_wconf 86' lang='grc' dir='ltr'>ὅτι</span> <span class='ocrx_word' id='word_1_407' title='bbox 1885 4268 1956 4323; x_wconf 84' lang='grc' dir='ltr'>ἐν</span> 
     </span>
    </p>
   </div>
   <div class='ocr_carea' id='block_1_51' title="bbox 379 4345 1956 4421">
    <p class='ocr_par' dir='ltr' id='par_1_51' title="bbox 379 4345 1956 4421">
     <span class='ocr_line' id='line_1_51' title="bbox 379 4345 1956 4421; baseline 0.004 -24"><span class='ocrx_word' id='word_1_408' title='bbox 379 4345 521 4415; x_wconf 75' lang='grc' dir='ltr'>πυρί</span> <span class='ocrx_word' id='word_1_409' title='bbox 563 4345 1085 4400; x_wconf 78' lang='grc' dir='ltr'>ἀποκαλύπτεται·</span> <span class='ocrx_word' id='word_1_410' title='bbox 1132 4345 1333 4409; x_wconf 81' lang='grc' dir='ltr'>ἀπὸδὲ</span> <span class='ocrx_word' id='word_1_411' title='bbox 1361 4346 1471 4401; x_wconf 90' lang='grc' dir='ltr'>τῶν</span> <span class='ocrx_word' id='word_1_412' title='bbox 1512 4349 1610 4421; x_wconf 71' lang='grc' dir='ltr'>ἤδη</span> <span class='ocrx_word' id='word_1_413' title='bbox 1655 4350 1956 4421; x_wconf 85' lang='grc' dir='ltr'>γεγενημέ-</span> 
     </span>
    </p>
   </div>
   <div class='ocr_carea' id='block_1_52' title="bbox 379 4420 1957 4499">
    <p class='ocr_par' dir='ltr' id='par_1_52' title="bbox 379 4420 1957 4499">
     <span class='ocr_line' id='line_1_52' title="bbox 379 4420 1957 4499; baseline 0.004 -17"><span class='ocrx_word' id='word_1_414' title='bbox 379 4445 508 4482; x_wconf 87' lang='grc' dir='ltr'>νων·</span> <span class='ocrx_word' id='word_1_415' title='bbox 533 4432 657 4483; x_wconf 84' lang='grc' dir='ltr'>οῠκ</span> <span class='ocrx_word' id='word_1_416' title='bbox 688 4429 890 4484; x_wconf 67' lang='lat' dir='ltr'>amate</span> <span class='ocrx_word' id='word_1_417' title='bbox 918 4430 1008 4484; x_wconf 81' lang='grc' dir='ltr'>ὅτι</span> <span class='ocrx_word' id='word_1_418' title='bbox 1030 4431 1177 4497; x_wconf 81' lang='grc' dir='ltr'>ναὸς</span> <span class='ocrx_word' id='word_1_419' title='bbox 1200 4430 1349 4485; x_wconf 83' lang='grc' dir='ltr'>Θεοῦ</span> <span class='ocrx_word' id='word_1_420' title='bbox 1369 4432 1527 4499; x_wconf 83' lang='grc' dir='ltr'>ἐστε,</span> <span class='ocrx_word' id='word_1_421' title='bbox 1553 4420 1651 4487; x_wconf 77' lang='grc' dir='ltr'>καὶ</span> <span class='ocrx_word' id='word_1_422' title='bbox 1678 4434 1744 4487; x_wconf 80' lang='grc' dir='ltr'>τὸ</span> <span class='ocrx_word' id='word_1_423' title='bbox 1768 4420 1957 4489; x_wconf 78' lang='grc' dir='ltr'>Πνεῦ-</span> 
     </span>
    </p>
   </div>
   <div class='ocr_carea' id='block_1_53' title="bbox 376 4511 1955 4582">
    <p class='ocr_par' dir='ltr' id='par_1_53' title="bbox 376 4511 1955 4582">
     <span class='ocr_line' id='line_1_53' title="bbox 376 4511 1955 4582; baseline 0.001 -17"><span class='ocrx_word' id='word_1_424' title='bbox 376 4528 461 4579; x_wconf 77' lang='grc' dir='ltr'>μα</span> <span class='ocrx_word' id='word_1_425' title='bbox 489 4512 597 4566; x_wconf 86' lang='grc' dir='ltr'>τοῦ</span> <span class='ocrx_word' id='word_1_426' title='bbox 626 4511 775 4566; x_wconf 84' lang='grc' dir='ltr'>Θεοῦ</span> <span class='ocrx_word' id='word_1_427' title='bbox 803 4512 958 4567; x_wconf 84' lang='grc' dir='ltr'>οίκεῖ</span> <span class='ocrx_word' id='word_1_428' title='bbox 977 4513 1049 4566; x_wconf 74' lang='grc' dir='ltr'>ἐν</span> <span class='ocrx_word' id='word_1_429' title='bbox 1092 4513 1272 4582; x_wconf 56' lang='lat' dir='ltr'>Quir;</span> <span class='ocrx_word' id='word_1_430' title='bbox 1304 4513 1377 4568; x_wconf 80' lang='lat' dir='ltr'>El</span> <span class='ocrx_word' id='word_1_431' title='bbox 1397 4531 1489 4580; x_wconf 84' lang='grc' dir='ltr'>τις</span> <span class='ocrx_word' id='word_1_432' title='bbox 1537 4516 1645 4570; x_wconf 78' lang='grc' dir='ltr'>τὸν</span> <span class='ocrx_word' id='word_1_433' title='bbox 1667 4516 1820 4570; x_wconf 80' lang='grc' dir='ltr'>ναὸν</span> <span class='ocrx_word' id='word_1_434' title='bbox 1846 4517 1955 4572; x_wconf 78' lang='grc' dir='ltr'>τοῦ</span> 
     </span>
    </p>
   </div>
   <div class='ocr_carea' id='block_1_54' title="bbox 383 4593 1954 4672">
    <p class='ocr_par' dir='ltr' id='par_1_54' title="bbox 383 4593 1954 4672">
     <span class='ocr_line' id='line_1_54' title="bbox 383 4593 1954 4672; baseline 0.005 -24"><span class='ocrx_word' id='word_1_435' title='bbox 383 4593 530 4649; x_wconf 79' lang='grc' dir='ltr'>Θεοῦ</span> <span class='ocrx_word' id='word_1_436' title='bbox 570 4597 834 4665; x_wconf 61' lang='grc' dir='ltr'>φθείρει,</span> <span class='ocrx_word' id='word_1_437' title='bbox 877 4596 1085 4667; x_wconf 75' lang='grc' dir='ltr'>φθερεῖ</span> <span class='ocrx_word' id='word_1_438' title='bbox 1109 4596 1328 4651; x_wconf 84' lang='grc' dir='ltr'>τοῦτον</span> <span class='ocrx_word' id='word_1_439' title='bbox 1359 4600 1392 4651; x_wconf 83' lang='grc' dir='ltr'><em>ὀ</em></span> <span class='ocrx_word' id='word_1_440' title='bbox 1438 4600 1599 4664; x_wconf 84' lang='grc' dir='ltr'>Θεός.</span> <span class='ocrx_word' id='word_1_441' title='bbox 1661 4599 1825 4671; x_wconf 80' lang='grc' dir='ltr'>Ὁρᾷς</span> <span class='ocrx_word' id='word_1_442' title='bbox 1854 4599 1954 4672; x_wconf 85' lang='grc' dir='ltr'>τὴν</span> 
     </span>
    </p>
   </div>
   <div class='ocr_carea' id='block_1_55' title="bbox 381 4677 1952 4753">
    <p class='ocr_par' dir='ltr' id='par_1_55' title="bbox 381 4677 1952 4753">
     <span class='ocr_line' id='line_1_55' title="bbox 381 4677 1952 4753; baseline 0.004 -23"><span class='ocrx_word' id='word_1_443' title='bbox 381 4679 699 4749; x_wconf 68' lang='grc' dir='ltr'>καταφορὰν</span> <span class='ocrx_word' id='word_1_444' title='bbox 726 4677 822 4731; x_wconf 89' lang='grc' dir='ltr'>τοῦ</span> <span class='ocrx_word' id='word_1_445' title='bbox 850 4678 1007 4747; x_wconf 88' lang='grc' dir='ltr'>λόγου</span> <span class='ocrx_word' id='word_1_446' title='bbox 1031 4695 1046 4743; x_wconf 91' lang='lat'>;</span> <span class='ocrx_word' id='word_1_447' title='bbox 1071 4678 1211 4732; x_wconf 77' lang='grc' dir='ltr'>Ἀλλ’</span> <span class='ocrx_word' id='word_1_448' title='bbox 1236 4679 1340 4743; x_wconf 85' lang='grc' dir='ltr'>ἔως</span> <span class='ocrx_word' id='word_1_449' title='bbox 1366 4679 1429 4733; x_wconf 76' lang='grc' dir='ltr'>τὸ</span> <span class='ocrx_word' id='word_1_450' title='bbox 1452 4680 1740 4751; x_wconf 85' lang='grc' dir='ltr'>πρόσωπον</span> <span class='ocrx_word' id='word_1_451' title='bbox 1760 4682 1952 4753; x_wconf 84' lang='grc' dir='ltr'>ἀδηλόν</span> 
     </span>
    </p>
   </div>
   <div class='ocr_carea' id='block_1_56' title="bbox 382 4760 1951 4837">
    <p class='ocr_par' dir='ltr' id='par_1_56' title="bbox 382 4760 1951 4837">
     <span class='ocr_line' id='line_1_56' title="bbox 382 4760 1951 4837; baseline 0.004 -23"><span class='ocrx_word' id='word_1_452' title='bbox 382 4763 546 4826; x_wconf 75' lang='grc' dir='ltr'>ἐστιν,</span> <span class='ocrx_word' id='word_1_453' title='bbox 575 4762 677 4835; x_wconf 83' lang='grc' dir='ltr'>οὐχ</span> <span class='ocrx_word' id='word_1_454' title='bbox 703 4760 879 4824; x_wconf 86' lang='grc' dir='ltr'>οῦτως</span> <span class='ocrx_word' id='word_1_455' title='bbox 909 4763 1145 4833; x_wconf 79' lang='grc' dir='ltr'>ἐπαχθὲς</span> <span class='ocrx_word' id='word_1_456' title='bbox 1166 4761 1228 4815; x_wconf 88' lang='grc' dir='ltr'>τὸ</span> <span class='ocrx_word' id='word_1_457' title='bbox 1258 4761 1565 4832; x_wconf 84' lang='grc' dir='ltr'>λεγόμενον,</span> <span class='ocrx_word' id='word_1_458' title='bbox 1594 4762 1708 4837; x_wconf 90' lang='grc'>[78]</span> <span class='ocrx_word' id='word_1_459' title='bbox 1734 4765 1951 4820; x_wconf 89' lang='grc' dir='ltr'>πάντων</span> 
     </span>
    </p>
   </div>
   <div class='ocr_carea' id='block_1_57' title="bbox 379 4844 1959 4917">
    <p class='ocr_par' dir='ltr' id='par_1_57' title="bbox 379 4844 1959 4917">
     <span class='ocr_line' id='line_1_57' title="bbox 379 4844 1959 4917; baseline 0.003 -18"><span class='ocrx_word' id='word_1_460' title='bbox 379 4844 786 4916; x_wconf 77' lang='grc' dir='ltr'>διανεμομένων</span> <span class='ocrx_word' id='word_1_461' title='bbox 830 4846 921 4899; x_wconf 85' lang='grc' dir='ltr'>τὸν</span> <span class='ocrx_word' id='word_1_462' title='bbox 957 4846 1057 4915; x_wconf 86' lang='grc' dir='ltr'>τῆς</span> <span class='ocrx_word' id='word_1_463' title='bbox 1104 4846 1475 4917; x_wconf 81' lang='grc' dir='ltr'>ἐπιτιμήσεως</span> <span class='ocrx_word' id='word_1_464' title='bbox 1521 4847 1704 4915; x_wconf 87' lang='grc' dir='ltr'>φόϐον.</span> <span class='ocrx_word' id='word_1_465' title='bbox 1745 4850 1959 4917; x_wconf 78' lang='grc' dir='ltr'>Φθερεῖ</span> 
     </span>
    </p>
   </div>
   <div class='ocr_carea' id='block_1_58' title="bbox 383 4928 1954 5003">
    <p class='ocr_par' dir='ltr' id='par_1_58' title="bbox 383 4928 1954 5003">
     <span class='ocr_line' id='line_1_58' title="bbox 383 4928 1954 5003; baseline 0.002 -21"><span class='ocrx_word' id='word_1_466' title='bbox 383 4928 595 4982; x_wconf 77' lang='grc' dir='ltr'>τοῦτον</span> <span class='ocrx_word' id='word_1_467' title='bbox 630 4931 664 4982; x_wconf 85' lang='grc' dir='ltr'>ό</span> <span class='ocrx_word' id='word_1_468' title='bbox 720 4929 902 4994; x_wconf 86' lang='grc' dir='ltr'>Θεός·</span> <span class='ocrx_word' id='word_1_469' title='bbox 938 4929 1238 4995; x_wconf 86' lang='grc' dir='ltr'>τουτέστιν,</span> <span class='ocrx_word' id='word_1_470' title='bbox 1289 4928 1499 4983; x_wconf 87' lang='grc' dir='ltr'>ἀπολεῖ.</span> <span class='ocrx_word' id='word_1_471' title='bbox 1531 4929 1703 4985; x_wconf 89' lang='grc' dir='ltr'>Τοῦτο</span> <span class='ocrx_word' id='word_1_472' title='bbox 1745 4930 1803 4984; x_wconf 86' lang='grc' dir='ltr'>δὲ</span> <span class='ocrx_word' id='word_1_473' title='bbox 1830 4932 1954 5003; x_wconf 78' lang='grc' dir='ltr'>οὐχὶ</span> 
     </span>
    </p>
   </div>
   <div class='ocr_carea' id='block_1_59' title="bbox 385 5010 1951 5085">
    <p class='ocr_par' dir='ltr' id='par_1_59' title="bbox 385 5010 1951 5085">
     <span class='ocr_line' id='line_1_59' title="bbox 385 5010 1951 5085; baseline 0.004 -24"><span class='ocrx_word' id='word_1_474' title='bbox 385 5010 773 5081; x_wconf 83' lang='grc' dir='ltr'>καταρωμένου</span> <span class='ocrx_word' id='word_1_475' title='bbox 827 5011 997 5074; x_wconf 73' lang='grc' dir='ltr'>ἐστὶν,</span> <span class='ocrx_word' id='word_1_476' title='bbox 1049 5010 1187 5065; x_wconf 80' lang='grc' dir='ltr'>ἀλλὰ</span> <span class='ocrx_word' id='word_1_477' title='bbox 1228 5011 1681 5081; x_wconf 88' lang='grc' dir='ltr'>προφητεύοντος.</span> <span class='ocrx_word' id='word_1_478' title='bbox 1745 5013 1799 5066; x_wconf 87' lang='lat'>&#39;0</span> <span class='ocrx_word' id='word_1_479' title='bbox 1840 5016 1951 5085; x_wconf 80' lang='grc' dir='ltr'>γὰρ</span> 
     </span>
    </p>
   </div>
   <div class='ocr_carea' id='block_1_60' title="bbox 385 5094 1951 5168">
    <p class='ocr_par' dir='ltr' id='par_1_60' title="bbox 385 5094 1951 5168">
     <span class='ocr_line' id='line_1_60' title="bbox 385 5094 1951 5168; baseline 0.003 -23"><span class='ocrx_word' id='word_1_480' title='bbox 385 5094 536 5157; x_wconf 72' lang='grc' dir='ltr'>ναὸς</span> <span class='ocrx_word' id='word_1_481' title='bbox 563 5095 663 5148; x_wconf 85' lang='grc' dir='ltr'>τοῦ</span> <span class='ocrx_word' id='word_1_482' title='bbox 693 5096 842 5150; x_wconf 86' lang='grc' dir='ltr'>Θεοῦ</span> <span class='ocrx_word' id='word_1_483' title='bbox 876 5094 1043 5166; x_wconf 78' lang='grc' dir='ltr'>ἅγιός</span> <span class='ocrx_word' id='word_1_484' title='bbox 1079 5096 1269 5151; x_wconf 82' lang='grc' dir='ltr'>ἐστιν.</span> <span class='ocrx_word' id='word_1_485' title='bbox 1317 5095 1376 5148; x_wconf 86' lang='lat'>&#39;0</span> <span class='ocrx_word' id='word_1_486' title='bbox 1413 5095 1470 5148; x_wconf 83' lang='grc' dir='ltr'>δὲ</span> <span class='ocrx_word' id='word_1_487' title='bbox 1510 5098 1951 5168; x_wconf 80' lang='grc' dir='ltr'>πεπορνευμένος</span> 
     </span>
    </p>
   </div>
   <div class='ocr_carea' id='block_1_61' title="bbox 386 5173 1946 5251">
    <p class='ocr_par' dir='ltr' id='par_1_61' title="bbox 386 5173 1946 5251">
     <span class='ocr_line' id='line_1_61' title="bbox 386 5173 1946 5251; baseline 0.004 -24"><span class='ocrx_word' id='word_1_488' title='bbox 386 5173 632 5247; x_wconf 72' lang='grc' dir='ltr'>βέϐηλος.</span> <span class='ocrx_word' id='word_1_489' title='bbox 655 5174 805 5242; x_wconf 83' lang='grc' dir='ltr'>Εἶτα,</span> <span class='ocrx_word' id='word_1_490' title='bbox 820 5178 909 5231; x_wconf 81' lang='grc' dir='ltr'>ἴνα</span> <span class='ocrx_word' id='word_1_491' title='bbox 934 5180 1008 5251; x_wconf 84' lang='grc' dir='ltr'>μὴ</span> <span class='ocrx_word' id='word_1_492' title='bbox 1028 5176 1153 5250; x_wconf 80' lang='grc' dir='ltr'>δόξῃ</span> <span class='ocrx_word' id='word_1_493' title='bbox 1173 5178 1308 5248; x_wconf 79' lang='grc' dir='ltr'>πρὸς</span> <span class='ocrx_word' id='word_1_494' title='bbox 1325 5179 1529 5232; x_wconf 88' lang='grc' dir='ltr'>ἐκεῖνον</span> <span class='ocrx_word' id='word_1_495' title='bbox 1549 5179 1946 5246; x_wconf 82' lang='grc' dir='ltr'>ἁποτείνεσθαι,</span> 
     </span>
    </p>
   </div>
   <div class='ocr_carea' id='block_1_62' title="bbox 381 5257 1947 5331">
    <p class='ocr_par' dir='ltr' id='par_1_62' title="bbox 381 5257 1947 5331">
     <span class='ocr_line' id='line_1_62' title="bbox 381 5257 1947 5331; baseline 0.004 -20"><span class='ocrx_word' id='word_1_496' title='bbox 381 5257 573 5323; x_wconf 70' lang='grc' dir='ltr'>εἰπὼν,</span> <span class='ocrx_word' id='word_1_497' title='bbox 619 5260 680 5313; x_wconf 78' lang='grc' dir='ltr'>ὀ</span> <span class='ocrx_word' id='word_1_498' title='bbox 705 5260 815 5330; x_wconf 75' lang='grc' dir='ltr'>γὰρ</span> <span class='ocrx_word' id='word_1_499' title='bbox 841 5261 987 5326; x_wconf 78' lang='grc' dir='ltr'>ναὸς</span> <span class='ocrx_word' id='word_1_500' title='bbox 1013 5261 1119 5316; x_wconf 86' lang='grc' dir='ltr'>τοῦ</span> <span class='ocrx_word' id='word_1_501' title='bbox 1148 5260 1296 5315; x_wconf 87' lang='grc' dir='ltr'>Θεοῦ</span> <span class='ocrx_word' id='word_1_502' title='bbox 1318 5260 1486 5330; x_wconf 79' lang='grc' dir='ltr'>ἅγιός</span> <span class='ocrx_word' id='word_1_503' title='bbox 1508 5261 1696 5324; x_wconf 81' lang='grc' dir='ltr'>ἐστιν,</span> <span class='ocrx_word' id='word_1_504' title='bbox 1732 5263 1947 5331; x_wconf 81' lang='grc' dir='ltr'>ἐπάγει·</span> 
     </span>
    </p>
   </div>
   <div class='ocr_carea' id='block_1_63' title="bbox 321 5341 1945 5412">
    <p class='ocr_par' dir='ltr' id='par_1_63' title="bbox 321 5341 1945 5412">
     <span class='ocr_line' id='line_1_63' title="bbox 321 5341 1945 5412; baseline 0.004 -17"><span class='ocrx_word' id='word_1_505' title='bbox 321 5374 325 5377; x_wconf 91' lang='lat'><strong><em>-</em></strong></span> <span class='ocrx_word' id='word_1_506' title='bbox 371 5342 603 5408; x_wconf 76' lang='grc' dir='ltr'>οἵτινές</span> <span class='ocrx_word' id='word_1_507' title='bbox 648 5344 798 5397; x_wconf 68' lang='grc' dir='ltr'>ἐστε</span> <span class='ocrx_word' id='word_1_508' title='bbox 833 5341 1020 5412; x_wconf 72' lang='grc' dir='ltr'>ὑμεῖς.</span> <span class='ocrx_word' id='word_1_509' title='bbox 1055 5343 1277 5411; x_wconf 76' lang='grc' dir='ltr'>Μηδεὶς</span> <span class='ocrx_word' id='word_1_510' title='bbox 1312 5342 1535 5397; x_wconf 77' lang='grc' dir='ltr'>ἑαυτὸν</span> <span class='ocrx_word' id='word_1_511' title='bbox 1576 5343 1945 5409; x_wconf 77' lang='grc' dir='ltr'>ἐξαπατάτω.</span> 
     </span>
    </p>
   </div>
   <div class='ocr_carea' id='block_1_64' title="bbox 376 5422 1949 5497">
    <p class='ocr_par' dir='ltr' id='par_1_64' title="bbox 376 5422 1949 5497">
     <span class='ocr_line' id='line_1_64' title="bbox 376 5422 1949 5497; baseline -0.001 -16"><span class='ocrx_word' id='word_1_512' title='bbox 376 5425 490 5481; x_wconf 75' lang='grc' dir='ltr'>Καὶ</span> <span class='ocrx_word' id='word_1_513' title='bbox 516 5425 676 5479; x_wconf 84' lang='grc' dir='ltr'>τοῦτο</span> <span class='ocrx_word' id='word_1_514' title='bbox 701 5427 839 5496; x_wconf 72' lang='grc' dir='ltr'>πρὸς</span> <span class='ocrx_word' id='word_1_515' title='bbox 870 5427 1093 5491; x_wconf 73' lang='grc' dir='ltr'>ἐκεῖνον,</span> <span class='ocrx_word' id='word_1_516' title='bbox 1124 5428 1200 5490; x_wconf 84' lang='grc' dir='ltr'>ῶς</span> <span class='ocrx_word' id='word_1_517' title='bbox 1241 5425 1530 5497; x_wconf 76' lang='grc' dir='ltr'>νομίζοντά</span> <span class='ocrx_word' id='word_1_518' title='bbox 1569 5446 1619 5481; x_wconf 91' lang='grc' dir='ltr'>τι</span> <span class='ocrx_word' id='word_1_519' title='bbox 1653 5422 1813 5490; x_wconf 75' lang='grc' dir='ltr'>εἶναι,</span> <span class='ocrx_word' id='word_1_520' title='bbox 1853 5426 1949 5479; x_wconf 71' lang='grc' dir='ltr'>καὶ</span> 
     </span>
    </p>
   </div>
   <div class='ocr_carea' id='block_1_65' title="bbox 376 5510 1949 5583">
    <p class='ocr_par' dir='ltr' id='par_1_65' title="bbox 376 5510 1949 5583">
     <span class='ocr_line' id='line_1_65' title="bbox 376 5510 1949 5583; baseline -0.002 -19"><span class='ocrx_word' id='word_1_521' title='bbox 376 5511 497 5564; x_wconf 62' lang='grc' dir='ltr'>ἀπὸΔ</span> <span class='ocrx_word' id='word_1_522' title='bbox 520 5511 620 5580; x_wconf 73' lang='grc' dir='ltr'>τῆς</span> <span class='ocrx_word' id='word_1_523' title='bbox 648 5510 842 5578; x_wconf 82' lang='grc' dir='ltr'>σοφίας</span> <span class='ocrx_word' id='word_1_524' title='bbox 866 5510 1152 5581; x_wconf 81' lang='grc' dir='ltr'>αὐχοῦντα.</span> <span class='ocrx_word' id='word_1_525' title='bbox 1178 5510 1287 5567; x_wconf 78' lang='grc' dir='ltr'>Καὶ</span> <span class='ocrx_word' id='word_1_526' title='bbox 1303 5511 1392 5567; x_wconf 76' lang='grc' dir='ltr'>ἶνα</span> <span class='ocrx_word' id='word_1_527' title='bbox 1411 5511 1486 5582; x_wconf 84' lang='grc' dir='ltr'>μὴ</span> <span class='ocrx_word' id='word_1_528' title='bbox 1507 5511 1631 5583; x_wconf 76' lang='grc' dir='ltr'>δόξῃ</span> <span class='ocrx_word' id='word_1_529' title='bbox 1657 5510 1949 5581; x_wconf 81' lang='grc' dir='ltr'>παρέργως</span> 
     </span>
    </p>
   </div>
   <div class='ocr_carea' id='block_1_66' title="bbox 381 5592 1947 5667">
    <p class='ocr_par' dir='ltr' id='par_1_66' title="bbox 381 5592 1947 5667">
     <span class='ocr_line' id='line_1_66' title="bbox 381 5592 1947 5667; baseline 0 -19"><span class='ocrx_word' id='word_1_530' title='bbox 381 5592 544 5665; x_wconf 76' lang='grc' dir='ltr'>μέχρι</span> <span class='ocrx_word' id='word_1_531' title='bbox 569 5592 767 5646; x_wconf 80' lang='grc' dir='ltr'>πολλοῦ</span> <span class='ocrx_word' id='word_1_532' title='bbox 796 5592 930 5663; x_wconf 81' lang='grc' dir='ltr'>πρὸς</span> <span class='ocrx_word' id='word_1_533' title='bbox 953 5592 1114 5647; x_wconf 81' lang='grc' dir='ltr'>αὑτὸν</span> <span class='ocrx_word' id='word_1_534' title='bbox 1143 5593 1545 5662; x_wconf 80' lang='grc' dir='ltr'>ἀποτείνεσθαι,</span> <span class='ocrx_word' id='word_1_535' title='bbox 1575 5592 1828 5667; x_wconf 77' lang='grc' dir='ltr'>ἐμϐαλὼν</span> <span class='ocrx_word' id='word_1_536' title='bbox 1848 5593 1947 5648; x_wconf 84' lang='grc' dir='ltr'>αύ-</span> 
     </span>
    </p>
   </div>
   <div class='ocr_carea' id='block_1_67' title="bbox 440 5779 1336 5848">
    <p class='ocr_par' dir='ltr' id='par_1_67' title="bbox 440 5779 1336 5848">
     <span class='ocr_line' id='line_1_67' title="bbox 440 5779 1336 5848; baseline 0.001 -14"><span class='ocrx_word' id='word_1_537' title='bbox 440 5779 459 5805; x_wconf 87' lang='grc'>¹</span> <span class='ocrx_word' id='word_1_538' title='bbox 483 5780 771 5845; x_wconf 73' lang='lat' dir='ltr'>Legebalur</span> <span class='ocrx_word' id='word_1_539' title='bbox 792 5783 924 5847; x_wconf 74' lang='grc' dir='ltr'>φησί.</span> <span class='ocrx_word' id='word_1_540' title='bbox 941 5785 1032 5837; x_wconf 76' lang='grc' dir='ltr'>Διά</span> <span class='ocrx_word' id='word_1_541' title='bbox 1052 5784 1143 5848; x_wconf 76' lang='grc' dir='ltr'>γὰρ</span> <span class='ocrx_word' id='word_1_542' title='bbox 1178 5784 1336 5837; x_wconf 67' lang='grc' dir='ltr'>τοῦτο.</span> 
     </span>
    </p>
   </div>
   <div class='ocr_carea' id='block_1_68' title="bbox 2052 369 3624 443">
    <p class='ocr_par' dir='ltr' id='par_1_68' title="bbox 2052 369 3624 443">
     <span class='ocr_line' id='line_1_68' title="bbox 2052 369 3624 443; baseline 0.001 -17"><span class='ocrx_word' id='word_1_543' title='bbox 2052 372 2144 427; x_wconf 81' lang='grc' dir='ltr'>τὸν</span> <span class='ocrx_word' id='word_1_544' title='bbox 2169 375 2250 437; x_wconf 85' lang='grc' dir='ltr'>είς</span> <span class='ocrx_word' id='word_1_545' title='bbox 2276 372 2514 442; x_wconf 84' lang='grc' dir='ltr'>ἀγωνίαν</span> <span class='ocrx_word' id='word_1_546' title='bbox 2533 371 2629 426; x_wconf 66' lang='grc' dir='ltr'>καὶ</span> <span class='ocrx_word' id='word_1_547' title='bbox 2654 371 2740 440; x_wconf 78' lang='grc' dir='ltr'>τῷ</span> <span class='ocrx_word' id='word_1_548' title='bbox 2771 369 2922 442; x_wconf 83' lang='grc' dir='ltr'>φόϐῳ</span> <span class='ocrx_word' id='word_1_549' title='bbox 2955 370 3225 443; x_wconf 71' lang='grc' dir='ltr'>παραδοὺς</span> <span class='ocrx_word' id='word_1_550' title='bbox 3247 369 3427 433; x_wconf 75' lang='grc' dir='ltr'>αὐτὸν,</span> <span class='ocrx_word' id='word_1_551' title='bbox 3461 372 3624 427; x_wconf 79' lang='grc' dir='ltr'>πάλιν</span> 
     </span>
    </p>
   </div>
   <div class='ocr_carea' id='block_1_69' title="bbox 2051 453 3624 526">
    <p class='ocr_par' dir='ltr' id='par_1_69' title="bbox 2051 453 3624 526">
     <span class='ocr_line' id='line_1_69' title="bbox 2051 453 3624 526; baseline 0 -18"><span class='ocrx_word' id='word_1_552' title='bbox 2051 456 2145 510; x_wconf 76' lang='grc' dir='ltr'>ἐπὶ</span> <span class='ocrx_word' id='word_1_553' title='bbox 2171 457 2233 511; x_wconf 85' lang='grc' dir='ltr'>τὸ</span> <span class='ocrx_word' id='word_1_554' title='bbox 2258 457 2434 509; x_wconf 84' lang='grc' dir='ltr'>κοινδν</span> <span class='ocrx_word' id='word_1_555' title='bbox 2459 455 2711 526; x_wconf 73' lang='grc' dir='ltr'>ἔγκλημα</span> <span class='ocrx_word' id='word_1_556' title='bbox 2734 453 2830 507; x_wconf 81' lang='grc' dir='ltr'>τὸν</span> <span class='ocrx_word' id='word_1_557' title='bbox 2861 454 3017 523; x_wconf 87' lang='grc' dir='ltr'>λόγον</span> <span class='ocrx_word' id='word_1_558' title='bbox 3040 455 3183 523; x_wconf 81' lang='grc' dir='ltr'>ἀγει,</span> <span class='ocrx_word' id='word_1_559' title='bbox 3209 454 3412 522; x_wconf 84' lang='grc' dir='ltr'>λέγων·</span> <span class='ocrx_word' id='word_1_560' title='bbox 3439 456 3509 510; x_wconf 83' lang='grc' dir='ltr'>ΕΖ</span> <span class='ocrx_word' id='word_1_561' title='bbox 3537 473 3624 524; x_wconf 78' lang='grc' dir='ltr'>τις</span> 
     </span>
    </p>
   </div>
   <div class='ocr_carea' id='block_1_70' title="bbox 2052 532 3623 606">
    <p class='ocr_par' dir='ltr' id='par_1_70' title="bbox 2052 532 3623 606">
     <span class='ocr_line' id='line_1_70' title="bbox 2052 532 3623 606; baseline -0.001 -15"><span class='ocrx_word' id='word_1_562' title='bbox 2052 536 2222 592; x_wconf 82' lang='grc' dir='ltr'>δοκεῖ</span> <span class='ocrx_word' id='word_1_563' title='bbox 2250 538 2535 606; x_wconf 79' lang='grc' dir='ltr'>φρόνιμος</span> <span class='ocrx_word' id='word_1_564' title='bbox 2560 532 2710 590; x_wconf 75' lang='grc' dir='ltr'>εἶναι</span> <span class='ocrx_word' id='word_1_565' title='bbox 2749 534 2825 588; x_wconf 82' lang='grc' dir='ltr'><em>ἐν</em></span> <span class='ocrx_word' id='word_1_566' title='bbox 2856 535 2994 605; x_wconf 79' lang='grc' dir='ltr'>ὑμῖν</span> <span class='ocrx_word' id='word_1_567' title='bbox 3021 538 3091 590; x_wconf 79' lang='grc' dir='ltr'>ἐν</span> <span class='ocrx_word' id='word_1_568' title='bbox 3118 534 3200 602; x_wconf 85' lang='grc' dir='ltr'>τῷ</span> <span class='ocrx_word' id='word_1_569' title='bbox 3217 533 3381 590; x_wconf 79' lang='grc' dir='ltr'>αιῶνι</span> <span class='ocrx_word' id='word_1_570' title='bbox 3416 538 3623 605; x_wconf 77' lang='grc' dir='ltr'>τούτῳ,</span> 
     </span>
    </p>
   </div>
   <div class='ocr_carea' id='block_1_71' title="bbox 2046 617 3626 689">
    <p class='ocr_par' dir='ltr' id='par_1_71' title="bbox 2046 617 3626 689">
     <span class='ocr_line' id='line_1_71' title="bbox 2046 617 3626 689; baseline 0.001 -18"><span class='ocrx_word' id='word_1_571' title='bbox 2046 621 2241 686; x_wconf 78' lang='grc' dir='ltr'>μωρὸς</span> <span class='ocrx_word' id='word_1_572' title='bbox 2272 617 2551 689; x_wconf 70' lang='grc' dir='ltr'>γενέσθω,</span> <span class='ocrx_word' id='word_1_573' title='bbox 2579 621 2679 673; x_wconf 79' lang='grc' dir='ltr'>ἵνα</span> <span class='ocrx_word' id='word_1_574' title='bbox 2708 618 2957 688; x_wconf 76' lang='grc' dir='ltr'>γένηται</span> <span class='ocrx_word' id='word_1_575' title='bbox 2984 618 3193 687; x_wconf 67' lang='grc' dir='ltr'>σοφός.</span> <span class='ocrx_word' id='word_1_576' title='bbox 3229 619 3380 672; x_wconf 84' lang='grc' dir='ltr'>Ποιεῖ</span> <span class='ocrx_word' id='word_1_577' title='bbox 3407 618 3465 671; x_wconf 74' lang='grc' dir='ltr'>δέ</span> <span class='ocrx_word' id='word_1_578' title='bbox 3494 618 3626 672; x_wconf 82' lang='grc' dir='ltr'>αὐτὸ</span> 
     </span>
    </p>
   </div>
   <div class='ocr_carea' id='block_1_72' title="bbox 2051 699 3625 772">
    <p class='ocr_par' dir='ltr' id='par_1_72' title="bbox 2051 699 3625 772">
     <span class='ocr_line' id='line_1_72' title="bbox 2051 699 3625 772; baseline 0.001 -18"><span class='ocrx_word' id='word_1_579' title='bbox 2051 699 2234 771; x_wconf 79' lang='grc' dir='ltr'>λοιπὸν</span> <span class='ocrx_word' id='word_1_580' title='bbox 2256 700 2392 770; x_wconf 88' lang='grc' dir='ltr'>μετὰ</span> <span class='ocrx_word' id='word_1_581' title='bbox 2416 701 2618 771; x_wconf 76' lang='grc' dir='ltr'>πολλῆς</span> <span class='ocrx_word' id='word_1_582' title='bbox 2646 703 2745 772; x_wconf 78' lang='grc' dir='ltr'>τῆς</span> <span class='ocrx_word' id='word_1_583' title='bbox 2777 701 3112 771; x_wconf 73' lang='grc' dir='ltr'>παρρησίας,</span> <span class='ocrx_word' id='word_1_584' title='bbox 3133 702 3227 755; x_wconf 75' lang='grc' dir='ltr'>ἅτε</span> <span class='ocrx_word' id='word_1_585' title='bbox 3244 703 3625 769; x_wconf 80' lang='grc' dir='ltr'>καταγωνισά-</span> 
     </span>
    </p>
   </div>
   <div class='ocr_carea' id='block_1_73' title="bbox 2055 781 3625 858">
    <p class='ocr_par' dir='ltr' id='par_1_73' title="bbox 2055 781 3625 858">
     <span class='ocr_line' id='line_1_73' title="bbox 2055 781 3625 858; baseline 0.003 -22"><span class='ocrx_word' id='word_1_586' title='bbox 2055 800 2213 854; x_wconf 87' lang='grc' dir='ltr'>μενος</span> <span class='ocrx_word' id='word_1_587' title='bbox 2237 785 2434 847; x_wconf 79' lang='grc' dir='ltr'>αὐτοὺς</span> <span class='ocrx_word' id='word_1_588' title='bbox 2461 785 2661 848; x_wconf 81' lang='grc' dir='ltr'>ἱκανῶς</span> <span class='ocrx_word' id='word_1_589' title='bbox 2687 787 2736 840; x_wconf 66' lang='grc' dir='ltr'>δ.</span> <span class='ocrx_word' id='word_1_590' title='bbox 2767 785 2892 840; x_wconf 81' lang='grc' dir='ltr'>Κᾶν</span> <span class='ocrx_word' id='word_1_591' title='bbox 2924 785 3029 856; x_wconf 86' lang='grc' dir='ltr'>γάρ</span> <span class='ocrx_word' id='word_1_592' title='bbox 3049 784 3301 848; x_wconf 88' lang='grc' dir='ltr'>πλούσιος</span> <span class='ocrx_word' id='word_1_593' title='bbox 3390 802 3494 849; x_wconf 86' lang='grc' dir='ltr'>τις,</span> <span class='ocrx_word' id='word_1_594' title='bbox 3520 784 3625 840; x_wconf 76' lang='grc' dir='ltr'>κᾶν</span> 
     </span>
    </p>
   </div>
   <div class='ocr_carea' id='block_1_74' title="bbox 2050 865 3625 939">
    <p class='ocr_par' dir='ltr' id='par_1_74' title="bbox 2050 865 3625 939">
     <span class='ocr_line' id='line_1_74' title="bbox 2050 865 3625 939; baseline -0.002 -16"><span class='ocrx_word' id='word_1_595' title='bbox 2050 865 2297 937; x_wconf 74' lang='grc' dir='ltr'>εὐγενὴς,</span> <span class='ocrx_word' id='word_1_596' title='bbox 2309 867 2416 922; x_wconf 86' lang='grc' dir='ltr'>τῶν</span> <span class='ocrx_word' id='word_1_597' title='bbox 2432 867 2662 921; x_wconf 75' lang='grc' dir='ltr'>εὐτελῶν</span> <span class='ocrx_word' id='word_1_598' title='bbox 2677 869 2823 922; x_wconf 80' lang='grc' dir='ltr'>ἐστιν</span> <span class='ocrx_word' id='word_1_599' title='bbox 2838 866 3241 939; x_wconf 83' lang='grc' dir='ltr'>εὐτελέστερος,</span> <span class='ocrx_word' id='word_1_600' title='bbox 3257 868 3383 921; x_wconf 83' lang='grc' dir='ltr'>ὅταν</span> <span class='ocrx_word' id='word_1_601' title='bbox 3404 868 3508 920; x_wconf 81' lang='grc' dir='ltr'>ὑπὸ</span> <span class='ocrx_word' id='word_1_602' title='bbox 3524 867 3625 937; x_wconf 77' lang='grc' dir='ltr'>τῆς</span> 
     </span>
    </p>
   </div>
   <div class='ocr_carea' id='block_1_75' title="bbox 2052 946 3626 1023">
    <p class='ocr_par' dir='ltr' id='par_1_75' title="bbox 2052 946 3626 1023">
     <span class='ocr_line' id='line_1_75' title="bbox 2052 946 3626 1023; baseline -0.001 -20"><span class='ocrx_word' id='word_1_603' title='bbox 2052 948 2328 1019; x_wconf 83' lang='grc' dir='ltr'>ἁμαρτίας</span> <span class='ocrx_word' id='word_1_604' title='bbox 2347 949 2479 1005; x_wconf 79' lang='grc' dir='ltr'>ἁλῶ.</span> <span class='ocrx_word' id='word_1_605' title='bbox 2515 949 2728 1019; x_wconf 85' lang='grc' dir='ltr'>Ὥσπερ</span> <span class='ocrx_word' id='word_1_606' title='bbox 2762 949 2874 1020; x_wconf 85' lang='grc' dir='ltr'>γὰρ</span> <span class='ocrx_word' id='word_1_607' title='bbox 2900 948 3005 1003; x_wconf 78' lang='grc' dir='ltr'>κᾶν</span> <span class='ocrx_word' id='word_1_608' title='bbox 3045 946 3351 1023; x_wconf 79' lang='grc' dir='ltr'>βασιλεὺςῇ</span> <span class='ocrx_word' id='word_1_609' title='bbox 3379 967 3486 1012; x_wconf 89' lang='grc' dir='ltr'>τις,</span> <span class='ocrx_word' id='word_1_610' title='bbox 3506 949 3626 1003; x_wconf 85' lang='grc' dir='ltr'>δοῦ-</span> 
     </span>
    </p>
   </div>
   <div class='ocr_carea' id='block_1_76' title="bbox 2050 1030 3622 1104">
    <p class='ocr_par' dir='ltr' id='par_1_76' title="bbox 2050 1030 3622 1104">
     <span class='ocr_line' id='line_1_76' title="bbox 2050 1030 3622 1104; baseline 0.002 -20"><span class='ocrx_word' id='word_1_611' title='bbox 2050 1030 2141 1095; x_wconf 86' lang='grc' dir='ltr'>λος</span> <span class='ocrx_word' id='word_1_612' title='bbox 2172 1031 2229 1086; x_wconf 78' lang='grc' dir='ltr'>δὲ</span> <span class='ocrx_word' id='word_1_613' title='bbox 2255 1031 2481 1102; x_wconf 86' lang='grc' dir='ltr'>γένηται</span> <span class='ocrx_word' id='word_1_614' title='bbox 2503 1032 2815 1104; x_wconf 84' lang='grc' dir='ltr'>βαρϐάρων,</span> <span class='ocrx_word' id='word_1_615' title='bbox 2848 1032 3069 1086; x_wconf 82' lang='grc' dir='ltr'>πάντων</span> <span class='ocrx_word' id='word_1_616' title='bbox 3088 1033 3237 1087; x_wconf 79' lang='grc' dir='ltr'>ἐστὶν</span> <span class='ocrx_word' id='word_1_617' title='bbox 3265 1033 3622 1103; x_wconf 77' lang='grc' dir='ltr'>ἀθλιώτερος·</span> 
     </span>
    </p>
   </div>
   <div class='ocr_carea' id='block_1_77' title="bbox 2051 1112 3623 1186">
    <p class='ocr_par' dir='ltr' id='par_1_77' title="bbox 2051 1112 3623 1186">
     <span class='ocr_line' id='line_1_77' title="bbox 2051 1112 3623 1186; baseline 0.001 -20"><span class='ocrx_word' id='word_1_618' title='bbox 2051 1112 2194 1173; x_wconf 73' lang='grc' dir='ltr'>οὕτω</span> <span class='ocrx_word' id='word_1_619' title='bbox 2224 1114 2321 1169; x_wconf 80' lang='grc' dir='ltr'>καὶ</span> <span class='ocrx_word' id='word_1_620' title='bbox 2348 1115 2443 1169; x_wconf 67' lang='grc' dir='ltr'>ἐπὶ</span> <span class='ocrx_word' id='word_1_621' title='bbox 2470 1115 2572 1185; x_wconf 82' lang='grc' dir='ltr'>τῆς</span> <span class='ocrx_word' id='word_1_622' title='bbox 2604 1114 2900 1186; x_wconf 83' lang='grc' dir='ltr'>ἁμαρτίας.</span> <span class='ocrx_word' id='word_1_623' title='bbox 2944 1114 3226 1185; x_wconf 85' lang='grc' dir='ltr'>Βάρϐαρος</span> <span class='ocrx_word' id='word_1_624' title='bbox 3262 1115 3370 1185; x_wconf 90' lang='grc' dir='ltr'>γάρ</span> <span class='ocrx_word' id='word_1_625' title='bbox 3405 1117 3553 1169; x_wconf 81' lang='grc' dir='ltr'>ἐστιν</span> <span class='ocrx_word' id='word_1_626' title='bbox 3589 1116 3623 1185; x_wconf 72' lang='grc' dir='ltr'><strong>ἡ</strong></span> 
     </span>
    </p>
   </div>
   <div class='ocr_carea' id='block_1_78' title="bbox 2051 1197 3626 1269">
    <p class='ocr_par' dir='ltr' id='par_1_78' title="bbox 2051 1197 3626 1269">
     <span class='ocr_line' id='line_1_78' title="bbox 2051 1197 3626 1269; baseline 0 -17"><span class='ocrx_word' id='word_1_627' title='bbox 2051 1197 2317 1267; x_wconf 83' lang='grc' dir='ltr'>ἁμαρτία,</span> <span class='ocrx_word' id='word_1_628' title='bbox 2358 1198 2452 1251; x_wconf 78' lang='grc' dir='ltr'>καὶ</span> <span class='ocrx_word' id='word_1_629' title='bbox 2492 1198 2669 1269; x_wconf 79' lang='grc' dir='ltr'>ψυχῆς</span> <span class='ocrx_word' id='word_1_630' title='bbox 2705 1199 2807 1251; x_wconf 79' lang='grc' dir='ltr'>οὐκ</span> <span class='ocrx_word' id='word_1_631' title='bbox 2833 1199 3006 1253; x_wconf 79' lang='grc' dir='ltr'>εἰδυῖα</span> <span class='ocrx_word' id='word_1_632' title='bbox 3028 1197 3302 1263; x_wconf 87' lang='grc' dir='ltr'>φείδεσθαι</span> <span class='ocrx_word' id='word_1_633' title='bbox 3342 1199 3439 1268; x_wconf 79' lang='grc' dir='ltr'>τῆς</span> <span class='ocrx_word' id='word_1_634' title='bbox 3479 1198 3626 1263; x_wconf 81' lang='grc' dir='ltr'>ἀπαξ</span> 
     </span>
    </p>
   </div>
   <div class='ocr_carea' id='block_1_79' title="bbox 2054 1279 3626 1353">
    <p class='ocr_par' dir='ltr' id='par_1_79' title="bbox 2054 1279 3626 1353">
     <span class='ocr_line' id='line_1_79' title="bbox 2054 1279 3626 1353; baseline -0.001 -18"><span class='ocrx_word' id='word_1_635' title='bbox 2054 1280 2309 1351; x_wconf 78' lang='grc' dir='ltr'>ἁλούσης,</span> <span class='ocrx_word' id='word_1_636' title='bbox 2338 1281 2453 1335; x_wconf 85' lang='grc' dir='ltr'>ἀλλ’</span> <span class='ocrx_word' id='word_1_637' title='bbox 2481 1283 2575 1335; x_wconf 69' lang='grc' dir='ltr'>ἐπὶ</span> <span class='ocrx_word' id='word_1_638' title='bbox 2600 1280 2745 1353; x_wconf 75' lang='grc' dir='ltr'>λύμῃ</span> <span class='ocrx_word' id='word_1_639' title='bbox 2768 1281 2877 1336; x_wconf 87' lang='grc' dir='ltr'>τῶν</span> <span class='ocrx_word' id='word_1_640' title='bbox 2907 1279 3305 1351; x_wconf 72' lang='grc' dir='ltr'>ἐπιδεχομένων</span> <span class='ocrx_word' id='word_1_641' title='bbox 3343 1281 3510 1353; x_wconf 76' lang='grc' dir='ltr'>αὐτὴν</span> <span class='ocrx_word' id='word_1_642' title='bbox 3538 1298 3626 1335; x_wconf 84' lang='grc' dir='ltr'>τυ-</span> 
     </span>
    </p>
   </div>
   <div class='ocr_carea' id='block_1_80' title="bbox 2056 1379 2346 1434">
    <p class='ocr_par' dir='ltr' id='par_1_80' title="bbox 2056 1379 2346 1434">
     <span class='ocr_line' id='line_1_80' title="bbox 2056 1379 2346 1434; baseline -0.007 -15"><span class='ocrx_word' id='word_1_643' title='bbox 2056 1379 2346 1434; x_wconf 81' lang='grc' dir='ltr'>ραννουσα.</span> 
     </span>
    </p>
   </div>
   <div class='ocr_carea' id='block_1_81' title="bbox 2119 1452 3627 1524">
    <p class='ocr_par' dir='ltr' id='par_1_81' title="bbox 2119 1452 3627 1524">
     <span class='ocr_line' id='line_1_81' title="bbox 2119 1452 3627 1524; baseline 0.001 -17"><span class='ocrx_word' id='word_1_644' title='bbox 2119 1452 2182 1507; x_wconf 83' lang='grc' dir='ltr'>δ’.</span> <span class='ocrx_word' id='word_1_645' title='bbox 2204 1453 2368 1507; x_wconf 81' lang='grc' dir='ltr'>Οὐδὲν</span> <span class='ocrx_word' id='word_1_646' title='bbox 2393 1452 2502 1524; x_wconf 85' lang='grc' dir='ltr'>γὰρ</span> <span class='ocrx_word' id='word_1_647' title='bbox 2533 1452 2705 1518; x_wconf 72' lang='grc' dir='ltr'>οὕτως</span> <span class='ocrx_word' id='word_1_648' title='bbox 2742 1454 3042 1524; x_wconf 88' lang='grc' dir='ltr'>ἀλόγιστον,</span> <span class='ocrx_word' id='word_1_649' title='bbox 3076 1454 3151 1516; x_wconf 85' lang='grc' dir='ltr'>ὡς</span> <span class='ocrx_word' id='word_1_650' title='bbox 3185 1453 3447 1524; x_wconf 84' lang='grc' dir='ltr'>ἁμαρτία,</span> <span class='ocrx_word' id='word_1_651' title='bbox 3474 1452 3627 1508; x_wconf 67' lang='grc' dir='ltr'>οὐδὲν</span> 
     </span>
    </p>
   </div>
   <div class='ocr_carea' id='block_1_82' title="bbox 2050 1528 3628 1604">
    <p class='ocr_par' dir='ltr' id='par_1_82' title="bbox 2050 1528 3628 1604">
     <span class='ocr_line' id='line_1_82' title="bbox 2050 1528 3628 1604; baseline 0.001 -19"><span class='ocrx_word' id='word_1_652' title='bbox 2050 1528 2221 1594; x_wconf 77' lang='grc' dir='ltr'>οὕτως</span> <span class='ocrx_word' id='word_1_653' title='bbox 2244 1532 2468 1602; x_wconf 83' lang='grc' dir='ltr'>ἀνόητον</span> <span class='ocrx_word' id='word_1_654' title='bbox 2502 1533 2594 1586; x_wconf 78' lang='grc' dir='ltr'>καὶ</span> <span class='ocrx_word' id='word_1_655' title='bbox 2621 1532 2802 1604; x_wconf 76' lang='grc' dir='ltr'>μωρὸν</span> <span class='ocrx_word' id='word_1_656' title='bbox 2843 1533 2936 1586; x_wconf 77' lang='grc' dir='ltr'>καὶ</span> <span class='ocrx_word' id='word_1_657' title='bbox 2974 1532 3247 1604; x_wconf 72' lang='grc' dir='ltr'>ῥαγδαῖον·</span> <span class='ocrx_word' id='word_1_658' title='bbox 3278 1531 3452 1586; x_wconf 86' lang='grc' dir='ltr'>πάντα</span> <span class='ocrx_word' id='word_1_659' title='bbox 3490 1532 3628 1586; x_wconf 82' lang='grc' dir='ltr'>ἀνα-</span> 
     </span>
    </p>
   </div>
   <div class='ocr_carea' id='block_1_83' title="bbox 2048 1612 3623 1684">
    <p class='ocr_par' dir='ltr' id='par_1_83' title="bbox 2048 1612 3623 1684">
     <span class='ocr_line' id='line_1_83' title="bbox 2048 1612 3623 1684; baseline 0.002 -20"><span class='ocrx_word' id='word_1_660' title='bbox 2048 1612 2242 1683; x_wconf 83' lang='grc' dir='ltr'>τρέπει</span> <span class='ocrx_word' id='word_1_661' title='bbox 2264 1614 2361 1667; x_wconf 70' lang='grc' dir='ltr'>καὶ</span> <span class='ocrx_word' id='word_1_662' title='bbox 2390 1617 2582 1684; x_wconf 87' lang='grc' dir='ltr'>συγχεῖ</span> <span class='ocrx_word' id='word_1_663' title='bbox 2607 1616 2702 1669; x_wconf 74' lang='grc' dir='ltr'>καὶ</span> <span class='ocrx_word' id='word_1_664' title='bbox 2732 1614 2996 1669; x_wconf 88' lang='grc' dir='ltr'>ἀπόλλυσι</span> <span class='ocrx_word' id='word_1_665' title='bbox 3033 1614 3163 1667; x_wconf 80' lang='grc' dir='ltr'>ἔνθα</span> <span class='ocrx_word' id='word_1_666' title='bbox 3203 1612 3272 1667; x_wconf 76' lang='grc' dir='ltr'>ἂν</span> <span class='ocrx_word' id='word_1_667' title='bbox 3297 1612 3623 1683; x_wconf 76' lang='grc' dir='ltr'>είσπηδήσῃ·</span> 
     </span>
    </p>
   </div>
   <div class='ocr_carea' id='block_1_84' title="bbox 2048 1694 3626 1770">
    <p class='ocr_par' dir='ltr' id='par_1_84' title="bbox 2048 1694 3626 1770">
     <span class='ocr_line' id='line_1_84' title="bbox 2048 1694 3626 1770; baseline 0 -21"><span class='ocrx_word' id='word_1_668' title='bbox 2048 1694 2219 1767; x_wconf 84' lang='grc' dir='ltr'>ἀηδὴς</span> <span class='ocrx_word' id='word_1_669' title='bbox 2248 1696 2397 1759; x_wconf 89' lang='grc' dir='ltr'>ίδεῖν,</span> <span class='ocrx_word' id='word_1_670' title='bbox 2428 1697 2662 1769; x_wconf 81' lang='grc' dir='ltr'>φορτικὴ</span> <span class='ocrx_word' id='word_1_671' title='bbox 2697 1699 2791 1751; x_wconf 74' lang='grc' dir='ltr'>καὶ</span> <span class='ocrx_word' id='word_1_672' title='bbox 2818 1699 3080 1770; x_wconf 82' lang='grc' dir='ltr'>ἐπαχθής.</span> <span class='ocrx_word' id='word_1_673' title='bbox 3114 1698 3228 1761; x_wconf 68' lang='grc' dir='ltr'>Καὶ</span> <span class='ocrx_word' id='word_1_674' title='bbox 3254 1698 3307 1750; x_wconf 86' lang='grc' dir='ltr'>εί</span> <span class='ocrx_word' id='word_1_675' title='bbox 3349 1713 3433 1760; x_wconf 81' lang='grc' dir='ltr'>τις</span> <span class='ocrx_word' id='word_1_676' title='bbox 3457 1697 3626 1767; x_wconf 76' lang='grc' dir='ltr'>αὐτὴν</span> 
     </span>
    </p>
   </div>
   <div class='ocr_carea' id='block_1_85' title="bbox 2048 1772 3626 1847">
    <p class='ocr_par' dir='ltr' id='par_1_85' title="bbox 2048 1772 3626 1847">
     <span class='ocr_line' id='line_1_85' title="bbox 2048 1772 3626 1847; baseline -0.001 -19"><span class='ocrx_word' id='word_1_677' title='bbox 2048 1773 2355 1828; x_wconf 85' lang='grc' dir='ltr'>ἀνέπλαττε</span> <span class='ocrx_word' id='word_1_678' title='bbox 2377 1772 2690 1845; x_wconf 75' lang='grc' dir='ltr'>ζωγράφος,</span> <span class='ocrx_word' id='word_1_679' title='bbox 2721 1776 2821 1833; x_wconf 82' lang='grc' dir='ltr'>οὐκ</span> <span class='ocrx_word' id='word_1_680' title='bbox 2861 1777 2927 1829; x_wconf 83' lang='grc' dir='ltr'>ἄν</span> <span class='ocrx_word' id='word_1_681' title='bbox 2955 1794 3046 1847; x_wconf 86' lang='grc' dir='ltr'>μοι</span> <span class='ocrx_word' id='word_1_682' title='bbox 3073 1775 3221 1829; x_wconf 84' lang='grc' dir='ltr'>δοκεῖ</span> <span class='ocrx_word' id='word_1_683' title='bbox 3246 1776 3512 1845; x_wconf 74' lang='grc' dir='ltr'>ἁμαρτεῖν</span> <span class='ocrx_word' id='word_1_684' title='bbox 3534 1773 3626 1829; x_wconf 79' lang='grc' dir='ltr'>οὖ-</span> 
     </span>
    </p>
   </div>
   <div class='ocr_carea' id='block_1_86' title="bbox 2048 1857 3621 1929">
    <p class='ocr_par' dir='ltr' id='par_1_86' title="bbox 2048 1857 3621 1929">
     <span class='ocr_line' id='line_1_86' title="bbox 2048 1857 3621 1929; baseline -0.001 -19"><span class='ocrx_word' id='word_1_685' title='bbox 2048 1873 2156 1922; x_wconf 86' lang='grc' dir='ltr'>τως</span> <span class='ocrx_word' id='word_1_686' title='bbox 2186 1858 2357 1928; x_wconf 80' lang='grc' dir='ltr'>αὐτὴν</span> <span class='ocrx_word' id='word_1_687' title='bbox 2381 1858 2760 1923; x_wconf 83' lang='grc' dir='ltr'>ἀναπλάττων,</span> <span class='ocrx_word' id='word_1_688' title='bbox 2795 1859 3033 1928; x_wconf 82' lang='grc' dir='ltr'>γυναῖκά</span> <span class='ocrx_word' id='word_1_689' title='bbox 3060 1876 3180 1913; x_wconf 83' lang='grc' dir='ltr'>τινα</span> <span class='ocrx_word' id='word_1_690' title='bbox 3234 1857 3621 1929; x_wconf 85' lang='grc' dir='ltr'>θηριόμορφον,</span> 
     </span>
    </p>
   </div>
   <div class='ocr_carea' id='block_1_87' title="bbox 2052 1934 3625 2008">
    <p class='ocr_par' dir='ltr' id='par_1_87' title="bbox 2052 1934 3625 2008">
     <span class='ocr_line' id='line_1_87' title="bbox 2052 1934 3625 2008; baseline 0.001 -21"><span class='ocrx_word' id='word_1_691' title='bbox 2052 1935 2350 2006; x_wconf 78' lang='grc' dir='ltr'>βάρϐαρον,</span> <span class='ocrx_word' id='word_1_692' title='bbox 2386 1935 2498 2008; x_wconf 85' lang='grc' dir='ltr'>πῦρ</span> <span class='ocrx_word' id='word_1_693' title='bbox 2526 1937 2817 2001; x_wconf 89' lang='grc' dir='ltr'>πνέουσαν,</span> <span class='ocrx_word' id='word_1_694' title='bbox 2849 1936 3085 2007; x_wconf 82' lang='grc' dir='ltr'>ἀτερπῆ.</span> <span class='ocrx_word' id='word_1_695' title='bbox 3121 1936 3398 2006; x_wconf 83' lang='grc' dir='ltr'>μέλαιναν.</span> <span class='ocrx_word' id='word_1_696' title='bbox 3428 1936 3544 1998; x_wconf 75' lang='grc' dir='ltr'>οἵας</span> <span class='ocrx_word' id='word_1_697' title='bbox 3574 1934 3625 1988; x_wconf 88' lang='grc' dir='ltr'>οί</span> 
     </span>
    </p>
   </div>
   <div class='ocr_carea' id='block_1_88' title="bbox 2049 2018 3624 2090">
    <p class='ocr_par' dir='ltr' id='par_1_88' title="bbox 2049 2018 3624 2090">
     <span class='ocr_line' id='line_1_88' title="bbox 2049 2018 3624 2090; baseline -0.002 -18"><span class='ocrx_word' id='word_1_698' title='bbox 2049 2018 2159 2072; x_wconf 90' lang='grc' dir='ltr'>τῶν</span> <span class='ocrx_word' id='word_1_699' title='bbox 2189 2019 2387 2085; x_wconf 79' lang='grc' dir='ltr'>ἔξωθεν</span> <span class='ocrx_word' id='word_1_700' title='bbox 2411 2019 2634 2090; x_wconf 82' lang='grc' dir='ltr'>ποιηταὶ</span> <span class='ocrx_word' id='word_1_701' title='bbox 2657 2019 2758 2083; x_wconf 86' lang='grc' dir='ltr'>τάς</span> <span class='ocrx_word' id='word_1_702' title='bbox 2785 2019 3029 2082; x_wconf 87' lang='grc' dir='ltr'>Σκύλλας</span> <span class='ocrx_word' id='word_1_703' title='bbox 3074 2018 3472 2090; x_wconf 84' lang='grc' dir='ltr'>ύπογράφουσι.</span> <span class='ocrx_word' id='word_1_704' title='bbox 3500 2019 3624 2072; x_wconf 85' lang='grc' dir='ltr'>Μυ-</span> 
     </span>
    </p>
   </div>
   <div class='ocr_carea' id='block_1_89' title="bbox 2052 2094 3624 2167">
    <p class='ocr_par' dir='ltr' id='par_1_89' title="bbox 2052 2094 3624 2167">
     <span class='ocr_line' id='line_1_89' title="bbox 2052 2094 3624 2167; baseline 0.001 -21"><span class='ocrx_word' id='word_1_705' title='bbox 2052 2094 2195 2166; x_wconf 88' lang='grc' dir='ltr'>ρίαις</span> <span class='ocrx_word' id='word_1_706' title='bbox 2217 2095 2323 2167; x_wconf 81' lang='grc' dir='ltr'>γὰρ</span> <span class='ocrx_word' id='word_1_707' title='bbox 2355 2097 2542 2167; x_wconf 78' lang='grc' dir='ltr'>χερσὶν</span> <span class='ocrx_word' id='word_1_708' title='bbox 2581 2095 3012 2166; x_wconf 82' lang='grc' dir='ltr'>ἐπιλαμϐάνεται</span> <span class='ocrx_word' id='word_1_709' title='bbox 3035 2096 3144 2149; x_wconf 85' lang='grc' dir='ltr'>τῶν</span> <span class='ocrx_word' id='word_1_710' title='bbox 3175 2095 3459 2166; x_wconf 80' lang='grc' dir='ltr'>ἡμετέρων</span> <span class='ocrx_word' id='word_1_711' title='bbox 3473 2095 3624 2162; x_wconf 87' lang='grc' dir='ltr'>λογι-</span> 
     </span>
    </p>
   </div>
   <div class='ocr_carea' id='block_1_90' title="bbox 2051 2176 3624 2251">
    <p class='ocr_par' dir='ltr' id='par_1_90' title="bbox 2051 2176 3624 2251">
     <span class='ocr_line' id='line_1_90' title="bbox 2051 2176 3624 2251; baseline -0.002 -20"><span class='ocrx_word' id='word_1_712' title='bbox 2051 2179 2226 2248; x_wconf 89' lang='grc' dir='ltr'>σμῶν,</span> <span class='ocrx_word' id='word_1_713' title='bbox 2282 2180 2375 2233; x_wconf 70' lang='grc' dir='ltr'>καὶ</span> <span class='ocrx_word' id='word_1_714' title='bbox 2397 2179 2677 2249; x_wconf 80' lang='grc' dir='ltr'>ἀδοκήτως</span> <span class='ocrx_word' id='word_1_715' title='bbox 2725 2179 3124 2251; x_wconf 86' lang='grc' dir='ltr'>ἐπεισέρχεται,</span> <span class='ocrx_word' id='word_1_716' title='bbox 3160 2178 3251 2231; x_wconf 78' lang='grc' dir='ltr'>καὶ</span> <span class='ocrx_word' id='word_1_717' title='bbox 3281 2177 3456 2231; x_wconf 89' lang='grc' dir='ltr'>πάντα</span> <span class='ocrx_word' id='word_1_718' title='bbox 3505 2176 3624 2229; x_wconf 79' lang='grc' dir='ltr'>δια-</span> 
     </span>
    </p>
   </div>
   <div class='ocr_carea' id='block_1_91' title="bbox 2050 2254 3627 2329">
    <p class='ocr_par' dir='ltr' id='par_1_91' title="bbox 2050 2254 3627 2329">
     <span class='ocr_line' id='line_1_91' title="bbox 2050 2254 3627 2329; baseline 0 -21"><span class='ocrx_word' id='word_1_719' title='bbox 2050 2257 2371 2327; x_wconf 89' lang='grc' dir='ltr'>σπαράττει,</span> <span class='ocrx_word' id='word_1_720' title='bbox 2390 2256 2640 2329; x_wconf 87' lang='grc' dir='ltr'>καθάπερ</span> <span class='ocrx_word' id='word_1_721' title='bbox 2660 2257 2709 2311; x_wconf 89' lang='grc' dir='ltr'>οί</span> <span class='ocrx_word' id='word_1_722' title='bbox 2725 2256 2882 2320; x_wconf 80' lang='grc' dir='ltr'>κύνες</span> <span class='ocrx_word' id='word_1_723' title='bbox 2908 2259 2955 2310; x_wconf 81' lang='grc' dir='ltr'>οἱ</span> <span class='ocrx_word' id='word_1_724' title='bbox 2975 2256 3147 2327; x_wconf 88' lang='grc' dir='ltr'>λάθρα</span> <span class='ocrx_word' id='word_1_725' title='bbox 3159 2255 3458 2319; x_wconf 86' lang='grc' dir='ltr'>δάκνοντες.</span> <span class='ocrx_word' id='word_1_726' title='bbox 3480 2254 3627 2308; x_wconf 79' lang='grc' dir='ltr'>Μᾶλ-</span> 
     </span>
    </p>
   </div>
   <div class='ocr_carea' id='block_1_92' title="bbox 2048 2337 3625 2412">
    <p class='ocr_par' dir='ltr' id='par_1_92' title="bbox 2048 2337 3625 2412">
     <span class='ocr_line' id='line_1_92' title="bbox 2048 2337 3625 2412; baseline -0.001 -21"><span class='ocrx_word' id='word_1_727' title='bbox 2048 2337 2138 2393; x_wconf 89' lang='grc' dir='ltr'>λον</span> <span class='ocrx_word' id='word_1_728' title='bbox 2166 2338 2221 2392; x_wconf 82' lang='grc' dir='ltr'>δὲ</span> <span class='ocrx_word' id='word_1_729' title='bbox 2246 2338 2297 2393; x_wconf 88' lang='grc' dir='ltr'>τί</span> <span class='ocrx_word' id='word_1_730' title='bbox 2321 2340 2402 2393; x_wconf 86' lang='grc' dir='ltr'>δεῖ</span> <span class='ocrx_word' id='word_1_731' title='bbox 2431 2339 2751 2412; x_wconf 76' lang='grc' dir='ltr'>ζωγραφίας</span> <span class='ocrx_word' id='word_1_732' title='bbox 2801 2341 2955 2410; x_wconf 82' lang='grc' dir='ltr'>ἡμῖν,</span> <span class='ocrx_word' id='word_1_733' title='bbox 2984 2339 3102 2393; x_wconf 89' lang='grc' dir='ltr'>δέον</span> <span class='ocrx_word' id='word_1_734' title='bbox 3133 2339 3260 2402; x_wconf 76' lang='grc' dir='ltr'>τοὺς</span> <span class='ocrx_word' id='word_1_735' title='bbox 3294 2338 3413 2392; x_wconf 83' lang='grc' dir='ltr'>κατ’</span> <span class='ocrx_word' id='word_1_736' title='bbox 3455 2337 3625 2405; x_wconf 82' lang='grc' dir='ltr'>αὐτὴν</span> 
     </span>
    </p>
   </div>
   <div class='ocr_carea' id='block_1_93' title="bbox 2049 2415 3626 2491">
    <p class='ocr_par' dir='ltr' id='par_1_93' title="bbox 2049 2415 3626 2491">
     <span class='ocr_line' id='line_1_93' title="bbox 2049 2415 3626 2491; baseline 0 -20"><span class='ocrx_word' id='word_1_737' title='bbox 2049 2420 2450 2490; x_wconf 85' lang='grc' dir='ltr'>πεποιημένους</span> <span class='ocrx_word' id='word_1_738' title='bbox 2473 2422 2554 2484; x_wconf 86' lang='grc' dir='ltr'>είς</span> <span class='ocrx_word' id='word_1_739' title='bbox 2581 2422 2744 2491; x_wconf 88' lang='grc' dir='ltr'>μέσον</span> <span class='ocrx_word' id='word_1_740' title='bbox 2771 2422 2999 2488; x_wconf 85' lang='grc' dir='ltr'>ἀγαγεῖν</span> <span class='ocrx_word' id='word_1_741' title='bbox 3022 2438 3037 2486; x_wconf 91' lang='lat'>;</span> <span class='ocrx_word' id='word_1_742' title='bbox 3078 2420 3211 2473; x_wconf 88' lang='grc' dir='ltr'>Τίνα</span> <span class='ocrx_word' id='word_1_743' title='bbox 3233 2415 3326 2472; x_wconf 77' lang='grc' dir='ltr'>οὖν</span> <span class='ocrx_word' id='word_1_744' title='bbox 3373 2418 3626 2488; x_wconf 81' lang='grc' dir='ltr'>βούλεσθε</span> 
     </span>
    </p>
   </div>
   <div class='ocr_carea' id='block_1_94' title="bbox 2049 2498 3624 2571">
    <p class='ocr_par' dir='ltr' id='par_1_94' title="bbox 2049 2498 3624 2571">
     <span class='ocr_line' id='line_1_94' title="bbox 2049 2498 3624 2571; baseline 0.001 -21"><span class='ocrx_word' id='word_1_745' title='bbox 2049 2498 2314 2570; x_wconf 85' lang='grc' dir='ltr'>πρότερον</span> <span class='ocrx_word' id='word_1_746' title='bbox 2343 2500 2483 2567; x_wconf 74' lang='grc' dir='ltr'>ὑπογ</span> <span class='ocrx_word' id='word_1_747' title='bbox 2491 2500 2749 2571; x_wconf 77' lang='grc' dir='ltr'>ράψωμεν</span> <span class='ocrx_word' id='word_1_748' title='bbox 2768 2516 2782 2564; x_wconf 90' lang='grc'><strong>;</strong></span> <span class='ocrx_word' id='word_1_749' title='bbox 2806 2500 2895 2552; x_wconf 83' lang='grc' dir='ltr'>τὸν</span> <span class='ocrx_word' id='word_1_750' title='bbox 2914 2499 3239 2569; x_wconf 84' lang='grc' dir='ltr'>πλεονέκτην</span> <span class='ocrx_word' id='word_1_751' title='bbox 3255 2499 3347 2552; x_wconf 76' lang='grc' dir='ltr'>καὶ</span> <span class='ocrx_word' id='word_1_752' title='bbox 3360 2498 3584 2569; x_wconf 69' lang='grc' dir='ltr'>ἅρπαγα</span> <span class='ocrx_word' id='word_1_753' title='bbox 3605 2514 3624 2564; x_wconf 70' lang='grc' dir='ltr'>ς</span> 
     </span>
    </p>
   </div>
   <div class='ocr_carea' id='block_1_95' title="bbox 2049 2579 3625 2651">
    <p class='ocr_par' dir='ltr' id='par_1_95' title="bbox 2049 2579 3625 2651">
     <span class='ocr_line' id='line_1_95' title="bbox 2049 2579 3625 2651; baseline -0.001 -17"><span class='ocrx_word' id='word_1_754' title='bbox 2049 2582 2160 2634; x_wconf 78' lang='grc' dir='ltr'>Καὶ</span> <span class='ocrx_word' id='word_1_755' title='bbox 2183 2584 2236 2633; x_wconf 89' lang='grc' dir='ltr'>τί</span> <span class='ocrx_word' id='word_1_756' title='bbox 2279 2581 2387 2635; x_wconf 87' lang='grc' dir='ltr'>τῶν</span> <span class='ocrx_word' id='word_1_757' title='bbox 2410 2580 2703 2651; x_wconf 86' lang='grc' dir='ltr'>ὀφθαλμῶν</span> <span class='ocrx_word' id='word_1_758' title='bbox 2753 2582 2980 2636; x_wconf 88' lang='grc' dir='ltr'>ἐκείνων</span> <span class='ocrx_word' id='word_1_759' title='bbox 3006 2580 3523 2651; x_wconf 87' lang='grc' dir='ltr'>ἀναισχυντότερον;</span> <span class='ocrx_word' id='word_1_760' title='bbox 3570 2579 3625 2633; x_wconf 89' lang='grc' dir='ltr'>τί</span> 
     </span>
    </p>
   </div>
   <div class='ocr_carea' id='block_1_96' title="bbox 2049 2654 3626 2728">
    <p class='ocr_par' dir='ltr' id='par_1_96' title="bbox 2049 2654 3626 2728">
     <span class='ocr_line' id='line_1_96' title="bbox 2049 2654 3626 2728; baseline -0.001 -16"><span class='ocrx_word' id='word_1_761' title='bbox 2049 2657 2432 2728; x_wconf 83' lang='grc' dir='ltr'>ἀναιδέστερον</span> <span class='ocrx_word' id='word_1_762' title='bbox 2464 2661 2559 2713; x_wconf 74' lang='grc' dir='ltr'>καὶ</span> <span class='ocrx_word' id='word_1_763' title='bbox 2595 2658 3089 2728; x_wconf 83' lang='grc' dir='ltr'>κυνικώτερονςού</span> <span class='ocrx_word' id='word_1_764' title='bbox 3133 2657 3242 2727; x_wconf 80' lang='grc' dir='ltr'>γὰρ</span> <span class='ocrx_word' id='word_1_765' title='bbox 3283 2656 3424 2709; x_wconf 78' lang='grc' dir='ltr'>οὕτω</span> <span class='ocrx_word' id='word_1_766' title='bbox 3477 2654 3626 2710; x_wconf 83' lang='grc' dir='ltr'>κύων</span> 
     </span>
    </p>
   </div>
   <div class='ocr_carea' id='block_1_97' title="bbox 2049 2735 3626 2812">
    <p class='ocr_par' dir='ltr' id='par_1_97' title="bbox 2049 2735 3626 2812">
     <span class='ocr_line' id='line_1_97' title="bbox 2049 2735 3626 2812; baseline 0.001 -20"><span class='ocrx_word' id='word_1_767' title='bbox 2049 2740 2283 2809; x_wconf 77' lang='grc' dir='ltr'>ἔστηκεν</span> <span class='ocrx_word' id='word_1_768' title='bbox 2332 2741 2772 2812; x_wconf 87' lang='grc' dir='ltr'>ἀναιδευόμενος,</span> <span class='ocrx_word' id='word_1_769' title='bbox 2808 2742 2883 2804; x_wconf 91' lang='grc' dir='ltr'>ώς</span> <span class='ocrx_word' id='word_1_770' title='bbox 2910 2735 3085 2804; x_wconf 71' lang='grc' dir='ltr'>οὗτος,</span> <span class='ocrx_word' id='word_1_771' title='bbox 3136 2740 3265 2793; x_wconf 81' lang='grc' dir='ltr'>ὅταν</span> <span class='ocrx_word' id='word_1_772' title='bbox 3296 2738 3365 2791; x_wconf 73' lang='grc' dir='ltr'>τὰ</span> <span class='ocrx_word' id='word_1_773' title='bbox 3409 2740 3626 2793; x_wconf 90' lang='grc' dir='ltr'>πάντων</span> 
     </span>
    </p>
   </div>
   <div class='ocr_carea' id='block_1_98' title="bbox 2051 2820 3626 2895">
    <p class='ocr_par' dir='ltr' id='par_1_98' title="bbox 2051 2820 3626 2895">
     <span class='ocr_line' id='line_1_98' title="bbox 2051 2820 3626 2895; baseline -0.002 -17"><span class='ocrx_word' id='word_1_774' title='bbox 2051 2824 2296 2894; x_wconf 81' lang='grc' dir='ltr'>ἁρπάζῃ.</span> <span class='ocrx_word' id='word_1_775' title='bbox 2329 2825 2394 2877; x_wconf 88' lang='grc' dir='ltr'>Τί</span> <span class='ocrx_word' id='word_1_776' title='bbox 2420 2824 2529 2877; x_wconf 89' lang='grc' dir='ltr'>τῶν</span> <span class='ocrx_word' id='word_1_777' title='bbox 2567 2824 2765 2895; x_wconf 89' lang='grc' dir='ltr'>χειρῶν</span> <span class='ocrx_word' id='word_1_778' title='bbox 2798 2823 3138 2894; x_wconf 83' lang='grc' dir='ltr'>μιαρώτερον</span> <span class='ocrx_word' id='word_1_779' title='bbox 3162 2822 3428 2886; x_wconf 84' lang='grc' dir='ltr'>ἐκείνων;</span> <span class='ocrx_word' id='word_1_780' title='bbox 3461 2821 3513 2874; x_wconf 90' lang='grc' dir='ltr'>τί</span> <span class='ocrx_word' id='word_1_781' title='bbox 3532 2820 3626 2875; x_wconf 87' lang='grc' dir='ltr'>τοῦ</span> 
     </span>
    </p>
   </div>
   <div class='ocr_carea' id='block_1_99' title="bbox 2054 2899 3628 2970">
    <p class='ocr_par' dir='ltr' id='par_1_99' title="bbox 2054 2899 3628 2970">
     <span class='ocr_line' id='line_1_99' title="bbox 2054 2899 3628 2970; baseline -0.003 -15"><span class='ocrx_word' id='word_1_782' title='bbox 2054 2901 2323 2970; x_wconf 87' lang='grc' dir='ltr'>στόματος</span> <span class='ocrx_word' id='word_1_783' title='bbox 2352 2899 2687 2970; x_wconf 79' lang='grc' dir='ltr'>ἰταμώτερον</span> <span class='ocrx_word' id='word_1_784' title='bbox 2709 2899 2804 2965; x_wconf 89' lang='grc' dir='ltr'>τοῦ</span> <span class='ocrx_word' id='word_1_785' title='bbox 2842 2900 3022 2954; x_wconf 84' lang='grc' dir='ltr'>πάντα</span> <span class='ocrx_word' id='word_1_786' title='bbox 3060 2899 3467 2962; x_wconf 88' lang='grc' dir='ltr'>καταπίνοντος.</span> <span class='ocrx_word' id='word_1_787' title='bbox 3531 2899 3628 2951; x_wconf 74' lang='grc' dir='ltr'>καὶ</span> 
     </span>
    </p>
   </div>
   <div class='ocr_carea' id='block_1_100' title="bbox 2050 2976 3627 3050">
    <p class='ocr_par' dir='ltr' id='par_1_100' title="bbox 2050 2976 3627 3050">
     <span class='ocr_line' id='line_1_100' title="bbox 2050 2976 3627 3050; baseline -0.001 -20"><span class='ocrx_word' id='word_1_788' title='bbox 2050 2978 2111 3030; x_wconf 84' lang='grc' dir='ltr'>οὐ</span> <span class='ocrx_word' id='word_1_789' title='bbox 2137 2978 2568 3048; x_wconf 84' lang='grc' dir='ltr'>κορεννυμένου;</span> <span class='ocrx_word' id='word_1_790' title='bbox 2607 2977 2698 3047; x_wconf 82' lang='grc' dir='ltr'>Μὴ</span> <span class='ocrx_word' id='word_1_791' title='bbox 2723 2976 2833 3050; x_wconf 72' lang='grc' dir='ltr'>γάρ</span> <span class='ocrx_word' id='word_1_792' title='bbox 2863 2979 2943 3040; x_wconf 86' lang='grc' dir='ltr'>είς</span> <span class='ocrx_word' id='word_1_793' title='bbox 2969 2977 3031 3031; x_wconf 80' lang='grc' dir='ltr'>τὸ</span> <span class='ocrx_word' id='word_1_794' title='bbox 3062 2978 3352 3049; x_wconf 87' lang='grc' dir='ltr'>πρόσωπον</span> <span class='ocrx_word' id='word_1_795' title='bbox 3395 2976 3627 3039; x_wconf 71' lang='grc' dir='ltr'>καὶτοὺς</span> 
     </span>
    </p>
   </div>
   <div class='ocr_carea' id='block_1_101' title="bbox 2052 3057 3626 3131">
    <p class='ocr_par' dir='ltr' id='par_1_101' title="bbox 2052 3057 3626 3131">
     <span class='ocr_line' id='line_1_101' title="bbox 2052 3057 3626 3131; baseline -0.001 -18"><span class='ocrx_word' id='word_1_796' title='bbox 2052 3059 2370 3130; x_wconf 73' lang='grc' dir='ltr'>ὀφθαλμοὺς</span> <span class='ocrx_word' id='word_1_797' title='bbox 2412 3059 2548 3131; x_wconf 79' lang='grc' dir='ltr'>ίδῃς,</span> <span class='ocrx_word' id='word_1_798' title='bbox 2592 3061 2676 3113; x_wconf 85' lang='grc' dir='ltr'>ὅτι</span> <span class='ocrx_word' id='word_1_799' title='bbox 2717 3057 3039 3131; x_wconf 78' lang='grc' dir='ltr'>ἀνθρώπου·</span> <span class='ocrx_word' id='word_1_800' title='bbox 3087 3060 3148 3113; x_wconf 86' lang='grc' dir='ltr'>οὐ</span> <span class='ocrx_word' id='word_1_801' title='bbox 3173 3058 3373 3131; x_wconf 83' lang='grc' dir='ltr'>γὰρτά</span> <span class='ocrx_word' id='word_1_802' title='bbox 3401 3058 3626 3112; x_wconf 77' lang='grc' dir='ltr'>τοιαῦτα</span> 
     </span>
    </p>
   </div>
   <div class='ocr_carea' id='block_1_102' title="bbox 2055 3141 3626 3214">
    <p class='ocr_par' dir='ltr' id='par_1_102' title="bbox 2055 3141 3626 3214">
     <span class='ocr_line' id='line_1_102' title="bbox 2055 3141 3626 3214; baseline -0.001 -18"><span class='ocrx_word' id='word_1_803' title='bbox 2055 3142 2342 3214; x_wconf 85' lang='grc' dir='ltr'>βλέπουσιν</span> <span class='ocrx_word' id='word_1_804' title='bbox 2382 3144 2430 3196; x_wconf 91' lang='grc' dir='ltr'>οί</span> <span class='ocrx_word' id='word_1_805' title='bbox 2468 3141 2799 3214; x_wconf 85' lang='grc' dir='ltr'>ἀνθρώπινοι</span> <span class='ocrx_word' id='word_1_806' title='bbox 2846 3142 3124 3212; x_wconf 84' lang='grc' dir='ltr'>ὀφθαλμοί.</span> <span class='ocrx_word' id='word_1_807' title='bbox 3165 3143 3238 3197; x_wconf 77' lang='grc' dir='ltr'>θύ</span> <span class='ocrx_word' id='word_1_808' title='bbox 3277 3142 3461 3213; x_wconf 76' lang='grc' dir='ltr'>βλέπει</span> <span class='ocrx_word' id='word_1_809' title='bbox 3500 3142 3626 3203; x_wconf 73' lang='grc' dir='ltr'>τοὺς</span> 
     </span>
    </p>
   </div>
   <div class='ocr_carea' id='block_1_103' title="bbox 2052 3224 3626 3297">
    <p class='ocr_par' dir='ltr' id='par_1_103' title="bbox 2052 3224 3626 3297">
     <span class='ocr_line' id='line_1_103' title="bbox 2052 3224 3626 3297; baseline -0.004 -14"><span class='ocrx_word' id='word_1_810' title='bbox 2052 3225 2371 3297; x_wconf 76' lang='grc' dir='ltr'>ἀνθρώπους</span> <span class='ocrx_word' id='word_1_811' title='bbox 2402 3224 2741 3296; x_wconf 84' lang='grc' dir='ltr'>ἀνθρώπους.</span> <span class='ocrx_word' id='word_1_812' title='bbox 2768 3226 2827 3279; x_wconf 88' lang='grc' dir='ltr'>ού</span> <span class='ocrx_word' id='word_1_813' title='bbox 2878 3225 3062 3297; x_wconf 84' lang='grc' dir='ltr'>βλέπει</span> <span class='ocrx_word' id='word_1_814' title='bbox 3088 3226 3179 3279; x_wconf 82' lang='grc' dir='ltr'>τὸν</span> <span class='ocrx_word' id='word_1_815' title='bbox 3207 3225 3434 3295; x_wconf 80' lang='grc' dir='ltr'>οὐρανὸν</span> <span class='ocrx_word' id='word_1_816' title='bbox 3461 3224 3626 3296; x_wconf 82' lang='grc' dir='ltr'>ούρα-</span> 
     </span>
    </p>
   </div>
   <div class='ocr_carea' id='block_1_104' title="bbox 2054 3305 3627 3378">
    <p class='ocr_par' dir='ltr' id='par_1_104' title="bbox 2054 3305 3627 3378">
     <span class='ocr_line' id='line_1_104' title="bbox 2054 3305 3627 3378; baseline 0.001 -17"><span class='ocrx_word' id='word_1_817' title='bbox 2054 3308 2164 3371; x_wconf 76' lang='grc' dir='ltr'>νδν,</span> <span class='ocrx_word' id='word_1_818' title='bbox 2193 3307 2314 3360; x_wconf 77' lang='grc' dir='ltr'>οὐδὲ</span> <span class='ocrx_word' id='word_1_819' title='bbox 2332 3307 2580 3361; x_wconf 88' lang='grc' dir='ltr'>ἀνανεύει</span> <span class='ocrx_word' id='word_1_820' title='bbox 2634 3308 2771 3378; x_wconf 80' lang='grc' dir='ltr'>πρὸς</span> <span class='ocrx_word' id='word_1_821' title='bbox 2792 3308 2885 3363; x_wconf 86' lang='grc' dir='ltr'>τὸν</span> <span class='ocrx_word' id='word_1_822' title='bbox 2918 3308 3211 3378; x_wconf 83' lang='grc' dir='ltr'>Δεσπότην,</span> <span class='ocrx_word' id='word_1_823' title='bbox 3257 3305 3393 3365; x_wconf 80' lang='grc' dir='ltr'>ἀλλὰ</span> <span class='ocrx_word' id='word_1_824' title='bbox 3448 3307 3627 3362; x_wconf 81' lang='grc' dir='ltr'>πάντα</span> 
     </span>
    </p>
   </div>
   <div class='ocr_carea' id='block_1_105' title="bbox 2053 3385 3626 3462">
    <p class='ocr_par' dir='ltr' id='par_1_105' title="bbox 2053 3385 3626 3462">
     <span class='ocr_line' id='line_1_105' title="bbox 2053 3385 3626 3462; baseline -0.003 -17"><span class='ocrx_word' id='word_1_825' title='bbox 2053 3391 2313 3462; x_wconf 84' lang='grc' dir='ltr'>χρήματα</span> <span class='ocrx_word' id='word_1_826' title='bbox 2349 3385 2489 3443; x_wconf 81' lang='grc' dir='ltr'>εἷναι</span> <span class='ocrx_word' id='word_1_827' title='bbox 2520 3390 2754 3461; x_wconf 80' lang='grc' dir='ltr'>νομίζει.</span> <span class='ocrx_word' id='word_1_828' title='bbox 2785 3391 2849 3443; x_wconf 75' lang='lat' dir='ltr'>Ol</span> <span class='ocrx_word' id='word_1_829' title='bbox 2900 3390 3202 3462; x_wconf 86' lang='grc' dir='ltr'>ἀνθρώπων</span> <span class='ocrx_word' id='word_1_830' title='bbox 3228 3390 3493 3461; x_wconf 74' lang='grc' dir='ltr'>ὀφθαλμοὶ</span> <span class='ocrx_word' id='word_1_831' title='bbox 3524 3389 3626 3442; x_wconf 82' lang='grc' dir='ltr'>πέ-</span> 
     </span>
    </p>
   </div>
   <div class='ocr_carea' id='block_1_106' title="bbox 2053 3471 3627 3545">
    <p class='ocr_par' dir='ltr' id='par_1_106' title="bbox 2053 3471 3627 3545">
     <span class='ocr_line' id='line_1_106' title="bbox 2053 3471 3627 3545; baseline 0 -20"><span class='ocrx_word' id='word_1_832' title='bbox 2053 3490 2221 3543; x_wconf 89' lang='grc' dir='ltr'>νητας</span> <span class='ocrx_word' id='word_1_833' title='bbox 2239 3471 2497 3527; x_wconf 72' lang='grc' dir='ltr'>εἰώθασιν</span> <span class='ocrx_word' id='word_1_834' title='bbox 2515 3475 2646 3545; x_wconf 77' lang='grc' dir='ltr'>όρᾷν</span> <span class='ocrx_word' id='word_1_835' title='bbox 2675 3473 3248 3545; x_wconf 89' lang='grc' dir='ltr'>καταπεπονημένους,</span> <span class='ocrx_word' id='word_1_836' title='bbox 3279 3474 3374 3527; x_wconf 58' lang='grc' dir='ltr'>καὶ⁵</span> <span class='ocrx_word' id='word_1_837' title='bbox 3398 3472 3627 3528; x_wconf 80' lang='grc' dir='ltr'>ἐπικλᾶ-</span> 
     </span>
    </p>
   </div>
   <div class='ocr_carea' id='block_1_107' title="bbox 2055 3548 3627 3626">
    <p class='ocr_par' dir='ltr' id='par_1_107' title="bbox 2055 3548 3627 3626">
     <span class='ocr_line' id='line_1_107' title="bbox 2055 3548 3627 3626; baseline -0.001 -17"><span class='ocrx_word' id='word_1_838' title='bbox 2055 3555 2200 3609; x_wconf 86' lang='grc' dir='ltr'>σθαι·</span> <span class='ocrx_word' id='word_1_839' title='bbox 2226 3548 2372 3610; x_wconf 77' lang='grc' dir='ltr'>οῦτοι</span> <span class='ocrx_word' id='word_1_840' title='bbox 2411 3555 2467 3609; x_wconf 78' lang='grc' dir='ltr'>δὲ</span> <span class='ocrx_word' id='word_1_841' title='bbox 2500 3555 2595 3609; x_wconf 87' lang='grc' dir='ltr'>τοῦ</span> <span class='ocrx_word' id='word_1_842' title='bbox 2651 3557 2897 3626; x_wconf 77' lang='grc' dir='ltr'>ἅρπαγος</span> <span class='ocrx_word' id='word_1_843' title='bbox 2925 3556 3089 3626; x_wconf 83' lang='grc' dir='ltr'>ὁρῶσι</span> <span class='ocrx_word' id='word_1_844' title='bbox 3114 3555 3370 3625; x_wconf 84' lang='grc' dir='ltr'>πένητας.</span> <span class='ocrx_word' id='word_1_845' title='bbox 3412 3555 3504 3609; x_wconf 78' lang='grc' dir='ltr'>καὶ</span> <span class='ocrx_word' id='word_1_846' title='bbox 3532 3557 3627 3608; x_wconf 82' lang='grc' dir='ltr'>ἐκ·</span> 
     </span>
    </p>
   </div>
   <div class='ocr_carea' id='block_1_108' title="bbox 2055 3637 3627 3711">
    <p class='ocr_par' dir='ltr' id='par_1_108' title="bbox 2055 3637 3627 3711">
     <span class='ocr_line' id='line_1_108' title="bbox 2055 3637 3627 3711; baseline -0.003 -17"><span class='ocrx_word' id='word_1_847' title='bbox 2055 3639 2391 3711; x_wconf 85' lang='grc' dir='ltr'>θηριοῦνται·</span> <span class='ocrx_word' id='word_1_848' title='bbox 2442 3640 2493 3694; x_wconf 81' lang='grc' dir='ltr'>οἱ</span> <span class='ocrx_word' id='word_1_849' title='bbox 2533 3638 2838 3711; x_wconf 85' lang='grc' dir='ltr'>ἀνθρώπων</span> <span class='ocrx_word' id='word_1_850' title='bbox 2878 3639 3144 3710; x_wconf 76' lang='grc' dir='ltr'>ὀφθαλμοὶ</span> <span class='ocrx_word' id='word_1_851' title='bbox 3172 3640 3268 3709; x_wconf 79' lang='grc' dir='ltr'>οὐχ</span> <span class='ocrx_word' id='word_1_852' title='bbox 3309 3639 3384 3702; x_wconf 82' lang='grc' dir='ltr'>ὡς</span> <span class='ocrx_word' id='word_1_853' title='bbox 3416 3638 3521 3691; x_wconf 72' lang='grc' dir='ltr'>ἴδια</span> <span class='ocrx_word' id='word_1_854' title='bbox 3556 3637 3627 3691; x_wconf 71' lang='grc' dir='ltr'>τὰ</span> 
     </span>
    </p>
   </div>
   <div class='ocr_carea' id='block_1_109' title="bbox 2056 3721 3626 3798">
    <p class='ocr_par' dir='ltr' id='par_1_109' title="bbox 2056 3721 3626 3798">
     <span class='ocr_line' id='line_1_109' title="bbox 2056 3721 3626 3798; baseline -0.005 -18"><span class='ocrx_word' id='word_1_855' title='bbox 2056 3723 2174 3798; x_wconf 71' lang='grc' dir='ltr'>[7θῖ</span> <span class='ocrx_word' id='word_1_856' title='bbox 2195 3725 2451 3796; x_wconf 85' lang='grc' dir='ltr'>ἀλλότρια</span> <span class='ocrx_word' id='word_1_857' title='bbox 2493 3723 2799 3794; x_wconf 85' lang='grc' dir='ltr'>βλέπουσιν,</span> <span class='ocrx_word' id='word_1_858' title='bbox 2830 3723 2964 3778; x_wconf 84' lang='grc' dir='ltr'>ἀλλά</span> <span class='ocrx_word' id='word_1_859' title='bbox 2988 3723 3079 3776; x_wconf 74' lang='grc' dir='ltr'>καὶ</span> <span class='ocrx_word' id='word_1_860' title='bbox 3128 3723 3198 3777; x_wconf 80' lang='grc' dir='ltr'>τά</span> <span class='ocrx_word' id='word_1_861' title='bbox 3250 3722 3357 3776; x_wconf 81' lang='grc' dir='ltr'>ίδια</span> <span class='ocrx_word' id='word_1_862' title='bbox 3376 3722 3451 3787; x_wconf 87' lang='grc' dir='ltr'>ὠς</span> <span class='ocrx_word' id='word_1_863' title='bbox 3474 3721 3626 3775; x_wconf 84' lang='grc' dir='ltr'>ἀλλό-</span> 
     </span>
    </p>
   </div>
   <div class='ocr_carea' id='block_1_110' title="bbox 2053 3800 3629 3877">
    <p class='ocr_par' dir='ltr' id='par_1_110' title="bbox 2053 3800 3629 3877">
     <span class='ocr_line' id='line_1_110' title="bbox 2053 3800 3629 3877; baseline -0.003 -17"><span class='ocrx_word' id='word_1_864' title='bbox 2053 3824 2200 3877; x_wconf 90' lang='grc' dir='ltr'>τρια,</span> <span class='ocrx_word' id='word_1_865' title='bbox 2233 3807 2331 3860; x_wconf 78' lang='grc' dir='ltr'>καὶ</span> <span class='ocrx_word' id='word_1_866' title='bbox 2360 3807 2462 3859; x_wconf 82' lang='grc' dir='ltr'>οὐκ</span> <span class='ocrx_word' id='word_1_867' title='bbox 2493 3806 2734 3875; x_wconf 79' lang='grc' dir='ltr'>ἐφίενται</span> <span class='ocrx_word' id='word_1_868' title='bbox 2758 3803 2868 3858; x_wconf 90' lang='grc' dir='ltr'>τῶν</span> <span class='ocrx_word' id='word_1_869' title='bbox 2905 3806 3112 3875; x_wconf 78' lang='grc' dir='ltr'>ἑτέροις</span> <span class='ocrx_word' id='word_1_870' title='bbox 3142 3802 3456 3875; x_wconf 83' lang='grc' dir='ltr'>δεδομένων,</span> <span class='ocrx_word' id='word_1_871' title='bbox 3492 3800 3629 3856; x_wconf 78' lang='grc' dir='ltr'>ἀλλὰ</span> 
     </span>
    </p>
   </div>
   <div class='ocr_carea' id='block_1_111' title="bbox 2054 3882 3627 3958">
    <p class='ocr_par' dir='ltr' id='par_1_111' title="bbox 2054 3882 3627 3958">
     <span class='ocr_line' id='line_1_111' title="bbox 2054 3882 3627 3958; baseline -0.004 -15"><span class='ocrx_word' id='word_1_872' title='bbox 2054 3889 2149 3943; x_wconf 75' lang='grc' dir='ltr'>καὶ</span> <span class='ocrx_word' id='word_1_873' title='bbox 2182 3889 2260 3951; x_wconf 84' lang='grc' dir='ltr'>είς</span> <span class='ocrx_word' id='word_1_874' title='bbox 2288 3888 2510 3958; x_wconf 74' lang='grc' dir='ltr'>ἐτέρους</span> <span class='ocrx_word' id='word_1_875' title='bbox 2529 3886 2747 3941; x_wconf 88' lang='grc' dir='ltr'>κενοῦσι</span> <span class='ocrx_word' id='word_1_876' title='bbox 2779 3886 2847 3940; x_wconf 79' lang='grc' dir='ltr'>τὰ</span> <span class='ocrx_word' id='word_1_877' title='bbox 2875 3886 3103 3941; x_wconf 81' lang='grc' dir='ltr'>ἑαυτῶν·</span> <span class='ocrx_word' id='word_1_878' title='bbox 3133 3882 3277 3940; x_wconf 79' lang='grc' dir='ltr'>οῦτοι</span> <span class='ocrx_word' id='word_1_879' title='bbox 3304 3886 3361 3939; x_wconf 83' lang='grc' dir='ltr'>δὲ</span> <span class='ocrx_word' id='word_1_880' title='bbox 3387 3885 3488 3938; x_wconf 73' lang='grc' dir='ltr'>οὐκ</span> <span class='ocrx_word' id='word_1_881' title='bbox 3533 3884 3627 3938; x_wconf 85' lang='grc' dir='ltr'>ἀν-</span> 
     </span>
    </p>
   </div>
   <div class='ocr_carea' id='block_1_112' title="bbox 2055 3967 3623 4042">
    <p class='ocr_par' dir='ltr' id='par_1_112' title="bbox 2055 3967 3623 4042">
     <span class='ocr_line' id='line_1_112' title="bbox 2055 3967 3623 4042; baseline -0.004 -17"><span class='ocrx_word' id='word_1_882' title='bbox 2055 3971 2346 4042; x_wconf 85' lang='grc' dir='ltr'>έχονται,εί</span> <span class='ocrx_word' id='word_1_883' title='bbox 2377 3971 2452 4039; x_wconf 82' lang='grc' dir='ltr'>μὴ</span> <span class='ocrx_word' id='word_1_884' title='bbox 2474 3970 2543 4023; x_wconf 82' lang='grc' dir='ltr'>τὰ</span> <span class='ocrx_word' id='word_1_885' title='bbox 2563 3970 2779 4027; x_wconf 79' lang='grc' dir='ltr'>πάντων</span> <span class='ocrx_word' id='word_1_886' title='bbox 2797 3968 3029 4023; x_wconf 83' lang='grc' dir='ltr'>λάϐοιεν·</span> <span class='ocrx_word' id='word_1_887' title='bbox 3057 3968 3118 4020; x_wconf 85' lang='grc' dir='ltr'>ού</span> <span class='ocrx_word' id='word_1_888' title='bbox 3140 3969 3246 4038; x_wconf 83' lang='grc' dir='ltr'>γάρ</span> <span class='ocrx_word' id='word_1_889' title='bbox 3267 3967 3623 4039; x_wconf 86' lang='grc' dir='ltr'>ἀνθρώπινον,</span> 
     </span>
    </p>
   </div>
   <div class='ocr_carea' id='block_1_113' title="bbox 2055 4046 3627 4124">
    <p class='ocr_par' dir='ltr' id='par_1_113' title="bbox 2055 4046 3627 4124">
     <span class='ocr_line' id='line_1_113' title="bbox 2055 4046 3627 4124; baseline -0.006 -15"><span class='ocrx_word' id='word_1_890' title='bbox 2055 4054 2192 4108; x_wconf 87' lang='grc' dir='ltr'>ἀλλὰ</span> <span class='ocrx_word' id='word_1_891' title='bbox 2219 4052 2481 4124; x_wconf 87' lang='grc' dir='ltr'>θηριῶδες</span> <span class='ocrx_word' id='word_1_892' title='bbox 2512 4050 2725 4121; x_wconf 71' lang='grc' dir='ltr'>ἔχουσιν</span> <span class='ocrx_word' id='word_1_893' title='bbox 2750 4050 2924 4120; x_wconf 70' lang='grc' dir='ltr'>ὄμμα.</span> <span class='ocrx_word' id='word_1_894' title='bbox 2949 4050 3011 4104; x_wconf 86' lang='grc' dir='ltr'>Οί</span> <span class='ocrx_word' id='word_1_895' title='bbox 3032 4049 3333 4118; x_wconf 81' lang='grc' dir='ltr'>ἀνθρώπων</span> <span class='ocrx_word' id='word_1_896' title='bbox 3357 4046 3627 4118; x_wconf 77' lang='grc' dir='ltr'>ὀφθαλμοὶ</span> 
     </span>
    </p>
   </div>
   <div class='ocr_carea' id='block_1_114' title="bbox 2053 4129 3625 4206">
    <p class='ocr_par' dir='ltr' id='par_1_114' title="bbox 2053 4129 3625 4206">
     <span class='ocr_line' id='line_1_114' title="bbox 2053 4129 3625 4206; baseline -0.003 -16"><span class='ocrx_word' id='word_1_897' title='bbox 2053 4136 2260 4206; x_wconf 86' lang='grc' dir='ltr'>γυμνὸν</span> <span class='ocrx_word' id='word_1_898' title='bbox 2290 4136 2415 4189; x_wconf 87' lang='grc' dir='ltr'>ίδείν</span> <span class='ocrx_word' id='word_1_899' title='bbox 2434 4134 2493 4196; x_wconf 76' lang='grc' dir='ltr'>τὸ</span> <span class='ocrx_word' id='word_1_900' title='bbox 2510 4134 2671 4204; x_wconf 88' lang='grc' dir='ltr'>σῶμα</span> <span class='ocrx_word' id='word_1_901' title='bbox 2685 4132 2746 4186; x_wconf 85' lang='grc' dir='ltr'>τδ</span> <span class='ocrx_word' id='word_1_902' title='bbox 2773 4132 2983 4187; x_wconf 86' lang='grc' dir='ltr'>ἐαυτῶν</span> <span class='ocrx_word' id='word_1_903' title='bbox 3013 4132 3114 4184; x_wconf 82' lang='grc' dir='ltr'>οὐκ</span> <span class='ocrx_word' id='word_1_904' title='bbox 3128 4132 3425 4196; x_wconf 88' lang='grc' dir='ltr'>ἀνέχονται·</span> <span class='ocrx_word' id='word_1_905' title='bbox 3447 4129 3625 4185; x_wconf 83' lang='grc' dir='ltr'>αὐτῶν</span> 
     </span>
    </p>
   </div>
   <div class='ocr_carea' id='block_1_115' title="bbox 2053 4205 3625 4290">
    <p class='ocr_par' dir='ltr' id='par_1_115' title="bbox 2053 4205 3625 4290">
     <span class='ocr_line' id='line_1_115' title="bbox 2053 4205 3625 4290; baseline -0.006 -16"><span class='ocrx_word' id='word_1_906' title='bbox 2053 4205 2162 4290; x_wconf 84' lang='grc' dir='ltr'>γάρ</span> <span class='ocrx_word' id='word_1_907' title='bbox 2195 4221 2331 4283; x_wconf 86' lang='grc' dir='ltr'>ἐστι,</span> <span class='ocrx_word' id='word_1_908' title='bbox 2367 4217 2471 4272; x_wconf 76' lang='grc' dir='ltr'>κᾶν</span> <span class='ocrx_word' id='word_1_909' title='bbox 2494 4218 2696 4287; x_wconf 78' lang='grc' dir='ltr'>ἑτέρων</span> <span class='ocrx_word' id='word_1_910' title='bbox 2814 4214 2956 4271; x_wconf 84' lang='grc' dir='ltr'>κατά</span> <span class='ocrx_word' id='word_1_911' title='bbox 2986 4214 3294 4285; x_wconf 84' lang='grc' dir='ltr'>πρόσωπον·</span> <span class='ocrx_word' id='word_1_912' title='bbox 3317 4205 3460 4266; x_wconf 75' lang='grc' dir='ltr'>οὗτοι</span> <span class='ocrx_word' id='word_1_913' title='bbox 3483 4212 3540 4265; x_wconf 85' lang='grc' dir='ltr'>δὲ</span> <span class='ocrx_word' id='word_1_914' title='bbox 3575 4213 3625 4266; x_wconf 87' lang='grc' dir='ltr'>εί</span> 
     </span>
    </p>
   </div>
   <div class='ocr_carea' id='block_1_116' title="bbox 2057 4294 3625 4373">
    <p class='ocr_par' dir='ltr' id='par_1_116' title="bbox 2057 4294 3625 4373">
     <span class='ocr_line' id='line_1_116' title="bbox 2057 4294 3625 4373; baseline -0.004 -20"><span class='ocrx_word' id='word_1_915' title='bbox 2057 4301 2135 4373; x_wconf 85' lang='grc' dir='ltr'>μὴ</span> <span class='ocrx_word' id='word_1_916' title='bbox 2156 4301 2334 4355; x_wconf 88' lang='grc' dir='ltr'>πάντα</span> <span class='ocrx_word' id='word_1_917' title='bbox 2351 4317 2416 4369; x_wconf 91' lang='grc' dir='ltr'>γυ</span> <span class='ocrx_word' id='word_1_918' title='bbox 2425 4298 2715 4370; x_wconf 85' lang='grc' dir='ltr'>μνώσαιεν,</span> <span class='ocrx_word' id='word_1_919' title='bbox 2739 4299 2833 4352; x_wconf 71' lang='grc' dir='ltr'>καὶ</span> <span class='ocrx_word' id='word_1_920' title='bbox 2855 4296 2924 4350; x_wconf 84' lang='grc' dir='ltr'>τὰ</span> <span class='ocrx_word' id='word_1_921' title='bbox 2946 4296 3163 4350; x_wconf 90' lang='grc' dir='ltr'>πάντων</span> <span class='ocrx_word' id='word_1_922' title='bbox 3183 4296 3321 4349; x_wconf 82' lang='grc' dir='ltr'>οἴκοι</span> <span class='ocrx_word' id='word_1_923' title='bbox 3343 4294 3625 4349; x_wconf 86' lang='grc' dir='ltr'>κατάθων-</span> 
     </span>
    </p>
   </div>
   <div class='ocr_carea' id='block_1_117' title="bbox 2053 4375 3624 4452">
    <p class='ocr_par' dir='ltr' id='par_1_117' title="bbox 2053 4375 3624 4452">
     <span class='ocr_line' id='line_1_117' title="bbox 2053 4375 3624 4452; baseline -0.005 -15"><span class='ocrx_word' id='word_1_924' title='bbox 2053 4401 2166 4452; x_wconf 90' lang='grc' dir='ltr'>ται,</span> <span class='ocrx_word' id='word_1_925' title='bbox 2196 4384 2451 4437; x_wconf 84' lang='grc' dir='ltr'>οὐδέποτε</span> <span class='ocrx_word' id='word_1_926' title='bbox 2485 4382 2644 4452; x_wconf 86' lang='grc' dir='ltr'>κόρον</span> <span class='ocrx_word' id='word_1_927' title='bbox 2672 4380 3025 4451; x_wconf 84' lang='grc' dir='ltr'>λαμϐάνουσι,</span> <span class='ocrx_word' id='word_1_928' title='bbox 3064 4376 3261 4449; x_wconf 80' lang='grc' dir='ltr'>μᾶλλον</span> <span class='ocrx_word' id='word_1_929' title='bbox 3286 4376 3343 4430; x_wconf 83' lang='grc' dir='ltr'>δὲ</span> <span class='ocrx_word' id='word_1_930' title='bbox 3372 4375 3624 4430; x_wconf 86' lang='grc' dir='ltr'>οὐδέποτε</span> 
     </span>
    </p>
   </div>
   <div class='ocr_carea' id='block_1_118' title="bbox 2054 4457 3626 4537">
    <p class='ocr_par' dir='ltr' id='par_1_118' title="bbox 2054 4457 3626 4537">
     <span class='ocr_line' id='line_1_118' title="bbox 2054 4457 3626 4537; baseline -0.006 -18"><span class='ocrx_word' id='word_1_931' title='bbox 2054 4465 2455 4537; x_wconf 83' lang='grc' dir='ltr'>ὲμπιπλῶνται.</span> <span class='ocrx_word' id='word_1_932' title='bbox 2488 4464 2687 4533; x_wconf 88' lang='grc' dir='ltr'>Διόπερ</span> <span class='ocrx_word' id='word_1_933' title='bbox 2708 4463 2827 4517; x_wconf 81' lang='grc' dir='ltr'>οὐδὲ</span> <span class='ocrx_word' id='word_1_934' title='bbox 2849 4460 3049 4534; x_wconf 89' lang='grc' dir='ltr'>θηρίων</span> <span class='ocrx_word' id='word_1_935' title='bbox 3067 4461 3162 4523; x_wconf 79' lang='grc' dir='ltr'>τὰς</span> <span class='ocrx_word' id='word_1_936' title='bbox 3182 4461 3369 4530; x_wconf 86' lang='grc' dir='ltr'>χεῖρας</span> <span class='ocrx_word' id='word_1_937' title='bbox 3387 4458 3483 4521; x_wconf 81' lang='grc' dir='ltr'>τὰς</span> <span class='ocrx_word' id='word_1_938' title='bbox 3502 4457 3626 4511; x_wconf 85' lang='grc' dir='ltr'>τού-</span> 
     </span>
    </p>
   </div>
   <div class='ocr_carea' id='block_1_119' title="bbox 2053 4542 3626 4617">
    <p class='ocr_par' dir='ltr' id='par_1_119' title="bbox 2053 4542 3626 4617">
     <span class='ocr_line' id='line_1_119' title="bbox 2053 4542 3626 4617; baseline -0.006 -14"><span class='ocrx_word' id='word_1_939' title='bbox 2053 4566 2161 4603; x_wconf 90' lang='grc' dir='ltr'>των</span> <span class='ocrx_word' id='word_1_940' title='bbox 2195 4549 2260 4603; x_wconf 82' lang='grc' dir='ltr'>άν</span> <span class='ocrx_word' id='word_1_941' title='bbox 2291 4565 2375 4612; x_wconf 88' lang='grc' dir='ltr'>τις</span> <span class='ocrx_word' id='word_1_942' title='bbox 2396 4543 2536 4600; x_wconf 78' lang='grc' dir='ltr'>εἶναι</span> <span class='ocrx_word' id='word_1_943' title='bbox 2555 4546 2689 4616; x_wconf 81' lang='grc' dir='ltr'>φαίη</span> <span class='ocrx_word' id='word_1_944' title='bbox 2721 4546 2899 4617; x_wconf 89' lang='grc' dir='ltr'>μόνον,</span> <span class='ocrx_word' id='word_1_945' title='bbox 2921 4544 3059 4603; x_wconf 67' lang='grc' dir='ltr'>ἀλλὰ</span> <span class='ocrx_word' id='word_1_946' title='bbox 3080 4542 3394 4597; x_wconf 71' lang='grc' dir='ltr'>καὶτούτων</span> <span class='ocrx_word' id='word_1_947' title='bbox 3422 4542 3626 4612; x_wconf 85' lang='grc' dir='ltr'>ἀγριω-</span> 
     </span>
    </p>
   </div>
   <div class='ocr_carea' id='block_1_120' title="bbox 2053 4622 3625 4707">
    <p class='ocr_par' dir='ltr' id='par_1_120' title="bbox 2053 4622 3625 4707">
     <span class='ocr_line' id='line_1_120' title="bbox 2053 4622 3625 4707; baseline -0.005 -17"><span class='ocrx_word' id='word_1_948' title='bbox 2053 4636 2220 4707; x_wconf 81' lang='grc' dir='ltr'>τέρας</span> <span class='ocrx_word' id='word_1_949' title='bbox 2248 4632 2427 4705; x_wconf 88' lang='grc' dir='ltr'>πολλῷ</span> <span class='ocrx_word' id='word_1_950' title='bbox 2450 4634 2545 4687; x_wconf 72' lang='grc' dir='ltr'>καὶ</span> <span class='ocrx_word' id='word_1_951' title='bbox 2573 4631 2980 4704; x_wconf 85' lang='grc' dir='ltr'>χαλεπωτέρας.</span> <span class='ocrx_word' id='word_1_952' title='bbox 3014 4631 3240 4703; x_wconf 81' lang='grc' dir='ltr'>Ἀρκτοι</span> <span class='ocrx_word' id='word_1_953' title='bbox 3275 4628 3374 4700; x_wconf 81' lang='grc' dir='ltr'>μὲν</span> <span class='ocrx_word' id='word_1_954' title='bbox 3399 4628 3507 4697; x_wconf 82' lang='grc' dir='ltr'>γὰρ</span> <span class='ocrx_word' id='word_1_955' title='bbox 3530 4622 3625 4682; x_wconf 65' lang='grc' dir='ltr'>καὶ</span> 
     </span>
    </p>
   </div>
   <div class='ocr_carea' id='block_1_121' title="bbox 2052 4713 3627 4790">
    <p class='ocr_par' dir='ltr' id='par_1_121' title="bbox 2052 4713 3627 4790">
     <span class='ocr_line' id='line_1_121' title="bbox 2052 4713 3627 4790; baseline -0.006 -16"><span class='ocrx_word' id='word_1_956' title='bbox 2052 4721 2227 4786; x_wconf 87' lang='grc' dir='ltr'>λύκοι,</span> <span class='ocrx_word' id='word_1_957' title='bbox 2254 4720 2470 4776; x_wconf 78' lang='grc' dir='ltr'>ἐπειδὰν</span> <span class='ocrx_word' id='word_1_958' title='bbox 2498 4720 2703 4775; x_wconf 83' lang='grc' dir='ltr'>λάϐωσι</span> <span class='ocrx_word' id='word_1_959' title='bbox 2752 4718 2930 4790; x_wconf 85' lang='grc' dir='ltr'>κόρον,</span> <span class='ocrx_word' id='word_1_960' title='bbox 2971 4720 3068 4788; x_wconf 80' lang='grc' dir='ltr'>τῆς</span> <span class='ocrx_word' id='word_1_961' title='bbox 3111 4715 3363 4784; x_wconf 86' lang='grc' dir='ltr'>τοιαύτης</span> <span class='ocrx_word' id='word_1_962' title='bbox 3419 4713 3627 4790; x_wconf 82' lang='grc' dir='ltr'>τροφῆς</span> 
     </span>
    </p>
   </div>
   <div class='ocr_carea' id='block_1_122' title="bbox 2051 4789 3633 4871">
    <p class='ocr_par' dir='ltr' id='par_1_122' title="bbox 2051 4789 3633 4871">
     <span class='ocr_line' id='line_1_122' title="bbox 2051 4789 3633 4871; baseline -0.007 -15"><span class='ocrx_word' id='word_1_963' title='bbox 2051 4801 2401 4871; x_wconf 84' lang='grc' dir='ltr'>ἀφίστανται·</span> <span class='ocrx_word' id='word_1_964' title='bbox 2452 4794 2674 4854; x_wconf 73' lang='grc' dir='ltr'>οὗτοιδέ</span> <span class='ocrx_word' id='word_1_965' title='bbox 2708 4789 2869 4868; x_wconf 87' lang='grc' dir='ltr'>κόρον</span> <span class='ocrx_word' id='word_1_966' title='bbox 2904 4796 3003 4849; x_wconf 84' lang='grc' dir='ltr'>οὐκ</span> <span class='ocrx_word' id='word_1_967' title='bbox 3058 4794 3259 4863; x_wconf 85' lang='grc' dir='ltr'>ἔχουσι.</span> <span class='ocrx_word' id='word_1_968' title='bbox 3313 4790 3511 4871; x_wconf 82' lang='grc' dir='ltr'>Καίτοι</span> <span class='ocrx_word' id='word_1_969' title='bbox 3533 4789 3633 4845; x_wconf 58' lang='grc' dir='ltr'>διὰ</span> 
     </span>
    </p>
   </div>
   <div class='ocr_carea' id='block_1_123' title="bbox 2050 4870 3624 4954">
    <p class='ocr_par' dir='ltr' id='par_1_123' title="bbox 2050 4870 3624 4954">
     <span class='ocr_line' id='line_1_123' title="bbox 2050 4870 3624 4954; baseline -0.008 -16"><span class='ocrx_word' id='word_1_970' title='bbox 2050 4870 2210 4938; x_wconf 84' lang='grc' dir='ltr'>τοῦτο</span> <span class='ocrx_word' id='word_1_971' title='bbox 2226 4886 2413 4954; x_wconf 84' lang='grc' dir='ltr'>χεῖρας</span> <span class='ocrx_word' id='word_1_972' title='bbox 2444 4883 2576 4952; x_wconf 83' lang='grc' dir='ltr'>ἡμῖν</span> <span class='ocrx_word' id='word_1_973' title='bbox 2600 4879 2853 4948; x_wconf 81' lang='grc' dir='ltr'>ἐποίησεν</span> <span class='ocrx_word' id='word_1_974' title='bbox 2885 4878 2914 4929; x_wconf 85' lang='grc' dir='ltr'>ὁ</span> <span class='ocrx_word' id='word_1_975' title='bbox 2964 4875 3116 4936; x_wconf 85' lang='grc' dir='ltr'>Θεὸς,</span> <span class='ocrx_word' id='word_1_976' title='bbox 3144 4875 3231 4927; x_wconf 83' lang='grc' dir='ltr'>ἵνα</span> <span class='ocrx_word' id='word_1_977' title='bbox 3254 4872 3460 4943; x_wconf 78' lang='grc' dir='ltr'>ἑτέροις</span> <span class='ocrx_word' id='word_1_978' title='bbox 3492 4870 3624 4942; x_wconf 79' lang='grc' dir='ltr'>βοη-</span> 
     </span>
    </p>
   </div>
   <div class='ocr_carea' id='block_1_124' title="bbox 2052 4954 3624 5038">
    <p class='ocr_par' dir='ltr' id='par_1_124' title="bbox 2052 4954 3624 5038">
     <span class='ocr_line' id='line_1_124' title="bbox 2052 4954 3624 5038; baseline -0.01 -16"><span class='ocrx_word' id='word_1_979' title='bbox 2052 4968 2251 5038; x_wconf 89' lang='grc' dir='ltr'>θῶμεν,</span> <span class='ocrx_word' id='word_1_980' title='bbox 2284 4968 2381 5038; x_wconf 75' lang='grc' dir='ltr'>οὐχ</span> <span class='ocrx_word' id='word_1_981' title='bbox 2411 4966 2497 5019; x_wconf 85' lang='grc' dir='ltr'>ἴνα</span> <span class='ocrx_word' id='word_1_982' title='bbox 2528 4961 2984 5029; x_wconf 77' lang='grc' dir='ltr'>ἐπιϐουλεύωμεν.</span> <span class='ocrx_word' id='word_1_983' title='bbox 3013 4958 3077 5012; x_wconf 78' lang='lat' dir='ltr'>El</span> <span class='ocrx_word' id='word_1_984' title='bbox 3105 4957 3163 5011; x_wconf 81' lang='grc' dir='ltr'>δὲ</span> <span class='ocrx_word' id='word_1_985' title='bbox 3203 4957 3492 5028; x_wconf 74' lang='grc' dir='ltr'>μέλλοιμεν</span> <span class='ocrx_word' id='word_1_986' title='bbox 3524 4954 3624 5038; x_wconf 85' lang='grc' dir='ltr'>αύ-</span> 
     </span>
    </p>
   </div>
   <div class='ocr_carea' id='block_1_125' title="bbox 2050 5037 3623 5115">
    <p class='ocr_par' dir='ltr' id='par_1_125' title="bbox 2050 5037 3623 5115">
     <span class='ocr_line' id='line_1_125' title="bbox 2050 5037 3623 5115; baseline -0.009 -11"><span class='ocrx_word' id='word_1_987' title='bbox 2050 5037 2172 5114; x_wconf 86' lang='grc' dir='ltr'>ταῖς</span> <span class='ocrx_word' id='word_1_988' title='bbox 2205 5052 2286 5114; x_wconf 89' lang='grc' dir='ltr'>είς</span> <span class='ocrx_word' id='word_1_989' title='bbox 2314 5048 2473 5103; x_wconf 88' lang='grc' dir='ltr'>τοῦτο</span> <span class='ocrx_word' id='word_1_990' title='bbox 2507 5044 2826 5115; x_wconf 85' lang='grc' dir='ltr'>κεχρῆσθαι,</span> <span class='ocrx_word' id='word_1_991' title='bbox 2865 5042 3069 5114; x_wconf 81' lang='grc' dir='ltr'>βέλτιον</span> <span class='ocrx_word' id='word_1_992' title='bbox 3124 5040 3294 5105; x_wconf 81' lang='grc' dir='ltr'>αὐτὰς</span> <span class='ocrx_word' id='word_1_993' title='bbox 3339 5037 3623 5106; x_wconf 84' lang='grc' dir='ltr'>ἀποκοπῆ-</span> 
     </span>
    </p>
   </div>
   <div class='ocr_carea' id='block_1_126' title="bbox 2051 5119 3625 5200">
    <p class='ocr_par' dir='ltr' id='par_1_126' title="bbox 2051 5119 3625 5200">
     <span class='ocr_line' id='line_1_126' title="bbox 2051 5119 3625 5200; baseline -0.009 -16"><span class='ocrx_word' id='word_1_994' title='bbox 2051 5150 2158 5195; x_wconf 90' lang='grc' dir='ltr'>ναι,</span> <span class='ocrx_word' id='word_1_995' title='bbox 2219 5131 2315 5185; x_wconf 82' lang='grc' dir='ltr'>καὶ</span> <span class='ocrx_word' id='word_1_996' title='bbox 2345 5129 2512 5200; x_wconf 73' lang='grc' dir='ltr'>χωρὶς</span> <span class='ocrx_word' id='word_1_997' title='bbox 2536 5126 2739 5179; x_wconf 90' lang='grc' dir='ltr'>τούτων</span> <span class='ocrx_word' id='word_1_998' title='bbox 2765 5121 2923 5180; x_wconf 71' lang='grc' dir='ltr'>εἶναι.</span> <span class='ocrx_word' id='word_1_999' title='bbox 2961 5126 3032 5179; x_wconf 84' lang='grc' dir='ltr'>Σὺ</span> <span class='ocrx_word' id='word_1_1000' title='bbox 3083 5124 3140 5178; x_wconf 84' lang='grc' dir='ltr'>δὲ</span> <span class='ocrx_word' id='word_1_1001' title='bbox 3174 5123 3239 5178; x_wconf 83' lang='grc' dir='ltr'>ἂν</span> <span class='ocrx_word' id='word_1_1002' title='bbox 3291 5121 3390 5195; x_wconf 80' lang='grc' dir='ltr'>μὲν</span> <span class='ocrx_word' id='word_1_1003' title='bbox 3414 5119 3625 5191; x_wconf 79' lang='grc' dir='ltr'>πρόϐα-</span> 
     </span>
    </p>
   </div>
   <div class='ocr_carea' id='block_1_127' title="bbox 2048 5201 3624 5284">
    <p class='ocr_par' dir='ltr' id='par_1_127' title="bbox 2048 5201 3624 5284">
     <span class='ocr_line' id='line_1_127' title="bbox 2048 5201 3624 5284; baseline -0.009 -17"><span class='ocrx_word' id='word_1_1004' title='bbox 2048 5232 2140 5269; x_wconf 90' lang='grc' dir='ltr'>τον</span> <span class='ocrx_word' id='word_1_1005' title='bbox 2170 5213 2456 5284; x_wconf 80' lang='grc' dir='ltr'>σπαράττῃ</span> <span class='ocrx_word' id='word_1_1006' title='bbox 2489 5210 2697 5280; x_wconf 85' lang='grc' dir='ltr'>θηρίον,</span> <span class='ocrx_word' id='word_1_1007' title='bbox 2747 5209 2953 5278; x_wconf 86' lang='grc' dir='ltr'>ἀλγεῖς·</span> <span class='ocrx_word' id='word_1_1008' title='bbox 2983 5210 3061 5272; x_wconf 75' lang='grc' dir='ltr'>εἰς</span> <span class='ocrx_word' id='word_1_1009' title='bbox 3093 5207 3255 5261; x_wconf 78' lang='grc' dir='ltr'>αὐτὸν</span> <span class='ocrx_word' id='word_1_1010' title='bbox 3282 5206 3338 5259; x_wconf 82' lang='grc' dir='ltr'>δὲ</span> <span class='ocrx_word' id='word_1_1011' title='bbox 3370 5204 3460 5258; x_wconf 76' lang='grc' dir='ltr'>τὸν</span> <span class='ocrx_word' id='word_1_1012' title='bbox 3493 5201 3624 5284; x_wconf 86' lang='grc' dir='ltr'>ὁμό-</span> 
     </span>
    </p>
   </div>
   <div class='ocr_carea' id='block_1_128' title="bbox 2052 5283 3627 5368">
    <p class='ocr_par' dir='ltr' id='par_1_128' title="bbox 2052 5283 3627 5368">
     <span class='ocr_line' id='line_1_128' title="bbox 2052 5283 3627 5368; baseline -0.011 -16"><span class='ocrx_word' id='word_1_1013' title='bbox 2052 5298 2217 5368; x_wconf 88' lang='grc' dir='ltr'>φυλον</span> <span class='ocrx_word' id='word_1_1014' title='bbox 2235 5296 2391 5350; x_wconf 90' lang='grc' dir='ltr'>τοῦτο</span> <span class='ocrx_word' id='word_1_1015' title='bbox 2404 5283 2787 5366; x_wconf 79' lang='grc' dir='ltr'>ἐργαζόμενος,</span> <span class='ocrx_word' id='word_1_1016' title='bbox 2808 5294 2868 5345; x_wconf 83' lang='grc' dir='ltr'>οὐ</span> <span class='ocrx_word' id='word_1_1017' title='bbox 2890 5292 3128 5363; x_wconf 78' lang='grc' dir='ltr'>νομίζεις</span> <span class='ocrx_word' id='word_1_1018' title='bbox 3150 5308 3202 5343; x_wconf 92' lang='grc' dir='ltr'>τι</span> <span class='ocrx_word' id='word_1_1019' title='bbox 3231 5290 3402 5342; x_wconf 86' lang='grc' dir='ltr'>ποιεῖν</span> <span class='ocrx_word' id='word_1_1020' title='bbox 3419 5283 3588 5368; x_wconf 79' lang='grc' dir='ltr'>δεινόν</span> <span class='ocrx_word' id='word_1_1021' title='bbox 3602 5299 3627 5350; x_wconf 62' lang='grc' dir='ltr'><strong>ί</strong></span> 
     </span>
    </p>
   </div>
   <div class='ocr_carea' id='block_1_129' title="bbox 2051 5365 3618 5449">
    <p class='ocr_par' dir='ltr' id='par_1_129' title="bbox 2051 5365 3618 5449">
     <span class='ocr_line' id='line_1_129' title="bbox 2051 5365 3618 5449; baseline -0.01 -14"><span class='ocrx_word' id='word_1_1022' title='bbox 2051 5365 2147 5436; x_wconf 73' lang='grc' dir='ltr'>καὶ</span> <span class='ocrx_word' id='word_1_1023' title='bbox 2173 5381 2289 5444; x_wconf 87' lang='grc' dir='ltr'>πῶς</span> <span class='ocrx_word' id='word_1_1024' title='bbox 2320 5379 2384 5433; x_wconf 85' lang='grc' dir='ltr'>ἂν</span> <span class='ocrx_word' id='word_1_1025' title='bbox 2423 5378 2540 5449; x_wconf 81' lang='grc' dir='ltr'>εἴης</span> <span class='ocrx_word' id='word_1_1026' title='bbox 2563 5375 2843 5446; x_wconf 81' lang='grc' dir='ltr'>ἄνθρωπος</span> <span class='ocrx_word' id='word_1_1027' title='bbox 2867 5391 2882 5439; x_wconf 90' lang='lat'>;</span> <span class='ocrx_word' id='word_1_1028' title='bbox 2934 5375 3045 5444; x_wconf 85' lang='grc' dir='ltr'>Οὐχ</span> <span class='ocrx_word' id='word_1_1029' title='bbox 3070 5374 3199 5444; x_wconf 77' lang='grc' dir='ltr'>ὁρᾷς</span> <span class='ocrx_word' id='word_1_1030' title='bbox 3229 5372 3309 5424; x_wconf 75' lang='grc' dir='ltr'>ὃτι</span> <span class='ocrx_word' id='word_1_1031' title='bbox 3338 5365 3618 5437; x_wconf 57' lang='grc' dir='ltr'>ἀνθρώπια</span> 
     </span>
    </p>
   </div>
   <div class='ocr_carea' id='block_1_130' title="bbox 2111 5520 3623 5586">
    <p class='ocr_par' dir='ltr' id='par_1_130' title="bbox 2111 5520 3623 5586">
     <span class='ocr_line' id='line_1_130' title="bbox 2111 5520 3623 5586; baseline -0.01 -3"><span class='ocrx_word' id='word_1_1032' title='bbox 2111 5533 2142 5573; x_wconf 78' lang='lat' dir='ltr'><strong>h</strong></span> <span class='ocrx_word' id='word_1_1033' title='bbox 2167 5532 2283 5582; x_wconf 80' lang='lat' dir='ltr'>Post</span> <span class='ocrx_word' id='word_1_1034' title='bbox 2319 5530 2490 5585; x_wconf 77' lang='grc' dir='ltr'>ικανῶς</span> <span class='ocrx_word' id='word_1_1035' title='bbox 2519 5528 2626 5576; x_wconf 61' lang='lat' dir='ltr'>hac</span> <span class='ocrx_word' id='word_1_1036' title='bbox 2650 5527 2699 5575; x_wconf 77' lang='lat' dir='ltr'>in</span> <span class='ocrx_word' id='word_1_1037' title='bbox 2732 5526 2951 5586; x_wconf 80' lang='lat' dir='ltr'>margine</span> <span class='ocrx_word' id='word_1_1038' title='bbox 2984 5526 3124 5586; x_wconf 70' lang='lat' dir='ltr'><strong>ponit</strong></span> <span class='ocrx_word' id='word_1_1039' title='bbox 3166 5520 3623 5586; x_wconf 46' lang='lat' dir='ltr'>Saviliugegpquoy</span> 
     </span>
    </p>
   </div>
   <div class='ocr_carea' id='block_1_131' title="bbox 2051 5582 3623 5654">
    <p class='ocr_par' dir='ltr' id='par_1_131' title="bbox 2051 5582 3623 5654">
     <span class='ocr_line' id='line_1_131' title="bbox 2051 5582 3623 5654; baseline -0.01 -10"><span class='ocrx_word' id='word_1_1040' title='bbox 2051 5597 2179 5652; x_wconf 84' lang='lat' dir='ltr'>dam,</span> <span class='ocrx_word' id='word_1_1041' title='bbox 2203 5601 2259 5642; x_wconf 78' lang='grc' dir='ltr'>ιιι</span> <span class='ocrx_word' id='word_1_1042' title='bbox 2278 5582 2489 5654; x_wconf 16' lang='lat' dir='ltr'>videIuAr;</span> <span class='ocrx_word' id='word_1_1043' title='bbox 2511 5582 2857 5654; x_wconf 59' lang='lat' dir='ltr'>mangscl&#39;iplo;</span> <span class='ocrx_word' id='word_1_1044' title='bbox 2896 5582 3002 5654; x_wconf 48' lang='lat' dir='ltr'>xui:</span> <span class='ocrx_word' id='word_1_1045' title='bbox 3019 5585 3307 5654; x_wconf 67' lang='grc' dir='ltr'>κατασείσας</span> <span class='ocrx_word' id='word_1_1046' title='bbox 3332 5583 3537 5654; x_wconf 52' lang='grc' dir='ltr'>τῷδέει,</span> <span class='ocrx_word' id='word_1_1047' title='bbox 3563 5582 3623 5654; x_wconf 56' lang='lat' dir='ltr'>om&quot;;</span> 
     </span>
    </p>
   </div>
   <div class='ocr_carea' id='block_1_132' title="bbox 2053 5644 3626 5716">
    <p class='ocr_par' dir='ltr' id='par_1_132' title="bbox 2053 5644 3626 5716">
     <span class='ocr_line' id='line_1_132' title="bbox 2053 5644 3626 5716; baseline -0.009 -11"><span class='ocrx_word' id='word_1_1048' title='bbox 2053 5644 2195 5716; x_wconf 63' lang='grc' dir='ltr'>μόνον</span> <span class='ocrx_word' id='word_1_1049' title='bbox 2226 5656 2310 5711; x_wconf 80' lang='grc' dir='ltr'>τήν</span> <span class='ocrx_word' id='word_1_1050' title='bbox 2353 5644 2531 5701; x_wconf 81' lang='grc' dir='ltr'>ἐκείνου</span> <span class='ocrx_word' id='word_1_1051' title='bbox 2576 5648 2661 5716; x_wconf 83' lang='grc' dir='ltr'>τοῦ</span> <span class='ocrx_word' id='word_1_1052' title='bbox 2704 5644 3072 5716; x_wconf 69' lang='grc' dir='ltr'>πεπορνευκότος</span> <span class='ocrx_word' id='word_1_1053' title='bbox 3116 5647 3352 5716; x_wconf 43' lang='grc' dir='ltr'>διάνοιαν..</span> <span class='ocrx_word' id='word_1_1054' title='bbox 3379 5644 3498 5693; x_wconf 83' lang='grc' dir='ltr'>ἀλλὰ</span> <span class='ocrx_word' id='word_1_1055' title='bbox 3532 5644 3626 5716; x_wconf 42' lang='grc' dir='ltr'>,καὶ</span> 
     </span>
    </p>
   </div>
   <div class='ocr_carea' id='block_1_133' title="bbox 2051 5703 3623 5776">
    <p class='ocr_par' dir='ltr' id='par_1_133' title="bbox 2051 5703 3623 5776">
     <span class='ocr_line' id='line_1_133' title="bbox 2051 5703 3623 5776; baseline -0.007 -13"><span class='ocrx_word' id='word_1_1056' title='bbox 2051 5703 2136 5774; x_wconf 55' lang='grc' dir='ltr'>τήν</span> <span class='ocrx_word' id='word_1_1057' title='bbox 2154 5703 2253 5764; x_wconf 82' lang='grc' dir='ltr'>τῶν</span> <span class='ocrx_word' id='word_1_1058' title='bbox 2269 5703 2555 5776; x_wconf 77' lang='grc' dir='ltr'>ἀκουόντων,</span> <span class='ocrx_word' id='word_1_1059' title='bbox 2580 5712 2664 5769; x_wconf 83' lang='grc' dir='ltr'>τήν</span> <span class='ocrx_word' id='word_1_1060' title='bbox 2684 5712 2778 5757; x_wconf 87' lang='grc' dir='ltr'>τῶν</span> <span class='ocrx_word' id='word_1_1061' title='bbox 2805 5703 3132 5772; x_wconf 65' lang='grc' dir='ltr'>ῥηθησομένων</span> <span class='ocrx_word' id='word_1_1062' title='bbox 3153 5707 3495 5771; x_wconf 80' lang='grc' dir='ltr'>στοχαζόμενος</span> <span class='ocrx_word' id='word_1_1063' title='bbox 3524 5703 3623 5755; x_wconf 72' lang='grc' dir='ltr'>ἑπιο</span> 
     </span>
    </p>
   </div>
   <div class='ocr_carea' id='block_1_134' title="bbox 2055 5794 2217 5842">
    <p class='ocr_par' dir='ltr' id='par_1_134' title="bbox 2055 5794 2217 5842">
     <span class='ocr_line' id='line_1_134' title="bbox 2055 5794 2217 5842; baseline -0.012 -17"><span class='ocrx_word' id='word_1_1064' title='bbox 2055 5794 2217 5842; x_wconf 76' lang='grc' dir='ltr'>φοραν.</span> 
     </span>
    </p>
   </div>
  </div>
