4100 6214
453 317 512 372 ει
1131 304 1188 357 s.
1229 301 1512 360 JOANNIS
1548 287 2039 358 cumsosmm
2078 300 2395 362 ARCHIEP.
2437 305 2981 363 CONSTANTINOP.
3620 311 3694 369 ει

449 439 542 476 νον
565 420 794 490 πρᾶγμα
816 413 1108 484 καλοῦμεν,
1137 414 1199 467 τὸ
1231 414 1382 467 ἐλέου
1409 415 1576 484 γέμον
1609 417 1703 468 καὶ
1726 413 2020 484 φιλανθρω-

455 507 585 565 πίας
610 519 625 565 ;
655 503 782 554 ὅταν
811 499 868 552 δέ
895 499 1044 568 ὠμόν
1075 514 1126 550 τι
1150 496 1242 550 καὶ
1267 497 1474 566 ἀπηνὲς
1501 498 1819 566 ἐργάσηται,
1856 496 2022 549 ἀπάν-

455 587 671 656 θρωπον
693 584 783 636 τὸν
803 581 1040 635 τοιοῦτον
1087 581 1444 648 ὀνομάζομεν.
1493 581 1701 633 Οὐκοῦν
1743 581 1832 632 τὸν
1853 597 2021 663 χαρα-

455 669 634 738 κτῆρα
652 665 746 718 τοῦ
774 664 1061 734 ἀνθρώπου
1115 663 1224 716 ἀπὸ
1267 663 1359 716 τοῦ
1385 664 1574 729 ἐλεεῖν,
1603 663 1697 716 τοῦ
1749 664 1804 716 δέ
1832 663 2021 732 θηρίου

454 751 564 805 ἀπὸ
599 750 693 802 τοῦ
739 748 977 802 ἐναντίου
1021 746 1436 816 ὑπογράφομεν,
1489 747 1736 814 λέγοντες
1775 747 1880 798 ἀεί·
1931 747 2021 812 Μὴ

455 833 562 903 γάρ
590 833 906 900 ἄνθρωπος;
931 829 1164 900 θηρίονῆ
1196 829 1361 882 κύων.
1404 830 1466 882 Οί
1496 829 1605 900 γὰρ
1633 829 1906 897 ἄνθρωποι
1924 845 2021 880 πε-

455 916 575 967 νίαν
598 912 920 982 διορθοῦσιν,
951 914 1050 966 οὐκ
1080 911 1318 976 αὕξουσι.
1348 911 1565 964 Τούτων
1586 912 1679 964 καὶ
1695 911 1763 963 τά
1784 911 2024 980 στόματα

455 997 656 1066 θηρίων
682 995 797 1048 ἐστὶ
836 995 1097 1065 στόματα,
1151 994 1349 1064 μᾶλλον
1386 993 1442 1046 δέ
1472 993 1566 1046 καὶ
1595 992 1766 1046 ταῦτα
1800 993 2023 1046 ἐκείνων

453 1077 786 1148 ἀγριώτερα·
840 1077 936 1129 καὶ
994 1077 1103 1146 γὰρ
1167 1077 1388 1146 ῥήματα
1441 1075 1769 1143 φθέγγονται
1825 1075 2024 1145 μᾶλλον

454 1161 677 1214 ἐκείνων
705 1162 814 1212 τῶν
841 1159 1067 1212 ὀδόντων
1099 1157 1175 1211 ἰὸν
1207 1158 1456 1226 ἀφιέντα,
1480 1159 1636 1226 φόνον
1661 1157 2020 1230 ἐργαζόμενα.

455 1246 565 1297 Καὶ
593 1246 641 1295 εί
688 1243 864 1296 πάντα
895 1259 979 1304 τις
1009 1240 1244 1304 ἐπέλθοι,
1271 1241 1392 1292 τότε
1446 1240 1636 1308 ὗψεται
1679 1240 1879 1305 καλῶς,
1907 1241 2025 1304 πῶς

456 1326 620 1396 θηρία
645 1325 752 1378 ἀπὸ
785 1323 1086 1394 ἀνθρώπων
1112 1325 1239 1386 τοὺς
1260 1323 1576 1393 χρωμένους
1604 1326 1636 1392 ἡ
1659 1324 2024 1394 ἀπανθρωπία

457 1411 621 1462 ποιεῖ.
644 1409 705 1460 Εἰ
731 1407 786 1460 δέ
817 1407 909 1459 καὶ
937 1407 1035 1476 τὴν
1056 1406 1295 1459 διάνοιάν
1315 1423 1397 1469 τις
1429 1407 1700 1472 ἐξετάσειε
1717 1407 1827 1459 τῶν
1847 1406 2024 1459 τοιού-

456 1509 584 1556 των,
614 1490 795 1543 οὐκέτι
829 1489 992 1560 θηρία
1026 1489 1204 1560 μόνον,
1240 1489 1374 1544 ἀλλά
1401 1491 1493 1543 καὶ
1533 1490 1792 1561 δαίμονας
1831 1493 2025 1555 αὐτοὺς

459 1577 733 1645 προσερεῖ.
754 1575 864 1626 Καλ⁵
886 1575 996 1642 γὰρ
1021 1573 1222 1643 πολλῆς
1247 1574 1474 1644 γέμουσι
1499 1573 1598 1643 τῆς
1642 1575 1908 1643 ἀπηνείας
1931 1575 2024 1628 καὶ

459 1659 558 1728 τῆς
584 1659 718 1728 πρὸς
746 1660 838 1711 τὸν
877 1658 1163 1729 ὁμόδουλον
1207 1657 1426 1728 ἐχθραςο
1460 1658 1554 1710 καὶ
1593 1655 1716 1709 οὔτε
1749 1657 2025 1727 βασιλείας

460 1740 599 1810 ἔρως
625 1743 756 1806 ἐκεῖ,
781 1741 903 1794 οὔτε
933 1741 1154 1811 γεέννης
1174 1741 1358 1810 φόϐος,
1389 1741 1489 1793 οὐκ
1513 1739 1675 1804 αἰδὼς
1702 1740 2025 1812 ἀνθρώπων,

458 1824 559 1876 ούκ
598 1823 766 1887 ἔλεος,
829 1825 888 1876 οὐ
931 1823 1280 1895 συμπάθεια,
1353 1822 1468 1876 ἀλλ’
1532 1823 1884 1892 ἀναισχυντία
1935 1826 2029 1877 καὶ

461 1906 742 1976 ἰταμότης,
768 1907 862 1959 καὶ
887 1906 1155 1978 ὑπεροψία
1169 1905 1277 1958 τῶν
1307 1905 1608 1974 μελλόντων
1635 1906 1909 1959 ἁπάντων·
1935 1907 2030 1960 καὶ

462 1986 630 2056 μῦθος
663 1989 844 2051 αὐτοῖς
876 1982 1014 2041 εἶναι
1037 1988 1185 2040 δοκεῖ
1207 1987 1277 2040 τά
1297 1987 1390 2040 τοῦ
1407 1987 1542 2040 Θεοῦ
1573 1989 1794 2058 ῥήματα
1810 1989 1879 2040 τὰ
1901 1989 2028 2060 περὶ

458 2070 752 2132 κολάσεως,
787 2071 881 2124 καὶ
921 2071 1094 2138 γέλως
1122 2073 1155 2139 ἡ
1186 2070 1403 2137 ἀπειλή.
1441 2071 1674 2143 Τοιαύτη
1709 2072 1816 2141 γὰρ
1853 2075 1884 2142 ἡ
1931 2071 2026 2125 τοῦ

459 2153 777 2205 πλεονέκτου
807 2154 1029 2207 διάνοια.
1063 2155 1232 2206 Ὅταν
1265 2149 1360 2206 οὖν
1413 2153 1620 2207 ἔνδοθεν
1654 2153 1752 2225 μὲν
1777 2155 2029 2224 δαίμονες

456 2229 608 2300 ὦσιν,
640 2236 838 2302 ἔξωθεν
865 2237 919 2290 δὲ
955 2237 1137 2309 θηρία,
1171 2238 1265 2290 καὶ
1294 2237 1498 2307 θηρίων
1527 2237 1760 2308 χείρους,
1799 2239 1901 2291 ποῧ
1935 2240 2028 2310 θή-

459 2333 622 2388 σομεν
649 2321 772 2382 τοὺς
796 2321 1087 2383 τοιούτους,
1119 2322 1240 2374 εἰπέ
1274 2337 1398 2390 μοι;
1432 2323 1555 2374 ’Ὁτι
1576 2322 1684 2393 γὰρ
1703 2325 1795 2376 καῖ
1826 2324 2028 2394 θηρίων

459 2401 693 2470 χείρους,
725 2402 882 2471 δῆλον
930 2403 1165 2456 ἐκεῖθενο
1199 2405 1278 2456 Τὰ
1309 2403 1472 2473 θηρία
1518 2407 1585 2474 τῇ
1617 2405 1772 2472 φύσει
1802 2407 2029 2460 τοιαῦτά

457 2483 624 2535 ἐστιν’
653 2479 797 2538 οῦτοι
823 2485 879 2538 δέ
911 2485 1051 2538 κατά
1086 2486 1246 2554 φύσιν
1275 2485 1335 2537 τὸ
1362 2487 1567 2556 ἥμερον
1588 2487 1822 2557 ἔχοντες,
1875 2492 2028 2562 παρὰ

458 2565 618 2633 φύσιν
657 2568 737 2630 είς
782 2567 842 2619 τὸ
879 2566 1140 2638 θηριῶδες
1176 2567 1402 2631 ἑαυτοὺς
1458 2567 1673 2637 ἐξάγειν
1730 2569 2026 2640 βιάζονται.

2121 413 2231 468 Καὶ
2259 418 2308 468 οί
2339 416 2589 485 δαίμονες
2616 418 2672 470 δὲ
2701 417 2827 480 τοὺς
2873 417 3321 484 ἐπιϐουλεύοντας
3365 421 3694 490 ἀνθρώπους

2123 499 2572 568 συμπράττοντας
2611 501 2822 563 ἑαυτοῖς
2859 501 3088 570 ἔχουσιν·
3114 501 3189 564 ὡς
3211 504 3258 554 εἰ
3288 503 3361 573 μὴ
3385 503 3696 572 συνέπρατο

2119 596 2234 639 τον,
2252 581 2313 632 τὸ
2341 581 2499 634 πλέον
2521 581 2630 634 τῶν
2647 582 2948 635 ἐπιϐουλῶν
2967 596 2990 623 α
3010 583 3118 636 τῶν
3144 584 3264 636 καθ’
3279 587 3310 654 ἡ
3321 584 3437 654 μῶν
3464 587 3698 650 ἐκείνοις

2120 661 2377 732 ἀνῄρητο·
2415 659 2558 718 οῦτοι
2607 664 2663 716 δὲ
2713 665 2806 717 καὶ
2854 665 3300 733 φιλονεικούντων
3354 668 3540 730 αὐτοῖς
3585 669 3700 723 τῶν

2121 744 2574 814 ἐπηρεαζομένων
2598 750 2818 816 κρατεῖν
2849 747 3202 819 ἐπιχειροῦσι.
3231 750 3399 802 Πάλιν
3424 752 3452 803 ό
3485 751 3700 822 δαίμων

2121 825 2394 897 ἀνθρώπῳ
2435 827 2679 898 πολεμεῖ,
2727 829 2787 880 οὐ
2821 828 3037 899 δαίμοσι
3073 829 3189 902 [80]
3219 834 3331 894 τοῖς
3372 833 3696 902 ὁμοφύλοις·

2120 904 2272 974 οὗτος
2300 910 2356 962 δέ
2390 911 2449 964 τὸ
2476 913 2733 980 συγγενὲς
2747 913 2839 964 καὶ
2858 914 3056 966 οἰκεῖον
3082 916 3244 966 παντὶ
3273 916 3458 985 τρόπῳ
3487 915 3698 968 κακοῦν

2121 993 2420 1061 ἐπείγεται,
2449 994 2544 1047 καὶ
2585 995 2705 1047 οὐδὲ
2727 995 2825 1065 τὴν
2847 994 3006 1063 φύσιν
3024 995 3276 1050 αἰδεῖται.
3306 996 3434 1050 Οἶδα
3455 999 3533 1051 δτι
3564 997 3698 1051 πολ-

2121 1074 2204 1126 λοὶ
2223 1074 2358 1146 πρὸς
2385 1077 2530 1146 ἡμᾶς
2555 1076 2694 1146 ὑπὲρ
2719 1076 2923 1129 τούτων
2953 1079 3346 1148 ἀπεχθάνονται
3370 1080 3476 1131 τῶν
3511 1080 3694 1150 ῥημά-

2121 1174 2250 1211 των⁶
2310 1160 2420 1227 ἐγὼ
2457 1159 2514 1212 δέ
2546 1160 2647 1213 οὐκ
2685 1159 3060 1230 ἀπεχθάνομαι
3115 1161 3252 1232 πρὸς
3306 1162 3523 1225 αὐτοὺς,
3574 1162 3692 1215 ἀλλ’

2123 1240 2257 1293 ἐλεῶ
2294 1241 2387 1295 καὶ
2419 1242 2641 1312 δακρύω
2677 1245 2801 1306 τοὺς
2837 1243 2980 1296 οῦτω
3005 1244 3400 1314 διακειμένους·
3431 1243 3533 1297 κᾶν
3557 1245 3698 1314 πλῆ-

2125 1322 2211 1386 ξαι
2235 1323 2479 1385 θέλωσιν,
2509 1324 2678 1394 ἡδέως
2696 1323 2761 1380 ἂν
2791 1325 3148 1396 ἀνασχοίμην,
3186 1329 3234 1379 εί
3267 1327 3553 1396 ἀπέχοιντο
3591 1326 3698 1395 τῆς

2125 1404 2416 1478 θηριωδίας
2451 1407 2673 1478 ταύτης.
2712 1409 2845 1462 Ούδέ
2873 1411 2980 1480 γάρ
3017 1409 3127 1477 ἐγὼ
3173 1409 3354 1478 μόνος,
3393 1409 3528 1462 ἀλλά
3555 1410 3702 1462 καὶὸ

2127 1492 2416 1559 προφήτης
2452 1490 2569 1560 μεθ’
2603 1491 2765 1560 ἡμῶν
2819 1493 2942 1554 τοὺς
2994 1490 3268 1554 τοιούτους
3304 1491 3554 1544 ἐκϐάλλει
3596 1493 3702 1560 τῆς

2123 1573 2232 1624 τῶν
2259 1571 2558 1642 ἀνθρώπων
2593 1574 2932 1640 συγγενείας,
2985 1574 3179 1641 λέγων,
3240 1574 3321 1626 ὅτι
3354 1575 3702 1642 Ἄνθρωπος

2123 1655 2192 1708 ἐν
2221 1653 2360 1724 τιμῇ
2397 1653 2482 1709 ὢν
2519 1657 2590 1710 οὐ
2635 1655 2929 1724 συνῆκεν,
2980 1657 3141 1711 ἀλλὰ
3190 1656 3700 1724 παρασυνεϐλήθη

2124 1738 2247 1804 τοῖς
2279 1737 2529 1804 κτήνεσι
2563 1739 2687 1806 τοῖς
2736 1740 3036 1808 ἀνοήτοις.
3071 1740 3366 1810 Γενώμεθα
3395 1741 3574 1794 τοίνυν
3602 1741 3702 1794 ἄν-

2125 1819 2332 1891 θρωποί
2355 1837 2506 1884 ποτε,
2537 1823 2630 1874 καὶ
2667 1823 2748 1884 είς
2782 1822 2873 1876 τὸν
2906 1823 3133 1895 οὐρανὸν
3152 1823 3562 1892 ἀναϐλέψωμεν,
3602 1823 3704 1875 καὶ

2123 1904 2185 1956 τὸ
2214 1903 2334 1956 κατ’
2368 1905 2550 1957 εἰκόνα
2601 1905 2985 1976 ἀπολάϐωμεν,
3017 1909 3110 1960 καὶ
3148 1907 3371 1968 ἑαυτούς
3396 1907 3421 1944 b
3455 1905 3701 1973 ἀνακτη-

2127 1985 2369 2054 σώμεθα,
2395 1987 2480 2040 ἵνα
2503 1987 2596 2040 καὶ
2624 1988 2734 2041 τῶν
2758 1989 3059 2059 μελλόντων
3089 1990 3308 2057 ἀγαθῶν
3331 1988 3695 2058 ἐπιτύχωμεν,

2126 2068 2307 2138 χάριτι
2353 2070 2446 2122 καὶ
2485 2069 2866 2144 φιλανθρωπίᾳ
2913 2072 3009 2126 τοῦ
3061 2073 3272 2143 Κυρίου
3327 2071 3479 2142 ἡμῶν
3519 2070 3697 2140 Ἰησοῦ

2125 2153 2385 2222 Χριστοῦ,
2419 2154 2538 2223 μεθ’
2566 2150 2627 2209 οῦ
2658 2156 2735 2226 τῷ
2767 2157 2942 2226 Πατρὶ
2974 2157 3089 2227 ἅμα
3116 2157 3193 2227 τῷ
3227 2157 3366 2226 ἁγίῳ
3396 2155 3698 2224 Πνεύματι.

2125 2235 2272 2301 δόξα,
2303 2238 2524 2306 κράτος,
2565 2238 2719 2309 τιμὴ,
2751 2239 2846 2293 νῦν
2871 2241 2965 2293 καὶ
2986 2241 3094 2306 ἀεὶ,
3115 2241 3206 2294 καὶ
3240 2242 3320 2303 είς
3341 2241 3467 2303 τοὺς
3495 2237 3706 2300 αἰῶνας

2125 2318 2232 2371 τῶν
2265 2319 2496 2374 αἰώνων.
2545 2321 2602 2374 Ἀ
2611 2322 2740 2393 μὴν.

2134 2525 2545 2644 τοςξςείειιεθεςίυε
2582 2532 2783 2592 optime.
2833 2531 2966 2582 Eam
2999 2531 3280 2587 ἐπιϐούλων.
3344 2529 3369 2568 ιι
3398 2531 3573 2582 Deerat
3596 2532 3706 2580 ειν.

1982 2842 2223 2895 ΟΜῙΛῘΑ
2264 2839 2320 2897 l'.
2341 2853 2345 2857 '

462 2953 686 3024 Μηδεὶς
715 2953 932 3024 ἐαυτιῗν
985 2953 1354 3024 ἐξαπατάτω.
1412 2956 1486 3010 Εἴ
1517 2972 1609 3022 τις
1651 2955 1821 3009 δοκεῖ
1840 2956 2032 3024 σορὸς

530 3023 682 3096 εἶναι
706 3025 774 3076 ἐν
798 3023 876 3090 τῷ
903 3023 1072 3096 αἰῶνι
1106 3025 1310 3096 τούτῳ,
1365 3026 1563 3094 μωρὸς
1593 3027 1877 3096 γενέσθω,
1921 3023 2033 3080 θῖνα

532 3095 771 3164 γένηται
805 3097 1022 3166 σοφός.
1059 3095 1132 3166 ’ἐξ
1162 3093 1280 3166 γὰρ
1306 3093 1494 3166 σοφία
1509 3093 1614 3149 τοῦ
1642 3097 1873 3166 κόσμου
1901 3098 2034 3150 τούς

534 3163 638 3221 του
654 3167 847 3234 μωρία
877 3163 1037 3232 ,παρὰ
1062 3163 1141 3229 τῷ
1165 3164 1288 3230 Θεῷ
1310 3165 1504 3218 ἐστιν.

532 3297 604 3344 α’.
642 3291 822 3360 Ὅπερ
853 3289 1023 3360 ἔφθην
1053 3287 1242 3356 εἰπὼν,
1274 3290 1368 3344 καὶ
1401 3289 1506 3358 πρὸ
1538 3289 1631 3342 τοῦ
1671 3291 2038 3362 προσήκοντος

465 3382 658 3453 καιροῦ
699 3384 776 3444 είς
809 3380 906 3453 τὴν
936 3381 1076 3434 κατὰ
1113 3381 1206 3434 τοῦ
1239 3383 1665 3453 πεπορνευκότος
1707 3383 2038 3454 κατηγορίαν

465 3476 785 3546 ἐξενεχθεὶς,
826 3475 919 3528 καὶ
952 3472 1363 3545 αἰνιγματωδῶς
1394 3472 1561 3542 αὐτὴν
1601 3473 1927 3543 παρανοίξας
1952 3471 2040 3526 διά

468 3570 732 3640 βραχέων,
774 3567 868 3621 καὶ
902 3565 1232 3628 κατασείσας
1270 3563 1434 3617 αὑτοῦ
1458 3563 1518 3616 τὸ
1543 3563 1799 3626 συνειδὸς,
1829 3563 2038 3631 ἐπείγε-

465 3681 555 3716 ται
580 3661 739 3714 πάλιν
763 3660 855 3712 ἐπὶ
877 3659 976 3730 τὴν
1007 3658 1185 3727 μάχην
1218 3655 1315 3726 τῆς
1343 3654 1534 3723 σοφίας
1572 3657 1671 3725 τῆς
1703 3653 1922 3718 ἔξωθεν,
1944 3653 2040 3706 καὶ

466 3751 534 3804 τὰ
563 3750 883 3821 ἐγκλήματα
903 3746 1010 3801 τῶν
1038 3745 1285 3810 ἐντεῦθεν
1337 3745 1767 3814 πεφυσιωμένων
1794 3743 1885 3796 καὶ
1922 3744 2038 3796 δια-

467 3841 772 3911 τεμνόντων
808 3839 906 3910 τὴν
947 3838 1297 3909 Ἐκκλησίανο
1335 3837 1422 3889 ἵνα
1457 3836 1520 3890 τὸ
1543 3837 1729 3889 λεῖπον
1761 3835 2039 3905 προσθεὶς,

468 3933 561 3987 καὶ
589 3932 650 3985 τὸ
710 3929 1004 4001 κεφάλαιον
1039 3929 1184 3984 ἀπαν
1213 3929 1525 3998 ἀπαρτίσας
1565 3928 1703 3998 μετά
1730 3926 2040 3998 ἀκριϐείας,

467 4018 608 4072 οὕτω
632 4017 818 4071 λοιπὸν
857 4018 1063 4087 σφοδρᾷ
1092 4019 1156 4088 τῇ
1192 4015 1337 4087 ῥύμῃ
1372 4015 1510 4069 κατά
1558 4015 1653 4069 τοῦ
1676 4015 2043 4084 πεπορνευκό-

467 4125 558 4171 τος
586 4106 847 4178 φέρεσθαι
872 4107 972 4177 τὴν
1001 4106 1250 4174 γλῶτταν
1280 4107 1414 4176 ἀφῇ,
1451 4106 1714 4176 πρότερον
1760 4105 2014 4175 ἀκροϐολι
2039 4131 2044 4136 -

469 4201 699 4269 σάμενος
717 4198 852 4270 πρὸς
871 4198 1035 4251 αὑτὸν
1055 4197 1122 4250 δι’
1138 4189 1212 4250 ὧν
1229 4195 1536 4268 ἔμπροσθεν
1567 4197 1776 4267 εἴρηκε.
1806 4197 1916 4249 Καλ⁵
1937 4196 2044 4266 γὰρ

466 4295 545 4356 τὸ,
570 4291 1018 4360 Μηδεὶςέαυτὸγ
1038 4287 1408 4354 ἐξαπατάτω,
1425 4288 1558 4359 πρὸς
1577 4290 1781 4342 ἐκεῖνον
1810 4287 2045 4358 μάλιστά

467 4385 616 4436 ἐστιν
654 4380 1099 4452 ἀποτεινομένου,
1147 4381 1243 4434 καὶ
1291 4379 1844 4450 προκαταλεαίνοντος
1880 4379 2044 4433 αὐτὸν

467 4473 545 4544 τῷ
585 4473 754 4542 φόϐην
785 4474 878 4525 καὶ
911 4475 938 4526 ό
968 4473 1095 4541 περὶ
1123 4471 1220 4539 τῆς
1244 4469 1497 4538 καλάμης
1527 4467 1681 4534 λόγος
1711 4467 1870 4519 αὑτὸν
1895 4467 2046 4535 μάλι-

471 4562 574 4614 στά
603 4563 749 4612 ἐστιν
789 4561 1182 4629 αἰνιττομένου,
1237 4559 1330 4610 καλ⁵
1369 4559 1428 4610 τὸ
1452 4557 1652 4624 λέγειν,
1695 4557 1774 4608 ὅτι
1802 4557 1923 4610 Οὐκ
1959 4557 2045 4608 ol-

469 4650 630 4711 δατε,
698 4648 788 4699 ὅτι
819 4648 966 4711 ναὸς
1000 4647 1148 4699 Θεοῦ
1193 4647 1355 4705 ἐστε.
1391 4647 1491 4698 καὶ
1549 4645 1614 4697 τὸ
1649 4645 1888 4715 Πνεῦμα
1937 4646 2043 4700 τοῦ

475 4738 621 4793 Θεοῦ
649 4736 915 4792 κατοικεῖ
952 4737 1022 4789 ἐν
1048 4735 1225 4804 ὑμῖν;
1283 4737 1385 4788 Δύο
1434 4737 1541 4806 γὰρ
1595 4736 1766 4789 ταῦτα
1811 4737 2044 4808 μάλιστα

473 4830 708 4897 ἀπάγειν
733 4829 881 4898 ἡμᾶς
919 4826 1196 4896 ἁμαρτίας
1228 4823 1437 4890 εἴωθεν,
1457 4825 1583 4878 ὅταν
1610 4826 1707 4895 τὴν
1735 4827 1992 4899 κειμένην
2016 4840 2042 4869 α

473 4922 537 4990 τῇ
575 4920 820 4990 ἁμαρτίᾳ
850 4919 1072 4973 κόλασιν
1101 4918 1466 4988 ἐννοήσωμεν,
1502 4917 1596 4969 καὶ
1631 4916 1758 4972 ὅταν
1784 4920 1883 4989 τὴν
1907 4921 2045 4991 ἡμε-

473 5010 636 5080 τέραν
674 5012 830 5076 ἀξίαν
849 5009 1322 5081 ἀναλογισώμεθα.
1363 5009 1455 5079 Τῷ
1490 5010 1587 5080 μὲν
1613 5005 1705 5062 οὖν
1733 5010 1822 5064 τὸν
1855 5011 2046 5082 χόρτον

475 5105 553 5165 είς
580 5102 742 5172 μέσον
781 5103 1054 5172 παράγειν
1103 5103 1196 5154 καὶ
1220 5101 1319 5172 τὴν
1349 5102 1626 5172 καλάμην,
1682 5101 1938 5173 ἐφόϐησε·
1968 5101 2046 5173 τῷ

474 5192 529 5245 δὲ
552 5193 611 5244 τὸ
639 5192 853 5262 ἀξίωμα
873 5193 968 5262 τῆς
989 5191 1194 5255 οἰκείας
1219 5193 1495 5259 εὐγενείας
1519 5195 1709 5257 εἰπεῖν,
1740 5192 2044 5264 ἐνέτρεψεν,

478 5281 669 5354 ἐκείνῳ
705 5283 803 5352 μὲν
835 5283 960 5346 τοὺς
988 5281 1500 5353 ἀναισθητοτέρους,
1531 5284 1703 5354 τούτῳ
1723 5284 1778 5336 δέ
1801 5285 1895 5337 καὶ
1919 5286 2040 5349 τοὺς

475 5373 910 5446 ἐπιεικεστέρους
954 5375 1192 5445 βελτίους
1215 5372 1402 5426 ποιῶν·
1431 5373 1653 5440 Μηδεὶς
1681 5375 1895 5430 ἑαυτὸν
1948 5377 2046 5442 ἐξ·

476 5466 852 5520 απατάτω.Εἷ
876 5485 964 5532 τις
991 5464 1158 5520 δοκεῖ
1171 5464 1361 5533 σοφὸς
1385 5459 1534 5517 εἶναι
1551 5464 1620 5517 ἐν
1641 5465 1717 5530 τῷ
1730 5467 1895 5520 αἰῶνι
1915 5467 2047 5520 τού-

477 5572 579 5619 τῳ,
598 5557 793 5624 μωρὸς
817 5556 1093 5626 γενέσθω.
1131 5558 1338 5628 Ὠσπερ
1386 5554 1578 5625 νεκρὸν
1614 5553 1690 5624 τῷ
1723 5555 1914 5626 κόσμῳ
1951 5573 2046 5609 κε-

478 5647 622 5700 λεύει
656 5649 927 5716 γενέσθαι,
963 5651 1056 5704 καὶ
1077 5650 1111 5719 ή
1131 5647 1393 5719 νεκρότης
1415 5643 1551 5714 αῦτη
1584 5644 1734 5698 οὐδὲν
1763 5646 2047 5717 παραϐλά·

543 5759 840 5834 'Sic'Reg.
887 5769 938 5813 el
986 5763 1134 5812 Savil.
1183 5761 1232 5811 ln
1278 5759 1448 5810 Morel.
1492 5766 1656 5810 autem
1696 5759 1879 5822 legitur
1940 5759 2052 5808 ὅταν

483 5837 801 5885 προκειμενην.

2135 2976 2278 3022 πτει,
2310 2960 2443 3014 ἀλλὰ
2465 2962 2557 3015 καὶ
2571 2961 2788 3032 ὠφελεῖ,
2815 2962 2960 3034 ζωῆς
2979 2962 3124 3016 αἰτία
3147 2961 3433 3034 γενομένηο
3460 2961 3598 3014 οὕτω
3613 2959 3712 3015 καὶ

2135 3051 2320 3123 μωρὸν
2365 3053 2576 3106 κελεύει
2610 3053 2688 3124 τῷ
2746 3054 2938 3124 κόσμῳ
2982 3053 3158 3125 τούτῳ
3195 3054 3470 3123 γενέσθαι,
3515 3054 3710 3122 σοφίαν

2134 3142 2382 3195 ἐντεῦθεν
2435 3145 2564 3214 ἡμῖν
2616 3145 2715 3214 τὴν
2757 3144 2928 3215 ἀληθῆ
2984 3144 3279 3216 προξενῶν.
3322 3145 3518 3217 Μωρὸς
3547 3145 3606 3198 δέ
3631 3144 3711 3216 τῷ

2134 3233 2326 3303 κόσμῳ
2349 3232 2557 3302 γίνεται
2594 3236 2621 3287 ό
2658 3233 2756 3304 τὴν
2779 3233 2978 3298 ἔξωθεν
3019 3235 3301 3306 ἀτιμάζων
3349 3236 3566 3304 σοφίαν,
3617 3237 3714 3290 καλ⁵

2137 3325 2500 3395 πεπεισμένος
2554 3325 2720 3394 μηδὲν
2773 3325 2924 3395 αὐτῷ
2967 3326 3239 3379 συντελεῖν
3296 3327 3433 3397 πρὸς
3477 3325 3574 3397 τὴν
3611 3332 3713 3399 τῆς

2138 3415 2370 3478 πίστεως
2401 3415 2719 3484 κατάληψιν.
2757 3415 2968 3487 Ὠσπερ
2997 3411 3087 3469 οὖν
3115 3420 3148 3487 ἡ
3176 3418 3334 3471 πενία
3366 3421 3399 3490 ἡ
3429 3418 3542 3491 [8|]
3575 3421 3715 3474 κατὰ

2137 3507 2268 3560 Θεὸν
2293 3507 2524 3560 πλούτου
2545 3508 2712 3570 αἰτία,
2748 3510 2841 3562 καὶ
2861 3511 2894 3579 ἡ
2922 3509 3269 3574 ταπείνωσις,
3309 3511 3500 3580 ῦψους,
3532 3512 3626 3566 καὶ
3652 3511 3715 3564 τὸ

2137 3597 2295 3667 δόξης
2333 3599 2608 3670 ὑπερορᾷν
2631 3599 2789 3669 δόξης
2823 3599 2996 3653 αἴτιον
3043 3600 3272 3668 γίνεται·
3316 3601 3481 3669 οῦτω,
3534 3604 3624 3656 καὶ
3654 3602 3716 3656 τὸ

2144 3691 2322 3762 μωρὸν
2354 3692 2609 3760 γενέσθαι
2660 3693 2967 3764 σοφώτερον
2995 3694 3209 3747 πάντων
3241 3697 3406 3748 ποιεῖ.
3450 3695 3583 3748 Ἀπὸ
3607 3695 3715 3766 γὰρ

2139 3785 2248 3838 τῶν
2279 3785 2536 3839 ἐναντίων
2561 3786 2630 3839 τὰ
2655 3787 2786 3857 παρ’
2822 3788 2953 3857 ἡμῖν
2983 3787 3032 3839 Ι).
3059 3787 3168 3840 Καὶ
3219 3786 3309 3840 διὰ
3343 3787 3397 3839 τί
3423 3788 3495 3857 μὴ
3535 3783 3711 3852 εἶπεν,

2154 3875 2463 3929 Ἀποθέσθω
2481 3875 2579 3948 τὴν
2603 3876 2813 3946 σοφίαν,
2855 3877 3009 3940 ἀλλά,
3038 3878 3316 3931 Γενέσθω
3335 3879 3566 3947 μωρός;
3596 3878 3713 3931 Ἵνα

2145 3968 2262 4039 μεθ’
2290 3967 2597 4039 ὑπερϐολῆς
2626 3969 2871 4042 ἀτιμάσῃ
2899 3969 2998 4039 τὴν
3021 3967 3219 4034 ἔξωθεν
3257 3969 3560 4024 παίδευσιν.
3582 3968 3715 4020 Ούδέ

2143 4057 2252 4130 γὰρ
2288 4054 2355 4130 ἦν
2380 4058 2490 4112 ἴσον
2526 4061 2720 4124 εἰπεῖν,
2756 4059 2982 4113 Ἀπόθου
3012 4076 3106 4111 σου
3127 4059 3228 4129 τὴν
3248 4059 3590 4128 σοφίαν,καὶ,
3621 4058 3718 4110 Γε-

2144 4150 2235 4204 νοῦ
2278 4151 2480 4224 μωρός·
2518 4150 2692 4214 ἄλλως
2715 4150 2882 4204 δὲκαὶ
2906 4149 3146 4205 παιδεύει
3176 4150 3252 4222 μὴ
3291 4149 3716 4220 ἐπαισχύνεσθαι

2142 4245 2208 4312 τῇ
2251 4245 2379 4312 παρ’
2403 4244 2532 4312 ἡμῖν
2559 4242 2814 4312 ἰδιωτείᾳ·
2853 4241 2992 4295 πάνυ
3009 4240 3114 4313 γὰρ
3145 4240 3419 4311 καταγελᾷ
3455 4239 3564 4292 τῶν
3583 4239 3716 4303 ἔξω·

2145 4334 2256 4389 θεν.
2287 4335 2485 4405 Διόπερ
2522 4335 2644 4388 οὐδὲ
2682 4334 2748 4386 τά
2771 4334 3010 4405 ὀνόματα
3029 4335 3282 4396 δέδοικεν,
3307 4332 3493 4402 ἐπειδὴ
3520 4331 3716 4402 θαρρεῖ

2144 4429 2208 4497 τῇ
2239 4425 2347 4478 τῶν
2377 4425 2719 4496 πραγμάτων
2741 4427 2992 4496 δυνάμει.
3025 4426 3233 4496 ’Ὠσπερ
3270 4416 3362 4476 οὖν
3387 4424 3416 4474 ό
3453 4421 3712 4492 σταυρὸς,

2143 4518 2314 4571 δοκῶν
2347 4517 2706 4582 ἐπονείδιστος
2727 4514 2887 4581 εἶναι,
2915 4520 3122 4591 μυρίων
3152 4517 3371 4586 γέγονεν
3393 4516 3566 4578 αἴτιος
3586 4517 3718 4585 ἀγα-

2146 4611 2276 4675 θῶν,
2295 4612 2389 4664 καί
2405 4611 2562 4680 δόξης
2587 4612 2844 4676 ὑπόθεσις
2871 4614 3079 4681 ἀφάτου
3100 4612 3196 4666 καὶ
3226 4611 3370 4682 ῥίζα*
3394 4609 3538 4663 οῦτω
3569 4610 3663 4662 καὶ
3685 4610 3720 4679 ἡ

2143 4703 2376 4758 δοκοῦσα
2409 4705 2589 4774 μωρία
2618 4683 2788 4772 εἶναι,
2820 4705 3012 4774 σοφίας
3070 4707 3204 4775 ἡμῖν
3264 4702 3415 4756 αἰτία
3454 4703 3716 4772 κατέστη.

2145 4795 2412 4866 Καθάπερ
2439 4795 2546 4865 γὰρ
2584 4798 2613 4848 ό
2636 4796 2823 4860 κακῶς
2858 4814 2910 4849 τι
2943 4793 3302 4867 μεμαθηκὼς,
3337 4793 3404 4848 ἂν
3427 4794 3502 4865 μὴ
3528 4793 3589 4845 τὸ
3613 4795 3720 4846 πᾶν

2145 4889 2415 4961 ἀπόθηται
2433 4889 2525 4942 καὶ
2547 4889 2711 4961 λεάνῃ
2741 4890 2842 4962 τὴν
2861 4889 3039 4961 ψυχὴν
3056 4889 3150 4944 καὶ
3182 4889 3426 4960 καθαράν
3459 4885 3721 4957 παράσχῃ

2143 4980 2222 5052 τῷ
2245 4980 2489 5052 μέλλοντι
2513 4982 2766 5052 γράφειν,
2789 4981 2941 5034 οὐδὲν
2967 4981 3174 5034 εἵσεται
3205 4980 3375 5050 σαφὲς
3403 4977 3508 5032 τῶν
3526 4975 3717 5046 ὑγιῶνο

2145 5073 2286 5127 οὕτω
2316 5075 2409 5128 καὶ
2437 5074 2529 5126 ἐπί
2555 5075 2653 5144 τῆς
2680 5073 2876 5139 ἔξωθεν
2908 5073 3119 5142 σοφίας,
3149 5072 3216 5126 ἂν
3254 5071 3327 5142 μὴ
3365 5071 3426 5123 τὸ
3474 5070 3584 5122 πᾶν
3639 5068 3724 5134 ἐξ·

2147 5165 2293 5236 έλῃς,
2327 5165 2421 5218 καὶ
2448 5165 2700 5237 σαρώσῃς
2732 5181 2824 5216 σου
2856 5164 2955 5234 τὴν
3004 5163 3261 5226 διάνοιαν,
3284 5162 3377 5214 καὶ
3418 5161 3600 5232 ἐξίσης
3645 5159 3722 5230 τῷ

2151 5256 2331 5327 ἰδιώτῃ
2372 5256 2660 5329 παράσχῃς
2689 5255 2882 5308 σαυτὸν
2918 5256 2984 5324 τῇ
3026 5254 3230 5317 πίστει,
3269 5253 3420 5306 οὐδὲν
3459 5254 3581 5324 εἴσῃ
3607 5269 3724 5321 γενο

2149 5349 2295 5400 ναῖον
2327 5345 2586 5418 ἀκριϐῶς.
2620 5345 2731 5399 Καὶ
2777 5346 2884 5415 γὰρ
2936 5347 2985 5397 οἰ
3027 5345 3493 5417 παραϐλέποντες,
3543 5343 3609 5395 ἂν
3646 5341 3723 5410 μὴ

2155 5439 2424 5508 μύσαντες
2491 5437 2716 5500 ἑαυτοὺς
2773 5437 2979 5507 ἑτέροις
3039 5435 3396 5506 παραδῶσιν,
3461 5432 3594 5487 ἀλλά
3651 5433 3719 5501 τῇ

2147 5530 2518 5602 διεφθαρμένη
2569 5529 2678 5582 τῶν
2723 5529 3016 5600 ὀφθαλμῶν
3054 5529 3176 5599 ὄψει
3209 5529 3278 5583 τὰ
3336 5527 3460 5582 καθ’
3496 5525 3722 5586 ἑαυτοὺς

2150 5620 2503 5691 ἐπιτρέψωσι,
2530 5619 2639 5675 τῶν
2671 5620 2767 5691 οὐχ
2786 5619 3035 5694 ὁρώντων
3065 5619 3245 5692 πολλῷ
3283 5619 3505 5674 πλείονα
3545 5617 3724 5689 ἀμαρ-

2150 5708 2430 5778 τήσονται.

2211 5817 2246 5904 ξ)
2269 5814 2342 5866 lla
2369 5814 2491 5877 Reg.
2521 5813 2636 5865 Haec
2657 5813 2867 5866 deerant
2891 5817 2942 5868 in
2965 5816 3137 5869 Morel.
