4100 6214
352 264 410 322 s!
1478 266 1543 322 IN
1582 267 1797 325 EPIST.
1850 268 1870 325 t
1931 269 2023 326 AD
2059 273 2214 330 con.
2255 275 2488 337 uoutL.
2529 281 2600 339 κ.
3548 305 3615 359 se

342 375 630 445 exscindi,
662 390 716 432 et
765 392 863 432 nos
894 376 998 432 illis
1026 377 1241 448 privari.
1277 376 1355 432 Tu
1386 393 1514 433 vero
1551 381 1594 434 si
1622 395 1775 435 ovem
1806 379 1919 435 fera

340 469 640 538 discerpat,’
655 468 842 534 doles;
872 485 994 524 cum
1023 479 1200 525 autem
1227 469 1278 524 id
1307 471 1356 524 in
1384 485 1742 542 congenerem
1773 472 1923 540 facis,

340 574 448 613 non
481 569 637 628 putas
680 569 731 613 te
770 559 971 629 aliquid
1018 559 1257 616 immane
1302 559 1521 616 facere?
1561 571 1616 617 et
1661 563 1928 632 quomodo

339 651 506 706 fueris
531 651 730 705 homo?
759 650 875 706 Non
908 651 1057 706 vides
1101 667 1200 706 nos
1227 651 1514 707 humanam
1543 669 1661 709 eam
1705 671 1816 709 rem
1846 655 1928 709 di-

338 758 505 807 cere,
549 757 671 812 qua:
719 742 1082 798 misericordia
1131 743 1291 812 plena
1338 745 1410 798 sit
1454 753 1509 800 et
1559 744 1926 816 benignitate?

340 835 556 905 quando
586 843 766 889 autem
795 834 992 905 aliquid
1020 849 1220 889 sazvum
1252 845 1306 890 et
1342 837 1560 891 crudele
1585 839 1791 906 perlicit
1828 837 1925 892 ho-

337 939 448 989 mo,
481 925 830 978 inhumanum
863 925 1006 978 illum
1029 940 1299 980 vocamus.
1335 919 1518 997 itaque
1552 927 1921 984 characterem

337 1015 570 1069 hominis
595 1015 934 1086 depingimus
958 1031 987 1069 a
1017 1017 1484 1072 commiseratione
1505 1060 1520 1084 ,
1569 1017 1696 1072 ferte
1742 1028 1919 1074 autem

334 1125 365 1163 a
396 1110 701 1174 contrario,
727 1123 938 1178 semper
964 1107 1203 1163 dicentes
1223 1149 1237 1174 ,
1263 1108 1399 1162 Num
1436 1109 1597 1164 homo
1627 1120 1708 1165 est
1733 1151 1747 1176 ,
1783 1109 1918 1177 fera,

330 1211 429 1252 aut
453 1199 634 1255 canis?
656 1199 908 1253 Homines
929 1199 1070 1252 enim
1094 1207 1458 1268 paupertatem
1482 1199 1782 1266 sublevant,
1812 1216 1919 1256 non

328 1302 554 1362 augent.
581 1291 778 1344 Horum
803 1298 982 1344 autem
1004 1304 1095 1343 ora
1121 1291 1353 1344 ferarum
1379 1299 1503 1344 sunt
1524 1305 1642 1357 ora;
1673 1292 1778 1346 imo
1805 1291 1920 1346 hmc

329 1393 464 1438 sunt
498 1384 603 1436 illis
628 1382 891 1437 ferociora
922 1399 935 1434 :
961 1382 1122 1437 verba
1153 1383 1293 1436 enim
1324 1382 1621 1452 proferunt,
1656 1399 1777 1454 qua:
1802 1398 1914 1438 ma-

327 1477 413 1546 gis
445 1491 604 1546 quam
650 1474 881 1529 ferarum
925 1473 1116 1528 dentes
1145 1474 1293 1528 virus
1323 1474 1632 1530 emittentes
1654 1515 1670 1541 ,
1715 1474 1916 1529 caedem

328 1578 563 1638 patrant.
593 1567 658 1621 Et
705 1566 750 1620 si
798 1566 912 1635 quis
941 1565 1117 1619 omnia
1151 1575 1502 1635 persequatur
1531 1606 1546 1632 ,
1599 1575 1725 1620 tunc
1769 1575 1916 1620 recte

329 1656 568 1722 videbit,
613 1654 882 1726 quomodo
913 1655 1273 1709 inhumanitas
1301 1669 1436 1720 eos,
1479 1656 1568 1726 qui
1613 1655 1692 1710 sic
1735 1654 1912 1710 allecti

326 1759 489 1816 sunt,
515 1749 654 1804 feras
680 1765 744 1804 ex
787 1748 1090 1802 hominibus
1128 1748 1338 1803 reddat.
1385 1748 1536 1814 Quod
1565 1749 1609 1803 si
1638 1749 1756 1818 quis
1787 1749 1910 1804 illo-

326 1858 446 1896 rum
480 1849 713 1896 mentem
741 1840 1124 1896 examinaverit
1143 1881 1156 1906 ,
1186 1855 1290 1894 non
1320 1839 1457 1894 ultra
1489 1840 1627 1894 feras
1654 1849 1855 1894 tantum
1878 1881 1894 1907 ,

324 1933 422 1988 sed
448 1933 614 1986 etiam
656 1930 930 1986 dzemonas
976 1931 1092 1986 illos
1119 1929 1348 1985 vocabit.
1410 1917 1546 1985 Sunt
1573 1932 1716 1985 enim
1746 1932 1910 1985 multa

326 2023 662 2078 immanitate
686 2022 826 2090 pleni
849 2063 864 2087 ,
888 2031 942 2075 et
964 2021 1086 2076 odio
1108 2022 1158 2074 in
1181 2035 1470 2076 conservos
1497 2037 1512 2076 :
1538 2021 1609 2076 ibi
1633 2036 1737 2076 non
1760 2036 1912 2076 amor

323 2116 476 2185 regni
503 2123 586 2170 est
629 2130 805 2184 neque
834 2123 1003 2170 metus
1032 2115 1291 2184 gehenna:
1310 2155 1326 2180 ,
1381 2131 1485 2169 non
1516 2115 1790 2170 hominum
1820 2131 1909 2171 re-

320 2208 564 2262 verentia
586 2248 601 2267 ,
630 2222 737 2261 non
779 2207 1145 2262 misericordia
1171 2247 1186 2272 ,
1214 2223 1319 2262 non
1348 2209 1743 2263 commiseratio
1765 2251 1779 2275 ,
1815 2209 1908 2264 sed

322 2297 657 2366 impudentia
685 2339 698 2362 ,
730 2299 1015 2368 petulantia
1036 2339 1051 2364 ,
1079 2308 1132 2353 et
1180 2298 1481 2354 futurorum
1509 2301 1744 2355 omnium
1775 2316 1908 2356 con-

319 2399 562 2459 temptus
594 2408 608 2444 :
635 2399 687 2446 et
717 2390 906 2446 fabulae
934 2392 1060 2462 ipsis
1087 2391 1335 2448 videntur
1364 2407 1485 2447 esse
1525 2394 1617 2446 Dei
1647 2395 1808 2448 verba
1839 2394 1906 2450 de

316 2480 592 2550 supplicio
621 2480 801 2534 futuro
824 2521 839 2544 ,
868 2489 922 2535 et
947 2481 1060 2550 ejus
1103 2483 1260 2536 mina:
1289 2483 1449 2536 risus.
1481 2480 1628 2537 Talis
1656 2483 1796 2537 enim
1825 2492 1908 2539 est

315 2575 471 2628 avari
503 2589 678 2628 mens.
705 2575 836 2629 Cum
864 2590 990 2646 ergo
1016 2576 1334 2632 intrinsecus
1357 2576 1632 2632 darmoncs
1660 2578 1786 2643 sint,
1814 2593 1908 2632 ex-

318 2668 597 2720 trinsecus
630 2681 755 2720 vero
802 2667 970 2732 ferre,
1020 2677 1074 2722 et
1123 2667 1248 2722 feris
1276 2667 1606 2724 deteriores:
1649 2670 1864 2725 ubinam
1887 2711 1902 2735 ,

311 2769 510 2825 quaeso
534 2797 548 2821 ,
580 2755 696 2810 illos
721 2757 1138 2812 collocabimus?
1162 2757 1313 2825 Quod
1342 2759 1482 2813 enim
1525 2758 1653 2816 feris
1677 2759 1783 2816 sint
1811 2761 1905 2817 de-

2031 386 2276 482 teriores,
2303 389 2426 446 hinc
2454 393 2626 462 palan:
2653 404 2758 465 est,
2787 402 2928 470 quod
2950 403 3077 461 fera:
3099 416 3284 463 natura
3313 411 3419 466 sint
3448 415 3612 482 tales;

2040 478 2092 530 bi
2124 495 2251 535 vero
2276 484 2363 550 qui
2407 487 2696 543 secundum
2734 502 2976 550 naturam
3017 502 3480 560 mansuetudinem
3509 478 3608 560 ha;

2034 568 2181 636 bent,
2214 583 2409 642 praeter
2452 587 2697 636 naturam
2738 583 2789 638 in
2823 584 3019 642 ferinos
3060 607 3238 647 mores
3271 598 3498 651 transire
3527 599 3612 653 ui-

2033 667 2241 716 tuntur.
2291 665 2370 719 Ac
2414 666 2686 726 daemones
2735 675 2947 743 quidem
3007 679 3251 737 homines
3299 684 3612 745 insidiantes

2033 750 2133 804 sibi
2163 766 2318 822 Opem
2350 754 2581 814 ferentes
2624 760 2854 831 habent;
2886 769 3081 840 quippe
3111 772 3154 826 si
3183 787 3337 843 opem
3365 791 3467 831 nou
3499 778 3610 833 fer-

2031 852 2182 909 rent,
2212 861 2404 917 magna
2435 865 2560 920 pars
2587 853 2715 923 ipsis
2746 856 3059 916 insidiarum
3105 875 3291 920 contra
3341 883 3438 924 nos
3468 882 3611 926 stru-

2030 942 2236 990 ctorum
2258 939 2464 994 sublata
2491 954 2635 998 esset
2667 961 2680 996 :
2709 945 2762 1000 hi
2794 964 2923 1006 vero
2965 967 3082 1018 eos,
3111 956 3200 1023 qui
3231 957 3298 1010 ab
3328 973 3386 1012 se
3414 975 3614 1015 vexan-

2030 1032 2147 1090 tur,
2177 1029 2336 1082 etiam
2364 1033 2751 1091 contendentes
2777 1051 2957 1092 secum
2983 1081 2998 1104 ,
3044 1057 3298 1111 superare
3342 1049 3605 1108 nituntur.

2027 1114 2234 1171 Rursus
2262 1118 2470 1174 daemon
2520 1122 2790 1180 hominem
2838 1129 2977 1185 bello
3013 1131 3245 1201 impetit,
3279 1152 3384 1191 non
3425 1152 3604 1196 autem

2026 1205 2297 1264 daemonas
2325 1213 2404 1267 sui
2425 1217 2674 1283 generis:
2703 1217 2790 1274 hic
2819 1236 2947 1276 vero
2977 1238 3304 1293 congeneres
3331 1240 3385 1284 et
3414 1247 3600 1288 neces-

2026 1299 2199 1354 sarios
2226 1302 2533 1358 omnimoda
2563 1309 2845 1364 vexatione
2887 1311 3092 1383 afﬂigit,
3124 1331 3302 1388 neque
3331 1332 3608 1376 reveretur

2026 1397 2292 1444 naturam.
2327 1393 2451 1448 Scio
2487 1397 2684 1451 multos
2725 1414 2876 1466 esse,
2907 1405 2994 1473 qtti
3041 1407 3110 1476 ob
3156 1407 3270 1463 lucc
3299 1411 3459 1466 verba
3507 1429 3605 1469 nos

2023 1478 2147 1533 odio
2173 1479 2370 1536 habent
2400 1500 2413 1536 :
2445 1500 2541 1556 ego
2573 1503 2700 1542 vero
2727 1491 2846 1546 illos
2889 1510 2994 1548 non
3024 1496 3134 1561 odi,
3163 1499 3256 1553 sed
3286 1516 3472 1556 eorum
3503 1505 3604 1558 mi-

2022 1586 2229 1664 sereor,
2255 1584 2306 1628 et
2327 1591 2418 1630 eos
2441 1579 2529 1647 qui
2554 1580 2630 1634 sic
2649 1581 2824 1638 affecti
2853 1595 2975 1640 sunt
2997 1587 3248 1660 lacrymis
3271 1608 3598 1664 prosequor:

2022 1662 2228 1717 etiamsi
2267 1677 2550 1734 percutere
2581 1672 2778 1738 velint,
2814 1675 3040 1732 libenter
3087 1679 3138 1733 id
3174 1681 3383 1737 tulerim
3409 1725 3424 1748 ,
3451 1662 3502 1739 isi
3533 1687 3601 1741 ab

2021 1751 2121 1807 hac
2152 1754 2361 1812 feritate
2389 1759 2660 1816 abstinere
2694 1765 2879 1819 velint.
2921 1767 3104 1837 Neque
3130 1771 3271 1824 enim
3295 1789 3395 1842 ego
3419 1776 3598 1842 solus,

2019 1843 2114 1898 sed
2140 1847 2299 1901 etiam
2329 1853 2586 1918 propheta
2617 1854 2890 1909 nobiscum
2922 1857 3227 1926 hujusmodi
3258 1861 3502 1919 homines
3526 1867 3597 1920 ab

2021 1934 2246 1990 humana
2273 1943 2592 2008 cognatione
2629 1945 2850 2012 expellit
2873 1987 2888 2011 ,
2921 1946 3144 2002 dicens:
3179 1950 3348 2004 Homo
3388 1969 3504 2006 cum
3544 1957 3596 2008 in

2017 2030 2206 2082 honore
2234 2039 2379 2095 esset,
2409 2048 2508 2085 non
2534 2033 2806 2100 intellexit,
2835 2037 2924 2090 sed
2952 2051 3274 2109 comparatus
3301 2053 3374 2096 est
3391 2045 3599 2113 jumen-

2016 2122 2079 2175 tis
2107 2122 2455 2192 insipientibus
2484 2123 2503 2195 (
2528 2123 2674 2179 Psal.
2703 2127 2790 2180 58.
2818 2127 2879 2181 21
2980 2129 3160 2185 Simus
3197 2146 3325 2202 ergo
3355 2133 3597 2192 homines

2017 2215 2227 2267 tandem
2255 2215 2574 2285 aliquando,
2619 2227 2673 2271 et
2721 2218 2772 2271 in
2800 2219 2990 2273 caelum
3022 2221 3404 2290 respiciamus:
3435 2234 3595 2295 atque

2014 2305 2141 2360 illud
2170 2307 2463 2363 secundum
2496 2309 2780 2380 imaginem
2821 2313 3151 2382 accipiamus
3180 2317 3197 2383 (
3217 2315 3325 2370 Col.
3360 2317 3413 2372 5.
3451 2319 3592 2388 i0),

2012 2405 2065 2450 et
2093 2410 2192 2450 nos
2221 2398 2364 2466 ipsos
2410 2413 2794 2466 recuperemus
2817 2443 2830 2465 ,
2861 2409 2998 2456 utet
3039 2402 3211 2458 futura
3241 2406 3376 2460 bona
3403 2421 3593 2462 consc-

2012 2503 2272 2558 quamur,
2305 2491 2476 2559 gratia
2523 2498 2574 2546 et
2620 2491 2946 2563 benignitate
2999 2496 3209 2552 Domini
3251 2499 3421 2552 nostri
3467 2499 3591 2555 Jesu

2010 2578 2239 2645 Christi,
2267 2582 2481 2652 quicum
2513 2583 2654 2638 Patri
2683 2599 2892 2655 unaque
2919 2586 3137 2656 Spiritui
3165 2600 3372 2654 sancto,
3396 2591 3586 2660 gloria,

2014 2671 2320 2742 imperium,
2353 2675 2544 2740 honor,
2577 2691 2719 2731 nunc
2744 2685 2798 2732 et
2823 2692 3041 2748 semper
3061 2717 3077 2744 ,
3109 2688 3160 2735 et
3189 2678 3240 2733 in
3271 2681 3464 2735 saecula
3494 2698 3593 2738 sa:-

2009 2764 2272 2819 culorum.
2301 2765 2496 2820 Amen.

1729 3056 2073 3117 HOMILIA
2116 3056 2200 3116 X.

308 3205 454 3260 Cn.
484 3206 541 3261 5.
567 3220 618 3258 v.
648 3203 736 3259 18.
770 3203 934 3257 Nemo
960 3203 1178 3274 seipsum
1204 3201 1433 3256 seducat.
1476 3203 1537 3257 Si
1569 3203 1680 3273 quis
1708 3203 1906 3257 videtur

387 3297 599 3364 sapiens
623 3311 727 3349 esse
743 3295 794 3347 in
824 3295 916 3347 hoc
934 3294 1140 3359 sarculo,
1166 3293 1353 3346 stultus
1373 3294 1484 3361 ﬁat,
1506 3303 1561 3348 ut
1588 3294 1651 3345 sit
1676 3294 1898 3364 sapiens.

388 3390 484 3445 i9.
518 3389 784 3459 Sapientia
827 3390 958 3442 enim
1004 3388 1156 3458 hujus
1203 3387 1378 3440 mundi
1422 3386 1636 3440 stultitia
1674 3395 1746 3439 est
1768 3386 1906 3457 apud

390 3481 584 3534 Deum.

392 3575 449 3628 1.
493 3572 760 3638 Quomodo
789 3570 988 3626 Paulus
1034 3571 1090 3624 in
1130 3569 1390 3640 arguendo
1420 3568 1696 3639 fornicario
1725 3584 1904 3638 proce-

314 3666 432 3718 dat.
457 3663 594 3717 Mori
624 3664 741 3716 huic
770 3663 957 3716 mundo
985 3661 1107 3732 quid
1131 3662 1216 3714 sit.
1242 3659 1582 3729 -—Utsupra
1611 3658 1752 3724 dixi,
1785 3675 1903 3713 cum

315 3767 450 3812 ante
478 3766 842 3826 opportunum
875 3764 1082 3824 tempus
1103 3752 1169 3807 ad
1211 3751 1564 3808 incusandum
1606 3751 1789 3816 illum,
1815 3754 1904 3821 qui

317 3849 614 3901 fornicatus
659 3846 863 3912 fuerat,
908 3845 1167 3900 deductus
1237 3852 1412 3908 esset,
1462 3853 1516 3899 et
1570 3843 1903 3914 aenigmatice

318 3938 471 3990 illum
524 3936 708 4004 paucis
759 3934 1206 4005 perstrinxisset,
1236 3934 1458 4002 ejusque
1518 3933 1902 3988 conscientiam

319 4030 694 4099 cxagitasset;
740 4031 912 4100 pergit
954 4043 1141 4083 rursus
1198 4027 1264 4081 ad
1313 4041 1542 4096 pugnam
1585 4035 1767 4080 contra
1820 4041 1907 4079 sa-

319 4119 580 4187 pientiam
607 4128 890 4174 externam
918 4159 933 4182 ,
966 4128 1020 4174 et
1049 4118 1169 4173 illos
1212 4117 1483 4182 adoritur,
1528 4117 1616 4186 qui
1645 4117 1769 4171 inde
1823 4119 1905 4170 in-

319 4209 436 4263 flati
468 4209 786 4264 scindebant
815 4209 1114 4264 Ecclesiam
1140 4225 1156 4272 ;
1181 4217 1237 4262 ut
1266 4209 1330 4262 iis
1353 4223 1472 4277 qua:
1517 4207 1726 4261 residua
1753 4216 1905 4263 erant

319 4300 540 4368 additis,
571 4311 850 4371 postquam
879 4299 981 4354 hoc
1007 4308 1165 4370 caput
1189 4308 1441 4354 accurate
1479 4299 1802 4368 perfecerit,
1826 4300 1904 4354 sic

321 4408 511 4447 rursus
539 4400 728 4446 contra
755 4391 1096 4446 fornicarium
1121 4406 1239 4446 cum
1269 4391 1469 4460 impetu
1493 4391 1711 4456 feratur,
1743 4405 1902 4460 quem

316 4483 426 4550 jam
454 4497 619 4552 supra
652 4482 774 4537 telis
821 4482 1034 4537 emissis
1080 4496 1365 4552 aggressus
1409 4490 1512 4536 est.
1561 4479 1692 4536 Nam
1738 4479 1900 4548 illud,

324 4575 490 4630 Nemo
512 4576 738 4645 seipsum
775 4576 1016 4641 sedncat,
1049 4577 1113 4630 ad
1150 4575 1300 4630 illum
1326 4576 1558 4631 maxime
1581 4575 1818 4644 respicit,
1847 4583 1901 4630 et

317 4669 468 4722 illum
496 4679 646 4724 metu
689 4667 859 4723 afﬁcit
901 4669 1214 4739 mitigatque
1240 4685 1256 4734 ;
1287 4668 1537 4738 quodque
1587 4669 1656 4723 de
1703 4669 1900 4738 stipula

318 4760 552 4828 dicitur,
600 4759 751 4815 illum
793 4760 1059 4830 praecipue
1103 4759 1443 4824 subindicat;
1487 4768 1692 4816 etcum
1738 4760 1898 4827 dicit,

320 4850 548 4905 Nescitis
573 4853 692 4919 quia
721 4853 962 4922 templum
989 4851 1085 4906 Dei
1104 4853 1242 4917 estis,
1267 4862 1312 4906 et
1341 4851 1568 4921 Spiritus
1592 4851 1684 4906 Dei
1711 4853 1901 4906 habitat

316 4943 373 4995 in
411 4943 550 4995 vobis
570 4943 595 4994 ?
619 4941 747 4997 Haec
776 4943 972 5013 quippe
996 4943 1102 4998 duo
1131 4943 1362 4998 maxime
1387 4943 1564 4998 solent
1592 4958 1688 4998 nos
1715 4957 1744 4996 a
1777 4957 1900 5012 pec-

316 5040 446 5086 cato
490 5031 751 5088 abducere
784 5050 796 5085 :
826 5033 1037 5103 quando
1078 5035 1366 5103 repositam
1415 5041 1632 5102 peccato
1678 5047 1896 5102 ptenam

316 5122 657 5191 cogitamus,
684 5133 737 5178 et
764 5123 979 5194 quando
1001 5123 1316 5194 dignitatem
1349 5133 1586 5179 nostram
1614 5122 1896 5178 nobiscum

314 5224 658 5284 reputamus.
687 5215 818 5272 Cum
845 5232 974 5287 ergo
1006 5217 1202 5272 fatuum
1230 5232 1291 5272 ac
1319 5216 1565 5287 stipulam
1589 5220 1640 5270 in
1665 5216 1896 5271 medium

315 5304 578 5370 adduxit,
629 5308 921 5373 exterruit;
954 5322 1074 5362 cum
1105 5317 1284 5364 autem
1328 5309 1557 5377 propriae
1600 5306 1896 5362 nobilitatis

314 5396 627 5466 dignitatem
656 5397 864 5464 intulit,
896 5397 1098 5467 pudore
1123 5399 1328 5466 affecit;
1362 5399 1453 5454 illo
1481 5397 1700 5469 quidem
1732 5396 1894 5452 modo

314 5487 636 5557 stupidiores
660 5528 677 5553 ,
710 5490 811 5543 hoc
834 5497 1011 5544 autem
1039 5491 1422 5548 moderatiores
1447 5489 1678 5546 reddens
1702 5488 1895 5544 melio-

314 5591 420 5631 res.
450 5575 620 5633 Nemo
661 5579 885 5645 seipsum
932 5581 1157 5637 seducat.
1202 5583 1263 5638 Si
1300 5585 1408 5654 quis
1449 5581 1644 5637 videtur
1690 5580 1893 5650 sapiens

318 5680 420 5726 me
455 5671 507 5724 in
550 5673 650 5727 hoc
681 5675 869 5731 uacula
888 5716 902 5743 ,
933 5677 1113 5731 stultus
1138 5677 1248 5747 ﬁat.
1282 5675 1441 5743 Quasi
1468 5680 1736 5730 mortuum
1765 5670 1887 5726 huic

2011 3202 2212 3257 mundo
2243 3202 2353 3258 ﬁeri
2381 3203 2536 3272 jubet
2565 3220 2578 3256 :
2605 3219 2751 3258 mors
2802 3214 2977 3260 autem
3005 3205 3307 3274 hujusmodi
3337 3205 3465 3260 nihil
3494 3205 3589 3260 la:-

2011 3295 2107 3360 dit,
2135 3297 2242 3350 imo
2265 3297 2432 3365 juvat.
2465 3311 2584 3351 cum
2613 3298 2684 3352 sit
2711 3298 3042 3352 vitae‘causa.
3071 3297 3159 3353 Sic
3184 3298 3343 3353 etiam
3372 3281 3591 3352 stultum

2012 3389 2133 3444 huic
2163 3389 2358 3443 mundo
2389 3389 2501 3443 ﬁeri
2525 3390 2708 3458 jubet,
2741 3390 2865 3444 hinc
2893 3391 3044 3445 nobis
3073 3406 3253 3445 veram
3277 3391 3592 3460 sapientiam

2009 3480 2317 3535 Concilians.
2362 3480 2570 3534 Stultus
2611 3489 2789 3534 autem
2833 3481 3032 3536 mundo
3078 3481 3345 3546 efﬁcitur,
3375 3483 3464 3552 qui
3495 3497 3592 3536 cx-

2013 3582 2214 3626 teruam
2238 3573 2556 3641 sapientiam
2580 3572 2826 3641 despicit,
2853 3588 3164 3643 persuasum
3194 3573 3415 3635 habens,
3447 3573 3591 3626 illam

2009 3663 2106 3715 sibi
2137 3662 2263 3715 nihil
2293 3662 2359 3715 ad
2391 3662 2548 3716 iidem
2577 3661 2976 3733 adipiscendam
2999 3663 3291 3733 adjumenti
3321 3662 3586 3718 conferre.

2007 3752 2465 3819 Quemadmodum
2513 3769 2642 3824 ergo
2673 3766 2957 3824 paupertas
2985 3755 3278 3809 secundmn
3314 3755 3477 3809 Deum
3507 3755 3590 3810 di-

2008 3843 2258 3897 vitiarum
2297 3859 2455 3898 causa
2483 3853 2603 3909 est,
2634 3855 2689 3899 et
2731 3845 3002 3899 humilitas
3030 3845 3351 3911 altitudinis,
3398 3856 3450 3901 et
3476 3847 3591 3916 glo-

2008 3937 2100 3992 riae
2129 3936 2409 4006 despectus
2434 3945 2516 3990 est
2556 3937 2740 4006 gloriae
2771 3952 2928 3991 causa
2954 3954 2970 4002 ;
2998 3938 3068 3992 ita
3095 3947 3146 3992 et
3177 3938 3396 3992 stultum
3428 3936 3540 3990 ﬁeri
3568 3978 3583 3999 ,

2008 4027 2257 4082 omnibus
2286 4027 2668 4096 sapientiorem
2695 4026 2877 4082 efﬁcit.
2913 4027 2993 4081 Ex
3023 4028 3308 4082 contrariis
3335 4029 3476 4083 enim
3506 4041 3593 4080 res

2010 4130 2208 4174 nostra:
2234 4125 2500 4176 constant.
2537 4119 2605 4173 Et
2632 4134 2729 4174 cur
2758 4135 2866 4174 non
2895 4119 3063 4184 dixit,
3099 4119 3340 4188 Depouat
3371 4117 3588 4186 sapien-

2007 4210 2156 4274 tiam,
2186 4209 2303 4274 sed,
2337 4207 2539 4263 Stultus
2567 4210 2696 4278 ﬁat?
2728 4209 2796 4264 Ut
2836 4218 3111 4264 externam
3142 4207 3476 4276 disciplinam
3503 4221 3591 4259 su.

2007 4313 2102 4367 pra
2123 4297 2338 4352 modum
2369 4299 2684 4354 dedecoret.
2723 4299 2908 4369 Neque
2934 4298 3076 4353 enim
3126 4298 3354 4368 idipsum
3405 4297 3591 4351 fuisset

2007 4390 2212 4455 dicere,
2244 4391 2460 4460 Depone
2484 4390 2826 4459 sapientiam,
2873 4398 2927 4444 et
2952 4389 3161 4444 Stultus
3188 4388 3304 4443 ﬁas.
3337 4386 3587 4458 Alioquin

2006 4497 2134 4536 vero
2162 4481 2322 4537 docet
2353 4483 2513 4537 etiam
2543 4498 2648 4537 non
2676 4482 3100 4538 erubescendum
3129 4495 3250 4537 esse
3279 4480 3348 4536 de
3374 4497 3435 4536 ea
3472 4495 3591 4550 qua:

2007 4573 2145 4642 apud
2196 4589 2294 4629 nos
2325 4582 2408 4628 cst
2451 4574 3075 4644 simplicitatezextcrna
3125 4575 3270 4628 enim
3302 4571 3589 4626 admodum

2007 4663 2212 4718 irridet.
2259 4663 2597 4734 Quapropter
2628 4666 2840 4719 nomina
2887 4682 2991 4719 non
3037 4665 3222 4730 timet,
3252 4665 3505 4736 quoniam
3534 4664 3589 4718 in

2005 4772 2184 4810 rerum
2215 4757 2411 4812 virtute
2445 4757 2685 4812 conﬁdit.
2714 4757 2782 4812 Ut
2813 4758 2971 4826 igitur
2997 4771 3147 4821 crux,
3175 4772 3295 4825 qua:
3325 4755 3584 4825 probrosa

2004 4863 2092 4905 res
2119 4850 2326 4904 videtur
2352 4865 2495 4916 esse,
2530 4850 2792 4904 bonorum
2820 4848 3283 4903 innumerabilium
3309 4862 3466 4901 causa
3488 4885 3505 4912 ,
3534 4855 3591 4900 ct

2003 4941 2183 5011 gloria:
2209 4941 2492 4997 ineﬁ'abilis
2525 4941 2740 4996 occasio
2768 4951 2820 4994 et
2847 4939 2998 4993 radix
3041 4939 3195 4994 nobis
3241 4936 3338 4992 fuit
3367 4955 3380 4992 :
3413 4938 3491 4992 sic
3517 4952 3582 4992 ea

2002 5049 2120 5103 qua:
2145 5035 2353 5089 videtur
2374 5047 2495 5088 esse
2522 5031 2767 5096 stultitia,
2791 5031 3067 5098 sapientiae
3095 5031 3251 5085 nobis
3279 5045 3438 5085 causa
3462 5028 3582 5083 fuit.

2002 5123 2150 5179 Sicut
2178 5125 2319 5180 enim
2345 5125 2391 5178 is
2419 5123 2506 5191 qui
2538 5121 2676 5177 male
2701 5121 2971 5192 quidpiam
3020 5122 3227 5188 didicit,
3265 5122 3366 5176 nisi
3411 5129 3580 5175 totum

2002 5215 2258 5285 deponat,
2287 5215 2628 5284 animamque
2655 5213 2702 5268 ei
2732 5214 2822 5283 qui
2850 5215 3142 5284 scripturus
3176 5223 3260 5268 est
3290 5213 3497 5283 planam
3528 5221 3584 5264 et

2002 5323 2185 5376 puram
2215 5307 2438 5371 reddat,
2471 5323 2534 5363 ex
2564 5306 2710 5362 sanis
2754 5307 2914 5362 rebus
2955 5307 3087 5360 nihil
3125 5305 3269 5360 clare
3310 5303 3575 5358 scietzita

2001 5398 2158 5451 etiam
2206 5399 2257 5452 in
2309 5407 2528 5452 externa
2580 5398 2872 5468 sapientia,
2921 5397 3020 5450 nisi
3073 5405 3239 5448 totum
3288 5393 3477 5449 eradas
3519 5401 3574 5448 et

2000 5499 2231 5546 mentem
2257 5505 2508 5560 everras,
2537 5499 2593 5547 et
2620 5491 2771 5562 quasi
2817 5489 2980 5543 idiota
3012 5487 3132 5542 ﬁdei
3176 5496 3230 5542 te
3268 5486 3526 5541 obtuleris
3553 5528 3570 5553 ,

2001 5581 2129 5637 nihil
2160 5583 2472 5652 praeclarum
2510 5583 2595 5639 vel
2641 5584 2910 5638 sincermn
2957 5587 3205 5635 accurate
3249 5579 3405 5635 scies.
3439 5579 3572 5644 Nam

1997 5673 2085 5743 (Ιυί
2116 5673 2327 5747 oblique
2354 5675 2568 5748 vident,
2597 5674 2699 5732 nisi
2730 5672 2922 5729 clausis
2948 5669 3119 5729 oculis
3159 5686 3218 5728 se
3255 5671 3371 5727 aliis
3400 5669 3567 5726 tradi-
