4100 6214
489 313 560 372 83
1232 306 1288 363 S.
1328 302 1603 362 JOANNIS
1628 297 2099 359 CllRYSOS'I'OMI
2151 297 2465 356 ARCHIEP.
2499 297 3028 356 CONSTANTINOP.
3691 295 3759 356 Si

490 429 690 491 derint,
715 425 810 482 sed
832 425 972 480 male
997 405 1186 478 affecto
1215 421 1345 474 visui
1377 436 1469 475 sua
1510 418 1869 490 permiserint,
1899 418 2068 489 magis

496 521 773 580 crrabunt,
803 533 958 587 quam
990 516 1077 586 qui
1109 529 1215 567 non
1242 511 1443 566 vident.

592 611 816 666 Externa
875 606 1122 678 sapientia
1185 603 1503 674 reprobatur.
1533 631 1603 642 -—
1632 599 1702 656 Et
1765 597 2072 671 quomodo,

500 705 740 776 inquies,
781 701 951 771 possit
999 698 1115 752 hac
1159 708 1382 752 externa
1431 695 1690 764 sapientia
1747 691 1978 762 deponi?
2018 690 2074 744 Si

497 811 682 851 eorum
725 791 1000 861 disciplina
1051 804 1156 843 non
1213 787 1394 842 utaris.
1441 785 1644 840 Deinde
1685 792 1966 854 postquam
2010 780 2078 836 ab

497 887 586 940 illa
617 883 879 938 desistere
920 888 1032 935 tam
1060 893 1248 948 aSpere
1274 876 1467 946 jussit,
1497 889 1710 929 causam
1739 873 1897 928 etiam
1927 870 2079 925 affert

495 976 578 1030 his
619 973 794 1029 verbis
827 991 840 1026 :
873 972 960 1027 19.
1005 969 1274 1041 Sapientia
1301 968 1432 1022 enim
1477 966 1630 1035 hujus
1660 963 1838 1017 mundi
1863 961 2079 1017 stultitia

494 1075 570 1120 est
613 1063 751 1136 apud
795 1063 978 1117 Deum.
1007 1061 1122 1116 Non
1159 1059 1318 1114 modo
1348 1058 1488 1113 enim
1520 1056 1652 1110 nihil
1697 1054 1936 1119 confert,
1983 1051 2075 1107 sed

495 1157 656 1212 etiam
687 1154 929 1224 impedit.
961 1153 1184 1224 Oportet
1215 1152 1373 1222 igitur
1414 1150 1480 1204 ab
1520 1149 1609 1204 illa
1654 1147 1910 1202 absistere
1933 1187 1946 1210 ,
1991 1152 2078 1198 ut-

499 1258 626 1317 pote
652 1262 769 1317 qua:
797 1253 1008 1300 noceat.
1040 1243 1226 1298 Viden‘
1250 1241 1516 1313 quomodo
1543 1240 1771 1294 ubertim
1806 1239 2079 1292 victoriam

501 1338 716 1402 tulerit,
749 1335 1037 1390 ostendens
1061 1334 1206 1388 illam
1238 1347 1343 1388 non
1376 1331 1534 1387 modo
1562 1331 1693 1386 nihil
1732 1344 1830 1386 nos
1853 1328 2038 1400 juvarc
2061 1367 2078 1394 ,

499 1427 595 1483 sed
641 1428 801 1482 etiam
848 1427 1001 1481 nobis
1027 1423 1352 1480 contrariam
1384 1423 1549 1479 esse?
1595 1421 1778 1490 Neque
1815 1419 1926 1474 suis
1954 1433 2082 1473 con-

499 1526 682 1574 tentus
707 1517 1057 1588 argumentis,
1087 1515 1449 1571 testimonium
1475 1527 1662 1569 rursus
1687 1511 1836 1568 affert
1858 1512 2079 1566 dicens:

501 1609 766 1677 Scriptum
809 1616 886 1661 est
934 1607 1066 1661 enim
1113 1605 1264 1673 τρυε
1302 1605 1680 1675 comprehendit
1727 1603 1978 1673 sapientes
2029 1601 2083 1655 in

501 1701 686 1754 astutia
713 1716 907 1754 eorum.
939 1699 1168 1764 Astntia,
1209 1697 1260 1753 id
1285 1705 1368 1752 est
1388 1737 1402 1763 ,
1447 1697 1556 1752 suis
1583 1695 1701 1750 illos
1729 1695 1892 1750 armis
1919 1693 2079 1764 capit.

501 1791 635 1859 Quia
675 1791 818 1845 enim
874 1789 1067 1844 astutia
1111 1788 1194 1843 nsi
1243 1796 1396 1852 sunt,
1450 1796 1508 1841 ut
1561 1802 1628 1842 ne
1679 1787 1787 1841 Deo
1826 1785 2085 1840 haberent

503 1897 673 1951 opus,
711 1895 806 1950 per
835 1879 974 1934 hanc
1023 1879 1190 1948 ipsam
1221 1879 1468 1932 astutiam
1501 1877 1605 1930 illis
1654 1876 1898 1946 probavit
1941 1874 2084 1946 quod

503 1971 735 2025 maxime
789 1971 898 2024 Deo
955 1976 1166 2038 egeant.
1216 1969 1332 2034 Quo
1381 1965 1577 2020 modo?
1629 1966 1781 2034 Quod
1825 1981 1921 2036 per
1964 1980 2083 2021 eam

504 2061 650 2115 stulti
683 2059 892 2126 euecti,
944 2061 1138 2114 merito
1175 2074 1271 2129 per
1313 2058 1556 2113 eamdem
1609 2059 1750 2128 capti
1795 2057 1920 2113 sint.
1951 2057 2084 2112 Nam

503 2152 594 2222 qui
640 2152 895 2222 putabant
931 2166 992 2207 se
1032 2151 1140 2206 Deo
1181 2165 1286 2206 non
1323 2165 1456 2220 opus
1493 2150 1727 2217 habere,
1772 2149 1839 2204 ad
1887 2157 2084 2205 tantam

505 2242 711 2297 redacti
750 2251 876 2297 sunt
913 2251 1237 2312 egestatem,
1279 2250 1336 2294 ut
1360 2240 1714 2310 piscatoribus
1741 2248 1794 2295 et
1825 2239 2087 2297 illiteratis

506 2336 741 2390 minores
766 2343 1078 2405 apparerent
1105 2374 1120 2398 ,
1147 2333 1385 2403 ipsisque
1405 2332 1618 2388 demum
1641 2348 1776 2402 opus
1800 2331 2082 2386 haberent.

508 2425 634 2481 ldeo
677 2426 783 2492 ait,
818 2425 875 2480 In
919 2425 1112 2481 astutia
1145 2425 1382 2494 ipsorum
1414 2426 1556 2494 cepit
1599 2423 1741 2479 illos.
1786 2423 1918 2479 Nam
1965 2439 2086 2479 cum

507 2517 672 2584 dicit,
719 2517 939 2571 Perdam
977 2517 1277 2588 sapientiam
1326 2515 1422 2588 (1.
1467 2515 1586 2571 Cor.
1627 2517 1679 2570 1.
1725 2517 1870 2586 19),
1919 2516 2086 2586 ipsam

507 2608 574 2663 ad
607 2609 739 2662 nihil
799 2609 929 2663 utile
960 2609 1210 2662 inducere
1250 2607 1514 2678 signiﬁcat
1543 2625 1556 2660 :
1589 2607 1716 2662 illud
1747 2617 1954 2672 autem,
1989 2607 2088 2673 Qui

509 2699 882 2769 comprehendit
901 2701 1151 2770 sapientes
1174 2701 1224 2753 in
1245 2701 1430 2754 astutia
1452 2717 1622 2754 eorum
1648 2741 1663 2769 ,
1703 2700 1769 2754 ad
1793 2700 2087 2754 ostenden-

511 2792 632 2847 dam
665 2791 760 2846 Dei
788 2794 1073 2861 potentiam
1100 2792 1313 2847 dicitur.

580 2885 635 2937 2.
679 2884 878 2940 Deinde
907 2883 1123 2938 modum
1153 2884 1282 2939 dicit
1319 2899 1425 2956 quo
1469 2882 1909 2953 comprehendit,
1942 2884 2088 2940 aliud

511 2973 769 3042 adjiciens
796 2973 1154 3027 testimonium
1181 2989 1196 3038 ;
1228 2972 1302 3027 ait
1329 2974 1470 3027 enim
1500 2991 1512 3025 :
1544 2972 1634 3028 20.
1676 2971 1926 3027 Dominus
1957 2975 2089 3028 novit

511 3067 833 3137 cogitationes
883 3066 1182 3136 sapientium
1239 3067 1477 3136 quoniam
1547 3083 1687 3122 vanae
1755 3077 1891 3122 sunt.
1954 3067 2088 3123 Cum

512 3168 691 3211 autem
733 3155 992 3225 sapientia
1025 3155 1114 3210 illa
1153 3173 1269 3226 quae
1297 3166 1378 3211 est
1405 3157 1664 3212 immensa
1685 3197 1703 3224 ,
1736 3158 1852 3212 haec
1877 3157 1944 3215 de
1985 3159 2090 3216 illis

515 3247 974 3318 pronuntiaverit,
1003 3257 1058 3302 et
1086 3249 1216 3302 tales
1244 3247 1390 3318 ipsos
1419 3263 1538 3304 esse
1565 3248 1902 3318 probaverit,
1932 3265 2090 3320 quam

510 3337 668 3392 aliam
711 3348 965 3393 extrema:
992 3337 1207 3393 illorum
1236 3337 1482 3393 amentia:
1511 3354 1718 3408 quaeres
1753 3337 2088 3395 demonstra-

513 3429 756 3484 tionem?
782 3428 916 3484 Nam
957 3427 1232 3484 hominum
1262 3428 1474 3500 quidem
1498 3430 1696 3499 judicia
1727 3446 1869 3501 sazpe
1900 3431 2088 3485 labun-

512 3530 636 3587 tur;
665 3521 758 3577 Dei
791 3536 917 3577 vero
945 3523 1204 3578 sententia
1237 3537 1334 3578 nec
1365 3522 1686 3592 reprehendi
1717 3539 1816 3578 nec
1843 3537 2090 3578 corrum-

511 3613 566 3683 pi
608 3627 856 3683 umquam
890 3621 1084 3682 potest.
1118 3611 1405 3684 Postquam
1447 3613 1606 3684 igitur
1648 3614 1866 3685 superni
1904 3614 2090 3685 judicii

513 3712 773 3772 tropaeum
821 3703 892 3758 ita
931 3703 1270 3773 splendidum
1319 3713 1600 3770 erexerat,
1648 3705 1991 3760 vehementer
2036 3706 2090 3760 in

512 3794 754 3850 subditos
773 3809 1076 3850 sermonem
1099 3795 1392 3862 convertit,
1417 3795 1531 3850 haec
1557 3795 1740 3851 dicens
1771 3813 1784 3850 :
1813 3794 1902 3850 21.
1928 3794 2092 3850 Nemo

511 3889 683 3958 itaque
719 3887 961 3956 glorietur
988 3888 1039 3940 in
1067 3887 1348 3941 hominibus
1377 3903 1396 3940 :
1423 3886 1514 3940 22.
1545 3887 1714 3941 omnia
1754 3889 1889 3942 enim
1928 3897 2093 3942 vestra

515 3988 652 4033 sunt.
705 3978 911 4033 Rursus
957 3977 1135 4049 priora
1181 3977 1409 4048 repetit,
1439 3977 1728 4034 ostendens
1771 3979 1889 4032 illos
1919 3993 2092 4049 neque

515 4069 572 4124 in
596 4069 958 4140 spiritualibus
984 4071 1150 4126 altum
1179 4085 1366 4140 sapere
1393 4071 1589 4127 debere
1609 4111 1624 4137 ,
1661 4081 1716 4125 ut
1743 4073 1831 4142 qui
1861 4070 1992 4126 nihil
2023 4087 2091 4126 ex

512 4178 574 4218 se
617 4162 866 4219 habeant.
896 4162 1028 4218 Cum
1058 4177 1188 4233 ergo
1226 4171 1451 4217 externa
1499 4162 1757 4233 sapientia
1797 4162 1955 4216 noxia
1985 4163 2050 4218 sit
2074 4204 2090 4231 ,

513 4265 568 4311 et
609 4255 905 4325 spiritualia
947 4270 978 4309 a
1009 4249 1163 4310 vobis
1211 4269 1318 4307 non
1365 4253 1472 4307 sint
1519 4252 1680 4319 data,
1737 4253 1876 4308 unde
1929 4252 2097 4310 habes

511 4345 654 4415 quod
677 4343 961 4416 glorieris?
989 4343 1054 4398 Et
1081 4343 1133 4398 in
1164 4353 1386 4398 externa
1411 4342 1626 4413 quidem
1653 4341 1910 4412 sapientia
1935 4355 2093 4396 nemo

515 4436 749 4507 scipsum
787 4434 1051 4503 decipiat,
1080 4433 1286 4504 inquit,
1318 4434 1439 4504 quia
1480 4433 1583 4502 ipsi
1621 4433 1675 4487 in
1718 4449 1775 4488 re
1805 4432 1960 4486 noxia
1991 4433 2093 4487 sibi

515 4525 799 4594 placebant
840 4541 853 4575 :
897 4522 982 4576 hic
1034 4538 1195 4586 vero,
1251 4523 1371 4590 quia
1423 4535 1510 4576 res
1562 4521 1724 4576 habet
1772 4521 2090 4590 utilitatem,

518 4626 679 4667 nemo
733 4611 1010 4681 glorietur.
1075 4611 1142 4665 Et
1186 4612 1545 4666 mansuetiore
1592 4614 1755 4667 utitur
1807 4614 2088 4670 oratione:

520 4701 706 4757 Omnia
739 4701 871 4756 enim
915 4710 1077 4754 vestra
1102 4712 1216 4754 sunt
1236 4743 1250 4767 ,
1294 4703 1395 4756 sive
1438 4701 1637 4756 Paulus
1662 4705 1762 4758 sive
1791 4704 1972 4774 Apollo
1993 4705 2094 4760 sive

517 4795 716 4866 Cephas
743 4796 847 4851 sive
875 4793 1092 4848 mundus
1109 4835 1124 4861 ,
1155 4794 1257 4848 sive
1280 4793 1381 4846 vita
1407 4795 1507 4848 sive
1544 4811 1678 4849 mors
1697 4837 1712 4863 ,
1742 4798 1842 4850 sive
1866 4814 2093 4868 praesen-

515 4890 587 4938 tia
616 4887 716 4940 sive
739 4890 909 4959 futura
939 4901 959 4939 :
986 4885 1154 4939 omnia
1192 4893 1352 4938 vestra
1391 4894 1506 4938 sunt
1525 4927 1539 4952 ,
1568 4900 1652 4939 vos
1679 4897 1843 4939 autem
1871 4883 2090 4956 Christi,

517 4975 746 5034 Christus
772 4989 937 5031 autem
969 4976 1078 5032 Dei.
1110 4977 1245 5044 Quia
1273 4978 1414 5033 enim
1443 4977 1560 5033 illos
1587 4979 1936 5035 vehementer
1967 4997 2088 5049 per-

518 5068 841 5135 strinxerat,
865 5083 1049 5123 rursus
1078 5068 1221 5137 ipsos
1251 5080 1478 5125 recreat.
1512 5069 1577 5125 Et
1608 5067 1850 5140 superius
1878 5071 2091 5141 quidem

519 5162 768 5229 dicebat,
827 5161 1099 5231 Adjutores
1155 5176 1324 5216 sumus
1387 5163 1514 5229 Dei,
1573 5174 1628 5220 et
1679 5163 1798 5219 aliis
1855 5165 2093 5236 pluribus

515 5253 698 5310 verbis
734 5251 881 5323 ipsos
921 5248 1293 5306 consolabatur
1325 5269 1339 5306 :
1369 5254 1456 5309 hic
1494 5265 1669 5310 autem
1699 5255 1863 5322 dicit,
1909 5256 2093 5312 Omnia

519 5355 684 5400 vestra
711 5355 861 5412 sunt,
894 5345 1171 5404 doctorum
1204 5347 1394 5402 fastum
1425 5361 1682 5402 amovens
1706 5389 1720 5414 ,
1763 5350 2088 5404 ostendens-

517 5451 622 5505 que
651 5438 794 5508 ipsos
824 5452 927 5492 non
953 5437 1110 5493 modo
1145 5438 1275 5493 nihil
1302 5437 1407 5492 illis
1434 5435 1645 5507 largiri,
1687 5439 1780 5493 sed
1809 5439 1937 5509 ipsis
1966 5455 2089 5509 gra-

519 5528 621 5580 tias
648 5527 850 5584 referre
892 5529 1088 5585 debere
1121 5546 1133 5584 :
1165 5538 1382 5602 propter
1408 5529 1527 5583 illos
1569 5530 1708 5584 enim
1755 5531 1887 5586 tales
1916 5531 2090 5586 οπεοιί

520 5625 679 5682 sunt,
725 5619 989 5691 etiamque
1031 5621 1255 5692 gratiam
1303 5628 1643 5689 acceperunt.
1692 5619 1796 5676 Sed
1840 5621 2091 5692 quoniam

522 5709 754 5765 futurum
777 5721 911 5779 erat,
949 5722 1006 5768 ut
1047 5711 1124 5768 illi
1165 5712 1324 5770 etiam
1356 5711 1740 5784 gloriarentur,
1789 5711 1909 5769 idco
1948 5712 2088 5770 hunc

2180 432 2390 488 quoque
2443 417 2683 472 morbum
2740 415 2981 486 prmdicit
3017 413 3202 469 dicens
3239 431 3251 466 :
3311 411 3594 481 Unicuique
3631 414 3763 467 sicut

2182 505 2315 562 Deus
2345 508 2520 576 dedit;
2567 516 2654 572 ct‘,
2688 506 2823 562 Deus
2872 507 3233 560 incrementum
3260 505 3445 569 dedit;
3493 513 3550 558 ut
3590 520 3764 574 neque

2180 597 2299 664 illi,
2339 599 2460 668 quia
2515 598 2893 668 przebuerunt,
2945 596 3109 651 altum
3162 595 3416 664 sapiant;
3472 609 3648 665 neque
3705 594 3757 649 hi

2180 689 2369 756 etiam,
2421 690 2545 760 quia
2591 690 2892 754 audierunt,
2925 687 3108 742 Omnia
3136 698 3297 742 vestra
3345 699 3494 752 sunt,
3526 703 3649 743 sese
3675 705 3767 742 ex-

2180 780 2386 834 tollant.
2417 779 2626 835 Etenim
2654 780 2864 835 etiamsi
2904 789 3118 850 pr0pter
3145 794 3268 844 vos,
3297 788 3352 834 at
3395 789 3563 834 totum
3589 795 3621 835 a
3652 780 3767 835 Deo

2182 871 2375 925 factum
2405 880 2505 927 est.
2564 873 2642 928 Tn
2698 889 2826 929 vero
2865 873 2992 927 mihi
3049 872 3350 943 perpendas
3388 873 3544 927 velim
3569 915 3584 938 ,
3624 890 3766 944 quo-

2181 963 2340 1017 modo
2379 979 2545 1033 usque
2586 964 2651 1018 ad
2697 965 2857 1020 linem
2912 977 3217 1034 perseveret
3269 981 3461 1020 nomen
3501 983 3654 1021 smnn
3697 977 3754 1023 et

2183 1070 2374 1109 nomen
2423 1055 2563 1110 Petri
2592 1071 2809 1126 ponere.
2841 1056 2978 1125 Quid
3005 1072 3132 1113 vero
3159 1057 3420 1128 signiﬁcat
3448 1058 3572 1113 illud
3595 1103 3609 1125 ,
3641 1059 3770 1116 Sive

2182 1146 2362 1198 mors?
2414 1146 2631 1202 Etiamsi
2689 1147 3022 1213 moriantur,
3077 1165 3172 1218 pro
3225 1147 3374 1202 vobis
3427 1150 3760 1218 moriuntur,

2184 1235 2546 1304 periclitantes
2574 1252 2669 1306 pro
2696 1245 2872 1292 vestra
2900 1238 3088 1292 salute.
3131 1238 3317 1293 Viden’
3345 1240 3614 1309 quomodo
3639 1257 3764 1296 rur-

2183 1342 2300 1380 sum
2328 1327 2706 1397 discipulorum
2743 1327 2937 1382 fastum
2977 1328 3276 1398 deprimat,
3308 1329 3557 1386 doctores
3583 1342 3764 1387 autem

2184 1417 2439 1471 extollat?
2476 1418 2606 1472 Nam
2635 1419 2712 1472 sic
2740 1418 2860 1473 illos
2887 1419 3173 1490 alloquitur
3200 1428 3255 1473 ut
3283 1436 3476 1490 pueros
3518 1423 3760 1490 nobiles,

2188 1505 2500 1577 paedagogos
2523 1507 2800 1573 habentes,
2823 1509 2912 1577 qui
2938 1509 3300 1564 haereditatem
3322 1512 3592 1579 accepturi
3614 1522 3762 1567 sunt.

2185 1598 2329 1654 Licet
2374 1599 2532 1654 etiam
2578 1599 2685 1655 alio
2728 1600 2886 1654 modo
2913 1599 3117 1666 dicere,
3149 1609 3374 1656 mortem
3419 1601 3608 1657 Adami
3638 1619 3766 1672 pro-

2188 1698 2295 1759 ptet
2339 1705 2437 1744 nos
2476 1691 2674 1758 fuisse,
2731 1700 2788 1745 ut
2837 1691 3314 1761 resipisceremus;
3370 1704 3596 1748 mortem
3636 1710 3767 1750 vero

2186 1779 2417 1846 Christi,
2450 1791 2508 1836 ut
2534 1797 2894 1839 servarentur.
2944 1783 3045 1838 Vos
3071 1794 3237 1839 autem
3270 1785 3487 1851 Christi,
3537 1786 3768 1841 Christus

2187 1883 2301 1924 vero
2352 1871 2461 1926 Dei.
2504 1873 2672 1928 Aliter
2721 1873 2918 1928 Christi
2957 1890 3176 1941 sumus,
3225 1885 3278 1931 et
3315 1877 3468 1932 aliter
3526 1877 3769 1933 Christus

2190 1960 2284 2016 Dei
2323 1972 2434 2031 est,
2475 1974 2529 2020 et
2575 1965 2728 2020 aliter
2777 1967 3005 2022 mundus
3043 1976 3123 2024 est
3164 1977 3364 2024 noster.
3421 1965 3528 2023 Nos
3565 1970 3768 2040 quippe

2188 2050 2386 2106 Christi
2413 2069 2626 2118 sumus,
2678 2065 2734 2110 ut
2775 2071 2910 2126 opus
2955 2057 3132 2122 illius;
3182 2057 3424 2113 Christus
3463 2075 3587 2113 vero
3631 2058 3764 2126 Dei,

2191 2151 2246 2196 ut
2278 2157 2529 2212 germana
2579 2145 2755 2215 proles
2776 2187 2789 2211 ,
2821 2163 2924 2200 tton
2955 2157 3011 2201 ut
3039 2162 3170 2217 opus
3201 2165 3214 2202 :
3244 2164 3344 2219 qua
3372 2148 3578 2203 ratione
3603 2149 3766 2203 etiam

2191 2250 2288 2288 nec
2314 2235 2540 2290 mundus
2567 2246 2649 2292 est
2676 2245 2858 2293 nOster
2882 2240 2922 2292 ί.
2954 2240 3134 2310 Itaque
3161 2241 3259 2295 etsi
3287 2257 3390 2295 una
3418 2243 3486 2296 sit
3512 2241 3693 2308 dictio,
3713 2252 3770 2296 at

2190 2325 2404 2390 diversa
2450 2329 2734 2384 sententia.
2776 2329 3003 2386 Mundus
3048 2331 3188 2386 enim
3219 2343 3403 2386 noster
3427 2339 3543 2399 est,
3585 2342 3769 2401 utpote

2192 2432 2288 2486 pro
2336 2419 2491 2474 nobis
2544 2419 2755 2487 factus;
2809 2421 3055 2479 Christus
3113 2438 3239 2478 vero
3280 2423 3372 2478 Dei
3411 2434 3528 2491 est,
3582 2434 3637 2480 ut
3675 2425 3769 2495 qui

2192 2509 2362 2578 ipsum
2408 2521 2680 2568 auctorem
2711 2513 2942 2582 habeat,
2991 2527 3251 2587 quatenus
3294 2518 3449 2574 Pater
3476 2519 3592 2588 ejus
3637 2531 3764 2576 est:

2192 2615 2289 2655 nos
2316 2610 2491 2657 autem
2514 2619 2696 2659 sumus
2717 2604 2935 2674 Christi,
2963 2608 3084 2677 quia
3112 2607 3178 2663 ab
3197 2609 3314 2678 ipso
3341 2610 3542 2664 conditi
3561 2626 3766 2667 sumus.

2191 2692 2248 2749 Si
2295 2694 2368 2748 illi
2416 2706 2540 2750 sunt
2584 2699 2780 2762 vestri,
2826 2699 3028 2770 inquit,
3058 2717 3155 2756 cur
3200 2700 3372 2757 facitis
3399 2705 3765 2772 contrarium,

2192 2783 2316 2838 dum
2345 2784 2410 2840 ab
2437 2786 2565 2856 ipsis
2592 2789 3039 2859 cognominamini
3067 2832 3080 2854 ,
3111 2805 3214 2845 non
3243 2807 3271 2846 a
3299 2789 3512 2847 Christo
3539 2804 3591 2849 et
3618 2795 3770 2850 Deo?

2197 2873 2368 2946 (Cap.
2419 2877 2497 2948 4.)
2545 2879 2595 2932 1.
2645 2880 2733 2934 Sic
2782 2897 2874 2935 nos
2913 2882 3160 2936 existimet
3209 2886 3356 2937 homo
3408 2892 3460 2938 ut
3513 2887 3769 2943 ministros

2194 2965 2410 3035 Christi,
2451 2978 2498 3022 et
2536 2970 2902 3039 dispensatores
2941 2975 3288 3043 mysteriorum
3326 2975 3442 3029 Dei.
3483 2975 3769 3046 Postquam

2194 3057 2404 3114 illorum
2454 3063 2810 3131 arrogantiam
2855 3063 3150 3132 depressit,
3192 3065 3312 3119 vide
3352 3067 3462 3136 jam
3501 3069 3770 3137 quomodo

2193 3149 2312 3204 illos
2339 3160 2546 3206 recreet
2582 3153 2765 3208 dicens
2795 3172 2809 3208 :
2845 3153 2910 3208 Ut
2939 3155 3191 3209 ministros
3219 3157 3425 3212 Christi.
3466 3158 3541 3213 Ne
3567 3159 3798 3230 itaque,‘

2195 3239 2358 3296 misso
2382 3241 2603 3296 Domino
2625 3284 2638 3307 ,
2663 3257 2692 3296 a
2715 3243 2972 3298 ministris
2993 3254 3047 3300 et
3067 3243 3278 3300 famulis
3299 3262 3494 3303 nomen
3515 3251 3766 3319 accipias.

2195 3331 2602 3402 Dispensatorcs
2637 3341 2816 3389 autem
2862 3333 3031 3403 dixit,
3061 3338 3350 3394 ostendens
3390 3355 3496 3394 non
3524 3343 3771 3398 omnibus

2195 3423 2310 3479 haec
2341 3425 2515 3479 danda
2560 3440 2715 3494 esse,
2759 3425 2851 3480 scd
2881 3427 3074 3497 quibus
3121 3439 3363 3498 Oportet,
3392 3441 3447 3486 et
3489 3434 3680 3503 quibus
3705 3450 3771 3491 ea

2195 3525 2320 3572 Sunt
2341 3516 2716 3587 dispensanda.
2743 3517 2799 3572 2.
2835 3517 2933 3571 Hic
2951 3519 3063 3589 jam
3087 3522 3330 3589 quaeritur
3353 3523 3483 3576 inter
3505 3523 3770 3592 dispensa-

2195 3618 2324 3662 tores
2365 3617 2417 3661 ut
2461 3609 2625 3677 ﬁdelis
2668 3609 2778 3680 quis
2827 3610 3129 3664 inveniatur.
3163 3611 3216 3667 ld
3239 3622 3355 3677 est,
3404 3629 3472 3670 ne
3498 3631 3615 3685 qua:
3647 3625 3772 3671 sunt

2198 3699 2408 3754 Domini
2450 3700 2551 3755 sibi
2592 3711 2848 3772 usurpet,
2882 3717 2981 3757 nec
3028 3703 3128 3757 sibi
3172 3713 3438 3775 tamquam
3465 3706 3682 3762 dou.in
3708 3723 3772 3763 ea

2196 3789 2465 3855 vindicet,
2494 3790 2586 3845 sed
2615 3801 2672 3846 ut
2697 3791 3035 3862 diSpensator
3066 3795 3153 3848 illa
3184 3805 3353 3850 curet.
3388 3798 3773 3867 Dispensatoris

2195 3881 2337 3936 enim
2384 3891 2499 3947 est,
2547 3896 2609 3936 ea
2660 3897 2778 3952 qua:
2823 3883 2927 3937 sibi
2953 3884 3154 3938 credita
3197 3895 3321 3941 sunt
3349 3887 3512 3956 probe
3535 3887 3769 3943 admini-

2196 3983 2368 4029 strare
2388 4013 2403 4038 ,
2446 3987 2545 4027 nec
2571 3988 2691 4043 qua:
2716 3973 2915 4028 domini
2941 3984 3066 4028 sunt
3101 3989 3194 4030 sua
3222 3977 3399 4032 dicere
3422 3996 3437 4044 ;
3467 3978 3558 4033 sed
3586 3991 3771 4035 eontra

2195 4081 2316 4136 qua:
2370 4072 2494 4119 sunt
2530 4079 2660 4130 sua,
2714 4062 2919 4121 domini
2971 4065 3172 4122 dicere.
3229 4067 3602 4140 Unusquisque
3660 4069 3773 4125 hmo

2197 4155 2436 4226 cogitans
2455 4197 2470 4222 ,
2501 4155 2612 4211 sive
2639 4154 2849 4210 dicendi
2878 4155 3182 4212 facultatem
3211 4159 3405 4213 habeat
3426 4201 3439 4224 ,
3481 4161 3592 4216 sive
3620 4175 3774 4231 pecu-

2199 4248 2314 4303 nias
2334 4289 2348 4313 ,
2377 4247 2518 4319 quod
2548 4263 2740 4317 nempe
2773 4263 2858 4304 res
2883 4249 3090 4304 Domini
3117 4252 3218 4306 sibi
3247 4252 3465 4316 creditae
3495 4255 3634 4321 sint,
3667 4271 3772 4310 non

2197 4347 2378 4393 autem
2427 4353 2574 4406 suae,
2621 4354 2688 4393 ne
2735 4339 2852 4394 illas
2896 4355 3057 4410 penes
3100 4355 3157 4395 se
3194 4341 3420 4396 retineat
3458 4358 3630 4412 neque
3668 4345 3771 4400 sibi

2198 4429 2500 4492 adscribat,
2547 4428 2639 4484 sed
2691 4429 2800 4484 Deo
2844 4432 3021 4485 omnia
3060 4431 3301 4500 largienti
3355 4433 3473 4488 illas
3523 4446 3776 4506 acceptas

2198 4518 2414 4574 referat.
2447 4517 2540 4573 Vis
2569 4518 2751 4574 videre
2795 4520 2979 4576 ﬁdeles
3021 4520 3458 4591 dispensatores?
3483 4525 3618 4579 Audi
3647 4527 3775 4596 quid

2199 4609 2341 4664 dicat
2367 4609 2554 4664 Petrus
2586 4628 2599 4663 :
2635 4611 2773 4676 Quid
2799 4629 2888 4666 nos
2917 4614 3162 4681 respicitis
3189 4615 3332 4683 quasi
3363 4615 3572 4687 prapria
3597 4616 3778 4672 virtute

2198 4709 2289 4753 aut
2327 4699 2522 4769 pietate
2573 4703 2833 4772 fecerimus
2871 4704 3004 4756 hunc
3055 4704 3315 4758 ambulare
3352 4706 3504 4776 (Act.
3534 4707 3588 4761 5.
3623 4706 3686 4761 12
3711 4707 3775 4769 Η

2199 4803 2254 4848 et
2280 4793 2527 4848 Cornelio
2553 4793 2765 4849 dicebat
2806 4794 2907 4866 (a)
2941 4814 2950 4844 :
2985 4793 3051 4847 Et
3099 4811 3188 4849 nos
3234 4797 3412 4849 iisdem
3461 4798 3775 4867 positionibus

2201 4884 2403 4939 obnoxii
2445 4885 2669 4939 homines
2705 4901 2877 4939 sumus
2919 4884 3065 4954 (Act.
3100 4885 3366 4957 H.135);
3405 4893 3457 4942 et
3499 4885 3564 4940 ad
3613 4886 3775 4941 Chri-

2200 4985 2341 5030 stum
2373 4994 2385 5030 :
2417 4974 2550 5031 Ecce
2603 4975 2896 5045 reliquimus
2952 4977 3123 5029 omnia
3174 4985 3221 5031 et
3275 4978 3469 5048 sequuti
3519 4993 3694 5032 sumus
3719 4987 3778 5062 ,ιι

2201 5069 2428 5141 (Matth.
2473 5069 2558 5125 19.
2597 5069 2731 5139 27).
2791 5068 2855 5122 Εί
2910 5067 3103 5123 Paulus
3158 5083 3278 5124 cum
3335 5069 3598 5136 dixisset,
3648 5068 3777 5125 Plus

2198 5177 2350 5230 quant
2397 5178 2566 5216 onmcs
2613 5160 2868 5226 laboravi,
2922 5159 3194 5232 subjunxit
3226 5177 3240 5214 :
3269 5159 3390 5216 Non
3431 5171 3522 5234 ego
3571 5172 3770 5230 autem,

2263 5357 2280 5388 ί
2309 5363 2424 5420 Reg.
2448 5359 2518 5406 sic
2538 5356 2830 5416 efferthunc
2852 5358 3316 5426 locum...gemuzna
3335 5361 3526 5426 proles;
3542 5365 3775 5426 ηιωιάιιετ

2198 5431 2291 5480 que
2313 5431 2407 5488 non
2428 5426 2496 5488 est
2519 5427 2697 5481 noster,
2721 5429 2771 5472 ut
2789 5426 3004 5472 nostrum
3034 5423 3173 5486 opus,
3193 5425 3279 5474 sed
3303 5423 3352 5474 in
3380 5430 3603 5488 quartum
3624 5423 3776 5478 twstri

2199 5490 2346 5530 εαιωα
2369 5486 2523 5532 factus
2544 5488 2631 5532 εει.

2262 5541 2336 5603 (a)
2368 5541 2460 5590 Hic
2470 5542 2617 5614 citata
2631 5544 2778 5616 verba
2793 5557 2892 5616 non
2905 5544 3130 5596 Cornelio
3146 5547 3270 5618 dicta
3286 5546 3426 5597 fuere
3438 5560 3464 5594 a
3478 5545 3630 5618 Petrp
3645 5562 3661 5608 ;
3686 5549 3777 5600 sed

2199 5613 2226 5649 a
2247 5601 2400 5668 Paulo
2424 5609 2615 5664 Lystns,
2640 5617 2701 5654 ns
2722 5619 2804 5668 qm
2831 5607 3059 5657 Barnabas
3083 5614 3136 5658 et
3158 5610 3254 5657 srbi
3278 5618 3332 5658 ut
3353 5609 3448 5658 dus
3483 5609 3666 5658 hostias
3687 5623 3777 5659 nn-

2445 5622 2615 5663 ,βυ-15,
2640 5622 2701 5654 IIS
2722 5622 2804 5663 qut
2831 5622 3059 5657 uarnaote
3083 5622 3136 5658 θῐ
3158 5622 3254 5657 SlDl
3278 5622 3332 5658 UI.
3353 5622 3448 5658 (1118
3484 5622 3666 5658 [10⁵1138
3687 5623 3778 5659 tm.

2199 5662 2434 5773 mqhwtgqltl
2629 5668 2712 5717 llic
2731 5662 2966 5720 memoria
2985 5668 3166 5720 labitur
3183 5670 3568 5735 Chrysostomu's,
3595 5671 3690 5721 nisi
3713 5671 3776 5724 sit
