4100 6214
336 5906 348 5959 .‘

362 302 429 355 85

354 418 440 467 sed
490 414 661 485 gratia
716 413 812 470 Dei
860 433 1051 471 mecum
1105 418 1201 490 (1.
1241 419 1361 474 Cor.
1404 423 1493 477 15.
1534 422 1667 493 10).
1710 421 1779 476 Ει
1814 420 1942 476 alibi

352 506 575 561 eosdem
634 509 915 580 alloquens
969 510 1181 567 dicebat
1209 530 1224 567 :
1257 515 1395 579 Quid
1449 516 1585 568 enim
1619 515 1773 569 habes
1808 515 1945 585 quod

354 618 455 655 non
482 603 723 672 accepisti
746 604 838 673 (1.
868 604 986 659 Cor.
1016 605 1071 664 4.
1103 607 1134 659 7
1152 605 1171 676 )
1189 607 1214 659 ἲ
1238 605 1381 662 Nihil
1407 608 1550 662 enim
1581 607 1746 664 babes
1773 617 1945 676 tuum,

358 711 465 750 non
517 696 809 765 pecunias,
858 711 965 753 non
1009 699 1274 765 verbum,
1322 715 1428 755 non
1456 698 1625 770 ipsam
1665 700 1943 756 animam:

358 803 480 842 nam
505 796 562 843 et
587 789 703 859 ipsa
732 788 943 843 Domini
968 799 1071 845 est.

433 880 489 935 3.
528 878 664 934 Cum
707 880 868 951 igitur
895 895 1031 951 opus
1075 880 1256 946 fuerit,
1297 881 1436 939 banc
1474 898 1686 955 quoque
1712 882 1946 953 depone.

362 971 515 1039 Quod
546 974 591 1027 si
624 972 790 1027 vitam
833 987 1006 1034 amas.
1030 983 1085 1029 et
1112 972 1159 1030 si
1199 972 1471 1045 deponere
1505 976 1708 1046 jussus,
1735 986 1949 1032 contra-

363 1066 514 1134 dicis,
543 1067 657 1136 jam
697 1082 804 1122 non
857 1066 1032 1124 ﬁdelis
1076 1068 1420 1139 dispensator
1462 1083 1541 1125 es.
1573 1069 1638 1124 Et
1677 1069 1948 1141 quomodo

362 1159 490 1215 licet
537 1160 649 1215 Deo
689 1169 919 1215 vocante
963 1160 1254 1216 resistere?
1282 1160 1413 1216 Nam
1441 1176 1542 1231 ego
1582 1175 1795 1231 quoque
1845 1160 1950 1216 hoc

362 1253 509 1318 dico,
539 1262 594 1307 et
641 1260 864 1323 propter
889 1252 994 1307 hoc
1036 1252 1211 1321 ipsum
1238 1252 1477 1307 admiror
1516 1252 1607 1307 Dei
1652 1252 1951 1324 benignita-

365 1352 510 1399 tem:
544 1359 665 1414 qua:
690 1346 835 1399 enim
863 1351 1040 1414 potest
1066 1343 1175 1409 ille,
1200 1344 1360 1399 etiam
1391 1354 1444 1400 te
1471 1344 1641 1399 invito
1666 1359 1697 1399 a
1727 1353 1779 1399 te
1809 1344 1950 1400 acci-

364 1451 512 1506 pere,
542 1451 602 1491 ea
631 1450 738 1491 non
760 1434 873 1490 vult
910 1443 964 1491 te
989 1435 1157 1490 invito
1200 1433 1405 1499 inferri,
1431 1443 1491 1490 ut
1515 1433 1818 1490 mercedem
1848 1435 1945 1489 ha-

366 1528 517 1583 beas.
568 1526 813 1596 Exempli
840 1541 1022 1593 causa,
1051 1535 1231 1597 potest
1256 1527 1490 1582 animam
1542 1535 1594 1581 te
1617 1526 1784 1581 invito
1809 1526 1950 1582 acci-

364 1636 512 1691 pere,
527 1620 621 1675 sed
643 1619 760 1674 vult
782 1628 835 1676 te
860 1620 1094 1683 volente.
1112 1630 1168 1675 ut
1190 1635 1312 1675 cum
1331 1619 1497 1675 Paulo
1513 1619 1689 1675 dicas:
1712 1620 1950 1688 Quotidie

364 1713 556 1766 morior
585 1713 662 1782 (1.
706 1711 828 1766 Cor.
862 1712 951 1767 15.
994 1712 1108 1782 51).
1152 1710 1335 1766 Potest
1362 1711 1589 1782 gloriam
1639 1720 1780 1766 luam
1811 1711 1952 1767 accio

366 1820 492 1873 pere
518 1812 571 1859 te
601 1803 789 1871 invito,
821 1812 983 1874 teque
1016 1802 1274 1858 humilem
1315 1801 1577 1867 reddere;
1618 1802 1715 1857 sed
1758 1803 1870 1858 vult
1896 1810 1949 1858 te

366 1910 579 1965 quoque
610 1896 845 1961 volente,
877 1903 936 1949 ut
982 1894 1469 1950 remunerationem
1516 1892 1733 1949 habeas.
1768 1893 1952 1950 Potest

368 1996 419 2041 te
465 1989 627 2041 etiam
682 1987 908 2041 invitum
960 2000 1248 2057 pauperem
1300 1985 1560 2051 reddere,
1600 1984 1695 2040 sed
1743 1993 1795 2040 te
1842 1999 1952 2040 vo-

370 2081 569 2134 lentem
613 2078 762 2149 cupit
812 2078 973 2133 talem
1029 2077 1183 2143 ﬁeri,
1230 2086 1293 2132 ut
1338 2075 1433 2131 tibi
1471 2090 1701 2132 coronas
1753 2084 1948 2130 nectat.

370 2172 625 2227 Vidistin‘
687 2172 782 2227 Dei
851 2169 1295 2243 benignitatem?
1354 2168 1601 2225 vidistin’
1651 2168 1952 2225 socordiam

370 2272 608 2317 nostram
624 2262 654 2317 ἲ

442 2356 633 2410 Festus
659 2356 978 2411 sacerdotum
1019 2355 1330 2427 reprimitur.
1354 2385 1426 2398 -—
1448 2354 1528 2411 Ad
1554 2368 1801 2426 magnam
1834 2368 1953 2423 per-

370 2449 565 2504 venisti
615 2448 966 2518 dignitatem,
1012 2457 1068 2503 et
1120 2447 1473 2518 principatum
1523 2458 1844 2516 assequutus
1894 2460 1953 2500 es

368 2540 841 2596 ecclesiasticum?
890 2538 968 2594 Ne
1011 2540 1180 2593 altum
1221 2537 1439 2608 sapias:
1472 2553 1578 2593 non
1627 2547 1683 2592 tu
1728 2537 1953 2608 gloriam

368 2632 672 2698 obtinuisti,
698 2631 793 2687 sed
825 2631 913 2686 illa
946 2640 998 2687 te
1020 2631 1161 2686 Deus
1183 2631 1372 2686 induit.
1406 2629 1499 2685 illa
1522 2630 1681 2701 igitur
1707 2639 1761 2684 ut
1781 2629 1954 2685 aliena

370 2733 530 2779 utere
556 2740 571 2779 :
605 2738 673 2779 ne
700 2723 846 2778 illam
885 2723 952 2778 ad
974 2738 1059 2789 ea,
1082 2738 1203 2794 qua:
1232 2737 1339 2778 non
1367 2721 1546 2791 decet,
1576 2721 1854 2787 adhibeas,
1887 2736 1955 2777 ne

372 2819 600 2884 inﬂeris,
628 2834 696 2873 ne
724 2818 817 2874 tibi
848 2818 1108 2886 vindices,
1140 2818 1233 2874 sed
1259 2832 1549 2889 pauperem
1574 2824 1629 2871 et
1670 2815 1953 2886 inglorium

376 2922 431 2967 te
450 2927 573 2967 esse
595 2922 802 2983 putato.
822 2911 1006 2983 Neque
1030 2911 1198 2977 enim,
1228 2912 1271 2966 si
1296 2925 1529 2981 purpura
1554 2910 1697 2979 regia
1721 2907 1816 2963 tibi
1841 2922 1957 2963 ser-

374 3005 549 3059 vanda
587 3006 782 3059 tradita
828 3014 992 3071 esset,
1021 3011 1297 3076 oporteret
1333 3004 1479 3058 abuti
1510 3012 1656 3059 veste
1703 3003 1956 3072 illamque

374 3097 718 3161 labefactare,
748 3097 843 3152 sed
867 3112 989 3152 cum
1019 3096 1210 3166 majori
1238 3096 1579 3152 accuratione
1608 3095 1779 3165 ipsam
1808 3093 1955 3150 danti

373 3203 613 3243 servare.
648 3188 804 3243 Verbi
834 3186 1143 3243 facultatem
1173 3187 1473 3257 accepisti?
1501 3185 1578 3242 Ne
1605 3186 1829 3254 inﬂeris,
1857 3200 1958 3240 nc-

374 3296 480 3351 que
509 3289 825 3350 arroganter
867 3295 1034 3351 agas:
1074 3294 1248 3350 neque
1277 3282 1421 3335 enim
1452 3287 1599 3335 tuum
1639 3289 1721 3334 cst
1760 3292 1957 3333 munus

373 3382 430 3427 et
460 3373 682 3428 donum.
733 3372 811 3428 Ne
853 3373 1092 3443 ingratus
1117 3381 1233 3427 esto
1260 3371 1403 3427 circa
1442 3385 1505 3427 ea
1535 3386 1654 3441 qua:
1696 3378 1824 3425 sunt
1854 3369 1959 3424 Do-

374 3466 531 3531 mini,
560 3464 654 3519 sed
684 3479 745 3520 ea
771 3463 1049 3519 conservis
1087 3462 1384 3529 distribue;
1431 3476 1607 3532 neque
1649 3460 1790 3527 ideo,
1820 3475 1883 3515 ac
1911 3459 1958 3516 si

374 3569 463 3612 tua
493 3566 702 3624 essent,
729 3555 1023 3619 extollaris,
1056 3569 1229 3625 neque
1274 3568 1466 3625 parcus
1505 3553 1581 3609 sis
1610 3552 1662 3607 in
1711 3552 1817 3607 illis
1847 3551 1959 3607 dis-

375 3647 697 3702 tribuendis.
750 3647 817 3701 Et
861 3647 908 3702 si
954 3646 1091 3701 filios
1142 3644 1329 3709 habes,
1363 3645 1456 3699 Dei
1491 3644 1629 3699 lilios
1675 3642 1879 3699 habes:
1912 3643 1957 3698 si

379 3737 455 3792 ita
479 3730 780 3804 existimes,
806 3737 1004 3809 gratias
1033 3752 1160 3808 ages
1206 3736 1251 3791 si
1280 3736 1496 3801 habeas,
1525 3735 1694 3806 iisque
1736 3734 1959 3790 sublatis

378 3844 485 3884 non
530 3828 757 3884 dolebis.
788 3829 936 3885 Talis
962 3838 1078 3885 erat
1105 3828 1207 3884 Job
1231 3828 1415 3884 dicens
1459 3845 1473 3881 :
1522 3825 1774 3883 Dominus
1797 3828 1956 3895 dedit,

380 3921 635 3977 Dominus
664 3922 871 3976 abstulit
893 3920 1033 3994 (Iob.
1069 3922 1121 3976 l.
1149 3919 1267 3990 21).
1296 3919 1486 3975 Omnia
1514 3920 1657 3975 enim
1680 3934 1711 3974 a
1742 3919 1960 3976 Christo

377 4013 671 4079 habemus;
705 4013 974 4082 etiamque
999 4012 1141 4083 quod
1167 4011 1335 4067 simus
1361 4010 1428 4066 ab
1468 4010 1563 4066 illo
1600 4010 1877 4079 habemus,
1905 4019 1960 4066 et

374 4106 541 4159 vitam
569 4114 626 4160 et
651 4104 1061 4175 respirationem
1087 4112 1143 4159 et
1164 4103 1334 4159 lucem
1356 4112 1413 4158 et
1439 4117 1619 4157 aerem
1647 4111 1701 4157 et
1728 4111 1956 4169 terram;

376 4208 434 4251 et
456 4197 502 4250 si
527 4196 655 4267 quid
697 4211 766 4251 ex
799 4195 905 4250 illis
932 4194 1234 4261 abstulerit,
1264 4194 1523 4263 periimus
1543 4201 1597 4247 et
1624 4192 1954 4247 interiimus:

377 4288 601 4343 advenae
626 4289 769 4342 enim
800 4302 987 4343 sumus
1013 4295 1067 4342 et
1104 4285 1406 4357 peregrini.
1437 4283 1571 4341 illud
1602 4285 1764 4350 enim,
1794 4300 1959 4338 meum

374 4389 429 4435 et
474 4389 638 4442 tuum,
670 4379 831 4434 verba
867 4388 1067 4433 tantum
1100 4386 1223 4434 sunt
1250 4379 1366 4433 sine
1392 4392 1473 4432 re.
1504 4374 1636 4431 Nam
1665 4376 1708 4431 si
1740 4376 1960 4430 domum

375 4486 496 4526 esse
525 4481 670 4526 tuam
714 4470 884 4537 dicas,
920 4470 1144 4526 verbum
1174 4478 1257 4525 est
1282 4485 1342 4526 re
1380 4483 1626 4525 vacuum.
1658 4468 1867 4523 Etenim
1906 4476 1961 4522 et

375 4582 467 4621 aer
491 4575 546 4620 et
571 4575 713 4621 terra
743 4575 798 4620 et
826 4565 1052 4620 materia
1067 4563 1373 4619 Conditoris
1403 4571 1545 4627 sunt,
1573 4571 1630 4617 ut
1655 4571 1709 4616 et
1733 4569 1787 4616 tu
1820 4560 1955 4631 ipse,

375 4659 464 4726 qui
495 4657 639 4712 illam
671 4657 939 4721 struxisti,
961 4657 1170 4728 aliaque
1198 4656 1399 4713 omnia.
1432 4656 1490 4711 Si
1516 4666 1694 4710 autem
1728 4670 1854 4711 usus
1878 4664 1961 4711 est

375 4760 517 4817 tuus,
548 4751 639 4805 ille
665 4766 879 4821 quoque
911 4750 1144 4806 incertus
1170 4758 1273 4816 est,
1298 4764 1405 4805 non
1448 4749 1520 4804 ob
1564 4758 1789 4803 mortem
1835 4756 1956 4802 tan-

378 4849 489 4895 tum
508 4884 523 4909 ,
552 4840 648 4896 sed
679 4843 842 4897 etiam
888 4851 1014 4896 ante
1062 4850 1289 4896 mortem
1319 4839 1391 4896 ob
1418 4855 1595 4895 rerum
1636 4838 1959 4895 instabilita-

376 4943 506 4988 tem.
540 4933 668 4988 llaec
696 4948 825 5005 ergo
866 4934 1006 5003 apud
1038 4948 1136 4989 nos
1177 4932 1391 4989 assidue
1419 4932 1801 4999 describentes,
1835 4933 1957 5003 phi-

376 5024 725 5093 losophemur
766 5034 824 5079 et
866 5024 974 5079 duo
1000 5040 1118 5095 qua:
1157 5034 1283 5080 sunt
1329 5025 1561 5079 maxima
1612 5024 1956 5083 lucrabimur.

371 5115 512 5171 Nam
540 5124 597 5171 et
620 5118 753 5186 grati
777 5118 981 5174 erimus
1006 5127 1063 5174 et
1089 5118 1216 5173 dum
1244 5127 1485 5173 tenemus
1512 5126 1566 5171 et
1590 5117 1719 5173 dum
1744 5133 1771 5171 a
1805 5117 1958 5173 nobis

369 5207 715 5277 auferuntur,
756 5226 932 5283 neque
978 5212 1275 5267 serviemus
1324 5211 1390 5267 iis
1428 5226 1550 5281 qua:
1590 5211 1958 5284 prteterlluuut

369 5315 473 5354 nec
496 5310 681 5355 nostra
709 5313 855 5358 sunt.
891 5302 1025 5357 Nam
1066 5303 1110 5357 si
1139 5304 1393 5374 pecunias
1418 5305 1709 5376 acceperit,
1741 5320 1837 5359 sua
1865 5304 1957 5360 ac-

370 5391 549 5460 cepit;
607 5390 663 5447 si
704 5390 989 5460 honorem,
1032 5392 1077 5447 si
1128 5394 1376 5463 gloriam,
1408 5394 1451 5449 si
1473 5408 1689 5467 corpus,
1712 5396 1758 5449 si
1789 5395 1957 5466 ipsam

370 5482 643 5548 animam;
693 5484 737 5538 si
760 5484 931 5541 ﬁlium
964 5494 1111 5539 tuum
1139 5485 1425 5555 acceperit,
1453 5500 1557 5541 non
1587 5487 1751 5543 lilium
1784 5495 1954 5554 tuum,

376 5574 469 5628 sed
500 5590 906 5650 servumsuum
946 5576 1176 5646 accepit.
1203 5576 1317 5631 Non
1344 5578 1487 5632 enirn
1530 5588 1583 5631 tu
1633 5577 1804 5647 ipsum
1844 5576 1953 5632 for-

368 5664 549 5732 masti,
571 5666 669 5724 sed
699 5665 983 5723 ineiecit:
1022 5676 1076 5721 tu
1100 5677 1278 5722 autem
1299 5668 1414 5739 ejus
1443 5668 1691 5724 adventui
1722 5668 1954 5724 admini-

368 5767 483 5814 ster
506 5767 719 5816 tantum
756 5754 927 5824 inisti,
958 5768 1125 5817 totum
1173 5768 1350 5825 autem
1401 5761 1497 5819 ille
1540 5760 1689 5821 fecit.
1735 5760 1945 5823 Gratias

706 5865 993 5961 Puram.
1015 5864 1129 5924 Gn.
1180 5864 1335 5928 LXI.

1432 305 1498 363 IN
1536 305 1748 364 EPIST.
1782 304 1803 360 Ι
1863 304 1958 362 AD
1996 304 2153 366 COR.
2196 312 2428 373 HOMIL.
2469 318 2536 372 Χ.

3559 338 3627 393 86

2056 424 2218 521 igitur
2262 437 2669 506 agamus,an
2697 438 2876 508 operis
2919 439 3221 499 administri
3271 446 3386 507 fieri
3431 448 3629 521 dignati

2051 519 2239 577 simus.
2269 523 2373 579 Sed
2399 527 2571 596 quid?
2619 543 2817 586 eumne
2842 542 3099 603 perpetuo
3135 534 3335 596 habere
3373 519 3632 595 voluisti?

2053 612 2166 668 lloc
2214 615 2405 686 ingrati
2434 627 2517 673 est
2544 627 2603 674 et
2632 620 2929 690 ignorantis
2981 634 3035 679 te
3080 626 3312 684 alienum
3355 629 3631 698 habuisse,

2051 719 2155 759 non
2186 706 2279 760 tibi
2309 709 2603 779 proprium.
2632 714 3093 779 Quemadmodum
3125 719 3183 785 ii,
3219 720 3310 791 qui
3352 724 3521 791 parati
3547 740 3635 779 se-

2048 795 2268 864 cedunt,
2300 798 2478 856 sciunt
2525 816 2586 857 se
2630 818 2738 858 non
2784 820 2882 861 sua
2929 807 3127 865 habere
3156 827 3171 864 :
3204 811 3281 866 sic
3309 814 3400 883 qui
3428 814 3634 884 dolent,

2048 888 2195 960 regia
2240 889 2342 945 sibi
2387 902 2665 962 usurpant.
2714 895 2846 953 Nam
2877 898 2922 953 si
2951 914 3049 955 uos
3077 916 3181 957 non
3224 918 3410 961 sumus
3437 910 3629 974 nostri,

2048 980 2322 1049 quomodo
2344 982 2418 1036 illi
2448 986 2617 1040 nostri
2644 988 2809 1042 sunt?
2846 988 3057 1059 Duplici
3082 993 3225 1047 enim
3256 996 3465 1052 ratione
3493 998 3637 1055 illius

2050 1085 2256 1137 sumus,
2287 1082 2343 1129 et
2368 1077 2662 1132 secundum
2691 1081 3017 1138 creationem
3044 1093 3099 1139 et
3126 1087 3420 1144 secundum
3449 1089 3632 1146 fidem.

2051 1161 2283 1233 Ideoque
2338 1165 2504 1222 David
2549 1167 2680 1225 dicit
2730 1187 2745 1225 :
2799 1171 3100 1229 Substantia
3143 1194 3255 1231 mea
3300 1182 3440 1250 apud
3486 1193 3532 1238 te
3561 1194 3637 1238 est

2056 1253 2225 1323 (Psat.
2250 1255 2343 1311 58.
2368 1255 2457 1329 8);
2504 1268 2561 1315 et
2593 1260 2823 1317 Paulus:
2858 1262 2925 1319 In
2962 1266 3073 1337 ipso
3107 1268 3335 1337 vivimus,
3359 1289 3633 1342 movemur,

2052 1356 2100 1400 et
2127 1363 2302 1403 sumus
2344 1349 2482 1420 (Act.
2522 1352 2609 1407 l7.
2641 1354 2759 1424 28).
2812 1356 2881 1412 Et
2916 1357 2984 1414 de
3022 1359 3160 1416 Fide
3210 1371 3444 1420 tractans
3469 1366 3635 1424 dicit:

2054 1438 2175 1496 Non
2214 1444 2331 1498 estis
2359 1446 2532 1513 uestri,
2581 1458 2629 1501 et
2659 1450 2820 1518 pretio
2860 1453 3017 1521 empti
3044 1454 3163 1508 estis
3208 1453 3286 1522 (l.
3315 1457 3432 1511 Cor.
3462 1458 3515 1513 6.
3544 1462 3636 1515 19.

2050 1529 2165 1602 20).
2191 1531 2376 1588 Omnia
2404 1534 2606 1607 quippe
2646 1537 2741 1593 Dei
2786 1550 2931 1595 sunt.
2959 1541 3095 1597 Cum
3126 1558 3255 1614 ergo
3284 1548 3556 1604 vocaverit
3582 1560 3639 1603 et

2059 1623 2310 1693 accipere
2337 1623 2594 1689 voluerit,
2638 1639 2706 1680 ne
2738 1633 3011 1697 tamquam
3052 1626 3250 1698 ingrati
3290 1631 3432 1686 servi
3468 1634 3635 1688 ratio-

2061 1726 2158 1770 nes
2187 1714 2594 1779 conturbemus,
2626 1729 2800 1783 neque
2825 1729 2889 1769 ea
2917 1730 3039 1786 quae
3067 1716 3277 1773 Domini
3304 1728 3435 1778 sunt
3462 1739 3628 1780 usura

2052 1821 2261 1877 pomus.
2292 1809 2483 1865 Anima
2512 1819 2602 1866 tua
2630 1826 2737 1868 non
2766 1822 2850 1870 est
2880 1823 2990 1882 tua,
3013 1823 3068 1871 et
3090 1817 3362 1886 quomodo
3393 1821 3635 1889 pecunia:

2055 1910 2159 1956 tua:
2190 1903 2393 1957 erunt?
2421 1903 2531 1958 Cur
2550 1919 2681 1974 ergo
2699 1920 2909 1976 ea,qua:
2931 1916 3019 1962 tua
3051 1922 3158 1963 non
3182 1919 3327 1977 sunt,
3355 1910 3407 1965 in
3430 1911 3497 1966 iis
3516 1927 3639 1981 qua:

2055 2004 2161 2047 non
2189 2002 2467 2063 oporteret
2493 1995 2801 2065 impendis?
2832 1997 3007 2053 nescis
3036 2013 3132 2053 nos
3164 1998 3283 2054 ideo
3305 2003 3639 2056 accusandos

2054 2073 2189 2149 fore,
2213 2085 2355 2156 quod
2385 2085 2493 2141 illis
2532 2088 2673 2142 male
2699 2087 2779 2142 usi
2810 2087 3018 2145 simus?
3063 2089 3199 2158 Quia
3226 2105 3354 2161 ergo
3381 2106 3487 2146 non
3514 2102 3641 2147 sunt

2056 2185 2276 2243 nostra),
2307 2176 2402 2232 sed
2429 2178 2662 2245 Domini,
2682 2180 2925 2249 oportuit
2953 2181 3073 2235 illas
3102 2184 3378 2237 conservis
3401 2182 3637 2254 elargiri.

2052 2268 2179 2325 Ideo
2198 2278 2347 2328 certe
2373 2271 2527 2328 dives
2574 2272 2666 2328 ille
2696 2274 3068 2340 accusabatur,
3095 2274 3240 2345 quod
3282 2274 3386 2331 hoc
3423 2290 3530 2331 non
3561 2276 3639 2333 fe-

2053 2361 2250 2428 cisset;
2280 2362 2360 2417 sic
2396 2371 2453 2418 et
2479 2363 2571 2434 qui
2601 2363 2883 2420 Dominum
2914 2379 3021 2419 non
3049 2364 3319 2421 aluerunt.
3356 2364 3435 2422 Ne
3460 2367 3638 2437 itaque

2053 2452 2224 2519 dicas,
2248 2453 2360 2510 Mea
2388 2454 2659 2525 impendo,
2685 2456 2818 2510 meis
2862 2454 3031 2511 fruor.
3077 2454 3192 2511 Non
3210 2456 3317 2512 tuis
3350 2466 3517 2523 certe,
3540 2460 3637 2513 sed

2054 2546 2280 2601 alienis:
2305 2545 2496 2602 alienis
2520 2557 2701 2602 autem
2727 2546 2869 2613 dico,
2897 2548 3019 2616 quia
3050 2556 3106 2602 tu
3136 2548 3237 2612 vis,
3257 2549 3382 2620 quia
3410 2558 3497 2605 tua
3524 2551 3638 2605 vult

2055 2652 2175 2692 esse
2203 2637 2364 2705 Deus,
2386 2653 2508 2709 qua:
2537 2638 2631 2694 tibi
2663 2653 2761 2709 pro
2786 2638 3041 2695 fratribus
3062 2639 3255 2695 tradita
3283 2650 3428 2695 sunt.
3449 2641 3637 2696 Aliena

2054 2737 2235 2783 autem
2274 2729 2363 2784 illa
2406 2740 2533 2785 tunc
2577 2739 2666 2786 tua
2696 2730 2852 2795 fiunt,
2882 2744 3005 2785 cum
3045 2730 3165 2787 aliis
3192 2730 3504 2799 distribuis;
3553 2734 3637 2788 sin

2055 2829 2236 2876 autem
2259 2821 2310 2875 in
2352 2829 2405 2877 te
2436 2822 2607 2891 ipsum
2638 2822 2857 2893 largiter
2884 2823 3260 2894 insumpseris,
3286 2833 3412 2879 tunc
3437 2833 3522 2879 tua
3549 2825 3636 2880 illa

2056 2912 2230 2966 aliena
2276 2912 2429 2967 fiunt.
2467 2911 2600 2981 Quia
2643 2914 2788 2969 enim
2834 2914 3198 2970 inhumaniter
3237 2914 3344 2970 illis
3386 2930 3515 2970 usus
3553 2932 3636 2982 es,

2055 3001 2322 3074 dicisque,
2353 3003 2589 3074 ASquum
2614 3013 2699 3061 est
2724 3014 2782 3061 ut
2810 3020 2929 3061 mea
2964 3006 3017 3061 in
3057 3021 3235 3062 meum
3266 3023 3418 3061 usum
3448 3016 3503 3062 et
3528 3007 3640 3062 fru-

2056 3106 2202 3153 ctum
2245 3098 2658 3168 impendantur;
2688 3097 2812 3154 ideo
2840 3099 3015 3154 aliena
3048 3099 3136 3154 illa
3157 3099 3300 3155 dico.
3323 3100 3637 3155 Communia

2058 3189 2201 3244 enim
2232 3200 2376 3255 sunt,
2407 3199 2461 3245 et
2488 3189 2555 3245 ad
2598 3203 2916 3246 conservum
2943 3190 3107 3245 etiam
3150 3198 3301 3245 tuum
3346 3190 3636 3261 pertinent,

2056 3279 2504 3352 quemadmodum
2527 3290 2583 3337 et
2610 3281 2691 3337 sol
2719 3281 3019 3337 communis
3066 3292 3172 3347 est,
3196 3288 3251 3336 et
3294 3295 3389 3336 aer
3414 3290 3469 3336 et
3499 3290 3639 3336 terra

2057 3371 2268 3441 aliaque
2290 3371 2491 3426 omnia.
2514 3371 2579 3426 Et
2599 3370 2740 3428 sicut
2764 3370 2817 3426 in
2839 3385 3065 3442 corpore
3094 3370 3449 3425 ministerium
3476 3380 3560 3426 est
3586 3381 3643 3425 ct

2060 3462 2222 3518 totius
2249 3461 2494 3533 corporis
2520 3470 2576 3518 et
2622 3463 3042 3533 uniuscujusque
3081 3462 3344 3526 membri;
3387 3474 3508 3516 cum
3538 3477 3637 3517 au-

2061 3563 2169 3610 tem
2204 3554 2361 3610 unius
2388 3564 2592 3611 tantum
2617 3554 2846 3611 membri
2871 3566 2974 3622 est,
3008 3556 3276 3626 prapriam
3302 3554 3479 3627 perdit
3503 3570 3637 3627 ope-

2060 3655 2325 3709 rationem
2357 3666 2372 3704 :
2402 3651 2474 3707 ita
2505 3657 2560 3704 et
2588 3650 2643 3705 in
2674 3646 2920 3719 pecuniis
2950 3644 3175 3700 accidit.

2128 3749 2183 3802 ι.
2232 3744 2586 3800 Pecuniarum
2633 3756 2761 3794 usus
2800 3739 2915 3809 quis
2955 3754 3069 3793 esse
3111 3735 3315 3791 debeat.
3344 3761 3415 3775 -—
3452 3731 3519 3786 Et
3568 3740 3631 3787 ut

2060 3840 2114 3896 id
2174 3837 2321 3909 quod
2378 3836 2502 3890 dico
2559 3833 2763 3888 clarius
2818 3830 3059 3897 evadat,
3116 3829 3273 3885 cibus
3327 3840 3631 3898 corporeus

2060 3930 2155 4002 qui
2181 3926 2439 3983 membris
2468 3924 2773 3980 communis
2809 3923 2989 3988 datur,
3026 3923 3073 3976 si
3110 3921 3179 3975 ad
3220 3935 3387 3974 unum
3427 3918 3637 3973 venerit

2060 4018 2396 4084 membrum,
2448 4015 2658 4070 alienus
2705 4012 2781 4066 illi
2831 4012 3065 4067 el‘ticitur
3102 4026 3117 4063 :
3162 4026 3286 4065 cum
3336 4010 3482 4065 enim
3527 4024 3635 4063 non

2059 4102 2231 4173 possit
2252 4101 2510 4172 concoqui
2540 4111 2595 4156 et
2619 4101 2841 4167 nutrire,
2880 4100 3090 4156 alienus
3129 4100 3345 4156 evadit:
3375 4101 3420 4154 si
3461 4108 3639 4154 autem

2060 4194 2362 4250 communis
2390 4194 2493 4259 sit,
2523 4201 2578 4248 et
2605 4193 2744 4248 illius
2771 4204 2825 4248 et
2850 4192 3078 4247 aliorum
3119 4191 3481 4247 membrorum
3513 4206 3640 4261 pro-

2061 4286 2210 4356 prius
2223 4293 2327 4341 est.
2348 4286 2422 4341 lta
2444 4286 2675 4341 etiamin
2695 4286 2937 4356 pecuniis
2956 4301 2970 4338 :
2988 4286 3035 4340 si
3053 4294 3106 4339 tu
3124 4285 3270 4341 solus
3288 4284 3394 4340 illis
3419 4283 3636 4349 fruaris,

2060 4385 2117 4433 tu
2135 4391 2344 4449 quoque
2364 4377 2480 4433 illas
2499 4375 2772 4446 perdidisti
2791 4392 2806 4443 ;
2829 4392 3004 4447 neque
3017 4377 3161 4432 enim
3181 4375 3482 4432 mercedem
3500 4376 3642 4431 acci-

2060 4469 2202 4539 pies:
2222 4468 2265 4524 si
2283 4483 2413 4524 vero
2425 4483 2548 4523 cum
2561 4468 2682 4523 aliis
2700 4468 2997 4537 possideas,
3014 4476 3141 4523 tunc
3158 4468 3327 4543 magis
3341 4477 3446 4522 tua:
3459 4479 3639 4530 erunt,

2060 4570 2114 4618 et
2132 4572 2256 4618 tunc
2272 4562 2555 4618 utilitatem
2580 4561 2833 4629 accipies.
2864 4562 3054 4616 Annon
3082 4561 3253 4628 vides,
3285 4560 3427 4631 quod
3449 4574 3642 4614 manus

2060 4654 2388 4719 ministrent,
2421 4668 2483 4708 os
2506 4654 2770 4718 emolliat,
2794 4663 2848 4708 et
2870 4661 3058 4709 venter
3079 4651 3340 4723 recipiat?
3363 4668 3489 4707 num
3511 4651 3644 4707 dicit

2061 4756 2253 4802 venter
2277 4765 2291 4801 :
2318 4746 2452 4814 Quia
2480 4747 2680 4815 recepi,
2715 4756 2881 4801 totum
2912 4746 3144 4801 retinere
3167 4745 3377 4801 debeo?
3405 4743 3484 4798 Ne
3511 4758 3641 4814 ergo

2062 4846 2119 4892 tu
2145 4853 2358 4908 quoque
2382 4837 2450 4892 de
2474 4838 2715 4906 pecuniis
2749 4836 2820 4891 ita
2861 4835 3099 4906 loquaris
3123 4852 3138 4889 :
3166 4834 3473 4905 recipientis
3497 4835 3640 4890 enim

2061 4941 2145 4987 est
2172 4931 2409 5002 elargiri.
2440 4929 2900 4996 Quemadmodum
2936 4943 3064 4998 ergo
3092 4929 3293 4984 ventris
3322 4927 3507 4984 vitium
3534 4937 3638 4996 est,

2062 5041 2185 5082 cum
2211 5025 2363 5080 cibos
2400 5024 2597 5079 retinet
2640 5035 2742 5077 nec
2765 5020 3073 5086 distribuit;
3106 5022 3202 5076 toti
3240 5020 3384 5077 enim
3427 5019 3642 5090 corpori

2063 5116 2356 5187 perniciem
2396 5112 2560 5168 infert
2585 5131 2599 5168 :
2629 5113 2701 5167 ita
2729 5113 2892 5168 etiam
2923 5113 3148 5168 divitum
3174 5112 3363 5168 vitium
3392 5121 3494 5179 est,
3517 5126 3641 5166 cum

2063 5222 2124 5261 ea
2154 5222 2271 5276 qua:
2295 5204 2497 5259 habent
2524 5204 2664 5274 apud
2691 5218 2751 5260 se
2777 5203 3013 5260 retinent
3040 5222 3054 5258 :
3100 5204 3204 5259 hoc
3232 5204 3376 5259 enim
3414 5212 3469 5259 et
3494 5203 3639 5270 ipsos

2062 5308 2116 5353 et
2150 5297 2287 5352 alios
2332 5296 2526 5367 perdit.
2562 5295 2762 5351 Oculus
2805 5296 2932 5353 item
2974 5304 3140 5350 totam
3186 5295 3361 5350 lucem
3414 5292 3636 5362 recipit;

2062 5390 2156 5447 sed
2180 5405 2286 5446 non
2309 5398 2474 5445 totam
2504 5391 2605 5447 sibi
2632 5390 2861 5456 retinet;
2890 5403 3010 5444 nam
3032 5401 3229 5458 corpus
3255 5395 3423 5441 totum
3446 5385 3640 5441 illumi-

2062 5493 2172 5539 nat.
2197 5482 2379 5553 Neque
2402 5482 2545 5537 enim
2568 5481 2621 5536 id
2650 5496 2716 5537 ex
2738 5488 2927 5536 natura
2948 5494 3045 5534 sna
3076 5478 3236 5533 habet
3260 5486 3319 5531 ut
3344 5486 3512 5531 totum
3554 5492 3640 5532 re-

2064 5576 2249 5640 tineat,
2278 5574 2452 5630 donec
2481 5574 2669 5629 oculus
2694 5581 2800 5628 est.
2825 5570 2993 5626 Nares
3018 5571 3181 5625 etiam
3213 5569 3385 5625 bonos
3405 5569 3643 5625 sentiunt

2062 5667 2298 5734 odores;
2351 5668 2447 5722 sed
2498 5681 2601 5721 non
2651 5675 2792 5721 totos
2837 5665 3091 5729 retinent,
3121 5662 3215 5719 sed
3262 5663 3317 5717 in
3356 5664 3640 5719 cerebrum

2065 5761 2301 5833 mittunt,
2324 5770 2379 5817 et
2403 5757 2737 5816 stomachum
2760 5757 2813 5815 in
2838 5756 2980 5815 bono
3000 5755 3165 5813 odore
3188 5764 3425 5828 servant,
3446 5764 3635 5811 totum-

3225 5859 3267 5921 6
