4100 6214
442 270 505 324 91
1135 266 1174 320 S
1228 264 1346 322 ,ΙοΑ
1355 265 1442 319 NN
1448 264 1506 320 IS
1541 261 2011 320 οιιιιῖεθδτυιιι

2115 262 2364 319 ιειιιει).
2404 262 2936 320 CONSTANTINOP.
3644 261 3716 317 33

432 396 539 451 que
558 378 829 437 hominem
852 389 1117 437 recreant.
1129 378 1307 435 Pedes
1324 379 1453 435 item
1474 378 1574 431 soli
1597 376 1884 440 incedunt;
1914 376 2014 432 sed

441 488 549 526 non
581 486 645 528 se
664 472 810 528 solos
830 473 1185 537 transierint,
1206 469 1305 527 sed
1330 478 1388 525 et
1412 478 1586 525 totum
1606 484 1806 539 corpus
1840 484 2020 523 trans-

439 574 679 621 movent.
706 565 782 621 Ita
807 576 866 621 et
892 575 949 620 tu
969 563 1113 634 quod
1138 563 1233 618 tibi
1259 561 1634 619 concreditum
1661 561 1764 616 fuit
1785 578 1853 619 ne
1871 562 2022 618 solus

435 658 694 720 retineas,
713 655 1110 726 quiaomnibtts
1124 654 1592 726 'tibiqueprimunt
1618 655 1911 724 perniciem
1940 654 2022 708 in-

437 749 599 804 l'eres.
636 748 755 802 Non
805 747 857 801 in
884 747 1144 803 membris
1170 756 1391 804 tantum
1432 747 1485 803 id
1516 747 1804 804 observes.
1848 746 2022 803 Faber

436 841 580 895 enim
607 838 884 905 ferrarius,
912 842 958 895 si
986 840 1258 896 neminem
1286 841 1415 896 velit
1436 850 1556 896 arte
1574 855 1673 896 sua
1700 840 1828 905 frui,
1854 849 1909 897 et
1930 856 2022 897 se-

438 932 615 1000 ipsum
633 939 691 986 et
710 931 846 987 alias
870 941 1023 987 artes
1042 932 1374 1002 pessumdat.
1400 931 1567 990 Sutor
1587 933 1856 999 similiter,
1881 933 2021 1005 agri—

434 1025 576 1091 cola,
593 1024 786 1095 pistor,
804 1035 863 1080 et
888 1027 1085 1097 singuli
1105 1026 1199 1097 qui
1221 1027 1556 1082 necessarias
1581 1035 1726 1082 artes
1742 1036 2019 1094 exercent,

437 1119 485 1171 si
514 1118 787 1175 neminem
816 1119 978 1174 alium
1005 1135 1125 1176 arte
1144 1134 1240 1176 sua
1268 1119 1374 1175 frui
1402 1120 1589 1187 velint,
1618 1135 1722 1175 non
1749 1120 1884 1176 alios
1906 1129 2022 1175 tan-

441 1220 578 1275 tum,
605 1210 703 1266 sed
742 1225 801 1266 se
823 1226 948 1265 cum
970 1212 1097 1265 aliis
1139 1210 1391 1282 perdunt.
1421 1212 1621 1282 Ecquid
1663 1212 1731 1267 de
1768 1211 2022 1268 divitibus

440 1300 674 1373 loquor?
712 1301 846 1357 Nam
878 1318 1145 1371 pauperes
1169 1316 1387 1373 quoque
1409 1303 1455 1358 si
1483 1313 1714 1358 vestram
1734 1317 2020 1358 avarorum

437 1402 495 1448 et
534 1386 767 1447 divitum
812 1394 1107 1464 nequitiam
1158 1405 1520 1462 sectarentur,
1564 1410 1661 1452 vos
1698 1410 2022 1468 magnopere

438 1482 700 1539 lzudcrent
722 1497 788 1539 ac
809 1484 920 1539 cito
961 1501 1058 1541 vos
1087 1500 1352 1557 pauperes
1376 1487 1685 1554 redderent,
1714 1488 1825 1543 imo
1857 1490 2021 1545 etiam

436 1575 747 1645 perderent,
777 1576 823 1631 si
854 1577 919 1630 iis
945 1576 1037 1647 qni
1076 1591 1214 1647 opus
1242 1578 1443 1634 habent
1482 1593 1577 1633 sua
1617 1580 1859 1649 pra-bere
1898 1581 2022 1636 nol-

438 1666 550 1721 lent
575 1684 588 1720 :
614 1667 852 1738 exempli
874 1682 1058 1732 causa,
1085 1671 1317 1740 agricola
1346 1684 1603 1726 manuum
1624 1686 1847 1727 suantm
1866 1673 2023 1728 labo-

436 1773 571 1823 rem,
603 1768 765 1814 nauta
790 1760 1175 1815 commercium
1216 1777 1314 1832 per
1348 1763 1747 1834 navigationem
1784 1775 2015 1835 partum,

435 1850 593 1905 miles
617 1865 770 1905 suam
800 1852 851 1905 in
880 1852 1024 1905 bello
1046 1851 1437 1908 fortitudinem.
1468 1854 1618 1923 ideo,
1646 1855 1691 1911 si
1720 1869 1828 1910 non
1851 1857 2018 1924 aliud,

438 1940 645 2011 pudore
663 1941 841 1996 affecti
866 1940 1185 1998 benevolum
1210 1944 1423 2000 illorum
1444 1945 1691 2002 animum
1716 1946 2017 2004 imitemini.

432 2030 646 2087 Nemini
672 2033 890 2088 divitias
917 2034 1201 2104 imperiis?
1240 2035 1389 2107 Ergo
1410 2052 1484 2093 ne
1508 2037 1798 2109 quidquam
1823 2040 1893 2094 ab
1913 2040 2021 2096 aiio

431 2126 666 2196 accipias
692 2145 706 2182 :
734 2128 778 2182 sl
806 2137 986 2184 autent
1016 2131 1089 2184 ita
1118 2129 1231 2196 fiat,
1252 2141 1568 2187 evertentur
1587 2135 1789 2189 omnia.
1806 2134 2021 2205 Ubique

430 2218 575 2273 enim
595 2219 726 2274 dare
744 2228 800 2274 ct
826 2221 1072 2292 accipere
1091 2222 1352 2278 bonorum
1372 2223 1665 2280 multorum
1683 2225 1888 2281 initium
1908 2236 2015 2295 est,

431 2310 485 2364 in
530 2311 848 2380 seminibus,
883 2314 935 2368 in
960 2313 1264 2385 discipulis,
1299 2315 1352 2370 in
1393 2316 1622 2372 artibus.
1666 2317 1798 2373 Nam
1825 2318 1870 2372 si
1897 2320 2020 2389 quis

431 2401 664 2457 voluerit
704 2412 872 2458 artem
913 2419 1083 2475 penes
1123 2420 1186 2462 se
1229 2407 1483 2473 retinere,
1511 2416 1566 2463 et
1590 2423 1713 2464 sese
1753 2418 1810 2464 et
1850 2418 2017 2465 totum

431 2494 688 2549 mundum
731 2497 950 2552 evertit.
980 2498 1230 2567 Agricola
1273 2499 1319 2556 si
1349 2502 1557 2556 semina
1599 2502 1745 2557 domi
1791 2503 2016 2561 suffossa

430 2588 681 2653 retineat,
705 2602 924 2658 gravem
952 2589 1188 2646 inducet
1229 2593 1450 2649 famem.
1493 2594 1584 2650 Sic
1610 2603 1667 2650 et
1703 2596 1854 2651 dives
1888 2598 1933 2651 si
1961 2599 2015 2652 in

427 2681 673 2749 pecuniis
718 2680 822 2736 hoc
865 2680 1047 2747 faciat,
1076 2684 1316 2754 seipsum
1361 2686 1509 2756 prius
1544 2702 1713 2758 quam
1751 2703 2016 2759 pauperes

426 2771 638 2841 perdet,
667 2771 929 2840 gehennae
973 2773 1246 2830 ﬂammam
1269 2778 1573 2847 graviorem
1602 2779 1761 2849 capiti
1790 2794 1890 2835 suo
1915 2797 2014 2852 ap-

430 2876 645 2931 paratis.
674 2862 751 2919 Ut
791 2879 923 2935 ergo
963 2864 1231 2933 doctores,
1275 2868 1486 2924 etiamsi
1536 2869 1732 2925 multos
1776 2869 2015 2929 habeant

425 2953 741 3023 discipulos,
768 2955 995 3023 singulis
1018 2966 1187 3013 artem
1212 2973 1366 3013 suam
1390 2960 1708 3031 impertiunt
1738 2979 1752 3016 :
1782 2962 1852 3018 ita
1880 2974 1933 3019 et
1954 2975 2012 3020 tu

422 3045 625 3098 multos
651 3046 900 3116 nequi-ras
928 3047 1192 3103 beneflcio
1216 3049 1482 3107 affectos:
1512 3061 1567 3107 et
1592 3051 1776 3108 dicant
1800 3069 2009 3122 omnes,

2114 376 2280 432 illunc
2324 377 2571 434 liberavit
2607 393 2639 431 a
2667 385 3022 449 paupertate,
3050 376 3201 433 illum
3231 390 3262 430 a
3289 376 3591 447 periculis;
3625 389 3719 444 ’θεν

2126 467 2220 523 Ille
2246 469 2520 538 periisset,
2547 470 2652 524 nisi
2676 484 2801 524 cum
2820 469 2994 539 gratia
3020 468 3115 524 Dei
3142 467 3445 539 patrocinio
3472 479 3715 526 tuo'ere-

2125 568 2247 628 plus
2271 562 2458 618 fuisset
2484 581 2499 616 :
2527 571 2583 616 et
2623 562 2768 633 quod
2792 564 2938 617 hunc
2966 575 2997 616 a
3027 560 3238 629 morbo,
3262 562 3437 617 alium
3477 578 3509 618 a
3542 577 3715 634 sym-

2124 653 2340 723 pbantia
2365 654 2652 721 exemeris,
2690 655 2859 710 alium
2904 654 3173 723 hospitem
3219 657 3521 725 exceperis,
3546 656 3717 711 alium

2126 744 2328 800 nudum
2354 747 2620 802 vestieris.
2653 745 2952 802 innumeris
2995 745 3195 803 divitiis
3220 757 3276 802 et
3298 746 3568 805 thesauris
3594 752 3718 801 m‘e-

2125 836 2259 893 liora
2300 847 2430 892 sunt
2461 836 2587 894 hac
2610 838 2773 894 verba
2799 853 2814 902 ;
2859 852 3156 909 omnesque
3192 837 3264 894 ad
3296 852 3368 894 se
3392 848 3717 895 convertunt

2124 931 2296 1002 magis
2339 945 2498 1002 quam
2545 931 2868 986 vestimenta
2922 944 3118 997 aurea,
3144 930 3272 1001 equi
3323 939 3380 986 et
3421 930 3708 1000 mancipia.

2127 1024 2253 1080 Ilaec
2277 1024 2423 1080 enim
2461 1023 2518 1079 id
2544 1022 2803 1090 efficiunt,
2830 1031 2894 1078 ιιι
2927 1021 3106 1094 gravis
3130 1030 3187 1079 et
3223 1020 3485 1079 molestus
3512 1023 3710 1078 videa-

2127 1126 2247 1183 tur;
2292 1126 2454 1188 atque
2494 1127 2554 1172 ut
2578 1116 2885 1172 communis
2935 1115 3109 1172 hostis
3132 1116 3258 1171 odio
3286 1115 3547 1171 habeatur
3576 1118 3712 1178 :,illa

2124 1223 2256 1265 vero
2302 1218 2365 1264 ut
2406 1216 2614 1278 patrem
2641 1223 2988 1265 communem
3012 1222 3076 1263 ac
3100 1206 3405 1265 beneﬁcum
3436 1208 3711 1278 (lepra-dio

2124 1312 2280 1370 eant;
2302 1311 2358 1358 et
2388 1301 2531 1373 quod
2555 1300 2794 1357 omnium
2824 1302 3119 1357 maximum
3138 1308 3244 1369 est,
3265 1300 3714 1356 Dei-benevolen-

2127 1394 2196 1450 tia
2218 1404 2308 1449 tua
2326 1407 2545 1463 semper
2580 1402 2729 1464 gesta
2745 1402 3022 1462 sequetur.
3059 1392 3208 1446 Dicat
3225 1405 3358 1462 ergo
3381 1390 3488 1454 hic.
3521 1392 3711 1448 Filiam

2124 1499 2431 1540 meamcum
2442 1483 2817 1549 doteiocavit;
2834 1482 2990 1547 alius,
3007 1481 3200 1557 Filium
3214 1497 3389 1541 meum
3410 1483 3462 1537 in
3475 1482 3710 1545 virorum

2125 1589 2406 1632 numerum
2435 1573 2626 1630 ell'erri
2657 1573 2899 1638 curavit;
2927 1574 3088 1638 alius,
3125 1571 3493 1630 Calamitatem
3534 1590 3709 1647 meam

2122 1668 2282 1726 solvit
2299 1685 2314 1734 ;
2335 1667 2494 1734 alius,
2508 1666 2593 1722 He
2608 1680 2637 1720 a
2654 1666 2913 1737 periculis
2929 1665 3142 1734 eripuit.
3159 1665 3518 1731 ﬂaccornttis
3532 1667 3712 1721 aureis

2125 1761 2346 1817 meliora
2362 1760 2524 1816 verba
2541 1768 2686 1824 sunt,
2708 1759 2857 1815 mille
2883 1757 3137 1815 nimirum
3160 1772 3437 1827 perennes
3462 1757 3709 1827 benigni-

2124 1852 2249 1908 tatis
2272 1852 2504 1922 proprite
2536 1850 2590 1905 in
2621 1850 2850 1905 civitate
2872 1849 3080 1904 habere
3109 1866 3123 1902 :
3155 1848 3239 1905 lite
3279 1863 3472 1915 voces,
3514 1863 3712 1918 pra-ce-

2123 1962 2250 2002 num
2267 1945 2355 2017 qui
2373 1954 2498 2000 ante
2514 1944 2880 2015 magistratum
2899 1942 3156 1998 incedunt
3175 1957 3308 1997 voce
3328 1942 3485 2012 longe
3500 1941 3709 1996 dulcio-

2118 2051 2211 2093 res
2239 2036 2617 2106 suavioresqtte
2632 2043 2777 2100 sunt,
2792 2035 2974 2090 vocari
2996 2048 3190 2104 nempe
3221 2043 3576 2099 servatorem,
3602 2033 3706 2089 rbe-

2123 2131 2374 2198 nelicum,
2392 2138 2827 2201 patronum,qua
2846 2138 2977 2185 sunt
3008 2129 3101 2202 Dei
3131 2130 3382 2186 nomina:
3401 2143 3506 2184 non
3523 2138 3705 2184 artem

2121 2238 2361 2292 avarum,
2373 2230 2730 2290 arrogantem,
2750 2220 3122 2285 insatiabilem,
3141 2235 3383 2290 parcum.
3400 2219 3705 2291 Ne,qua:so,

2122 2331 2191 2370 ne
2220 2315 2385 2369 ullam
2417 2312 2580 2367 talem
2606 2327 2793 2367 vocem
2824 2320 3160 2381 appetamus,
3189 2311 3293 2367 sed
3324 2312 3545 2366 omnino
3573 2327 3707 2367 con-

2123 2405 2336 2460 trarias.
2364 2403 2497 2459 Nam
2526 2403 2570 2458 si
2601 2402 2716 2456 haec
2748 2402 2799 2456 itt
2830 2403 2988 2457 terris
3011 2402 3240 2470 prolata,
3271 2402 3343 2456 ita
3365 2402 3707 2472 splendidum

2121 2506 2177 2553 et
2196 2497 2461 2552 illustrem
2478 2495 2718 2551 reddunt
2739 2512 2754 2561 ;
2782 2511 2906 2550 cum
2925 2511 2988 2551 ca
3011 2496 3208 2564 scripta
3233 2493 3431 2550 fuerint
3458 2496 3510 2551 in
3525 2496 3705 2561 tentiis,

2121 2599 2177 2646 et
2220 2591 2274 2646 in
2316 2589 2406 2645 die
2446 2588 2630 2644 futuro
2673 2590 2812 2643 Deus
2856 2588 2943 2643 illa
2970 2588 3277 2657 protulerit,
3303 2589 3478 2659 cogita
3502 2599 3707 2659 quanta

2119 2683 2317 2738 frueris
2336 2681 2601 2748 claritate,
2632 2690 2834 2751 quanto
2855 2680 3140 2750 splendore
3160 2699 3174 2732 :
3200 2696 3358 2752 quem
3391 2696 3489 2738 nos
3512 2697 3706 2736 omnes

2118 2774 2328 2844 assequi
2349 2771 2644 2844 contingat,
2671 2772 2842 2842 gratia
2863 2781 2918 2827 et
2943 2771 3270 2842 benignitate
3298 2773 3509 2828 Domini
3534 2774 3705 2828 nostri

2117 2868 2247 2924 Iesu
2274 2866 2496 2932 Christi,
2544 2868 2761 2939 quicum
2811 2865 2959 2921 Patri
2999 2881 3210 2935 unaque
3253 2866 3474 2937 Spiritui
3511 2877 3708 2922 sant-to

2117 2959 2310 3030 gloria,
2334 2957 2643 3028 imperium,
2672 2957 2867 3021 honor,
2899 2972 3045 3012 nunc
3073 2965 3131 3017 et
3155 2973 3384 3028 semper,
3413 2970 3469 3015 ct
3508 2959 3561 3014 in
3599 2975 3703 3015 sa:-

2116 3055 2239 3112 cttla
2268 3052 2614 3109 saeculorum.
2636 3052 2832 3106 Amen.

424 3158 3710 3191 WW

1836 3257 2188 3324 HOMILIA
2230 3259 2346 3322 X1.

426 3384 553 3442 CAP.
582 3387 637 3442 4.
668 3404 718 3441 v.
751 3389 804 3445 5.
836 3388 970 3446 Mihi
1008 3401 1179 3447 autem
1222 3409 1317 3463 pro
1355 3394 1563 3449 minimo
1600 3405 1679 3451 est
1724 3405 1781 3451 ιιι
1806 3413 1843 3450 a
1873 3398 2013 3453 vobis

491 3478 716 3548 jndt'cer.
745 3489 834 3535 aut
859 3481 921 3536 ub
946 3481 1168 3538 humatio
1189 3484 1315 3548 die;
1340 3485 1430 3540 sed
1467 3502 1626 3557 neque
1656 3488 1898 3558 meiputm
1912 3489 2011 3561 ju-

494 3570 691 3636 tlico;i.
722 3570 878 3643 (nihil
919 3574 1052 3628 enim
1094 3576 1219 3628 mihi
1257 3577 1490 3630 conscius
1532 3593 1678 3643 sum;
1719 3578 1809 3633 sed
1832 3596 1932 3634 nou
1958 3581 2013 3635 in

489 3662 584 3714 hac
610 3662 925 3732 justi/iratus
946 3665 1110 3736 sunt);
1147 3667 1231 3737 qui
1253 3676 1420 3723 autem
1452 3668 1656 3737 judicat
1683 3685 1781 3735 me,
1832 3668 2014 3725 Domi-

498 3771 595 3810 im
618 3765 715 3811 εει.

490 3850 543 3902 l.
574 3847 709 3902 Cum
743 3847 865 3902 aliis
910 3848 1063 3904 malis
1110 3849 1294 3905 nescio
1341 3851 1612 3922 quomodo
1638 3852 1889 3909 inductus
1929 3863 2013 3910 est

419 3941 472 3994 in
493 3940 765 3995 hominum
788 3952 1031 3997 naturam
1048 3944 1377 4000 curiositatis
1392 3956 1446 4000 et
1460 3947 1782 4016 importuna:
1800 3948 2011 4019 perqui-

417 4033 625 4086 sitionis
639 4033 861 4088 morbus
876 4049 888 4086 :
902 4034 1238 4104 quemetiam
1252 4034 1498 4092 Christus
1508 4038 1792 4109 castigavit
1802 4038 2008 4095 dicens:

426 4125 604 4182 Nolite
610 4127 849 4196 inditur:
867 4166 883 4192 ,
918 4137 973 4181 ut
997 4144 1099 4183 non
1107 4128 1412 4199 judiccmini
1440 4128 1653 4201 (Matth.
1676 4131 1732 4185 7.
1759 4131 1836 4202 i).
1854 4130 2007 4199 Quod

420 4230 570 4276 certe
589 4220 789 4275 nullam
815 4220 1144 4288 voluptatem
1166 4220 1350 4289 habet,
1378 4233 1431 4277 ut
1452 4223 1857 4280 habentcaatera
1884 4239 2011 4294 pec-

414 4321 557 4375 cata,
581 4311 675 4366 sed
692 4313 867 4367 solum
891 4326 1101 4381 penam
1123 4327 1187 4367 ac
1207 4314 1546 4383 supplicium.
1564 4314 1694 4370 Nam
1710 4331 1829 4370 cum
1855 4316 2011 4371 innu-

420 4400 589 4455 meris
607 4403 796 4469 repleti
827 4403 995 4478 sinitis
1010 4403 1192 4467 malis,
1206 4412 1268 4456 et
1287 4404 1466 4459 trabes
1485 4406 1719 4459 feramus
1741 4406 1792 4459 in
1812 4405 2007 4472 oculis,

413 4489 647 4558 prositut
684 4499 924 4558 peccata,
946 4493 1115 4547 etiam
1139 4507 1202 4549 ea
1229 4508 1349 4562 qua:
1377 4509 1407 4548 ιι
1448 4493 1673 4551 festucis
1723 4493 1857 4550 nihil
1897 4494 2006 4550 dif-

415 4579 617 4644 ferunt,
644 4587 895 4635 accurate
920 4581 1294 4637 examinamus
1328 4599 1342 4635 :
1378 4584 1519 4639 sicut
1555 4586 1716 4640 etiam
1762 4585 2008 4643 Corinthi

421 4674 639 4730 accidit.
689 4673 847 4730 Viros
892 4689 1125 4745 namque
1176 4679 1295 4746 pios
1318 4685 1374 4731 et
1427 4678 1536 4733 Deo
1583 4693 1737 4735 cares
1783 4689 2006 4752 propter

428 4767 693 4822 inscitiam
734 4767 1086 4824 traducebant
1112 4776 1169 4824 et
1209 4767 1518 4838 ejiciebant,
1563 4770 1700 4831 alios
1739 4786 1887 4840 vero,
1917 4773 2007 4843 qui

424 4860 724 4914 innumeris
760 4871 923 4918 erant
953 4862 1099 4919 vitiis
1128 4863 1328 4931 onusti,
1358 4864 1535 4934 magni
1566 4861 1836 4933 faciebant
1879 4880 2006 4935 pro-

412 4961 540 5020 pter
560 4949 950 5019 eloquentiam.
968 4955 1198 5023 Deinde,
1216 4965 1483 5028 tamquam
1496 4955 1703 5026 judices
1734 4956 2006 5026 sedentes,

418 5043 536 5097 hae
555 5043 868 5113 petulanter
911 5048 1358 5115 pronuntiabant:
1404 5050 1503 5107 ilic
1530 5051 1724 5121 dignus
1761 5061 1864 5120 est,
1904 5053 2007 5109 iste

416 5135 615 5197 melior
640 5135 732 5191 illo
768 5145 886 5203 est;
915 5144 968 5193 et
1010 5136 1097 5192 hic
1124 5137 1201 5193 illi
1252 5140 1495 5209 inferior,
1542 5152 1599 5201 et
1623 5144 1713 5199 ille
1755 5143 1858 5200 isto
1894 5159 2007 5201 me—

413 5231 543 5297 lior;
574 5240 630 5286 et
653 5244 749 5285 sua
778 5229 963 5302 lugere
997 5229 1138 5285 mala
1165 5244 1271 5285 non
1290 5243 1567 5300 curantes,
1596 5236 1827 5292 aliorum
1851 5237 1996 5307 judi-

415 5340 512 5380 ces
533 5334 716 5393 erant;
746 5324 977 5396 hincque
1017 5324 1199 5396 gravia
1223 5324 1365 5381 bella
1393 5327 1756 5385 concitabant.
1808 5330 2004 5388 Paulus

421 5430 551 5484 ergo
600 5417 745 5474 hunc
789 5418 1036 5475 morbum
1082 5417 1302 5482 tollens,
1352 5417 1472 5474 vide
1510 5433 1668 5489 quam
1712 5421 2004 5491 prudenter

420 5503 546 5558 illos
578 5510 836 5579 corrigat.
877 5510 1168 5580 Postquam
1208 5509 1353 5567 enini
1382 5509 1539 5575 dixit,
1583 5509 1685 5566 llic
1715 5513 1829 5582 jam
1862 5528 2007 5583 qua:-

418 5597 551 5647 rt‘tur
586 5595 722 5651 inter
746 5599 1123 5669 dispensatores
1161 5609 1215 5654 ut
1256 5600 1423 5669 ﬁdelis
1459 5601 1571 5671 quia
1614 5601 1920 5667 inveniatur,
1947 5610 2004 5657 et

422 5684 700 5743 videbatur
741 5687 847 5746 illis
885 5687 1087 5745 aditum
1124 5690 1256 5748 dare
1284 5690 1353 5748 ad
1395 5690 1741 5761 iudicandam
1783 5702 1837 5748 et
1863 5706 2000 5749 exa-

2119 3400 2426 3477 minandam
2474 3401 2735 3472 cujusque
2780 3402 2981 3469 vitam;
3042 3403 3143 3460 hoc
3198 3420 3327 3460 vero
3378 3405 3699 3462 seditionem

2106 3491 2448 3547 concitabat:
2475 3506 2541 3547 ue
2562 3490 2663 3547 hoc
2687 3491 2792 3548 illis
2820 3493 3109 3561 accideret,
3138 3495 3206 3551 ab
3230 3496 3330 3553 hac
3353 3497 3701 3555 altercatione

2110 3582 2240 3642 illos
2266 3582 2508 3650 abduxit,
2547 3583 2763 3641 dicens:
2804 3583 2936 3640 Mihi
2964 3597 3135 3641 autem
3177 3606 3271 3661 pro
3309 3590 3516 3645 minimo
3545 3603 3616 3647 est
3647 3601 3702 3645 ιιι

2112 3674 2300 3728 auctis
2312 3675 2548 3746 judicer;
2567 3691 2751 3733 rursus
2769 3692 3072 3754 sermonem
3096 3694 3378 3751 personam
3401 3697 3551 3738 suam
3572 3699 3700 3754 spe-

2115 3776 2346 3823 stantem
2374 3767 2672 3837 proferet'ts.
2717 3770 2854 3837 Quid
2892 3756 2992 3825 sibi
3021 3773 3333 3828 vultatttcm
3364 3775 3513 3840 illud,
3567 3774 3699 3829 ulla

2110 3869 2283 3913 autem
2304 3874 2402 3928 pro
2428 3860 2639 3914 ιηὶιιὶηιο
2653 3870 2733 3916 eu
2761 3872 2819 3915 ut
2845 3877 2877 3915 α
2904 3863 3042 3917 vobis
3059 3864 3283 3934 judicer,
3314 3874 3402 3919 aut
3428 3867 3490 3919 ab
3515 3866 3698 3920 Imma-

2109 3965 2181 4002 uo
2208 3949 2331 4003 die?
2375 3948 2653 4020 indignum
2686 3967 2770 4006 me
2791 3951 2998 4021 judico,
3030 3954 3222 4026 inquit,
3252 3958 3339 4028 qui
3367 3972 3397 4011 τι
3424 3958 3579 4013 vobis
3602 3959 3694 4028 ju-

2108 4038 2262 4107 direr
2283 4055 2300 4106 ;
2322 4050 2381 4096 et
2402 4042 2532 4111 quid
2559 4041 2682 4098 dico
2709 4059 2737 4098 a
2764 4043 2953 4098 vobis?
2980 4045 3075 4100 sed
3103 4048 3263 4102 etiam
3290 4065 3318 4102 a
3358 4064 3697 4121 quocumque

2106 4132 2309 4200 aliquo.
2363 4133 2469 4188 Sed
2522 4149 2681 4190 nemo
2719 4134 2942 4190 Paulum
2995 4140 3324 4208 arrogantize
3372 4150 3605 4207 accuset,
3651 4143 3695 4196 si

2112 4227 2315 4282 nullum
2360 4227 2634 4284 hominem
2676 4229 2896 4300 dignum
2940 4246 3060 4287 esse
3099 4233 3263 4299 dit-at,
3291 4234 3382 4303 qui
3423 4245 3607 4288 contra
3637 4252 3697 4291 se

2112 4319 2373 4373 calculum
2396 4319 2550 4375 ferat.
2578 4320 2759 4376 Primo
2780 4322 2922 4378 enim
2952 4338 3056 4378 non
3082 4332 3304 4393 propter
3323 4339 3384 4380 se
3412 4324 3513 4379 hoc
3539 4326 3691 4390 dicit,

2112 4408 2206 4464 scd
2235 4418 2290 4462 nt
2315 4409 2449 4465 alios
2472 4410 2541 4464 ah
2566 4410 2778 4467 illorum
2805 4414 3051 4469 molestia
3087 4414 3307 4484 eripiat:
3347 4414 3541 4471 deinde
3584 4431 3693 4472 non

2112 4501 2178 4557 ad
2205 4500 2510 4559 Corinthios
2531 4513 2736 4559 tantum
2764 4521 2854 4561 res
2879 4516 3118 4576 spectat;
3143 4507 3238 4563 sed
3260 4508 3427 4563 etiam
3454 4509 3694 4580 seipsum

2110 4605 2141 4646 a
2166 4591 2259 4645 tali
2282 4591 2487 4660 judicio
2515 4595 2765 4665 removit,
2796 4597 2969 4667 majus
2994 4612 3089 4653 sua
3117 4607 3296 4653 mente
3318 4597 3505 4655 dicens
3526 4600 3597 4655 de
3620 4610 3699 4656 ta-

2112 4682 2249 4738 libus
2273 4683 2538 4739 calculum
2568 4684 2735 4742 fcrre:
2763 4688 3207 4760 subjunxitergo,
3239 4688 3420 4762 Neque
3447 4692 3695 4761 meipsttm

2102 4774 2302 4845 judico.
2351 4775 2431 4830 Ad
2458 4776 2576 4832 haec
2602 4792 2729 4832 vero
2766 4793 2930 4835 causa
2958 4795 3172 4850 quoque
3198 4782 3563 4841 examinanda
3588 4790 3692 4847 est,

2110 4883 2212 4937 qua
2238 4869 2553 4925 motushree
2597 4870 2840 4927 diccbat:
2883 4873 3020 4928 solet
3055 4873 3198 4929 enim
3242 4887 3388 4944 stupe
3416 4874 3696 4944 magniﬁce

2094 4959 2274 5029 loqui,
2322 4976 2429 5016 non
2475 4978 2541 5018 ex
2578 4961 2716 5018 fastu
2761 4964 2844 5018 vel
2886 4964 3215 5034 arrogantia,
3264 4964 3358 5020 sed
3403 4981 3469 5020 ex
3496 4965 3696 5035 optima

2104 5050 2540 5120 dispensatione:
2585 5053 3017 5125 quandoquidem
3069 5072 3211 5112 nunc
3264 5072 3372 5111 non
3420 5058 3535 5126 ipse
3575 5071 3696 5112 sese

2096 5142 2412 5225 extollens,
2454 5143 2549 5200 sed
2589 5146 2726 5202 alios
2772 5146 3116 5217 deprimens,
3166 5148 3281 5203 btec
3324 5148 3595 5224 loquitur,
3638 5158 3697 5207 ut

2108 5234 2416 5305 dignitatem
2463 5237 2663 5292 sanctis
2688 5237 2868 5292 addat.
2917 5238 3070 5309 Quod
3099 5240 3244 5297 enim
3272 5240 3557 5315 admodum
3592 5241 3694 5294 hu-

2106 5326 2248 5382 milis
2288 5336 2452 5392 cssct,
2489 5326 2615 5383 audi
2660 5329 2787 5399 quid
2828 5329 2992 5396 dicat,
3034 5330 3376 5387 inimicorum
3422 5330 3519 5385 hac
3544 5330 3612 5385 de
3636 5344 3697 5384 re

2106 5418 2471 5474 testimonium
2494 5420 2548 5474 in
2567 5419 2799 5493 medium
2825 5421 3136 5478 adducens:
3165 5421 3447 5484 Ρναδοηιὶα
3466 5420 3696 5490 corporis

2105 5510 2312 5579 inﬁrma
2329 5520 2422 5581 est,
2452 5520 2498 5567 et
2537 5529 2702 5569 sermo
2743 5525 3059 5588 contemptus
3088 5515 3170 5588 (2.
3202 5517 3319 5572 Cor.
3350 5516 3438 5573 ll).
3469 5516 3597 5584 l0);
3640 5523 3701 5570 et

2087 5618 2356 5669 ,rursum,~
2399 5603 2689 5661 Novissime
2713 5619 2883 5662 autem
2913 5616 3158 5679 tanquam
3195 5609 3424 5665 abortivo
3454 5610 3590 5664 visu:
3619 5615 3695 5661 est

2107 5704 2149 5748 et
2179 5694 2299 5748 mihi
2334 5692 2411 5766 (ί.
2443 5693 2562 5750 Cor.
2594 5696 2679 5753 15.
2712 5698 2789 5770 8).
2822 5700 3074 5755 Attamen
3103 5698 3323 5754 humilis
3345 5697 3465 5770 ille,
3490 5708 3697 5767 tempo«
