4100 6214
404 342 479 399 89
1510 327 1578 389 1N
1616 330 1831 388 EPIST.
1868 330 1886 386 1
1951 332 1992 386 Α

2098 329 2244 390 30B.
2281 330 2512 391 HOMIL.
2555 333 2648 392 XI.
3612 339 3685 398 90

408 477 468 518 ne
491 468 740 527 vocante,
768 458 890 514 vide
914 471 1023 528 quo
1057 453 1442 526 discipulorum
1487 450 1810 508 sententiam
1836 457 1990 504 extu-

408 556 553 618 lerit,
584 568 690 608 non
719 551 913 606 fastum
952 549 1179 614 docens,
1219 546 1315 602 sed
1342 559 1505 600 sanos
1532 542 1721 598 iudens
1746 540 1992 612 spiritus.

409 647 559 716 Ipsos
581 643 726 699 enim
753 639 1036 710 alloquens
1055 637 1297 693 dicebat:
1329 636 1394 690 Et
1418 639 1464 690 rt
1488 635 1540 688 in
1567 633 1705 689 vobis
1724 632 1995 703 jndicatur

408 734 652 799 mundus,
697 731 903 804 indigni
937 731 1058 788 eatis
1085 729 1308 784 minimis
1334 728 1539 795 iudiciis
1571 728 1649 796 (ι.
1681 725 1802 781 Cor.
1827 724 1882 780 6i
1910 723 1988 794 2).

411 829 484 888 Ut
518 828 662 885 enim
708 825 1068 882 Christianum
1117 831 1332 893 Oportet
1376 821 1534 892 longe
1583 819 1652 873 ab
1688 817 1992 889 arrogantia

409 935 548 984 esse,
580 920 650 972 ita
676 927 732 973 et
751 917 820 971 ab
845 915 1150 970 adulatione
1176 922 1231 969 et
1273 913 1341 968 ab
1371 910 1621 967 illiberali
1650 924 1833 964 sensu.
1883 907 1990 963 Ne.

407 1027 516 1077 que
557 1010 700 1065 enim
744 1010 790 1062 si
839 1007 1101 1078 quispiam
1146 1004 1362 1069 dixerit,
1417 1003 1676 1059 Pecunias
1718 1001 1846 1056 nihil
1873 1013 1996 1056 esse

403 1111 561 1173 puto,
589 1099 681 1155 sed
707 1097 990 1170 praesentia
1017 1097 1196 1151 omnia
1241 1096 1371 1150 mihi
1400 1094 1589 1150 umbra
1618 1102 1674 1149 et
1719 1093 1990 1148 somnium

405 1203 538 1249 sunt
561 1208 626 1249 ac
665 1206 950 1264 puerorum
977 1189 1238 1256 ludibria;
1287 1187 1606 1260 arrogantia:
1634 1186 1806 1257 ipsum
1833 1200 2006 1240 διαειμ-

405 1289 646 1345 sabimus
678 1286 844 1340 :Nam
871 1285 951 1339 sie
988 1283 1333 1340 Salomoncm
1361 1282 1522 1336 etiam
1550 1279 1872 1351 arrogantia:
1898 1293 2006 1333 aco-

407 1380 717 1437 cusabimus
755 1391 876 1432 cum
906 1375 1080 1431 dehis
1107 1373 1269 1429 rebus
1301 1371 1708 1443 philosophatur
1730 1379 1785 1426 et
1827 1369 1989 1425 dicit:

421 1473 631 1528 Vanitas
675 1470 978 1535 sanitatum,
1023 1476 1072 1522 et
1115 1456 1286 1522 omnia
1312 1466 1519 1520 vanitas
1556 1463 1779 1538 (Ἐστία.
1811 1463 1863 1519 l.
1899 1463 1983 1533 ἓ).

405 1566 514 1623 Sed
540 1564 675 1621 absit
702 1572 762 1618 ut
785 1560 1103 1632 arrogantia:
1127 1557 1350 1614 nomine
1377 1555 1772 1627 phil050phiam
1803 1553 1992 1625 appel-

407 1657 604 1714 lemus.
653 1654 769 1710 Non
795 1661 879 1709 est
907 1663 1037 1723 ergo
1071 1650 1377 1722 arrogantia
1421 1647 1538 1704 lucc
1563 1644 2000 1718 deSpicere,ssed

407 1749 574 1804 animi
602 1744 936 1818 magnitudo,
985 1743 1106 1799 licet
1139 1742 1416 1797 videamus
1445 1755 1599 1811 reges
1629 1750 1684 1796 et
1723 1739 2004 1810 principes

408 1843 500 1900 illa
529 1840 630 1896 sibi
659 1837 952 1894 vindicare.
980 1835 1172 1892 Verum
1197 1849 1399 1905 pauper
1433 1834 1525 1904 qui
1563 1832 1988 1904 philosophatur,

409 1935 501 1990 ille
525 1947 672 2003 saepe
709 1929 971 2001 despicit:
1027 1943 1204 1999 neque
1251 1925 1374 1982 ideo
1427 1925 1577 1981 illum
1627 1937 1998 1998 arrogantem,

408 2027 504 2084 sed
531 2025 924 2098 magnanimum
953 2022 1193 2078 dicemus
1236 2037 1252 2078 :
1301 2021 1439 2075 sicut
1469 2034 1568 2076 nec
1589 2034 1736 2084 eum,
1756 2018 1847 2090 qui
1878 2017 1997 2074 hmo

407 2131 734 2189 magnopere
769 2115 869 2170 sibi
896 2113 1146 2178 vindicat,
1183 2111 1435 2166 lmmilem
1464 2121 1518 2166 et
1545 2110 1866 2177 modestum,
1895 2111 1992 2165 sed

408 2208 701 2274 infirmum,
731 2205 908 2278 pusilli
936 2204 1101 2260 animi
1150 2213 1204 2260 et
1247 2201 1865 2258 illiberalem-dicemus.
1899 2201 1994 2256 Et-

405 2301 555 2357 enim
584 2300 628 2355 si
659 2300 779 2370 quis
809 2297 949 2353 lilius
990 2312 1054 2352 ea
1079 2311 1199 2367 qua:
1245 2294 1311 2350 ad
1343 2303 1546 2365 patrem
1596 2295 1865 2363 pertinent
1898 2294 1992 2349 de-

404 2395 658 2465 spiceret,
674 2391 886 2448 servilia
916 2400 1096 2445 autem
1143 2388 1516 2451 admiraretur,
1567 2401 1673 2440 non
1701 2386 1851 2456 quasi
1889 2386 1988 2440 hu-

404 2487 588 2542 milem
656 2484 806 2540 illum
868 2481 1230 2548 laudaremus,
1292 2478 1388 2535 sed
1441 2487 1520 2534 ut»
1565 2477 1878 2534 illiberalem
1934 2486 1996 2535 et

403 2581 664 2637 servilem
706 2579 1167 2650 vituperaremus;
1209 2575 1487 2646 ipsumque
1511 2587 1642 2629 vero
1676 2572 1998 2628 miraremur

401 2674 452 2728 si
498 2672 589 2726 illa
627 2670 947 2742 despiceret;
987 2678 1043 2725 et
1082 2667 1522 2739 paterua‘magni
1566 2665 1787 2723 faceret.
1825 2665 1990 2720 Arro-

399 2764 602 2836 gantize
629 2765 776 2819 enim
800 2772 904 2827 est,
937 2777 996 2818 se
1023 2760 1302 2818 conservis
1346 2759 1625 2815 meliorem
1650 2771 1773 2814 esse
1801 2756 1989 2813 existi-

403 2871 559 2912 mare
575 2873 598 2920 ;
623 2855 862 2912 scd‘eam
891 2870 1012 2925 qum
1037 2861 1274 2909 vere-est
1313 2851 1382 2907 de
1411 2850 1572 2906 rebus
1600 2850 1742 2907 ferre
1768 2857 1988 2905 senten-

404 2951 557 3015 tiam,
594 2965 716 3004 non-
739 2949 1061 3018 arrogantiae
1109 2957 1212 3012 est,
1245 2946 1339 3002 sed
1379 2945 1752 3017 philosOphim.

473 3043 530 3098 2.
564 3043 688 3099 ltleo
720 3041 918 3098 Paulus
963 3056 1072 3096 non
1126 3055 1185 3096 se
1212 3040 1496 3105 extollens,
1514 3038 1608 3096 sed
1649 3038 1786 3093 alios
1814 3037 1991 3094 Immi-

402 3135 562 3200 lians,
590 3143 789 3190 et'sese
815 3132 1102 3190 ederentes
1139 3131 1448 3202 deprimens
1476 3140 1531 3187 et
1572 3129 1844 3186 modestos
1867 3143 1990 3185 esse

401 3224 658 3289 suadens,
687 3223 932 3280 dicebat:
985 3222 1118 3278 Mihi
1169 3232 1337 3276 autent
1388 3237 1482 3292 pro
1526 3220 1734 3274 minimo
1770 3231 1843 3274 est
1882 3228 1990 3276 uta

402 3317 546 3371 nobis
560 3316 784 3383 judicer,
830 3325 918 3370 aut
949 3315 1013 3369 ab
1052 3314 1278 3369 humano
1325 3313 1428 3368 die.
1489 3311 1675 3368 Viden‘
1720 3310 1991 3384 quomodo

403 3411 534 3465 illos
571 3409 878 3465 curaverit?
915 3408 1046 3464 Nam
1078 3409 1168 3479 qui
1202 3408 1428 3464 audierit
1455 3407 1814 3478 quod-omnes
1841 3406 1988 3464 simi-

405 3502 533 3557 liter
559 3500 844 3570 deSpiciat,
874 3508 929 3557 et
954 3515 986 3556 a
1014 3500 1164 3555 nullo
1184 3499 1412 3570 judicari
1439 3497 1708 3569 dignetur,
1748 3514 1854 3554 non
1881 3499 1984 3554 uti-

403 3610 510 3664 que
538 3594 737 3650 dolebit
767 3593 916 3664 quasi
944 3593 1059 3664 ipse
1080 3592 1228 3648 solus
1256 3592 1479 3663 ejectus.
1511 3590 1642 3646 Nam
1670 3592 1715 3647 si
1742 3591 1988 3659 dixisset,

406 3687 454 3740 A-
467 3686 863 3749 vobis-tantum;
884 3695 939 3740 et
961 3685 1218 3751 siluisset,
1233 3684 1335 3740 hoc
1351 3683 1472 3740 illos
1488 3682 1737 3740 mordere
1759 3693 1988 3755 poterat,

406 3777 825 3848 quasi'deSpecli
854 3777 1079 3833 fuissent
1103 3795 1117 3832 :
1148 3791 1291 3833 nunc
1313 3786 1490 3833 autem
1520 3791 1642 3831 cum
1669 3775 1848 3844 addit,
1880 3774 1992 3831 Nec

407 3869 722 3924 ab-Irumano
749 3870 851 3937 die,
901 3870 1069 3941 plagae
1096 3868 1545 3927 medicamentum
1586 3868 1847 3936 adhibuit,
1868 3883 1991 3925 cum

409 3962 540 4033 ipsis
570 3961 690 4018 talis
724 3971 1064 4032 contemptus
1101 3962 1279 4019 socios
1310 3960 1624 4034 assignavit.
1656 3961 1762 4018 Sed
1789 3968 1846 4018 et
1878 3961 1995 4031 ipse

407 4071 622 4126 quoque
644 4055 777 4111 huic
789 4055 866 4111 rei
884 4071 1072 4110 rursus
1095 4054 1361 4121 medetur,
1385 4055 1643 4126 adjiciens
1665 4072 1678 4108 :
1703 4053 1810 4109 Sed
1835 4069 1996 4125 neque

408 4148 659 4215 ineipsum
674 4147 879 4219 judico.
905 4146 1038 4203 Vide
1056 4146 1325 4217 quomodo
1344 4146 1545 4201 dictum
1568 4144 1694 4200 illud
1725 4159 1829 4199 non
1851 4159 1995 4200 arro-

409 4239 644 4310 gantiam
664 4239 1067 4310 sapiatz-ueque
1081 4239 1222 4294 enim
1248 4253 1308 4294 se
1343 4237 1476 4292 satis
1490 4250 1610 4292 esse
1638 4236 1767 4292 dicit
1797 4235 1862 4292 ad
1892 4234 1997 4292 hoc

409 4343 660 4390 accurate
691 4333 1076 4404 prmstandum.
1108 4332 1312 4389 Deinde
1339 4332 1462 4403 quia
1507 4331 1609 4385 hoc
1649 4331 1848 4385 dictum
1875 4343 1998 4387 sese

409 4427 701 4482 admodum
712 4443 776 4482 ex
785 4427 1021 4482 tollentis
1033 4426 1314 4482 videbatur
1322 4440 1463 4490 esse,
1478 4422 1532 4480 id
1543 4423 1773 4479 correxit
1787 4422 1996 4478 dicens:

412 4519 532 4574 Sed
559 4535 659 4574 non
690 4520 743 4573 in
772 4519 1202 4589 hoc-justiﬁcatur
1245 4533 1378 4572 sum.
1409 4515 1562 4582 Quid'
1588 4515 1788 4586 igitur?
1815 4528 1994 4570 annon

409 4619 686 4680 oportetet
701 4625 760 4666 se
776 4619 830 4666 et
842 4618 1056 4680 peccata
1069 4607 1352 4680 judicare?
1368 4607 1596 4663 Maxime
1608 4607 1821 4678 quidem
1837 4621 2000 4678 opor-

413 4713 488 4757 tet
504 4704 604 4759 hoc
621 4704 796 4758 facere
815 4718 935 4758 cum
949 4717 1256 4774 peccamus;
1272 4700 1370 4757 sed
1379 4700 1574 4756 Paulus
1591 4700 1692 4756 hoc
1707 4717 1813 4755 non
1829 4699 1997 4756 dixit:

413 4795 563 4848 Nihil
578 4797 712 4850 enim
733 4795 857 4849 mihi
876 4795 1107 4849 conscius
1148 4810 1282 4859 sum,
1329 4793 1520 4864 inquit.
1550 4793 1828 4862 Quodnam
1867 4807 2000 4864 ergo

412 4898 688 4958 peccatum
720 4889 1056 4958 judicaturus
1083 4896 1220 4956 erat,
1251 4902 1372 4944 cum
1423 4887 1574 4942 nihil‘
1607 4887 1707 4943 sibi
1753 4887 1999 4944 conscius

414 4980 592 5035 esset?
613 4981 709 5036 fll‘e
727 4995 857 5036 vero
874 4995 984 5037 non
1001 4981 1131 5036 dicit
1148 4994 1207 5036 se
1228 4993 1350 5036 esse
1362 4978 1731 5049 justifieatum.
1750 4978 1848 5045 Qui
1871 4993 2000 5048 ergo

414 5071 797 5126 conscientiam
821 5071 1085 5127 habemus
1108 5070 1253 5126 mille
1295 5070 1608 5126 vulneribus
1644 5068 1877 5124 sauciam
1897 5111 1914 5138 ,
1944 5077 2001 5124 et

413 5158 618 5215 nullius
633 5159 753 5216 boni
785 5161 942 5216 nobis
971 5161 1174 5217 conscii
1195 5175 1416 5227 sumus,
1448 5160 1543 5216 sed
1580 5168 1749 5215 totum
1779 5168 1998 5216 contra-

418 5251 562 5308 rium
588 5293 606 5320 ,
633 5253 753 5323 quid
780 5252 1116 5310 dixerimus?
1152 5261 1209 5308 et
1237 5251 1506 5324 quomodo
1548 5251 1640 5306 ille
1667 5251 1862 5307 nullius
1894 5250 1996 5308 sibi

405 5345 660 5400 conscius
684 5345 831 5412 mali,
855 5360 962 5400 non
979 5343 1302 5416 justificatus
1326 5342 1635 5412 erati'Qnia
1657 5343 2000 5414 contingebat

410 5434 562 5491 illum
575 5437 754 5507 aliqua
770 5437 1055 5492 admittere
1079 5445 1319 5507 peccata,
1343 5451 1464 5507 qum
1483 5436 1596 5506 ipse
1617 5437 1848 5492 nesciret
1876 5450 1998 5492 esse

409 5537 650 5596 peccata.
679 5526 822 5582 Hinc
853 5527 1030 5598 cogita
1055 5541 1217 5597 quam
1262 5526 1367 5582 erit
1406 5533 1714 5582 accuratum
1763 5525 1995 5582 futurum
2031 5588 2062 5622 ο

401 5620 688 5690 judicium.
711 5619 829 5676 Non
846 5634 996 5691 ergo,
1015 5619 1156 5690 quod
1177 5619 1321 5674 omni
1336 5616 1752 5689 reprehensione
1773 5633 1996 5675 vacuum

411 5729 472 5769 se
487 5721 722 5782 putaret,
740 5726 800 5768 se
814 5711 1088 5783 indignum
1103 5726 1223 5767 esse
1238 5711 1388 5779 dicit,
1401 5709 1490 5782 qui
1504 5711 1570 5765 ab
1593 5710 1993 5780 illisjudicetur,

414 5805 511 5862 sed
537 5804 786 5878 reprimit
807 5819 904 5863 eos
929 5805 1024 5877 qui
1046 5802 1439 5862 inconsiderate
1463 5801 1564 5860 hoc
1593 5801 1848 5859 facerent.
1879 5802 1990 5859 Ali-

2108 449 2159 504 bi
2176 450 2341 516 enim,
2356 451 2563 508 etiamsi
2584 459 2799 522 peccata
2817 465 2922 508 non
2941 452 3220 509 manifesta
3240 462 3442 521 essent.
3464 455 3580 514 aliis
3598 457 3684 526 ju-

2099 541 2296 598 dicium
2309 543 2452 600 ferre
2469 545 2732 614 permisit,
2749 548 2999 617 quoniam
3012 547 3114 604 hoc
3131 546 3434 619 postulabat
3449 558 3682 618 tempus.

2171 635 2250 690 De
2277 637 2395 692 aliis
2423 653 2525 692 non
2559 639 2901 708 iudicandum
2928 650 3023 696 est.
3056 670 3129 683 —
3175 641 3310 708 Quid
3353 642 3496 698 enim
3519 683 3534 708 ,
3566 643 3638 696 ait
3663 683 3678 706 ,

2091 727 2300 799 judico:
2327 729 2538 796 fratrem
2574 732 2766 786 tuum?
2807 741 2854 785 et
2891 741 2946 785 tu
2990 748 3090 786 cur
3111 733 3325 801 fratrem
3366 743 3506 788 tuum
3535 733 3687 790 nihili

2101 820 2228 888 facis
2258 818 2432 890 (Rom.
2457 822 2546 876 M.
2591 822 2724 892 10)?
2772 822 2888 878 Non
2933 823 3076 880 enim
3107 823 3211 880 hoc
3249 824 3343 881 tibi
3372 825 3680 880 mandatum

2100 921 2214 978 est,
2242 927 2275 967 ο
2302 912 2463 967 homo
2482 955 2499 980 ,
2527 922 2584 969 ut
2624 915 2760 970 alios
2779 915 2988 985 iudices
3013 959 3028 983 ,
3057 916 3151 973 sed
3179 925 3237 972 ut
3264 927 3351 973 tua
3381 922 3678 974 examines.

2099 1002 2207 1059 Cur
2232 1020 2332 1075 ego
2360 1005 2569 1062 Domini
2609 1018 2788 1078 partes
2816 1009 3050 1080 arripis?
3094 1010 3236 1066 illius
3278 1021 3361 1068 est
3394 1011 3638 1081 judicare
3662 1053 3678 1076 ,

2099 1111 2206 1150 non
2251 1105 2421 1152 tuum.
2465 1098 2641 1166 Quare
2687 1100 2962 1171 subjungit
3004 1119 3018 1156 :
3059 1102 3112 1157 5.
3150 1101 3332 1172 Itaque
3366 1104 3522 1158 nolite
3561 1115 3680 1159 ante

2100 1197 2309 1258 tempus
2338 1191 2580 1261 judicare
2606 1231 2624 1258 ,
2655 1193 2986 1264 quoadusque
3013 1197 3178 1248 veniat
3207 1193 3456 1251 Dominus
3475 1237 3498 1261 ,.
3519 1197 3606 1266 qui
3631 1207 3680 1250 et

2098 1279 2406 1336 illuminabit
2425 1280 2728 1338 abscondita
2749 1284 3067 1340 tenebrarum
3084 1327 3101 1351 ,
3129 1294 3176 1340 et
3203 1287 3544 1356 manifestabit
3565 1303 3680 1341 cou-

2099 1373 2216 1428 silia
2243 1375 2471 1429 cordium
2494 1391 2514 1430 :
2543 1385 2591 1430 et
2621 1385 2740 1432 tunc
2771 1377 2883 1433 laus
2909 1379 3002 1432 erit
3030 1379 3298 1450 unicuique
3325 1397 3356 1433 a
3383 1378 3510 1434 Deo.
3539 1379 3677 1453 Quid

2099 1480 2247 1536 ergo,
2280 1481 2386 1522 non
2416 1477 2630 1537 oportet
2657 1469 2906 1526 doctores
2934 1470 3037 1528 hoc
3067 1471 3283 1528 facere?
3311 1473 3533 1542 Oportet
3557 1475 3678 1544 qui-

2098 1557 2220 1614 dem
2257 1558 2314 1613 iu
2341 1561 2576 1630 peccatis
2606 1561 2904 1617 manifestis
2924 1603 2941 1630 ,
2971 1578 3097 1634 quae
3139 1563 3193 1619 in
3222 1563 3474 1620 confesso
3510 1577 3635 1620 sunt
3661 1605 3678 1630 ,

2099 1650 2263 1722 idque
2308 1655 2622 1724 congruenti
2682 1664 2955 1726 tempore;
3007 1672 3128 1712 cum
3182 1666 3308 1714 tunc
3361 1658 3574 1715 doleant
3626 1669 3682 1714 ct

2098 1745 2466 1802 mordeantur.
2515 1746 2634 1804 Non
2679 1757 2737 1803 ttt
2775 1758 2901 1805 tunc
2947 1750 3020 1806 illi
3076 1750 3372 1820 iaciebant,
3417 1769 3498 1808 ex
3535 1755 3690 1810 inani.

2096 1836 2264 1907 gloria
2291 1845 2346 1893 et
2386 1840 2711 1910 arrogantia.
2745 1839 2843 1896 llic
2869 1842 3012 1897 enim
3052 1859 3159 1898 non
3203 1843 3272 1899 de
3300 1845 3534 1914 peccatis
3573 1847 3680 1902 illis

2097 1928 2334 2000 loquitur
2356 1969 2371 1994 ,
2402 1945 2520 2000 quae
2548 1929 2600 1984 in
2626 1931 2878 1988 confesso
2905 1943 3092 2000 erant,
3124 1934 3219 1990 sed
3261 1935 3577 2005 quodillum
3602 1939 3680 1991 al-

2099 2021 2196 2076 teri
2240 2020 2583 2090 prazferrent,
2606 2030 2662 2078 et
2705 2022 2869 2077 vitam
2901 2021 3125 2078 illorum.
3162 2036 3554 2094 compararent.
3603 2027 3678 2084 Dc

2097 2113 2182 2169 his
2210 2115 2353 2170 enim
2384 2114 2472 2170 ille
2501 2113 2650 2170 solus
2697 2125 2947 2172 accurate
2989 2115 3234 2187 judicare
3259 2118 3436 2183 novit,
3466 2119 3555 2189 qui
3583 2135 3680 2176 oc-

2095 2205 2238 2262 culta
2265 2215 2448 2262 nostra
2467 2205 2803 2286 judicaturus
2823 2214 2942 2273 est;
2964 2223 3206 2278 quaenam
3235 2208 3438 2264 scilicet
3464 2211 3676 2280 majori,

2095 2315 2342 2372 quamam
2369 2299 2564 2357 minori
2594 2299 2677 2355 vel
2707 2301 2972 2371 supplicio
3001 2300 3084 2356 vel
3112 2300 3316 2357 honore
3343 2301 3498 2373 digna
3527 2305 3634 2358 sint
3660 2323 3674 2359 :

2095 2411 2194 2450 nos
2217 2410 2346 2450 vero
2368 2394 2663 2450 secundum
2691 2395 2742 2450 id
2777 2394 2918 2464 quod
2949 2403 3171 2465 apparet
3199 2393 3315 2450 haec
3345 2393 3587 2451 facimus.
3619 2398 3678 2454 Si

2093 2488 2277 2555 enim,
2306 2489 2512 2558 inquit,
2536 2489 2588 2544 in
2611 2488 2805 2560 quibus
2829 2489 2949 2558 ipse
2978 2489 3225 2559 peccavi,
3253 2487 3382 2543 nihil
3412 2488 3556 2544 clare
3582 2506 3679 2543 no-

2095 2581 2167 2648 vi,
2191 2581 2463 2652 quomodo
2485 2580 2679 2652 dignus
2707 2581 2896 2637 fuerim
2920 2581 3008 2653 qui
3031 2580 3099 2636 de
3119 2581 3238 2638 aliis
3265 2580 3432 2637 feram
3458 2591 3678 2637 sentcn-

2095 2673 2223 2728 tiam
2245 2674 2272 2729 i
2312 2673 2581 2744 quomodo
2606 2673 2697 2744 qui
2734 2688 2853 2729 mea
2884 2689 2988 2728 non
3027 2681 3276 2732 accurate
3319 2673 3473 2738 novi,
3504 2672 3676 2726 aliena

2093 2774 2284 2838 potero
2298 2765 2579 2838 judicare?
2603 2766 2661 2822 Si
2680 2780 2810 2820 vero
2836 2764 3033 2820 Paulus
3063 2763 3165 2820 hoc
3190 2763 3335 2829 fecit,
3369 2765 3534 2818 multo
3561 2780 3678 2818 ma-

2091 2858 2173 2930 gis
2203 2872 2323 2914 uos.
2359 2857 2486 2913 Haec
2523 2858 2667 2914 cnim
2709 2856 2953 2923 dicebat,
2985 2871 3091 2911 non
3123 2864 3190 2910 ut:
3225 2869 3288 2911 se
3315 2855 3444 2908 nulli
3491 2870 3676 2924 repue-

2093 2951 2340 3008 hcusioni
2383 2951 2671 3008 obnoxium
2713 2948 3062 3014 ostenderet,
3110 2947 3204 3004 sed
3237 2957 3294 3003 ut
3333 2947 3632 3004 declararet
3659 2989 3679 3013 ,

2091 3043 2301 3100 etiamsi
2326 3044 2448 3115 quis
2466 3042 2608 3114 apud
2635 3042 2756 3099 illos
2780 3049 2925 3098 esset
2953 3039 3043 3112 qui
3071 3055 3176 3096 non
3198 3040 3546 3111 peccavisset,
3569 3027 3678 3094 non

2091 3137 2312 3210 dignum
2360 3147 2553 3192 tamen
2582 3150 2704 3193 esse
2747 3135 2862 3206 qui—
2897 3133 2977 3190 do
3012 3134 3240 3190 aliorum
3284 3132 3390 3188 vita
3420 3132 3627 3202 judicct
3658 3150 3675 3198 ;

2093 3240 2148 3286 ct
2175 3229 2318 3302 quod
2357 3230 2404 3285 si
2444 3230 2490 3284 is
2509 3271 2523 3297 ,
2555 3228 2649 3299 qui
2679 3228 2877 3282 nullius
2901 3226 3025 3280 mali
3055 3227 3156 3282 sibi
3196 3226 3444 3280 conscius
3471 3235 3586 3289 est,
3619 3240 3679 3279 se

2093 3321 2389 3377 obnoxium
2417 3335 2538 3377 esse
2566 3319 2716 3384 dicit,
2747 3318 2919 3372 multo
2937 3317 3108 3387 magis
3129 3316 3202 3372 illi
3230 3325 3390 3372 erunt
3408 3357 3428 3382 ,
3453 3316 3542 3386 qui
3567 3316 3680 3370 mil-

2093 3413 2142 3469 le
2191 3421 2538 3486 peccatorum
2583 3411 2685 3468 sibi
2728 3411 2932 3467 conscii
2972 3419 3126 3465 sunt.
3161 3405 3294 3463 Cum
3323 3407 3421 3464 sic.
3443 3423 3571 3479 ergo
3615 3423 3679 3464 os

2093 3505 2456 3563 obstrusisset
2496 3503 2682 3561 eorum
2710 3543 2726 3570 ,
2770 3504 2866 3574 qui
2904 3501 3030 3558 talia
3070 3500 3267 3573 judicia
3313 3499 3679 3567 fcrrent,.dc-

2093 3612 2242 3652 mum
2283 3597 2634 3668 parturientis
2663 3610 2812 3652 more
2835 3595 2992 3666 gestit
3032 3594 3332 3664 irrumpere
3362 3591 3678 3648 in'fornica-

2097 3699 2315 3746 torem:
2349 3697 2424 3746 et+
2450 3689 2590 3744 sicut
2631 3689 2929 3759 ingruente
2956 3694 3274 3758 tempestate
3293 3728 3309 3752 ,
3337 3694 3682 3756 praecurrunt

2097 3780 2528 3851 nubesquazdam
2548 3789 2714 3846 atras;
2743 3777 2937 3836 deinde
2964 3787 3084 3850 post
3103 3777 3393 3834 tonitruum
3416 3776 3680 3849 fragorem

2095 3881 2151 3929 ct
2183 3881 2466 3943 postquam
2501 3872 2691 3927 caelum
2719 3887 2824 3926 una
2857 3872 3026 3926 nubes
3054 3869 3249 3926 factum
3291 3878 3374 3925 est
3397 3912 3412 3935 ,
3462 3879 3588 3924 tunc
3625 3868 3682 3922 in

2098 3974 2300 4020 terram
2346 3962 2627 4018 confertim
2673 3961 2906 4032 erumpit
2954 3960 3168 4031 pluvia;
3199 3959 3390 4017 eodem
3429 3959 3590 4014 modo
3626 3967 3683 4015 ct

2099 4067 2227 4115 tunc
2251 4056 2464 4113 accidit.
2497 4054 2630 4110 Nam
2657 4068 2778 4110 cum
2803 4059 2988 4123 posset
3009 4067 3130 4107 cum
3162 4051 3524 4121 indignatione
3546 4049 3683 4102 mm—

2101 4160 2153 4206 ta
2181 4149 2420 4222 agere‘in
2453 4147 2827 4203 fornicatorem
2850 4187 2867 4214 ,
2894 4161 3001 4200 non
3030 4145 3101 4200 ita
3131 4146 3278 4215 agit;
3310 4143 3405 4197 sed
3435 4142 3680 4210 praemis-

2100 4244 2176 4298 sis
2203 4241 2536 4298 terribilibus
2550 4239 2727 4294 verbis
2743 4239 2860 4308 ejus
2877 4245 3140 4309 tumorem
3158 4234 3415 4304 reprimit.
3434 4230 3686 4300 Quando-

2100 4332 2318 4404 quidem
2347 4331 2544 4402 duplcx
2585 4328 2770 4385 aderat
2801 4337 3075 4398 peccatum
3093 4366 3111 4392 ,
3141 4324 3422 4380 fornicatio
3451 4340 3640 4394 nempe
3661 4365 3679 4390 ,

2100 4437 2156 4484 et
2178 4425 2531 4482 fornicatione
2561 4423 2712 4494 pejus
2741 4421 2908 4488 aliud,
2929 4420 3070 4492 quod
3093 4417 3297 4474 scilicet
3325 4416 3457 4470 tanti
3481 4417 3682 4486 peccati

2103 4517 2528 4590 non-pmniterct
2567 4516 2762 4586 ipsum.
2807 4513 2923 4570 Non
2950 4513 3093 4568 enim
3139 4511 3212 4566 ita
3239 4519 3574 4580 peccatorem
3603 4507 3687 4562 lu-

2100 4622 2228 4683 get,
2260 4621 2318 4666 ut
2343 4617 2679 4681 peccatorem
2708 4621 2816 4662 non
2861 4605 3207 4676 pmnitentem
3239 4620 3252 4656 :
3281 4600 3499 4672 Lugeho
3541 4600 3685 4655 enim

2106 4703 2303 4759 multos
2326 4742 2345 4769 ,
2373 4701 2582 4771 inquit,
2613 4713 2718 4754 non
2749 4712 2937 4755 eorum
2965 4705 3168 4752 tantum
3196 4694 3286 4766 qui
3318 4694 3465 4764 prius
3492 4706 3688 4761 pecca-

2103 4805 2231 4850 runt
2255 4834 2273 4862 ,
2302 4793 2397 4849 sed
2427 4807 2614 4849 eorum
2649 4791 2738 4862 qui
2766 4789 3132 4860 pmnitentlam
3175 4800 3282 4840 non
3327 4771 3688 4854 cgeruut,‘de

2102 4884 2433 4956 impudicitia
2459 4895 2514 4940 ct
2554 4883 2624 4938 de
2663 4879 2996 4937 immunditia
3036 4891 3194 4947 quam
3223 4874 3554 4930 admiserunt
3580 4874 3600 4943 (
3625 4871 3683 4927 Ξ.

2101 4976 2511 5048 (301212.21).
2560 4973 2692 5028 Nam
2742 4971 2858 5042 qui:
2879 4979 3003 5042 post
3048 4976 3325 5040 peccatum
3373 4966 3687 5037 paenitentia

2105 5069 2272 5123 utitur
2293 5109 2309 5134 ,
2342 5082 2449 5122 non
2490 5065 2681 5135 dignus
2707 5071 2791 5118 est
2831 5061 2924 5132 qui
2955 5061 3232 5132 lugeatur,
3259 5059 3354 5116 sed
3382 5060 3689 5130 quibcatus

2103 5159 2462 5230 praedicetur,
2497 5163 2687 5225 utpote
2708 5154 2876 5223 quiin
2901 5153 3169 5224 justorum
3191 5151 3415 5208 chorum
3457 5151 3688 5206 transla-

2103 5260 2190 5306 tus
2215 5251 2305 5305 sit.
2338 5247 2435 5303 Dic
2465 5250 2680 5302 eninrtu
2707 5247 2878 5316 prius,
2913 5246 3082 5316 inquit
3108 5287 3124 5309 ,
3151 5245 3442 5315 iniquitates
3473 5253 3606 5306 tuas,
3635 5249 3689 5295 ut

2097 5339 2585 5417 justiﬁeeristlsai.
2613 5340 2702 5394 45.
2734 5337 2852 5411 ‘26).
2883 5336 2938 5393 Si
2979 5347 3157 5392 autem
3187 5345 3466 5405 postquam
3501 5347 3690 5401 pecca-

2109 5436 2218 5502 vit,
2251 5434 2589 5504 impudenter
2613 5439 2773 5500 agat,
2824 5444 2932 5484 non
2978 5430 3048 5483 ita
3087 5426 3557 5484 commiseratione
3598 5424 3686 5482 di-

2104 5541 2244 5598 gnus
2269 5533 2354 5580 est
2381 5523 2520 5595 quod
2547 5521 2803 5578 ceciderit
2820 5561 2838 5587 ,
2863 5535 3023 5590 quam
3049 5519 3190 5590 quod
3219 5519 3398 5588 lapsus
3416 5518 3617 5588 jaceat.

2181 5619 2236 5674 3.
2267 5615 2423 5686 Quod
2452 5615 2498 5671 si
2529 5625 2648 5687 post
2670 5622 2946 5685 peccatum
2975 5629 3081 5667 non
3112 5610 3375 5682 pmnitere
3400 5627 3562 5684 grave
3583 5622 3689 5675 est.

2110 5709 2178 5766 de
2221 5709 2470 5763 admissis
2499 5706 2733 5776 peccatis
2771 5706 3132 5760 intumescere
3174 5715 3426 5774 quantum
3456 5717 3693 5759 meretur

2113 5801 2478 5875 supplicium?
2499 5798 2633 5857 Nam
2666 5799 2711 5855 si
2736 5798 2783 5858 is
2803 5839 2818 5868 ,
2847 5797 2938 5870 qui
2963 5797 3035 5855 de
3051 5805 3200 5856 recte
3223 5797 3374 5854 factis
3399 5797 3682 5858 extollitur,
