4100 6214
391 329 448 386 9l
1105 327 1163 384 S.
1200 321 1476 382 JOANNlS
1523 309 2002 373 CHRYSOSTOMI
2046 306 2364 365 ARCIIIEP.
2401 304 2933 364 CONSTANTINOP.
3592 314 3667 369 92

392 444 697 500 immundus
723 452 841 509 est;
884 442 974 514 qui
1005 442 1073 497 de
1111 438 1345 510 peccatis
1370 434 1617 498 inflatur,
1650 442 1808 503 quam
1830 440 1966 483 cen-

392 522 649 607 scquctur
676 535 931 591 veniam?
955 532 1087 603 Quia
1108 544 1243 601 ergo
1273 528 1397 583 talis
1420 535 1537 582 erat
1562 525 1855 579 fornicator
1872 560 1888 581 .
1918 525 1977 574 et

392 629 624 684 animam
654 643 751 698 per
791 635 1064 697 peceatum
1098 624 1168 678 ita
1208 618 1538 691 petulantem
1560 626 1615 673 et
1640 617 1974 688 pervicacem

396 719 696 776 reddiderat
712 760 729 786 ,
753 714 1055 772 necessario
1080 714 1199 784 ejus
1221 713 1414 768 fastum
1442 710 1614 781 primo
1638 707 1841 778 dejicit.
1869 705 1974 762 Nec

394 830 499 883 que
537 813 637 867 hoc
664 810 869 865 crimen
901 808 1074 878 primo
1101 807 1250 877 ponit
1270 848 1283 867 ,
1311 814 1370 858 ut
1396 819 1465 858 ne
1498 804 1590 857 ille
1610 811 1772 857 eruat
1798 798 1975 871 pudo-

396 919 531 967 rem,
551 917 616 957 eo
636 899 783 971 quod
803 909 926 954 ante
948 899 1083 954 alios
1107 907 1424 959 accusetur;
1450 908 1622 964 neque
1642 901 1972 963 postremum

397 994 549 1048 illum
600 993 786 1062 ponit,
816 1000 872 1046 ut
904 1006 975 1045 ne
1004 996 1159 1060 putet
1197 987 1285 1042 iile
1325 1001 1443 1041 rent
1481 999 1634 1041 suam
1659 992 1719 1037 ut
1757 981 1975 1037 levioris

316 1119 331 1133 .-
394 1084 653 1139 momenti
681 1082 839 1154 quasi
863 1080 1013 1137 aliud
1040 1079 1249 1150 agendo
1278 1076 1491 1132 tractari
1518 1092 1533 1129 :
1561 1073 1656 1130 sed
1680 1087 1802 1130 cum
1829 1071 1975 1141 prius

394 1175 497 1238 ipsi
522 1175 748 1228 multum
773 1171 1084 1226 incussisset
1109 1170 1360 1224 timorem
1380 1181 1447 1221 ex
1466 1163 1679 1220 dicendi
1705 1162 1972 1226 libertate,

393 1280 496 1337 qua
524 1272 712 1340 contra
750 1263 887 1318 alios
928 1276 1057 1316 usus
1095 1268 1214 1324 est,
1264 1267 1389 1313 tune
1432 1256 1587 1311 iiluns
1628 1252 1970 1324 aggreditur,

397 1366 679 1426 postquam
700 1355 821 1424 ejus
843 1353 1200 1423 armgaminm
1223 1364 1320 1419 per
1338 1349 1562 1403 aliorum
1584 1346 1973 1403 correctionem

397 1449 547 1520 prius
571 1447 960 1519 exagitaverat.
989 1446 1117 1499 llaec
1142 1444 1284 1500 enim
1313 1444 1425 1513 ipsa
1459 1440 1620 1495 verba
1647 1479 1661 1503 ,
1695 1437 1843 1492 Nihil
1872 1437 1975 1490 mi-

397 1540 451 1593 lti
478 1539 706 1594 conscius
733 1554 880 1603 sum;
918 1535 1009 1591 sed
1033 1552 1133 1590 non
1159 1535 1212 1589 iit
1243 1535 1336 1587 hoc
1362 1532 1679 1603 justitiam“
1702 1545 1858 1594 sunt;
1882 1536 1938 1583 et
1956 1567 1974 1592 ,

400 1630 499 1697 Qui
518 1632 725 1702 judico!
760 1646 872 1699 me,
907 1628 1155 1682 Dominus
1177 1634 1250 1680 est
1272 1665 1292 1689 .
1314 1624 1403 1696 qui
1438 1633 1487 1677 et
1534 1620 1845 1678 illuminabit
1884 1620 1981 1675 ab

395 1723 626 1777 scondita
653 1721 971 1776 tenebrarum
989 1760 1004 1784 ,
1036 1727 1082 1773 et
1108 1715 1446 1788 manifestabit
1467 1715 1685 1770 consilio
1700 1714 1931 1768 rudium
1957 1754 1981 1780 ,
2004 1733 2010 1736 ⁴

402 1827 511 1868 non
534 1814 723 1868 leviter
747 1822 943 1868 etcum
967 1819 1029 1866 et
1044 1824 1165 1875 eos,
1197 1809 1287 1879 qui
1311 1807 1412 1877 ipsi
1439 1805 1836 1877 applaudebant
1853 1819 1978 1859 san-

401 1912 624 1972 ctosque
651 1900 1038 1970 despiciebant,
1063 1898 1396 1968 perstringit.
1420 1896 1556 1964 Quid
1585 1896 1752 1961 cuitu,
1783 1895 1974 1965 inquit,

399 1992 446 2046 si
474 1992 691 2062 quidam
731 1991 1066 2047 extrinsecus
1114 1989 1309 2042 virtute
1339 1987 1547 2057 przoditi
1582 1996 1645 2043 et
1680 1986 1978 2047 admirandi

397 2085 705 2154 apparent?
734 2083 850 2138 Non
876 2082 945 2138 de
972 2081 1331 2140 exterioribus
1359 2090 1565 2135 mittunt
1594 2079 1983 2150 fert

398 2176 489 2231 ille
509 2175 694 2245 jttdex,
717 2175 815 2230 sed
832 2174 993 2230 etiam
1014 2187 1208 2229 arcana
1237 2173 1295 2227 in
1314 2171 1553 2227 medium
1576 2170 1815 2227 adducit.
1839 2170 1982 2226 Dua-

399 2268 503 2323 bus
529 2282 692 2338 ergo,
721 2267 806 2322 vel
839 2266 1016 2336 potius
1047 2266 1216 2320 tribus
1273 2263 1345 2319 de
1386 2262 1564 2320 causis
1589 2262 1849 2333 judicium
1877 2276 1981 2317 no-

399 2368 572 2413 strum
586 2366 891 2414 accuratum
919 2371 1027 2412 non
1046 2364 1161 2421 est;
1185 2356 1358 2426 primo
1384 2354 1527 2425 quia,
1551 2353 1765 2409 etiamsi
1784 2352 1981 2408 nullius

403 2448 611 2517 peccati
647 2447 804 2502 nobis
844 2447 1047 2502 conscii
1076 2446 1282 2510 simus,
1324 2458 1459 2514 opus
1504 2453 1681 2499 tamen
1722 2443 1985 2503 habemus

401 2554 502 2605 eo,
529 2539 619 2609 qui
657 2547 872 2609 peccata
917 2543 1101 2592 nostra
1150 2544 1397 2592 accurate
1442 2529 1665 2607 arguat:
1703 2534 1977 2601 secundo,

401 2631 524 2699 quia
555 2644 623 2685 ex
651 2630 719 2684 iis
743 2643 860 2698 qua
891 2630 1026 2683 fiunt
1061 2629 1317 2699 pieraque
1340 2642 1440 2685 nos
1466 2628 1671 2693 latent;
1701 2627 1866 2682 tertio
1886 2628 1982 2685 de-

404 2735 551 2772 munt
568 2760 587 2785 ,
630 2720 756 2789 quia
782 2718 945 2773 multa
972 2718 1200 2774 aliorum
1226 2727 1381 2788 gesta
1405 2717 1566 2774 nobis
1594 2717 1808 2788 quidem
1841 2717 1981 2773 bona

402 2807 679 2874 videntur,
724 2808 822 2864 sed
883 2822 993 2864 non
1034 2824 1100 2863 ex
1153 2815 1295 2864 recta
1343 2808 1614 2865 sententia
1660 2807 1979 2877 procedunt.

403 2901 544 2968 Quid
571 2915 701 2972 ergo
727 2901 937 2964 dicitis,
966 2901 1067 2957 Ille
1097 2909 1191 2957 aut
1215 2901 1307 2958 ille
1332 2901 1463 2959 nihil
1503 2902 1747 2972 peccavit
1765 2943 1787 2968 ,
1809 2910 1868 2958 et
1895 2901 1983 2958 hic

404 2996 499 3048 illo
528 2995 717 3050 melior
740 2995 859 3050 est?
887 2993 1002 3049 Hoc
1023 2994 1169 3049 enim
1192 3009 1298 3050 non
1328 2993 1450 3049 licet
1481 2996 1850 3064 pronuntiare.
1880 3009 1981 3052 nc-

402 3103 513 3158 qtte
535 3087 602 3143 de
642 3087 732 3142 illo
754 3128 771 3151 ,
814 3087 905 3157 qui
931 3086 1135 3143 nullius
1170 3086 1273 3143 sibi
1300 3086 1549 3143 conscius
1591 3095 1712 3142 est:
1741 3102 1865 3143 nam
1889 3088 1982 3159 qui

404 3194 599 3234 arcana
638 3180 878 3250 judicat,
908 3180 1000 3235 ille
1047 3189 1132 3235 est
1173 3179 1261 3250 qui
1291 3189 1541 3237 accurate
1566 3179 1793 3250 iudicat.
1840 3181 1982 3238 Ecce

404 3273 564 3342 igitur
585 3311 601 3337 ,
633 3286 735 3341 ego
774 3272 906 3326 nihil
936 3270 1065 3326 mihi
1110 3270 1356 3328 conscius
1391 3285 1509 3326 sum
1540 3288 1559 3337 ;
1585 3270 1679 3328 sed
1705 3268 1881 3343 neque
1909 3272 1981 3327 ita

398 3363 720 3433 institit-atus
747 3377 866 3418 sum
893 3380 907 3416 :
944 3361 1047 3417 hoe
1072 3370 1158 3418 est
1181 3404 1195 3429 ,
1227 3362 1344 3418 Non
1386 3376 1503 3417 sum
1534 3377 1567 3418 a
1605 3363 1876 3421 reddenda
1895 3379 1982 3420 ras

404 3457 547 3511 time
571 3464 626 3510 et
653 3470 683 3509 a
713 3455 936 3510 crimine
962 3454 1238 3510 liberatus.
1260 3454 1375 3514 Non
1397 3456 1539 3512 enim
1567 3454 1671 3513 hoc
1697 3455 1849 3524 dicit,
1860 3455 1979 3514 Non

403 3548 459 3602 in
491 3561 714 3603 munero
754 3555 810 3601 et
837 3546 1023 3601 ordine
1046 3547 1314 3614 justorum
1354 3560 1505 3613 sunt;
1551 3547 1647 3605 sed
1670 3589 1686 3615 ,
1717 3546 1839 3604 Non
1860 3562 1979 3604 sum

395 3640 632 3696 mundus
660 3654 691 3693 a
714 3649 951 3710 peccato.
982 3637 1114 3694 Nam
1137 3637 1265 3695 alibi
1292 3638 1403 3697 ait:
1434 3639 1534 3705 Qui
1558 3648 1727 3694 autem
1754 3649 1982 3697 mortuus

395 3740 475 3786 ιω
492 3771 509 3797 ,
529 3731 848 3801 justi/iratus
868 3740 942 3785 est
965 3738 1224 3800 apscede
1264 3728 1436 3801 (Rom.
1475 3729 1529 3786 6.
1559 3730 1615 3800 Ἰ)
1643 3747 1659 3783 :
1687 3729 1741 3785 id
1761 3738 1847 3786 est
1864 3771 1880 3797 ,
1911 3730 1979 3786 li-

402 3823 615 3879 beratus
645 3833 745 3879 est.
774 3823 937 3878 Multa
971 3837 1101 3878 vero
1125 3821 1390 3889 facimus,
1431 3837 1553 3892 quae
1595 3823 1735 3880 bona
1764 3823 1979 3893 quidem

396 3924 554 3982 BHM,
582 3915 678 3971 sed
718 3929 829 3970 non
872 3930 943 3971 ex
981 3923 1125 3970 recta
1172 3915 1438 3971 sententia
1482 3914 1799 3984 procedunt.
1844 3914 1980 3971 Nam

399 4008 596 4064 inultos
625 4006 934 4074 laudamus,
967 4022 1073 4063 non
1098 4016 1159 4063 ut
1184 4007 1307 4064 illos
1328 4007 1643 4078 splendidos
1672 4007 1974 4075 reddamus,

397 4098 495 4154 sed
537 4107 595 4153 ut
623 4113 719 4168 per
763 4097 890 4154 illos
914 4098 1049 4154 alios
1078 4098 1361 4169 quospiam
1388 4098 1753 4157 mordeamtts.
1781 4099 1850 4155 Et
1891 4114 1982 4156 res

393 4191 613 4261 quidem
640 4192 751 4261 ipsa
794 4206 889 4262 per
935 4204 994 4247 se
1027 4190 1165 4245 bona
1195 4198 1310 4257 est;
1344 4191 1592 4247 laudatur
1628 4192 1773 4248 enim
1802 4192 1847 4248 is
1888 4192 1979 4263 qui

392 4295 542 4339 recte
567 4282 725 4346 fecit;
752 4283 847 4337 sed
874 4297 1026 4338 mens
1065 4281 1331 4338 laudantis
1361 4291 1611 4352 corrupta
1643 4291 1765 4339 est:
1797 4299 1864 4339 ex
1888 4298 1978 4339 sa-

402 4377 577 4431 tauica
604 4377 745 4431 enim
776 4376 1039 4431 sententia
1063 4374 1322 4445 procedit.
1348 4376 1465 4430 Non
1492 4377 1635 4432 enim
1674 4376 1828 4431 fratri
1852 4390 1978 4445 gra-

395 4468 572 4522 tulans
590 4506 604 4529 .
633 4467 729 4522 sed
756 4467 919 4521 alium
944 4466 1116 4522 ferire
1138 4468 1360 4537 cupiens
1387 4467 1491 4524 hoc
1514 4483 1658 4538 smpe
1683 4468 1801 4538 quis
1826 4467 1975 4524 fecit.

396 4560 605 4614 Rursus
623 4556 885 4625 quispiam
902 4558 1110 4626 grande
1128 4556 1349 4612 admisit
1363 4567 1666 4626 peceatum;
1691 4558 1828 4613 alius
1850 4572 1978 4614 vero

401 4650 576 4720 ipsum
602 4646 943 4717 supplantare
970 4646 1191 4712 volate,
1217 4646 1353 4701 nihil
1376 4647 1563 4704 fecisse
1588 4645 1749 4714 dicit,
1777 4655 1837 4703 et.
1856 4661 1977 4703 con-

395 4741 602 4796 solatur
628 4753 749 4795 eum
777 4745 1087 4810 peccantem
1108 4777 1123 4802 ,
1144 4737 1209 4793 ad
1235 4751 1574 4793 communem
1597 4745 1800 4795 natura:
1821 4753 1975 4797 usum

392 4831 741 4902 conhtgiens:
777 4847 963 4890 verum
990 4845 1134 4900 saepe
1182 4843 1289 4886 non
1330 4828 1474 4900 quod
1503 4828 1783 4899 ignoscere
1809 4829 1935 4886 velit
1958 4872 1973 4896 ,

380 4924 489 4979 sed
515 4934 573 4978 ut
596 4925 897 4995 segniorem
925 4924 1074 4980 illum
1095 4921 1290 4979 reddat
1315 4920 1418 4978 hoc
1439 4920 1580 4976 facit.
1613 4919 1842 4977 Rurstun
1870 4936 1974 4979 sa:—

372 5028 458 5086 θιιο
494 5015 743 5085 corripit,
789 5030 895 5070 non
923 5022 980 5068 ut
1002 5026 1189 5083 arguat
1223 5024 1279 5070 et
1305 5022 1552 5079 moneat,
1592 5012 1689 5070 sed
1713 5022 1768 5068 ut
1796 5014 1976 5082 ιιι-οχί-

391 5109 463 5163 mi
503 5117 779 5178 peccatum
823 5106 1039 5177 publice
1100 5107 1288 5164 ederat
1330 5118 1385 5162 et
1439 5108 1700 5165 traducat.
1745 5104 1974 5164 Consilia

390 5210 569 5256 autem
599 5199 845 5255 homines
879 5212 987 5253 non
1022 5205 1256 5261 norunt;
1284 5199 1374 5266 qui
1409 5200 1573 5254 corda
1595 5214 1724 5255 vero
1767 5209 1975 5257 scruta-

388 5306 509 5362 tur,
537 5302 785 5348 accurate
805 5292 935 5356 scit,
965 5301 1020 5346 et
1047 5290 1135 5344 illa
1176 5290 1356 5344 omnia
1384 5299 1511 5346 tunc
1537 5292 1590 5346 in
1616 5292 1857 5349 medium
1879 5292 1971 5350 ad-

385 5387 565 5441 duces.
597 5370 825 5455 ωεοὲιιιε
849 5383 1062 5439 dicebat
1087 5399 1100 5434 τ
1139 5381 1240 5449 Qui
1265 5391 1310 5435 et
1341 5381 1650 5437 illuminabit
1675 5385 1973 5441 abscondita

386 5478 704 5533 tenebrarum
729 5518 744 5543 ,
776 5488 826 5531 et
866 5477 1210 5546 tuanifestabit
1239 5475 1453 5531 consilia
1481 5477 1730 5531 sordium.

463 5568 705 5624 limine:
759 5585 911 5639 quam
944 5569 1196 5640 falluntur
1235 5567 1287 5622 in
1305 5566 1536 5640 judt'ciis.
1567 5598 1640 5608 —
1661 5567 1792 5624 Cum
1816 5583 1966 5638 ergo,

391 5661 607 5731 quando
628 5663 789 5716 etiam
821 5661 953 5717 nihil
983 5661 1138 5717 nobis
1161 5660 1364 5717 conscii
1390 5674 1597 5725 sumus,
1611 5660 1833 5716 crimine
1851 5659 1970 5729 puri

390 5766 506 5811 esse
535 5772 642 5815 non
683 5754 967 5826 possimus,
990 5762 1183 5811 etcum
1213 5751 1411 5824 aliquid
1453 5750 1580 5809 boni
1608 5750 1836 5822 agimus,
1869 5764 1967 5809 nec

2089 437 2223 478 vero
2245 438 2315 478 ex
2332 431 2483 478 recta
2506 422 2673 477 anitni
2697 422 2965 477 sententia
2995 423 3201 492 agimus
3219 463 3240 489 ,
3266 425 3538 495 supplicio
3560 429 3661 483 ob-

2082 514 2231 569 noxii
2252 516 2455 569 simus:
2483 515 2657 585 cogita
2673 529 2835 584 quam
2864 514 3113 571 fallantur
3139 516 3387 577 homines
3429 520 3486 576 in
3519 521 3666 592 jndi.

2080 606 2199 662 clis.
2231 605 2359 662 Haec
2406 605 2608 677 quippe
2632 607 2813 662 omnia
2835 620 2948 662 non
2975 616 3200 677 possunt
3229 607 3479 667 homines
3508 628 3664 669 asse-

2081 697 2194 766 qui,
2218 696 2313 751 sed
2337 697 2431 752 ille
2459 705 2663 753 tantum
2684 712 2975 766 numquam
2998 697 3281 755 dormiens
3297 702 3491 759 oculus
3515 743 3531 758 .
3558 704 3665 759 etsi

2083 785 2328 843 homines
2348 786 2626 851 fallamus,
2656 788 2803 843 iitum
2851 803 3139 857 numquam
3177 790 3532 861 decipiemus.
3584 794 3666 852 Ne

2080 879 2263 948 itaque
2299 878 2450 934 dicas
2473 919 2489 945 ,
2520 878 2782 935 Tenebras
2802 887 2855 935 et
2879 880 3117 950 parietes
3143 882 3198 937 in
3224 883 3457 939 circuitu
3481 896 3605 942 sunt
3638 927 3663 953 ,

2080 970 2205 1041 quis
2232 985 2319 1025 me
2349 970 2544 1025 videt?
2575 984 2698 1025 nam
2737 972 2826 1040 qui
2857 971 3008 1027 tinxit
3051 972 3321 1042 sigillatim
3369 975 3528 1031 corda
3565 992 3664 1031 ιι.)-

2080 1072 2214 1125 stra,
2242 1061 2361 1125 ipse
2387 1060 2565 1115 omnia
2597 1062 2749 1116 novit
2777 1078 2792 1115 :
2826 1064 3060 1119 tenebrae
3080 1065 3223 1120 enim
3245 1065 3386 1136 apud
3406 1082 3526 1123 eum
3550 1083 3663 1124 non

2080 1146 2527 1206 obscurabuntur.
2558 1151 2725 1207 Recte
2751 1162 2932 1207 autem
2958 1153 3088 1208 dicit
3114 1154 3160 1211 is
3188 1156 3278 1226 qui
3308 1168 3530 1226 peccat,
3559 1159 3663 1214 Te-

2081 1241 2263 1297 nebra:
2287 1251 2342 1299 et
2368 1243 2599 1312 parietes
2623 1242 2677 1298 in
2708 1244 2935 1299 circuitu
2959 1260 3081 1299 meo
3101 1255 3249 1302 sunt.
3275 1247 3389 1303 Nisi
3420 1249 3565 1304 enim
3609 1251 3663 1306 in

2081 1342 2261 1391 mente
2283 1333 2398 1403 ejus
2425 1334 2659 1389 tenebrxe
2680 1344 2885 1404 essent,
2911 1352 3022 1392 non
3041 1338 3141 1404 sic,
3171 1339 3347 1409 eiecto
3386 1341 3476 1397 Dei
3503 1343 3663 1399 timo-

2080 1440 2167 1491 re,
2186 1440 2307 1482 cum
2330 1425 2577 1481 libertate
2603 1426 2657 1481 id
2674 1425 2910 1484 fecisset.
2944 1427 3076 1487 Nam
3109 1430 3214 1486 nisi
3232 1431 3380 1501 prius
3404 1433 3513 1490 dux
3535 1435 3665 1491 ani»

2080 1516 2600 1575 mobienebratus
2624 1518 2808 1584 fuerit,
2865 1531 3144 1590 peccaturo
3165 1537 3288 1579 cum
3334 1524 3523 1581 fiducia
3578 1529 3664 1582 in-

2080 1611 2235 1681 gredi
2256 1625 2367 1667 non
2395 1620 2589 1680 potest.
2615 1611 2691 1666 Ne
2711 1628 2849 1682 ergo
2871 1613 3019 1671 dicas
3037 1631 3057 1668 :
3083 1616 3215 1683 Quis
3243 1633 3331 1673 me
3351 1618 3547 1675 videt?
3577 1631 3667 1677 est

2082 1702 2224 1759 enim
2278 1703 2367 1772 qui
2419 1712 2662 1772 penetrat
2708 1720 2876 1774 usque
2916 1706 2983 1761 ad
3025 1707 3262 1765 animam
3287 1719 3344 1766 et
3371 1712 3663 1784 spiritum,

2082 1809 2474 1865 compagesque
2493 1807 2548 1855 et
2575 1796 2839 1856 medullas
2860 1817 2873 1854 :
2902 1799 2999 1856 sed
3013 1810 3068 1856 tu
3097 1809 3148 1857 te
3168 1801 3343 1872 ipsum
3367 1821 3472 1861 non
3490 1808 3671 1876 vides,

2084 1903 2184 1945 nec
2228 1897 2376 1957 potes
2433 1890 2631 1945 nubem
2668 1889 2979 1958 dissecare;
3036 1909 3221 1953 verum
3265 1912 3333 1952 ac
3367 1898 3412 1952 si
3451 1916 3671 1956 murum

2084 1980 2324 2051 undique
2344 1980 2780 2053 circumpositum
2804 1984 3053 2051 haberes,
3080 2001 3190 2043 non
3213 1997 3365 2060 potes
3390 1990 3461 2045 ad
3474 1992 3671 2053 etclam

2084 2071 2372 2141 respicere.

2153 2166 2210 2223 4.
2270 2165 2646 2224 Fornicationis
2681 2169 2894 2239 spiritus
2929 2180 3165 2227 exeamus.
3209 2202 3282 2214 —
3321 2174 3473 2242 Quod
3519 2176 3673 2233 enim

2087 2263 2366 2326 peccatum
2390 2259 2475 2311 vis
2511 2256 2665 2326 prius
2702 2259 3121 2317 examinemus?
3164 2272 3219 2321 et
3242 2265 3323 2320 sic
3344 2264 3545 2323 factum
3571 2268 3668 2323 adv

2086 2348 2420 2419 missumque
2443 2347 2611 2405 fuisse
2646 2349 2871 2406 videbis.
2913 2352 3376 2420 Quemadmodum
3416 2358 3558 2413 enim
3581 2360 3669 2415 la-

2087 2446 2270 2496 trones
2288 2448 2342 2494 et
2367 2454 2644 2496 murorum
2696 2441 3005 2510 ed‘ossores,
3049 2460 3177 2502 cum
3198 2446 3326 2516 quid
3362 2450 3669 2518 pretiosum

2086 2530 2299 2588 auferre
2328 2531 2515 2587 velunt
2539 2573 2559 2598 ,
2587 2532 2852 2590 exstincta
2902 2534 3123 2592 lucema
3166 2537 3267 2593 hoc
3309 2550 3617 2608 perpetrant
3647 2559 3671 2595 ι

2086 2624 2165 2678 sie
2194 2622 2245 2677 in
2268 2622 2507 2692 peccatis
2553 2621 2683 2679 facit
2709 2632 2961 2696 corrupta
2992 2627 3151 2682 ratio.
3198 2628 3408 2684 Etenim
3434 2630 3486 2687 in
3509 2630 3671 2688 nobis

2086 2728 2296 2784 quoque
2328 2714 2425 2771 ιω.
2447 2723 2535 2770 est
2555 2715 2889 2775 rationabilis
2912 2730 3130 2789 semper
3150 2719 3367 2779 ardens.
3397 2721 3452 2778 Si
3483 2731 3671 2778 autem

2086 2807 2309 2876 spiritus
2366 2806 2743 2864 fornicationis
2784 2824 2907 2867 cum
2957 2811 3163 2882 impetu
3216 2828 3411 2885 magno
3456 2815 3668 2872 irruens

2086 2896 2361 2952 ﬂammam
2386 2898 2537 2955 illam
2582 2901 2927 2968 exstinxerit,
2948 2904 3130 2959 statim
3174 2905 3407 2963 anitnam
3446 2907 3669 2964 obteste-

2087 2989 2227 3055 brat,
2257 3001 2531 3063 expugnat
2557 3003 2614 3051 et
2635 2995 2823 3050 etauio
2840 3011 2959 3065 qum
3011 2996 3208 3055 adsunt
3232 2999 3415 3056 statim
3458 3001 3664 3075 diripit.

2086 3082 2222 3139 Cum
2246 3084 2393 3140 enim
2418 3085 2596 3143 anima
2626 3104 2655 3141 a
2688 3087 2893 3142 lasciva
2928 3091 3361 3161 concupiscentia
3413 3096 3622 3165 capitur
3644 3136 3666 3162 ,

2087 3181 2147 3227 ut
2172 3175 2352 3231 nubes
2372 3185 2433 3230 et
2465 3176 2643 3247 caligo
2662 3180 2905 3250 corporis
2944 3181 3155 3251 oetdos,
3198 3184 3271 3238 ita
3309 3187 3504 3242 mentis
3543 3203 3667 3259 pro-

2085 3267 2351 3336 spiciendi
2369 3268 2675 3325 facultatem
2694 3286 2982 3341 occupans,
3007 3274 3137 3331 nihil
3166 3276 3295 3335 sinit
3319 3277 3503 3337 videre
3529 3281 3669 3337 ulte-

2087 3358 2224 3424 rius,
2251 3374 2356 3415 non
2384 3360 2756 3431 prmcipitium,
2780 3376 2885 3418 non
2910 3365 3233 3434 gehennam,
3266 3383 3373 3423 non
3394 3370 3663 3439 timorem,

2087 3450 2185 3505 sed
2209 3451 2279 3506 ab
2303 3450 2408 3506 illis
2434 3451 2642 3507 insidiis
2672 3454 2953 3524 tyrannice
2974 3466 3231 3527 occupata
3260 3458 3509 3529 demum,
3542 3478 3664 3535 pec-

2086 3550 2213 3597 cato
2248 3540 2420 3599 facilis
2473 3552 2780 3615 expugnato
2829 3545 3009 3602 evadit
3043 3564 3059 3602 :
3089 3556 3144 3603 et
3179 3549 3319 3604 sicut
3348 3552 3524 3623 paries
3549 3554 3669 3610 sine

2086 3634 2343 3691 fenestris
2366 3645 2493 3692 ante
2517 3638 2701 3693 oculos
2745 3638 3006 3695 excitatus
3032 3657 3138 3697 non
3164 3642 3294 3698 sinit
3334 3644 3543 3701 radium
3582 3646 3667 3716 ju-

2085 3728 2245 3788 Slitite
2282 3729 2451 3783 menti
2476 3727 2682 3795 lucere,
2710 3729 2965 3787 absurdis
2986 3732 3223 3788 libidinis
3255 3734 3667 3805 cogitationibus

2087 3821 2260 3891 ipsam
2279 3819 2512 3889 undique
2540 3820 2880 3892 cingentibus
2906 3838 2928 3888 ;
2950 3832 3007 3877 et
3029 3831 3157 3879 tunc
3183 3827 3419 3881 occurrit
3449 3827 3525 3882 illi
3547 3842 3662 3884 nte-

2086 3911 2255 3975 t‘ctris
2280 3919 2408 3967 ante
2433 3911 2641 3978 oculos,
2666 3921 2794 3969 ante
2816 3922 3051 3970 mentem
3075 3955 3090 3982 ,
3142 3925 3270 3971 ante
3312 3918 3666 3988 cogitationes

2082 4011 2234 4060 stans
2258 4011 2312 4057 et
2330 4016 2643 4073 apparens;
2683 4017 2747 4058 ac
2784 3990 3236 4075 quemadmodum
3284 4007 3417 4063 catci
3447 4009 3498 4062 in
3544 4009 3663 4079 ipso

2084 4093 2306 4153 meridie
2333 4094 2436 4150 sub
2461 4094 2577 4151 οτι)ιὶ
2605 4095 2789 4152 medio
2806 4103 3008 4152 stantes
3039 4097 3214 4153 lucem
3235 4114 3340 4153 non
3365 4099 3659 4170 excipiunt,

2084 4187 2283 4242 clausis
2304 4186 2407 4244 sibi
2432 4186 2639 4244 oculis:
2669 4188 2748 4244 sic
2775 4196 2829 4243 et
2849 4188 2948 4254 illi,
2979 4188 3083 4244 etsi
3106 4189 3384 4247 innumera
3427 4192 3666 4262 undique

2084 4278 2214 4349 ipsis
2259 4278 2516 4335 insoneut
2554 4278 2809 4334 salutaria
2849 4278 3123 4351 dogmata,
3144 4281 3319 4336 anima
3340 4280 3447 4337 hoc
3473 4284 3664 4339 morbo

2084 4377 2357 4438 (ξω-περιρ,
2385 4368 2489 4425 illis
2510 4369 2758 4425 omnibus
2785 4371 2964 4428 verbis
2988 4386 3147 4427 aures
3173 4372 3473 4429 obstruunt.
3496 4369 3663 4443 quue

2085 4458 2252 4530 probe
2277 4458 2457 4514 sciunt
2479 4458 2541 4527 ii,
2570 4459 2661 4530 qui
2692 4475 2807 4516 rem
2834 4463 3046 4531 experti
3072 4471 3215 4519 sunt.
3254 4462 3450 4518 Verum
3477 4462 3621 4519 absit
3642 4504 3659 4530 ,

2084 4558 2144 4604 ut
2170 4563 2269 4604 vos
2289 4547 2341 4604 id
2369 4549 2697 4620 experientia
2745 4550 3063 4610 didiceritis.
3118 4550 3301 4623 Neque
3338 4553 3442 4609 hoc
3483 4553 3663 4611 solum

2084 4651 2362 4713 peccatum
2389 4643 2445 4699 id
2469 4642 2630 4713 facit,
2663 4644 2757 4701 sed
2789 4645 2952 4702 etiam
2990 4647 3164 4719 quivis
3184 4646 3322 4703 alius
3356 4661 3511 4703 amor
3533 4660 3661 4717 pra-

2081 4751 2200 4792 vus.
3025 4746 3033 4753 ’

2156 4829 2502 4886 Pecuniam»:
2544 4847 2689 4887 amor
2717 4842 2904 4905 quanta
2932 4833 3070 4888 mala
3099 4835 3286 4905 pariat.
3315 4865 3387 4876 —-
3410 4835 3663 4891 Transfe-

2082 4937 2261 4978 ramus
2287 4924 2456 4989 enim,
2477 4923 2522 4979 si
2553 4924 2749 4993 placet,
2773 4938 3076 4980 sermonem
3107 4940 3135 4978 a
3167 4924 3452 4982 meretrice
3475 4926 3541 4981 ad
3565 4942 3661 4997 pe-

2080 5016 2289 5084 cunias,
2329 5024 2384 5072 et
2419 5016 2506 5071 hic
2548 5031 2761 5088 quoque
2810 5015 3109 5073 videbimus
3154 5016 3349 5073 densas
3389 5018 3660 5074 tenebras.

2082 5110 2193 5165 Illic
2215 5110 2356 5165 enim
2385 5109 2526 5179 quod
2557 5126 2659 5165 una
2680 5119 2883 5165 tantum
2906 5111 2976 5166 sit
2999 5110 3225 5175 amasia,
3246 5111 3299 5167 in
3327 5126 3434 5166 uno
3456 5112 3659 5169 inclusa

2080 5199 2222 5263 loco,
2252 5214 2358 5254 non
2384 5200 2461 5254 ita
2501 5199 2794 5255 vehemens
2828 5209 2911 5256 est
2935 5201 3158 5257 morbus
3180 5219 3194 5255 :
3219 5201 3271 5257 in
3297 5202 3538 5271 pecuniis
3561 5218 3654 5259 au-

2081 5300 2211 5358 tem,
2244 5306 2365 5361 qua:
2411 5290 2607 5360 ubique
2649 5293 3003 5360 apparent,in
3044 5295 3364 5365 argentariis
3407 5293 3655 5360 ofﬁcinis,

2077 5382 2132 5438 in
2164 5382 2498 5446 diversoriis,
2524 5381 2577 5435 in
2603 5381 2920 5449 aurificinis,
2951 5384 3004 5443 in
3028 5384 3254 5442 divitum
3285 5387 3493 5442 aedibus
3518 5426 3534 5450 ,
3561 5400 3659 5440 ve-

2079 5474 2303 5530 hemens
2341 5472 2510 5542 spirat
2538 5487 2711 5528 amor.
2757 5473 2985 5542 Quando
3013 5478 3157 5537 enim
3189 5493 3386 5550 pueros
3427 5476 3663 5546 superbe

2075 5575 2297 5636 agentes
2323 5562 2538 5631 infero,
2562 5581 2728 5636 equos
2750 5581 2885 5626 auro
2908 5580 3157 5637 onuStos,
3183 5569 3432 5626 homines
3453 5568 3666 5640 magni-

2076 5656 2191 5712 licis
2210 5664 2265 5713 et
2284 5657 2612 5727 sumptuosis
2647 5658 2886 5715 vestibus
2934 5669 3193 5730 ornatos,
3224 5658 3662 5731 concupiscentia

2077 5760 2254 5810 motus
2292 5748 2504 5808 videtis
2526 5750 2615 5823 qui
2639 5749 2743 5808 hoc
2762 5752 2951 5813 morbo
2985 5751 3285 5827 detinetur,
3311 5754 3494 5812 multis
3515 5762 3665 5811 tene-
