4100 6214
407 306 480 361 91'
501 295 514 312 ’

400 419 461 473 16
488 415 584 471 καὶ
615 413 1109 485 πεφυσιῶσθαιιέπὶ
1136 418 1249 479 τοῖς
1271 417 1651 490 ἁμαρτήμασι,
1697 421 1855 484 ποίας
1885 438 1970 474 κο-

397 502 608 565 λάσεώς
631 502 779 552 ἐστιν
803 500 979 563 ἀξιονί
1017 501 1077 552 EI
1111 501 1218 572 γάρ
1251 502 1279 552 ό
1303 502 1396 554 ἐπὶ
1421 505 1533 566 τοῖς
1552 503 1969 575 κατορθώμασιν
2009 547 2013 553 .

397 585 782 655 ἐπαιρόμενος,
832 582 1141 652 ἀκάθαρτός
1189 586 1354 650 ἐστιν,
1404 588 1432 639 6
1483 585 1574 639 ἐπὶ
1608 588 1967 658 ἁμαρτήμασι

396 670 557 722 τοῦτο
607 667 856 737 πάσχων,
889 667 1046 729 ποίας
1094 667 1342 735 τεύξεται
1403 671 1762 742 συγγνώμης;
1819 669 1972 723 Ἐπεὶ

398 749 494 808 οῦν
523 751 762 813 τοιοῦτος
801 745 872 819 ἦν
901 751 932 801 6
965 752 1372 822 πεπορνευκὼς,
1419 755 1514 807 καὶ
1543 755 1642 824 τὴν
1669 754 1850 824 ψυχὴν
1878 751 1970 806 06-

395 853 507 899 τως
543 832 742 904 ἰταμὴν
768 833 864 886 καὶ
888 831 1197 886 δυσένδοτον
1227 835 1521 905 εἰργάσατο
1547 837 1636 890 διὰ
1663 840 1760 908 τῆς
1789 838 1969 908 ἁμαρ-

400 919 542 980 τίας,
591 916 907 985 ἀναγκαίως
947 915 1116 970 αὑτοῦ
1163 919 1595 988 προκαταϐάλλει
1639 920 1732 973 τὸν
1774 919 1966 989 τῦφον.

401 1002 511 1056 Καὶ
537 1000 660 1055 οὔτε
707 999 923 1074 πρῶτον
950 1000 1132 1071 τίθησι
1159 1002 1220 1055 τὸ
1252 1001 1525 1073 ἔγκλημα,
1555 1003 1698 1056 ὥστε
1747 1002 1821 1074 μὴ
1868 1004 1971 1055 ἀπ-

398 1084 824 1154 αναισχυντῆσαι
856 1083 1039 1149 αὐτὸν,
1063 1084 1140 1146 ὡς
1169 1084 1274 1155 πρὸ
1297 1085 1407 1137 τῶν
1440 1085 1614 1139 ἀλλων
1641 1085 1970 1155 ἐγκαλούμε-
2001 1119 2004 1122 ~

396 1184 508 1221 νον·
542 1166 668 1220 οὔτε
691 1167 749 1218 δέ
779 1165 1027 1236 ὕστερον,
1052 1165 1192 1219 ὥστε
1217 1168 1378 1220 αὐτὸν
1407 1168 1482 1238 μὴ
1512 1167 1733 1238 νομίσαι
1759 1167 1967 1238 πάρερ-

396 1269 495 1320 γον
524 1247 663 1304 εἷναι
689 1250 751 1302 16
774 1251 894 1303 κατ’
921 1249 1111 1302 αὐτόν·
1162 1249 1296 1304 ἀλλά
1327 1251 1591 1321 πρότερον
1625 1251 1789 1305 πολὺν
1818 1249 1967 1320 αὐτῷ

396 1334 562 1403 φόϐον
592 1333 763 1397 ἐνθεὶς
815 1336 879 1387 ἐκ
904 1334 1006 1404 τῆς
1049 1333 1185 1405 πρὸς
1229 1335 1447 1406 ἐτέρους
1487 1334 1965 1406 παρῤησίας,,τότε

395 1418 486 1471 ἐπ’
513 1417 673 1470 αὐτὸν
699 1419 884 1487 χωρεῖ,
912 1418 969 1469 ἐν
992 1420 1057 1488 τῇ
1089 1417 1225 1487 πρὸς
1249 1417 1467 1489 ἐτέρους
1492 1419 1807 1489 ἐπιτιμήσει
1839 1435 1972 1489 προ-

395 1500 700 1553 κατασείων
723 1497 889 1552 αὐτοῦ
916 1498 1014 1568 τὴν
1057 1500 1332 1553 ἀπόνοιαν.
1368 1502 1517 1554 Αύτά
1544 1501 1654 1570 γὰρ
1687 1499 1858 1553 ταῦτα
1896 1499 1965 1553 τὰ

395 1585 616 1652 ῥήματα
641 1582 723 1642 τὸ.
770 1579 964 1634 Οὐδὲν
995 1580 1229 1650 ἐμαυτῷ
1268 1584 1542 1647 σύνοιδα,
1577 1583 1717 1638 ἀλλ’
1749 1585 1861 1637 οὐκ
1895 1583 1965 1635 ἐν

392 1667 584 1730 τούτῳ
612 1663 1014 1733 δεδικαίωμαι·
1045 1665 1136 1718 καὶ
1164 1665 1246 1730 τὸ,
1285 1666 1348 1720 Ὀ
1376 1667 1595 1736 κρίνων
1614 1685 1711 1734 με,
1745 1667 1962 1734 Κύριός

391 1749 584 1811 ἐστιν,
613 1747 682 1812 ὃς
709 1749 806 1800 καί
861 1748 1107 1816 φωτίσει
1142 1749 1214 1802 τὰ
1262 1749 1496 1817 κρυπτὰ
1527 1751 1632 1803 τοῦ
1675 1751 1957 1814 σκότους,

392 1831 492 1885 καὶ
539 1829 868 1900 φανερώσει
902 1830 1009 1895 τὰς
1030 1831 1269 1897 ,ϐουλὰς
1298 1831 1418 1885 τῶν
1446 1831 1724 1900 καρδιῶν,
1753 1832 1851 1902 οὐχ
1883 1833 1961 1894 ὡς

390 1916 549 1985 ἔτυχε
573 1915 830 1968 κάκείνου
861 1915 955 1967 καὶ
978 1914 1086 1968 τῶν
1113 1915 1344 1986 ἐκείνῳι
1365 1916 1464 1986 μὲν
1495 1916 1960 1986 συγκροτούντων,

389 1999 519 2061 τοὺς
549 1998 604 2050 δέ
631 1997 816 2064 ἁγίους
848 1997 1293 2062 ἐξουθενούντων,
1331 1999 1693 2055 καθάπτεται.
1729 1999 1794 2051 Τί
1825 1997 1958 2068 γὰρ,

391 2081 577 2151 φησὶν,
605 2081 654 2132 εἰ
684 2079 881 2144 ἔξωθεν
905 2080 1150 2151 ἐνάρετοι
1195 2081 1478 2151 φαίνονταί
1510 2099 1660 2145 τινες
1693 2082 1788 2135 καὶ
1824 2081 1958 2135 θαυ-

393 2164 622 2232 μαστοί;
655 2163 728 2216 Οὐ
757 2163 866 2216 τῶν
889 2162 1090 2230 ἔξωθεν
1109 2167 1305 2237 κριτής
1343 2167 1461 2218 ἐστι
1507 2165 1666 2236 μόνον
1695 2166 1903 2228 ἐκεῖνος
1931 2166 1960 2218 6

386 2247 667 2318 δικαστὴς,
714 2247 848 2301 ἀλλά
898 2247 996 2301 καὶ
1049 2248 1118 2302 τά
1169 2250 1458 2321 ἀπόρρητα
1501 2251 1582 2314 εἰς
1616 2248 1779 2320 μέσον
1810 2249 1968 2316 ἀγει.-

387 2331 492 2383 Δύο
524 2333 704 2383 τοίνυν
745 2331 950 2397 ἕνεκεν,
991 2331 1190 2401 μᾶλλον
1223 2333 1279 2385 δέ
1321 2334 1415 2386 καὶ
1445 2332 1633 2404 τριῶν,
1675 2333 1776 2385 οὐκ
1807 2331 1958 2386 ἔστιν

386 2415 545 2482 ἡμῶν
593 2417 626 2484 ἡ
661 2414 840 2485 κρίσις
878 2415 1143 2485 ἀκριϐής·
1189 2416 1306 2479 ένδς
1359 2417 1480 2485 μέν,
1533 2417 1614 2470 ὅτι
1650 2415 1754 2469 κᾶν
1789 2416 1957 2487 μηδὲν

383 2493 538 2567 ὦμεν
568 2500 776 2560 ἑαυτοῖς
801 2497 1122 2562 συνειδότες,
1149 2500 1297 2570 ὅμως
1320 2500 1551 2570 δεόμεθα
1579 2499 1674 2553 τοῦ
1697 2499 1766 2553 τά
1787 2499 1966 2570 ιἰμαρ-Δ

383 2582 608 2650 τήματα
645 2581 800 2651 ἡμῶν
834 2581 1148 2651 ἐλέγχοντος
1206 2584 1342 2653 μετά
1389 2585 1707 2654 ἀκριϐείας·
1763 2584 1954 2655 ἐτέρου

380 2663 464 2729 δὲ,
487 2665 571 2716 ὅτι
598 2663 662 2717 τά
697 2664 914 2717 πλείονα
944 2666 1051 2718 τῶν
1073 2666 1370 2735 γινομένων
1395 2669 1542 2737 ἡμᾶς
1577 2667 1829 2722 λανθάνει
1863 2670 1958 2723 καὶ

384 2747 710 2818 κρύπτεται·
759 2748 854 2800 καὶ
897 2748 1081 2818 τρίτου
1114 2748 1248 2820 πρὸς
1275 2749 1507 2814 τούτοις,
1533 2751 1615 2804 ὅτι
1643 2752 1815 2805 πολλά
1845 2752 1954 2805 τῶν

383 2834 692 2901 γενομένων
742 2831 872 2901 παρ’
927 2832 1126 2904 ἐτέρων
1175 2832 1322 2885 δοκεῖ
1358 2835 1455 2904 μὲν
1487 2837 1617 2904 ἡμῖν
1657 2834 1820 2896 καλά,
1853 2837 1956 2891 οὐκ

383 2916 495 2967 ἀπὸ
523 2915 691 2984 όρθῆς
719 2915 776 2968 δὲ
811 2915 1020 2983 γίνεται
1070 2914 1314 2986 γνώμης.
1365 2917 1428 2969 Τί
1473 2918 1654 2971 τοίνυν
1681 2920 1841 2989 φατὲ,
1871 2921 1953 2973 ὅτι

380 2999 538 3051 οὐδὲν
569 2999 881 3068 ἡμάρτηται
933 2998 1012 3069 τῷ
1055 2999 1186 3052 δεῖνι
1212 3000 1307 3052 καὶ
1339 2999 1417 3070 τῷ
1445 3001 1595 3064 δεῖνι,
1632 3005 1724 3056 καὶ
1749 3006 1777 3056 6
1807 3004 1954 3059 δεῖνα

378 3081 486 3133 τοῦ
507 3080 674 3142 δεῖνος
703 3079 962 3150 βελτίων;
1019 3081 1188 3135 Τοῦτο
1217 3082 1325 3153 γὰρ
1352 3085 1452 3136 οὐκ
1489 3083 1637 3138 ἐστιν
1666 3086 1953 3157 ἀποφήνα-

380 3163 533 3224 σθαι,
564 3163 684 3215 οὐδὲ
707 3162 838 3232 περὶ
867 3161 961 3216 τοῦ
1010 3165 1176 3234 μηδὲν
1208 3167 1386 3236 ἐαυτῷ
1424 3167 1744 3233 συνειδότος·
1781 3167 1808 3219 ὁ
1841 3167 1952 3238 γάρ

377 3248 448 3298 τὰ
480 3246 767 3317 ἀπόρρητα
796 3247 1018 3316 κρίνων,
1042 3249 1246 3313 ἐκεῖνός
1275 3251 1420 3303 ἐστιν
1450 3253 1479 3304 6
1499 3252 1639 3321 μετά
1667 3251 1952 3320 ἀκριϐείας

374 3328 634 3392 δικάζων.
669 3329 801 3382 Ἰδοὺ
851 3329 1001 3397 γοῦν,
1033 3331 1154 3385 ούδέ
1184 3332 1298 3401 ἐγώ
1344 3351 1398 3386 τι
1436 3335 1658 3406 ἐμαυτῷ
1691 3337 1908 3392 σύνοιδα
1930 3356 1947 3371 ·

377 3413 499 3466 ἀλλ’
531 3413 650 3466 οὐδὲ
695 3411 840 3466 οὓτω
886 3414 1264 3484 δεδικαίωμαι·
1304 3418 1601 3480 τουτέστιν,
1629 3421 1730 3474 οὐκ
1771 3421 1949 3491 ἀπήλ-

376 3496 592 3570 λαγμαι
619 3495 727 3547 τῶν
756 3495 1004 3550 εὐθυνῶν
1022 3497 1143 3551 οὐδὲ
1170 3498 1278 3549 τῶν
1315 3499 1694 3570 ἐγκλημάτων.
1735 3504 1808 3555 Οὐ
1840 3503 1951 3574 γὰρ

375 3579 538 3630 τοῦτό
562 3595 748 3646 φησιν,
779 3579 862 3631 ὅτι
914 3579 1026 3632 Οὐκ
1069 3582 1126 3632 ἐν
1155 3582 1266 3644 τοῖς
1303 3581 1331 3621 b
1380 3583 1610 3648 δικαίοις
1653 3586 1946 3656 τέταγμαι,

376 3662 606 3714 ἀλλ’ὅτι
632 3663 746 3714 Οὐκ
793 3663 909 3732 εἰμὶ
946 3662 1185 3733 καθαρὸς
1228 3664 1337 3717 ἀπὸ
1365 3665 1659 3736 ἁμαρτίας.
1696 3669 1807 3722 Καὶ
1839 3668 1950 3739 7&9

375 3743 612 3814 ἀλλαχοῦ
641 3760 826 3814 φησιν·
870 3747 924 3796 '0
975 3744 1042 3797 δὲ
1089 3747 1408 3801 ἀποθανὼν
1437 3748 1550 3821 [9|]
1579 3750 1947 3804 δεδικαίωται

377 3825 496 3879 ἀπὸ
527 3825 637 3891 τῆς
667 3828 980 3896 ἁμαρτίας·
1040 3829 1336 3895 τουτέστιν,
1372 3832 1738 3901 ἀπήλλακται.
1768 3833 1946 3888 Πολλά

376 3910 430 3962 δὲ
465 3911 554 3963 καὶ
584 3911 895 3980 πράττομεν
922 3911 1099 3978 ἀγαθά
1127 3913 1250 3981 μὲν,
1273 3914 1372 3968 οὐκ
1397 3915 1507 3968 ἀπὸ
1528 3915 1694 3986 ὀρθῆς
1719 3917 1776 3970 δὲ
1803 3915 1947 3986 γνώ-

380 4010 508 4062 μης.
560 3994 672 4047 Καὶ
722 3995 830 4060 7&9
885 3995 1216 4065 ἐπαινοῦμεν
1251 3995 1498 4061 πολλοὺς,
1556 3999 1657 4051 οὐκ
1703 4000 1945 4063 ἐκείνους

376 4079 598 4147 ποιῆσαι
627 4078 915 4147 λαμπροὺς
948 4077 1282 4150 βουλόμενοι.
1313 4081 1429 4134 ἀλλ’
1457 4083 1678 4153 ἐτέρους
1703 4083 1771 4136 δι’
1795 4084 1945 4136 ἐκεί-

375 4177 481 4213 νων
503 4161 740 4214 δάκνειν.
774 4161 880 4213 Καὶ
911 4161 972 4214 τὸ
1007 4163 1111 4232 μέν
1134 4163 1438 4234 γινόμενον,
1480 4165 1642 4219 καλὸν
1677 4167 1942 4234 (ἐπαινεῖ-

374 4260 464 4297 ται
508 4245 616 4315 γὰρ
663 4245 708 4297 6.
741 4244 1066 4316 κατορθῶν),
1113 4249 1147 4316 ἡ
1190 4247 1248 4300 δὲ
1295 4248 1505 4303 διάνοια
1531 4249 1940 4321 διεφθαρμένη·

374 4328 481 4380 ἀπὸ
518 4328 818 4396 σατανικῆς
865 4330 974 4400 γὰρ
1026 4331 1236 4396 γίνεται
1289 4331 1535 4402 γνώμης.
1601 4335 1676 4386 O6
1711 4333 1822 4403 7&9
1863 4335 1943 4407 τῷ

371 4411 590 4481 ἀδελφῷ
639 4411 972 4480 συγχαίρων,
1009 4412 1144 4466 ἀλλά
1197 4413 1290 4468 τὸν
1317 4414 1505 4486 ἕτερον
1536 4415 1720 4485 βαλεῖν
1749 4418 1950 4472 ἐπιθυ-ς

377 4495 510 4564 μῶν,
541 4493 700 4547 τοῦτο
745 4494 1007 4558 πολλάκις
1058 4497 1327 4567 πεποίηκέ
1355 4500 1682 4562 τις.,Πάλιν,
1721 4500 1938 4574 ἥμαρτέ

369 4594 454 4640 τις
477 4576 754 4648 ἁμαρτίαν
781 4577 1255 4648 μεγάληνιὲτερός
1284 4597 1368 4643 τις
1398 4581 1560 4636 αὐτὸν
1580 4583 1938 4640 ὑποσκελίσαι

373 4660 711 4730 βουλόμενος,
760 4659 911 4713 οὐδέν
940 4677 1103 4731 φησιν
1134 4662 1442 4733 εἰργάσθαι,
1473 4666 1567 4719 καὶ
1596 4658 1945 4738 παραμυθεῖ--

369 4761 460 4796 ται
480 4745 640 4814 δῆθεν
668 4744 830 4797 αὐτὸν
863 4745 1376 4814 ἁμαρτάνοντα,ἐπὶ
1406 4749 1468 4801 τὸ
1498 4750 1676 4804 κοινὸν
1709 4751 1808 4819 τῆς
1833 4753 1949 4823 <96-

368 4843 508 4890 σεως
561 4826 956 4896 καταφεύγων·
1004 4827 1119 4883 ἀλλ’
1170 4830 1228 4882 06
1281 4831 1605 4899 συγγνῶναι
1652 4834 1954 4902 πολλάκις,

372 4909 506 4962 ἀλλά
572 4909 959 4981 ῥᾳθυμότερον
991 4911 1327 4982 ἐργάσασθαι
1375 4913 1722 4984 βουλόμενος,
1779 4918 1938 4972 τοῦτο

370 4995 533 5044 ποιεῖ.
559 4993 730 5046 Πάλιν
757 4992 1078 5070 ἐπιπλῄττει
1098 4995 1377 5060 πολλάκις,
1404 4998 1503 5068 οὐχ
1531 4997 1672 5055 ὥστε
1719 4999 1936 5070 ἐλέγξαι

371 5075 471 5126 καὶ
493 5075 827 5148 νουθετῆσαι,
857 5067 972 5131 ἀλλ’
1000 5077 1140 5132 ὥστε
1169 5067 1551 5150 ἐκπμπεῦσαι
1581 5083 1677 5137 καὶ
1697 5067 1936 5156 ἐκτραγ-

368 5156 577 5226 ῳδῆσαι
625 5161 699 5230 τῷ
749 5161 979 5230 πλησίον
1011 5161 1108 5233 τὴν
1144 5163 1437 5234 ἁμαρτίαν.
1484 5165 1594 5230 Τάς
1638 5168 1696 5221 δέ
1739 5168 1935 5238 βουλὰς

363 5239 540 5303 αὺτάς
579 5241 852 5314 ἄνθρωποι
899 5244 996 5314 μὲν
1045 5246 1146 5299 οὐκ
1199 5247 1399 5312 ἴσασιν,
1443 5249 1471 5301 ὀ
1499 5249 1678 5314 δὲτὰς
1706 5253 1934 5323 καρδίας

361 5324 604 5394 ἐρευνῶν
648 5328 898 5396 ἀκριϐῶς
958 5329 1267 5395 ἐπίσταται,
1325 5334 1418 5386 καὶ
1465 5336 1545 5397 εἰς
1603 5335 1767 5406 μέσον
1815 5337 1933 5404 ἄξει

359 5409 541 5461 πάντα
568 5411 688 5463 τότε
727 5413 1045 5467 ἐκεῖνα..Διδ
1078 5415 1172 5467 καί¹
1200 5415 1384 5483 ἐλεγεν
1403 5433 1417 5448 ·
1457 5418 1553 5482 Ὃς
1584 5420 1828 5487 φωτίσει
1861 5421 1934 5476 τὰ

356 5492 594 5558 κρυπτὰ
622 5493 736 5546 τοῦ
760 5495 1042 5562 σκότους,
1077 5497 1174 5550 καὶ
1199 5500 1532 5568 φανερώσει
1561 5501 1664 5568 τὰς
1693 5503 1932 5570 ,βουλὰς

358 5575 478 5628 τῶν
503 5575 785 5642 καρδιῶν.

434 5679 601 5732 Ὅταν
618 5675 714 5733 οὖν
744 5681 839 5733 καὶ
872 5681 931 5736 ἐν
957 5681 1035 5752 τῷ
1060 5683 1225 5752 μηδὲν
1261 5685 1477 5750 ἑαυτοῖς
1517 5688 1812 5742 συνειδέναι
1853 5689 1928 5761 μὴ

423 5868 444 5896 ⁸
471 5870 634 5936 Nili,
657 5875 844 5938 ἐκείνῳ.
877 5875 1022 5940 1193.,
1046 5878 1237 5927 ἐκεῖνον.
1305 5886 1330 5926 b
1357 5881 1464 5944 Rrg
1490 5919 1508 5945 ,.
1529 5884 1600 5931 ὅτι
1627 5884 1672 5932 ἐν
1693 5884 1802 5941 τοῖς.

1510 306 1578 363 ΙΝ
1619 312 1851 366 Ενιδί.
1881 315 1897 365 Ι
1933 315 2024 366 Al)
2060 317 2216 370 6011.
2262 318 2498 372 1103111..
2540 319 2627 376 XI.

3577 331 3650 386 9‘}

2073 424 2355 514 δυνώμεθα
2369 429 2739 514 ἐγκλημάτων
2771 428 2908 486 εἶναι
2938 433 3188 504 καθαροὶ,
3211 439 3303 491 κσίι
3325 440 3384 492 ἐν
3402 438 3482 506 οἷς
3509 446 3642 514 ἀγα-

2077 507 2168 560 θόν
2190 525 2244 562 τι
2275 511 2607 597 πράττομεν,
2634 516 2739 568 οὐκ·
2757 517 2864 569 ἀπὸ
2890 518 3054 588 ὀρθῆς
3081 519 3139 573 δὲ
3163 522 3386 592 γνώμης
3406 507 3640 597 πράττο-

2078 607 2198 678 μεν,
2226 596 2497 678 τιμωρίας
2522 591 2671 666 ὦμεν
2701 598 3010 664 ὑπεύθυνοι,
3043 603 3295 671 ἐννόησον
3327 591 3468 678 πόση
3495 612 3642 678 παρὰ

2070 673 2377 760 ἀνθρώποις
2409 679 2592 748 ἀπάτη
2616 682 2744 750 περὶ
2763 682 2862 745 τὰς
2885 683 3113 752 κρίσεις.
3136 686 3320 740 Πάντα
3345 673 3643 760 γάρ’ταῦτα

2070 755 2394 844 ἀνθρώποις
2429 762 2527 844 μέν
2573 763 2674 816 οὐκ
2715 764 2862 818 ἐστιν
2898 766 3120 834 ἐφικτὰ,
3158 767 3233 837 τῷ
3263 769 3320 822 δὲ
3355 755 3644 844 ἀκοιμήτῳ

2073 837 2220 909 μόνῳ
2242 841 2505 913 ὀφθαλμῷ
2523 860 2536 875 ·
2567 844 2668 898 κᾶν
2697 846 3019 921 ἀνθρώπους
3052 851 3427 922 ἀπατήσωμεν
3447 895 3462 919 ,
3487 837 3640 909 ’ἐκεῖλ

2066 937 2158 975 νον
2189 923 2440 976 οὐδέποτε
2466 927 2962 998 παραλογισάμεθα.
2997 932 3090 1002 Μὴ
3113 933 3288 985 τοίνυν
3316 935 3464 1004 λέγε·
3503 939 3638 991 Σκό-

2069 1020 2157 1066 τος
2183 1003 2363 1075 κύκλῳ
2399 1024 2504 1076 μου
2532 1008 2626 1061 καὶ
2665 1013 2876 1080 τοῖχοι·
2909 1014 2992 1076 τίς
3030 1031 3096 1082 με
3128 1015 3264 1086 ὁρᾷ;
3296 1019 3323 1070 ό
3362 1003 3471 1086 γάρ
3503 1020 3639 1072 πλά-

2070 1103 2167 1150 σας
2195 1090 2506 1159 καταμόνας
2531 1091 2632 1155 τάς
2665 1094 2890 1163 καρδίας
2912 1095 3087 1166 ἡμῶν,
3120 1099 3279 1162 αὐτὸς
3308 1102 3487 1156 πάντα
3514 1105 3637 1156 ἐπί-

2071 1185 2280 1233 σταται,
2310 1173 2390 1224 ὅτι
2419 1173 2607 1237 σκότος
2645 1175 2704 1228 06
2735 1177 3151 1248 σκοτισθήσεται
3179 1184 3308 1252 παρ’
3335 1184 3499 1255 αὐτῷ.
3526 1188 3638 1239 Κα-

2067 1250 2173 1338 λῶς
2201 1252 2261 1305 δέ
2296 1272 2460 1323 φησιν
2497 1257 2524 1309 6
2553 1257 2914 1328 ἁμαρτάνων,
2945 1262 3027 1314 ὅτι
3078 1250 3274 1326 Σκότος
3304 1250 3486 1338 κύκλίρ
3535 1287 3635 1338 μου

2067 1335 2159 1388 καὶ
2183 1339 2370 1406 τοῖχοι.
2396 1338 2456 1390 Εἰ
2485 1338 2559 1409 μὴ
2585 1340 2695 1410 γάρ
2717 1341 2906 1404 σκότος
2925 1339 2992 1413 ἦν
3014 1343 3072 1396 ἐν
3103 1349 3166 1415 τῇ
3189 1348 3415 1419 διανοίᾳ,
3449 1335 3550 1403 οὐκ
3571 1351 3636 1405 ἂν

2064 1419 2161 1503 τὸν
2190 1420 2354 1503 φόϐον
2380 1421 2472 1503 τοῦ
2504 1422 2640 1476 Θεοῦ
2661 1424 2930 1488 ἐκϐαλὼν,
2966 1427 3106 1496 μετά
3132 1430 3315 1493 ἁδείας
3344 1432 3632 1503 ἔπραττεν.

2067 1502 2168 1554 Ἂν
2195 1501 2303 1572 γάρ
2331 1502 2406 1574 μῆ
2423 1505 2687 1578 πρότερον
2715 1507 2972 1578 σκοτισθῇ
2998 1509 3058 1561 16
3075 1501 3430 1582 ἡγεμονικὸν,
3447 1516 3634 1568 ἐπεισ-

2064 1582 2289 1667 ελθεῖνὴ
2321 1587 2564 1657 ἁμαρτία
2606 1589 2742 1658 μετά
2775 1590 2958 1654 ἁδείας
2979 1592 3038 1644 06
3073 1592 3316 1648 δύναται.
3345 1596 3437 1667 Μὴ
3459 1597 3634 1652 τοίνυν

2063 1666 2205 1750 λέγε·
2241 1668 2336 1730 Τίς
2390 1687 2456 1740 με
2491 1671 2629 1741 ὁρᾷς
2683 1672 2798 1724 ἔστι
2848 1673 2954 1744 γὰρ
2990 1677 3018 1727 6
3055 1666 3432 1746 διικνούμενος
3472 1678 3634 1750 μέχρι

2061 1747 2239 1818 ψυχῆς
2265 1750 2358 1803 καὶ
2385 1751 2718 1823 πνεύματος,
2741 1753 2937 1825 ἁρμῶν
2974 1773 3033 1808 τε
3077 1759 3169 1811 καὶ
3211 1759 3420 1829 μυελῶν
3443 1777 3455 1791 ·
3475 1747 3634 1814 ⁷ἀλλὰ

2063 1833 2128 1886 σὺ
2153 1834 2344 1886 σαυτὸν
2364 1835 2460 1906 οὐχ
2498 1837 2653 1908 όρᾷς,
2677 1838 2799 1892 οὐδὲ
2829 1837 3137 1911 διατέμνειν
3184 1841 3408 1896 δύνασαι
3445 1843 3506 1896 16
3543 1845 3632 1897 νέ-

2061 1931 2180 1982 φος,
2207 1917 2320 1970 ἀλλ’
2342 1918 2538 1989 ὥσπερ
2554 1921 2753 1990 τειχίον
2782 1923 3044 1976 πάντοθεν
3068 1925 3206 1995 ἔχων
3229 1925 3630 1996 περικείμενον,

2059 1997 2229 2062 οὕτως
2260 2000 2557 2069 ἀναϐλέψαι
2595 2004 2732 2073 πρὸς
2754 2005 2846 2057 τὸν
2874 2005 3102 2076 οὐρανὸν
3121 2009 3218 2059 οὒκ
3243 2007 3400 2079 ἔχεις.

2127 2081 2169 2134 δ’
2177 2083 2362 2137 ,Ποίαν
2378 2084 2486 2155 7&9
2507 2084 2683 2154 βούλει
2699 2088 2963 2159 πρότερον
2978 2090 3249 2161 ἁμαρτίαν
3265 2087 3628 2160 ἐξετάσωμεν;

2059 2165 2153 2217 καὶ
2180 2166 2299 2235 ὕψει
2315 2166 2459 2220 οὓτω
2475 2169 2765 2240 γινομένην
2787 2172 2978 2243 αὑτήν.
3009 2172 3276 2244 Καθάπερ
3300 2173 3409 2243 γὰρ
3431 2173 3628 2244 λῃσταὶ

2059 2249 2153 2302 καὶ
2187 2252 2575 2322 τοιχωρύκται,
2615 2255 2835 2308 ἐπειδάν
2874 2272 2928 2308 τι
2956 2255 3062 2308 τῶν
3089 2257 3286 2325 τιμίων
3323 2256 3506 2310 λαϐεῖν
3535 2256 3627 2310 θε-

2059 2331 2283 2402 λήσωσι,
2301 2335 2392 2388 16v
2420 2335 2612 2406 λύχνον
2633 2337 3072 2402 κατασϐέσαντες
3099 2337 3254 2392 τοῦτο
3277 2339 3626 2410 πράττουσιν·

2057 2415 2201 2470 οὕτω
2220 2417 2312 2470 καὶ
2330 2419 2421 2471 ἐπὶ
2450 2418 2556 2472 τῶν
2576 2420 2999 2490 ἁμαρτανόντων
3025 2424 3052 2474 ὁ
3070 2422 3463 2493 διεφθαρμένος
3486 2425 3632 2476 ποιεῖ

2057 2497 2335 2569 λογισμός.
2367 2501 2478 2554 Καὶ
2503 2501 2608 2574 γὰρ
2642 2503 2734 2555 καὶ
2772 2504 2829 2556 ἐν
2859 2505 2993 2573 ἡμῖν
3026 2504 3141 2556 ἐστι
3173 2503 3286 2572 φῶς
3324 2505 3383 2557 τὸ
3412 2504 3628 2572 λογικὸν

2054 2580 2228 2634 διόλου
2264 2583 2574 2654 καιόμενον.
2611 2586 2707 2637 Ἂν
2747 2584 2803 2638 δέ
2861 2585 2920 2637 τδ
2966 2585 3186 2656 πνεῦμα
3233 2586 3332 2656 τῆς
3371 2587 3628 2656 πορνείας

2057 2663 2300 2734 σφοδρῶς
2327 2666 2551 2720 ἐπελθὸν
2581 2667 2720 2738 μετά
2751 2667 2952 2737 πολλῆς
2985 2668 3084 2738 τῆς
3114 2668 3292 2739 ῥύμης
3314 2669 3627 2742 κατασϐέσῃ

2053 2745 2150 2816 τὴν
2180 2747 2354 2816 φλόγα
2377 2749 2612 2819 ἐκείνην,
2645 2750 2922 2803 ἐσκότισεν
2968 2749 3169 2814 εὐθέως
3201 2751 3299 2822 τὴν
3331 2750 3506 2822 ψυχὴν
3533 2753 3627 2804 καὶ

2054 2831 2490 2900 κατηγωνίσατο,
2523 2833 2616 2886 καὶ
2655 2832 2830 2886 πάντα
2865 2831 3128 2905 ἐσύλησεν
3169 2833 3376 2896 εὐθέως
3427 2835 3499 2886 τά
3537 2837 3626 2887 ἐν-

2053 2912 2581 2983 αποκείμενα.⁹’οταν
2605 2914 2712 2986 γάρ
2739 2916 2842 2968 ὑπὸ
2858 2915 3120 2985 ἀσελγοῦς
3144 2915 3434 2986 ἐπιθυμίας
3453 2917 3566 2988 ἁλῷ
3591 2919 3623 2987 ή

2051 2994 2217 3066 ψυχὴ,
2244 2997 2496 3068 καθάπερ
2530 2999 2690 3068 νέφος
2744 2999 2836 3052 καὶ
2870 3001 3039 3068 ἀχλὺς
3071 3001 3198 3064 τοὺς
3245 3000 3338 3053 τοῦ
3374 2999 3626 3073 σώματος

2051 3078 2382 3150 ὀφθαλμοὺς,
2413 3081 2556 3136 οὕτω
2592 3082 2692 3151 τῆς
2718 3082 2958 3146 διανοίας
2989 3083 3049 3136 16
3096 3085 3452 3154 προορατικδν
3492 3103 3625 3156 προ-

2052 3163 2430 3216 καταλαϐοῦσα
2454 3165 2660 3236 ἐκείνη,
2680 3165 2866 3219 οὐδένα
2887 3165 3109 3236 ἀφίησιν
3139 3165 3265 3218 ἰδεῖν
3292 3165 3408 3238 [92]
3433 3183 3500 3219 πε
3511 3184 3624 3237 ραι-

2049 3245 2212 3317 τέρω,
2243 3247 2304 3298 οὐ
2331 3247 2596 3318 κρημνὸν,
2630 3249 2690 3301 06
2730 3248 2955 3315 γέενναν
2975 3289 2988 3312 ,
3024 3249 3085 3300 06
3128 3249 3293 3316 φόϐον
3314 3289 3328 3311 ,
3372 3249 3486 3302 ἀλλ’
3518 3251 3622 3302 61:6

2048 3329 2148 3401 τῆς
2169 3329 2462 3400 ἐπιϐουλῆς
2484 3330 2698 3402 ἐκείνης
2723 3332 3120 3402 τυραννηθεῖσα
3150 3332 3356 3396 λοιπὸν,
3387 3334 3620 3388 εὐκατα-

2049 3415 2307 3483 γώνιστος
2335 3416 2439 3469 ὑπὸ
2470 3414 2569 3486 τῆς
2611 3415 2886 3486 ἁμαρτίας
2938 3415 3184 3484 γίνεται·
3234 3418 3328 3470 καὶ
3369 3417 3621 3488 καθάπερ

2048 3500 2223 3566 τοῖχος
2260 3498 2588 3567 ἀθυρίδωτος
2613 3499 2717 3569 1:96
2741 3498 2847 3550 τῶν
2874 3497 3166 3568 ὀφθαλμῶν
3214 3498 3479 3571 ἐγερθεὶς,
3519 3499 3620 3553 οὸκ

2048 3581 2240 3651 ἀφίησι
2271 3581 2366 3652 τὴν
2390 3583 2585 3634 ἀκτῖνα
2619 3583 2717 3652 τῆς
2743 3581 3088 3654 δικαιοσύνης
3118 3582 3389 3653 ἐλλάμψαι
3415 3587 3481 3654 τῇ
3512 3585 3621 3636 δια-

2047 3664 2185 3734 νοίᾳ,
2213 3664 2320 3717 τῶν
2339 3664 2616 3735 λογισμῶν
2644 3665 2752 3718 τῶν
2773 3665 2996 3719 ἀτόπων
3028 3666 3126 3735 τῆς
3150 3666 3446 3735 ἐπιθυμίας
3485 3667 3620 3720 πάν·-

2045 3747 2199 3799 τοθεν
2222 3747 2390 3818 αὐτὴν
2418 3749 2864 3818 ἐπιτειχισάντων
2886 3759 2907 3787 ο
2932 3763 2946 3778 ·
2970 3749 3066 3800 καὶ
3085 3750 3300 3820 ἀπαντᾷ
3329 3748 3476 3819 αὐτῷ
3497 3749 3618 3803 τότε

2044 3828 2230 3882 λοιπὸν
2261 3832 2294 3901 ἡ
2323 3833 2694 3901 πορνευομένη
2727 3832 2885 3903 γυνὴ.
2917 3832 3023 3901 πρὸ
3041 3832 3150 3886 τῶν
3174 3833 3492 3903 ὀφθαλμῶν,
3511 3834 3618 3904 1:96

2043 3912 2146 3980 τῆς
2182 3911 2440 3977 διανοίας,
2473 3914 2580 3984 1:96
2609 3914 2719 3965 τῶν
2749 3914 3029 3984 λογισμῶν
3077 3915 3291 3970 ἑστῶσα
3316 3907 3411 3970 καὶ
3435 3932 3618 3986 φαινο-

2048 3994 2217 4064 μένη·
2252 3995 2348 4046 καὶ⁵
2371 3994 2560 4064 ὥσπερ
2586 3996 2635 4047 οί
2683 3997 3096 4066 πεπηρωμένοι,
3132 4001 3236 4052 κᾶν
3279 3999 3628 4070 ,ἐν-σταθερᾷ

2048 4075 2364 4146 μεσημϐρίᾳ
2403 4076 2497 4129 ὑπ’
2527 4076 2693 4130 αὐτοῦ
2725 4077 2822 4130 τοῦ
2851 4078 2878 4116 ιι
2909 4079 3143 4148 οὐρανοῦ
3171 4079 3232 4131 τὸ
3269 4080 3432 4149 μέσον
3455 4081 3618 4149 ἐστη-

2045 4159 2198 4220 κότες
2228 4153 2378 4222 ὦσιν,
2395 4159 2454 4212 06
2479 4159 2877 4229 παραδέχονται
2901 4159 2960 4212 16
2995 4159 3131 4228 φῶς,
3150 4160 3616 4232 ἐγκεκλεισμένων

2043 4242 2227 4304 αὐτοῖς
2255 4242 2365 4294 τῶν
2387 4243 2650 4313 ὀμμάτων
2669 4259 2681 4272 ·
2709 4241 2854 4296 οὕτω
2885 4242 2950 4313 δὴ
2975 4243 3071 4296 καὶ
3116 4235 3285 4305 οὗτοι,
3313 4243 3416 4296 κᾶν
3449 4245 3616 4314 μυρία

2044 4325 2312 4380 πάντοθεν
2348 4325 2528 4388 αὐτοῖς
2558 4328 2724 4398 ἐνηχῇ
2777 4329 3016 4399 σωτήρια
3049 4327 3315 4396 δόγματα,
3339 4327 3414 4398 τῷ
3452 4327 3614 4382 πάθει

2042 4407 2215 4480 τούτῳ
2245 4410 2778 4480 προκατειλημμένοι
2801 4413 2901 4483 τὴν
2918 4411 3118 4481 ψυχὴν,
3145 4413 3282 4465 πᾶσι
3301 4415 3410 4474 τοῖς
3436 4411 3614 4465 τοιού-

2040 4507 2156 4556 τοις
2185 4491 2367 4561 λόγοις
2399 4493 2816 4562 ἀποφράττουσι
2842 4495 2941 4566 τὴν
2973 4495 3168 4565 ἀκοήν.
3215 4495 3325 4547 Καὶ
3356 4493 3536 4548 ῖσασιν
3563 4496 3646 4548 οισι

2039 4576 2141 4644 τὴν
2170 4579 2364 4648 πεῖραν
2389 4575 2668 4647 εἰληφότες
2697 4575 2898 4640 καλῶς.
2935 4577 3075 4630 Ἀλλ’
3099 4578 3249 4647 ὑμᾶς
3288 4577 3365 4647 μὴ
3404 4578 3616 4646 γένοιτο

2039 4659 2149 4712 ἀπὸ
2170 4659 2269 4728 τῆς
2300 4660 2496 4728 πείρας
2523 4659 2695 4728 αὐτῆς
2725 4661 2942 4716 εἰδέναι.
2974 4661 3085 4730 Οὐχ
3117 4660 3255 4730 αὓτη
3287 4659 3342 4713 δὲ
3382 4661 3543 4730 μόνον
3577 4662 3612 4730 ἠ

2039 4743 2282 4814 ἁμαρτία
2305 4743 2480 4797 ταῦτα
2501 4747 2664 4805 ποιεί,
2686 4743 2822 4797 ἀλλά
2848 4745 2942 4797 καὶ
2977 4745 3083 4806 πᾶς
3113 4744 3253 4815 ἔρως
3285 4743 3504 4806 ἄτοπος.

2109 4846 2444 4917 Μεταθῶμεν
2481 4846 2612 4919 γὰρ,
2634 4850 2681 4901 εἰ
2703 4847 2871 4912 δοκεῖ,
2904 4849 2997 4901 τὸν
3015 4847 3173 4914 λόγον
3210 4846 3320 4898 ἀπὸ
3348 4847 3450 4915 τῆς
3479 4863 3615 4917 πορ-

2038 4929 2333 5000 νευομένης
2355 4930 2611 4999 γυναικὸς
2633 4931 2726 4982 ἐπὶ
2751 4929 2820 4982 τὰ
2850 4931 3128 5002 χρήματα,
3177 4930 3270 4982 καὶ
3301 4929 3612 4998 θεασόμεθα

2039 5011 2133 5064 καὶ
2155 5011 2387 5065 ἐνταῦθα
2422 5011 2626 5064 πυκνὸν
2670 5010 2860 5074 σκότος
2893 5012 2986 5064 καὶ
3027 5012 3270 5082 συνεχές.
3331 5013 3478 5065 Ἐκεῖ
3512 5013 3612 5084 μὲν

2038 5095 2169 5164 γὰρ,
2203 5095 2298 5148 ἆτε
2323 5094 2452 5164 μιᾶς
2475 5091 2761 5163 οὕσηςντῆς
2789 5094 3072 5165 ἐρωμένης
3095 5095 3189 5149 καὶ
3218 5097 3296 5158 είς
3325 5096 3423 5149 ἐνα
3447 5094 3612 5150 τόπον

2037 5175 2558 5246 ἀποκεκλεισμένης,
2583 5176 2679 5246 οὐχ
2704 5175 2848 5229 οὓτω
2874 5177 3100 5248 σφοδρὸν
3123 5178 3182 5231 16
3213 5177 3406 5242 πάθος·
3427 5179 3520 5230 ἐπὶ
3542 5178 3604 5231 ,δὲ

2035 5258 2144 5311 τῶν
2172 5259 2468 5330 χρημάτων
2498 5260 2808 5330 ἁπανταχοῦ
2845 5261 3202 5331 φαινομένων,
3229 5264 3286 5314 ἐν
3303 5264 3608 5333 697090110-

2037 5341 2227 5407 πείοις,
2255 5342 2312 5393 ἐν
2347 5342 2700 5413 πανδοκείοις,
2735 5345 2794 5397 ἐν
2825 5345 3213 5415 χρυσοχοείοις,
3259 5346 3316 5396 ἐν
3346 5348 3466 5407 ταῖς
3498 5345 3605 5397 τῶν

2034 5424 2402 5478 πλουτούντων
2417 5427 2632 5488 οίκίαις,
2663 5426 2908 5496 σφοδρῶς
2933 5427 2961 5478 6
2986 5428 3126 5496 ἔρως
3149 5429 3288 5479 πνεῖ.
3311 5427 3478 5480 Ὅταν
3498 5429 3606 5498 γὰρ

2033 5508 2229 5570 παῖδας
2259 5507 2547 5572 σοϐοῦντας
2576 5509 2671 5561 ἐπὶ
2701 5511 2797 5578 τῆς
2837 5509 3062 5578 ἀγορᾶς,
3107 5509 3309 5572 ἵππους
3337 5527 3605 5582 χρυσοφο-

2033 5589 2280 5659 ροῦντας,
2335 5589 2656 5661 ἀνθρώπους
2699 5588 3202 5660 καλλωπιζομένους
3252 5592 3606 5650 πολυτελέσιν

2032 5675 2334 5748 ἐσθήμασιν
2368 5674 2449 5746 ἔδῃ
2487 5675 2606 5744 μετ’
2634 5673 2925 5743 ἐπιθυμίας
2957 5675 2987 5726 6
3013 5675 3207 5742 νοσῶν,
3233 5677 3398 5742 πολὺς
3425 5680 3454 5732 6
3487 5680 3612 5732 0x6-~

2097 5888 2119 5918 τ
2146 5885 2292 5948 ἷξες,
2317 5884 2708 5949 ἐπιτειχιζόντων.
2772 5880 2798 5922 d
2825 5882 2968 5946 Reg,
2991 5885 3069 5933 ὑπ’
3093 5886 3209 5934 αὐτὸ
3227 5886 3328 5936 τοῦ.
