4100 6214
389 234 461 294 93
1134 233 1194 289 S.
1232 226 1522 289 JOANNIS
1557 232 2052 290 CIIRYSOSTOMI
2091 235 2414 296 ARCHIEP.
2453 236 3004 296 CONSTANTINOP.
3575 245 3648 302 96

383 351 835 422 τοςκαταχεῖται.
873 348 985 403 Kal
1014 347 1068 402 τί
1104 348 1186 402 δεῖ
1221 347 1402 416 λέγειν
1433 346 1612 410 οἰκίας
1653 347 1750 401 zeal
1788 348 1964 420 ἀργυ-

389 437 680 509 ροκοπεῖα;
714 432 854 503 Ἐγὼ
886 433 997 505 γὰρ
1023 427 1176 502 οἶμαι
1205 432 1332 494 τοὺς
1377 431 1675 495 τοιούτους,
1732 431 1836 486 κᾶν
1870 432 1965 486 ἐπὶ

384 522 489 592 τῆς
518 519 741 591 γραφῆς
761 517 914 570 ἰδωσι
938 515 1032 569 zeal
1052 515 1152 585 τῆς
1181 514 1392 579 εἰκόνος
1419 515 1510 568 τὸν
1539 513 1790 582 πλοῦτον,
1822 531 1965 568 σπα-

389 602 682 676 ράττεσθαι
709 600 802 654 zeal
820 597 1120 670 ἀγριαίνειν
1145 597 1242 651 zeal
1269 596 1466 669 λυττᾷν
1484 613 1498 628 ·
1526 597 1668 652 ὥστε
1698 597 1966 652 πάντοθεν

387 688 579 749 αὐτοῖς
598 685 662 738 16
689 684 879 745 σκότος
909 680 1224 750 συνάγεται.
1249 680 1370 735 Κάν
1398 682 1509 751 7&9
1531 681 1612 743 εἰς
1631 680 1817 734 εἰκόνα
1841 678 1965 750 βλέ-

385 773 530 842 ψωσι
565 766 872 840 βασιλικὴν,
906 765 967 819 οὐ
991 764 1332 835 θαυμάζουσι
1357 765 1466 820 τῶν
1494 764 1658 818 λίθων
1681 763 1742 818 16
1768 764 1966 828 κάλλος

385 854 509 908 οὐδὲ
536 852 628 905 τὸν
661 847 861 921 χρυσὸν
890 848 1012 902 οὐδὲ
1043 848 1105 902 16
1126 847 1392 919 ἀλουργές
1421 847 1638 918 ἱμάτιον
1655 889 1671 914 ,
1702 846 1840 902 ἀλλά
1864 847 1962 917 τὴ-

386 953 592 992 κονται.
631 934 742 988 Kal
763 931 1014 1004 καθάπερ
1040 934 1069 986 6
1105 931 1346 1004 δύσερως
1379 933 1608 998 ἐκεῖνος,
1650 931 1753 986 κᾶν
1779 930 1965 986 εἰκόνα

386 1020 650 1090 θεάσηται
690 1019 790 1088 τῆς
828 1015 1112 1086 ἐρωμένης
1166 1015 1444 1085 γυναικὸς,
1487 1014 1837 1086 προσήλωται
1884 1013 1964 1083 τῷ

383 1100 602 1172 ἀψύχῳ
628 1099 771 1154 οὕτω
797 1099 894 1152 zeal
912 1090 1070 1162 οὗτος
1094 1097 1300 1169 ἄψυχον
1314 1096 1456 1169 ὁρῶν
1476 1097 1658 1150 εἰκόνα
1675 1095 1769 1150 τοῦ
1799 1095 1968 1149 πλού-

382 1184 586 1248 του,τδ
618 1182 753 1238 αὐτὸ
802 1181 1004 1254 πάσχει
1043 1181 1329 1252 μειζόνως,
1375 1181 1471 1234 ἀτε
1511 1177 1966 1250 τυραννικωτέρῳ

383 1268 752 1339 κατεχόμενος
777 1267 940 1322 πάθει
958 1282 970 1294 °
1003 1269 1098 1320 zeal
1131 1266 1235 1338 χρὴ
1267 1265 1453 1318 λοιπὸν
1483 1263 1517 1336 ἢ
1546 1264 1726 1336 μένειν
1749 1261 1842 1315 ἐπί
1865 1261 1966 1330 τῆς

383 1350 583 1416 οἰκίας,
615 1350 649 1422 ἡ
679 1351 989 1420 ἐμϐαλόντα
1008 1349 1102 1403 ἐπὶ
1127 1350 1228 1418 τῆς
1251 1349 1479 1420 ἀγορᾶς,
1512 1347 1714 1419 μυρίας
1731 1344 1965 1398 λαϐόντα

385 1432 603 1506 πληγάς
633 1435 936 1506 ἀναχωρεῖν
984 1433 1199 1489 οῖκαδε·
1244 1432 1416 1486 πολλά
1440 1432 1549 1502 7&9
1591 1431 1660 1485 1&
1693 1430 1964 1483 λυποῦντα

385 1517 552 1571 αὐτοῦ
582 1518 710 1580 τοὺς
741 1516 1074 1588 ὀφθαλμούς.
1127 1517 1239 1570 Kal
1271 1515 1526 1586 καθάπερ
1576 1514 1784 1577 ἐκεῖνος
1813 1511 1965 1566 οὐδὲν

385 1599 574 1672 ἕτερον
601 1600 636 1671 ἡ
669 1599 768 1672 τὴν
797 1601 1034 1669 γυναῖκα
1055 1600 1180 1672 όρᾷ,
1209 1598 1354 1652 οὕτω
1390 1600 1486 1653 zeal
1523 1589 1680 1661 οὗτος
1724 1597 1965 1666 πένητας

389 1682 488 1754 μέν
515 1683 609 1737 zeal
628 1685 697 1736 1&
721 1683 857 1738 ἄλλα
889 1684 1067 1738 πάντα
1092 1684 1448 1755 παρατρέχει,
1475 1681 1560 1735 ἵνα
1605 1680 1740 1752 μηδέ
1787 1697 1966 1750 παρα-

389 1765 586 1836 μυθίαν
615 1765 757 1839 λάϐῃ
783 1783 794 1796 ·
827 1766 962 1838 πρὸς
987 1766 1045 1820 δὲ
1065 1766 1194 1830 τοὺς
1223 1767 1490 1836 εὐπόρους
1515 1764 1810 1828 ἐνατενίζει
1837 1763 1966 1826 τοὺς

383 1848 721 1920 ὀφθαλμοὺς,
741 1850 910 1904 πολὺν
931 1850 1024 1904 zeal
1045 1850 1271 1922 σφοδρὸν
1294 1850 1402 1903 ἀπὸ
1415 1850 1516 1920 τῆς
1543 1848 1766 1902 ἐκείνων
1790 1845 1965 1915 ὂψεως

309 1967 325 1976 ο
382 1933 467 1997 εἰς
498 1932 598 2004 τὴν
625 1931 818 1988 ἑαυτοῦ
843 1932 1023 2004 ψυχὴν
1062 1933 1299 2001 εἰσάγων
1324 1933 1384 1987 τὺ
1411 1932 1543 2004 πῦρ.
1566 1931 1688 2002 Πῦρ
1712 1934 1820 2002 γάρ
1847 1931 1965 1984 ἐστι

375 2014 642 2084 ’χαλεπῶς
680 2016 970 2069 κατεσθίον
1002 2015 1094 2071 τὸν
1117 2017 1450 2087 ἐμπεσόντα,
1477 2016 1573 2069 zeal
1597 2016 1646 2068 εἰ
1675 2015 1749 2087 μὴ
1771 2013 1966 2082 γέεννα

384 2098 654 2171 ἡπείλητο
695 2099 834 2170 μηδὲ
895 2099 1140 2164 κόλασις,
1191 2099 1332 2154 αὐτὰ
1361 2099 1429 2154 τά
1461 2099 1707 2169 παρόντα
1742 2097 1965 2162 κόλασις

381 2177 473 2254 ἦν,
510 2183 572 2237 16
611 2182 875 2254 διηνεκῶς
917 2182 1303 2254 βασανίζεσθαι
1347 2183 1442 2237 zeal
1474 2182 1745 2253 μηδέποτε
1788 2182 1966 2253 πέρας

381 2266 660 2339 εὑρίσκειν
684 2267 779 2322 τοῦ
803 2269 1129 2339 νοσήματος.
1162 2267 1274 2321 Kal
1301 2268 1460 2339 ἢρκει
1491 2267 1588 2320 zeal
1625 2263 1798 2320 ταῦτα
1827 2265 1965 2337 μόνα

383 2352 573 2405 πεῖσαι
597 2353 790 2421 φυγεῖν
810 2349 908 2423 τὴν
928 2350 1247 2423 ἀρρωστίαν
1265 2365 1280 2382 ·
1307 2349 1423 2404 ἀλλ’
1447 2349 1602 2404 οὐδὲν
1635 2349 1818 2413 ἀνοίας
1851 2349 1966 2418 χεῖ-

386 2450 500 2504 ρον,
527 2435 562 2504 ἡ
592 2435 688 2490 zeal
726 2437 840 2498 τοῖς
867 2434 1110 2505 ἀθυμίαν
1130 2434 1360 2505 φέρουσι
1397 2435 1690 2506 πράγμασι
1719 2435 1813 2488 zeal
1839 2432 1965 2503 κέρ-

380 2517 470 2582 δος
493 2518 644 2572 οὐδὲν
674 2517 795 2590 [95]
835 2517 1221 2590 προσηλῶσθαι
1265 2517 1696 2590 παρασκευάζει.
1738 2516 1829 2570 Διὸ
1855 2533 1962 2570 πα-

385 2601 610 2674 ρακαλῶ
633 2601 938 2674 ἀρχόμενον
956 2601 1248 2657 ἐκκόπτειν
1269 2602 1330 2656 τὸ
1353 2602 1544 2667 πάθος.
1569 2601 1840 2674 Καθάπερ
1855 2601 1961 2672 7&9

383 2687 622 2759 πυρετὸς
655 2686 806 2756 παρὰ
839 2686 940 2756 μὲν
961 2686 1061 2759 τὴν
1082 2685 1256 2758 ἀρχὴν
1286 2685 1633 2760 προσϐαλὼν,
1662 2687 1723 2740 οὐ
1757 2685 1961 2756 σφόδρα

383 2769 571 2839 φλέγει
598 2770 664 2840 τῇ
696 2767 825 2843 δίψῃ
869 2769 995 2833 τοὺς
1040 2769 1372 2839 κάμνοντας,
1407 2769 1624 2834 ἐπιδοὺς
1654 2769 1711 2822 δὲ
1739 2771 1836 2823 καὶ
1862 2767 1962 2838 τὴν

383 2852 556 2922 φλόγα
589 2851 823 2924 ἐπάρας,
851 2853 1047 2907 ἀνίατα
1090 2852 1252 2924 διψᾷν
1288 2853 1699 2926 παρασκευάζει
1741 2853 1960 2906 λοιπόνο

383 2936 486 2990 κᾶν
514 2935 775 3009 παράσχῃ
809 2953 894 3000 τις
928 2936 1112 3000 αὐτοῖς
1144 2936 1522 3009 ἐμφορηθῆναι
1563 2936 1658 2991 τοῦ
1691 2937 1958 3009 πόματος,

381 3019 443 3073 οὐ
471 3019 771 3082 σϐέννυσιν,
795 3020 912 3074 ἀλλ’
939 3021 1151 3074 ἐκκαίει
1174 3020 1272 3093 τὴν
1294 3021 1523 3093 κάμινον
1544 3037 1560 3052 ο
1581 3019 1725 3075 οὕτω
1750 3020 1846 3074 zeal
1865 3020 1958 3074 ἐπὶ

378 3105 571 3160 τούτου
605 3103 889 3175 συμϐαίνει
933 3105 1029 3159 τοῦ
1058 3105 1300 3170 πάθουςο
1331 3107 1397 3162 ἂν
1448 3105 1601 3178 παρά
1649 3106 1748 3180 τὴν
1785 3105 1960 3180 ἀρχὴν

379 3189 688 3243 εἰσελαῦνον
714 3190 795 3254 εἰς
828 3188 928 3262 τὴν
961 3189 1139 3262 ψυχὴν
1164 3189 1262 3264 τὴν
1293 3190 1572 3264 ἡμετέραν
1590 3190 1666 3264 μὴ
1705 3191 1961 3246 κωλύσω-

382 3289 483 3343 μεν
517 3273 652 3344 μηδὲ
685 3271 1100 3344 ἀποκλείσωμεν
1127 3272 1229 3339 τάς
1258 3272 1461 3346 θύρας,
1494 3275 1736 3329 εἰσελθὸν
1773 3275 1960 3330 λοιπὸν

379 3357 599 3412 ἀνίατον
639 3357 934 3429 ἐργάζεται
964 3359 1078 3422 τοῖς
1106 3357 1422 3429 δεξαμένοις
1447 3357 1508 3412 16
1557 3358 1791 3430 νόσημα.
1847 3360 1960 3413 Kal

380 3440 490 3513 7&9
518 3441 614 3496 zeal
642 3441 712 3496 1&
737 3441 878 3496 καλά
923 3442 1021 3496 zeal
1041 3442 1110 3496 1&
1136 3442 1284 3496 zeaze&
1328 3442 1458 3498 ὅταν
1492 3442 1774 3498 ἐπιπλεῖον
1826 3444 1959 3516 ἡμῖν

377 3525 717 3598 ἐνδιατρίψῃ,
747 3524 1093 3599 δυνατώτερα
1124 3525 1354 3596 γίνεται.

449 3631 514 3685 ε’.
536 3632 650 3686 Kal
681 3630 774 3686 ἐπὶ
805 3631 1022 3687 πάντων
1049 3631 1107 3687 δὲ
1137 3632 1246 3687 τῶν
1275 3631 1449 3689 ἀλλων
1477 3633 1636 3690 τοῦτο
1658 3634 1958 3706 συμϐαῖνον

380 3717 479 3772 ἰδοι
497 3735 584 3781 τις
609 3718 695 3774 ἀν.
729 3717 842 3773 Καὶ
869 3716 978 3790 7&9
1007 3717 1173 3787 φυτὸν
1211 3718 1336 3789 ἀρτι
1367 3719 1465 3791 μὲν
1493 3719 1706 3774 ἐπεθέν
1737 3721 1828 3774 ἐπὶ
1859 3721 1958 3792 τῆς

377 3801 504 3870 γῆς,
539 3800 777 3866 εὐκόλως
807 3802 1148 3857 ἀνασπάταν
1181 3801 1358 3874 χρόνῳ
1390 3803 1449 3856 δὲ
1493 3802 1674 3874 πολλῷ
1702 3802 1956 3874 ῥιζωθὲν,

375 3885 585 3948 οὐκέτι,
613 3884 750 3940 ἀλλά
775 3884 977 3957 πολλῆς
1001 3885 1173 3940 δεῖται
1217 3886 1317 3957 τῆς
1351 3885 1606 3957 μοχλείας
1626 3904 1639 3918 ·
1682 3887 1777 3940 zeal
1810 3889 1950 3941 οίκο·

373 3969 515 4040 δομὴ
537 3969 814 4041 νεοπαγὴς
844 3970 944 4042 μὲν
970 3965 1127 4035 οὖσα,
1157 3970 1550 4043 περιτρέπεται
1576 3971 1814 4035 εὐκόλως
1849 3971 1956 4025 ὑπὸ

373 4053 484 4107 τῶν
517 4053 875 4127 ἐνοχλούντων
895 4070 912 4088 ο
935 4057 1175 4124 παγεῖσα
1205 4055 1262 4109 δὲ
1291 4055 1490 4121 καλῶς,
1527 4054 1699 4109 πολλά
1723 4056 1955 4128 παρέχει

372 4139 486 4202 τοῖς
511 4137 796 4208 καθαιρεῖν
824 4138 1163 4210 ἐπιχειροῦσι
1192 4137 1262 4192 τά
1287 4139 1588 4209 πράγματα
1610 4153 1626 4170 ο
1646 4137 1743 4193 zeal
1764 4137 1955 4210 θηρίον

371 4221 557 4286 τόποις
589 4221 1047 4295 ἐμφιλοχωρῆσαν
1081 4222 1260 4296 πολλῷ
1286 4223 1465 4295 χρόνῳ
1499 4222 1774 4288 δυσκόλως
1796 4223 1954 4278 ἐλαύ-

371 4321 544 4359 νεται.
586 4305 714 4370 Τοῖς
747 4305 848 4376 μὲν
872 4301 968 4360 οὖν
994 4305 1204 4360 οὐδέπω
1241 4307 1653 4378 κατασχεθεῖσιν
1696 4307 1802 4361 ὑπὸ
1855 4307 1951 4362 τοῦ

372 4389 580 4452 πάθους
609 4389 912 4461 παρακαλῶ
947 4388 1022 4461 μὴ
1049 4391 1252 4444 ἀλῶναι
1271 4406 1286 4420 ·
1319 4390 1687 4464 εὐκολώτερον
1707 4393 1816 4464 γάρ
1848 4411 1951 4464 epu-

369 4471 639 4534 λάξασθαι
692 4473 768 4542 μὴ
801 4474 1064 4542 ἐμπεσεῖν
1090 4511 1106 4536 ,
1137 4473 1172 4543 ἡ
1223 4473 1566 4542 ἐμπεσόντας
1621 4475 1948 4546 ἀποστῆναι.

373 4555 500 4618 Τοῖς
521 4553 579 4607 δὲ
607 4555 990 4624 κατασχεθεῖσι
1014 4557 1112 4611 zeal
1137 4557 1628 4628 κατερραγμένοις,
1663 4558 1760 4614 ἐὰν
1791 4559 1952 4631 θελή-

371 4654 538 4692 σωσιν
584 4637 862 4693 ἐπιδοῦναι
897 4639 1126 4704 ἑαυτοὺς
1181 4639 1353 4710 ἰατρῷ
1398 4638 1479 4711 τῷ
1528 4640 1693 4714 λόγῳ,
1747 4643 1949 4717 πολλὴν

369 4720 782 4794 ἐπαγγέλλομαι
813 4721 1088 4795 σωτηρίας
1115 4721 1304 4776 ἐλπίδα
1343 4723 1412 4794 τῇ
1442 4722 1536 4776 τοῦ
1576 4724 1710 4779 Θεοῦ
1739 4727 1945 4799 χάριτι.

372 4804 469 4858 Ἂν
504 4805 614 4877 7&9
650 4807 776 4870 τοὺς
811 4805 1082 4871 παθόντας
1108 4805 1202 4860 καὶ
1230 4805 1631 4878 περιπεσόντας
1676 4809 1754 4879 τῷ
1783 4811 1946 4881 νοσή-

373 4905 526 4957 ματι,
563 4889 659 4942 καὶ
685 4890 1076 4959 ἀνενεγκόντας
1107 4893 1424 4964 ἐννοήσωσι,
1451 4896 1696 4963 χρηστὰς
1735 4894 1947 4959 ἕξουσιν

368 4968 590 5033 ἐλπίδας
615 4971 760 5041 ὑπὲρ
787 4973 886 5042 τῆς
910 4973 1003 5026 τοῦ
1037 4976 1346 5047 νοσήματος
1361 4975 1702 5048 ἀπαλλαγῆς.
1729 4977 1826 5041 Τίς
1852 4973 1946 5032 οὖν

367 5055 664 5127 περιέπεσε
691 5054 770 5126 τῷ
806 5056 1075 5127 νοσήματι
1117 5058 1327 5130 τούτῳ,
1373 5060 1468 5114 zeal
1513 5059 1801 5133 ἀπηλλάγη
1848 5065 1945 5135 ρᾳ-

364 5139 527 5205 δίως;
571 5138 632 5194 ’0
665 5140 934 5210 Ζακχαῖος
966 5140 1189 5203 ἐκεῖνος.
1224 5143 1289 5194 Τί
1331 5143 1440 5215 7&9
1480 5144 1714 5198 τελώνου
1743 5145 1946 5215 μᾶλλον

367 5224 779 5297 φιλοχρήματον
799 5222 995 5293 γένοιτ’
1018 5223 1083 5277 ἀν
1105 5240 1120 5287 ;
1162 5223 1301 5276 Ἀλλ’
1325 5225 1520 5296 ἀθρόον
1553 5226 1770 5294 ἐγένετο
1799 5227 1948 5299 φιλό-

366 5326 551 5378 σοφος,
600 5309 696 5364 zeal
729 5310 911 5363 πᾶσαν
956 5306 1148 5361 ἔσϐεσε
1199 5309 1298 5380 τὴν
1326 5309 1524 5381 πυράν.
1572 5310 1632 5365 Ὀ
1665 5312 1944 5380 Ματθαῖος

359 5391 597 5461 ὁμοίως
630 5393 727 5448 καὶ
762 5392 871 5465 7&9
893 5393 986 5446 zeal
1029 5386 1184 5454 οὗτος
1207 5391 1444 5464 τελώνης
1471 5388 1563 5466 ἦν,
1619 5397 1679 5449 ἐν
1717 5397 1942 5469 ἁρπαγῇ

361 5475 604 5545 διηνεκεῖ
635 5477 763 5542 ζῶν.
807 5477 968 5532 Ἀλλά
998 5478 1092 5532 zeal
1117 5469 1272 5542 οὗτος
1293 5477 1486 5550 ἀθρόον
1519 5480 1828 5536 ἀπεδύσατο
1845 5481 1944 5555 τὴν

363 5555 590 5629 βλάϐην,
605 5561 702 5615 zeal
722 5560 786 5615 16
803 5560 955 5630 δίψος
969 5561 1178 5626 ἔσϐεσε,
1195 5561 1291 5615 zeal
1311 5566 1688 5634 πραγματείαν
1710 5564 1944 5636 μετῆλθε

368 5643 770 5713 πνευματικήν.
812 5643 1048 5707 Τούτους
1075 5645 1253 5698 τοίνυν
1295 5645 1391 5700 zeal
1424 5647 1549 5710 τοὺς
1575 5648 1700 5702 κατ’
1745 5647 1944 5712 αὐτοὺς

373 5725 591 5790 ἐννοῶν,
626 5727 762 5797 μηδὲ
802 5728 865 5779 σὺ
920 5728 1195 5798 ἀπογνῷς.
1236 5729 1334 5783 "Av
1364 5727 1472 5801 7&9
1523 5729 1705 5801 θέλῃς,
1737 5731 1941 5804 δυνήσῃ

376 5810 584 5882 ταχέως
607 5811 935 5880 ἀνενεγκεῖν.
973 5811 1081 5866 Kal
1108 5811 1156 5864 εἰ
1187 5811 1364 5882 βούλει
1387 5853 1403 5883 ,
1439 5812 1581 5869 κατά
1608 5814 1698 5869 τὸν
1725 5813 1830 5872 τῶν
1861 5817 1940 5870 ἰα-

2077 347 2221 418 τρῶν
2248 349 2411 422 νόμον
2435 353 2530 408 zeal
2549 351 2618 406 1&
2649 351 2900 423 πρακτέα
2929 368 3013 404 σοι
3051 351 3191 422 μετά
3224 338 3512 423 ἀκριϐείας
3553 353 3654 408 ὕπ-

2072 434 2466 506 αγορεύσομεν.
2499 439 2593 490 Δεῖ
2636 437 2819 491 τοίνυν
2866 435 2972 506 πρὸ
3010 435 3123 488 τῶν
3169 435 3345 488 ἀλλων
3391 437 3652 493 ἁπάντων

2067 516 2242 569 ἐκεῖνο
2267 519 2589 590 κατορθοῦν,
2618 520 2678 572 16
2707 519 2781 590 μὴ
2805 518 3210 587 ἀπογινώσκειν
3247 518 3384 589 μηδὲ
3415 519 3653 573 ἀπελπί-

2067 596 2182 661 ζειν
2209 600 2418 655 ἑαυτῶν
2455 601 2554 673 τὴν
2597 602 2907 672 σωτηρίανσ
2942 600 3082 672 μετά
3123 601 3280 653 τοῦτο
3315 601 3390 671 μὴ
3423 601 3493 654 τὰ
3539 602 3655 658 τῶν

2067 683 2508 755 κατωρθωκότων
2529 685 2950 757 παραδείγματα
2971 685 3155 755 μόνον,
3183 684 3320 737 ἀλλά
3339 685 3433 738 zeal
3449 684 3522 739 1&
3537 685 3652 741 τῶν

2069 765 2544 839 ἐναπομεινάντων
2573 769 2875 840 παθήματα
2908 769 3120 840 ἐνορᾷν.
3151 769 3363 837 Ὥσπερ
3404 769 3514 840 γὰρ
3558 771 3649 822 ἐν-

2067 853 2370 923 ενοήσαμεν
2393 853 2486 906 τὸν
2512 854 2779 924 Ζακχαῖον
2807 853 2902 906 zeal
2934 852 3025 906 τὸν
3070 851 3350 907 Ματθαῖον
3369 890 3384 916 ,
3413 852 3559 908 οὕτω
3577 852 3650 925 δὴ

2067 934 2160 987 zeal
2190 935 2282 988 16v
2319 935 2520 990 Ἰούδαν
2569 935 2886 1004 λογίσασθαι
2916 936 3042 1007 χρὴ,
3075 937 3170 991 zeal
3198 937 3294 990 τὸν
3323 937 3505 1006 Γιεζῆ,
3544 939 3648 991 zeal

2065 1016 2156 1069 16v
2185 1017 2378 1089 Ἀχαρ,
2403 1019 2608 1072 καὶτὸν
2630 1019 2857 1090 Ἀχαὰϐ,
2888 1019 2984 1072 zeal
3007 1018 3098 1071 τὸν
3139 1017 3408 1082 Ἀνανίαν,
3432 1020 3527 1072 zeal
3539 1020 3648 1089 τὴν

2066 1099 2381 1172 Σάπφειραν
2397 1117 2410 1130 ·
2442 1101 2530 1156 ἵνα
2549 1101 2616 1155 δι’
2634 1103 2858 1155 ἐκείνων
2888 1101 2988 1171 μὲν
3017 1101 3118 1172 τὴν
3144 1100 3457 1169 ἀπόγνωσιν
3473 1102 3644 1156 ἐκϐά-

2065 1182 2368 1253 λωμεν,διά
2397 1184 2602 1238 τούτων
2627 1185 2686 1238 δὲ
2707 1185 2805 1256 τὴν
2841 1183 3117 1256 ῥᾳθυμίαν
3137 1184 3484 1256 ἐκκόψωμεν,
3510 1185 3650 1255 μηδὲ

2066 1265 2232 1320 ὑπτία
2250 1266 2476 1339 γένηται
2499 1270 2533 1340 ἡ
2561 1267 2707 1340 ψυχὴ
2726 1268 2865 1338 πρὸς
2895 1268 2996 1339 τὴν
3010 1267 3122 1322 τῶν
3147 1268 3648 1339 ὑπαγορευομένων

2065 1348 2414 1420 παραίνεσινο
2439 1351 2533 1405 καὶ
2561 1351 2940 1422 παιδεύσωμεν
2967 1351 3192 1414 ἑαυτοὺς
3216 1351 3415 1419 λέγειν,
3458 1352 3495 1406 ἀ
3521 1352 3648 1405 τότε

2069 1430 2148 1502 τῷ
2176 1433 2368 1505 Πέτρῳ
2399 1435 2787 1506 προσελθόντες
2817 1435 3002 1505 ἐλεγον
3058 1437 3110 1489 οἰ
3154 1436 3399 1490 Ἰουδαῖοι
3417 1453 3433 1468 ο
3472 1437 3534 1491 Τι’
3555 1437 3656 1491 δεῖ

2065 1516 2260 1572 ποιεῖν
2281 1518 2383 1572 ἵνα
2408 1509 2693 1589 σωθῶμεν
2716 1535 2734 1581 ;
2761 1518 2856 1572 zeal
2879 1518 3226 1573 ἀκουέτωσαν
3250 1519 3288 1572 ἀ
3312 1519 3417 1591 χρὴ
3443 1523 3642 1575 ποιεῖν.

2067 1598 2131 1653 Τί
2158 1594 2252 1654 οῦν
2277 1599 2384 1672 χρὴ
2416 1604 2617 1668 ποιεῖν;
2661 1601 2874 1656 Είδέναι
2930 1603 3030 1673 τὴν
3057 1603 3334 1657 εὐτέλειαν
3359 1603 3470 1656 τῶν
3499 1621 3644 1674 πραο

2065 1683 2315 1754 γμάτων,
2369 1685 2463 1738 zeal
2515 1685 2634 1749 πῶς
2686 1685 2962 1760 δραπέτης
2989 1686 3210 1758 οἰκέτης
3244 1689 3339 1741 καὶ
3373 1687 3654 1759 ἀγνώμων

2067 1765 2215 1819 ἐστὶν
2240 1768 2270 1820 6
2300 1765 2551 1832 πλοῦτος,
2579 1769 2674 1822 zeal
2710 1769 2925 1840 μυρίοις
2953 1769 3267 1841 περιϐάλλει
3293 1771 3486 1833 κακοῖς
3516 1771 3645 1834 τοὺς

2066 1847 2293 1918 ἔχοντας
2312 1865 2326 1878 ⁸
2353 1851 2451 1905 zeal
2477 1850 2788 1906 τὰτοιαῦτα
2809 1853 2995 1916 αὐτοῖς
3027 1852 3269 1925 συνεχῶς
3301 1851 3414 1925 [96]
3433 1853 3648 1924 ἐπᾴδω-

2068 1947 2171 2000 μεν
2199 1931 2443 2002 ρὴματα.
2488 1935 2601 1988 Kal
2645 1935 2897 2002 καθάπερ
2935 1937 3111 2006 ἰατροὶ
3153 1935 3281 1998 τοὺς
3335 1937 3646 2006 κάμνοντας

2063 2011 2270 2086 ψυχρὸν
2303 2015 2590 2081 αἰτοῦντας
2621 2017 3108 2089 παραμυθοῦνται,
3167 2018 3428 2089 παρέχειν
3458 2018 3648 2088 λέγον-

2062 2112 2176 2161 τες,
2203 2097 2298 2150 zeal
2321 2097 2503 2170 πηγὴν
2520 2100 2986 2172 προφασιζόμενοι
3012 2102 3107 2155 zeal
3128 2102 3298 2169 ἀγγος
3329 2103 3423 2155 zeal
3453 2100 3646 2171 καιρὸν

2065 2180 2158 2232 zeal
2190 2179 2362 2234 πολλά
2397 2181 2624 2236 τοιαῦτα
2651 2182 2739 2247 (ἂν
2765 2185 2875 2254 γὰρ
2902 2183 3098 2254 ἀθρόον
3121 2183 3513 2250 ἀνανεύσωσιν,
3536 2183 3650 2237 ὑπὸ

2063 2263 2163 2333 τῆς
2214 2265 2411 2336 μανίας
2463 2265 2662 2331 αὐτοὺς
2711 2266 3037 2338 ἀγριοῦσθαι
3095 2267 3642 2338 παρασκευάζουσιν

2064 2344 2207 2400 οὕτω
2232 2347 2299 2419 δὴ
2327 2347 2423 2403 zeal
2457 2349 2619 2421 ἡμεῖς
2657 2349 2792 2420 πρὸς
2832 2351 2960 2413 τοὺς
2989 2348 3432 2421 φιλοχρημάτους
3473 2350 3646 2405 ποιῶ-

2067 2445 2167 2498 μεν
2186 2445 2200 2460 ·
2228 2431 2324 2483 zeal
2349 2431 2480 2486 ὅταν
2511 2431 2745 2501 λέγωσιν
2769 2469 2785 2495 ,
2821 2431 2904 2485 ὅτι
2954 2432 3262 2503 Πλουτῆσαι
3295 2433 3601 2505 βουλόμεθα
3623 2473 3642 2499 ,

2066 2511 2141 2582 μὴ
2172 2511 2420 2584 λέγωμεν
2448 2514 2672 2580 εὐθέως,
2699 2514 2784 2567 ὃτι
2813 2515 2984 2568 κακὸν
3021 2516 3051 2568 6
3069 2514 3320 2581 πλοῦτος,
3347 2515 3483 2569 ἀλλά
3516 2533 3644 2570 συν-

2063 2594 2305 2666 θώμεθα,
2348 2597 2446 2651 zeal
2473 2599 2738 2669 εῖπωμεν,
2769 2599 2854 2654 ὅτι
2875 2601 2969 2653 καὶ
3001 2601 3164 2670 ἡμεῖς
3191 2600 3356 2654 τοῦτο
3392 2600 3644 2671 βουλόμε-

2062 2677 2152 2743 θα,
2170 2678 2282 2732 ἀλλ’
2301 2681 2362 2733 ἐν
2379 2680 2560 2753 καιρῷ
2574 2679 2650 2752 τῷ
2665 2683 3020 2752 προσήκοντι,
3042 2681 3178 2735 ἀλλά
3197 2681 3426 2737 πλοῦτον
3440 2682 3640 2754 ἀληθῆ,

2059 2759 2196 2814 ἀλλά
2209 2760 2300 2816 τὸν
2318 2761 2511 2834 ἡδονὴν
2535 2762 2728 2833 έχοντα
2758 2763 3049 2829 ἀθάνατον,
3076 2764 3212 2818 ἀλλά
3233 2765 3324 2818 τὸν
3357 2766 3439 2819 σοὶ
3460 2765 3644 2819 συλλε-

2059 2843 2313 2914 γόμενον,
2345 2846 2442 2899 zeal
2468 2845 2544 2917 μὴ
2568 2846 2796 2919 ἑτέροις,
2836 2847 3098 2911 πολλάκις
3141 2849 3199 2902 δέ
3231 2849 3327 2903 zeal
3375 2848 3594 2920 ἐχθροῖς
3620 2865 3636 2880 ·

2060 2928 2158 2981 zeal
2177 2931 2305 2993 τοὺς
2331 2931 2462 3002 περὶ
2483 2930 2804 3001 φιλοσοφίας
2835 2932 3027 3001 λόγους
3063 2933 3146 2996 είς
3188 2931 3351 3002 μέσον
3392 2934 3645 3004 ἄγωμεν,

2059 3013 2157 3066 zeal
2184 3012 2456 3085 λέγωμεν,
2487 3015 2568 3069 ὃτι
2598 3015 2676 3068 Οὐ
2724 3014 3021 3087 κελεύομεν
3075 3015 3151 3087 μὴ
3204 3016 3475 3082 πλουτεῖν,
3503 3018 3646 3073 ἀλλά

2060 3096 2246 3161 κακῶς
2274 3097 2350 3169 μὴ
2377 3097 2631 3152 πλουτεῖν
2649 3115 2668 3131 α
2687 3099 2865 3166 ἔξεστι
2884 3100 2997 3172 γὰρ
3018 3100 3292 3167 πλουτεῖν,
3315 3101 3453 3155 ἀλλὰ
3469 3104 3640 3172 χωρὶς

2059 3181 2392 3250 πλεονεξίας,
2435 3184 2604 3255 χωρὶς
2634 3184 2892 3255 ἁρπαγῆς
2933 3185 3029 3238 καὶ
3069 3185 3189 3254 βίας
3223 3187 3315 3241 zeal
3355 3185 3451 3239 τοῦ
3487 3187 3642 3258 παρά

2059 3265 2279 3320 πάντων
2302 3266 2524 3320 ἀκούειν
2553 3267 2761 3332 κακῶς.
2798 3269 2914 3321 Kal
2930 3268 3143 3334 τούτοις
3163 3270 3361 3333 αὐτοὺς
3382 3270 3637 3340 προλεαί-

2058 3364 2243 3414 νοντες
2271 3351 2387 3414 τοῖς
2424 3351 2628 3420 λόγοις,
2677 3351 2907 3423 μηδέπω
2940 3353 3068 3424 περί
3103 3352 3327 3425 γεέννης
3369 3352 3631 3423 διαλεγώο

2061 3431 2199 3503 μεθα
2219 3449 2232 3462 ·
2260 3433 2320 3487 οὐ
2348 3433 2456 3504 γάρ
2478 3433 2727 3505 ἀνέχεται
2751 3436 2780 3488 6
2809 3436 3036 3507 κάμνων
3061 3436 3264 3499 εὐθέως
3284 3448 3314 3503 ξ
3333 3437 3442 3490 τῶν
3463 3436 3638 3492 τοιού-

2056 3533 2165 3570 των
2194 3517 2478 3589 ῥημάτων.
2517 3518 2721 3589 Διόπερ
2764 3519 2875 3572 ἀπὸ
2905 3518 3012 3572 τῶν
3057 3519 3342 3590 παρόντων
3386 3519 3636 3586 ἅπαντας

2056 3601 2185 3665 τοῦς
2212 3599 2581 3671 περὶτούτων
2621 3602 2908 3674 ποιώμεθα
2953 3603 3166 3672 λόγους,
3213 3603 3308 3657 zeal
3348 3603 3636 3675 λέγωμεν-

2057 3682 2123 3736 Τί
2162 3682 2342 3753 βούλει
2366 3684 2475 3737 ἀπὸ
2507 3684 2822 3754 πλεονεξίας
2845 3687 3098 3741 πλουτεῖν
3124 3703 3139 3753 ;
3182 3686 3268 3739 ῖνα
3294 3687 3507 3758 ἐτέροις
3538 3689 3637 3759 μὲν

2056 3766 2120 3820 τὸ
2145 3766 2370 3838 χρυσίον
2391 3768 2699 3841 ἀποκέηται
2738 3771 2834 3826 zeal
2871 3771 2934 3824 16
2960 3770 3226 3842 ἀργύριον
3245 3811 3261 3833 ,
3307 3772 3390 3824 col
3417 3772 3475 3825 δὲ
3505 3773 3637 3842 ἀραὶ

2057 3850 2152 3906 zeal
2181 3852 2512 3924 κατηγορίαι
2543 3854 2764 3926 μυρίαι;
2789 3855 2885 3909 zeal
2920 3857 2949 3910 6
2974 3854 3372 3925 ἀποστερηθεὶς
3399 3855 3506 3909 ὑπὸ
3536 3857 3636 3929 τῆς

2055 3935 2166 3989 τῶν
2201 3935 2514 4005 ἀναγκαίων
2553 3937 2815 4009 δάκνηται
2846 3939 3040 4009 χρείας
3061 3939 3112 4001 ι),
3148 3939 3243 3992 zeal
3275 3938 3633 4010 ὀλοφύρηται,

2057 4018 2152 4074 zeal
2184 4019 2410 4092 μυρίους
2439 4020 2736 4094 ἐφέλκηται
2757 4012 2840 4075 σοι
2856 4020 3218 4092 κατηγόρους,
3237 4023 3331 4076 zeal
3349 4023 3447 4094 τῆς
3473 4023 3634 4077 ἐσπέ-

2058 4121 2156 4176 ρας
2186 4103 2602 4177 καταλαϐούσης
2642 4105 2828 4177 περιίῃ
2851 4105 2950 4178 τὴν
2978 4106 3206 4177 ἀγορὰν,
3237 4107 3296 4159 ἐν
3323 4109 3437 4171 τοῖς
3475 4124 3630 4161 στεν-

2054 4189 2225 4250 ωποῖς
2255 4186 2600 4258 ἐντυγχάνων
2633 4190 2791 4253 πᾶσι,
2818 4189 2912 4243 zeal
2943 4188 3373 4261 διαπορούμενος
3388 4192 3483 4244 zeal
3509 4190 3630 4244 οὐδὲ

2055 4268 2198 4340 ὑπὲρ
2221 4269 2322 4340 τῆς
2355 4271 2550 4334 νυκτὸς
2581 4270 2810 4343 θαρρεῖν
2842 4271 3015 4343 ἐχων;
3047 4272 3172 4336 Πῶς
3201 4272 3309 4343 7&9
3339 4272 3405 4326 ἂν
3432 4273 3630 4327 καθευ-

2053 4353 2238 4425 δήσειε
2259 4353 2466 4419 λοιπὸν,
2511 4354 2616 4408 ὑπὸ
2637 4355 2738 4425 τῆς
2775 4356 3013 4428 γαστρὸς
3057 4357 3383 4428 δακνόμενος
3403 4395 3420 4420 ,
3451 4357 3628 4428 ἀγρυ-

2055 4436 2226 4503 πνῶν,
2257 4435 2404 4508 λιμῷ
2441 4436 2928 4510 πολιορκούμενος,
2966 4440 3144 4509 πάγου
3183 4439 3440 4504 πολλάκις
3474 4441 3626 4507 ὄντος

2052 4521 2148 4574 zeal
2176 4521 2334 4575 ὑετοῦ
2359 4521 2810 4593 καταφερομένου
2836 4524 2982 4590 ;Kal
3005 4524 3070 4577 σὺ
3099 4525 3198 4596 μὲν
3237 4526 3303 4579 ἐκ
3345 4525 3628 4597 βαλανείου

2051 4603 2370 4676 λελουμένος
2396 4606 2696 4678 ἐπανέρχῃ,
2721 4606 2987 4676 μαλακοῖς
3008 4607 3348 4680 θαλπόμενος
3373 4611 3628 4681 ἰματίοις,

2050 4684 2302 4758 γεγηθὼς
2327 4688 2424 4744 zeal
2443 4687 2672 4760 χαίρων,
2704 4690 2801 4744 zeal
2827 4689 2924 4744 ἐπὶ
2939 4691 3155 4745 δεῖπνον
3175 4692 3392 4763 ἕτοιμον
3419 4695 3632 4765 τρέχων

2050 4769 2342 4836 πολυτελές
2360 4788 2375 4803 ο
2432 4773 2642 4836 ἐκεῖνος
2689 4773 2746 4827 δὲ
2777 4774 3055 4846 πανταχοῦ
3109 4776 3255 4830 κατὰ
3285 4775 3386 4848 τὴν
3423 4777 3630 4848 ἀγορὰν

2049 4854 2156 4909 ὑπὸ
2179 4855 2274 4910 τοῦ
2298 4856 2513 4929 κρυμοῦ
2539 4856 2634 4911 zeal
2669 4857 2764 4912 τοῦ
2787 4856 2949 4929 λιμοῦ
2984 4859 3224 4930 συνεχῶς
3251 4859 3627 4932 ἐλαυνόμενος,

2051 4937 2400 5029 περιέρχεται
2432 4938 2792 5029 συγκεκυ-φιὶις
2816 4940 2926 5029 καὶΔ
2946 4942 3134 5029 χεῖρας
3174 4941 3472 5029 προτείνων
3490 4957 3507 4973 ⁸
3535 4943 3632 4996 zeal

2049 5021 2170 5076 οὐδὲ
2189 5021 2410 5095 θαρρῶν
2431 5022 2602 5085 ἀδεῶς
2618 5021 2697 5094 τῷ
2721 5021 3168 5094 ἐμπεπλησμένῳ
3195 5025 3290 5079 zeal
3311 5025 3631 5081 ἀναπεπαυ-

2051 5109 2198 5178 μένῳ
2223 5109 2444 5178 ρἡατα
2469 5108 2859 5177 προσενεγκεῖν
2884 5106 3025 5178 ὑπὲρ
3051 5108 3151 5178 τῆς
3177 5106 3486 5176 ἀναγκαίας
3509 5128 3631 5181 190-

2048 5189 2178 5260 φῆς,
2213 5190 2476 5254 πολλάκις
2513 5190 2570 5244 δέ
2597 5191 2692 5244 zeal
2737 5191 3018 5263 ὑϐρισθεὶς
3056 5192 3426 5264 ἀνεχώρησεν.
3459 5195 3630 5249 Ὅταν

2046 5269 2141 5331 οῦν
2171 5273 2403 5348 ἀνέλθῃς
2429 5273 2635 5336 οἴκαδε,
2670 5274 2798 5329 ὅταν
2820 5275 2915 5329 ἐπὶ
2941 5276 3040 5347 τῆς
3067 5276 3229 5348 εὐνῆς
3263 5277 3558 5348 ἀνακλιθῇς
3577 5288 3625 5340 ο,

2045 5357 2176 5412 ὅταν
2208 5357 2326 5428 φῶς
2428 5357 2558 5427 περὶ
2577 5356 2669 5410 τὸν
2697 5351 2846 5412 οἷκον
2863 5358 3140 5431 λαμπρὸν,
3165 5361 3295 5414 ὅταν
3315 5360 3505 5430 ἑτοίμη
3530 5361 3629 5414 zeal

2045 5441 2275 5512 δαψιλὴς
2303 5441 2628 5512 ήτράπεζα,
2657 5443 2779 5497 τότε
2807 5443 3190 5516 ἀναμνήσθητι
3224 5444 3320 5499 τοῦ
3346 5443 3627 5500 ταλαιπώ-

2049 5543 2144 5598 ρου
2171 5526 2266 5578 zeal
2288 5525 2476 5579 ἀθλίου
2500 5524 2731 5590 ἐκείνου,
2752 5527 2848 5581 τοῦ
2884 5528 3192 5600 περιιόντος
3222 5530 3364 5584 κατά
3383 5530 3508 5593 τοὺς
3530 5528 3628 5582 κύο

2046 5625 2144 5672 νας
2179 5609 2237 5662 ἐν
2269 5609 2382 5672 τοῖς
2412 5611 2710 5677 στενωποῖς
2742 5611 2835 5666 zeal
2882 5610 2962 5682 τῷ
3004 5612 3180 5684 σκότῳ
3206 5613 3302 5667 zeal
3333 5611 3414 5682 τῷ
3446 5611 3625 5684 πηλῷ.

2111 5829 2133 5857 ⁸
2155 5827 2302 5894 £83.,
2329 5827 2530 5880 οὐδέπω.
2619 5826 2646 5871 1·
2671 5828 3027 5894 Βεεητροφῆς.
3096 5833 3116 5862 τ
3148 5829 3297 5894 Reg,
3321 5829 3622 5892 κατακλιθῇς.
