4100 6214
419 312 493 369 9‘5
1483 309 1549 365 IN
1587 307 1803 365 EPlS’l‘.
1837 307 1856 362 1
1902 306 1994 362 AD

2105 305 2184 362 in.
2226 304 2455 363 notnL.
2498 268 2594 363 xi.
3624 329 3695 388 εκ

420 429 534 483 bris
580 427 1048 484 circumfunditur.
1104 424 1309 497 Ecquid
1337 440 1474 495 opus
1499 433 1581 479 est
1599 424 1782 479 dicere
1810 422 2002 476 domos

419 532 476 578 et
493 521 826 588 argentarias
851 521 1091 576 ofﬁcinas
1109 521 1133 574 ?
1154 519 1289 576 Puto
1312 520 1454 575 enim
1481 518 1600 573 illos
1626 517 1671 573 si
1710 514 1796 569 vel
1824 514 1876 569 in
1895 514 2002 583 pic~

422 624 539 669 tura
559 615 646 671 vel
671 615 724 670 in
756 616 988 687 imagine
1027 615 1239 670 divitias
1284 614 1404 668 illas
1440 612 1697 675 viderint,
1722 607 1951 676 discerpi
1981 645 1997 669 ,

417 704 632 761 clferari
663 707 791 761 etin
822 707 1025 762 rabiem
1051 706 1184 762 verti
1212 724 1227 761 :
1258 706 1393 760 adeo
1421 714 1477 759 ut
1502 703 1736 772 undique
1765 697 2003 755 tenebris

420 794 789 851 effundantur.
828 796 962 851 Nam
994 797 1038 851 si
1068 797 1267 867 regiam
1297 795 1579 865 imaginem
1629 790 1999 862 conspiciant,

421 902 527 941 non
557 887 822 942 mirantur
850 888 1150 959 lapillorum
1174 886 1643 957 pulchritudinem,
1659 899 1765 939 non
1788 896 1999 945 aurum,

420 992 525 1031 non
555 987 758 1033 vestem
787 992 1129 1048 purpuream,
1160 977 1255 1032 sed
1287 976 1601 1047 liqueﬁunt;
1630 984 1684 1030 et
1711 973 1852 1029 sicut
1877 970 2004 1025 infe-

419 1071 489 1124 lix
512 1071 603 1126 ille
626 1081 853 1136 amator,
882 1072 928 1126 si
957 1071 1173 1125 amasia:
1194 1071 1477 1140 imaginem
1500 1069 1710 1132 viderit,
1742 1067 2005 1123 inanima-

418 1172 488 1216 tae
530 1163 608 1217 rei
641 1162 808 1217 hzeret
850 1160 1079 1216 affixus:
1109 1162 1179 1215 ita
1206 1170 1260 1216 et
1292 1161 1380 1215 hic
1416 1160 1761 1215 inanimatam
1808 1157 2001 1212 videns

416 1251 728 1307 divitiarum
756 1252 1064 1321 imaginem,
1097 1251 1197 1304 hoc
1228 1251 1401 1321 ipsum
1446 1250 1619 1320 magis
1651 1250 1884 1319 patitur,
1917 1256 2004 1303 ut-

418 1353 545 1413 pote
587 1345 760 1415 magis
814 1345 1089 1413 tyrannico
1128 1343 1381 1399 detentus
1432 1344 1661 1397 inorbo:
1702 1352 1759 1397 et
1786 1351 2002 1412 oportet

414 1436 634 1490 demum
668 1436 750 1489 vel
777 1435 924 1490 domi
964 1450 1203 1501 manere,
1234 1435 1322 1489 vel
1362 1435 1414 1489 in
1443 1434 1619 1490 forum
1648 1434 1947 1490 venientem
1980 1476 1998 1502 ,

417 1528 568 1583 inille
612 1528 781 1598 plagis
810 1528 1046 1598 acceptis
1074 1529 1292 1583 domum
1323 1537 1571 1599 repetere
1598 1545 1611 1581 :
1644 1530 1806 1583 multa
1852 1530 1997 1584 enim

417 1620 557 1673 illius
583 1619 774 1676 oculos
801 1620 988 1675 dolore
1027 1620 1286 1675 afﬁciunt.
1314 1624 1390 1675 Ac
1414 1622 1865 1688 quemadmodum
1909 1623 2000 1678 ille

415 1714 549 1769 nihil
574 1714 721 1769 aliud
748 1714 892 1771 videt
913 1728 1072 1786 quam
1103 1715 1401 1780 mulierem,
1428 1715 1500 1770 ita
1527 1726 1582 1771 et
1608 1717 1708 1770 iste
1734 1731 1999 1786 pauperes

413 1807 633 1875 quidem
658 1816 714 1864 et
739 1807 841 1861 alia
861 1806 1040 1861 omnia
1083 1812 1339 1878 prmtcrit,
1371 1818 1428 1863 ut
1458 1824 1526 1865 ne
1562 1810 1989 1866 consolationem

414 1900 633 1970 quidem
685 1900 912 1969 accipiat
938 1916 953 1953 :
987 1899 1040 1955 in
1063 1900 1345 1970 epulentos
1364 1911 1541 1956 autem
1568 1902 1753 1957 oculos
1776 1901 1995 1973 dirigit,

414 2006 478 2044 ex
508 1999 731 2058 aspectu
787 1988 879 2044 illo
932 1989 1158 2044 multum
1186 1991 1237 2045 in
1259 1993 1491 2047 animam
1538 2006 1690 2047 suam
1736 1993 1997 2050 inducens

416 2084 615 2150 ignem.
637 2081 779 2152 Ignis
803 2082 1000 2153 quippe
1019 2092 1119 2148 est,
1154 2082 1244 2154 qui
1270 2082 1617 2139 vehementer
1639 2086 1906 2140 consumit
1926 2087 1995 2140 11⁸

414 2176 546 2242 lum,
572 2175 663 2246 qui
692 2174 745 2229 in
773 2174 944 2244 ipsum
977 2174 1197 2229 incidit:
1229 2186 1391 2245 atque
1418 2176 1627 2231 etiamsi
1666 2192 1766 2232 nec
1788 2178 1996 2247 gehen-

414 2282 520 2332 nrc,
566 2281 665 2321 nec
714 2265 960 2337 supplicii
988 2266 1151 2321 mina:
1203 2266 1476 2322 intentata:
1521 2266 1765 2332 fuissent,
1799 2267 1882 2322 ha:
1908 2284 1996 2325 res

414 2367 709 2427 pncseutes
726 2366 907 2413 essent
943 2359 1285 2429 supplicium,
1315 2359 1531 2415 assidue
1556 2376 1751 2431 nempe
1774 2371 1994 2429 torque-

414 2448 480 2510 ri,
510 2463 684 2517 neque
713 2449 884 2503 morbi
914 2448 1075 2503 linem
1102 2449 1364 2505 invenire.
1395 2450 1460 2505 Et
1490 2450 1605 2505 hmc
1629 2453 1762 2508 satis
1785 2464 1991 2521 essent,

415 2550 471 2591 ut
497 2539 567 2593 ab
594 2538 895 2607 hujusmodi
926 2539 1243 2610 aegritudine
1264 2549 1594 2596 avocarent:
1624 2542 1720 2597 sed
1749 2542 1882 2599 nihil
1904 2560 1997 2614 pe-

410 2629 499 2699 jus
526 2629 779 2695 amentia,
802 2645 920 2700 qua:
941 2630 994 2684 id
1014 2630 1180 2685 efficit
1199 2640 1256 2686 ut
1281 2631 1441 2686 rebus
1455 2646 1743 2688 maerorem
1775 2643 1831 2689 et
1856 2636 1995 2691 nihil

411 2720 547 2775 lucri
574 2720 920 2775 aﬁ‘erentibus
944 2721 1016 2775 illi
1046 2720 1304 2778 hrcreant.
1335 2722 1714 2789 Quamobrem,
1746 2726 1996 2794 obsecro,

414 2812 760 2881 incipientem
790 2814 956 2867 animi
983 2815 1229 2869 morbum
1259 2816 1642 2885 exstinguatis.
1672 2818 1822 2873 Sicut
1844 2820 1991 2875 enim

415 2904 582 2958 febris
618 2904 770 2959 initio
800 2921 905 2959 non
954 2906 1110 2961 valde
1152 2908 1240 2961 siti
1264 2907 1445 2963 adurit
1484 2918 1839 2979 aegrotantes;
1872 2927 1995 2967 cum

413 3007 594 3052 autem
632 2998 861 3052 creverit
886 3007 939 3054 et
964 2997 1231 3054 ﬂammam
1282 3001 1626 3067 excitaverit,
1674 3012 1805 3058 tunc
1850 3005 1995 3060 sitim

415 3088 558 3156 parit
576 3087 1064 3158 iuexstinguibilem
1089 3105 1103 3153 ;
1135 3088 1345 3143 etiamsi
1374 3106 1504 3145 vero
1524 3093 1643 3162 quis
1662 3102 1846 3162 potum
1867 3095 1997 3165 ipsis

419 3180 640 3247 largiter
671 3179 928 3250 praebeat,
966 3196 1072 3235 non
1096 3182 1403 3253 exstinguit,
1433 3184 1527 3237 sed
1552 3185 1798 3240 accendit
1823 3186 1999 3241 forna-

408 3286 530 3327 cem
592 3292 605 3327 :
669 3272 747 3328 sic
762 3274 921 3327 etiam
948 3273 999 3328 iu
1031 3273 1134 3328 hoc
1156 3275 1344 3330 morbo
1364 3276 1579 3331 accidit.
1616 3278 1671 3333 Si
1703 3279 1854 3333 initio
1873 3295 1996 3334 cum

412 3365 648 3419 animam
697 3374 935 3419 nostram
988 3365 1227 3431 invadit,
1261 3382 1366 3420 non
1400 3367 1773 3436 impcdiamus,
1823 3386 1998 3442 neque

420 3455 567 3510 fores
590 3456 688 3525 ipsi
712 3455 1043 3519 claudamus,
1089 3458 1364 3527 ingressus
1389 3458 1607 3513 demum
1647 3462 1993 3517 incurabilem

415 3546 807 3615 excipientibus
862 3546 1001 3615 parit
1051 3546 1439 3616 aegritudinem.
1496 3549 1705 3605 Etenim
1752 3562 1806 3606 et
1857 3551 1997 3607 bona

415 3646 472 3690 et
500 3636 799 3700 mala,cuiu
844 3636 1043 3691 diutius
1062 3636 1115 3692 in
1148 3637 1301 3693 nobis
1348 3640 1663 3707 manserint,
1693 3643 1995 3711 potentiora

418 3728 574 3784 ﬁuut.

489 3822 541 3876 5.
592 3821 648 3875 lu
689 3821 1040 3893 omnibusque
1081 3821 1201 3876 aliis
1228 3820 1457 3892 idipsum
1484 3822 1666 3879 videre
1717 3832 1819 3880 est.
1860 3823 1996 3881 Nam

419 3913 596 3981 planta
623 3929 813 3968 recens
859 3914 1046 3980 insita,
1086 3914 1242 3968 facile
1267 3914 1554 3981 evellitur;
1588 3917 1630 3970 si
1662 3916 1822 3988 longo
1862 3928 1999 3973 tem-

418 4020 549 4074 pore
579 4006 749 4076 egerit
781 4006 1013 4072 radices,
1045 4022 1151 4061 non
1203 4008 1328 4062 item
1354 4048 1368 4074 ,
1398 4008 1492 4063 sed
1540 4009 1720 4064 valido
1747 4024 1885 4079 Opus
1914 4020 1999 4066 est

419 4108 574 4152 vecte
598 4116 611 4152 :
642 4108 697 4153 et
723 4099 1007 4154 aediﬁcium
1034 4114 1225 4153 recens
1251 4098 1406 4154 facile
1428 4102 1706 4166 evertitur;
1723 4117 1843 4156 cum
1870 4119 2000 4157 vero

423 4189 728 4244 ﬁrmitatem
750 4191 1035 4260 acceperit,
1064 4190 1283 4246 difficile
1311 4206 1338 4244 a
1364 4192 1682 4247 conantibus
1709 4193 1997 4249 decutitur:

421 4291 475 4334 et
497 4280 605 4334 fera
626 4297 745 4351 qua:
762 4282 921 4353 longo
944 4290 1182 4351 tempore
1200 4283 1394 4338 alicubi
1418 4284 1632 4349 mansit,
1647 4285 2000 4355 mgredispcl-

422 4374 569 4431 litur.
597 4373 722 4429 Illos
743 4374 1024 4444 igitur,qni
1049 4375 1283 4430 nondum
1301 4391 1331 4429 a
1362 4377 1549 4430 morbo
1567 4376 1657 4431 illo
1673 4378 1998 4444 detinentur,

421 4480 553 4536 rogo
573 4480 643 4520 ne
654 4465 949 4536 capiantur:
966 4467 1171 4520 facilius
1189 4467 1382 4537 quippe
1399 4475 1485 4521 est
1499 4483 1689 4523 cavere
1704 4483 1771 4523 ne
1784 4469 1998 4534 cadant,

420 4572 582 4627 quam
612 4556 795 4628 lapsos
824 4558 1059 4612 exsilire.
1112 4558 1220 4613 Illis
1247 4575 1395 4623 vero,
1446 4561 1536 4630 qui
1561 4560 1671 4630 jam
1701 4560 2004 4617 inciderunt

423 4659 526 4704 cta
552 4650 744 4704 morbo
792 4650 883 4704 illo
922 4650 1156 4720 correpti
1202 4662 1347 4717 sunt,
1377 4657 1420 4706 si
1454 4654 1646 4707 rationi
1685 4654 1895 4709 medico
1943 4669 2004 4709 se

423 4740 623 4795 dedere
645 4739 808 4794 velint
832 4782 847 4805 ,
879 4741 1101 4795 multam
1152 4741 1341 4797 salutis
1366 4759 1514 4812 spem
1542 4758 1637 4813 per
1658 4744 1752 4799 Dei
1778 4746 2001 4813 gratiam

428 4831 707 4903 polliceor.
758 4832 888 4886 Nam
913 4834 957 4886 si
998 4847 1093 4888 eos
1129 4834 1298 4902 quiin
1337 4836 1581 4889 morbum
1625 4835 1926 4890 inciderunt
1950 4844 2006 4889 et

429 4933 611 4992 postea
640 4924 1027 4978 convaluerunt
1049 4926 1417 4994 cogitaverint,
1440 4925 1632 4979 bonam
1660 4940 1810 4995 spem
1842 4927 2004 4981 hahe-

431 5010 562 5064 bunt
584 5011 696 5067 fore
720 5021 777 5067 ut
802 5026 831 5064 ει
862 5011 1051 5073 morbo
1077 5012 1389 5066 liberentur.
1420 5013 1549 5079 Quis
1576 5028 1705 5083 ergo
1736 5012 1923 5067 incidit
1947 5014 1999 5066 in

437 5099 576 5156 hunc
600 5105 867 5170 morbum,
891 5112 947 5157 et
968 5103 1121 5159 facile
1139 5104 1395 5159 liberatus
1422 5106 1547 5159 est?
1573 5105 1863 5159 Zacchazus
1890 5105 1998 5161 ille.

434 5192 566 5259 Quis
605 5195 738 5249 enim
774 5194 1060 5264 publicano
1110 5196 1347 5264 pecunia:
1376 5196 1620 5265 cupidior
1664 5196 1824 5251 fuerit
1850 5197 1871 5252 ?
1897 5196 2000 5252 Sed

432 5286 609 5341 statim
652 5286 1002 5355 philosophus
1048 5286 1269 5342 effectus
1317 5296 1421 5353 est,
1446 5298 1500 5341 et
1528 5296 1694 5341 totum
1749 5288 2005 5342 exstinxit

430 5375 756 5431 incendium.
787 5377 1048 5432 Similiter
1076 5378 1354 5432 Matth-.eus
1381 5397 1395 5433 :
1427 5393 1547 5432 nam
1569 5388 1623 5431 et
1651 5378 1740 5433 ille
1768 5379 2005 5448 publica-

426 5483 529 5521 nus
553 5476 692 5533 erat,
720 5468 770 5521 iu
816 5477 1070 5539 perpetua
1118 5470 1299 5539 rapina
1347 5470 1555 5524 vivens.
1584 5470 1689 5525 Sed
1722 5471 1766 5524 is
1791 5486 2005 5541 quoque

426 5568 651 5628 repente
678 5574 872 5614 noxam
898 5561 1041 5614 exuit
1064 5602 1079 5624 ,
1104 5561 1244 5614 sitim
1291 5560 1578 5625 exstinxit,
1607 5570 1661 5614 et
1689 5561 2005 5631 negotiatio-

429 5663 557 5703 nem
583 5649 717 5704 adiit
743 5648 1099 5719 spiritualem.
1120 5651 1229 5707 llos
1256 5668 1386 5721 ergo
1413 5662 1464 5707 et
1496 5651 1579 5707 his
1604 5652 1805 5707 similes
1829 5662 2003 5707 tecum

424 5750 705 5813 reputans,
735 5758 834 5799 nec
852 5752 906 5800 tu
936 5743 1208 5816 desperes.
1226 5744 1281 5802 Si
1319 5745 1447 5802 velis
1475 5746 1639 5816 enim,
1668 5746 1774 5803 cito
1803 5746 2005 5817 poteris

2114 433 2411 490 emergere.
2433 419 2518 487 Et,
2543 419 2587 474 si
2615 419 2782 486 velis,
2821 418 3115 481 secundum
3146 431 3474 492 medicorum
3518 440 3691 513 legem

2110 525 2172 565 ea
2229 526 2351 581 qua:
2400 511 2605 581 agenda
2646 523 2773 568 sunt
2815 515 2909 570 tibi
2949 530 3197 578 accurate
3258 511 3688 595 praescribemus.

2108 600 2333 671 Oportet
2379 616 2508 672 ergo
2545 612 2671 658 ante
2696 604 2800 658 alia
2830 609 3009 664 omnia
3049 610 3151 666 hoc
3177 625 3322 671 recte
3347 635 3553 689 gerere.
3583 643 3689 685 non

2108 694 2344 746 animum
2376 692 2714 762 despondere
2751 712 2925 766 neque
2954 698 3241 771 desperare
3260 706 3329 763 de
3357 711 3528 768 salute
3551 731 3645 772 sua
3673 740 3690 774 ε

2107 779 2303 837 deinde
2329 797 2434 837 non
2466 783 2627 839 modo
2646 799 2831 841 eorum
2862 790 2951 859 qui
2982 801 3129 848 recte
3157 794 3394 855 fecerunt
3421 808 3689 879 exempla,

2107 873 2202 930 sed
2228 874 2387 929 etiam
2416 890 2598 930 eorum
2627 878 2713 947 qui
2754 894 3161 948 perseverarunt
3202 904 3472 949 aerumnas
3518 873 3688 970 inspi;

2106 979 2249 1019 cere.
2282 963 2434 1020 Sicut
2466 967 2609 1020 enim
2656 966 2969 1025 Zacchzeum
2998 982 3053 1027 et
3074 974 3382 1036 Matthteum
3433 963 3688 1057 cogitavi-

2106 1074 2228 1117 mus
2251 1101 2265 1125 ,
2330 1058 2401 1112 ita
2428 1068 2483 1113 et
2507 1058 2699 1115 Iudam
2726 1063 2914 1117 animo
2940 1075 3191 1136 reputare
3211 1084 3443 1142 oportet,
3477 1094 3685 1138 necnon

2106 1148 2273 1214 Giezi,
2304 1150 2500 1214 Achar,
2528 1151 2736 1219 Achab,
2757 1154 3018 1211 Ananiam
3036 1168 3090 1213 et
3114 1160 3468 1235 Sapphiram;
3511 1180 3570 1227 ut
3590 1189 3687 1243 per

2107 1238 2226 1295 illos
2255 1240 2685 1309 desperationem
2731 1244 3028 1314 ejiciamus,
3068 1264 3178 1318 per
3204 1252 3303 1308 hos
3328 1272 3456 1313 vero
3497 1238 3685 1319 socor-

2105 1328 2247 1385 diam
2277 1331 2673 1398 exscindamus,
2704 1350 2879 1405 neque
2904 1340 3127 1408 supinus
3154 1343 3224 1397 sit
3244 1346 3535 1406 animusad
3562 1369 3682 1409 mo-

2105 1424 2212 1478 nita
2238 1440 2359 1495 qua:
2385 1427 2803 1496 praescribuntur
2827 1448 2840 1482 :
2874 1446 2937 1488 ac
2968 1448 3066 1487 nos
3088 1434 3232 1504 ipsos
3257 1438 3597 1501 instituamus
3616 1448 3683 1504 ad

2105 1516 2193 1570 illa
2217 1516 2462 1583 dicenda,
2510 1536 2631 1590 qua:
2662 1529 2787 1576 tunc
2808 1521 2875 1576 ad
2906 1522 3124 1579 Petrum
3148 1529 3473 1588 accedentes
3500 1534 3677 1594 Judaei

2104 1603 2395 1661 dicebant:
2453 1608 2589 1674 Quid
2633 1628 2751 1683 ergo
2801 1624 2997 1683 Oportet
3057 1619 3225 1687 facere
3264 1630 3318 1674 ut
3353 1624 3483 1679 salvi
3529 1629 3685 1686 simus

2104 1695 2124 1765 (
2160 1697 2345 1752 Achﬁ.
2380 1699 2446 1754 57
2481 1701 2624 1769 )?et
2653 1703 2930 1759 audiamus
2981 1722 3044 1761 ea
3095 1725 3215 1779 qua:
3241 1712 3480 1771 facienda
3534 1731 3681 1778 sunt.

2103 1788 2239 1858 Quid
2258 1807 2385 1861 ergo
2415 1804 2629 1863 oportet
2654 1795 2833 1852 facere
2863 1798 3082 1855 iNosse
3113 1819 3291 1860 rerum
3322 1808 3604 1878 vilitatem,
3630 1824 3687 1870 et

2104 1881 2245 1951 quod
2269 1882 2469 1938 divitia:
2486 1886 2593 1939 sint
2609 1900 2799 1942 servus
2825 1889 3073 1961 fugitivus
3099 1902 3154 1948 et
3180 1894 3441 1969 ingratus,
3464 1913 3519 1957 et
3537 1905 3683 1975 quod

2104 1985 2443 2040 possessores
2469 1989 2595 2029 suos
2626 1976 2678 2029 in
2705 1978 2841 2032 mala
2891 1980 3129 2049 injiciant
3157 1984 3596 2049 innumerabilia:
3626 2004 3683 2051 et

2100 2062 2365 2131 ejusmodi
2396 2065 2555 2120 verba
2586 2067 2802 2124 assidue
2831 2070 3197 2132 decantemus.
3229 2080 3308 2134 Ac
3327 2085 3680 2151 quemadmo-

2101 2152 2228 2208 dum
2253 2154 2447 2209 medici
2467 2171 2640 2227 :egros
2662 2158 2906 2230 frigidam
2933 2165 3266 2232 postulantes
3292 2173 3637 2233 consolantur
3658 2220 3675 2245 ,

2102 2258 2161 2300 se
2192 2246 2514 2316 praebituros
2532 2248 2797 2316 dicentes,
2829 2250 3032 2311 fontem
3086 2273 3596 2333 commemorantes,
3624 2278 3681 2324 et

2102 2352 2197 2393 vas
2240 2348 2294 2393 et
2347 2347 2559 2409 tempus
2611 2354 2995 2412 opportunum,
3046 2348 3305 2421 pluraque
3378 2353 3684 2425 huiusmodi

2102 2430 2122 2500 (
2152 2446 2273 2486 nam
2299 2432 2342 2486 si
2373 2432 2550 2488 statim
2584 2445 2863 2505 negarent,
2894 2437 2946 2492 in
2966 2438 3199 2496 furorem
3226 2452 3279 2499 et
3308 2445 3509 2503 rabiem
3537 2451 3684 2520 ipsos

2101 2522 2431 2592 conjicerent
2458 2523 2477 2594 )
2508 2542 2522 2579 :
2553 2525 2626 2579 ita
2671 2536 2726 2581 et
2770 2543 2869 2584 nos
2918 2544 3038 2584 cum
3080 2535 3332 2601 pecunias
3382 2542 3683 2599 amantibus

2100 2629 2359 2685 agamus:
2406 2626 2606 2672 etcum
2644 2618 2897 2685 dixerint,
2952 2621 3291 2681 Divitesesse
3320 2628 3683 2697 volumus,ne

2100 2709 2281 2763 statim
2310 2707 2550 2764 dicamus
2581 2710 2750 2765 malas
2767 2725 2887 2767 esse
2910 2712 3125 2769 divitias
3150 2732 3165 2781 ;
3196 2717 3288 2773 sed
3318 2724 3680 2779 assentiamur

2103 2810 2158 2856 et
2187 2801 2428 2856 dicamus
2471 2818 2569 2857 nos
2595 2804 2757 2859 etiam
2806 2805 2910 2861 hoc
2940 2809 3077 2863 velle
3099 2850 3115 2876 ,
3144 2811 3237 2865 sed
3266 2812 3319 2867 in
3367 2818 3685 2886 congruenti

2105 2904 2363 2965 tempore,
2394 2896 2489 2952 sed
2518 2896 2733 2953 divitias
2761 2915 2940 2967 veras,
2966 2901 3060 2956 sed
3091 2917 3184 2958 eas
3208 2921 3327 2974 qua:
3357 2908 3684 2979 voluptatem

2103 2985 2336 3041 habeant
2363 2987 2743 3052 immortalem,
2766 2990 2863 3045 sed
2890 3006 2983 3047 eas
3006 3008 3126 3061 quae
3151 2995 3480 3067 colliguntur
3502 2999 3678 3067 nobis,

2105 3091 2212 3131 non
2268 3078 2406 3145 aliis,
2454 3093 2600 3149 srepe
2642 3090 2820 3135 autem
2853 3091 2907 3138 et
2940 3082 3170 3139 inimicis
3198 3103 3214 3151 ;
3243 3102 3306 3142 ac
3331 3088 3685 3161 philosophiae

2102 3167 2265 3223 verba
2293 3167 2346 3222 in
2374 3168 2609 3224 medium
2624 3170 2909 3227 aﬁ'eramus
2934 3189 2998 3229 ac
3019 3175 3278 3233 dicamus:
3304 3179 3417 3234 Non
3437 3182 3685 3251 jubcmtts

2104 3276 2211 3315 non
2238 3260 2432 3316 divites
2458 3277 2598 3332 esse,
2626 3263 2721 3319 sed
2747 3266 2886 3321 male
2911 3267 3104 3325 divites
3124 3286 3243 3328 esse
3266 3283 3507 3332 velamus
3525 3296 3538 3333 :
3557 3278 3684 3334 licet

2103 3354 2245 3408 enim
2262 3352 2478 3409 divitem
2504 3369 2644 3420 esse,
2666 3356 2762 3410 sed
2791 3358 2905 3413 sine
2930 3361 3170 3422 avaritia.
3187 3363 3305 3420 sine
3323 3370 3504 3437 νίψω-ι
3526 3377 3580 3424 et
3603 3371 3675 3437 vi,

2104 3443 2175 3498 ita
2190 3444 2397 3514 utapud
2410 3460 2596 3501 omnes
2609 3448 2747 3503 male
2758 3449 2937 3505 audiat
2950 3452 3103 3507 dives
3116 3453 3439 3524 hujusmodi.
3457 3460 3551 3515 llis
3564 3461 3685 3520 illos

2104 3534 2281 3591 verbis
2305 3536 2452 3605 prius
2474 3537 2758 3607 leniamus,
2776 3542 3005 3598 necdum
3024 3545 3092 3600 de
3105 3545 3349 3616 gehenna
3366 3550 3683 3622 loquamur:

2072 3660 2081 3669 -
2105 3644 2227 3682 nam
2246 3631 2336 3700 qui
2356 3639 2600 3701 aegrotat,
2621 3634 2745 3689 talia
2762 3636 2924 3692 verba
2945 3639 3126 3693 statim
3147 3656 3252 3695 non
3283 3643 3465 3698 ferret.
3496 3646 3689 3714 Quam-

2102 3720 2290 3776 obrem
2308 3737 2375 3778 ex
2399 3724 2754 3794 praesentibus
2783 3727 2867 3782 his
2886 3728 2955 3785 de
2974 3731 3135 3787 rebus
3156 3734 3316 3788 verba
3350 3736 3607 3794 faciamus
3633 3749 3687 3797 et

2105 3813 2343 3870 dicamus
2363 3834 2376 3869 :
2394 3815 2501 3871 Cur
2524 3832 2589 3872 ex
2620 3820 2839 3875 avaritia
2862 3823 2940 3876 vis
2952 3822 3133 3890 ditari,
3165 3835 3220 3879 ut
3244 3827 3366 3881 aliis
3387 3846 3576 3885 aurum
3594 3848 3684 3889 re-

2105 3904 2388 3973 condatur,
2409 3909 2502 3963 tibi
2525 3925 2656 3965 vero
2672 3912 2966 3970 innumera:
2995 3916 3407 3985 imprecationes
3428 3932 3483 3978 et
3498 3926 3684 3980 crimi-

2106 4000 2385 4056 nationes?
2407 4010 2461 4056 et
2486 4002 2576 4071 qui
2605 4003 2711 4057 illis
2737 4007 2977 4075 privatus
3003 4018 3107 4073 est,
3138 4025 3201 4064 ex
3228 4027 3410 4066 rerum
3440 4031 3689 4073 necessa-

2108 4090 2304 4145 riarum
2344 4094 2567 4161 penuria
2594 4094 2933 4163 mordeatur,
2961 4098 3145 4165 ejulet,
3178 4113 3567 4175 sescentosque
3596 4106 3687 4161 tibi

2106 4184 2341 4237 attrahat
2390 4196 2737 4241 accusatores
2766 4227 2782 4254 ,
2809 4197 2865 4243 et
2892 4187 3211 4245 adveniente
3251 4206 3471 4261 vespera
3515 4197 3687 4251 furum

2107 4275 2424 4344 circumeat,
2454 4286 2509 4333 et
2535 4279 2587 4333 in
2615 4280 2917 4350 angiportis
2939 4296 3130 4337 omnes
3158 4285 3466 4351 conveniat,
3496 4286 3690 4344 dubius

2108 4375 2165 4421 et
2186 4367 2396 4430 anxius,
2428 4382 2497 4423 ne
2519 4367 2589 4423 de
2616 4369 2956 4440 transigenda
2983 4370 3199 4441 quidem
3224 4384 3383 4429 nocte
3401 4375 3569 4432 ﬁdere
3594 4393 3689 4432 au-

2108 4459 2269 4516 dens.
2297 4459 2578 4528 Quomodo
2593 4462 2734 4516 eniru
2753 4461 2863 4531 jam
2891 4463 3143 4532 dormiet,
3168 4465 3293 4520 dum
3322 4468 3530 4524 mordet
3560 4485 3690 4525 ven-

2111 4559 2211 4615 ter,
2244 4551 2461 4623 ipseque
2487 4552 2700 4622 vigilat,
2732 4552 2896 4609 fames
2926 4555 3156 4622 obsidet,
3179 4556 3376 4627 ingruit
3397 4575 3538 4631 sa’pe
3566 4562 3688 4631 gelu

2110 4653 2162 4699 et
2193 4644 2383 4713 pluviae
2406 4644 2702 4699 decidunt?
2730 4645 2797 4700 Et
2819 4653 2871 4700 tu
2899 4646 3114 4716 quidem
3140 4663 3206 4703 ex
3239 4649 3432 4706 balneo
3478 4652 3692 4709 ablutus

2110 4735 2278 4801 redis,
2309 4736 2563 4791 mollibus
2606 4738 2834 4792 amictus
2876 4738 3135 4805 vestibus,
3191 4740 3345 4795 hctus
3370 4751 3425 4797 et
3450 4745 3686 4813 gaudens

2111 4828 2179 4884 ad
2207 4829 2405 4883 lautam
2457 4844 2667 4885 caenam
2720 4834 2989 4886 aceurris:
3022 4831 3112 4886 ille
3134 4842 3313 4887 autem
3343 4848 3438 4902 per
3461 4835 3633 4891 forum
3660 4854 3691 4893 a

2112 4918 2309 4988 frigore
2330 4929 2386 4975 et
2412 4919 2553 4975 fame
2589 4936 2733 4988 smpe
2760 4921 2946 4989 pulsus
2974 4922 3241 4987 circumit,
3275 4938 3445 4992 prono
3473 4928 3645 4997 capite
3673 4970 3688 4996 ,

2113 5028 2303 5067 manus
2328 5013 2658 5076 extendens;
2684 5027 2780 5066 nec
2805 5028 2915 5083 pra:
2953 5022 3099 5068 metu
3127 5015 3289 5071 audet
3316 5019 3511 5074 satiato
3536 5028 3591 5076 et
3615 5037 3692 5076 re-

2112 5105 2380 5161 cumbenti
2432 5104 2591 5158 verba
2631 5103 2869 5174 proferre
2921 5121 3018 5175 pro
3046 5106 3301 5165 alimento
3351 5114 3687 5179 necessario;

2113 5210 2258 5265 saepe
2285 5209 2413 5249 vero
2454 5194 2776 5251 contumelia
2805 5194 3030 5252 aﬁ‘ectus
3073 5200 3319 5255 recessit.
3371 5202 3504 5257 Cum
3561 5220 3688 5275 ergo

2112 5285 2331 5340 domum
2363 5300 2612 5341 reversus
2638 5300 2720 5351 es,
2743 5302 2863 5342 cum
2887 5288 2941 5342 in
2970 5287 3109 5344 lecto
3134 5292 3402 5346 recumbis
3451 5308 3570 5347 cum
3600 5294 3688 5350 lux

2113 5375 2393 5446 splendida
2421 5375 2619 5445 ubique
2644 5377 2809 5447 fulget
2848 5378 2898 5432 in
2934 5379 3162 5445 aedibus,
3187 5396 3308 5435 cum
3333 5381 3473 5437 lauta
3502 5400 3686 5441 mensa

2112 5478 2295 5539 parata
2322 5477 2426 5535 est,
2468 5476 2580 5522 tum
2608 5468 2895 5524 recordare
2943 5469 3124 5523 miseri
3149 5480 3203 5526 et
3230 5470 3461 5527 infelicis
3503 5475 3648 5531 illius
3674 5519 3689 5543 ,

2112 5560 2225 5628 qui,
2256 5567 2314 5613 ut
2336 5574 2497 5614 canes
2525 5559 2722 5625 solent,
2750 5559 2802 5613 in
2825 5559 3142 5629 angiportis,
3167 5560 3221 5617 in
3247 5562 3483 5619 tenebris
3503 5574 3557 5621 et
3577 5566 3691 5623 luto

2113 5651 2404 5706 circumit:
2447 5651 2656 5706 etiamsi
2682 5665 2826 5720 saepe
2856 5648 2981 5705 hinc
3030 5649 3207 5719 abeat,
3262 5668 3369 5709 nou
3419 5654 3637 5711 domum
3668 5697 3686 5723 ,

2114 5759 2220 5802 non
2248 5742 2313 5800 ad
2343 5758 2565 5800 uxorem
2586 5784 2603 5814 ,
2632 5741 2729 5800 sed
2752 5743 2806 5799 in
2832 5740 2959 5800 futui
2986 5751 3233 5816 stratum,
3266 5756 3324 5803 ut
3344 5756 3402 5804 et
3418 5764 3578 5806 canes
3603 5748 3683 5802 vi-
