4100 6214
359 323 429 380 95
538 271 548 280 ’
865 309 867 311 ’
1084 321 1140 370 s.
1179 309 1452 366 JO.\N.\'IS
1488 301 1962 362 cnuvsosrout
2003 301 2321 358 ARCHIEP.
2359 304 2894 361 CONSTANTINOP.
3563 321 3631 374 96

361 439 576 502 demus,
632 436 721 505 qui
752 449 846 503 per
875 441 1040 487 totam
1073 439 1280 483 noctem
1309 422 1478 478 rabidi
1511 423 1725 475 intrant.
1781 418 1848 473 Et
1890 426 1948 472 tu

359 528 576 598 quidem
606 528 650 580 si
684 540 899 596 parvam
927 523 1122 578 stillam
1153 516 1353 570 videris
1383 529 1412 568 e
1438 522 1580 567 tecto
1624 511 1898 581 delapsam
1926 553 1940 574 ,

362 629 530 674 totam
557 619 755 674 evertis
785 615 1026 676 domum,
1075 609 1297 662 famulos
1345 619 1573 668 vocans,
1605 604 1782 656 omnia
1825 617 1942 656 ruo-

360 726 493 767 vens
524 729 536 765 :
571 711 660 764 ille
702 723 831 761 vero
873 707 1060 771 jacens
1090 703 1143 757 iu
1175 703 1388 772 parmis,
1438 699 1586 754 ΐωιιο
1604 706 1658 753 et
1681 699 1793 752 luto
1815 738 1829 762 ,
1859 697 1944 750 in-

363 817 494 873 gens
517 803 707 855 tolerat
730 798 916 867 frigus.

431 895 484 947 6.
527 892 656 959 Qutc
699 891 806 943 fera
853 887 938 942 his
982 903 1087 940 nou
1128 885 1399 956 frangatur
1423 883 1625 938 rebus?
1663 882 1780 952 quis
1807 881 1943 935 adeo

357 997 530 1037 srrvus
570 989 624 1035 et
670 979 1010 1041 inhumanus,
1063 977 1209 1030 hisce
1258 976 1417 1029 rebus
1461 990 1564 1028 non
1614 973 1943 1027 mansuetior

355 1072 647 1127 reddatur?
683 1071 789 1126 Sed
817 1070 1041 1140 quidam
1076 1069 1139 1121 ad
1179 1076 1377 1122 tantam
1423 1066 1813 1120 immanitatem
1849 1064 1942 1118 de-

356 1174 635 1229 venerunt,
670 1175 728 1218 ut
755 1165 936 1218 dicant
968 1165 1111 1233 ipsos
1139 1162 1295 1231 digna
1326 1160 1449 1229 pati.
1492 1157 1624 1214 Cum
1665 1165 1950 1226 oporteret

354 1259 498 1314 enim
525 1255 803 1320 misereri,
837 1253 1116 1325 lacrymari
1137 1296 1157 1319 ,
1184 1263 1236 1306 et
1263 1251 1619 1305 calamitatem
1651 1249 1806 1303 simul
1835 1248 1942 1301 sol-

354 1366 480 1405 vere
513 1367 526 1403 :
558 1349 630 1402 illi
663 1363 790 1402 vero
822 1348 967 1416 ipsos
998 1345 1359 1400 inhumaniter
1386 1353 1659 1398 accusant.
1691 1342 1836 1410 Quos
1871 1343 1938 1396 li-

353 1441 542 1496 benter
571 1440 956 1506 interrogarent
981 1481 994 1504 ,
1022 1439 1132 1492 Cur
1151 1479 1166 1503 ,
1198 1451 1403 1507 qua-so,
1437 1435 1601 1505 dignae
1624 1433 1944 1506 patiuntur?

352 1549 420 1588 an
450 1531 593 1604 quod
625 1533 694 1585 ali
728 1533 891 1586 velint
915 1541 968 1586 et
995 1546 1097 1584 non
1131 1529 1270 1583 fame
1296 1528 1482 1582 confici
1505 1528 1527 1582 ?
1550 1527 1684 1592 Non,
1713 1525 1936 1594 inquiet,

352 1625 448 1682 sed
479 1626 604 1696 quia
633 1625 790 1679 otiosi
821 1632 966 1678 sunt.
999 1623 1080 1677 Tu
1111 1638 1238 1676 vero
1263 1636 1442 1675 annon
1473 1621 1678 1674 otiosus
1712 1618 1936 1672 deiicia-

355 1718 462 1771 ris?
486 1717 622 1785 Quid
655 1731 782 1770 vero
803 1757 816 1777 ,
849 1730 1028 1769 annon
1058 1729 1194 1783 opus
1237 1728 1380 1781 επιερο
1407 1727 1627 1767 exerces
1655 1712 1765 1766 otio
1791 1713 1937 1766 omni

352 1809 587 1876 gravius,
629 1808 755 1861 dum
797 1806 960 1871 rapis,
1008 1808 1112 1858 vim
1155 1803 1318 1858 infers
1356 1814 1411 1858 et
1439 1804 1676 1858 avaritiae
1714 1803 1894 1858 studes
1914 1804 1950 1857 ‘i‘

355 1900 544 1954 Melius
567 1908 710 1953 esset
737 1898 779 1952 si
815 1906 869 1951 ιιι
900 1912 1112 1967 quoque
1141 1897 1266 1950 huic
1297 1904 1348 1950 te
1378 1895 1604 1951 dederes
1632 1898 1741 1949 otio
1770 1915 1782 1950 :
1816 1913 1948 1951 nam.

354 1991 423 2044 ita
465 1989 620 2044 otiari
667 1989 858 2043 melius
897 1998 997 2051 est,
1047 2003 1204 2056 quam
1243 1987 1478 2042 avaritia:
1521 1987 1755 2042 studere.
1785 1987 1938 2043 Nunc

351 2091 530 2136 autem
559 2079 750 2134 alienis
775 2079 938 2134 etiam
966 2078 1192 2132 insultas
1213 2077 1626 2144 calamitatibus,
1651 2096 1755 2132 non
1778 2079 1948 2135 modo

352 2174 406 2225 in
434 2172 544 2226 otio
569 2171 788 2241 degens,
820 2185 921 2225 nec
949 2169 1110 2222 modo
1135 2185 1269 2238 opus
1309 2169 1627 2240 aggrediens
1670 2171 1779 2224 otio
1818 2185 1936 2240 gra-

352 2265 490 2332 vius,
539 2263 632 2320 sed
679 2263 836 2319 etiam
871 2263 923 2316 in
965 2263 1178 2317 miseria
1208 2261 1462 2331 degentes
1491 2277 1766 2317 accusans.
1804 2262 1935 2332 ipsis

349 2370 562 2427 quoque
613 2367 891 2408 narremus
949 2353 1152 2407 alienas
1205 2353 1568 2418 calamitates,
1625 2353 1945 2408 immaturas

349 2447 623 2511 orbitates,
655 2461 748 2502 eos
777 2445 866 2515 qui
912 2444 964 2499 in
994 2459 1208 2499 carcere
1236 2445 1454 2514 degunt,
1487 2459 1582 2499 eos
1616 2445 1704 2515 qui
1729 2445 1932 2500 discer-

351 2549 548 2608 pnnttrr
573 2539 625 2592 in
647 2537 863 2609 judiciis
883 2580 896 2600 ,
931 2551 1023 2592 eos
1049 2537 1138 2607 qui
1166 2535 1233 2591 de
1259 2538 1361 2591 vita
1394 2537 1599 2602 timent,
1634 2537 1933 2606 inopinatas

350 2630 632 2684 mulierum
663 2628 964 2691 viduitates,
993 2626 1301 2696 repentinas
1330 2629 1553 2684 divitum
1585 2630 1928 2697 mutationes,

347 2733 400 2776 ct
427 2721 527 2776 hoc
556 2729 696 2775 metu
727 2736 912 2775 eorum
943 2721 1152 2774 animos
1182 2720 1504 2775 molliamus.
1535 2717 1666 2775 Nam
1696 2737 1792 2792 per
1814 2722 1934 2777 illas

347 2816 548 2868 alienas
591 2813 922 2867 narrationes
961 2813 1302 2868 suadebimus
1333 2813 1470 2879 illis,
1505 2822 1562 2868 ut
1589 2812 1774 2868 eadem
1818 2816 1928 2882 ipsa

347 2908 446 2963 sibi
479 2908 714 2961 timeant.
742 2904 872 2960 Cum
902 2905 1042 2958 enim
1073 2904 1357 2968 audierint,
1386 2904 1682 2974 cujuspiam
1709 2907 1854 2960 avari
1875 2914 1935 2961 et

347 2998 575 3070 raptoris
605 2996 768 3051 ﬁlium
792 3038 806 3062 ,
836 2997 1130 3066 cujuspiam
1160 2997 1248 3066 qui
1281 2997 1444 3050 multa
1477 2998 1753 3067 tyrannice
1783 2999 1928 3054 fece-

347 3101 429 3147 rat
457 3106 698 3155 uxorem,
719 3099 841 3162 post
865 3099 1090 3145 mortem
1123 3089 1365 3158 conjugis
1394 3089 1671 3144 innumera
1717 3105 1930 3160 passam

346 3193 466 3240 esse
494 3184 650 3250 mala,
674 3197 793 3238 cum
821 3183 856 3237 ii
888 3183 975 3253 qni
1005 3182 1196 3252 injuste
1224 3181 1334 3234 lzest
1359 3181 1588 3248 fuerant,
1628 3184 1679 3237 in
1706 3199 1927 3238 uxorem

345 3284 397 3328 et
418 3273 556 3328 ﬁlios
581 3273 883 3338 irruisscnt,
909 3281 963 3326 et
981 3288 1264 3327 commune
1285 3273 1480 3328 bellum
1503 3281 1688 3328 contra
1712 3274 1926 3330 domum

349 3363 491 3419 illius
519 3363 752 3434 undique
780 3365 1066 3418 excitatum
1100 3373 1240 3419 esset
1273 3383 1288 3419 :
1315 3365 1524 3419 etiamsi
1554 3366 1784 3420 maxime
1807 3381 1926 3421 om-

349 3454 492 3507 nium
535 3469 695 3508 sensu
726 3453 1012 3510 destitutus
1039 3455 1142 3520 sit,
1176 3466 1494 3524 exspectans
1520 3463 1694 3511 tamen
1721 3471 1779 3513 se
1807 3457 1932 3512 talia

345 3562 623 3616 passurum
644 3587 659 3612 ,
689 3555 743 3602 et
783 3547 892 3601 suis
921 3547 1116 3602 timens
1143 3563 1210 3602 ne
1238 3547 1430 3602 similia
1458 3550 1757 3619 patiantur,
1791 3559 1928 3605 tem-

349 3639 620 3705 perantinr
673 3639 793 3693 erit.
847 3638 979 3692 Tota
1025 3639 1130 3692 vita
1181 3649 1360 3693 nostra
1423 3640 1615 3694 talibus
1669 3641 1968 3710 cxemplis'

347 3730 529 3784 multis
572 3729 724 3798 pirna
757 3738 876 3794 est,
911 3744 1010 3783 nec
1039 3729 1251 3784 deﬁciet
1295 3730 1449 3785 nobis
1495 3731 1579 3786 hic
1626 3732 1928 3801 corrigendi

347 3821 554 3874 modus.
581 3820 715 3874 Cum
747 3827 922 3874 autem
957 3821 1070 3874 lucc
1097 3821 1321 3875 dicimus
1344 3863 1360 3888 ,
1385 3839 1490 3876 non
1521 3823 1672 3894 quasi
1699 3825 1928 3878 suaden-

348 3925 430 3966 tes
459 3909 540 3965 vel
567 3910 718 3980 quasi
749 3910 1090 3966 Consulentes
1121 3910 1236 3966 haec
1262 3913 1500 3968 dicamus
1520 3955 1536 3977 ,
1565 3931 1630 3968 ne
1654 3915 1928 3969 molestior

2057 418 2125 471 sit
2151 419 2342 482 oratio,
2375 421 2470 475 sed
2495 422 2545 476 id
2577 433 2844 492 tamquam
2873 427 3232 481 narrationem
3264 429 3594 496 proferamus
3615 456 3643 501 ;-

2047 520 2100 565 et
2131 526 2192 565 ex
2221 511 2324 566 alia
2359 517 2742 585 consequentia
2773 518 2837 570 ad
2865 518 3094 573 similem
3126 535 3341 590 semper
3364 525 3628 579 narratio.

2047 617 2169 656 nem
2199 603 2472 657 veniamus
2496 646 2512 670 ,
2541 621 2605 661 ac
2623 607 2937 676 frequenter
2962 611 3042 664 eis
3077 611 3200 665 talia
3237 614 3481 684 exempla
3513 631 3631 684 pro-

2047 708 2328 762 pouamus,
2382 713 2488 751 non
2537 700 2895 756 concedentes
2945 712 3002 757 ut
3048 703 3152 757 alia
3200 721 3359 774 quam
3406 707 3521 762 Itzrc
3550 709 3631 762 Io-

2047 798 2280 855 quantur
2303 806 2314 842 :
2339 790 2617 858 Quomodo
2643 793 2802 861 hujus
2821 794 3014 850 domus
3037 798 3313 866 spiendida
3337 809 3387 853 et
3412 801 3632 860 illustris

2045 880 2343 944 corruerit;
2385 883 2654 951 quomodo
2697 883 2764 937 ita
2794 885 3008 941 deserta
3040 889 3143 953 sit,
3189 899 3246 943 ut
3289 891 3453 958 ipsius
3493 894 3630 947 bona

2045 969 2222 1022 omnia
2281 970 2332 1024 in
2379 971 2603 1027 aliorum
2652 990 2839 1028 manus
2881 976 3210 1044 inciderint;
3257 991 3385 1050 quot
3430 983 3629 1051 judicia

2045 1061 2280 1128 quotidie
2305 1061 2372 1116 de
2403 1063 2488 1117 his
2517 1064 2853 1122 facultatibus
2876 1079 3002 1123 sunt
3025 1075 3308 1127 constituta
3330 1115 3346 1140 ,
3374 1087 3498 1145 quot
3529 1095 3628 1132 nc.-

2042 1152 2182 1220 gotia
2209 1169 2222 1217 ;
2253 1165 2382 1222 quot
2413 1153 2492 1209 ex.
2523 1156 2735 1212 famulis
2764 1159 2908 1214 illius
2927 1162 3015 1214 alii
3045 1167 3388 1220 emendieant
3412 1210 3426 1231 ,
3456 1170 3544 1223 alii
3577 1172 3628 1225 in

2043 1256 2258 1298 carcere
2277 1246 2512 1299 conclusi
2539 1249 2906 1304 mortuisunt.
2941 1251 3007 1305 Et
3037 1252 3150 1308 hau:
3181 1258 3356 1310 omnia
3388 1259 3630 1314 dicamus

2042 1336 2194 1404 quasi
2241 1337 2488 1405 lugentes
2527 1356 2671 1406 eum,
2723 1343 2809 1410 qui
2855 1357 2918 1397 ex
2971 1344 3069 1400 hac
3115 1347 3221 1401 vita
3263 1351 3525 1420 migravit,
3573 1365 3630 1409 et

2042 1429 2190 1497 quasi
2237 1432 2520 1499 prmsentia
2563 1431 2956 1502 despiciemus;
2992 1447 3045 1490 ut
3075 1448 3128 1492 et
3161 1438 3351 1496 timore
3381 1454 3434 1498 ct
3462 1447 3621 1500 mise-

2043 1520 2636 1578 ricordia-emollianuts
2667 1525 2928 1581 immitem
2959 1527 3107 1582 illum
3133 1531 3392 1586 animum.
3421 1535 3485 1588 Et
3504 1551 3624 1592 eum

2043 1612 2162 1667 illos
2209 1614 2502 1670 viderimus
2561 1615 2645 1670 his
2691 1620 3087 1674 narrationibus
3129 1622 3451 1693 depressos,
3499 1638 3630 1684 tunc

2041 1703 2256 1758 demum
2302 1707 2406 1760 illis
2445 1708 2511 1762 de
2547 1707 2789 1776 gebenna
2823 1724 3126 1768 sermonem
3159 1713 3446 1769 inferamus
3470 1760 3483 1778 ,
3519 1735 3622 1774 non

2043 1804 2307 1866 tamquam
2331 1798 2450 1852 illos
2475 1807 2758 1860 terrentes.
2784 1801 2878 1854 sed
2906 1810 2963 1855 ut
2987 1803 3123 1858 alios
3153 1807 3623 1870 commiserantes;

2040 1894 2093 1939 et
2113 1885 2352 1941 dicamus
2376 1906 2388 1938 :
2416 1888 2486 1942 Et
2507 1889 2628 1958 quid
2661 1899 2870 1958 oportet
2897 1891 3080 1947 dicere
3106 1898 3625 1970 prasentiaincquc

2040 1977 2184 2032 enim
2229 1991 2407 2033 nostra
2450 1979 2534 2034 bis
2571 1993 2695 2035 sunt
2737 1983 2994 2038 limitibus
3040 1986 3480 2058 cimutnscripta;
3526 1993 3619 2047 sed

2038 2070 2251 2138 gravius
2277 2072 2594 2140 supplicium
2624 2073 2758 2127 tales
2787 2073 3029 2130 homines
3057 2079 3316 2146 excipiet,
3346 2092 3399 2134 et
3429 2081 3621 2137 ﬂuvius

2040 2159 2226 2231 igneus
2250 2174 2303 2218 et
2329 2164 2523 2218 vermis
2545 2180 2844 2219 venenosus
2864 2175 2916 2220 et
2945 2168 3175 2222 tenebrae
3197 2170 3622 2229 interminabiles

2039 2261 2097 2306 ct
2119 2255 2375 2324 supplicia
2415 2257 2752 2310 immortalia.
2780 2257 2834 2311 Si
2865 2257 2948 2311 his
2980 2259 3098 2313 illos
3128 2260 3464 2317 incantetnus
3494 2282 3619 2318 nar-

2039 2347 2366 2412 rationibus,
2398 2356 2454 2402 et
2491 2363 2589 2402 nos
2631 2348 2856 2417 ipsosct
2899 2349 3020 2406 illos
3055 2353 3422 2421 corrigemus,
3461 2368 3623 2427 atque

2037 2437 2106 2493 ab
2133 2440 2446 2509 a-gritudine
2474 2440 2582 2494 cito
2609 2440 2974 2505 liberabimus,
3009 2443 3060 2496 iu
3092 2444 3286 2514 dieque
3317 2448 3407 2501 illo
3438 2449 3620 2502 lamia-

2037 2541 2208 2588 mrem
2237 2534 2408 2586 Deum
2427 2533 2769 2597 habebimus,
2799 2545 2858 2589 ut
2879 2546 2932 2592 et
2959 2537 3149 2593 Paulus
3171 2538 3190 2570 ⁸
3219 2539 3386 2594 dicit:
3412 2540 3476 2595 Et
3502 2551 3626 2596 tunc.

2036 2626 2151 2680 leua
2179 2627 2271 2680 erit
2297 2626 2610 2696 unicuiquea
2635 2625 2760 2681 Deo.
2793 2627 2935 2683 Laus
2969 2630 3110 2683 enim
3139 2647 3257 2700 qua:
3287 2633 3357 2687 ab
3383 2633 3616 2690 homini-

2037 2719 2136 2774 bus
2157 2720 2416 2788 proeedit,
2449 2728 2504 2773 et
2528 2719 2719 2774 difﬂuit
2747 2730 2804 2775 et
2829 2721 3114 2790 aliquando
3140 2739 3246 2777 non
3277 2740 3306 2778 a
3339 2725 3478 2780 bono
3502 2731 3617 2782 aui-

2037 2825 2127 2864 mo
2168 2810 2522 2878 proﬁciscitur
2553 2826 2566 2862 :
2599 2826 2716 2880 qua:
2756 2820 2936 2866 autem
2977 2827 3022 2865 a-
3058 2813 3180 2868 Deo.
3209 2824 3313 2878 est,
3345 2826 3398 2870 et
3441 2831 3630 2874 manus

2037 2909 2292 2971 perpetuo
2335 2911 2390 2956 et
2431 2903 2574 2956 clare
2619 2902 2884 2970 splendet.
2931 2905 3170 2971 Quando
3200 2911 3344 2960 enim
3393 2909 3436 2962 is
3461 2952 3476 2970 ,
3526 2913 3624 2980 qui-

2034 2994 2210 3047 omuia
2241 2994 2385 3046 novit
2412 3002 2700 3063 antequam
2734 2995 2860 3047 liant
2883 3005 2938 3048 et
2967 2996 3034 3048 ab
3059 2997 3204 3049 omni
3239 3001 3486 3065 passione
3529 3019 3608 3056 va-

2034 3099 2165 3138 cuus
2190 3095 2291 3151 est,
2327 3084 2538 3150 laudat;
2570 3095 2692 3139 tunc
2723 3085 3124 3142 indubitata-est
3154 3089 3374 3144 virtutis
3391 3091 3620 3152 deumn-~

2034 3175 2241 3228 stratio.
2271 3175 2394 3230 ιιωε
2420 3191 2549 3245 ergo
2577 3191 2700 3230 cum
2725 3179 2960 3230 sciamus
2985 3218 3000 3242 ,
3035 3179 3157 3232 talia
3189 3195 3473 3248 operemur
3503 3195 3559 3238 ut
3587 3203 3619 3239 a

2035 3267 2145 3322 Deo
2173 3267 2472 3330 laudemur,
2499 3275 2556 3322 et
2581 3268 2808 3322 maxima
2837 3283 3229 3337 consequamur
3260 3272 3396 3326 bona
3441 3293 3454 3328 :
3499 3292 3622 3344 qua:

2035 3362 2237 3414 utinam
2272 3374 2368 3413 nos
2391 3375 2578 3414 omnes
2607 3359 2987 3428 adipiscamur,
3013 3363 3180 3431 gratia
3211 3372 3266 3417 et
3295 3363 3622 3436 benignitate

2035 3453 2244 3508 Domini
2284 3453 2450 3507 nostri
2495 3452 2617 3505 .Iesu
2661 3452 2888 3518 Christi,
2935 3454 3150 3522 quicum
3213 3455 3352 3510 Patri
3409 3474 3618 3529 unaque

2032 3547 2251 3616 Spiritui
2274 3555 2459 3600 sancto
2479 3545 2669 3614 gloria,
2694 3546 2994 3614 imperium,
3019 3546 3211 3614 honor,
3233 3565 3372 3605 nunc
3393 3560 3448 3606 et
3473 3568 3618 3607 sem-

2035 3654 2130 3710 per
2151 3679 2167 3707 ,
2213 3649 2267 3693 et
2294 3639 2346 3694 in
2376 3638 2572 3693 smeula
2599 3638 2939 3692 saeculorum.
2971 3641 3168 3694 Amen.

2097 3863 2112 3894 ¹
2151 3861 2312 3910 Morel.
2341 3860 2592 3909 habet.....
2611 3859 2705 3910 cito
2729 3858 3056 3920 liberabimus,
3080 3866 3127 3910 td
3149 3868 3195 3911 et
3219 3863 3415 3923 Parthos,
3428 3867 3619 3916 omissis

2035 3924 2348 3986 interpositis.

1733 4139 2077 4203 IIOMILIA
2121 4141 2241 4203 XII
2251 4187 2267 4200 .

343 4283 470 4338 Car.
503 4285 555 4338 4.
582 4300 632 4337 v.
663 4284 715 4338 6.
751 4283 876 4338 "rec
901 4294 1098 4350 autem,
1129 4287 1343 4355 fratrea,
1374 4285 1732 4355 transﬁgurari
1757 4285 1809 4338 in
1850 4301 1928 4340 me

419 4388 466 4428 et
496 4377 680 4446 Apollo
710 4388 917 4447 promer
946 4393 1050 4439 vos,
1083 4387 1138 4430 ut
1167 4378 1221 4430 in
1249 4375 1392 4431 nobis
1420 4377 1626 4431 discetis
1653 4393 1756 4430 non
1787 4377 1923 4445 plus,

415 4482 566 4532 quam
592 4467 838 4530 scriptum
861 4475 956 4532 est,
985 4481 1182 4533 sapere.

417 4555 469 4606 1.
500 4555 766 4620 Quamdiu
795 4555 1036 4609 molestis
1072 4557 1382 4626 asperisque
1419 4556 1598 4611 verbis
1625 4572 1761 4627 opus
1788 4558 1886 4613 fuit
1908 4600 1923 4624 ,

344 4657 561 4700 scenam
614 4659 720 4697 non
770 4646 1013 4713 aperuit;
1060 4647 1152 4700 sed
1190 4659 1253 4701 ac
1278 4648 1322 4701 si
1375 4647 1488 4718 ipse
1514 4657 1656 4704 esset
1681 4649 1771 4718 qui
1813 4648 1928 4705 haec

344 4735 570 4801 audiret,
601 4734 679 4791 sic
706 4735 1054 4807 loquebatur,
1087 4744 1144 4790 ut
1169 4737 1400 4807 dignitas
1429 4753 1777 4808 personarum
1806 4755 1927 4812 qum

343 4831 730 4886 accusabantur
751 4831 1021 4886 obsistens
1041 4832 1435 4898 accusantibus,
1468 4848 1573 4886 non
1595 4835 1928 4905 permitteret

345 4921 411 4976 ad
443 4923 574 4976 iram
603 4924 928 4978 commoveri
965 4943 978 4979 :
1009 4941 1130 4980 cum
1161 4934 1340 4980 autem
1370 4935 1643 4996 oporteret
1672 4927 1927 4998 deinceps

345 5013 543 5082 aliquid
575 5015 848 5069 remittere
873 5055 888 5080 ,
920 5024 1045 5071 tunc
1071 5019 1241 5084 posita
1269 5018 1412 5072 larva
1433 5060 1448 5085 ,
1478 5017 1771 5072 occultatas
1802 5034 1926 5088 per-

345 5119 505 5160 sonas
532 5105 764 5158 ostendit
793 5106 998 5172 prolato
1039 5107 1189 5162 Pauli
1217 5118 1270 5162 et
1306 5110 1498 5179 Apollo
1531 5109 1763 5164 nomine.
1803 5108 1926 5165 Ideo

345 5197 556 5251 dicebat
584 5212 598 5249 :
633 5193 760 5249 Ha'c
783 5205 948 5248 autem
969 5237 984 5262 ,
1018 5195 1234 5260 fratres,
1266 5201 1624 5270 nattsﬁgnravi
1659 5200 1714 5252 in
1759 5215 1838 5254 me
1879 5208 1926 5254 et

347 5289 550 5356 Apollo.
602 5289 665 5343 Et
692 5288 829 5342 sicut
867 5287 920 5341 in
960 5287 1378 5358 aegrotantibus,
1425 5291 1638 5358 quando
1669 5292 1926 5359 puerulus

344 5396 486 5449 a‘ger
511 5382 747 5437 calcibus
774 5380 918 5444 ferit,
947 5389 1002 5435 et
1028 5390 1307 5435 aversatur
1332 5380 1484 5434 cibos
1509 5382 1599 5450 qui
1628 5383 1925 5437 offeruntur

345 5488 373 5525 a
404 5475 644 5538 medicis,
672 5477 987 5531 advocatum
1017 5486 1222 5544 patrem
1257 5473 1339 5527 vel
1367 5473 1711 5544 paedagogum
1732 5515 1748 5540 ,
1781 5476 1812 5529 ii
1835 5475 1925 5543 qui

347 5564 605 5632 assident,
630 5567 819 5634 jubcnt
850 5583 913 5623 ex
949 5566 1141 5622 medici
1184 5579 1344 5620 manu
1385 5565 1630 5634 accipere
1653 5607 1667 5630 ,
1696 5574 1750 5621 et
1777 5565 1926 5619 cibos

347 5654 576 5718 afferre,
618 5668 674 5712 ut
712 5674 777 5714 ex
829 5661 1020 5715 timore
1066 5660 1304 5729 ipsorum
1358 5658 1508 5726 pueri
1562 5658 1822 5728 accipiant
1873 5666 1927 5710 et

350 5747 625 5816 quiescant
655 5766 668 5803 :
699 5751 776 5806 sic
801 5761 854 5806 et
899 5750 1093 5806 Paulus
1131 5766 1252 5806 cum
1282 5765 1377 5820 pro
1404 5749 1520 5804 aliis
1548 5759 1688 5805 esset
1714 5763 1931 5804 accusa-

2035 4295 2203 4350 turus,
2249 4285 2354 4341 illis
2397 4285 2613 4356 quidem
2659 4294 2717 4339 nt
2742 4286 2831 4355 qui
2871 4285 3060 4357 injuria
3107 4287 3484 4351 adicerentur,
3533 4291 3616 4345 bis

2033 4394 2163 4433 vero
2189 4387 2248 4433 ut
2289 4379 2378 4448 qni
2424 4393 2585 4448 supra
2635 4378 2851 4433 modum
2899 4379 3320 4442 honorarentur,
3357 4393 3611 4448 pet-senas

2032 4469 2246 4539 quidem
2270 4484 2454 4524 eorum
2478 4485 2583 4522 non
2611 4470 2849 4539 protulit,
2868 4469 2963 4524 sed
2984 4485 3082 4525 suo
3105 4479 3158 4525 et
3182 4469 3373 4539 Apollo
3395 4473 3614 4528 nomine

2032 4573 2336 4614 sermonem
2359 4558 2622 4626 adhibuit,
2648 4570 2707 4613 ut
2730 4575 2826 4615 eos
2853 4561 3089 4625 reveriti,
3119 4560 3438 4616 medicinam
3469 4565 3613 4618 acci-

2033 4661 2225 4721 perent
2253 4669 2266 4705 :
2298 4661 2578 4721 postquam
2625 4661 2803 4707 autem
2853 4663 3211 4723 acceperunt,
3243 4663 3369 4710 tunc
3395 4656 3615 4712 demum

2032 4743 2244 4813 aperuit
2275 4743 2343 4798 de
2387 4745 2704 4815 quibusnam
2755 4743 2871 4799 haec
2911 4745 3240 4814 loqueretur.
3285 4746 3412 4803 [hec
3437 4759 3615 4804 autem

2033 4851 2141 4889 non
2171 4835 2444 4890 simulatio
2471 4845 2624 4890 erant
2645 4876 2662 4902 ,
2690 4835 2784 4891 sed
2813 4837 3190 4906 attemperatio
3213 4845 3269 4892 et
3291 4843 3614 4896 meonomia.

2031 4925 2161 4980 Nam
2194 4927 2237 4980 si
2265 4935 2450 4996 aperte
2480 4925 2748 4990 dixisset,
2776 4926 2929 4981 Viros
2955 4935 3172 4982 sanctos
3198 4939 3250 4983 et
3275 4929 3616 4988 admirabiles

2031 5015 2294 5084 iudicatis,
2322 5016 2374 5070 id
2396 5025 2541 5071 certe
2564 5031 2706 5087 aegre
2731 5016 2976 5070 tul-issent
2997 5025 3051 5071 et
3069 5019 3399 5074 resiliisseut
3432 5039 3446 5075 :
3477 5036 3618 5076 nunc

2030 5123 2159 5162 vero
2203 5123 2322 5162 cum
2353 5107 2610 5170 dixisset,
2653 5106 2782 5159 Mihi
2813 5119 2979 5160 autem
3007 5124 3100 5176 pro
3128 5109 3336 5163 mittimo
3381 5122 3452 5166 ru
3498 5123 3552 5165 ut
3590 5133 3622 5168 a

2029 5201 2166 5255 vobis
2183 5200 2488 5269 judicer;et
2508 5214 2742 5262 rursum,
2769 5200 2895 5267 Quis
2911 5210 2983 5253 est
3005 5199 3370 5267 Paulus?qm'a
3394 5205 3578 5273 Apollo
3603 5223 3623 5258 :

2030 5290 2416 5358 acceptabilem
2477 5293 2774 5344 orationem
2835 5289 3032 5344 etfeeit.
3083 5291 3374 5359 Propterea
3434 5293 3614 5346 dixit:

2035 5381 2159 5434 "rec
2183 5393 2350 5434 autem
2380 5383 2433 5434 in
2464 5397 2543 5435 me
2569 5383 2928 5452 transﬁgurari
2952 5392 3160 5452 propter
3187 5397 3292 5446 eos,
3324 5392 3378 5435 tu
3403 5383 3456 5435 in
3476 5383 3618 5435 nobis

2030 5474 2238 5528 discatis
2264 5491 2364 5527 non
2393 5472 2508 5540 plus
2537 5491 2687 5543 quam
2713 5477 2957 5543 scriptum
2986 5483 3059 5528 est
3085 5489 3300 5545 sapere;
3327 5472 3616 5528 ostendens

2031 5564 2171 5633 quud
2200 5566 2244 5618 si
2271 5565 2337 5619 de
2365 5565 2470 5618 illis
2499 5564 2658 5618 verba
2687 5563 2918 5630 fecisset,
2949 5579 3055 5620 non
3079 5565 3394 5620 didicissent
3413 5578 3473 5617 ea
3495 5577 3616 5633 (μω

2033 5655 2244 5710 discere
2270 5655 2588 5724 oportebat,
2624 5670 2799 5724 neque
2825 5656 3216 5710 correctionem
3243 5654 3580 5724 accepissent-
3599 5691 3618 5719 ,

2036 5765 2098 5805 ca
2144 5765 2262 5819 qua:
2307 5747 2625 5804 dicebantur
2669 5747 2896 5803 moleste
2936 5747 3188 5806 ferentes.
3236 5746 3390 5802 Nunc
3437 5754 3619 5803 autem
