4100 6214
407 309 484 364 95
1115 338 1119 341 -
1487 297 1560 352 IN
1590 293 1811 352 EPIST.
1851 292 1874 348 1
1907 290 1997 347 AD

2099 289 2189 348 )R.
2231 289 2464 347 IIOMIL.
2505 289 2623 347 XII.
2867 298 2870 301 ’
3595 297 3671 349 ευ

404 425 586 480 καίτοι
613 421 876 482 πολλάκις
898 417 1108 472 ἐκεῖθεν
1130 414 1386 477 ἀπιόντος
1414 413 1513 466 ούκ
1542 413 1626 476 εἰς
1657 409 1837 463 οἰκίαν
1865 407 1989 460 οὐδὲ.Ι

406 509 544 580 πρὸς
569 510 824 576 γυναῖκα,
859 504 966 557 οὐδ’
1003 505 1082 565 είς
1113 500 1273 571 εὐνὴν
1293 539 1308 561 ,
1347 496 1464 552 ἀλλ’
1485 499 1563 560 είς
1598 495 1844 580 στιϐάδαᾼ
1857 492 1990 563 χόρ-

407 578 522 652 του,
549 589 802 658 καθάπερ
833 588 961 649 τοὺς
988 585 1155 647 κύνας
1183 581 1398 654 ὁρῶμεν
1435 581 1500 634 δι’
1532 581 1659 651 ὅλης
1678 578 1992 639 λυττῶντας

409 673 620 734 νυκτός.
660 671 771 724 Καὶ
805 670 873 722 σὺ
897 670 1019 739 μὲν,
1053 667 1156 720 κᾶν
1189 667 1393 736 μικράν
1425 681 1548 718 τινα
1580 662 1818 730 σταγόνα
1855 677 1990 713 κατ-

408 755 725 826 ενεχθεῖσαν
751 751 861 805 ἀπὸ
891 752 988 821 τῆς
1018 749 1218 819 στέγης
1269 747 1403 818 ίδῃς,
1433 747 1617 800 πάντα
1660 743 1993 826 ἀνατρέπεις

408 825 507 892 τὸν
522 836 688 900 οἶκον,
711 836 927 896 οίκέτας
950 831 1153 895 καλῶν,
1186 832 1362 885 πάντα
1385 830 1554 883 κινῶν
1577 846 1590 861 ·
1621 830 1828 890 ἐκεῖνος
1853 825 1910 879 δὲ
1932 826 1995 878 ὲν

412 922 625 992 ῥακίοις
649 919 745 971 καὶ
771 918 950 988 χόρτῳ
980 916 1073 968 καὶ
1092 913 1250 985 πηλῷ
1284 913 1537 984 κείμενος
1559 951 1575 976 ,
1611 913 1827 966 ἄπαντα
1853 911 1990 962 ὑπο-

412 1004 569 1074 μένει
600 1003 693 1056 τὸν
728 1017 832 1070 κρυ
842 999 962 1069 μόν.

475 1135 515 1183 ς
520 1137 553 1183 ’.
586 1130 744 1182 Ποῖον
767 1123 860 1182 οῦν
888 1125 1075 1198 θηρίον
1111 1124 1322 1188 τούτοις
1361 1122 1460 1178 οὐκ
1490 1122 1557 1177 ἀν
1586 1121 1992 1194 κατακλασθείη

413 1215 529 1276 τοῖς
557 1215 882 1282 πράγμασι;
931 1209 1018 1273 τίς
1051 1208 1222 1271 οὕτως
1265 1207 1416 1278 ὠμὸς
1450 1207 1547 1259 καὶ
1585 1205 1952 1275 ἀπάνθρωπος
1974 1245 1992 1271 ,

412 1295 490 1358 ὡς
513 1295 588 1366 μὴ
602 1293 856 1362 γενέσθαι
892 1291 1106 1354 τούτοις
1133 1293 1337 1363 ήμερος
1363 1307 1378 1355 ;
1433 1289 1598 1342 Ἀλλά
1620 1289 1726 1360 γὰρ
1770 1289 1875 1342 εἰσί
1915 1307 1994 1342 τι-

413 1396 527 1443 νες,
561 1377 674 1450 [95]
696 1377 746 1430 οἶ
776 1374 912 1446 πρός
935 1373 1190 1428 τοσοῦτον
1219 1372 1489 1442 ἀπηνείας
1517 1373 1766 1442 ἣκουσιν,
1795 1372 1872 1434 ώς
1901 1370 1994 1424 κα)⁴

413 1462 596 1529 λέγειν
624 1461 749 1527 ἀξια
772 1459 1001 1530 πάσχειν
1025 1457 1245 1520 αὐτούς.
1269 1456 1397 1512 Δέον
1427 1458 1535 1527 γὰρ
1559 1455 1728 1510 ἐλεεῖν
1766 1455 1864 1510 καὶ
1897 1455 1996 1508 δα-

414 1545 607 1616 κρύειν
633 1544 728 1598 καὶ
753 1540 1088 1595 συνδιαλύειν
1119 1539 1216 1601 τάς
1245 1557 1308 1592 συ
1318 1539 1551 1612 μφοράς,
1584 1540 1633 1592 οἱ
1655 1539 1714 1592 δὲ
1742 1539 1834 1592 καὶ
1862 1556 1996 1592 κατ-

414 1619 711 1701 ηγοροῦσιν
739 1626 906 1696 ὠμῶς
929 1624 1026 1678 καὶ
1059 1622 1441 1694 ἀπανθρώπως
1473 1622 1651 1677 αὐτῶν
1667 1639 1680 1653 ·
1706 1622 1799 1686 οὒς
1825 1623 1996 1694 ήδέως

415 1712 482 1764 ἂν
515 1711 769 1782 ἐροίμην·
794 1709 950 1770 Τίνος
984 1708 1170 1760 ἕνεκεν
1196 1706 1322 1770 ἄξια
1353 1707 1676 1776 πάσχουσιν,
1708 1706 1827 1760 εἰπέ
1861 1724 1950 1777 μοι
1978 1722 1995 1772 ;

415 1796 497 1848 ὃτι
527 1792 829 1865 τρέφεσθαι
876 1790 1154 1860 βούλονται
1198 1790 1292 1843 καὶ
1341 1789 1417 1860 μὴ
1471 1788 1798 1860 λιμώττειν;
1839 1791 1998 1861 υύχὶ,

417 1880 605 1948 φησὶν,
639 1877 754 1930 ἀλλ’
783 1877 864 1928 ὅτι
889 1873 1210 1946 ἀργοῦντες.
1233 1874 1304 1926 Σὺ
1342 1873 1397 1926 δὲ
1420 1874 1521 1926 ούκ
1556 1873 1743 1944 ἀργῶν
1791 1891 1999 1927 σπατα-

418 1963 552 2034 λᾷς;
583 1961 637 2014 τί
662 1961 742 2023 δὲ,
769 1960 870 2013 ούκ
900 1958 1163 2030 ἐργασίαν
1187 1956 1445 2021 πολλάκις
1468 1958 1648 2027 πάσης
1671 1957 1870 2033 ἀργίας
1895 1974 1998 2028 χα-

421 2031 743 2116 λεπωτέραν
797 2043 1030 2115 ἐργάζῃ,
1084 2041 1346 2112 ἁρπάξων
1391 2041 1485 2094 καὶ
1536 2031 1857 2111 βιαζόμενος
1910 2041 1996 2093 καὶ

425 2129 764 2184 πλεονεκτῶν
791 2146 804 2194 ;
841 2128 1061 2180 Βέλτιον
1093 2123 1180 2196 ἦν,
1212 2127 1262 2178 εί
1301 2126 1396 2178 καὶ
1429 2127 1493 2178 σὺ
1518 2126 1708 2195 ῆργεις
1740 2123 1996 2195 τοιαύτην

425 2214 624 2285 ἀργίαν
644 2230 658 2243 ο
676 2211 770 2266 τοῦ
793 2211 902 2281 γὰρ
919 2210 1263 2264 πλεονεκτεῖν
1275 2208 1336 2260 τὸ
1353 2207 1527 2272 οὕτως
1548 2210 1740 2278 ἀργεῖν
1765 2207 1992 2277 βέλτιον.

419 2299 532 2353 Νῦν
564 2298 620 2350 δὲ
651 2297 746 2349 καὶ
795 2293 1105 2364 ἀλλοτρίαις
1157 2292 1510 2362 ὲπεμϐαίνεις
1567 2295 1890 2365 συμφοραῖς,
1936 2291 1998 2345 οὐ

423 2383 584 2452 μόνον
607 2377 814 2449 ἀργῶν,
849 2377 970 2430 οὐδὲ
1004 2377 1161 2446 μόνον
1191 2375 1391 2446 ἀργίας
1416 2375 1808 2448 χαλεπωτέραν
1835 2377 2002 2446 ἐργα-

424 2464 544 2516 σίαν
578 2461 801 2532 μετιὼν,
824 2459 1076 2513 ἀλλὰκαὶ
1112 2459 1440 2530 κατηγορῶν
1478 2458 1585 2511 τῶν
1625 2459 1998 2530 δυσημεροῦν-

419 2563 550 2599 των.
580 2543 910 2614 Διηγώμεθα
934 2542 992 2596 δὲ
1017 2543 1199 2604 αὐτοῖς
1227 2543 1320 2594 καὶ
1353 2541 1451 2604 τὰς
1480 2541 1763 2612 ἀλλοτρίας
1789 2560 2000 2613 συμφο-

423 2629 548 2700 ρὰς.
570 2629 668 2692 τάς
691 2627 957 2700 ὀρφανίας
979 2625 1079 2689 τάς
1105 2623 1338 2696 ἀώρους,
1380 2627 1506 2688 τοὺς
1530 2624 1592 2677 τὸ
1627 2627 2001 2698 δεσμωτήριον

421 2711 728 2775 οἰκοῦντας,
773 2710 901 2773 τοὺς
955 2710 1014 2761 ἐν
1071 2707 1444 2779 δικαστηρίοις
1498 2709 1997 2779 σπαραττομένους,

423 2795 551 2856 τοὺς
586 2792 714 2862 περὶ
738 2793 797 2845 τὸ
826 2791 924 2862 ζῇν
945 2790 1269 2854 δεδοικότας,
1292 2789 1390 2853 τὰς
1423 2789 1647 2861 χηρείας
1679 2789 1776 2855 τὰς
1803 2792 1998 2862 ἀδοκή-

422 2893 549 2939 τους
565 2875 674 2928 τῶν
694 2875 988 2944 γυναικῶν,
1011 2873 1109 2937 τὰς
1129 2872 1358 2943 ἁθρόους
1383 2873 1686 2944 μεταϐολὰς
1705 2874 1814 2928 τῶν
1837 2875 2003 2928 πλου-

424 2959 685 3022 τούντων,
715 2958 807 3011 καὶ
828 2957 906 3029 τῷ
932 2956 1082 3028 φόϐῳ
1102 2955 1275 3026 τούτῳ
1291 2973 1430 3008 κατα
1439 2956 1801 3027 μαλάττωμεν
1822 2957 2004 3011 αὐτῶν

421 3043 524 3114 τὴν
552 3042 810 3096 διάνοιαν.
855 3041 943 3094 Ἐν
993 3041 1100 3111 γάρ
1135 3043 1248 3103 τοῖς
1295 3040 1425 3111 περὶ
1457 3041 1660 3111 ἑτέρων
1702 3041 2004 3113 διηγήμασι

424 3127 689 3197 πείσομεν
717 3127 914 3189 αὐτοὺς
951 3125 1124 3176 ταῦτα
1158 3123 1456 3177 δεδοικέναι
1502 3125 1722 3186 πάντως
1751 3125 1848 3177 καὶ
1877 3125 2004 3196 περὶ

423 3209 656 3263 ἑαυτῶν.
697 3210 867 3262 Ὅταν
898 3207 1006 3279 γὰρ
1036 3206 1366 3271 ἀκούσωσιν,
1406 3207 1488 3259 ὅτι
1519 3207 1547 3258 ὁ
1575 3206 1668 3259 τοῦ
1691 3206 1862 3272 δεῖνος
1887 3209 2004 3273 υίὸς

425 3293 752 3346 πλεονέκτου
778 3292 873 3345 καὶ
904 3291 1154 3364 ἆρπαγος
1185 3286 1276 3360 ἦν,
1307 3289 1399 3343 τοῦ
1423 3291 1592 3355 δεῖνος
1628 3293 1662 3364 ή
1705 3291 1876 3362 γυνὴ,
1908 3292 2001 3346 τοῦ

421 3375 600 3428 πολλά
612 3375 908 3445 τυραννικά
931 3374 1312 3444 πεποιηκότος,
1341 3373 1479 3443 μετά
1498 3374 1598 3445 τὴν
1621 3374 1879 3446 τελευτὴν
1908 3375 2002 3429 τοῦ

423 3454 800 3519 συνοικοῦντος
829 3456 998 3527 μυρία
1020 3455 1282 3526 ὑπέμεινε
1302 3455 1472 3517 δεινά,
1502 3455 1608 3509 τῶν
1633 3456 2003 3528 ἀδικηθέντων

422 3539 523 3598 καὶ
537 3541 603 3610 τῇ
630 3541 850 3607 γυναικὶ
871 3539 963 3591 καὶ
987 3539 1099 3601 τοῖς
1127 3538 1358 3603 παιδίοις
1380 3539 1666 3605 ἐπιόντων,
1698 3543 1792 3595 καὶ
1822 3541 2000 3596 κοινοῦ

422 3620 668 3690 πολέμου
701 3620 962 3675 πάντοθεν
985 3621 1222 3691 ἠρμένον
1244 3622 1386 3674 κατὰ
1407 3623 1504 3692 τῆς
1534 3625 1710 3687 οίκίας
1746 3625 1845 3695 τῆς
1861 3623 2004 3677 ἐκεί-

423 3718 537 3766 νου,
563 3702 666 3755 κᾶν
691 3705 905 3756 πάντων
935 3705 1291 3774 ἁναισθητότε
1301 3722 1391 3777 ρος
1413 3717 1436 3745 ⁸
1457 3702 1514 3778 ᾖ,
1536 3708 1630 3760 καὶ
1651 3707 1813 3770 αὐτὸς
1833 3724 2004 3779 προσ-

421 3783 598 3838 δοκῶν
629 3783 699 3838 τά
728 3786 865 3838 αύτά
887 3786 1192 3852 πείσεσθαι,
1228 3788 1322 3841 καὶ
1360 3789 1502 3860 ὑπὲρ
1536 3789 1643 3842 τῶν
1687 3789 1882 3844 ἑαυτοῦ
1913 3792 2001 3845 δε⁴

423 3867 619 3931 δοικὼς
650 3870 859 3940 μήποτε
896 3869 966 3922 τά
987 3870 1127 3922 αύτά
1149 3871 1523 3941 ὑπομείνωσι,
1562 3875 2004 3947 σωφρονέστερος

424 3949 600 4004 ἔσται.
635 3951 851 4006 Πολλῶν
888 3952 945 4004 δὲ
989 3956 1120 4023 ήμῖν
1145 3953 1401 4009 τοιούτων
1447 3955 1803 4028 διηγημάτων
1828 3961 1856 4014 ό
1887 3959 2003 4030 βίος

488 4135 674 4195 'Edili,
698 4137 1100 4202 ἀναισθητότερος.
1126 4138 1272 4202 1183.,
1286 4140 1726 4206 ἀναισχυντότερος.

2090 405 2496 475 ἐμπέπλησται,
2517 405 2610 458 καὶ
2639 404 2741 459 οῦκ
2757 404 3106 477 ἀπορήσομεν
3129 404 3228 475 τῆς
3249 403 3502 473 τοιαύτης
3520 404 3666 476 διορ-

2091 489 2328 553 θώσεως.
2355 491 2522 544 Ὅταν
2547 491 2605 544 δὲ
2627 489 2802 544 ταῦτα
2822 490 3091 560 λέγωμεν,
3125 490 3199 560 μὴ
3235 489 3311 552 ὡς
3343 490 3667 562 παραινοῦν-

2088 592 2179 638 τες
2215 575 2350 646 μηδὲ
2381 575 2456 638 ὼς
2488 573 2949 645 συμϐουλεύοντες
2973 573 3112 626 αὐτὰ
3149 573 3420 644 λέγωμεν,
3463 573 3550 626 ἵνα
3591 576 3667 644 μὴ

2091 659 2492 729 φορτικώτερος
2515 658 2741 728 γένηται
2763 660 2792 711 ὁ
2823 659 3004 726 λόγος,
3033 657 3146 710 ἀλλ’
3182 657 3254 719 ώς
3276 659 3334 710 ὲν
3376 656 3528 722 τάξει
3585 656 3668 710 δι-

2091 741 2397 810 ηγήματος·
2425 742 2517 792 καὶ
2542 740 2602 804 ἐξ
2630 741 2822 810 ἐτέρας
2844 740 3160 802 ἀκολουθίας
3181 739 3272 792 ἐπὶ
3286 737 3384 808 τὴν
3415 739 3670 808 τοιαύτην

2092 825 2180 879 ἀεὶ
2207 824 2513 893 βαδίζωμεν
2533 825 2635 894 τὴν
2672 823 2931 888 διάλεξιν,
2960 823 3056 876 καὶ
3086 821 3326 892 συνεχῶς
3364 821 3561 884 αύτοῦς
3590 822 3670 884 είς

2091 906 2266 960 ταῦτα
2327 906 2690 977 ὲμϐάλλωμεν
2727 907 2796 960 τά
2847 908 3208 975 διηγήματα,
3269 904 3439 974 μηδὲν
3477 903 3671 972 ἕτερον

2094 989 2506 1060 συγχωροῦντες
2560 989 2741 1043 λαλεῖν
2761 1029 2773 1053 ,
2814 989 2848 1059 ἢ
2885 988 3089 1041 ταῦτα·
3137 986 3252 1048 πῶς
3284 989 3316 1055 ή
3369 985 3462 1038 τοῦ
3501 985 3670 1047 δεῖνος

2093 1073 2240 1126 οίκία
2279 1072 2507 1146 λαμπρά
2541 1073 2638 1126 καὶ
2687 1071 2992 1144 περιφανὴς
3027 1066 3160 1124 οῦσα
3202 1069 3473 1123 κατέπεσε
3496 1086 3509 1099 ·
3555 1066 3672 1130 πῶς

2093 1154 2266 1218 οὕτως
2305 1155 2512 1227 ἔρημός
2545 1156 2573 1196 ι’
2603 1157 2772 1219 ἐστιν,
2812 1156 2888 1218 ὡς
2912 1157 2992 1214 είς
3031 1155 3236 1224 ἐτέρων
3281 1153 3454 1206 ἐλθεῖν
3486 1154 3673 1221 χεῖρας

2095 1238 2164 1291 τὰ
2188 1239 2245 1291 ἑν
2269 1239 2404 1308 αὐτῇ
2447 1239 2658 1292 πάντα·
2713 1239 2855 1290 πόσα
2899 1237 3231 1308 δικαστήρια
3262 1235 3385 1287 καθ’
3434 1234 3674 1302 ἑκάστην

2095 1319 2310 1390 ἡμέραν
2364 1319 2504 1390 ὑπὲρ
2553 1321 2758 1390 ταύτης
2807 1319 3094 1372 συνίστατο
3131 1319 3230 1390 τῆς
3275 1317 3484 1380 οὐσίας,
3533 1315 3676 1369 πόσα

2097 1403 2403 1474 πράγματα
2424 1417 2438 1433 ·
2477 1402 2636 1456 πόσοι
2655 1402 2766 1456 τῶν
2793 1402 3020 1455 οἰκετῶν
3043 1402 3274 1464 ἐκείνου,
3303 1401 3352 1453 οἱ
3387 1400 3484 1469 μὲν
3514 1399 3674 1450 ἐπαι-

2095 1486 2339 1551 τοῦντες,
2376 1489 2434 1539 οί.
2457 1486 2514 1539 δὲ
2540 1486 2600 1538 τὸ
2627 1486 3003 1556 δεσμωτήριον
3045 1485 3323 1547 οίκοῦντες
3369 1482 3639 1536 ἀπέθανον
3659 1498 3675 1512 ·

2098 1572 2193 1624 καὶ
2220 1569 2396 1624 ταῦτα
2419 1569 2596 1623 πάντα
2625 1569 2701 1632 ώς
2739 1567 3024 1632 ἐλεοῦντες
3055 1569 3146 1621 τὸν
3173 1566 3478 1621 ἀπελθόντα
3508 1564 3680 1633 λέγω·

2101 1669 2220 1724 μεν,
2248 1653 2343 1706 καὶ
2373 1652 2450 1714 ώς
2475 1652 2545 1705 τά
2583 1651 2831 1723 παρόντα
2857 1651 3306 1718 ἐξευτελίζοντας,
3352 1650 3438 1703 ἵνα
3479 1645 3572 1701 καὶ
3600 1644 3678 1714 τῷ

2099 1735 2254 1806 φόϐῳ
2282 1735 2376 1788 καὶ
2413 1735 2492 1805 τῷ
2529 1735 2666 1806 ἐλέῳ
2714 1735 3193 1806 καταμαλάξωμεν
3223 1732 3321 1804 τὴν
3359 1731 3545 1802 ἀπηνῆ
3571 1729 3680 1782 διά-

2099 1836 2249 1873 νοιαν
2269 1836 2282 1848 ·
2317 1820 2410 1871 καὶ
2442 1819 2573 1872 ὅταν
2597 1817 2962 1882 συσταλέντας
2997 1818 3200 1888 ἴδωμεν
3233 1819 3347 1879 τοῖς
3376 1814 3679 1884 διηγήμασι

2099 1900 2332 1964 τούτοις,
2374 1899 2501 1953 τότε
2538 1899 2724 1952 λοιπὸν
2758 1901 2942 1962 αὐτοῖς
2990 1903 3084 1952 καὶ
3109 1900 3201 1953 τὸν
3231 1899 3357 1969 περὶ
3389 1898 3488 1967 τῆς
3528 1897 3682 1965 γεέν-

2103 2003 2200 2056 νης
2229 1985 2613 2054 ὲπεισάγωμεν
2657 1983 2838 2052 λόγον,
2883 1984 2958 2053 μὴ
2997 1983 3072 2041 ὡς
3105 1981 3328 2043 τούτους
3367 1980 3677 2049 φοϐοῦντες,

2100 2069 2214 2123 ἀλλ’
2247 2067 2322 2131 ὡς
2351 2068 2571 2138 ἐτέρους
2601 2067 2909 2128 ἐλεοῦντες·
2941 2068 3035 2119 καὶ
3064 2066 3334 2136 λέγωμεν·
3366 2064 3478 2117 Καὶ
3497 2064 3548 2116 τί
3574 2062 3680 2133 χρὴ

2101 2153 2282 2220 λέγειν
2309 2151 2380 2204 τά
2411 2150 2688 2221 παρόντα;
2722 2149 2845 2202 οὐδὲ
2874 2150 2984 2220 γὰρ
3018 2150 3182 2220 μέχρι
3232 2149 3435 2201 τούτων
3479 2146 3680 2214 ἕστηκε

2101 2237 2170 2290 τά
2189 2235 2357 2308 ήμέτε
2369 2252 2457 2306 ρα.
2483 2235 2622 2288 ἀλλά
2647 2234 3008 2305 χαλεπωτέρα
3051 2234 3262 2297 δέξεται
3304 2231 3525 2293 κόλασις
3554 2231 3680 2291 τοὺς

2100 2321 2396 2383 τοιούτους,
2432 2317 2797 2387 καὶποταμὸς
2820 2318 2991 2387 πυρὸς
3024 2316 3140 2387 [96]
3163 2317 3260 2368 καὶ
3287 2313 3501 2384 σκώληξ
3538 2312 3680 2365 ἰοϐό-

2102 2403 2195 2466 λος
2221 2402 2315 2456 καὶ
2351 2401 2542 2464 σκότος
2575 2398 2937 2470 ἀτελεύτητον
2983 2399 3078 2452 καὶ
3111 2397 3367 2451 ἀθάνατοι
3408 2397 3678 2458 κολάσεις.

2103 2487 2202 2538 Ἂν
2238 2483 2454 2546 τούτοις
2507 2483 2709 2546 αὐτοὺς
2753 2483 3152 2552 κατεπᾴδωμεν
3208 2483 3320 2544 τοῖς
3355 2480 3679 2550 διηγήμασι,

2103 2571 2199 2624 καὶ
2225 2570 2378 2640 ἡμᾶς
2421 2567 2620 2630 αὐτοὺς
2673 2567 2962 2629 κάκείνους
3018 2564 3389 2637 διορθώσομεν
3411 2607 3425 2629 ,
3458 2564 3555 2617 καὶ
3582 2563 3682 2632 τῆς

2103 2651 2414 2724 ἀρρωστίας
2443 2642 2658 2720 ταχέως
2690 2649 3098 2719 ἀπαλλάξομεν,
3120 2649 3215 2702 καὶ
3246 2649 3398 2703 κατά
3424 2649 3524 2718 τὴν
3541 2645 3684 2717 ἡμέ-

2107 2753 2208 2806 ραν
2237 2734 2452 2803 ἐκείνην
2482 2732 2776 2804 ἐπαινέτην
2817 2733 2910 2785 τὸν
2939 2732 3073 2785 Θεὸν
3112 2731 3328 2800 ἕξομεν,
3363 2729 3616 2799 καθάπερ
3654 2739 3678 2766 ⁸

2105 2819 2202 2874 καὶ
2225 2821 2256 2872 ό
2295 2816 2506 2880 Παῦλός
2558 2831 2725 2886 φησι·
2749 2816 2860 2870 Καὶ
2899 2815 3035 2869 τότε
3067 2817 3100 2870 ό
3139 2815 3384 2879 ἔπαινος
3421 2812 3684 2867 ἑκάστου

2104 2901 2427 2974 γενήσεται
2458 2898 2578 2954 ἀπὸ
2600 2899 2708 2954 τοῦ
2743 2899 2912 2954 Θεοῦ.
2956 2899 3012 2952 '0
3037 2899 3136 2969 μὲν
3163 2900 3274 2968 γάρ
3308 2898 3456 2970 παρά
3475 2896 3685 2969 ἀνθρώ-

2107 3002 2232 3048 ποις
2261 2984 2355 3038 καὶ
2383 2984 2597 3055 διαρρεῖ
2623 2983 2718 3035 καὶ
2738 2981 2888 3035 ἔστιν
2909 2983 2999 3037 ὅτε
3033 2981 3135 3035 οὐκ
3170 2982 3278 3035 ἀπὸ
3318 2981 3526 3051 ἀγαθῆς
3558 2979 3686 3034 πολι

2104 3068 2264 3131 λάκις
2295 3067 2503 3136 γίνεται
2531 3065 2770 3128 διανοίας
2791 3080 2806 3095 ·
2833 3066 2862 3117 ό
2888 3064 2944 3118 δὲ
2973 3065 3127 3130 παρά
3163 3063 3257 3119 τοῦ
3295 3063 3431 3117 Θεοῦ
3461 3064 3555 3117 καὶ
3585 3063 3685 3134 μέρ

2105 3170 2186 3207 νει
2222 3151 2486 3223 διηνεκῶς
2515 3150 2612 3206 καὶ
2637 3149 2938 3218 διαλάμπει
2963 3149 3172 3218 σαφῶς.
3213 3150 3384 3202 Ὅταν
3423 3151 3532 3220 γάρ
3563 3151 3592 3202 ὁ
3617 3147 3688 3202 τὰ

2105 3239 2284 3292 πάντα
2325 3234 2485 3298 εἰδὼς
2529 3235 2661 3305 πρὶν
2712 3233 3003 3302 γενέσεως,
3056 3234 3154 3288 καὶ
3188 3234 3398 3297 πάθους
3425 3233 3582 3298 ὲκ.δς
3609 3231 3686 3287 ὢν

2105 3323 2326 3391 ἐπαινῇ,
2356 3320 2482 3372 τότε
2509 3318 2605 3372 καὶ
2630 3317 3117 3388 ἀναμφισϐήτητός
3146 3317 3262 3370 ἔστι
3287 3320 3386 3381 τῆς
3421 3317 3622 3389 ἀρετῆς
3651 3317 3686 3388 ἦ

2105 3403 2398 3468 ἀπόδειξις.
2439 3401 2625 3456 Ταῦτα
2663 3397 2756 3455 οῦν
2794 3401 3019 3465 ειδότες,
3069 3399 3295 3457 τοιαῦτα
3355 3401 3688 3472 πράττωμεν

2104 3488 2182 3552 ὡς
2219 3486 2374 3558 παρὰ
2399 3484 2496 3538 τοῦ
2526 3484 2662 3538 Θεοῦ
2701 3483 3066 3546 ἐπαινεῖσθαι,
3110 3485 3205 3538 καὶ
3249 3483 3358 3538 τῶν
3409 3485 3687 3554 μεγίστων

2103 3574 2289 3643 τυχεῖν
2315 3569 2567 3640 ἀγαθῶν·
2600 3563 2679 3622 ῶν
2705 3569 2916 3637 γένοιτο
2961 3568 3171 3632 πάντας
3200 3570 3347 3640 ἡμᾶς
3383 3571 3684 3640 ἐπιτυχεῖν,

2105 3657 2292 3726 χάριτι
2341 3654 2440 3708 καὶ
2471 3651 2857 3724 φιλανθρωπίᾳ
2897 3651 2998 3706 τοῦ·
3040 3652 3248 3723 Κυρίου
3294 3653 3452 3724 ήμῶν
3508 3654 3684 3725 Ἰησοῦ

2104 3738 2366 3809 Χριστοῦ,
2397 3736 2517 3809 μεθ’
2539 3730 2602 3790 οῦ
2632 3736 2708 3806 τῷ
2738 3737 2938 3808 Πατρὶ,
2967 3738 3084 3806 ἅμα
3109 3737 3188 3807 τῷ
3213 3737 3354 3808 ἁγίῳ
3381 3737 3684 3809 Πνεύματι,

2103 3821 2254 3886 δόξα,
2285 3822 2507 3892 κράτος,
2535 3819 2690 3890 τιμὴ,
2720 3819 2816 3874 νῦν
2839 3822 2934 3874 καὶ
2963 3820 3072 3887 ἀεὶ,
3101 3822 3195 3874 καὶ
3217 3822 3297 3884 είς
3324 3821 3451 3890 τοὺς
3484 3821 3686 3884 αἰῶνας

2102 3903 2213 3958 τῶν
2246 3903 2478 3957 αίώνων.
2531 3902 2728 3974 ’Δμήν.

2168 4086 2195 4127 ι
2211 4087 2406 4147 Morel,
2430 4089 2533 4143 πῶς
2557 4088 2746 4150 ἔρημος,
2780 4088 2960 4136 omisso
2983 4087 3150 4150 οὕτως.
3238 4091 3264 4121 ο
3307 4089 3502 4150 Μονθιη
3529 4093 3684 4141 ἀπαλ-

2103 4151 2323 4212 λάξομεν,
2343 4148 2793 4213 καθάπερ,ὀωίδεὶε
2817 4148 3146 4211 interpositis.

445 4316 3651 4348 ._____.______________________________________________

1906 4454 2150 4509 ΟΜΙΛΙΑ
2188 4453 2289 4509 ΙΒ’.

431 4555 617 4638 Ταῦτα
634 4556 747 4638 ﬁt},
776 4555 1063 4638 «ἀδελφοί.Δ
1089 4565 1585 4638 μετεσχημάτισα
1609 4569 1698 4634 οῖς
1727 4569 1994 4638 ἐμαυτὸν

492 4629 590 4713 καὶ
619 4627 911 4713 ’Ἀετουξνίὼι
925 4631 999 4684 δι’
1035 4627 1209 4699 ὑμᾶς,
1247 4627 1442 4713 ﬂia-vi?
1469 4637 1616 4707 ἡμῖν
1639 4627 1891 4710 ﬁda-nte,
1923 4641 1994 4697 τὸ

486 4697 570 4766 μὴ
604 4698 757 4767 ὑπὲρ
787 4697 818 4751 ὃ
848 4697 1175 4771 γέγῃαπταί
1207 4705 1473 4773 φρονεῖν.

488 4808 555 4855 α’.
595 4802 741 4867 Ἕως
765 4805 864 4875 μὲν
900 4805 1047 4878 αύτῷ
1079 4821 1105 4849 α
1136 4809 1246 4862 τῶν
1268 4811 1542 4883 φορτικῶν
1574 4813 1682 4868 ἔδει
1714 4816 1998 4886 ῥημάτων,

425 4885 519 4940 οὐκ
537 4889 851 4961 ἀπεκάλυψε
864 4893 964 4962 τὴν
999 4893 1354 4965 σκηνήν,ἀλλ’
1383 4896 1457 4959 ώς
1478 4898 1638 4962 αὐτὸς
1659 4885 1734 4952 ῶν
1764 4885 1799 4953 ὀί
1826 4901 2000 4957 ταῦτα

428 4967 656 5034 ἀκούων,
681 4971 824 5025 οὕτω
845 4972 1136 5044 διελέγετο,
1160 4978 1249 5030 ἵνα
1275 4977 1336 5030 τὸ
1359 4978 1576 5049 ἀξίωμα
1602 4981 1712 5035 τῶν
1738 4985 2001 5050 ἐγκαλου-

437 5051 603 5144 μένων
651 5055 959 5144 προσώπων
991 5061 1103 5123 τοῖς
1149 5061 1471 5130 ἐγκαλοῦσιν
1510 5064 1853 5130 άντιπίπτον,
1888 5067 2000 5121 ἀπὸ

431 5137 540 5232 τῶν
577 5137 1058 5232 ἐγκλημάτωνῃείς
1086 5145 1256 5232 ὀργὴν
1291 5144 1637 5232 ἐξενεχθῆναι
1675 5148 1752 5220 μὴ
1783 5167 2001 5221 συγχω-

431 5221 566 5289 ρήσῃ
591 5234 604 5248 ⁸
635 5221 822 5292 ἐπειδὴ
849 5224 905 5277 δὲ
939 5226 1148 5280 ἀνεῖναι
1180 5228 1368 5282 λοιπὸν
1397 5229 1526 5296 ἔδει,
1555 5233 1677 5285 τότε
1702 5233 1998 5304 ἀπαμφιά-

428 5317 521 5364 σας
553 5304 706 5370 αὐτὸ,
750 5309 846 5360 καὶ
893 5309 957 5362 τό
1003 5317 1348 5382 προσωπεῖον
1394 5315 1613 5384 ἀπάρας
1635 5316 1684 5380 δ,
1720 5317 1889 5383 ἔδειξε
1927 5318 1997 5372 τά

424 5388 771 5475 κρυπτόμενα
796 5393 1061 5462 πρόσωπα
1087 5396 1146 5449 ὲν
1167 5398 1234 5466 τῇ
1256 5396 1350 5449 τοῦ
1378 5397 1590 5451 Παύλου
1619 5400 1712 5452 καὶ
1753 5399 1996 5454 Ἀπολλὼ

421 5475 779 5546 προσηγορίᾳ.
803 5476 893 5529 Διό
917 5479 1012 5531 καὶ
1038 5479 1213 5547 ἔλεγε·
1249 5481 1439 5535 Ταῦτα
1466 5483 1553 5549 δὲ,
1586 5484 1823 5553 ἀδελφοὶ,
1852 5502 1992 5554 μετ·-

420 5555 798 5624 εσκημάτισα
819 5563 907 5626 εἰς
926 5562 1189 5631 ἐμαυτὸν
1217 5564 1313 5617 καὶ
1355 5565 1646 5620 Ἀπολλώ.
1685 5569 1797 5621 Καὶ
1825 5561 1995 5622 καθά-

421 5653 523 5722 περ
566 5641 662 5695 ἐπὶ
711 5643 818 5697 τῶν
862 5647 1198 5716 καμνόντων,
1238 5648 1368 5701 ὅταν
1404 5648 1633 5722 λακτίζῃ
1671 5651 1734 5705 τό
1779 5653 1993 5706 παιδίον

419 5719 477 5774 τό
511 5723 835 5795 άρῤιοστοῦν
881 5731 972 5781 καὶ
1008 5729 1420 5801 ἀποστρέφηται
1463 5732 1533 5786 τὰ
1570 5719 1993 5808 προσφερόμενα

499 5851 522 5879 ⁸
550 5843 812 5911 Legebatur
857 5847 1029 5896 αὐτῶν.
1113 5845 1140 5886 ιι
1166 5846 1309 5909 Reg,
1340 5848 1530 5913 ἐπάρας.

2101 4573 2250 4627 σιτία
2294 4571 2452 4644 παρά
2483 4570 2594 4625 τῶν
2645 4571 2866 4643 ἰατρῶν,
2911 4570 3004 4624 τὸν
3047 4571 3258 4642 πατέρα
3298 4571 3332 4642 ἢ
3393 4570 3484 4626 τὸν
3521 4574 3680 4628 παιδ-

2102 4656 2322 4722 αγωγὸν
2350 4655 2678 4712 καλέσαντες
2703 4657 2752 4709 oi
2786 4653 3260 4726 προσεδρεύοντες,
3280 4654 3431 4725 παρὰ
3459 4655 3568 4708 τῶν
3586 4656 3680 4711 τοῦ

2105 4738 2292 4810 ἰατροῦ
2316 4738 2516 4810 χειρῶν
2544 4738 2809 4800 λαϐόντας
2838 4739 2905 4792 τὰ
2933 4737 3080 4791 σιτία
3096 4737 3394 4808 προσάγειν
3428 4739 3680 4793 κελεύου-

2102 4839 2209 4886 σιν,
2248 4823 2389 4877 ὥστε
2416 4825 2480 4876 ὲκ
2505 4822 2598 4877 τοῦ
2633 4822 2797 4891 φόϐου
2839 4820 2933 4874 τοῦ
2962 4820 3098 4892 πρὸς
3141 4821 3382 4883 ἐκείνους
3425 4821 3680 4888 δέξασθαι

2101 4907 2196 4961 καὶ
2228 4908 2500 4978 ήσυχάσαι
2516 4923 2529 4936 ·
2554 4905 2698 4959 οὕτω
2727 4905 2818 4957 καὶ
2837 4903 3050 4965 Παῦλος
3073 4903 3284 4972 μέλλων
3313 4904 3452 4975 ὑπὲρ
3479 4906 3682 4979 ἑτέρων

2100 4989 2373 5060 ἐγκαλεῖν,
2407 4989 2518 5042 τῶν
2547 4989 2646 5057 μὲν
2675 4987 2748 5050 ὡς
2776 4985 3174 5056 ἀδικουμένων,
3203 4987 3308 5040 τῶν
3340 4988 3396 5041 δὲ
3427 4989 3503 5054 ὡς
3537 4992 3680 5066 πέρα

2099 5073 2193 5127 τοῦ
2233 5074 2432 5143 μέτρου
2484 5069 2833 5139 τιμωμένων,
2889 5068 3030 5121 αύτά
3085 5070 3185 5138 μὲν
3227 5071 3326 5124 οὐκ
3383 5073 3546 5146 ἔθηκε
3610 5076 3680 5129 τά

2099 5159 2390 5226 πρόσωπα,
2434 5153 2528 5205 ἐπὶ
2574 5152 2632 5205 δὲ
2657 5152 2757 5223 τῆς
2785 5151 2980 5205 ἑαυτοῦ
3031 5156 3406 5226 προσηγορίας
3451 5159 3678 5229 καὶτῆς

2111 5239 2356 5294 ’Δπολλὼ
2406 5238 2496 5291 τὸν
2556 5235 2716 5304 λόγον
2780 5237 3155 5308 προσήγαγεν,
3220 5240 3307 5292 ἵνα
3367 5243 3676 5312 αἰδούμενοι

2097 5323 2320 5385 τούτους
2343 5322 2601 5388 δέξωνται
2622 5320 2722 5391 τὴν
2752 5319 3048 5391 θεραπείαν
3067 5337 3081 5352 ·
3112 5322 3298 5393 ἐπειδὴ
3320 5323 3377 5375 δὲ
3402 5324 3675 5391 ἐδέξαντο,

2095 5407 2218 5460 τότε
2247 5406 2434 5460 λοιπὸν
2463 5404 2816 5473 ἀπεκάλυψεν
2850 5405 2992 5474 ὑπὲρ
3023 5399 3100 5456 ὧν
3131 5404 3302 5456 ταῦτα
3331 5405 3536 5474 ἔλεγεν.
3567 5403 3679 5462 Ἦν

2095 5493 2154 5546 δὲ
2194 5491 2367 5546 ταῦτα
2421 5494 2520 5561 οὐχ
2557 5491 2868 5560 ὑπόκρισις,
2928 5489 3067 5542 ἀλλὰ
3113 5489 3525 5558 συγκατάϐασις
3581 5497 3678 5551 καὶ

2096 5576 2398 5646 οἰκονομία.
2435 5576 2498 5627 El
2529 5575 2638 5646 γὰρ
2670 5569 2792 5626 εἷπε
2827 5571 3101 5643 φανερῶς,
3131 5573 3215 5625 ὅτι
3259 5571 3446 5643 Ὑμεῖς
3467 5575 3524 5629 δὲ
3547 5579 3677 5644 τοὺς

2096 5658 2298 5729 ἄνδρας
2332 5657 2550 5729 κρίνετε
2595 5657 2720 5720 τοὺς
2765 5656 2954 5724 ἁγίους
3004 5655 3098 5708 καὶ
3149 5655 3519 5725 θαυμαστοὺς,
3571 5661 3675 5714 κάν

2096 5741 2462 5813 ἐδυσχέραναν
2493 5741 2588 5795 καὶ
2621 5741 2982 5811 ἀπεπήδησαν
3004 5755 3017 5768 ·
3052 5738 3148 5794 νῦν
3189 5739 3245 5792 δὲ
3275 5741 3466 5796 εἰπών·
3508 5744 3668 5812 Ἐμοί

2096 5825 2162 5879 δὲ·
2190 5833 2276 5894 εἰς
2304 5825 2631 5896 ἐλάχιστόν
2671 5823 2862 5892 ἐστιν,
2895 5823 2994 5879 ἵνα
3018 5825 3118 5895 ὑφ’
3146 5823 3310 5895 ὑμῶν
3335 5825 3630 5896 ἀνακριθῶ
3648 5841 3660 5855 ·
