4086 6214
341 268 416 324 ’99
1425 266 1498 324 1N
1532 265 1808 325 EPISTJ
1850 265 1940 320 A0
1975 264 2135 324 oon.
2177 267 2410 333 HomL.
2447 278 2566 335 xu.
2625 235 2631 240 ’

345 391 496 442 ἐστιν
515 405 528 421 ο
557 390 650 442 Ἕν
687 388 786 460 μὲν
815 389 927 453 τοῖς
959 389 1143 454 πόνοις
1186 387 1351 458 φησὶν
1385 383 1524 439 εἶναι
1553 387 1731 442 πάντα
1774 385 1930 440 κοινά

345 473 442 526 καὶ
484 474 624 542 ἡμῖν
677 474 771 526 καὶ
823 473 973 543 ὑμῖν,
1034 475 1096 526 ὲν
1145 473 1204 526 δὲ
1240 473 1354 534 τοῖς
1399 471 1655 534 ἐπάθλοις
1690 472 1785 524 καὶ
1816 472 1930 534 τοῖς

347 557 641 625 στεφάνοις
682 555 840 626 ὑμεῖς
882 558 1112 628 πρῶτος.
1154 556 1295 610 Ἀλλ’
1325 557 1427 610 οὐκ
1455 555 1607 624 ἀλγῶ
1638 554 1813 608 ταῦτα
1841 554 1930 606 λέ-

345 657 462 709 γων
485 656 498 667 °
535 639 619 691 διὸ
650 640 747 692 καὶ
777 641 1048 709 ἐπήγαγε·
1098 643 1206 694 Καὶ
1239 639 1464 709 ὄφελόν
1499 656 1565 708 γε
1613 638 1930 692 ἐϐασιλεύ-

334 739 518 777 ισατε.
558 721 713 786 Εῐτα,
780 723 866 776 ἵνα
919 724 993 794 μὴ
1032 722 1159 794 δόξῃ
1209 722 1462 793 εἰρωνεία
1495 739 1581 784 τις
1626 717 1786 786 εἶναι,
1835 723 1933 774 ἐπ-

345 810 558 876 ήγαγεν
579 823 594 838 ο
639 806 774 860 Ἵνα
823 805 924 860 καὶ
948 805 1120 874 ἡμεῖς
1155 805 1300 875 ὑμῖν
1322 805 1931 873 συμϐασιλεύσωμεν.

351 891 461 943 Καὶ
494 891 607 960 γάρ
645 889 733 953 ἂν,
765 890 919 958 φησὶ,
956 889 1051 942 καὶ
1092 891 1255 958 ἡμεῖς
1285 888 1492 943 τούτων
1544 887 1932 959 ἐπετύχομεν·ἀ

348 975 459 1026 τῶν
489 973 738 1041 ἀγαθῶν.
775 967 928 1035 Εἶδες
959 973 1076 1036 πῶς
1108 971 1244 1042 ὁμοῦ
1278 973 1373 1026 καὶ
1393 973 1495 1044 τὴν
1533 971 1814 1042 βαρύτητα
1842 972 1936 1024 καὶ

345 1058 448 1128 τὴν
482 1057 813 1128 κηδεμονίαν
847 1057 1183 1109 ἐνδείκνυται
1213 1059 1307 1110 καὶ
1335 1057 1434 1127 τὴν
1469 1057 1756 1124 φιλόσοφον
1797 1054 1936 1123 γνώ·

350 1160 499 1213 μην;
552 1144 692 1209 Ὅρα
728 1140 846 1205 πῶς
884 1142 1134 1213 καθαιρεῖ
1177 1143 1270 1194 καὶ
1297 1142 1388 1194 τὸν
1431 1141 1598 1209 τῦφον
1622 1140 1689 1194 δι’
1721 1135 1796 1194 ὧν
1829 1143 1932 1194 ἐπι

346 1230 473 1292 ἀγει
529 1224 736 1292 λέγων’
798 1224 1002 1278 Δοκὼι»
1051 1223 1163 1293 γὰρ
1198 1225 1287 1278 ὅτι
1335 1227 1369 1276 ό
1419 1224 1564 1289 Θεὸς
1601 1221 1759 1293 ἡμᾶς
1791 1223 1934 1284 τοὺς

339 1309 740 1372 ἀποστόλους
787 1306 1087 1376 ἐσχάτους
1134 1306 1472 1373 ἀπέδειξεν,
1505 1307 1586 1372 ὡς
1643 1307 1930 1360 ἐπιθανα-

347 1394 538 1456 τίους.
571 1391 777 1462 Πολλὴν
804 1391 903 1462 τὴν
928 1390 1165 1460 ἔμφασιν
1201 1392 1292 1444 καὶ
1324 1391 1424 1462 τὴν
1461 1390 1738 1462 βαρύτητα
1763 1390 1931 1445 ἐνδεί-

348 1492 542 1528 κνυται
589 1474 752 1528 πάλιν
797 1473 875 1545 τῷ
917 1477 1114 1535 εἰπεῖν,
1184 1473 1388 1541 Ἡμᾶς.
1439 1474 1549 1526 Καὶ
1591 1473 1711 1526 οὐδὲ
1757 1472 1931 1542 τούτῳ

345 1558 622 1628 ἠρκέσθη,
652 1556 790 1611 ἀλλά
828 1557 924 1610 καὶ
952 1556 1010 1608 τὸ
1043 1555 1263 1626 ἀξίωμα
1303 1557 1570 1625 ἐπήγαγε.
1608 1556 1814 1627 σφόδρα
1835 1557 1934 1609 αὖ·-

346 1643 459 1695 τῶν
503 1641 964 1710 καθικνούμενος·
1027 1639 1223 1710 Ἡμᾶς,
1278 1641 1435 1711 φησὶ,
1475 1640 1618 1707 τοὺς
1659 1640 1927 1694 ἀποστό-

345 1730 529 1792 λουςο
564 1727 694 1788 τοὺς
724 1724 792 1778 τά
815 1723 987 1795 μυρία
1016 1723 1388 1793 ὑπομένοντας
1417 1723 1581 1787 κακά,
1622 1725 1748 1786 τοὺς
1774 1723 1929 1776 σπεί-

348 1827 545 1881 ροντας
572 1810 636 1862 τὸ
661 1809 930 1878 κήρυγμα
959 1807 1060 1878 τῆς
1092 1806 1398 1870 εὐσεϐείας,
1437 1809 1564 1871 τοὺς
1595 1808 1688 1860 ἐπὶ
1717 1807 1817 1878 τὴν
1843 1825 1932 1876 φιυ

345 1893 608 1962 λοσοῳίαν
653 1891 862 1960 ταύτην
899 1886 1042 1960 ὑμᾶς
1081 1890 1314 1958 ἄγοντας
1335 1906 1349 1921 ·
1395 1890 1618 1953 τούτους
1669 1892 1931 1960 ἐσχάτους

346 1971 652 2040 ἀπέδειξεν,
678 1975 756 2039 ὼς
803 1974 1206 2038 ἐπιθανατίους,
1255 1974 1551 2040 τουτέστιν,
1594 1975 1669 2038 ὡς
1709 1974 1929 2028 καταδί-

346 2078 500 2124 κους.
538 2059 757 2130 Ἐπειδὴ
783 2057 893 2129 γὰρ
917 2053 1088 2121 εἶπεν,
1128 2057 1262 2112 Ἵνα
1286 2058 1383 2111 καὶ
1404 2057 1578 2126 ἡμεῖς
1620 2058 1759 2127 ὑμῖν
1778 2074 1932 2128 συμ·

348 2145 828 2211 ϐασιλεύσωμεν,
878 2141 972 2194 καὶ
1023 2139 1258 2211 ἐχάλασε
1287 2139 1366 2210 τῷ
1399 2140 1544 2211 λόγῳ
1573 2141 1632 2194 τὸ
1661 2141 1888 2212 σφοδρόν
1911 2159 1927 2175 ο

347 2229 438 2280 ἴνα.
465 2226 541 2296 μὴ
570 2226 771 2286 αὐτοὺς
799 2223 1025 2295 ἐκλύση,
1048 2222 1419 2293 ἀναλαμϐάνει
1447 2224 1609 2276 πάλιν
1633 2223 1765 2277 αὐτὸ
1793 2224 1942 2294 μετά

346 2311 599 2374 πλείονος
630 2308 998 2381 βαρυθυμίας,
1045 2307 1137 2360 καί
1171 2324 1340 2377 φησι·
1371 2305 1536 2359 Δοκῶ
1581 2307 1712 2376 γὰρ,
1760 2307 1847 2361 ὅτι
1898 2310 1931 2362 ὀ

351 2395 500 2457 Θεὸς
520 2392 680 2462 ἡμᾶς
703 2392 845 2457 τοὺς
869 2392 1252 2456 ἀποστόλους
1267 2390 1569 2459 ἐσχάτους
1590 2389 1929 2455 ἀπέδειξεν,

345 2479 430 2542 ὡς
462 2475 906 2540 ἐπιθανατίους.
973 2473 1060 2536 Ὠς
1091 2472 1201 2542 γὰρ
1250 2473 1381 2544 ὁρῶ,
1437 2474 1591 2544 φησι,
1629 2474 1722 2526 καὶ
1756 2474 1813 2539 ἐξ
1854 2467 1930 2528 ὧν

348 2564 512 2632 ὑμεῖς
540 2577 700 2632 φατε,
737 2559 788 2612 οί
824 2558 1047 2611 πάντων
1078 2557 1390 2628 ἀτιμότεροι
1433 2557 1528 2610 καὶ¹
1559 2559 1609 2610 οί
1648 2559 1931 2612 κατάδικοι

346 2647 515 2715 ἡμεῖς
535 2645 726 2712 ἐσμεν,
764 2641 812 2697 οἳ
838 2643 915 2704 είς
939 2641 1001 2693 τὸ
1041 2640 1270 2711 πάσχειν
1295 2641 1381 2693 ἀεὶ
1406 2639 1593 2703 κακῶς
1623 2641 1932 2711 προσεϐλήο

351 2730 528 2801 μεθα·
579 2729 738 2797 ὑμεῖς
784 2725 840 2778 δὲ
899 2727 999 2796 ἠδη
1065 2723 1340 2795 βασιλείαν
1393 2723 1690 2793 καὶτιμὰς
1723 2725 1818 2778 καὶ
1857 2727 1930 2780 τὰ

347 2813 564 2867 ἔπαθλα
593 2808 956 2880 φαντάζεσθε.
987 2807 1319 2877 Βουλόμενος
1349 2807 1405 2860 δὲ
1439 2810 1518 2870 εἰς
1546 2808 1768 2862 πλείονα
1807 2809 1932 2863 ἀτοο

351 2898 486 2950 πίαν
507 2896 818 2962 ἀπαγαγεῖν
840 2892 931 2946 τὸν
960 2892 1140 2959 λόγον,
1166 2891 1260 2944 καὶ
1285 2891 1454 2955 δεῖξαι
1480 2891 1642 2944 αὐτὸν
1670 2892 1932 2947 ἀπίθανον

356 2980 476 3052 μεθ’
505 2978 837 3046 ὑπερϐολῆς.
868 2976 969 3030 οὐκ
993 2975 1168 3037 εἶπεν,
1211 2975 1294 3027 ὅτι
1334 2973 1548 3036 Ἀπλῶς
1574 2977 1738 3045 ἡμεῖς
1763 2978 1932 3046 ἐσμεν

352 3066 592 3133 ἔσχατοι,
622 3061 761 3124 ἀλλ’,
805 3060 862 3112 Ὀ
895 3058 1024 3120 Θεὸς
1065 3058 1213 3128 ἡμᾶς
1243 3056 1504 3126 ἐσχάτους
1534 3057 1777 3130 ἐποίησε.
1822 3062 1931 3115 Καὶ

351 3148 451 3199 οὐκ
476 3144 723 3216 ἠρκέσθη
748 3142 825 3212 τῷ
853 3145 1026 3197 εἰπεῖν
1069 3139 1424 3209 Ἐσχὰτους,
1458 3140 1596 3194 ἀλλά
1621 3142 1931 3214 προσέθηκε

350 3231 448 3282 καὶ
501 3227 959 3289 Ἐπιθανατίους
978 3241 991 3254 ·
1018 3225 1104 3277 ἵνα
1134 3225 1228 3276 καὶ
1249 3225 1278 3276 ὁ
1313 3223 1516 3294 σφόδρα
1547 3225 1774 3293 ἀνόητος
1805 3244 1932 3280 συν-

353 3314 469 3384 ειδῇ
505 3312 614 3365 τῶν
641 3308 946 3381 είρημένων
988 3307 1048 3360 τὺ
1087 3307 1370 3372 ἀπίθανον,
1399 3309 1492 3361 καὶ
1529 3307 1611 3360 ὅτι
1638 3309 1932 3377 ἀλγοῦντος

350 3393 417 3469 ἦν
443 3395 514 3448 τά
543 3394 811 3464 λεγόμενα
833 3391 930 3445 καὶ
967 3391 1172 3461 σφόδρα
1201 3390 1399 3469 αὐτοὺς
1423 3390 1793 3462 ὲντρέποντος.

421 3479 613 3547 γ’.Καὶ
633 3477 733 3546 ὅρα
743 3474 956 3529 Παύλου
980 3474 1212 3527 σύνεσιν.
1232 3475 1348 3542 Ἀφ’
1364 3467 1438 3527 ὧν
1464 3476 1852 3545 ἐαυτὸν,ὴνίκα
1865 3478 1932 3531 ἂν

355 3560 389 3639 ᾖ
429 3561 646 3632 καιρὸς,
700 3558 917 3628 ἐπαίρει
963 3558 1057 3610 καὶ
1108 3556 1304 3626 σεμνὸν
1347 3556 1586 3610 δείκνυσι
1619 3559 1711 3611 καὶ
1757 3560 1932 3629 μέγαν

352 3650 520 3711 ποιεῖ,
551 3645 661 3697 ἀπὸ
692 3642 899 3696 τούτων
926 3641 1168 3703 ἐκείνους
1208 3641 1459 3711 ἐντρέπει
1493 3641 1608 3699 νῦν.
1643 3643 1933 3698 κατάδικον

353 3730 548 3785 ἐαυτὸν
569 3727 768 3780 καλῶν.
806 3723 1072 3778 Τοσοῦτὸν
1097 3725 1213 3777 ἐστι
1250 3725 1388 3794 μετά
1428 3724 1523 3776 τοῦ
1574 3724 1724 3795 μου]
1761 3744 1930 3796 προσ-

353 3815 583 3885 ἡκοντος
607 3807 801 3880 καιροῦ
833 3807 1012 3860 πάντα
1043 3807 1241 3860 ποιεῖν.
1287 3805 1738 3874 Ἐπιθανατίους
1760 3809 1816 3861 δὲ
1842 3813 1932 3863 ἐν-

352 3895 530 3951 ταῦθα
563 3893 688 3954 τοὺς
721 3891 1047 3953 καταδίκους
1086 3889 1256 3957 λέγει,
1302 3891 1394 3942 καὶ
1446 3891 1654 3962 μυρίων
1689 3891 1931 3946 θανάτων

353 3979 565 4046 ἀξίους.
597 3977 728 4028 ’Ὅτι
773 3973 1020 4041 θέατρον
1047 3971 1418 4042 ἐγενήθημεν
1454 3973 1535 4039 τῷ
1581 3975 1786 4044 κόσμῳ
1833 3978 1932 4030 καὶ

352 4063 632 4134 ἀγγέλοις
655 4059 756 4112 καὶ
785 4057 1137 4125 ἀνθρώποις.
1166 4057 1231 4109 Τί
1257 4059 1395 4124 ἐστι,
1425 4058 1688 4127 Θέατρον
1725 4061 1933 4131 ἐγενή-

352 4151 545 4216 θημεν
569 4141 648 4208 τῷ
670 4143 908 4210 κόσμφ;
946 4141 1058 4194 Οὐκ
1090 4142 1150 4194 ἐν
1174 4140 1348 4212 γωνίᾳ
1379 4143 1476 4211 μιᾷ
1503 4142 1626 4195 οὐδὲ
1657 4143 1716 4196 ὲν
1749 4145 1932 4216 μικρῷ

352 4232 453 4300 τῆς
489 4227 814 4296 οἰκουμένης
847 4224 1002 4294 μέρει
1030 4222 1202 4276 ταῦτα
1229 4224 1534 4295 πάσχομεν,
1564 4229 1748 4296 φησιν,
1797 4229 1932 4282 ἀλλά

355 4309 636 4380 πανταχοῦ
665 4309 762 4362 καὶ
808 4306 902 4360 ἐπὶ
950 4307 1190 4361 πάντων.
1219 4305 1285 4359 Τί
1317 4307 1375 4360 δέ
1405 4308 1542 4373 ἐστι,
1601 4309 1711 4362 Καὶ
1760 4311 1933 4380 ἀγγέ-

353 4401 518 4461 10cc;
547 4393 697 4445 Ἀντὶ
724 4389 841 4455 τοῦ,
872 4390 1027 4443 Ἐστι
1048 4389 1147 4460 μὲν
1173 4389 1485 4460 ἀνθρώποις
1507 4387 1648 4445 εἶναι
1682 4391 1930 4466 θέατρον,

357 4480 557 4551 μηκέτι
588 4477 647 4530 δὲ
671 4475 946 4543 ἀγγέλοις,
983 4474 1112 4527 ὅταν
1145 4473 1336 4543 εὐτελῆ
1383 4473 1450 4528 τὰ
1482 4475 1742 4546 γινόμενα
1865 4479 1932 4534 τὰ

351 4565 411 4616 δὲ
436 4561 594 4633 ἡμῶν
616 4558 974 4628 παλαίσματα
1001 4557 1249 4622 τοιαῦτα,
1283 4557 1365 4633 ,ὡς
1392 4557 1486 4610 καὶ
1509 4559 1607 4628 τῆς
1631 4560 1932 4633 ἀγγελικῆς

354 4632 586 4715 θεωρίας
605 4641 734 4707 ἄξια
761 4635 924 4694 εἶναι.
960 4641 1100 4709 Ὅρα
1133 4640 1227 4709 ἀφ’
1265 4632 1341 4693 ὧν
1367 4641 1559 4694 ἑαυτὸν
1583 4632 1929 4710 ἐξευτελίζει,

354 4729 472 4792 πῶς
497 4727 662 4782 πάλιν
685 4725 862 4796 μέγαν
890 4723 1162 4777 δείκνυσιν
1180 4738 1196 4752 ⁶
1225 4726 1321 4793 ἀφ’
1347 4719 1422 4777 ὧν
1463 4725 1521 4779 δὲ
1550 4727 1746 4780 ἐκεῖνοι
1788 4729 1934 4797 μέγα

355 4811 638 4883 φρονοῦσι,
665 4808 783 4871 πῶς
818 4807 1014 4871 αὐτοὺς
1057 4806 1299 4871 εὐτελεῖς
1343 4808 1658 4877 ἀποφαίνει.
1715 4809 1931 4884 Ἐπειδὴ

355 4896 464 4965 γὰρ
495 4894 560 4946 τὺ
595 4893 816 4963 μωροὺς
855 4887 997 4943 εἶναι
1035 4890 1130 4943 τοῦ
1171 4891 1470 4961 φρονίμους
1503 4892 1810 4960 φαίνεσθαι,
1840 4896 1933 4947 καὶ

353 4976 419 5028 τὸ
438 4977 684 5037 ἀσθενεῖς
703 4970 846 5026 εἶναι
885 4973 978 5026 τοῦ
1007 4974 1260 5044 ἰσχυροὺς
1286 4973 1566 5042 γίνεσθαι,
1611 4975 1705 5029 καὶ
1730 4975 1790 5028 τὸ
1815 4976 1934 5029 ἀτί-

360 5077 500 5130 μους
528 5056 660 5112 εἶναι
682 5057 776 5112 τοῦ
805 5057 1050 5124 ἐνδόξους
1076 5059 1174 5111 καὶ
1198 5062 1517 5127 περιφανεῖς
1550 5061 1931 5133 εὐτελέστερον

356 5135 502 5193 εἶναι
532 5141 723 5205 ἐδόκει,
749 5143 846 5194 καὶ
867 5141 934 5194 τά
958 5139 1056 5211 μὲν
1083 5141 1312 5206 ἐκείνοις
1341 5143 1526 5212 μέλλει
1551 5144 1930 5216 προσρίπτειν,

352 5225 429 5276 τά
453 5223 512 5277 δὲ
540 5225 698 5289 αὐτὸς
726 5224 1054 5288 κατεδέξατο
1071 5241 1085 5255 ’
1110 5224 1384 5279 δείκνυσιν
1404 5227 1489 5279 ὅτι
1509 5226 1682 5280 ταῦτα
1703 5227 1932 5282 ἐκείνων

352 5311 586 5380 ἀμείνω,
618 5310 671 5363 εῖ
701 5327 767 5378 γε
792 5309 882 5362 διὰ
905 5309 1080 5362 ταῦτα
1117 5309 1190 5380 μὴ
1239 5311 1398 5379 μόνον
1437 5310 1762 5383 ἀνθρώπων,
1793 5312 1930 5367 ἀλλά

351 5396 447 5446 καὶ
472 5393 653 5448 αὐτῶν
682 5394 793 5446 τῶν
825 5392 1072 5462 ἀγγέλων
1094 5393 1184 5447 τὸν
1204 5393 1373 5464 δῆμον
1403 5394 1538 5464 πρὸς
1563 5394 1660 5466 τὴν
1693 5394 1930 5468 θεωρίαν

347 5477 656 5550 ἐπέστρεψε
675 5477 778 5549 τὴν
801 5476 1034 5530 ἑαυτῶν.
1059 5477 1133 5529 Οὐ
1155 5476 1266 5546 γάρ
1292 5476 1429 5548 πρὸς
1447 5477 1764 5550 ἀνθρώπους
1797 5483 1929 5550 ἡμῖν

346 5561 384 5631 ἠ
414 5562 558 5632 πάλη
598 5561 782 5632 μόνον,
821 5560 958 5614 ἀλλὰ
985 5562 1080 5614 καὶ
1108 5560 1242 5631 πρὸς
1273 5561 1373 5624 τὰς
1397 5563 1724 5632 ἀσωμάτους
1771 5565 1932 5617 δυνά-

351 5661 491 5714 μεις.
520 5647 624 5700 Διά
645 5646 808 5702 τοῦτο
836 5646 928 5702 καὶ
980 5645 1124 5716 μέγα
1164 5644 1393 5716 θέατρον
1422 5647 1676 5718 κάθηται.
1733 5649 1930 5718 Ἡμεῖς

389 5830 422 5894 ,⁸
462 5823 728 5894 ξεῃεθαιμτ
751 5824 1065 5894 ἐπιτύχωμεν.
1130 5823 1159 5865 ιι
1185 5821 1447 5888 Legebatur
1471 5823 1590 5883 εἶδες
1610 5826 1712 5883 πῶς
1735 5827 1928 5891 καθαρεῖ

349 5888 431 5931 τον
448 5888 623 5949 τῦφον,
649 5888 812 5935 Δοκῶ.

3519 282 3620 340 ιοο

2032 389 2216 456 μωροὶ
2247 391 2349 448 διὰ
2380 396 2858 467 Χριστὸν,’ὐμεῖς
2882 395 2950 450 δέ
2972 398 3249 467 φρόνιμοι
3272 398 3344 452 ἐν
3363 402 3614 469 Χριστῷ.

2038 471 2210 526 Πάλιν
2243 477 2338 528 καὶ
2393 477 2552 531 τοῦτο
2587 479 2960 550 ἐντρεπτικῶς
3011 481 3225 552 εἴρηκε,
3273 481 3487 546 δεικνὺς
3535 485 3617 537 δτι

2031 558 2270 626 πρᾶγμά
2293 563 2442 614 ἐστιν
2469 562 2730 617 ἀδύνατον
2762 564 2938 618 ταῦτα
2964 565 3239 636 συμϐῆναι
3275 566 3343 619 τά
3376 567 3617 633 ἐναντία,

2030 639 2126 692 καὶ
2152 641 2252 694 οὐκ
2292 642 2442 698 ἔστιν
2492 648 2550 698 ἐν
2586 648 2699 709 τοῖς
2745 648 2934 711 αὐτοῖς
2961 650 3031 701 τά
3066 648 3322 703 τοσοῦτον
3371 650 3620 720 ἀλλήλων

2035 721 2306 793 ἀπέχοντα
2339 727 2636 783 συνελθεῖν.
2666 731 2792 794 Πῶς
2821 730 2931 801 γάρ
2959 730 3059 796 ἐνι,
3110 733 3295 800 φησὶν,
3325 732 3469 802 ὑμᾶς
3519 731 3620 801 μὲν

2037 804 2338 877 φρονίμους
2367 804 2530 872 εἶναι,
2558 813 2703 882 ἡμᾶς
2736 811 2792 865 δὲ
2829 814 3046 882 μωροὺς
3077 814 3135 866 ἐν
3168 816 3281 877 τοῖς
3309 816 3453 867 κατὰ
3483 815 3612 886 Χρι-

2037 887 2161 941 στὸν
2185 890 2511 962 πράγμασιν
2533 910 2546 958 ;
2587 895 2809 965 Ἐπειδὴ
2839 896 2947 967 γὰρ
2967 897 3122 950 αὐτοὶ
3146 897 3246 966 μὲν
3274 895 3570 952 ἐτύπτοντο
3589 910 3612 938 ο

2036 971 2131 1025 καὶ
2178 975 2614 1046 κατεφρονοῦντο
2665 979 2760 1031 καὶ
2807 978 3138 1048 ἠτιμάζοντο
3185 981 3276 1033 καὶ
3301 980 3450 1033 οὐδὲν
3476 979 3617 1035 εἶναι

2036 1053 2349 1124 ἐνομίζοντο
2373 1095 2388 1120 ,
2425 1059 2624 1112 ἐκεῖνοι
2678 1059 2734 1112 δὲ
2782 1061 2951 1132 τιμῆς
2999 1062 3293 1127 ἀπέλαυον,
3331 1065 3427 1116 καὶ
3461 1064 3619 1132 σοφοί

2033 1153 2179 1201 τινες
2223 1140 2319 1192 καὶ
2351 1143 2564 1194 συνετοὶ
2611 1143 2765 1213 παρὰ
2821 1144 3036 1207 πολλοῖς
3091 1143 3496 1211 ὐπωπτεύοντο,
3527 1146 3619 1199 διὰ

2033 1223 2194 1275 τοῦτο
2223 1222 2394 1278 ταῦτά
2424 1243 2612 1296 φησιν,
2643 1229 2724 1280 ὅτι
2767 1227 2891 1290 Πῶς
2916 1228 2995 1281 ενι
3021 1229 3147 1290 τοὺς
3177 1228 3244 1281 τὰ
3264 1229 3486 1282 τοιαῦτα
3516 1247 3619 1299 κη-

2036 1304 2354 1377 ρύττοντας,
2395 1309 2490 1360 ἐπὶ
2517 1313 2629 1372 τοῖς
2679 1310 2947 1374 ἐναντίοις
2990 1311 3396 1365 ὑποπτεύεσθαι
3445 1310 3615 1379 είναις

2045 1387 2236 1456 Ἡμεῖς
2289 1389 2602 1456 ἀσθενεῖς,
2647 1393 2820 1461 ὑμεῖς
2865 1392 2935 1446 δὲ
2989 1396 3248 1463 ἰσχυροί.
3304 1395 3615 1463 Τουτέστιν,

2047 1471 2238 1540 Ἦμεῖς
2284 1473 2661 1545 ἐλαυνόμεθα,
2698 1476 3050 1547 διωκόμεθα·
3114 1480 3273 1548 ὑμεῖς
3321 1477 3380 1530 δέ
3428 1478 3615 1543 ἀδείας

2033 1553 2335 1609 ἀπολαύετε
2385 1560 2480 1610 καὶ
2529 1558 2823 1630 θεραπείας
2855 1559 3080 1629 πολλῆς.
3122 1560 3262 1612 Ἀλλ’
3296 1561 3395 1613 οὐκ
3423 1561 3616 1630 ἀνέχε-

2032 1650 2121 1690 ται
2157 1637 2252 1691 τοῦ
2281 1639 2638 1710 κηρύγματος
2671 1643 2704 1710 ἡ
2740 1641 2922 1710 φύσις.
2966 1642 3166 1710 Ἡμεῖς
3186 1641 3400 1712 ἄτιμοι,
3443 1641 3616 1712 ὑμεῖς

2032 1718 2101 1772 δὲ
2121 1719 2382 1786 ἔνδοξοι.
2435 1723 2701 1778 Ἐνταῦθα
2729 1724 2868 1796 πρὸς
2895 1726 3022 1788 τοὺς
3051 1725 3293 1795 εὐγενεῖς
3338 1727 3616 1781 ἀποτείνε-

2032 1819 2121 1856 ται
2147 1804 2244 1856 καὶ
2286 1804 2427 1875 μέγα
2457 1807 2791 1877 φρονοῦντας
2819 1807 2912 1860 ἐπὶ
2936 1811 3048 1871 τοῖς
3067 1808 3288 1872 ἔξωθεν.
3315 1811 3488 1879 ’Ἄχρι
3504 1807 3616 1878 τῆς

2033 1886 2163 1953 ἄρτι
2191 1886 2348 1956 ὥρας
2367 1889 2464 1941 καὶ
2502 1888 2797 1958 πεινῶμεν
2829 1890 2925 1943 καὶ
2944 1891 3230 1959 διψῶμεν,
3257 1892 3354 1945 καὶ
3385 1909 3613 1962 γυμνη-

2033 1969 2301 2038 τεύομεν,
2334 1970 2434 2023 καὶ
2467 1970 2920 2040 κολαφιζόμεθα,
2953 1972 3050 2025 καί
3077 1973 3479 2043 ἀστατοῦμεν,
3514 1973 3614 2028 καί

2033 2052 2335 2122 κοπιῶμεν
2364 2054 2738 2124 ἐργαζόμενοι
2787 2055 2919 2121 ταῖς
2973 2055 3150 2119 ἰδίαις
3197 2057 3392 2125 χερσί.
3448 2059 3614 2112 Τουτ-

2034 2137 2213 2204 έστιν,
2247 2137 2322 2191 Οὐ
2361 2138 2571 2192 παλαιά
2605 2138 2898 2208 διηγοῦμαι
2934 2139 3270 2208 πράγματα,
3307 2138 3424 2192 ἀλλ’
3468 2141 3615 2213 ἅπερ

2033 2219 2128 2273 καὶ
2151 2221 2180 2273 ό
2209 2220 2399 2290 παρών
2431 2239 2521 2290 μοι
2557 2222 2749 2293 καιρὸς
2783 2224 3072 2293 μαρτυρεῖ.
3115 2221 3237 2276 Τῶν
3258 2223 3368 2293 γάρ
3405 2222 3618 2294 ἀνθρω-

2034 2302 2206 2356 πίνων
2234 2305 2370 2374 ἡμῖν
2419 2303 2578 2372 λόγος
2605 2303 2785 2367 οὐδεὶς
2815 2304 2938 2356 οὐδὲ
2995 2305 3098 2374 τῆς
3141 2303 3342 2370 ἔξωθεν
3377 2322 3618 2376 περιφα-

2033 2387 2199 2452 νείας,
2235 2386 2372 2440 ἀλλά
2397 2387 2532 2458 πρὸς
2561 2387 2651 2440 τὸν
2675 2386 2807 2439 Θεὸν
2829 2387 3130 2458 ἀφορῶμεν
3161 2388 3350 2458 μόνον·
3380 2390 3409 2442 ὃ
3433 2389 3499 2460 δὴ
3522 2391 3617 2444 καὶ

2035 2471 2183 2540 ί1μεῖίὶ
2215 2471 2477 2540 πράττειν
2513 2469 2788 2540 πανταχοῦ
2811 2473 3130 2539 ἀναγκαῖον.
3163 2471 3238 2525 Οὐ
3276 2472 3385 2543 γὰρ
3411 2473 3476 2544 δὴ
3517 2474 3618 2542 ἄγ-

2035 2553 2186 2620 γελοι
2227 2553 2496 2623 θεωροῦσι
2521 2554 2704 2624 μόνον,
2738 2553 2875 2606 ἀλλά
2907 2555 3002 2607 καὶ
3034 2555 3142 2625 πρὸ
3164 2555 3387 2608 ἐκείνων
3414 2557 3443 2608 ό
3469 2558 3617 2626 ἀγω-

2034 2636 2277 2706 νοθέτης.
2303 2637 2394 2708 Μὴ
2423 2637 2602 2689 τοίνυν
2627 2637 2831 2706 ἐτέρων
2849 2637 3085 2707 δεόμεθα
3105 2639 3426 2693 ἐπαινετῶν.
3447 2641 3618 2695 Τοῦτο

2034 2720 2144 2792 γὰρ
2178 2721 2384 2774 ἐκεῖνόν
2429 2723 2579 2773 ἐστιν
2625 2721 2879 2791 ὑϐρίσαι,
2923 2722 3051 2774 ὅταν
3103 2723 3178 2785 ὡς
3209 2723 3308 2774 οὐκ
3341 2723 3617 2793 ἀρκοῦντα

2033 2804 2170 2874 πρὸς
2186 2803 2248 2856 τὸ
2264 2803 2541 2873 θαυμάσαι
2560 2804 3020 2874 παρατρέχοντες,
3053 2805 3145 2857 ἐπὶ
3175 2805 3468 2878 τοὺςμθι]
3493 2824 3619 2861 συν-

2033 2885 2253 2948 δούλους
2282 2885 2624 2955 σπεύδωμεν.
2665 2884 2932 2958 Καθάπερ
2961 2886 3070 2958 γὰρ
3093 2889 3140 2939 οἱ
3175 2889 3234 2940 ἐν
3279 2889 3461 2959 μικρῷ
3491 2890 3618 2945 θεά-

2035 2988 2147 3041 τρῳ
2178 2970 2574 3040 ἀγωνιζόμενοι
2607 2970 2749 3040 μέγα
2779 2968 3056 3039 ζητοῦσιν,
3089 2970 3164 3033 ὼς
3192 2971 3292 3024 οὐκ
3321 2972 3618 3042 ἀρκοῦντος

2035 3055 2219 3116 αὐτοῖς
2265 3053 2401 3124 πρὸς
2452 3051 2711 3118 ἐπίδειξιν
2761 3051 2786 3091 ἀ
2827 3052 3078 3106 ἐκείνουο
3134 3054 3277 3108 οὕτω
3329 3057 3421 3108 καὶ
3473 3059 3523 3110 οί
3559 3059 3618 3111 ἐν

2031 3136 2331 3207 ὀφθαλμοῖς
2373 3134 2467 3188 τοῦ
2511 3135 2647 3188 Θεοῦ
2691 3133 3123 3206 ἀγωνιζόμενοι,
3173 3133 3294 3190 εἶτα
3329 3137 3430 3209 τὴν
3465 3142 3618 3210 παρά

2034 3219 2342 3292 ἀνθρώποις
2371 3217 2661 3289 ζητοῦντες
2685 3219 2981 3290 εὐφημίαν,
3005 3219 3104 3292 τὴν
3134 3221 3356 3291 μείζονα
3390 3223 3620 3292 ἀφέντες

2038 3305 2130 3357 καὶ
2162 3304 2263 3375 τῆς
2294 3302 2576 3366 ἐλάττονος
2628 3303 2926 3373 ἐφιέμενοι,
2960 3303 3200 3374 μεγάλην
3251 3306 3462 3369 ἑαυτοῖς
3494 3308 3620 3359 ἐπι-

2036 3387 2282 3441 σπῶνται
2321 3385 2566 3439 κόλασιν.
2591 3385 2764 3439 Τοῦτο
2793 3386 2922 3453 γοῦν
2960 3386 3073 3440 άνω
3104 3390 3198 3440 καὶ
3246 3389 3398 3442 κάτω
3437 3389 3619 3442 πάντα

2035 3471 2328 3539 πεποίηκε,
2353 3468 2511 3522 τοῦτο
2539 3468 2872 3540 συνετάραξε
2893 3470 2993 3541 τὴν
3024 3472 3350 3543 οἰκουμένην
3375 3474 3615 3538 ἅπασαν,

2033 3557 2116 3608 ὅτι
2161 3553 2300 3626 πρὸς
2329 3550 2653 3622 ἀνθρώπους
2699 3551 2991 3622 βλέποντες
3025 3555 3240 3608 ἅπαντα
3278 3555 3614 3628 πράττομεν,

2033 3639 2138 3692 κάν
2168 3638 2280 3700 τοῖς
2309 3635 2532 3704 ἀγαθοῖς
2553 3634 2706 3688 οὐδὲν
2733 3635 3015 3707 ἡγούμεθα
3053 3637 3116 3690 τὸ
3160 3638 3251 3691 τὸν
3301 3638 3436 3692 Θεὸν
3469 3639 3618 3710 ἐχειν

2035 3719 2376 3793 θαυμαστὴν,
2407 3718 2525 3772 ἀλλ’
2557 3717 2930 3790 ἐπιζητοῦμεν
2959 3720 3058 3791 τὴν
3084 3722 3236 3792 παρὰ
3257 3727 3366 3786 τοῖς
3390 3725 3618 3794 ὁμοδού-

2035 3806 2146 3867 λοις
2173 3802 2549 3872 εὐδοκίμησιν
2581 3802 2682 3852 κάν
2700 3803 2811 3865 τοῖς
2839 3805 3104 3868 ἐναντίοις
3136 3805 3299 3860 πάλιν
3330 3806 3496 3860 αὐτοῦ
3519 3826 3618 3862 κα-

2033 3886 2477 3958 ταφρονήσαντες
2505 3925 2520 3948 ,
2563 3884 2886 3955 ἀνθρώπους
2927 3887 3270 3958 δεδοίκαμεν.
3315 3891 3509 3946 Καίτοι
3551 3909 3618 3962 γει

2034 3971 2190 4025 αὐτοὶ
2223 3967 2340 4040 μεθ’
2365 3968 2522 4038 ἡμῶν
2559 3966 2847 4036 στήσονται
2871 3971 2964 4022 ἐπὶ
2993 3970 3086 4022 τοῦ
3108 3972 3352 4041 βήματος
3381 3976 3616 4041 ἐκείνου,

2033 4056 2186 4109 οὐδὲν
2204 4054 2356 4125 ἡμᾶς
2373 4051 2712 4122 ὠφελοῦντες
2728 4070 2740 4082 ·
2773 4054 2802 4105 ό
2817 4053 2874 4106 δὲ
2893 4054 3046 4120 Θεὸς,
3071 4052 3133 4109 οὗ
3163 4057 3615 4128 καταφρονοῦμεν

2035 4139 2151 4204 νῦν,
2183 4139 2347 4201 αὐτὸς
2391 4138 2528 4190 οίσει
2567 4138 2667 4208 τὴν
2693 4137 2875 4209 ψῆφον
2917 4140 3068 4210 ἡμῖν.
3119 4141 3259 4194 Ἀλλ’
3294 4143 3477 4212 ὅμως,
3522 4144 3616 4196 καὶ

2033 4222 2206 4276 ταῦτα
2241 4221 2463 4287 εἰδότες,
2493 4222 2630 4292 πρὸς
2652 4221 2974 4292 ἀνθρώπους
3002 4223 3080 4276 ἔτι
3114 4226 3443 4296 κεχήναμεν,
3479 4227 3616 4297 ὅπερ

2035 4307 2182 4360 ἐστὶν
2197 4306 2501 4377 ἁμάρτημα
2525 4305 2758 4379 πρῶτον.
2792 4309 2899 4360 Καὶ
2920 4307 3208 4379 ἀνθρώπου
3235 4309 3332 4380 μὲν
3355 4309 3612 4380 όρῶντος,

2033 4393 2134 4444 οὐκ
2163 4390 2228 4444 άν
2250 4406 2334 4453 τις
2359 4390 2534 4442 ἕλοιτο
2569 4390 2874 4461 πορνεύειν,
2897 4390 3033 4445 ἀλλὰ
3059 4391 3161 4446 κᾶν
3197 4395 3457 4464 μυριάκις
3486 4394 3615 4464 φλέο

2033 4490 2201 4545 γηται
2223 4472 2301 4543 τῷ
2329 4473 2502 4544 κακῷ,
2531 4475 2747 4527 νικᾶται
2774 4474 2868 4528 τοῦ
2904 4475 3110 4538 πάθους
3148 4477 3180 4547 ἡ
3221 4479 3476 4548 τυραννὶς
3510 4479 3615 4531 ὑπὸ

2033 4558 2134 4628 τῆς
2159 4556 2270 4609 τῶν
2319 4556 2620 4627 ἀνθρώπων
2677 4557 2895 4622 αἰδοῦςο
2927 4558 3022 4611 τοῦ
3071 4558 3206 4612 Θεοῦ
3261 4560 3317 4613 δὲ
3346 4557 3613 4631 ὁρῶντος,

2034 4639 2155 4712 οὐχὶ
2197 4639 2540 4712 μοιχεύουσιν
2582 4639 2704 4694 οὐδέ
2749 4642 3074 4713 πορνεύουσι
3114 4643 3294 4711 μόνον,
3339 4643 3476 4698 ἀλλὰ
3522 4646 3618 4698 καὶ

2033 4725 2199 4796 ἕτερα
2238 4723 2417 4795 πολλῷ
2465 4724 2824 4796 χαλεπώτερα
2870 4725 3057 4779 πολλοὶ
3100 4727 3470 4798 τετολμήκασι
3521 4730 3617 4783 καὶ

2033 4807 2296 4880 τολμῶσι.
2328 4807 2500 4862 Τοῦτο
2532 4804 2624 4862 οὖν
2656 4809 2815 4879 μόνον
2847 4809 2944 4878 οὐχ
2991 4809 3174 4862 ἱκανὸν
3213 4810 3440 4880 μυρίους
3473 4813 3614 4866 άνω-

2037 4890 2127 4944 θεν
2163 4893 2442 4962 σκηπτούς
2484 4893 2874 4958 κατενεγκεῖν;
2930 4893 3039 4943 Καὶ
3083 4893 3136 4944 τί
3171 4891 3314 4959 λέγω
3369 4896 3616 4966 μοιχείας

2035 4975 2130 5029 καὶ
2163 4975 2421 5046 πορνείας
2447 4991 2460 5040 ;
2489 4975 2569 5027 Τά
2590 4973 2699 5042 γὰρ
2724 4972 2906 5043 πολλῷ
2928 4973 3135 5028 τούτων
3173 4974 3380 5030 ἐλάττω
3400 4979 3492 5031 ἐπὶ
3515 4978 3615 5050 μὲν

2034 5056 2132 5111 ἀνθ
2143 5057 2340 5125 ρώπων
2373 5056 2694 5125 δεδοίκαμεν
2727 5057 3060 5124 πράττοντες
3083 5075 3096 5090 ο
3123 5058 3258 5112 Θεοῦ
3277 5061 3332 5113 δὲ
3356 5061 3612 5134 δρῶντος,

2033 5140 2239 5196 οὐκέτι.
2267 5139 2367 5191 Διά
2395 5138 2459 5208 δὴ
2498 5137 2654 5190 τοῦτο
2694 5140 2873 5193 πάντα
2904 5141 3101 5214 ἐτέχθη
3147 5143 3212 5196 τά
3235 5146 3409 5210 κακὰ,
3446 5146 3527 5198 ὅτι
3556 5147 3614 5198 ἐν

2035 5225 2147 5287 τοῖς
2180 5223 2349 5286 ὅντως
2393 5234 2416 5261 ε
2453 5224 2642 5285 κακοῖς
2670 5224 2733 5276 οὐ
2767 5224 2858 5277 τὸν
2888 5224 3042 5289 Θεὸν,
3076 5225 3212 5280 ἀλλά
3246 5229 3373 5290 τοὺς
3403 5229 3612 5299 ἀνθρώ-

2034 5323 2168 5370 πους
2194 5306 2516 5378 αἰδούμεθα.
2557 5308 2654 5360 Διά
2684 5325 2764 5360 τοι
2797 5307 2957 5361 τοῦτο
2987 5311 3080 5363 καὶ
3112 5312 3179 5363 τά
3211 5311 3376 5374 ὅντως
3405 5311 3608 5379 ἀγαθὰ,

2035 5392 2094 5445 οὐ
2128 5391 2386 5445 δοκοῦντα
2441 5387 2581 5444 εἶναι
2631 5393 2856 5446 τοιαῦτα
2893 5396 3004 5456 τοῖς
3044 5395 3278 5458 πολλοῖς,
3312 5395 3608 5467 φεύγομεν,

2034 5476 2094 5529 οὐ
2116 5476 2212 5546 τὴν
2234 5475 2342 5529 τῶν
2363 5476 2706 5547 πραγμάτων
2731 5476 3076 5541 ἐξετάζοντες
3103 5478 3286 5548 φύσιν,
3315 5479 3449 5534 ἀλλά
3476 5482 3611 5552 πρὸς

2033 5557 2132 5630 τὴν
2169 5558 2323 5622 δόξαν
2353 5559 2460 5611 τῶν
2491 5561 2701 5614 πολλῶν
2729 5563 3148 5625 ἀποϐλέποντες.
3644 5606 3649 5631 τ

2105 5639 2170 5693 δ’.
2188 5641 2295 5694 Καὶ
2317 5642 2410 5694 ἐπὶ
2427 5643 2534 5697 τῶν
2560 5643 2747 5699 κακῶν
2766 5645 2826 5698 τὸ
2845 5645 2976 5699 αὐτὸ
3001 5644 3159 5699 τοῦτο
3179 5645 3480 5718 πάσχοντες
3501 5648 3608 5702 πά-

2097 5775 2121 5835 _¢
2147 5766 2218 5816 Ita
2239 5766 2363 5835 Reg.
2392 5767 2521 5835 Edin
2545 5781 2682 5822 vero.
2697 5770 2868 5835 ,ἐπειδὴ
2893 5771 2982 5835 γὰρ
3003 5771 3134 5822 ἑτύπ.
3199 5769 3226 5810 ἀ
3251 5771 3330 5835 Sic
3354 5772 3478 5835 Reg.
3508 5771 3611 5835 Μο-

2030 5829 2126 5902 τςι.
2164 5842 2299 5894 vero,
2333 5829 2588 5896 ἀρκοῦντος
2625 5832 2740 5895 πρὸς
2779 5829 3010 5890 ἐπίδειξίν.
3105 5847 3128 5878 e
3150 5834 3411 5900 Legebamr
3431 5829 3479 5883 ἓν
3510 5833 3608 5886 τοῖς

2036 5905 2161 5939 ουτω
2168 5926 2179 5940 ι
