4090 6216
404 290 500 349 ιοι

403 403 506 468 λιν,
533 401 633 456 οὐκ
661 399 790 456 ὄντα
805 397 898 456 οὖν
919 419 1041 457 τινα
1068 402 1248 471 ἀγαθά
1273 401 1368 454 1:61
1387 400 1530 454 1:616
1553 395 1694 454 εῖναι
1722 398 1984 454 δοκοῦντα

402 487 517 547 τοῖς
557 484 791 549 πολλοῖς,
841 485 917 548 ὼς
964 485 1143 553 ἀγαθά
1193 483 1304 535 ἀπὸ
1352 483 1452 551 τῆς
1483 482 1653 552 αὐτῆς
1693 481 1984 552 συνηθείας

405 569 692 638 διώκομεν·
714 567 854 621 ὥστε
877 564 1213 636 ἑκατέρωθεν
1238 563 1576 634 φθείρεσθαι.
1595 565 1749 634 Τάχα
1769 563 1982 626 πολλοῖς

405 653 782 722 ἀσαφέστερον
826 647 964 702 εἶναι
1007 648 1154 700 δοκεῖ
1186 647 1247 700 τὸ
1272 647 1462 718 λεχθέν
1484 667 1496 680 ο
1531 648 1728 702 οὐκοῦν
1766 647 1984 715 ἀνάγκη

407 737 541 789 αὐτὸ
575 734 902 802 σαφέστερον
931 732 1126 783 είπεῖν.
1163 731 1331 784 Ὅταν
1359 730 1713 802 πορνεύωμεν
1744 731 1848 801 (δεῖ
1875 729 1984 800 γάρ

407 817 514 871 ἀπὸ
533 816 640 869 τῶν
659 813 967 883 εἰρημένων
983 813 1295 883 ἄρξασθαι),
1317 814 1640 886 ἀνθρώπους
1669 813 1984 884 φοϐούμεθα

411 898 628 969 μᾶλλον,
665 897 697 967 ἦ
729 895 820 947 τὸν
848 895 1002 951 Θεόν.
1037 897 1187 950 Ἐπεὶ
1208 893 1302 950 οὖν
1321 895 1492 961 οὕτως
1523 898 1749 960 ἐαυτούς
1781 895 1987 968 ύπεθή-

408 996 582 1049 καμεν
607 979 855 1041 ἐκείνοις,
889 980 984 1031 1:61
1007 979 1279 1043 δεσπότας
1307 981 1466 1052 ἡμῶν
1499 982 1697 1044 66:06;
1726 981 1986 1052 ἐποιήσα-

409 1079 530 1132 μεν,
564 1060 732 1114 πολλά
765 1061 822 1112 δέ
850 1063 960 1124 τοῖς
989 1060 1280 1126 δεσπόταις
1311 1062 1524 1128 τούτοις
1553 1065 1648 1118 1:61
1672 1062 1807 1116 ἄλλα
1835 1062 1987 1116 δοκεῖ

405 1142 545 1198 εἷναι
581 1143 726 1198 κακὰ
753 1144 854 1198 οὐκ
877 1144 1006 1198 δντα
1041 1146 1209 1213 κακά,
1245 1147 1473 1200 κάκεῖνα
1511 1147 1783 1216 φεύγομεν
1822 1145 1986 1200 πάλιν

406 1228 628 1298 ὁμοίως.
675 1223 800 1281 Οἶον
840 1227 901 1280 τὸ
944 1229 1002 1279 ἐν
1039 1228 1201 1299 πενία.
1246 1228 1347 1299 ζῇν
1387 1227 1602 1291 πολλοῖς
1649 1229 1799 1280 δοκεῖ
1843 1223 1985 1282 εἶναι

407 1311 630 1381 αἰσχρόν
649 1325 662 1339 ·
693 1311 786 1365 1:61
820 1311 1094 1381 φεύγομεν
1126 1311 1224 1381 τὴν
1252 1312 1465 1374 πενίαν,
1495 1312 1597 1364 οὐκ
1625 1311 1813 1371 ἐπειδή
1838 1313 1987 1366 ἐστιν

409 1395 651 1464 αἰσχρὸν,
683 1393 802 1446 οὐδὲ
837 1394 1025 1464 ἐπειδὴ
1046 1393 1204 1446 τοῦτο
1235 1394 1608 1466 πεπείσμεθα,
1647 1395 1764 1448 ἀλλ’
1799 1395 1987 1468 ἐπειδὴ

408 1479 521 1540 τοῖς
548 1476 840 1539 δεσπόταις
878 1475 1037 1546 ημῶν
1071 1469 1214 1530 εἶναι
1238 1475 1386 1530 δοκεῖ
1418 1477 1576 1530 τοῦτο
1608 1476 1854 1547 αἰσχρὸν,
1889 1477 1990 1530 1:6-

411 1561 621 1623 κείνους
645 1558 983 1630 δεδοίκαμεν.
1017 1560 1188 1613 Πάλιν
1211 1560 1272 1613 τὸ
1305 1560 1670 1631 ἀτιμάζεσθαι
1701 1561 1797 1615 1:61
1828 1564 1993 1615 εὐκα-

410 1644 750 1716 ταφρόνητον
785 1639 923 1695 εῖναι
957 1645 1051 1696 καὶ
1077 1643 1258 1714 πάσης
1287 1644 1445 1707 ἐκτὸς
1473 1645 1812 1708 δυναστείας,
1842 1645 2015 1712 δοκεῖ,

411 1731 524 1791 τοῖς
557 1728 770 1790 πολλοῖς
799 1726 1000 1796 ὁμοίως
1019 1722 1156 1780 εἶναι
1186 1727 1446 1798 αἰσχύνης
1473 1727 1674 1799 πολλῆς
1711 1729 1806 1782 1:61
1839 1729 1992 1781 εὐτε-

412 1810 582 1873 λείας.
619 1810 790 1863 Τοῦτο
823 1809 986 1862 πάλιν
1013 1809 1308 1880 φεύγομεν,
1332 1810 1454 1862 οὐδὲ
1484 1811 1648 1864 αὐτοῦ
1688 1809 1992 1879 καταγινώο

417 1909 660 1959 σκοντες,
698 1891 833 1946 ἀλλά
865 1892 956 1946 διά
996 1892 1094 1963 τὴν
1138 1892 1250 1946 τῶν
1292 1890 1569 1946 δεσποτῶν
1593 1892 1750 1964 ἡμῶν
1786 1893 1988 1962 ψῆφον.

417 1976 588 2031 Πάλιν
613 1977 707 2030 καὶ
728 1976 790 2028 ἐκ
816 1974 911 2028 τοῦ
935 1974 1179 2028 ἐναντίου
1203 1973 1302 2046 τὴν
1329 1973 1497 2045 αὐτὴν
1531 1975 1874 2046 ὑπομένομεν
1903 1974 1995 2028 λύ-

419 2077 526 2132 μην
546 2074 561 2090 ’
582 2059 644 2112 τὸ
671 2059 779 2129 γὰρ
802 2057 1048 2112 πλουτεῖν
1074 2058 1281 2126 ἀγαθὸν
1309 2052 1629 2123 εἶναιδοκεῖ,
1656 2059 1748 2110 1:61
1775 2059 1804 2110 6
1825 2057 1994 2127 τῦφος

417 2144 511 2198 καὶ
542 2143 599 2195 αί
633 2141 781 2206 δόξαι
829 2141 927 2195 1:61
978 2141 1039 2194 :6
1073 2139 1436 2211 περίϐλεπτον
1469 2135 1643 2193 εἶναι’
1693 2140 1791 2194 1:61
1837 2139 1996 2193 :06:0

418 2228 580 2282 πάλιν
603 2226 906 2296 διώκομεν,
948 2225 1068 2279 οὐδέ
1116 2222 1350 2278 ἐνταῦθα
1388 2223 1486 2294 τὴν
1509 2223 1618 2276 τῶν
1651 2223 1995 2294 πραγμάτων

418 2309 847 2379 ἐπισκεψάμενοι
887 2307 1048 2377 φύσιν
1089 2307 1172 2361 6::
1205 2305 1382 2378 καλὴ,
1415 2306 1529 2359 ἀλλ’
1553 2307 1664 2361 ἀπὸ
1697 2307 1796 2378 τῆς
1838 2306 1998 2378 δόξης

418 2393 530 2446 τῶν
581 2392 856 2446 δεσποτῶν
900 2389 1050 2463 [102]
1087 2390 1246 2461 ἡμῶν
1290 2389 1670 2458 πεπεισμένοι.
1717 2389 1998 2461 Δεσπότης

419 2477 530 2548 γάρ
559 2474 714 2547 ἡμῶν
745 2477 774 2528 6
800 2473 971 2545 δῆμός
995 2475 1140 2527 ἐστι·
1177 2474 1320 2527 1:616
1338 2473 1506 2537 πολὺς
1543 2473 1698 2543 δχλος
1730 2472 1999 2543 δεσπότης

419 2561 569 2631 ώμὸς
592 2561 688 2613 1:61
710 2557 972 2629 τύραννος
992 2556 1246 2626 χαλεπός.
1277 2557 1410 2610 Οὐδέ
1436 2557 1542 2627 γὰρ
1567 2558 1834 2627 ἐπιταγῆς
1850 2555 1999 2626 αὐτῷ

419 2647 502 2698 δεῖ
529 2643 663 2716 πρὸς
691 2643 750 2696 τὸ
770 2640 1106 2711 ἀκουσθῆναι
1135 2641 1264 2712 παρ’
1293 2640 1471 2711 ήμῶν,
1499 2640 1613 2694 ἀλλ’
1645 2641 1808 2711 ἀρκεῖ
1839 2639 2000 2710 μόνον

423 2730 569 2800 ἡμᾶς
599 2727 798 2779 εἰδέναι
851 2725 904 2777 τί
953 2723 1198 2796 βούλεται
1219 2763 1235 2788 ,
1293 2725 1387 2776 1:61
1418 2725 1589 2794 χωρὶς
1625 2723 2001 2792 ἐπιτάγματος

424 2812 648 2880 είκομεν
667 2825 682 2839 ο
721 2807 959 2879 τοσαύτῃ
989 2807 1169 2878 εὐνοίᾳ
1195 2808 1320 2876 περὶ
1351 2807 1512 2860 αὐτὸν
1535 2804 1872 2877 κεχρήμεθα.
1891 2805 2002 2858 K61

423 2896 453 2946 6
487 2893 588 2963 μὲν
619 2891 751 2953 Θεὸς
781 2890 898 2944 καθ’
929 2889 1165 2958 ἑκάστην
1194 2888 1438 2942 ἀπειλῶν
1467 2889 1562 2942 καὶ
1594 2887 1863 2942 νουθετῶν
1899 2887 2002 2959 τὴν

426 2977 660 3049 ἡμέραν,
693 2976 794 3030 061:
821 2974 1074 3028 ἀκούεται
1096 2991 1110 3004 ’
1141 2976 1170 3026 6
1190 2973 1247 3026 δὲ
1269 2973 1434 3036 πολὺς
1462 2971 1617 3042 δχλος
1648 2972 1742 3025 1:61
1767 2972 2003 3036 6:61::0;

427 3061 520 3114 1:61
551 3055 899 3130 συρφετώδης
923 3056 1044 3109 οὐδὲ
1077 3055 1345 3125 ἐπιταγῆς
1377 3055 1569 3126 χρείαν
1596 3055 1734 3125 ἔχει,
1757 3053 1875 3108 ἀλλ’
1904 3055 2004 3124 ἀρ-

426 3147 514 3198 κεῖ
533 3143 694 3215 μόνον
713 3141 884 3208 δεῖξαι
917 3139 1058 3193 τίσιν
1077 3139 1392 3210 ἀρέσκεται,
1423 3140 1516 3191 1:61
1532 3138 1708 3192 πάντα
1726 3136 2003 3192 ὑπακούο-

430 3244 530 3299 μεν
557 3225 777 3288 εὐθέως.
805 3225 914 3278 K61
931 3222 1049 3287 πῶς
1076 3222 1142 3276 ἄν
1165 3239 1248 3285 τις
1267 3221 1512 3285 τούτους,
1534 3223 1723 3292 φησὶν,
1743 3220 2003 3292 ἀποφύγῃ

425 3312 553 3374 :06;
581 3308 883 3372 δεσπότας;
921 3307 984 3360 Εί
1016 3305 1200 3376 μεῖζον
1229 3305 1408 3358 αὐτῶν
1449 3305 1706 3375 φρόνημα
1740 3303 1918 3368 λάϐοι,
1954 3304 2004 3356 εί

425 3396 526 3466 τὴν
549 3394 658 3448 τῶν
689 3391 1028 3464 πραγμάτων
1051 3388 1407 3457 ἐπισκέψαιτο
1431 3387 1615 3456 φύσιν,
1637 3389 1688 3440 εί
1709 3387 2006 3458 καταγνοίη

427 3479 527 3549 τῆς
557 3476 667 3531 τῶν
703 3474 912 3530 πολλῶν
941 3475 1146 3543 ψήφου,
1177 3474 1225 3525 εί
1257 3472 1364 3541 πρὸ
1393 3472 1504 3524 τῶν
1534 3471 1710 3526 ἀλλων
1748 3471 2005 3524 ἀπάντων

430 3564 488 3615 ἐν
519 3562 628 3624 τοῖς
659 3559 827 3620 δντως
849 3558 1098 3624 αἰσχροῖς
1131 3553 1412 3607 παιδεύσει
1447 3554 1642 3607 ἐαυτὸν
1687 3553 1762 3624 μὴ
1797 3552 2008 3624 ἀνθρώ-

431 3660 588 3706 πους,
624 3640 760 3695 6116
788 3639 876 3692 :6v
909 3637 1208 3708 ἀκοίμητον
1253 3636 1530 3706 ὀφθαλμὸν
1567 3635 1882 3700 δεδοικέναι,
1913 3635 2008 3689 1:61

436 3727 622 3786 ἐντοῖς
669 3721 896 3790 ἀγαθοῖς
943 3720 1104 3773 πάλιν
1143 3720 1268 3782 τοὺς
1296 3718 1427 3790 παρ’
1455 3719 1667 3772 ἐκείνου
1711 3718 2008 3786 στεφάνους

433 3808 636 3876 ζητεῖν.
671 3803 830 3856 Οῦτω
861 3802 972 3874 γάρ
1001 3802 1122 3855 ούδέ
1153 3803 1211 3854 ἐν
1238 3805 1354 3865 τοῖς
1387 3800 1568 3865 ἄλλοις
1611 3799 1793 3854 αὐτῶν
1825 3798 2010 3864 ἀνεξό-

436 3888 599 3959 μεθα.
644 3887 704 3939 '0
725 3885 856 3958 γὰρ,
895 3885 1058 3956 ἡνίκα
1083 3883 1149 3938 ἂν
1175 3884 1448 3956 κατορθοῖ,
1483 3883 1560 3955 μὴ
1601 3883 1785 3949 ἀξίους
1817 3884 2008 3954 κρίνας

435 3971 674 4034 ἐκείνους
701 3971 898 4024 ειδέναι
925 3967 1089 4022 αὐτοῦ
1119 3970 1187 4022 :6
1208 3967 1630 4038 κατορθώματα,
1660 3966 1775 4020 ἀλλ’
1809 3966 2010 4038 ἀρκού-

437 4073 595 4129 μενος
617 4057 684 4127 τῇ
706 4048 957 4108 :06-6506
984 4051 1171 4122 ψήφῳ,
1189 4051 1312 4104 οὐδὲ
1335 4053 1392 4102 ἐν
1419 4053 1530 4112 τοῖς
1559 4050 1821 4112 ἐναντίοις
1853 4049 2010 4117 λόγον

434 4139 614 4195 αὐτῶν
644 4137 756 4204 ἐξει
775 4137 918 4192 τινά.
951 4137 1060 4188 Καὶ
1088 4135 1206 4197 πῶς
1238 4132 1370 4188 αὐτὸ
1401 4131 1561 4186 τοῦτο
1600 4131 1775 4194 ἔσται,
1805 4132 1966 4202 φησίν
1992 4147 2008 4197 ;

503 4287 787 4357 Ἐννόησον
805 4284 856 4338 τί
875 4285 976 4356 μέν
990 4283 1085 4337 ἀνθ
1091 4299 1294 4355 ρωπος,
1309 4280 1362 4336 τί
1377 4281 1432 4335 δέ
1445 4280 1594 4346 Θεὸς,
1610 4280 1705 4335 1:61
1720 4281 1839 4334 τίνα
1853 4282 2009 4350 ἀφεὶς

433 4371 541 4424 τίνι
574 4368 963 4440 προσφεύγεις,
999 4367 1094 4418 1:61
1112 4366 1322 4436 ταχέως
1347 4363 1617 4435 διορθώσῃ
1646 4363 1708 4417 τὸ
1737 4366 1868 4418 πᾶν.
1895 4365 2015 4416 "Av-

436 4456 654 4527 θρωπος
691 4453 796 4504 61:6
819 4452 916 4521 τὴν
951 4449 1119 4520 αὐτὴν
1139 4447 1417 4519 ἁμαρτίαν
1461 4448 1544 4500 001
1586 4451 1763 4500 κεῖται
1793 4448 1886 4500 καὶ
1915 4446 2012 4527 τὴν

437 4526 618 4608 κρίσιν
644 4534 739 4587 1:61
753 4535 853 4603 τὴν
873 4533 1096 4586 κόλασιν
1114 4547 1127 4560 °
1155 4530 1443 4600 ἄνθρωπος
1464 4531 1787 4599 ματαιότητι
1807 4526 2016 4598 ὡμοιώ-

437 4619 530 4688 θη,
556 4617 650 4669 καὶ
679 4616 859 4686 κρίσιν
889 4615 1056 4684 ὀρθὴν
1078 4614 1178 4665 οὐκ
1206 4613 1342 4682 ἔχει,
1363 4614 1458 4666 καὶ
1476 4611 1646 4664 δεῖται
1674 4611 1774 4680 τῆς
1807 4609 2012 4665 ἀνωθεν

434 4698 771 4772 διορθώσεως
789 4713 802 4728 ο
821 4696 1128 4768 ἄνθρωπος,
1155 4697 1225 4765 γῆ
1248 4698 1342 4748 1:6‘:
1366 4694 1582 4758 σποδὸς,
1603 4693 1705 4747 κάν
1725 4693 2012 4765 ἐπαινέσῃ,

437 4783 698 4846 πολλάκις
727 4779 913 4844 ἁπλῶς
942 4777 1320 4841 ἐπαινέσεται,
1357 4775 1391 4848 ἢ
1424 4775 1560 4848 πρὸς
1601 4777 1782 4846 χάριν,
1809 4775 1841 4846 ἢ
1878 4775 2013 4848 πρὸς

435 4866 762 4937 ἀπέχθειαν
798 4863 900 4919 κᾶν
925 4859 1156 4932 διαϐάλῃ
1183 4860 1277 4914 1:61
1305 4859 1684 4930 κατηγορήσῃ,
1714 4858 1880 4911 πάλιν
1905 4857 2014 4912 61:6

436 4951 535 5020 τῆς
564 4950 733 5020 αὐτῆς
759 4949 920 5002 τοῦτο
938 4943 1499 5018 ἐργάσεταιγνώμης.
1543 4941 1687 4996 Ἀλλ’
1714 4943 1813 5012 οὐχ
1833 4944 1863 4995 6
1881 4942 2014 5006 Θεὸς

436 5033 632 5097 οῦτως,
672 5032 786 5085 ἀλλ’
824 5031 1062 5100 ἄληπτος
1097 5031 1132 5100 ἡ
1160 5030 1340 5101 ψῆφος
1375 5027 1561 5093 αὐτοῦ,
1603 5029 1699 5081 1:61
1739 5027 1954 5098 καθαρά
1979 5029 2014 5098 ἠ

439 5115 618 5187 κρίσις
643 5113 829 5167 αὐτοῦ.
861 5113 972 5165 Καὶ
1000 5111 1108 5181 χρὴ
1135 5112 1224 5165 6:6
1243 5113 1416 5166 :66:6
1443 5112 1530 5165 ἀεὶ
1557 5109 1694 5184 πρὸς
1723 5108 1887 5164 αὐτὸν
1917 5125 2016 5163 1:6-

436 5197 731 5270 ταφεύγειν
747 5212 760 5227 ’
784 5195 845 5249 06
879 5194 966 5247 6:6
991 5193 1162 5246 ταῦτα
1187 5193 1243 5245 δὲ
1275 5194 1458 5263 μόνον,
1483 5194 1597 5248 ἀλλ’
1621 5195 1706 5248 6::
1733 5195 1828 5247 1:61
1851 5192 2016 5257 66:6;

437 5281 684 5354 ἐποίησε,
706 5279 798 5334 καὶ
819 5276 1058 5350 φείδεται
1081 5293 1175 5331 σου
1210 5275 1445 5346 μάλιστα
1467 5279 1706 5343 πάντων,
1731 5278 1824 5332 1:61
1847 5276 2014 5331 66:06

440 5365 536 5420 006
569 5365 773 5439 μᾶλλόν
807 5379 866 5416 σε
894 5361 1106 5432 ἀγαπᾷ.
1147 5360 1212 5412 Τί
1240 5358 1421 5413 τοίνυν
1457 5359 1687 5427 ἀφέντες
1713 5361 1858 5432 ἔχειν
1881 5361 2016 5418 066-

443 5450 646 5520 μαστὸν
693 5446 1009 5517 ἐπαινέτην,
1064 5443 1199 5516 πρὸς
1237 5442 1523 5514 ἄνθρωπον
1569 5445 2012 5515 καταφεύγομεν,

439 5531 530 5584 τὸν
556 5531 728 5596 οὐδέν,
754 5531 846 5584 τὸν
873 5529 1016 5600 εἰκῆ,
1043 5527 1136 5581 τὸν
1151 5525 1339 5589 ἀπλῶς
1364 5541 1380 5590 ;
1408 5526 1648 5598 Πονηρόν
1678 5544 1736 5580 σε
1756 5526 1906 5597 λέγει
1922 5529 2016 5582 καὶ

443 5612 639 5684 μιαρὸν
668 5615 766 5666 οὐκ
791 5613 919 5666 δντα
939 5609 1179 5664 τοιοῦτον
1203 5627 1217 5677 ;
1239 5607 1424 5679 Ταύτῃ
1450 5609 1652 5678 μᾶλλον
1674 5610 1838 5664 αὐτὸν
1869 5610 2018 5681 ἐλέη-

443 5709 558 5758 σον,
577 5695 671 5747 καὶ
691 5693 960 5762 δάκρυσον
986 5695 1068 5746 6::
1096 5693 1436 5764 διέφθαρται,
1478 5690 1574 5744 1:61
1597 5693 2012 5763 καταφρόνησον

441 5779 607 5834 αὐτοῦ
638 5777 739 5848 τῆς
763 5777 919 5848 δόξης
938 5819 953 5844 ,
989 5777 1072 5830 6::
1115 5778 1441 5848 πεπήρωται
1478 5773 1645 5829 66:06
1676 5775 1746 5828 :6
1771 5779 1870 5847 τῆς
1896 5775 2014 5828 δια-

445 5863 592 5931 νοίας
623 5863 880 5942 ὄμματαο
926 5861 1049 5916 ἐπεὶ
1084 5861 1178 5916 1:61
1211 5863 1258 5914 οἱ
1290 5860 1578 5916 ἀπόστολοι
1625 5858 1797 5914 ταῦτα
1847 5860 2021 5935 ῆκουοι

1102 288 1160 345 S.
1199 287 1484 344 .IOANNIS
1517 281 2002 343 οηιιγεοδτοιιι

2101 282 2372 341 RCﬂIEP.
2413 283 2965 342 CONSTANTINOP.

3556 287 3662 345 10‘)

2090 415 2209 462 σαν,
2239 401 2332 454 1:61
2371 400 2683 468 κατεγέλων
2713 401 2822 454 τῶν
2846 397 3261 453 διαϐαλλόντων.
3303 395 3442 452 Ἀλλ’
3463 397 3672 468 ἀγαθόν

2087 496 2147 534 σε
2177 481 2324 550 λέγει
2352 481 2446 534 1:61
2475 483 2739 552 χρηστόνς
2773 485 2872 536 Ἂν
2907 483 3007 553 μὲν
3029 480 3271 544 τοιοῦτος
3301 475 3388 554 ᾗς,
3425 480 3667 553 μηδόλως

2087 566 2369 635 χαυνωθῇς
2391 565 2498 618 61:6
2529 566 2630 635 τῆς
2655 566 2844 636 δόξης·
2860 565 2926 619 ἂν
2951 565 3010 619 δέ
3036 565 3111 636 μὴ
3137 561 3202 639 ᾗς
3223 565 3488 630 τοιοῦτος,
3509 564 3668 617 πλέον

2087 649 2520 720 καταφρόνησον,
2557 651 2653 703 1:61
2699 651 2991 721 χλευασίαν
3031 649 3093 702 τὸ
3123 651 3356 719 πρᾶγμα
3389 646 3529 702 εἶναι
3581 651 3667 702 νό-

2089 731 2234 801 μιζε.
2266 730 2454 784 Βούλει
2497 732 2688 801 μαθεῖν
2737 733 2847 787 τῶν
2876 733 3088 787 πολλῶν
3119 731 3218 795 τάς
3272 732 3517 802 κρίσεις,
3553 732 3672 794 πῶς

2085 814 2192 866 είσὶ
2223 813 2618 884 διεφθαρμέναι
2647 815 2744 869 1:61
2772 815 3035 886 ἄχρηστοι
3080 816 3176 868 1:61
3219 814 3454 882 γέλωτος
3497 813 3669 880 ἄξιαι,

2087 899 2182 953 1:61
2205 899 2261 951 αῖ
2292 899 2392 969 μὲν
2418 898 2738 968 μεμηνότων
2767 900 2862 951 1:61
2891 899 3280 968 ἐξεστηκότων.
3307 899 3362 951 αί
3389 897 3446 950 δὲ
3467 899 3672 951 παίδων

2087 981 2454 1044 ύποτιτθίωνς
2493 981 2758 1034 ¹Ἄκουσον
2788 981 3012 1035 ἀνωθεν.
3061 979 3202 1052 Ἐρῶ
3245 979 3304 1032 δέ
3342 996 3422 1033 σοι
3462 980 3672 1050 κρίσεις

2087 1064 2212 1134 οὐχὶ
2246 1063 2344 1125 τὰς
2375 1062 2467 1116 τοῦ
2497 1063 2672 1133 δήμου
2707 1063 2885 1134 μόνον,
2914 1062 3050 1116 ἀλλά
3074 1065 3170 1116 καὶ
3199 1061 3298 1123 τάς
3323 1061 3431 1114 τῶν
3449 1062 3672 1117 δοκούν-

2085 1161 2197 1198 των
2218 1141 2356 1200 εἶναι
2379 1147 2727 1215 σοφωτάτων,
2761 1145 2867 1198 τῶν
2895 1145 2953 1211 ἐξ
2995 1145 3171 1215 ἀρχῆς
3211 1143 3540 1214 νομοθετῶν.
3577 1144 3676 1207 Τίς

2082 1230 2202 1304 γάρ
2222 1229 2289 1284 ἀν
2316 1230 2486 1298 δόξειε
2509 1229 2662 1300 παρά
2689 1231 2802 1291 τοῖς
2827 1228 3040 1290 πολλοῖς
3068 1225 3375 1297 σοφώτερος
3409 1222 3549 1280 εἶναι
3580 1227 3674 1280 τοῦ

2088 1312 2441 1386 νομισθέντος
2494 1312 2648 1379 ἀξίου
2714 1311 2903 1365 πόλεσι
2954 1311 3048 1364 1:61
3091 1311 3286 1380 δήμοις
3332 1309 3673 1380 νομοθετεῖνς

2101 1397 2242 1452 Ἀλλ’
2265 1398 2416 1467 ὅμως
2449 1399 2562 1460 τοῖς
2607 1398 2792 1466 σοφοῖς
2835 1393 3046 1456 τούτοις
3097 1394 3159 1445 τὸ
3201 1393 3488 1463 πορνεύειν
3522 1393 3675 1446 οὐδὲν

2088 1476 2232 1534 εἶναι
2255 1481 2405 1534 δοκεῖ
2422 1478 2658 1550 πονηρὸν
2687 1478 2810 1532 οὐδὲ
2833 1477 3110 1540 κολάσεως
3145 1475 3314 1541 ἀξιον.
3338 1475 3529 1538 Οὐδεὶς
3545 1476 3676 1544 γοῦν

2087 1565 2201 1620 τῶν
2227 1564 2407 1634 νόμων
2431 1563 2582 1636 [105]
2604 1562 2714 1616 τῶν
2740 1560 2942 1627 ἔξωθεν
2973 1560 3107 1616 αὐτὸ
3135 1559 3418 1624 ἐκόλασεν,
3451 1559 3572 1613 οὐδὲ
3596 1563 3677 1624 είς

2089 1647 2440 1718 δικαστήριον
2470 1645 2720 1699 εἵλκυσεν
2750 1643 3005 1698 ἐντεῦθεν
3024 1662 3038 1675 ·
3062 1642 3200 1698 ἀλλά
3227 1643 3332 1696 κᾶν
3363 1641 3564 1717 ἐλκύσῃ
3594 1661 3677 1706 τις

2091 1730 2235 1800 ὑπὲρ
2267 1728 2494 1790 τούτων,
2523 1726 2901 1796 καταγελῶσιν
2929 1727 2980 1779 οῖ
3011 1725 3217 1789 πολλοὶ,
3241 1725 3338 1778 1:61
3367 1725 3468 1778 061:
3493 1723 3678 1790 ἀνέξε-

2090 1830 2182 1867 ται
2216 1822 2234 1844 ⁸
2277 1813 2305 1864 6
2329 1809 2588 1874 δικάζων.
2620 1811 2694 1863 Τὸ
2725 1809 2980 1863 κυϐεύειν
3007 1808 3169 1863 πάλιν
3201 1808 3301 1879 τῆς
3331 1807 3462 1878 παρ’
3492 1806 3678 1861 αὐτῶν

2090 1896 2362 1966 τιμωρίας
2400 1893 2548 1947 ἐστὶν
2584 1891 2893 1963 ἐλεύθερον,
2944 1892 3040 1945 καὶ
3070 1890 3247 1953 066:1;
3281 1889 3426 1960 ὑπὲρ
3471 1889 3679 1942 τούτων

2091 1979 2250 2049 δίκην
2276 1977 2442 2031 ἔδωκέ
2479 1992 2611 2030 ποτε
2645 1976 2774 2048 παρ’
2806 1975 3056 2038 ἐκείνοις.
3098 1974 3174 2027 Τὸ
3193 1972 3414 2045 μεθύειν
3457 1973 3548 2026 καὶ
3577 1987 3680 2040 γαο

2096 2062 2414 2134 στρίζεσθαι
2449 2061 2511 2114 ού
2560 2061 2721 2131 μόνον
2743 2061 2843 2113 061:
2865 2059 3015 2112 ἐστιν
3041 2057 3295 2128 ἔγκλημα
3318 2057 3369 2122 1»,
3401 2055 3539 2108 ἀλλά
3584 2056 3681 2108 1:61

2099 2145 2435 2216 κατόρθωμα
2471 2145 2624 2215 παρά
2670 2141 2887 2205 πολλοῖς
2933 2136 3076 2194 εἶναι
3120 2140 3470 2210 νενόμισται·
3499 2138 3594 2191 καὶ
3621 2137 3682 2189 ἐν

2097 2230 2211 2290 τοῖς
2246 2228 2659 2298 στρατιωτικοῖς
2693 2225 2928 2288 δείπνοις
2960 2223 3129 2295 πολλὴ
3156 2225 3189 2294 ή
3222 2221 3317 2276 :06
3356 2221 3681 2293 πράγματος

2098 2310 2321 2382 ἅμιλλα,
2347 2309 2441 2363 1:61
2488 2308 2540 2361 01
2581 2307 2815 2379 μάλιστα
2865 2305 3250 2378 σωφρονούσης
3296 2303 3536 2366 διανοίας
3584 2303 3683 2356 καὶ

2099 2393 2351 2464 σώματος
2382 2391 2697 2465 ἐρρωμένου
2731 2391 2996 2461 δεόμενοι,
3029 2385 3176 2445 06:0:
3222 2388 3455 2459 μάλιστα
3495 2389 3559 2458 τῇ
3586 2403 3683 2438 τυ-

2103 2476 2308 2548 ραννίδι
2329 2474 2722 2547 παραδέδονται
2752 2474 2853 2544 τῆς
2886 2473 3080 2544 μέθης,
3107 2473 3202 2526 1:61
3225 2473 3286 2526 :6
3314 2471 3472 2541 σῶμα
3501 2485 3684 2538 1:696-

2099 2559 2340 2623 λύοντες,
2371 2560 2465 2612 καὶ
2483 2557 2582 2628 τὴν
2612 2557 2790 2628 ψυχὴν
2815 2556 3154 2621 σκοτοῦντες,
3187 2555 3283 2610 καὶ
3314 2554 3422 2608 τῶν
3456 2551 3684 2622 νομοθε-

2098 2644 2208 2699 τῶν
2237 2643 2410 2706 οὐδεὶς
2429 2641 2588 2695 τοῦτο
2610 2641 2835 2693 ἐκόλασε
2862 2639 2923 2693 τὸ
2951 2641 3277 2712 ἁμάρτημα.

2176 2728 2318 2781 ε⁸.Τί
2339 2725 2540 2794 ταύτης
2557 2724 2657 2796 τῆς
2687 2724 2882 2796 μανίας
2911 2726 3088 2796 χεῖρον
3112 2741 3126 2790 ;
3164 2723 3276 2793 Τῆς
3297 2717 3390 2776 06v
3409 2719 3686 2791 εὐφημίας

2099 2812 2208 2866 τῶν
2244 2809 2386 2864 οὕτω
2414 2804 2771 2878 διακειμένων
2797 2805 3100 2878 ἀνθρώπων
3132 2805 3425 2876 ἐπιθυμεῖς
3445 2845 3460 2867 ,
3491 2804 3594 2858 1:61
3619 2803 3682 2855 06

2102 2893 2455 2966 κατορύττεις
2491 2891 2687 2946 σαυτόν
2710 2907 2727 2956 ;
2752 2891 2814 2943 E1
2843 2890 2951 2962 γάρ
2982 2889 3078 2943 1:61
3119 2889 3321 2952 πάντες
3351 2905 3412 2942 σε
3442 2885 3686 2956 ἐθαύμα-

2103 2979 2196 3045 ζον
2219 2979 2268 3031 οί
2293 2976 2547 3038 τοιοῦτοι,
2586 2975 2688 3028 οὐκ
2722 2975 2888 3046 ἐχρῆν
2921 2972 3274 3044 αἰσχύνεσθαι
3310 2971 3406 3025 1:61
3448 2968 3685 3038 ἐγκαλύ-

2104 3060 2356 3125 πτεσθαι,
2378 3077 2453 3113 πα
2463 3059 2510 3132 ρ’
2531 3057 2834 3130 ἀνθρώπων
2855 3057 2995 3111 οὕτω
3010 3055 3419 3127 διεφθαρμένων
3440 3054 3538 3118 τάς
3561 3053 3681 3124 κρί-

2105 3163 2220 3210 σεις
2257 3143 2618 3216 κροτούμενον
2641 3161 2656 3208 ;
2683 3143 2850 3196 Πάλιν
2880 3141 3196 3212 βλασφημία
3229 3142 3339 3204 τοῖς
3359 3135 3681 3208 νομοθέταις

2103 3230 2256 3284 οὐδὲν
2286 3223 2426 3280 είναι
2444 3227 2591 3280 δοκεῖ
2606 3224 2834 3296 φοϐερόν
2853 3237 2900 3264 ο·
2919 3225 3093 3288 οὐδεὶς
3115 3222 3245 3293 γοῦν
3260 3222 3352 3276 τὸν
3369 3220 3503 3276 Θεὸν
3521 3219 3684 3290 βλασ-

2107 3316 2388 3382 φημήσας,
2429 3310 2509 3372 είς
2537 3310 2598 3362 τὸ
2629 3308 2977 3379 δικαστήριον
3014 3306 3273 3374 είλκύσθη
3295 3305 3389 3358 1:61
3413 3303 3570 3374 δίκην
3603 3303 3688 3356 δέ·

2104 3395 2296 3449 δωκεν.
2342 3393 2481 3446 Ἀλλ’
2512 3391 2608 3446 ἐὰν
2637 3393 2736 3463 μὲν
2757 3390 2817 3444 τὸ
2845 3391 3058 3461 ἱμάτιόν
3084 3406 3167 3453 τις
3199 3387 3392 3462 κλέψῃ,
3429 3387 3463 3458 ἢ
3489 3386 3688 3458 βαλάν-

2104 3495 2219 3532 τιον
2246 3477 2498 3548 διατέμῃ.
2529 3476 2622 3529 καὶ
2658 3475 2760 3538 :6;
2795 3473 3037 3544 πλευράς
3077 3471 3417 3542 διορύττεται
3457 3472 3550 3525 1:61
3588 3471 3688 3524 θα-

2107 3563 2254 3631 νάτῳ
2283 3559 2638 3631 παραδίδοται
2663 3557 2923 3620 πολλάκις
2941 3573 2955 3588 ο
2985 3556 3075 3609 τὸν
3089 3555 3148 3609 δέ
3171 3554 3304 3609 Θεὸν
3324 3552 3688 3624 βλασφημῶν,

2105 3646 2207 3699 οὐκ
2234 3641 2549 3712 ἐγκαλεῖται
2588 3639 2743 3712 παρά
2781 3639 2892 3692 τῶν
2931 3638 3038 3705 ἔξω
3068 3636 3398 3708 νομοθετῶν.
3431 3635 3548 3690 Κάν
3573 3636 3692 3688 δού-

2107 3729 2208 3798 λην
2239 3723 2584 3795 προσφθείρῃ
2609 3740 2692 3786 τις
2720 3724 2952 3790 γυναῖκα
2998 3720 3160 3790 ἔχων,
3184 3721 3338 3774 οὐδὲν
3369 3715 3508 3774 εἶναι
3543 3719 3692 3778 δοκεῖ

2108 3815 2220 3873 τοῖς
2241 3809 2427 3879 νόμοις
2466 3808 2580 3870 τοῖς
2613 3805 2814 3872 ἔξωθεν
2835 3805 2957 3858 οὐδὲ
2988 3807 3101 3868 τοῖς
3133 3803 3370 3868 πολλοῖς.

2180 3890 2370 3944 Βούλει
2403 3889 2498 3943 1:61
2535 3889 2698 3960 ἕτερα
2742 3887 2906 3941 πάλιν
2939 3887 3172 3940 ἀκοῦσαι
3191 3885 3474 3940 δεικνύντα
3506 3883 3688 3939 αὐτῶν

2107 3976 2206 4048 τὴν
2234 3977 2452 4038 ἄνοιαν;
2490 3971 2665 4025 ταῦτα
2692 3971 2790 4044 μέν
2814 3971 2924 4042 γάρ
2956 3970 3016 4023 06
3044 3970 3367 4048 κολάζουσιν
3386 4010 3402 4035 ,
3435 3967 3598 4038 ἕτερα
3628 3966 3688 4019 δὲ

2109 4047 2203 4114 καὶ
2223 4054 2606 4129 νομοθετοῦσιν
2633 4054 2810 4108 αὐτοί.
2848 4054 2980 4105 Τίνα
3012 4047 3105 4106 οὖν
3131 4053 3269 4106 εἰσιν
3291 4053 3510 4117 ἐκεῖνα;
3545 4048 3687 4103 Θέα-

2109 4161 2214 4216 τρα
2245 4141 2557 4210 συνάγουσι,
2620 4139 2711 4191 1:61
2761 4136 2976 4208 πορνῶν
3021 4137 3138 4188 ἐκεῖ
3182 4132 3458 4203 γυναικῶν
3493 4135 3688 4216 χορούς

2111 4213 2422 4294 είσάγοντες
2454 4223 2551 4276 καὶ
2595 4220 2792 4283 παῖδας
2821 4217 3302 4291 πεπορνευμένους
3337 4217 3432 4270 1:61
3475 4215 3552 4278 είς
3589 4213 3689 4284 τὴν

2112 4308 2274 4379 φύσιν
2303 4307 2473 4376 αὐτὴν
2499 4303 2902 4376 ἐνυϐρίζοντας,
2933 4301 3218 4366 καθίζουσι
3261 4299 3352 4352 τὸν
3377 4298 3545 4367 δῆμον
3575 4297 3690 4351 ἀνω

2114 4393 2314 4456 πάντα,
2355 4388 2499 4442 οῦτω
2541 4386 2640 4457 τὴν
2685 4386 2840 4439 πόλιν
2866 4381 3342 4455 ψυχαγωγοῦντες,
3383 4379 3527 4433 οὕτω
3557 4379 3688 4440 τοὺς

2115 4473 2388 4546 μεγάλους
2445 4470 2688 4533 ἐκείνους
2725 4468 3003 4539 βασιλέας,
3054 4465 3148 4528 οὓς
3187 4465 3273 4519 ἀεὶ
3312 4462 3689 4546 θαυμάζουσιν

2114 4544 2206 4610 ἐπὶ
2234 4552 2512 4626 τροπαίοις
2543 4553 2638 4606 καὶ
2669 4552 2868 4617 νίκαις,
2892 4549 3302 4620 στεφανοῦντες.
3334 4547 3524 4600 Καίτοι
3551 4561 3616 4614 γε
3636 4544 3691 4596 τί

2113 4637 2214 4708 τῆς
2245 4636 2414 4707 τιμῆς
2442 4633 2647 4705 ταύτης
2668 4634 3004 4705 ψυχρότερον
3023 4651 3040 4700 ;
3061 4631 3114 4686 τί
3139 4631 3238 4702 τῆς
3261 4630 3452 4701 ἡδονῆς
3474 4629 3693 4698 ἐκείνης

2115 4721 2472 4792 ἀηδέστερονς
2521 4720 2588 4774 ἐκ
2619 4720 2826 4774 τούτων
2863 4715 2956 4772 οὖν
3007 4716 3303 4779 ἐπαινέτας
3351 4713 3535 4783 ζητεῖς
3581 4711 3694 4766 τῶν

2113 4805 2292 4876 ἔργων
2317 4803 2426 4856 τῶν
2458 4802 2605 4869 σῶν⁸;
2645 4802 2741 4856 1:61
2775 4801 2918 4872 μετά
2963 4799 3251 4872 ὀρχηστῶν
3284 4799 3379 4852 καὶ
3433 4793 3693 4876 μαλακῶν

2114 4875 2210 4942 1:61
2234 4885 2419 4958 μίμων
2448 4887 2545 4940 1:61
2559 4885 2776 4955 πορνῶν
2795 4883 3072 4953 γυναικῶν
3096 4880 3370 4952 εὐφημίας
3399 4875 3694 4934 ἀπολαύειν

2116 4971 2326 5034 θέλεις,
2358 4970 2481 5024 είπέ
2514 4985 2642 5041 μοι;
2680 4968 2915 5030 καὶπῶς
2945 4968 3048 5020 οὐκ
3081 4966 3147 5020 6v
3188 4965 3273 5035 εἴη
3306 4960 3479 5016 ταῦτα
3516 4975 3696 5030 1:696-

2114 5054 2263 5116 νοίας
2295 5053 2529 5124 ἐσχάτης
2551 5069 2567 5118 ;
2605 5051 2810 5115 Ἡδέως
2831 5051 2942 5122 γάρ
2965 5049 3032 5104 ἀν
3062 5048 3258 5111 66:06;
3285 5043 3513 5118 ἐροίμην
3537 5061 3551 5073 ·
3576 5045 3696 5096 Δει-

2114 5137 2206 5192 νὸν
2221 5137 2347 5198 τούς
2368 5135 2467 5205 τῆς
2491 5133 2706 5203 φύσεως
2735 5131 3138 5205 ἀνατρέπεσθαι
3169 5131 3388 5200 νόμους,
3405 5128 3499 5182 καὶ
3521 5141 3700 5196 παρα-

2115 5219 2315 5291 νόμους
2345 5216 2665 5286 εἰσάγεσθαι
2699 5215 2908 5287 μίξεις;
2949 5215 3169 5277 πάντως
3207 5212 3452 5284 ἐροῦσιν,
3482 5209 3699 5291 6:165:-

2116 5290 2240 5357 νόν’
2265 5299 2486 5355 δοκοῦσι
2531 5298 2664 5369 γοῦν
2688 5299 2784 5354 καὶ
2833 5297 3085 5362 κολάζειν
3133 5295 3196 5349 τὸ
3228 5295 3488 5368 ἀνόμημα
3514 5290 3694 5346 τοῦτο.
3757 5351 3766 5358 _

2115 5387 2182 5440 Τί
2207 5381 2301 5439 οὖν
2325 5386 2452 5449 :06;
2476 5384 2842 5456 ῆταιρηκότας
2869 5381 3114 5444 ἐκείνους
3157 5379 3432 5448 εἰσάγειςς
3468 5377 3565 5430 καὶ
3595 5375 3700 5427 οὐκ

2115 5472 2356 5540 είσάγεις
2381 5471 2565 5541 μόνον,
2595 5467 2733 5523 άλλά
2760 5467 2854 5520 1:61
2882 5467 3048 5537 τιμᾷς
3082 5465 3306 5536 μυρίαις
3333 5462 3428 5518 1:61
3468 5459 3698 5528 ἀφάτοις

2115 5555 2379 5626 δωρεαῖςς
2423 5550 2684 5623 ’Δλλαχοῦ
2721 5551 2845 5613 τοὺς
2868 5550 2939 5604 :6
2967 5547 3196 5603 :0:66:6
3243 5543 3560 5617 τολμῶντας
3599 5556 3698 5626 κο-

2114 5625 2314 5704 λάζων,
2367 5635 2600 5692 ἐνταῦθα
2639 5635 2696 5688 δέ
2737 5634 2832 5688 1:61
2878 5632 2954 5697 ὡς
3001 5632 3320 5703 εὐεργέταις
3373 5628 3572 5690 κοινοῖς
3597 5625 3700 5696 τῆς

2179 5809 2206 5839 ⁸
2236 5806 2306 5857 Re
2349 5841 2382 5863 .,
2403 5807 2484 5854 καὶ
2517 5806 2646 5867 ὅμως
2667 5805 2903 5869 ἀνέχεται.
2966 5804 2996 5844 δ
3022 5805 3170 5870 Κεὶς..
3215 5805 3272 5854 ού
3314 5803 3456 5867 μόνον
3488 5801 3546 5852 οὗ
3568 5802 3706 5853 δοκεῖ

2179 5906 2188 5918 .
2259 5874 2279 5900 ε
2307 5820 2380 5918 fta
2406 5868 2526 5918 R06.
2561 5866 2688 5918 Εόιιί
2711 5879 2850 5918 vero.
2874 5868 3009 5918 οὐδὲν
3033 5869 3149 5918 εἶναι
3182 5866 3395 5918 φοϐερόν.

2119 5870 2188 5930 εγ.
2259 5874 2279 5900 ε
2307 5868 2380 5918 Ila
2406 5868 2526 5931 Reg.
2561 5868 2688 5918 Εόιιὶ
2711 5868 2850 5930 vero,
2874 5868 3009 5919 οὐδὲν
3033 5868 3149 5918 εἶναι
3182 5868 3395 5934 φοϐερόν.
