4086 6214
351 430 462 470 rtus
481 429 605 469 esse
630 415 838 469 videtur
867 413 919 469 id
960 413 1103 483 quod
1144 416 1344 470 dictum
1383 425 1468 470 est
1496 434 1510 444 ο
1541 428 1760 469 necesse
1800 428 1930 482 ergo

347 516 428 560 est
477 505 529 559 id
575 506 775 560 clarius
813 506 1121 574 explanare.
1167 506 1300 560 Cum
1345 506 1670 560 fornicamur
1696 507 1934 574 (oportet

347 597 490 651 enim
517 610 549 650 a
573 597 686 664 jam
712 597 872 651 dictis
898 597 1176 670 incipere),
1202 596 1444 651 homines
1468 601 1634 668 magis
1657 598 1928 664 timemus,

344 705 505 758 quam
555 689 748 744 Deum.
781 689 914 757 Quia
943 689 1102 759 igitur
1133 705 1231 745 nos
1260 691 1337 745 sic
1372 691 1451 745 eis
1479 679 1824 760 subjceimus,
1862 689 1930 743 il-

346 779 536 845 iusque
563 780 810 834 dominos
841 789 1054 835 nostros
1080 782 1486 845 constituimus;
1507 782 1667 836 multa
1695 796 1821 835 vero
1848 780 1930 834 his

345 870 578 927 dominis
603 885 724 926 esse
755 872 895 925 tuala
930 871 1193 940 videntur,
1235 888 1354 941 quze
1385 876 1521 926 mala
1565 888 1672 926 non
1698 880 1842 934 sunt,
1875 880 1929 926 et

348 963 434 1018 illa
455 963 706 1018 similiter
735 962 984 1033 fugimus.
1027 964 1264 1033 Exempli
1306 979 1486 1029 causa,
1530 963 1581 1017 itt
1615 971 1927 1033 paupertate

348 1055 528 1108 vivere
560 1053 740 1122 multis
766 1062 918 1122 turpe
944 1067 1062 1108 esse
1093 1054 1302 1108 videtur
1333 1064 1425 1107 :et
1449 1062 1811 1123 paupertatem
1841 1052 1924 1105 fu-

341 1145 542 1214 gimus,
572 1160 678 1197 non
708 1145 848 1212 qttod
895 1145 1061 1213 turpis
1090 1145 1160 1198 sit
1203 1160 1301 1199 nec
1330 1144 1470 1214 quod
1503 1155 1711 1214 turpem
1739 1144 1924 1198 creda-

344 1253 481 1298 mus,
511 1237 607 1291 sed
637 1237 756 1305 quia
789 1236 1017 1290 dominis
1047 1236 1242 1290 nostris
1270 1252 1390 1292 esse
1422 1237 1588 1306 turpis
1611 1237 1840 1302 videtur,
1869 1246 1922 1291 et

341 1327 465 1380 illos
496 1329 762 1381 timemus.
809 1327 1013 1382 Rursus
1057 1327 1362 1380 iultonorari
1410 1335 1464 1382 ct
1492 1329 1760 1382 contemni
1805 1327 1923 1380 uul-

341 1422 557 1490 lamque
598 1423 794 1476 habere
821 1431 1161 1491 potestatem,
1202 1436 1230 1474 a
1259 1421 1438 1475 multis
1468 1430 1620 1490 turpe
1651 1430 1706 1475 et
1731 1419 1922 1474 vilissi-

339 1528 490 1566 mum
535 1513 889 1568 existimatur.
939 1513 1050 1567 Hoe
1090 1528 1298 1570 rursum
1347 1512 1604 1582 fugimus,
1655 1525 1760 1566 non
1806 1526 1919 1565 rem

335 1605 679 1666 damnantes.
716 1605 810 1660 sed
842 1614 1059 1674 promer
1095 1604 1433 1658 dominorum
1470 1615 1770 1658 nostrorum
1797 1618 1920 1658 seu-

337 1699 580 1752 tentiam.
614 1696 844 1750 Rursum
871 1712 902 1751 e
929 1697 1196 1751 contrario
1222 1696 1461 1750 eamdem
1485 1697 1713 1765 patimur
1735 1693 1915 1764 perni-

335 1790 472 1842 ciem
503 1806 517 1842 :
550 1804 671 1842 nam
699 1788 916 1843 divitem
948 1804 1087 1851 esse,
1125 1790 1320 1843 bonum
1348 1803 1468 1842 esse
1495 1787 1724 1853 videtur,
1757 1788 1912 1842 item-

335 1895 440 1949 que
468 1880 637 1932 fastus
664 1889 717 1933 et
740 1879 906 1948 gloria
931 1889 985 1931 et
1013 1877 1222 1933 claritas
1247 1895 1260 1932 :
1289 1886 1344 1932 et
1366 1877 1466 1934 hoc
1494 1894 1702 1933 rursum
1733 1893 1914 1947 perse-

335 1969 568 2036 quimur,
599 1984 704 2023 non
733 1985 910 2023 rerum
943 1979 1184 2024 naturam
1217 1979 1275 2024 ut
1320 1970 1511 2024 bonam
1539 1970 1907 2039 reSpicientes,

333 2061 429 2116 sed
455 2076 521 2114 ex
543 2060 794 2129 Opinione
817 2061 1154 2115 dominorum
1183 2070 1486 2116 nostrorum
1517 2061 1775 2128 persuasi.
1809 2060 1910 2113 Do-

335 2154 509 2206 minus
528 2153 728 2222 quippe
757 2163 937 2207 noster
966 2163 1046 2207 est
1086 2153 1344 2222 populus;
1373 2164 1426 2208 et
1456 2153 1593 2223 vulgi
1627 2152 1776 2208 turba
1807 2151 1907 2207 do-

331 2247 506 2298 minus
531 2253 637 2306 est,
663 2257 836 2297 sevus
864 2243 1214 2314 immanisque
1242 2253 1518 2314 tyrannus.
1553 2243 1735 2314 Neque
1763 2243 1906 2298 enim

328 2349 465 2403 opus
484 2342 568 2388 est
599 2343 652 2384 ut
680 2333 923 2402 imperet,
954 2343 1008 2385 ut
1032 2335 1078 2388 ei
1109 2333 1495 2404 obsequantur;
1527 2332 1620 2386 sed
1647 2333 1775 2388 satis
1801 2342 1900 2398 est,

327 2425 373 2478 si
402 2440 500 2478 nus
539 2423 666 2494 quid
708 2424 780 2478 illi
813 2424 1016 2492 placeat
1043 2423 1292 2488 sciamus,
1326 2432 1383 2478 et
1411 2423 1526 2478 sine
1563 2422 1712 2493 jussu
1745 2439 1902 2495 pare-

327 2528 444 2567 mus
472 2529 486 2566 :
520 2522 662 2566 tanta
689 2513 888 2566 utimur
914 2527 1037 2582 erga
1075 2513 1220 2567 illum
1249 2513 1638 2568 benevolentia.
1677 2515 1744 2569 Et
1766 2515 1903 2570 Deus

326 2606 540 2673 quidem
566 2605 804 2676 quotidie
835 2606 1008 2659 minas
1051 2607 1318 2678 intentans
1351 2616 1406 2661 et
1447 2607 1761 2675 admonens,
1795 2625 1900 2662 non

325 2697 578 2760 auditur;
609 2697 757 2750 turba
785 2706 963 2751 autem
996 2697 1363 2766 incomposita,
1388 2697 1484 2752 [rex
1509 2697 1804 2766 hominum,
1834 2715 1902 2755 ne

324 2787 578 2842 mandato
603 2787 813 2857 quidem
839 2801 974 2857 opus
1001 2788 1192 2850 habet;
1222 2789 1316 2844 sed
1343 2791 1473 2846 satis
1497 2799 1600 2854 est,
1625 2799 1680 2845 ut
1705 2791 1901 2847 indicet
1935 2793 1944 2803 '

321 2880 446 2949 quid
475 2878 576 2934 sibi
603 2881 826 2950 placeat,
856 2891 912 2935 et
940 2881 1118 2934 statim
1151 2881 1202 2935 in
1231 2881 1478 2937 omnibus
1520 2883 1618 2952 ipsi
1645 2884 1896 2954 obsequi-

321 2985 461 3024 mur.
496 2969 560 3023 Et
596 2970 884 3038 quomodo,
914 2969 1140 3040 inquies,
1183 2970 1345 3025 hosce
1383 2973 1627 3029 dominos
1664 2973 1897 3046 effugere

318 3063 435 3135 quis
461 3062 670 3131 possit?
709 3061 763 3117 Si
803 3061 1056 3133 majorem
1085 3078 1240 3131 quam
1269 3063 1344 3117 illi
1374 3076 1592 3118 sensum
1637 3076 1892 3134 aSsutttat,

319 3155 366 3210 si
386 3169 568 3209 rerum
585 3160 824 3208 naturam
845 3163 1068 3224 spectet,
1092 3155 1136 3210 si
1163 3155 1304 3225 vulgi
1332 3155 1593 3212 calculum
1615 3157 1892 3227 despiciat,

315 3245 360 3300 si
383 3255 512 3299 ante
539 3245 642 3299 alia
669 3245 849 3299 omnia
877 3245 927 3299 iu
959 3246 1042 3311 iis,
1075 3261 1192 3315 qua:
1224 3260 1349 3302 vere
1379 3249 1550 3318 tut-pia
1577 3257 1722 3316 sunt,
1744 3250 1893 3320 scip-

315 3353 430 3391 sunt
467 3338 536 3392 ita
564 3338 819 3402 instituat,
857 3348 913 3391 ut
943 3353 1048 3392 non
1085 3337 1348 3402 homines,
1373 3339 1466 3394 sed
1497 3341 1794 3395 insomnem
1827 3341 1890 3394 il-

317 3429 422 3482 lttut
454 3429 665 3482 oeulum
711 3437 930 3493 metuat,
959 3439 1012 3483 et
1048 3429 1100 3483 itt
1134 3428 1286 3483 bonis
1329 3447 1538 3484 rursum
1576 3447 1799 3486 coronas
1825 3433 1892 3487 ab

315 3519 403 3574 illo
432 3529 655 3588 qtla'ral.
686 3521 756 3574 lta
781 3521 923 3574 enim
957 3535 1126 3590 neque
1166 3521 1217 3574 in
1260 3522 1377 3575 aliis
1409 3522 1678 3576 hominum
1706 3539 1889 3576 auram

315 3611 568 3665 feremus.
595 3609 726 3665 Nam
754 3612 842 3680 qui
880 3627 1000 3666 cum
1033 3622 1174 3666 recte
1214 3613 1340 3682 agit,
1374 3628 1438 3667 ne
1464 3613 1652 3683 dignos
1675 3614 1887 3683 quidem

312 3714 498 3756 censet
525 3701 665 3764 illos,
687 3701 776 3771 qui
802 3717 893 3755 sua
924 3715 1067 3757 recte
1091 3702 1222 3756 facta
1246 3705 1442 3770 norint,
1468 3704 1559 3758 sed
1578 3705 1665 3757 Dei
1685 3705 1890 3759 Calculo

312 3803 597 3847 contentus
618 3805 720 3855 est,
755 3809 925 3861 neque
947 3794 999 3848 itt
1021 3795 1302 3849 contrariis
1326 3797 1554 3865 aliquam
1584 3811 1766 3849 eorum
1801 3813 1887 3849 ra-

315 3886 512 3938 tionem
542 3883 777 3937 habebit.
832 3882 900 3937 Et
939 3883 1206 3953 quomodo
1233 3925 1246 3944 ,
1290 3885 1522 3954 inquies,
1574 3885 1673 3940 hoc
1717 3887 1887 3956 ipsum

311 3978 411 4030 erit
430 3978 452 4026 ?
1031 3964 1036 3972 λ

382 4065 662 4118 "ominum
691 4064 862 4117 Iaudes
898 4082 998 4117 non
1026 4064 1327 4133 qumrcuda’,
1364 4065 1450 4117 scd
1485 4065 1594 4119 Dei.
1617 4096 1685 4105 -—
1705 4067 1887 4136 Cogita

310 4158 436 4226 quid
467 4159 536 4210 sit
560 4160 741 4218 homo,
766 4155 889 4224 qttid
914 4158 974 4208 sit
1010 4156 1165 4221 Deus,
1198 4165 1375 4225 etquo
1396 4155 1616 4210 dimisso
1639 4158 1702 4209 ad
1728 4173 1885 4226 quem

311 4249 603 4318 confugias,
637 4258 690 4300 ct
719 4251 822 4300 cito
851 4258 1017 4300 totum
1045 4248 1297 4316 corriges.
1321 4246 1492 4299 Homo
1516 4256 1690 4301 tecum
1713 4248 1885 4302 eidem

315 4350 527 4408 percito
576 4339 835 4406 subjaret,
889 4338 1061 4391 eidem
1097 4337 1319 4408 judicio,
1362 4336 1534 4391 eidem
1579 4337 1882 4406 supplicio:

315 4450 469 4486 nomo
503 4433 720 4486 vanitati
753 4433 938 4486 similis
969 4437 1138 4486 factus
1155 4443 1255 4500 est,
1280 4447 1481 4488 rectum
1501 4433 1756 4503 judicium
1783 4448 1884 4487 non

313 4527 488 4588 habet,
523 4535 579 4578 et
616 4539 844 4592 superna
885 4536 1004 4594 eget
1035 4523 1366 4579 correctione
1407 4541 1419 4576 :
1459 4525 1639 4587 huttto,
1671 4533 1808 4578 terra
1835 4533 1889 4578 et

310 4618 461 4677 cinis,
497 4619 542 4668 si
576 4615 774 4678 laudet,
819 4630 962 4682 smpe
1007 4625 1206 4670 temere
1241 4615 1493 4682 laudabit,
1534 4624 1626 4669 aut
1664 4616 1729 4671 ad
1769 4631 1888 4686 gra-

314 4712 434 4758 tiam
477 4715 571 4759 ant
609 4720 672 4760 ex
701 4705 854 4769 odio;
887 4707 930 4759 si
958 4705 1312 4761 calumnietur
1341 4716 1396 4760 et
1426 4717 1660 4773 accuset,
1703 4722 1888 4763 rursus

311 4795 496 4848 eodem
528 4795 707 4847 animo
733 4795 782 4846 id
814 4795 953 4849 facit.
985 4797 1054 4850 At
1083 4811 1185 4849 non
1221 4797 1288 4850 ita
1322 4798 1494 4860 Deus;
1536 4798 1627 4851 sed
1661 4798 1887 4867 irrepre-

315 4887 587 4940 hensibilis
607 4897 689 4940 est
713 4886 825 4954 ejus
846 4889 1103 4953 calculus,
1135 4898 1185 4941 et
1217 4903 1401 4957 purttut
1429 4888 1685 4958 judicium
1718 4890 1884 4947 illius.

315 4977 544 5046 Ideoque
585 4989 795 5048 oportet
832 4995 1044 5047 semper
1070 4981 1135 5033 ad
1184 4981 1329 5035 illum
1356 4981 1678 5052 confugere;
1711 4997 1888 5052 neque

315 5071 438 5124 ideo
465 5079 684 5134 tantum,
715 5072 808 5123 scd
835 5073 955 5141 quia
977 5073 1132 5126 etiam
1157 5074 1268 5141 ipse
1291 5082 1340 5126 te
1365 5075 1503 5140 fecit,
1521 5085 1571 5128 ct
1591 5077 1706 5144 plus
1727 5089 1884 5144 quant

315 5175 506 5215 omnes
541 5163 626 5214 tibi
659 5165 851 5230 paruit,
899 5165 1169 5234 magisque
1213 5174 1262 5219 te
1305 5175 1468 5231 amat,
1496 5182 1651 5233 quam
1691 5175 1744 5220 tu
1775 5166 1887 5234 ipse

315 5266 364 5306 te
391 5268 558 5308 antes.
597 5252 705 5308 Cur
740 5271 867 5324 ergo
913 5264 1018 5309 tam
1058 5257 1282 5310 mirabili
1315 5257 1479 5310 misso
1511 5258 1780 5312 laudatore
1819 5257 1886 5312 ad

315 5347 580 5402 hominem
605 5351 938 5419 confugimus
964 5351 1053 5419 qui
1081 5352 1211 5404 nihil
1241 5363 1342 5417 est,
1373 5353 1462 5422 qui
1492 5352 1682 5405 frustra
1712 5362 1764 5406 et
1805 5363 1886 5407 te-

316 5454 456 5493 mere
483 5440 660 5494 omnia
695 5441 849 5493 facit?
879 5440 1069 5495 Malum
1103 5452 1153 5497 te
1193 5443 1322 5497 dicit
1346 5455 1397 5498 et
1420 5443 1728 5508 scelestum,
1762 5459 1882 5498 eum

317 5531 426 5586 talis
457 5548 566 5586 non
607 5533 722 5586 sis?
767 5533 856 5588 llla
897 5533 965 5590 de
991 5551 1148 5590 causa
1178 5537 1347 5608 magis
1375 5538 1521 5592 illum
1553 5539 1810 5593 miserare
1835 5546 1890 5593 ct

312 5622 463 5688 delle,
491 5625 618 5695 quia
650 5635 934 5698 corruptus
957 5636 1059 5694 est,
1087 5628 1308 5700 ejusque
1329 5630 1552 5701 gloriam
1580 5638 1885 5696 contemne,

311 5718 425 5786 quia
464 5732 585 5789 ejus
636 5719 832 5772 mentis
869 5719 1006 5774 oeuli
1052 5722 1300 5780 excarcati
1343 5731 1466 5778 sunt
1504 5723 1802 5792 :siquidcm
1831 5733 1887 5779 et

629 5813 904 5873 ιἈτιιοι..
952 5813 1068 5873 (in.
1125 5816 1279 5876 LXI.

1441 300 1506 356 IN
1543 297 1759 357 EPIST.
1803 297 1820 352 Ι
1885 298 1972 352 AD
2009 297 2164 353 COR.
2209 298 2436 355 llOillL.
2482 302 2594 358 ΧΙΙ.

2450 137 2491 155 *κι-

2043 414 2267 480 apostoli
2301 414 2413 469 haec
2443 417 2740 482 audierunt,
2773 429 2822 473 et
2853 422 2972 474 illos
2998 437 3057 477 se
3084 425 3474 485 calumniantes
3503 434 3620 486 im-

2037 514 2245 558 scrttnt.
2275 507 2344 560 At
2365 515 2414 560 te
2447 508 2640 562 bonum
2673 523 2719 563 et
2755 511 2935 566 utilem
2963 514 3130 570 dicit?
3168 516 3226 571 Si
3258 520 3376 575 talis
3405 523 3617 590 quidem

2034 593 2129 659 sis,
2164 594 2310 648 nullo
2336 597 2493 650 ntodo
2534 614 2564 651 a
2615 599 2703 652 tali
2750 601 2915 670 gloria
2944 605 3270 672 etnolliaris;
3300 611 3342 663 si
3370 626 3474 665 non
3499 613 3620 668 talis

2032 684 2130 751 sis,
2151 686 2316 756 magis
2337 687 2575 756 despice,
2607 701 2656 744 et
2684 707 2793 745 rem
2817 707 2935 748 e~se
2965 697 3072 750 risu
3102 697 3311 769 dignata
3343 711 3488 773 puta.
3524 703 3615 759 \‘is

2032 773 2168 827 scire
2193 790 2350 843 quam
2373 787 2620 847 corrupta
2649 779 2754 833 sint
2784 782 2921 854 vulgi
2945 785 3166 853 judicia,
3197 805 3355 859 quam
3383 793 3615 858 inutilia,

2030 879 2186 933 quant
2226 867 2482 934 ridicula;
2537 879 2592 924 ct
2627 873 2727 927 alia
2768 876 2979 945 quidem
3012 880 3298 939 furentium
3344 896 3397 940 et
3435 900 3615 945 mente
3679 929 3687 940 .

2028 963 2322 1023 captorum,
2355 958 2456 1011 alia
2507 975 2632 1014 vero
2681 961 2958 1020 infantium
3002 969 3351 1032 lactentium?
3385 980 3521 1038 Audi
3554 995 3614 1039 ut

2028 1042 2226 1100 fuerint
2249 1047 2358 1116 jam
2385 1050 2532 1105 olim.
2559 1051 2764 1108 Judicia
2797 1071 2925 1112 vero
2948 1060 3038 1113 tibi
3068 1064 3358 1132 proferam,
3387 1087 3491 1128 non
3515 1090 3610 1144 po-

2030 1135 2137 1202 puli
2167 1146 2391 1204 tantum,
2416 1141 2510 1196 sed
2549 1157 2734 1199 eorum
2762 1147 2848 1215 qui
2887 1151 3264 1219 sapientissimi
3297 1177 3415 1217 esse
3457 1135 3606 1224 νίάε-

2028 1226 2251 1327 bantur,
2283 1232 2479 1302 quique
2506 1235 2836 1303 legislatores
2867 1241 3097 1298 fuerunt.
3129 1248 3257 1313 Quis
3282 1253 3423 1308 enim
3463 1261 3605 1327 apud

2028 1318 2212 1389 vulgus
2241 1324 2530 1391 sapientior
2558 1327 2724 1384 videri
2753 1333 2917 1401 possit
2943 1348 3032 1401 eo,
3060 1339 3148 1407 qui
3173 1339 3364 1411 dignus
3395 1318 3606 1408 habitus

2023 1418 2123 1474 est,
2159 1421 2213 1464 ut
2237 1412 2537 1470 civitatibus
2563 1425 2616 1472 et
2648 1421 2857 1490 populis
2887 1423 3033 1495 leges
3055 1434 3314 1497 poneret?
3345 1437 3596 1496 Attamen

2023 1501 2170 1559 hisce
2218 1507 2545 1574 sapientibus
2591 1512 2839 1569 fornicari
2889 1518 3020 1574 nihil
3076 1522 3286 1580 videtur
3323 1543 3444 1584 esse
3475 1532 3602 1588 ntali

2022 1610 2120 1649 nec
2149 1597 2420 1666 punitione
2448 1600 2687 1671 dignum.
2719 1604 2872 1661 Nulla
2904 1610 3044 1664 enim
3072 1626 3289 1670 externa
3323 1616 3406 1672 lex
3436 1622 3570 1676 forni
3590 1656 3602 1663 -

2018 1694 2226 1742 calores
2255 1688 2361 1742 ulta
2410 1701 2522 1758 eSt,
2557 1709 2729 1765 neque
2773 1697 2873 1753 hac
2928 1699 2994 1756 de
3037 1718 3197 1760 causa
3235 1709 3298 1762 ad
3339 1709 3596 1779 judicium

2020 1777 2211 1842 traxit;
2239 1778 2330 1833 sed
2355 1780 2559 1836 etiamsi
2590 1785 2708 1854 quis
2739 1801 2804 1842 eo
2833 1789 3092 1858 trahatur,
3123 1797 3271 1851 tuulti
3296 1777 3519 1856 irrident
3545 1816 3599 1859 rt

2010 1867 2173 1935 judcx
2211 1869 2261 1924 id
2289 1886 2394 1924 non
2426 1874 2641 1941 patitur.
2675 1878 2807 1934 Alea
2841 1881 3024 1938 ludere
3063 1903 3248 1944 rursus
3289 1893 3430 1961 apud
3476 1896 3596 1951 illos

2013 1962 2273 2030 supplicio
2303 1963 2531 2019 liberum
2573 1978 2674 2030 est,
2715 1981 2769 2024 et
2802 1990 2957 2028 nemo
2989 1976 3089 2030 hac
3122 1980 3191 2035 de
3216 1997 3375 2038 causa
3409 2001 3589 2056 [\(Btt‘ts

2012 2053 2176 2108 dedit.
2207 2055 2460 2112 lnebriari
2487 2067 2541 2113 et
2572 2061 2878 2134 ingurgitari
2909 2069 3030 2122 cibo
3062 2087 3166 2125 non
3199 2075 3358 2130 modo
3387 2053 3592 2135 crimen

2014 2161 2116 2199 non
2142 2155 2243 2211 est,
2285 2149 2380 2203 sed
2407 2159 2552 2206 recte
2580 2151 2774 2208 factum
2816 2171 2847 2212 a
2877 2159 3058 2214 multis
3103 2171 3344 2232 putatum
3372 2167 3506 2223 fuit:
3536 2181 3593 2224 et

2013 2235 2062 2288 in
2100 2238 2268 2293 cuiuis
2303 2240 2620 2297 militaribus
2649 2245 2814 2300 multa
2853 2262 2915 2302 ea
2943 2249 3010 2304 de
3047 2267 3103 2304 re
3133 2263 3213 2308 est
3238 2259 3586 2323 concertatio,

2008 2339 2060 2383 et
2089 2332 2178 2400 qui
2209 2332 2437 2388 maxime
2467 2346 2622 2406 egent
2649 2352 2772 2391 sana
2804 2352 2980 2397 mente
3005 2353 3061 2399 et
3089 2345 3312 2403 robusto
3335 2367 3585 2422 corpore,

2008 2419 2061 2473 hi
2086 2423 2315 2478 maxime
2341 2424 2618 2481 ebrietatis
2651 2431 2916 2499 tyranttidi
2960 2448 3018 2488 se
3047 2435 3266 2504 dedunt,
3307 2449 3363 2495 et
3389 2419 3587 2514 corpus
3633 2505 3636 2508 ,

2007 2511 2359 2571 dissolventes
2387 2528 2442 2572 et
2467 2522 2698 2574 animam
2729 2523 2961 2578 tenebris
2983 2525 3355 2599 olfundcntes;
3383 2511 3587 2590 nullius-

2005 2619 2109 2674 qne
2137 2605 2404 2676 legislator
2431 2607 2533 2662 hoc
2554 2611 2735 2665 vitium
2765 2615 2990 2682 punivit.

2075 2694 2126 2750 5.
2161 2697 2295 2762 Quid
2327 2698 2424 2752 hac
2452 2699 2653 2755 insania
2688 2704 2870 2773 pejus?
2895 2707 3028 2761 Nunt
3057 2725 3184 2778 ergo
3206 2711 3390 2770 laudes
3410 2715 3585 2772 homi-

2002 2800 2148 2849 num,
2192 2787 2279 2855 qui
2321 2788 2398 2842 sic
2435 2788 2608 2846 affecti
2638 2805 2778 2857 sunt,
2833 2797 3079 2865 requiris.
3107 2812 3160 2854 et
3205 2819 3310 2856 nun
3353 2806 3580 2874 teipsum

2000 2877 2246 2934 dcfodis?
2274 2878 2329 2936 Si
2359 2881 2502 2937 enim
2531 2898 2720 2940 omnes
2749 2887 3006 2956 ejusmodi
3041 2894 3281 2950 homines
3311 2906 3361 2952 te
3398 2897 3583 2954 lauda-

1999 2980 2140 3036 rent,
2171 2986 2349 3027 annou
2377 2983 2649 3044 oporteret
2674 2980 2992 3036 erubescere
3020 2993 3074 3038 et
3106 2985 3309 3054 pudore
3347 2989 3578 3047 sulfundi

2001 3061 2372 3129 plaudentibus
2402 3064 2725 3134 hominibus,
2757 3087 2982 3140 quorum
3006 3075 3202 3144 judicia
3235 3080 3303 3134 ita
3326 3097 3578 3154 corrupta

1996 3153 2156 3206 sunt?
2187 3153 2390 3210 Rursus
2421 3156 2749 3227 blasphemia
2779 3163 3168 3233 legislatoribus
3202 3186 3306 3224 ttott
3337 3153 3578 3233 terribile

1996 3242 2265 3312 quidpiam
2286 3259 2406 3301 esse
2435 3248 2643 3303 videtur
2665 3269 2678 3305 :
2704 3267 2860 3306 nemo
2886 3255 3026 3309 enim
3054 3259 3142 3328 qui
3169 3259 3220 3314 in
3247 3261 3410 3317 Deum
3434 3265 3577 3322 blas-

1997 3332 2278 3403 pltemarit,
2322 3338 2388 3391 ad
2428 3341 2656 3396 tribunal
2694 3354 2932 3414 raptatus
2977 3345 3075 3402 fuit
3117 3360 3170 3404 et
3198 3366 3381 3420 pinnas
3405 3355 3572 3418 dedit.

1995 3428 2097 3483 Sed
2126 3429 2170 3484 si
2197 3431 2317 3502 quis
2345 3443 2547 3490 vestem
2587 3436 2810 3506 foretur,
2838 3451 2930 3494 aut
2976 3459 3282 3500 crumenam
3320 3447 3572 3517 disseret,

1995 3532 2049 3576 et
2073 3523 2237 3578 latera
2287 3525 2382 3596 ipsi
2423 3527 2724 3583 lacerantur
2752 3541 2805 3586 et
2845 3547 2986 3602 smpe
3027 3547 3197 3592 morte
3241 3541 3570 3599 mulctatur':

1993 3616 2082 3686 qui
2107 3627 2284 3672 autent
2315 3619 2366 3673 in
2395 3620 2558 3676 Deum
2589 3623 2956 3693 blaspltemat,
2991 3645 3095 3683 non
3126 3645 3410 3689 accusatur
3433 3639 3572 3706 apud

1993 3716 2242 3764 externos
2269 3710 2620 3780 legislatores.
2653 3715 2720 3770 Et
2759 3720 2801 3770 si
2832 3720 2952 3788 quis
2982 3736 3200 3776 uxorein
3227 3723 3448 3791 habens,
3477 3745 3572 3783 au-

1993 3801 2168 3854 cillam
2202 3803 2370 3870 vitiet,
2417 3805 2465 3858 id
2509 3807 2640 3861 nihil
2691 3810 2828 3879 apud
2857 3822 3104 3869 externas
3152 3816 3294 3886 logos
3335 3828 3392 3874 et
3431 3825 3570 3893 apud

1994 3896 2188 3947 multos
2217 3908 2335 3948 esse
2361 3897 2588 3950 videtur.

2063 3982 2396 4037 Theatrorum
2438 3986 2987 4056 ratioJlippodromu:
3033 4006 3079 4048 et
3120 4015 3306 4068 pugnw
3345 4003 3568 4070 [eraruttt

1991 4075 2182 4142 quales.
2213 4105 2284 4114 -—-
2314 4075 2406 4130 Vis
2429 4077 2532 4130 alia
2559 4095 2767 4148 quoque
2798 4082 2982 4137 audire
3009 4101 3125 4153 qua:
3154 4088 3388 4158 ipsorum
3430 4094 3570 4148 insa-

1994 4165 2133 4218 niam
2165 4165 2485 4221 ostendant?
2510 4183 2630 4222 nam
2675 4170 2789 4225 ltazc
2815 4173 3028 4240 quidem
3065 4193 3169 4230 non
3200 4183 3446 4252 puniunt,
3474 4188 3566 4240 sed

1992 4255 2124 4310 alias
2152 4256 2292 4326 leges
2322 4267 2581 4312 statuunt.
2609 4262 2914 4327 Quasnam?
2937 4263 3163 4321 Theatra
3189 4270 3468 4339 colligunt,
3502 4276 3567 4328 it-
3618 4335 3620 4340 _

1993 4343 2150 4414 loque
2194 4348 2532 4403 meretricum
2578 4351 2770 4406 choros
2800 4343 3097 4421 inducunt,
3136 4368 3190 4412 et
3231 4376 3422 4428 pueros
3450 4379 3568 4418 eor-

1993 4447 2196 4506 ruptos,
2243 4439 2329 4507 qui
2378 4449 2619 4496 naturam
2661 4447 2980 4500 contumelia
3023 4449 3282 4516 afficiunt,
3316 4458 3564 4524 pupulum

1995 4537 2160 4582 totum
2191 4530 2241 4582 iu
2273 4534 2546 4600 superiore
2574 4536 2691 4589 loco
2721 4537 2909 4592 sedere
2933 4538 3159 4607 jubent;
3191 4545 3270 4600 sic
3295 4547 3565 4604 civitatem

1993 4631 2315 4687 recreantcs,
2343 4624 2422 4679 sic
2447 4641 2666 4695 magnos
2691 4628 2809 4682 illos
2836 4645 3008 4700 rcges,
3037 4648 3170 4702 quos
3193 4652 3406 4708 semper
3427 4644 3567 4698 rele-

1994 4713 2148 4769 brant
2171 4715 2241 4770 ob
2270 4725 2465 4786 tropaea
2505 4727 2661 4788 atque
2697 4721 2966 4789 victorias,
2997 4739 3337 4785 coronantes.
3370 4731 3565 4789 Verum

1993 4805 2118 4874 quid
2141 4815 2220 4861 est
2245 4807 2345 4863 hoc
2374 4808 2574 4864 honore
2602 4810 2884 4879 frigidius?
2905 4816 3029 4884 quid
3058 4817 3158 4872 hac
3179 4821 3450 4890 voluptate
3481 4827 3558 4878 in-

1991 4895 2228 4965 gratius?
2245 4913 2309 4952 cx
2329 4897 2478 4954 hisne
2494 4905 2686 4970 quatris
2710 4915 2978 4971 gestorum
3001 4916 3206 4962 tuorunt
3231 4912 3569 4971 laudatores?

1993 4995 2046 5040 et
2074 4982 2194 5041 cuni
2224 4990 2581 5053 saltatoribus,
2635 4993 2905 5059 mollibus,
2953 4997 3130 5052 mimis
3169 5017 3231 5056 ac
3274 5010 3566 5065 meretrici-

1995 5078 2111 5143 bus,
2158 5081 2271 5146 vis,
2321 5097 2503 5149 qua-so
2546 5090 2632 5147 te,
2675 5085 2830 5140 laude
2873 5089 3011 5143 frui?
3061 5102 3115 5145 et
3155 5098 3423 5162 quomodo
3467 5119 3572 5158 non

1995 5167 2191 5223 fuerint
2219 5173 2332 5225 lucc
2359 5183 2611 5227 ext'retnre
2645 5175 2970 5234 dementiae?
3001 5181 3248 5240 Libenter
3275 5190 3418 5245 enim
3451 5193 3573 5247 illos

1997 5263 2378 5332 interrogarent
2403 5280 2421 5317 :
2450 5264 2794 5336 ludignumue
2812 5281 2895 5325 est
2917 5286 3115 5328 natura:
3143 5276 3288 5348 leges
3307 5292 3570 5346 evertere,

1997 5369 2049 5412 et
2080 5357 2309 5411 nefarios
2357 5358 2608 5415 inducere
2653 5363 2859 5417 coitus?
2910 5366 3138 5422 Omnino
3177 5369 3358 5425 dicent
3384 5389 3574 5429 omnes

1996 5465 2108 5505 rem
2139 5441 2257 5505 esse
2286 5450 2552 5520 indignam
2578 5470 2592 5516 ;
2625 5453 2873 5508 videntur
2902 5459 3042 5511 enim
3073 5460 3174 5514 hoc
3199 5461 3388 5528 punire
3418 5462 3573 5534 ﬂagi-

1997 5539 2148 5594 tium.
2174 5537 2279 5594 Cnr
2307 5556 2436 5611 ergo
2455 5542 2689 5598 cinaedos
2710 5544 2830 5598 illos
2852 5544 3079 5614 inducis,
3111 5564 3209 5604 nec
3229 5551 3575 5619 modo‘indu-

1998 5631 2098 5697 cis,
2131 5630 2223 5686 sed
2255 5633 2414 5687 etiam
2457 5633 2751 5690 innumeris
2775 5645 2830 5691 et
2872 5636 3228 5697 incﬂabilibus
3255 5643 3426 5703 donas
3458 5665 3574 5707 mu-

1999 5725 2263 5781 neribus?
2294 5724 2426 5782 Cum
2455 5726 2579 5782 alibi
2606 5742 2700 5784 eos
2727 5727 2816 5798 qui
2846 5727 2969 5784 talia
3011 5730 3212 5788 audent
3245 5737 3454 5808 punias,
3491 5741 3575 5797 hic

3151 5841 3190 5899 7
