4086 6214
409 308 510 375 163

406 447 554 503 quasi
572 441 884 485 communes
899 426 1127 482 civitatis
1143 424 1413 481 beneﬁcos
1434 421 1716 492 insumptis
1733 419 1988 489 pecuniis.

410 522 623 593 publico
649 531 864 589 sumptu
891 517 1039 587 ipsos
1067 515 1187 570 alis.
1213 516 1303 581 At,
1333 513 1564 583 inquies,
1593 510 1820 566 infames
1844 517 1987 562 sunt.

409 615 514 667 Cur
536 625 664 682 ergo
695 610 817 665 illos
847 606 1115 663 instituis?
1139 621 1236 661 cur
1279 620 1375 674 per
1404 603 1631 660 infantes
1675 602 1797 657 illos
1841 613 1993 669 reges

410 704 683 760 bonoras?
708 718 804 758 cur
832 699 1076 755 civitates
1099 696 1332 753 enecas‘!
1358 712 1454 751 cur
1481 696 1533 749 in
1569 694 1690 749 illos
1722 701 1865 747 tanta
1895 692 1995 746 im-

411 797 597 866 pendis
617 797 641 848 ?
662 809 781 848 nam
805 792 847 847 si
880 789 1105 844 infames
1126 786 1272 856 sunt,
1291 784 1485 857 expelli
1501 785 1717 841 debent.
1736 783 1843 838 (lur
1861 799 1994 853 ergo

411 890 534 945 illos
582 887 805 944 infames
840 883 1146 939 fecisti‘ian
1180 890 1239 937 ut
1271 879 1515 942 laudans,
1556 892 1624 931 an
1683 886 1742 930 ut
1791 874 1991 928 conde-

410 978 705 1035 muansmt
721 975 1084 1035 condemnans
1106 971 1526 1043 utique.Ergone
1546 978 1606 1024 ut
1630 967 1994 1023 condemnans

411 1071 638 1125 infames
666 1067 815 1130 facis,
839 1074 893 1121 et
921 1074 978 1119 ut
1002 1061 1343 1117 honorabiles
1362 1060 1484 1114 illos
1500 1059 1711 1113 visurus
1732 1055 1989 1119 aceurris,

411 1146 645 1225 miraris,
675 1157 878 1223 laudas,
907 1153 1229 1224 applaudis?
1268 1151 1404 1220 Quid
1433 1165 1568 1221 opus
1597 1159 1679 1205 est
1709 1149 1891 1204 dicere
1926 1147 1994 1201 de

413 1250 656 1315 fallaciis,
689 1264 809 1319 qua:
846 1249 896 1300 in
945 1244 1310 1315 bippodrnmis
1343 1252 1399 1297 et
1444 1242 1496 1296 itt
1532 1240 1722 1312 pugnis
1763 1239 1993 1294 ferarum

411 1339 805 1395 admittuntur?
830 1337 954 1392 Haec
993 1337 1190 1407 quippe
1226 1335 1370 1389 omni
1414 1343 1634 1403 stupore
1661 1340 1786 1387 sunt
1812 1331 1990 1402 plena,

412 1434 712 1501 doceatque
764 1428 977 1485 assidue
1023 1428 1277 1498 populum
1333 1439 1455 1480 esse
1494 1422 1991 1486 imntisericordetn,

412 1540 612 1579 smvnm
643 1532 698 1577 et
733 1521 1104 1584 inhumanum,
1133 1529 1457 1587 exercetque
1482 1515 1549 1571 ad
1575 1516 1863 1572 videndum
1892 1512 1994 1569 ho-

413 1618 585 1673 mines
633 1617 949 1686 discerptus,
991 1613 1304 1684 sanguinem
1357 1612 1604 1677 effusum,
1658 1620 1708 1666 et
1762 1608 1993 1665 ferarum

414 1707 795 1761 immanitatem
839 1707 1016 1760 omnia
1059 1703 1499 1760 confttndentem.
1550 1702 1621 1757 Et
1669 1701 1769 1756 hos
1806 1714 1995 1755 omnes

413 1798 632 1853 morbos
656 1796 922 1866 Sapientes
949 1796 1023 1851 illi
1044 1794 1376 1865 legislatures
1395 1793 1461 1848 ab
1486 1794 1636 1847 initio
1653 1792 1995 1860 induxerunt,

416 1890 786 1960 plaudentibus
807 1903 869 1942 ac
896 1886 1208 1941 mirantibus
1237 1884 1563 1941 civitatibus.
1584 1882 1710 1946 Sed.
1730 1885 1774 1938 si
1803 1883 1994 1951 placet,

415 1985 499 2038 bis
526 1983 741 2037 omissis
771 1997 889 2049 qua:
933 1988 1141 2050 aperte,
1169 1987 1229 2033 ut
1271 1980 1321 2032 in
1358 1976 1608 2033 confesso
1633 1987 1737 2040 est,
1767 1977 1995 2031 absurda

413 2082 560 2136 sunt,
590 2073 715 2127 licet
743 2072 821 2125 sic
851 2085 957 2126 non
999 2071 1171 2125 visum
1214 2068 1282 2123 sit
1309 2068 1546 2123 eXIcrnis
1584 2067 1993 2137 legislatoribus,

415 2166 483 2221 ad
531 2164 841 2221 honoranda
876 2172 1140 2235 princepta
1182 2160 1481 2225 veniamus,
1527 2170 1581 2215 ct
1610 2160 1811 2214 videbis
1838 2160 1995 2215 etiam

409 2260 507 2313 illa
542 2274 608 2313 ex
662 2257 950 2311 multorum
982 2254 1233 2323 opinione
1281 2259 1534 2323 corrupta
1575 2252 1756 2306 fuisse.
1786 2250 1998 2305 Comu-

416 2352 560 2406 bium
606 2351 747 2405 enim
789 2364 878 2404 res
919 2347 1247 2403 honorabilis
1287 2360 1407 2401 esse
1437 2344 1645 2400 videtur
1676 2352 1732 2399 et
1757 2344 1914 2398 nobis
1947 2353 2001 2398 et

417 2442 653 2498 externis
683 2461 695 2495 :
727 2452 779 2497 et
806 2448 887 2496 est
914 2455 1038 2494 vere
1060 2438 1411 2502 honorabile;
1442 2434 1535 2492 sed
1559 2436 1612 2491 in
1643 2433 2000 2490 celebratione

418 2535 722 2606 nuptiarum
747 2575 763 2597 ,
797 2542 875 2587 tot
902 2531 1140 2587 ridicula:
1166 2545 1252 2585 res
1280 2528 1546 2595 accidunt,
1570 2538 1699 2599 quot
1726 2537 1848 2597 post
1887 2526 2002 2581 htec

416 2625 647 2682 audituri
676 2626 825 2678 estis.
870 2622 1001 2678 Nam
1047 2637 1114 2677 ex
1151 2619 1538 2677 consuetudine
1578 2619 1727 2674 multi
1757 2616 1998 2688 occupati

417 2737 482 2775 ac
508 2718 738 2788 decepti,
767 2733 947 2771 earnm
970 2714 1350 2770 absurditatem
1371 2729 1475 2767 nott
1498 2720 1708 2777 norunt,
1726 2710 1817 2766 sed
1840 2722 1996 2781 egent

418 2810 537 2865 aliis
564 2809 652 2878 qui
683 2809 802 2862 illos
831 2807 1078 2862 doceant.
1114 2805 1326 2861 Etenim
1372 2803 1604 2869 chorear,
1635 2803 1897 2873 cymbala,
1931 2801 1998 2855 ti-

418 2902 543 2968 biat,
570 2899 731 2954 verba
759 2900 1071 2969 eanticaqne
1113 2899 1307 2966 turpia,
1343 2895 1689 2958 teutulentite,
1726 2908 1999 2949 comessa-

419 2995 614 3057 tiones,
649 2993 921 3061 multaque
951 2990 1146 3045 diaboli
1175 2987 1433 3044 colluvies
1468 2997 1595 3042 tunc
1624 2986 1908 3042 inducitur.
1937 2986 1996 3041 Et

420 3085 534 3141 seio
565 3083 777 3156 quidetn
822 3094 906 3138 me
947 3080 1230 3136 ridiculum
1278 3078 1467 3141 videri,
1510 3078 1654 3148 quod
1683 3080 1798 3133 lucc
1822 3092 1989 3147 repre-

421 3176 675 3240 hendam,
718 3185 774 3232 ct
801 3174 957 3244 vulgo
1000 3172 1251 3228 stolidum
1292 3169 1608 3235 existimari,
1658 3171 1749 3240 qui
1792 3181 2002 3224 vetet-cs

422 3273 567 3341 leges
595 3280 986 3326 transmoveam
1014 3284 1027 3320 :
1057 3282 1202 3330 nam,
1245 3276 1299 3319 ttt
1326 3280 1485 3334 supra
1509 3264 1640 3331 dixi,
1679 3280 1743 3319 ex
1771 3277 2000 3319 consue-

422 3364 607 3420 tudine
634 3378 818 3432 magna
850 3360 1094 3429 deceptio
1123 3358 1323 3429 paritur
1352 3373 1365 3410 :
1392 3367 1626 3411 attamen
1657 3358 1770 3411 haec
1789 3355 1998 3410 dicendi

424 3459 583 3512 linem
612 3472 714 3509 non
746 3455 957 3509 faciam.
1006 3452 1255 3508 Fortas<e
1292 3450 1452 3515 enim,
1487 3449 1733 3515 fortasse,
1765 3449 1864 3504 etsi
1895 3464 2000 3503 non

421 3562 629 3612 omnes,
659 3544 812 3616 pauci
842 3554 1020 3601 tamen
1065 3558 1162 3598 nos
1190 3542 1486 3612 excipient,
1514 3549 1570 3596 et
1598 3541 1796 3596 malent
1823 3539 2004 3595 nobis-

420 3654 544 3694 cnm
569 3637 823 3702 derideri,
855 3650 1014 3706 quam
1043 3649 1164 3690 cum
1194 3633 1300 3689 illis
1325 3647 1421 3687 nos
1438 3632 1713 3703 deridere,
1731 3631 1841 3687 risu
1858 3641 2005 3687 certe

424 3730 675 3803 lacrymis
718 3727 881 3799 digno
928 3726 1243 3796 magnisque
1290 3724 1462 3795 poenis
1502 3733 1664 3793 atque
1705 3723 2001 3793 suppliciis.

422 3822 702 3893 Quomodo
743 3822 885 3876 enim
930 3833 1038 3873 non
1084 3817 1245 3873 fuerit
1275 3826 1511 3872 extrema
1551 3815 1893 3870 damnatione
1920 3814 2004 3870 di-

421 3931 604 3986 gnum,
651 3913 910 3982 virginem
954 3926 1073 3981 quae
1120 3916 1381 3980 perpetuo
1422 3909 1630 3965 vixerat
1662 3907 1714 3962 in
1747 3907 2000 3972 thalamo,

421 4024 647 4083 qna-que
674 4023 700 4060 a
733 4005 900 4077 prima
943 4010 1102 4059 :ctate
1132 4000 1508 4057 verecundiam
1540 3999 1820 4061 didicerat,
1850 3998 2007 4054 dere-

423 4111 582 4171 pente
611 4097 726 4170 cogi
758 4096 824 4152 ad
865 4094 1240 4167 deponendum
1271 4092 1552 4164 pudorem,
1597 4099 1677 4156 et,
1700 4091 2003 4161 nuptiarum

422 4189 576 4247 initio
603 4186 983 4257 impudentiam
1013 4184 1216 4249 doceri,
1245 4192 1295 4238 et
1328 4199 1357 4238 a
1387 4181 1596 4237 lascivis
1618 4180 2006 4251 petulantibus-

421 4297 527 4353 qne
558 4279 708 4347 viris,
732 4276 1141 4334 fornicatoribus
1172 4285 1226 4330 et
1256 4267 1503 4330 mollibus
1533 4273 1583 4328 in
1616 4273 1847 4330 mediunt
1878 4289 2005 4344 pro-

422 4371 581 4427 duci?
611 4369 752 4442 quod
781 4369 925 4426 enim
958 4368 1156 4422 malum
1187 4367 1237 4421 in
1268 4381 1401 4421 nova
1431 4380 1627 4436 sponsa
1658 4381 1765 4420 non
1797 4366 2006 4422 insete-

423 4472 510 4515 tur
535 4460 602 4515 ab
630 4460 717 4513 illo
744 4457 1244 4529 dieilmpttdentia,
1271 4456 1585 4526 petulantia,
1606 4457 2004 4527 inverecundia,

422 4564 575 4609 Vana:
615 4549 798 4618 gloriae
839 4563 994 4602 amor
1029 4566 1044 4601 :
1081 4548 1224 4602 volet
1266 4549 1408 4602 enint
1444 4547 1559 4601 dies
1583 4561 1771 4604 omnes
1811 4549 2008 4605 habere

424 4636 508 4692 his
533 4636 755 4692 similes.
772 4635 906 4691 Hinc
926 4636 1176 4691 mulieres
1194 4635 1423 4705 profusa!
1440 4646 1494 4691 et
1510 4646 1833 4706 sumptuostc
1854 4641 2004 4707 fiunt,

424 4729 551 4786 hinc
598 4725 957 4798 impudentes,
1007 4726 1131 4782 hinc
1175 4727 1303 4795 ipsis
1332 4728 1467 4782 mala
1500 4727 1797 4784 innumera.
1827 4730 2009 4802 Neque

424 4820 553 4875 mihi
574 4819 722 4876 dicas
740 4817 1205 4873 consuetudinem.
1234 4815 1364 4871 Nam
1396 4819 1440 4872 si
1473 4818 1669 4872 malum
1696 4830 1799 4888 est,
1827 4838 1895 4878 ne
1922 4838 2011 4879 se-

423 4912 526 4965 mel
555 4909 768 4978 quidem
804 4906 927 4973 ﬁat;
971 4908 1015 4964 si
1064 4906 1285 4969 bonum,
1328 4923 1543 4977 semper
1575 4906 1687 4965 fiat.
1733 4910 1827 4967 Dic
1864 4914 2005 4968 enim

422 5000 577 5066 mihi,
607 4999 887 5056 foruicatio
909 5015 1085 5056 nonne
1108 5000 1242 5055 mala
1273 5009 1356 5056 est
1374 5002 1396 5055 ?
1416 5017 1482 5056 an
1510 5016 1637 5070 ergo
1653 5004 2010 5062 coneedemus

422 5093 565 5148 illam
595 5091 679 5147 vel
713 5091 888 5148 semel
917 5092 1199 5146 exerceri?
1224 5091 1591 5164 Nequaquam.
1622 5093 1844 5161 Quare?
1874 5096 2007 5164 Quia

421 5184 635 5241 etiamsi
663 5184 830 5240 semel
861 5192 1063 5238 tantum
1095 5181 1203 5243 fiat,
1254 5185 1387 5236 mala
1418 5194 1594 5241 tamen
1625 5195 1727 5243 est.
1758 5187 1940 5259 Itaque
1962 5189 2008 5244 si

426 5291 618 5331 novam
647 5291 898 5347 Sponsam
937 5273 1015 5329 sic
1058 5272 1315 5328 oblectari
1358 5277 1552 5330 malum
1581 5288 1695 5344 est,
1737 5295 1805 5336 ne
1841 5281 2010 5337 semel

427 5370 642 5441 quidem
672 5370 796 5436 flat;
830 5369 874 5423 si
903 5366 1099 5422 bonum
1126 5374 1229 5430 est,
1259 5379 1473 5439 semper
1494 5367 1605 5422 fiat.
1655 5432 1660 5439 ι

499 5462 554 5514 6.
595 5461 909 5533 Nuptiarum
944 5459 1072 5513 ritus
1115 5455 1410 5512 describitur
1437 5466 1483 5511 et
1507 5457 2011 5530 damnatum—Quid

429 5549 608 5618 igitur.
639 5564 823 5620 quzeso
849 5559 930 5615 te,
963 5550 1191 5621 inquies,
1220 5549 1501 5617 nuptiaSne
1532 5548 1786 5605 incusas?
1812 5553 1964 5607 Absit
1992 5569 2006 5607 :

433 5656 538 5700 non
569 5643 637 5695 ita
666 5643 906 5705 insanio,
930 5634 1027 5696 sed
1056 5657 1117 5697 ea
1145 5659 1263 5712 qua:
1300 5642 1353 5695 in
1386 5641 1594 5711 nuptias
1625 5642 1843 5700 advecta
1865 5654 2007 5709 sunt,

434 5733 693 5804 pigmenta
715 5775 729 5800 ,
764 5733 1016 5787 fueunth
1053 5732 1318 5802 superﬂua
1363 5733 1463 5787 alia
1503 5733 1739 5804 ejusdem
1773 5736 2004 5806 generis.

1107 311 1163 367 S.
1202 308 1479 366 JO.\NNlS
1516 302 1987 363 Cill'tYSOSTOMI
2027 302 2347 364 AltClllEP.
2387 306 2913 366 CONSTANTINOP.

3577 315 3681 375 {0-5

2100 419 2231 475 Nam
2275 423 2352 478 sic
2395 426 2593 482 multos
2635 427 2702 482 ab
2740 427 2833 482 illo
2862 427 2950 482 die
2973 427 3206 484 attrahet
3247 438 3554 499 amatores,
3587 448 3685 487 an-

2101 520 2312 584 tequam
2342 531 2462 571 cum
2512 531 2710 588 sponso
2737 528 2909 575 coeat.
2939 517 3044 574 Sed
3076 520 3228 574 ntulti
3269 521 3513 577 mulieris
3552 538 3682 592 spe-

2100 604 2234 658 cient
2258 607 2611 664 mirabuntur.
2640 610 2705 665 Et
2724 610 2848 680 quid
2874 612 3024 665 tum?
3047 611 3269 667 Etiamsi
3297 624 3443 669 casui
3483 614 3682 683 fuerit,

2099 696 2185 750 vix
2228 697 2443 769 effugiet
2471 701 2661 756 malam
2706 703 3107 773 suspicionem;
3148 705 3232 760 sin
3261 707 3537 777 negligens
3566 709 3684 765 fue-

2098 788 2200 851 rit.
2227 790 2333 844 cito
2356 794 2626 861 capietur,
2654 805 2873 865 accepta
2910 795 2977 850 ab
3004 796 3095 850 illo
3122 795 3212 852 die
3243 797 3479 853 libidinis
3518 816 3681 856 occa-

2098 882 2269 933 sione.
2311 882 2555 936 Attamen
2593 899 2711 938 cum
2756 894 2898 939 tanta
2938 885 3063 942 hinc
3124 888 3261 943 mala
3306 890 3579 957 oriantur,
3630 895 3682 950 si

2098 969 2311 1037 quando
2348 971 2429 1026 bis
2448 970 2804 1041 abstineatur,
2821 977 3202 1033 contumeliam
3242 995 3356 1035 rem
3388 981 3540 1038 istam
3579 1000 3685 1037 vo.

2098 1070 2220 1115 cant
2248 1063 2352 1129 illi,
2384 1065 2472 1134 qui
2504 1065 2783 1133 pecoribus
2824 1082 2930 1121 non
2960 1070 3210 1125 meliores
3238 1081 3398 1138 sunt,
3439 1083 3493 1127 et
3533 1074 3678 1130 iudi-

2099 1138 2252 1222 gnam
2285 1170 2396 1208 rent
2448 1165 2664 1224 putant,
2694 1158 2737 1211 si
2767 1158 2959 1213 mulier
2999 1160 3087 1214 illa
3114 1162 3294 1216 multis
3324 1176 3428 1218 non
3476 1166 3681 1235 produ-

2098 1254 2249 1298 catur
2277 1259 2448 1315 neque
2474 1262 2757 1303 commune
2778 1248 3040 1306 theatrum
3066 1254 3429 1321 spectantibus
3452 1267 3677 1327 prostet.

2099 1327 2256 1403 Atqui
2295 1338 2530 1404 Oportuit
2576 1340 2882 1395 existimare
2928 1383 2947 1411 ,
3019 1346 3108 1403 illa
3157 1357 3413 1403 consueta
3467 1359 3676 1405 contu-

2099 1426 2346 1491 meliam,
2403 1431 2566 1483 risum
2613 1439 2668 1484 et
2716 1433 3031 1488 comoediam
3086 1432 3302 1490 inferre.
3349 1436 3482 1492 Nam
3534 1455 3680 1495 nunc

2099 1530 2310 1586 quoque
2335 1518 2446 1572 scio
2475 1518 2588 1574 fore
2613 1529 2669 1575 ut
2697 1521 2847 1575 multi
2872 1538 2968 1577 nos
2991 1532 3049 1578 ut
3068 1525 3259 1580 stultos
3278 1535 3329 1582 et
3354 1528 3462 1582 risu
3487 1527 3681 1600 dignos

2101 1609 2405 1678 improbent
2451 1628 2465 1665 :
2504 1611 2598 1666 sed
2650 1611 2861 1668 irrideri
2910 1615 3118 1684 patiar,
3148 1614 3276 1670 dum
3326 1619 3450 1675 hinc
3479 1622 3679 1692 aliquid

2100 1699 2230 1754 lucri
2282 1701 2561 1756 referatur.
2618 1704 2826 1759 Etenim
2898 1706 3151 1762 ridiculus
3192 1724 3403 1779 essem,
3451 1714 3496 1768 si
3550 1714 3683 1770 dum

2100 1788 2287 1845 hortor
2328 1803 2382 1846 ut
2414 1793 2552 1863 vulgi
2592 1793 2765 1865 gloria
2819 1796 3181 1868 despiciatnr,
3208 1802 3320 1871 ipse
3361 1812 3490 1859 ante
3542 1806 3684 1861 alios

2102 1881 2204 1937 hoc
2260 1884 2448 1939 morbo
2488 1900 2728 1954 caperer.
2775 1887 2907 1943 Vide
2954 1906 3073 1960 quae
3113 1891 3236 1947 hinc
3289 1893 3542 1966 deinceps
3588 1913 3681 1953 se-

2100 1985 2332 2042 quantur
2374 1992 2524 2031 :non
2556 1979 2728 2033 solum
2779 1979 3051 2047 interdiu,
3096 1984 3191 2039 sed
3241 1987 3403 2041 etiam
3450 2002 3682 2060 veSpere

2102 2066 2244 2120 viros
2269 2067 2448 2123 ebrios
2470 2079 2523 2124 et
2564 2070 2771 2128 deliciis
2799 2073 3045 2130 incensos
3065 2119 3080 2141 ,
3108 2077 3197 2148 qui
3224 2079 3287 2132 ad
3320 2078 3543 2135 formam
3567 2085 3682 2138 vir-

2101 2158 2239 2227 ginei
2286 2161 2459 2215 vultus
2505 2164 2935 2232 conspiciendam
2988 2181 3110 2222 sese
3157 2181 3438 2238 apparant.
3495 2174 3684 2244 Neque

2102 2250 2245 2305 domi
2278 2261 2478 2307 tantum
2503 2296 2517 2319 ,
2546 2255 2639 2309 sed
2667 2255 2824 2311 etiam
2857 2273 2952 2326 per
2977 2257 3151 2315 forum
3176 2262 3241 2315 ad
3269 2265 3681 2322 Ostentationem

2103 2341 2388 2410 incedunt,
2418 2361 2538 2401 cum
2571 2349 2801 2403 luerrnis
2827 2350 2971 2406 illam
3004 2368 3215 2409 summo
3239 2371 3461 2426 vespere
3496 2360 3683 2415 tradu-

2103 2443 2318 2501 centes,
2350 2444 2408 2491 ut
2450 2452 2478 2491 a
2519 2440 2725 2494 cunctis
2762 2442 3154 2511 conspiciatur,
3196 2446 3326 2501 nihil
3366 2449 3509 2503 aliud
3552 2449 3682 2508 hinc

2102 2522 2422 2590 suadentes,
2454 2541 2611 2592 quam
2645 2537 2703 2583 ut
2738 2544 2949 2586 omnem
2996 2533 3084 2587 illa
3132 2535 3388 2605 pudorem
3424 2538 3683 2612 deinceps

2104 2624 2282 2683 ponat.
2329 2615 2510 2686 Neque
2538 2618 2625 2675 hic
2645 2620 2866 2691 gradum
2897 2623 3123 2690 sistunt,
3158 2626 3250 2683 sed
3290 2644 3410 2684 cum
3442 2633 3684 2702 turpibus

2103 2706 2280 2761 verbis
2311 2706 2451 2762 illam
2479 2708 2676 2766 ducunt
2706 2730 2719 2764 :
2745 2722 2799 2769 et
2824 2713 2927 2769 hoc
2951 2732 3164 2787 quoque
3195 2719 3244 2773 in
3279 2720 3449 2793 legem
3474 2727 3685 2783 transiit

2103 2801 2241 2867 apud
2271 2800 2483 2855 multos.
2515 2801 2582 2857 Et
2610 2803 2844 2874 fugitivi,
2877 2809 3202 2865 verberones
3230 2812 3530 2885 innumeri,
3561 2835 3684 2889 per-

2105 2890 2290 2944 niciosi
2337 2892 2581 2950 homines
2603 2912 2723 2952 cum
2757 2899 2965 2954 licentia
2992 2902 3210 2958 demum
3237 2908 3411 2962 omnia
3438 2927 3531 2978 pro
3560 2912 3685 2968 libi-

2104 2979 2230 3036 diue
2256 2983 2550 3053 proferunt,
2574 2988 2686 3043 sive
2716 2990 2767 3043 in
2791 2990 2929 3044 illam
2958 2992 3075 3048 sive
3100 2994 3151 3048 in
3179 3010 3431 3065 sponsum
3454 3018 3572 3057 cum
3596 3004 3684 3059 illa

2107 3072 2498 3142 habitatorum;
2542 3086 2596 3132 rt
2641 3080 2771 3134 nihil
2803 3082 3088 3138 honestum
3112 3126 3126 3151 ,
3158 3086 3251 3141 sed
3286 3092 3456 3160 turpia
3505 3097 3683 3151 omnia

2106 3177 2157 3220 et
2201 3168 2549 3224 obscoenitate
2590 3172 2766 3241 plena.
2798 3174 2988 3228 Annon
3020 3178 3236 3247 probam
3266 3185 3525 3240 castitatis
3553 3186 3685 3243 doc-

2108 3256 2297 3312 trinam
2328 3260 2582 3331 percipiet
2607 3278 2825 3333 spoasa,
2860 3265 2986 3320 talia
3019 3267 3226 3335 videns,
3262 3272 3384 3325 talia
3417 3275 3639 3332 audiens
3659 3279 3687 3332 ἲ

2107 3347 2171 3402 Et
2200 3360 2471 3405 certamen
2510 3352 2773 3422 quoddam
2806 3365 2888 3409 est
2912 3357 3229 3414 diabolicnm
3258 3363 3394 3418 inter
3425 3380 3549 3432 eos,
3593 3370 3684 3438 qui

2105 3439 2170 3494 ad
2200 3440 2320 3494 talia
2342 3442 2713 3513 cohortantur,
2747 3456 2804 3501 ut
2827 3448 2917 3502 alii
2945 3448 3081 3505 alios
3110 3465 3364 3523 superent
3385 3460 3689 3527 opprobriis

2105 3542 2160 3588 et
2181 3535 2401 3606 impuris
2430 3535 2618 3603 dictis,
2642 3539 2796 3609 queis
2822 3553 3112 3612 praesentes
3143 3545 3430 3618 deturpant
3455 3566 3469 3602 :
3501 3550 3689 3622 illique

2108 3627 2338 3683 victores
2369 3628 2670 3698 discedunt,
2712 3635 2800 3704 qui
2833 3637 3025 3706 probra
3057 3647 3111 3694 et
3138 3641 3305 3710 magis
3333 3643 3508 3715 turpia
3546 3646 3689 3702 dicta

2107 3720 2404 3790 proiecere.
2448 3722 2583 3778 Novi
2612 3725 2827 3796 quidem
2872 3743 2958 3783 me
2987 3730 3291 3801 molestum,
3322 3748 3611 3792 onerosum
3633 3749 3690 3793 et

2108 3810 2470 3880 importunum
2493 3830 2633 3883 esse,
2657 3819 2747 3888 qui
2774 3819 2897 3875 vitae
2932 3821 3255 3892 voluptatem
3285 3829 3567 3898 quamdam
3593 3831 3691 3886 ab-

2108 3903 2371 3962 scindam.
2403 3904 2527 3962 Ideo
2554 3907 2740 3971 doleo,
2773 3910 2914 3979 quod
2942 3926 3028 3966 res
3055 3921 3162 3967 tam
3196 3914 3417 3986 ingrata:
3444 3921 3690 3989 voluptas

2109 4008 2228 4049 esse
2256 4003 2528 4066 putentur.
2558 3998 2838 4065 Quomodo
2862 4042 2877 4065 ,
2900 4016 3085 4070 quazso
3105 4043 3119 4067 ,
3148 4019 3255 4059 non
3281 4008 3540 4076 ingratum
3573 4012 3690 4066 fuc-

2110 4086 2198 4154 rit,
2226 4090 2562 4148 contumeliis
2588 4099 2642 4147 et
2685 4093 2891 4162 probris
2916 4094 3077 4162 affici,
3106 4105 3160 4153 et
3186 4097 3254 4154 ab
3291 4101 3538 4156 omnibus
3561 4120 3682 4155 ('Itttl

2110 4193 2304 4250 sponsa
2330 4181 2593 4238 dedecore
2630 4192 2684 4238 et
2709 4183 2995 4255 ignominia
3027 4187 3243 4243 notari?
3269 4190 3331 4243 Et
3355 4189 3399 4243 si
3427 4191 3688 4262 quispim

2111 4286 2178 4327 ex
2226 4271 2341 4327 foro
2383 4273 2592 4343 conjngi
2626 4283 2728 4329 tua:
2772 4276 3142 4342 maledixerit,
3183 4279 3457 4335 innumera
3501 4297 3689 4336 mores

2111 4362 2360 4432 negotia,
2409 4371 2462 4418 et
2499 4378 2603 4417 non
2649 4363 2863 4420 vitalem
2909 4382 3029 4422 esse
3077 4367 3235 4423 vitam
3274 4368 3579 4434 existimas;
3631 4381 3688 4426 et

2111 4453 2326 4508 civitate
2354 4462 2461 4508 tota
2495 4464 2757 4522 praesente
2794 4457 2921 4512 dum
2963 4461 3189 4531 turpiter
3212 4459 3325 4532 agis
3346 4475 3468 4516 cum
3511 4461 3687 4518 futura

2111 4542 2337 4612 conjuge
2357 4582 2373 4605 ,
2404 4543 2603 4612 gaudes
2629 4554 2684 4599 et
2711 4554 2765 4601 te
2792 4552 3071 4604 ostentas?
3094 4559 3147 4605 et
3171 4560 3381 4620 quantae
3420 4551 3537 4607 hate
3564 4564 3692 4609 sunt

2113 4633 2371 4690 insaniae?
2395 4637 2464 4689 At
2485 4676 2503 4704 ,
2532 4637 2740 4707 inquies
2758 4680 2773 4703 ,
2803 4639 2922 4695 haec
2945 4658 3009 4697 ex
3030 4644 3412 4700 consuetudine
3439 4644 3590 4700 fiunt.
3624 4646 3693 4702 Et

2113 4725 2235 4781 ideo
2254 4726 2484 4783 maxime
2510 4724 2794 4799 lugendum
2815 4773 2831 4797 ,
2865 4732 3007 4802 quod
3033 4748 3141 4788 rem
3168 4734 3219 4788 itt
3248 4737 3692 4795 consuetudinem

2111 4818 2435 4874 concluserit
2465 4819 2729 4877 diabolus.
2763 4823 2896 4893 Quia
2927 4825 3066 4879 enim
3095 4827 3295 4897 nuptia:
3324 4844 3411 4884 res
3440 4840 3566 4886 sunt
3596 4832 3696 4887 bo.

2114 4908 2370 4965 norabilis
2390 4951 2405 4977 ,
2438 4926 2555 4982 qua:
2597 4928 2764 4983 genus
2796 4926 3037 4971 nostrum
3064 4930 3343 4974 conservet
3369 4929 3423 4974 et
3460 4933 3697 4993 augeat,

2114 5007 2168 5055 et
2196 5002 2481 5057 multorum
2511 5005 2581 5059 sit
2605 5021 2765 5063 causa
2793 5006 3052 5063 bonorum
3071 5049 3086 5074 ,
3115 5007 3555 5069 dolore'aﬁ‘ectus
3580 5030 3698 5068 ma-

2116 5091 2289 5163 lignus
2317 5095 2428 5160 ille,
2460 5104 2514 5150 et
2537 5097 2712 5153 sciens
2742 5099 2872 5154 illttd
2900 5101 3350 5172 propugnaculum
3371 5118 3697 5163 essecontra

2116 5181 2518 5241 fornicationem
2537 5228 2553 5254 ,
2600 5190 2706 5244 alio
2737 5191 2824 5245 ille
2851 5190 3010 5246 modo
3039 5207 3254 5249 onmem
3283 5194 3697 5255 fornicationem

2118 5271 2340 5329 inducit.
2371 5275 2426 5331 lu
2451 5278 2642 5334 talibus
2666 5279 2807 5335 enim
2829 5282 3056 5338 canibus
3075 5284 3257 5340 multa:
3274 5285 3511 5357 virgines
3533 5287 3701 5344 dede.

2117 5378 2246 5421 core
2289 5376 2413 5422 sunt
2453 5368 2673 5424 affectat.
2704 5369 2854 5437 Quod
2886 5373 2933 5428 si
2974 5390 3081 5430 non
3109 5391 3353 5448 semper,
3391 5387 3447 5435 at
3485 5380 3696 5437 interim

2118 5457 2252 5513 satis
2279 5467 2360 5514 est
2389 5458 2645 5526 daemoni,
2675 5462 2816 5530 quod
2848 5463 2935 5519 illa
2966 5466 3126 5523 verba
3157 5477 3210 5523 et
3232 5468 3471 5540 improba
3491 5472 3698 5528 cantica

2119 5560 2173 5604 et
2199 5564 2449 5618 sponsam
2479 5550 2828 5616 traduxerim.
2859 5566 2910 5609 et
2941 5572 3199 5628 sponsom
3226 5575 3348 5616 cum
3378 5579 3569 5635 pompa
3603 5581 3702 5635 per

2121 5641 2293 5696 forum
2337 5642 2744 5698 transmiserint.
2798 5647 2996 5705 Deinde
3041 5653 3159 5722 quia
3214 5653 3328 5710 lnvc
3379 5656 3429 5709 in
3480 5670 3704 5725 vespera

2123 5733 2254 5791 fiunt
2282 5776 2297 5797 .
2328 5752 2392 5793 ne
2441 5738 2671 5794 tcuebrm
2723 5741 2983 5796 malorum
3028 5744 3282 5800 horumce
3334 5750 3509 5803 ve'nm
3557 5759 3705 5811 stnt,
