4086 6214
452 272 551 327 1ῡὸ

446 387 627 439 θάνειν
650 381 746 453 τὴν
777 376 1182 449 ἀσχημοσύνην.
1216 378 1281 430 Τί
1309 379 1418 450 γὰρ
1446 379 1475 431 6
1507 377 1673 440 πολὺς
1701 376 1857 445 δχλος
1887 373 2013 445 βού-

447 468 627 531 λεται;
658 466 710 516 τί
734 463 792 516 δέ
820 465 853 533 ή
888 461 1062 532 μέθης
1092 462 1143 513 τί
1167 461 1224 514 δὲ
1264 462 1321 514 αἰ
1349 460 1637 533 σύριγγες;
1664 458 1765 512 οὐκ
1794 456 2015 526 εὔδηλον

447 549 528 602 δτι
559 548 647 601 ἴνα
683 546 817 618 μηδὲ
852 547 900 597 οί
928 545 987 596 ἐν
1021 545 1139 607 ταῖς
1176 543 1378 606 οἰκίαις
1408 544 1592 610 ὄντες,
1634 543 1725 596 καὶ
1761 538 2021 612 βαπτιζό·

453 647 603 701 μενοι
636 628 788 699 ὕπνῳ
825 626 1008 697 βαθεῖ,
1038 626 1214 681 ταῦτα
1259 625 1564 695 ἀγνοῶσιν,
1614 624 1731 678 ἀλλ’
1771 623 1876 677 ὑπὸ
1916 621 2018 689 τῆς

451 714 710 786 σύριγγος
751 710 1138 781 διεγειρόμενοι
1162 749 1178 774 ,
1211 709 1307 763 καὶ
1350 709 1557 781 ἀνωθεν
1600 707 1710 763 ἀπὸ
1745 707 1855 761 τῶν
1887 706 2017 777 δρυ-

450 799 668 867 φάκτων
728 793 1200 857 κατακύπτοντες,
1266 795 1543 865 μάρτυρες
1599 793 1867 859 γένωνται
1916 789 2018 858 τῆς

450 878 735 949 κωμῳδίας
772 876 987 946 ἐκείνης
1012 892 1027 939 ;
1056 874 1120 927 Τί
1152 876 1217 928 ἄν
1245 892 1330 938 τις
1362 875 1505 927 εἴποι
1534 873 1632 936 τάς
1660 873 1801 944 ᾠδάς
1822 872 2015 935 αύτάς,

449 959 506 1014 αἳ
539 962 718 1030 πάσης
753 959 1013 1030 γέμουσιν
1050 956 1376 1022 ἀκολασίας,
1418 957 1627 1028 ἔρωτας
1652 956 1885 1018 ἀτόπους
1920 955 2016 1008 καὶ

450 1043 621 1115 μίξεις
641 1041 987 1113 παρανόμους
1019 1042 1113 1094 καὶ
1137 1040 1322 1094 οίκιῶν
1350 1039 1658 1111 ἀνατροπάς
1692 1038 1788 1092 καὶ
1818 1037 2016 1109 μυρίας

447 1125 835 1192 ἐπεισάγουσαι
866 1123 1190 1193 τραγῳδίας,
1223 1124 1317 1175 καὶ
1348 1121 1484 1175 πολὺ
1511 1122 1574 1175 τὸ
1599 1121 1695 1175 τοῦ
1730 1120 1885 1190 φίλου
1922 1118 2016 1173 καὶ

447 1204 676 1280 ἐρῶντος
702 1207 874 1274 ὄνομα
911 1206 1162 1276 ἔχουσαι,
1198 1206 1291 1260 καί
1324 1205 1385 1258 τὸ
1427 1205 1526 1275 τῆς
1559 1206 1719 1275 φίλης
1750 1206 1845 1258 καὶ
1872 1206 2012 1275 ἐρω-

448 1291 648 1361 μένης;
688 1290 798 1342 Kal
829 1289 889 1342 τό
922 1290 986 1359 δὴ
1022 1288 1435 1360 χαλεπώτερον,
1484 1290 1565 1342 ὅτι
1611 1288 1706 1343 καὶ
1755 1288 2015 1355 παρθένοι

444 1374 836 1443 παραγίνονται
894 1371 1137 1437 τούτοις,
1202 1373 1383 1426 πᾶσαν
1438 1371 1847 1441 ἀποδυσάμεναι
1914 1370 2011 1438 τὴν

443 1455 594 1517 αίδὼ,
630 1455 709 1515 είς
741 1455 839 1525 τὴν
870 1454 973 1524 τῆς
1011 1454 1426 1524 νυμφευομένης
1469 1453 1670 1524 τιμὴν,
1713 1452 1913 1522 μᾶλλον
1956 1451 2011 1504 δέ

445 1538 622 1608 ὕϐριν,
655 1537 748 1590 καὶ
775 1537 873 1607 τὴν
908 1537 1115 1591 ἐαυτῶν
1146 1537 1504 1608 προπίνουσαι
1538 1535 1813 1605 σωτηρίαν
1838 1547 1885 1599 ι,
1919 1537 2016 1586 καὶ

446 1621 648 1692 μεταξὺ
677 1622 810 1674 νέων
840 1620 1152 1675 ἀκολάστων
1179 1617 1584 1690 ἁσχημονοῦσαι
1614 1621 1726 1680 τοῖς
1753 1617 2012 1678 ἀτάκτοις

444 1705 650 1776 ᾀσμασι
672 1744 686 1766 ,
712 1707 823 1766 τοῖς
852 1705 1095 1773 αἰσχροῖς
1129 1704 1357 1775 ῥήμασι,
1388 1706 1454 1774 τῇ
1484 1704 1746 1772 σατανικῇ
1785 1692 2012 1769 συμφω-

442 1790 553 1861 νίᾳ.
612 1788 733 1841 Ἔτι
778 1784 871 1841 οὖν
909 1788 1134 1858 ἐρωτᾷς,
1189 1787 1309 1840 εἰπέ
1348 1804 1476 1854 μοι,
1524 1786 1686 1840 πόθεν
1736 1787 1972 1855 μοιχεῖαι
1997 1801 2018 1851 ;ο

442 1873 607 1924 πόθεν
641 1874 918 1941 πορνεῖαι;
956 1870 1118 1922 πόθεν
1157 1870 1442 1940 διαφθοραὶ
1469 1870 1705 1940 γάμων;
1745 1868 1883 1920 Ἀλλ’
1913 1869 2014 1921 οὐκ

443 1955 683 2022 εὐγενεῖς
727 1952 849 2005 ούδέ
892 1953 1226 2022 εὐσχήμονες
1257 1952 1430 2005 ταῦτα
1481 1953 1813 2023 πράττουσι,
1853 1950 2009 2019 φησί.

443 2037 566 2101 Πῶς
591 2033 686 2091 οὖν
716 2034 853 2105 ἐμοῦ
887 2035 1213 2102 καταγελᾷς,
1241 2036 1402 2099 αὐτὸς
1428 2036 1534 2104 πρὸ
1563 2032 1698 2103 ἐμοῦ
1729 2032 1822 2086 τὸν
1847 2033 2013 2102 νόμον

439 2120 628 2174 τοῦτον
659 2117 847 2186 εἱδὼς;
877 2118 940 2171 El
980 2117 1089 2189 γάρ
1117 2118 1256 2172 καλά
1288 2122 1355 2171 τά
1397 2118 1657 2188 γινόμενα
1676 2155 1690 2179 ,
1722 2116 1881 2170 ἔασον
1906 2118 2011 2169 κά-

440 2204 623 2267 κείνας
653 2202 826 2257 ταῦτα
851 2203 1043 2255 ποιεῖν.
1072 2202 1163 2272 Μὴ
1192 2202 1300 2273 γάρ
1319 2241 1335 2265 ,
1361 2200 1551 2272 ἐπειδὴ
1580 2199 1743 2271 πενίᾳ
1776 2198 2012 2264 συζῶσιν

439 2280 632 2351 αὗται,
666 2284 787 2354 οὐχὶ
819 2284 913 2337 καὶ
945 2284 1107 2337 αὑταὶ
1141 2285 1398 2355 παρθένοι
1435 2284 1569 2345 εἰσὶ,
1599 2282 1696 2334 καὶ
1731 2279 2011 2350 σωφροσύ-

439 2385 538 2438 νης
580 2367 959 2439 ἐπιμελεῖσθαι
1001 2366 1097 2420 καὶ
1142 2367 1311 2430 αύτάς
1352 2367 1492 2438 χρή;
1524 2365 1639 2419 Νῦν
1669 2366 1727 2419 δέ
1770 2366 2010 2435 ὀρχεῖται

439 2452 707 2523 παρθένος
741 2453 799 2503 ἐν
829 2449 993 2520 κοινῷ
1036 2450 1249 2520 θεάτρῳ
1280 2449 1415 2501 νέων
1447 2448 1760 2502 ἀκολάστων
1798 2448 1846 2510 δ,
1887 2447 2010 2500 εἰπέ

444 2551 555 2605 μοι,
592 2535 684 2587 καὶ
724 2534 787 2585 ού
818 2531 965 2585 δοκεῖ
1008 2547 1090 2584 σοι
1116 2534 1217 2602 τῆς
1246 2531 1452 2602 πόρνης
1498 2526 1635 2583 εἶναι
1678 2528 2007 2599 ἀτιμοτέρα;

440 2618 504 2670 El
541 2616 599 2667 δὲ
636 2614 838 2683 λέγεις,
888 2614 970 2666 δτι
1009 2612 1389 2683 θεραπαινίδες
1440 2612 1612 2666 ταῦτα
1659 2611 2007 2682 ἐργάζονται,

438 2698 559 2751 ούδέ
586 2697 758 2760 οὕτως
783 2695 987 2767 ἀφίημί
1019 2712 1077 2749 σε
1104 2696 1203 2766 τῆς
1231 2696 1586 2769 κατηγορίας·
1606 2694 1733 2748 οὐδὲ
1753 2694 1863 2765 γάρ
1888 2693 2012 2748 ταύ⁹

436 2796 557 2844 ⁸ταις
590 2779 981 2850 ἐπιτετράφθαι
1006 2779 1192 2850 ἐχρῆν.

507 2911 580 2976 η’.
613 2904 745 2961 ’Δπδ
761 2904 869 2976 γάρ
884 2902 1088 2960 τούτων
1099 2901 1779 2970 πάντατίκτεταιτάκακά,
1805 2904 1887 2957 ὅτι
1912 2903 2012 2975 τῆς

436 2989 676 3053 οἰκετίας
700 2988 890 3042 ούδένα
919 2986 1224 3058 ποιούμεθα
1257 2986 1436 3057 λόγον·
1466 2985 1581 3040 ἀλλ’
1616 2987 1779 3058 ἀρκεῖ
1811 2987 1890 3050 είς
1914 3003 2012 3040 κα-

436 3071 766 3142 ταφρόνησιν
785 3072 847 3123 τὸ
874 3071 1080 3135 εἰπεῖν,
1109 3070 1191 3123 δτι
1221 3066 1417 3133 Δοῦλός
1443 3070 1558 3122 ἐστι
1587 3069 1679 3122 καὶ
1708 3069 1815 3122 εἰσί
1846 3068 2010 3141 θερα-

438 3154 678 3216 παινίδες
696 3169 709 3183 ·
740 3153 921 3206 καίτοι
945 3169 1009 3222 γε
1039 3152 1162 3206 καθ’
1192 3152 1430 3223 ἑκάστην
1461 3152 1673 3223 ἡμέραν
1700 3151 2008 3218 ἀκούοντες,

435 3240 519 3292 ὃτι
562 3238 667 3292 Ἐν
691 3235 922 3304 Χριστῷ
952 3235 1146 3305 Ἰησοῦ
1171 3237 1243 3291 οὐ
1267 3235 1509 3302 δοῦλος,
1531 3236 1643 3289 οὐκ
1673 3235 2006 3305 ἐλεύθερος.

435 3323 510 3375 Σὺ
547 3321 605 3375 δὲ
658 3321 827 3374 ἵππου
869 3319 968 3390 μὲν
1004 3320 1066 3373 οὐ
1106 3321 1472 3388 καταφρονεῖς
1514 3318 1634 3372 οὐδέ
1678 3319 1826 3385 όνου,
1875 3319 2012 3373 ἀλλά

436 3404 616 3459 πάντα
649 3405 822 3467 ποιεῖς
849 3402 990 3457 ὥστε
1022 3403 1099 3474 μὴ
1131 3402 1383 3471 γενέσθαι
1418 3400 1654 3472 φαύλους
1676 3417 1688 3429 ·
1719 3400 1919 3456 δούλων
1953 3402 2010 3457 δέ

435 3487 545 3540 τῶν
573 3485 865 3556 όμοψύχων
890 3486 1201 3557 ὑπερορᾷς;
1227 3484 1340 3538 Kal
1371 3483 1424 3537 τί
1449 3483 1595 3552 λέγω
1626 3483 1846 3548 δούλων,
1874 3485 2008 3539 ὅπου

435 3586 501 3638 γε
545 3570 640 3622 καὶ
665 3568 871 3622 παίδων
904 3568 998 3622 καὶ
1038 3566 1385 3638 θυγατέρωνς
1420 3566 1485 3620 Τί
1517 3564 1582 3637 δὴ
1617 3566 1757 3636 μετά
1796 3566 2009 3632 ταῦτας

450 3651 689 3720 Ἀνάγκη
730 3650 907 3720 λύπην
936 3650 1137 3712 εύθέως
1173 3649 1495 3713 ἐπεισιέναι,
1537 3649 1753 3703 πάντων
1785 3650 2009 3702 ἐκείνων

436 3735 885 3805 καθαιρουμένων
911 3750 925 3764 ο
968 3731 1224 3795 πολλάκις
1263 3731 1318 3785 δέ
1364 3733 1458 3786 καὶ
1488 3731 1692 3801 ζημίαν
1728 3730 2009 3786 τίκτεσθαι

439 3818 741 3890 μεγίστην,
777 3819 836 3870 ἐν
877 3817 956 3885 τῷ
988 3816 1181 3886 πλήθει
1216 3814 1309 3869 καὶ
1340 3812 1416 3884 τῷ
1450 3814 1662 3886 θορύϐῳ
1696 3814 2010 3885 πολυτίμων

436 3902 597 3955 τινῶν
635 3900 1025 3971 ἀπολλυμένων
1070 3897 1325 3970 χρυσίων.
1364 3892 1497 3953 Εἶτα
1543 3899 1680 3969 μετά
1710 3898 1800 3951 τὸν
1833 3901 2009 3970 γάμον

437 3986 490 4040 εί
519 4000 649 4038 ποτε
681 3985 894 4052 γένοιτο
930 3984 1162 4045 παιδίον,
1196 3983 1290 4034 καὶ
1320 3981 1554 4035 ἐνταῦθα
1587 3982 1747 4035 πάλιν
1775 3982 1874 4054 τὴν
1908 3984 2009 4035 αύ-

434 4070 537 4140 τὴν
573 4067 726 4140 [107]
750 4067 935 4121 ἄνοιαν
960 4066 1224 4136 ὀψόμεθα,
1256 4065 1348 4119 καὶ
1373 4064 1542 4118 πολλά
1565 4065 1807 4135 σύμϐολα
1839 4065 2010 4134 γέλω-

435 4168 526 4215 τος
549 4152 812 4222 γέμοντα.
843 4151 951 4203 Kal
976 4149 1085 4221 γὰρ
1112 4149 1273 4218 ἡνίκα
1300 4145 1366 4201 ἂν
1391 4147 1673 4202 καλεῖσθαι
1700 4148 1761 4200 τὸ
1796 4147 2007 4202 παιδίον

434 4234 565 4305 δέῃ,
620 4235 849 4303 ἀφέντες
880 4232 989 4286 ἀπὸ
1031 4232 1141 4285 τῶν
1178 4229 1350 4299 ἁγίων
1399 4230 1533 4285 αὐτὸ
1578 4231 1783 4296 καλεῖν,
1830 4230 1905 4295 ὼς
1958 4232 2006 4284 οἱ

437 4318 658 4371 παλαιοὶ
712 4316 772 4369 τὸ
815 4315 1032 4387 πρῶτον
1068 4315 1303 4379 ἐποίουν,
1359 4314 1585 4386 λύχνους
1631 4314 1865 4383 ἅψαντες
1912 4315 2007 4367 καὶ

435 4400 671 4469 ὀνόματα
722 4399 904 4460 αὐτοῖς
936 4396 1287 4458 ἐπιτιθέντες,
1329 4394 1405 4465 τῷ
1447 4396 1797 4467 διαρκέσαντι
1844 4396 2005 4465 μέχρι

436 4482 632 4536 πολλοῦ
684 4482 746 4532 τὸ
789 4481 994 4533 παιδίον
1047 4479 1289 4534 ποιοῦσιν
1336 4478 1668 4548 ὁμώνυμονο
1694 4518 1709 4543 ,
1758 4479 2006 4530 ἐντεῦθεν

437 4562 605 4617 πολὺν
657 4561 787 4613 αὐτὸ
837 4562 1219 4630 στοχαζόμενοι
1269 4559 1564 4629 βιώσεσθαι
1604 4560 1815 4629 χρόνον.
1872 4555 2004 4612 Εἶτα

435 4643 654 4698 ἐπειδὰν
676 4642 857 4714 συμϐῇ
882 4643 1135 4704 πολλάκις
1157 4642 1288 4695 αὐτὸ
1313 4642 1490 4712 ἄωρον
1518 4642 1816 4712 ὑποστῆναι
1841 4642 2004 4695 θάνα-

434 4746 526 4782 τον
553 4725 860 4798 (συμϐαίνει
897 4724 952 4778 δέ
979 4723 1256 4793 πολλάκις)
1279 4764 1293 4787 ,
1327 4723 1493 4788 πολὺς
1515 4721 1708 4793 ἕψεται
1733 4724 1882 4795 παρά
1912 4723 2002 4777 τοῦ

434 4811 677 4865 διαϐόλου
711 4809 909 4878 γέλως,
942 4809 1021 4862 ὅτι
1058 4808 1189 4861 ὼσεί
1220 4806 1413 4872 παῖδας
1449 4807 1710 4878 ἀνοήτους
1738 4807 2000 4876 διέπαιξε.

506 4916 571 4967 Τί
598 4915 663 4969 ἄν
697 4931 779 4979 τις
824 4914 966 4968 εἴποι
1007 4914 1077 4968 τά
1121 4915 1399 4985 περίαπτα
1444 4913 1539 4967 καὶ
1581 4913 1709 4976 τοὺς
1742 4913 2003 4980 κώδωνας

433 4999 560 5060 τοὺς
589 4998 691 5067 τῆς
714 4998 895 5068 χειρὸς
923 4997 1323 5069 ἐξηρτημένους
1355 4996 1446 5052 καὶ¹
1472 4996 1564 5050 τὸν
1594 4996 1846 5051 κόκκινον
1873 4998 2002 5070 στή-

438 5098 597 5152 μονα,
637 5084 730 5134 καὶ
766 5082 834 5134 τὰ
865 5079 999 5135 ἀλλα
1028 5081 1098 5133 τά
1128 5079 1325 5150 πολλῆς
1355 5080 1543 5144 ἀνοίας
1569 5078 1846 5149 γέμοντα,
1883 5079 2002 5136 δέον

436 5163 605 5235 μηδὲν
646 5163 833 5233 ἕτερον
868 5161 947 5233 τῷ
974 5161 1128 5216 παιδὶ
1169 5160 1527 5231 περιτιθέναι,
1562 5160 1736 5233 ἀλλ’ἢ
1764 5161 1863 5234 τὴν
1891 5163 2003 5217 ἀπὸ

328 5285 336 5296 .
434 5246 528 5300 τοῦ
573 5246 806 5319 σταυροῦ
860 5246 1135 5316 φυλακήν;
1166 5243 1282 5297 Νῦν
1320 5243 1377 5295 δὲ
1422 5237 1578 5307 οὗτος
1626 5244 1725 5314 μὲν
1760 5262 2003 5300 καταπε-

435 5330 697 5400 φρόνηται
728 5330 758 5383 6
796 5329 895 5401 τὴν
923 5327 1245 5398 οἰκουμένην
1278 5326 1611 5396 ἐπιστρέψας
1638 5326 1874 5393 ἀπασαν,
1906 5331 2001 5384 καὶ

435 5411 674 5485 χαλεπὴν
702 5412 823 5477 δοὺς
856 5412 935 5483 τῷ
959 5412 1190 5483 διαϐόλῳ
1218 5409 1450 5481 πληγὴν,
1484 5409 1576 5462 καὶ
1614 5411 1794 5465 πᾶσαν
1830 5412 1995 5465 αὐτοῦ

434 5495 813 5566 καταστρέψας
835 5496 936 5566 τὴν
966 5494 1192 5566 δύναμιν
1212 5510 1224 5523 ·
1253 5493 1426 5563 κρόκη
1444 5491 1505 5545 δὲ
1540 5492 1633 5545 καὶ
1659 5496 1879 5564 στήμων
1905 5497 2002 5549 καὶ

495 5641 521 5669 ⁸
557 5640 815 5704 [ιεθσὸαίιιν
844 5648 928 5701 τῆς
954 5644 992 5692 ἐ.
1016 5642 1342 5704 προτείνουσαι
1364 5639 1616 5704 σωτηρίας.
1685 5640 1714 5704 ί)
1743 5640 1862 5690 Post
1882 5642 2000 5690 ἀκο-

435 5700 639 5775 λεδ-των
658 5700 787 5775 ᾖξας.
834 5703 960 5773 δςάίι
1001 5700 1224 5775 αἰσχρῶς.
1288 5704 1334 5772 ,ο
1369 5700 1531 5774 Regi”
1557 5701 1638 5747 τὸν
1683 5702 1997 5775 διαρκθέσαντσ

436 5764 570 5863 μέχρι
593 5760 772 5811 πολλοῦ
814 5762 902 5811 τοῦ
945 5760 1134 5812 παιδίὸῦ
1175 5760 1394 5811 ποιοῦσιν
1437 5760 1706 5834 ὁμώνυμον..
1740 5760 1994 5813 Edilorum

454 5825 583 5863 actin
602 5837 745 5863 aulam
768 5826 1034 5863 apmnlmnr.
1061 5825 1283 5863 «animiam
1308 5825 1451 5863 οίΐρισι
1472 5828 1790 5863 sonmmmuL

454 5825 583 5876 actio
602 5837 746 5891 quam
768 5826 1037 5888 sequimur,
1061 5825 1284 5874 eamdem
1308 5825 1452 5872 etrert
1472 5825 1792 5873 sententiam.

1082 263 1139 319 S.
1180 263 1466 319 JOANNIS
1503 258 2001 317 CHRYSOSTOMI

2113 257 2369 315 ICHIEP.
2407 258 2965 319 CONSTANTINOP.

3580 266 3693 323 m

2119 373 2190 426 τά
2243 372 2378 427 ἀλλα
2424 374 2778 446 περιάμματα
2820 376 2887 431 τὰ
2933 374 3158 431 τοιαῦτα
3194 375 3288 431 τοῦ
3336 376 3554 451 παιδίου
3590 383 3695 449 ἐμ-

2116 457 2464 511 ⁴πιστεύονται
2494 459 2594 528 τὴν
2619 460 2938 529 ἀσφάλειαν.
2974 459 3125 513 Εἴπω
3160 477 3216 512 τι
3239 460 3432 513 τούτου
3457 476 3695 529 κατατει-

2125 535 2445 610 λαστότερον
2492 539 2711 611 ἐτερονς
2768 542 2928 596 Ἀλλά
2981 542 3169 614 μηδεὶς
3216 541 3476 614 ἀκαιρίαν
3530 542 3696 613 ήμῶν

2120 623 2579 690 καταγινωσκέτω
2600 663 2615 687 ,
2655 626 2704 677 εἰ
2755 624 2853 678 καὶ
2904 624 3065 697 μέχρι
3111 624 3317 678 τούτων
3364 625 3615 696 πρόεισιν
3663 625 3699 680 6

2121 701 2299 772 λόγος.
2349 704 2406 758 Ὀ
2443 709 2552 778 γὰρ
2575 708 2675 776 τὴν
2695 706 2964 777 σηπεδόνα
2990 707 3230 778 καθᾶραι
3254 707 3598 778 βουλόμενος,
3626 706 3696 760 οὸ

2126 787 2518 858 παραιτήσεται
2554 789 2828 860 προτέρας
2853 789 2953 854 τὰς
2986 788 3181 845 ἐαυτοῦ
3223 789 3451 859 μολῦναι
3477 791 3693 860 χεῖρας.

2120 867 2184 919 Τί
2204 868 2390 939 δήποτ’
2417 867 2509 936 οὖν
2530 871 2688 926 τοῦτό
2716 874 2833 926 ἐστι
2855 872 2915 926 τὸ
2950 871 3355 941 καταγέλαστον
3389 888 3405 937 ;
3458 873 3526 924 ὐ
3579 888 3694 942 μη·-

2119 949 2210 1002 δέν
2240 952 2339 1021 μὲν
2377 949 2518 1007 εἶναι
2557 955 2704 1008 δοκεῖ
2745 954 2853 1028 (διὰ
2885 955 2995 1027 γάρ
3022 954 3184 1009 τοῦτο
3211 954 3429 1024 στένω),
3452 954 3594 1026 ἁρχὴ
3630 952 3693 1006 δε

2118 1039 2236 1093 ἐστι
2252 1042 2677 1113 παραφροσύνης
2690 1043 2786 1097 καὶ
2800 1044 3102 1115 παρανοίας
3122 1044 3357 1115 ἐσχάτης
3367 1040 3394 1081 δ
3404 1041 3695 1114 ,Βόρϐορον

2119 1122 2176 1175 αἱ
2207 1126 2466 1191 γυναῖκες
2496 1127 2554 1178 ἐν
2580 1126 2659 1197 τῷ
2689 1126 2959 1197 βαλανείῳ
2976 1126 3350 1197 λαμϐάνουσαι
3384 1124 3574 1195 τροφοὶ
3592 1122 3695 1176 καὶ

2119 1202 2529 1276 θεραπαινίδες,
2558 1210 2653 1262 καὶ
2684 1208 2761 1279 τῷ
2794 1208 3041 1278 δακτύλῳ
3079 1209 3362 1279 χρίσασαι,
3408 1206 3551 1261 κατά
3592 1205 3690 1258 τοῦ

2122 1288 2375 1359 μετώπου
2407 1292 2641 1345 τυποῦσι
2677 1292 2773 1347 τοῦ
2822 1293 3055 1347 παιδίου·
3106 1293 3210 1346 κᾶν
3236 1291 3431 1364 ἔρηταί
3476 1307 3583 1356 τις,
3621 1289 3693 1344 Τί

2120 1372 2368 1443 βούλεται
2385 1375 2414 1427 ό
2430 1374 2708 1448 βόρϐορος,
2730 1377 2781 1430 τί
2799 1377 2854 1430 δὲ
2871 1379 2899 1429 ὁ
2916 1376 3084 1447 πηλός
3098 1394 3113 1443 ;
3128 1375 3433 1446 Ὀφθαλμὸν
3453 1372 3693 1446 πονηρὸν

2118 1456 2473 1526 ἀποστρέφει,
2506 1458 2658 1528 φησί,
2686 1462 2779 1512 καὶ
2806 1458 3106 1528 βασκανίαν
3135 1461 3229 1511 καὶ
3256 1458 3471 1527 φθόνον.
3511 1455 3692 1510 Βαϐαὶ

2115 1536 2216 1608 τῆς
2252 1538 2433 1609 ἰσχύος
2472 1539 2570 1592 τοῦ
2620 1539 2881 1612 βορϐόρου
2918 1543 3008 1593 καὶ
3040 1540 3137 1611 τῆς
3183 1541 3277 1594 τοῦ
3317 1539 3491 1609 πηλοῦ
3526 1538 3692 1593 δυνάο

2122 1637 2288 1690 μεως,
2303 1622 2498 1693 ἡλίκην
2522 1621 2636 1693 ἔχει
2655 1622 2751 1693 τὴν
2778 1623 2929 1693 ἰσχύν
2948 1624 2963 1677 ί
2980 1622 3303 1693 Ὀλόκληρον
3322 1622 3416 1676 τοῦ
3438 1618 3692 1676 διαϐόλου

2118 1704 2420 1774 παράταξιν
2449 1705 2800 1774 ἀποστρέφει.
2835 1706 2949 1760 οὐκ
2975 1704 3374 1775 ἐγκαλύψεσθε,
3408 1705 3528 1758 εἰπέ
3562 1722 3690 1774 μοι;

2117 1787 2178 1839 ού
2222 1788 2481 1858 συνήσετε
2511 1788 2608 1857 ὀψέ
2649 1805 2778 1841 ποτε
2808 1789 2908 1852 τὰς
2934 1790 3168 1857 παγίδας
3211 1788 3310 1852 τάς
3349 1786 3689 1849 summa.

2118 1869 2237 1932 πῶς
2276 1870 2342 1922 ἐκ
2381 1868 2606 1941 πρώτης
2635 1871 2850 1942 ἡλικίας
2881 1873 3020 1926 κατά
3052 1871 3245 1943 μικρὸν
3274 1871 3557 1938 ἐπεισάγει
3589 1871 3693 1933 τάς

2119 1953 2248 2023 παρ’
2274 1952 2466 2006 ἐαυτοῦ
2510 1954 2759 2024 μηχανὰς
2780 1957 2809 2008 ό
2843 1954 3114 2023 διάϐολοςς
3146 1957 3206 2009 Εἰ
3236 1955 3344 2026 γάρ
3369 1952 3690 2032 ὁβόρὸορος

2116 2034 2274 2089 τοῦτο
2314 2039 2475 2103 ποιεῖ,
2514 2037 2603 2091 διὰ
2632 2038 2685 2091 τί
2725 2039 2799 2110 μὴ
2834 2040 2930 2093 καὶ
2960 2040 3024 2093 σὺ
3064 2038 3226 2092 τοῦτο
3258 2040 3427 2103 ποιεῖς
3466 2038 3560 2091 ἐπὶ
3587 2035 3688 2090 τοῦ

2119 2120 2317 2171 σαυτοῦ
2349 2118 2622 2191 μετώπου,
2654 2121 2792 2192 ἀνὴρ
2822 2123 2896 2175 ὢν
2929 2122 3022 2176 καὶ
3063 2121 3122 2175 ἐν
3151 2122 3261 2189 ἕξει
3292 2119 3530 2191 γεγονὼς
3550 2161 3567 2184 ,
3588 2119 3691 2174 καὶ

2121 2199 2320 2269 μᾶλλον
2361 2201 2454 2255 τοῦ
2509 2202 2724 2257 παιδίου
2774 2204 2900 2268 τοὺς
2937 2203 3267 2275 φθονοῦντας
3304 2205 3480 2275 ἔχωνς
3513 2203 3600 2257 διὰ
3631 2202 3689 2255 τί

2121 2285 2196 2355 μὴ
2233 2286 2330 2338 καὶ
2360 2285 2479 2338 δλον
2525 2285 2805 2358 βορϐοροῖς
2842 2287 2901 2341 τὸ
2950 2286 3141 2360 σῶμα;
3195 2289 3245 2341 εἰ
3296 2288 3407 2359 γὰρ
3448 2288 3541 2340 ἐπὶ
3588 2284 3689 2339 τοῦ

2120 2367 2375 2438 μετώπου
2404 2369 2674 2439 τοσαύτην
2701 2371 2815 2440 ἔχει
2842 2370 2941 2441 τὴν
2988 2372 3140 2442 ίσχῦν
3162 2412 3177 2435 ,
3205 2371 3347 2435 τίνος
3374 2371 3560 2423 ἕνεκεν
3585 2369 3690 2440 οὐχ

2114 2452 2237 2506 ὅλον
2263 2453 2488 2507 σεαυτὸν
2518 2453 2763 2528 βορϐόρῳ
2791 2455 3143 2527 καταχρίεις;
3173 2454 3354 2519 Γέλως
3381 2454 3554 2508 ταῦτα
3589 2453 3691 2507 καὶ

2115 2535 2375 2607 κωμῳδία
2410 2537 2693 2608 σατανικὴ,
2724 2539 2827 2592 οὐκ
2855 2541 2935 2603 εἰς
2976 2537 3270 2610 χλευασίαν
3315 2538 3510 2610 μόνον,
3550 2536 3691 2591 ἀλλὰ

2116 2619 2212 2672 καὶ
2241 2620 2321 2681 εἰς
2357 2620 2583 2688 γέενναν
2618 2621 3067 2691 καταστρέφουσα
3102 2623 3232 2686 τοὺς
3270 2619 3687 2692 ἀπατωμένους.

2104 2703 2228 2757 Kal
2262 2701 2325 2755 τὸ
2351 2702 2451 2772 μὲν
2474 2702 2605 2772 παρ’
2635 2703 2858 2774 Ἕλλησι
2884 2703 3056 2758 ταῦτα
3083 2703 3351 2774 γίνεσθαι,
3371 2702 3691 2772 θαυμαστὸν

2115 2785 2289 2840 οὐδέν·
2314 2785 2376 2839 τὸ
2401 2785 2461 2839 δέ
2491 2785 2641 2857 παρά
2664 2789 2774 2850 τοῖς
2788 2787 2886 2840 τὸν
2908 2787 3138 2858 σταυρὸν
3164 2786 3550 2860 προσκυνοῦσι,
3586 2787 3687 2840 καὶ

2118 2867 2439 2941 μυστηρίων
2472 2869 2800 2940 ἀπορρήτων
2828 2870 3279 2940 κεκοινωνηκόσι,
3314 2870 3410 2925 καί
3445 2867 3689 2923 τοσαῦτα

2116 2951 2465 3023 φιλοσοφοῦσι
2488 2952 2692 3021 ταύτην
2719 2953 2940 3023 κρατεῖν
2966 2954 3067 3023 τὴν
3101 2954 3507 3024 ἀσχημοσύνην,
3538 2951 3688 3007 τοῦτ’

2114 3036 2231 3090 ἐστι
2272 3036 2335 3089 τὸ
2381 3035 2589 3090 πολλῶν
2626 3037 2840 3108 θρήνων
2882 3036 3052 3102 ἀξιον.
3121 3038 3179 3091 ’0
3234 3037 3365 3102 Θεός
3419 3054 3479 3091 σε
3528 3037 3691 3110 μύρῳ

2114 3118 2344 3190 ἐτίμησε
2378 3119 2769 3191 πνευματικῷ,
2809 3121 2905 3175 καὶ
2944 3122 3009 3175 σὺ
3046 3118 3290 3192 βορϐόρῳ
3336 3120 3585 3192 μολύνεις
3621 3120 3689 3175 τὸ

2115 3202 2359 3269 παιδίον;
2385 3205 2414 3256 ό
2442 3202 2573 3267 Θεός
2597 3220 2657 3256 σε
2677 3203 2927 3275 ἐτίμησε,
2956 3206 3021 3257 σὺ
3051 3203 3109 3258 δὲ
3140 3205 3336 3259 σαυτὸν
3363 3205 3685 3272 ἀτιμάζειςς

2115 3285 2212 3339 καὶ
2250 3286 2367 3340 δέον
2409 3285 2502 3340 τδν
2539 3288 2773 3359 σταυρὸν
2805 3287 3131 3360 ἐπιγράφειν
3167 3288 3245 3359 τῷ
3287 3289 3542 3361 μετώπῳ,
3583 3291 3687 3360 τὴν

2100 3367 2412 3437 »ἀσφάλειαν
2448 3370 2661 3440 ἄμαχον
2711 3369 3040 3441 παρέχοντα·
3083 3371 3150 3424 σὺ
3192 3372 3250 3426 δὲ
3288 3371 3460 3426 ταῦτα
3500 3374 3684 3443 ἀφεὶς,

2115 3451 2209 3503 ἐπὶ
2234 3450 2334 3521 τὴν
2374 3453 2671 3522 σατανικὴν
2712 3451 2895 3507 ἄνοιαν
2931 3454 3335 3521 καταπίπτεις;
3370 3455 3433 3509 ΕΞ
3468 3456 3526 3510 δέ
3571 3474 3688 3511 τισι

2112 3533 2287 3588 ταῦτα
2308 3535 2480 3606 μικρά
2503 3531 2641 3588 εἶναι
2661 3535 2827 3595 δοκεῖ.
2857 3535 3293 3605 μανθανέτωσαν,
3318 3539 3402 3593 ὅτι
3431 3541 3688 3609 μεγάλων

2112 3618 2261 3671 ἐστὶν
2282 3618 2431 3672 αῖτια
2456 3619 2661 3683 κακῶν,
2690 3621 2785 3672 καὶ
2811 3620 2894 3674 ὃτι
2925 3619 3047 3674 οὐδὲ
3077 3621 3155 3692 τῷ
3185 3621 3382 3694 Παύλῳ
3410 3623 3481 3676 τά
3510 3624 3689 3696 μικρά

2115 3703 2364 3772 παρορᾷν
2399 3701 2567 3766 ἔδοξε.
2601 3702 2666 3754 Τί
2701 3702 2831 3775 γάρ,
2870 3703 2989 3756 εἰπέ
3021 3702 3173 3777 [£08]
3206 3723 3331 3775 μοι,
3366 3706 3462 3759 τοῦ
3515 3708 3683 3761 καλύ-

2112 3784 2343 3837 πτεσθαι
2374 3784 2657 3856 ἄνθρωπον
2694 3786 2792 3857 τὴν
2837 3786 3080 3858 κεφαλὴν
3130 3789 3484 3862 μικρότερον,
3544 3791 3685 3845 Ἀλλ’

2111 3866 2222 3934 δρα
2250 3865 2423 3935 πόσην
2458 3867 2599 3939 ὑπὲρ
2628 3867 2816 3923 τούτου
2849 3872 3081 3923 ποιεῖται
3119 3871 3353 3943 σπουδὴν
3374 3913 3391 3935 ,
3431 3873 3524 3927 καὶ
3561 3875 3683 3945 μεθ’

2110 3949 2244 4019 ὅσης
2267 3949 2599 4022 ἀπαγορεύει
2627 3951 3005 4024 σφοδρότητος,
3034 3953 3167 4008 ἄλλα
3195 3973 3254 4008 τε
3282 3955 3451 4010 πολλά
3481 3957 3682 4026 λέγων,

2112 4037 2207 4086 καὶ
2251 4034 2333 4087 ὅτι
2385 4034 2734 4105 καταισχύνει
2773 4036 2869 4108 τὴν
2918 4036 3160 4108 κεφαλήν
3212 4038 3397 4092 αὑτοῦ.
3444 4041 3506 4093 El
3547 4040 3605 4094 δὲ
3644 4044 3683 4094 ’ό
3762 4082 3765 4085 μ

2076 4118 2087 4129 ⁸
2113 4117 2665 4190 κατακαλυπτόμενος
2685 4120 3034 4191 καταισχύνει
3064 4121 3161 4192 τὴν
3179 4122 3419 4193 κεφαλὴν
3437 4124 3624 4190 αὐτοῦ,
3645 4127 3679 4177 6

2113 4197 2358 4273 βορϐόρῳ
2405 4203 2603 4272 χρίων,
2640 4201 2756 4266 πῶς
2790 4204 2908 4274 οὐχὶ
2958 4203 3052 4256 καὶ
3094 4204 3380 4276 βδελυκτδν
3429 4209 3576 4261 ποιεῖ
3614 4208 3679 4262 τό

2113 4282 2361 4348 παιδίον;
2409 4284 2526 4348 πῶς
2572 4286 2681 4357 γὰρ
2712 4287 2843 4339 αὐτὸ
2890 4287 3160 4359 προσάγει
3203 4291 3322 4353 ταῖς
3368 4290 3526 4360 χερσὶ
3575 4290 3677 4344 τοῦ

2115 4365 2325 4435 ἱερέως,
2353 4367 2475 4419 εἶπέ
2499 4383 2619 4436 μοι;
2653 4369 2769 4432 πῶς
2789 4369 2957 4437 ἀξιοῖς
2981 4371 3073 4426 ἐπὶ
3100 4370 3197 4425 τοῦ
3228 4371 3475 4443 μετώπου
3499 4389 3672 4443 σφρα-

2108 4447 2232 4514 γῖδα
2264 4447 2578 4517 ἐπιτεθῆναι
2616 4450 2768 4521 παρά
2798 4453 2898 4520 τῆς
2940 4452 3035 4507 τοῦ
3067 4454 3433 4527 πρεσϐυτέρου
3467 4456 3675 4526 χειρὸς.

2109 4527 2237 4581 ἔνθα
2266 4527 2358 4581 τὸν
2387 4529 2646 4601 βόρϐορον
2676 4535 3002 4606 ἐπέχρισαςς
3035 4538 3128 4607 Μὴ
3153 4537 3326 4592 ταῦτα
3344 4577 3358 4601 ,
3392 4537 3497 4609 μὴ,
3523 4540 3680 4593 ἀδελ-

2109 4610 2219 4678 φοὶ,
2244 4609 2359 4663 ἀλλ’
2378 4614 2442 4665 ἐκ
2462 4612 2683 4686 πρώτης
2704 4615 2920 4686 ήλικίας
2941 4623 3331 4691 πνευματικοῖς
3355 4621 3498 4675 αύτά
3519 4637 3677 4695 περι-

2109 4695 2376 4778 φράττετε
2402 4696 2607 4762 ὅπλοις,
2634 4699 2731 4753 καὶ
2762 4703 2828 4773 τῇ
2861 4704 3007 4773 χειρί⁵
3037 4704 3321 4760 παιδεύετε
3354 4708 3679 4778 σφραγίζειν

2105 4776 2170 4829 τὸ
2211 4776 2495 4862 μέτωπον*
2529 4780 2624 4834 καὶ
2654 4782 2787 4852 πρὶν
2819 4783 2852 4855 ἢ
2892 4785 3189 4858 δυνηθῆναι
3235 4791 3301 4860 τῇ
3332 4776 3487 4862 ¹χειρὶ
3518 4776 3680 4845 τοῦτο

2107 4862 2301 4925 ποιεῖν,
2331 4861 2485 4915 αὐτοὶ
2500 4863 2793 4921 ἐντυποῦτε
2821 4867 3003 4933 αὑτοῖς
3029 4869 3118 4924 τὸν
3150 4874 3406 4943 σταυρόν.

2178 4963 2243 5017 Τί
2271 4963 2335 5017 ἀν
2354 4982 2435 5029 τις
2456 4965 2599 5021 εἴποι
2619 4969 2717 5033 τὰς
2736 4970 2926 5042 ἐτέρας
2952 4975 3359 5045 παρατηρήσεις
3385 4973 3484 5040 τὰς
3508 4993 3677 5031 σατα-

2106 5048 2261 5111 νικάς
2289 5049 2380 5132 ἐπὶ
2416 5049 2523 5103 τῶν
2551 5051 2753 5105 ὠδίνων
2786 5055 2880 5108 καὶ
2911 5055 3018 5109 τῶν
3050 5059 3306 5122 τοκετῶν,
3335 5056 3402 5124 ἀς
3435 5060 3492 5115 αἱ
3521 5065 3677 5132 μαῖαι

2105 5132 2198 5184 ἐπὶ
2231 5131 2384 5203 κακῷ
2412 5135 2510 5204 τῆς
2535 5134 2743 5189 ἐαυτῶν
2773 5137 3123 5208 ἐπεισάγουσι
3152 5142 3395 5214 κεφαλῆς
3420 5159 3436 5209 ;
3462 5131 3563 5209 τάς
3585 5146 3678 5200 ἐπὶ

2104 5214 2201 5268 τοῦ
2240 5214 2467 5298 θανάτου
2507 5219 2602 5272 καὶ
2640 5218 2740 5290 τῆς
2781 5220 2904 5275 καθ’
2938 5222 3166 5279 ἕκαστον
3189 5227 3429 5298 ἐκφορᾶς
3459 5227 3559 5293 τάς
3597 5231 3669 5282 οῖ-

2109 5297 2318 5380 μωγάς,
2338 5298 2462 5362 τοὺς
2495 5304 2771 5366 κωκυτοὺς
2799 5303 2923 5367 τοὺς
2949 5304 3197 5375 ἀλόγους,
3220 5297 3336 5380 τήν
3359 5312 3416 5364 ἐν
3441 5313 3556 5375 τοῖς
3582 5312 3674 5366 τά-

2106 5396 2226 5449 φοις
2241 5379 2446 5447 ἄνοιαν,
2467 5382 2565 5454 τὴν
2588 5384 2800 5455 περὶτὰ
2829 5390 3085 5458 μνήματα
3115 5379 3371 5464 σπουδὴν,
3394 5394 3485 5448 τὸν
3511 5394 3675 5448 ἀκαι-

2105 5479 2222 5547 ρονᾷ
2271 5464 2365 5518 καὶ
2424 5468 2823 5537 καταγέλαστον
2882 5471 2992 5526 τῶν
3049 5474 3339 5547 θρηνῳδῶν
3401 5478 3676 5547 γυναικῶν

2102 5545 2289 5630 ἐσμὸν,
2319 5547 2416 5630 τ’ἀς
2450 5549 2568 5630 ,τῶν
2589 5551 2810 5621 ήμερῶν
2833 5545 3264 5630 παρατηρήσεις,
3302 5545 3422 5614 τῶν
3449 5561 3676 5616 εἰσόδων

2103 5629 2198 5682 καὶ
2224 5628 2331 5682 τῶν
2354 5629 2545 5695 ἐξόδων
2566 5649 2581 5698 ;
2606 5633 2823 5689 Τούτων
2840 5632 2956 5705 οὖν,
2981 5628 3241 5712 εἰπέήμοι,
3272 5643 3372 5712 τὴν
3402 5643 3560 5710 δόξαν
3578 5644 3676 5719 θη·

2152 5759 2190 5837 ξι
2227 5762 2361 5841 Qui)?
2385 5762 2530 5841 Reg"
2559 5763 2628 5839 '0‘
2648 5768 2790 5841 μηδέν
2830 5771 3054 5841 μὲν-εἷναι
3076 5776 3205 5824 δοκεῖ
3246 5777 3395 5841 κακὸν
3432 5777 3530 5841 τοῖς
3551 5780 3675 5841 πο)-

2101 5826 2218 5884 λοῖς,
2240 5825 2362 5887 ἁρχὴ
2384 5826 2435 5873 δέ
2458 5825 2584 5874 ἐστιν
2608 5825 2929 5888 ἀπιστίαξκαὶ
2952 5842 3148 5899 πρᾶγμα
3167 5838 3423 5902 παρανοίας
3446 5825 3669 5905 εξέάτῂς.
