4086 6214
361 345 464 402 I05.

354 495 592 550 lor-erui!
622 488 947 545 inducuntur
981 482 1192 546 multa},
1220 495 1338 550 qua:
1369 476 1755 548 turpitudinem
1778 475 1945 530 latere

355 601 467 641 non
519 581 724 638 sinunt.
769 576 908 645 Qttid
957 575 1100 630 enim
1138 572 1238 628 sibi
1281 571 1396 624 vult
1444 569 1610 623 multa
1639 568 1726 622 illa
1758 567 1949 621 turba?

353 674 486 746 quid
527 671 800 727 ebrietas?
846 666 971 738 quid
1015 662 1242 719 listulte?
1273 675 1450 716 nonne
1484 660 1660 729 palam
1699 666 1780 713 est
1833 656 1948 711 haec

357 763 652 829 adhiberi,
701 770 759 815 ut
812 774 879 814 ne
927 758 961 812 ii
998 755 1250 826 quidem,
1283 753 1371 823 qui
1416 753 1468 806 in
1513 750 1759 806 domibus
1786 756 1946 811 sunt,

358 859 509 930 gravi
536 869 732 912 somno
756 851 936 907 obruti
967 850 1078 903 lucc
1107 847 1372 916 ignorent,
1403 843 1496 900 sed
1525 858 1555 897 a
1585 841 1774 897 ltstulis
1800 839 1948 896 exci-

362 950 457 1004 tati
500 957 555 1003 et
583 958 819 1015 superne
848 957 914 996 ex
946 938 1200 993 cancellis
1232 937 1350 990 sese
1387 934 1742 998 inclinantes,
1787 939 1950 986 testes

361 1041 470 1093 sint
498 1037 644 1091 illius
667 1031 986 1089 ωηιωάἰωῖ
1010 1028 1146 1096 Quid
1173 1027 1374 1081 dixeris
1403 1025 1472 1080 de
1516 1024 1648 1094 ipsis
1690 1021 1912 1077 canticis
1930 1061 1946 1086 ,

362 1145 486 1200 quae
531 1127 678 1183 omni
706 1126 863 1194 plena
907 1130 1028 1176 sunt
1055 1118 1380 1187 impudicitia
1400 1158 1415 1181 ,
1446 1129 1670 1185 quotque
1692 1110 1950 1166 abSurdos

363 1234 584 1275 artiores
602 1258 619 1283 ,
648 1216 951 1285 illegitimos
976 1210 1310 1272 concubitus,
1339 1207 1620 1262 domorum
1647 1204 1951 1260 eversiones

363 1325 421 1368 et
449 1313 758 1364 innumeras
782 1306 1038 1358 inducunt
1057 1301 1365 1372 tragtedias,
1397 1309 1453 1354 et
1480 1315 1620 1367 sape
1647 1312 1839 1351 nomen
1865 1295 1950 1350 di-

368 1402 491 1457 lecti
532 1410 588 1455 et
619 1397 846 1451 amantis
877 1395 1108 1458 habent,
1140 1407 1440 1461 nomenque
1465 1389 1675 1444 dilecte
1705 1400 1757 1442 et
1805 1401 1952 1440 ama-

367 1493 507 1546 sim?
543 1489 807 1558 Quodque
833 1485 1048 1556 gravius
1077 1493 1178 1546 est,
1219 1483 1301 1535 Itis
1330 1481 1524 1534 adsunt
1553 1480 1806 1548 virgines,
1834 1491 1951 1546 qua:

365 1599 582 1637 omnem
615 1588 873 1634 exuerunt
911 1576 1183 1644 pudorem,
1216 1572 1268 1626 itt
1297 1571 1552 1625 honorem
1580 1585 1812 1640 sponsm,
1845 1568 1951 1620 imo

371 1669 866 1733 ineontumeliam;
894 1679 941 1722 et
972 1670 1200 1720 salutem
1231 1678 1383 1717 suam
1405 1662 1662 1730 produnt,
1698 1662 1942 1728 interque

370 1766 603 1834 juvenes
652 1760 908 1815 indecore
948 1773 1006 1812 se
1053 1760 1284 1826 gerunt,
1334 1751 1533 1818 ineptis
1578 1749 1864 1805 cantilenis
1893 1755 1946 1802 et

374 1855 560 1910 Verbis
578 1849 828 1920 turpibus
847 1865 968 1901 cum
990 1846 1230 1901 satauica
1254 1841 1570 1913 symphonia
1590 1847 1820 1895 utentes.
1843 1840 1938 1892 Ad-

374 1943 570 2004 huene,
601 1954 805 2006 qua-so,
857 1935 1150 2003 interrogas
1180 1933 1444 1986 undenam
1487 1929 1785 1985 adulteria?
1813 1928 1951 1983 unde

371 2028 787 2084 loruicationes?
811 2027 953 2080 unde
983 2024 1284 2092 nuptiarum
1313 2022 1683 2090 corrupti-mes
1704 2020 1727 2073 ῗ
1751 2021 1819 2074 At
1845 2035 1949 2073 non

371 2125 616 2191 ingenua
641 2129 697 2172 ct
721 2119 958 2170 honestae
978 2156 994 2176 ,
1025 2114 1232 2182 inquies
1252 2154 1267 2178 ,
1299 2113 1399 2166 hoc
1425 2111 1644 2166 faciunt.
1676 2109 1786 2164 Cur
1824 2124 1952 2178 ergo

370 2227 460 2265 me
506 2209 729 2270 irrides,
773 2222 894 2261 cum
941 2204 1052 2272 ipse
1085 2204 1220 2257 hanc
1265 2203 1434 2271 legem
1475 2209 1599 2256 ante
1642 2215 1728 2255 me
1776 2199 1952 2254 scias?

370 2305 504 2358 Nam
547 2302 594 2356 si
622 2301 760 2354 bona
798 2307 924 2352 sunt
968 2297 1054 2350 illa
1080 2337 1096 2361 ,
1139 2295 1256 2348 sine
1297 2293 1417 2348 illas
1454 2307 1666 2362 quoque
1691 2291 1742 2346 id
1771 2306 1950 2361 agere.

370 2397 506 2451 Num
551 2392 674 2462 quia
703 2391 803 2446 illa:
831 2390 882 2442 in
913 2394 1227 2458 paupertate
1258 2384 1491 2438 vivunt?
1519 2397 1695 2438 nonne
1737 2392 1791 2437 et
1820 2381 1952 2451 ipsa:

368 2488 606 2556 virgines
629 2491 784 2548 sunt,
814 2481 1038 2551 illasque
1061 2477 1322 2534 castitatis
1349 2491 1530 2531 curam
1563 2475 1760 2530 habere
1786 2489 1951 2543 opor-

367 2588 440 2632 tet
460 2578 486 2629 ?
514 2574 665 2629 Nune
704 2582 880 2626 autem
901 2569 1025 2622 dum
1047 2568 1209 2623 saltat
1233 2566 1381 2636 virgo
1423 2565 1474 2618 in
1500 2564 1769 2619 communi
1795 2564 1950 2617 thea-

368 2682 454 2724 tro
477 2664 860 2736 impudicorum
884 2661 1158 2729 juvenum,
1181 2672 1380 2721 annon,
1399 2671 1600 2727 quasso,
1619 2655 1829 2710 videtur
1856 2655 1952 2710 tibi

368 2764 456 2816 vel
485 2757 762 2814 meretrice
799 2753 1168 2809 inltonestior?
1193 2750 1345 2819 Quod
1393 2751 1438 2805 si
1477 2750 1682 2804 dixeris
1725 2749 1952 2805 ancillas

370 2855 423 2908 id
456 2853 635 2907 facere
653 2892 669 2916 ,
696 2864 869 2918 neque
895 2846 973 2901 sic
998 2846 1156 2900 tinem
1183 2843 1322 2898 facio
1349 2853 1402 2898 te
1429 2843 1716 2899 accusandi
1741 2859 1754 2897 :
1780 2857 1954 2914 neque

367 2946 516 3002 enim
544 2943 648 2997 illis
673 2941 723 2995 id
753 2938 1033 3008 oportebat
1061 2935 1316 3006 permitti.

444 3036 500 3089 7.
526 3031 719 3088 Omnia
746 3030 888 3084 enim
920 3027 1046 3081 hinc
1071 3025 1208 3081 mala
1250 3025 1514 3088 oriuntur,
1545 3023 1686 3094 quod
1739 3023 1954 3080 familia:

370 3126 576 3182 nullam
614 3121 904 3176 habeamus
946 3118 1210 3172 rationem
1239 3132 1253 3180 ;
1285 3115 1377 3171 sed
1404 3115 1470 3169 ad
1516 3130 1630 3169 rem
1657 3113 1955 3183 despicien-

366 3221 495 3275 dam
542 3215 672 3270 satis
711 3220 795 3268 est
847 3210 1059 3268 dicere.
1103 3209 1302 3264 Servus
1345 3216 1464 3266 est,
1517 3206 1729 3260 ancillae
1758 3215 1887 3260 sunt
1929 3221 1945 3259 :

367 3307 583 3367 etiamsi
609 3302 846 3375 quotidie
865 3300 1084 3358 audiant
1115 3319 1130 3355 :
1158 3297 1223 3352 In
1250 3298 1452 3352 Christo
1476 3297 1604 3352 Jesu
1631 3313 1732 3351 non
1752 3313 1949 3363 servus,

370 3421 474 3456 non
503 3401 626 3454 liber
656 3406 728 3451 est
782 3394 925 3463 (Gal.
967 3394 1020 3448 5.
1067 3391 1184 3461 28).
1215 3391 1296 3446 Tu
1325 3407 1452 3445 vero
1489 3405 1685 3459 equum
1736 3389 1951 3460 quidem

372 3508 481 3547 non
523 3488 754 3556 despicis
781 3500 879 3540 nec
907 3484 1118 3539 asinum
1144 3521 1161 3546 ,
1212 3481 1304 3535 sed
1350 3481 1479 3534 nihil
1513 3496 1617 3534 non
1644 3481 1758 3551 agis
1802 3489 1859 3534 ιιι
1888 3495 1955 3536 ne

371 3581 550 3636 vitiosi
591 3580 758 3640 fiant;
802 3589 985 3630 servos
1031 3581 1208 3626 autem
1255 3571 1486 3640 despicis
1529 3570 1715 3624 eadem
1745 3585 1848 3640 qua
1898 3580 1952 3625 tu

371 3671 627 3744 praeditos
654 3665 876 3722 anima?
906 3664 966 3718 Et
995 3663 1120 3733 quid
1149 3663 1271 3717 dico
1293 3676 1498 3726 serios,
1529 3662 1744 3730 quando
1791 3661 1952 3716 etiam

369 3775 430 3819 et
472 3763 610 3816 ﬁlios
637 3769 690 3814 et
720 3757 898 3811 tilias?
925 3755 1062 3823 Quid
1116 3768 1247 3808 vero
1293 3752 1520 3823 postea?
1548 3751 1783 3808 Necesse
1829 3761 1912 3808 est
1936 3792 1952 3816 ,

373 3865 437 3910 ut
455 3854 611 3909 dolor
637 3850 816 3906 statim
847 3850 1057 3912 subeat,
1087 3861 1209 3900 cum
1238 3846 1313 3899 illi
1344 3859 1532 3900 omnes
1560 3859 1772 3914 pessum
1795 3853 1951 3910 eant;

373 3960 521 4016 saepe
565 3951 742 3997 autem
797 3938 1086 3993 maximum
1135 3952 1346 4005 quoque
1389 3932 1682 4002 damnum,
1733 3951 1856 3990 eum
1901 3935 1952 3988 in

376 4037 533 4092 turba
561 4042 620 4090 et
662 4030 891 4086 tumultu
935 4029 1098 4084 multa
1124 4043 1285 4082 aurea
1319 4029 1546 4096 pretiosa
1578 4036 1816 4096 pereant.
1850 4027 1952 4080 De-

374 4129 502 4187 inde
548 4134 670 4197 post
715 4123 929 4193 nuptias
977 4121 1022 4176 si
1064 4129 1220 4175 natus
1266 4118 1430 4174 fuerit
1471 4117 1676 4183 infans,
1707 4118 1954 4173 eamdem

377 4220 678 4276 videbimus
724 4213 1016 4269 amentiam
1057 4221 1114 4268 et
1160 4211 1323 4264 multa
1370 4209 1614 4281 sytnbola
1638 4209 1747 4263 risu
1776 4209 1951 4279 plena.

375 4314 510 4370 Nam
552 4326 678 4368 cum
721 4307 912 4363 infanti
939 4320 1134 4360 nomen
1165 4306 1440 4374 imponere
1469 4303 1799 4371 oportuerit,
1847 4318 1954 4356 ttort

374 4415 684 4460 sanctorum
712 4399 926 4455 nomine
959 4396 1268 4466 appellant,
1300 4404 1356 4448 ιιι
1401 4403 1611 4448 veteres
1637 4393 1763 4446 olim
1793 4391 1954 4448 facie-

376 4499 537 4562 bant;
564 4493 660 4549 sed
705 4490 946 4546 accensis
989 4486 1220 4543 lucernis
1251 4485 1446 4556 quibus
1475 4485 1690 4538 nomina
1722 4484 1911 4538 indttnt
1935 4526 1951 4550 ,

378 4596 506 4650 nato
531 4597 727 4640 nomen
754 4580 941 4636 indunt
965 4578 1104 4647 ejus,
1132 4592 1251 4648 quae
1277 4576 1478 4631 diutius
1505 4575 1678 4630 lucem
1707 4575 1952 4644 dederit;

379 4681 506 4735 hinc
529 4675 880 4747 conjicientes
901 4673 1131 4726 futurum
1160 4678 1216 4724 ttt
1240 4668 1336 4724 diu
1362 4671 1525 4724 vivat.
1556 4667 1758 4723 Deinde
1783 4669 1831 4723 si
1857 4669 1958 4724 im-

380 4780 646 4826 maturum
669 4772 841 4824 morte
868 4761 1066 4831 corripi
1090 4759 1407 4830 contigerit,
1453 4767 1512 4813 ut
1550 4771 1694 4828 saepe
1721 4757 1955 4825 accidit,

380 4863 582 4920 multus
625 4867 878 4928 sequetur
897 4854 1096 4911 diaboli
1127 4853 1285 4920 risus,
1317 4849 1460 4921 quod
1489 4849 1612 4906 illos
1638 4864 1737 4906 ceu
1765 4850 1958 4906 stultos

385 4969 580 5027 pueros
603 4948 979 5009 ludificaverit.
1438 5009 1443 5014 θ

481 5046 743 5117 Ligautina
799 5052 846 5099 et
907 5040 1216 5111 crepitacula
1284 5037 1638 5106 superstitiosa
1661 5076 1676 5100 ,
1748 5036 1962 5105 aliisque

389 5138 780 5208 mentiones.
803 5131 1028 5200 -—Qttid
1077 5129 1275 5185 dixeris
1321 5129 1389 5184 de
1417 5127 1760 5199 ligaminibus
1797 5135 1853 5182 et
1894 5125 1964 5182 de

389 5229 720 5295 crepitaculis
747 5223 928 5280 manui
954 5221 1205 5293 appensis
1231 5228 1286 5276 et
1312 5219 1383 5275 de
1407 5221 1636 5274 stamine
1661 5218 1916 5273 coccineo
1943 5258 1959 5283 ,

389 5321 558 5390 deque
578 5319 696 5374 aliis
717 5317 902 5374 multis
927 5313 1131 5372 insania
1160 5312 1365 5382 plenis;
1388 5325 1509 5366 cum
1531 5319 1804 5380 oporteret
1832 5309 1964 5364 nihil

388 5410 531 5467 aliud
561 5425 725 5480 puero
765 5409 1169 5476 circumponere
1187 5446 1203 5470 ,
1231 5419 1388 5474 quam
1417 5403 1594 5458 erucis
1619 5401 1962 5458 custodiam?

388 5502 538 5558 Nune
561 5511 739 5558 autem
767 5499 859 5562 hic
899 5496 1114 5568 quidem
1150 5494 1432 5566 despectui
1470 5503 1555 5549 est
1582 5492 1825 5560 habitus,
1872 5493 1968 5563 qui

389 5595 650 5652 convertit
678 5602 846 5648 totum
875 5589 1061 5646 orbem
1089 5597 1348 5643 terrarum
1369 5626 1386 5652 ,
1415 5595 1466 5640 et
1503 5598 1720 5655 gravem
1751 5582 1968 5638 diabolo

393 5689 597 5758 plagam
653 5685 850 5740 inflixit
880 5691 1148 5751 totamque
1176 5680 1292 5749 ejus
1335 5678 1625 5748 potentiam
1668 5675 1970 5733 subvertit:

393 5781 707 5852 subtegmcn
747 5785 925 5831 autem
954 5783 1009 5830 et
1051 5782 1255 5828 stamen
1295 5769 1508 5840 aliaque
1538 5767 1784 5839 ligamina
1815 5767 1962 5823 simi-

1460 325 1521 381 iN
1561 322 1774 379 EPIST.
1819 322 1837 376 ι
1899 321 1990 376 ΑΒ
2024 319 2182 377 COB.
2222 323 2448 380 IIOMIL.
2494 328 2604 384 ΧΠ.

3534 351 3631 406 Ιθῧ

2065 437 2163 503 lia,
2210 454 2271 494 ea
2302 451 2426 496 sunt
2465 445 2618 513 queis
2659 446 2894 503 creditur
2934 453 3083 520 pueri
3138 459 3318 513 tutela.
3377 461 3629 521 Dicatune

2053 527 2194 583 aliud
2221 531 2387 601 magis
2413 533 2730 590 ridiculum?
2756 536 2859 593 Sed
2889 557 3047 596 nemo
3089 561 3186 601 nos
3215 549 3630 620 importunitatis

2051 630 2293 714 accuset,
2323 622 2367 714 si
2409 639 2644 696 eousque
2670 629 2921 698 procedat
2949 636 3140 692 oratio.
3175 638 3303 694 Nam
3333 644 3422 712 qui
3451 655 3633 714 pttlrc-

2052 705 2230 763 dinem
2265 713 2373 784 vult
2409 716 2721 784 emundare,
2754 734 2859 775 non
2893 726 3158 782 recusabit
3185 731 3332 797 prius
3350 705 3632 804 inquinare

2055 815 2244 854 manus
2282 816 2425 858 snas.
2457 805 2716 871 Quidnam
2747 826 2875 883 ergo
2899 825 2980 870 est
3006 816 3107 873 hoc
3133 820 3449 880 ridiculum?
3479 828 3628 894 Quod

2055 893 2268 961 quidem
2309 896 2438 952 nihil
2464 913 2584 954 esse
2629 902 2871 969 videtur,
2901 908 3130 980 ideoque
3152 915 3442 985 ingemisco
3467 937 3481 986 ;
3506 893 3632 979 ised

2055 993 2136 1037 est
2164 985 2481 1058 principium
2513 991 2732 1048 insanize
2760 1007 2812 1052 et
2839 1008 3094 1059 extrema:
3122 1005 3409 1065 dementire
3440 985 3491 1069 ιγ.
3525 1015 3632 1070 Lu-

2057 1087 2166 1132 tum
2203 1080 2454 1136 mulieres
2477 1083 2528 1137 in
2559 1085 2748 1142 balneo
2774 1091 3116 1161 accipientes,
3147 1103 3381 1157 nutrices
3406 1146 3421 1171 ,
3454 1114 3509 1159 et
3533 1122 3628 1160 an-

2054 1169 2222 1236 cillaz,
2255 1170 2419 1242 digito
2445 1174 2742 1246 tingentes,
2773 1182 2826 1235 in
2867 1186 3018 1252 pueri
3066 1186 3241 1245 fronte
3282 1169 3629 1263 imprimunt:

2055 1273 2108 1318 et
2151 1265 2196 1319 si
2249 1266 2376 1362 quis
2413 1269 2735 1362 interroget,
2769 1274 2906 1342 Quid
2953 1279 3053 1335 sibi
3100 1282 3215 1337 vult
3257 1285 3454 1356 lutum,
3505 1293 3631 1362 qttid

2054 1371 2264 1412 (mnum
2287 1360 2309 1411 ?
2330 1360 2520 1415 Malum
2547 1367 2736 1421 avertit
2758 1369 2990 1437 oculum,
3017 1374 3280 1444 inquiunt,
3306 1360 3633 1454 livoremqtte

2056 1462 2109 1504 et
2137 1451 2411 1509 invidiam.
2446 1455 2622 1526 Papo,
2648 1471 2840 1527 quanta
2867 1466 2947 1516 vis
2977 1465 3093 1530 luti,
3123 1479 3319 1538 quanta
3347 1476 3485 1528 caeni
3529 1451 3626 1543 po-

2059 1545 2260 1638 testas?
2289 1554 2499 1602 tantane
2520 1559 2576 1601 ut
2610 1560 2770 1606 totam
2799 1554 2998 1611 diaboli
3025 1561 3194 1615 aciem
3225 1565 3487 1638 profliget.
3520 1569 3633 1625 Non

2058 1636 2281 1705 pudore,
2311 1653 2512 1706 quaeso,
2547 1643 2970 1702 sullitndentitti?
3001 1666 3104 1704 non
3136 1655 3216 1708 vel
3250 1636 3402 1712 sero'
3422 1660 3635 1716 tandem

2056 1729 2250 1785 diaboli
2301 1730 2520 1801 laqueos
2575 1737 2914 1808 intelligetis,
2971 1747 3242 1813 quomodo
3294 1751 3362 1806 ab
3417 1753 3634 1810 ineunte

2055 1828 2212 1875 aetate
2256 1821 2531 1877 machinas
2557 1841 2680 1880 suas
2727 1831 2976 1896 paulatim
3011 1833 3261 1890 inducat?
3287 1839 3419 1896 Nam
3465 1845 3509 1900 si
3553 1846 3637 1898 lu-

2059 1919 2167 1963 tum
2197 1911 2296 1965 ltoc
2324 1912 2503 1976 faciat,
2533 1933 2627 1969 cur
2654 1935 2756 1970 non
2791 1930 2846 1974 tu
2895 1923 2945 1975 in
2977 1924 3151 1982 fronte
3181 1937 3262 1982 lu.
3299 1932 3525 2001 idipsum
3555 1936 3636 1990 fa-

2057 2001 2322 2095 cis_._ettrn
2366 2002 2449 2095 vir
2473 2007 2547 2059 sis
2573 2016 2628 2060 et
2676 2010 2828 2076 plena
2871 2022 3136 2077 tetate,et
3179 2021 3457 2088 plusquam
3506 2043 3636 2095 puer

2057 2090 2265 2147 invidos
2293 2091 2530 2149 habeas?
2553 2112 2650 2151 cur
2679 2115 2782 2153 non
2812 2103 2922 2156 luto
2972 2106 3132 2160 illittis
3183 2119 3350 2166 tutam
3397 2090 3590 2187 corpus
3614 2124 3636 2173 ?

2058 2199 2178 2237 nam
2207 2185 2252 2239 si
2284 2185 2337 2241 in
2365 2185 2544 2243 fronte
2574 2199 2772 2246 tantam
2799 2193 2956 2250 habet
2985 2202 3258 2262 virtutem.
3290 2220 3386 2260 cur
3426 2185 3530 2264 non
3585 2222 3636 2268 te

2057 2285 2225 2332 totum
2255 2279 2366 2334 luto
2393 2283 2640 2354 inungis?
2671 2284 2794 2341 ΙΙωο
2818 2298 2942 2343 sunt
2968 2292 3107 2348 risus
3133 2305 3185 2349 et
3209 2301 3469 2354 commdia
3499 2315 3634 2358 sata-

2056 2370 2174 2424 nica
2202 2412 2214 2434 ,
2247 2388 2365 2442 qua:
2392 2390 2496 2427 non
2521 2375 2587 2430 ad
2617 2377 2914 2434 irrisionem
2944 2391 3148 2439 tantttm
3175 2427 3188 2450 ,
3217 2390 3310 2444 sed
3342 2393 3408 2446 ad
3434 2395 3634 2464 gehen-

2057 2476 2192 2556 nam‘
2238 2465 2533 2556 praecipitat
2585 2483 2678 2521 eos
2717 2471 2804 2538 qui
2864 2472 3220 2544 decipiuntur.
3277 2481 3438 2540 Certe
3495 2491 3633 2556 quod

2055 2553 2194 2644 apud
2225 2553 2442 2611 Grmeos
2475 2559 2593 2612 talia
2625 2559 2769 2622 fiant,
2795 2563 2988 2618 mirum
3017 2583 3121 2622 non
3143 2579 3262 2638 est;
3289 2577 3433 2644 quod
3455 2553 3634 2635 autem

2054 2643 2192 2713 apud
2223 2660 2315 2700 eos
2343 2649 2432 2716 qui
2456 2663 2669 2704 crucem
2699 2651 2923 2707 adorant
2949 2695 2964 2720 ,
3005 2666 3059 2712 et
3084 2665 3458 2730 mysteriorum
3485 2683 3635 2726 arca-

2057 2752 2246 2791 norum
2293 2739 2580 2809 participes
2605 2753 2766 2808 sunt,
2797 2753 2850 2798 et
2891 2755 3036 2802 tanta
3087 2750 3550 2827 philosophantur,
3582 2764 3632 2816 id

2054 2840 2199 2886 certe
2240 2833 2419 2888 multis
2449 2833 2698 2905 lacrymis
2723 2845 2804 2890 est
2832 2837 3072 2908 dignum.
3119 2843 3260 2900 Deus
3289 2855 3339 2902 te
3370 2864 3636 2919 unguento

2056 2925 2319 2994 spirituali
2346 2926 2650 2994 honoravit,
2679 2941 2732 2985 et
2759 2943 2810 2986 ιιι
2845 2935 2954 2988 luto
2981 2937 3145 2992 tilium
3175 2939 3466 3013 deturpas?
3497 2948 3636 3004 Dens

2059 3028 2112 3074 te
2134 3018 2444 3085 decoravit,
2475 3031 2524 3075 et
2559 3030 2612 3075 tu
2638 3025 2865 3093 teipsnm
2890 3027 3224 3087 dedecoras?
3250 3043 3446 3092 etcum
3478 3055 3635 3109 Opor-

2059 3116 2196 3164 teret
2217 3111 2269 3164 in
2291 3109 2468 3168 fronte
2492 3127 2704 3168 crucem
2726 3116 3062 3186 adscribere,
3087 3138 3206 3192 qua:
3223 3126 3634 3197 insuperabili-nt

2061 3202 2278 3256 tutelam
2305 3203 2545 3272 pnnbet;
2580 3217 2633 3260 tu
2661 3206 2743 3262 his
2781 3209 3017 3266 dimissis
3043 3213 3094 3268 in
3123 3218 3414 3274 satanicam
3446 3237 3638 3278 amen-

2061 3293 2184 3348 liam
2211 3294 2453 3350 decidis?
2477 3297 2530 3352 Si
2549 3299 2743 3368 quibus
2762 3311 2938 3357 autem
2960 3303 3072 3360 haec
3087 3322 3246 3376 parva
3277 3326 3395 3366 esse
3419 3315 3638 3372 videan-

2060 3395 2180 3454 tur,
2207 3389 2416 3444 discant
2460 3391 2510 3446 id
2552 3408 2673 3449 esse
2717 3411 3026 3466 magnorum
3069 3416 3286 3457 causam
3329 3407 3588 3464 malorum
3619 3453 3634 3478 ,

2061 3498 2232 3552 neque
2252 3484 2417 3538 Paulo
2437 3486 2608 3541 visum
2631 3486 2792 3544 fuisse
2823 3504 2980 3558 parva
3005 3494 3292 3564 negligere.
3309 3499 3445 3564 Quid
3469 3503 3635 3568 enim,

2058 3590 2260 3644 qnmso,
2294 3577 2468 3632 minus
2493 3589 2594 3642 est,
2622 3595 2781 3648 quam
2805 3590 2862 3635 ιιι
2889 3583 3048 3638 Ιιοιηο
3074 3597 3230 3655 caput
3259 3593 3504 3658 operiat?
3530 3594 3634 3649 Sed

2061 3666 2178 3722 vide
2202 3676 2452 3737 quantam
2486 3668 2643 3740 hujus
2670 3670 2747 3724 rei
2773 3687 2953 3726 curam
2980 3673 3169 3731 habeat
3189 3718 3204 3743 ,
3227 3688 3419 3736 etcum
3442 3696 3635 3754 quanta

2062 3757 2339 3827 prohibeat
2367 3760 2701 3814 vehementia
2724 3803 2740 3829 ,
2791 3771 2899 3816 tum
2927 3765 3029 3818 alia
3067 3768 3227 3822 multa
3259 3771 3475 3840 dicens,
3527 3785 3634 3829 tum

2061 3849 2200 3916 quod
2231 3860 2390 3914 caput
2409 3865 2562 3904 suum
2585 3851 2902 3908 dehonestet
2931 3856 2979 3926 (l
3015 3856 3132 3913 Cor.
3157 3860 3242 3914 ll.
3267 3859 3344 3932 4).
3376 3864 3430 3918 Si
3457 3876 3632 3920 autem

2060 3942 2150 4013 qui
2197 3942 2325 4010 tegit
2382 3953 2537 4010 caput
2565 3983 2580 4008 ,
2626 3945 2798 4014 ipsum
2847 3946 3197 4015 dehonestat;
3229 3955 3319 4022 qui
3358 3954 3467 4010 luto
3508 3958 3632 4010 illud

2063 4033 2211 4104 ungit
2235 4075 2250 4097 ,
2286 4034 2565 4103 'qttomodo
2594 4049 2698 4089 non
2727 4051 2949 4105 puerum
2978 4040 3150 4096 reddit
3175 4043 3586 4102 abominandum
3613 4051 3635 4102 ?

2059 4123 2346 4194 quomodo,
2377 4139 2579 4194 quieso,
2612 4125 2828 4181 adducit
2858 4144 2978 4182 eum
3010 4131 3076 4185 ad
3107 4147 3293 4187 manus
3315 4139 3639 4193 sacerdotis?

2059 4216 2328 4285 quomodo
2354 4217 2607 4285 precaris,
2634 4227 2691 4271 ut
2717 4219 3013 4289 presbyteri
3043 4237 3200 4276 manu
3225 4227 3552 4294 signaculum
3580 4238 3632 4283 ιιι

2060 4305 2234 4360 fronte
2256 4318 2560 4375 apponatur
2587 4344 2601 4369 ,
2653 4307 2740 4361 ubi
2771 4309 2880 4362 luto
2908 4312 3102 4367 unxisti
3121 4314 3145 4367 ?
3167 4314 3275 4379 Ne,
3305 4315 3498 4372 fratres
3519 4362 3533 4382 ,
3573 4339 3638 4374 ne

2061 4397 2177 4454 Itth
2199 4397 2436 4462 faciatis;
2470 4398 2564 4452 sed
2589 4401 2658 4454 ab
2683 4400 2898 4456 ineunte
2923 4413 3079 4459 relate
3103 4421 3293 4475 pueros
3342 4410 3629 4479 spirituali-

2061 4492 2164 4547 bus
2208 4491 2373 4545 armis
2410 4492 2621 4570 ‘munite
2641 4531 2655 4556 ,
2686 4502 2741 4546 et
2770 4491 2958 4548 docete
2983 4510 3076 4549 eos
3099 4512 3256 4550 manu
3305 4497 3533 4555 frontem
3561 4519 3604 4557 si
3624 4534 3637 4542 -

2061 4598 2262 4654 gnare;
2293 4583 2452 4649 etiam
2480 4583 2627 4652 prius
2651 4598 2808 4654 quam
2857 4585 3055 4654 possint
3095 4587 3196 4644 hoc
3235 4605 3394 4645 manu
3426 4590 3598 4648 facere
3624 4636 3640 4661 ,

2065 4690 2158 4730 vos
2184 4673 2284 4743 ipsi
2312 4673 2391 4728 eis
2416 4687 2629 4728 crucem
2659 4673 2970 4744 imprimite.

2135 4768 2476 4838 Prteﬁcarnm
2508 4783 2648 4821 usus.
2670 4767 2892 4834 -—-Quid
2923 4768 3121 4837 dixeris
3148 4771 3214 4825 de
3241 4773 3360 4826 aliis
3390 4777 3639 4831 satanicis

2066 4862 2530 4918 observationibus
2574 4861 2625 4914 in
2668 4859 2940 4915 doloribus
2969 4863 3102 4916 uteri
3131 4873 3185 4917 et
3219 4864 3271 4918 in
3301 4875 3454 4934 partu
3485 4867 3640 4921 adhi-

2065 4956 2213 5023 bitis,
2236 4969 2368 5025 quas
2388 4952 2705 5009 obstetrices
2728 4953 2780 5006 in
2807 4953 2996 5021 capitis
3016 4955 3096 5009 sui
3120 4956 3318 5012 malum
3348 4959 3640 5018 inducunt?

2067 5047 2137 5103 de
2190 5047 2258 5101 iis
2299 5046 2425 5100 item
2455 5060 2572 5114 qua:
2613 5045 2664 5096 itt
2696 5051 2867 5097 morte
2889 5083 2907 5108 ,
2944 5052 2997 5099 et
3030 5061 3150 5100 eum
3183 5063 3398 5120 corpus-
3423 5053 3638 5108 elfcrtur

2069 5139 2424 5201 adhibentur;
2453 5135 2680 5205 ejulatus
2707 5152 2898 5206 nempe
2919 5181 2933 5202 ,
2967 5139 3210 5209 planctus
3242 5143 3411 5200 insani
3437 5188 3452 5212 ,
3483 5149 3644 5203 ειυηε,

2069 5230 2124 5286 itt
2162 5228 2419 5300 sepulcris
2461 5228 2712 5295 admissa,
2741 5230 2880 5283 circa
2911 5243 3248 5287 mouurnenta
3279 5237 3534 5302 studium,
3561 5239 3646 5294 in-

2073 5321 2448 5392 tempestivum
2489 5330 2544 5374 et
2591 5320 2871 5376 ridiculum
2903 5324 3233 5392 praeficarum
3265 5343 3452 5396 agmen
3479 5370 3494 5396 ,
3529 5330 3644 5384 die-

2074 5429 2191 5470 rum
2217 5411 2637 5476 observationes,
2669 5427 2874 5468 necnon
2902 5414 3172 5483 ingressus
3200 5424 3252 5468 et
3289 5417 3505 5470 exitus?
3537 5419 3638 5472 llo-

2079 5523 2265 5562 ruume
2287 5547 2303 5571 ,
2353 5521 2532 5574 qtucso
2558 5545 2572 5568 ,
2603 5505 2817 5558 venaris
2839 5503 3104 5574 gloriam?
3141 5514 3194 5560 et
3219 5508 3488 5575 quomodo
3534 5511 3647 5567 haec

2134 5639 2153 5704 ξ
2179 5635 2270 5686 Hic
2291 5636 2429 5704 locus
2455 5637 2538 5704 sic
2560 5634 2724 5703 habet.
2818 5645 2914 5680 uno
2942 5633 3105 5704 Rpgg
3137 5632 3274 5702 Quod
3299 5632 3493 5704 quidem
3522 5633 3646 5704 nihil

2071 5698 2244 5763 habere
2270 5695 2388 5748 mali
2414 5697 2655 5763 plerisque
2676 5693 2882 5763 videtur,
2911 5695 2996 5743 sed
3019 5693 3087 5745 est
3109 5693 3401 5758 principium
3423 5695 3646 5746 incredu-

2074 5760 2244 5824 litatis,
2265 5766 2312 5812 ιι
2333 5759 2564 5812 extrema:
2582 5759 2832 5809 dementia:
2859 5769 2994 5820 opus.
3647 5789 3650 5792 .
