4086 6214
399 350 499 406 107

398 478 503 518 non
532 470 781 517 extremm
815 459 1099 519 dementize
1130 459 1360 528 fuerint,
1394 462 1664 518 hominum
1693 464 1764 519 ita
1800 472 1978 520 mente

395 569 772 631 corruptorum
795 568 852 615 et
876 560 1051 615 omnia
1081 568 1283 613 temere
1302 560 1570 629 agentium
1592 560 1811 630 gloriam
1834 576 1978 630 qum.—

394 666 537 717 rere,
558 667 681 707 cum
707 660 981 721 oporteret
1004 665 1216 720 semper
1242 650 1308 705 ad
1342 650 1637 706 insomnem
1678 652 1824 705 illum
1841 667 1962 706 con-

394 746 579 814 fugere
607 745 823 800 oculum
843 785 859 808 ,
888 752 942 797 et
967 742 1081 813 ejus
1108 745 1427 799 sententiam
1459 754 1763 814 spectantes
1792 745 1972 801 onmia

394 841 572 892 tacere
616 851 679 890 ac
703 835 884 891 dicere
904 835 931 889 ?
958 835 1018 889 lli
1044 846 1189 891 certe
1216 837 1425 890 etiamsi
1454 835 1690 899 laudent,
1719 835 1848 889 nihil
1878 851 1971 888 vos

387 928 575 999 jnrare
605 937 858 999 poterunt
886 945 899 981 :
924 929 1013 983 ille
1039 944 1185 993 vero,
1209 929 1253 984 si
1275 939 1422 999 gesta
1448 937 1627 982 nostra
1652 928 1750 999 ipsi
1775 928 1970 982 fuerint

1723 1050 2737 1075 Ἢ

1172 349 1229 405 S.
1262 348 1538 407 JOANNIS
1572 348 2049 409 CIIRYSOS'I'UM!
2087 355 2403 417 ARCIIIEP.
2444 362 2970 423 CONSTALVTINOP.

3376 429 3384 455 η
3559 378 3664 434 ίοε

2081 481 2299 541 accepta
2325 513 2341 541 ,
2389 485 2443 531 et
2491 477 2578 535 hic
2612 481 2924 549 splendidos
2956 485 3143 543 reddet
3192 498 3248 544 et
3273 490 3327 544 in
3364 490 3443 546 tot
3464 510 3543 546 ινα
3572 498 3665 551 die

2081 575 2271 618 arcana
2324 566 2408 622 illa
2459 569 2595 625 bona
2641 573 2841 630 tribuet
2885 594 2898 629 :
2945 594 3065 648 quae
3094 597 3195 637 nos
3232 601 3422 640 omnes
3446 592 3663 658 assequi

2079 657 2349 727 contingat
2370 700 2386 723 ,
2420 662 2586 730 gratia
2617 674 2670 719 et
2704 667 3040 739 benignitate
3074 674 3284 731 Domini
3322 681 3488 734 nostri
3533 657 3663 736 Iesu

2077 742 2314 840 Christi,
2348 750 2558 819 quicum
2592 755 2734 811 Patri
2758 767 2813 812 et
2861 776 2962 813 una
2989 762 3208 832 Spiritui
3237 779 3424 822 sancto
3464 771 3659 840 gloria,

2077 836 2269 907 honor,
2296 843 2597 914 imperium,
2624 864 2761 906 nunc
2777 860 2953 909 etsetn
2961 872 3077 926 per,
3102 869 3156 913 et
3182 860 3232 913 in
3254 862 3456 917 saecula
3468 836 3657 919 ismarus-

2076 928 2270 987 lorum.
2301 934 2494 992 Amen.

2742 1066 3648 1095 Ἥ

1714 1107 2061 1170 HOMILIA
2104 1109 2279 1174 XIII.

383 1261 511 1318 CAP.
541 1263 594 1318 4.
626 1277 682 1318 v.
714 1260 801 1318 10.
845 1258 958 1315 Nos
996 1260 1136 1315 stulti
1166 1268 1370 1332 propter
1412 1259 1662 1314 Christum
1699 1257 1956 1330 (necesse

453 1354 595 1412 enim
638 1362 722 1409 est
752 1354 875 1408 hinc
915 1368 1124 1408 rursum
1156 1367 1458 1407 sermonem
1502 1352 1849 1417 resumere);
1878 1365 1964 1403 vos

451 1454 623 1497 autem
651 1443 923 1513 prudentes
946 1445 999 1496 in
1026 1443 1227 1498 Christo
1255 1458 1274 1496 :
1303 1459 1395 1495 nos
1438 1441 1650 1507 in/irmi,
1682 1456 1768 1494 vos
1797 1450 1966 1493 autent

453 1539 647 1606 fortes;
674 1552 760 1589 vos
783 1533 1015 1604 gloriosi,
1045 1549 1137 1587 nos
1165 1542 1332 1587 autem
1353 1532 1577 1603 inglorii.

451 1630 511 1684 l.
554 1629 842 1699 Postquam
870 1628 1131 1699 gravitate
1175 1628 1342 1682 multa
1370 1641 1673 1682 sermonem
1710 1625 1964 1695 impleve-

337 1739 342 1743 ”
378 1733 483 1787 rat,
531 1719 583 1774 id
623 1720 765 1791 quod
815 1721 959 1774 Ollllll
1007 1720 1233 1776 crimine
1276 1718 1536 1790 majorem
1567 1718 1819 1774 inferebat
1852 1719 1965 1789 pla-

377 1827 521 1881 gam,
555 1811 643 1866 hic
671 1826 793 1866 cum
823 1811 1083 1881 dignitate
1115 1810 1214 1866 sibi
1248 1810 1565 1881 congruenti
1589 1809 1693 1864 hoc
1723 1818 1913 1864 tractat
1942 1824 1959 1863 :

377 1913 434 1959 et
461 1916 583 1959 eum
615 1903 859 1969 dixisset,
903 1902 1030 1958 Sine
1057 1902 1201 1957 nobis
1238 1902 1528 1973 regnastis;
1567 1910 1642 1968 et,
1691 1900 1828 1955 Deus
1871 1916 1961 1955 nos

377 1994 678 2048 novissimos
730 1994 967 2058 ostendit,
1020 2003 1280 2063 tamquam
1320 2002 1470 2046 mam
1513 1992 1820 2055 destinatos;
1866 2006 1962 2062 per

375 2085 654 2155 sequentia
694 2085 929 2139 ostendit
958 2084 1228 2155 quomodo
1277 2084 1435 2140 morti
1464 2084 1715 2139 destinati
1755 2092 1957 2151 essent,

374 2178 560 2233 dict-us
588 2194 604 2232 :
636 2176 747 2232 Nos
788 2177 929 2231 stulti
956 2187 1002 2231 et
1038 2177 1231 2246 iit/irati
1255 2186 1303 2231 et
1332 2177 1558 2248 inglorii,
1590 2177 1678 2231 II.
1717 2185 1765 2230 et
1794 2179 1932 2230 esuri
1943 2207 1960 2218 -

374 2285 486 2323 tnus
514 2278 561 2323 et
586 2269 804 2333 sitimns,
834 2277 881 2322 et
909 2269 1033 2321 ntuli
1061 2285 1254 2335 smnus,
1284 2282 1333 2322 et
1372 2269 1600 2339 colaphis
1623 2268 1884 2329 credimur,
1912 2278 1959 2323 et

373 2358 631 2415 instabiles
672 2375 862 2424 sumus,
902 2358 991 2412 12.
1028 2369 1075 2413 et
1111 2357 1397 2413 laboramus
1434 2369 1699 2430 aperantes
1728 2361 1958 2414 manibus

373 2451 561 2505 nostris
592 2466 611 2505 :
638 2466 757 2521 quae
797 2449 988 2504 indicia
1020 2466 1143 2506 rere
1173 2460 1324 2505 erant
1349 2451 1628 2507 doctorum
1659 2461 1713 2508 et
1737 2461 1957 2522 aposto-

373 2542 566 2596 lorttut.
587 2543 656 2596 At
682 2542 753 2596 illi
782 2541 833 2595 iu
854 2542 1137 2597 contrariis
1160 2542 1321 2595 altum
1342 2542 1642 2612 sapiebaut,
1672 2543 1723 2597 iu
1749 2543 1958 2613 sapien-

374 2634 467 2695 tia.
500 2633 551 2687 in
576 2632 766 2703 gloria,
796 2632 848 2686 itt
876 2631 1099 2700 divitiis,
1129 2632 1270 2703 quod
1300 2633 1707 2688 honorarentur.
1739 2632 1803 2688 Ut
1829 2648 1958 2703 ergo

375 2726 588 2781 illorum
607 2726 799 2780 fastum
828 2725 1113 2795 deprimat,
1140 2737 1193 2779 et
1215 2725 1465 2780 ostendat
1486 2726 1538 2780 in
1571 2725 1636 2780 iis
1667 2742 1773 2780 non
1797 2725 1958 2780 modo

373 2833 480 2871 non
507 2816 745 2886 gloriari,
772 2816 865 2870 sed
892 2815 1052 2870 etiam
1081 2814 1284 2884 pudore
1313 2815 1450 2871 allici
1481 2825 1750 2885 Oportere,
1785 2816 1957 2886 primo

372 2909 495 2965 illos
525 2908 753 2964 traducit
779 2908 985 2974 dicens,
1010 2907 1136 2962 Sine
1173 2906 1317 2961 nobis
1343 2908 1611 2978 regnastis.
1657 2907 1770 2978 Ego
1811 2909 1953 2962 enim

371 2999 512 3061 dico.
547 2998 737 3069 inquit,
768 3013 1002 3067 pnrsens
1033 3007 1242 3066 tempus
1268 3014 1372 3053 non
1398 2999 1617 3053 honoris
1640 3013 1814 3068 neque
1835 3000 1954 3069 glo-

372 3090 466 3143 ria:
493 3104 636 3155 esse,
668 3089 820 3160 queis
851 3104 944 3144 vos
986 3088 1256 3153 fruiutini;
1300 3088 1394 3143 sed
1428 3090 1859 3159 persequutiouis
1901 3097 1955 3144 et

371 3183 843 3251 couttnneliarum,
876 3196 1008 3253 quas
1056 3199 1153 3236 nos
1196 3181 1442 3252 patimur.
1473 3181 1624 3249 Quod
1666 3181 1711 3237 si
1739 3181 1840 3237 hoc
1881 3182 1953 3236 ita

373 3291 478 3328 non
509 3273 599 3338 sit,
627 3274 726 3329 etsi
749 3273 858 3343 jam
890 3281 1098 3342 tempus
1121 3274 1564 3327 remunerationis
1589 3273 1679 3339 sit,
1712 3282 1770 3328 ut
1797 3272 1953 3329 rideo

375 3366 503 3435 (hoc
540 3376 720 3421 autem
745 3381 839 3436 per
870 3366 1095 3420 ironiam
1135 3365 1310 3436 dicit),
1342 3380 1437 3419 vos
1467 3365 1680 3437 quidem
1706 3365 1950 3436 discipuli

369 3457 485 3528 jam
519 3460 817 3527 regnastis;
852 3474 950 3511 nos
989 3466 1165 3512 autem
1211 3456 1459 3512 doctores
1487 3465 1539 3512 et
1583 3457 1831 3527 apostoli,
1861 3458 1950 3527 qui

374 3558 504 3605 ante
553 3563 741 3604 omnes
790 3548 1095 3604 mercedem
1142 3549 1385 3618 accipere
1439 3546 1785 3615 debebamus,
1844 3564 1949 3603 non

369 3640 533 3696 modo
558 3640 712 3697 vobis
752 3640 1078 3711 posteriores
1117 3655 1319 3706 sumus,
1362 3640 1455 3696 sed
1504 3642 1663 3696 etiam
1697 3652 1753 3695 nt
1791 3643 1948 3697 morti

373 3733 644 3799 destinati,
686 3733 737 3787 id
765 3743 848 3787 est
889 3732 1152 3798 damnati,
1191 3746 1403 3801 semper
1443 3733 1495 3786 in
1536 3733 1845 3803 ignominia,
1896 3734 1948 3789 in

380 3824 654 3894 periculis,
685 3824 735 3877 in
762 3822 902 3879 fame
939 3823 1197 3893 degimus,
1229 3824 1549 3878 contmuelia
1592 3824 1767 3878 allecti
1811 3834 1949 3879 tam-

369 3931 527 3985 quam
574 3914 741 3981 stulti,
789 3915 922 3985 pulsi
976 3924 1032 3970 et
1087 3915 1440 3971 intolerabilia
1483 3916 1762 3986 patientes.
1823 3918 1949 3974 llxec

373 4021 534 4072 porro
560 4005 791 4073 dicebat,
825 4018 879 4060 ut
907 4022 973 4062 ex
1004 4005 1068 4084 iis
1096 4006 1441 4076 persuaderet
1471 4008 1621 4079 ipsis,
1648 4010 1786 4080 quod
1818 4026 1949 4081 apo-

368 4101 631 4155 stoloruut
661 4111 811 4172 gesta
839 4099 1099 4156 deberent
1124 4101 1382 4165 tenmlari,
1409 4101 1644 4171 pericula
1677 4118 1869 4173 nempe
1894 4114 1950 4159 et

375 4193 751 4256 contunielias.
803 4208 909 4247 non
941 4203 1117 4247 autem
1150 4192 1405 4248 honorem
1453 4203 1505 4248 et
1540 4194 1762 4264 gloriam
1795 4213 1809 4250 :
1843 4211 1947 4250 nou

369 4282 514 4338 enim
560 4283 668 4349 illa,
708 4283 801 4338 sed
832 4282 948 4339 ha-e
970 4283 1208 4353 postulat
1250 4284 1574 4354 praedicatio.
1603 4284 1707 4342 Sed
1735 4286 1837 4344 hoe
1866 4298 1947 4343 ta-

370 4389 494 4428 men
525 4390 630 4428 non
660 4374 863 4430 directe
890 4373 1042 4443 dicit,
1076 4384 1133 4428 ut
1160 4390 1228 4429 ne
1258 4375 1501 4430 videatur
1533 4376 1661 4446 ipsis
1691 4379 1949 4434 molestus

366 4482 525 4529 esse;
552 4466 646 4521 sed
679 4476 737 4521 nt
765 4468 913 4523 illum
943 4468 1188 4533 decebat,
1220 4468 1298 4523 sic
1327 4479 1518 4523 tractat
1546 4469 1684 4525 hanc
1709 4470 1949 4540 increpa-

370 4558 590 4612 tionem.
639 4556 771 4610 Nam
815 4559 857 4612 si
910 4558 1113 4614 directe
1153 4574 1454 4616 sermonem
1504 4561 1818 4628 induxisset,
1867 4565 1947 4618 sic

369 4648 609 4700 dicturus
631 4655 748 4701 erat
775 4664 789 4702 :
820 4649 1021 4701 Erratis
1047 4658 1103 4703 et
1127 4648 1369 4703 fallimini
1400 4658 1453 4703 et
1479 4634 1857 4720 longe-abestis
1880 4654 1948 4707 ab

370 4737 735 4794 adnmnitioue
760 4737 1050 4810 apostolica
1082 4756 1097 4794 :
1129 4746 1343 4808 Oportet
1379 4740 1521 4794 enim
1550 4743 1847 4810 apostolum
1894 4752 1947 4799 et

374 4831 677 4887 ministrum
704 4831 899 4887 Christi
929 4831 1148 4885 stultum
1172 4829 1364 4898 videri,
1391 4840 1553 4902 atque
1583 4833 1633 4886 in
1663 4833 1946 4890 afﬂictione

371 4935 427 4980 et
453 4933 760 4995 contemptu
789 4924 1005 4995 degere,
1035 4933 1092 4978 ut
1126 4939 1224 4980 nos
1253 4921 1524 4995 degitnus;
1572 4941 1664 4980 vos
1688 4937 1865 4983 autem
1894 4930 1944 4986 in

370 5015 660 5072 contrariis
697 5017 846 5071 estis.
878 5015 982 5071 Sed
1012 5016 1088 5072 sic
1118 5016 1232 5072 lure
1257 5008 1425 5088 magis
1451 5018 1571 5075 illos
1612 5022 1944 5077 commovis-

373 5119 516 5177 sent,
556 5116 741 5180 utpote
766 5124 884 5179 qua:
925 5109 1287 5178 apostolorum
1334 5112 1575 5166 encomia
1603 5128 1712 5184 prae
1754 5128 1817 5169 sc
1845 5115 1950 5170 fer-

373 5209 516 5266 rent,
540 5210 596 5254 et
624 5199 746 5255 illos
774 5199 1128 5255 reddidissent
1153 5200 1486 5268 audaciores,
1518 5214 1575 5258 ut
1604 5204 1696 5274 qui
1721 5220 1948 5264 accusa-

374 5304 560 5347 rentur
583 5292 866 5357 socordia,
898 5291 1071 5346 inanis
1099 5291 1284 5362 glorize
1311 5302 1365 5347 et
1392 5293 1718 5353 divitiarum.
1742 5300 1949 5357 Idcirco

379 5397 482 5437 non
514 5384 615 5440 hoc
654 5382 814 5439 modo
837 5381 978 5438 dicta
1019 5381 1345 5454 procedunt,
1380 5385 1473 5440 sed
1504 5386 1632 5452 alio,
1659 5391 1748 5459 qui
1780 5395 1948 5465 magis

370 5474 589 5547 quidem
613 5477 937 5548 perstringit,
966 5474 1060 5531 sed
1088 5476 1262 5530 minus
1287 5477 1542 5535 molestus
1567 5493 1671 5537 est.
1701 5485 1949 5557 Quapro_

371 5574 491 5638 pter
516 5564 587 5619 ita
619 5566 825 5636 profert
853 5566 1146 5622 orationem
1190 5582 1285 5637 per
1314 5568 1558 5640 ironiam,
1592 5573 1815 5633 dicens:
1851 5577 1949 5633 Vos

367 5667 539 5712 autem
569 5661 723 5728 fortes
751 5669 800 5715 et
820 5659 1045 5731 gloriosi.
1072 5658 1202 5715 Nam
1233 5660 1278 5715 si
1306 5660 1472 5716 ironia
1500 5679 1603 5719 non
1631 5681 1756 5722 usus
1782 5680 1946 5732 esset.

368 5747 441 5805 ita
471 5748 730 5806 dixisset:
766 5750 903 5807 Fieri
946 5766 1051 5806 non
1095 5760 1286 5824 potest,
1316 5764 1371 5810 ut
1413 5753 1545 5810 alius
1575 5758 1765 5814 stultus
1795 5769 1947 5832 pute-

2076 1268 2180 1326 tur,
2213 1260 2350 1319 alius
2375 1265 2632 1337 prudens,
2678 1272 2814 1327 alius
2841 1273 3013 1345 fortis,
3057 1278 3194 1336 alius
3227 1284 3484 1351 'ulirmm,
3520 1304 3653 1355 pra--

2071 1352 2336 1411 diratione
2364 1366 2647 1431 utrumque
2670 1379 2773 1419 non
2806 1368 2819 1397 ¹
2852 1371 3168 1437 postulante.
3212 1375 3342 1430 Nam
3387 1382 3430 1433 si
3464 1352 3652 1436 liceret

2073 1443 2169 1499 hos
2195 1446 2346 1513 tales,
2375 1449 2509 1504 alios
2536 1452 2678 1508 aliud
2705 1450 2843 1521 esse,
2875 1474 2992 1528 qua:
3036 1480 3064 1513 a
3095 1464 3245 1518 nobis
3276 1468 3641 1535 proferuntur.

2068 1536 2298 1605 aliquam
2325 1539 2552 1599 fortasse
2572 1546 2834 1603 rationem
2861 1549 3120 1609 haberent
3143 1574 3156 1610 :
3186 1573 3257 1613 nu
3283 1578 3326 1611 to
3345 1574 3521 1618 autem
3549 1568 3653 1625 hoc

2071 1639 2176 1680 non
2208 1627 2355 1698 licet,
2400 1633 2650 1690 nimirum
2681 1640 2994 1707 prudentem
3036 1646 3120 1700 vel
3160 1648 3452 1718 gloriosum
3480 1657 3649 1716 videri

2068 1733 2133 1774 ac
2176 1720 2292 1777 sine
2319 1725 2559 1793 periculo
2598 1728 2813 1800 degere.
2856 1733 2947 1789 Sin
2987 1738 3186 1807 minus,
3227 1758 3448 1801 necesse
3483 1760 3565 1805 est
3591 1761 3652 1807 ut

2072 1810 2216 1915 Deus
2240 1830 2338 1870 vos
2367 1818 2520 1873 nobis
2549 1824 2861 1890 pra-tulerit,
2882 1842 2981 1882 vos
2999 1829 3287 1900 discipulos
3313 1836 3645 1907 doctoribus,

2066 1912 2157 1971 qut
2184 1912 2459 1962 innumera
2494 1912 2635 1979 passi
2678 1927 2882 1970 sumus.
2925 1920 3076 1985 thd
3102 1924 3146 1977 si
3176 1924 3279 1980 hoc
3304 1943 3463 1985 nemo
3490 1932 3649 1989 dixe-

2065 1993 2153 2059 rit,
2193 2004 2360 2094 restat
2401 2007 2457 2094 ut
2501 2012 2682 2057 nostra
2711 2019 2804 2060 vos
2850 2015 3260 2081 persequamini.
3311 2017 3379 2073 Et
3417 2036 3485 2076 ne
3522 2025 3651 2094 quis

2067 2100 2100 2154 p
2122 2096 2235 2143 uet.
2289 2089 2477 2158 inquit,
2528 2107 2613 2147 me
2640 2098 2902 2163 prmterita
2933 2110 3133 2157 tantum
3175 2089 3598 2171 commemorare
3622 2137 3641 2173 :

2070 2173 2238 2244 Usque
2282 2178 2336 2231 in
2377 2179 2507 2234 hanc
2537 2181 2715 2238 horam
2758 2194 2805 2239 ct
2851 2190 3100 2246 esurimus
3140 2203 3188 2247 et
3209 2197 3407 2254 sitintus
3448 2212 3494 2256 et
3518 2207 3649 2260 nudi

2063 2284 2258 2323 smnus.
2293 2270 2475 2327 Vidcn’
2498 2283 2659 2329 totatn
2688 2276 3109 2337 Christianorum
3142 2287 3303 2343 vitam
3335 2292 3492 2347 talem
3519 2311 3644 2352 esse

2062 2357 2280 2427 debere,
2312 2378 2416 2418 non
2446 2382 2552 2420 uno
2577 2367 2663 2422 vel
2692 2370 2867 2425 altera
2886 2372 3012 2429 die?
3037 2376 3220 2448 Neque
3245 2383 3388 2438 enim
3415 2387 3637 2452 athleta,

2062 2461 2151 2543 qui
2194 2461 2246 2507 in
2278 2470 2382 2509 uno
2423 2465 2624 2513 tantum
2662 2461 2832 2517 victor
2873 2467 3167 2522 certamine
3207 2483 3496 2530 coronatus
3531 2489 3639 2543 est,

2063 2541 2253 2598 iterum
2281 2557 2568 2602 coronatur
2592 2564 2712 2604 cmn
2741 2554 3105 2612 succubuerit.
3137 2558 3207 2613 Et
3234 2564 3502 2632 esurimus,
3545 2541 3642 2624 ad-

2061 2649 2247 2691 versus
2274 2652 2368 2693 eos
2393 2639 2483 2709 qui
2511 2639 2563 2694 in
2590 2642 2796 2700 deliciis
2814 2658 2981 2717 agunt
3005 2666 3020 2703 :
3052 2659 3099 2705 et
3118 2652 3348 2724 colaphis
3372 2659 3636 2730 credimur,

2060 2728 2316 2786 adversus
2336 2747 2430 2786 eos
2454 2733 2541 2803 qui
2564 2735 2727 2790 inﬂati
2748 2749 2871 2794 sunt
2894 2759 2907 2796 :
2937 2753 2985 2795 et
3006 2743 3263 2804 instabiles
3285 2766 3458 2807 smnus
3479 2728 3632 2824 pulsi,

2059 2821 2314 2877 adversus
2342 2837 2435 2880 eos
2462 2826 2549 2896 qui
2579 2827 2829 2885 labuntur
2862 2849 2876 2886 :
2904 2844 2950 2888 et
2987 2837 3112 2891 nudi
3149 2856 3346 2909 sumus,
3380 2821 3637 2904 advel-sus

2059 2928 2153 2969 cos
2180 2915 2267 2985 qui
2298 2927 2423 2971 sunt
2448 2918 2639 2974 divites
2666 2937 2678 2973 :
2705 2931 2753 2976 et
2777 2923 3086 2993 laboramus,
3109 2930 3219 2999 jam
3257 2946 3444 2992 contra
3475 2938 3639 2996 falsos

2059 3007 2351 3074 apostolos,
2382 3008 2469 3077 qui
2499 3024 2597 3065 nec
2626 3011 2871 3071 laborare
2900 3032 3001 3072 nec
3027 3022 3635 3098 periclitarisustinent,

2058 3096 2151 3151 St'tl
2183 3098 2277 3167 ipsi
2307 3097 2531 3155 fructum
2563 3103 2879 3174 percipiunt.
2909 3111 2979 3164 At
3004 3125 3103 3167 nos
3128 3128 3235 3170 non
3278 3117 3378 3185 sic,
3423 3096 3639 3192 inquiti,

2058 3191 2153 3245 Sed
2175 3210 2294 3248 cum
2319 3200 2554 3255 externis
2575 3203 2827 3272 periculis
2848 3221 2945 3262 nos
2966 3224 3176 3280 quoque
3200 3226 3455 3284 perpetuo
3481 3191 3637 3274 exer-

2056 3295 2237 3339 cemns
2263 3286 2463 3344 labore.
2508 3291 2766 3364 Quodque
2794 3296 2964 3366 majus
3008 3310 3109 3368 est,
3157 3319 3315 3358 nemo
3343 3309 3510 3376 possit
3550 3311 3635 3365 dio

2055 3386 2179 3428 cere
2210 3392 2304 3430 nos
2332 3377 2447 3433 lucc
2473 3396 2614 3451 aegre
2642 3384 2779 3439 ferre
2805 3399 2893 3440 aut
2923 3404 3313 3461 persequentes
3332 3412 3430 3453 nos
3470 3414 3632 3454 acutu-

2057 3478 2211 3519 sare:
2241 3469 2357 3523 illos
2383 3471 2524 3525 enim
2551 3474 2640 3542 qui
2669 3490 2766 3530 nos
2794 3488 3005 3547 vexant,
3050 3498 3143 3551 per
3164 3488 3428 3542 contraria
3457 3505 3635 3545 ιύιιιιι-

2056 3570 2327 3613 tua-alnus.
2359 3560 2471 3616 Hoc
2494 3564 2689 3634 quippe
2733 3582 2980 3638 maguum
3011 3582 3111 3635 est,
3157 3590 3260 3629 non
3289 3588 3465 3635 autem
3496 3583 3638 3640 male

2055 3649 2199 3715 pati;
2241 3652 2383 3721 quod
2422 3657 2669 3713 euntibus
2701 3670 2785 3715 est
2832 3679 3148 3733 commune;
3193 3686 3377 3728 verum
3428 3678 3631 3745 patien-

2057 3749 2136 3795 tes
2163 3758 2261 3799 nec
2288 3760 2430 3814 :egre
2458 3764 2559 3805 nec
2591 3750 2807 3823 indigne
2835 3754 2987 3812 ferre.

2124 3832 2179 3885 2.
2218 3832 2327 3890 Nos
2366 3848 2542 3893 autem
2592 3856 2699 3897 non
2745 3845 2906 3901 modo
2950 3863 3054 3905 non
3100 3868 3242 3923 aegre
3267 3854 3507 3925 ferimus,
3538 3863 3639 3917 sed

2052 3923 2211 3979 etiam
2248 3927 2612 3997 exsultamus;
2655 3936 2808 4003 cujus
2851 3939 2930 3993 rei
2961 3940 3063 3996 hoc
3101 3945 3310 4013 signum
3361 3962 3462 4016 est,
3489 3923 3637 4020 quod

2052 4029 2166 4081 eos,
2210 4017 2298 4086 qui
2342 4020 2495 4075 nobis
2539 4023 2675 4078 mala
2706 4026 2958 4096 inferunt,
2989 4037 3277 4092 contrariis
3316 4017 3637 4100 remunere-

2053 4121 2201 4199 inus.
2221 4108 2371 4175 Quod
2399 4123 2574 4168 autem
2605 4114 2705 4172 hoc
2733 4115 2987 4188 facerent,
3015 4125 3136 4177 audi
3161 4133 3435 4199 sequentia
3465 4151 3479 4182 :
3508 4134 3631 4188 Μα-

2052 4196 2338 4265 lctlicimur,
2366 4211 2415 4255 et
2445 4204 2811 4271 benedicimus;
2851 4196 3282 4282 persequutiouent
3309 4224 3550 4289 patimur,
3580 4237 3631 4280 et

2052 4288 2392 4359 sustinemus;
2434 4295 2520 4351 I5.
2552 4295 2983 4370 blasphemamur,
3024 4314 3072 4359 et
3113 4308 3447 4378 obsecramus,
3490 4324 3628 4369 tam-

2051 4395 2200 4447 quam
2227 4396 2560 4453 purgamenta
2601 4390 2777 4443 mtmdi
2798 4394 2921 4462 [acti
2957 4411 3150 4450 sumus.
3183 4398 3293 4454 Hoc
3331 4411 3433 4468 est,
3477 4406 3625 4461 stulti

2053 4482 2271 4569 propter
2290 4474 2580 4532 Christum.
2603 4479 2734 4535 Nam
2758 4485 2844 4551 qui
2875 4487 3013 4543 male
3039 4504 3226 4559 passus
3246 4502 3345 4557 est,
3375 4504 3432 4551 et
3453 4513 3629 4569 neque

2052 4579 2109 4617 sie
2139 4567 2412 4625 ulciscitur
2456 4588 2628 4643 neque
2669 4575 2834 4642 dolet,
2866 4584 3060 4639 stultus
3089 4586 3298 4644 videtur
3335 4567 3625 4665 esse‘apud

2055 4667 2306 4713 externos
2350 4672 2405 4717 et
2443 4664 2700 4735 inglorius
2728 4671 3098 4746 infirmusque.
3147 4680 3225 4734 Ac
3253 4695 3321 4737 ne
3351 4664 3624 4743 molestio-

2052 4763 2164 4803 rem
2190 4750 2439 4810 redderet
2457 4757 2778 4824 orationem,
2806 4763 2871 4818 ad
2898 4765 3107 4822 illorum
3135 4770 3409 4829 civitatem
3434 4791 3634 4834 terum.

2052 4857 2149 4898 nas
2192 4843 2469 4914 reducens,
2514 4851 2641 4921 quid
2691 4853 2866 4911 dicit?
2915 4856 3284 4931 Purgamenta,
3330 4882 3436 4922 non
3483 4872 3633 4927 urbis

2052 4948 2265 5006 vestra},
2313 4940 2406 4997 sed
2433 4944 2610 4999 mundi
2646 4950 2768 5017 [acti
2806 4967 3012 5020 sumus;
3046 4967 3101 5012 et
3148 4973 3354 5026 rursus,
3389 4961 3630 5020 Omnium

2052 5030 2357 5100 peripsemu,
2399 5049 2504 5090 non
2534 5046 2767 5094 vestrum
2807 5050 3030 5110 tantum,
3062 5048 3156 5102 sed
3187 5052 3448 5108 omnium.
3480 5054 3629 5114 Sicut

2052 5135 2183 5190 ergo
2224 5138 2346 5178 cum
2387 5125 2454 5181 de
2497 5126 2695 5184 Christi
2735 5147 2859 5187 cura
2893 5136 3146 5206 loquitur,
3180 5151 3340 5209 terra,
3396 5148 3530 5203 ca-lo
3573 5161 3629 5205 et

2051 5213 2197 5304 omni
2243 5226 2485 5271 creatura
2514 5220 2734 5284 relictis.
2781 5238 2994 5280 crucem
3030 5229 3081 5283 in
3115 5232 3292 5287 medio
3335 5238 3483 5304 ponit
3513 5256 3527 5290 :
3558 5239 3629 5296 ita

2052 5300 2212 5392 etiam
2243 5306 2456 5372 quando
2482 5307 2549 5362 ad
2576 5324 2634 5364 se
2656 5311 2767 5365 vult
2786 5315 3072 5384 attrahere,
3102 5321 3267 5389 signis
3299 5300 3617 5392 pimtermis-

2053 5389 2149 5489 sis,
2181 5408 2299 5461 qua:
2342 5407 2560 5467 propter
2601 5401 2744 5470 ipsos
2783 5418 2971 5474 passus
3018 5420 3101 5464 est
3126 5412 3274 5468 dicit.
3300 5389 3378 5470 Ita
3414 5432 3630 5489 quoque

2053 5482 2290 5539 solemus
2315 5501 2434 5541 cum
2464 5489 2655 5558 injuria
2684 5495 2947 5552 allicimur
2970 5500 3053 5554 vel
3079 5501 3405 5575 despicimur
3432 5482 3470 5563 ’τι
3511 5482 3633 5581 qni-

2057 5574 2300 5644 tntsdam,
2332 5594 2451 5648 qua:
2478 5597 2574 5652 pro
2601 5584 2709 5641 illis
2735 5591 2873 5657 passi
2904 5607 3088 5649 sumus
3120 5574 3435 5656 inmedium
3462 5574 3633 5660 addu-

2118 5776 2133 5807 ι
2169 5773 2222 5825 ln
2248 5775 2533 5835 quihusdam
2556 5776 2701 5832 Codd.
2726 5782 2867 5838 deest
2891 5787 3109 5852 negatio.
