4090 6216
468 297 571 352 W9

460 426 533 472 τά
565 415 711 486 πάθη
747 413 895 484 λέγει
928 417 995 472 τά
1040 408 1112 471 δι”
1147 416 1364 480 αύτούς.
1407 415 1565 470 Οὕτω
1598 419 1691 470 καὶ
1723 421 1855 490 ἡμῖν
1891 419 2033 485 ἔθος,

463 503 594 557 ὃταν
647 500 958 570 ἀδικώμεθα
1011 501 1159 568 παρά
1193 517 1352 553 τινων
1408 501 1502 553 καὶ
1545 503 2035 574 καταφρονῶμεθα,

465 587 610 656 άπερ
634 585 772 654 ὑπὲρ
802 583 981 638 αὐτῶν
1014 582 1306 652 ἐπάθομεν,
1336 582 1510 636 ταῦτα
1533 584 1716 653 φέρειν
1744 586 1822 648 είς
1846 587 2028 656 μέσον.

465 668 713 722 Πάντων
746 667 1051 734 περίψτυια
1088 664 1198 731 ἕως
1231 663 1382 734 ἄρτι.
1417 665 1644 720 Εῦτονον
1694 669 1792 739 τὴν
1823 670 2036 740 πληγὴν

465 750 634 804 ἐδωκε
683 749 819 819 πρὸς
855 747 930 816 τῷ
971 747 1132 799 τέλει.
1177 747 1424 802 Πάντων
1459 749 1549 815 δέ,
1583 751 1642 802 οὐ
1677 749 1783 804 τῶν
1811 750 2035 804 διωκόν-

463 853 591 898 των,
617 843 800 903 φησιν,
834 831 969 884 ἀλλά
995 831 1101 883 τῶν
1133 832 1198 884 δι’
1223 831 1314 895 οὒς
1332 833 1500 885 ταῦτα
1528 834 1810 904 πάσχομεν
1833 851 1846 865 ⁸
1877 851 2034 887 τουτ-

463 921 647 978 έστιι,
693 915 867 985 Χάριν
917 915 1026 985 ἕχω
1075 915 1274 986 πολλὴν
1331 917 1532 979 αὐτοῖς.
1584 916 2031 987 Βαρυθυμοῦντος

459 1001 521 1054 16
549 1001 719 1071 ῥῆμα,
748 999 848 1051 οὐκ
875 997 1164 1066 ἀλγοῦντος
1192 999 1378 1061 αὑτοῦ,
1413 999 1529 1052 ἀλλ’
1563 1000 1802 1063 ἐκείνους
1832 1001 2030 1071 πλῆξαι

459 1083 802 1155 βουλομένου.
848 1082 906 1135 ’0
931 1083 1038 1153 γὰρ
1067 1082 1234 1154 μυρία
1265 1083 1403 1151 ἔχων
1437 1083 1706 1150 ἐγκαλεῖν,
1732 1083 1827 1137 καὶ
1855 1085 2030 1137 ἀσπά-

455 1168 631 1232 ζεται.
671 1165 770 1218 Διὶ
801 1165 959 1218 τοῦτο
997 1167 1090 1218 καὶ
1124 1168 1150 1218 ό
1179 1165 1408 1235 Χριστὸς
1430 1165 1641 1219 κελεύει
1667 1166 1858 1237 πράως
1885 1168 2032 1238 ἡμᾶς

457 1250 645 1322 φέρειν
667 1249 767 1312 τάς
807 1249 1012 1319 ὕϐρεις,
1058 1249 1145 1302 ἵνα
1184 1250 1278 1302 καὶ
1307 1250 1462 1301 αὐτοὶ
1501 1250 1898 1320 φιλοσοφῶμεν,
1934 1251 2032 1304 κά-

455 1333 668 1394 κείνους
703 1330 902 1400 μᾶλλον
930 1331 1299 1401 ἐντρέπωμεν.
1337 1332 1410 1384 Ού
1435 1333 1540 1403 γάρ
1571 1331 1744 1396 οὕτως
1769 1330 2026 1402 ὑϐρίζων,

452 1416 531 1478 ὡς
578 1413 744 1482 σιγῶν
783 1429 887 1477 τις,
933 1411 1090 1465 τοῦτο
1141 1413 1452 1484 ἐργάζεται.
1502 1411 1613 1468 Εἶτ’
1661 1415 1850 1485 ἐπειδὴ
1890 1413 2029 1467 εἶδεν

453 1497 725 1568 ἀφόρητον
759 1497 857 1564 τὴν
892 1495 1137 1566 πληγὴν,
1183 1496 1395 1565 ταχέως
1440 1497 1606 1567 αὐτὴν
1639 1497 2024 1568 ἐθεράπευσεν,

452 1581 621 1634 εἰπών
639 1598 655 1611 ·
680 1581 801 1633 Οὐκ
829 1579 1129 1647 ἐντρέπων
1149 1580 1302 1648 ὑμᾶς
1328 1579 1528 1648 γράφω
1556 1581 1761 1644 ταῦτα,
1790 1583 1925 1635 ἀλλ’
1947 1583 2028 1648 ὡς

450 1661 634 1719 τέκνα
657 1680 777 1731 μου
813 1662 1085 1730 ἀγαπητὰ
1106 1662 1384 1716 νουθετῶ.
1415 1663 1526 1732 υύχ
1545 1664 1616 1726 ὡς
1648 1666 2024 1736 καταισχύνων

451 1748 562 1818 γάρ
603 1747 767 1816 ὑμᾶς,
811 1745 985 1800 ταῦτα
1033 1745 1196 1814 λέγω.
1235 1747 1418 1815 φησίν.
1453 1747 1630 1818 Ὅπερ
1676 1750 1898 1818 ἐποίησε
1936 1751 2024 1802 διά

449 1831 558 1885 τῶν
589 1831 866 1901 ῥημάτων,
907 1827 1062 1881 τοῦτό
1097 1846 1260 1899 φησιν
1289 1831 1350 1882 ού
1387 1831 1746 1899 πεποιηκέναι
1767 1850 1782 1864 ·
1819 1833 2020 1902 μᾶλλον

451 1914 510 1968 δέ
562 1911 918 1982 πεποιηκέναι
951 1911 1048 1981 μέν
1083 1928 1246 1981 φησιν
1277 1950 1290 1975 ,
1325 1912 1384 1964 οὐ
1424 1914 1529 1983 μὴν
1555 1914 1766 1986 διανοίᾳ
1808 1917 2021 1986 πονηρᾷ

453 1995 545 2050 καὶ
577 1994 808 2065 μισούση
829 2011 844 2024 ο
878 1995 1000 2045 ἐπεὶ
1025 1995 1118 2046 καὶ
1155 1994 1350 2064 ἀρίστη
1381 1995 1518 2065 αὕτη
1564 1999 1596 2065 ὴ
1633 1996 1916 2068 θεραπεία,
1947 2001 2024 2051 εί-

451 2079 621 2133 πόντα
664 2078 758 2131 τὸν
797 2077 953 2144 λόγον
990 2075 1306 2146 προσθεῖναι
1350 2077 1448 2148 τὴν
1493 2080 1600 2132 ἀπὸ
1640 2082 1738 2150 τῆς
1787 2081 2023 2146 διανοίας

447 2159 762 2230 ἀπολογίαν.
805 2159 897 2230 Μὴ
935 2161 1108 2211 εἰπεῖν
1151 2159 1249 2228 μέν
1283 2161 1390 2230 γάρ
1417 2163 1516 2214 ούκ
1547 2162 1694 2232 ἐνῆν,
1723 2165 1843 2216 ἐπεὶ
1875 2164 2018 2234 €9.11-

453 2262 550 2298 ναν
585 2244 651 2297 ἂν
693 2242 1006 2312 ἀδιόρθωτοι
1040 2256 1054 2270 ⁸
1096 2243 1318 2295 είπόντα
1362 2243 1430 2296 δὲ’
1461 2246 1680 2312 ἀφεῖναι
1712 2247 1874 2299 πάλιν
1923 2249 2023 2318 τὴν

449 2328 661 2398 πληγὴν
708 2326 946 2390 ἀνίατον,
995 2324 1260 2394 χαλεπόν
1303 2325 1492 2398 διόπερ
1535 2329 1674 2398 μετά
1717 2329 2019 2402 βαρύτητος

445 2411 816 2478 ἀπολογεῖται.
841 2408 1011 2462 Τοῦτο
1037 2409 1144 2479 γὰρ
1172 2410 1231 2462 ού
1258 2409 1416 2480 μόνον
1447 2413 1548 2465 οὐκ
1569 2411 1774 2484 ἐξαίρει
1799 2414 1896 2486 τὴν
1925 2432 2016 2468 το-

450 2496 559 2567 μὴν
591 2492 674 2565 [ΙΙ
694 2491 765 2565 l},
789 2491 924 2547 ἀλλά
973 2494 1066 2544 καὶ
1096 2492 1359 2564 ἐνδοτέρω
1394 2498 1538 2548 ποιεῖ
1567 2497 1886 2563 καταδῦναι,
1919 2500 2020 2570 τῆς

445 2579 658 2649 πληγῆς
697 2577 797 2646 τὴν
849 2575 1119 2645 ἀλγηδόνα
1150 2577 1639 2647 παραμυθούμενον
1685 2580 1920 2635 ἃπασαν.
1961 2584 2020 2636 ἹΟ

443 2662 554 2732 γάρ
579 2658 838 2724 ἀκούσας,
872 2659 952 2710 ὅτι
979 2659 1079 2711 οὐκ
1108 2659 1404 2724 ὀνειδίζων,
1435 2660 1551 2712 ἀλλ’
1585 2662 1816 2726 ἀγαπῶν
1845 2663 2018 2716 ταῦτα

443 2745 615 2814 λέγει,
654 2741 852 2813 μᾶλλον
893 2741 1250 2810 καταδέχεται
1289 2741 1386 2812 τὴν
1419 2743 1724 2813 διόρθωσιν.
1761 2745 2018 2816 Πολλὴδέ

445 2829 540 2882 καὶ
558 2824 788 2880 ἐνταῦθα
809 2825 846 2894 η
877 2822 1112 2894 βαρύτης
1135 2825 1227 2876 καὶ
1265 2824 1298 2894 ὴ
1329 2827 1582 2894 ἐντροπὴ.
1609 2826 1682 2878 Ού
1711 2827 1818 2898 γὰρ
1843 2823 2016 2892 εἶπεν,

441 2909 517 2973 ὡς
543 2907 880 2970 διδάσκαλος,
916 2906 1036 2958 οὐδὲ
1067 2906 1142 2969 ὡς
1169 2901 1483 2969 ἀπόστολος,
1511 2908 1633 2960 οὐδὲ
1657 2907 1733 2970 ὠς
1766 2909 2018 2978 μαθητὰς

442 2992 604 3062 ἔχων,
635 2992 771 3063 ὅπερ
800 2990 898 3060 τῆς
921 2989 1075 3055 ἀξίας
1098 2984 1186 3060 ἦν,
1217 2989 1352 3052 ἀλλ’,
1393 2990 1488 3055 Ὠς
1517 2990 1699 3043 τέκνα
1722 3009 1841 3060 μου
1871 2995 2018 3063 ἀγα..

441 3077 601 3144 πητὰ
633 3073 894 3129 νουθετῶ
919 3089 932 3101 °
970 3075 1064 3127 καί⁵
1096 3076 1194 3144 οὐχ
1218 3075 1402 3136 ἁπλῶς
1427 3075 1617 3138 τέκνα,
1647 3077 1785 3132 ἀλλά
1815 3079 2017 3132 ποθού-

445 3177 602 3232 μενα.
637 3158 918 3228 Σύγγνωτέ
950 3175 1058 3228 μοι,
1085 3157 1257 3227 φησί’
1291 3161 1384 3211 καὶ
1411 3159 1463 3211 εῖ
1490 3177 1542 3212 τι
1576 3161 1832 3232 φορτικὸν
1865 3161 2017 3233 είρη-

439 3261 553 3309 ται,
581 3242 642 3308 ἐξ
669 3243 889 3311 ἀγάπης
917 3240 1092 3294 ταῦτα
1120 3239 1350 3308 γίνεται.
1385 3243 1492 3294 Καὶ
1523 3245 1622 3295 οὐκ
1649 3240 1824 3306 εἶπεν,
1867 3245 2017 3298 Ἐπιο

440 3327 606 3396 τιμῶ,
634 3325 790 3387 ἀλλὰ..
821 3323 1113 3379 Νουθετῶ.
1154 3325 1247 3387 Τίς
1274 3325 1332 3376 δὲ
1369 3325 1468 3378 οὐκ
1505 3325 1570 3379 ἂν
1595 3328 1883 3398 ἀνάσχοιτο
1915 3347 2017 3382 πα-

440 3411 566 3480 τρὸς
588 3405 896 3476 ἀλγοῦντος,
929 3406 1021 3460 καὶ
1042 3406 1110 3459 τὰ
1152 3407 1338 3460 δέοντα
1379 3409 1872 3480 συμϐουλεύοντος;
1919 3412 2017 3464 Διά

440 3491 600 3546 τοῦτο
635 3491 694 3544 ού
735 3491 997 3562 πρότερον
1027 3486 1148 3543 εἷπε
1181 3491 1357 3552 τοῦτο,
1400 3492 1512 3544 ἀλλ’
1547 3495 1634 3545 ὅτε
1663 3493 1762 3565 τὴν
1799 3495 2017 3564 πληγὴν

442 3575 631 3626 ἔδωκε.
659 3572 724 3624 Τί
753 3569 866 3638 οῦν,
899 3572 1204 3640 ἀφειδοῦσιν
1232 3573 1387 3643 ἡμῶν
1421 3577 1468 3628 οί
1495 3575 1643 3629 ἄλλοι
1678 3576 2012 3638 διδάσκαλοι,

443 3655 640 3727 φησίν;
682 3656 756 3708 Οὐ
811 3654 966 3708 τοῦτο
1011 3654 1172 3723 λέγω,
1229 3656 1342 3708 ἀλλ’
1390 3659 1489 3727 οὐχ
1533 3658 1676 3711 οὕτω
1722 3661 2011 3727 φείδονται.

455 3737 615 3790 Ἀλλά
641 3736 796 3788 τοῦτο
819 3736 918 3806 μὲν
949 3737 1227 3806 συντόμως
1254 3739 1353 3791 οὐκ
1385 3736 1528 3800 εἷπε,
1555 3740 1646 3794 διά
1675 3741 1732 3793 δὲ
1766 3741 1874 3796 τῶν
1899 3743 2016 3795 ἐπί-

441 3818 792 3889 τηδευμάτων
849 3820 942 3872 καὶ
992 3819 1098 3872 τῶν
1137 3821 1412 3890 ὀνομάτων
1454 3823 1586 3875 αὐτὸ
1617 3824 1844 3895 ἐνέφηνε
1869 3865 1883 3887 ,
1925 3826 2016 3879 τὸν

441 3902 784 3970 παιδαγωγὸν
821 3903 914 3954 καὶ
955 3903 1044 3954 τὸν
1081 3904 1288 3974 πατέρα
1325 3904 1458 3968 θείς.
1515 3905 1649 3959 Ἐὰν
1690 3909 1820 3975 γὰρ,
1859 3909 2011 3978 φησὶ,

441 3985 711 4051 πολλοὺς
744 3986 1151 4055 παιδαγωγοὺς
1187 3989 1362 4056 ἔχητε
1384 3989 1453 4041 ἐν
1493 3989 1741 4056 Χριστῷ,
1772 3991 1910 4044 ἀλλ’
1943 3994 2014 4046 οὐ

441 4069 711 4135 πολλοὺς
739 4069 1018 4138 πατέρας.
1041 4071 1115 4122 Οὐ
1137 4070 1197 4121 τὸ
1225 4071 1440 4140 ἀξίωμα
1469 4072 1727 4140 ἐμφαίνει
1753 4074 2011 4138 ἐνταῦθα,

440 4152 579 4207 ἀλλά
597 4153 695 4222 τῆς
733 4153 952 4222 ἀγάπης
983 4154 1080 4223 τὴν
1117 4152 1442 4223 ὑπερϐολήν.
1475 4156 1584 4208 Καὶ
1623 4155 1746 4207 ούδέ
1773 4157 2015 4221 ἐκείνους

441 4235 662 4305 ἐπληξε,
697 4235 779 4302 τδ,
818 4237 920 4290 Ἐν
964 4233 1212 4304 Χριστῷ,
1251 4235 1528 4305 προσθεὶς,
1568 4237 1702 4289 ἀλλὰ
1739 4240 1833 4292 καὶ
1878 4258 2018 4311 παρ-

439 4318 752 4390 εμυθήσατο
778 4319 996 4383 αὐτοὺς,
1030 4319 1150 4389 οὐχὶ
1179 4318 1436 4383 κόλακας,
1467 4320 1602 4372 ἀλλά
1639 4322 2016 4391 παιδαγωγοὺς

440 4403 610 4457 εἰπὼν
624 4403 750 4466 τοὺς
772 4401 1166 4467 σπουδάζοντας
1191 4405 1282 4455 καὶ
1299 4404 1657 4472 ἀνεχομένους
1680 4407 1787 4458 τῶν
1805 4407 1980 4459 πόνων
1997 4423 2011 4436 ο

442 4486 535 4539 καὶ
557 4485 656 4556 τὴν
697 4485 892 4538 ἐαυτοῦ
941 4484 1264 4554 κηδεμονίαν
1296 4486 1633 4550 ἀπεδείξατο.
1675 4487 1766 4540 Διὸ
1799 4490 1900 4541 οὐκ
1938 4483 2015 4540 εῖ-

443 4583 578 4628 πεν,
621 4565 759 4618 Ἀλλ’
787 4569 847 4618 οὐ
879 4567 1105 4629 πολλοὺς
1139 4567 1512 4627 διδασκάλους,
1550 4569 1688 4633 ἀλλ’,
1725 4573 1808 4621 Οὺ
1837 4569 2012 4621 πειτέ-

434 4661 568 4716 ριις.
603 4644 790 4708 Οὕτως
831 4646 931 4696 οῦκ
967 4646 1182 4716 ἀξίωμα
1221 4649 1393 4701 θεῖναι
1429 4649 1699 4710 ἐϐούλετο,
1736 4650 1855 4702 οὐδὲ
1880 4691 1892 4712 ,
1931 4652 2014 4704 611

442 4729 664 4784 πλείονα
691 4730 820 4800 παρ’
849 4727 1014 4780 αὐτοῦ
1045 4728 1343 4800 ὼφέληντο,
1370 4730 1577 4795 διδάξαι
1604 4747 1616 4760 °
1646 4732 1782 4785 ἀλλά
1807 4749 2016 4802 συγχω-

444 4815 618 4886 ρήσας·
654 4812 882 4876 ἐκείνοις
927 4811 995 4866 τά
1027 4811 1198 4865 πολλά
1246 4814 1376 4884 περὶ
1413 4815 1611 4878 αὐτοὺς
1649 4819 2014 4885 πεπονηκέναι

443 4896 700 4955 (τοιοῦτον
731 4897 840 4968 γάρ
871 4896 900 4948 ὁ
929 4895 1316 4966 παιδαγωγὸς),
1347 4897 1442 4967 τὴν
1474 4897 1570 4967 τῆς
1605 4897 1825 4968 ἀγάπης
1850 4901 2015 4970 ὑπερ-

443 4977 604 5046 ϐολὴν
631 4977 808 5047 ἐαυτῷ
825 4979 1164 5048 ταμιεύεται.
1193 4979 1448 5033 Τοιοῦτον
1475 4982 1584 5051 γάρ
1612 4981 1640 5032 6
1667 4982 1870 5052 πατήρ.
1904 4983 2013 5034 Καὶ

442 5059 506 5112 οὺ
543 5059 689 5128 λέγει
719 5061 897 5129 μόνον,
941 5062 1021 5114 δτι
1068 5063 1254 5126 Οὐδεὶς
1284 5065 1428 5131 ὑμᾶς
1470 5063 1609 5116 οὕτω
1650 5063 1830 5133 φιλεῖ,
1877 5066 2012 5134 ὅπερ

443 5150 728 5204 ἀνεύθυνον
757 5147 854 5221 ὴν,
889 5151 1026 5204 ἀλλά
1064 5154 1158 5206 καὶ
1198 5157 1429 5225 πρᾶγμα
1469 5157 1691 5225 γεγονὸς
1729 5157 1809 5220 είς
1843 5157 2008 5226 μέσον

444 5235 588 5303 ἀγει.
624 5237 778 5290 Ποῖον
820 5234 884 5306 δὴ
916 5235 1106 5300 τοῦτο;
1149 5238 1250 5290 Ἑν
1279 5239 1387 5305 γὰρ
1418 5239 1648 5307 Χριστῷ
1687 5241 1889 5308 Ἰησοῦ
1919 5240 2014 5294 διὰ

447 5317 551 5373 τοῦ
578 5319 946 5386 Εὑαγγελίου
977 5318 1091 5387 ἐγὼ
1120 5317 1273 5386 ὑμᾶς
1305 5319 1624 5389 ἐγέννησα.
1663 5324 1759 5376 Ἐν
1785 5322 2015 5392 Χριστῷ

458 5401 693 5470 Ἰησοῦ“
721 5401 821 5454 οῦκ
850 5401 1071 5470 ἐμαυτῴ
1104 5403 1264 5453 τοῦτο
1300 5400 1608 5470 λογίζομαι.
1656 5405 1808 5474 φησί.
1846 5405 2013 5458 Πάλιν

445 5487 569 5548 τοὺς
592 5487 801 5548 ἑαυτοῖς
828 5483 1258 5553 ἐπιφημίζοντας
1276 5486 1372 5555 τὴν
1389 5485 1736 5540 διδασκαλίαν
1764 5488 2008 5560 πλήττει.

455 5567 650 5634 Ὑμεῖς
669 5567 780 5636 γάρ
805 5567 962 5628 ἐστε.
995 5568 1178 5636 φηςιν,
1207 5568 1243 5633 ἡ
1269 5569 1525 5635 σφραγίς
1555 5567 1663 5636 τῆς
1695 5569 1846 5637 ἐμῆς
1870 5571 2014 5623 ἀπο-

445 5649 704 5716 στολῆςο
736 5651 830 5701 καὶ
863 5650 1044 5717 πάλιν,
1089 5651 1235 5720 Ἐγὼ
1273 5651 1598 5718 ἐφύτευσα⁹
1628 5652 1721 5704 καὶ
1758 5652 2010 5718 ἐνταῦθα,

509 5884 537 5915 ⁸
563 5882 734 5934 Deerat
757 5899 860 5930 ιουτ
870 5887 984 5932 ἐστι.

1211 296 1272 354 S.
1308 295 1593 354 JOANMS
1630 293 2121 352 CIIRYSOSTOMl
2166 297 2481 356 ARCIIIEP.
2522 301 3070 362 CONSTANTINOP.

2155 422 2298 506 Ἐγὼ
2326 425 2640 497 ἐγέννησα.
2683 431 2798 486 Οὐκ
2834 429 2954 486 εἷπε
2979 475 2994 498 ,
3037 434 3386 505 Κατὴγγειλα
3414 435 3502 488 16v
3531 437 3709 506 λόγον,

2140 505 2280 572 ἀλλ’,
2319 511 2464 580 Ἐγὼ
2483 512 2805 583 ἐγέννησα,
2846 519 2959 580 τοῖς
2980 519 3078 587 τῆς
3117 519 3331 586 φύσεως
3357 519 3582 589 ὀνόμασι
3615 535 3705 571 κε-

2138 593 2426 661 χρημένος.
2462 598 2557 649 Ἔν
2597 599 2705 669 γάρ
2747 601 3066 666 ἐσπούδαζε,
3105 601 3204 672 τὴν
3254 603 3476 672 ἀγάπην
3511 601 3707 654 ἐπιδεί-

2135 673 2350 738 ξασθαι,
2389 680 2455 748 ἢν
2507 683 2632 752 περὶ
2675 683 2869 746 αὐτοὺς
2925 681 3091 755 εἶχεν.
3160 687 3388 738 Ἐκεῖνοι
3442 685 3544 755 μὲν
3598 685 3708 754 γὰρ

2135 759 2264 827 παρ’
2288 760 2420 830 ἐμοῦ
2449 763 2728 834 δεξάμενοι
2763 769 3030 839 ἐνήγαγον
3062 769 3206 839 ὑμᾶς
3225 785 3239 800 ·
3278 770 3340 822 16
3365 768 3422 822 δέ
3453 765 3594 822 εἶναι
3618 764 3706 820 πὶ-

2135 843 2326 908 στοὺς,
2371 845 2438 897 δι’
2491 848 2626 917 ἐμοῦ
2670 850 2911 918 γέγονεν.
2970 853 3187 924 Ἐπειδὴ
3223 853 3332 924 γάρ
3375 849 3547 918 εἶπεν,
3606 852 3705 918 Ὠς

2134 924 2335 1010 τέκνα,
2381 928 2465 981 ἵνα
2507 931 2583 1001 μὴ
2617 933 2905 997 κολακείας
2951 931 3090 990 εἶναι
3143 937 3372 1010 νομίσῃς
3419 937 3480 990 16
3527 937 3701 1009 ῥῆμα.

2132 1008 2426 1080 παρίστησι
2465 1014 2560 1066 καὶ
2600 1015 2660 1066 τὸ
2706 1018 2956 1087 πρᾶγμα.
3009 1008 3338 1085 Παρακαλῶ
3376 1013 3488 1073 οὖν
3523 1008 3702 1086 ὑμᾶς,

2125 1093 2376 1158 μιμηταί
2389 1112 2508 1162 μου
2530 1097 2788 1165 γίνεσθε,
2805 1101 3000 1166 καθὼς
3016 1099 3177 1169 κάγὼ
3194 1100 3473 1169 Χριστοῦ.
3493 1100 3662 1152 Βαϐαί
3685 1102 3701 1152 !

2133 1173 2270 1243 πόση
2308 1175 2401 1227 τοῦ
2429 1177 2751 1233 διδασκάλου
2782 1183 2814 1250 ή
2850 1184 3168 1253 παρρησίαί
3231 1185 3346 1246 πῶς
3379 1182 3704 1254 ἀπηκριϐω-

2133 1255 2268 1326 μένη
2298 1259 2328 1326 ή
2356 1259 2537 1324 εἰκὼν,
2560 1263 2688 1315 ὅταν
2711 1264 2803 1317 καὶ
2831 1266 3050 1336 ἐτέρους
3069 1267 3161 1319 ἐπί
3191 1266 3350 1319 τοῦτο
3374 1267 3698 1338 παρακαλῇί

2131 1339 2246 1390 Ούκ
2273 1340 2514 1410 ἐπαίρων
2543 1345 2599 1395 δέ
2623 1345 2816 1397 ἐαυτὸν
2841 1346 2998 1401 τοῦτο
3027 1351 3188 1415 ποι-εἰ,
3220 1348 3355 1401 ἀλλά
3380 1348 3589 1410 δεικνὺς
3610 1348 3700 1401 εῦ-

2130 1422 2284 1474 κολον
2312 1417 2476 1477 οὖσαν
2506 1425 2602 1496 τὴν
2629 1427 2853 1496 ἀρετήν,

2198 1579 2266 1638 γ’.
2284 1575 2374 1646 Μὴ
2388 1576 2493 1646 γάρ
2513 1593 2603 1646 μοι
2618 1576 2886 1650 εῖπῃς,δτι
2907 1578 2980 1631 Ού
3001 1577 3305 1649 δύναμαίσε
3333 1580 3471 1649 μιμή
3483 1579 3697 1632 σασθαι⁶

2130 1655 2194 1708 σὺ
2225 1657 2546 1721 διδάσκαλος
2577 1656 2648 1725 εἷ,
2684 1661 2778 1714 καὶ
2814 1661 3011 1730 μέγας.
3043 1664 3119 1715 Οὐ
3155 1663 3264 1731 γάρ
3303 1663 3417 1714 ἐστι
3445 1662 3698 1738 τοσοῦτον

2125 1739 2187 1791 τὸ
2216 1741 2378 1810 μέσον
2402 1742 2537 1811 ἐμοῦ
2566 1743 2700 1813 πρὸς
2724 1744 2888 1814 ὑμᾶς,
2905 1746 3028 1798 ὅσον
3045 1745 3135 1798 τοῦ
3161 1746 3396 1816 Χριστοῦ
3420 1747 3554 1817 πρὸς
3574 1747 3697 1816 ἐμέ·

2126 1825 2242 1876 ἀλλ’
2285 1827 2434 1895 ὅμως
2466 1827 2826 1899 ἐμιμησάμην
2857 1831 3062 1883 ἐκεῖνον
3093 1830 3220 1899 ἐγώ.
3267 1830 3434 1884 Ὅταν
3466 1831 3565 1899 μὲν
3604 1827 3698 1883 οὖν

2138 1909 2405 1977 Ἐφεσίοις
2431 1913 2638 1982 γράφῃ,
2673 1913 2733 1965 οὐ
2760 1913 2940 1983 τίθησι
2966 1914 3128 1984 μέσον
3159 1913 3370 1978 ἐαυτὸν,
3401 1913 3512 1966 ἀλλ’
3535 1913 3700 1976 εὐθὺς

2127 1990 2277 2064 [112]
2307 1995 2504 2058 αὐτοὺς
2537 1996 2655 2047 ἐκεῖ
2687 1995 2894 2060 πάντας
2918 1996 3141 2063 ἀπάγει,
3170 1998 3425 2050 Γίνεσθε
3447 1999 3694 2066 μιμηταὶ

2124 2077 2230 2130 τοῦ
2265 2079 2433 2143 Θεοῦ,
2468 2077 2663 2146 λέγων’
2697 2077 2929 2133 ἐνταῦθα
2955 2079 3033 2147 δὲ,
3059 2079 3245 2150 ἐπειδὴ
3275 2079 3409 2150 πρὸς
3451 2081 3698 2142 ἀσθενεῖς

2122 2155 2190 2230 ἦν
2217 2161 2245 2213 6
2276 2159 2436 2227 λόγος
2463 2159 2632 2231 αὐτῷ,
2669 2160 2860 2214 ἑαυτὸν
2892 2161 3247 2230 παρενέϐαλε.
3279 2161 3387 2214 Καὶ
3426 2161 3600 2223 ἄλλως
3637 2161 3696 2214 δὲ

2121 2243 2414 2308 δείκνυσιν,
2438 2245 2520 2297 ὅτι
2549 2244 2626 2296 ἔνι
2653 2245 2748 2298 καὶ
2781 2244 2924 2298 οὕτω
2951 2245 3042 2297 τόν
3077 2244 3309 2316 Χριστόν
3331 2245 3693 2316 μιμήσασθαι.

2135 2327 2191 2381 '0
2223 2326 2332 2398 γάρ
2362 2328 2459 2399 τὴν
2493 2329 2766 2399 σφραγῖδα
2815 2329 3194 2399 μιμησάμενος
3233 2329 3331 2401 τὴν
3372 2330 3694 2398 ἀπηκριϐω-

2125 2409 2328 2480 μένην,
2374 2409 2437 2463 τὸ
2475 2411 2780 2481 ἀρχέτυπον
2816 2411 3145 2482 ἐμιμήσατο.
3183 2411 3412 2482 Ἴδωμεν
3447 2408 3539 2464 οὖν
3576 2412 3696 2475 πῶς

2120 2492 2280 2555 αὐτὸς
2309 2494 2621 2562 ἐμιμήσατο
2644 2492 2736 2545 τὸν
2759 2493 3016 2565 Χριστόν.
3057 2494 3120 2545 Ἦ
3150 2493 3258 2565 γάρ
3285 2494 3516 2564 μίμησις
3553 2493 3695 2564 αῦτη

2119 2573 2179 2626 οὐ
2197 2573 2402 2644 χρόνων
2419 2575 2592 2627 δεῖται
2611 2575 2706 2628 καὶ
2723 2577 2939 2646 τέχνης,
2957 2574 3092 2629 ἀλλά
3112 2577 3485 2648 προαιρέσεως
3503 2577 3690 2646 μόνης.

2119 2654 2214 2719 Είς
2256 2655 2546 2726 ζωγράφου
2587 2655 2688 2726 μέν
2726 2657 2835 2729 γὰρ
2885 2658 3218 2721 εἰσελθόντες
3251 2659 3311 2710 οὐ
3349 2658 3692 2728 δυνησόμεθα

2121 2739 2462 2809 μιμήσασθαι
2493 2739 2590 2808 τὴν
2609 2739 2817 2804 είκόνα,
2847 2741 2950 2794 κᾶν
2975 2742 3234 2813 μυριάκις
3260 2741 3481 2810 ἴδωμεν·
3503 2740 3695 2794 τοῦτον

2118 2823 2176 2876 δέ
2210 2824 2301 2874 καὶ
2324 2823 2382 2888 ἐξ
2407 2823 2724 2893 ἀκροάσεως
2760 2823 2929 2894 μόνης
2969 2823 3047 2878 ἐνι
3093 2824 3459 2895 μιμήσασθαι.
3485 2825 3692 2878 Οὐκοῦν

2120 2905 2374 2976 βούλεσθε
2408 2908 2497 2958 τὸν
2531 2904 2736 2958 πίνακα
2764 2907 2844 2970 είς
2883 2906 3047 2976 μέ.ον
3078 2907 3396 2976 ἀγαγόντες,
3448 2909 3692 2978 ὑπογρά-

2116 2987 2306 3058 ψωμεν
2350 2989 2434 3056 ἐφ’
2469 2987 2622 3058 ὑμῶν
2662 2989 2762 3060 τὴν
2809 2989 3083 3043 πολιτείαν
3128 2989 3222 3042 τοῦ
3267 2990 3514 3056 Παύλους
3553 2992 3696 3060 1190-

2118 3072 2320 3126 κείσθω
2363 3072 2541 3125 τοίνυν
2586 3074 2614 3125 6
2660 3071 2824 3136 πίναξ
2872 3072 3004 3126 πολὺ
3047 3072 3424 3143 λαμπρότερος
3463 3075 3538 3127 ὢν
3583 3075 3698 3127 τῶν

2119 3155 2413 3228 βασιλικῶν
2451 3156 2693 3209 εἰκόνων.
2731 3157 2805 3209 Τὸ
2835 3157 2942 3228 γάρ
2977 3157 3353 3227 ὑποκείμενον,
3380 3160 3441 3210 ού
3481 3158 3696 3221 σανίδες

2117 3240 2516 3309 κεκολλημέναι
2552 3240 2674 3293 ούδέ
2719 3240 2956 3303 σινδόνες
2985 3241 3348 3310 ἐπικείμεναι,
3389 3241 3503 3294 ἀλλ’
3532 3242 3693 3311 ἔργον

2116 3322 2251 3377 Θεοῦ
2276 3322 2336 3376 τὸ
2361 3323 2738 3391 ὑποκείμενονο
2764 3323 2911 3393 ψυχὴ
2935 3325 3043 3394 γάρ
3061 3327 3176 3376 ἐστι
3200 3324 3292 3376 καὶ
3319 3323 3496 3393 σῶμα.
3532 3325 3692 3394 Ψυχὴ

2115 3406 2251 3460 Θεοῦ
2283 3405 2468 3478 ἔργον,
2496 3406 2598 3459 οὐκ
2628 3406 2952 3477 ἀνθρώπων,
2971 3409 3064 3459 καὶ
3098 3407 3258 3477 σῶμα
3285 3408 3447 3462 πάλιν
3471 3409 3667 3478 ὁμοίως

2127 3491 2491 3562 Ἐκροτήσατε
2524 3489 2793 3552 ἐνταῦοα;
2835 3491 2977 3543 Ἀλλ’
3005 3491 3106 3545 οὐκ
3135 3491 3367 3546 ἐνταῦθα
3399 3492 3508 3546 τῶν
3565 3494 3694 3562 κρό-

2115 3590 2222 3626 των
2249 3575 2276 3625 6
2313 3573 2523 3642 καιρὸς,
2553 3573 2668 3625 ἀλλ’
2695 3573 2787 3626 ἐπὶ
2823 3573 2932 3626 τῶν
2973 3574 3101 3643 ἑξῆς
3147 3589 3242 3628 και
3285 3575 3380 3628 τοῦ
3427 3577 3693 3648 κροτῆσαι

2115 3655 2208 3708 καὶ
2233 3653 2326 3707 τοῦ
2359 3653 2621 3724 ζηλῶσαι.
2654 3655 2804 3717 Τέως
2843 3657 2952 3727 γάρ
2999 3658 3032 3725 ἡ
3076 3655 3176 3727 ὖλη
3215 3657 3498 3712 ὑπόκειται
3537 3661 3691 3711 κοινὴ

2116 3739 2255 3809 πρὸς
2285 3739 2530 3800 ἅπαντας
2550 3733 2702 3791 οῦσα.
2725 3739 2884 3809 Ψυχὴ
2917 3740 3021 3811 γὰρ
3043 3739 3220 3811 ψυχῆς
3243 3741 3394 3794 οὐδὲν
3423 3741 3690 3812 διαφέρει,

2116 3820 2252 3874 καθὸ
2273 3819 2440 3890 ψυχὴ,
2476 3820 2590 3872 ἀλλ’
2613 3822 2647 3890 ὴ
2672 3821 2990 3892 προαίρεσις
3012 3823 3253 3876 δείκνυσι
3280 3823 3378 3894 τὴν
3403 3823 3690 3894 διαφοράν.

2118 3905 2330 3976 Ὠσπερ
2355 3905 2465 3974 γάρ
2501 3903 2659 3974 σῶμα
2687 3905 2974 3974 σώματος,
3006 3905 3140 3959 καθό
3169 3908 3284 3959 ἐστι
3322 3907 3502 3977 σῶμα,
3537 3908 3690 3960 οὐδὲν

2114 3987 2440 4059 διενήνοχεν,
2475 3986 2590 4040 ἀλλ’
2634 3987 2818 4057 ὅμοιόν
2854 3988 2970 4040 ἐστι
3002 3989 3185 4042 καὶτὸ
3217 3989 3311 4043 τοῦ
3349 3989 3558 4043 Παύλου
3593 3991 3689 4043 καὶ

2115 4071 2223 4124 τῶν
2258 4071 2491 4135 πολλῶν,
2536 4071 2585 4123 οἱ
2617 4070 2674 4123 δὲ
2704 4069 2936 4124 κίνδυνοι
2977 4071 3329 4142 φαιδρότερον
3365 4073 3688 4143 ἐργάζονται

2115 4153 2274 4208 τοῦτο
2306 4153 2533 4207 ἐκείνου·
2566 4151 2710 4206 οὕτω
2741 4153 2804 4224 δὴ
2845 4153 2940 4206 καὶ⁵
2980 4154 3072 4206 ἐπὶ
3109 4153 3311 4224 ψυχῆς.
3351 4156 3689 4209 ’Υποκείσθω

2113 4237 2292 4290 τοίνυν
2316 4239 2345 4290 6
2381 4235 2542 4300 πίναξ
2574 4238 2706 4306 ἡμῖν
2745 4238 2778 4307 ὴ
2817 4235 2966 4308 ψυχὴ
3009 4237 3248 4291 Παύλου.
3284 4233 3497 4300 (νῦτοςό
3528 4239 3688 4303 πίναξ

2116 4319 2297 4372 ἔκειτο
2335 4317 2528 4390 πρώην
2551 4317 2950 4387 ὴσϐολωμένος,
3007 4319 3278 4389 ἀραχνίων
3298 4320 3480 4390 γέμων
3498 4337 3512 4350 ο
3534 4320 3685 4376 οὐδὲν

2115 4401 2223 4471 γάρ
2247 4399 2594 4470 βλασφημίας
2613 4401 2814 4470 χεῖρον.
2844 4400 3060 4472 Ἐπειδὴ
3078 4401 3135 4454 δέ
3156 4397 3314 4471 ἦλθεν
3335 4403 3363 4453 6
3386 4401 3562 4454 πάντα
3585 4419 3684 4472 μα-

2113 4481 2488 4544 τασκευάζων,
2521 4483 2614 4534 καὶ
2657 4479 2798 4535 εἶδεν
2828 4483 2887 4535 ού
2925 4486 3074 4552 παρά
3109 4483 3380 4554 ῥᾳθυμίαν
3420 4487 3516 4538 καὶ
3550 4483 3685 4554 βλα-

2115 4563 2269 4617 κείαν
2301 4562 2444 4614 οῦτω
2468 4561 2857 4633 διαγραφέντα,
2905 4565 3040 4620 ἀλλά
3086 4566 3238 4637 παρά
3267 4566 3543 4637 ἀπειρίαν,
3589 4566 3686 4620 καὶ

2114 4646 2175 4698 τὸ
2208 4645 2282 4714 μὴ
2313 4643 2458 4713 ἐχειν
2484 4645 2554 4696 τὰ
2580 4643 2716 4715 ἄνθη
2747 4647 2848 4715 τῆς
2878 4648 3164 4710 εὐσεϐείας
3210 4649 3410 4720 (ζῆλον
3441 4649 3543 4718 μὲν
3576 4651 3685 4720 γάρ

2113 4726 2248 4798 εἶχε,
2279 4727 2346 4780 τά
2376 4727 2431 4780 δὲ
2457 4727 2726 4799 χρώματα
2759 4731 2819 4783 οὺ
2851 4733 3055 4803 παρῆνο
3079 4733 3139 4785 οὐ
3163 4733 3272 4803 γὰρ
3298 4732 3419 4786 κατ’
3447 4733 3686 4802 ἐπίγνω-

2115 4831 2199 4866 σιν
2226 4813 2316 4865 τδν
2349 4811 2511 4881 ζῆλον
2552 4808 2686 4883 εἶχε)
2709 4829 2720 4841 ·
2751 4813 2967 4868 δίδωσιν
2997 4814 3148 4884 αὐτῷ
3187 4818 3288 4887 τῆς
3317 4817 3577 4888 ἀληθείας
3623 4817 3686 4870 τὸ

2113 4895 2293 4959 ἄνθος,
2343 4895 2614 4958 τουτέστι,
2650 4897 2748 4966 τὴν
2791 4897 2985 4968 χάριν·
3034 4899 3130 4951 καὶ⁵
3171 4899 3368 4970 ἀθρόον
3401 4899 3685 4970 βασιλικὴν

2112 4979 2362 5044 ἀπέδειξε
2394 4980 2493 5049 τὴν
2527 4980 2730 5032 είκόνα.
2780 4982 2975 5036 Λαϐὼν
3015 4982 3123 5052 γάρ
3155 4982 3224 5036 τά
3263 4982 3555 5056 χρώματα,
3589 4985 3685 5037 καὶ

2118 5063 2303 5134 μαθὼν
2337 5063 2478 5132 άπερ
2508 5062 2692 5130 ἠγνόει
2713 5100 2727 5125 ,
2757 5063 2856 5116 οὐκ
2894 5065 3145 5134 ἀνέμεινε
3184 5066 3374 5135 χρόνον
3393 5107 3409 5132 ,
3452 5066 3566 5119 ἀλλ’
3591 5067 3684 5120 εὑ·-

2115 5147 2251 5207 θέως
2285 5146 2455 5215 ἐφάνη
2488 5146 2738 5215 τεχνίτης
2770 5147 3010 5216 ἀριστος.
3060 5148 3170 5201 Καὶ
3201 5150 3418 5218 πρῶτον
3445 5149 3683 5201 δείκνυσι

2111 5231 2211 5299 τὴν
2235 5230 2477 5300 κεφαλὴν
2511 5229 2814 5299 βασιλικὴν,
2843 5229 2933 5282 τὸν
2965 5231 3198 5300 Χριστὸν
3224 5233 3533 5303 κηρύττων·
3567 5230 3679 5285 εἶτα

2113 5313 2208 5364 καὶ⁸
2239 5313 2300 5364 16
2323 5311 2507 5364 λοιπὸν
2535 5311 2714 5382 σῶμα,
2738 5312 2798 5364 16
2827 5313 2924 5383 τῆς
2958 5313 3235 5377 πολιτείας
3264 5315 3367 5384 τῆς
3395 5313 3670 5384 ἀκριϐοῦς.

2113 5395 2178 5446 Οί
2219 5395 2316 5464 μὲν
2346 5389 2439 5448 οὖν
2465 5393 2747 5463 ζωγράφοι
2777 5396 3236 5460 κατακλείσαντες
3265 5398 3514 5463 ἑαυτοὺς,
3543 5399 3684 5467 μετὰ

2114 5477 2313 5547 πολλῆς
2339 5477 2436 5547 τῆς
2465 5477 2750 5548 ἀκριϐείας
2781 5477 2873 5530 καὶ
2902 5478 3134 5548 ἡσυχίας
3160 5480 3377 5534 ἅπαντα
3417 5480 3684 5548 πράττου-

2116 5577 2198 5613 σιν
2221 5600 2237 5624 ,
2276 5558 2449 5612 οὐδενὶ
2478 5558 2576 5620 τάς
2612 5559 2782 5629 θύρας
2835 5561 3257 5632 παρανοίγοντες
3281 5577 3295 5590 ·
3347 5558 3500 5624 οὗτος
3537 5561 3594 5615 δὲ
3625 5565 3682 5614 ἐν

2116 5643 2265 5712 μέσῳ
2312 5642 2409 5712 τῆς
2455 5642 2776 5712 οἰκουμένης
2821 5644 2911 5695 τὸν
2945 5645 3147 5699 πίνακα
3181 5645 3419 5717 προθεὶς,
3466 5643 3688 5699 πάντων

2114 5723 2554 5793 ἐναντιουμένων,
2609 5723 3014 5793 θορυϐούντων,
3067 5729 3474 5797 ταραττόντων,
3509 5726 3687 5788 οὕτως

2115 5805 2400 5877 εἰργάζετο
2443 5807 2542 5874 τὴν
2590 5805 2874 5878 βασιλικὴν
2923 5809 3128 5880 ταύτην
3181 5812 3386 5873 εἰκόνα,
3442 5815 3538 5865 καί
3581 5812 3685 5866 οὐκ

2117 5888 2403 5942 ἐκωλύετο.
2447 5888 2538 5942 Διὸ
2580 5888 2672 5942 καὶ
2719 5887 2909 5960 ἐλεγεο
2957 5890 3196 5964 Θέατρον
3236 5893 3576 5966 ἐγενήθημεν
3610 5893 3690 5966 τῷ
