4086 6214
381 297 483 353 109

376 425 520 466 cere.
566 405 805 460 Dominus
841 404 1125 474 peripsema
1166 417 1324 472 usque
1356 397 1544 452 adhuc.
1576 399 1955 453 \‘ehetnentem

377 502 587 572 plagam
617 496 823 554 inducit
864 496 917 551 in
947 496 1071 548 line.
1107 492 1369 558 Omnium,
1400 490 1591 561 inquit,
1636 504 1741 542 non
1772 502 1957 558 perse-

294 593 305 602 ‘
373 591 677 662 quentium.
725 586 823 643 sed
867 601 1056 642 eorum
1100 592 1318 654 propter
1359 596 1496 652 quos
1526 581 1640 635 hate
1685 579 1958 648 patimur:

375 685 482 738 hoc
528 691 634 744 est,
663 678 907 748 Magnam
937 675 1066 747 ipsis
1110 673 1334 746 gratiam
1377 671 1566 725 habeo.
1607 669 1852 726 Graviter
1878 666 1960 722 fe-

373 775 546 830 rantis
571 780 657 828 est
681 770 926 834 verbum,
959 783 1064 823 non
1093 765 1237 837 quod
1263 765 1378 834 ipse
1419 772 1664 832 angatur,
1693 759 1790 816 scd
1820 757 1960 828 quod

377 864 500 918 illos
538 861 902 933 persuingere
945 857 1094 912 velit.
1143 854 1274 911 Nam
1323 853 1415 924 qui
1456 860 1631 922 potest
1676 852 1957 905 innumera

379 954 620 1026 proferre
665 953 913 1018 crimina,
958 949 1080 1006 illos
1122 946 1338 1002 salutat.
1384 944 1508 1000 Ideo
1528 942 1681 1012 jubet
1716 940 1961 996 Christus

376 1042 735 1100 wnutmelias
771 1054 870 1096 nos
914 1046 1190 1094 mansuete
1215 1037 1372 1100 ferre,
1420 1042 1478 1087 nt
1504 1043 1554 1088 et
1595 1031 1694 1100 ipsi
1727 1030 1961 1100 philoso-

377 1137 630 1206 phemnr,
662 1141 715 1189 et
743 1129 1162 1187 contumeliosos
1197 1126 1400 1197 pudore
1443 1124 1610 1194 magis
1638 1122 1954 1176 afﬁciamus.

376 1225 496 1280 Non
521 1227 667 1279 enim
707 1223 780 1278 ita
817 1219 1142 1276 contumelia
1180 1216 1442 1279 afticiens,
1478 1224 1534 1268 ιιι
1560 1214 1722 1267 silens
1752 1213 1852 1266 hoc
1881 1211 1961 1264 fa-

375 1317 472 1372 cit.
529 1314 736 1373 Deinde
778 1315 900 1384 quia
945 1312 1077 1368 vidit
1123 1310 1515 1367 intolerabilem
1568 1323 1688 1363 esse
1730 1308 1956 1377 plagam,

375 1411 557 1464 Statim
605 1410 678 1463 illi
721 1407 965 1462 medetur
1001 1405 1227 1461 dicens:
1269 1404 1348 1458 li.
1385 1401 1505 1456 Non
1551 1411 1602 1452 ut
1648 1401 1958 1470 confundam

375 1519 464 1554 ros
487 1503 596 1554 hau:
626 1499 808 1562 scribo,
836 1497 926 1552 sed
951 1507 1005 1550 ut
1044 1495 1180 1566 filios
1208 1512 1341 1549 meos
1380 1494 1587 1548 dilectos
1613 1509 1811 1546 moneo.
1845 1492 1956 1544 Non

376 1603 437 1647 ιιι
465 1591 671 1663 pudore
699 1590 932 1648 afﬁciam
973 1602 1088 1655 vos,
1133 1587 1322 1657 inquit,
1362 1586 1476 1640 lucc
1503 1584 1646 1640 dico.
1680 1582 1829 1650 Quod
1865 1598 1961 1650 per

377 1688 538 1742 verba
566 1685 711 1744 fecit.
743 1699 801 1739 se
827 1698 934 1737 non
965 1680 1154 1737 fecisse
1180 1679 1337 1744 dicit;
1381 1680 1488 1732 imo
1516 1693 1642 1731 vero
1682 1691 1740 1730 se
1770 1677 1956 1729 fecisse

375 1777 526 1843 dicit,
570 1776 665 1831 sed
717 1790 821 1828 non
874 1773 1014 1828 man
1058 1772 1238 1826 animo
1285 1769 1364 1824 vel
1403 1783 1468 1823 ex
1514 1767 1657 1822 odio.
1710 1766 1832 1820 lltec
1876 1774 1959 1820 est

378 1871 521 1928 enim
550 1871 752 1939 Optima
795 1865 1023 1930 curatio,
1058 1880 1178 1918 eum
1223 1863 1445 1919 verbum
1474 1861 1696 1925 dixeris,
1727 1872 1953 1914 excusa-

379 1963 580 2016 tionem
609 1976 672 2012 ox
701 1969 880 2014 mente
910 1956 1168 2027 proferre.
1195 1954 1326 2010 Nam
1359 1953 1473 2008 hcce
1499 1967 1603 2006 non
1631 1951 1810 2004 dicere
1851 1965 1954 2003 non

377 2052 592 2114 licebat,
622 2050 744 2120 quia
776 2048 1058 2102 incorrecti
1088 2047 1445 2101 mansissent:
1469 2051 1747 2114 postquam
1777 2051 1954 2094 autem

376 2141 608 2206 dixerat,
639 2139 842 2208 plagam
875 2138 1167 2191 incuratam
1193 2135 1522 2204 relinquere,
1545 2146 1707 2202 grave
1734 2130 1954 2185 fuisset:

375 2247 540 2304 quare
577 2247 699 2286 cum
744 2230 1003 2300 gravitate
1041 2235 1279 2284 excusat.
1325 2226 1436 2281 hoc
1464 2227 1605 2281 enim
1649 2239 1755 2278 non
1787 2223 1948 2277 modo

376 2324 691 2379 incisionem
721 2338 825 2375 non
851 2321 1007 2379 tollit.
1031 2319 1124 2374 sed
1151 2319 1312 2374 etiam
1334 2316 1519 2383 efﬁcit,
1548 2324 1606 2370 ut
1636 2314 1951 2385 profundius

376 2416 645 2487 inﬁgatur,
697 2412 823 2468 dum
871 2413 1034 2482 plaga:
1078 2409 1318 2465 dolorem
1364 2423 1580 2464 omnem
1627 2405 1952 2461 consolatur.

374 2507 474 2572 Qui
495 2505 642 2560 enim
669 2503 818 2557 audit
843 2504 1016 2571 ipsum
1046 2515 1152 2554 non
1177 2499 1612 2568 exprobrantem,
1642 2495 1735 2550 sed
1763 2509 1950 2549 aman-

374 2606 480 2653 tem
511 2597 624 2650 htee
645 2595 845 2656 dicere,
868 2592 1118 2647 libentius
1133 2589 1520 2646 correctiOnetn
1551 2588 1762 2656 accipit.
1787 2586 1949 2640 Multa

375 2698 458 2743 est
482 2687 574 2742 hic
615 2699 829 2755 quoque
856 2683 1092 2754 gravitas
1130 2691 1184 2737 et
1222 2681 1291 2738 ad
1325 2681 1578 2750 pudorem
1625 2679 1953 2750 provocatio.

375 2779 493 2834 Non
538 2779 683 2833 enim
716 2788 772 2832 ιιι
796 2777 1010 2842 doctor,
1056 2790 1165 2830 non
1207 2785 1266 2830 ut
1308 2775 1606 2845 apostolus,
1637 2789 1743 2828 non
1783 2783 1838 2828 ut
1864 2778 1951 2843 qut

376 2871 667 2942 discipulus
698 2869 947 2935 habeam,
972 2867 1113 2938 quod
1137 2866 1410 2937 dignitatis
1442 2875 1544 2931 est,
1577 2866 1695 2931 sed,
1725 2863 1794 2920 Ut
1817 2865 1954 2934 ﬁlios

377 2980 513 3017 meos
554 2962 840 3016 carissimos
867 2976 1042 3015 moneo
1069 2975 1089 3012 :
1118 2974 1218 3014 nec
1246 2968 1450 3013 tantum
1482 2957 1642 3023 ﬁlios,
1675 2957 1769 3012 sed
1806 2957 1954 3011 desi-

376 3056 614 3110 deratos.
661 3053 924 3125 ignoscite
973 3050 1124 3116 mihi,
1169 3050 1360 3120 inquit,
1408 3050 1451 3105 si
1497 3047 1625 3120 quid
1670 3049 1952 3102 molestum

376 3147 488 3200 dixi
523 3167 535 3202 :
569 3147 685 3199 ha-c
733 3161 798 3198 ex
839 3143 1121 3198 dilectione
1164 3142 1314 3194 ﬁunt.
1357 3139 1464 3194 Nec
1492 3140 1647 3203 dixit,
1691 3137 1953 3208 Corripio,

377 3235 496 3299 sed,
530 3234 734 3288 Moneo.
778 3233 909 3302 Quis
935 3247 1062 3288 vero
1099 3247 1204 3286 non
1251 3230 1387 3285 ferat
1414 3239 1620 3300 patrem
1659 3229 1953 3295 dolentem,

376 3336 430 3381 et
457 3342 577 3396 qua:
597 3326 749 3380 decet
775 3323 1181 3380 consulentem?
1213 3322 1334 3378 Ideo
1362 3337 1465 3376 non
1491 3321 1604 3376 hwc
1633 3322 1777 3390 prius
1799 3319 1952 3386 dixit,

379 3415 474 3471 sed
507 3427 782 3487 postquam
810 3417 1014 3486 plagam
1038 3414 1322 3468 inflixerat.
1353 3410 1490 3479 Quid
1519 3411 1676 3482 ergo?
1697 3412 1944 3480 inquies;

380 3523 488 3560 non
519 3516 741 3576 parcunt
783 3506 936 3560 nobis
981 3504 1066 3557 alii
1097 3501 1381 3558 doctores?
1409 3501 1524 3556 Non
1565 3501 1642 3555 sic
1669 3499 1812 3568 dico,
1854 3499 1948 3554 sed

379 3613 486 3652 non
534 3599 606 3652 ita
652 3607 890 3667 parcunt.
935 3595 1130 3650 Verum
1161 3594 1263 3648 hoc
1305 3592 1519 3662 quidem
1569 3591 1803 3646 breviter
1846 3605 1950 3645 non

379 3688 537 3751 dixit,
564 3688 657 3743 sed
690 3704 784 3758 per
813 3686 987 3741 studia
1025 3695 1080 3742 et
1108 3686 1322 3741 nomina
1351 3683 1453 3739 hoc
1480 3683 1752 3747 indicavit,
1784 3682 1952 3753 utqui

382 3779 729 3848 pa-dagognm
759 3776 989 3847 posuerit
1017 3787 1070 3832 et
1100 3787 1324 3846 patrem.
1358 3774 1444 3830 15.
1475 3772 1612 3828 Ναηι
1632 3782 1676 3827 et
1701 3774 1746 3828 si
1773 3772 1956 3827 multos

382 3867 705 3939 ptrdugogos,
737 3868 928 3937 inquit,
960 3867 1182 3922 habeatis
1206 3867 1255 3920 iu
1282 3864 1502 3928 Christo,
1533 3863 1623 3918 sed
1648 3881 1747 3918 non
1775 3865 1956 3918 multos

382 3969 573 4027 patres.
621 3957 733 4013 Non
777 3958 1087 4028 d-gnitatem
1131 3957 1215 4012 hic
1259 3957 1516 4015 ostendit.
1567 3956 1662 4011 sed
1713 3956 1956 4012 caritatis

382 4049 838 4118 magnitudinem;
870 4064 1042 4118 neque
1087 4049 1205 4101 illos
1233 4046 1546 4118 perstrinxit
1569 4061 1690 4100 cum
1730 4045 1951 4110 addidit,

385 4138 458 4192 lu
489 4138 705 4205 Christo,
735 4140 831 4196 sed
869 4139 1177 4195 consolatus
1206 4148 1290 4193 est
1319 4139 1460 4202 illos,
1496 4151 1598 4190 non
1623 4136 1951 4204 adulatores,

380 4229 480 4284 sed
521 4231 832 4302 predagogos
867 4246 1063 4286 vocans
1110 4231 1248 4296 illos,
1290 4229 1378 4300 qui
1425 4227 1598 4284 studia
1645 4237 1700 4283 et
1745 4227 1955 4284 labores

381 4322 642 4389 ferebant,
685 4340 941 4396 suamque
980 4338 1160 4378 curam
1205 4321 1455 4376 ostendit.
1494 4319 1616 4376 Ideo
1665 4336 1770 4376 non
1799 4320 1952 4386 dixit,

382 4411 485 4468 Sed
514 4430 621 4469 non
650 4414 844 4469 ntuitos
866 4415 1131 4478 doctores,
1158 4413 1274 4479 sed,
1302 4411 1419 4466 Non
1450 4411 1633 4465 multos
1654 4420 1836 4481 patres.
1867 4411 1955 4466 Sic

385 4521 486 4561 non
535 4506 846 4576 dignitatem
893 4522 1163 4579 apponere
1210 4505 1399 4571 voluit,
1445 4519 1617 4574 neque
1669 4503 1955 4559 ostendere

385 4596 520 4666 quod
545 4598 766 4653 multam
795 4598 1070 4652 utilitatem
1097 4597 1164 4652 ab
1191 4597 1305 4666 ipso
1326 4597 1684 4667 accepissent;
1712 4595 1806 4651 sed
1832 4609 1954 4650 cum

381 4689 759 4755 concessisset,
790 4690 929 4759 quod
963 4690 1035 4744 illi
1065 4689 1228 4742 multa
1256 4689 1627 4758 praestitissent
1654 4688 1780 4756 ipsis
1809 4689 1956 4758 (talis

381 4780 523 4833 enim
549 4789 667 4833 erat
685 4780 1049 4852 pa-dagogns),
1071 4778 1371 4836 dilectionis
1395 4779 1826 4850 exsoperantiam
1853 4779 1952 4834 sibi

382 4883 645 4926 reservat.
671 4872 814 4926 Talis
831 4875 973 4929 enim
1001 4883 1083 4928 est
1112 4883 1282 4943 pater.
1305 4871 1415 4926 Nec
1439 4871 1569 4926 dicit
1586 4872 1763 4935 modo,
1787 4871 1954 4927 Nemo

386 4974 484 5015 vos
521 4962 590 5016 ita
638 4973 802 5025 amat,
851 4963 991 5034 quod
1034 4965 1236 5034 absque
1276 4962 1692 5032 reprehensione
1732 4963 1952 5029 fuisset;

386 5057 480 5112 sed
509 5073 617 5113 rem
651 5058 726 5112 uti
758 5067 903 5128 gesta
933 5067 1015 5113 est
1035 5059 1085 5112 in
1118 5058 1350 5113 medium
1382 5057 1615 5113 adducit.
1643 5057 1826 5124 Qualis
1868 5057 1953 5113 illa

381 5149 534 5204 erat?
564 5148 701 5204 Nam
746 5150 801 5205 in
827 5149 1024 5205 Christo
1071 5149 1197 5204 Iesu
1245 5166 1331 5221 per
1358 5149 1686 5220 Evangelium
1731 5165 1821 5219 ego
1868 5165 1954 5203 vos

385 5243 555 5302 aeui.
608 5242 665 5296 In
715 5241 927 5318 Christo
981 5242 1105 5298 .lesu
1149 5258 1163 5295 :
1211 5257 1314 5295 non
1367 5239 1494 5293 mihi
1542 5239 1643 5294 hoc
1686 5238 1952 5292 adscriho.

384 5331 589 5390 Rursus
611 5335 732 5390 illos
757 5335 962 5406 pungit,
985 5337 1072 5406 qui
1098 5335 1197 5390 sibi
1230 5333 1438 5388 laudem
1461 5331 1720 5387 doctrinae
1750 5331 1954 5387 tribue-

383 5423 532 5482 bant.
572 5423 672 5480 Vos
701 5426 836 5480 enim
878 5427 1017 5490 estis,
1064 5425 1252 5494 inquit,
1297 5423 1619 5493 signaculum
1645 5422 1957 5492 apostolatus

383 5518 482 5570 mei
509 5518 589 5591 (Ι.
776 5517 830 5573 9.
857 5517 934 5586 2).
965 5518 1031 5572 Ει
1060 5531 1294 5583 rursum,
1328 5515 1438 5586 Ego
1468 5515 1727 5585 plantavi;
1763 5523 1818 5570 et
1846 5514 1954 5580 hic,

381 5607 494 5678 Ego
520 5611 695 5682 genui.
729 5609 843 5664 Non
871 5609 1022 5672 dixit.
1066 5609 1382 5665 Annuntiavi
1409 5607 1662 5672 verbum;
1697 5606 1813 5672 sed,
1851 5606 1958 5679 Ego

382 5701 553 5778 genui,
584 5716 793 5758 naturae
833 5715 956 5757 usus
987 5701 1310 5757 nominibus.
1341 5698 1514 5756 Unum
1541 5699 1682 5755 enim
1711 5699 1784 5754 illi
1815 5715 1955 5755 cura:

1424 285 1489 342 IN
1529 283 1718 341 EPlST
1759 282 1776 338 l
1841 281 1930 338 Ml
1968 281 2121 340 οοιι,
2165 281 2389 340 IIOMlL.
2436 283 2570 346 XIII.

3542 291 3645 348 ιιιι

2071 404 2205 463 erat,
2237 407 2294 454 ut
2320 399 2663 455 dilectionem
2711 413 2837 471 erga
2864 398 2986 456 illos
3031 413 3181 456 suam
3220 401 3497 459 exhiberet
3565 405 3643 460 liti

2069 503 2299 559 namque
2323 505 2445 546 cum
2465 505 2496 545 a
2518 506 2602 547 me
2623 491 2973 562 accepissent,
3001 507 3096 547 vos
3122 492 3475 562 induxerunt;
3501 499 3643 566 quod

2067 589 2246 636 autem
2280 582 2466 638 ﬁdeles
2505 581 2643 648 sitis,
2677 598 2772 653 per
2819 599 2906 640 me
2943 584 3139 639 factum
3187 595 3288 642 est.
3319 587 3452 656 Quia
3498 588 3644 645 enim

2065 670 2224 735 dixit,
2259 670 2327 726 Ut
2356 672 2510 739 ﬁlios,
2539 688 2605 727 ne
2627 673 2948 746 adulationis
2972 676 3192 730 verbum
3220 691 3341 732 esse
3364 679 3644 733 existima-

2066 777 2173 828 res,
2209 777 2321 816 rem
2349 763 2516 832 ipsam
2542 767 2762 834 profert.
2805 765 2894 820 16.
2924 764 3068 837 Rogo
3108 768 3261 836 igitur
3282 785 3388 832 vos,
3418 771 3644 824 imitata-

2063 866 2144 904 res
2170 852 2267 906 mei
2288 862 2462 920 estote,
2491 854 2617 908 sicut
2643 865 2690 908 et
2730 871 2822 926 ego
2862 852 3070 910 Christi.
3106 857 3284 926 l’apse,
3330 869 3524 927 quanta
3553 861 3643 914 do-

2063 943 2228 998 ctoris
2256 942 2467 1010 ﬁducia,
2496 961 2653 1016 quam
2677 955 2922 1014 accurata
2947 947 3142 1018 imago,
3171 963 3292 1003 cum
3318 951 3478 1004 etiam
3508 953 3644 1006 alios

2063 1033 2129 1086 ad
2160 1035 2259 1088 hoc
2287 1034 2548 1090 advocat?
2575 1036 2691 1091 Non
2723 1052 2843 1092 sese
2869 1038 3133 1094 extollens
3153 1049 3332 1095 autem
3363 1039 3464 1096 hoc
3490 1043 3640 1110 facit,

2062 1126 2157 1182 sed
2185 1137 2240 1181 ut
2265 1129 2510 1184 ostendat
2539 1130 2746 1184 facilem
2775 1144 2894 1186 esse
2922 1131 3194 1186 virtutem.

2134 1219 2186 1274 5.
2216 1218 2467 1274 Christum
2493 1221 2681 1275 imitari
2721 1237 3004 1290 possumus.
3038 1221 3393 1290 Chrysostomo
3420 1223 3629 1290 plaudi.

2065 1320 2167 1364 tur.
2220 1309 2374 1364 Pauli
2416 1322 2463 1366 et
2505 1313 2663 1381 ipsius
2707 1314 2946 1366 virtutum
2988 1313 3466 1383 descriptia.—Ne
3507 1315 3640 1368 mihi

2063 1404 2204 1458 enim
2236 1404 2460 1470 dixeris,
2491 1404 2607 1459 Non
2635 1420 2848 1474 possum
2876 1415 2926 1460 te
2954 1407 3145 1459 imitari
3171 1423 3185 1458 :
3212 1415 3265 1460 tu
3295 1405 3481 1460 doctor
3504 1421 3562 1460 es
3586 1415 3644 1462 et

2065 1510 2311 1565 magnus.
2343 1495 2456 1550 Non
2485 1497 2624 1551 enim
2659 1506 2861 1552 tantum
2893 1499 3047 1566 spatii
3078 1499 3216 1551 inter
3243 1514 3327 1552 me
3353 1507 3409 1552 et
3435 1513 3529 1551 vos
3556 1499 3640 1551 in-

2064 1598 2248 1655 terest,
2278 1598 2533 1659 quantum
2561 1590 2696 1645 inter
2717 1590 2986 1645 Cltt‘isltttn
3009 1600 3063 1646 et
3092 1607 3177 1644 tne
3198 1609 3210 1642 :
3229 1601 3460 1644 attamen
3491 1590 3638 1644 illum

2063 1696 2161 1750 ego
2191 1679 2424 1734 imitatus
2450 1696 2586 1734 sum.
2619 1679 2751 1734 Cum
2804 1696 2930 1750 ergo
2988 1679 3234 1748 Ephesiis
3275 1679 3480 1744 scribit,
3531 1695 3638 1733 non

2061 1787 2119 1827 se
2137 1772 2364 1826 medium
2383 1773 2549 1841 ponit,
2568 1773 2661 1826 sed
2684 1774 2861 1826 statim
2885 1773 3228 1841 ipsosonnn-s
3252 1773 3376 1826 illuc
3396 1773 3635 1835 adducit.

2061 1864 2236 1919 Estote
2264 1866 2540 1918 imitatores
2573 1865 2666 1918 Dei
2698 1865 2910 1935 (Ep/tes.
2942 1867 2997 1919 5.
3041 1865 3090 1935 i)
3120 1865 3306 1919 dicens
3331 1883 3345 1919 :
3373 1866 3457 1919 hic
3489 1881 3636 1929 vero,

2059 1957 2182 2026 quia
2205 1955 2448 2010 inﬁrmos
2464 1957 2859 2026 alloquebatur,
2882 1957 3114 2025 seipsutn
3136 1957 3470 2025 interposuit.
3492 1957 3641 2010 Alio-

2060 2049 2185 2118 quin
2211 2057 2386 2102 autem
2409 2048 2664 2113 ostendit,
2689 2047 2829 2116 qtml
2853 2048 2929 2100 sic
2950 2063 3158 2116 quoque
3182 2047 3258 2100 fas
3279 2048 3348 2103 sit
3366 2047 3637 2102 Christum

2062 2139 2278 2194 imitari.
2309 2138 2439 2192 Nam
2465 2139 2554 2208 qui
2581 2147 2888 2192 accuratum
2918 2137 3245 2206 signaculum
3273 2145 3354 2192 est
3382 2136 3637 2202 imitatus,

2059 2231 2407 2303 archetypum
2451 2230 2687 2285 imitatus
2734 2239 2836 2284 est.
2879 2229 3164 2283 Videamus
3205 2244 3332 2298 ergo
3370 2227 3640 2298 quomodo

2063 2323 2180 2392 ipse
2207 2321 2478 2376 Christum
2510 2321 2746 2375 imitatus
2775 2320 2861 2374 sit.
2893 2317 3026 2372 Nam
3066 2318 3368 2387 hujusmodi
3413 2319 3640 2374 imitatio

2059 2429 2168 2469 non
2187 2423 2426 2484 tempore
2441 2422 2493 2468 et
2511 2421 2626 2468 arte
2647 2425 2782 2480 opus
2801 2409 2981 2476 habet,
2998 2409 3091 2465 sed
3115 2410 3386 2481 ιιι-ιυριιείιο
3407 2419 3634 2466 tantum.

2061 2505 2118 2560 ln
2148 2505 2370 2577 pictoris
2399 2504 2541 2559 enim
2589 2502 2859 2558 ofﬁcinam
2905 2502 3126 2572 ingressi
3151 2542 3168 2565 ,
3209 2518 3313 2555 non
3348 2501 3640 2569 poterimus

2059 2597 2344 2668 imaginem
2375 2596 2605 2662 imitari,
2634 2595 2841 2650 etiamsi
2882 2595 3024 2650 illam
3057 2595 3250 2650 millie‘s
3279 2595 3596 2664 aSpiciamus
3621 2611 3636 2649 :

2059 2690 2203 2746 hunc
2245 2700 2424 2744 autem
2457 2689 2536 2744 vel
2577 2703 2643 2744 ex
2688 2690 2806 2744 solo
2847 2687 3030 2742 auditu
3071 2687 3266 2743 imitari
3298 2689 3439 2743 licet.
3471 2686 3640 2742 Vultis

2061 2798 2190 2854 ergo
2211 2823 2227 2848 ,
2259 2782 2434 2837 tabula
2462 2782 2514 2835 in
2543 2780 2778 2836 medium
2805 2781 3032 2835 adducta
3053 2821 3070 2847 ,
3100 2779 3462 2834 describamus
3489 2779 3639 2834 vobis

2060 2873 2212 2930 Pauli
2255 2873 2556 2928 institutum
2607 2873 2762 2926 vitae?
2807 2873 3017 2927 Prostet
3059 2872 3219 2941 igitur
3257 2871 3429 2926 tabula
3473 2872 3640 2926 multo

2059 2964 2391 3034 Splendidior
2437 2977 2596 3032 quam
2643 2963 2803 3030 regia:
2853 2962 3129 3032 imagines.
3183 2960 3312 3014 Nam
3363 2961 3502 3032 quod
3553 2960 3640 3015 hic

2058 3055 2362 3125 subjicitur,
2386 3069 2492 3107 non
2515 3064 2637 3108 sunt
2658 3067 2868 3107 asseres
2887 3051 3258 3122 conglutinati,
3277 3067 3382 3106 non
3407 3051 3639 3120 impositi

2060 3146 2336 3212 sindones,
2367 3144 2460 3200 sed
2491 3159 2626 3213 opus
2650 3143 2740 3197 Dei
2771 3142 3050 3212 subjicitur
3073 3159 3085 3195 :
3108 3142 3282 3195 anima
3305 3143 3447 3195 enim
3476 3150 3559 3195 est
3585 3151 3639 3195 et

2059 3252 2274 3306 corpus.
2324 3237 2510 3292 Anima
2545 3236 2637 3291 Dei
2677 3249 2812 3306 opus
2836 3274 2850 3296 ,
2885 3250 2988 3288 non
3018 3226 3291 3288 hominum
3318 3249 3334 3297 ;
3365 3243 3414 3288 et
3445 3247 3640 3303 corpus

2059 3328 2327 3383 similiter.
2357 3326 2452 3381 llic
2479 3325 2785 3395 plausistis?
2812 3325 2916 3380 Sed
2945 3341 3048 3378 non
3076 3324 3177 3380 hoc
3203 3325 3480 3393 plausuum
3506 3334 3641 3378 lem-

2061 3435 2159 3490 pus
2186 3427 2290 3484 est,
2309 3419 2399 3475 sed
2433 3418 2486 3472 in
2513 3417 2856 3488 sequentibus
2889 3428 3096 3486 tempus
3124 3416 3406 3487 plaudendi
3436 3427 3488 3471 et
3519 3415 3640 3470 imi-

2055 3509 2206 3565 tandi
2229 3509 2351 3565 erit.
2373 3509 2587 3563 Interim
2607 3509 2747 3563 enim
2778 3508 2996 3562 materia
3017 3507 3316 3577 subjicitur.
3337 3508 3639 3562 communis

2058 3601 2328 3656 omnibus.
2353 3600 2543 3655 Anima
2565 3601 2704 3655 enim
2726 3601 2792 3656 ab
2813 3601 2988 3654 anima
3010 3599 3137 3654 nihil
3159 3599 3358 3665 differt,
3378 3608 3639 3666 quatenus

2058 3692 2236 3746 anima
2258 3699 2362 3756 est,
2385 3691 2479 3746 sed
2500 3692 2830 3760 pr0positum
2851 3690 3204 3746 dilferentiam
3223 3689 3474 3744 ostendit.
3491 3689 3641 3745 Sicut

2058 3781 2203 3838 enim
2233 3796 2428 3852 corpus
2465 3797 2494 3834 a
2533 3796 2760 3850 corpore
2785 3823 2801 3845 ,
2833 3790 3096 3851 quatenus
3125 3795 3319 3850 corpus
3345 3788 3462 3846 est,
3508 3777 3640 3834 nihil

2058 3872 2269 3939 dilfert;
2297 3873 2392 3927 sed
2422 3871 2598 3927 simile
2624 3881 2707 3926 est
2733 3881 2789 3926 et
2811 3887 3009 3942 corpus
3031 3872 3176 3926 Pauli
3204 3882 3258 3927 et
3286 3886 3481 3940 corpus
3505 3871 3642 3924 nnti-

2061 3972 2260 4030 torum,
2287 3965 2379 4018 sed
2414 3963 2648 4032 pericula
2681 3962 2821 4017 illius
2847 3977 3044 4031 corpus
3069 3963 3174 4017 alio
3199 3977 3428 4031 corpore
3455 3962 3640 4030 splen-

2058 4054 2237 4110 didius
2264 4053 2502 4108 efﬁciunt
2533 4071 2548 4108 :
2581 4053 2650 4106 ita
2680 4061 2736 4107 et
2760 4052 2828 4108 de
2855 4054 3028 4109 anima
3069 4052 3374 4107 dicendum.
3407 4052 3642 4106 l’onatur

2059 4159 2189 4214 ergo
2219 4143 2399 4198 tabula
2431 4142 2583 4198 nobis
2605 4185 2620 4210 ,
2653 4143 2828 4198 anima
2869 4157 3064 4212 nempe
3105 4142 3275 4198 Pauli.
3311 4141 3433 4196 Ila-c
3463 4141 3644 4196 tabula

2061 4251 2230 4304 nuper
2270 4233 2483 4305 jacebat
2531 4232 2748 4303 fuligine
2785 4232 3011 4287 obducta
3037 4274 3054 4299 ,
3087 4233 3238 4304 plena
3268 4232 3384 4287 telis
3412 4247 3642 4286 aranea-

2059 4341 2178 4380 rum
2213 4341 2226 4377 :
2259 4323 2391 4378 nihil
2436 4323 2578 4379 enim
2613 4333 2696 4378 est
2730 4324 3054 4394 blasphemia
3087 4323 3255 4393 pejus.
3284 4323 3417 4390 Quia
3459 4331 3646 4377 autem

2061 4416 2205 4470 venit
2232 4415 2300 4482 is,
2326 4415 2414 4485 qui
2441 4414 2618 4468 omnia
2645 4414 3016 4477 transformat;
3045 4423 3100 4469 et
3120 4413 3250 4468 vidit
3271 4431 3377 4469 non
3401 4429 3466 4470 ex
3497 4412 3650 4482 igua-

2061 4505 2144 4560 via
2173 4513 2229 4560 et
2258 4503 2501 4560 socordia
2541 4505 2612 4558 ita
2642 4504 2907 4574 depictam
2934 4519 3055 4559 esse
3075 4545 3091 4570 ,
3121 4503 3214 4560 sed
3245 4519 3309 4558 cx
3341 4502 3602 4572 imperitia
3622 4543 3644 4567 ,

2058 4607 2115 4652 et
2157 4595 2298 4666 quod
2337 4610 2442 4651 non
2485 4595 2708 4651 haberet
2745 4593 2904 4650 ﬂores
2948 4594 3192 4665 pietatis;
3234 4595 3404 4650 zelum
3445 4593 3644 4664 quippe

2060 4685 2312 4754 habebat,
2339 4687 2553 4743 colores
2587 4702 2716 4743 vero
2745 4703 2850 4742 non
2877 4686 3128 4752 aderant;
3161 4701 3265 4740 non
3296 4691 3437 4741 enim
3468 4687 3643 4744 telum

2060 4777 2354 4834 secundum
2385 4778 2664 4835 scientiam
2697 4777 2964 4834 habebat:
2989 4779 3080 4833 dat
3117 4778 3193 4832 illi
3224 4777 3408 4831 liorem
3441 4779 3640 4830 verita-

2061 4871 2152 4938 tis,
2182 4871 2233 4926 id
2259 4881 2362 4937 est,
2391 4873 2650 4944 gratiam;
2679 4887 2741 4925 ac
2769 4878 2989 4941 repente
3015 4869 3217 4941 regiam
3247 4868 3482 4924 ostendit
3511 4870 3645 4923 ima-

2059 4963 2263 5035 ginem.
2294 4965 2548 5034 Acceptis
2577 4977 2807 5031 namque
2843 4962 3116 5017 coloribus
3140 5002 3155 5027 ,
3201 4977 3322 5017 cum
3365 4961 3650 5018 didicisset

2061 5056 2146 5110 illa
2173 5071 2291 5126 quae
2319 5055 2621 5124 ignorabat,
2656 5069 2761 5108 non
2793 5053 3126 5124 exspectavit
3152 5063 3383 5124 tempus,
3411 5055 3511 5110 sed
3535 5064 3644 5109 stop

2063 5145 2158 5198 tim
2187 5145 2422 5213 Optimus
2449 5143 2640 5199 artifex
2682 5145 2829 5200 visus
2856 5155 2977 5210 est;
3018 5156 3074 5200 et
3101 5146 3274 5216 primo
3297 5146 3532 5202 ostendit
3563 5161 3644 5200 rc-

2059 5236 2203 5304 gium
2233 5243 2392 5306 caput
2417 5277 2432 5300 ,
2475 5234 2744 5290 Christum
2778 5237 3110 5306 przcdicans;
3142 5236 3336 5292 deinde
3379 5238 3652 5308 reliquum

2061 5343 2276 5396 corpus,
2308 5327 2449 5396 quod
2478 5337 2559 5382 est
2587 5337 2890 5382 accurattuu
2913 5329 3034 5383 vita:
3061 5329 3382 5384 institutum.
3405 5327 3653 5383 Pictores

2061 5418 2298 5489 quidem,
2327 5435 2448 5473 cum
2477 5434 2536 5474 se
2569 5419 2910 5482 incluserint,
2939 5434 3061 5473 cum
3089 5419 3430 5474 accusatione
3453 5433 3650 5488 magna

2061 5520 2118 5565 et
2143 5511 2324 5581 quiete
2348 5511 2526 5564 omnia
2561 5510 2778 5575 faciunt,
2807 5510 3002 5565 nemini
3031 5511 3170 5566 ostia
3192 5510 3495 5580 aperientes
3519 5529 3534 5566 :
3560 5509 3652 5567 hic

2062 5613 2240 5660 autem
2272 5604 2324 5659 in
2365 5604 2543 5659 medio
2586 5603 2719 5658 orbe
2759 5603 2991 5658 tabulam
3039 5619 3374 5674 proponens,
3400 5605 3653 5660 omnilms

2071 5696 2559 5754 contradicentibus
2584 5740 2598 5762 ,
2641 5697 3119 5766 tunmltuautibus,
3162 5695 3536 5767 turbantibus,
3575 5697 3647 5752 ita
