4090 6216
416 279 525 338 111

425 399 567 454 haec
597 396 795 466 regiam
823 395 1105 466 imaginem
1134 389 1277 455 fecit,
1303 404 1401 443 nec.
1426 385 1829 457 prohibebatur,
1858 381 2003 438 ideo-

425 504 530 557 que
570 487 781 542 dicebat
809 502 823 540 :
853 481 1228 555 Spectacnlum
1274 478 1398 534 facti
1437 491 1621 531 sumus
1666 473 1901 539 mundo,
1947 472 2001 526 in

421 578 605 635 medio
626 588 782 633 terra:
803 584 857 630 et
878 573 1042 629 maris
1061 580 1115 628 et
1134 570 1249 628 ca-li
1270 579 1323 626 et
1345 570 1506 624 totius
1525 568 1692 633 orbis,
1716 565 2004 634 mundique

429 672 588 742 hujus
616 679 722 725 tam
745 666 1014 722 sensibilis
1033 679 1193 736 quam
1215 662 1524 734 spiritualis,
1553 660 1847 742 depingens
1872 659 2003 712 ima—

423 740 622 833 ginem.
661 757 833 813 Vultis
874 771 1083 826 quoque
1119 765 1343 810 cauteras
1384 754 1500 821 ejus
1543 760 1720 821 partes
1763 740 1944 803 videre
1972 761 2001 800 a

425 852 600 922 rapite
630 864 797 916 usque
830 846 1119 904 deorsum?
1158 855 1250 901 aut
1290 845 1451 900 vultis
1479 844 1546 899 ab
1576 840 1811 897 infetiori
1852 846 2002 908 parte

423 957 728 998 sermonem
774 955 989 996 sursum
1043 938 1403 994 deducamus?
1451 934 1826 1002 Contemplare
1872 945 2000 1000 ergo

423 1044 653 1091 S'atuam
701 1047 941 1098 auream,
989 1030 1097 1085 imo
1139 1046 1200 1085 ea
1249 1028 1645 1099 pretiosiorem,
1690 1023 1903 1095 qualem
1946 1022 2000 1076 in

419 1127 558 1181 ea-lo
586 1136 731 1183 stare
759 1141 855 1195 par
877 1134 993 1190 est;
1022 1137 1128 1178 non
1152 1123 1368 1193 plumbo
1390 1120 1621 1175 vinctam
1645 1160 1659 1181 ,
1690 1130 1864 1185 neque
1893 1129 1999 1170 uno

423 1218 473 1273 in
505 1217 623 1272 loco
653 1215 909 1287 positam;
937 1213 1029 1268 sed
1053 1229 1081 1266 a
1106 1212 1400 1268 Jerusalem
1425 1224 1598 1281 usque
1626 1206 1694 1262 ad
1725 1205 1990 1276 Illyricum

422 1320 724 1366 currentem
751 1320 805 1365 et
832 1308 884 1362 in
911 1307 1220 1376 Hispaniam
1249 1305 1562 1369 abeuntem,
1605 1311 1661 1358 et
1698 1317 1816 1371 qua:
1845 1298 1997 1369 quasi

421 1402 559 1456 alata
589 1416 683 1471 per
711 1400 897 1454 orbem
925 1408 1079 1454 terra:
1110 1398 1329 1453 feratur.
1361 1396 1496 1465 Quid
1526 1395 1608 1451 bis
1636 1393 1858 1464 pedibus
1883 1390 1996 1447 fieri

419 1492 587 1564 puSsit
613 1491 906 1561 speciosius
927 1530 941 1554 ,
973 1488 1063 1559 qui
1092 1497 1254 1544 totam
1285 1503 1403 1558 qua:
1426 1487 1527 1542 sub
1552 1484 1666 1541 sole
1692 1493 1773 1539 est
1800 1492 1996 1555 terram

420 1582 806 1653 pervaserunt?
835 1580 980 1636 lianc
1004 1581 1235 1652 speciem
1275 1580 1386 1650 jam
1412 1579 1538 1633 olim
1571 1576 1825 1648 prepbeta
1855 1589 1994 1645 pne-

416 1674 612 1730 dicavit
646 1673 868 1729 dicens:
897 1674 1063 1739 Quam
1099 1672 1313 1742 speciosi
1349 1672 1500 1742 pedes
1543 1669 1994 1740 euangelizandum

417 1783 591 1836 pacem
614 1763 765 1837 (lsni.
797 1764 888 1820 52.
916 1763 1006 1835 7)!
1034 1763 1222 1818 Viden‘
1247 1778 1404 1833 quam
1434 1762 1639 1833 pulchri
1668 1762 1829 1831 pedes
1853 1760 1994 1816 sint?

418 1857 581 1912 Visne
607 1866 662 1912 et
689 1865 871 1924 pectus
894 1855 1113 1910 videre?
1136 1853 1366 1920 Accede,
1394 1852 1496 1907 hoc
1514 1852 1675 1907 etiam
1700 1852 1790 1905 tibi
1814 1860 1994 1905 osten-

416 1949 559 2015 dam,
591 1959 645 2006 et
673 1949 840 2004 multo
867 1947 1199 2018 splendidius
1225 1945 1460 2007 videbis,
1490 1961 1649 2016 quam
1682 1944 1847 2015 pedes
1875 1944 1993 1998 illos

415 2042 709 2112 speciosus,
742 2051 791 2095 et
822 2039 940 2110 ipso
965 2039 1161 2095 veteris
1187 2038 1504 2109 lrgislatoris
1529 2030 1760 2107 pectore.
1786 2036 1992 2107 Moyses

413 2132 630 2203 quidem
660 2131 863 2186 tabulas
892 2132 1114 2200 gestavit
1151 2130 1385 2199 lapideas
1411 2144 1426 2194 ;
1458 2128 1543 2182 hic
1571 2143 1696 2182 vero
1725 2128 1864 2183 intus
1895 2127 1991 2181 Ita-

414 2223 527 2278 linit
558 2222 829 2276 Christum
852 2262 867 2287 ,
897 2219 1063 2289 ipsam
1112 2220 1310 2289 regiam
1355 2219 1592 2290 gestabat
1626 2219 1909 2290 imaginem
1939 2229 1992 2274 et

416 2296 945 2401 propitiatoriifil'deo
970 2309 1288 2366 Cherubinis
1313 2309 1680 2364 ltunorabilior
1709 2294 1859 2387 ent}l
1873 2308 1988 2363 Non

413 2407 557 2462 enim
586 2406 706 2461 talis
734 2406 855 2460 inde
883 2421 984 2460 vox
1027 2404 1330 2469 ferebatur,
1361 2404 1535 2473 qualis
1560 2404 1714 2468 hinc;
1745 2406 1837 2459 sed
1882 2405 1990 2460 illic

414 2499 565 2569 plura
593 2497 887 2552 disserebat
912 2496 978 2549 de
1004 2497 1308 2559 sensilibus,
1339 2511 1401 2551 es
1428 2496 1604 2566 lingua
1635 2506 1809 2551 autem
1840 2496 1986 2550 Pauli

411 2587 480 2641 de
508 2587 666 2642 rebus
693 2603 811 2656 qme
849 2602 1011 2656 supra
1050 2585 1210 2641 caelos
1248 2597 1372 2641 sunt
1399 2603 1413 2640 :
1443 2596 1498 2641 et
1530 2602 1592 2641 ex
1624 2587 1988 2656 prOpitiatorio

412 2677 613 2732 Judzeis
639 2677 767 2730 solis
793 2678 1007 2731 oracula
1039 2676 1262 2737 ferebat,
1298 2676 1421 2732 hinc
1446 2692 1574 2731 vero
1601 2678 1693 2731 toti
1724 2683 1986 2732 terrarum

412 2768 531 2824 orbi
556 2786 571 2822 :
597 2779 647 2822 et
679 2768 788 2822 illic
813 2766 1024 2837 quidem
1053 2782 1148 2836 per
1175 2766 1405 2822 inanima
1426 2809 1441 2835 ,
1484 2766 1571 2823 hic
1600 2783 1725 2824 vero
1754 2784 1850 2838 per
1875 2770 1986 2823 ani-

411 2877 553 2918 mam
583 2861 776 2916 virtute
802 2860 1098 2930 pr:editam.

482 2953 536 3007 4.
570 2951 682 3007 lloc
718 2951 1144 3022 propitiaturium
1188 2950 1320 3006 caelo
1349 2951 1676 3021 splemiidius
1701 2958 1849 3016 erat,
1881 2967 1985 3007 non

411 3044 685 3099 stellarum
731 3044 987 3098 varietate
1030 3043 1235 3113 fulgens
1279 3058 1452 3112 neque
1496 3042 1660 3097 radiis
1702 3043 1980 3109 solarilms,

409 3136 505 3192 6rd
536 3138 705 3207 ipsum
729 3134 896 3190 solem
918 3135 1137 3206 justiti-.1!
1162 3135 1361 3189 habens
1388 3133 1509 3189 inde
1534 3134 1708 3187 radios
1732 3135 1983 3187 emitten-

412 3237 541 3283 tem.
579 3228 642 3283 Et
668 3229 768 3283 hoc
796 3229 1008 3298 quidem
1040 3229 1227 3282 ca-lnm
1257 3228 1425 3280 nubes
1452 3226 1670 3280 subiens
1699 3224 1983 3296 aliquando

415 3321 619 3374 tristius
648 3319 856 3375 reddit:
881 3329 1063 3388 pectus
1094 3335 1220 3373 vero
1252 3317 1377 3372 illud
1411 3319 1553 3373 nulla
1586 3333 1832 3386 umquam
1867 3318 1984 3371 talis

411 3422 701 3480 tempestas
729 3411 929 3474 subiit;
962 3411 1068 3464 imo
1101 3411 1274 3480 potius
1319 3424 1461 3479 szepe
1489 3418 1831 3479 tempestates
1868 3410 1987 3463 sub-

412 3502 780 3558 tereurrebant
829 3501 1031 3567 multm,
1077 3501 1170 3554 sed
1219 3494 1391 3555 lucem
1442 3515 1547 3554 non
1592 3501 1981 3563 obscurabant;

412 3594 507 3649 sed
539 3595 591 3648 in
623 3592 792 3647 media
826 3593 1115 3646 tralatione
1144 3600 1192 3645 et
1226 3592 1277 3646 in
1311 3592 1558 3661 periculis
1592 3593 1675 3645 lux
1712 3592 1793 3644 illa
1827 3591 1983 3644 efful-

409 3683 585 3754 gebat.
632 3682 853 3748 Quatnol
878 3697 987 3735 rem
1036 3682 1150 3750 ipse
1190 3681 1391 3736 catenis
1433 3683 1642 3736 vim-tus
1685 3681 1983 3735 clamabat:

425 3772 639 3841 Verbum
681 3773 773 3827 Dei
812 3790 911 3827 non
959 3784 1029 3827 est
1076 3774 1343 3844 alligatum
1385 3774 1464 3845 (2.
1512 3774 1644 3828 Tim.
1688 3774 1742 3828 Ξ.
1783 3774 1859 3840 9).
1908 3774 1982 3829 Ita

409 3881 624 3935 semper
654 3880 749 3935 per
775 3864 914 3918 illam
942 3864 1171 3935 linguam
1203 3866 1380 3920 radios
1406 3866 1713 3930 emittebat;
1746 3883 1844 3921 nec
1871 3881 1987 3920 mc-

418 3967 504 4011 tns
535 3972 631 4011 nec
662 3957 951 4027 periculum
985 3968 1168 4028 pectus
1199 3957 1324 4012 illud
1356 3959 1639 4012 obscurmn
1672 3957 1982 4013 reddebant.

415 4051 669 4107 Fortasse
698 4050 909 4107 videtur
941 4062 1125 4121 pectus
1155 4050 1282 4106 illud
1333 4052 1493 4121 pedes
1539 4053 1693 4121 longe
1723 4062 1866 4106 retro
1899 4067 1986 4105 re-

411 4142 652 4213 linquere
679 4162 692 4199 :
715 4144 808 4200 sed
836 4144 907 4198 illi
938 4154 1114 4198 tamen
1143 4152 1199 4196 ut
1229 4142 1392 4213 pedes
1415 4142 1617 4211 pulchri
1641 4151 1782 4208 sunt,
1811 4155 1863 4198 et
1886 4142 1988 4198 h.c

410 4236 571 4290 etiam
601 4246 651 4289 ul
682 4247 866 4305 peetus
895 4235 1171 4304 pulchrum
1199 4244 1300 4288 est.
1334 4233 1422 4287 \‘ts
1452 4242 1506 4287 et
1538 4246 1779 4289 ventrem
1812 4236 1989 4290 vidi-re

410 4326 753 4396 speciosum?
784 4325 918 4380 Audi
948 4326 1072 4395 quid
1103 4326 1170 4380 de
1198 4325 1288 4378 illo
1312 4324 1488 4379 dicat.
1517 4324 1577 4380 Si
1603 4325 1741 4378 cibus
1772 4326 1987 4378 scandu-

367 4398 381 4427 ¹
411 4419 533 4472 ltznt
563 4421 775 4487 fratrem
804 4432 986 4473 meum.
1016 4433 1114 4471 non
1138 4418 1395 4469 comedam
1425 4431 1627 4468 carnem
1647 4415 1698 4467 in
1725 4425 1985 4467 internum.

417 4509 496 4579 (1.
527 4507 647 4563 Cor.
677 4508 731 4562 8.
768 4505 876 4579 15).
912 4509 1113 4562 Bonum
1153 4517 1236 4561 est
1264 4521 1479 4560 carnem
1522 4521 1625 4558 non
1663 4504 1945 4559 comedere
1969 4544 1985 4570 ,

412 4614 513 4657 nec
541 4599 720 4654 vinum
764 4598 979 4663 bibere,
1012 4615 1181 4668 neque
1211 4614 1322 4652 rem
1354 4611 1741 4666 quamcumque
1761 4638 1774 4660 ,
1808 4597 1859 4650 in
1884 4612 1988 4665 qua

414 4694 580 4748 frater
609 4700 730 4745 tuus
758 4688 1042 4743 ull‘enditur
1066 4697 1154 4741 aut
1185 4687 1600 4752 scandalizatur,
1624 4696 1714 4740 aut
1746 4687 1986 4740 inﬁrma-

413 4797 521 4841 tur.
569 4783 702 4841 Esca
745 4782 921 4849 reniti,
963 4791 1009 4837 et
1057 4791 1225 4836 uenter
1265 4781 1390 4834 escis
1442 4777 1552 4851 (Id.
1605 4781 1656 4834 6.
1706 4779 1815 4853 15).
1849 4781 1985 4849 Quid

416 4876 517 4929 hoc
545 4884 730 4930 ventre
758 4874 919 4929 fuerit
939 4874 1255 4940 speciosius,
1281 4869 1370 4941 qui
1399 4870 1468 4924 ita
1496 4869 1683 4925 ductus
1707 4882 1820 4926 erat
1840 4873 1989 4940 quie-

412 4982 586 5031 scere.
628 4976 679 5022 et
710 4981 924 5020 omnem
954 4965 1356 5036 temperantiam
1386 4962 1665 5030 exhibere,
1696 4965 1785 5034 qui
1830 4964 1990 5019 sciret

413 5060 655 5124 (ειη-ἱνα,
701 5058 897 5114 famem
930 5059 1036 5127 pati
1067 5069 1120 5113 et
1149 5058 1331 5113 sitire?
1363 5058 1817 5125 Quemadmodum
1844 5057 1987 5112 enim

410 5168 584 5225 equus
626 5152 763 5208 bene
799 5160 1046 5205 assuetus
1086 5149 1322 5203 habenas
1349 5150 1551 5206 habens
1582 5167 1771 5206 aureas
1793 5194 1807 5217 ,
1836 5151 1904 5205 ita
1937 5161 1992 5205 et

414 5245 501 5300 hic
544 5256 831 5299 numerose
879 5240 1158 5295 incedebat
1200 5254 1322 5294 cum
1375 5248 1577 5293 natum
1616 5244 1988 5298 neccsdtatem

412 5343 725 5407 superasset
749 5349 764 5389 :
788 5347 913 5388 nam
943 5330 1183 5387 Christus
1222 5329 1499 5385 incedebat
1530 5330 1581 5384 in
1616 5332 1726 5386 illo.
1760 5333 1871 5388 lloc
1898 5350 1992 5387 att-

415 5437 521 5482 tem
549 5436 657 5483 tam
685 5436 1048 5499 temperanter
1074 5433 1287 5495 agente,
1318 5422 1490 5493 palam
1522 5432 1604 5477 est
1635 5424 1818 5478 \itiutn
1847 5424 1988 5479 aliud

415 5534 576 5573 omne
604 5520 832 5574 solutum
863 5518 1043 5574 fuisse.
1080 5516 1167 5571 Vis
1194 5517 1352 5572 etiam
1382 5514 1559 5569 videre
1589 5530 1681 5570 eas
1708 5533 1826 5587 qua:
1854 5533 1992 5572 nunc

414 5615 542 5663 situt
575 5610 801 5662 manus?
844 5618 934 5662 aut
971 5609 1050 5663 vis
1080 5608 1227 5677 prius
1257 5607 1463 5661 illorum
1494 5606 1773 5676 pristinam
1804 5608 1991 5678 nequi-

416 5702 544 5760 tiam
582 5700 801 5759 videre?
837 5700 1109 5773 IngreSsus
1150 5700 1239 5757 ille
1284 5697 1494 5766 domos,
1538 5716 1709 5774 nuper
1752 5719 1893 5760 viros
1936 5712 1990 5759 et

1238 274 1295 328 S.
1320 269 1597 328 JUANNIS
1625 266 1894 324 CllliYSO
1914 264 2095 321 τΤυΜΙ
2138 265 2448 326 ARCllllﬁP.
2488 272 3025 335 CUNSTANTINUP.

3587 285 3693 342 ll!

2112 381 2362 439 mulieres
2393 387 2664 452 trahebat,
2698 405 2801 445 non
2832 394 2929 448 viri
2958 410 3147 450 manus
3191 394 3425 464 habens,
3460 396 3552 455 sed
3580 401 3651 456 im
3670 434 3683 445 -

2114 474 2286 529 manis
2313 474 2463 532 ferae.
2498 478 2782 551 Postquam
2825 494 3003 541 autem
3033 487 3242 543 colores
3269 492 3506 544 veritatis
3536 507 3690 547 acce-

2112 564 2209 632 pit,
2261 575 2315 619 et
2356 569 2681 637 spiritualem
2730 574 3007 643 peritiam,
3063 594 3167 632 non
3220 582 3356 634 ultra
3405 582 3499 635 viri
3543 582 3688 638 luere

2111 671 2300 712 manus
2328 658 2452 724 illic,
2484 662 2579 716 sed
2606 664 2933 734 spirituales,
2966 669 3201 738 quotidie
3224 674 3425 727 catenis
3454 676 3686 729 constri-

2109 755 2247 812 cur;
2280 757 2334 803 et
2366 751 2631 807 neminem
2660 770 2910 827 umquam
2937 772 3337 830 percusserunt,
3369 764 3462 818 sed
3492 764 3687 822 millies

2110 850 2378 904 percussie
2407 852 2552 896 sunt.
2584 844 2753 901 Hasce
2785 859 2974 903 manus
3001 852 3287 922 aliquando
3313 856 3495 925 vipera
3528 871 3685 911 reve-

2108 927 2211 982 rita
2239 937 2322 984 est
2351 950 2364 986 :
2394 947 2500 986 non
2528 935 2669 989 enim
2698 937 2807 1006 jam
2838 950 2991 995 erant
3020 941 3251 999 hominis
3277 961 3500 1011 manus;
3533 937 3683 1001 ideo-

2106 1034 2209 1087 que
2239 1034 2342 1075 non
2370 1026 2543 1095 attigit
2568 1042 2679 1081 eas.
2715 1029 2802 1083 \‘is
2828 1033 2987 1086 etiam
3018 1043 3222 1105 tergum
3252 1037 3434 1092 videre
3464 1039 3682 1108 reliquis

2106 1112 2361 1167 membris
2404 1116 2617 1173 simile?
2646 1121 2781 1175 Audi
2818 1123 2943 1192 quid
2973 1124 3040 1181 de
3083 1127 3173 1180 illo
3203 1128 3343 1183 dicat
3370 1148 3383 1184 :
3410 1130 3681 1202 Quinquies

2101 1208 2455 1277 quadragenas
2497 1226 2600 1263 una
2639 1214 2803 1266 minus
2842 1218 3008 1286 accepi
3053 1232 3087 1271 α
3120 1217 3345 1277 Judwis.
3392 1218 3488 1275 Ter
3524 1226 3677 1295 rirgis

2102 1312 2259 1350 tersus
2283 1315 2426 1365 sum,
2472 1302 2625 1356 semel
2665 1304 2924 1373 lapidatus
2951 1324 3079 1366 sum.
3114 1320 3188 1363 ter
3210 1314 3530 1384 naufragium
3562 1316 3679 1383 iicr-

2102 1392 2214 1455 tuIi,
2244 1401 2386 1447 nocte
2413 1404 2460 1447 et
2481 1395 2564 1449 die
2587 1396 2638 1450 in
2658 1399 2913 1470 profundo
2937 1402 3090 1456 maris
3115 1405 3192 1473 fui
3214 1404 3260 1474 (Ι
3283 1446 3294 1457 .
3326 1404 3445 1461 Cor.
3473 1407 3555 1461 11.
3583 1408 3673 1462 24.

2098 1479 2219 1545 23).
2248 1480 2351 1536 Sed
2392 1500 2458 1538 ne
2499 1500 2596 1540 nos
2639 1488 2690 1541 in
2737 1489 3053 1557 profundum
3096 1492 3413 1549 immensum
3447 1496 3675 1567 defecti,

2101 1573 2327 1628 multum
2355 1575 2795 1648 circumagamur,
2839 1582 3047 1653 singula
3087 1584 3203 1655 ejus
3230 1587 3466 1643 membra
3497 1604 3677 1657 perse«

2102 1673 2359 1733 quentes;
2391 1682 2489 1738 age
2514 1669 2622 1739 jam
2652 1687 2680 1724 a
2712 1688 2938 1744 corpore
2964 1675 3321 1745 discedentes,
3367 1681 3522 1736 aliam
3553 1684 3674 1754 pul-

2099 1755 2458 1814 chritudinem
2503 1762 2803 1829 videamus,
2848 1783 3040 1838 nempe
3066 1785 3094 1823 a
3122 1773 3483 1839 vestimentis,
3515 1791 3672 1847 quam

2098 1849 2370 1906 dmmunes
2398 1856 2812 1921 reverebantur;
2857 1860 3080 1932 ideoque
3108 1862 3408 1934 fugiebant,
3442 1877 3496 1922 et
3520 1871 3676 1939 :rgri-

2099 1941 2309 1997 tmliues
2352 1944 2628 2001 curabant.
2661 1947 2726 2002 Et
2756 1950 3075 2021 ubicumque
3121 1966 3402 2023 appareret
3445 1958 3670 2025 Paulus,

2095 2032 2271 2085 omnia
2302 2033 2563 2090 cedebant
2590 2047 2644 2093 et
2681 2041 3064 2098 amovebantur
3085 2084 3100 2110 ,
3140 2055 3321 2115 utpote
3349 2061 3469 2101 cum
3511 2049 3674 2105 adve-

2096 2124 2262 2178 nisset
2287 2126 2434 2180 orbis
2458 2139 2717 2185 terrarum
2744 2134 2907 2203 pugil.
2932 2136 3009 2189 Ac
3031 2139 3476 2205 qttemadmndnm
3501 2142 3556 2204 ii,
3579 2143 3667 2211 qui

2099 2218 2293 2271 multas
2323 2220 2373 2273 in
2408 2220 2546 2275 bello
2577 2224 2755 2295 plagas
2781 2240 3097 2296 acceperunt
3121 2272 3135 2292 .
3176 2231 3218 2285 si
3256 2233 3484 2289 viderint
3521 2251 3669 2290 arma

2095 2308 2211 2379 ejus
2237 2311 2324 2380 qui
2358 2311 2478 2366 illos
2509 2318 2803 2382 percussit,
2838 2317 3155 2377 horrcscuut
3178 2338 3191 2377 :
3218 2322 3286 2377 ita
3317 2334 3370 2378 et
3398 2325 3671 2383 da-mones

2093 2400 2423 2457 semicinctia
2454 2413 2654 2459 tantum
2702 2408 2942 2464 videntes
2966 2450 2981 2477 ,
3022 2411 3381 2468 discedebant.
3415 2415 3514 2471 Ubi
3545 2427 3673 2472 sunt

2094 2506 2233 2545 nunc
2261 2493 2452 2548 divites
2477 2537 2493 2560 ,
2533 2499 2624 2566 qui
2658 2499 2708 2553 in
2740 2500 2940 2556 divitiis
2970 2503 3132 2559 altum
3164 2508 3408 2575 sapiunt?
3439 2510 3523 2566 ubi
3557 2511 3666 2579 illi,

2095 2582 2180 2648 ἰιιί
2220 2582 2501 2651 dignitates
2543 2602 2667 2641 suas
2712 2603 2990 2647 numerant
3037 2604 3454 2668 sumptuosaque
3495 2601 3667 2655 vesti-

2092 2674 2304 2727 menta?
2329 2672 2459 2729 Cum
2486 2676 2568 2731 his
2588 2694 2645 2733 se
2675 2693 3066 2751 comparantes,
3093 2701 3186 2739 sua
3219 2689 3394 2743 omnia
3417 2690 3669 2745 videbunt

2090 2779 2209 2818 esse
2243 2780 2455 2821 eteniim
2496 2776 2551 2823 et
2596 2771 2782 2825 Iulum.
2828 2774 2890 2827 Et
2929 2776 3052 2844 quid
3096 2777 3214 2831 dico
3259 2774 3569 2837 vestimenta
3613 2792 3669 2839 et

2091 2856 2292 2910 aurea?
2311 2856 2364 2911 Si
2395 2859 2537 2912 enim
2559 2861 2676 2928 quis
2700 2861 2825 2916 mihi
2850 2866 3009 2919 tutius
3028 2868 3171 2922 orbis
3194 2869 3470 2939 imperimu
3493 2872 3663 2933 daret.

2091 2961 2320 3016 unguem
2368 2949 2539 3003 solum
2587 2951 2768 3014 Pauli,
2819 2955 2918 3009 isto
2964 2955 3188 3025 imperio
3236 2958 3508 3016 fortiorem
3550 2978 3669 3020 esse

2091 3048 2353 3106 putarem,
2386 3053 2750 3110 paupertatem
2779 3045 2912 3113 ejus,
2940 3050 3083 3101 onmi
3113 3051 3397 3119 voluptate,
3427 3054 3669 3124 ignobili-

2090 3133 2252 3182 tatem
2282 3131 2428 3184 omni
2451 3127 2645 3201 gloria,
2680 3135 2930 3191 otnnibus
2955 3136 3152 3194 divitiis
3179 3141 3492 3208 nuditatem,
3524 3144 3666 3197 οιιιιιί

2089 3218 2299 3274 licentia
2340 3221 2600 3291 impactos
2638 3241 2793 3280 sacro
2847 3228 2920 3282 illi
2973 3231 3131 3300 capiti
3189 3232 3475 3302 colaphos,
3524 3236 3667 3288 onmi

2088 3310 2388 3368 diademate
2428 3313 2632 3384 lapides
2669 3333 2803 3386 quos
2833 3322 3060 3390 excepit.
3095 3322 3240 3377 lianc
3277 3338 3527 3380 coronam
3571 3326 3669 3378 de-

2085 3405 2421 3473 sideremus,
2468 3406 2689 3464 dilecti:
2716 3419 2769 3464 et
2800 3414 3010 3468 etiamsi
3045 3417 3389 3484 persequutiu
3430 3433 3533 3471 non
3576 3420 3665 3483 sit,

2090 3496 2302 3551 interim
2331 3513 2429 3553 nos
2457 3514 2837 3570 prmparemus.
2866 3503 3048 3573 Neque
3075 3508 3216 3560 enim
3245 3522 3274 3561 a
3302 3512 3669 3580 persequutio-

2091 3589 2245 3644 nibus
2275 3601 2479 3644 tantum
2512 3591 2599 3647 hic
2629 3593 2711 3647 vir
2749 3595 3061 3663 splendidus
3089 3608 3201 3652 erat
3229 3617 3242 3653 :
3266 3615 3388 3653 nam
3418 3601 3622 3654 diccbat
3650 3620 3666 3655 :

2089 3679 2292 3751 Castigo
2331 3697 2517 3750 corpus
2560 3701 2724 3738 meum
2771 3686 2849 3755 (1.
2882 3686 3000 3740 Cor.
3032 3687 3084 3743 9.
3113 3688 3238 3757 27);
3269 3689 3369 3745 hoc
3400 3708 3526 3747 vero
3553 3694 3669 3747 sine

2091 3774 2502 3842 persequutiuue
2531 3784 2675 3829 recte
2706 3776 2814 3830 licri
2843 3790 3036 3846 potest.
3062 3780 3128 3833 Et
3148 3781 3466 3836 admonebat
3490 3785 3667 3838 carnis

2089 3878 2271 3917 curam
2303 3879 2406 3918 non
2438 3863 2731 3920 faciendam
2761 3882 2880 3922 es~e
2906 3869 2969 3923 ad
2998 3871 3459 3940 concupiscentias
3489 3873 3662 3945 (Rom.

2094 3954 2178 4009 l5.
2214 3954 2338 4026 ll);
2371 3964 2425 4009 et
2455 3971 2673 4010 rursus:
2706 3955 2954 4012 Habentes
2988 3961 3227 4013 alimenta
3270 3971 3317 4015 et
3356 3974 3542 4030 restes,
3589 3964 3665 4018 his

2090 4048 2305 4101 contenti
2333 4048 2488 4103 simus
2516 4048 2590 4119 (1.
2625 4048 2759 4103 Tim.
2792 4049 2844 4103 6.
2877 4048 2954 4119 8).
2985 4051 3063 4104 Ad
3096 4051 3208 4105 lucc
3233 4053 3374 4105 enim
3407 4070 3508 4106 non
3533 4069 3667 4123 opus

2090 4151 2171 4194 est
2198 4139 2715 4210 persequutiouibus.
2742 4141 2805 4195 Et
2826 4141 3106 4210 opulentus
3135 4158 3343 4212 quoque
3366 4144 3431 4196 ad
3465 4155 3666 4214 tempe-

2092 4231 2317 4285 rantiam
2348 4231 2570 4286 vocabat
2594 4231 2779 4286 dicens
2804 4249 2818 4283 :
2848 4232 2949 4298 Qui
2980 4233 3148 4286 volunt
3178 4226 3284 4288 esse
3311 4234 3503 4297 divites,
3537 4236 3662 4288 inci-

2090 4325 2215 4375 dunt
2243 4325 2294 4375 in
2326 4325 2647 4376 tentationem
2688 4321 2797 4392 (Ib.
2839 4340 2886 4377 r.
2917 4324 2993 4395 9).
3037 4324 3092 4380 Si
3141 4325 3297 4394 igitur
3326 4340 3421 4379 nos
3451 4340 3664 4394 quoque

2090 4413 2166 4467 sic
2206 4429 2592 4482 exerceamus,
2637 4414 2690 4468 in
2736 4429 2960 4485 agonem
3004 4415 3229 4486 ingressi
3261 4416 3661 4481 coronabimur;

2092 4510 2145 4555 et
2172 4501 2296 4557 licet
2322 4503 2663 4573 persequutio
2687 4520 2788 4558 non
2816 4505 2906 4572 sit,
2931 4507 3093 4561 multa
3123 4507 3325 4578 probis
3346 4508 3667 4578 recipiemus

2038 4606 2051 4621 δ
2092 4592 2329 4662 prtemia.
2371 4591 2427 4647 Si
2467 4608 2594 4648 vero
2622 4609 2814 4665 corpus
2844 4597 3268 4666 impinguemus,
3299 4610 3350 4652 et
3382 4612 3663 4666 porcorum

2096 4683 2257 4736 vitam
2284 4683 2573 4751 ducamus,
2606 4688 2765 4741 etiam
2799 4686 2849 4741 in
2881 4703 3013 4759 pace
3042 4688 3205 4742 multa
3234 4698 3447 4757 peccata
3476 4687 3669 4742 admit-

2096 4786 2269 4831 temus
2293 4791 2356 4832 ac
2381 4777 2618 4833 dedecus
2644 4778 2893 4834 feremus.
2935 4779 3049 4834 Non
3078 4779 3226 4834 vides
3251 4779 3505 4835 adversus
3534 4797 3669 4851 quos

2094 4867 2247 4923 nobis
2267 4868 2337 4923 sit
2354 4867 2694 4924 colluctatio?
2711 4868 2980 4925 Adversus
2997 4869 3341 4938 incorporeas
3356 4880 3665 4941 potestates.

2095 4960 2376 5026 Quomodo
2404 4975 2532 5031 ergo
2560 4976 2679 5015 cum
2710 4976 2834 5015 caro
2876 4961 3077 5027 simus,
3122 4960 3218 5018 has
3261 4962 3669 5033 superabimus?

2093 5051 2226 5105 Nam
2264 5052 2308 5106 si
2356 5067 2477 5106 cum
2524 5051 2742 5108 homine
2787 5053 2904 5122 quis
2942 5054 3268 5122 pugnaturus
3309 5063 3669 5124 temperanter

2093 5143 2377 5199 eomedere
2401 5142 2595 5212 debet,
2637 5145 2803 5199 multo
2831 5145 2997 5214 magis
3025 5145 3069 5200 si
3094 5146 3350 5202 adversus
3373 5147 3666 5201 diemonas.

2094 5234 2317 5302 Quando
2360 5244 2536 5289 autem
2569 5252 2687 5290 cum
2717 5237 2897 5291 carnis
2929 5237 3249 5307 pinguedine
3277 5238 3477 5293 diVllllS
3505 5237 3666 5292 etiam

2095 5327 2352 5385 fuerimus
2401 5328 2643 5398 alligati,
2696 5328 2834 5383 unde
2883 5328 3214 5384 adversarios
3266 5327 3669 5399 superabimus?

2100 5419 2377 5474 Vinculum
2409 5420 2549 5474 enim
2577 5430 2696 5474 sunt
2723 5420 2941 5485 divitim,
2976 5419 3248 5474 vinculum
3273 5435 3435 5490 grave
3462 5417 3546 5482 iis,
3577 5418 3666 5486 qui

2095 5511 2201 5566 illis
2232 5511 2307 5565 uti
2353 5511 2595 5564 nesciunt
2617 5551 2631 5575 ,
2681 5520 2936 5581 tyrannus
2973 5511 3204 5564 crudelis
3231 5520 3284 5564 et
3315 5509 3666 5571 inhumanus,

2097 5603 2271 5656 servis
2316 5602 2427 5657 suis
2457 5601 2634 5656 omnia
2682 5602 2951 5669 imperans
2996 5601 3063 5655 ad
3106 5586 3389 5672 perniciem
3442 5597 3584 5663 Sed,
3622 5597 3669 5654 si

2099 5698 2323 5753 velimus
2346 5738 2361 5763 ,
2398 5695 2529 5751 hanc
2558 5694 2803 5752 acerbam
2845 5693 3179 5767 tyrannidem
3206 5708 3235 5781 e
3266 5692 3400 5748 solio
3428 5689 3665 5747 decutie~
