4086 6214
364 438 581 508 κόσμῳ,
608 435 671 490 ἐν
701 435 853 508 μέσῳ
883 436 990 507 γῆς
1014 437 1109 495 καὶ
1134 436 1431 507 θαλάσσης,
1463 438 1558 490 καὶ
1585 436 1681 490 τοῦ
1708 434 1940 507 ούρανοῦ

366 521 467 574 καὶ
490 520 595 590 τῆς
620 519 951 590 οἰκουμένης
982 518 1223 589 ἁπάσης,
1250 519 1345 573 καὶ
1378 518 1474 572 τοῦ
1519 519 1726 589 κόσμου
1754 517 1849 572 τοῦ
1881 534 1940 569 τε

366 602 634 672 αἰσθητοῦ
660 602 754 656 τοῦ
780 620 841 656 τε
877 602 1095 673 νοητοῦ,
1126 604 1227 674 τὴν
1250 603 1433 657 εἰκόνα
1456 602 1785 674 ζωγραφιῖη.
1816 600 1949 653 Βού-

366 685 533 739 λεσθε
565 686 664 739 καὶ
698 685 771 738 τά
808 685 968 739 λοιπά
1003 685 1146 757 μέρη
1184 684 1388 756 ταύτης
1415 686 1563 750 ἰδεῖν,
1594 684 1665 738 τὰ
1701 684 1810 738 ἀπὸ
1847 683 1948 753 τῆς

369 767 623 839 κεφαλῆς
650 768 838 834 κάτω;
872 768 905 838 ἢ
941 767 1195 838 βούλεσθε
1234 768 1479 823 κάτωθεν
1502 769 1594 822 τὸν
1625 767 1782 835 λόγον
1814 768 1948 820 ἀνα-

369 852 635 922 γάγωμεν
659 870 674 914 ;
699 851 811 906 Θέα
836 851 1017 905 τοίνυν
1038 852 1333 924 ἀνδριάντα
1364 849 1619 922 χρυσοῦν,
1656 850 1855 919 μᾶλλον
1891 847 1949 901 δὲ

371 936 468 987 καὶ
512 933 706 988 τούτου
750 934 1096 1004 τιμιώτερον,
1148 936 1242 989 καὶ
1287 930 1399 987 οἷον
1446 935 1504 986 ἐν
1542 931 1692 1002 [H3]
1734 930 1950 1002 ούρανῷ

373 1018 600 1070 ἐστάναι
642 1017 809 1081 εἰκὸς,
836 1016 899 1069 ού
937 1016 1172 1087 μολίϐδῳ
1213 1015 1656 1087 προσδεδεμένον,
1705 1014 1825 1068 οὐδὲ
1870 1014 1951 1067 ἐνὶ

374 1100 666 1170 ἰδρυμένον
706 1101 911 1171 χωρίῳ,
943 1100 1060 1153 ἀλλ’
1088 1100 1198 1153 ἀπὸ
1246 1098 1601 1172 Ἰερουσαλὴμ
1649 1097 1810 1171 μέχρι
1854 1096 1950 1151 τοῦ

384 1182 683 1254 Ἰλλυρικοῦ
712 1182 990 1254 τρέχοντα,
1026 1183 1123 1237 καὶ
1147 1184 1227 1247 εἰς
1265 1182 1540 1237 Ἱσπανίαν
1571 1183 1819 1243 ἀπιόντα,
1856 1181 1952 1234 καὶ

371 1265 655 1335 πανταχοῦ
692 1268 794 1335 τῆς
818 1265 1142 1336 οἰκουμένης
1173 1264 1421 1336 καθάπερ
1455 1265 1762 1337 ὑπόπτερον
1791 1262 1953 1333 φερό-

373 1364 562 1418 μενον.
591 1349 656 1402 Τί
677 1348 786 1420 γὰρ
815 1347 925 1402 τῶν
953 1348 1132 1402 ποδῶν
1159 1349 1366 1404 τούτων
1398 1349 1729 1422 ὡραιότερον
1754 1344 1952 1417 γένοιτ’

371 1430 464 1495 ἂν,
498 1430 608 1484 τῶν
649 1431 869 1485 ἃπασαν
897 1432 1232 1486 ἐπελθόντων
1262 1432 1362 1504 τὴν
1392 1434 1480 1501 ὑφ’
1514 1432 1651 1504 ἡλίῳ
1692 1431 1952 1502 κειμένην

367 1513 518 1584 τῆνς
550 1514 771 1585 Ταύτην
796 1514 896 1586 τὴν
922 1515 1233 1586 ὡραιότητα
1264 1518 1360 1569 καὶ
1383 1518 1411 1569 6
1435 1517 1724 1588 προφήτης
1741 1514 1952 1570 ἀνωθεν

368 1595 636 1665 κηρύττει
672 1596 867 1665 λέγων·
911 1598 1006 1663 Ὠς
1038 1597 1238 1665 ὡραῖοι
1266 1600 1320 1651 οι
1356 1598 1539 1665 πόδες
1565 1596 1682 1652 τῶν
1706 1599 1952 1667 εὐαγγε-

366 1675 698 1746 λιζομένων
709 1676 989 1746 εἰρήνηνέ
1004 1675 1159 1743 Εἶδες
1174 1679 1293 1743 πῶς
1313 1680 1467 1734 καλοὶ
1482 1682 1531 1734 οἰ
1554 1680 1714 1741 πόδες
1730 1697 1746 1744 ;
1768 1678 1953 1742 Θέλεις

372 1760 467 1813 καὶ
498 1758 562 1812 τὸ
595 1760 791 1831 στῆθος
817 1760 985 1827 Mdv;
1016 1760 1186 1831 Δεῦρό
1220 1778 1304 1814 σοι
1335 1761 1495 1829 δείξω
1519 1762 1614 1816 καὶ
1649 1763 1827 1825 τοῦτο,
1857 1759 1953 1814 καὶ

370 1840 555 1911 πολλῷ
604 1841 987 1912 λαμπρότερον
1032 1842 1151 1913 ὕψει
1201 1843 1310 1896 τῶν
1370 1844 1549 1897 ποδῶν
1589 1843 1795 1897 τούτων
1843 1842 1952 1896 τῶν

367 1921 616 1994 ὡραίων,
643 1925 737 1977 καὶ
768 1925 950 1978 αὐτῶν
980 1926 1089 1978 τῶν
1108 1926 1201 1979 τοῦ
1225 1925 1452 1980 παλαιοῦ
1477 1926 1768 1997 νομοθέτου
1795 1928 1953 1998 στέρ-

370 2023 501 2060 νων.
550 2008 794 2078 Μωῦσῆς
844 2009 943 2076 μὲν
989 2007 1098 2079 γὰρ
1145 2008 1359 2072 πλάκας
1394 2009 1660 2073 ἐϐάσταζε
1706 2009 1949 2072 λιθίνας·

366 2083 531 2153 οὗτος
570 2089 629 2143 δὲ
660 2090 823 2144 αὐτὸν
852 2090 1062 2144 ἔνδοθεν
1091 2087 1203 2162 εἷχε
1241 2093 1331 2145 τὴν
1366 2092 1623 2163 Χριστὸν,
1657 2093 1952 2163 αύτὴνῌτὴν

373 2169 665 2242 βασιλικὴν
710 2172 906 2243 ἔφερεν
956 2160 1287 2226 εἰκόναίνκαί
1319 2160 1431 2228 τοῦ-
1463 2160 1953 2246 ἰλαστηρίουῐδιά

367 2254 534 2308 τοῦτο
580 2257 676 2308 καὶ
719 2256 829 2310 τῶν
881 2256 1163 2327 Χερουϐὶμ
1214 2258 1539 2329 σεμνότερος
1729 2259 1805 2311 υύ
1843 2258 1952 2328 γάρ

370 2337 601 2410 τοιαύτη
658 2340 885 2412 ἐφέρετο
931 2342 1139 2395 ἐκεῖθεν
1168 2342 1355 2412 φωνὴ,
1390 2342 1477 2396 οἶα
1524 2341 1795 2407 ἐντεῦθεν,
1835 2342 1951 2396 ἀλλ’

372 2420 588 2475 ἐκεῖθεν
630 2422 729 2492 μὲν
770 2423 840 2477 τά
889 2423 1110 2477 πλείονα
1154 2424 1283 2494 περὶ
1333 2423 1607 2494 αἰσθητῶν
1644 2423 1977 2495 διελέγετοη

373 2470 488 2558 ὦ
501 2470 579 2557 ε’
600 2470 697 2575 si}
711 2470 1221 2576 τιαὶξλῶᾯῖιέιζτῆξ
1230 2470 1977 2578 ῗιὲεεῆἰὶῶξρᾟτὶιέἶὸὶὲᾇιῐζι

374 2588 577 2660 ρανοὺς
620 2589 1002 2659 πραγμάτων·
1057 2590 1149 2642 καὶ
1193 2589 1302 2643 ἀπὸ
1349 2588 1449 2659 μὲν
1486 2588 1583 2642 τοῦ
1638 2588 1951 2661 ίλαστηρῖου

385 2669 665 2733 Ἰουδαίοις
690 2671 1024 2741 ἐχρημάτιζε
1061 2671 1260 2741 μόνοις,
1297 2671 1549 2726 ἐντεῦθεν
1578 2672 1635 2725 δὲ
1663 2674 1730 2743 τῇ
1772 2674 1954 2726 οἰκου-

378 2753 521 2824 μένη
549 2752 700 2826 πάσῃ
722 2769 737 2784 ·
769 2755 933 2807 κάκεῖ
964 2756 1064 2826 μὲν
1093 2753 1184 2808 διὰ
1220 2754 1470 2827 ἀψύχων,
1503 2754 1740 2810 ἐνταῦθα
1773 2755 1831 2810 δέ
1863 2755 1953 2810 διὰ

372 2836 561 2907 ψυχῆς
590 2837 872 2908 ἐναρέτου.
1184 2868 1189 2872 ο

446 3001 510 3056 δ’.
523 3001 696 3055 Τοῦτο
704 3004 801 3056 καὶ
815 3001 1041 3076 ούρανοῦ
1052 3003 1432 3079 λαμπρότερον
1450 3002 1520 3080 ἦν
1540 3007 1603 3061 τὸ
1616 3008 1949 3082 ἱλαστήριον,

375 3084 443 3140 ού
492 3086 737 3156 ποικιλίᾳ
783 3087 998 3156 ἄστρων
1045 3088 1536 3161 καταλαμπόμενον
1577 3092 1688 3144 οὐδ’
1739 3095 1953 3147 ἀκτῖσιν

375 3168 657 3237 ἡλιακαῖς,
683 3167 800 3222 ἀλλ’
835 3168 1000 3222 αὐτὸν
1026 3169 1116 3222 τὸν
1143 3171 1301 3241 ἡλιον
1329 3173 1428 3241 τῆς
1454 3172 1798 3243 δικαιοσύνης
1831 3174 1952 3244 ἔχον

376 3251 590 3304 ἐκεῖθεν
617 3252 847 3318 ἀφιέντα
882 3251 983 3315 τὰς
1005 3253 1247 3317 ἀκτῖνας.
1280 3256 1388 3307 Καὶ
1413 3255 1604 3310 τοῦτον
1633 3258 1732 3327 μὲν
1756 3258 1847 3310 τὸν
1865 3258 1954 3311 οὺ-

381 3334 545 3407 ρανδν
573 3334 732 3402 νέφος
758 3334 1069 3405 ὑποδραμόν
1094 3352 1224 3390 ποτε
1251 3338 1701 3413 σκυθρωπότερον
1727 3339 1951 3411 ἐργάζε-

376 3434 494 3481 ται,
526 3417 588 3470 τὺ
619 3416 675 3469 δέ
712 3416 907 3487 στῆθος
937 3418 1116 3471 ἐκεῖνο
1138 3420 1312 3482 οὐδεὶς
1354 3421 1633 3492 ὑπέδραμέ
1676 3441 1807 3476 ποτε
1839 3440 1953 3494 χει-

384 3501 502 3573 μὼν
526 3498 787 3564 τοιοῦτος·
820 3502 1023 3573 μᾶλλον
1046 3503 1103 3556 δὲ
1129 3503 1440 3574 ὑπέδραμον
1479 3505 1575 3575 μὲν
1613 3506 1799 3560 πολλοὶ
1822 3507 1955 3560 πολ-

377 3585 540 3648 λάκις
566 3584 853 3654 χειμῶνες,
881 3584 943 3637 τὸ
962 3584 1020 3638 δέ
1046 3584 1161 3654 φῶς
1186 3587 1287 3641 οὐκ
1312 3589 1671 3643 ὲπεσκότισαν
1687 3602 1735 3652 ³,
1760 3591 1876 3644 ἀλλ’
1898 3594 1954 3645 ἐν

382 3668 538 3739 μέσῳ
570 3667 653 3738 τῷ
694 3666 987 3738 πειρασμῷ
1022 3668 1113 3721 καί
1153 3672 1263 3731 τοῖς
1291 3670 1555 3735 κινδύνοις
1584 3672 1644 3724 τὸ
1675 3672 1793 3743 φῶς
1847 3676 1956 3727 ἀπι-

381 3753 593 3824 έλαμπε
612 3751 789 3805 τοῦτο.
810 3751 902 3803 Διδ
916 3751 1011 3804 καὶ
1021 3751 1181 3814 αὐτὸς
1203 3751 1390 3805 ἅλυσιν
1406 3755 1784 3825 περικείμενος
1802 3758 1952 3811 ἐϐόα·

392 3836 461 3889 '0
489 3835 673 3904 λόγος
695 3833 803 3887 τοῦ
834 3832 982 3888 Θεοῦ
1014 3835 1087 3887 οὐ
1113 3833 1365 3889 δέδεται.
1407 3835 1593 3901 Οὕτως
1624 3840 1711 3892 ἀεὶ
1745 3840 1832 3893 διὰ
1858 3842 1956 3911 τῆς

381 3918 631 3989 γλώττης
657 3915 873 3988 ἐκείνης
896 3916 1051 3985 ἡφίει
1089 3916 1187 3979 τὰς
1228 3918 1485 3983 ἀκτῖνας·
1530 3922 1624 3974 καὶ
1668 3923 1730 3975 ού
1769 3922 1953 3992 φόϐος,

382 4000 448 4054 οὐ
470 3999 710 4063 κίνδυνος
728 3998 792 4051 τὺ
815 3998 1012 4069 στῆθος
1035 4001 1211 4052 ἐκεῖνο
1232 3999 1558 4071 σκυθρωπὸν
1583 4003 1776 4056 ἐποίει.
1802 4004 1958 4074 Τάχα

385 4080 744 4153 παρελαύνειν
765 4081 993 4134 δοκεῖτὸ
1022 4081 1217 4153 στῆθος
1237 4083 1366 4147 τοὺς
1390 4084 1577 4147 πόδας·
1606 4086 1739 4139 ἀλλά
1766 4087 1956 4140 κάκεῖ-

387 4181 479 4219 νοι
517 4162 593 4227 ὡς
622 4163 773 4227 πόδες
795 4164 967 4230 καλοὶ,
997 4165 1092 4217 καὶ
1128 4164 1286 4219 τοῦτο
1308 4167 1383 4229 ὡς
1405 4166 1619 4237 στῆθος.
1653 4167 1838 4222 Βούλει
1864 4171 1958 4224 καὶ

388 4245 637 4316 γαστέρα
664 4246 788 4301 ἰδεῖν
814 4246 1054 4319 ὡραίαν;
1091 4249 1355 4302 Ἀκουσον
1380 4248 1433 4302 τί
1460 4267 1591 4321 φησι
1620 4268 1683 4304 πε
1693 4252 1745 4323 ρὶ
1767 4253 1953 4324 αὐτῆς·

387 4332 461 4385 ει
500 4327 714 4399 ,ϐρῶμα
755 4327 1140 4391 σκανδαλίζει
1165 4331 1270 4384 τὸν
1294 4330 1564 4401 ἀδελφόν
1583 4350 1724 4403 μου,
1774 4337 1846 4388 οὐ
1870 4333 1956 4405 μὴ

387 4408 556 4479 φάτω
580 4406 724 4476 κρέα
749 4410 835 4475 εἰς
855 4407 963 4463 τὸν
977 4407 1180 4465 αἰῶνα.
1206 4409 1384 4464 Καλὸν
1402 4413 1462 4464 τὸ
1488 4412 1562 4483 μὴ
1587 4414 1778 4480 φαγεῖν
1796 4416 1956 4484 κρέα,

393 4490 531 4563 μηδέ
551 4492 698 4545 πιεῖν
722 4485 885 4550 οἶνον.
908 4492 1041 4562 μηδὲ
1062 4494 1119 4547 ἐν
1133 4486 1177 4561 ᾧ
1201 4494 1229 4546 6
1250 4492 1476 4562 ἀδελφός
1506 4511 1598 4548 σου
1624 4497 1959 4566 προσκόπτει

388 4574 425 4646 ἡ
459 4573 871 4639 σκανδαλίζεται
903 4574 937 4646 ἡ
961 4575 1196 4629 ἀσθενεῖ.
1227 4576 1306 4631 Τὰ
1331 4577 1614 4645 ,ϐρώματα
1637 4577 1709 4646 τῇ
1736 4580 1956 4646 κοιλίᾳ,

390 4658 490 4711 καί
521 4659 561 4726 ἡ
585 4658 787 4712 κοιλία
808 4657 932 4723 τοῖς
953 4657 1246 4727 βρώμασι.
1289 4659 1355 4711 Τί
1379 4658 1583 4730 ταύτης
1608 4661 1708 4731 τῆς
1726 4663 1961 4732 γαστρὸς

390 4740 585 4809 γένοιτ’
610 4740 677 4794 ἂν
697 4739 1022 4811 ὡραιότερον
1047 4741 1151 4811 τῆς
1183 4739 1325 4794 οὕτω
1359 4742 1797 4816 πεπαιδευμένης
1833 4746 1962 4816 ἡρε-

395 4828 538 4898 μεῖν,
566 4827 661 4881 καὶ
690 4825 1044 4898 σωφροσύνην
1076 4829 1257 4882 πᾶσαν
1299 4827 1704 4901 δεδιδαγμένης,
1747 4830 1842 4884 καὶ
1885 4832 1963 4885 εἰ·

390 4911 544 4974 δυίας
567 4911 664 4964 καὶ
690 4913 882 4981 πεινῇν
914 4911 1010 4983 καὶ
1032 4908 1322 4980 λιμώττειν
1347 4912 1441 4964 καί
1467 4910 1660 4981 διψῇν;
1692 4913 1963 4983 Καθάπερ

392 4991 506 5063 γὰρ
538 4993 704 5056 ἵππος
739 4981 1002 5055 εῦτακτος
1032 4992 1240 5063 χρυσῆν
1281 4991 1437 5062 ἡνίαν
1463 4991 1662 5058 λαϐὼν,
1696 4992 1837 5047 οὕτω
1870 4981 1962 5047 καὶ

396 5073 539 5143 αῦτη
563 5072 811 5146 εὔρυθμα
835 5063 1046 5138 ἐϐάδιζε
1070 5074 1171 5143 τῆς
1198 5072 1413 5142 φύσεως
1433 5075 1530 5144 τὴν
1547 5076 1792 5146 ἀνάγκην
1807 5077 1962 5147 νική-

398 5172 557 5210 σασα·
595 5157 754 5228 όγάρ
800 5156 1033 5228 Χριστὸς
1076 5156 1318 5221 ἐϐάδιζεν
1364 5158 1422 5212 ἐν
1465 5158 1623 5229 αὐτῇ.
1663 5158 1879 5230 Ταύτης
1905 5159 1963 5214 δὲ

394 5238 538 5293 οὕτω
569 5238 971 5311 σωφρονούσης,
1001 5237 1223 5312 εὔδηλον
1272 5241 1355 5294 ὅτι
1404 5241 1498 5295 καὶ¹
1543 5243 1576 5311 ἡ
1627 5242 1761 5311 ἄλλη
1813 5244 1963 5297 πᾶσα

394 5322 562 5375 κακία
599 5321 805 5376 ἐλύετο.
854 5321 1042 5375 Βούλει
1069 5324 1163 5375 καὶ
1196 5324 1383 5394 χεῖρας
1438 5323 1566 5377 ἰδεῖν
1615 5323 1717 5387 τὰς
1748 5324 1959 5395 νῦνςγῆ

394 5403 573 5475 βούλει
600 5404 698 5477 τὴν
749 5405 1023 5476 προτέραν
1053 5404 1232 5458 αὐτῶν
1279 5404 1542 5477 πρότερον
1594 5408 1793 5460 κακίαν
1839 5394 1963 5462 θεάὲ

394 5487 633 5553 σασθαι;
683 5486 1081 5560 Εἰσερχόμενος
1119 5480 1275 5550 οὗτος
1306 5488 1386 5550 είς
1429 5488 1528 5551 τὰς
1559 5488 1757 5553 οἰκίας,
1801 5490 1963 5561 ἔσυρε

392 5570 586 5643 πρώην
607 5571 805 5642 ἄνδρας
839 5571 934 5625 καὶ
957 5570 1242 5639 γυναῖκας,
1276 5568 1423 5642 [114]
1464 5570 1588 5643 οὐχὶ
1630 5572 1824 5644 ἀνδρὸς
1855 5577 1965 5645 χεῖ-

461 5823 483 5852 ⁸
511 5822 758 5885 Regum):
798 5820 1336 5885 ingaxémaavLSavil.
1374 5823 1421 5871 in
1454 5835 1627 5884 ωσι-ε..
1655 5822 1742 5871 οὐκ
1767 5824 1964 5874 ἐπεσκό-

395 5900 549 5947 τισαν,
572 5881 684 5945 rium
718 5898 830 5934 vera
854 5881 1003 5933 ιονιὶυ
1022 5890 1115 5933 est.
1144 5883 1267 5935 Edili
1289 5884 1374 5933 οὐκ
1399 5881 1690 5933 inc-minae.

1449 323 1516 380 IN
1548 321 1764 378 EPIST.
1789 323 1810 377 1
1838 320 1929 376 Al)
1948 316 2108 375 COR.
2140 313 2375 393 1103111..
2404 314 2544 370 XIII.

3410 282 3619 370 "n2

2050 446 2168 501 9a;,
2209 429 2346 483 ἀλλά
2386 426 2576 499 θηρίου
2625 424 2773 488 τινὸς
2813 423 3054 497 χαλεποῦ
3091 424 3252 495 ἔχων.
3301 422 3521 497 Ἐπειδὴ
3561 428 3619 481 δέ

2046 513 2115 566 τά
2133 511 2401 583 χρώματα
2420 511 2520 580 τῆς
2547 507 2806 578 ἀληθείας
2826 508 2985 561 ἔλαϐε
3011 508 3106 563 καὶ
3127 508 3227 578 τὴν
3247 508 3621 578 πνευματικὴν

2054 595 2371 665 ἐμπειρίαν,
2395 592 2579 646 οὐκέτι
2610 590 2803 660 ἀνδρὸς
2835 590 3080 657 ἐγένοντο
3123 592 3181 644 αἰ
3224 592 3406 660 χεῖρες
3435 584 3618 652 αῦται,

2054 677 2189 732 ἀλλά
2235 673 2624 745 πνευματικαὶ,
2660 673 2781 727 καθ’
2821 673 3057 743 ἑκάστην
3090 673 3303 745 ἡμέραν
3330 673 3623 743 δεσμούμε-

2053 778 2141 815 ναι
2171 760 2415 814 ἁλύσεσι·
2455 757 2549 811 καὶ
2577 755 2817 826 ἔπληξαν
2849 756 2948 826 μὲν
2974 756 3163 809 ούδένα
3193 756 3344 821 ποτέ,
3375 756 3621 826 ἐπλήγη-

2006 864 2009 867 λ
2056 858 2155 896 σαν
2176 841 2235 895 δέ
2263 841 2539 912 μυριάκις.
2580 838 2810 911 ᾘδέσθη
2839 838 2970 891 ποτέ
3013 839 3106 891 καὶ
3141 837 3257 909 ἔχις
3290 839 3493 903 ταύτας
3521 838 3623 901 τὰς

2053 928 2274 998 χεῖρας·
2299 925 2361 977 ού
2401 923 2510 994 γάρ
2548 918 2690 993 ἦσαν
2736 920 3024 992 ἀνθρώπου
3058 925 3236 995 χεῖρες
3283 923 3487 977 λοιπόν·
3532 923 3623 977 διά

2056 1008 2214 1061 τοῦτο
2234 1006 2355 1061 ούδέ
2386 1004 2666 1076 καθήψατο
2686 1003 2883 1057 αὐτῶν.
2916 1004 3104 1058 Βούλει
3125 1006 3217 1059 καὶ
3234 1005 3303 1059 τὰ
3325 1004 3469 1059 νῶτα
3494 1005 3621 1059 ἰδεῖν

2053 1092 2165 1152 τοῖς
2195 1089 2403 1151 λοιποῖς
2448 1087 2660 1141 ἐοικότα
2702 1085 2956 1156 μέλεσινς
2993 1087 3256 1139 Ἄκουσον
3282 1088 3335 1140 τί
3363 1104 3496 1157 φησι
3528 1088 3621 1141 καὶ

2055 1171 2181 1241 περὶ
2212 1169 2413 1223 αὐτῶν·
2452 1167 2742 1234 Πεντάθιις
2785 1167 3238 1235 τεσσαράκοντα
3274 1172 3431 1237 παρὰ
3479 1171 3625 1239 μίαν

2054 1254 2275 1306 ἔλαθον
2304 1251 2425 1305 ὑπὸ
2482 1250 2802 1314 Ἰουδαίων,
2854 1251 2982 1317 τρὶς
3018 1251 3406 1318 ἐρῤιιπίσθην,
3461 1251 3624 1314 ἅπαξ

2053 1333 2404 1399 ἐλιθάσθην,
2447 1333 2575 1399 τρίς
2611 1330 2981 1399 ἐναυάγησα,
3020 1331 3396 1401 νυχθήμερον
3434 1333 3503 1385 ἐν
3543 1330 3626 1397 τῷ

2049 1414 2221 1480 ,βυθῷ
2244 1417 2567 1483 πεποίηκα.
2608 1415 2748 1467 Ἀλλ’
2783 1415 2870 1468 Eva
2908 1414 2981 1485 μὴ
3023 1415 3118 1468 καὶ
3156 1415 3317 1485 ἡμεῖς
3352 1416 3432 1477 εἰς
3466 1414 3626 1484 βυθὸν

2055 1499 2281 1571 ἄπειρον
2315 1498 2667 1568 ἐμπεσόντες,
2691 1497 2859 1552 πολλά
2893 1497 3333 1569 περιενεχθῶμεν
3359 1496 3479 1550 καθ’
3498 1497 3629 1550 ἔκα-

2058 1600 2183 1636 στον
2206 1582 2372 1637 αὐτοῦ
2390 1582 2500 1635 τῶν
2526 1581 2702 1651 μελῶν
2723 1581 2987 1645 ἐπιόντες,
3000 1579 3160 1651 δεῦρο
3176 1581 3509 1643 ἀποστάντες
3530 1578 3626 1633 τοῦ

2057 1663 2330 1735 σώματος,
2363 1664 2549 1731 ἕτερον
2571 1663 2767 1726 κάλλος
2797 1663 2996 1734 ἴδωμεν
3022 1663 3080 1715 τὸ
3105 1664 3212 1717 ἀπὸ
3232 1662 3341 1716 τῶν
3373 1661 3626 1732 ἱματίων,

2054 1745 2084 1799 δ
2125 1747 2219 1800 καὶ
2253 1746 2504 1816 δαίμονες
2549 1744 2876 1815 ῂδέσθησαν·
2924 1745 3007 1798 διὸ
3050 1745 3147 1799 καὶ
3197 1746 3350 1798 αὐτοὶ
3382 1744 3628 1813 ἔφευγον,

2056 1829 2151 1882 καὶ
2193 1828 2475 1900 νοσήματα
2518 1828 2867 1896 ἐδραπέτευε.
2904 1827 3016 1881 Καὶ
3060 1828 3303 1899 ὅπουπερ
3339 1827 3405 1881 ἂν
3456 1827 3628 1897 ἐφάνη

2056 1909 2289 1973 Παῦλος,
2318 1911 2495 1963 πάντα
2538 1910 2809 1979 ὑπεχώρει
2847 1912 2961 1963 καὶΔ
2985 1909 3330 1975 ὑπεξίστατο,
3380 1909 3631 1979 καθάπερ

2054 1992 2148 2045 τοῦ
2185 1991 2284 2062 τῆς
2332 1990 2659 2060 οἰκουμένης
2700 1991 2968 2060 ἀριστέως
3006 1991 3472 2060 παραγενομένου.
3522 1990 3631 2042 Καὶ

2055 2071 2245 2144 ῶσπερ
2271 2074 2320 2126 οἰ
2348 2072 2546 2133 πολλὰς
2577 2071 2835 2135 λαϐόντες
2876 2073 2934 2124 ἐν
2973 2072 3196 2142 πολέμῳ
3238 2071 3475 2141 πληγὰς,
3525 2071 3633 2124 κᾶν

2055 2154 2218 2208 ὅπλον
2258 2156 2410 2209 ῐδωσι
2434 2154 2530 2208 τοῦ
2549 2155 2848 2226 πλήξαντος
2869 2154 3084 2217 αὐτοὺς,
3114 2155 3462 2223 πεφρίκασιν·
3489 2150 3633 2206 οὕτω

2056 2236 2120 2307 δὴ
2148 2239 2241 2292 καὶ
2260 2240 2308 2292 οί
2332 2239 2606 2309 δαίμονες,
2645 2236 2965 2307 σημικίνθια
3011 2237 3172 2306 μόνον
3224 2237 3489 2309 ὁρῶντες,
3540 2235 3633 2300 ἐξ·

2060 2320 2293 2374 ίσταντο.
2312 2320 2422 2373 Ποῦ
2454 2319 2550 2374 νῦν
2576 2321 2714 2373 εἰσιν
2736 2321 2785 2372 οί
2815 2317 3187 2386 πλουτοῦντες,
3205 2318 3300 2372 καὶ
3330 2318 3472 2389 μέγα
3501 2334 3633 2387 φρο·

2054 2402 2275 2466 νοῦντες
2305 2403 2399 2457 ἐπὶ
2426 2403 2710 2474 χρήμασι;
2759 2400 2862 2454 ποῦ
2896 2402 2946 2454 οἱ
2993 2400 3060 2454 τὰ
3093 2400 3380 2471 ἀξιώματα
3410 2399 3633 2473 ἐαυτῶν

2056 2484 2436 2555 ἀριθμοῦντες,
2455 2488 2550 2538 καὶ
2573 2483 2644 2537 τὰ
2670 2483 2858 2554 ἱμάτια
2877 2482 2948 2536 τὰ
2968 2482 3231 2553 πολυτελῆ
3253 2499 3268 2548 ;
3297 2482 3438 2555 Πρὸς
3459 2481 3634 2535 ταῦτα

2059 2554 2500 2638 παραϐάλλοντες
2527 2567 2774 2630 ἑαυτοὺς,
2800 2564 2973 2633 πηλὸν
3002 2563 3224 2634 όψονται
3249 2554 3357 2618 καί
3373 2562 3633 2635 βόρϐορον
3736 2554 3745 2563 ’

2055 2651 2124 2705 τὰ
2163 2650 2372 2705 ἑαυτῶν
2404 2651 2637 2704 ἅπαντα.
2669 2649 2779 2703 Καὶ
2805 2649 2856 2701 τί
2882 2648 3023 2716 λέγω
3049 2649 3237 2717 ἱμάτια
3266 2646 3363 2700 καὶ
3390 2645 3590 2716 χρυσία
3614 2663 3630 2711 ;

2055 2734 2121 2787 Εἰ
2151 2734 2259 2805 γάρ
2289 2751 2379 2803 μοι
2405 2733 2505 2801 τῆς
2531 2733 2859 2802 οἰκουμένης
2893 2732 3062 2784 ἔδωκὲ
3096 2747 3180 2792 τις
3224 2727 3501 2800 κρατῆσαι
3526 2727 3635 2782 πά-

2058 2833 2180 2888 σης,
2200 2818 2291 2869 τὸν
2319 2815 2487 2885 δνυχα
2517 2814 2676 2886 μόνον
2701 2813 2915 2867 Παύλου
2943 2814 3119 2883 πάσης
3138 2811 3204 2865 ἂν
3230 2811 3330 2882 τῆς
3360 2808 3635 2881 βασιλείας

2055 2900 2272 2970 ἐκείνης
2304 2897 2650 2968 ἰσχυρότερον
2674 2892 2813 2950 εἷναι
2836 2896 3085 2965 ἐνόμισα,
3105 2896 3287 2965 πάσης
3305 2894 3513 2966 τρυφῆς
3533 2893 3635 2965 τὴν

2056 2982 2249 3036 πενίαν
2268 3020 2283 3046 ,
2316 2983 2498 3051 πάσης
2533 2979 2693 3051 δόξης
2732 2978 2830 3050 τὴν
2867 2977 3103 3044 ἀδοξίαν,
3155 2979 3356 3041 παντὸς
3399 2975 3633 3030 πλούτου

2056 3064 2153 3135 τὴν
2204 3064 2515 3135 γύμνωσιν,
2555 3065 2734 3134 πάσης
2788 3061 2974 3125 ἀδείας
3014 3062 3106 3113 τὸν
3161 3060 3497 3130 κολαφισμὸν
3534 3060 3637 3130 τῆς

2061 3147 2211 3217 ἱερᾶς
2241 3146 2456 3215 ἐκείνης
2490 3145 2753 3214 κεφαλῆς,
2788 3143 2991 3208 παντὸς
3026 3142 3356 3214 διαδήματος
3399 3143 3525 3205 τοὺς
3551 3141 3635 3194 λί-

2059 3229 2184 3292 θους
2216 3227 2308 3290 οὓς
2331 3227 2573 3292 ἐδέξατο.
2610 3226 2809 3281 Τοῦτον
2856 3226 3184 3296 ποθήσωμεν
3222 3226 3314 3279 τὸν
3348 3223 3633 3292 στέφανον,

2057 3311 2350 3381 ἀγαπητοί·
2386 3312 2479 3363 καὶ
2507 3312 2554 3362 εἰ
2583 3309 2657 3381 μὴ
2685 3309 2921 3379 διωγμός
2944 3311 3084 3372 ἐστι,
3109 3308 3249 3370 τέως
3279 3305 3636 3378 παρασκευά-

2061 3411 2243 3464 σωμεν
2273 3392 2519 3455 ἑαυτούς.
2554 3393 2688 3447 υύδέ
2708 3392 2818 3463 γάρ
2841 3388 2994 3455 οὗτος
3020 3392 3128 3445 άπὸ
3165 3390 3422 3462 διωγμῶν
3458 3391 3634 3460 μόνων

2056 3472 2126 3546 ἦν
2151 3475 2401 3545 λαμπρὸς
2432 3477 2461 3528 6
2490 3475 2650 3546 ἀνήρ·
2681 3476 2776 3529 καὶ
2801 3475 2906 3545 γάρ
2936 3475 3140 3544 ἔλεγεν·
3176 3471 3498 3533 ’Υποπιέζω
3514 3488 3635 3541 μου

2057 3559 2124 3613 τὸ
2149 3557 2339 3628 σῶμα·
2357 3559 2515 3611 τοῦτο
2532 3557 2590 3610 δὲ
2621 3559 2714 3612 καὶ
2735 3558 2905 3629 χωρὶς
2928 3557 3168 3629 διωγμοῦ
3196 3556 3418 3611 δυνατὸν
3440 3572 3637 3626 κατορο

2060 3643 2209 3697 θοῦν.
2242 3643 2350 3696 Καὶ
2373 3643 2472 3712 τῆς
2498 3642 2701 3713 σαρκὸς
2723 3642 2977 3712 πρόνοιαν
3002 3640 3076 3712 μὴ
3107 3639 3379 3695 ποιεῖσθαι
3402 3638 3634 3711 παρῄνει

2059 3729 2139 3791 είς
2177 3724 2489 3797 ἐπιθυμίας·
2522 3726 2616 3780 καὶ
2657 3724 2840 3786 πάλιν,
2876 3725 3158 3793 Ἔχοντες
3184 3723 3504 3792 διατροφὰς
3534 3721 3636 3776 καί

2059 3808 2480 3877 σκεπάσματα,
2513 3808 2745 3872 τούτοις
2777 3806 3287 3874 ἀρκεσθησόμεθα.
3336 3805 3432 3873 Εἰς
3463 3803 3636 3859 ταῦτα

2059 3893 2169 3963 γὰρ
2201 3892 2457 3961 διωγμῶν
2489 3891 2549 3944 ού
2576 3889 2752 3960 χρεία.
2781 3889 2890 3943 Καὶ
2927 3890 3054 3953 τοὺς
3089 3890 3355 3956 εὐπόρους
3398 3888 3455 3941 δέ
3495 3890 3635 3963 ἐσω-

2061 3961 2320 4047 φρόνιζε,
2376 3972 2551 4040 λέγων
2576 3988 2589 4002 ·
2633 3974 2699 4025 Ol
2742 3971 3105 4038 ,βουλόμενοι
3155 3970 3473 4034 πλουτεῖν,
3531 3961 3635 4041 ἑμ-

2061 4058 2395 4111 πίπτουσιν
2422 4056 2511 4120 εἰς
2541 4052 2894 4121 πειρασμόν.
2940 4052 3065 4107 Ἐὰν
3090 4047 3184 4104 οὖν
3214 4051 3306 4104 καὶ
3350 4054 3511 4121 ἡμεῖς
3540 4051 3635 4105 οῦ-

2062 4157 2171 4202 τως
2206 4139 2434 4199 ἑαυτοὺς
2466 4138 2817 4206 ἁσκήσωμεν,
2849 4135 2930 4198 εἰς
2971 4133 3062 4187 τὸν
3088 4133 3275 4201 ἀγῶνα
3305 4133 3637 4200 εἰσελθόντες

2064 4218 2619 4291 στεφανωθησὸμεθα,
2650 4219 2741 4271 καὶ
2764 4216 3004 4288 διωγμοῦ
3033 4216 3107 4287 μὴ
3138 4216 3425 4287 παρόντος,
3464 4217 3637 4273 πολλά

2063 4304 2206 4377 ὑπὲρ
2249 4302 2428 4359 αὐτῶν
2455 4299 2737 4371 ληψόμεθα
2765 4298 2835 4352 τὰ
2869 4298 3116 4369 βραϐεἶα·
3163 4300 3259 4354 ἐὰν
3292 4299 3349 4355 δέ
3377 4299 3637 4354 λιπαίνω-

2068 4404 2167 4458 μεν
2194 4387 2254 4440 τὸ
2281 4385 2439 4455 σῶμα
2464 4385 2558 4438 καὶ
2591 4381 2784 4454 χοίρων
2832 4381 2946 4449 βίον
2988 4379 3191 4452 ζῶμεν,
3224 4383 3319 4437 καὶ
3356 4384 3414 4435 ἐν
3446 4384 3633 4455 εἰρήνῃ

2065 4469 2237 4523 πολλά
2261 4465 2694 4539 ἁμαρτησόμεθα
2719 4465 2810 4517 καὶ
2829 4463 3090 4536 αἰσχύνην
3106 4464 3475 4536 οἷσομεν.ούχ
3505 4468 3635 4539 ὁρᾷς

2066 4553 2203 4624 πρὸς
2232 4552 2532 4622 τίναςὴμῖν
2564 4551 2597 4621 ἡ
2627 4549 2807 4620 πάλης
2836 4549 2979 4620 Πρὸς
3000 4549 3099 4611 τὰς
3129 4549 3452 4620 ἀσωμάτους
3477 4550 3636 4604 δυνά-

2069 4652 2208 4704 μεις.
2240 4634 2366 4697 Πῶς
2405 4628 2533 4697 οῦν,
2563 4631 2766 4705 σάρκες
2789 4632 2963 4695 ὄντες.
3000 4630 3206 4686 τούτων
3232 4633 3634 4704 περιεσόμεθας

2065 4719 2128 4771 Εἰ
2154 4716 2263 4788 γάρ
2290 4716 2428 4786 πρὸς
2455 4714 2775 4787 ἀνθρώπους
2802 4731 2886 4777 τις
2924 4714 3189 4781 παλαίων,
3214 4714 3385 4769 δεῖται
3419 4717 3632 4787 σωφρό-

2064 4817 2170 4863 νως
2202 4798 2505 4862 ἑστιᾶσθαι,
2547 4797 2726 4868 πολλῷ
2756 4797 2952 4868 μᾶλλον
2991 4797 3125 4869 πρὸς
3152 4797 3432 4867 δαίμονας.
3466 4798 3634 4852 Ὅταν

2064 4882 2121 4935 δέ
2156 4881 2292 4951 μετά
2316 4880 2419 4949 τῆς
2446 4879 2818 4947 πολυσαρκίας
2842 4880 2935 4932 καὶ
2967 4879 3041 4949 τῷ
3064 4878 3275 4950 πλούτῳ
3293 4871 3444 4950 ὦμεν
3474 4897 3635 4951 προσ-

2062 4964 2358 5035 δεδεμένοι,
2390 4965 2553 5019 πόθεν
2572 4963 2916 5035 κρατήσομεν
2942 4961 3052 5014 τῶν
3072 4962 3409 5029 ἀντιπάλωνς
3426 4963 3630 5035 Δεσμὺι,

2065 5046 2175 5117 γάρ
2196 5049 2344 5099 ἐστιν
2372 5047 2400 5099 6
2428 5043 2674 5106 πλοῦτος,
2705 5041 2752 5114 [1
2770 5042 2856 5115 15]
2898 5043 3096 5115 δεσμὸς
3123 5045 3355 5114 χαλεπὸς
3385 5050 3496 5110 τοίς
3532 5047 3633 5100 ούκ

2066 5130 2259 5205 εἰδόσιν
2288 5127 2435 5197 αύτῴ
2468 5124 2724 5196 χρῆσθαι,
2757 5124 3015 5196 τύραννος
3040 5124 3191 5196 ὠμὸς
3219 5128 3311 5180 καί
3338 5128 3632 5199 ἀπάνθρω-

2067 5228 2186 5274 πος,
2215 5210 2308 5263 ἐπὶ
2358 5208 2503 5279 λύμῃ
2540 5206 2647 5262 τῶν
2692 5207 3048 5262 δουλευόντων
3092 5208 3271 5263 πάντα
3307 5211 3627 5265 ἐπιτάττων.

2078 5293 2241 5357 ’Δλλ’,
2291 5292 2387 5345 ἐὰν
2420 5291 2681 5362 θέλωμεν,
2726 5292 2826 5363 τὴν
2865 5292 3067 5363 πικρὰν
3105 5290 3309 5363 ταύτην
3343 5292 3630 5363 τυραννίδα

2066 5375 2175 5429 ἀπὸ
2225 5372 2321 5426 τοῦ
2375 5373 2561 5445 θρόνου
2613 5374 3098 5444 καταστρέψομεν,
3154 5376 3249 5428 καὶ
3286 5376 3414 5443 ἡμῖν
3464 5376 3630 5430 είκειν

2068 5458 2383 5529 ποιήσομεν,
2406 5455 2519 5509 ἀλλ’
2547 5456 2645 5509 οὐκ
2666 5456 2987 5509 ἐπιτάττειν.
3002 5455 3135 5517 ’Πῶς
3157 5451 3251 5508 οὖν
3270 5455 3425 5509 τοῦτο
3447 5455 3628 5524 Emam;

2070 5544 2236 5595 Ὅταν
2270 5540 2347 5601 εἰς
2373 5538 2577 5601 πάντας
2603 5537 2695 5590 τὸν
2730 5535 2952 5589 πλοῦτον
2975 5536 3335 5608 διανέμωμεν.
3366 5537 3508 5602 Ἕως
3532 5538 3633 5611 μὲν

2068 5624 2177 5696 γὰρ
2206 5622 2272 5676 ἂν
2309 5617 2521 5693 μόνοςῇ
2554 5618 2686 5689 πρὸς
2728 5618 2918 5681 μόνους
2948 5618 3198 5691 καθάπερ
3230 5619 3433 5694 λῃστής
3462 5640 3546 5686 τις
3572 5625 3634 5677 ἐν

2069 5705 2294 5780 ἐρημίᾳ,
2325 5702 2500 5757 πάντα
2533 5701 2822 5772 ἐργάζεται
2847 5700 2913 5754 τὰ
2941 5702 3107 5755 κακά·
3138 5703 3265 5756 ὅταν
3287 5702 3343 5757 δὲ
3364 5704 3443 5767 εἰς
3469 5705 3631 5774 μέσον

2070 5790 2229 5846 αὐτὸν
2261 5787 2574 5855 ἀγάγωμεν,
2626 5783 2809 5837 οὐκέτι
2842 5781 2998 5855 ἡμῶν
3043 5786 3338 5857 κρατήσει,
3371 5783 3630 5840 πίντοθεν

2076 5884 2234 5940 αὐτὸν
2266 5877 2483 5932 πάντων
2515 5866 2875 5941 δεσμούντων,
