4086 6214
469 296 579 355 “3

535 419 598 464 ε’.
618 411 728 466 Καὶ
743 408 911 464 ταῦτα
927 409 1203 479 λέγω.ούκ
1221 413 1408 482 ἐπειδὴ
1420 413 1660 484 ἁμαρτία
1675 415 1739 468 τὰ
1750 419 2028 487 χρήματα·

464 497 576 558 τοῖς
605 497 840 564 πτωχοῖς
866 494 920 547 δὲ
945 507 972 535 ι
1017 494 1099 564 μὴ,
1119 493 1396 562 διανέμειν
1431 496 1600 558 αύτά,
1645 499 1907 564 ἁμαρτία,
1938 502 2034 553 καὶ

466 575 652 640 κακῶς
675 577 859 640 αὐτοῖς
873 575 1127 647 χρῆσθαι.
1143 577 1307 630 Οῦδέν
1335 577 1444 648 7&9
1465 581 1495 632 6
1517 579 1648 644 Θεὸς
1668 587 1836 634 κακὸν
1856 583 2036 653 ἐποίηο

467 675 581 720 σεν.
611 658 746 714 ἀλλά
779 659 952 711 πάντα
989 656 1131 712 καλά
1166 656 1319 711 λίαν·
1361 659 1504 714 ὥστε
1537 663 1628 716 καὶ
1657 663 1725 718 τά
1775 665 2032 735 χρήματα

465 739 626 804 mu,
668 739 780 793 ἀλλ’
803 739 900 792 ἐάν
947 738 1026 809 μὴ
1061 742 1236 810 κρατῇ
1266 741 1376 794 τῶν
1404 745 1778 814 κεκτημένων,
1812 747 1907 799 ἐὰν
1934 748 2034 810 τὰς

466 822 657 884 πενίας
683 821 794 874 τῶν
817 819 1041 892 πλησίον
1071 821 1194 894 λύῃ.
1227 824 1364 877 Ούδέ
1389 826 1496 896 7&9
1527 826 1643 893 φῶς
1675 829 1852 881 ἐκεῖνο
1873 829 2034 882 καῶν

463 905 526 956 τὸ
568 903 643 973 μὴ
687 902 947 970 ἀφανίζον
997 905 1223 969 σκότος,
1273 907 1410 960 ἀλλά
1461 910 1555 962 καὶ
1595 911 1882 972 ἐπιτεῖνον.
1913 913 2034 965 ούδέ

464 985 690 1040 πλοῦτον
723 987 795 1040 ἀν
812 987 1020 1058 εἴποιμι
1046 989 1234 1042 τοῦτον
1259 990 1348 1044 τὸν
1367 992 1428 1045 ού
1462 991 1654 1047 λύοντα
1681 995 1896 1058 πενίαν,
1915 997 2034 1049 ἀλλ’

460 1069 696 1134 αῦξοντα
719 1071 926 1126 πενίαν.
976 1072 1040 1125 ’0
1063 1073 1171 1144 γὰρ
1199 1075 1443 1128 πλουτῶν
1479 1077 1540 1129 ού
1572 1076 1725 1145 ζητεῖ
1755 1080 1884 1147 παρ’
1911 1079 2032 1132 ἐτέο

465 1172 574 1223 ρων
619 1155 939 1223 λαμϐὧνειν,
978 1157 1095 1210 ἀλλ’
1126 1159 1332 1228 ἑτέροις
1367 1161 1696 1230 ἐπιχωρεῖν·
1745 1162 1774 1213 6
1814 1162 1872 1214 δὲ
1902 1164 2033 1232 παρ’

463 1235 667 1306 ἐτέρων
713 1236 892 1306 ζητῶν
943 1238 1153 1305 λαϐεῖν,
1185 1241 1369 1294 οὐκέτι
1422 1241 1671 1305 πλουτεῖ,
1710 1243 1824 1295 ἀλλ’
1869 1245 2034 1307 αὑτός

465 1319 612 1374 ἐστιν
642 1321 672 1372 6
703 1321 889 1388 πένης.
919 1321 1080 1374 Ὥστε
1127 1325 1189 1376 ού
1219 1322 1290 1375 τά
1336 1327 1592 1393 χρήματα
1622 1326 1810 1390 κακὸν,
1844 1325 1958 1379 ἀλλ’
1997 1329 2030 1397 ή

470 1400 699 1472 πενιχρά
720 1402 948 1460 διάνοια.
974 1405 1009 1474 ἠ
1039 1405 1129 1456 τὸν
1158 1405 1386 1459 πλοῦτον
1435 1409 1516 1470 εἰς
1572 1409 1760 1462 πενίαν
1800 1409 2030 1477 ἄγουσα.

459 1477 624 1536 θύτοι
651 1483 758 1536 τῶν
796 1484 882 1538 διὰ
922 1485 1030 1538 τῶν
1065 1487 1353 1540 στενωπῶν
1381 1489 1746 1543 ὲπαιτούντων
1775 1492 2034 1546 ἀθλιώτε-

463 1583 572 1633 ροι,
600 1567 710 1620 τῶν
757 1569 1003 1638 πήρωσιν
1050 1571 1282 1639 ἐχόντων
1317 1571 1344 1610 δ
1393 1574 1489 1624 καὶ
1532 1573 1923 1645 λελωϐημένων
1963 1576 2033 1630 τὰ

461 1648 715 1717 σώματα.
747 1650 855 1703 τῶν
881 1652 1044 1722 ῥάκια
1073 1653 1553 1723 περιϐεϐλημένων
1581 1657 1629 1708 οἱ
1655 1659 1714 1710 ἐν
1735 1660 1849 1722 τοῖς
1879 1676 2034 1730 σηρι-

457 1733 580 1794 κοῖς
631 1733 726 1786 καὶ
779 1731 1049 1804 λαμπροῖς
1085 1734 1341 1812 ἱματίοις·
1370 1737 1421 1789 οἱ
1469 1738 1752 1804 σοϐοῦντες
1791 1742 1884 1794 ἐπὶ
1932 1742 2035 1812 τῆς

461 1814 668 1882 ἀγορᾶς
702 1813 811 1868 τῶν
841 1816 978 1869 κατά
1011 1817 1078 1871 τά
1113 1816 1328 1886 ἀμφοδα
1358 1818 1680 1888 βαδιζόντων
1713 1823 1806 1875 καὶ
1834 1823 1913 1886 είς
1936 1823 2036 1887 τὰς

458 1896 632 1960 αὐλὰς
666 1898 941 1950 εἰσιόντων
997 1900 1089 1953 καὶ
1137 1900 1383 1954 κάτωθεν
1441 1901 1687 1970 βοώντων
1737 1905 1832 1959 καὶ
1878 1907 2035 1960 ἐπαι-

455 1979 699 2033 τούντων
740 1979 1110 2052 ἐλεεινότεροι.
1167 1976 1327 2036 Οὗτοι
1377 1983 1476 2053 μὲν
1511 1985 1618 2055 γὰρ
1647 1986 1738 2039 τὸν
1779 1987 1911 2043 Θεὸν
1942 1990 2037 2042 ἀν-

457 2061 710 2130 υμνοῦσι,
730 2063 824 2119 καὶ
848 2063 997 2116 ἐλέου
1019 2065 1346 2133 φθέγγονται
1371 2069 1593 2139 ῥήματα
1609 2071 1700 2122 καὶ
1717 2071 2034 2140 φιλοσοφίας

458 2144 683 2215 πολλῆς·
706 2145 788 2199 διὸ
811 2149 904 2201 καὶ
929 2146 1186 2218 ἐλεοῦμεν
1212 2151 1428 2214 αὐτοὺς,
1454 2152 1548 2204 καὶ
1572 2153 1727 2222 χεῖρα
1748 2154 2032 2224 όρέγομεν,

389 2232 394 2237 ’
459 2227 556 2284 καὶ
583 2227 837 2282 οὐδέποτε
867 2230 1228 2301 ἐγκαλοῦμεν.
1259 2234 1322 2286 Οἱ
1344 2233 1401 2286 δὲ
1432 2233 1785 2298 πλουτοῦντες
1827 2236 2032 2299 κακῶς,

451 2308 738 2381 ὠμότητος
786 2315 882 2366 καὶ
915 2314 1328 2385 ἀπανθρωπίας,
1389 2317 1642 2388 ἁρπαγῆς
1674 2319 1769 2370 καὶ
1817 2335 2035 2372 σατανι.⁹

454 2392 564 2460 κῆς
595 2393 890 2464 ἐπιθυμίας
923 2397 1240 2468 ἐρεύγονται
1266 2396 1475 2466 λόγους·
1510 2399 1592 2452 διὸ
1621 2399 1715 2453 καὶ
1745 2400 1898 2469 παρά
1927 2403 2034 2454 πᾶ-

455 2475 545 2528 σίν
564 2477 670 2531 είσι
695 2480 916 2550 μισητοὶ
937 2481 1030 2534 καὶ
1051 2481 1464 2547 καταγέλαστοι.
1491 2482 1689 2535 Σκόπει
1710 2482 1789 2548 δὲ,
1809 2483 1860 2536 τί
1885 2486 2036 2553 παρά

459 2560 628 2613 πᾶσιν
655 2561 966 2632 ἀνθρώποις
1000 2563 1228 2634 αίσχρόν
1261 2559 1402 2619 εἶναι
1441 2556 1608 2629 δοκεῖ,
1633 2564 1696 2618 τὸ
1738 2564 1888 2636 παρά
1925 2565 2034 2619 τῶν

454 2641 833 2698 πλουτούντων
857 2647 1050 2707 αίτεῖν,
1077 2647 1110 2716 ἢ
1145 2647 1206 2699 τὸ
1235 2647 1384 2717 παρά
1416 2647 1524 2700 τῶν
1562 2647 1824 2718 ἀπόρων;
1864 2649 2033 2702 Παντί

462 2739 570 2777 που
617 2725 796 2795 δῆλον,
831 2728 915 2782 ὅτι
955 2728 1019 2782 τὸ
1051 2730 1202 2800 παρά
1230 2730 1341 2783 τῶν
1369 2731 1610 2800 ἀπόρων.
1645 2729 1817 2784 Τοῦτο
1853 2731 2034 2786 τοίνυν

460 2809 516 2860 οι
549 2806 905 2875 πλουτοῦντες
938 2810 1200 2865 ποιοῦσιν·
1231 2811 1292 2864 ού
1322 2812 1431 2881 7&9
1466 2811 1532 2866 ἀν
1561 2813 1889 2884 τολμήσαιεν
1921 2817 2035 2880 τοίς

465 2890 886 2964 πλουσιωτέροις
920 2894 1260 2963 προσελθεῖν.
1286 2897 1348 2948 υἱ
1379 2896 1437 2948 δέ
1474 2895 1844 2961 ἐπαιτοῦντες,
1881 2899 2032 2968 παρά

455 2971 569 3026 τῶν
595 2974 866 3046 εὐπόρων·
898 2977 962 3031 οὐ
999 2977 1110 3048 7&9
1133 2977 1223 3030 τὸν
1246 2977 1476 3048 ἐπαίτην
1495 2979 1524 3032 6
1543 2979 1773 3048 ἐπαίτης
1796 2981 2032 3050 αίτήσει,

456 3055 600 3110 ἀλλὰ
638 3057 730 3113 τὸν
775 3057 1026 3131 εὔπορον·
1068 3063 1096 3115 6
1136 3061 1194 3114 δέ
1249 3061 1500 3124 πλούσιος
1530 3061 1621 3115 16v
1651 3064 1858 3134 πένητα
1891 3079 2032 3116 σπα·

465 3140 667 3210 ράττει.
695 3143 862 3197 Πάλιν
893 3143 946 3197 τί
971 3145 1316 3216 σεμνότερον,
1339 3145 1459 3198 εἰπέ
1485 3162 1597 3216 μοι,
1629 3145 1782 3216 παρά
1801 3147 2033 3200 ἑκόντων

458 3223 651 3278 λαϐεῖν
676 3226 769 3279 καὶ
794 3227 956 3296 χάριν
981 3228 1234 3298 ἐχόντων.
1267 3227 1300 3298 ﬂ
1337 3228 1463 3291 τοὺς
1494 3229 1555 3280 οὐ
1587 3227 1840 3292 θέλοντας
1865 3231 2034 3298 άναγ·

463 3309 654 3374 κάζειν
685 3308 780 3362 καὶ
811 3308 1048 3380 ἐνοχλεῖν
1072 3327 1087 3374 ς
1115 3308 1352 3380 Εὔδηλον
1389 3311 1466 3363 ὅτι
1513 3311 1639 3372 τοὺς
1672 3309 1748 3382 μὴ
1779 3311 2034 3382 βουλομέ-

464 3408 588 3455 νους
633 3391 708 3462 μὴ
754 3391 1010 3462 ἐνοχλεῐν.
1050 3391 1212 3445 Ἀλλά
1257 3393 1352 3445 καὶ
1394 3391 1549 3445 τοῦτο
1590 3393 1639 3446 οί
1681 3393 2034 3460 πλουτοῦντες

464 3473 730 3529 ποιοῦσιν.
769 3474 835 3530 οι
866 3475 965 3546 μὲν
987 3475 1097 3545 7&9
1128 3475 1356 3547 πένητες
1383 3475 1514 3546 παρ’
1557 3477 1791 3531 ἑκόντων
1818 3477 2031 3549 λαμϐα-

460 3573 613 3611 νουσι
663 3559 758 3612 καὶ
804 3559 964 3629 χάριν
1011 3559 1246 3624 εἰδότων,
1284 3561 1335 3613 οἱ
1383 3559 1440 3612 δὲ
1485 3561 1837 3624 πλουτοῦντες
1883 3565 2031 3635 παρὰ

461 3641 709 3696 ἀκόντων
731 3643 826 3696 καὶ
867 3642 942 3714 μή
978 3641 1334 3713 βουλομένων,
1369 3643 1398 3695 δ
1432 3641 1674 3713 μείζονός
1699 3645 1812 3698 ἐστι
1843 3648 2032 3712 πενίας

461 3722 758 3790 ἀπόδειξις.
795 3724 858 3778 El
880 3725 988 3796 7&9
1009 3724 1133 3778 οὐδὲ
1158 3725 1244 3779 ἐπ’
1278 3726 1498 3794 ἀριστον
1530 3725 1707 3780 ἓλοιτό
1737 3745 1822 3789 τις
1866 3729 2032 3783 ἀπελ-

463 3805 599 3872 θεῖν,
629 3808 681 3860 εί
708 3807 784 3878 μὴ
807 3807 968 3878 χάριν
998 3809 1028 3861 6
1056 3807 1234 3862 καλῶν
1263 3807 1431 3879 εἰδείη
1452 3808 1530 3878 τῷ
1551 3811 1890 3882 καλουμένῳ,
1916 3814 2032 3879 πῶς

465 3892 723 3961 χρήματα
762 3890 954 3944 λαϐεῖν
985 3890 1106 3961 μετ’
1152 3890 1402 3964 ἀνάγκης
1441 3891 1637 3956 καλόν;
1687 3896 1826 3960 Τοὺς
1865 3897 2033 3962 κύνας

460 3973 527 4027 οὗ
568 3973 658 4028 διὰ
704 3973 866 4029 τοῦτο
918 3974 1375 4045 ἀποστρεφόμεθα
1430 3977 1526 4028 καὶ
1579 3977 1854 4047 φεύγομεν
1908 3981 2033 4044 τοῦς

463 4055 869 4124 ὑλακτοῦντας,
919 4057 998 4111 δτι
1045 4060 1112 4128 τῇ
1171 4057 1334 4128 πολλῇ
1369 4057 1518 4131 [H6]
1560 4060 1854 4132 προσεδρίᾳ
1887 4063 2034 4132 ἡμᾶς

463 4138 843 4205 ἐκϐιάζονται;
868 4139 1040 4193 Τοῦτο
1067 4141 1161 4194 καὶ
1198 4141 1248 4194 οί
1291 4141 1534 4196 πλούσιοι
1567 4142 1831 4199 ποιοῦσιν.
1875 4146 2033 4200 Ἀλλά

419 4275 430 4284 _
462 4222 555 4274 τὸν
576 4223 739 4292 φόϐον
767 4227 1050 4294 προσεῖναι
1081 4227 1147 4295 τῇ
1185 4226 1327 4279 δόσει
1361 4227 1704 4297 σεμνότερον.
1741 4228 1910 4284 Τοῦτο
1939 4232 2035 4300 μὲν

461 4301 558 4359 οῦν
585 4306 803 4360 πάντων
833 4306 1205 4377 αἰσχρότερον·
1251 4309 1280 4362 6
1319 4309 1427 4378 7&9
1473 4309 1652 4362 πάντα
1683 4312 1847 4364 κινῶν
1895 4313 2034 4384 ὑπὲρ

523 4445 548 4473 ⁸
579 4441 661 4511 8k;
700 4444 824 4511 Reg.
869 4447 1076 4508 optime.
1123 4446 1176 4495 In
1202 4445 1352 4496 editis
1392 4447 1444 4496 δέ
1475 4447 1638 4497 decu.
1702 4448 1730 4488 b
1753 4448 1896 4511 303.,
1939 4452 2034 4498 τῶν

459 4506 618 4566 πήραν
639 4505 863 4568 ἐχόντων.

1181 295 1237 352 8.
1280 295 1561 352 JOANNIS
1598 295 2081 354 CIIRYSOSTOMI
2119 295 2436 356 ARCHlEP.
2471 298 3016 357 CONSTANTINOP.

3581 305 3688 358 ιιι

2133 417 2224 470 τοῦ
2255 418 2459 482 λαϐεῖν,
2487 419 2629 481 τίνος
2659 418 2759 470 οῦκ
2793 417 2859 471 ἂν
2882 417 2966 488 εἴη
2996 415 3560 488 καταγελαστάτερος;
3586 417 3699 473 Καὶ

2132 503 2242 572 7&9
2276 503 2403 565 τοὺς
2441 500 2608 564 κύνας
2642 501 2900 564 πολλάκις
2949 500 3300 569 φοϐηθέντες,
3337 503 3697 572 προηκάμεθα

2133 584 2277 654 ἀπερ
2311 585 2659 654 κατείχομεν.
2695 584 2760 639 Τί
2800 583 2960 636 πάλιν
2997 585 3384 654 αἰσχρότερον,
3425 586 3550 636 εἰπέ
3587 603 3697 652 μοι,

2137 667 2302 736 ῥάκια
2332 666 2796 736 περιϐεϐλημένον
2837 667 3028 726 αἰτεῖν.
3075 667 3107 736 ἢ
3158 666 3356 736 σηρικὰ
3388 666 3697 737 φοροῦντας

2137 749 2305 802 ὀταν
2364 750 2462 818 μὲν
2511 748 2620 819 γὰρ
2674 747 2920 800 πλουτῶν
2967 764 3053 811 τις
3099 747 3360 818 γέροντας
3421 749 3700 820 θεραπεύῃ

2134 831 2391 900 πένητας,
2421 829 2560 884 ὥστε
2593 830 2662 883 1&
2683 830 2908 883 ἐκείνων
2932 829 3139 892 λαϐεῖν,
3175 831 3270 883 καὶ
3299 830 3471 884 ταῦτα
3495 831 3704 884 παίδων

2131 913 2319 976 ὄντων,
2345 913 2488 976 τίνος
2510 913 2661 966 ἔσται
2688 911 3017 982 συγγνώμης
3039 912 3224 976 dim;
3256 913 3318 967 Εἰ
3342 913 3398 965 δέ
3421 910 3706 981 βούλεσθε,

2134 997 2228 1049 καὶ
2248 995 2316 1049 τά
2350 995 2568 1066 ῥήματα
2597 995 2735 1049 αύτά
2763 995 3128 1066 ἐξετάσωμεν,
3163 996 3287 1048 τίνα
3322 995 3418 1062 μὶν
3445 995 3496 1046 οί
3533 993 3701 1047 πλουο

2131 1077 2348 1140 τοῦντες
2381 1077 2732 1141 ἐπαιτοῦντες
2759 1077 2995 1146 λέγουσι.
3023 1076 3143 1131 τίνα
3169 1077 3227 1130 δὲ
3265 1079 3315 1129 οί
3355 1076 3609 1144 πένητες.
3633 1074 3703 1128 τι

2130 1159 2226 1214 οὖν
2273 1160 2303 1212 6
2353 1159 2520 1228 πένης
2550 1161 2754 1228 φησίν;
2798 1160 2920 1212 Ὅτι
2954 1160 2986 1211 6
3020 1160 3193 1222 διδοὺς
3229 1158 3598 1227 ἐλεημοσύνην
3638 1157 3704 1209 ού

2135 1242 2414 1314 μετριάσει
2449 1241 2598 1302 ποτὲ,
2627 1243 2710 1294 ὅτι
2731 1241 2840 1294 ἀπὸ
2865 1241 2973 1294 τῶν
3011 1241 3107 1294 τοῦ
3134 1241 3270 1294 Θεοῦ
3300 1240 3535 1300 δίδωσιν,
3560 1240 3643 1291 ὅτι
3673 1241 3708 1291 6

2131 1326 2263 1388 Θεὸς
2315 1323 2692 1394 φιλάνθρωπος
2741 1324 2834 1376 καὶ
2886 1322 3106 1393 μείζονα
3151 1322 3488 1376 ἀντιδίδωσιν
3513 1336 3525 1350 ·
3557 1321 3704 1390 ἅπερ

2131 1409 2346 1462 ἅπαντα
2395 1407 2708 1475 φιλοσοφίας
2757 1406 2874 1458 ἐστὶ
2921 1407 3140 1474 ῥήματα
3186 1404 3283 1457 καὶ
3332 1402 3707 1474 παραινέσεως

2132 1493 2227 1545 καὶ
2265 1489 2594 1559 συμϐουλῆς.
2644 1488 2808 1553 Ἀξιοί
2859 1505 2917 1540 σε
2963 1488 3071 1558 γὰρ
3124 1486 3258 1557 πρὸς
3304 1485 3395 1538 τὸν
3425 1484 3708 1552 Δεσπότην

2135 1577 2283 1639 ίδείν,
2301 1575 2394 1627 καὶ
2418 1573 2507 1626 τὸν
2527 1573 2690 1642 φόϐον
2713 1572 2916 1639 ἐξαίρει
2935 1587 3026 1624 σου
3051 1570 3148 1640 τῆς
3168 1567 3466 1638 μελλούσης
3489 1566 3699 1628 πενίας·

2133 1659 2228 1713 καὶ
2263 1657 2464 1726 πολλὴν
2488 1656 2553 1709 ἀν
2582 1672 2666 1718 τις
2697 1655 2794 1708 [δοι
2819 1653 3168 1706 διδασκαλίαν
3201 1652 3259 1703 ἐν
3280 1653 3392 1714 τοῖς
3412 1650 3520 1702 τῶν
3547 1650 3706 1701 ἐπαι-
3793 1685 3800 1690 -

2131 1739 2366 1794 τούντων
2415 1740 2642 1808 ῥήμασι.
2691 1736 2774 1789 Τά
2823 1735 2882 1788 δέ
2932 1735 3043 1788 τῶν
3097 1732 3470 1787 πλουτούντων
3510 1733 3706 1793 ὁποῖα;

2134 1823 2346 1891 Χοίρων
2372 1821 2464 1874 καὶ
2494 1819 2669 1873 κυνῶν
2701 1819 2796 1872 καὶ
2819 1817 2997 1870 λύκων
3017 1814 3240 1872 καὶτῶν
3272 1815 3446 1869 ἀλλων
3475 1813 3703 1884 θηρίων.

2134 1907 2198 1959 Οἱ
2243 1906 2342 1975 μὲν
2385 1905 2493 1974 γάρ
2543 1903 2724 1956 αὐτῶν
2774 1901 2902 1972 περὶ
2955 1899 3244 1970 τραπεζῶν
3291 1899 3387 1952 καὶ
3423 1896 3571 1963 ὄψων
3608 1893 3706 1946 καὶ

2133 1989 2567 2057 καρυκευμάτων
2591 1985 2684 2038 καὶ
2719 1984 2861 2037 οίνου
2893 1981 3236 2037 παντοδαποῦ
3272 1981 3365 2034 καὶ
3398 1978 3584 2049 μύρων
3609 1975 3711 2029 καὶ

2137 2069 2367 2140 ἱματίων
2397 2067 2490 2121 καὶ
2520 2067 2616 2136 τῆς
2657 2065 2824 2137 ἀλλης
2868 2065 3157 2129 διαπαντὸς
3188 2063 3526 2131 διαλέγονται
3559 2061 3705 2112 ἀσω-

2133 2155 2274 2214 τίας·
2307 2152 2356 2204 οἱ
2384 2150 2441 2203 δὲ
2465 2149 2593 2220 περὶ
2625 2150 2800 2202 τόκων
2837 2149 2932 2202 καὶ
2958 2148 3352 2217 δανεισμάτων,
3403 2145 3497 2197 καὶ
3524 2159 3706 2212 γραμο

2136 2237 2334 2306 ματεῖα
2355 2233 2678 2295 πλάττοντες
2708 2233 2802 2285 καὶ
2830 2251 2863 2301 χ
2870 2231 3007 2299 ρεῶν
3025 2232 3187 2300 ϐγκον
3203 2229 3477 2299 ἀφόρητον
3496 2228 3704 2278 ἐπαιωο

2138 2317 2355 2389 ροῦντες
2375 2329 2423 2380 ο,
2447 2316 2520 2380 ώς
2548 2316 2613 2368 ἐκ
2637 2316 2940 2386 πατέρωνή
2965 2316 3204 2369 πάππων
3220 2313 3396 2384 ἀρχὴν
3422 2308 3703 2379 εἰληφότα.

2132 2399 2226 2455 τοῦ
2263 2400 2364 2471 μὲν
2395 2399 2495 2468 τὴν
2527 2399 2701 2451 οίκίαν
2723 2439 2737 2462 ,
2775 2397 2870 2451 τοῦ
2904 2397 2962 2452 δέ
3008 2399 3101 2450 τὸν
3133 2397 3324 2466 ἀγρὸν,
3369 2390 3462 2446 τοῦ
3511 2391 3568 2443 δὲ
3611 2390 3708 2442 ἀν-

2132 2483 2398 2554 δράποδον
2431 2475 2790 2552 ἀφαιροῦνται
2830 2482 2922 2534 καὶ
2955 2481 3024 2534 τὰ
3071 2480 3202 2534 ὄντα
3246 2478 3484 2532 ἅπαντα.
3523 2474 3590 2524 Τί
3637 2473 3706 2525 ἀν

2133 2585 2217 2630 τις
2247 2567 2390 2618 εἴποι
2437 2565 2536 2628 τὰς
2587 2564 2886 2635 διαθήκας,
2921 2564 3019 2628 τὰς
3065 2563 3188 2617 ἀντὶ
3245 2561 3470 2632 μέλανος
3510 2556 3710 2625 αἵματι

2133 2649 2524 2720 γεγραμμένας
2544 2665 2557 2712 ;
2587 2649 2657 2700 Ἦ
2693 2647 2798 2718 γὰρ
2848 2647 3093 2701 κίνδυνον
3138 2645 3410 2714 ἀφόρητον
3445 2637 3705 2708 περιστή-

2136 2719 2346 2794 σαντες.
2385 2730 2420 2801 ἢ
2455 2733 2673 2801 μικραῖς
2705 2747 2815 2782 τισι
2851 2728 3383 2802 καταγοητεύσαντες
3411 2719 3706 2790 ύτεοσχέσεο

2136 2831 2242 2878 σιν,
2271 2813 2366 2877 οῦς
2400 2814 2466 2867 ἀν
2490 2813 2671 2866 ίδωσιν
2698 2812 2853 2881 ὀλίγα
2895 2813 3015 2866 τινὰ
3057 2811 3446 2881 κεκτημένους,
3479 2806 3703 2870 ἔπεισαν

2135 2899 2262 2960 τοὺς
2298 2897 2398 2967 μέν
2433 2897 2804 2967 προσήκοντας
2835 2895 3080 2958 ἅπαντας
3123 2896 3218 2947 καὶ
3257 2891 3414 2960 πενίᾳ
3445 2886 3701 2943 πολλάκις

2133 2979 2540 3051 ἀπολλυμένους
2573 2979 2971 3049 παραδραμεῖν,
3003 2977 3198 3040 αὐτοὺς
3230 2975 3288 3032 δὲ
3324 2971 3438 3026 ἀντ’
3480 2969 3704 3023 ἐκείνων

2134 3064 2430 3134 ἐγγράψαι.
2465 3061 2630 3116 Ταῦτ’
2659 3057 2752 3115 οὖν
2792 3061 2960 3114 ποίων
2986 3060 3189 3131 θηρίων
3227 3058 3326 3110 οὐκ
3361 3051 3704 3134 ἀποκρύπτει

2138 3133 2334 3216 μανίαν
2367 3146 2461 3198 καὶ
2509 3144 2843 3214 ἀγριότητας
2874 3143 2984 3203 Διὸ,
3031 3141 3356 3212 παρακαλῶ.
3388 3137 3565 3192 πάντα
3613 3133 3703 3186 τὸν

2133 3228 2374 3282 τοιοῦτον
2404 3227 2634 3280 πλοῦτον
2663 3226 2950 3296 φύγωμεν.
3001 3225 3092 3277 τὸν
3121 3222 3346 3293 αίσχρδν
3394 3222 3490 3274 καὶ
3529 3218 3705 3286 φόνων

2135 3311 2390 3381 γέμοντα·
2417 3311 2511 3364 καὶ
2544 3307 2873 3379 κτησώμεθα
2901 3308 2993 3360 τὸν
3034 3304 3423 3375 πνευματικὸν,
3452 3303 3544 3354 καὶ
3577 3299 3703 3360 τοὺς

2134 3397 2192 3448 ἐν
2222 3383 2340 3458 τοῖς
2362 3395 2611 3465 οὐρανοῖς
2662 3393 2965 3464 θησαυροὺς
3010 3391 3450 3459 ἐπιζητήσωμεν.
3495 3386 3554 3437 υἱ
3595 3382 3707 3452 7&9

2133 3481 2356 3542 τούτους
2401 3464 2632 3547 ἔχοντες,
2667 3477 2864 3528 ἐκεῖνοι
2910 3477 2958 3528 οί
3008 3473 3272 3535 πλούσιοι,
3306 3472 3502 3524 ἐκεῖνοι
3538 3469 3586 3521 οἱ
3616 3464 3704 3518 εῦ-

2135 3576 2312 3630 ποροι,
2353 3561 2448 3612 καὶ
2485 3559 2591 3610 τῶν
2621 3557 2850 3611 ἐνταῦθα
2893 3559 2984 3610 καὶ
3015 3557 3128 3608 τῶν
3170 3557 3287 3608 ἐκεῖ
3315 3555 3532 3606 πάντων
3565 3552 3701 3638 Mm:

2134 3643 2407 3705 λαύοντες.
2445 3641 2503 3693 ’0
2528 3641 2635 3712 γάρ
2675 3639 2992 3707 βουλόμενος
3025 3637 3282 3691 πένεσθαι
3315 3635 3460 3689 κατά
3491 3633 3582 3686 τὸν
3606 3633 3702 3712 τοῦ

2134 3725 2269 3780 Θεοῦ
2298 3725 2474 3793 λόγον,
2499 3711 2611 3786 τάςν
2629 3722 2847 3776 πάντων
2875 3721 3054 3784 οίκίας
3081 3719 3432 3790 ἀνεῳγμένας
3453 3715 3590 3786 ἔχει.
3612 3711 3701 3779 Τῷ

2135 3811 2243 3881 7&9
2270 3809 2421 3863 οὐδὲν
2453 3807 2775 3878 κεκτημένῳ
2801 3805 2890 3860 διὰ
2923 3806 3014 3858 τὸν
3043 3804 3194 3867 Θεὸν,
3229 3803 3454 3864 ἕκαστος
3486 3798 3554 3881 ἂν
3583 3797 3700 3881 εἰσ-

2135 3879 2348 3961 ενέγκοι
2369 3891 2438 3944 τὰ
2466 3889 2681 3944 ἐαυτοῦ·
2705 3893 2734 3943 6
2761 3889 2819 3942 δέ
2849 3886 3020 3959 μικρά
3043 3887 3179 3958 μετὰ
3205 3884 3414 3946 ἀδικίας
3442 3879 3701 3951 βουλόμε-

2135 3994 2222 4040 νος
2249 3976 2412 4046 ἔχειν,
2442 3975 2538 4037 τὰς
2569 3973 2822 4027 ἁπάντων
2847 3971 3135 4026 ἀπέκλεισε
3162 3968 3348 4038 θύρας.
3380 3967 3496 4020 Ἱνα
3519 3963 3702 4016 τοίνυν

2135 4058 2230 4112 κα)⁵
2258 4058 2365 4110 τῶν
2397 4054 2630 4110 ἐνταῦθα
2667 4056 2760 4108 καὶ
2785 4054 2892 4108 τῶν
2923 4055 3039 4107 ἐκεῖ
3073 4051 3293 4118 ἀγαθῶν
3318 4047 3698 4117 ἐπιτύχωμεν,

2136 4140 2384 4209 ἑλώμεθα
2426 4139 2518 4191 τὸν
2549 4138 2778 4191 πλοῦτον
2819 4137 2912 4190 τὸν
2960 4135 3237 4202 ἀκίνητον,
3287 4134 3383 4201 τὴν
3435 4132 3699 4185 ἀθάνατον

2131 4223 2410 4296 εὐπορίαν·
2440 4217 2506 4293 ἦς
2535 4223 2746 4288 γένοιτο
2778 4221 2984 4283 πάντας
3019 4221 3164 4288 ἡμᾶς
3205 4218 3478 4286 ἐπιτυχεῖν
3517 4216 3698 4296 χάριτι

2131 4307 2224 4358 καὶ
2258 4294 2636 4374 φιλανθρωπίᾳ
2671 4303 2765 4356 τοῦ
2798 4303 3002 4373 Κυρίου
3045 4301 3200 4372 ἡμῶν
3242 4299 3413 4370 Ἰησοῦ
3437 4294 3694 4368 Χριστοῦ,

2130 4389 2226 4442 και)⁵
2253 4387 2322 4440 τὰ
2353 4386 2501 4454 ἑξῆς.

2221 4507 2244 4537 ε
2273 4505 2394 4567 Reg.
2404 4540 2417 4560 .
2434 4500 2802 4567 ἂπαιωροῦντες.

1834 4801 1882 4877 [ι
1901 4803 1986 4876 l7]
2009 4805 2248 4859 OMIAIA
2285 4806 2386 4860 ιΔο.

472 4973 1227 5007 Mli—'-

463 5085 569 5142 Διὰ
607 5083 782 5138 τοῦτο
819 5083 1058 5150 ἔπεμψα
1107 5081 1250 5151 ὑμῖν
1307 5084 1603 5152 Τιμόθεον,
1635 5081 1705 5148 ὅς
1753 5081 1886 5135 ἐστί
1919 5097 2034 5152 μου

537 5154 748 5207 τέκνον
766 5149 1074 5222 ἀγαπητόν
1101 5149 1198 5205 καί
1225 5149 1445 5205 πιστόν
1468 5154 1536 5205 ἐν
1558 5153 1771 5219 Κιερίῳ,
1795 5149 2036 5222 ὂςᾷὑμᾶς

532 5220 876 5307 ἀναμνήσει
919 5221 1027 5286 τὰς
1065 5222 1246 5286 ὁδούς
1270 5238 1390 5291 μου
1419 5223 1529 5290 τὰς
1555 5224 1624 5276 ἐν
1655 5220 1886 5291 Χριστῷ
1923 5222 2036 5289 Ἰη-

529 5311 674 5351 σου.

538 5424 610 5477 α’.
637 5419 837 5474 Σκόπει
869 5436 956 5488 μοι
987 5415 1265 5480 κάνταῦθα
1302 5415 1400 5485 τὴν
1423 5413 1676 5484 γενναίαν
1704 5413 1904 5484 ψυχήν,
1937 5411 2038 5480 τὴν

465 5503 638 5574 πυρὸς
667 5503 1006 5575 θερμοτέραν
1050 5501 1145 5558 καὶ
1175 5501 1533 5572 γοργοτέραν.
1604 5497 1885 5551 Ἐϐούλετο
1935 5494 2036 5566 μὲν

466 5586 579 5654 7&9
603 5586 763 5648 αὐτὸς
788 5583 1196 5656 παραγενέσθαι
1223 5583 1462 5654 μάλιστα
1489 5579 1737 5634 νοσοῦσιν
1769 5579 1908 5633 οὓτω
1943 5579 2037 5632 καὶ

469 5667 818 5731 στασιάζουσι
850 5669 1175 5739 Κορινθίοις.
1222 5667 1330 5722 Καὶ
1368 5665 1479 5735 7&9
1512 5663 1628 5735 ᾔδει
1660 5661 1846 5732 σαφῶς
1876 5661 2038 5731 ἡλίκα

468 5769 530 5806 τε
558 5750 754 5820 ὠφέλει
779 5753 903 5814 τοὺς
942 5752 1188 5820 μαθητὰς
1213 5753 1247 5820 ἠ
1271 5747 1538 5819 παρουσία
1561 5747 1746 5807 αὐτοῦ,
1770 5746 1862 5799 καὶ
1875 5745 2038 5815 ήλίκα

475 5833 740 5893 ἔϐλαπτεν
764 5835 798 5904 ’ῖι
817 5833 1071 5888 ἀπουσία.
1106 5832 1215 5889 Καὶ
1235 5831 1294 5886 τὸ
1318 5832 1416 5904 μὲν
1437 5830 1701 5903 ἐδήλωσεν
1729 5830 1786 5882 ἐν
1812 5830 1879 5899 τῇ
1904 5826 2039 5900 πρὸς

3636 4972 3686 4991 ει-

2129 5080 2523 5150 Φιλιππησίους
2543 5119 2560 5143 ,
2592 5079 2787 5132 είπών·
2819 5077 2914 5145 Μὴ
2946 5079 3027 5143 ώς
3054 5078 3125 5132 ἐν
3155 5077 3231 5148 τῇ
3259 5079 3558 5147 παρουσίᾳ
3581 5097 3698 5147 μου

2127 5165 2337 5233 μόνον,
2367 5165 2528 5217 ἀλλὰ
2563 5164 2658 5214 καὶ
2691 5163 2808 5217 νῦν
2827 5159 3035 5226 πολλῷ
3055 5159 3298 5230 μᾶλλον
3315 5162 3386 5214 ἐν
3408 5161 3482 5229 τῇ
3509 5163 3695 5216 duov-

2132 5249 2238 5314 (πίῃ
2275 5265 2408 5314 μου,
2430 5247 2580 5316 μετὰ
2607 5248 2794 5314 φόϐου
2819 5246 2916 5298 καὶ
2950 5245 3167 5313 τρόμου
3193 5244 3309 5310 τὴν
3324 5245 3558 5299 ἑαυτῶν
3584 5262 3699 5300 σω·

2133 5332 2344 5398 τηρίαν
2377 5327 2804 5398 κατεργάζεσθε
2825 5344 2838 5357 ·
2869 5328 2932 5380 τὸ
2955 5328 3010 5380 δέ
3036 5328 3308 5382 δείκνυσιν
3343 5331 3401 5382 ἐν
3429 5333 3494 5400 τῇ
3541 5331 3694 5381 Ἑπι-

2137 5412 2293 5483 στολῇ
2345 5411 2536 5482 ταύτῃ.
2584 5409 2786 5476 λέγων·
2851 5410 2943 5476 Ὠς
2981 5410 3067 5478 μὴ
3111 5411 3440 5480 ἐρχομένου
3489 5411 3553 5464 δέ
3576 5430 3696 5480 μου

2134 5494 2283 5560 πρὸς
2319 5492 2474 5562 ὑμᾶς
2517 5492 2945 5562 ἐφυσιώθησάν
2991 5511 3154 5560 τινες
3175 5533 3192 5556 ,
3245 5495 3567 5564 ἐλεύσομαι
3605 5493 3694 5548 δέ.

2147 5576 2433 5644 Ἦηείγετο
2468 5576 2567 5646 μὲν
2592 5571 2685 5628 οὖν
2711 5577 2807 5630 καὶ
2849 5576 3112 5646 ἐπεθύμει
3155 5579 3562 5648 παραγενέσθαι
3597 5578 3699 5632 αὕ-

2133 5668 2222 5720 τη
2242 5675 2255 5690 ·
2289 5658 2473 5729 ἐπειδὴ
2502 5658 2558 5711 δέ
2591 5657 2750 5712 τοῦτο
2802 5659 2938 5722 τέως
2983 5660 3083 5712 οὐκ
3112 5661 3259 5730 ἐνῆν.
3284 5663 3350 5730 τῇ
3395 5663 3700 5731 ἐπαγγελίᾳ

2134 5741 2235 5809 τῆς
2268 5741 2568 5810 παρουσίας
2593 5742 2790 5806 αὐτοὺς
2825 5741 3130 5812 διορθοῦται
3151 5759 3164 5772 ·
3201 5742 3294 5796 καὶ
3321 5742 3382 5794 ού
3415 5742 3576 5795 τοῦτο
3604 5742 3702 5811 μύ·

2136 5841 2246 5888 νον,
2276 5823 2409 5880 ἀλλὰ
2442 5827 2534 5879 καὶ
2563 5827 2628 5896 τῇ
2651 5825 2743 5880 τοῦ
2777 5825 3020 5897 μαθητοῦ
3063 5824 3353 5896 ἀποστολῇ.
3392 5825 3492 5878 Διὰ
3519 5825 3700 5879 τοῦτο
