  <div class='ocr_page' id='page_1' title='image "/cluster/home/n/w/nwhite01/storage/ocr_20150623/61/hvd.32044054166368/118.png"; bbox 0 0 4086 6214; ppageno 0'>
   <div class='ocr_carea' id='block_1_1' title="bbox 291 350 396 409">
    <p class='ocr_par' dir='ltr' id='par_1_1' title="bbox 291 350 396 409">
     <span class='ocr_line' id='line_1_1' title="bbox 291 350 396 409; baseline -0.057 0"><span class='ocrx_word' id='word_1_1' title='bbox 291 350 396 409; x_wconf 70' lang='grc'><strong>11⁸5</strong></span> 
     </span>
    </p>
   </div>
   <div class='ocr_carea' id='block_1_2' title="bbox 291 443 1872 526">
    <p class='ocr_par' dir='ltr' id='par_1_2' title="bbox 291 443 1872 526">
     <span class='ocr_line' id='line_1_2' title="bbox 291 443 1872 526; baseline -0.017 -8"><span class='ocrx_word' id='word_1_2' title='bbox 291 479 412 518; x_wconf 83' lang='lat' dir='ltr'><strong>mus</strong></span> <span class='ocrx_word' id='word_1_3' title='bbox 431 501 450 526; x_wconf 89' lang='lat'><strong>,</strong></span> <span class='ocrx_word' id='word_1_4' title='bbox 484 469 538 514; x_wconf 90' lang='lat' dir='ltr'><strong>et</strong></span> <span class='ocrx_word' id='word_1_5' title='bbox 568 455 727 512; x_wconf 84' lang='lat' dir='ltr'><strong>nobis</strong></span> <span class='ocrx_word' id='word_1_6' title='bbox 753 453 948 511; x_wconf 82' lang='lat' dir='ltr'><strong>cedere</strong></span> <span class='ocrx_word' id='word_1_7' title='bbox 975 446 1355 518; x_wconf 71' lang='lat' dir='ltr'><strong>compellemns</strong></span> <span class='ocrx_word' id='word_1_8' title='bbox 1375 486 1391 510; x_wconf 95' lang='lat'><strong>,</strong></span> <span class='ocrx_word' id='word_1_9' title='bbox 1439 459 1544 498; x_wconf 85' lang='lat' dir='ltr'><strong>non</strong></span> <span class='ocrx_word' id='word_1_10' title='bbox 1585 443 1872 510; x_wconf 73' lang='lat' dir='ltr'><strong>imperare.</strong></span> 
     </span>
    </p>
   </div>
   <div class='ocr_carea' id='block_1_3' title="bbox 289 528 1882 619">
    <p class='ocr_par' dir='ltr' id='par_1_3' title="bbox 289 528 1882 619">
     <span class='ocr_line' id='line_1_3' title="bbox 289 528 1882 619; baseline -0.016 -13"><span class='ocrx_word' id='word_1_11' title='bbox 289 550 574 619; x_wconf 82' lang='lat' dir='ltr'><strong>Quomodo</strong></span> <span class='ocrx_word' id='word_1_12' title='bbox 599 562 732 616; x_wconf 81' lang='lat' dir='ltr'><strong>ergo</strong></span> <span class='ocrx_word' id='word_1_13' title='bbox 759 547 859 599; x_wconf 83' lang='lat' dir='ltr'><strong>hoc</strong></span> <span class='ocrx_word' id='word_1_14' title='bbox 886 543 1007 598; x_wconf 81' lang='lat' dir='ltr'><strong>lict?</strong></span> <span class='ocrx_word' id='word_1_15' title='bbox 1027 540 1160 594; x_wconf 87' lang='lat' dir='ltr'><strong>Cum</strong></span> <span class='ocrx_word' id='word_1_16' title='bbox 1187 537 1403 592; x_wconf 77' lang='lat' dir='ltr'><strong>divitias</strong></span> <span class='ocrx_word' id='word_1_17' title='bbox 1429 533 1676 588; x_wconf 79' lang='lat' dir='ltr'><strong>omnibus</strong></span> <span class='ocrx_word' id='word_1_18' title='bbox 1701 528 1882 584; x_wconf 79' lang='lat' dir='ltr'><strong>distri-</strong></span> 
     </span>
    </p>
   </div>
   <div class='ocr_carea' id='block_1_4' title="bbox 297 623 1885 703">
    <p class='ocr_par' dir='ltr' id='par_1_4' title="bbox 297 623 1885 703">
     <span class='ocr_line' id='line_1_4' title="bbox 297 623 1885 703; baseline -0.016 -3"><span class='ocrx_word' id='word_1_19' title='bbox 297 647 550 700; x_wconf 74' lang='lat' dir='ltr'><strong>bucinus.</strong></span> <span class='ocrx_word' id='word_1_20' title='bbox 581 641 763 694; x_wconf 87' lang='lat' dir='ltr'><strong>Donec</strong></span> <span class='ocrx_word' id='word_1_21' title='bbox 787 643 930 690; x_wconf 84' lang='lat' dir='ltr'><strong>enim</strong></span> <span class='ocrx_word' id='word_1_22' title='bbox 954 631 1224 703; x_wconf 74' lang='lat' dir='ltr'><strong>opulentia</strong></span> <span class='ocrx_word' id='word_1_23' title='bbox 1252 629 1361 683; x_wconf 84' lang='lat' dir='ltr'><strong>sola</strong></span> <span class='ocrx_word' id='word_1_24' title='bbox 1388 643 1508 681; x_wconf 88' lang='lat' dir='ltr'><strong>cum</strong></span> <span class='ocrx_word' id='word_1_25' title='bbox 1533 625 1668 680; x_wconf 86' lang='lat' dir='ltr'><strong>solis</strong></span> <span class='ocrx_word' id='word_1_26' title='bbox 1693 623 1793 677; x_wconf 88' lang='lat' dir='ltr'><strong>erit</strong></span> <span class='ocrx_word' id='word_1_27' title='bbox 1827 629 1885 674; x_wconf 91' lang='lat' dir='ltr'><strong>ut</strong></span> 
     </span>
    </p>
   </div>
   <div class='ocr_carea' id='block_1_5' title="bbox 295 719 1882 793">
    <p class='ocr_par' dir='ltr' id='par_1_5' title="bbox 295 719 1882 793">
     <span class='ocr_line' id='line_1_5' title="bbox 295 719 1882 793; baseline -0.018 -1"><span class='ocrx_word' id='word_1_28' title='bbox 295 740 436 793; x_wconf 74' lang='lat' dir='ltr'><strong>latro</strong></span> <span class='ocrx_word' id='word_1_29' title='bbox 465 736 519 788; x_wconf 92' lang='lat' dir='ltr'><strong>in</strong></span> <span class='ocrx_word' id='word_1_30' title='bbox 550 730 874 793; x_wconf 75' lang='lat' dir='ltr'><strong>solitudine,</strong></span> <span class='ocrx_word' id='word_1_31' title='bbox 903 725 1080 781; x_wconf 58' lang='lat' dir='ltr'><strong>on&#39;mia</strong></span> <span class='ocrx_word' id='word_1_32' title='bbox 1112 721 1304 777; x_wconf 80' lang='lat' dir='ltr'><strong>inferet</strong></span> <span class='ocrx_word' id='word_1_33' title='bbox 1345 719 1482 772; x_wconf 88' lang='lat' dir='ltr'><strong>mala</strong></span> <span class='ocrx_word' id='word_1_34' title='bbox 1507 733 1521 770; x_wconf 74' lang='grc' dir='ltr'>ε</span> <span class='ocrx_word' id='word_1_35' title='bbox 1545 731 1665 771; x_wconf 91' lang='lat' dir='ltr'><strong>cum</strong></span> <span class='ocrx_word' id='word_1_36' title='bbox 1703 722 1882 768; x_wconf 89' lang='lat' dir='ltr'><strong>autem</strong></span> 
     </span>
    </p>
   </div>
   <div class='ocr_carea' id='block_1_6' title="bbox 297 805 1887 884">
    <p class='ocr_par' dir='ltr' id='par_1_6' title="bbox 297 805 1887 884">
     <span class='ocr_line' id='line_1_6' title="bbox 297 805 1887 884; baseline -0.018 0"><span class='ocrx_word' id='word_1_37' title='bbox 297 829 445 884; x_wconf 79' lang='lat' dir='ltr'><strong>illam</strong></span> <span class='ocrx_word' id='word_1_38' title='bbox 483 825 539 879; x_wconf 92' lang='lat' dir='ltr'><strong>in</strong></span> <span class='ocrx_word' id='word_1_39' title='bbox 569 821 808 878; x_wconf 84' lang='lat' dir='ltr'><strong>medium</strong></span> <span class='ocrx_word' id='word_1_40' title='bbox 835 818 1160 873; x_wconf 82' lang='lat' dir='ltr'><strong>adducemus</strong></span> <span class='ocrx_word' id='word_1_41' title='bbox 1184 853 1200 878; x_wconf 93' lang='lat'><strong>,</strong></span> <span class='ocrx_word' id='word_1_42' title='bbox 1233 827 1338 866; x_wconf 92' lang='lat' dir='ltr'><strong>non</strong></span> <span class='ocrx_word' id='word_1_43' title='bbox 1371 811 1508 864; x_wconf 90' lang='lat' dir='ltr'><strong>ultra</strong></span> <span class='ocrx_word' id='word_1_44' title='bbox 1537 807 1690 862; x_wconf 90' lang='lat' dir='ltr'><strong>nobis</strong></span> <span class='ocrx_word' id='word_1_45' title='bbox 1718 805 1887 874; x_wconf 53' lang='lat' dir='ltr'><strong>impe.</strong></span> 
     </span>
    </p>
   </div>
   <div class='ocr_carea' id='block_1_7' title="bbox 298 902 1530 982">
    <p class='ocr_par' dir='ltr' id='par_1_7' title="bbox 298 902 1530 982">
     <span class='ocr_line' id='line_1_7' title="bbox 298 902 1530 982; baseline -0.016 -8"><span class='ocrx_word' id='word_1_46' title='bbox 298 918 458 982; x_wconf 76' lang='lat' dir='ltr'><strong>rabit,</strong></span> <span class='ocrx_word' id='word_1_47' title='bbox 487 930 614 970; x_wconf 84' lang='lat' dir='ltr'><strong>cuin</strong></span> <span class='ocrx_word' id='word_1_48' title='bbox 641 926 832 965; x_wconf 75' lang='lat' dir='ltr'><strong>attines</strong></span> <span class='ocrx_word' id='word_1_49' title='bbox 861 909 1004 963; x_wconf 82' lang='lat' dir='ltr'><strong>illam</strong></span> <span class='ocrx_word' id='word_1_50' title='bbox 1034 905 1267 974; x_wconf 88' lang='lat' dir='ltr'><strong>undique</strong></span> <span class='ocrx_word' id='word_1_51' title='bbox 1293 902 1530 971; x_wconf 78' lang='lat' dir='ltr'><strong>alligent.</strong></span> 
     </span>
    </p>
   </div>
   <div class='ocr_carea' id='block_1_8' title="bbox 382 983 1890 1066">
    <p class='ocr_par' dir='ltr' id='par_1_8' title="bbox 382 983 1890 1066">
     <span class='ocr_line' id='line_1_8' title="bbox 382 983 1890 1066; baseline -0.018 -2"><span class='ocrx_word' id='word_1_52' title='bbox 382 1009 438 1066; x_wconf 82' lang='lat'><strong>5.</strong></span> <span class='ocrx_word' id='word_1_53' title='bbox 487 1004 732 1059; x_wconf 67' lang='lat' dir='ltr'><strong>Periuria:</strong></span> <span class='ocrx_word' id='word_1_54' title='bbox 773 1017 873 1054; x_wconf 88' lang='lat' dir='ltr'><strong>non</strong></span> <span class='ocrx_word' id='word_1_55' title='bbox 911 1000 1093 1061; x_wconf 74' lang='lat' dir='ltr'><strong>ninlw,</strong></span> <span class='ocrx_word' id='word_1_56' title='bbox 1139 1002 1180 1049; x_wconf 80' lang='lat' dir='ltr'><strong>si</strong></span> <span class='ocrx_word' id='word_1_57' title='bbox 1221 994 1344 1047; x_wconf 82' lang='lat' dir='ltr'><strong>bene</strong></span> <span class='ocrx_word' id='word_1_58' title='bbox 1370 992 1473 1045; x_wconf 89' lang='lat' dir='ltr'><strong>illis</strong></span> <span class='ocrx_word' id='word_1_59' title='bbox 1501 983 1890 1043; x_wconf 63' lang='lat' dir='ltr'><strong>etamen—Et</strong></span> 
     </span>
    </p>
   </div>
   <div class='ocr_carea' id='block_1_9' title="bbox 303 1078 1892 1162">
    <p class='ocr_par' dir='ltr' id='par_1_9' title="bbox 303 1078 1892 1162">
     <span class='ocr_line' id='line_1_9' title="bbox 303 1078 1892 1162; baseline -0.016 -7"><span class='ocrx_word' id='word_1_60' title='bbox 303 1101 420 1155; x_wconf 66' lang='lat' dir='ltr'><strong>hac</strong></span> <span class='ocrx_word' id='word_1_61' title='bbox 450 1097 578 1153; x_wconf 87' lang='lat' dir='ltr'><strong>dico</strong></span> <span class='ocrx_word' id='word_1_62' title='bbox 601 1136 618 1160; x_wconf 96' lang='lat'><strong>,</strong></span> <span class='ocrx_word' id='word_1_63' title='bbox 651 1112 756 1147; x_wconf 84' lang='lat' dir='ltr'><strong>lion</strong></span> <span class='ocrx_word' id='word_1_64' title='bbox 779 1090 919 1162; x_wconf 86' lang='lat' dir='ltr'><strong>quod</strong></span> <span class='ocrx_word' id='word_1_65' title='bbox 961 1098 1174 1157; x_wconf 84' lang='lat' dir='ltr'><strong>peccata</strong></span> <span class='ocrx_word' id='word_1_66' title='bbox 1205 1085 1312 1139; x_wconf 88' lang='lat' dir='ltr'><strong>sint</strong></span> <span class='ocrx_word' id='word_1_67' title='bbox 1343 1081 1612 1152; x_wconf 69' lang='lat' dir='ltr'><strong>pecuniae;</strong></span> <span class='ocrx_word' id='word_1_68' title='bbox 1643 1078 1738 1134; x_wconf 86' lang='lat' dir='ltr'><strong>sed</strong></span> <span class='ocrx_word' id='word_1_69' title='bbox 1769 1091 1892 1147; x_wconf 87' lang='lat' dir='ltr'><strong>pec-</strong></span> 
     </span>
    </p>
   </div>
   <div class='ocr_carea' id='block_1_10' title="bbox 301 1169 1892 1251">
    <p class='ocr_par' dir='ltr' id='par_1_10' title="bbox 301 1169 1892 1251">
     <span class='ocr_line' id='line_1_10' title="bbox 301 1169 1892 1251; baseline -0.017 -3"><span class='ocrx_word' id='word_1_70' title='bbox 301 1201 482 1247; x_wconf 76' lang='lat' dir='ltr'><strong>catum</strong></span> <span class='ocrx_word' id='word_1_71' title='bbox 511 1197 595 1243; x_wconf 81' lang='lat' dir='ltr'><strong>est</strong></span> <span class='ocrx_word' id='word_1_72' title='bbox 636 1201 742 1240; x_wconf 83' lang='lat' dir='ltr'><strong>non</strong></span> <span class='ocrx_word' id='word_1_73' title='bbox 788 1199 882 1238; x_wconf 86' lang='lat' dir='ltr'><strong>eas</strong></span> <span class='ocrx_word' id='word_1_74' title='bbox 919 1179 1239 1251; x_wconf 86' lang='lat' dir='ltr'><strong>pauperibus</strong></span> <span class='ocrx_word' id='word_1_75' title='bbox 1269 1175 1590 1230; x_wconf 69' lang='lat' dir='ltr'><strong>distribuere</strong></span> <span class='ocrx_word' id='word_1_76' title='bbox 1614 1213 1628 1236; x_wconf 93' lang='lat'><strong>,</strong></span> <span class='ocrx_word' id='word_1_77' title='bbox 1669 1180 1725 1226; x_wconf 87' lang='lat' dir='ltr'><strong>et</strong></span> <span class='ocrx_word' id='word_1_78' title='bbox 1753 1169 1892 1224; x_wconf 91' lang='lat' dir='ltr'><strong>male</strong></span> 
     </span>
    </p>
   </div>
   <div class='ocr_carea' id='block_1_11' title="bbox 303 1259 1894 1340">
    <p class='ocr_par' dir='ltr' id='par_1_11' title="bbox 303 1259 1894 1340">
     <span class='ocr_line' id='line_1_11' title="bbox 303 1259 1894 1340; baseline -0.018 0"><span class='ocrx_word' id='word_1_79' title='bbox 303 1286 411 1340; x_wconf 81' lang='lat' dir='ltr'><strong>illis</strong></span> <span class='ocrx_word' id='word_1_80' title='bbox 436 1283 534 1334; x_wconf 85' lang='lat' dir='ltr'><strong>uti.</strong></span> <span class='ocrx_word' id='word_1_81' title='bbox 564 1277 866 1334; x_wconf 79' lang='lat' dir='ltr'><strong>Nihilcnitn</strong></span> <span class='ocrx_word' id='word_1_82' title='bbox 895 1274 1092 1328; x_wconf 88' lang='lat' dir='ltr'><strong>malum</strong></span> <span class='ocrx_word' id='word_1_83' title='bbox 1123 1271 1263 1326; x_wconf 84' lang='lat' dir='ltr'><strong>Deus</strong></span> <span class='ocrx_word' id='word_1_84' title='bbox 1291 1267 1434 1332; x_wconf 76' lang='lat' dir='ltr'><strong>fecit,</strong></span> <span class='ocrx_word' id='word_1_85' title='bbox 1458 1264 1550 1320; x_wconf 76' lang='lat' dir='ltr'><strong>led</strong></span> <span class='ocrx_word' id='word_1_86' title='bbox 1573 1262 1750 1317; x_wconf 83' lang='lat' dir='ltr'><strong>omnia</strong></span> <span class='ocrx_word' id='word_1_87' title='bbox 1777 1259 1894 1314; x_wconf 84' lang='lat' dir='ltr'><strong>val-</strong></span> 
     </span>
    </p>
   </div>
   <div class='ocr_carea' id='block_1_12' title="bbox 305 1349 1895 1438">
    <p class='ocr_par' dir='ltr' id='par_1_12' title="bbox 305 1349 1895 1438">
     <span class='ocr_line' id='line_1_12' title="bbox 305 1349 1895 1438; baseline -0.018 -8"><span class='ocrx_word' id='word_1_88' title='bbox 305 1377 377 1429; x_wconf 89' lang='lat' dir='ltr'><strong>de</strong></span> <span class='ocrx_word' id='word_1_89' title='bbox 407 1375 568 1428; x_wconf 83' lang='lat' dir='ltr'><strong>bona.</strong></span> <span class='ocrx_word' id='word_1_90' title='bbox 607 1369 792 1438; x_wconf 80' lang='lat' dir='ltr'><strong>Itaque</strong></span> <span class='ocrx_word' id='word_1_91' title='bbox 827 1367 980 1420; x_wconf 66' lang='lat' dir='ltr'><strong>bona:</strong></span> <span class='ocrx_word' id='word_1_92' title='bbox 1024 1362 1184 1416; x_wconf 84' lang='lat' dir='ltr'><strong>etiam</strong></span> <span class='ocrx_word' id='word_1_93' title='bbox 1227 1366 1352 1413; x_wconf 88' lang='lat' dir='ltr'><strong>sunt</strong></span> <span class='ocrx_word' id='word_1_94' title='bbox 1397 1354 1638 1426; x_wconf 70' lang='lat' dir='ltr'><strong>pecuniae</strong></span> <span class='ocrx_word' id='word_1_95' title='bbox 1661 1392 1677 1418; x_wconf 90' lang='lat'><strong>,</strong></span> <span class='ocrx_word' id='word_1_96' title='bbox 1718 1349 1811 1405; x_wconf 84' lang='lat' dir='ltr'><strong>sed</strong></span> <span class='ocrx_word' id='word_1_97' title='bbox 1850 1349 1895 1403; x_wconf 93' lang='lat' dir='ltr'><strong>si</strong></span> 
     </span>
    </p>
   </div>
   <div class='ocr_carea' id='block_1_13' title="bbox 310 1439 1896 1534">
    <p class='ocr_par' dir='ltr' id='par_1_13' title="bbox 310 1439 1896 1534">
     <span class='ocr_line' id='line_1_13' title="bbox 310 1439 1896 1534; baseline -0.015 -17"><span class='ocrx_word' id='word_1_98' title='bbox 310 1459 711 1534; x_wconf 69' lang='lat' dir='ltr'><strong>puSsidentibus</strong></span> <span class='ocrx_word' id='word_1_99' title='bbox 743 1472 846 1510; x_wconf 90' lang='lat' dir='ltr'><strong>non</strong></span> <span class='ocrx_word' id='word_1_100' title='bbox 876 1455 1180 1522; x_wconf 90' lang='lat' dir='ltr'><strong>imperent,</strong></span> <span class='ocrx_word' id='word_1_101' title='bbox 1207 1449 1250 1502; x_wconf 84' lang='lat' dir='ltr'><strong>si</strong></span> <span class='ocrx_word' id='word_1_102' title='bbox 1285 1454 1646 1518; x_wconf 78' lang='lat' dir='ltr'><strong>paupertatem</strong></span> <span class='ocrx_word' id='word_1_103' title='bbox 1669 1439 1896 1511; x_wconf 77' lang='lat' dir='ltr'><strong>proximi</strong></span> 
     </span>
    </p>
   </div>
   <div class='ocr_carea' id='block_1_14' title="bbox 310 1528 1901 1618">
    <p class='ocr_par' dir='ltr' id='par_1_14' title="bbox 310 1528 1901 1618">
     <span class='ocr_line' id='line_1_14' title="bbox 310 1528 1901 1618; baseline -0.019 -7"><span class='ocrx_word' id='word_1_104' title='bbox 310 1556 548 1610; x_wconf 80' lang='lat' dir='ltr'><strong>solvant.</strong></span> <span class='ocrx_word' id='word_1_105' title='bbox 589 1549 778 1618; x_wconf 84' lang='lat' dir='ltr'><strong>Neque</strong></span> <span class='ocrx_word' id='word_1_106' title='bbox 807 1546 950 1601; x_wconf 89' lang='lat' dir='ltr'><strong>enim</strong></span> <span class='ocrx_word' id='word_1_107' title='bbox 996 1543 1081 1596; x_wconf 80' lang='lat' dir='ltr'><strong>lux</strong></span> <span class='ocrx_word' id='word_1_108' title='bbox 1122 1540 1208 1594; x_wconf 87' lang='lat' dir='ltr'><strong>illa</strong></span> <span class='ocrx_word' id='word_1_109' title='bbox 1257 1539 1428 1602; x_wconf 86' lang='lat' dir='ltr'><strong>bona,</strong></span> <span class='ocrx_word' id='word_1_110' title='bbox 1460 1549 1576 1602; x_wconf 66' lang='lat' dir='ltr'><strong>qum</strong></span> <span class='ocrx_word' id='word_1_111' title='bbox 1608 1548 1713 1587; x_wconf 92' lang='lat' dir='ltr'><strong>non</strong></span> <span class='ocrx_word' id='word_1_112' title='bbox 1756 1528 1901 1584; x_wconf 95' lang='lat' dir='ltr'><strong>delet</strong></span> 
     </span>
    </p>
   </div>
   <div class='ocr_carea' id='block_1_15' title="bbox 314 1621 1896 1706">
    <p class='ocr_par' dir='ltr' id='par_1_15' title="bbox 314 1621 1896 1706">
     <span class='ocr_line' id='line_1_15' title="bbox 314 1621 1896 1706; baseline -0.018 -6"><span class='ocrx_word' id='word_1_113' title='bbox 314 1645 565 1700; x_wconf 76' lang='lat' dir='ltr'><strong>tenebras</strong></span> <span class='ocrx_word' id='word_1_114' title='bbox 584 1683 601 1706; x_wconf 90' lang='lat'><strong>,</strong></span> <span class='ocrx_word' id='word_1_115' title='bbox 641 1639 738 1695; x_wconf 87' lang='lat' dir='ltr'><strong>sed</strong></span> <span class='ocrx_word' id='word_1_116' title='bbox 769 1645 924 1705; x_wconf 80' lang='lat' dir='ltr'><strong>auget</strong></span> <span class='ocrx_word' id='word_1_117' title='bbox 947 1649 1038 1690; x_wconf 86' lang='lat' dir='ltr'><strong>eas</strong></span> <span class='ocrx_word' id='word_1_118' title='bbox 1062 1650 1078 1697; x_wconf 92' lang='lat'><strong>;</strong></span> <span class='ocrx_word' id='word_1_119' title='bbox 1108 1646 1282 1701; x_wconf 90' lang='lat' dir='ltr'><strong>neque</strong></span> <span class='ocrx_word' id='word_1_120' title='bbox 1309 1628 1522 1682; x_wconf 76' lang='lat' dir='ltr'><strong>divitias</strong></span> <span class='ocrx_word' id='word_1_121' title='bbox 1550 1625 1627 1679; x_wconf 89' lang='lat' dir='ltr'><strong>sic</strong></span> <span class='ocrx_word' id='word_1_122' title='bbox 1654 1621 1896 1693; x_wconf 85' lang='lat' dir='ltr'><strong>appella-</strong></span> 
     </span>
    </p>
   </div>
   <div class='ocr_carea' id='block_1_16' title="bbox 315 1711 1900 1804">
    <p class='ocr_par' dir='ltr' id='par_1_16' title="bbox 315 1711 1900 1804">
     <span class='ocr_line' id='line_1_16' title="bbox 315 1711 1900 1804; baseline -0.018 -12"><span class='ocrx_word' id='word_1_123' title='bbox 315 1738 440 1799; x_wconf 88' lang='lat' dir='ltr'><strong>rim,</strong></span> <span class='ocrx_word' id='word_1_124' title='bbox 472 1749 594 1804; x_wconf 68' lang='lat' dir='ltr'><strong>qua:</strong></span> <span class='ocrx_word' id='word_1_125' title='bbox 623 1747 736 1786; x_wconf 83' lang='lat' dir='ltr'><strong>non</strong></span> <span class='ocrx_word' id='word_1_126' title='bbox 765 1729 975 1783; x_wconf 86' lang='lat' dir='ltr'><strong>solvant</strong></span> <span class='ocrx_word' id='word_1_127' title='bbox 1001 1732 1402 1795; x_wconf 84' lang='lat' dir='ltr'><strong>paupertatem,</strong></span> <span class='ocrx_word' id='word_1_128' title='bbox 1436 1717 1528 1771; x_wconf 88' lang='lat' dir='ltr'><strong>sed</strong></span> <span class='ocrx_word' id='word_1_129' title='bbox 1564 1721 1794 1788; x_wconf 81' lang='lat' dir='ltr'><strong>augeant</strong></span> <span class='ocrx_word' id='word_1_130' title='bbox 1837 1711 1900 1765; x_wconf 93' lang='lat' dir='ltr'><strong>il-</strong></span> 
     </span>
    </p>
   </div>
   <div class='ocr_carea' id='block_1_17' title="bbox 317 1805 1900 1893">
    <p class='ocr_par' dir='ltr' id='par_1_17' title="bbox 317 1805 1900 1893">
     <span class='ocr_line' id='line_1_17' title="bbox 317 1805 1900 1893; baseline -0.017 -9"><span class='ocrx_word' id='word_1_131' title='bbox 317 1832 448 1885; x_wconf 83' lang='lat' dir='ltr'><strong>lam.</strong></span> <span class='ocrx_word' id='word_1_132' title='bbox 477 1826 612 1882; x_wconf 77' lang='lat' dir='ltr'><strong>Nam</strong></span> <span class='ocrx_word' id='word_1_133' title='bbox 637 1825 726 1893; x_wconf 88' lang='lat' dir='ltr'><strong>qui</strong></span> <span class='ocrx_word' id='word_1_134' title='bbox 749 1823 901 1877; x_wconf 88' lang='lat' dir='ltr'><strong>dives</strong></span> <span class='ocrx_word' id='word_1_135' title='bbox 920 1829 1022 1878; x_wconf 88' lang='lat' dir='ltr'><strong>est.</strong></span> <span class='ocrx_word' id='word_1_136' title='bbox 1057 1833 1162 1871; x_wconf 92' lang='lat' dir='ltr'><strong>non</strong></span> <span class='ocrx_word' id='word_1_137' title='bbox 1185 1814 1378 1885; x_wconf 80' lang='lat' dir='ltr'><strong>quan-it</strong></span> <span class='ocrx_word' id='word_1_138' title='bbox 1401 1811 1468 1865; x_wconf 87' lang='lat' dir='ltr'><strong>ab</strong></span> <span class='ocrx_word' id='word_1_139' title='bbox 1493 1809 1612 1863; x_wconf 87' lang='lat' dir='ltr'><strong>aliis</strong></span> <span class='ocrx_word' id='word_1_140' title='bbox 1635 1805 1900 1875; x_wconf 88' lang='lat' dir='ltr'><strong>accipere,</strong></span> 
     </span>
    </p>
   </div>
   <div class='ocr_carea' id='block_1_18' title="bbox 319 1895 1904 1984">
    <p class='ocr_par' dir='ltr' id='par_1_18' title="bbox 319 1895 1904 1984">
     <span class='ocr_line' id='line_1_18' title="bbox 319 1895 1904 1984; baseline -0.018 -9"><span class='ocrx_word' id='word_1_141' title='bbox 319 1920 411 1975; x_wconf 78' lang='lat' dir='ltr'><strong>sed</strong></span> <span class='ocrx_word' id='word_1_142' title='bbox 442 1917 565 1972; x_wconf 82' lang='lat' dir='ltr'><strong>aliis</strong></span> <span class='ocrx_word' id='word_1_143' title='bbox 593 1930 750 1984; x_wconf 90' lang='lat' dir='ltr'><strong>opem</strong></span> <span class='ocrx_word' id='word_1_144' title='bbox 783 1911 926 1967; x_wconf 76' lang='lat' dir='ltr'><strong>ferre</strong></span> <span class='ocrx_word' id='word_1_145' title='bbox 967 1927 982 1964; x_wconf 88' lang='lat'><strong>:</strong></span> <span class='ocrx_word' id='word_1_146' title='bbox 1011 1908 1100 1979; x_wconf 87' lang='lat' dir='ltr'><strong>qui</strong></span> <span class='ocrx_word' id='word_1_147' title='bbox 1132 1922 1260 1961; x_wconf 89' lang='lat' dir='ltr'><strong>vero</strong></span> <span class='ocrx_word' id='word_1_148' title='bbox 1298 1903 1366 1958; x_wconf 89' lang='lat' dir='ltr'><strong>ab</strong></span> <span class='ocrx_word' id='word_1_149' title='bbox 1394 1901 1514 1956; x_wconf 88' lang='lat' dir='ltr'><strong>aliis</strong></span> <span class='ocrx_word' id='word_1_150' title='bbox 1540 1897 1731 1970; x_wconf 69' lang='lat' dir='ltr'><strong>quarrit</strong></span> <span class='ocrx_word' id='word_1_151' title='bbox 1759 1895 1904 1949; x_wconf 83' lang='lat' dir='ltr'><strong>acci-</strong></span> 
     </span>
    </p>
   </div>
   <div class='ocr_carea' id='block_1_19' title="bbox 323 1989 1905 2080">
    <p class='ocr_par' dir='ltr' id='par_1_19' title="bbox 323 1989 1905 2080">
     <span class='ocr_line' id='line_1_19' title="bbox 323 1989 1905 2080; baseline -0.016 -17"><span class='ocrx_word' id='word_1_152' title='bbox 323 2025 470 2080; x_wconf 80' lang='lat' dir='ltr'><strong>pere,</strong></span> <span class='ocrx_word' id='word_1_153' title='bbox 498 2008 609 2077; x_wconf 63' lang='lat' dir='ltr'><strong>jam</strong></span> <span class='ocrx_word' id='word_1_154' title='bbox 640 2021 746 2060; x_wconf 89' lang='lat' dir='ltr'><strong>non</strong></span> <span class='ocrx_word' id='word_1_155' title='bbox 772 2004 922 2058; x_wconf 80' lang='lat' dir='ltr'><strong>dives</strong></span> <span class='ocrx_word' id='word_1_156' title='bbox 942 2009 1044 2064; x_wconf 88' lang='lat' dir='ltr'><strong>est,</strong></span> <span class='ocrx_word' id='word_1_157' title='bbox 1071 1997 1164 2053; x_wconf 88' lang='lat' dir='ltr'><strong>sed</strong></span> <span class='ocrx_word' id='word_1_158' title='bbox 1197 1997 1311 2065; x_wconf 88' lang='lat' dir='ltr'><strong>ipse</strong></span> <span class='ocrx_word' id='word_1_159' title='bbox 1340 2006 1557 2064; x_wconf 82' lang='lat' dir='ltr'><strong>pauper.</strong></span> <span class='ocrx_word' id='word_1_160' title='bbox 1592 1989 1774 2058; x_wconf 87' lang='lat' dir='ltr'><strong>Itaque</strong></span> <span class='ocrx_word' id='word_1_161' title='bbox 1799 2000 1905 2040; x_wconf 77' lang='lat' dir='ltr'><strong>non</strong></span> 
     </span>
    </p>
   </div>
   <div class='ocr_carea' id='block_1_20' title="bbox 323 2077 1908 2160">
    <p class='ocr_par' dir='ltr' id='par_1_20' title="bbox 323 2077 1908 2160">
     <span class='ocr_line' id='line_1_20' title="bbox 323 2077 1908 2160; baseline -0.017 -6"><span class='ocrx_word' id='word_1_162' title='bbox 323 2077 521 2155; x_wconf 73' lang='lat' dir='ltr'><strong>divitia:</strong></span> <span class='ocrx_word' id='word_1_163' title='bbox 550 2097 703 2152; x_wconf 68' lang='lat' dir='ltr'><strong>malae</strong></span> <span class='ocrx_word' id='word_1_164' title='bbox 741 2103 905 2158; x_wconf 92' lang='lat' dir='ltr'><strong>sunt,</strong></span> <span class='ocrx_word' id='word_1_165' title='bbox 937 2091 1030 2147; x_wconf 88' lang='lat' dir='ltr'><strong>sed</strong></span> <span class='ocrx_word' id='word_1_166' title='bbox 1059 2103 1261 2160; x_wconf 77' lang='lat' dir='ltr'><strong>pauper</strong></span> <span class='ocrx_word' id='word_1_167' title='bbox 1300 2083 1511 2138; x_wconf 89' lang='lat' dir='ltr'><strong>animus</strong></span> <span class='ocrx_word' id='word_1_168' title='bbox 1535 2123 1550 2148; x_wconf 89' lang='lat'><strong>,</strong></span> <span class='ocrx_word' id='word_1_169' title='bbox 1579 2080 1669 2150; x_wconf 89' lang='lat' dir='ltr'><strong>qui</strong></span> <span class='ocrx_word' id='word_1_170' title='bbox 1697 2077 1908 2131; x_wconf 75' lang='lat' dir='ltr'><strong>divitias</strong></span> 
     </span>
    </p>
   </div>
   <div class='ocr_carea' id='block_1_21' title="bbox 324 2163 1908 2258">
    <p class='ocr_par' dir='ltr' id='par_1_21' title="bbox 324 2163 1908 2258">
     <span class='ocr_line' id='line_1_21' title="bbox 324 2163 1908 2258; baseline -0.018 -11"><span class='ocrx_word' id='word_1_171' title='bbox 324 2190 544 2246; x_wconf 85' lang='lat' dir='ltr'><strong>deducit</strong></span> <span class='ocrx_word' id='word_1_172' title='bbox 568 2189 622 2243; x_wconf 92' lang='lat' dir='ltr'><strong>in</strong></span> <span class='ocrx_word' id='word_1_173' title='bbox 655 2193 1045 2258; x_wconf 87' lang='lat' dir='ltr'><strong>paupertatem.</strong></span> <span class='ocrx_word' id='word_1_174' title='bbox 1085 2179 1148 2234; x_wconf 81' lang='lat' dir='ltr'><strong>lli</strong></span> <span class='ocrx_word' id='word_1_175' title='bbox 1193 2174 1501 2232; x_wconf 83' lang='lat' dir='ltr'><strong>miseriores</strong></span> <span class='ocrx_word' id='word_1_176' title='bbox 1529 2181 1653 2225; x_wconf 89' lang='lat' dir='ltr'><strong>sunt</strong></span> <span class='ocrx_word' id='word_1_177' title='bbox 1685 2167 1792 2222; x_wconf 88' lang='lat' dir='ltr'><strong>illis</strong></span> <span class='ocrx_word' id='word_1_178' title='bbox 1817 2163 1908 2235; x_wconf 85' lang='lat' dir='ltr'><strong>qui</strong></span> 
     </span>
    </p>
   </div>
   <div class='ocr_carea' id='block_1_22' title="bbox 327 2259 1913 2352">
    <p class='ocr_par' dir='ltr' id='par_1_22' title="bbox 327 2259 1913 2352">
     <span class='ocr_line' id='line_1_22' title="bbox 327 2259 1913 2352; baseline -0.02 -12"><span class='ocrx_word' id='word_1_179' title='bbox 327 2287 381 2340; x_wconf 88' lang='lat' dir='ltr'><strong>in</strong></span> <span class='ocrx_word' id='word_1_180' title='bbox 407 2281 706 2352; x_wconf 75' lang='lat' dir='ltr'><strong>angiportis</strong></span> <span class='ocrx_word' id='word_1_181' title='bbox 735 2275 1060 2338; x_wconf 78' lang='lat' dir='ltr'><strong>mendicant,</strong></span> <span class='ocrx_word' id='word_1_182' title='bbox 1090 2271 1156 2326; x_wconf 91' lang='lat' dir='ltr'><strong>iis</strong></span> <span class='ocrx_word' id='word_1_183' title='bbox 1176 2269 1263 2340; x_wconf 87' lang='lat' dir='ltr'><strong>qui</strong></span> <span class='ocrx_word' id='word_1_184' title='bbox 1288 2264 1417 2322; x_wconf 62' lang='lat' dir='ltr'><strong>carri</strong></span> <span class='ocrx_word' id='word_1_185' title='bbox 1443 2272 1494 2318; x_wconf 92' lang='lat' dir='ltr'><strong>et</strong></span> <span class='ocrx_word' id='word_1_186' title='bbox 1515 2259 1765 2332; x_wconf 85' lang='lat' dir='ltr'><strong>mutilato</strong></span> <span class='ocrx_word' id='word_1_187' title='bbox 1792 2269 1913 2312; x_wconf 81' lang='lat' dir='ltr'><strong>cor-</strong></span> 
     </span>
    </p>
   </div>
   <div class='ocr_carea' id='block_1_23' title="bbox 329 2346 1913 2449">
    <p class='ocr_par' dir='ltr' id='par_1_23' title="bbox 329 2346 1913 2449">
     <span class='ocr_line' id='line_1_23' title="bbox 329 2346 1913 2449; baseline -0.022 -15"><span class='ocrx_word' id='word_1_188' title='bbox 329 2392 461 2449; x_wconf 85' lang='lat' dir='ltr'><strong>pore</strong></span> <span class='ocrx_word' id='word_1_189' title='bbox 486 2382 646 2440; x_wconf 90' lang='lat' dir='ltr'><strong>sunt;</strong></span> <span class='ocrx_word' id='word_1_190' title='bbox 676 2379 730 2426; x_wconf 89' lang='lat' dir='ltr'><strong>et</strong></span> <span class='ocrx_word' id='word_1_191' title='bbox 752 2369 843 2439; x_wconf 93' lang='lat' dir='ltr'><strong>qui</strong></span> <span class='ocrx_word' id='word_1_192' title='bbox 873 2365 1061 2422; x_wconf 86' lang='lat' dir='ltr'><strong>sericis</strong></span> <span class='ocrx_word' id='word_1_193' title='bbox 1097 2357 1495 2432; x_wconf 82' lang='lat' dir='ltr'><strong>splendidisque</strong></span> <span class='ocrx_word' id='word_1_194' title='bbox 1523 2350 1760 2407; x_wconf 79' lang='lat' dir='ltr'><strong>vestibus</strong></span> <span class='ocrx_word' id='word_1_195' title='bbox 1779 2346 1913 2401; x_wconf 87' lang='lat' dir='ltr'><strong>ami-</strong></span> 
     </span>
    </p>
   </div>
   <div class='ocr_carea' id='block_1_24' title="bbox 328 2438 1914 2532">
    <p class='ocr_par' dir='ltr' id='par_1_24' title="bbox 328 2438 1914 2532">
     <span class='ocr_line' id='line_1_24' title="bbox 328 2438 1914 2532; baseline -0.021 -8"><span class='ocrx_word' id='word_1_196' title='bbox 328 2438 400 2524; x_wconf 72' lang='lat' dir='ltr'><strong>cti</strong></span> <span class='ocrx_word' id='word_1_197' title='bbox 426 2475 584 2529; x_wconf 84' lang='lat' dir='ltr'><strong>sunt,</strong></span> <span class='ocrx_word' id='word_1_198' title='bbox 608 2438 673 2518; x_wconf 88' lang='lat' dir='ltr'><strong>iis</strong></span> <span class='ocrx_word' id='word_1_199' title='bbox 698 2438 790 2532; x_wconf 85' lang='lat' dir='ltr'><strong>qui</strong></span> <span class='ocrx_word' id='word_1_200' title='bbox 812 2458 1004 2514; x_wconf 83' lang='lat' dir='ltr'><strong>laceris</strong></span> <span class='ocrx_word' id='word_1_201' title='bbox 1034 2452 1221 2525; x_wconf 86' lang='lat' dir='ltr'><strong>pannis</strong></span> <span class='ocrx_word' id='word_1_202' title='bbox 1250 2449 1574 2508; x_wconf 84' lang='lat' dir='ltr'><strong>induuntur;</strong></span> <span class='ocrx_word' id='word_1_203' title='bbox 1598 2440 1690 2512; x_wconf 87' lang='lat' dir='ltr'><strong>qui</strong></span> <span class='ocrx_word' id='word_1_204' title='bbox 1711 2439 1763 2494; x_wconf 91' lang='lat' dir='ltr'><strong>in</strong></span> <span class='ocrx_word' id='word_1_205' title='bbox 1797 2438 1914 2492; x_wconf 81' lang='lat' dir='ltr'><strong>foro</strong></span> 
     </span>
    </p>
   </div>
   <div class='ocr_carea' id='block_1_25' title="bbox 330 2527 1916 2630">
    <p class='ocr_par' dir='ltr' id='par_1_25' title="bbox 330 2527 1916 2630">
     <span class='ocr_line' id='line_1_25' title="bbox 330 2527 1916 2630; baseline -0.021 -15"><span class='ocrx_word' id='word_1_206' title='bbox 330 2527 837 2630; x_wconf 80' lang='lat' dir='ltr'><strong>superbeincedunt</strong></span> <span class='ocrx_word' id='word_1_207' title='bbox 866 2547 1149 2604; x_wconf 82' lang='lat' dir='ltr'><strong>inferiores</strong></span> <span class='ocrx_word' id='word_1_208' title='bbox 1201 2549 1325 2596; x_wconf 84' lang='lat' dir='ltr'><strong>sunt</strong></span> <span class='ocrx_word' id='word_1_209' title='bbox 1345 2537 1412 2592; x_wconf 89' lang='lat' dir='ltr'><strong>iis</strong></span> <span class='ocrx_word' id='word_1_210' title='bbox 1443 2577 1460 2602; x_wconf 93' lang='lat'><strong>,</strong></span> <span class='ocrx_word' id='word_1_211' title='bbox 1514 2533 1606 2604; x_wconf 88' lang='lat' dir='ltr'><strong>qui</strong></span> <span class='ocrx_word' id='word_1_212' title='bbox 1658 2532 1710 2584; x_wconf 91' lang='lat' dir='ltr'><strong>in</strong></span> <span class='ocrx_word' id='word_1_213' title='bbox 1761 2527 1916 2582; x_wconf 90' lang='lat' dir='ltr'><strong>biviis</strong></span> 
     </span>
    </p>
   </div>
   <div class='ocr_carea' id='block_1_26' title="bbox 333 2624 1918 2709">
    <p class='ocr_par' dir='ltr' id='par_1_26' title="bbox 333 2624 1918 2709">
     <span class='ocr_line' id='line_1_26' title="bbox 333 2624 1918 2709; baseline -0.022 -5"><span class='ocrx_word' id='word_1_214' title='bbox 333 2624 533 2704; x_wconf 77' lang='lat' dir='ltr'><strong>vadunt</strong></span> <span class='ocrx_word' id='word_1_215' title='bbox 558 2656 610 2702; x_wconf 86' lang='lat' dir='ltr'><strong>et</strong></span> <span class='ocrx_word' id='word_1_216' title='bbox 632 2646 685 2700; x_wconf 86' lang='lat' dir='ltr'><strong>in</strong></span> <span class='ocrx_word' id='word_1_217' title='bbox 706 2642 855 2697; x_wconf 79' lang='lat' dir='ltr'><strong>aulas</strong></span> <span class='ocrx_word' id='word_1_218' title='bbox 877 2636 1268 2709; x_wconf 83' lang='lat' dir='ltr'><strong>ingrediuntur,</strong></span> <span class='ocrx_word' id='word_1_219' title='bbox 1291 2629 1358 2684; x_wconf 90' lang='lat' dir='ltr'><strong>ab</strong></span> <span class='ocrx_word' id='word_1_220' title='bbox 1383 2628 1489 2682; x_wconf 89' lang='lat' dir='ltr'><strong>imo</strong></span> <span class='ocrx_word' id='word_1_221' title='bbox 1512 2624 1741 2679; x_wconf 84' lang='lat' dir='ltr'><strong>clamant</strong></span> <span class='ocrx_word' id='word_1_222' title='bbox 1767 2633 1918 2672; x_wconf 89' lang='lat' dir='ltr'><strong>men-</strong></span> 
     </span>
    </p>
   </div>
   <div class='ocr_carea' id='block_1_27' title="bbox 332 2709 1918 2802">
    <p class='ocr_par' dir='ltr' id='par_1_27' title="bbox 332 2709 1918 2802">
     <span class='ocr_line' id='line_1_27' title="bbox 332 2709 1918 2802; baseline -0.025 -3"><span class='ocrx_word' id='word_1_223' title='bbox 332 2745 599 2799; x_wconf 81' lang='lat' dir='ltr'><strong>dicantes.</strong></span> <span class='ocrx_word' id='word_1_224' title='bbox 631 2737 697 2792; x_wconf 64' lang='lat' dir='ltr'><strong>l-li</strong></span> <span class='ocrx_word' id='word_1_225' title='bbox 725 2749 955 2802; x_wconf 82' lang='lat' dir='ltr'><strong>namque</strong></span> <span class='ocrx_word' id='word_1_226' title='bbox 987 2731 1150 2784; x_wconf 89' lang='lat' dir='ltr'><strong>Deum</strong></span> <span class='ocrx_word' id='word_1_227' title='bbox 1182 2723 1423 2786; x_wconf 89' lang='lat' dir='ltr'><strong>laudant,</strong></span> <span class='ocrx_word' id='word_1_228' title='bbox 1455 2726 1508 2772; x_wconf 92' lang='lat' dir='ltr'><strong>et</strong></span> <span class='ocrx_word' id='word_1_229' title='bbox 1537 2709 1918 2770; x_wconf 71' lang='lat' dir='ltr'><strong>misericordize</strong></span> 
     </span>
    </p>
   </div>
   <div class='ocr_carea' id='block_1_28' title="bbox 338 2903 1918 2980">
    <p class='ocr_par' dir='ltr' id='par_1_28' title="bbox 338 2903 1918 2980">
     <span class='ocr_line' id='line_1_28' title="bbox 338 2903 1918 2980; baseline -0.022 -1"><span class='ocrx_word' id='word_1_230' title='bbox 338 2925 659 2978; x_wconf 76' lang='lat' dir='ltr'><strong>miserantur</strong></span> <span class='ocrx_word' id='word_1_231' title='bbox 682 2926 738 2972; x_wconf 85' lang='lat' dir='ltr'><strong>et</strong></span> <span class='ocrx_word' id='word_1_232' title='bbox 772 2929 964 2970; x_wconf 87' lang='lat' dir='ltr'><strong>manus</strong></span> <span class='ocrx_word' id='word_1_233' title='bbox 1007 2909 1140 2980; x_wconf 59' lang='lat' dir='ltr'><strong>ipsis</strong></span> <span class='ocrx_word' id='word_1_234' title='bbox 1175 2903 1515 2976; x_wconf 85' lang='lat' dir='ltr'><strong>porrigimns,</strong></span> <span class='ocrx_word' id='word_1_235' title='bbox 1543 2912 1604 2951; x_wconf 88' lang='lat' dir='ltr'><strong>ac</strong></span> <span class='ocrx_word' id='word_1_236' title='bbox 1631 2905 1918 2964; x_wconf 83' lang='lat' dir='ltr'><strong>numquam</strong></span> 
     </span>
    </p>
   </div>
   <div class='ocr_carea' id='block_1_29' title="bbox 336 2984 1922 3074">
    <p class='ocr_par' dir='ltr' id='par_1_29' title="bbox 336 2984 1922 3074">
     <span class='ocr_line' id='line_1_29' title="bbox 336 2984 1922 3074; baseline -0.02 -7"><span class='ocrx_word' id='word_1_237' title='bbox 336 3025 673 3068; x_wconf 60' lang='lat' dir='ltr'><strong>acutissimus.</strong></span> <span class='ocrx_word' id='word_1_238' title='bbox 703 3006 804 3074; x_wconf 86' lang='lat' dir='ltr'><strong>Qui</strong></span> <span class='ocrx_word' id='word_1_239' title='bbox 835 3012 1012 3059; x_wconf 87' lang='lat' dir='ltr'><strong>autem</strong></span> <span class='ocrx_word' id='word_1_240' title='bbox 1043 2999 1184 3054; x_wconf 89' lang='lat' dir='ltr'><strong>male</strong></span> <span class='ocrx_word' id='word_1_241' title='bbox 1209 2993 1422 3050; x_wconf 73' lang='lat' dir='ltr'><strong>divitias</strong></span> <span class='ocrx_word' id='word_1_242' title='bbox 1449 2984 1756 3058; x_wconf 83' lang='lat' dir='ltr'><strong>possident,</strong></span> <span class='ocrx_word' id='word_1_243' title='bbox 1797 2996 1922 3037; x_wconf 87' lang='lat' dir='ltr'><strong>cru-</strong></span> 
     </span>
    </p>
   </div>
   <div class='ocr_carea' id='block_1_30' title="bbox 340 3075 1916 3166">
    <p class='ocr_par' dir='ltr' id='par_1_30' title="bbox 340 3075 1916 3166">
     <span class='ocr_line' id='line_1_30' title="bbox 340 3075 1916 3166; baseline -0.021 -8"><span class='ocrx_word' id='word_1_244' title='bbox 340 3102 594 3166; x_wconf 84' lang='lat' dir='ltr'><strong>delitatis,</strong></span> <span class='ocrx_word' id='word_1_245' title='bbox 621 3093 992 3158; x_wconf 82' lang='lat' dir='ltr'><strong>immanitatis,</strong></span> <span class='ocrx_word' id='word_1_246' title='bbox 1017 3088 1222 3159; x_wconf 72' lang='lat' dir='ltr'><strong>rapina:</strong></span> <span class='ocrx_word' id='word_1_247' title='bbox 1249 3096 1306 3140; x_wconf 88' lang='lat' dir='ltr'><strong>et</strong></span> <span class='ocrx_word' id='word_1_248' title='bbox 1331 3075 1783 3147; x_wconf 74' lang='lat' dir='ltr'><strong>concupiscentite</strong></span> <span class='ocrx_word' id='word_1_249' title='bbox 1805 3086 1916 3126; x_wconf 85' lang='lat' dir='ltr'><strong>vcr-</strong></span> 
     </span>
    </p>
   </div>
   <div class='ocr_carea' id='block_1_31' title="bbox 341 3165 1920 3265">
    <p class='ocr_par' dir='ltr' id='par_1_31' title="bbox 341 3165 1920 3265">
     <span class='ocr_line' id='line_1_31' title="bbox 341 3165 1920 3265; baseline -0.023 -14"><span class='ocrx_word' id='word_1_250' title='bbox 341 3197 404 3250; x_wconf 83' lang='lat' dir='ltr'><strong>ba</strong></span> <span class='ocrx_word' id='word_1_251' title='bbox 429 3195 708 3265; x_wconf 77' lang='lat' dir='ltr'><strong>proferunt</strong></span> <span class='ocrx_word' id='word_1_252' title='bbox 726 3231 738 3242; x_wconf 95' lang='lat'><strong>.</strong></span> <span class='ocrx_word' id='word_1_253' title='bbox 774 3188 897 3242; x_wconf 91' lang='lat' dir='ltr'><strong>Ideo</strong></span> <span class='ocrx_word' id='word_1_254' title='bbox 926 3183 1065 3254; x_wconf 90' lang='lat' dir='ltr'><strong>apud</strong></span> <span class='ocrx_word' id='word_1_255' title='bbox 1095 3193 1284 3235; x_wconf 87' lang='lat' dir='ltr'><strong>omnes</strong></span> <span class='ocrx_word' id='word_1_256' title='bbox 1309 3171 1486 3229; x_wconf 85' lang='lat' dir='ltr'><strong>odiosi</strong></span> <span class='ocrx_word' id='word_1_257' title='bbox 1506 3179 1561 3226; x_wconf 90' lang='lat' dir='ltr'><strong>et</strong></span> <span class='ocrx_word' id='word_1_258' title='bbox 1591 3166 1799 3224; x_wconf 85' lang='lat' dir='ltr'><strong>ridiculi</strong></span> <span class='ocrx_word' id='word_1_259' title='bbox 1828 3165 1920 3217; x_wconf 84' lang='lat' dir='ltr'><strong>ha-</strong></span> 
     </span>
    </p>
   </div>
   <div class='ocr_carea' id='block_1_32' title="bbox 342 3258 1923 3343">
    <p class='ocr_par' dir='ltr' id='par_1_32' title="bbox 342 3258 1923 3343">
     <span class='ocr_line' id='line_1_32' title="bbox 342 3258 1923 3343; baseline -0.022 -1"><span class='ocrx_word' id='word_1_260' title='bbox 342 3289 560 3343; x_wconf 87' lang='lat' dir='ltr'><strong>bentur.</strong></span> <span class='ocrx_word' id='word_1_261' title='bbox 591 3280 885 3337; x_wconf 73' lang='lat' dir='ltr'><strong>Considera</strong></span> <span class='ocrx_word' id='word_1_262' title='bbox 913 3284 1090 3331; x_wconf 85' lang='lat' dir='ltr'><strong>autem</strong></span> <span class='ocrx_word' id='word_1_263' title='bbox 1111 3313 1124 3336; x_wconf 92' lang='lat'><strong>,</strong></span> <span class='ocrx_word' id='word_1_264' title='bbox 1151 3269 1276 3342; x_wconf 87' lang='lat' dir='ltr'><strong>quid</strong></span> <span class='ocrx_word' id='word_1_265' title='bbox 1303 3265 1441 3336; x_wconf 88' lang='lat' dir='ltr'><strong>apud</strong></span> <span class='ocrx_word' id='word_1_266' title='bbox 1467 3275 1656 3318; x_wconf 87' lang='lat' dir='ltr'><strong>omnes</strong></span> <span class='ocrx_word' id='word_1_267' title='bbox 1681 3258 1923 3314; x_wconf 87' lang='lat' dir='ltr'><strong>homines</strong></span> 
     </span>
    </p>
   </div>
   <div class='ocr_carea' id='block_1_33' title="bbox 345 3347 1926 3449">
    <p class='ocr_par' dir='ltr' id='par_1_33' title="bbox 345 3347 1926 3449">
     <span class='ocr_line' id='line_1_33' title="bbox 345 3347 1926 3449; baseline -0.022 -16"><span class='ocrx_word' id='word_1_268' title='bbox 345 3391 498 3449; x_wconf 86' lang='lat' dir='ltr'><strong>turpe</strong></span> <span class='ocrx_word' id='word_1_269' title='bbox 516 3391 639 3430; x_wconf 86' lang='lat' dir='ltr'><strong>esse</strong></span> <span class='ocrx_word' id='word_1_270' title='bbox 665 3372 908 3428; x_wconf 84' lang='lat' dir='ltr'><strong>videatur</strong></span> <span class='ocrx_word' id='word_1_271' title='bbox 929 3409 944 3434; x_wconf 93' lang='lat'><strong>,</strong></span> <span class='ocrx_word' id='word_1_272' title='bbox 977 3381 1043 3420; x_wconf 89' lang='lat' dir='ltr'><strong>an</strong></span> <span class='ocrx_word' id='word_1_273' title='bbox 1067 3378 1095 3417; x_wconf 87' lang='lat' dir='ltr'><strong>a</strong></span> <span class='ocrx_word' id='word_1_274' title='bbox 1117 3359 1376 3416; x_wconf 85' lang='lat' dir='ltr'><strong>divitibus</strong></span> <span class='ocrx_word' id='word_1_275' title='bbox 1402 3363 1583 3425; x_wconf 86' lang='lat' dir='ltr'><strong>petere</strong></span> <span class='ocrx_word' id='word_1_276' title='bbox 1620 3366 1687 3404; x_wconf 91' lang='lat' dir='ltr'><strong>an</strong></span> <span class='ocrx_word' id='word_1_277' title='bbox 1717 3348 1783 3401; x_wconf 90' lang='lat' dir='ltr'><strong>ab</strong></span> <span class='ocrx_word' id='word_1_278' title='bbox 1809 3347 1926 3400; x_wconf 87' lang='lat' dir='ltr'><strong>iuo-</strong></span> 
     </span>
    </p>
   </div>
   <div class='ocr_carea' id='block_1_34' title="bbox 343 3438 1925 3543">
    <p class='ocr_par' dir='ltr' id='par_1_34' title="bbox 343 3438 1925 3543">
     <span class='ocr_line' id='line_1_34' title="bbox 343 3438 1925 3543; baseline -0.022 -18"><span class='ocrx_word' id='word_1_279' title='bbox 343 3438 540 3543; x_wconf 68' lang='lat' dir='ltr'><strong>pibus?</strong></span> <span class='ocrx_word' id='word_1_280' title='bbox 572 3467 748 3522; x_wconf 80' lang='lat' dir='ltr'><strong>Palam</strong></span> <span class='ocrx_word' id='word_1_281' title='bbox 781 3470 928 3517; x_wconf 86' lang='lat' dir='ltr'><strong>certe</strong></span> <span class='ocrx_word' id='word_1_282' title='bbox 954 3467 1057 3521; x_wconf 89' lang='lat' dir='ltr'><strong>est,</strong></span> <span class='ocrx_word' id='word_1_283' title='bbox 1087 3455 1155 3510; x_wconf 88' lang='lat' dir='ltr'><strong>ab</strong></span> <span class='ocrx_word' id='word_1_284' title='bbox 1194 3451 1463 3520; x_wconf 88' lang='lat' dir='ltr'><strong>inopibus.</strong></span> <span class='ocrx_word' id='word_1_285' title='bbox 1500 3445 1612 3500; x_wconf 90' lang='lat' dir='ltr'><strong>lloc</strong></span> <span class='ocrx_word' id='word_1_286' title='bbox 1650 3444 1826 3511; x_wconf 85' lang='lat' dir='ltr'><strong>itaque</strong></span> <span class='ocrx_word' id='word_1_287' title='bbox 1857 3438 1925 3491; x_wconf 78' lang='lat' dir='ltr'><strong>ta-</strong></span> 
     </span>
    </p>
   </div>
   <div class='ocr_carea' id='block_1_35' title="bbox 340 3528 1922 3620">
    <p class='ocr_par' dir='ltr' id='par_1_35' title="bbox 340 3528 1922 3620">
     <span class='ocr_line' id='line_1_35' title="bbox 340 3528 1922 3620; baseline -0.02 -5"><span class='ocrx_word' id='word_1_288' title='bbox 340 3528 491 3618; x_wconf 61' lang='lat' dir='ltr'><strong>i-innt</strong></span> <span class='ocrx_word' id='word_1_289' title='bbox 509 3560 703 3614; x_wconf 64' lang='lat' dir='ltr'><strong>divues</strong></span> <span class='ocrx_word' id='word_1_290' title='bbox 722 3573 738 3620; x_wconf 83' lang='lat'><strong>;</strong></span> <span class='ocrx_word' id='word_1_291' title='bbox 757 3568 862 3608; x_wconf 91' lang='lat' dir='ltr'><strong>non</strong></span> <span class='ocrx_word' id='word_1_292' title='bbox 883 3549 1024 3605; x_wconf 85' lang='lat' dir='ltr'><strong>enim</strong></span> <span class='ocrx_word' id='word_1_293' title='bbox 1038 3545 1298 3602; x_wconf 86' lang='lat' dir='ltr'><strong>auderent</strong></span> <span class='ocrx_word' id='word_1_294' title='bbox 1319 3541 1382 3594; x_wconf 88' lang='lat' dir='ltr'><strong>ad</strong></span> <span class='ocrx_word' id='word_1_295' title='bbox 1403 3536 1626 3594; x_wconf 88' lang='lat' dir='ltr'><strong>ditiores</strong></span> <span class='ocrx_word' id='word_1_296' title='bbox 1646 3528 1922 3587; x_wconf 87' lang='lat' dir='ltr'><strong>accedere.</strong></span> 
     </span>
    </p>
   </div>
   <div class='ocr_carea' id='block_1_36' title="bbox 344 3633 1928 3722">
    <p class='ocr_par' dir='ltr' id='par_1_36' title="bbox 344 3633 1928 3722">
     <span class='ocr_line' id='line_1_36' title="bbox 344 3633 1928 3722; baseline -0.022 -12"><span class='ocrx_word' id='word_1_297' title='bbox 344 3655 447 3722; x_wconf 83' lang='lat' dir='ltr'><strong>Qui</strong></span> <span class='ocrx_word' id='word_1_298' title='bbox 469 3663 646 3705; x_wconf 73' lang='lat' dir='ltr'><strong>autem</strong></span> <span class='ocrx_word' id='word_1_299' title='bbox 677 3644 1026 3706; x_wconf 70' lang='lat' dir='ltr'><strong>mendicant,</strong></span> <span class='ocrx_word' id='word_1_300' title='bbox 1058 3654 1086 3692; x_wconf 88' lang='lat' dir='ltr'><strong>a</strong></span> <span class='ocrx_word' id='word_1_301' title='bbox 1113 3633 1466 3704; x_wconf 83' lang='lat' dir='ltr'><strong>locupletibus</strong></span> <span class='ocrx_word' id='word_1_302' title='bbox 1497 3634 1683 3698; x_wconf 88' lang='lat' dir='ltr'><strong>petunt</strong></span> <span class='ocrx_word' id='word_1_303' title='bbox 1711 3642 1722 3676; x_wconf 94' lang='lat'><strong>:</strong></span> <span class='ocrx_word' id='word_1_304' title='bbox 1757 3635 1928 3691; x_wconf 83' lang='lat' dir='ltr'><strong>neque</strong></span> 
     </span>
    </p>
   </div>
   <div class='ocr_carea' id='block_1_37' title="bbox 341 3715 1928 3802">
    <p class='ocr_par' dir='ltr' id='par_1_37' title="bbox 341 3715 1928 3802">
     <span class='ocr_line' id='line_1_37' title="bbox 341 3715 1928 3802; baseline -0.022 0"><span class='ocrx_word' id='word_1_305' title='bbox 341 3747 490 3802; x_wconf 80' lang='lat' dir='ltr'><strong>enim</strong></span> <span class='ocrx_word' id='word_1_306' title='bbox 523 3741 799 3798; x_wconf 81' lang='lat' dir='ltr'><strong>incudicus</strong></span> <span class='ocrx_word' id='word_1_307' title='bbox 831 3753 860 3790; x_wconf 89' lang='lat' dir='ltr'><strong>a</strong></span> <span class='ocrx_word' id='word_1_308' title='bbox 890 3733 1139 3789; x_wconf 88' lang='lat' dir='ltr'><strong>mendico</strong></span> <span class='ocrx_word' id='word_1_309' title='bbox 1162 3727 1326 3798; x_wconf 83' lang='lat' dir='ltr'><strong>petit,</strong></span> <span class='ocrx_word' id='word_1_310' title='bbox 1357 3723 1452 3780; x_wconf 87' lang='lat' dir='ltr'><strong>sed</strong></span> <span class='ocrx_word' id='word_1_311' title='bbox 1489 3737 1520 3776; x_wconf 89' lang='lat' dir='ltr'><strong>a</strong></span> <span class='ocrx_word' id='word_1_312' title='bbox 1546 3718 1748 3782; x_wconf 85' lang='lat' dir='ltr'><strong>divite;</strong></span> <span class='ocrx_word' id='word_1_313' title='bbox 1778 3715 1928 3769; x_wconf 86' lang='lat' dir='ltr'><strong>dives</strong></span> 
     </span>
    </p>
   </div>
   <div class='ocr_carea' id='block_1_38' title="bbox 347 3807 1930 3905">
    <p class='ocr_par' dir='ltr' id='par_1_38' title="bbox 347 3807 1930 3905">
     <span class='ocr_line' id='line_1_38' title="bbox 347 3807 1930 3905; baseline -0.023 -11"><span class='ocrx_word' id='word_1_314' title='bbox 347 3849 524 3893; x_wconf 83' lang='lat' dir='ltr'><strong>autem</strong></span> <span class='ocrx_word' id='word_1_315' title='bbox 549 3846 831 3905; x_wconf 66' lang='lat' dir='ltr'><strong>[numerem</strong></span> <span class='ocrx_word' id='word_1_316' title='bbox 857 3825 1134 3894; x_wconf 85' lang='lat' dir='ltr'><strong>discerpit.</strong></span> <span class='ocrx_word' id='word_1_317' title='bbox 1162 3823 1366 3876; x_wconf 76' lang='lat' dir='ltr'><strong>Rursus</strong></span> <span class='ocrx_word' id='word_1_318' title='bbox 1394 3814 1543 3886; x_wconf 90' lang='lat' dir='ltr'><strong>quid,</strong></span> <span class='ocrx_word' id='word_1_319' title='bbox 1569 3824 1760 3882; x_wconf 72' lang='lat' dir='ltr'><strong>quaeso</strong></span> <span class='ocrx_word' id='word_1_320' title='bbox 1779 3848 1794 3872; x_wconf 90' lang='lat'><strong>,</strong></span> <span class='ocrx_word' id='word_1_321' title='bbox 1833 3807 1930 3860; x_wconf 89' lang='lat' dir='ltr'><strong>ho-</strong></span> 
     </span>
    </p>
   </div>
   <div class='ocr_carea' id='block_1_39' title="bbox 343 3903 1928 3992">
    <p class='ocr_par' dir='ltr' id='par_1_39' title="bbox 343 3903 1928 3992">
     <span class='ocr_line' id='line_1_39' title="bbox 343 3903 1928 3992; baseline -0.022 -6"><span class='ocrx_word' id='word_1_322' title='bbox 343 3903 576 3992; x_wconf 74' lang='lat' dir='ltr'><strong>nestius,</strong></span> <span class='ocrx_word' id='word_1_323' title='bbox 606 3942 636 3979; x_wconf 89' lang='lat' dir='ltr'><strong>a</strong></span> <span class='ocrx_word' id='word_1_324' title='bbox 666 3922 969 3978; x_wconf 85' lang='lat' dir='ltr'><strong>lubentibus</strong></span> <span class='ocrx_word' id='word_1_325' title='bbox 995 3927 1048 3971; x_wconf 78' lang='lat' dir='ltr'><strong>et</strong></span> <span class='ocrx_word' id='word_1_326' title='bbox 1072 3913 1295 3985; x_wconf 78' lang='lat' dir='ltr'><strong>gratiam</strong></span> <span class='ocrx_word' id='word_1_327' title='bbox 1320 3905 1635 3962; x_wconf 87' lang='lat' dir='ltr'><strong>habentibus</strong></span> <span class='ocrx_word' id='word_1_328' title='bbox 1663 3903 1928 3970; x_wconf 84' lang='lat' dir='ltr'><strong>accipere,</strong></span> 
     </span>
    </p>
   </div>
   <div class='ocr_carea' id='block_1_40' title="bbox 346 3988 1932 4084">
    <p class='ocr_par' dir='ltr' id='par_1_40' title="bbox 346 3988 1932 4084">
     <span class='ocr_line' id='line_1_40' title="bbox 346 3988 1932 4084; baseline -0.023 -7"><span class='ocrx_word' id='word_1_329' title='bbox 346 4039 418 4077; x_wconf 90' lang='lat' dir='ltr'><strong>an</strong></span> <span class='ocrx_word' id='word_1_330' title='bbox 441 4024 638 4076; x_wconf 80' lang='lat' dir='ltr'><strong>invitos</strong></span> <span class='ocrx_word' id='word_1_331' title='bbox 662 4028 855 4084; x_wconf 81' lang='lat' dir='ltr'><strong>rogere</strong></span> <span class='ocrx_word' id='word_1_332' title='bbox 881 4020 935 4066; x_wconf 90' lang='lat' dir='ltr'><strong>et</strong></span> <span class='ocrx_word' id='word_1_333' title='bbox 965 4002 1307 4079; x_wconf 73' lang='lat' dir='ltr'><strong>perturbare?</strong></span> <span class='ocrx_word' id='word_1_334' title='bbox 1326 3999 1504 4054; x_wconf 83' lang='lat' dir='ltr'><strong>Palam</strong></span> <span class='ocrx_word' id='word_1_335' title='bbox 1530 4003 1614 4050; x_wconf 87' lang='lat' dir='ltr'><strong>est</strong></span> <span class='ocrx_word' id='word_1_336' title='bbox 1655 3988 1932 4045; x_wconf 90' lang='lat' dir='ltr'><strong>honestius</strong></span> 
     </span>
    </p>
   </div>
   <div class='ocr_carea' id='block_1_41' title="bbox 345 4077 1932 4170">
    <p class='ocr_par' dir='ltr' id='par_1_41' title="bbox 345 4077 1932 4170">
     <span class='ocr_line' id='line_1_41' title="bbox 345 4077 1932 4170; baseline -0.027 2"><span class='ocrx_word' id='word_1_337' title='bbox 345 4128 478 4170; x_wconf 69' lang='lat' dir='ltr'><strong>ease</strong></span> <span class='ocrx_word' id='word_1_338' title='bbox 497 4100 688 4164; x_wconf 69' lang='lat' dir='ltr'><strong>invitos</strong></span> <span class='ocrx_word' id='word_1_339' title='bbox 709 4121 811 4159; x_wconf 84' lang='lat' dir='ltr'><strong>non</strong></span> <span class='ocrx_word' id='word_1_340' title='bbox 835 4077 1069 4157; x_wconf 51' lang='lat' dir='ltr'><strong>turbirc.</strong></span> <span class='ocrx_word' id='word_1_341' title='bbox 1095 4096 1202 4151; x_wconf 82' lang='lat' dir='ltr'><strong>Sed</strong></span> <span class='ocrx_word' id='word_1_342' title='bbox 1230 4088 1540 4145; x_wconf 87' lang='lat' dir='ltr'><strong>bocdivitcs</strong></span> <span class='ocrx_word' id='word_1_343' title='bbox 1560 4082 1776 4137; x_wconf 76' lang='lat' dir='ltr'><strong>iaciunt.</strong></span> <span class='ocrx_word' id='word_1_344' title='bbox 1802 4077 1932 4132; x_wconf 83' lang='lat' dir='ltr'><strong>Nam</strong></span> 
     </span>
    </p>
   </div>
   <div class='ocr_carea' id='block_1_42' title="bbox 347 4165 1933 4272">
    <p class='ocr_par' dir='ltr' id='par_1_42' title="bbox 347 4165 1933 4272">
     <span class='ocr_line' id='line_1_42' title="bbox 347 4165 1933 4272; baseline -0.023 -16"><span class='ocrx_word' id='word_1_345' title='bbox 347 4214 622 4272; x_wconf 73' lang='lat' dir='ltr'><strong>pauperes</strong></span> <span class='ocrx_word' id='word_1_346' title='bbox 653 4212 680 4249; x_wconf 90' lang='lat' dir='ltr'><strong>a</strong></span> <span class='ocrx_word' id='word_1_347' title='bbox 712 4194 1009 4248; x_wconf 84' lang='lat' dir='ltr'><strong>lubentibus</strong></span> <span class='ocrx_word' id='word_1_348' title='bbox 1038 4184 1306 4254; x_wconf 86' lang='lat' dir='ltr'><strong>accipiunt</strong></span> <span class='ocrx_word' id='word_1_349' title='bbox 1333 4188 1386 4234; x_wconf 90' lang='lat' dir='ltr'><strong>et</strong></span> <span class='ocrx_word' id='word_1_350' title='bbox 1416 4175 1640 4248; x_wconf 77' lang='lat' dir='ltr'><strong>gratiam</strong></span> <span class='ocrx_word' id='word_1_351' title='bbox 1691 4165 1933 4224; x_wconf 88' lang='lat' dir='ltr'><strong>habenti-</strong></span> 
     </span>
    </p>
   </div>
   <div class='ocr_carea' id='block_1_43' title="bbox 348 4253 1933 4356">
    <p class='ocr_par' dir='ltr' id='par_1_43' title="bbox 348 4253 1933 4356">
     <span class='ocr_line' id='line_1_43' title="bbox 349 4253 486 4272; baseline -0.015 0"><span class='ocrx_word' id='word_1_352' title='bbox 349 4253 403 4272; x_wconf 44' lang='grc' dir='ltr'><em>τί</em></span> <span class='ocrx_word' id='word_1_353' title='bbox 437 4253 486 4270; x_wconf 47' lang='grc' dir='ltr'><strong>κ.</strong></span> 
     </span>
     <span class='ocr_line' id='line_1_44' title="bbox 348 4253 1933 4356; baseline -0.026 -5"><span class='ocrx_word' id='word_1_354' title='bbox 348 4296 494 4356; x_wconf 82' lang='lat' dir='ltr'><strong>bus;</strong></span> <span class='ocrx_word' id='word_1_355' title='bbox 519 4287 707 4344; x_wconf 84' lang='lat' dir='ltr'><strong>divites</strong></span> <span class='ocrx_word' id='word_1_356' title='bbox 723 4297 900 4340; x_wconf 78' lang='lat' dir='ltr'><strong>autem</strong></span> <span class='ocrx_word' id='word_1_357' title='bbox 925 4281 990 4334; x_wconf 90' lang='lat' dir='ltr'><strong>ab</strong></span> <span class='ocrx_word' id='word_1_358' title='bbox 1022 4277 1203 4334; x_wconf 86' lang='lat' dir='ltr'><strong>invitis</strong></span> <span class='ocrx_word' id='word_1_359' title='bbox 1229 4286 1284 4329; x_wconf 90' lang='lat' dir='ltr'><strong>et</strong></span> <span class='ocrx_word' id='word_1_360' title='bbox 1311 4262 1728 4338; x_wconf 83' lang='lat' dir='ltr'><strong>repugnantibus</strong></span> <span class='ocrx_word' id='word_1_361' title='bbox 1754 4275 1768 4312; x_wconf 91' lang='lat'><strong>:</strong></span> <span class='ocrx_word' id='word_1_362' title='bbox 1793 4253 1933 4326; x_wconf 87' lang='lat' dir='ltr'><strong>quod</strong></span> 
     </span>
    </p>
   </div>
   <div class='ocr_carea' id='block_1_44' title="bbox 349 4345 1933 4454">
    <p class='ocr_par' dir='ltr' id='par_1_44' title="bbox 349 4345 1933 4454">
     <span class='ocr_line' id='line_1_45' title="bbox 349 4345 1933 4454; baseline -0.026 -14"><span class='ocrx_word' id='word_1_363' title='bbox 349 4383 576 4454; x_wconf 79' lang='lat' dir='ltr'><strong>majoris</strong></span> <span class='ocrx_word' id='word_1_364' title='bbox 608 4390 693 4434; x_wconf 82' lang='lat' dir='ltr'><strong>est</strong></span> <span class='ocrx_word' id='word_1_365' title='bbox 740 4371 1066 4446; x_wconf 82' lang='lat' dir='ltr'><strong>paupertatis</strong></span> <span class='ocrx_word' id='word_1_366' title='bbox 1103 4361 1512 4423; x_wconf 77' lang='lat' dir='ltr'><strong>demonstratio.</strong></span> <span class='ocrx_word' id='word_1_367' title='bbox 1565 4355 1620 4410; x_wconf 83' lang='lat' dir='ltr'><strong>Si</strong></span> <span class='ocrx_word' id='word_1_368' title='bbox 1673 4350 1816 4406; x_wconf 89' lang='lat' dir='ltr'><strong>enim</strong></span> <span class='ocrx_word' id='word_1_369' title='bbox 1866 4345 1933 4401; x_wconf 83' lang='lat' dir='ltr'><strong>ad</strong></span> 
     </span>
    </p>
   </div>
   <div class='ocr_carea' id='block_1_45' title="bbox 349 4441 1932 4546">
    <p class='ocr_par' dir='ltr' id='par_1_45' title="bbox 349 4441 1932 4546">
     <span class='ocr_line' id='line_1_46' title="bbox 349 4441 1932 4546; baseline -0.027 -14"><span class='ocrx_word' id='word_1_370' title='bbox 349 4473 637 4546; x_wconf 75' lang='lat' dir='ltr'><strong>prandium</strong></span> <span class='ocrx_word' id='word_1_371' title='bbox 664 4484 821 4524; x_wconf 84' lang='lat' dir='ltr'><strong>nemo</strong></span> <span class='ocrx_word' id='word_1_372' title='bbox 845 4467 973 4520; x_wconf 86' lang='lat' dir='ltr'><strong>velit</strong></span> <span class='ocrx_word' id='word_1_373' title='bbox 999 4459 1274 4519; x_wconf 79' lang='lat' dir='ltr'><strong>accedere,</strong></span> <span class='ocrx_word' id='word_1_374' title='bbox 1305 4452 1406 4508; x_wconf 89' lang='lat' dir='ltr'><strong>nisi</strong></span> <span class='ocrx_word' id='word_1_375' title='bbox 1436 4447 1656 4521; x_wconf 73' lang='lat' dir='ltr'><strong>gratiam</strong></span> <span class='ocrx_word' id='word_1_376' title='bbox 1687 4441 1786 4512; x_wconf 63' lang='lat' dir='ltr'><strong>ipsi</strong></span> <span class='ocrx_word' id='word_1_377' title='bbox 1834 4441 1932 4492; x_wconf 86' lang='lat' dir='ltr'><strong>ha-</strong></span> 
     </span>
    </p>
   </div>
   <div class='ocr_carea' id='block_1_46' title="bbox 353 4530 1935 4632">
    <p class='ocr_par' dir='ltr' id='par_1_46' title="bbox 353 4530 1935 4632">
     <span class='ocr_line' id='line_1_47' title="bbox 353 4530 1935 4632; baseline -0.028 -8"><span class='ocrx_word' id='word_1_378' title='bbox 353 4530 477 4623; x_wconf 69' lang='lat' dir='ltr'><strong>beat</strong></span> <span class='ocrx_word' id='word_1_379' title='bbox 519 4565 566 4619; x_wconf 87' lang='lat' dir='ltr'><strong>is</strong></span> <span class='ocrx_word' id='word_1_380' title='bbox 593 4562 682 4632; x_wconf 87' lang='lat' dir='ltr'><strong>qui</strong></span> <span class='ocrx_word' id='word_1_381' title='bbox 726 4559 946 4620; x_wconf 77' lang='lat' dir='ltr'><strong>invitat,</strong></span> <span class='ocrx_word' id='word_1_382' title='bbox 975 4551 1244 4623; x_wconf 79' lang='lat' dir='ltr'><strong>quomodo</strong></span> <span class='ocrx_word' id='word_1_383' title='bbox 1275 4546 1470 4600; x_wconf 88' lang='lat' dir='ltr'><strong>bonum</strong></span> <span class='ocrx_word' id='word_1_384' title='bbox 1505 4537 1662 4593; x_wconf 84' lang='lat' dir='ltr'><strong>luerit</strong></span> <span class='ocrx_word' id='word_1_385' title='bbox 1682 4530 1935 4604; x_wconf 89' lang='lat' dir='ltr'><strong>pecunias</strong></span> 
     </span>
    </p>
   </div>
   <div class='ocr_carea' id='block_1_47' title="bbox 353 4623 1935 4723">
    <p class='ocr_par' dir='ltr' id='par_1_47' title="bbox 353 4623 1935 4723">
     <span class='ocr_line' id='line_1_48' title="bbox 353 4623 1935 4723; baseline -0.025 -9"><span class='ocrx_word' id='word_1_386' title='bbox 353 4661 402 4713; x_wconf 89' lang='lat' dir='ltr'><strong>vi</strong></span> <span class='ocrx_word' id='word_1_387' title='bbox 427 4653 790 4723; x_wconf 67' lang='lat' dir='ltr'><strong>extorquere?</strong></span> <span class='ocrx_word' id='word_1_388' title='bbox 814 4650 988 4704; x_wconf 81' lang='lat' dir='ltr'><strong>Canes</strong></span> <span class='ocrx_word' id='word_1_389' title='bbox 1015 4658 1202 4698; x_wconf 89' lang='lat' dir='ltr'><strong>nonne</strong></span> <span class='ocrx_word' id='word_1_390' title='bbox 1231 4640 1348 4694; x_wconf 89' lang='lat' dir='ltr'><strong>ideo</strong></span> <span class='ocrx_word' id='word_1_391' title='bbox 1373 4645 1687 4690; x_wconf 80' lang='lat' dir='ltr'><strong>aversantur</strong></span> <span class='ocrx_word' id='word_1_392' title='bbox 1710 4635 1764 4681; x_wconf 92' lang='lat' dir='ltr'><strong>et</strong></span> <span class='ocrx_word' id='word_1_393' title='bbox 1801 4623 1935 4691; x_wconf 33' lang='lat' dir='ltr'><strong>fugi;</strong></span> 
     </span>
    </p>
   </div>
   <div class='ocr_carea' id='block_1_48' title="bbox 355 4729 1936 4811">
    <p class='ocr_par' dir='ltr' id='par_1_48' title="bbox 355 4729 1936 4811">
     <span class='ocr_line' id='line_1_49' title="bbox 355 4729 1936 4811; baseline -0.025 -5"><span class='ocrx_word' id='word_1_394' title='bbox 355 4765 474 4806; x_wconf 72' lang='lat' dir='ltr'><strong>unus</strong></span> <span class='ocrx_word' id='word_1_395' title='bbox 504 4747 760 4804; x_wconf 76' lang='lat' dir='ltr'><strong>latrantes</strong></span> <span class='ocrx_word' id='word_1_396' title='bbox 779 4784 794 4805; x_wconf 93' lang='lat'><strong>,</strong></span> <span class='ocrx_word' id='word_1_397' title='bbox 822 4739 962 4811; x_wconf 91' lang='lat' dir='ltr'><strong>quod</strong></span> <span class='ocrx_word' id='word_1_398' title='bbox 991 4736 1149 4791; x_wconf 85' lang='lat' dir='ltr'><strong>nobis</strong></span> <span class='ocrx_word' id='word_1_399' title='bbox 1171 4730 1383 4786; x_wconf 84' lang='lat' dir='ltr'><strong>assidue</strong></span> <span class='ocrx_word' id='word_1_400' title='bbox 1413 4729 1613 4780; x_wconf 88' lang='lat' dir='ltr'><strong>instent</strong></span> <span class='ocrx_word' id='word_1_401' title='bbox 1640 4729 1693 4774; x_wconf 86' lang='lat' dir='ltr'><strong>et</strong></span> <span class='ocrx_word' id='word_1_402' title='bbox 1721 4732 1819 4772; x_wconf 79' lang='lat' dir='ltr'><strong>nos</strong></span> <span class='ocrx_word' id='word_1_403' title='bbox 1846 4731 1936 4768; x_wconf 88' lang='lat' dir='ltr'><strong>nr-</strong></span> 
     </span>
    </p>
   </div>
   <div class='ocr_carea' id='block_1_49' title="bbox 1336 317 2507 387">
    <p class='ocr_par' dir='ltr' id='par_1_49' title="bbox 1336 317 2507 387">
     <span class='ocr_line' id='line_1_50' title="bbox 1336 317 2507 387; baseline -0.011 0"><span class='ocrx_word' id='word_1_404' title='bbox 1336 330 1417 387; x_wconf 79' lang='lat' dir='ltr'><strong>lN&#39;</strong></span> <span class='ocrx_word' id='word_1_405' title='bbox 1441 327 1652 386; x_wconf 77' lang='lat' dir='ltr'><strong>EPIST.</strong></span> <span class='ocrx_word' id='word_1_406' title='bbox 1694 324 1714 382; x_wconf 95' lang='lat' dir='ltr'><strong>l</strong></span> <span class='ocrx_word' id='word_1_407' title='bbox 1776 321 1868 378; x_wconf 79' lang='lat' dir='ltr'><strong>AD</strong></span> <span class='ocrx_word' id='word_1_408' title='bbox 1901 317 2062 376; x_wconf 66' lang='grc' dir='ltr'><strong>(ΞΟΠ.</strong></span> <span class='ocrx_word' id='word_1_409' title='bbox 2101 318 2329 375; x_wconf 64' lang='grc' dir='ltr'><strong>ιιοδιιι..</strong></span> <span class='ocrx_word' id='word_1_410' title='bbox 2366 318 2507 375; x_wconf 69' lang='grc' dir='ltr'><strong>χεν.</strong></span> 
     </span>
    </p>
   </div>
   <div class='ocr_carea' id='block_1_50' title="bbox 1985 432 3562 504">
    <p class='ocr_par' dir='ltr' id='par_1_50' title="bbox 1985 432 3562 504">
     <span class='ocr_line' id='line_1_51' title="bbox 1985 432 3562 504; baseline 0.003 -17"><span class='ocrx_word' id='word_1_411' title='bbox 1985 433 2186 503; x_wconf 80' lang='lat' dir='ltr'><strong>geant?</strong></span> <span class='ocrx_word' id='word_1_412' title='bbox 2216 433 2327 489; x_wconf 83' lang='lat' dir='ltr'><strong>lloc</strong></span> <span class='ocrx_word' id='word_1_413' title='bbox 2353 445 2406 489; x_wconf 89' lang='lat' dir='ltr'><strong>et</strong></span> <span class='ocrx_word' id='word_1_414' title='bbox 2431 434 2625 488; x_wconf 81' lang='lat' dir='ltr'><strong>divites</strong></span> <span class='ocrx_word' id='word_1_415' title='bbox 2649 432 2869 488; x_wconf 71' lang='lat' dir='ltr'><strong>faciunt.</strong></span> <span class='ocrx_word' id='word_1_416' title='bbox 2898 433 2965 490; x_wconf 74' lang='lat' dir='ltr'><strong>At</strong></span> <span class='ocrx_word' id='word_1_417' title='bbox 2993 436 3268 492; x_wconf 79' lang='lat' dir='ltr'><strong>honestius</strong></span> <span class='ocrx_word' id='word_1_418' title='bbox 3287 475 3306 504; x_wconf 89' lang='lat'><strong>,</strong></span> <span class='ocrx_word' id='word_1_419' title='bbox 3345 445 3404 491; x_wconf 88' lang='lat' dir='ltr'><strong>ut</strong></span> <span class='ocrx_word' id='word_1_420' title='bbox 3438 452 3562 494; x_wconf 81' lang='lat' dir='ltr'><strong>eum</strong></span> 
     </span>
    </p>
   </div>
   <div class='ocr_carea' id='block_1_51' title="bbox 1985 523 3563 601">
    <p class='ocr_par' dir='ltr' id='par_1_51' title="bbox 1985 523 3563 601">
     <span class='ocr_line' id='line_1_52' title="bbox 1985 523 3563 601; baseline 0.005 -23"><span class='ocrx_word' id='word_1_421' title='bbox 1985 525 2130 578; x_wconf 90' lang='lat' dir='ltr'><strong>dono</strong></span> <span class='ocrx_word' id='word_1_422' title='bbox 2167 523 2308 578; x_wconf 84' lang='lat' dir='ltr'><strong>adsit</strong></span> <span class='ocrx_word' id='word_1_423' title='bbox 2345 537 2540 578; x_wconf 86' lang='lat' dir='ltr'><strong>metus.</strong></span> <span class='ocrx_word' id='word_1_424' title='bbox 2590 525 2704 580; x_wconf 83' lang='lat' dir='ltr'><strong>lloc</strong></span> <span class='ocrx_word' id='word_1_425' title='bbox 2739 536 2890 582; x_wconf 79' lang='lat' dir='ltr'><strong>certe</strong></span> <span class='ocrx_word' id='word_1_426' title='bbox 2913 527 3152 583; x_wconf 88' lang='lat' dir='ltr'><strong>omnium</strong></span> <span class='ocrx_word' id='word_1_427' title='bbox 3195 530 3563 601; x_wconf 78' lang='lat' dir='ltr'><strong>turpissimum</strong></span> 
     </span>
    </p>
   </div>
   <div class='ocr_carea' id='block_1_52' title="bbox 1987 616 3564 691">
    <p class='ocr_par' dir='ltr' id='par_1_52' title="bbox 1987 616 3564 691">
     <span class='ocr_line' id='line_1_53' title="bbox 1987 616 3564 691; baseline 0.005 -22"><span class='ocrx_word' id='word_1_428' title='bbox 1987 624 2071 669; x_wconf 91' lang='lat' dir='ltr'><strong>est</strong></span> <span class='ocrx_word' id='word_1_429' title='bbox 2099 632 2113 667; x_wconf 88' lang='lat'><strong>:</strong></span> <span class='ocrx_word' id='word_1_430' title='bbox 2139 616 2230 686; x_wconf 92' lang='lat' dir='ltr'><strong>qui</strong></span> <span class='ocrx_word' id='word_1_431' title='bbox 2259 617 2402 669; x_wconf 91' lang='lat' dir='ltr'><strong>enim</strong></span> <span class='ocrx_word' id='word_1_432' title='bbox 2430 617 2606 671; x_wconf 88' lang='lat' dir='ltr'><strong>omnia</strong></span> <span class='ocrx_word' id='word_1_433' title='bbox 2637 627 2812 672; x_wconf 87' lang='lat' dir='ltr'><strong>movet</strong></span> <span class='ocrx_word' id='word_1_434' title='bbox 2841 627 2895 671; x_wconf 93' lang='lat' dir='ltr'><strong>ut</strong></span> <span class='ocrx_word' id='word_1_435' title='bbox 2925 618 3188 689; x_wconf 85' lang='lat' dir='ltr'><strong>accipiat,</strong></span> <span class='ocrx_word' id='word_1_436' title='bbox 3214 631 3320 691; x_wconf 92' lang='lat' dir='ltr'><strong>quo</strong></span> <span class='ocrx_word' id='word_1_437' title='bbox 3348 621 3564 678; x_wconf 82' lang='lat' dir='ltr'><strong>homine</strong></span> 
     </span>
    </p>
   </div>
   <div class='ocr_carea' id='block_1_53' title="bbox 1989 706 3566 781">
    <p class='ocr_par' dir='ltr' id='par_1_53' title="bbox 1989 706 3566 781">
     <span class='ocr_line' id='line_1_54' title="bbox 1989 706 3566 781; baseline 0.003 -20"><span class='ocrx_word' id='word_1_438' title='bbox 1989 707 2158 776; x_wconf 81' lang='lat' dir='ltr'><strong>magis</strong></span> <span class='ocrx_word' id='word_1_439' title='bbox 2185 707 2440 762; x_wconf 87' lang='lat' dir='ltr'><strong>ridiculus</strong></span> <span class='ocrx_word' id='word_1_440' title='bbox 2481 723 2584 762; x_wconf 92' lang='lat' dir='ltr'><strong>non</strong></span> <span class='ocrx_word' id='word_1_441' title='bbox 2617 706 2808 763; x_wconf 80' lang='lat' dir='ltr'><strong>fuerit?</strong></span> <span class='ocrx_word' id='word_1_442' title='bbox 2850 708 3056 765; x_wconf 84' lang='lat' dir='ltr'><strong>Etenim</strong></span> <span class='ocrx_word' id='word_1_443' title='bbox 3087 725 3228 781; x_wconf 77' lang='lat' dir='ltr'><strong>sa-pe</strong></span> <span class='ocrx_word' id='word_1_444' title='bbox 3257 729 3378 769; x_wconf 92' lang='lat' dir='ltr'><strong>cum</strong></span> <span class='ocrx_word' id='word_1_445' title='bbox 3403 727 3566 769; x_wconf 78' lang='lat' dir='ltr'><strong>canes</strong></span> 
     </span>
    </p>
   </div>
   <div class='ocr_carea' id='block_1_54' title="bbox 1990 799 3567 870">
    <p class='ocr_par' dir='ltr' id='par_1_54' title="bbox 1990 799 3567 870">
     <span class='ocr_line' id='line_1_55' title="bbox 1990 799 3567 870; baseline 0.003 -18"><span class='ocrx_word' id='word_1_446' title='bbox 1990 807 2352 852; x_wconf 85' lang='lat' dir='ltr'><strong>metueremns</strong></span> <span class='ocrx_word' id='word_1_447' title='bbox 2377 839 2391 862; x_wconf 94' lang='lat'><strong>,</strong></span> <span class='ocrx_word' id='word_1_448' title='bbox 2435 813 2496 852; x_wconf 85' lang='lat' dir='ltr'><strong>ea</strong></span> <span class='ocrx_word' id='word_1_449' title='bbox 2525 813 2644 868; x_wconf 66' lang='lat' dir='ltr'><strong>quae</strong></span> <span class='ocrx_word' id='word_1_450' title='bbox 2689 799 3001 862; x_wconf 86' lang='lat' dir='ltr'><strong>tenebamus</strong></span> <span class='ocrx_word' id='word_1_451' title='bbox 3043 801 3384 869; x_wconf 64' lang='lat' dir='ltr'><strong>projecimus.</strong></span> <span class='ocrx_word' id='word_1_452' title='bbox 3428 801 3567 870; x_wconf 84' lang='lat' dir='ltr'><strong>Quid</strong></span> 
     </span>
    </p>
   </div>
   <div class='ocr_carea' id='block_1_55' title="bbox 1993 888 3568 960">
    <p class='ocr_par' dir='ltr' id='par_1_55' title="bbox 1993 888 3568 960">
     <span class='ocr_line' id='line_1_56' title="bbox 1993 888 3568 960; baseline 0.003 -17"><span class='ocrx_word' id='word_1_453' title='bbox 1993 904 2201 952; x_wconf 81' lang='lat' dir='ltr'><strong>rursus,</strong></span> <span class='ocrx_word' id='word_1_454' title='bbox 2229 889 2316 944; x_wconf 91' lang='lat' dir='ltr'><strong>dic</strong></span> <span class='ocrx_word' id='word_1_455' title='bbox 2343 889 2509 955; x_wconf 89' lang='lat' dir='ltr'><strong>mihi,</strong></span> <span class='ocrx_word' id='word_1_456' title='bbox 2553 888 2762 960; x_wconf 89' lang='lat' dir='ltr'><strong>turpius</strong></span> <span class='ocrx_word' id='word_1_457' title='bbox 2801 893 2994 960; x_wconf 85' lang='lat' dir='ltr'><strong>pannis</strong></span> <span class='ocrx_word' id='word_1_458' title='bbox 3037 892 3232 948; x_wconf 76' lang='lat' dir='ltr'><strong>laceris</strong></span> <span class='ocrx_word' id='word_1_459' title='bbox 3272 895 3568 950; x_wconf 83' lang='lat' dir='ltr'><strong>involutum</strong></span> 
     </span>
    </p>
   </div>
   <div class='ocr_carea' id='block_1_56' title="bbox 1993 981 3573 1052">
    <p class='ocr_par' dir='ltr' id='par_1_56' title="bbox 1993 981 3573 1052">
     <span class='ocr_line' id='line_1_57' title="bbox 1993 981 3573 1052; baseline 0.006 -20"><span class='ocrx_word' id='word_1_460' title='bbox 1993 993 2210 1052; x_wconf 74' lang='lat' dir='ltr'><strong>putere,</strong></span> <span class='ocrx_word' id='word_1_461' title='bbox 2250 998 2316 1035; x_wconf 89' lang='lat' dir='ltr'><strong>an</strong></span> <span class='ocrx_word' id='word_1_462' title='bbox 2365 985 2566 1036; x_wconf 77' lang='lat' dir='ltr'><strong>sericas</strong></span> <span class='ocrx_word' id='word_1_463' title='bbox 2607 993 2786 1038; x_wconf 80' lang='lat' dir='ltr'><strong>vestes</strong></span> <span class='ocrx_word' id='word_1_464' title='bbox 2837 981 3139 1039; x_wconf 76' lang='lat' dir='ltr'><strong>ferentem?</strong></span> <span class='ocrx_word' id='word_1_465' title='bbox 3165 985 3388 1052; x_wconf 83' lang='lat' dir='ltr'><strong>Quando</strong></span> <span class='ocrx_word' id='word_1_466' title='bbox 3428 987 3573 1042; x_wconf 79' lang='lat' dir='ltr'><strong>enim</strong></span> 
     </span>
    </p>
   </div>
   <div class='ocr_carea' id='block_1_57' title="bbox 1994 1072 3574 1144">
    <p class='ocr_par' dir='ltr' id='par_1_57' title="bbox 1994 1072 3574 1144">
     <span class='ocr_line' id='line_1_58' title="bbox 1994 1072 3574 1144; baseline 0.006 -23"><span class='ocrx_word' id='word_1_467' title='bbox 1994 1075 2113 1143; x_wconf 83' lang='lat' dir='ltr'><strong>quis</strong></span> <span class='ocrx_word' id='word_1_468' title='bbox 2141 1073 2292 1127; x_wconf 89' lang='lat' dir='ltr'><strong>dives</strong></span> <span class='ocrx_word' id='word_1_469' title='bbox 2318 1089 2472 1128; x_wconf 86' lang='lat' dir='ltr'><strong>senes</strong></span> <span class='ocrx_word' id='word_1_470' title='bbox 2497 1072 2630 1126; x_wconf 69' lang='lat' dir='ltr'><strong>cidit</strong></span> <span class='ocrx_word' id='word_1_471' title='bbox 2659 1089 2950 1144; x_wconf 89' lang='lat' dir='ltr'><strong>pauperes,</strong></span> <span class='ocrx_word' id='word_1_472' title='bbox 2984 1085 3040 1129; x_wconf 91' lang='lat' dir='ltr'><strong>ut</strong></span> <span class='ocrx_word' id='word_1_473' title='bbox 3082 1089 3168 1129; x_wconf 78' lang='lat' dir='ltr'><strong>res</strong></span> <span class='ocrx_word' id='word_1_474' title='bbox 3197 1076 3410 1130; x_wconf 86' lang='lat' dir='ltr'><strong>illorum</strong></span> <span class='ocrx_word' id='word_1_475' title='bbox 3434 1091 3574 1132; x_wconf 85' lang='lat' dir='ltr'><strong>acci-</strong></span> 
     </span>
    </p>
   </div>
   <div class='ocr_carea' id='block_1_58' title="bbox 1997 1162 3576 1236">
    <p class='ocr_par' dir='ltr' id='par_1_58' title="bbox 1997 1162 3576 1236">
     <span class='ocr_line' id='line_1_59' title="bbox 1997 1162 3576 1236; baseline 0.004 -21"><span class='ocrx_word' id='word_1_476' title='bbox 1997 1164 2124 1232; x_wconf 89' lang='lat' dir='ltr'><strong>piat,</strong></span> <span class='ocrx_word' id='word_1_477' title='bbox 2152 1163 2360 1217; x_wconf 89' lang='lat' dir='ltr'><strong>etiamsi</strong></span> <span class='ocrx_word' id='word_1_478' title='bbox 2394 1162 2591 1217; x_wconf 73' lang='lat' dir='ltr'><strong>lilwros</strong></span> <span class='ocrx_word' id='word_1_479' title='bbox 2621 1163 2870 1226; x_wconf 88' lang='lat' dir='ltr'><strong>habeant,</strong></span> <span class='ocrx_word' id='word_1_480' title='bbox 2895 1180 2998 1234; x_wconf 91' lang='lat' dir='ltr'><strong>qua</strong></span> <span class='ocrx_word' id='word_1_481' title='bbox 3026 1165 3179 1219; x_wconf 83' lang='lat' dir='ltr'><strong>venia</strong></span> <span class='ocrx_word' id='word_1_482' title='bbox 3206 1165 3401 1236; x_wconf 88' lang='lat' dir='ltr'><strong>dignus</strong></span> <span class='ocrx_word' id='word_1_483' title='bbox 3425 1165 3576 1222; x_wconf 69' lang='lat' dir='ltr'><strong>erit?</strong></span> 
     </span>
    </p>
   </div>
   <div class='ocr_carea' id='block_1_59' title="bbox 1996 1253 3574 1324">
    <p class='ocr_par' dir='ltr' id='par_1_59' title="bbox 1996 1253 3574 1324">
     <span class='ocr_line' id='line_1_60' title="bbox 1996 1253 3574 1324; baseline 0.002 -16"><span class='ocrx_word' id='word_1_484' title='bbox 1996 1253 2050 1308; x_wconf 88' lang='lat' dir='ltr'><strong>Si</strong></span> <span class='ocrx_word' id='word_1_485' title='bbox 2089 1254 2246 1308; x_wconf 87' lang='lat' dir='ltr'><strong>vultis</strong></span> <span class='ocrx_word' id='word_1_486' title='bbox 2293 1264 2508 1318; x_wconf 84' lang='lat' dir='ltr'><strong>autem,</strong></span> <span class='ocrx_word' id='word_1_487' title='bbox 2552 1255 2664 1323; x_wconf 54' lang='lat' dir='ltr'><strong>ipsa</strong></span> <span class='ocrx_word' id='word_1_488' title='bbox 2706 1268 2918 1324; x_wconf 89' lang='lat' dir='ltr'><strong>quoque</strong></span> <span class='ocrx_word' id='word_1_489' title='bbox 2966 1255 3125 1310; x_wconf 85' lang='lat' dir='ltr'><strong>verba</strong></span> <span class='ocrx_word' id='word_1_490' title='bbox 3167 1255 3574 1319; x_wconf 79' lang='lat' dir='ltr'><strong>examinemus;</strong></span> 
     </span>
    </p>
   </div>
   <div class='ocr_carea' id='block_1_60' title="bbox 1999 1345 3576 1416">
    <p class='ocr_par' dir='ltr' id='par_1_60' title="bbox 1999 1345 3576 1416">
     <span class='ocr_line' id='line_1_61' title="bbox 1999 1345 3576 1416; baseline 0.003 -18"><span class='ocrx_word' id='word_1_491' title='bbox 1999 1359 2242 1414; x_wconf 71' lang='lat' dir='ltr'><strong>qnzenam</strong></span> <span class='ocrx_word' id='word_1_492' title='bbox 2281 1346 2486 1400; x_wconf 80' lang='lat' dir='ltr'><strong>scilicet</strong></span> <span class='ocrx_word' id='word_1_493' title='bbox 2511 1345 2704 1400; x_wconf 88' lang='lat' dir='ltr'><strong>divites</strong></span> <span class='ocrx_word' id='word_1_494' title='bbox 2737 1355 2977 1414; x_wconf 86' lang='lat' dir='ltr'><strong>petentes</strong></span> <span class='ocrx_word' id='word_1_495' title='bbox 3006 1346 3183 1400; x_wconf 80' lang='lat' dir='ltr'><strong>dicant</strong></span> <span class='ocrx_word' id='word_1_496' title='bbox 3203 1389 3217 1411; x_wconf 91' lang='lat'><strong>,</strong></span> <span class='ocrx_word' id='word_1_497' title='bbox 3246 1357 3297 1401; x_wconf 83' lang='lat' dir='ltr'><strong>et</strong></span> <span class='ocrx_word' id='word_1_498' title='bbox 3333 1362 3576 1416; x_wconf 60' lang='lat' dir='ltr'><strong>quaenam</strong></span> 
     </span>
    </p>
   </div>
   <div class='ocr_carea' id='block_1_61' title="bbox 2001 1430 3578 1509">
    <p class='ocr_par' dir='ltr' id='par_1_61' title="bbox 2001 1430 3578 1509">
     <span class='ocr_line' id='line_1_62' title="bbox 2001 1430 3578 1509; baseline 0.005 -20"><span class='ocrx_word' id='word_1_499' title='bbox 2001 1451 2283 1506; x_wconf 85' lang='lat' dir='ltr'><strong>pauperes.</strong></span> <span class='ocrx_word' id='word_1_500' title='bbox 2313 1436 2448 1504; x_wconf 86' lang='lat' dir='ltr'><strong>Quid</strong></span> <span class='ocrx_word' id='word_1_501' title='bbox 2469 1451 2596 1506; x_wconf 78' lang='lat' dir='ltr'><strong>ergo</strong></span> <span class='ocrx_word' id='word_1_502' title='bbox 2620 1438 2745 1491; x_wconf 83' lang='lat' dir='ltr'><strong>dicit</strong></span> <span class='ocrx_word' id='word_1_503' title='bbox 2765 1430 2970 1506; x_wconf 83' lang='lat' dir='ltr'><strong>pauper</strong></span> <span class='ocrx_word' id='word_1_504' title='bbox 2989 1437 3012 1490; x_wconf 78' lang='lat'><strong>?</strong></span> <span class='ocrx_word' id='word_1_505' title='bbox 3031 1438 3183 1505; x_wconf 87' lang='lat' dir='ltr'><strong>Quod</strong></span> <span class='ocrx_word' id='word_1_506' title='bbox 3211 1441 3299 1509; x_wconf 88' lang='lat' dir='ltr'><strong>qui</strong></span> <span class='ocrx_word' id='word_1_507' title='bbox 3321 1439 3410 1494; x_wconf 84' lang='lat' dir='ltr'><strong>dat</strong></span> <span class='ocrx_word' id='word_1_508' title='bbox 3431 1441 3578 1496; x_wconf 84' lang='lat' dir='ltr'><strong>elec-</strong></span> 
     </span>
    </p>
   </div>
   <div class='ocr_carea' id='block_1_62' title="bbox 1996 1528 3584 1600">
    <p class='ocr_par' dir='ltr' id='par_1_62' title="bbox 1996 1528 3584 1600">
     <span class='ocr_line' id='line_1_63' title="bbox 1996 1528 3584 1600; baseline 0.003 -18"><span class='ocrx_word' id='word_1_509' title='bbox 1996 1543 2279 1598; x_wconf 13' lang='lat' dir='ltr'><strong>imosynatn</strong></span> <span class='ocrx_word' id='word_1_510' title='bbox 2311 1544 2415 1582; x_wconf 90' lang='lat' dir='ltr'><strong>non</strong></span> <span class='ocrx_word' id='word_1_511' title='bbox 2444 1542 2605 1598; x_wconf 84' lang='lat' dir='ltr'><strong>parce</strong></span> <span class='ocrx_word' id='word_1_512' title='bbox 2635 1528 2812 1592; x_wconf 84' lang='lat' dir='ltr'><strong>dabit,</strong></span> <span class='ocrx_word' id='word_1_513' title='bbox 2841 1529 2981 1598; x_wconf 86' lang='lat' dir='ltr'><strong>quod</strong></span> <span class='ocrx_word' id='word_1_514' title='bbox 3010 1544 3072 1584; x_wconf 88' lang='lat' dir='ltr'><strong>ea</strong></span> <span class='ocrx_word' id='word_1_515' title='bbox 3114 1530 3204 1584; x_wconf 82' lang='lat' dir='ltr'><strong>det</strong></span> <span class='ocrx_word' id='word_1_516' title='bbox 3248 1545 3367 1600; x_wconf 74' lang='lat' dir='ltr'><strong>qua:</strong></span> <span class='ocrx_word' id='word_1_517' title='bbox 3406 1546 3435 1584; x_wconf 80' lang='lat' dir='ltr'><strong>a</strong></span> <span class='ocrx_word' id='word_1_518' title='bbox 3474 1531 3584 1586; x_wconf 84' lang='lat' dir='ltr'><strong>Deo</strong></span> 
     </span>
    </p>
   </div>
   <div class='ocr_carea' id='block_1_63' title="bbox 2003 1619 3581 1690">
    <p class='ocr_par' dir='ltr' id='par_1_63' title="bbox 2003 1619 3581 1690">
     <span class='ocr_line' id='line_1_64' title="bbox 2003 1619 3581 1690; baseline 0.003 -18"><span class='ocrx_word' id='word_1_519' title='bbox 2003 1630 2158 1685; x_wconf 85' lang='lat' dir='ltr'><strong>sunt,</strong></span> <span class='ocrx_word' id='word_1_520' title='bbox 2199 1619 2337 1689; x_wconf 89' lang='lat' dir='ltr'><strong>quod</strong></span> <span class='ocrx_word' id='word_1_521' title='bbox 2377 1619 2516 1672; x_wconf 83' lang='lat' dir='ltr'><strong>Deus</strong></span> <span class='ocrx_word' id='word_1_522' title='bbox 2559 1619 2628 1673; x_wconf 86' lang='lat' dir='ltr'><strong>sit</strong></span> <span class='ocrx_word' id='word_1_523' title='bbox 2656 1619 2912 1688; x_wconf 76' lang='lat' dir='ltr'><strong>benignus</strong></span> <span class='ocrx_word' id='word_1_524' title='bbox 2948 1628 3003 1675; x_wconf 91' lang='lat' dir='ltr'><strong>et</strong></span> <span class='ocrx_word' id='word_1_525' title='bbox 3043 1620 3243 1690; x_wconf 86' lang='lat' dir='ltr'><strong>majora</strong></span> <span class='ocrx_word' id='word_1_526' title='bbox 3285 1621 3581 1677; x_wconf 86' lang='lat' dir='ltr'><strong>retribuat:</strong></span> 
     </span>
    </p>
   </div>
   <div class='ocr_carea' id='block_1_64' title="bbox 2005 1712 3585 1783">
    <p class='ocr_par' dir='ltr' id='par_1_64' title="bbox 2005 1712 3585 1783">
     <span class='ocr_line' id='line_1_65' title="bbox 2005 1712 3585 1783; baseline 0.002 -17"><span class='ocrx_word' id='word_1_527' title='bbox 2005 1728 2122 1783; x_wconf 76' lang='lat' dir='ltr'><strong>qua:</strong></span> <span class='ocrx_word' id='word_1_528' title='bbox 2167 1712 2342 1766; x_wconf 89' lang='lat' dir='ltr'><strong>omnia</strong></span> <span class='ocrx_word' id='word_1_529' title='bbox 2375 1712 2724 1782; x_wconf 76' lang='lat' dir='ltr'><strong>philosophia:</strong></span> <span class='ocrx_word' id='word_1_530' title='bbox 2757 1721 2881 1767; x_wconf 90' lang='lat' dir='ltr'><strong>sunt</strong></span> <span class='ocrx_word' id='word_1_531' title='bbox 2905 1713 3064 1768; x_wconf 88' lang='lat' dir='ltr'><strong>verba</strong></span> <span class='ocrx_word' id='word_1_532' title='bbox 3106 1723 3157 1768; x_wconf 89' lang='lat' dir='ltr'><strong>et</strong></span> <span class='ocrx_word' id='word_1_533' title='bbox 3195 1714 3585 1769; x_wconf 75' lang='lat' dir='ltr'><strong>exhortationis</strong></span> 
     </span>
    </p>
   </div>
   <div class='ocr_carea' id='block_1_65' title="bbox 2006 1805 3587 1876">
    <p class='ocr_par' dir='ltr' id='par_1_65' title="bbox 2006 1805 3587 1876">
     <span class='ocr_line' id='line_1_66' title="bbox 2006 1805 3587 1876; baseline 0.001 -16"><span class='ocrx_word' id='word_1_534' title='bbox 2006 1815 2060 1860; x_wconf 91' lang='lat' dir='ltr'><strong>et</strong></span> <span class='ocrx_word' id='word_1_535' title='bbox 2085 1805 2314 1860; x_wconf 89' lang='lat' dir='ltr'><strong>consilii.</strong></span> <span class='ocrx_word' id='word_1_536' title='bbox 2349 1805 2517 1872; x_wconf 73' lang='lat' dir='ltr'><strong>[legat</strong></span> <span class='ocrx_word' id='word_1_537' title='bbox 2543 1807 2683 1861; x_wconf 79' lang='lat' dir='ltr'><strong>enim</strong></span> <span class='ocrx_word' id='word_1_538' title='bbox 2714 1813 2767 1861; x_wconf 89' lang='lat' dir='ltr'><strong>te</strong></span> <span class='ocrx_word' id='word_1_539' title='bbox 2791 1806 2858 1860; x_wconf 88' lang='lat' dir='ltr'><strong>ad</strong></span> <span class='ocrx_word' id='word_1_540' title='bbox 2891 1807 3171 1861; x_wconf 87' lang='lat' dir='ltr'><strong>Dominum</strong></span> <span class='ocrx_word' id='word_1_541' title='bbox 3209 1807 3468 1876; x_wconf 81' lang='lat' dir='ltr'><strong>respicias</strong></span> <span class='ocrx_word' id='word_1_542' title='bbox 3487 1848 3504 1873; x_wconf 95' lang='lat'><strong>,</strong></span> <span class='ocrx_word' id='word_1_543' title='bbox 3531 1809 3587 1862; x_wconf 85' lang='lat' dir='ltr'><strong>et</strong></span> 
     </span>
    </p>
   </div>
   <div class='ocr_carea' id='block_1_66' title="bbox 2005 1897 3589 1968">
    <p class='ocr_par' dir='ltr' id='par_1_66' title="bbox 2005 1897 3589 1968">
     <span class='ocr_line' id='line_1_67' title="bbox 2005 1897 3589 1968; baseline 0 -15"><span class='ocrx_word' id='word_1_544' title='bbox 2005 1907 2207 1953; x_wconf 89' lang='lat' dir='ltr'><strong>metum</strong></span> <span class='ocrx_word' id='word_1_545' title='bbox 2235 1897 2328 1951; x_wconf 90' lang='lat' dir='ltr'><strong>tibi</strong></span> <span class='ocrx_word' id='word_1_546' title='bbox 2360 1898 2494 1951; x_wconf 88' lang='lat' dir='ltr'><strong>tollit</strong></span> <span class='ocrx_word' id='word_1_547' title='bbox 2525 1899 2715 1952; x_wconf 59' lang='lat' dir='ltr'><strong>futura‘</strong></span> <span class='ocrx_word' id='word_1_548' title='bbox 2737 1899 3064 1968; x_wconf 83' lang='lat' dir='ltr'><strong>paupertatis</strong></span> <span class='ocrx_word' id='word_1_549' title='bbox 3088 1915 3102 1951; x_wconf 89' lang='lat'><strong>:</strong></span> <span class='ocrx_word' id='word_1_550' title='bbox 3129 1912 3193 1951; x_wconf 87' lang='lat' dir='ltr'><strong>ac</strong></span> <span class='ocrx_word' id='word_1_551' title='bbox 3218 1899 3441 1954; x_wconf 80' lang='lat' dir='ltr'><strong>multam</strong></span> <span class='ocrx_word' id='word_1_552' title='bbox 3467 1901 3589 1967; x_wconf 87' lang='lat' dir='ltr'><strong>quis</strong></span> 
     </span>
    </p>
   </div>
   <div class='ocr_carea' id='block_1_67' title="bbox 2011 1987 3580 2044">
    <p class='ocr_par' dir='ltr' id='par_1_67' title="bbox 2011 1987 3580 2044">
     <span class='ocr_line' id='line_1_68' title="bbox 2011 1987 3580 2044; baseline 0.001 -2"><span class='ocrx_word' id='word_1_553' title='bbox 2011 1987 2189 2043; x_wconf 85' lang='lat' dir='ltr'><strong>videat</strong></span> <span class='ocrx_word' id='word_1_554' title='bbox 2213 1987 2506 2042; x_wconf 89' lang='lat' dir='ltr'><strong>doctrinam</strong></span> <span class='ocrx_word' id='word_1_555' title='bbox 2551 1988 2604 2042; x_wconf 85' lang='lat' dir='ltr'><strong>in</strong></span> <span class='ocrx_word' id='word_1_556' title='bbox 2644 1988 2822 2042; x_wconf 83' lang='lat' dir='ltr'><strong>verbis</strong></span> <span class='ocrx_word' id='word_1_557' title='bbox 2867 1987 3303 2044; x_wconf 88' lang='lat' dir='ltr'><strong>mendicantium.</strong></span> <span class='ocrx_word' id='word_1_558' title='bbox 3348 1990 3580 2044; x_wconf 84' lang='lat' dir='ltr'><strong>Divitum</strong></span> 
     </span>
    </p>
   </div>
   <div class='ocr_carea' id='block_1_68' title="bbox 2011 2077 3588 2149">
    <p class='ocr_par' dir='ltr' id='par_1_68' title="bbox 2011 2077 3588 2149">
     <span class='ocr_line' id='line_1_69' title="bbox 2011 2077 3588 2149; baseline 0 -17"><span class='ocrx_word' id='word_1_559' title='bbox 2011 2087 2190 2135; x_wconf 88' lang='lat' dir='ltr'><strong>autem</strong></span> <span class='ocrx_word' id='word_1_560' title='bbox 2206 2078 2365 2133; x_wconf 89' lang='lat' dir='ltr'><strong>verba</strong></span> <span class='ocrx_word' id='word_1_561' title='bbox 2387 2077 2561 2149; x_wconf 86' lang='lat' dir='ltr'><strong>qualia</strong></span> <span class='ocrx_word' id='word_1_562' title='bbox 2583 2078 2749 2132; x_wconf 81' lang='lat' dir='ltr'><strong>sont?</strong></span> <span class='ocrx_word' id='word_1_563' title='bbox 2779 2077 3088 2143; x_wconf 76' lang='lat' dir='ltr'><strong>Pomorum,</strong></span> <span class='ocrx_word' id='word_1_564' title='bbox 3106 2091 3322 2145; x_wconf 84' lang='lat' dir='ltr'><strong>canum,</strong></span> <span class='ocrx_word' id='word_1_565' title='bbox 3339 2078 3588 2145; x_wconf 86' lang='lat' dir='ltr'><strong>luporum</strong></span> 
     </span>
    </p>
   </div>
   <div class='ocr_carea' id='block_1_69' title="bbox 2013 2166 3590 2238">
    <p class='ocr_par' dir='ltr' id='par_1_69' title="bbox 2013 2166 3590 2238">
     <span class='ocr_line' id='line_1_70' title="bbox 2013 2166 3590 2238; baseline -0.001 -15"><span class='ocrx_word' id='word_1_566' title='bbox 2013 2169 2342 2238; x_wconf 88' lang='lat' dir='ltr'><strong>aliarumque</strong></span> <span class='ocrx_word' id='word_1_567' title='bbox 2361 2167 2609 2223; x_wconf 78' lang='lat' dir='ltr'><strong>ferarum.</strong></span> <span class='ocrx_word' id='word_1_568' title='bbox 2639 2167 2772 2223; x_wconf 86' lang='lat' dir='ltr'><strong>Nam</strong></span> <span class='ocrx_word' id='word_1_569' title='bbox 2787 2167 2874 2222; x_wconf 90' lang='lat' dir='ltr'><strong>alii</strong></span> <span class='ocrx_word' id='word_1_570' title='bbox 2900 2167 2970 2224; x_wconf 86' lang='lat' dir='ltr'><strong>de</strong></span> <span class='ocrx_word' id='word_1_571' title='bbox 2997 2166 3218 2234; x_wconf 84' lang='lat' dir='ltr'><strong>mensis,</strong></span> <span class='ocrx_word' id='word_1_572' title='bbox 3239 2168 3309 2222; x_wconf 90' lang='lat' dir='ltr'><strong>de</strong></span> <span class='ocrx_word' id='word_1_573' title='bbox 3329 2169 3590 2232; x_wconf 82' lang='lat' dir='ltr'><strong>obsoniis,</strong></span> 
     </span>
    </p>
   </div>
   <div class='ocr_carea' id='block_1_70' title="bbox 2011 2257 3590 2328">
    <p class='ocr_par' dir='ltr' id='par_1_70' title="bbox 2011 2257 3590 2328">
     <span class='ocr_line' id='line_1_71' title="bbox 2011 2257 3590 2328; baseline -0.001 -15"><span class='ocrx_word' id='word_1_574' title='bbox 2011 2259 2082 2314; x_wconf 89' lang='lat' dir='ltr'><strong>de</strong></span> <span class='ocrx_word' id='word_1_575' title='bbox 2110 2257 2498 2325; x_wconf 88' lang='lat' dir='ltr'><strong>condimentis,</strong></span> <span class='ocrx_word' id='word_1_576' title='bbox 2528 2257 2595 2312; x_wconf 90' lang='lat' dir='ltr'><strong>de</strong></span> <span class='ocrx_word' id='word_1_577' title='bbox 2625 2257 2751 2312; x_wconf 90' lang='lat' dir='ltr'><strong>vino</strong></span> <span class='ocrx_word' id='word_1_578' title='bbox 2780 2261 2955 2312; x_wconf 89' lang='lat' dir='ltr'><strong>omnis</strong></span> <span class='ocrx_word' id='word_1_579' title='bbox 2979 2257 3194 2328; x_wconf 86' lang='lat' dir='ltr'><strong>generis</strong></span> <span class='ocrx_word' id='word_1_580' title='bbox 3212 2299 3229 2324; x_wconf 97' lang='lat'><strong>,</strong></span> <span class='ocrx_word' id='word_1_581' title='bbox 3257 2257 3326 2313; x_wconf 90' lang='lat' dir='ltr'><strong>de</strong></span> <span class='ocrx_word' id='word_1_582' title='bbox 3349 2273 3590 2328; x_wconf 85' lang='lat' dir='ltr'><strong>unguen-</strong></span> 
     </span>
    </p>
   </div>
   <div class='ocr_carea' id='block_1_71' title="bbox 2008 2348 3592 2420">
    <p class='ocr_par' dir='ltr' id='par_1_71' title="bbox 2008 2348 3592 2420">
     <span class='ocr_line' id='line_1_72' title="bbox 2008 2348 3592 2420; baseline 0.003 -18"><span class='ocrx_word' id='word_1_583' title='bbox 2008 2349 2105 2416; x_wconf 87' lang='lat' dir='ltr'><strong>tis,</strong></span> <span class='ocrx_word' id='word_1_584' title='bbox 2129 2349 2196 2404; x_wconf 91' lang='lat' dir='ltr'><strong>de</strong></span> <span class='ocrx_word' id='word_1_585' title='bbox 2222 2349 2478 2412; x_wconf 88' lang='lat' dir='ltr'><strong>vestibus,</strong></span> <span class='ocrx_word' id='word_1_586' title='bbox 2509 2349 2680 2419; x_wconf 78' lang='lat' dir='ltr'><strong>deque</strong></span> <span class='ocrx_word' id='word_1_587' title='bbox 2704 2349 2848 2402; x_wconf 91' lang='lat' dir='ltr'><strong>omni</strong></span> <span class='ocrx_word' id='word_1_588' title='bbox 2876 2349 2984 2403; x_wconf 88' lang='lat' dir='ltr'><strong>alio</strong></span> <span class='ocrx_word' id='word_1_589' title='bbox 3008 2348 3134 2403; x_wconf 78' lang='lat' dir='ltr'><strong>luxu</strong></span> <span class='ocrx_word' id='word_1_590' title='bbox 3163 2358 3219 2405; x_wconf 89' lang='lat' dir='ltr'><strong>et</strong></span> <span class='ocrx_word' id='word_1_591' title='bbox 3242 2349 3548 2420; x_wconf 75' lang='lat' dir='ltr'><strong>profusione</strong></span> <span class='ocrx_word' id='word_1_592' title='bbox 3575 2368 3592 2405; x_wconf 85' lang='lat'><strong>:</strong></span> 
     </span>
    </p>
   </div>
   <div class='ocr_carea' id='block_1_72' title="bbox 2017 2438 3595 2511">
    <p class='ocr_par' dir='ltr' id='par_1_72' title="bbox 2017 2438 3595 2511">
     <span class='ocr_line' id='line_1_73' title="bbox 2017 2438 3595 2511; baseline 0.001 -17"><span class='ocrx_word' id='word_1_593' title='bbox 2017 2441 2105 2494; x_wconf 88' lang='lat' dir='ltr'><strong>alii</strong></span> <span class='ocrx_word' id='word_1_594' title='bbox 2147 2440 2215 2495; x_wconf 91' lang='lat' dir='ltr'><strong>de</strong></span> <span class='ocrx_word' id='word_1_595' title='bbox 2244 2440 2456 2506; x_wconf 89' lang='lat' dir='ltr'><strong>usuris,</strong></span> <span class='ocrx_word' id='word_1_596' title='bbox 2484 2439 2552 2494; x_wconf 89' lang='lat' dir='ltr'><strong>de</strong></span> <span class='ocrx_word' id='word_1_597' title='bbox 2581 2438 2916 2505; x_wconf 75' lang='lat' dir='ltr'><strong>femoribus;</strong></span> <span class='ocrx_word' id='word_1_598' title='bbox 2947 2448 3001 2494; x_wconf 91' lang='lat' dir='ltr'><strong>et</strong></span> <span class='ocrx_word' id='word_1_599' title='bbox 3035 2439 3262 2495; x_wconf 87' lang='lat' dir='ltr'><strong>schedas</strong></span> <span class='ocrx_word' id='word_1_600' title='bbox 3299 2440 3556 2511; x_wconf 82' lang='lat' dir='ltr'><strong>tingentes</strong></span> <span class='ocrx_word' id='word_1_601' title='bbox 3575 2483 3595 2510; x_wconf 90' lang='lat'><strong>,</strong></span> 
     </span>
    </p>
   </div>
   <div class='ocr_carea' id='block_1_73' title="bbox 2018 2531 3594 2606">
    <p class='ocr_par' dir='ltr' id='par_1_73' title="bbox 2018 2531 3594 2606">
     <span class='ocr_line' id='line_1_74' title="bbox 2018 2531 3594 2606; baseline 0.003 -20"><span class='ocrx_word' id='word_1_602' title='bbox 2018 2548 2081 2587; x_wconf 90' lang='lat' dir='ltr'><strong>ac</strong></span> <span class='ocrx_word' id='word_1_603' title='bbox 2115 2533 2419 2588; x_wconf 85' lang='lat' dir='ltr'><strong>debitorum</strong></span> <span class='ocrx_word' id='word_1_604' title='bbox 2465 2531 2855 2588; x_wconf 87' lang='lat' dir='ltr'><strong>intolerabilem</strong></span> <span class='ocrx_word' id='word_1_605' title='bbox 2907 2533 3216 2588; x_wconf 85' lang='lat' dir='ltr'><strong>attollentes</strong></span> <span class='ocrx_word' id='word_1_606' title='bbox 3268 2536 3594 2606; x_wconf 85' lang='lat' dir='ltr'><strong>magnitudi-</strong></span> 
     </span>
    </p>
   </div>
   <div class='ocr_carea' id='block_1_74' title="bbox 2021 2626 3598 2699">
    <p class='ocr_par' dir='ltr' id='par_1_74' title="bbox 2021 2626 3598 2699">
     <span class='ocr_line' id='line_1_75' title="bbox 2021 2626 3598 2699; baseline 0.003 -19"><span class='ocrx_word' id='word_1_607' title='bbox 2021 2643 2165 2692; x_wconf 88' lang='lat' dir='ltr'><strong>nem,</strong></span> <span class='ocrx_word' id='word_1_608' title='bbox 2196 2635 2464 2698; x_wconf 88' lang='lat' dir='ltr'><strong>tamquam</strong></span> <span class='ocrx_word' id='word_1_609' title='bbox 2490 2641 2520 2681; x_wconf 90' lang='lat' dir='ltr'><strong>a</strong></span> <span class='ocrx_word' id='word_1_610' title='bbox 2552 2626 2790 2696; x_wconf 86' lang='lat' dir='ltr'><strong>patribus</strong></span> <span class='ocrx_word' id='word_1_611' title='bbox 2815 2634 2872 2682; x_wconf 88' lang='lat' dir='ltr'><strong>et</strong></span> <span class='ocrx_word' id='word_1_612' title='bbox 2891 2626 3230 2682; x_wconf 84' lang='lat' dir='ltr'><strong>avisinitium</strong></span> <span class='ocrx_word' id='word_1_613' title='bbox 3250 2630 3598 2699; x_wconf 83' lang='lat' dir='ltr'><strong>sumpserint,</strong></span> 
     </span>
    </p>
   </div>
   <div class='ocr_carea' id='block_1_75' title="bbox 2019 2719 3601 2790">
    <p class='ocr_par' dir='ltr' id='par_1_75' title="bbox 2019 2719 3601 2790">
     <span class='ocr_line' id='line_1_76' title="bbox 2019 2719 3601 2790; baseline 0.001 -17"><span class='ocrx_word' id='word_1_614' title='bbox 2019 2720 2175 2788; x_wconf 81' lang='lat' dir='ltr'><strong>hujus</strong></span> <span class='ocrx_word' id='word_1_615' title='bbox 2201 2719 2418 2774; x_wconf 89' lang='lat' dir='ltr'><strong>domum</strong></span> <span class='ocrx_word' id='word_1_616' title='bbox 2436 2761 2451 2784; x_wconf 93' lang='lat'><strong>,</strong></span> <span class='ocrx_word' id='word_1_617' title='bbox 2481 2719 2622 2775; x_wconf 87' lang='lat' dir='ltr'><strong>illius</strong></span> <span class='ocrx_word' id='word_1_618' title='bbox 2648 2733 2834 2790; x_wconf 84' lang='lat' dir='ltr'><strong>agrum</strong></span> <span class='ocrx_word' id='word_1_619' title='bbox 2854 2760 2871 2786; x_wconf 94' lang='lat'><strong>,</strong></span> <span class='ocrx_word' id='word_1_620' title='bbox 2899 2719 3120 2775; x_wconf 87' lang='lat' dir='ltr'><strong>alterius</strong></span> <span class='ocrx_word' id='word_1_621' title='bbox 3155 2721 3478 2790; x_wconf 87' lang='lat' dir='ltr'><strong>mancipium</strong></span> <span class='ocrx_word' id='word_1_622' title='bbox 3507 2737 3601 2775; x_wconf 86' lang='lat' dir='ltr'><strong>au-</strong></span> 
     </span>
    </p>
   </div>
   <div class='ocr_carea' id='block_1_76' title="bbox 2013 2808 3602 2882">
    <p class='ocr_par' dir='ltr' id='par_1_76' title="bbox 2013 2808 3602 2882">
     <span class='ocr_line' id='line_1_77' title="bbox 2013 2808 3602 2882; baseline -0.001 -17"><span class='ocrx_word' id='word_1_623' title='bbox 2013 2811 2198 2866; x_wconf 74' lang='lat' dir='ltr'><strong>ferunt</strong></span> <span class='ocrx_word' id='word_1_624' title='bbox 2230 2809 2614 2882; x_wconf 81' lang='lat' dir='ltr'><strong>facultatesque</strong></span> <span class='ocrx_word' id='word_1_625' title='bbox 2632 2825 2840 2866; x_wconf 87' lang='lat' dir='ltr'><strong>omnes.</strong></span> <span class='ocrx_word' id='word_1_626' title='bbox 2869 2808 3007 2877; x_wconf 85' lang='lat' dir='ltr'><strong>Quid</strong></span> <span class='ocrx_word' id='word_1_627' title='bbox 3033 2823 3162 2866; x_wconf 88' lang='lat' dir='ltr'><strong>vero</strong></span> <span class='ocrx_word' id='word_1_628' title='bbox 3187 2809 3388 2866; x_wconf 80' lang='lat' dir='ltr'><strong>dixeris</strong></span> <span class='ocrx_word' id='word_1_629' title='bbox 3405 2810 3473 2866; x_wconf 85' lang='lat' dir='ltr'><strong>de</strong></span> <span class='ocrx_word' id='word_1_630' title='bbox 3494 2818 3602 2866; x_wconf 85' lang='lat' dir='ltr'><strong>tes-</strong></span> 
     </span>
    </p>
   </div>
   <div class='ocr_carea' id='block_1_77' title="bbox 2024 2898 3600 2973">
    <p class='ocr_par' dir='ltr' id='par_1_77' title="bbox 2024 2898 3600 2973">
     <span class='ocr_line' id='line_1_78' title="bbox 2024 2898 3600 2973; baseline -0.001 -17"><span class='ocrx_word' id='word_1_631' title='bbox 2024 2904 2293 2967; x_wconf 83' lang='lat' dir='ltr'><strong>tamentis,</strong></span> <span class='ocrx_word' id='word_1_632' title='bbox 2315 2917 2435 2973; x_wconf 67' lang='lat' dir='ltr'><strong>quae</strong></span> <span class='ocrx_word' id='word_1_633' title='bbox 2463 2917 2568 2958; x_wconf 94' lang='lat' dir='ltr'><strong>non</strong></span> <span class='ocrx_word' id='word_1_634' title='bbox 2606 2910 2939 2966; x_wconf 86' lang='lat' dir='ltr'><strong>atramento,</strong></span> <span class='ocrx_word' id='word_1_635' title='bbox 2979 2898 3076 2957; x_wconf 90' lang='lat' dir='ltr'><strong>sed</strong></span> <span class='ocrx_word' id='word_1_636' title='bbox 3103 2899 3363 2970; x_wconf 85' lang='lat' dir='ltr'><strong>sanguine</strong></span> <span class='ocrx_word' id='word_1_637' title='bbox 3404 2899 3600 2968; x_wconf 81' lang='lat' dir='ltr'><strong>scripta</strong></span> 
     </span>
    </p>
   </div>
   <div class='ocr_carea' id='block_1_78' title="bbox 2021 2991 3600 3062">
    <p class='ocr_par' dir='ltr' id='par_1_78' title="bbox 2021 2991 3600 3062">
     <span class='ocr_line' id='line_1_79' title="bbox 2021 2991 3600 3062; baseline -0.003 -12"><span class='ocrx_word' id='word_1_638' title='bbox 2021 2995 2184 3050; x_wconf 86' lang='lat' dir='ltr'><strong>sunt?</strong></span> <span class='ocrx_word' id='word_1_639' title='bbox 2212 2996 2317 3050; x_wconf 83' lang='lat' dir='ltr'><strong>Ant</strong></span> <span class='ocrx_word' id='word_1_640' title='bbox 2340 2994 2483 3050; x_wconf 84' lang='lat' dir='ltr'><strong>enim</strong></span> <span class='ocrx_word' id='word_1_641' title='bbox 2513 2994 2566 3049; x_wconf 92' lang='lat' dir='ltr'><strong>in</strong></span> <span class='ocrx_word' id='word_1_642' title='bbox 2593 3008 2699 3049; x_wconf 92' lang='lat' dir='ltr'><strong>non</strong></span> <span class='ocrx_word' id='word_1_643' title='bbox 2720 2991 2995 3048; x_wconf 79' lang='lat' dir='ltr'><strong>terendum</strong></span> <span class='ocrx_word' id='word_1_644' title='bbox 3012 2991 3258 3048; x_wconf 91' lang='lat' dir='ltr'><strong>inductos</strong></span> <span class='ocrx_word' id='word_1_645' title='bbox 3283 2991 3600 3062; x_wconf 75' lang='lat' dir='ltr'><strong>periculum,</strong></span> 
     </span>
    </p>
   </div>
   <div class='ocr_carea' id='block_1_79' title="bbox 2017 3083 3603 3156">
    <p class='ocr_par' dir='ltr' id='par_1_79' title="bbox 2017 3083 3603 3156">
     <span class='ocr_line' id='line_1_80' title="bbox 2017 3083 3603 3156; baseline -0.003 -14"><span class='ocrx_word' id='word_1_646' title='bbox 2017 3096 2117 3142; x_wconf 87' lang='lat' dir='ltr'><strong>aut</strong></span> <span class='ocrx_word' id='word_1_647' title='bbox 2142 3087 2363 3142; x_wconf 88' lang='lat' dir='ltr'><strong>modicis</strong></span> <span class='ocrx_word' id='word_1_648' title='bbox 2391 3086 2669 3156; x_wconf 87' lang='lat' dir='ltr'><strong>promissis</strong></span> <span class='ocrx_word' id='word_1_649' title='bbox 2697 3085 3017 3150; x_wconf 86' lang='lat' dir='ltr'><strong>incantatos,</strong></span> <span class='ocrx_word' id='word_1_650' title='bbox 3039 3097 3175 3155; x_wconf 88' lang='lat' dir='ltr'><strong>quos</strong></span> <span class='ocrx_word' id='word_1_651' title='bbox 3201 3083 3433 3138; x_wconf 88' lang='lat' dir='ltr'><strong>viderint</strong></span> <span class='ocrx_word' id='word_1_652' title='bbox 3456 3097 3603 3152; x_wconf 74' lang='lat' dir='ltr'><strong>quae-</strong></span> 
     </span>
    </p>
   </div>
   <div class='ocr_carea' id='block_1_80' title="bbox 2026 3173 3603 3247">
    <p class='ocr_par' dir='ltr' id='par_1_80' title="bbox 2026 3173 3603 3247">
     <span class='ocr_line' id='line_1_81' title="bbox 2026 3173 3603 3247; baseline -0.004 -14"><span class='ocrx_word' id='word_1_653' title='bbox 2026 3179 2146 3234; x_wconf 88' lang='lat' dir='ltr'><strong>dam</strong></span> <span class='ocrx_word' id='word_1_654' title='bbox 2179 3177 2386 3232; x_wconf 89' lang='lat' dir='ltr'><strong>modica</strong></span> <span class='ocrx_word' id='word_1_655' title='bbox 2415 3176 2779 3247; x_wconf 86' lang='lat' dir='ltr'><strong>possidentes,</strong></span> <span class='ocrx_word' id='word_1_656' title='bbox 2811 3189 2880 3231; x_wconf 89' lang='lat' dir='ltr'><strong>eo</strong></span> <span class='ocrx_word' id='word_1_657' title='bbox 2914 3173 3240 3230; x_wconf 77' lang='lat' dir='ltr'><strong>induxerunt</strong></span> <span class='ocrx_word' id='word_1_658' title='bbox 3263 3181 3319 3227; x_wconf 90' lang='lat' dir='ltr'><strong>ut</strong></span> <span class='ocrx_word' id='word_1_659' title='bbox 3347 3181 3603 3242; x_wconf 75' lang='lat' dir='ltr'><strong>cognatos</strong></span> 
     </span>
    </p>
   </div>
   <div class='ocr_carea' id='block_1_81' title="bbox 2027 3261 3602 3339">
    <p class='ocr_par' dir='ltr' id='par_1_81' title="bbox 2027 3261 3602 3339">
     <span class='ocr_line' id='line_1_82' title="bbox 2027 3261 3602 3339; baseline -0.005 -14"><span class='ocrx_word' id='word_1_660' title='bbox 2027 3285 2215 3325; x_wconf 82' lang='lat' dir='ltr'><strong>omnes</strong></span> <span class='ocrx_word' id='word_1_661' title='bbox 2241 3278 2294 3325; x_wconf 88' lang='lat' dir='ltr'><strong>et</strong></span> <span class='ocrx_word' id='word_1_662' title='bbox 2320 3276 2627 3339; x_wconf 85' lang='lat' dir='ltr'><strong>paupertate</strong></span> <span class='ocrx_word' id='word_1_663' title='bbox 2652 3281 2793 3336; x_wconf 72' lang='lat' dir='ltr'><strong>Saepe</strong></span> <span class='ocrx_word' id='word_1_664' title='bbox 2821 3272 3105 3337; x_wconf 87' lang='lat' dir='ltr'><strong>pereuntes</strong></span> <span class='ocrx_word' id='word_1_665' title='bbox 3124 3263 3318 3319; x_wconf 88' lang='lat' dir='ltr'><strong>missos</strong></span> <span class='ocrx_word' id='word_1_666' title='bbox 3342 3261 3602 3328; x_wconf 79' lang='lat' dir='ltr'><strong>facerent,</strong></span> 
     </span>
    </p>
   </div>
   <div class='ocr_carea' id='block_1_82' title="bbox 2028 3354 3606 3433">
    <p class='ocr_par' dir='ltr' id='par_1_82' title="bbox 2028 3354 3606 3433">
     <span class='ocr_line' id='line_1_83' title="bbox 2028 3354 3606 3433; baseline -0.008 -15"><span class='ocrx_word' id='word_1_667' title='bbox 2028 3377 2192 3433; x_wconf 87' lang='lat' dir='ltr'><strong>seque</strong></span> <span class='ocrx_word' id='word_1_668' title='bbox 2223 3375 2316 3431; x_wconf 86' lang='lat' dir='ltr'><strong>pro</strong></span> <span class='ocrx_word' id='word_1_669' title='bbox 2343 3360 2445 3414; x_wconf 88' lang='lat' dir='ltr'><strong>illis</strong></span> <span class='ocrx_word' id='word_1_670' title='bbox 2471 3359 2695 3414; x_wconf 88' lang='lat' dir='ltr'><strong>heredes</strong></span> <span class='ocrx_word' id='word_1_671' title='bbox 2717 3356 3102 3412; x_wconf 79' lang='lat' dir='ltr'><strong>adscriberent.</strong></span> <span class='ocrx_word' id='word_1_672' title='bbox 3133 3354 3257 3410; x_wconf 70' lang='lat' dir='ltr'><strong>llmc</strong></span> <span class='ocrx_word' id='word_1_673' title='bbox 3281 3362 3458 3408; x_wconf 88' lang='lat' dir='ltr'><strong>autem</strong></span> <span class='ocrx_word' id='word_1_674' title='bbox 3473 3367 3606 3424; x_wconf 82' lang='lat' dir='ltr'><strong>qua-</strong></span> 
     </span>
    </p>
   </div>
   <div class='ocr_carea' id='block_1_83' title="bbox 2030 3443 3606 3518">
    <p class='ocr_par' dir='ltr' id='par_1_83' title="bbox 2030 3443 3606 3518">
     <span class='ocr_line' id='line_1_84' title="bbox 2030 3443 3606 3518; baseline -0.009 -6"><span class='ocrx_word' id='word_1_675' title='bbox 2030 3469 2274 3512; x_wconf 87' lang='lat' dir='ltr'><strong>rumnam</strong></span> <span class='ocrx_word' id='word_1_676' title='bbox 2318 3452 2549 3509; x_wconf 77' lang='lat' dir='ltr'><strong>ferarum</strong></span> <span class='ocrx_word' id='word_1_677' title='bbox 2588 3465 2694 3505; x_wconf 92' lang='lat' dir='ltr'><strong>non</strong></span> <span class='ocrx_word' id='word_1_678' title='bbox 2735 3457 2989 3518; x_wconf 88' lang='lat' dir='ltr'><strong>superant</strong></span> <span class='ocrx_word' id='word_1_679' title='bbox 3030 3445 3292 3501; x_wconf 78' lang='lat' dir='ltr'><strong>feritatem</strong></span> <span class='ocrx_word' id='word_1_680' title='bbox 3317 3445 3342 3498; x_wconf 65' lang='grc' dir='ltr'><strong>ἲ</strong></span> <span class='ocrx_word' id='word_1_681' title='bbox 3369 3443 3606 3514; x_wconf 83' lang='lat' dir='ltr'><strong>Quapro-</strong></span> 
     </span>
    </p>
   </div>
   <div class='ocr_carea' id='block_1_84' title="bbox 2033 3534 3604 3619">
    <p class='ocr_par' dir='ltr' id='par_1_84' title="bbox 2033 3534 3604 3619">
     <span class='ocr_line' id='line_1_85' title="bbox 2033 3534 3604 3619; baseline -0.005 -21"><span class='ocrx_word' id='word_1_682' title='bbox 2033 3558 2149 3619; x_wconf 85' lang='lat' dir='ltr'><strong>pter</strong></span> <span class='ocrx_word' id='word_1_683' title='bbox 2169 3589 2183 3612; x_wconf 85' lang='lat'><strong>,</strong></span> <span class='ocrx_word' id='word_1_684' title='bbox 2214 3546 2439 3598; x_wconf 86' lang='lat' dir='ltr'><strong>obsecro</strong></span> <span class='ocrx_word' id='word_1_685' title='bbox 2459 3585 2474 3608; x_wconf 93' lang='lat'><strong>,</strong></span> <span class='ocrx_word' id='word_1_686' title='bbox 2504 3555 2694 3596; x_wconf 89' lang='lat' dir='ltr'><strong>omnes</strong></span> <span class='ocrx_word' id='word_1_687' title='bbox 2720 3537 3025 3609; x_wconf 91' lang='lat' dir='ltr'><strong>hujusmodi</strong></span> <span class='ocrx_word' id='word_1_688' title='bbox 3069 3537 3281 3592; x_wconf 85' lang='lat' dir='ltr'><strong>divitias</strong></span> <span class='ocrx_word' id='word_1_689' title='bbox 3319 3534 3604 3606; x_wconf 81' lang='lat' dir='ltr'><strong>fugiamus.</strong></span> 
     </span>
    </p>
   </div>
   <div class='ocr_carea' id='block_1_85' title="bbox 2035 3625 3582 3709">
    <p class='ocr_par' dir='ltr' id='par_1_85' title="bbox 2035 3625 3582 3709">
     <span class='ocr_line' id='line_1_86' title="bbox 2035 3625 3582 3709; baseline -0.006 -16"><span class='ocrx_word' id='word_1_690' title='bbox 2035 3651 2213 3709; x_wconf 87' lang='lat' dir='ltr'><strong>turpes</strong></span> <span class='ocrx_word' id='word_1_691' title='bbox 2237 3645 2290 3690; x_wconf 83' lang='lat' dir='ltr'><strong>et</strong></span> <span class='ocrx_word' id='word_1_692' title='bbox 2316 3633 2552 3690; x_wconf 72' lang='lat' dir='ltr'><strong>czedibus</strong></span> <span class='ocrx_word' id='word_1_693' title='bbox 2582 3633 2803 3688; x_wconf 77' lang='lat' dir='ltr'><strong>refertas</strong></span> <span class='ocrx_word' id='word_1_694' title='bbox 2827 3646 2842 3697; x_wconf 91' lang='lat'><strong>;</strong></span> <span class='ocrx_word' id='word_1_695' title='bbox 2871 3639 2926 3686; x_wconf 92' lang='lat' dir='ltr'><strong>et</strong></span> <span class='ocrx_word' id='word_1_696' title='bbox 2957 3627 3262 3700; x_wconf 83' lang='lat' dir='ltr'><strong>spirituales</strong></span> <span class='ocrx_word' id='word_1_697' title='bbox 3291 3628 3408 3683; x_wconf 88' lang='lat' dir='ltr'><strong>illas</strong></span> <span class='ocrx_word' id='word_1_698' title='bbox 3439 3625 3582 3698; x_wconf 80' lang='lat' dir='ltr'><strong>passi</strong></span> 
     </span>
    </p>
   </div>
   <div class='ocr_carea' id='block_1_86' title="bbox 2032 3716 3609 3792">
    <p class='ocr_par' dir='ltr' id='par_1_86' title="bbox 2032 3716 3609 3792">
     <span class='ocr_line' id='line_1_87' title="bbox 2032 3716 3609 3792; baseline -0.008 -9"><span class='ocrx_word' id='word_1_699' title='bbox 2032 3730 2273 3791; x_wconf 88' lang='lat' dir='ltr'><strong>deamus,</strong></span> <span class='ocrx_word' id='word_1_700' title='bbox 2308 3721 2691 3792; x_wconf 66' lang='lat' dir='ltr'><strong>thesaurosque</strong></span> <span class='ocrx_word' id='word_1_701' title='bbox 2726 3720 2778 3776; x_wconf 92' lang='lat' dir='ltr'><strong>in</strong></span> <span class='ocrx_word' id='word_1_702' title='bbox 2813 3721 2946 3776; x_wconf 69' lang='lat' dir='ltr'><strong>cazlo</strong></span> <span class='ocrx_word' id='word_1_703' title='bbox 2973 3721 3330 3790; x_wconf 82' lang='lat' dir='ltr'><strong>requiramus.</strong></span> <span class='ocrx_word' id='word_1_704' title='bbox 3360 3716 3492 3774; x_wconf 79' lang='lat' dir='ltr'><strong>Nam</strong></span> <span class='ocrx_word' id='word_1_705' title='bbox 3517 3720 3609 3789; x_wconf 87' lang='lat' dir='ltr'><strong>qui</strong></span> 
     </span>
    </p>
   </div>
   <div class='ocr_carea' id='block_1_87' title="bbox 2036 3809 3611 3878">
    <p class='ocr_par' dir='ltr' id='par_1_87' title="bbox 2036 3809 3611 3878">
     <span class='ocr_line' id='line_1_88' title="bbox 2036 3809 3611 3878; baseline -0.007 -5"><span class='ocrx_word' id='word_1_706' title='bbox 2036 3818 2134 3873; x_wconf 86' lang='lat' dir='ltr'><strong>hos</strong></span> <span class='ocrx_word' id='word_1_707' title='bbox 2165 3815 2395 3877; x_wconf 85' lang='lat' dir='ltr'><strong>habent,</strong></span> <span class='ocrx_word' id='word_1_708' title='bbox 2425 3813 2498 3868; x_wconf 90' lang='lat' dir='ltr'><strong>illi</strong></span> <span class='ocrx_word' id='word_1_709' title='bbox 2533 3821 2691 3866; x_wconf 79' lang='lat' dir='ltr'><strong>certe</strong></span> <span class='ocrx_word' id='word_1_710' title='bbox 2723 3811 2916 3866; x_wconf 90' lang='lat' dir='ltr'><strong>divites</strong></span> <span class='ocrx_word' id='word_1_711' title='bbox 2955 3818 3099 3873; x_wconf 88' lang='lat' dir='ltr'><strong>sunt,</strong></span> <span class='ocrx_word' id='word_1_712' title='bbox 3139 3809 3213 3864; x_wconf 93' lang='lat' dir='ltr'><strong>illi</strong></span> <span class='ocrx_word' id='word_1_713' title='bbox 3254 3809 3512 3878; x_wconf 85' lang='lat' dir='ltr'><strong>opulenti,</strong></span> <span class='ocrx_word' id='word_1_714' title='bbox 3551 3818 3611 3864; x_wconf 86' lang='lat' dir='ltr'><strong>et</strong></span> 
     </span>
    </p>
   </div>
   <div class='ocr_carea' id='block_1_88' title="bbox 2033 3899 3612 3970">
    <p class='ocr_par' dir='ltr' id='par_1_88' title="bbox 2033 3899 3612 3970">
     <span class='ocr_line' id='line_1_89' title="bbox 2033 3899 3612 3970; baseline -0.006 -7"><span class='ocrx_word' id='word_1_715' title='bbox 2033 3907 2284 3963; x_wconf 79' lang='lat' dir='ltr'><strong>fruuntur</strong></span> <span class='ocrx_word' id='word_1_716' title='bbox 2300 3903 2554 3957; x_wconf 87' lang='lat' dir='ltr'><strong>omnibus</strong></span> <span class='ocrx_word' id='word_1_717' title='bbox 2580 3916 2702 3970; x_wconf 62' lang='lat' dir='ltr'><strong>qua:</strong></span> <span class='ocrx_word' id='word_1_718' title='bbox 2728 3901 2892 3956; x_wconf 81' lang='lat' dir='ltr'><strong>hlcet</strong></span> <span class='ocrx_word' id='word_1_719' title='bbox 2917 3900 3027 3955; x_wconf 91' lang='lat' dir='ltr'><strong>illic</strong></span> <span class='ocrx_word' id='word_1_720' title='bbox 3050 3909 3193 3954; x_wconf 87' lang='lat' dir='ltr'><strong>sunt.</strong></span> <span class='ocrx_word' id='word_1_721' title='bbox 3223 3899 3322 3968; x_wconf 86' lang='lat' dir='ltr'><strong>Qui</strong></span> <span class='ocrx_word' id='word_1_722' title='bbox 3348 3899 3493 3954; x_wconf 85' lang='lat' dir='ltr'><strong>enim</strong></span> <span class='ocrx_word' id='word_1_723' title='bbox 3521 3913 3612 3959; x_wconf 72' lang='lat' dir='ltr'><strong>se.-</strong></span> 
     </span>
    </p>
   </div>
   <div class='ocr_carea' id='block_1_89' title="bbox 2033 3989 3614 4062">
    <p class='ocr_par' dir='ltr' id='par_1_89' title="bbox 2033 3989 3614 4062">
     <span class='ocr_line' id='line_1_90' title="bbox 2033 3989 3614 4062; baseline -0.006 -8"><span class='ocrx_word' id='word_1_724' title='bbox 2033 3997 2264 4054; x_wconf 87' lang='lat' dir='ltr'><strong>cnndnm</strong></span> <span class='ocrx_word' id='word_1_725' title='bbox 2296 3995 2386 4048; x_wconf 82' lang='lat' dir='ltr'><strong>liei</strong></span> <span class='ocrx_word' id='word_1_726' title='bbox 2409 3992 2628 4048; x_wconf 87' lang='lat' dir='ltr'><strong>verbum</strong></span> <span class='ocrx_word' id='word_1_727' title='bbox 2653 4005 2853 4062; x_wconf 87' lang='lat' dir='ltr'><strong>pauper</strong></span> <span class='ocrx_word' id='word_1_728' title='bbox 2867 4004 2991 4046; x_wconf 79' lang='lat' dir='ltr'><strong>esse</strong></span> <span class='ocrx_word' id='word_1_729' title='bbox 3008 3991 3143 4054; x_wconf 82' lang='lat' dir='ltr'><strong>vult,</strong></span> <span class='ocrx_word' id='word_1_730' title='bbox 3167 3991 3403 4044; x_wconf 87' lang='lat' dir='ltr'><strong>omnium</strong></span> <span class='ocrx_word' id='word_1_731' title='bbox 3425 3989 3614 4044; x_wconf 82' lang='lat' dir='ltr'><strong>domos</strong></span> 
     </span>
    </p>
   </div>
   <div class='ocr_carea' id='block_1_90' title="bbox 2039 4079 3611 4157">
    <p class='ocr_par' dir='ltr' id='par_1_90' title="bbox 2039 4079 3611 4157">
     <span class='ocr_line' id='line_1_91' title="bbox 2039 4079 3611 4157; baseline -0.008 -13"><span class='ocrx_word' id='word_1_732' title='bbox 2039 4090 2199 4144; x_wconf 85' lang='lat' dir='ltr'><strong>habet</strong></span> <span class='ocrx_word' id='word_1_733' title='bbox 2237 4094 2472 4157; x_wconf 78' lang='lat' dir='ltr'><strong>apertas.</strong></span> <span class='ocrx_word' id='word_1_734' title='bbox 2505 4084 2635 4139; x_wconf 85' lang='lat' dir='ltr'><strong>Nam</strong></span> <span class='ocrx_word' id='word_1_735' title='bbox 2665 4084 2714 4137; x_wconf 89' lang='lat' dir='ltr'><strong>ei</strong></span> <span class='ocrx_word' id='word_1_736' title='bbox 2733 4125 2748 4148; x_wconf 93' lang='lat'><strong>,</strong></span> <span class='ocrx_word' id='word_1_737' title='bbox 2777 4081 2867 4153; x_wconf 93' lang='lat' dir='ltr'><strong>qui</strong></span> <span class='ocrx_word' id='word_1_738' title='bbox 2895 4091 3110 4152; x_wconf 86' lang='lat' dir='ltr'><strong>propter</strong></span> <span class='ocrx_word' id='word_1_739' title='bbox 3139 4081 3303 4135; x_wconf 84' lang='lat' dir='ltr'><strong>Deum</strong></span> <span class='ocrx_word' id='word_1_740' title='bbox 3333 4079 3462 4134; x_wconf 87' lang='lat' dir='ltr'><strong>nihil</strong></span> <span class='ocrx_word' id='word_1_741' title='bbox 3489 4093 3611 4148; x_wconf 83' lang='lat' dir='ltr'><strong>pos-</strong></span> 
     </span>
    </p>
   </div>
   <div class='ocr_carea' id='block_1_91' title="bbox 2038 4173 3611 4248">
    <p class='ocr_par' dir='ltr' id='par_1_91' title="bbox 2038 4173 3611 4248">
     <span class='ocr_line' id='line_1_92' title="bbox 2038 4173 3611 4248; baseline -0.009 -11"><span class='ocrx_word' id='word_1_742' title='bbox 2038 4181 2173 4237; x_wconf 89' lang='lat' dir='ltr'><strong>sidet</strong></span> <span class='ocrx_word' id='word_1_743' title='bbox 2196 4221 2210 4244; x_wconf 93' lang='lat'><strong>,</strong></span> <span class='ocrx_word' id='word_1_744' title='bbox 2240 4178 2604 4248; x_wconf 82' lang='lat' dir='ltr'><strong>imusqulsque</strong></span> <span class='ocrx_word' id='word_1_745' title='bbox 2629 4189 2722 4230; x_wconf 83' lang='lat' dir='ltr'><strong>sua</strong></span> <span class='ocrx_word' id='word_1_746' title='bbox 2746 4173 2995 4231; x_wconf 77' lang='lat' dir='ltr'><strong>confert:</strong></span> <span class='ocrx_word' id='word_1_747' title='bbox 3026 4173 3115 4242; x_wconf 87' lang='lat' dir='ltr'><strong>qui</strong></span> <span class='ocrx_word' id='word_1_748' title='bbox 3147 4186 3274 4225; x_wconf 87' lang='lat' dir='ltr'><strong>vero</strong></span> <span class='ocrx_word' id='word_1_749' title='bbox 3300 4185 3459 4241; x_wconf 78' lang='lat' dir='ltr'><strong>parva</strong></span> <span class='ocrx_word' id='word_1_750' title='bbox 3488 4185 3611 4226; x_wconf 90' lang='lat' dir='ltr'><strong>cum</strong></span> 
     </span>
    </p>
   </div>
   <div class='ocr_carea' id='block_1_92' title="bbox 2040 4259 3612 4341">
    <p class='ocr_par' dir='ltr' id='par_1_92' title="bbox 2040 4259 3612 4341">
     <span class='ocr_line' id='line_1_93' title="bbox 2040 4259 3612 4341; baseline -0.008 -15"><span class='ocrx_word' id='word_1_751' title='bbox 2040 4269 2292 4341; x_wconf 74' lang='lat' dir='ltr'><strong>injusntia</strong></span> <span class='ocrx_word' id='word_1_752' title='bbox 2325 4268 2438 4322; x_wconf 85' lang='lat' dir='ltr'><strong>vult</strong></span> <span class='ocrx_word' id='word_1_753' title='bbox 2480 4265 2716 4332; x_wconf 88' lang='lat' dir='ltr'><strong>habere,</strong></span> <span class='ocrx_word' id='word_1_754' title='bbox 2744 4264 2981 4318; x_wconf 89' lang='lat' dir='ltr'><strong>omnium</strong></span> <span class='ocrx_word' id='word_1_755' title='bbox 3019 4261 3122 4318; x_wconf 86' lang='lat' dir='ltr'><strong>sibi</strong></span> <span class='ocrx_word' id='word_1_756' title='bbox 3149 4261 3283 4317; x_wconf 84' lang='lat' dir='ltr'><strong>ostia</strong></span> <span class='ocrx_word' id='word_1_757' title='bbox 3312 4259 3524 4316; x_wconf 77' lang='lat' dir='ltr'><strong>clausit.</strong></span> <span class='ocrx_word' id='word_1_758' title='bbox 3549 4259 3612 4315; x_wconf 82' lang='lat' dir='ltr'><strong>Ut</strong></span> 
     </span>
    </p>
   </div>
   <div class='ocr_carea' id='block_1_93' title="bbox 2029 4356 3612 4434">
    <p class='ocr_par' dir='ltr' id='par_1_93' title="bbox 2029 4356 3612 4434">
     <span class='ocr_line' id='line_1_94' title="bbox 2029 4356 3612 4434; baseline -0.009 -14"><span class='ocrx_word' id='word_1_759' title='bbox 2029 4379 2164 4434; x_wconf 78' lang='lat' dir='ltr'><strong>ergo</strong></span> <span class='ocrx_word' id='word_1_760' title='bbox 2193 4374 2246 4418; x_wconf 90' lang='lat' dir='ltr'><strong>et</strong></span> <span class='ocrx_word' id='word_1_761' title='bbox 2275 4377 2392 4431; x_wconf 75' lang='lat' dir='ltr'><strong>qure</strong></span> <span class='ocrx_word' id='word_1_762' title='bbox 2435 4359 2522 4414; x_wconf 81' lang='lat' dir='ltr'><strong>hic</strong></span> <span class='ocrx_word' id='word_1_763' title='bbox 2548 4370 2600 4414; x_wconf 91' lang='lat' dir='ltr'><strong>et</strong></span> <span class='ocrx_word' id='word_1_764' title='bbox 2626 4373 2746 4428; x_wconf 72' lang='lat' dir='ltr'><strong>qua:</strong></span> <span class='ocrx_word' id='word_1_765' title='bbox 2773 4357 2880 4412; x_wconf 91' lang='lat' dir='ltr'><strong>illic</strong></span> <span class='ocrx_word' id='word_1_766' title='bbox 2905 4365 3030 4413; x_wconf 91' lang='lat' dir='ltr'><strong>sunt</strong></span> <span class='ocrx_word' id='word_1_767' title='bbox 3065 4356 3201 4411; x_wconf 90' lang='lat' dir='ltr'><strong>bona</strong></span> <span class='ocrx_word' id='word_1_768' title='bbox 3229 4364 3576 4424; x_wconf 73' lang='lat' dir='ltr'><strong>atSsequamur</strong></span> <span class='ocrx_word' id='word_1_769' title='bbox 3597 4392 3612 4413; x_wconf 91' lang='lat'><strong>.</strong></span> 
     </span>
    </p>
   </div>
   <div class='ocr_carea' id='block_1_94' title="bbox 2035 4446 3615 4528">
    <p class='ocr_par' dir='ltr' id='par_1_94' title="bbox 2035 4446 3615 4528">
     <span class='ocr_line' id='line_1_95' title="bbox 2035 4446 3615 4528; baseline -0.011 -16"><span class='ocrx_word' id='word_1_770' title='bbox 2035 4458 2292 4528; x_wconf 76' lang='lat' dir='ltr'><strong>eligamus</strong></span> <span class='ocrx_word' id='word_1_771' title='bbox 2315 4453 2587 4508; x_wconf 87' lang='lat' dir='ltr'><strong>immotam</strong></span> <span class='ocrx_word' id='word_1_772' title='bbox 2613 4461 2666 4506; x_wconf 90' lang='lat' dir='ltr'><strong>et</strong></span> <span class='ocrx_word' id='word_1_773' title='bbox 2689 4450 3042 4504; x_wconf 85' lang='lat' dir='ltr'><strong>immortalem</strong></span> <span class='ocrx_word' id='word_1_774' title='bbox 3070 4446 3395 4517; x_wconf 88' lang='lat' dir='ltr'><strong>opulentiam</strong></span> <span class='ocrx_word' id='word_1_775' title='bbox 3419 4461 3433 4498; x_wconf 91' lang='lat'><strong>:</strong></span> <span class='ocrx_word' id='word_1_776' title='bbox 3455 4459 3615 4513; x_wconf 78' lang='lat' dir='ltr'><strong>quam</strong></span> 
     </span>
    </p>
   </div>
   <div class='ocr_carea' id='block_1_95' title="bbox 2039 4537 3618 4612">
    <p class='ocr_par' dir='ltr' id='par_1_95' title="bbox 2039 4537 3618 4612">
     <span class='ocr_line' id='line_1_96' title="bbox 2039 4537 3618 4612; baseline -0.007 -9"><span class='ocrx_word' id='word_1_777' title='bbox 2039 4551 2238 4603; x_wconf 87' lang='lat' dir='ltr'><strong>utinam</strong></span> <span class='ocrx_word' id='word_1_778' title='bbox 2271 4560 2369 4601; x_wconf 90' lang='lat' dir='ltr'><strong>nos</strong></span> <span class='ocrx_word' id='word_1_779' title='bbox 2391 4559 2578 4600; x_wconf 85' lang='lat' dir='ltr'><strong>omnes</strong></span> <span class='ocrx_word' id='word_1_780' title='bbox 2605 4557 2998 4607; x_wconf 85' lang='lat' dir='ltr'><strong>consequamur</strong></span> <span class='ocrx_word' id='word_1_781' title='bbox 3018 4540 3184 4612; x_wconf 79' lang='lat' dir='ltr'><strong>gratia</strong></span> <span class='ocrx_word' id='word_1_782' title='bbox 3205 4550 3260 4594; x_wconf 87' lang='lat' dir='ltr'><strong>et</strong></span> <span class='ocrx_word' id='word_1_783' title='bbox 3295 4537 3618 4610; x_wconf 80' lang='lat' dir='ltr'><strong>benignitate</strong></span> 
     </span>
    </p>
   </div>
   <div class='ocr_carea' id='block_1_96' title="bbox 2039 4635 2990 4699">
    <p class='ocr_par' dir='ltr' id='par_1_96' title="bbox 2039 4635 2990 4699">
     <span class='ocr_line' id='line_1_97' title="bbox 2039 4635 2990 4699; baseline -0.012 -2"><span class='ocrx_word' id='word_1_784' title='bbox 2039 4639 2250 4697; x_wconf 88' lang='lat' dir='ltr'><strong>Domini</strong></span> <span class='ocrx_word' id='word_1_785' title='bbox 2280 4638 2448 4694; x_wconf 87' lang='lat' dir='ltr'><strong>nostri</strong></span> <span class='ocrx_word' id='word_1_786' title='bbox 2477 4637 2604 4692; x_wconf 66' lang='lat' dir='ltr'><strong>Iesu</strong></span> <span class='ocrx_word' id='word_1_787' title='bbox 2630 4635 2853 4699; x_wconf 82' lang='lat' dir='ltr'><strong>Christi,</strong></span> <span class='ocrx_word' id='word_1_788' title='bbox 2883 4643 2990 4688; x_wconf 86' lang='lat' dir='ltr'><strong>etc.</strong></span> 
     </span>
    </p>
   </div>
   <div class='ocr_carea' id='block_1_97' title="bbox 357 4811 3616 4902">
    <p class='ocr_par' dir='ltr' id='par_1_97' title="bbox 357 4811 3616 4902">
     <span class='ocr_line' id='line_1_98' title="bbox 357 4811 3616 4902; baseline -0.016 -16"><span class='ocrx_word' id='word_1_789' title='bbox 357 4811 3616 4902; x_wconf 73' lang='lat'><strong>____________________________.____._———___._______..._..</strong></span> 
     </span>
    </p>
   </div>
   <div class='ocr_carea' id='block_1_98' title="bbox 1786 4914 2346 4987">
    <p class='ocr_par' dir='ltr' id='par_1_98' title="bbox 1786 4914 2346 4987">
     <span class='ocr_line' id='line_1_99' title="bbox 1786 4914 2346 4987; baseline -0.027 1"><span class='ocrx_word' id='word_1_790' title='bbox 1786 4919 2128 4987; x_wconf 81' lang='lat' dir='ltr'><strong>HOMlL-IA</strong></span> <span class='ocrx_word' id='word_1_791' title='bbox 2173 4914 2346 4977; x_wconf 77' lang='lat' dir='ltr'><strong>XIV.</strong></span> 
     </span>
    </p>
   </div>
   <div class='ocr_carea' id='block_1_99' title="bbox 356 5067 1932 5155">
    <p class='ocr_par' dir='ltr' id='par_1_99' title="bbox 356 5067 1932 5155">
     <span class='ocr_line' id='line_1_100' title="bbox 356 5067 1932 5155; baseline -0.022 1"><span class='ocrx_word' id='word_1_792' title='bbox 356 5098 487 5155; x_wconf 58' lang='lat' dir='ltr'><strong>Cui.</strong></span> <span class='ocrx_word' id='word_1_793' title='bbox 511 5098 566 5153; x_wconf 75' lang='grc'><strong>4.</strong></span> <span class='ocrx_word' id='word_1_794' title='bbox 605 5112 660 5152; x_wconf 74' lang='lat' dir='ltr'><strong>v.</strong></span> <span class='ocrx_word' id='word_1_795' title='bbox 691 5095 776 5149; x_wconf 80' lang='lat' dir='ltr'><strong>l7.</strong></span> <span class='ocrx_word' id='word_1_796' title='bbox 812 5091 933 5145; x_wconf 75' lang='lat' dir='ltr'><strong>Ideo</strong></span> <span class='ocrx_word' id='word_1_797' title='bbox 972 5087 1085 5142; x_wconf 87' lang='lat' dir='ltr'><strong>misi</strong></span> <span class='ocrx_word' id='word_1_798' title='bbox 1122 5085 1189 5138; x_wconf 85' lang='lat' dir='ltr'><strong>ad</strong></span> <span class='ocrx_word' id='word_1_799' title='bbox 1235 5097 1318 5136; x_wconf 84' lang='lat' dir='ltr'><strong>vos</strong></span> <span class='ocrx_word' id='word_1_800' title='bbox 1365 5074 1715 5136; x_wconf 81' lang='lat' dir='ltr'><strong>Timotheum,</strong></span> <span class='ocrx_word' id='word_1_801' title='bbox 1739 5067 1824 5138; x_wconf 84' lang='lat' dir='ltr'><strong>qui</strong></span> <span class='ocrx_word' id='word_1_802' title='bbox 1857 5075 1932 5122; x_wconf 79' lang='lat' dir='ltr'><strong>est</strong></span> 
     </span>
    </p>
   </div>
   <div class='ocr_carea' id='block_1_100' title="bbox 428 5158 1936 5258">
    <p class='ocr_par' dir='ltr' id='par_1_100' title="bbox 428 5158 1936 5258">
     <span class='ocr_line' id='line_1_101' title="bbox 428 5158 1936 5258; baseline -0.02 -16"><span class='ocrx_word' id='word_1_803' title='bbox 428 5190 565 5258; x_wconf 72' lang='lat' dir='ltr'><strong>ﬁlius</strong></span> <span class='ocrx_word' id='word_1_804' title='bbox 612 5203 751 5240; x_wconf 71' lang='lat' dir='ltr'><strong>naeus</strong></span> <span class='ocrx_word' id='word_1_805' title='bbox 793 5184 1004 5236; x_wconf 83' lang='lat' dir='ltr'><strong>dilectus</strong></span> <span class='ocrx_word' id='word_1_806' title='bbox 1047 5189 1092 5233; x_wconf 85' lang='lat' dir='ltr'><strong>et</strong></span> <span class='ocrx_word' id='word_1_807' title='bbox 1137 5174 1302 5246; x_wconf 81' lang='lat' dir='ltr'><strong>ﬁdelis</strong></span> <span class='ocrx_word' id='word_1_808' title='bbox 1339 5171 1392 5224; x_wconf 85' lang='lat' dir='ltr'><strong>in</strong></span> <span class='ocrx_word' id='word_1_809' title='bbox 1427 5165 1689 5228; x_wconf 78' lang='lat' dir='ltr'><strong>Domino,</strong></span> <span class='ocrx_word' id='word_1_810' title='bbox 1720 5158 1807 5226; x_wconf 84' lang='lat' dir='ltr'><strong>qui</strong></span> <span class='ocrx_word' id='word_1_811' title='bbox 1850 5173 1936 5212; x_wconf 76' lang='lat' dir='ltr'><strong>vos</strong></span> 
     </span>
    </p>
   </div>
   <div class='ocr_carea' id='block_1_101' title="bbox 427 5249 1932 5350">
    <p class='ocr_par' dir='ltr' id='par_1_101' title="bbox 427 5249 1932 5350">
     <span class='ocr_line' id='line_1_102' title="bbox 427 5249 1932 5350; baseline -0.023 -14"><span class='ocrx_word' id='word_1_812' title='bbox 427 5278 842 5350; x_wconf 77' lang='lat' dir='ltr'><strong>commonefaciet</strong></span> <span class='ocrx_word' id='word_1_813' title='bbox 868 5274 974 5328; x_wconf 80' lang='lat' dir='ltr'><strong>vias</strong></span> <span class='ocrx_word' id='word_1_814' title='bbox 1003 5286 1157 5333; x_wconf 80' lang='lat' dir='ltr'><strong>meas,</strong></span> <span class='ocrx_word' id='word_1_815' title='bbox 1188 5279 1301 5337; x_wconf 76' lang='lat' dir='ltr'><strong>qua:</strong></span> <span class='ocrx_word' id='word_1_816' title='bbox 1327 5270 1441 5316; x_wconf 82' lang='lat' dir='ltr'><strong>sunt</strong></span> <span class='ocrx_word' id='word_1_817' title='bbox 1478 5261 1530 5311; x_wconf 86' lang='lat' dir='ltr'><strong>in</strong></span> <span class='ocrx_word' id='word_1_818' title='bbox 1555 5254 1756 5311; x_wconf 85' lang='lat' dir='ltr'><strong>Christo</strong></span> <span class='ocrx_word' id='word_1_819' title='bbox 1786 5249 1932 5304; x_wconf 74' lang='lat' dir='ltr'><strong>Iesu.</strong></span> 
     </span>
    </p>
   </div>
   <div class='ocr_carea' id='block_1_102' title="bbox 432 5340 1938 5438">
    <p class='ocr_par' dir='ltr' id='par_1_102' title="bbox 432 5340 1938 5438">
     <span class='ocr_line' id='line_1_103' title="bbox 432 5340 1938 5438; baseline -0.023 -11"><span class='ocrx_word' id='word_1_820' title='bbox 432 5375 483 5428; x_wconf 76' lang='grc' dir='ltr'><strong>ι.</strong></span> <span class='ocrx_word' id='word_1_821' title='bbox 515 5340 713 5425; x_wconf 53' lang='lat' dir='ltr'><strong>Paulus</strong></span> <span class='ocrx_word' id='word_1_822' title='bbox 743 5369 858 5438; x_wconf 80' lang='lat' dir='ltr'><strong>igne</strong></span> <span class='ocrx_word' id='word_1_823' title='bbox 886 5362 1161 5417; x_wconf 81' lang='lat' dir='ltr'><strong>ardentior.</strong></span> <span class='ocrx_word' id='word_1_824' title='bbox 1187 5386 1254 5398; x_wconf 70' lang='grc' dir='ltr'><strong>σ-</strong></span> <span class='ocrx_word' id='word_1_825' title='bbox 1272 5354 1368 5408; x_wconf 89' lang='lat' dir='ltr'><strong>llic</strong></span> <span class='ocrx_word' id='word_1_826' title='bbox 1393 5361 1604 5419; x_wconf 87' lang='lat' dir='ltr'><strong>quoque</strong></span> <span class='ocrx_word' id='word_1_827' title='bbox 1629 5340 1938 5438; x_wconf 75' lang='lat' dir='ltr'><strong>consideres</strong></span> 
     </span>
    </p>
   </div>
   <div class='ocr_carea' id='block_1_103' title="bbox 356 5428 1938 5533">
    <p class='ocr_par' dir='ltr' id='par_1_103' title="bbox 356 5428 1938 5533">
     <span class='ocr_line' id='line_1_104' title="bbox 356 5428 1938 5533; baseline -0.025 -13"><span class='ocrx_word' id='word_1_828' title='bbox 356 5466 516 5520; x_wconf 83' lang='lat' dir='ltr'><strong>velim</strong></span> <span class='ocrx_word' id='word_1_829' title='bbox 543 5472 858 5533; x_wconf 77' lang='lat' dir='ltr'><strong>generosam</strong></span> <span class='ocrx_word' id='word_1_830' title='bbox 885 5454 1138 5514; x_wconf 87' lang='lat' dir='ltr'><strong>animam,</strong></span> <span class='ocrx_word' id='word_1_831' title='bbox 1166 5447 1288 5519; x_wconf 84' lang='lat' dir='ltr'><strong>igne</strong></span> <span class='ocrx_word' id='word_1_832' title='bbox 1311 5438 1670 5498; x_wconf 85' lang='lat' dir='ltr'><strong>ardentiorem</strong></span> <span class='ocrx_word' id='word_1_833' title='bbox 1691 5441 1746 5489; x_wconf 91' lang='lat' dir='ltr'><strong>ct</strong></span> <span class='ocrx_word' id='word_1_834' title='bbox 1768 5428 1938 5486; x_wconf 84' lang='lat' dir='ltr'><strong>acrio-</strong></span> 
     </span>
    </p>
   </div>
   <div class='ocr_carea' id='block_1_104' title="bbox 353 5524 1940 5622">
    <p class='ocr_par' dir='ltr' id='par_1_104' title="bbox 353 5524 1940 5622">
     <span class='ocr_line' id='line_1_105' title="bbox 353 5524 1940 5622; baseline -0.028 -5"><span class='ocrx_word' id='word_1_835' title='bbox 353 5574 490 5616; x_wconf 83' lang='lat' dir='ltr'><strong>rem.</strong></span> <span class='ocrx_word' id='word_1_836' title='bbox 523 5524 750 5611; x_wconf 43' lang='lat' dir='ltr'><strong>{elebat</strong></span> <span class='ocrx_word' id='word_1_837' title='bbox 770 5550 986 5622; x_wconf 87' lang='lat' dir='ltr'><strong>quidem</strong></span> <span class='ocrx_word' id='word_1_838' title='bbox 1015 5545 1128 5616; x_wconf 89' lang='lat' dir='ltr'><strong>ipse</strong></span> <span class='ocrx_word' id='word_1_839' title='bbox 1153 5539 1364 5603; x_wconf 77' lang='lat' dir='ltr'><strong>adesse,</strong></span> <span class='ocrx_word' id='word_1_840' title='bbox 1392 5529 1683 5588; x_wconf 86' lang='lat' dir='ltr'><strong>Corinthiis</strong></span> <span class='ocrx_word' id='word_1_841' title='bbox 1710 5524 1940 5622; x_wconf 74' lang='lat' dir='ltr'><strong>maxime</strong></span> 
     </span>
    </p>
   </div>
   <div class='ocr_carea' id='block_1_105' title="bbox 355 5613 1942 5719">
    <p class='ocr_par' dir='ltr' id='par_1_105' title="bbox 355 5613 1942 5719">
     <span class='ocr_line' id='line_1_106' title="bbox 355 5613 1942 5719; baseline -0.025 -13"><span class='ocrx_word' id='word_1_842' title='bbox 355 5613 849 5719; x_wconf 12' lang='lat' dir='ltr'><strong>sicﬁaagrotantibus</strong></span> <span class='ocrx_word' id='word_1_843' title='bbox 883 5647 939 5694; x_wconf 89' lang='lat' dir='ltr'><strong>et</strong></span> <span class='ocrx_word' id='word_1_844' title='bbox 975 5613 1236 5692; x_wconf 83' lang='lat' dir='ltr'><strong>seditione</strong></span> <span class='ocrx_word' id='word_1_845' title='bbox 1275 5626 1505 5699; x_wconf 83' lang='lat' dir='ltr'><strong>agitatis.</strong></span> <span class='ocrx_word' id='word_1_846' title='bbox 1537 5620 1710 5677; x_wconf 86' lang='lat' dir='ltr'><strong>Probe</strong></span> <span class='ocrx_word' id='word_1_847' title='bbox 1741 5613 1942 5672; x_wconf 84' lang='lat' dir='ltr'><strong>sciebat</strong></span> 
     </span>
    </p>
   </div>
   <div class='ocr_carea' id='block_1_106' title="bbox 357 5713 1943 5812">
    <p class='ocr_par' dir='ltr' id='par_1_106' title="bbox 357 5713 1943 5812">
     <span class='ocr_line' id='line_1_107' title="bbox 357 5713 1943 5812; baseline -0.023 -14"><span class='ocrx_word' id='word_1_848' title='bbox 357 5713 540 5811; x_wconf 56' lang='lat' dir='ltr'><strong>enim,</strong></span> <span class='ocrx_word' id='word_1_849' title='bbox 569 5752 735 5812; x_wconf 88' lang='lat' dir='ltr'><strong>quam</strong></span> <span class='ocrx_word' id='word_1_850' title='bbox 761 5731 1042 5809; x_wconf 82' lang='lat' dir='ltr'><strong>prodesset</strong></span> <span class='ocrx_word' id='word_1_851' title='bbox 1085 5720 1362 5794; x_wconf 85' lang='lat' dir='ltr'><strong>discipulis</strong></span> <span class='ocrx_word' id='word_1_852' title='bbox 1408 5714 1691 5791; x_wconf 69' lang='lat' dir='ltr'><strong>prmaentia</strong></span> <span class='ocrx_word' id='word_1_853' title='bbox 1723 5724 1818 5768; x_wconf 86' lang='lat' dir='ltr'><strong>sua</strong></span> <span class='ocrx_word' id='word_1_854' title='bbox 1843 5750 1858 5778; x_wconf 92' lang='lat'><strong>,</strong></span> <span class='ocrx_word' id='word_1_855' title='bbox 1887 5713 1943 5763; x_wconf 84' lang='lat' dir='ltr'><strong>et</strong></span> 
     </span>
    </p>
   </div>
   <div class='ocr_carea' id='block_1_107' title="bbox 2043 5037 3624 5132">
    <p class='ocr_par' dir='ltr' id='par_1_107' title="bbox 2043 5037 3624 5132">
     <span class='ocr_line' id='line_1_108' title="bbox 2043 5037 3624 5132; baseline -0.015 -18"><span class='ocrx_word' id='word_1_856' title='bbox 2043 5069 2296 5132; x_wconf 85' lang='lat' dir='ltr'><strong>quantum</strong></span> <span class='ocrx_word' id='word_1_857' title='bbox 2326 5056 2543 5112; x_wconf 83' lang='lat' dir='ltr'><strong>obesset</strong></span> <span class='ocrx_word' id='word_1_858' title='bbox 2567 5049 2828 5108; x_wconf 86' lang='lat' dir='ltr'><strong>absentia.</strong></span> <span class='ocrx_word' id='word_1_859' title='bbox 2863 5048 2933 5105; x_wconf 86' lang='lat' dir='ltr'><strong>Et</strong></span> <span class='ocrx_word' id='word_1_860' title='bbox 2962 5046 3092 5102; x_wconf 91' lang='lat' dir='ltr'><strong>illud</strong></span> <span class='ocrx_word' id='word_1_861' title='bbox 3120 5043 3333 5116; x_wconf 84' lang='lat' dir='ltr'><strong>quidem</strong></span> <span class='ocrx_word' id='word_1_862' title='bbox 3371 5037 3624 5098; x_wconf 82' lang='lat' dir='ltr'><strong>indicavit</strong></span> 
     </span>
    </p>
   </div>
   <div class='ocr_carea' id='block_1_108' title="bbox 2044 5134 3621 5222">
    <p class='ocr_par' dir='ltr' id='par_1_108' title="bbox 2044 5134 3621 5222">
     <span class='ocr_line' id='line_1_109' title="bbox 2044 5134 3621 5222; baseline -0.016 -14"><span class='ocrx_word' id='word_1_863' title='bbox 2044 5155 2097 5208; x_wconf 92' lang='lat' dir='ltr'><strong>in</strong></span> <span class='ocrx_word' id='word_1_864' title='bbox 2132 5149 2368 5222; x_wconf 83' lang='lat' dir='ltr'><strong>Epistula</strong></span> <span class='ocrx_word' id='word_1_865' title='bbox 2394 5145 2461 5201; x_wconf 85' lang='lat' dir='ltr'><strong>ad</strong></span> <span class='ocrx_word' id='word_1_866' title='bbox 2491 5143 2860 5214; x_wconf 84' lang='lat' dir='ltr'><strong>Philippenses</strong></span> <span class='ocrx_word' id='word_1_867' title='bbox 2879 5181 2898 5208; x_wconf 93' lang='lat'><strong>,</strong></span> <span class='ocrx_word' id='word_1_868' title='bbox 2924 5140 3109 5195; x_wconf 89' lang='lat' dir='ltr'><strong>dicens</strong></span> <span class='ocrx_word' id='word_1_869' title='bbox 3131 5179 3148 5204; x_wconf 93' lang='lat'><strong>,</strong></span> <span class='ocrx_word' id='word_1_870' title='bbox 3177 5135 3300 5192; x_wconf 80' lang='lat' dir='ltr'><strong>Non</strong></span> <span class='ocrx_word' id='word_1_871' title='bbox 3327 5145 3382 5189; x_wconf 81' lang='lat' dir='ltr'><strong>in</strong></span> <span class='ocrx_word' id='word_1_872' title='bbox 3397 5134 3458 5188; x_wconf 86' lang='lat' dir='ltr'><strong>in</strong></span> <span class='ocrx_word' id='word_1_873' title='bbox 3485 5143 3621 5201; x_wconf 73' lang='lat' dir='ltr'><strong>prte-</strong></span> 
     </span>
    </p>
   </div>
   <div class='ocr_carea' id='block_1_109' title="bbox 2044 5219 3624 5302">
    <p class='ocr_par' dir='ltr' id='par_1_109' title="bbox 2044 5219 3624 5302">
     <span class='ocr_line' id='line_1_110' title="bbox 2044 5219 3624 5302; baseline -0.016 -4"><span class='ocrx_word' id='word_1_874' title='bbox 2044 5219 2205 5298; x_wconf 73' lang='lat' dir='ltr'><strong>srntia</strong></span> <span class='ocrx_word' id='word_1_875' title='bbox 2249 5254 2360 5292; x_wconf 84' lang='lat' dir='ltr'><strong>mea</strong></span> <span class='ocrx_word' id='word_1_876' title='bbox 2403 5245 2599 5292; x_wconf 77' lang='lat' dir='ltr'><strong>tantum</strong></span> <span class='ocrx_word' id='word_1_877' title='bbox 2619 5275 2636 5302; x_wconf 92' lang='lat'><strong>,</strong></span> <span class='ocrx_word' id='word_1_878' title='bbox 2667 5233 2756 5287; x_wconf 82' lang='lat' dir='ltr'><strong>sed</strong></span> <span class='ocrx_word' id='word_1_879' title='bbox 2785 5231 2944 5287; x_wconf 79' lang='lat' dir='ltr'><strong>multo</strong></span> <span class='ocrx_word' id='word_1_880' title='bbox 2971 5229 3134 5300; x_wconf 78' lang='lat' dir='ltr'><strong>magis</strong></span> <span class='ocrx_word' id='word_1_881' title='bbox 3174 5241 3308 5280; x_wconf 75' lang='lat' dir='ltr'><strong>nunc</strong></span> <span class='ocrx_word' id='word_1_882' title='bbox 3333 5236 3529 5293; x_wconf 72' lang='lat' dir='ltr'><strong>quoque</strong></span> <span class='ocrx_word' id='word_1_883' title='bbox 3569 5219 3624 5272; x_wconf 78' lang='lat' dir='ltr'><strong>in</strong></span> 
     </span>
    </p>
   </div>
   <div class='ocr_carea' id='block_1_110' title="bbox 2045 5317 3623 5393">
    <p class='ocr_par' dir='ltr' id='par_1_110' title="bbox 2045 5317 3623 5393">
     <span class='ocr_line' id='line_1_111' title="bbox 2045 5317 3623 5393; baseline -0.015 -7"><span class='ocrx_word' id='word_1_884' title='bbox 2045 5331 2269 5387; x_wconf 79' lang='lat' dir='ltr'><strong>absentia</strong></span> <span class='ocrx_word' id='word_1_885' title='bbox 2297 5345 2407 5384; x_wconf 84' lang='lat' dir='ltr'><strong>mea</strong></span> <span class='ocrx_word' id='word_1_886' title='bbox 2432 5370 2447 5393; x_wconf 91' lang='lat'><strong>,</strong></span> <span class='ocrx_word' id='word_1_887' title='bbox 2487 5343 2600 5381; x_wconf 82' lang='lat' dir='ltr'><strong>cum</strong></span> <span class='ocrx_word' id='word_1_888' title='bbox 2628 5335 2806 5379; x_wconf 80' lang='lat' dir='ltr'><strong>timore</strong></span> <span class='ocrx_word' id='word_1_889' title='bbox 2847 5331 2896 5378; x_wconf 86' lang='lat' dir='ltr'><strong>et</strong></span> <span class='ocrx_word' id='word_1_890' title='bbox 2922 5331 3134 5375; x_wconf 81' lang='lat' dir='ltr'><strong>tremore</strong></span> <span class='ocrx_word' id='word_1_891' title='bbox 3170 5317 3382 5372; x_wconf 77' lang='lat' dir='ltr'><strong>salutem</strong></span> <span class='ocrx_word' id='word_1_892' title='bbox 3407 5321 3623 5366; x_wconf 71' lang='lat' dir='ltr'><strong>vestram</strong></span> 
     </span>
    </p>
   </div>
   <div class='ocr_carea' id='block_1_111' title="bbox 2046 5402 3618 5496">
    <p class='ocr_par' dir='ltr' id='par_1_111' title="bbox 2046 5402 3618 5496">
     <span class='ocr_line' id='line_1_112' title="bbox 2046 5402 3618 5496; baseline -0.015 -17"><span class='ocrx_word' id='word_1_893' title='bbox 2046 5422 2322 5496; x_wconf 86' lang='lat' dir='ltr'><strong>operamini</strong></span> <span class='ocrx_word' id='word_1_894' title='bbox 2371 5419 2629 5494; x_wconf 80' lang='lat' dir='ltr'><strong>(Philipp.</strong></span> <span class='ocrx_word' id='word_1_895' title='bbox 2669 5416 2726 5472; x_wconf 68' lang='grc' dir='ltr'><strong>Ξ.</strong></span> <span class='ocrx_word' id='word_1_896' title='bbox 2757 5412 2856 5485; x_wconf 73' lang='lat'><strong>1&#39;2)</strong></span> <span class='ocrx_word' id='word_1_897' title='bbox 2884 5431 2898 5468; x_wconf 89' lang='lat'><strong>:</strong></span> <span class='ocrx_word' id='word_1_898' title='bbox 2927 5412 3031 5471; x_wconf 83' lang='lat' dir='ltr'><strong>hoc</strong></span> <span class='ocrx_word' id='word_1_899' title='bbox 3069 5417 3249 5464; x_wconf 84' lang='lat' dir='ltr'><strong>autem</strong></span> <span class='ocrx_word' id='word_1_900' title='bbox 3286 5402 3526 5461; x_wconf 83' lang='lat' dir='ltr'><strong>ostendit</strong></span> <span class='ocrx_word' id='word_1_901' title='bbox 3566 5403 3618 5457; x_wconf 90' lang='lat' dir='ltr'><strong>iu</strong></span> 
     </span>
    </p>
   </div>
   <div class='ocr_carea' id='block_1_112' title="bbox 2049 5491 3620 5582">
    <p class='ocr_par' dir='ltr' id='par_1_112' title="bbox 2049 5491 3620 5582">
     <span class='ocr_line' id='line_1_113' title="bbox 2049 5491 3620 5582; baseline -0.016 -13"><span class='ocrx_word' id='word_1_902' title='bbox 2049 5491 2148 5569; x_wconf 82' lang='lat' dir='ltr'><strong>hac</strong></span> <span class='ocrx_word' id='word_1_903' title='bbox 2176 5491 2401 5582; x_wconf 81' lang='lat' dir='ltr'><strong>epistola</strong></span> <span class='ocrx_word' id='word_1_904' title='bbox 2427 5509 2648 5564; x_wconf 89' lang='lat' dir='ltr'><strong>dicens:</strong></span> <span class='ocrx_word' id='word_1_905' title='bbox 2683 5505 2770 5560; x_wconf 81' lang='lat' dir='ltr'><strong>l8.</strong></span> <span class='ocrx_word' id='word_1_906' title='bbox 2816 5503 3094 5571; x_wconf 74' lang='lat' dir='ltr'><strong>Tamquam</strong></span> <span class='ocrx_word' id='word_1_907' title='bbox 3133 5512 3237 5550; x_wconf 85' lang='lat' dir='ltr'><strong>non</strong></span> <span class='ocrx_word' id='word_1_908' title='bbox 3260 5502 3500 5550; x_wconf 69' lang='lat' dir='ltr'><strong>sentum</strong></span> <span class='ocrx_word' id='word_1_909' title='bbox 3525 5491 3620 5546; x_wconf 83' lang='lat' dir='ltr'><strong>sini</strong></span> 
     </span>
    </p>
   </div>
   <div class='ocr_carea' id='block_1_113' title="bbox 2049 5584 3622 5673">
    <p class='ocr_par' dir='ltr' id='par_1_113' title="bbox 2049 5584 3622 5673">
     <span class='ocr_line' id='line_1_114' title="bbox 2049 5584 3622 5673; baseline -0.014 -14"><span class='ocrx_word' id='word_1_910' title='bbox 2049 5606 2116 5659; x_wconf 83' lang='lat' dir='ltr'><strong>ad</strong></span> <span class='ocrx_word' id='word_1_911' title='bbox 2132 5603 2425 5673; x_wconf 83' lang='lat' dir='ltr'><strong>vos,inﬂati</strong></span> <span class='ocrx_word' id='word_1_912' title='bbox 2460 5610 2574 5654; x_wconf 78' lang='lat' dir='ltr'><strong>sunt</strong></span> <span class='ocrx_word' id='word_1_913' title='bbox 2597 5598 2844 5670; x_wconf 80' lang='lat' dir='ltr'><strong>quidam;</strong></span> <span class='ocrx_word' id='word_1_914' title='bbox 2877 5593 2956 5649; x_wconf 81' lang='lat' dir='ltr'><strong>l9.</strong></span> <span class='ocrx_word' id='word_1_915' title='bbox 2987 5592 3188 5646; x_wconf 76' lang='lat' dir='ltr'><strong>veniam</strong></span> <span class='ocrx_word' id='word_1_916' title='bbox 3224 5597 3412 5640; x_wconf 76' lang='lat' dir='ltr'><strong>autem.</strong></span> <span class='ocrx_word' id='word_1_917' title='bbox 3455 5584 3622 5640; x_wconf 77' lang='lat' dir='ltr'><strong>Festi-</strong></span> 
     </span>
    </p>
   </div>
   <div class='ocr_carea' id='block_1_114' title="bbox 2051 5675 3628 5768">
    <p class='ocr_par' dir='ltr' id='par_1_114' title="bbox 2051 5675 3628 5768">
     <span class='ocr_line' id='line_1_115' title="bbox 2051 5675 3628 5768; baseline -0.013 -13"><span class='ocrx_word' id='word_1_918' title='bbox 2051 5697 2211 5756; x_wconf 89' lang='lat' dir='ltr'><strong>nabat</strong></span> <span class='ocrx_word' id='word_1_919' title='bbox 2249 5698 2427 5768; x_wconf 87' lang='lat' dir='ltr'><strong>itaque</strong></span> <span class='ocrx_word' id='word_1_920' title='bbox 2471 5703 2527 5752; x_wconf 89' lang='lat' dir='ltr'><strong>et</strong></span> <span class='ocrx_word' id='word_1_921' title='bbox 2549 5690 2796 5764; x_wconf 85' lang='lat' dir='ltr'><strong>cupiebat</strong></span> <span class='ocrx_word' id='word_1_922' title='bbox 2835 5689 2949 5760; x_wconf 84' lang='lat' dir='ltr'><strong>ipse</strong></span> <span class='ocrx_word' id='word_1_923' title='bbox 2975 5684 3207 5750; x_wconf 83' lang='lat' dir='ltr'><strong>adesse;</strong></span> <span class='ocrx_word' id='word_1_924' title='bbox 3243 5678 3338 5737; x_wconf 88' lang='lat' dir='ltr'><strong>sed</strong></span> <span class='ocrx_word' id='word_1_925' title='bbox 3376 5678 3498 5752; x_wconf 82' lang='lat' dir='ltr'><strong>quia</strong></span> <span class='ocrx_word' id='word_1_926' title='bbox 3523 5675 3628 5734; x_wconf 85' lang='lat' dir='ltr'><strong>hoc</strong></span> 
     </span>
    </p>
   </div>
  </div>
