4090 6216
437 232 533 285 H5

436 346 671 421 uetulum
703 347 895 421 licebat
914 389 930 412 ,
962 344 1314 417 promissione
1338 341 1599 395 adventus
1625 337 1708 391 sui
1747 336 1867 390 illus
1892 348 2015 389 cor-

435 416 602 510 rigit:
660 416 979 511 neqne'ltoc
999 434 1403 496 tantummodo,
1443 430 1536 486 sed
1560 430 1719 483 etiam
1762 425 2014 480 missione

430 530 697 599 discipuli.
748 529 876 583 Ideo
918 540 1186 596 namque,
1235 522 1443 592 inquit.
1475 520 1588 574 misi
1615 518 1683 572 ad
1709 532 1795 571 vos
1845 515 2017 569 Timo-

432 622 624 674 theum.
648 617 775 673 Ideo
802 635 823 673 :
842 617 1043 689 quare?
1067 614 1199 683 Quia
1230 623 1464 668 vestrum
1488 620 1545 665 ιιι
1576 610 1804 663 filiorum
1829 619 2014 660 curam

433 726 562 781 gero
581 748 600 776 ,
630 718 688 763 ut
715 707 807 779 qui
842 721 940 762 vos
966 705 1261 777 genuerint.
1291 702 1361 757 Et
1383 716 1503 756 cum
1550 696 2015 753 commendatione

436 815 681 873 persona:
712 807 794 853 est
818 797 1045 867 cpistola
1072 815 1085 850 :
1121 795 1221 863 Qui
1249 802 1320 848 est
1358 792 1496 862 ﬁlius
1524 807 1661 845 meus
1688 787 1899 842 dilectus
1920 827 1935 851 ,
1968 795 2014 840 et

435 892 602 964 fidelis
630 892 684 945 in
723 889 940 943 Domino
964 928 977 941 .
1022 889 1132 943 lloc
1160 894 1339 941 autem
1365 883 1528 947 dixit,
1573 890 1631 938 et
1673 889 1733 934 ut
1776 893 2013 933 amorem

440 1000 595 1039 suum
624 982 873 1038 ostendat
897 1023 912 1044 ,
942 990 997 1036 et
1026 989 1083 1035 ιιι
1117 980 1241 1033 illus
1268 982 1530 1047 pra-paret
1558 970 1623 1026 ad
1668 970 1815 1024 illum
1859 982 2015 1023 reve-

436 1087 617 1133 renter
640 1077 948 1131 videndum.
988 1074 1170 1143 Neque
1213 1080 1418 1125 tantum
1451 1065 1662 1121 ﬁdelem
1687 1063 1816 1117 dicit
1839 1103 1855 1127 ,
1883 1059 1976 1114 sed
1999 1098 2014 1123 ,

438 1150 502 1225 Iit
529 1170 777 1233 Domino;
805 1170 854 1224 id
877 1178 979 1234 est,
1008 1168 1061 1239 in
1090 1166 1251 1221 rebus
1274 1179 1390 1232 qua:
1415 1157 1706 1214 seCundutn
1738 1152 2017 1207 Dominum

436 1271 581 1316 sunt.
609 1261 760 1328 Quod
791 1260 836 1314 si
880 1260 933 1314 in
959 1255 1302 1312 saecularibus
1333 1252 1492 1307 rebus
1520 1247 1727 1302 tidelent
1755 1257 1876 1303 esse
1905 1242 2017 1295 laus

435 1363 553 1419 est,
585 1352 753 1406 multo
798 1350 966 1417 magis
1010 1349 1061 1401 in
1104 1343 1487 1415 Spiritualibus.
1535 1339 1591 1393 Si
1638 1334 2018 1406 ergudileetns

438 1444 554 1511 ejtts
585 1443 722 1496 filius
747 1441 835 1503 sit,
858 1440 1030 1507 Cogita
1055 1446 1284 1507 quantus
1310 1435 1378 1489 sit
1404 1447 1554 1486 amur
1577 1428 1718 1483 Pauli
1752 1428 1803 1479 in
1825 1423 2021 1483 Corin-x

440 1534 603 1598 thios,
630 1547 855 1603 quorum
883 1531 1048 1601 gratia
1084 1530 1151 1581 ab
1178 1527 1269 1580 illo
1291 1525 1512 1579 voluerit
1546 1519 1805 1590 separari.
1835 1517 1888 1571 Si
1912 1530 2011 1569 au-

443 1636 548 1679 tem
578 1623 750 1677 ﬁdelis
788 1622 892 1683 sit,
925 1621 1189 1688 inculpate
1225 1632 1314 1672 res
1346 1611 1760 1669 administrabit.
1799 1608 1899 1675 Qui
1935 1623 2019 1660 vos

440 1714 873 1786 commonefaciet.
905 1712 1019 1766 Non
1048 1711 1209 1774 dicit,
1245 1706 1467 1762 Doccbit
1489 1747 1503 1763 .
1537 1719 1603 1759 ne
1652 1702 1701 1756 id
1744 1716 1885 1770 a-gre
1916 1697 2023 1752 fer-

442 1817 563 1862 rent
587 1849 600 1871 ,
638 1817 693 1859 ttt
723 1804 809 1875 qui
848 1804 916 1857 ab
944 1790 1080 1871 ‘ipsti
1103 1801 1395 1855 discerent.
1435 1797 1665 1864 Ideoque
1696 1794 1748 1846 in
1779 1793 1879 1844 line
1901 1790 1975 1842 ait
2005 1805 2019 1842 :

448 1900 589 1968 Opus
618 1899 747 1952 enim
784 1895 876 1950 Dei
905 1903 1143 1966 operatur
1172 1894 1300 1945 sicut
1321 1901 1368 1944 et
1395 1905 1484 1959 ego
1513 1888 1586 1958 (Ι.
1617 1885 1735 1937 Cor.
1776 1883 1858 1937 16.
1888 1883 1975 1948 10)
2004 1896 2019 1933 :

442 2008 512 2049 ne
536 1993 654 2063 quis
684 2006 812 2060 ergo
845 1990 991 2044 illum
1023 1985 1303 2057 despiciat.
1336 1981 1486 2035 Nulla
1514 1978 1654 2035 enim
1684 1976 1734 2030 in
1764 1972 2024 2063 apostolis

443 2062 563 2138 erat
586 2081 812 2147 invidia,
847 2080 939 2133 sed
964 2093 1127 2133 unum
1166 2074 1513 2147 spectabant,
1546 2084 1737 2135 nempe
1770 2062 2024 2119 Ecclesia!

445 2173 848 2227 a'diﬁcationem
887 2189 899 2222 :
929 2178 981 2223 et
1021 2169 1064 2220 si
1115 2167 1289 2219 minor
1312 2170 1428 2218 erat
1468 2162 1512 2214 is
1539 2159 1626 2229 qui
1661 2156 2021 2225 operabatur,

444 2279 564 2319 cum
594 2262 738 2317 omni
785 2262 962 2315 studio
994 2258 1242 2314 fovebant
1289 2256 1436 2309 illum
1483 2261 1538 2307 et
1573 2252 1850 2320 juvahant.
1884 2248 2026 2314 Qua-

449 2366 665 2425 propter
692 2370 796 2408 nou
829 2353 960 2407 Salis
987 2351 1172 2404 habuit
1194 2349 1375 2403 dicere
1393 2387 1408 2411 ,
1437 2340 1861 2411 Cautumnefaciel
1884 2356 1901 2401 ;
1929 2336 2023 2391 sed

449 2448 659 2503 illorum
701 2445 952 2499 invidiam
1003 2442 1172 2512 magis
1227 2436 1542 2494 abscindere
1590 2437 1779 2487 volens
1829 2430 2018 2501 (iure.

452 2540 534 2594 nis
565 2551 795 2607 namque
835 2545 950 2589 erat
991 2530 1334 2601 'l‘itnmltctn.)
1359 2546 1373 2583 :
1401 2528 1520 2582 ideo
1560 2523 1869 2592 stthjuuxit,
1908 2519 2027 2576 Viuo

452 2648 610 2686 meas.
665 2629 780 2684 Non
835 2625 1138 2689 suas,5ed,
1191 2622 1368 2688 Meas;
1408 2621 1459 2676 id
1513 2628 1617 2681 est,
1662 2614 2021 2678 (ncononiias,

450 2722 712 2796 pericula,
759 2736 959 2785 mures,
1017 2720 1180 2789 leges,
1228 2724 1445 2780 statuta,
1495 2726 1731 2768 canones
1773 2709 2030 2780 apostoli-

452 2831 543 2869 cos
595 2822 651 2869 ct
698 2812 797 2866 alia
845 2813 1043 2865 omnia.
1074 2808 1204 2874 Quia
1237 2806 1378 2861 enim
1428 2804 1599 2868 dixit,
1661 2800 1805 2856 Nudi
1857 2815 2029 2854 sumus

457 2914 502 2958 et
540 2904 768 2975 aluplais
821 2903 1058 2957 credimur
1111 2912 1155 2955 et
1215 2900 1474 2953 instabiles
1517 2912 1691 2951 sumus
1722 2910 1739 2948 :
1770 2904 1823 2948 et
1868 2893 1982 2947 hinc
2009 2931 2029 2957 ,

456 2998 655 3068 inquit,
692 2996 866 3049 omnia
902 3010 995 3049 vos
1021 2990 1463 3062 connnoncfaciet
1514 2997 1568 3043 et
1614 2989 1758 3057 leges
1808 2986 2028 3051 Christi,

457 3098 514 3144 ιιι
534 3086 974 3142 ιιωιορευειίιειείιι,
1010 3083 1209 3138 Deinde
1234 3083 1503 3152 superiora
1536 3089 1785 3150 repetens
1806 3076 2032 3145 subjun-

456 3180 573 3249 git,
632 3177 759 3242 Qua:
807 3186 921 3230 sunt
973 3176 1025 3229 in
1072 3173 1271 3230 Clu-isto
1327 3193 1345 3228 :
1399 3172 1575 3226 omnia
1629 3171 1700 3224 uti
1742 3170 1877 3223 solet
1934 3169 2036 3221 Do-

461 3275 605 3328 mino
636 3272 893 3338 referens,
917 3281 972 3324 et
1001 3269 1104 3324 ﬁde
1124 3268 1280 3339 digna
1309 3266 1583 3337 sequentia
1609 3265 1837 3319 reddens
1866 3281 1878 3317 :
1903 3278 2035 3334 qua-

465 3381 525 3420 re
576 3366 752 3420 subdit
796 3382 810 3419 :
867 3363 1011 3419 Sicut
1063 3363 1244 3433 ubique
1293 3362 1344 3413 in
1400 3360 1536 3414 ouuti
1587 3357 1816 3412 Ecrlrsia
1861 3357 2030 3408 doceo.

460 3455 603 3512 N.hil
633 3455 769 3524 apud
800 3469 891 3508 vos
924 3453 1043 3506 novi
1073 3451 1181 3507 dixi
1214 3472 1227 3506 :
1262 3436 1449 3505 hornni
1495 3449 1620 3503 ntihi
1658 3446 1887 3501 conscia-
1913 3453 2035 3498 sunt

464 3549 680 3617 reliqua:
709 3561 895 3600 onmes
929 3544 1201 3600 Ecclesia}.
1238 3543 1360 3596 \‘ias
1385 3550 1561 3596 autem
1593 3541 1706 3594 illas
1739 3539 1790 3594 in
1822 3537 2037 3592 Christo

463 3638 614 3705 divit,
645 3636 933 3692 ostendens
957 3635 1074 3689 illas
1107 3633 1235 3687 nihil
1265 3633 1553 3687 humanum
1583 3630 1803 3696 habere,
1834 3639 2035 3685 etcum

466 3732 584 3802 ejus
609 3730 805 3785 auxilio
832 3742 890 3784 se
933 3735 1078 3782 recte
1116 3726 1292 3781 omnia
1321 3741 1524 3795 gerere.
1549 3723 1834 3791 Postquam
1862 3730 2037 3775 autem

469 3804 583 3882 hate
607 3825 743 3879 dixit
765 3832 820 3877 et
850 3822 968 3876 illos
996 3820 1238 3885 curavit;
1270 3831 1619 3891 aggressurus
1645 3813 2039 3870 accusationem

469 3917 829 3992 fornicatoris,
863 3929 1047 3969 rursus
1074 3913 1152 3967 ira
1181 3912 1366 3983 plenos
1390 3922 1667 3967 sermOues
1690 3907 1905 3971 emittit,
1935 3920 2039 3959 non

469 4008 610 4074 quin!
636 4007 724 4064 ille
752 4006 821 4061 ita
867 4004 1088 4061 affectus
1126 4012 1290 4066 esset.
1321 4001 1416 4058 sed
1444 4009 1503 4056 ut
1541 4000 1662 4054 illos
1693 3997 1958 4067 corrigat;
1987 4003 2043 4051 et

468 4100 792 4157 fornicatore
820 4097 1063 4162 dimisso,
1091 4096 1225 4150 alios
1251 4093 1559 4164 alloquitur,
1593 4107 1661 4147 ne
1687 4091 1799 4146 suis
1826 4090 2043 4161 quidem

468 4180 644 4247 verbis
671 4191 886 4260 dignum
918 4189 1064 4243 illtnn
1099 4186 1345 4256 judicans
1373 4200 1388 4238 :
1416 4183 1558 4253 quod
1589 4198 1710 4252 erga
1742 4197 1926 4237 servos
1954 4180 2042 4252 qni

469 4282 755 4338 admodum
785 4278 1120 4335 ol'l'enderui.t
1159 4276 1334 4331 facere
1362 4275 1614 4331 solemus.
1649 4275 1714 4328 Et
1741 4274 1861 4344 quia
1889 4271 2041 4338 dixit,

471 4372 809 4431 Timotheum
842 4371 1031 4433 mitto;
1062 4383 1129 4423 ne
1172 4367 1292 4421 ideo
1318 4367 1594 4436 segniores
1622 4367 1851 4420 etadant
1873 4405 1886 4427 ,
1925 4365 2046 4420 vide

469 4463 594 4534 quid
621 4463 763 4516 dicat
794 4480 808 4516 :
841 4459 1123 4529 Tamquam
1165 4473 1265 4510 non
1311 4467 1547 4510 venturus
1589 4457 1682 4509 sint
1727 4455 1795 4508 ad
1823 4472 1907 4508 vos
1926 4495 1941 4517 ,
1970 4455 2045 4508 sic

469 4552 637 4620 inﬂati
680 4560 794 4602 sunt
838 4548 1062 4616 quidam.
1106 4546 1199 4601 llis
1224 4546 1365 4602 enim
1396 4558 1450 4600 et
1480 4547 1597 4601 illos
1644 4544 1948 4615 perstringit
1990 4556 2047 4600 et

469 4641 607 4695 alios
631 4638 887 4710 quosdam
915 4677 930 4703 ,
964 4636 1101 4691 altos
1132 4636 1342 4690 illorum
1373 4652 1563 4691 sensus
1609 4637 1902 4706 exagitans.
1953 4639 2047 4693 Est

464 4747 616 4786 enim
646 4729 847 4786 crimen
889 4725 1111 4797 appetiti
1137 4725 1463 4795 principatus
1485 4766 1502 4789 ,
1531 4727 1771 4781 absentia
1808 4727 2047 4783 doctoris

472 4824 540 4877 ad
569 4821 922 4892 arrogantiam
955 4821 1051 4877 ttti.
1079 4819 1303 4887 Quando
1325 4819 1465 4874 enim
1496 4820 1704 4890 plebem
1734 4821 2043 4891 alloquitur,

479 4915 746 4987 perpende
774 4914 902 4969 mihi
931 4914 1198 4984 quomodo
1219 4912 1283 4967 ad
1311 4912 1567 4985 pudorem
1597 4913 1809 4969 inducat
1835 4930 1850 4979 ;
1878 4930 2041 4984 quan-

471 5006 543 5062 do
586 5015 762 5059 autem
794 5019 888 5058 eos
928 5006 1016 5074 qui
1045 5004 1098 5058 in
1126 5020 1283 5060 causa
1316 5005 1441 5059 mali
1489 5013 1650 5068 sunt,
1679 5005 2046 5060 vehementius

474 5100 600 5168 agit.
652 5094 763 5151 Illis
805 5095 947 5150 enim
973 5095 1139 5157 dicit,
1173 5097 1410 5150 Dominus
1454 5099 1778 5170 peripsema;
1823 5097 2047 5168 illuSquc

471 5188 683 5243 leniens
707 5184 872 5251 addit,
907 5182 1026 5238 Non
1054 5191 1108 5237 ut
1132 5186 1442 5255 confundam
1468 5201 1574 5252 vos,
1604 5188 1710 5242 Iiwc
1735 5188 1894 5242 scribo
1920 5203 1940 5243 :
1966 5189 2047 5243 his

468 5290 671 5341 autem,
702 5275 981 5346 Tamquam
1006 5292 1105 5329 non
1129 5286 1367 5330 venturus
1392 5276 1486 5329 sint
1516 5277 1584 5330 ad
1607 5294 1714 5343 vos,
1740 5281 1905 5350 inﬂati
1931 5290 2047 5334 sunt

471 5375 717 5443 quidam;
746 5367 1034 5423 ostendens
1062 5367 1281 5437 puerilis
1317 5368 1480 5423 animi
1506 5384 1627 5425 esse
1665 5373 2044 5441 arrogantiam.

472 5446 681 5518 Etenim
710 5463 861 5534 pueri
898 5458 1136 5516 absentia
1167 5461 1403 5531 magistri
1446 5464 1723 5532 segniores
1752 5462 1906 5516 ﬁunt.
1937 5462 2048 5516 Hoc

472 5564 597 5618 ergo
620 5550 905 5618 indicatur,
934 5561 989 5606 et
1015 5550 1156 5623 quod
1180 5552 1463 5623 praesentia
1495 5554 1623 5608 satis
1650 5552 1718 5607 sit
1745 5552 1808 5607 ad
1837 5567 2047 5609 correc-

468 5640 685 5700 tionem.
991 5692 999 5695 .
1562 5685 1588 5701 η

1143 224 1198 278 S.
1239 221 1512 278 JO.\NNiS
1550 219 2022 277 CiliiYSOSTUMI
2064 218 2384 275 ARCINEP.
2421 218 2951 280 COTSTANTINOP.

3593 224 3692 282 H6

2193 336 2249 393 2.
2286 336 2745 404 Quemadmodum
2803 341 2947 393 enim
3003 340 3159 395 leone
3212 349 3473 408 prasente
3519 339 3696 395 innuis

2124 437 2393 484 terrentur
2417 430 2667 485 animalia
2698 449 2710 485 :
2740 431 2819 485 sic
2856 441 3122 501 prarsente
3159 429 3325 485 Paulo
3355 430 3699 499 pertimesco-

2121 518 2246 574 bant
2271 520 2307 575 ii
2334 521 2742 592 qniEcclesiam
2769 522 3213 592 corrumpebant.
3245 521 3370 576 Ideo
3396 520 3692 591 subjmtsit:

2124 610 2213 666 l9.
2264 609 2472 665 Veniam
2500 621 2668 665 autem
2696 612 2796 666 cito
2818 612 2886 666 ad
2911 627 2997 667 ros
3027 652 3042 677 ,
3086 613 3129 666 si
3187 610 3441 666 Dominus
3465 611 3698 666 voluerit.

2121 700 2225 757 Sed
2268 700 2371 756 hoc
2399 702 2568 755 solum
2596 702 2775 758 dicere
2800 744 2813 769 ,
2841 704 3214 758 comminantis
3239 717 3360 758 esse
3385 701 3696 767 videbatur;

2121 809 2343 863 operum
2372 803 2547 847 autem
2572 792 3080 849 demonstrationem
3104 803 3158 848 et
3185 795 3356 863 ipsum
3384 794 3704 864 promittere

2120 894 2176 939 et
2200 884 2269 938 ab
2297 883 2403 938 illis
2427 885 2664 955 exigere,
2694 883 2796 939 hoc
2819 885 2992 955 magni
3021 895 3074 940 et
3101 885 3344 939 snblimi<
3365 894 3480 939 erat
3511 884 3699 938 animi.

2121 977 2479 1043 Quamobrem
2517 986 2569 1031 et
2598 975 2698 1030 hoc
2724 977 3015 1044 subjuusit,
3037 977 3221 1033 dicens
3248 993 3263 1028 :
3293 976 3358 1030 Et
3378 991 3701 1046 cognoscam,

2122 1087 2223 1123 non
2271 1086 2548 1124 sermonem
2574 1085 2748 1123 eorum
2792 1070 2878 1138 qui
2917 1070 3083 1140 inﬂati
3126 1079 3240 1124 sunt
3270 1111 3288 1137 ,
3319 1069 3409 1124 sed
3449 1070 3702 1127 virtutem

2121 1159 2236 1215 Non
2263 1161 2404 1215 enim
2436 1177 2499 1214 es
2531 1161 2761 1230 propriis
2789 1171 2934 1217 recte
2975 1160 3126 1215 factis
3156 1201 3172 1227 ,
3198 1159 3295 1217 sed
3341 1175 3407 1215 ex
3466 1159 3702 1215 doctoris

2121 1251 2360 1306 absentia
2377 1249 2595 1307 suborta
2620 1260 2736 1305 erat
2755 1251 3054 1323 arrogantia
3089 1269 3102 1305 :
3130 1251 3268 1320 quod
3293 1251 3465 1321 ipsum
3489 1265 3702 1320 quoque

2123 1342 2283 1395 animi
2313 1352 2429 1397 erat
2453 1342 2817 1412 despicientis.
2862 1343 2985 1399 Ideo
3011 1358 3131 1398 cum
3155 1343 3376 1398 dixisset
3401 1385 3416 1408 ,
3449 1342 3569 1398 Misi
3611 1342 3697 1397 Tt-

2125 1435 2411 1499 mntlie'tm,
2443 1450 2547 1489 non
2576 1436 2752 1489 statim
2783 1435 2915 1489 dixit
2941 1477 2957 1501 ,
2990 1434 3210 1491 Veniam
3238 1477 3254 1499 ,
3282 1435 3374 1490 sed
3401 1452 3522 1503 eum
3553 1436 3700 1506 prius

2127 1524 2271 1593 ipsos
2297 1535 2605 1581 accusasset
2630 1525 2770 1596 quod
2790 1526 2954 1580 inﬂati
2972 1536 3173 1592 essent,
3194 1536 3319 1581 tunc
3339 1527 3435 1592 ait,
3472 1525 3700 1581 Veniunt.

2124 1616 2257 1672 Nam
2287 1617 2331 1672 si
2364 1628 2486 1697 ante
2512 1618 2909 1673 accusationem
2940 1617 3070 1674 illud
3098 1619 3398 1689 posuisset,
3425 1619 3701 1673 excusatio

2128 1712 2303 1780 potius
2330 1712 2440 1766 visa
2466 1711 2673 1777 fuisset,
2707 1713 2876 1783 utqui
2909 1729 3014 1769 non
3038 1713 3316 1783 defuisset,
3346 1724 3401 1770 et
3426 1730 3530 1770 non
3555 1730 3707 1770 com-

2127 1804 2350 1859 minatio
2377 1844 2393 1870 ,
2425 1820 2527 1859 nec
2552 1805 2823 1861 credibilis
2872 1821 3054 1861 sermo
3090 1805 3279 1862 fuisset
3308 1824 3323 1870 ;
3354 1822 3499 1862 nunc
3524 1816 3702 1863 autent

2128 1903 2249 1964 post
2272 1896 2668 1951 accusationem
2685 1896 2914 1967 positum
2940 1895 3164 1964 dictum,
3187 1906 3242 1953 et
3270 1897 3374 1953 ﬁde
3396 1897 3618 1969 dignum
3648 1908 3705 1953 et

2130 1987 2427 2042 terribilem
2450 1986 2703 2042 reddidit.
2729 1988 2795 2042 Et
2819 1986 2941 2043 vide
2969 1989 3088 2058 ejus
3116 1989 3418 2044 ﬁrmitatem
3444 1990 3703 2044 securitao

2131 2086 2363 2147 temque.
2389 2077 2503 2131 Non
2526 2079 2666 2132 enim
2693 2079 3008 2146 simpliciter
3034 2079 3188 2141 dixit,
3234 2078 3459 2141 Veniant,
3484 2080 3576 2134 sed
3597 2123 3611 2145 ,
3644 2080 3705 2135 Si

2132 2167 2376 2223 Dominus
2396 2169 2606 2223 uoluerit
2628 2186 2645 2233 ;
2674 2184 2773 2224 nec
2795 2180 3005 2239 tempus
3019 2171 3364 2225 constitutum
3383 2172 3551 2240 p‘onit.
3571 2170 3703 2237 Quia

2130 2261 2272 2315 enim
2301 2261 2525 2328 contigit
2551 2277 2672 2316 eum
2710 2261 2912 2316 tardius
2938 2262 3197 2317 accedere
3218 2304 3232 2327 ,
3262 2278 3327 2317 ex
3358 2262 3560 2318 incerto
3590 2263 3705 2316 vult

2130 2351 2253 2407 illos
2274 2352 2462 2406 dubios
2488 2353 2648 2407 animi
2700 2362 2757 2408 et
2798 2369 3089 2423 suspensos
3121 2365 3324 2410 tenere.
3361 2355 3426 2409 Et
3471 2372 3538 2410 ne
3578 2372 3704 2424 pro-

2131 2454 2312 2514 pterea
2338 2459 2518 2499 rursus
2545 2445 2827 2500 concidant
2846 2446 3078 2509 ,addidit
3098 2488 3112 2511 ,
3132 2446 3259 2502 Cito.
3293 2446 3359 2502 Et
3386 2464 3702 2519 cognoscam.

2131 2552 2233 2589 non
2260 2552 2536 2590 sermonem
2567 2552 2737 2590 eorum
2756 2537 3022 2608 quiin/lati
3046 2547 3181 2603 sunt,
3207 2537 3294 2592 sed
3323 2539 3570 2597 virtutem.
3591 2538 3646 2591 Νι
3671 2554 3703 2591 n

2132 2626 2283 2688 dixit.
2307 2624 2635 2696 Cognoscam
2663 2627 2999 2696 sapientiam,
3030 2644 3200 2698 neque
3223 2629 3403 2697 signa;
3432 2629 3525 2684 sed
3554 2628 3706 2697 quid?
3769 2662 3772 2664 η

2133 2716 2255 2771 Non
2280 2733 2561 2771 sermonem
2589 2734 2608 2785 ;
2636 2727 2690 2772 et
2719 2717 2846 2773 illud
2877 2718 3085 2788 prolato
3115 2721 3332 2774 nomine
3350 2719 3657 2788 deprimens
3686 2761 3705 2783 ,

2132 2820 2188 2865 et
2214 2808 2317 2864 hoc
2340 2810 2624 2865 extollens.
2656 2811 2721 2865 Et
2749 2810 2959 2865 interim
2991 2825 3296 2866 sermonem
3316 2811 3489 2881 dirigit
3507 2811 3572 2864 ad
3587 2826 3702 2871 eos,

2133 2902 2224 2971 qtti
2257 2900 2629 2956 fornicatorem
2658 2901 2927 2957 fovebant.
2947 2901 3078 2957 Nam
3096 2903 3140 2957 si
3162 2902 3308 2957 illum
3327 2903 3708 2971 alloqucretur,

2137 3009 2239 3047 non
2267 2992 2469 3048 diceret
2495 2994 2761 3059 virtutem,
2785 2994 2878 3048 scd
2899 3008 3081 3063 opera,
3101 3008 3221 3063 qua:
3255 3003 3506 3063 corrupta
3528 3001 3703 3047 erant.

2137 3082 2205 3138 Et
2254 3100 2352 3139 cur
2396 3098 2521 3139 non'
2551 3084 2748 3154 (pueris
2795 3084 3286 3141 sermonemiNon
3327 3084 3469 3154 quod
3524 3084 3706 3139 verbis

2136 3191 2342 3246 egeam.
2371 3176 2466 3231 sed
2488 3180 2608 3247 quia
2635 3177 2686 3230 in
2720 3177 2915 3232 virtute
2942 3194 3027 3232 res
3062 3188 3257 3232 nosme
3286 3177 3606 3233 consistunt.
3640 3177 3712 3234 [Et

2141 3271 2298 3338 igitur
2321 3269 2373 3323 in
2400 3269 2539 3323 bello
2569 3285 2672 3323 non
2702 3269 2866 3323 multa
2891 3270 3222 3340 loquentium
3250 3311 3265 3335 ,
3297 3269 3388 3324 sed
3423 3270 3585 3324 multa
3617 3286 3710 3338 pa-

2142 3360 2389 3413 trantium
2414 3369 2538 3414 sunt
2567 3360 2816 3430 praeclara
2846 3369 2992 3430 gesta
3022 3378 3036 3413 :
3063 3362 3132 3415 ita
3165 3361 3250 3415 hic
3269 3377 3481 3430 quoque
3511 3378 3614 3416 non
3634 3362 3714 3414 lo-

2140 3453 2415 3520 quentium
2449 3493 2464 3514 ,
2494 3451 2585 3504 sed
2614 3452 2951 3520 operantium
2981 3461 3056 3504 est
3090 3452 3331 3505 victoria.
3362 3454 3542 3506 Altum
3571 3452 3716 3518 sapis

2142 3545 2212 3598 ob
2252 3544 2550 3597 facundiam
2584 3585 2598 3609 ,
2633 3544 2834 3612 inquit;
2872 3542 2978 3596 sed
3020 3543 3062 3595 si
3123 3545 3394 3597 rhetorum
3433 3553 3704 3597 certamen

2142 3646 2287 3691 esset
2315 3645 2370 3689 et
2399 3647 2608 3704 tempus
2640 3676 2656 3700 ,
2699 3642 2846 3689 recte
2885 3634 3005 3689 ideo
3032 3635 3124 3688 tibi
3156 3635 3435 3702 placeres;
3465 3634 3510 3689 si
3540 3646 3716 3687 autem

2143 3727 2507 3796 apostolorum
2539 3728 2818 3782 veritatem
2861 3727 3293 3782 annnntiantium
3319 3767 3335 3793 ,
3370 3737 3425 3781 et
3467 3728 3610 3781 illam
3640 3728 3717 3780 si-

2142 3818 2260 3886 gnis
2284 3817 2713 3872 conﬁrmantium
2748 3859 2764 3883 ,
2812 3818 2938 3888 quid
2988 3817 3192 3873 inflaris
3218 3818 3287 3873 de
3316 3833 3374 3873 re
3403 3817 3670 3887 superﬂua
3699 3858 3717 3881 ,

2145 3925 2264 3981 qius
2291 3910 2421 3964 nihil
2448 3919 2550 3975 est,
2577 3919 2632 3964 et
2653 3909 2719 3964 ad
2748 3911 3034 3979 praesentia
3064 3909 3193 3964 nihil
3222 3908 3475 3965 conferre
3507 3908 3719 3980 possit?

2144 4002 2280 4069 Quid
2322 4004 2466 4059 enim
2503 4003 2788 4057 verborum
2820 4005 3112 4057 ostentatio
3141 4010 3323 4070 posset
3348 4001 3416 4056 ad
3445 3990 3718 4056 inortuunt

2146 4094 2510 4149 suscitaudnm
2543 4134 2560 4159 ,
2603 4102 2695 4148 aut
2743 4091 3017 4148 diemones
3058 4090 3335 4163 pellendos
3373 4134 3388 4157 ,
3433 4103 3524 4145 aut
3574 4089 3717 4146 aliud

2152 4187 2437 4258 quodpiam
2463 4187 2773 4243 miraculum
2805 4185 3139 4257 patrandum.
3170 4185 3260 4239 llis
3287 4200 3424 4239 nunc
3450 4200 3586 4251 opus
3614 4194 3716 4250 est,

2149 4288 2205 4334 et
2258 4295 2351 4348 per
2409 4279 2521 4333 hate
2571 4294 2658 4332 res
2709 4288 2904 4334 nostra:
2953 4279 3268 4332 consistunt.
3319 4277 3543 4345 Ideoque
3589 4276 3717 4329 sub-

2144 4369 2319 4438 junxit
2346 4388 2359 4423 :
2384 4368 2473 4423 20.
2508 4366 2629 4421 Non
2657 4369 2789 4422 enim
2818 4370 2873 4422 in
2901 4385 3129 4423 sermone
3152 4378 3226 4422 est
3250 4384 3459 4437 regnum
3487 4366 3600 4431 Dei,
3632 4366 3723 4419 sed

2148 4459 2203 4513 in
2233 4459 2430 4512 uirtute.
2463 4458 2564 4512 Per
2590 4458 2762 4527 signa,
2788 4459 2979 4529 inquit,
3010 4475 3113 4513 non
3139 4474 3235 4529 per
3260 4455 3555 4512 facundiam
3584 4455 3720 4510 vici~

2150 4565 2269 4603 ntus
2290 4586 2305 4611 ,
2337 4557 2392 4603 et
2415 4548 2555 4617 quod
2585 4547 2763 4602 divina
2791 4550 2863 4603 sit
2889 4548 3132 4605 doctrina
3176 4557 3356 4603 nostra
3378 4588 3394 4612 ,
3421 4554 3478 4602 et
3502 4561 3723 4616 regnum

2149 4641 2401 4696 caelorum
2429 4643 2807 4697 anuttntiemus
2827 4684 2843 4710 ,
2876 4644 3164 4698 maximum
3191 4650 3564 4712 argumentum
3591 4655 3725 4709 pric-

2152 4730 2383 4797 huimus,
2413 4733 2560 4803 signa
2587 4749 2798 4803 nempe,
2828 4750 2946 4803 qua:
2974 4749 3070 4804 per
3098 4734 3348 4787 virtutem
3379 4731 3613 4800 Spiritus
3642 4730 3720 4783 fa-

2151 4823 2343 4878 cimus.
2368 4824 2423 4879 Si
2467 4840 2596 4895 ergo
2628 4825 2803 4893 magni
2837 4824 3048 4894 quidam
3076 4823 3175 4878 viri
3210 4837 3330 4879 esse
3357 4824 3543 4877 volunt
3569 4821 3603 4875 ii
3633 4823 3725 4889 qui

2156 4930 2296 4969 nunc
2323 4924 2447 4968 sunt
2474 4914 2661 4974 inﬂati.
2691 4930 2812 4968 cum
2840 4915 3128 4979 advenero,
3153 4913 3436 4968 ostendant
3455 4954 3469 4974 ,
3501 4911 3544 4966 si
3567 4928 3726 4982 quam

2155 5007 2314 5061 talem
2363 5008 2610 5061 virtutem
2663 5006 2893 5060 habeant
2924 5022 2940 5069 ;
2969 5021 3142 5075 neque
3191 5005 3475 5059 verborum
3534 5002 3725 5057 fastum

2156 5096 2286 5151 mihi
2317 5096 2613 5151 obtendant
2644 5113 2658 5150 :
2691 5111 2780 5151 ars
2808 5097 2949 5150 enim
2980 5096 3063 5150 illa
3086 5094 3217 5149 nihil
3245 5092 3311 5148 ad
3334 5108 3452 5147 uos.
3480 5092 3572 5147 2t.
3595 5086 3733 5159 Quid

2153 5186 2303 5240 mittis
2326 5186 2351 5239 τ’
2375 5186 2425 5239 in
2449 5187 2587 5256 rirga
2616 5187 2809 5240 veniam
2838 5186 2904 5239 ad
2934 5202 3037 5251 eos,
3068 5202 3133 5238 an
3161 5187 3214 5238 in
3232 5186 3447 5239 caritate
3471 5194 3516 5237 et
3546 5183 3731 5253 spiritu

2154 5278 2556 5331 mansuetudinis
2583 5276 2607 5330 .9
2632 5277 2852 5331 Multum
2884 5276 3102 5330 terrOris
3131 5287 3185 5331 et
3226 5276 3449 5331 multum
3495 5273 3731 5328 lenitatis

2156 5369 2241 5423 hic
2267 5384 2445 5423 sermo
2472 5383 2579 5437 pra:
2605 5382 2665 5422 se
2693 5368 2813 5422 fert.
2850 5367 3036 5422 Dicere
3060 5369 3226 5433 enim,
3255 5366 3589 5436 Cognoscam,
3609 5375 3735 5417 sese

2155 5458 2475 5515 c0utinentis
2504 5466 2621 5511 erat
2644 5475 2657 5520 ;
2687 5458 2865 5513 dicere
2889 5462 3065 5513 autem
3092 5476 3106 5512 :
3132 5456 3270 5523 Quid
3302 5456 3493 5512 vultis?
3519 5456 3570 5509 in
3593 5453 3735 5522 virga

2154 5551 2349 5604 veniam
2365 5547 2432 5601 ad
2452 5549 2576 5602 vos?
2601 5548 2718 5617 ejus
2742 5547 2934 5617 estqui
2960 5549 3014 5603 in
3040 5548 3298 5603 doctrina!
3323 5547 3516 5601 solium
3541 5558 3735 5600 ascen-

2162 5644 2261 5708 dit.
2287 5653 2339 5701 ct
2368 5642 2491 5700 inde
2516 5639 2770 5710 disserit,
2803 5641 3072 5712 tutamque
3092 5641 3467 5697 auctoritatem
3500 5635 3733 5705 accepit,
