4086 6214
383 294 489 350 H5

374 407 491 477 γάρ
514 397 540 468 ,“
572 405 761 475 φησὶν,
791 403 1032 475 ἔπεμψα
1077 404 1221 473 ὑμῖν
1263 408 1554 474 Τιμόθεον.
1583 409 1686 462 Διὰ
1730 409 1906 463 τοῦτο
1930 423 1946 440 ο

378 492 572 550 ποῖονς
617 489 834 559 Ἐπειδὴ
864 489 937 552 ὡς
979 489 1182 542 παίδων
1221 491 1489 561 κήδομαι,
1521 492 1612 544 καὶ
1643 494 1719 555 ὡς
1761 509 1951 560 γεγεν-

378 568 587 639 νηκώς.
638 571 748 624 Καὶ
791 570 930 639 μετά
955 571 1054 642 τῆς
1102 574 1411 636 συστάσεως
1440 573 1534 627 τοῦ
1564 576 1880 645 προσώπου,
1911 575 1946 644 ἡ

392 652 706 722 Ἐπιστολή·
723 654 833 718 ’ος
853 653 990 706 ἐστι
1008 671 1127 722 μου
1160 653 1374 709 τέκνον
1398 655 1708 723 ἀγαπητὸν
1735 657 1832 709 καὶ
1863 670 1957 708 πι-

379 734 534 790 στὸν
560 735 632 787 ἐν
653 736 870 804 Κυρίῳ.
893 736 1066 790 Τοῦτο
1093 737 1148 790 δὲ
1169 731 1316 802 εἶπε,
1336 739 1436 808 τήν
1465 756 1523 790 τε
1557 739 1720 792 αὐτοῦ
1742 739 1962 809 ἀγάπην

381 817 688 886 ἐμφαίνων,
711 817 1000 881 κάκείνους
1020 822 1452 888 παρασκευάζων
1482 821 1775 892 αἰδεσίμως
1797 821 1961 874 αὐτὸν

387 898 532 953 ἰδεῖν.
574 901 688 952 Καὶ
713 901 812 968 οὐχ
833 900 1018 964 ἁπλῶς
1058 901 1270 968 πιστὸν,
1297 902 1411 954 ἀλλ’
1443 903 1538 955 Ἐν
1567 904 1778 970 Κυρίῳ,
1806 919 1951 955 τουτο

384 982 550 1045 ἐστιν,
584 983 645 1036 ἐν
676 985 790 1046 τοῖς
816 984 956 1036 κατά
981 985 1182 1055 Κύριον
1214 985 1554 1057 πράγμασιν.
1591 987 1654 1039 EE
1701 987 1759 1039 δὲ
1793 985 1852 1038 τὸ
1904 987 1961 1038 ἐν

383 1069 495 1128 τοῖς
529 1065 806 1135 βιωτικοῖς
851 1063 990 1120 εἷναί
1026 1085 1144 1121 τινα
1177 1070 1385 1128 πιστὸν,
1439 1069 1734 1138 ἐγκώμιον.
1777 1068 1959 1139 πολλῷ

389 1147 591 1218 μᾶλλον
630 1150 689 1201 ἐν
736 1151 850 1211 τοῖς
895 1154 1307 1220 πνευματικοῖς.
1343 1152 1407 1204 El
1458 1153 1633 1204 τοίνυν
1679 1152 1960 1223 ἀγαπητὸν

383 1229 549 1282 αὐτοῦ
582 1230 793 1291 τέκνον,
829 1233 1083 1302 ἐννόησον
1111 1234 1252 1303 πόση
1293 1234 1386 1288 τοῦ
1433 1235 1646 1288 Παύλου
1679 1239 1711 1306 ἡ
1746 1236 1956 1304 ἀγάπη,

381 1315 464 1367 ὅτι
489 1314 664 1366 είλετο
684 1313 848 1366 αὐτοῦ
866 1315 1201 1384 χωρισθῆναι
1221 1317 1309 1370 διὰ
1333 1319 1670 1388 Κορινθίους.
1701 1321 1760 1372 Et
1785 1319 1841 1371 δὲ
1865 1319 1960 1371 καὶ

382 1396 617 1461 πιστὸν,
666 1395 924 1466 ἀλήπτως
961 1397 1270 1469 διακονήσει
1311 1404 1426 1462 τοῖς
1472 1403 1813 1472 πράγμασιν.
1860 1403 1960 1465 ’ος

383 1477 538 1547 ὑμᾶς
579 1478 939 1547 ἀναμνήσει.
981 1481 1092 1533 Οὐκ
1126 1479 1274 1542 εἷπε,
1306 1483 1546 1550 Διδάξει,
1580 1485 1666 1538 ἵνα
1717 1485 1792 1556 μὴ
1835 1485 1959 1537 δυσο

382 1563 786 1630 ανασχετῶσιν,
817 1564 892 1624 ὠς
927 1566 1056 1634 παρ’
1088 1565 1252 1618 αὐτοῦ
1281 1567 1656 1636 μανθάνοντες.
1681 1570 1779 1622 Διά
1806 1568 1960 1622 τοῦτο

383 1647 478 1698 καὶ
507 1647 646 1716 πρὸς
669 1645 748 1715 τῷ
775 1647 913 1699 τέλει
948 1647 1112 1716 φησί’
1153 1649 1222 1702 Τὸ
1249 1649 1358 1717 γὰρ
1400 1651 1578 1720 ἔργον
1620 1653 1841 1720 Κυρίου
1866 1652 1960 1720 ἐρ-

383 1729 634 1797 γάζεται,
673 1730 868 1795 καθὼς
896 1732 993 1784 καὶ
1020 1730 1134 1800 ἐγώ
1165 1749 1178 1763 ο
1221 1735 1294 1803 μή
1323 1751 1403 1796 τις
1435 1732 1527 1788 οῦν
1557 1736 1719 1788 αὐτὸν
1751 1736 1962 1800 ἐξουθε-

385 1814 546 1882 νήσῃ.
589 1812 779 1875 Οὐδεὶς
821 1812 930 1885 7&9
961 1809 1029 1883 ῆν
1079 1817 1137 1868 ἐν
1188 1817 1505 1880 ἀποστόλοις
1562 1819 1774 1885 φθόνος,
1827 1817 1961 1871 ἀλλά

385 1895 524 1964 πρὸς
563 1894 623 1947 ἓν
646 1894 859 1963 ἐώρων,
891 1896 992 1964 τῆς
1028 1896 1354 1967 Ἐκκλησίας
1383 1899 1482 1970 τὴν
1513 1901 1799 1970 οἰκοδομήν
1819 1915 1830 1928 ⁸
1867 1902 1956 1953 καὶ

386 1977 436 2029 εί
451 1976 695 2030 ἐλάττων
713 1972 783 2046 ἦν
808 1980 836 2030 ό
858 1979 1242 2048 ἐργαζόμενος,
1264 1983 1618 2052 συνεκρότουν
1641 1983 1802 2034 αὐτὸν
1823 1982 1961 2051 μετά

389 2061 626 2129 σπουδῆς
658 2061 898 2131 ἀπάσης.
930 2062 1024 2113 Διὰ
1047 2061 1202 2116 τοῦτο
1235 2063 1354 2116 οὐδέ
1389 2064 1628 2134 ἠρκέσθη
1663 2063 1740 2134 τῷ
1764 2065 1956 2127 εἰπεῖν,

385 2141 774 2211 Ἀναμνήσει,
805 2144 921 2196 ἀλλ’
947 2145 1039 2196 ἐπ)⁵
1060 2144 1219 2197 πλέον
1240 2147 1363 2212 άγει
1389 2147 1478 2199 τὸν
1507 2147 1662 2214 λόγον
1690 2159 1738 2209 α,
1763 2147 1959 2198 ὑποτέ-

394 2224 626 2292 μνεσθαι
672 2223 993 2294 βουλόμενος
1043 2226 1224 2280 αὐτῶν
1270 2227 1358 2280 τὸν
1399 2228 1591 2296 φθόνον
1625 2229 1738 2295 (καὶ
1763 2229 1871 2299 γάρ
1894 2223 1961 2297 ἦν

385 2308 506 2369 νέος
526 2310 554 2361 ό
584 2307 893 2378 Τιμόθεος)’
923 2310 1003 2362 διὸ
1037 2311 1280 2381 ἐπήγαγε
1302 2329 1316 2341 ·
1357 2313 1466 2378 Τὰς
1504 2312 1683 2378 ὁδούς
1710 2330 1850 2382 μου.
1884 2311 1960 2364 Οὐ

385 2390 488 2454 τὰς
519 2392 710 2458 αὐτοῦ,
743 2392 878 2446 άλλά
898 2394 994 2457 τὰς
1029 2395 1184 2464 ἐμάς,
1209 2396 1474 2460 τουτέστι,
1502 2398 1602 2461 τάς
1629 2399 1960 2468 οἰκονομίας.

385 2477 516 2537 τοὺς
544 2476 845 2540 κινδύνους,
883 2478 950 2530 τά
979 2477 1072 2547 ἔθη
1091 2518 1104 2541 ,
1146 2479 1272 2542 τοὺς
1308 2480 1524 2550 νόμους,
1553 2482 1677 2545 τοὺς
1705 2482 1960 2551 θεσμοὺς,

385 2558 515 2618 τοὺς
565 2558 794 2622 κανόνας
847 2559 973 2622 τοὺς
1000 2560 1410 2626 ἀποστολικοὺς,
1456 2563 1525 2615 τά
1575 2563 1710 2616 ἄλλα
1761 2566 1959 2620 πάντα.

399 2638 622 2710 Ἐπειδὴ
670 2641 776 2712 7&9
833 2637 974 2703 εἷπε,
1013 2645 1474 2713 Γυμνητεύομεν
1515 2647 1613 2698 καὶ
1653 2646 1964 2716 κολαφιζόο

381 2726 539 2790 μεθα
559 2723 657 2775 καί
682 2724 1075 2792 ἀστατοῦμεν,
1105 2727 1197 2779 καὶ⁹
1221 2727 1412 2792 ταῦτα,
1436 2730 1590 2798 φησὶ,
1618 2730 1793 2783 πάντα
1822 2731 1965 2798 ὑμᾶς

385 2805 694 2876 ἀναμνήσει
725 2807 816 2860 καὶ
847 2809 973 2871 τοὺς
999 2809 1196 2879 νόμους
1235 2811 1359 2872 τοὺς
1385 2811 1475 2864 τοῦ
1505 2812 1738 2882 Χριστοῦ
1759 2851 1775 2876 ,
1822 2812 1962 2865 ὥστε

386 2888 490 2951 τὰς
522 2890 763 2958 αἱρέσεις
790 2890 1018 2947 ἀνελεῖν.
1057 2888 1188 2944 Εἶτα
1221 2893 1475 2964 ἀνωτέρω
1519 2895 1608 2947 τὸν
1653 2896 1808 2963 λόγον
1871 2897 1964 2948 ἀν-

389 2970 616 3039 αγαγὼν
642 2975 887 3044 ἐπήγαγε
914 2988 928 3003 ⁸
960 2974 1034 3028 Τὰ
1066 2975 1134 3028 ἐν
1149 2977 1380 3044 Χριστῷ
1397 2994 1413 3009 ο
1446 2979 1727 3043 πάντα,ώς
1753 2980 1962 3042 εἴωθεν,

390 3056 669 3118 ἀνατιθεὶς
713 3056 792 3126 τῷ
817 3057 1081 3129 Δεσπότῃ,
1122 3060 1216 3111 καὶ
1259 3061 1320 3112 τὸ
1356 3061 1666 3126 ἀξιόπιστον
1698 3063 1804 3116 τῶν
1839 3063 1963 3132 ἐξῆς

389 3139 647 3193 ἐντεῦθεν
707 3142 1131 3206 κατασκευάζων
1165 3159 1178 3171 ·
1241 3142 1390 3216 [HS]
1443 3147 1524 3199 διὸ
1577 3147 1672 3199 καὶ
1724 3146 1957 3213 ἐπάγει’

390 3223 600 3289 Καθὼς
617 3225 932 3294 πανταχοῦ
956 3227 1025 3279 ἐν
1044 3227 1212 3296 πάσῃ
1230 3230 1552 3297 Ἑκκλησίςι
1574 3229 1965 3283 διδάσκω.οὐο

391 3305 484 3358 δὲν
513 3307 651 3380 πρὸς
683 3309 826 3377 ὑμᾶς
860 3311 1043 3363 καινὸν
1075 3307 1258 3364 εἶπον·
1290 3311 1460 3366 ταῦτά
1485 3329 1573 3381 μοι
1605 3313 1852 3364 συνίσασι
1871 3311 1964 3364 καὶ

390 3391 453 3444 at
477 3389 662 3443 λοιπαὶ
701 3392 1019 3464 Ἐκκλησίαι
1046 3397 1232 3449 πᾶσαι.
1272 3397 1452 3459 Ὁδοὺς
1482 3397 1538 3449 δὲ
1556 3395 1724 3459 αὐτάς
1749 3398 1804 3448 ἐν
1829 3397 1963 3462 Χρι-

395 3473 509 3542 στῴ
534 3491 689 3542 φησι,
723 3475 935 3540 δεικνὺς
961 3479 1043 3531 δτι
1065 3479 1215 3532 οὐδὲν
1242 3478 1456 3549 ἔχουσιν
1477 3479 1836 3550 ἀνθρώπινον,
1870 3481 1964 3532 καὶ

392 3559 474 3610 δτι
512 3556 653 3622 μετά
683 3558 782 3626 τῆς
829 3559 1036 3613 ἐκεῖθεν
1085 3560 1334 3632 βοηθείας
1365 3562 1430 3614 τά
1481 3563 1653 3615 πάντα
1688 3561 1961 3631 κατορθοῖ.

397 3637 653 3692 Εἰπὼνδέ
673 3639 848 3696 ταῦτα
863 3643 958 3695 καὶ
982 3643 1325 3713 θεραπεύσας
1347 3645 1608 3707 ἐκείνους,
1636 3645 1729 3698 καὶ
1757 3645 1962 3714 μέλλων

393 3721 686 3789 ἐμϐάλλειν
729 3725 808 3786 είς
854 3723 952 3796 τὴν
999 3725 1333 3797 κατηγορίαν
1362 3727 1455 3779 τοῦ
1507 3728 1960 3798 πεπορνευκότος,

395 3805 558 3858 πάλιν
587 3805 762 3874 θυμοῦ
802 3807 1070 3876 γέμοντας
1111 3809 1300 3876 λόγους
1349 3809 1593 3878 ἀφίησιν,
1648 3811 1749 3862 οὐκ
1801 3811 1964 3869 αὐτὸς

393 3887 566 3943 ταῦτα
596 3889 845 3957 πάσχων,
866 3890 978 3943 ἀλλ’
1007 3891 1250 3954 ἐκείνους
1289 3891 1668 3960 διορθούμενος
1695 3908 1708 3921 ο
1752 3894 1844 3944 καὶ
1873 3893 1965 3944 τὸν

396 3977 806 4040 πεπορνευκότα
828 3973 1120 4040 ἀφεὶς,τοῖς
1143 3972 1322 4037 ἄλλοις
1339 3972 1664 4042 διαλέγεται,
1682 3974 1782 4028 οὐκ
1801 3975 1966 4040 ἀξιῶν

394 4051 609 4105 ἐκεῖνον
640 4051 761 4106 οὐτε
812 4054 922 4107 τῶν
950 4055 1080 4124 παρ’
1111 4054 1275 4109 αὐτοῦ
1323 4056 1495 4124 λόγων
1516 4072 1531 4088 ⁸
1559 4058 1695 4127 ὅπερ
1725 4057 1818 4110 ἐπὶ
1856 4059 1966 4112 τῶν

401 4135 632 4188 οἰκετῶν
653 4136 754 4189 τῶν
777 4138 982 4210 σφόδρα
1012 4139 1529 4211 προσκεκρουκότων
1550 4139 1826 4211 ποιοῦμεν.
1857 4143 1966 4198 Καὶ

403 4217 595 4288 ἐπειδὴ
621 4215 790 4283 εἶπεν,
816 4221 899 4274 ὅτι
923 4221 1186 4290 Τιμόθεον
1217 4223 1440 4291 πέμπω,
1465 4222 1550 4275 ἵνα
1582 4223 1656 4293 μὴ
1673 4222 1848 4294 τούτῳ
1868 4225 1965 4294 9;-

401 4301 689 4371 θυμότεροι
709 4303 991 4370 γένωνται,
1017 4304 1118 4373 δρα
1145 4303 1198 4356 τί
1234 4321 1398 4374 φησιν
1419 4321 1432 4334 ο
1473 4305 1570 4368 Ὠς
1609 4305 1696 4375 μὴ
1724 4305 1967 4375 ἐρχομέ-

397 4400 513 4438 νου
543 4382 612 4436 δέ
640 4401 761 4452 μου
791 4385 942 4452 πρὸς
974 4383 1149 4455 ὑμᾶς,
1173 4387 1600 4456 ἐφυσιώθησάν
1631 4405 1810 4454 τινες.
1854 4389 1968 4443 Ἐν-

397 4467 572 4520 ταῦθα
593 4468 703 4538 7&9
727 4469 819 4521 καὶ
844 4469 1068 4524 ἐκείνων
1097 4470 1434 4525 καθάπτεται
1455 4472 1545 4524 καὶ
1565 4472 1764 4544 ἐτέρων
1785 4475 1964 4540 τινῶν,

400 4551 708 4604 κατασείων
731 4551 910 4605 αὐτῶν
937 4552 998 4605 τὸ
1030 4554 1302 4624 φρόνημα.
1327 4553 1616 4625 Φιλαρχίας
1656 4557 1764 4628 γὰρ
1799 4556 1970 4626 1027-

401 4633 612 4704 κλημα,
635 4636 702 4702 τῇ
731 4635 935 4706 ἐρημίᾳ
964 4634 1060 4688 τοῦ
1089 4635 1411 4691 διδασκάλου
1444 4639 1525 4700 είς
1572 4638 1830 4692 ἀπόνοιαν
1877 4656 1971 4693 κε-

401 4716 658 4787 χρῆσθαι.
696 4716 866 4770 Ὀταν
894 4717 992 4786 μὲν
1016 4713 1108 4770 οὖν
1129 4717 1264 4790 πρὸς
1292 4720 1419 4782 τοὺς
1457 4719 1685 4784 πολλοὺς
1716 4720 1968 4790 διαλέγη-

398 4816 512 4863 ται,
542 4799 735 4852 σκόπει
764 4798 880 4862 πῶς
928 4799 1295 4872 ἐντρεπτικῶς
1343 4801 1476 4856 αὐτὸ
1507 4806 1684 4856 ποιεῖ’
1737 4804 1865 4858 ὅταν
1914 4805 1972 4858 δὲ

401 4882 539 4953 πρὸς
567 4884 696 4946 τοὺς
718 4883 952 4948 αἰτίους,
988 4883 1518 4955 καταφορικώτερον.
1564 4886 1822 4950 Ἐκείνοις
1875 4888 1973 4958 μὲν

1402 297 1474 352 ΙΝ
1509 297 1741 355 ENST.
1781 297 1800 350 Ι
1839 297 1928 352 AD
1965 297 2123 354 (10R.
2168 299 2401 358 HOMIL.
2438 302 2573 358 XIV.

3515 307 3619 364 ιιο

2056 410 2383 481 φθείραντας
2411 413 2509 482 τὴν
2541 411 2885 482 Ἐκκλησίαν.
2914 415 3005 468 Διὸ
3030 416 3124 469 καὶ
3165 415 3392 484 ἐπάγει·
3423 417 3624 476 Ἐλεύ-

2055 509 2235 561 σομαι
2255 495 2323 547 δὲ
2347 497 2572 564 ταχέως
2591 497 2742 564 πρὸς
2768 498 2940 565 ὑμᾶς,
2964 499 3072 552 ἐὰν
3085 502 3118 553 ό
3137 501 3346 568 Κύριος
3366 503 3620 570 θελήσῃ.

2071 575 2230 628 Ἀλλά
2266 577 2326 629 τὸ
2357 579 2456 646 μέν
2491 578 2651 631 τοῦτο
2674 581 2848 632 είπείν
2880 581 3252 649 μόνον,ὲδόκτι
3284 583 3512 653 ἀπειλῆς
3544 581 3626 637 ιῖ-

2056 675 2176 710 ναι·
2213 658 2273 711 τὺ
2302 658 2358 710 δέ
2381 660 2477 712 καὶ
2508 661 2606 729 τὴν
2635 662 2742 714 ἀπὸ
2771 661 2880 715 τῶν
2907 663 3082 733 ἔργων
3111 664 3382 730 ἀπόδειξιν
3408 666 3502 720 καὶ
3524 667 3626 719 αὐ-

2057 739 2147 792 τὸν
2195 740 2644 808 ἐπαγγείλασθαι,
2693 745 2982 808 κάκείνους
3034 747 3301 810 ἀπαιτεῖν,
3358 747 3512 802 τοῦτο
3557 743 3628 820 ἦν

2061 822 2460 892 μεγαλόφρονος
2484 824 2746 890 διανοίας.
2782 828 2980 899 Διόπερ
3013 829 3108 881 καὶ
3137 827 3416 899 πρσέθηκε
3445 828 3626 894 τοῦτο,

2057 905 2226 960 εἰπών
2251 922 2264 936 ⁸
2297 909 2404 961 Καὶ
2431 908 2730 978 γνώσομαι
2752 913 2823 965 οὐ
2845 912 2952 965 τὸν
2970 913 3156 981 ,λόγον
3182 912 3301 965 τῶν
3321 928 3626 981 πεφυσιωο

2051 986 2271 1054 μένων,
2309 989 2471 1043 ἀλλά
2497 990 2612 1057 τὴν
2633 991 2910 1062 δύναμιν.
2948 995 3083 1047 Οὐδὲ
3131 994 3239 1066 7&9
3280 994 3389 1047 ἀπὸ
3426 1012 3626 1064 κατορ-

2057 1071 2324 1141 θωμάτων
2372 1074 2587 1128 οίκείων
2611 1116 2626 1140 ,
2672 1077 2786 1130 ἀλλ’
2839 1078 2947 1131 ἀπὸ
2999 1078 3102 1148 τῆς
3149 1079 3244 1132 τοῦ
3303 1079 3623 1133 διδασκάλου

2055 1154 2324 1218 ἀπουσίας
2367 1157 2398 1225 ή
2434 1157 2662 1211 ἀπόνοια
2691 1155 2760 1230 ἦν
2780 1177 2795 1192 ⁸
2825 1163 2962 1232 ὅπερ
2996 1163 3090 1215 καὶ
3123 1163 3252 1215 αὐτὸ
3302 1163 3526 1234 γνώμης
3556 1158 3626 1232 ἦν

2055 1238 2557 1308 καταφρονητικῆς.
2583 1240 2683 1292 Διά
2718 1241 2876 1295 τοῦτο
2903 1243 3090 1309 είπὼν,
3124 1245 3406 1313 Ἔπεμψα
3459 1246 3623 1313 de-

2056 1321 2214 1380 θεον,
2239 1321 2338 1372 οὐκ
2365 1321 2566 1384 εὐθέως
2592 1319 2766 1387 εἶπεν,
2813 1325 3131 1396 Ἐλεύσομαι
3153 1367 3168 1391 ,
3199 1326 3334 1379 ἀλλά
3362 1327 3626 1398 πρότερον

2057 1403 2236 1456 αὐτῶν
2265 1406 2680 1474 κατηγορήσας,
2721 1407 2801 1460 δτι
2827 1408 3237 1478 ἐφυσιώθησάν,
3268 1409 3388 1462 τότε
3437 1410 3622 1478 φησίν·

2071 1486 2443 1556 Ἐλεύσομαι.
2496 1489 2560 1541 El
2610 1490 2707 1558 μὲν
2735 1491 2842 1561 γάρ
2874 1491 2981 1560 πρὸ
3005 1491 3103 1562 τῆς
3125 1491 3457 1562 κατηγορίας
3492 1493 3627 1545 αὐτὸ

2056 1567 2317 1631 τέθεικεν,
2341 1571 2607 1638 ἀπολογία
2632 1572 2830 1642 μᾶλλον
2852 1573 3064 1642 ἐγένετο
3088 1573 3252 1628 αὐτοῦ
3275 1573 3349 1636 ὡς
3367 1575 3467 1627 οὐκ
3491 1575 3625 1628 ἀπο-

2056 1648 2384 1718 λειφθέντος,
2417 1654 2510 1706 καὶ
2539 1654 2639 1708 οὐκ
2667 1657 2886 1725 ἀπειλὴ,
2920 1658 3014 1710 καὶ
3045 1657 3164 1710 οὐδέ
3190 1651 3344 1719 οὗτος
3373 1657 3400 1696 ι’
3434 1659 3627 1721 πιστὸς

2056 1734 2082 1785 ὁ
2116 1731 2270 1799 λόγος
2295 1729 2361 1803 ἦν
2384 1749 2398 1762 ο
2430 1737 2547 1788 νυνὶ
2579 1736 2636 1788 δὲ
2673 1737 2810 1806 μετά
2843 1739 2944 1808 τὴν
2991 1737 3324 1808 κατηγορίαν
3357 1737 3489 1799 θεὶς,
3530 1741 3625 1792 καὶ

2057 1813 2368 1877 ἀξιόπιστον
2393 1817 2554 1868 αὐτὸν
2576 1819 2666 1870 καὶ
2688 1819 2916 1890 φοϐερὸν
2939 1819 3179 1890 ἐποίησε.
3205 1819 3312 1872 Καὶ
3332 1820 3432 1888 δρα
3458 1818 3624 1871 αὑτοῦ

2055 1894 2116 1946 τὸ
2140 1895 2357 1964 βέϐαιον
2379 1899 2469 1950 καὶ
2499 1899 2758 1968 ἀσφαλές.
2792 1901 2866 1952 Οὐ
2894 1901 3000 1970 γὰρ
3016 1899 3201 1962 ἀπλῶς
3230 1895 3402 1964 εἶπεν,
3423 1900 3628 1954 Ἐλεύ-

2059 1991 2258 2044 σομαι,
2298 1978 2435 2042 ἀλλ’,
2478 1981 2614 2034 Ἐὰν
2636 1986 2668 2035 ὀ
2689 1983 2904 2049 Κύριος
2938 1983 3170 2050 θελήσῃ
3190 1996 3204 2011 °
3235 1983 3329 2035 καὶ
3360 1982 3421 2034 οὐ
3444 1982 3627 2051 τίθησι

2057 2060 2248 2128 χρόνον
2283 2059 2606 2132 ὡρισμένον.
2672 2065 2889 2135 Ἐπειδὴ
2945 2064 3054 2133 7&9
3109 2063 3422 2117 συνέϐαινεν
3467 2063 3628 2115 αὐτὸν

2059 2140 2301 2210 βραδέως
2330 2146 2736 2214 παραγενέσθαι
2765 2185 2779 2208 ,
2809 2151 2877 2217 τῇ
2908 2146 3102 2215 ἀδηλία
3139 2145 3384 2215 βούλεται
3429 2144 3627 2206 αὐτοὺς

2057 2227 2383 2294 ἐναγωνίους
2415 2232 2654 2299 πῖιῆσαι.
2677 2231 2788 2283 Καὶ
2817 2231 2905 2283 ἵνα
2930 2229 3004 2300 μὴ
3026 2229 3114 2282 διὰ
3137 2230 3292 2282 τοῦτο
3311 2227 3473 2280 πάλιν
3493 2227 3595 2279 ἀνα
3616 2255 3627 2264 ο

2058 2309 2288 2375 πέσωσι,
2332 2312 2662 2382 προσέθηκεο
2719 2312 2968 2380 Ταχέως.
3017 2312 3129 2366 Καὶ
3163 2310 3506 2379 γνώσομαι,
3554 2311 3628 2362 οὑ

2058 2394 2166 2447 τὸν
2199 2395 2386 2462 λόγον
2418 2394 2536 2448 τῶν
2563 2395 3052 2466 πεφυσιωμένων,
3087 2395 3246 2450 ἀλλὰ
3281 2394 3396 2461 τὴν
3443 2393 3628 2446 δύνα-

2054 2493 2181 2546 μιν.
2213 2478 2326 2530 Οὐκ
2347 2473 2520 2539 εἶπεν,
2547 2479 2627 2531 ὅτι
2661 2479 2943 2549 Γνώσομαι
2972 2478 3069 2549 τὴν
3103 2475 3312 2547 σοφίαν,
3341 2474 3488 2548 [H9]
3507 2474 3629 2528 οὐδὲ

2059 2559 2124 2612 τά
2157 2563 2379 2630 σημεῖα,
2424 2561 2558 2614 ἀλλὰ
2581 2563 2669 2626 τί;
2696 2564 2778 2616 Οὐ
2808 2563 2915 2614 τὸν
2932 2561 3145 2630 λόγον·
3171 2563 3391 2614 κάκεῖνο
3416 2558 3492 2628 τῷ
3513 2559 3630 2612 6V6-

2063 2657 2194 2710 ματι
2219 2644 2567 2714 καταφέρων,
2601 2645 2876 2697 καὶτοῦτο
2903 2644 3166 2713 ἐπαίρων.
3196 2642 3308 2695 Καὶ
3333 2642 3467 2704 τέως
3492 2641 3628 2712 πρὸς

2059 2727 2186 2789 τοὺς
2219 2726 2411 2790 ἀλλους
2440 2729 2784 2782 ἀποτείνεται
2813 2728 2939 2790 τοὺς
2964 2724 3394 2798 συγκροτοῦντας
3423 2725 3518 2776 τὸν
3539 2742 3630 2777 πε-

2062 2810 2420 2878 πορνευκότα.
2453 2811 2516 2863 Εἰ
2539 2811 2646 2883 7&9
2671 2813 2805 2881 πρὸς
2837 2813 3042 2863 ἐκεῖνον
3063 2810 3266 2877 ἔλεγεν,
3294 2808 3392 2861 οὐκ
3419 2808 3483 2860 ἂν
3506 2802 3628 2861 εἶπε

2060 2891 2158 2963 τὴν
2191 2892 2438 2963 δύναμιν,
2469 2895 2605 2948 ἀλλά
2631 2896 2699 2949 τά
2743 2896 2900 2965 ἔργα,
2934 2895 3077 2963 ἀπερ
3109 2887 3175 2963 ἦν
3206 2891 3352 2960 αὐτῷ
3372 2890 3628 2960 διεφθαρ-

2063 2978 2223 3046 μένα.
2270 2979 2378 3030 Καὶ
2416 2977 2501 3030 διὰ
2528 2978 2580 3030 τί
2629 2979 2689 3031 οὐ
2737 2978 2918 3048 ζητεῖς
2949 2978 3041 3029 τὸν
3078 2975 3264 3043 λόγον;
3296 2974 3408 3026 Οὐκ
3443 2974 3630 3042 ἐπειδὴ

2060 3058 2250 3128 ἀπορῶ
2279 3059 2456 3128 λόγου,
2491 3059 2605 3115 ἀλλ’
2638 3060 2825 3130 ἐπειδὴ
2879 3061 2936 3112 ἐν
2986 3059 3212 3128 δυνάμει
3251 3055 3320 3108 τά
3353 3055 3626 3126 ἡμέτερα.

2061 3143 2328 3214 Καθάπερ
2350 3139 2441 3196 οὖν
2475 3145 2532 3197 ἐν
2577 3144 2797 3214 πολέμῳ
2823 3144 2885 3196 οὐ
2919 3145 3026 3196 τῶν
3052 3143 3219 3194 πολλά
3246 3140 3630 3212 φθεγγομένων

2059 3225 2118 3277 τὸ
2151 3226 2469 3296 κατορθοῦν,
2515 3227 2650 3280 ἀλλά
2683 3227 2788 3280 τῶν
2823 3226 2988 3280 πολλὰ
3034 3225 3446 3296 ἐργαζομένων·
3488 3223 3630 3276 οὕτω

2059 3306 2123 3376 δὴ
2146 3310 2240 3361 καὶ
2270 3309 2523 3370 ἐνταῦθα,
2544 3311 2603 3362 οὐ
2633 3309 2740 3362 τῶν
2764 3308 3086 3374 λαλούντων,
3115 3308 3252 3362 ἀλλὰ
3274 3308 3381 3360 τῶν
3410 3304 3631 3358 ποιούν-

2059 3394 2231 3462 τωνή
2285 3393 2430 3462 νίκη.
2465 3393 2623 3460 Μέγα
2661 3395 2875 3464 φρονεῖς
2925 3392 3018 3444 ἐπὶ
3065 3389 3386 3460 εὐγλωττίᾳ,
3430 3385 3628 3457 φησίνο

2059 3475 2175 3527 ἀλλ’
2203 3478 2250 3528 εί
2285 3477 2383 3544 μὲν
2414 3476 2659 3546 ρητόρων
2685 3476 2712 3526 ὁ
2743 3474 2889 3541 ἀγὼν
2916 3475 3010 3528 καὶ
3029 3475 3057 3527 δ
3083 3473 3294 3544 καιρὸς,
3337 3471 3516 3532 καλῶς
3546 3472 3632 3523 ἐν·

2060 3557 2248 3610 τεῦθεν
2279 3558 2554 3628 ὲφρόνειςο
2597 3561 2644 3610 εί
2688 3557 2744 3610 δέ
2780 3558 3089 3610 ἀποστόλων
3122 3556 3379 3628 ἀλήθειαν
3425 3567 3631 3620 καταγφ

2060 3641 2378 3708 γελλόντων,
2420 3641 2513 3694 καὶ
2545 3641 2792 3710 σημείοις
2825 3639 3027 3710 ταύτην
3052 3639 3432 3710 βεϐαιούντων,
3457 3637 3509 3688 τί
3536 3653 3633 3688 πε-

2061 3724 2302 3794 φύσησαι
2332 3727 2424 3776 ἐπὶ
2450 3725 2736 3795 πράγματι
2760 3723 3001 3794 περιττῷ
3031 3723 3125 3776 καὶ
3151 3721 3304 3774 οὐδὲν
3345 3719 3478 3782 δντι,
3510 3718 3631 3779 οὐδὲ

2062 3809 2142 3867 είς
2172 3807 2240 3858 τά
2274 3808 2514 3876 παρόντα
2542 3825 2592 3858 τι
2619 3807 2931 3859 συντελέσαι
2961 3805 3282 3875 δυναμένῳς
3312 3803 3377 3856 Τί
3407 3804 3515 3872 7&9
3547 3800 3634 3853 λό-

2062 3904 2174 3955 γων
2200 3887 2457 3952 ἐπίδειξις
2483 3887 2685 3942 δύναιτ’
2721 3890 2787 3941 ἂν
2819 3889 2953 3959 πρὸς
2981 3888 3042 3940 τὸ
3079 3887 3269 3958 νεκρὸν
3303 3884 3630 3954 ἀναστῆσαι,

2061 3971 2096 4041 ἢ
2123 3969 2378 4039 δαίμονας
2404 3969 2616 4030 ἐλάσαι,
2643 3969 2860 4040 ἢάλλην
2881 3969 3001 4024 τινὰ
3021 3968 3275 4038 τοιαύτην
3295 3966 3632 4038 ἐργάσασθαι

2065 4051 2509 4124 θαυματουργίαν
2532 4051 2782 4112 ςΤούτων
2807 4051 2862 4104 δὲ
2882 4051 3042 4124 χρεία
3063 4049 3179 4116 νῦν,
3203 4050 3298 4102 καὶ
3320 4049 3408 4101 διά
3430 4047 3635 4100 τούτων

2064 4135 2133 4188 τά
2158 4135 2401 4207 ἡμέτερα
2427 4134 2762 4189 συνίσταται.
2798 4133 2890 4186 Διὸ
2918 4131 3014 4186 καὶ
3047 4132 3328 4202 ἐπήγαγεν
3351 4145 3370 4198 ’γ
3397 4130 3476 4183 Οὐ
3525 4127 3636 4197 γὰρ

2065 4218 2134 4272 ἐν
2157 4221 2318 4287 λόγῳ
2354 4219 2392 4286 ή
2417 4219 2708 4283 ,Βασιλεία
2743 4217 2849 4272 τοῦ
2891 4217 3062 4281 Θεοῦ,
3091 4215 3229 4270 ἀλλ’
3257 4213 3327 4266 ἐν
3363 4210 3633 4280 δυνάμει.

2066 4303 2164 4356 Διά
2201 4303 2461 4373 σημείων,
2487 4302 2671 4372 φησὶν,
2695 4301 2753 4352 οὐ
2781 4300 2846 4354 δι’
2869 4300 3201 4370 εὐγλωττίας
3232 4298 3634 4368 ἐκρατήσαμεν,

2067 4387 2161 4440 καὶ
2191 4386 2285 4439 τοῦ
2320 4385 2470 4438 θείαν
2491 4382 2628 4438 εἶναι
2659 4386 2758 4454 τὴν
2786 4383 3128 4438 διδασκαλίαν
3161 4383 3336 4452 ἡμῶν,
3363 4379 3454 4433 καί
3484 4377 3638 4448 βασι-

2067 4472 2219 4524 λείαν
2267 4469 2658 4540 καταγγέλλειν
2715 4467 2994 4540 οὐρανῶν,
3054 4466 3319 4538 μεγίστην
3365 4461 3637 4528 ἀπόδειξιν

2071 4553 2437 4626 παρεχόμενοι
2465 4551 2535 4604 τά
2569 4553 2791 4621 σημεῖα,
2830 4551 2973 4622 άπερ
3012 4547 3274 4618 ποιοῦμεν
3312 4548 3378 4616 τῇ
3413 4545 3640 4614 δυνάμει

2069 4639 2163 4692 τοῦ
2187 4636 2524 4707 Πνεύματος.
2555 4636 2615 4688 El
2640 4633 2817 4688 τοίνυν
2843 4632 3068 4704 μεγάλοι
3100 4633 3244 4695 τινὲς
3270 4626 3405 4683 εἶναι
3427 4629 3642 4700 βούλον-

2069 4739 2160 4776 ται
2191 4724 2238 4776 οἱ
2268 4718 2673 4790 πεφυσιωμένοι
2692 4717 2808 4783 νῦν,
2842 4717 3061 4771 ἐπειδάν
3092 4714 3509 4786 παραγένωμαι,
3531 4712 3640 4764 δει-

2071 4804 2344 4872 ξάτωσαν,
2390 4803 2444 4855 τί
2477 4819 2600 4855 τινα
2631 4801 2860 4872 δύναμιν
2892 4799 3152 4869 τοιαύτην
3185 4798 3367 4867 έχουσι
3387 4812 3401 4826 ο
3437 4795 3532 4847 καὶ
3565 4795 3638 4864 μή

2073 4906 2163 4958 μοι
2208 4886 2468 4958 ῥημάτων
2504 4883 2994 4956 προϐαλλέσθωσαν
3038 4879 3285 4950 κόμπους
3306 4895 3320 4908 ο
3352 4877 3503 4931 οὐδὲν
3532 4877 3640 4946 7&9

400 4966 512 5034 7&9
543 4965 714 5030 λέγει,
743 4965 992 5018 Πάντων
1023 4967 1362 5036 περίψημα,
1391 4969 1486 5022 καὶ
1528 4967 1846 5040 θεραπεύων
1880 4970 2020 5044 αὐχ
2071 4973 2253 5040 ἐκείνη
2292 4970 2426 5042 πρὸς
2471 4971 2618 5039 ημᾶς
2652 4970 2684 5038 ἠ
2714 4967 2896 5036 τέχνη.
2936 4965 2996 5018 Τί
3041 4962 3280 5027 θέλετεὶ
3337 4961 3408 5015 έν
3443 4960 3644 5030 ράδδφ

404 5047 531 5108 τούς
563 5063 750 5118 φησιν·
785 5049 907 5102 Οὐκ
962 5047 1261 5116 ἐντρέπων
1297 5049 1468 5119 ὑμᾶς,
1503 5049 1705 5122 ’γράφω
1753 5053 1970 5105 ταῦτα’

403 5128 614 5195 τούτοις
638 5132 716 5194 δὲ,
758 5131 851 5197 Ὡς
875 5131 961 5201 μὴ
995 5132 1320 5201 ἐρχομένου
1349 5133 1416 5188 δέ
1440 5152 1560 5202 μου
1595 5135 1744 5203 πρὸς
1795 5133 1970 5204 ὑμᾶς,

400 5215 834 5283 ἐφυσιώθησάν
866 5233 1020 5284 τινες
1039 5257 1055 5280 ,
1085 5217 1299 5282 δεικνὺς
1326 5219 1406 5271 δτι
1454 5219 1707 5288 παιδικῆς
1739 5220 1973 5284 διανοίας

404 5299 442 5366 η
464 5298 690 5351 ἀπόνοια
714 5315 727 5328 ·
761 5298 854 5352 καὶ
881 5300 988 5370 γὰρ
1013 5299 1064 5352 οἱ
1098 5299 1284 5362 παῖδες
1323 5303 1390 5370 τῇ
1422 5301 1658 5372 ἀπουσίᾳ
1688 5301 1780 5354 τοῦ
1827 5303 1974 5356 διδαο

406 5381 608 5435 τκάλου
643 5383 1001 5454 ῥᾳθυμότεροι
1034 5381 1296 5451 γίνονται.
1322 5385 1492 5437 Τοῦτο
1513 5385 1568 5438 δὲ
1599 5383 1691 5440 οὗν
1714 5386 1977 5441 ἐνδείκνυ-

403 5482 516 5526 ται.
547 5467 644 5520 καὶ
667 5468 750 5520 ὅτι
786 5470 948 5537 ἀρκεῖ
976 5468 1109 5537 πρὸς
1129 5468 1412 5540 διόρθωσιν
1436 5471 1467 5539 ἡ
1505 5471 1796 5541 παρουσία.

479 5547 544 5617 β’.
572 5549 838 5619 Καθάπερ
865 5550 970 5620 7&9
1026 5551 1239 5614 λέοντος
1278 5553 1544 5621 παρουσία
1575 5553 1784 5607 ἅπαντα
1835 5557 1976 5609 ποιεῖ

409 5631 816 5701 κατεπτηχέναι
840 5633 907 5685 τά
931 5633 1071 5698 ζῶα·
1105 5633 1246 5687 οὓτω
1276 5634 1367 5687 καὶ
1395 5636 1427 5705 η
1456 5635 1662 5689 Παύλου
1703 5639 1827 5701 τοὺς
1858 5637 1974 5690 διαο

470 5825 497 5878 .⁸
523 5821 735 5876 Deeram
771 5825 930 5887 verba,
956 5825 1055 5886 ἄγει
1109 5826 1357 5888 τὸνλόγον.

2070 5053 2225 5108 ἔλθω
2242 5054 2392 5121 πρὸς
2421 5051 2596 5120 ὑμᾶς.
2625 5051 2662 5117 ἢ
2691 5049 2759 5101 ἐν
2786 5048 2985 5116 ἀγάπῃ
3032 5046 3325 5118 πνεύματί
3360 5061 3424 5100 τε
3459 5046 3662 5114 apud;

2073 5150 2280 5202 τητος;
2323 5134 2460 5186 Πολὺ
2491 5133 2584 5185 καὶ
2611 5132 2672 5185 τὸ
2699 5131 2928 5203 φοϐερὸν
2976 5131 3086 5202 ἔχει
3113 5133 3205 5185 καὶ
3232 5129 3292 5183 τὸ
3327 5127 3593 5200 προσηνὲς
3614 5127 3644 5178 δ

2073 5217 2230 5285 λόγος
2261 5209 2435 5278 οὗτος.
2471 5215 2543 5268 Τὸ
2579 5215 2676 5286 μὲν
2696 5213 2805 5286 7&9
2841 5216 3044 5278 εἰπεῖν,
3076 5215 3157 5268 ὅτι
3186 5211 3520 5278 Γνώσομαι,
3561 5207 3641 5258 ἔτι

2079 5298 2480 5369 ὑπεσταλμένον
2503 5292 2570 5368 ῆν
2593 5313 2607 5328 ο
2633 5298 2694 5350 τὸ
2719 5297 2776 5350 δὲ
2801 5299 2996 5362 εἰπεῖν,
3022 5297 3082 5350 Τί
3100 5294 3337 5356 θέλετε;
3361 5292 3431 5344 ἐν
3447 5287 3644 5356 ῥάϐδῳ

2075 5382 2229 5436 ἔλθω
2252 5379 2402 5448 πρὸς
2432 5379 2624 5449 ὑμᾶς;
2656 5381 2748 5434 ἐπὶ
2777 5379 2867 5432 τὸν
2898 5376 3272 5431 διδασκαλικὸν
3303 5369 3488 5425 λοιπὸν
3511 5370 3644 5422 ἀναο

2077 5465 2355 5526 ϐαίνοντος
2379 5463 2567 5536 θρόνον
2597 5462 2851 5517 κάκεῖθεν
2875 5462 3058 5522 αὐτοῖς
3093 5456 3472 5526 διαλεγομένου
3495 5492 3509 5517 ,
3549 5455 3644 5506 καὶ

2077 5551 2174 5620 τὴν
2204 5549 2451 5614 ἐξουσίαν
2479 5547 2836 5607 ἀναλαϐόντος
2868 5545 3068 5596 πᾶσαν.
3099 5541 3163 5594 Τί
3197 5542 3362 5605 ἐστιν,
3416 5538 3512 5629 Ἐν

2080 5635 2233 5697 εδῳ;
2273 5634 2362 5686 Ἐν
2391 5631 2631 5691 κολάσει,
2673 5631 2728 5681 ὲν
2767 5626 3020 5697 τιμωρία,
3062 5625 3371 5687 τουτέστιν,
3423 5622 3648 5680 Ἀνελῶ,

2146 5825 2172 5865 ι»
2205 5823 2350 5884 ΒίἮη
2377 5820 2484 5869 οὐδὲ
2508 5821 2655 5875 οὕτως
