4086 6214
397 349 486 403 117

388 461 524 532 Quid
560 470 642 517 est
676 501 691 527 ,
724 459 786 513 lu
815 459 998 530 virga?
1029 457 1078 512 id
1110 466 1190 510 est
1215 497 1229 518 ,
1257 457 1309 510 in
1337 454 1728 532 casdgatione,
1760 454 1811 506 in
1835 466 1955 520 sup-

388 554 547 623 p‘icio
577 570 592 617 ;
621 551 724 605 hoc
753 560 834 603 est
859 592 874 615 ,
910 550 983 604 De
1007 548 1182 602 medio
1211 546 1388 601 tollam
1421 587 1436 611 ,
1465 544 1744 600 exczecabo
1777 560 1789 596 :
1822 543 1962 612 quod

389 645 442 698 in
467 641 731 712 Sapphira
757 641 948 696 Petrus
979 640 1122 704 fecit,
1147 649 1198 692 et
1220 639 1334 706 ipse
1357 639 1407 691 in
1437 637 1620 708 Elyma
1654 650 1828 706 mago.
1853 633 1966 688 Non

388 735 531 789 enim
563 733 675 802 jam
707 731 878 797 dicit,
912 740 1177 799 tamquam
1218 745 1275 783 se
1319 743 1437 782 cum
1481 727 1588 782 illis
1627 742 1965 796 comparans,

388 825 478 880 sed
519 840 643 878 cum
690 825 1031 877 auctoritate.
1061 821 1126 875 Et
1151 824 1200 875 in
1233 819 1464 874 secunda
1502 820 1728 890 epistola
1760 819 1860 872 hoc
1891 819 1970 888 ip-

387 934 500 972 sum
531 917 713 971 dicere
742 914 1160 984 deprehenditur
1188 955 1203 976 .
1247 928 1365 967 cum
1398 913 1472 966 ait
1500 929 1513 964 :
1541 911 1618 964 Au
1658 911 1969 980 experimen-

388 1021 487 1063 tum
510 1008 735 1079 queritis
761 1009 870 1077 ejus
895 1049 909 1073 ,
939 1007 1022 1076 qui
1047 1007 1097 1059 iu
1121 1022 1198 1058 me
1225 1005 1445 1074 loquitur
1464 1045 1477 1069 ,
1502 1002 1686 1056 Christi
1710 1002 1726 1070 (
1757 1001 1810 1055 9..
1848 999 1964 1054 Cor.

389 1105 474 1159 l3.
505 1102 606 1172 5)?
636 1101 701 1155 lu
722 1104 864 1172 virga
888 1101 1080 1154 veniam
1112 1142 1128 1166 ,
1157 1116 1222 1152 an
1249 1099 1298 1151 in
1329 1099 1535 1151 caritate
1561 1098 1584 1149 ἱ)
1611 1095 1746 1163 Quid
1777 1095 1916 1149 enim
1949 1133 1964 1159 ,

385 1197 435 1249 in
467 1196 613 1263 virga
658 1193 842 1248 venire
874 1231 888 1254 ,
922 1207 1096 1245 annon
1128 1188 1416 1245 caritatis?
1460 1186 1706 1242 Caritatis
1749 1185 1962 1254 quidem

384 1281 528 1350 erat;
558 1283 653 1340 sed
691 1285 812 1353 quia
839 1284 926 1353 qui
956 1283 1126 1350 diligit
1159 1322 1173 1346 ,
1207 1281 1287 1333 vix
1319 1280 1386 1333 ad
1415 1294 1622 1348 pteuam
1653 1277 1963 1332 sumendam

385 1375 597 1431 ducitur
619 1417 634 1441 ,
663 1375 783 1428 ideo
807 1375 877 1428 ita
905 1374 1158 1442 loquitur.
1182 1371 1314 1425 Cum
1343 1385 1470 1439 ergo
1497 1372 1562 1423 de
1586 1370 1849 1438 supplicio
1877 1367 1962 1422 di-

383 1467 558 1529 cebat,
607 1481 712 1518 non
761 1463 912 1530 dixit,
970 1464 1033 1516 Et
1073 1461 1262 1531 Spiritu
1313 1459 1582 1523 lenitatis,
1632 1459 1745 1522 sed,
1791 1457 1960 1527 Virga.

382 1558 636 1627 Quamvis
662 1556 791 1611 illud
815 1569 1025 1626 quoque
1041 1554 1242 1623 Spiritu
1265 1552 1414 1607 fieret
1437 1571 1450 1607 :
1475 1563 1555 1606 est
1575 1552 1715 1607 enim
1745 1550 1962 1621 spiritus

381 1647 807 1705 mansuetudinis
837 1656 889 1702 et
911 1646 1127 1716 spiritus
1157 1645 1490 1708 severitatis;
1521 1657 1702 1697 verum
1723 1657 1826 1695 non
1852 1642 1962 1695 vult

381 1744 528 1798 illum
581 1742 653 1796 ita
683 1781 698 1805 ,
732 1741 825 1794 sed
883 1755 910 1792 a
961 1737 1358 1808 benignioribus
1405 1751 1616 1791 vocare.
1669 1735 1958 1803 Propterea

384 1837 522 1890 Deus
562 1849 778 1905 quoque
821 1833 1027 1887 etiamsi
1073 1831 1254 1901 puniat
1278 1871 1291 1895 ,
1322 1831 1463 1900 quod
1492 1831 1562 1883 sit
1604 1829 1912 1883 misericors
1941 1869 1956 1892 ,

378 1927 698 1996 longanimis
715 1937 764 1980 et
790 1924 940 1978 dives
959 1924 1008 1978 in
1032 1922 1396 1977 misericordia
1421 1932 1473 1975 et
1503 1920 1954 1985 miserationibus,

379 2034 521 2090 stepe
546 2019 779 2082 dicitur;
811 2016 953 2086 quod
975 2032 1105 2071 vero
1134 2016 1314 2085 puniat
1347 2057 1362 2079 ,
1394 2013 1558 2069 semel
1611 2023 1703 2067 aut
1737 2013 1820 2068 bis
1866 2022 1955 2068 aut

378 2122 526 2165 certe
556 2126 681 2164 raro
703 2151 716 2173 ,
745 2107 902 2176 idque
930 2116 1148 2177 urgente
1171 2120 1349 2160 causa.
1397 2105 1462 2158 Et
1493 2103 1614 2159 vide
1640 2105 1955 2174 sapientiam

377 2202 548 2256 Pauli.
595 2201 730 2255 Cum
761 2207 1075 2269 potestatem
1105 2197 1322 2251 haberet
1354 2239 1368 2260 ,
1399 2197 1707 2251 alterutrius
1751 2197 1826 2251 rei
1866 2196 1957 2250 dat

381 2293 511 2360 ipsis
566 2292 838 2360 optionem
860 2333 874 2354 ,
903 2289 1087 2344 dicens
1122 2307 1134 2343 :
1169 2289 1306 2355 Quid
1339 2289 1486 2342 uultis
1512 2288 1536 2341 ?
1562 2302 1646 2342 res
1675 2295 1757 2342 est
1782 2287 1953 2357 posita

375 2385 428 2438 in
460 2393 633 2438 vestra
664 2391 944 2453 potestate.
975 2381 1183 2436 Etenim
1209 2390 1262 2435 et
1293 2380 1393 2434 hoc
1414 2389 1465 2434 et
1484 2380 1608 2434 illud
1626 2388 1706 2434 est
1725 2381 1952 2450 positum

375 2477 434 2529 in
467 2485 650 2528 nostra
682 2483 947 2543 potestate
971 2515 985 2540 ,
1019 2481 1075 2527 ut
1104 2472 1186 2526 vel
1214 2472 1266 2526 in
1295 2471 1590 2542 gehennam
1613 2471 1908 2526 incidamus
1935 2515 1950 2539 ,

372 2565 460 2620 vel
492 2581 714 2635 regnum
742 2579 1132 2633 consequamur
1162 2582 1173 2616 :
1207 2564 1457 2634 quoniam
1492 2564 1631 2618 Deus
1661 2564 1738 2619 sic
1767 2565 1948 2619 voluit.

372 2656 509 2710 Ecce
531 2656 694 2719 enim,
729 2655 930 2724 inquit,
963 2657 1124 2725 ignem
1154 2663 1195 2708 et
1221 2672 1403 2724 aquam
1436 2671 1454 2707 :
1482 2655 1549 2708 ad
1578 2657 1713 2724 quod
1738 2657 1951 2709 volueris

370 2747 612 2802 extendes
637 2763 839 2800 manum
868 2756 1005 2799 tuam
1028 2745 1210 2815 (Eucti.
1237 2746 1322 2800 15.
1354 2745 1438 2800 16.
1465 2747 1517 2798 iu
1547 2744 1764 2817 erco);
1795 2756 1869 2812 et,
1892 2746 1952 2801 Si

369 2839 631 2893 volueritis
658 2881 673 2904 ,
704 2847 751 2892 et
791 2855 869 2891 me
914 2838 1175 2892 audieritis
1207 2877 1220 2901 ,
1274 2837 1401 2890 bona
1437 2846 1582 2890 teme
1640 2838 1903 2891 comedetis
1933 2839 1947 2868 ¹

371 2933 526 3005 (Isai.
563 2934 612 2986 1.
646 2930 759 3003 19).

445 3026 494 3079 5.
533 3024 766 3094 Regnum
813 3022 1048 3075 (telorum
1091 3021 1339 3091 quomodo
1384 3021 1762 3090 acquireudum.
1790 3052 1859 3062 —
1885 3022 1954 3076 At

369 3118 604 3173 fortasse
626 3116 766 3170 dicet
790 3115 1072 3185 quispiam,
1093 3112 1248 3167 Volo.
1282 3114 1346 3167 Et
1369 3129 1532 3167 nemo
1559 3114 1629 3167 ita
1653 3114 1846 3168 stultus
1868 3122 1950 3168 est

369 3221 426 3265 ut
457 3209 587 3264 nolit
623 3252 639 3272 ,
668 3207 764 3263 sed
791 3223 895 3261 non
918 3207 1111 3261 sufﬁcit
1137 3207 1264 3260 mihi
1290 3207 1446 3262 velle.
1482 3206 1774 3260 Enimvero
1799 3207 1948 3261 suffl-

369 3301 466 3367 eit,
490 3301 532 3355 si
563 3298 696 3352 velis
720 3307 776 3351 ut
801 3305 1030 3365 Oportet,
1058 3305 1111 3350 et
1137 3311 1198 3350 ea
1227 3296 1389 3350 facias
1415 3311 1532 3365 quae
1555 3295 1780 3350 volentis
1801 3304 1947 3350 sunt:

371 3407 513 3446 nunc
544 3398 718 3443 autem
752 3403 854 3443 non
884 3386 1166 3442 admodum
1194 3388 1292 3442 vis.
1325 3386 1391 3440 Et
1416 3386 1516 3440 hoc
1541 3387 1595 3440 iu
1623 3386 1742 3441 aliis
1767 3388 1951 3457 explo-

369 3498 553 3539 remus
585 3523 599 3545 ,
634 3481 677 3535 si
711 3480 901 3550 placet.
939 3481 1032 3533 Dic
1061 3479 1202 3534 enim
1229 3477 1360 3532 mihi
1395 3520 1408 3542 ,
1454 3480 1544 3549 qui
1573 3480 1684 3532 vult
1728 3494 1948 3533 uxorem

366 3576 567 3630 ducere
602 3615 616 3638 ,
661 3574 862 3626 satisne
892 3571 1050 3626 habet
1091 3571 1232 3640 quod
1260 3571 1421 3625 velit?
1447 3569 1786 3641 Nequaquam
1813 3587 1827 3635 ;
1856 3569 1949 3625 sed

367 3668 529 3721 etiam
557 3665 825 3735 pronubas
851 3663 1039 3733 quaerit
1068 3703 1084 3729 ,
1113 3671 1168 3717 et
1193 3663 1393 3716 amicos
1424 3672 1576 3731 rogat
1605 3676 1784 3716 secum
1813 3662 1947 3732 vigi-

367 3759 480 3813 leut
498 3801 513 3823 ,
546 3756 905 3826 pecuniasque
931 3755 1149 3823 colligit.
1173 3753 1376 3808 Rursus
1397 3763 1681 3818 mercator,
1714 3769 1816 3807 non
1848 3753 1946 3807 do-

367 3848 440 3902 mi
462 3847 659 3900 sedens
681 3847 814 3900 satis
836 3845 994 3900 habet
1019 3844 1160 3915 quod
1178 3845 1320 3909 velit,
1352 3844 1444 3899 sed
1467 3859 1653 3900 navem
1675 3844 1946 3909 conducit,

363 3947 420 3991 et
445 3946 631 3990 nautas
653 3937 990 4006 remigcsque
1013 3936 1252 4005 colligit,
1285 3936 1559 4004 pecuniam
1590 3937 1680 3990 dat
1709 3936 1897 3992 fmuori
1931 3978 1945 4002 ,

363 4039 422 4084 et
443 4031 508 4083 de
531 4029 693 4095 locis,
716 4029 892 4098 deque
916 4043 1094 4082 rerum
1121 4027 1388 4082 venalium
1421 4027 1592 4097 pretio
1629 4029 1841 4082 curiose
1871 4029 1950 4081 in-

361 4121 458 4190 qui
468 4121 554 4173 rit.
573 4119 848 4184 Quomodo
866 4119 1024 4189 igitur
1040 4134 1144 4173 non
1172 4118 1456 4173 absurdum
1474 4117 1628 4173 fuerit
1645 4119 1698 4173 in
1722 4119 1946 4174 terrenis

363 4221 573 4266 tantam
603 4211 858 4266 adhibere
890 4226 1106 4275 curam;
1134 4210 1322 4264 caelum
1353 4219 1529 4264 autem
1559 4225 1736 4266 emere
1760 4211 1946 4265 volen-

362 4309 470 4365 tes,
498 4300 610 4355 sola
631 4301 902 4354 voluntate
931 4309 1211 4355 contentos
1238 4300 1402 4355 esse?
1444 4299 1551 4354 imo
1577 4315 1706 4355 vero
1748 4317 1815 4354 ne
1845 4300 1948 4356 hoc

361 4391 543 4461 ipsum
568 4407 691 4446 cum
737 4392 1048 4462 congruenti
1077 4391 1346 4462 diligentia
1377 4394 1664 4462 praestare?
1703 4393 1832 4447 Nam
1858 4395 1955 4464 qui

360 4481 479 4534 vult
510 4488 568 4534 ut
593 4490 827 4550 oportet,
857 4497 946 4535 res
969 4495 1178 4550 quoque
1212 4482 1532 4552 aggreditur,
1579 4498 1698 4552 qua:
1737 4483 1801 4538 ad
1832 4500 1944 4538 rem

361 4573 655 4641 expetitam
681 4573 900 4626 ducunt.
931 4573 1143 4628 Etenim
1174 4575 1387 4642 quando
1416 4575 1622 4629 esuries
1657 4577 1951 4632 necessita-

365 4675 474 4719 tem
505 4665 659 4720 aﬂ'ert
688 4665 814 4730 cibi,
859 4681 962 4720 non
987 4676 1265 4736 exspectas
1289 4677 1342 4720 ut
1367 4668 1614 4723 alimenta
1643 4676 1833 4739 sponte
1853 4686 1947 4726 sua

363 4756 433 4810 ad
465 4765 518 4811 te
547 4756 788 4821 veniant,
813 4755 906 4810 sed
936 4757 1068 4810 nihil
1096 4773 1202 4812 non
1231 4758 1345 4828 agis
1382 4767 1654 4818 uttescam
1680 4761 1900 4831 colligas
1930 4778 1946 4816 :
1976 4798 1987 4805 .

364 4859 420 4902 et
451 4849 505 4901 in
532 4849 620 4902 siti
641 4857 696 4902 et
723 4850 773 4903 in
813 4849 1029 4919 frigore,
1073 4851 1125 4905 in
1153 4851 1377 4921 aliisque
1424 4853 1670 4907 omnibus
1699 4869 1864 4909 navus
1890 4870 1951 4911 es

364 4948 420 4992 et
451 4939 520 4992 ad
546 4953 728 4993 curam
752 4941 993 5010 corporis
1019 4951 1250 5011 paratus.
1282 4942 1393 4997 Hoc
1412 4957 1540 5013 ergo
1558 4944 1697 4998 circa
1725 4959 1947 5014 regnum

363 5029 626 5084 actorum
658 5031 839 5097 facito,
867 5041 921 5086 et
949 5033 1170 5087 omnino
1197 5033 1370 5103 ipsum
1411 5037 1777 5105 consequeris.
1829 5036 1951 5092 Ideo

365 5133 603 5189 namque
631 5129 681 5174 te
709 5120 878 5176 libero
897 5122 1116 5177 arbitrio
1143 5123 1420 5192 praeditum
1449 5123 1574 5180 fecit
1605 5127 1770 5192 Deus,
1801 5136 1857 5182 ut
1885 5142 1952 5183 ne

367 5218 560 5279 postea
598 5226 823 5269 accuses
851 5229 972 5270 eum
999 5215 1151 5286 quasi
1182 5216 1503 5272 necessitate
1531 5218 1828 5289 colligatus.
1869 5221 1950 5277 Tu

369 5322 510 5363 vero
534 5307 602 5362 de
627 5309 714 5372 iis,
747 5325 970 5380 quorum
995 5311 1253 5368 ltoumem
1281 5327 1340 5367 es
1368 5323 1747 5384 consequutus,
1778 5315 1844 5370 de
1865 5315 1951 5381 iis,

363 5401 612 5470 inquam,
636 5402 969 5472 indignaris?
990 5405 1120 5460 Nam
1143 5406 1338 5462 multos
1363 5407 1537 5461 audivi
1558 5407 1821 5472 dicentes,
1849 5408 1954 5464 Cur

372 5507 462 5548 me
491 5491 617 5548 fecit
651 5495 885 5562 virtutis,
907 5496 953 5550 si
999 5497 1178 5565 velim,
1223 5499 1568 5569 compotem?
1595 5497 1701 5554 Sed
1741 5508 1956 5571 oporte-

413 5720 460 5786 f
473 5716 585 5789 D_uo
607 5719 989 5789 Eadd-alterum
1008 5721 1246 5789 addentes
1266 5723 1558 5775 versiculum
1583 5724 1756 5789 legunt
1780 5737 1794 5777 :
1821 5721 1954 5785 Quod

380 5781 423 5827 si
440 5781 704 5840 nolueritis,
724 5782 917 5844 gladius
941 5783 1184 5834 devorabat
1205 5797 1304 5834 vos.

696 5863 962 5921 l‘A'raOL.
1006 5863 1123 5923 Gn.
1178 5861 1330 5922 LXI.

1437 338 1498 392 IN
1539 336 1750 393 EPIST.
1796 338 1810 390 1
1876 336 1968 391 AD
2007 335 2159 391 L'OR.
2205 335 2432 391 llOillL.
2479 339 2618 395 XIV.

3563 349 3660 400 118

2075 450 2232 506 batne
2257 460 2307 506 te
2333 453 2687 508 dormientem
2705 462 2759 509 et
2780 454 3179 520 dormitantem,
3201 457 3342 510 vitiis
3364 457 3655 513 addictmn.

2076 541 2436 610 deliciantem,
2468 545 2639 599 ventri
2673 543 3036 615 indulgentem
3071 549 3122 601 in
3149 549 3336 603 crelum
3369 548 3658 605 inducere?

2074 637 2142 688 At
2170 651 2198 688 a
2230 635 2357 690 vitio
2385 653 2491 690 non
2514 638 2888 692 abstinuisses.
2921 638 2976 693 Si
3008 641 3148 694 enim
3178 657 3316 697 nunc
3339 643 3658 697 instantibus

2073 725 2252 792 minis,
2287 742 2458 796 neque
2487 729 2563 781 sic
2591 744 2620 781 a
2649 730 2882 798 nequitia
2911 730 3148 786 abstines
3169 773 3183 797 ,
3232 735 3439 788 etiamsi
3467 736 3655 790 caelum

2075 815 2164 870 tibi
2219 819 2494 887 praemium
2537 821 2920 889 proposuisset,
2951 824 3287 891 quandouam
3337 828 3657 882 cessavisscs

2074 905 2188 961 fieri
2220 909 2498 964 socordior
2522 919 2575 963 et
2608 912 2778 965 multo
2809 912 3082 966 deterior?
3118 914 3231 967 Non
3281 915 3423 969 enim
3479 917 3658 972 dicere

2071 1001 2266 1066 possis,
2300 999 2544 1056 Ostendit
2571 1002 2785 1070 quidem
2818 1003 2977 1070 bona,
3024 1005 3117 1058 sed
3145 1019 3299 1074 opem
3343 1022 3445 1060 non
3489 1009 3605 1062 tulit
3638 1027 3651 1062 :

2071 1091 2297 1146 multum
2331 1094 2473 1146 enim
2501 1095 2678 1148 auxilii
2719 1095 2810 1150 tibi
2842 1098 3140 1165 pollicetur.
3176 1099 3280 1152 Sed
3334 1101 3520 1166 virtus,
3570 1103 3649 1156 in.

2070 1183 2241 1251 quies,
2267 1199 2492 1239 onerosa
2524 1195 2606 1240 est
2633 1195 2685 1240 ct
2715 1187 2972 1251 molesta;
3005 1205 3124 1242 cum
3155 1191 3281 1244 vitio
3306 1203 3481 1247 autem
3516 1194 3653 1247 mul-

2070 1282 2181 1327 tum
2213 1276 2593 1330 commiscetur
2625 1277 2939 1346 voluptatis;
2989 1289 3041 1332 ct
3087 1279 3188 1334 hoc
3231 1283 3442 1350 quidem
3488 1285 3648 1338 latum

2067 1375 2149 1418 est
2178 1375 2228 1419 ct
2259 1367 2572 1435 spatiosum,
2597 1374 2761 1422 virtus
2778 1379 2954 1423 autem
2982 1381 3124 1425 arcta
3150 1380 3200 1426 el
3229 1384 3466 1442 augusta.
3491 1374 3646 1438 Num,

2067 1474 2270 1527 qureso,
2303 1473 2518 1529 semper
2542 1477 2607 1514 an
2647 1461 2712 1515 ab
2744 1462 2894 1515 initio
2921 1463 3078 1517 ambo
3109 1463 3371 1533 ejusmodi
3406 1465 3650 1521 fuerunt?

2067 1550 2140 1604 De
2171 1551 2362 1605 virtute
2393 1553 2536 1606 enim
2571 1552 2767 1607 invitus
2794 1553 2925 1607 dicis
2955 1569 3015 1608 ea
3044 1571 3161 1623 qua:
3180 1556 3344 1622 dicis;
3367 1557 3436 1610 ita
3459 1566 3648 1626 potens

2063 1649 2145 1694 est
2169 1642 2382 1696 veritas.
2411 1641 2540 1696 Nam
2577 1644 2620 1697 si
2652 1645 2768 1698 duae
2813 1655 2992 1700 essent
3031 1647 3151 1712 vim,
3196 1663 3419 1716 quarum
3453 1650 3552 1702 alia
3583 1651 3646 1702 ad

2064 1730 2355 1798 fornacem,
2389 1735 2489 1788 alia
2515 1734 2580 1789 ad
2609 1737 2913 1805 paradisum
2944 1738 3185 1805 duceret,
3221 1750 3273 1794 et
3300 1740 3404 1794 lata
3432 1741 3644 1810 quidem

2062 1825 2127 1879 ad
2167 1827 2457 1890 fornacem,
2492 1836 2634 1882 arcta
2657 1843 2786 1883 vero
2808 1830 2871 1884 ad
2897 1831 3198 1897 paradisum
3232 1849 3245 1886 :
3279 1843 3450 1886 utram
3479 1834 3646 1902 elige-

2062 1932 2148 1971 res
2180 1918 2362 1971 viam?
2392 1917 2614 1972 Etiamsi
2641 1920 2784 1973 enim
2815 1934 2954 1974 nunc
2983 1921 3259 1990 disputans
3279 1923 3610 1978 contradieas
3630 1967 3642 1989 ,

2060 2010 2399 2077 quantumvis
2425 2009 2706 2078 impudens
2729 2009 2912 2077 fueris,
2940 2012 3005 2066 iis
3025 2027 3140 2082 quae
3168 2013 3218 2066 in
3250 2015 3495 2068 confesso
3522 2026 3645 2070 sunt

2059 2115 2166 2154 non
2197 2101 2394 2169 poteris
2433 2101 2821 2157 contradicere.
2868 2102 3000 2157 Nam
3057 2103 3198 2173 quod
3250 2119 3310 2159 ea
3358 2105 3426 2159 sit
3476 2108 3641 2177 magis

2059 2192 2324 2262 eligenda,
2352 2209 2469 2262 qua:
2493 2194 2650 2249 habet
2667 2193 2856 2249 durum
2881 2195 3107 2261 initium,
3133 2212 3236 2250 nou
3260 2207 3435 2252 autem
3457 2197 3636 2262 finem,

2058 2283 2126 2336 ab
2153 2284 2217 2336 iis
2245 2298 2362 2353 quae
2416 2285 2465 2337 in
2498 2294 2743 2354 promptu
2795 2297 2918 2340 sunt
2958 2285 3152 2342 docere
3203 2289 3456 2343 conabor.
3491 2290 3556 2344 Et
3596 2292 3638 2344 si

2059 2375 2250 2444 placet,
2283 2379 2426 2430 artes
2458 2377 2685 2446 primum
2714 2388 3034 2435 tractemus:
3059 2381 3161 2435 illae
3184 2397 3411 2451 namque
3433 2383 3638 2436 initium

2060 2465 2241 2521 labore
2269 2467 2479 2536 plenum
2513 2468 2732 2536 habent,
2779 2469 2938 2524 finem
2981 2486 3109 2526 vero
3159 2483 3541 2542 quaestuosum.
3573 2478 3639 2529 At

2058 2573 2234 2624 nemo,
2266 2559 2494 2628 inquies,
2529 2569 2698 2616 artem
2726 2563 2919 2632 attigit,
2949 2565 3049 2619 nisi
3076 2581 3104 2618 a
3143 2567 3392 2635 qu0piam
3421 2582 3638 2637 cogere-

2058 2660 2160 2704 tur.
2190 2650 2319 2704 Nam
2353 2651 2394 2705 si
2419 2666 2550 2720 puer
2569 2653 2648 2706 sui
2672 2653 2808 2721 juris
2839 2655 2928 2719 sit,
2953 2655 3116 2710 malet
3145 2657 3196 2709 in
3227 2656 3431 2711 deliciis
3461 2657 3638 2711 vivere

2057 2740 2228 2807 initio,
2248 2741 2370 2795 etin
2396 2742 2500 2797 fine
2522 2743 2795 2798 innumera
2813 2746 3016 2814 perpeti
3047 2745 3204 2812 mala,
3230 2761 3388 2815 quam
3419 2747 3470 2801 iu
3496 2748 3638 2817 prin-

2056 2833 2194 2903 cipio
2240 2835 2436 2890 misere
2484 2837 2694 2902 vivere,
2742 2846 2797 2891 et
2847 2837 3087 2892 laborum
3142 2838 3353 2891 illorum
3405 2839 3633 2894 fructum

2055 2938 2238 2996 postea
2264 2930 2494 2999 assequi.
2523 2930 2661 3000 Ergo
2680 2930 2766 2984 illa
2795 2929 2993 3000 eligere
3022 2937 3105 2985 est
3122 2930 3425 3000 orphanieze
3444 2933 3635 2988 mentis

2054 3029 2109 3074 et
2139 3023 2353 3089 puerilis
2378 3022 2638 3077 socordiae
2664 3041 2678 3086 ;
2707 3025 2978 3078 contraria
3020 3037 3149 3078 vero
3175 3024 3449 3093 prudentis
3477 3035 3531 3080 et
3559 3027 3637 3078 vi-

2055 3111 2167 3166 rilis
2194 3112 2374 3167 animi.
2403 3113 2493 3168 Sic
2518 3113 2677 3184 igitur
2703 3123 2754 3168 et
2783 3127 2901 3188 nos,
2935 3113 3036 3169 nisi
3067 3114 3245 3170 animo
3273 3116 3419 3184 pueri
3445 3115 3631 3183 simus,

2056 3219 2159 3258 non
2193 3205 2267 3258 illi
2304 3205 2544 3275 orphano
2572 3214 2627 3260 et
2676 3207 2885 3270 insano,
2925 3205 3017 3262 sed
3068 3205 3145 3261 illi
3187 3215 3392 3277 patrem
3422 3208 3634 3262 habenti

2055 3295 2254 3350 similes
2299 3297 2519 3350 erimus.
2547 3295 2768 3366 Oportet
2792 3311 2918 3366 ergo
2960 3295 3214 3366 puerilem
3244 3306 3476 3352 mentem
3503 3298 3636 3369 abji-

2053 3399 2197 3452 cere,
2222 3401 2326 3440 non
2356 3395 2530 3440 autem
2561 3403 2647 3441 res
2678 3387 2818 3459 ipsas
2843 3402 3116 3455 accusare,
3147 3399 3200 3443 et
3241 3391 3476 3460 aurigam
3505 3406 3634 3448 eon-

2053 3475 2289 3529 scicntize
2324 3477 2631 3546 imponere;
2677 3479 2763 3547 qui
2792 3492 2897 3532 non
2941 3478 3082 3533 sinat
3107 3480 3282 3534 ventri
3319 3480 3592 3550 indulgere
3617 3523 3630 3542 .

2053 3563 2146 3619 sed
2173 3581 2388 3620 currere
2418 3556 2471 3621 et
2497 3567 2796 3622 decertare.
2838 3567 3117 3633 Quomodo
3151 3569 3292 3622 enim
3346 3569 3633 3625 absurdum

2054 3673 2158 3712 non
2187 3659 2366 3724 fuerit,
2399 3674 2593 3728 pueros
2641 3675 2761 3714 cum
2794 3660 2977 3715 labore
3005 3669 3059 3715 et
3080 3661 3276 3716 sudore
3306 3662 3510 3716 initium
3537 3661 3634 3717 du-

2053 3763 2176 3803 cere
2203 3749 2253 3802 in
2294 3751 2450 3803 rebus
2481 3765 2598 3820 quae
2624 3751 2882 3822 principia
2913 3750 3112 3807 habent
3154 3753 3434 3818 laboriosa,
3472 3753 3630 3809 finem

2052 3848 2228 3893 autem
2279 3841 2567 3909 gratiosum
2596 3859 2608 3905 ;
2638 3857 2736 3896 nos
2762 3851 2939 3896 autem
2968 3846 3240 3899 contrario
3285 3847 3446 3900 modo
3496 3847 3631 3900 affici

2053 3947 2176 4001 erga
2205 3947 2290 3986 res
2318 3933 2666 4002 spirituales?
2719 3934 2941 3988 Etiamsi
2990 3935 3043 3988 in
3082 3937 3240 3991 rebus
3291 3937 3633 3991 szecularibus

2053 4039 2157 4078 non
2191 4025 2408 4078 omnino
2433 4034 2636 4079 certmn
2687 4025 2755 4079 sit
2807 4024 2966 4080 finem
2996 4026 3108 4082 fore
3135 4027 3354 4081 bonum.
3383 4027 3514 4081 Nam
3539 4030 3638 4083 im—

2053 4123 2257 4168 matura
2283 4130 2448 4181 mors,
2471 4125 2772 4185 paupertas,
2794 4116 3164 4188 syc0phantia,
3191 4133 3366 4172 rerum
3389 4121 3648 4173 mutatio-'

2053 4220 2148 4260 nes
2176 4214 2229 4259 et
2259 4205 2449 4259 similia
2481 4206 2668 4273 multa,
2713 4216 2833 4277 post
2861 4208 3060 4263 multos
3103 4209 3315 4265 labores
3360 4222 3416 4265 ut
3461 4210 3634 4266 fructu

2053 4298 2326 4368 privemur
2349 4299 2607 4353 efficiunt.
2631 4299 2687 4355 Si
2711 4315 2838 4355 vero
2859 4300 3017 4356 iidem
3047 4301 3185 4369 quod
3217 4309 3460 4371 quaerunt
3484 4316 3634 4357 asse-

2052 4400 2302 4461 quamur,
2324 4406 2426 4446 non
2452 4405 2697 4461 magnum
2721 4393 3012 4463 percipient
3035 4392 3291 4459 fructum;
3314 4394 3364 4448 in
3384 4394 3634 4463 prtesent"

2053 4497 2282 4553 namque
2308 4483 2411 4536 vita
2445 4483 2532 4538 illa
2561 4485 2740 4538 omnia
2769 4484 3153 4539 dissolvuntur.
3184 4484 3282 4540 llic
3329 4495 3630 4540 autemnon

2053 4577 2316 4630 currimus
2335 4590 2430 4646 pro
2452 4576 2757 4646 huiusmodi
2787 4577 2946 4632 rebus
2961 4577 3168 4648 frigidis
3189 4585 3242 4632 et
3263 4577 3441 4644 ﬂuxis,
3467 4591 3636 4647 neque

2053 4664 2122 4720 de
2150 4665 2254 4720 fine
2285 4669 2563 4730 timemus;
2595 4667 2688 4721 sed
2716 4668 2888 4736 major
2913 4675 2966 4722 et
2990 4668 3230 4721 securior
3256 4681 3381 4736 Spes
3405 4676 3488 4721 est
3517 4676 3638 4734 post

2054 4758 2347 4816 discessum
2374 4775 2438 4814 ex
2467 4759 2566 4816 hac
2595 4759 2722 4814 vita.
2750 4760 3007 4828 Quasnam
3033 4773 3161 4829 ergo
3185 4759 3338 4812 venia
3369 4757 3490 4822 erit,
3519 4772 3638 4828 quae

2055 4853 2330 4905 excusatio
2359 4851 2664 4906 nolentibus
2693 4850 2841 4905 adire
2871 4849 3079 4904 labores
3105 4865 3204 4920 pro
3231 4850 3430 4905 virtute
3463 4850 3635 4905 suscio

2057 4941 2320 5010 piendos?
2344 4942 2448 4997 Sed
2479 4942 2652 4996 adhuc
2670 4942 3019 5010 interrogant,
3040 4942 3148 4995 Cur
3173 4949 3393 5012 angusta
3419 4951 3503 4998 est
3518 4943 3640 4996 via?

2057 5034 2138 5089 Ad
2162 5035 2334 5105 regias
2358 5036 2500 5089 aedes
2529 5043 2767 5088 terrenas
2794 5047 2897 5088 non
2921 5033 3053 5088 sinis
3073 5034 3270 5089 intrare
3290 5043 3640 5091 scortatorem

2057 5141 2376 5196 quemquam
2423 5125 2506 5180 vel
2555 5124 2760 5180 ebrium
2813 5134 2904 5180 aut
2959 5125 3206 5191 mollem;
3251 5135 3305 5180 et
3348 5128 3399 5180 in
3452 5126 3638 5180 caalum

2061 5218 2232 5287 ipsum
2254 5232 2376 5272 cum
2405 5216 2636 5283 licentia,
2667 5215 2895 5283 deliciis,
2920 5215 3199 5282 ebrietate,
3231 5215 3448 5270 avaritia
3465 5213 3640 5268 vitiis-

2059 5324 2162 5380 que
2184 5309 2452 5374 omnibus,
2485 5308 2729 5364 homines
2765 5307 2940 5363 induci
2996 5307 3190 5377 rogas?
3235 5322 3300 5360 an
3354 5307 3459 5360 hoc
3487 5305 3637 5359 venia
3671 5297 3673 5300 ⁴

2060 5401 2276 5470 dignum
2315 5401 2429 5455 est?

2132 5494 2186 5548 4.
2213 5492 2329 5549 Non
2356 5493 2480 5559 hoc,
2509 5493 2740 5564 inquies,
2768 5492 2920 5558 dico;
2941 5491 3034 5546 sed
3055 5505 3152 5544 cur
3176 5488 3342 5545 virtus
3364 5503 3472 5542 non
3497 5489 3644 5544 viam

2061 5588 2227 5643 latam
2251 5588 2453 5644 habet?
2480 5588 2638 5658 Atqui
2677 5587 2722 5641 si
2747 5586 2992 5650 velimus,
3019 5583 3306 5640 admodum
3333 5582 3502 5638 facilis
3522 5583 3642 5638 erit.

2067 5681 2207 5750 Quid
2235 5682 2402 5746 enim,
2433 5695 2637 5751 quasso,
2683 5679 2888 5735 facilius
2910 5686 3013 5744 est,
3042 5689 3323 5734 morumne
3350 5673 3640 5746 perforare,

2070 5783 2123 5830 et
2149 5776 2375 5831 aliorum
2405 5775 2558 5830 bonis
2584 5771 2805 5844 direptis
2829 5772 2878 5826 in
2904 5787 3172 5828 carcerem
3193 5768 3381 5838 conjici
3395 5783 3420 5830 -;
3445 5781 3510 5818 an
3537 5764 3647 5818 suis

3249 5869 3286 5928 8
