4090 6216
352 321 460 378 N9

354 445 664 498 centeutum
709 432 851 489 omni
894 440 1038 488 metu
1067 442 1186 484 esse
1216 421 1481 480 liberum?
1508 420 1665 491 Atqui
1694 435 1799 475 non
1824 419 1934 477 dixi

355 543 548 587 totum.
571 527 708 595 Qttid
736 526 880 583 enim
912 521 1142 585 facilius,
1169 516 1255 571 die
1284 514 1435 579 mihi,
1464 528 1530 568 an
1551 528 1673 568 eum
1701 510 1938 566 omnium

358 625 496 680 bona
523 616 856 690 subripurris
880 655 899 680 ,
942 623 994 665 et
1019 624 1087 665 ex
1119 607 1304 678 paucis
1340 605 1504 660 breve
1531 613 1740 674 tempus
1762 600 1820 656 iu
1848 599 1943 655 de-

357 713 496 769 liciis
521 709 716 781 egeris,
746 700 1121 760 immortaliter
1147 697 1379 768 torqueri
1406 704 1459 751 et
1487 694 1664 766 ﬂagris
1689 692 1847 759 ezedi,
1875 708 1941 747 an

359 821 479 862 cum
506 805 561 858 in
582 800 727 871 iusta
760 801 1076 865 paupertate
1114 790 1310 845 vixeris
1336 802 1500 859 parvo
1528 798 1788 856 tempore,
1817 798 1941 853 per-

357 903 519 967 petuo
536 898 731 960 postea
756 886 809 941 in
836 883 1045 941 deliciis
1083 881 1281 954 agere?
1310 878 1544 934 nondum
1579 876 1944 932 examincmus

357 981 576 1056 quidsit
601 978 947 1044 fruetuosius,
977 973 1071 1030 sed
1110 973 1321 1028 interim
1353 970 1479 1042 quid
1521 969 1590 1025 sit
1619 967 1846 1023 facilius.

439 1072 614 1131 Virtus
641 1088 742 1127 non
774 1080 860 1126 est
902 1083 1106 1138 aspera.
1135 1094 1207 1107 ——
1232 1064 1369 1134 Quid
1411 1060 1699 1133 jucundius
1736 1066 1945 1129 gratum

357 1167 540 1224 videre
557 1160 844 1226 somnium,
858 1168 914 1215 et
932 1174 1057 1214 vere
1078 1155 1340 1227 supplicio
1359 1153 1495 1209 affici
1516 1169 1532 1218 ;
1553 1160 1644 1207 aut
1665 1148 1949 1205 molestum

362 1260 632 1317 somnium
662 1256 879 1322 vidisse,
908 1263 964 1309 et
989 1266 1117 1308 vere
1142 1249 1422 1306 dcliciari?
1448 1262 1624 1302 annon
1664 1244 1838 1316 palam
1866 1251 1950 1300 est

364 1348 771 1422 boejueundius
795 1343 956 1402 esse?
975 1341 1259 1412 Quomodo
1285 1341 1464 1412 igitur,
1494 1338 1579 1394 dic
1606 1337 1769 1403 mihi,
1797 1350 1953 1405 aspe-

365 1459 479 1500 ram
514 1455 672 1497 vocas
699 1435 1001 1493 virtutem?
1042 1447 1233 1505 aspera
1261 1431 1461 1486 etenim
1493 1436 1606 1495 est,
1638 1429 1681 1482 si
1710 1443 1829 1482 cum
1859 1440 1952 1482 ne-

365 1534 616 1608 gligentia
645 1539 829 1587 nostra
874 1537 1234 1598 comparetur.
1268 1522 1421 1592 Quod
1449 1522 1590 1577 enim
1613 1521 1682 1574 sit
1708 1518 1875 1574 facilis
1898 1527 1954 1572 et

368 1628 568 1694 suavis,
595 1623 718 1678 audi
744 1621 870 1693 quid
897 1619 1039 1675 dicat
1066 1617 1316 1673 Christus
1347 1633 1361 1670 :
1390 1614 1582 1682 Jugnm
1608 1627 1776 1665 meum
1801 1625 1956 1665 suave

365 1731 462 1785 est,
491 1728 537 1772 et
568 1731 698 1770 onus
725 1728 891 1767 meum
916 1710 1021 1765 fere
1045 1706 1272 1781 (Matth.
1296 1707 1382 1762 ιι.
1401 1706 1528 1775 ΞΟ).
1558 1703 1612 1760 Si
1639 1711 1818 1758 autem
1847 1716 1951 1755 non

369 1811 539 1868 scutis
565 1808 855 1871 levitatem,
883 1803 1225 1875 perspicuum
1248 1810 1328 1855 est
1350 1809 1404 1854 te
1435 1814 1539 1852 non
1565 1795 1843 1851 robustum
1863 1794 1958 1849 ba-

372 1905 500 1959 bere
523 1902 781 1956 animum.
808 1896 959 1954 Sicut
986 1895 1131 1951 enim
1156 1907 1278 1948 cum
1322 1889 1482 1945 talem
1510 1888 1699 1953 habes,
1731 1900 1957 1942 onerosa

372 1996 508 2052 levia
537 2003 662 2049 sunt
688 2009 702 2046 :
732 1990 811 2047 sic
833 2004 954 2045 cum
984 2003 1093 2043 non
1147 1984 1334 2052 habes,
1368 1983 1504 2038 levia
1548 1989 1673 2036 sunt
1705 1993 1956 2037 onerosa.

371 2087 509 2158 Quid
555 2085 723 2149 enim,
781 2094 985 2154 quaeso,
1039 2078 1255 2134 suavius
1298 2083 1437 2140 erat,
1481 2088 1640 2144 quam
1680 2084 1865 2127 mensa
1894 2085 1961 2126 ex

375 2195 593 2246 manna,
621 2176 747 2250 quid
774 2183 962 2247 paratu
991 2169 1238 2228 facilius?
1261 2167 1366 2226 Sed
1394 2181 1535 2238 εῖδει-θ
1582 2164 1826 2221 ferebant
1863 2161 1961 2219 Juo

373 2271 476 2328 dtci
520 2269 713 2325 talibus
761 2266 999 2322 fruentes
1048 2261 1276 2319 deliciis.
1324 2259 1460 2327 Quid
1514 2257 1656 2314 fame
1680 2256 1961 2323 acerbius,

377 2376 588 2419 necnon
627 2359 747 2415 aliis
789 2355 1092 2422 laboriosis,
1139 2369 1259 2426 qua!
1287 2365 1475 2423 passus
1501 2360 1587 2406 est
1635 2349 1871 2405 Paulus?
1901 2351 1968 2403 At

379 2456 471 2510 illc
493 2451 814 2518 exsultabat,
843 2428 1212 2505 delectabatur
1235 2460 1301 2501 ac
1326 2443 1568 2501 diccbat:
1593 2440 1745 2496 Nunc
1770 2438 1966 2513 gaudeo

380 2550 434 2604 in
463 2544 784 2619 passiouibus
812 2543 935 2598 meis
965 2540 1101 2613 (Cof.
1137 2539 1187 2596 ι.
1215 2538 1333 2610 24).
1357 2538 1487 2606 Quae
1513 2546 1593 2592 est
1619 2550 1747 2606 ergo
1772 2533 1968 2590 causa?

382 2639 558 2695 Animi
585 2634 904 2693 differentia.
934 2632 991 2688 Si
1019 2632 1179 2703 igitur
1222 2630 1459 2685 animum
1501 2637 1557 2682 ut
1583 2636 1790 2697 oportet
1813 2626 1970 2681 ador-

386 2731 617 2795 uaveris,
660 2727 871 2783 virtutis
918 2724 1227 2781 facilitatem
1269 2721 1494 2778 videbis.
1537 2720 1674 2788 Quid
1703 2733 1854 2790 ergo,
1891 2719 1971 2774 in-

384 2824 560 2895 quies,
580 2821 771 2879 talisnc
787 2819 846 2875 fit
860 2834 927 2876 ex
946 2832 1133 2875 eorum
1158 2816 1247 2887 qui
1271 2814 1414 2870 illam
1429 2812 1727 2884 suscipiunt
1739 2811 1971 2867 atl‘ectu?

386 2915 505 2969 Non
536 2928 602 2968 ex
628 2911 822 2968 aﬂ'ecut
851 2909 1016 2967 animi
1043 2908 1238 2974 solum,
1260 2905 1354 2962 sed
1387 2912 1572 2960 natura
1598 2917 1690 2958 sua
1720 2902 1842 2959 talis
1867 2911 1969 2958 est.

390 3003 604 3061 Etenim
660 3003 707 3057 si
750 3014 965 3072 semper
1021 2999 1112 3055 illa
1155 3006 1299 3056 esset
1353 2995 1640 3062 laboriosa,
1695 3003 1750 3050 et
1786 2993 1972 3049 vitium

388 3098 612 3153 omnino
657 3104 884 3163 contra,
935 3093 1056 3166 iure
1105 3091 1224 3163 quis
1273 3106 1460 3148 eorum
1516 3091 1607 3162 qui
1671 3090 1802 3160 lapsi
1850 3097 1977 3144 sunt

392 3191 595 3247 diceret
641 3188 830 3245 vitium
877 3201 1001 3243 esse
1046 3185 1261 3242 facilius
1313 3184 1511 3240 virtute
1566 3201 1580 3238 :
1626 3182 1671 3238 si
1725 3196 1855 3237 vero
1898 3183 1978 3236 in-

396 3282 547 3337 itium
590 3279 823 3337 habeant.
872 3277 961 3334 illa
1010 3276 1224 3343 durum,
1267 3274 1369 3332 hoc
1392 3288 1592 3340 suave;
1637 3272 1757 3327 finis
1796 3280 1975 3328 autem

395 3382 633 3429 teternus
674 3371 833 3427 illius
887 3369 959 3425 sit
1008 3367 1229 3434 suavis,
1284 3365 1442 3436 hujus
1495 3366 1709 3437 gravis,
1755 3376 1974 3430 utrum,

395 3480 618 3539 (ιυωεοη
654 3472 730 3521 .ut
792 3460 1004 3517 facilius
1051 3459 1270 3529 eligas?
1330 3456 1439 3515 Cur
1487 3472 1616 3528 ergo
1668 3456 1818 3512 multi
1872 3472 1978 3511 non

393 3559 596 3629 eligunt
623 3555 676 3612 id
720 3553 866 3627 quod
895 3553 1103 3609 facilius
1155 3552 1280 3608 est?
1327 3549 1463 3619 Quia
1509 3550 1598 3604 alii
1628 3549 1842 3620 quidem
1874 3565 1979 3605 non

395 3647 658 3713 credunt;
698 3645 788 3700 alii
813 3658 944 3700 vero
971 3642 1095 3699 licet
1120 3643 1420 3709 credentes,
1448 3651 1757 3711 corruptum
1788 3641 1984 3697 habent

396 3740 634 3795 animum
655 3779 672 3805 ,
699 3746 755 3794 et
785 3744 1183 3807 temperancam
1205 3734 1530 3806 voluptatem
1554 3743 1770 3790 aeterna:
1790 3742 1986 3806 przetu-

399 3831 579 3886 lerint.
607 3828 705 3885 Est
728 3842 859 3900 ergo
898 3827 1003 3884 hoc
1036 3826 1230 3884 facile?
1259 3827 1373 3883 NOII
1396 3825 1571 3890 facile,
1594 3826 1689 3882 sed
1718 3841 1783 3882 ex
1811 3826 1985 3882 imbe-
2028 3844 2031 3845 '

400 3920 526 3978 eilia
550 3920 730 3977 animo
767 3920 871 3977 hoc
922 3920 1185 3991 provenit.
1236 3920 1316 3977 Ac
1357 3918 1806 3990 quemadmodum
1852 3918 1986 3974 febri

401 4011 725 4081 laborantes,
777 4027 884 4068 non
911 4011 1047 4084 quia
1089 4010 1374 4083 iucundius
1412 4021 1495 4068 est
1546 4010 1696 4067 brevi
1748 4020 1988 4082 tempore

402 4103 666 4173 deliciari,
694 4119 854 4177 quam
880 4118 1099 4176 semper
1120 4103 1228 4168 uri,
1258 4102 1380 4158 ideo
1403 4112 1585 4159 amant
1630 4111 1812 4173 potum
1837 4118 1990 4173 aqua:

402 4196 630 4269 frigidae,
652 4196 748 4253 sed
764 4197 885 4268 quia
910 4195 1197 4253 absurdam
1213 4195 1556 4267 cupiditatem
1580 4194 1859 4251 continere
1881 4209 1989 4250 non

404 4298 630 4363 possunt
659 4307 674 4344 :
702 4288 780 4342 sic
804 4298 860 4345 et
885 4287 993 4343 isti.
1025 4287 1185 4359 Atqui
1215 4286 1261 4344 si
1286 4285 1408 4359 quis
1435 4285 1499 4342 ad
1527 4286 1846 4358 supplicium
1869 4285 1991 4342 illos

402 4396 525 4439 cum
559 4382 829 4453 voluptate
861 4380 1103 4449 duceret,
1143 4397 1477 4454 nequaquam
1505 4384 1680 4455 ipsum
1712 4382 1987 4454 eligerent.

404 4474 650 4531 Vidistiu’
667 4475 938 4553 quomodo
953 4491 1061 4532 non
1082 4475 1240 4532 facile
1263 4479 1336 4533 sit
1359 4478 1586 4533 vitium?
1614 4477 1668 4533 Si
1689 4478 1769 4533 vis
1789 4486 1989 4539 autem.

408 4566 514 4622 hoc
541 4567 738 4622 iterum
784 4566 838 4622 in
878 4567 1006 4637 ipsis
1055 4569 1218 4624 rebus
1244 4571 1601 4625 excutiamus.
1637 4568 1774 4635 Quid
1822 4569 1990 4636 enim,

406 4674 613 4732 quaeso,
640 4658 870 4726 dulcius,
898 4659 1025 4731 quid
1067 4659 1275 4717 facilius
1293 4660 1412 4716 est?
1442 4660 1547 4718 Sed
1573 4676 1641 4717 ne
1667 4661 1862 4717 iterum
1905 4676 1993 4718 res

408 4753 797 4810 exmultorum
832 4751 1127 4824 cupiditate
1164 4751 1470 4823 iudicemus
1513 4771 1527 4808 :
1561 4768 1734 4824 neque
1757 4755 1901 4810 enim
1925 4755 1994 4813 ab

411 4844 810 4913 “rotantibus,
839 4843 935 4901 sed
982 4860 1013 4900 a
1039 4844 1179 4901 bene
1217 4842 1518 4901 valentibus
1558 4844 1818 4902 calculum
1854 4836 1997 4904 ferre

410 4943 644 5004 oportet.
685 4934 874 5005 Neque
913 4936 1059 4991 enim
1087 4935 1133 4991 si
1176 4935 1425 4992 millenos
1453 4934 1584 4991 mihi
1633 4933 1996 4994 febricitantes

409 5024 686 5092 ostendas,
736 5027 828 5096 qui
881 5027 1094 5082 sanitati
1121 5030 1391 5085 contraria
1431 5036 1694 5101 quaerant,
1723 5037 1779 5084 et
1810 5030 1998 5086 malint

414 5125 600 5189 postea
646 5114 912 5187 supplicio
960 5115 1133 5183 affici,
1181 5120 1344 5175 talem
1398 5134 1651 5191 umquam
1689 5117 1997 5176 admiserim

412 5209 712 5281 optionem.
754 5206 900 5278 Quid
924 5207 1168 5276 facilius,
1196 5209 1447 5281 inquam,
1477 5213 1565 5269 dic
1594 5212 1723 5270 mihi
1744 5256 1760 5281 ,
1804 5214 1999 5270 multas

414 5302 800 5374 concupiscere
826 5302 1111 5373 pecunias,
1153 5315 1223 5361 an
1258 5302 1358 5357 hac
1381 5305 1671 5374 cupiditate
1699 5320 1820 5361 esse
1838 5320 1999 5376 supe-

414 5393 652 5452 riorem?
701 5394 814 5450 Hoc
867 5402 1016 5452 certe
1068 5401 1417 5466 postremum,
1467 5403 1527 5449 ut
1566 5394 1697 5451 mihi
1743 5396 1997 5453 videtur:

410 5491 460 5546 si
505 5501 688 5548 autem
735 5493 850 5563 ipse
894 5506 1002 5549 non
1054 5490 1253 5559 credis,
1301 5488 1368 5545 ad
1405 5503 1493 5547 res
1526 5490 1672 5562 ipsas
1692 5504 1996 5549 sermonem

413 5583 697 5640 ducamus.
728 5585 796 5641 Et
839 5586 912 5642 sit
956 5585 1225 5658 quispiam
1251 5584 1343 5656 qui
1369 5583 1565 5642 multas
1607 5584 1814 5655 cupiat,
1863 5583 2000 5640 alius

416 5689 551 5730 vero
595 5674 687 5744 qui
737 5675 912 5732 nullas
938 5677 1105 5749 aquid
1132 5692 1264 5748 ergo
1306 5674 1500 5739 melius
1524 5717 1540 5745 ,
1564 5674 1655 5735 die
1680 5676 1809 5734 mihi
1831 5716 1846 5741 ,
1872 5674 2000 5746 quid

413 5765 733 5826 Mettius?

1132 316 1189 369 8.
1229 309 1504 368 JUANNIS
1538 303 2007 363 CHRYSOSTOMI
2045 305 2359 364 ARCHIEP.
2398 306 2928 367 CONSTANTINOP.

3525 304 3627 363 ΙΞο

2117 418 2174 478 5.
2206 416 2554 480 Pecunitmtm
2594 426 2848 496 cupiditas
2893 435 3079 497 quanta
3124 425 3329 479 inducat
3374 426 3530 480 maia.
3558 458 3629 468 —-

2044 511 2151 571 Sed
2178 511 2280 569 hoc
2304 514 2519 585 quidem
2549 518 2771 575 mitatur
2817 536 2830 574 :
2862 518 2915 573 in
2941 517 3186 574 confesso
3201 518 3343 573 enim
3364 528 3464 586 est,
3492 518 3631 588 quad

2046 602 2137 660 hic
2164 616 2465 676 postremus
2517 609 2588 664 sit
2638 609 2733 665 illo
2787 610 3063 665 honestior
3090 627 3105 665 :
3140 625 3312 680 neque
3339 609 3409 665 de
3440 611 3539 666 hac
3572 628 3633 666 rc

2046 696 2276 767 quaestio
2314 697 2426 765 jam
2475 707 2580 766 cst,
2628 699 2724 756 sed
2784 710 2902 756 uter
2935 701 3226 757 faciliorem
3253 712 3301 757 et
3331 703 3631 757 suaviorem

2049 787 2210 844 ducat
2236 788 2423 845 vitam.
2451 791 2658 845 Avarus
2677 800 2824 848 certe
2845 808 2913 848 ne
2962 792 3030 848 iis
3067 792 3279 864 quidem
3309 809 3427 865 quae
3474 795 3634 851 habet

2052 878 2245 936 fruitur
2287 896 2450 936 :nam
2479 882 2620 952 quod
2649 893 2815 948 amat,
2858 901 2963 938 non
3006 885 3317 955 impendere
3364 887 3627 953 voluerit,

2052 970 2148 1026 sed
2164 971 2417 1027 libentius
2429 973 2664 1043 seipsum
2682 974 3024 1041 conscidcrit,
3043 985 3095 1031 et
3116 991 3307 1032 carnes
3330 978 3631 1048 proiecerit,

2052 1077 2211 1131 quam
2233 1076 2420 1121 aurum
2451 1080 2466 1118 :
2493 1064 2582 1135 qui
2613 1076 2792 1121 autem
2821 1067 3074 1136 pecunias
3101 1066 3346 1138 despicit,
3371 1068 3474 1124 hoc
3502 1071 3636 1126 intc-

2053 1151 2156 1207 rim
2185 1152 2439 1220 lueratur,
2468 1154 2611 1226 quod
2653 1155 2718 1211 iis
2766 1172 2885 1227 quae
2914 1157 3073 1213 habet
3113 1158 3281 1215 libere
3332 1175 3397 1215 ac
3449 1177 3638 1219 secure

2054 1242 2280 1313 fruatur,
2309 1261 2475 1318 seque
2505 1246 2609 1301 illis
2637 1250 2907 1318 praderat.
2952 1247 3088 1316 Quid
3133 1265 3264 1320 ergo
3288 1253 3505 1307 suavius
3534 1264 3636 1316 est,

2056 1338 2224 1395 libere
2245 1338 2347 1394 frui
2390 1339 2545 1395 bonis
2568 1381 2582 1404 ,
2613 1349 2707 1394 aut
2729 1341 2829 1396 sub
2857 1340 3091 1396 dominis
3123 1340 3322 1397 divitiis
3346 1344 3640 1405 viventem,

2059 1428 2188 1484 nihil
2229 1444 2447 1485 suorum
2476 1432 2786 1503 contingere
2814 1431 3050 1488 audere?
3071 1433 3300 1489 Perinde
3336 1435 3478 1490 enim
3510 1433 3636 1491 mihi

2060 1522 2271 1578 videtur
2294 1537 2416 1578 esse
2444 1538 2505 1578 ac
2532 1524 2575 1578 si
2602 1525 2700 1580 viri
2729 1524 2944 1595 quidam
2975 1524 3109 1581 duas
3138 1524 3395 1582 habentes
3423 1544 3637 1594 uxores,

2054 1627 2115 1673 et
2153 1616 2438 1672 admodum
2466 1616 2609 1686 ipsas
2640 1627 2904 1684 amantes,
2936 1632 3043 1672 non
3069 1617 3263 1674 eodem
3309 1619 3469 1674 modo
3513 1621 3642 1690 ipsis

2060 1716 2304 1773 utantur;
2328 1704 2424 1762 sed
2452 1708 2603 1762 alteri
2623 1706 2836 1777 quidem
2856 1723 3077 1765 uxorem
3100 1711 3410 1781 contingere
3438 1720 3492 1767 et
3519 1726 3640 1767 cum

2062 1797 2150 1852 illa
2182 1797 2401 1863 versari,
2426 1797 2581 1853 alteri
2611 1812 2736 1853 vero
2772 1813 2838 1854 ne
2868 1812 3033 1869 prepe
3059 1798 3276 1869 quidem
3305 1800 3462 1855 liceat
3485 1816 3641 1856 accc-

2061 1888 2211 1945 derc.
2226 1889 2410 1945 Dicam
2423 1899 2483 1945 et
2502 1889 2668 1958 aliud,
2691 1905 2798 1961 quo
2817 1890 3037 1946 alterius
3058 1891 3407 1961 voluptatem,
3426 1893 3644 1949 alterius

2063 1995 2351 2037 maerorem
2402 1990 2841 2037 eommonstrem.
2891 1983 3098 2038 Avarus
3153 1998 3440 2054 numquam
3492 1985 3646 2039 sistet

2067 2074 2204 2129 hanc
2227 2073 2594 2144 cupiditatem,
2624 2090 2731 2129 non
2760 2074 2923 2130 modo
2948 2076 3090 2146 quod
3136 2085 3367 2147 nequeat
3406 2078 3643 2132 omnium

2066 2166 2205 2223 bona
2234 2167 2506 2233 invadere,
2532 2165 2627 2222 sed
2650 2167 2810 2222 etiam
2833 2168 2973 2238 quod
3004 2176 3430 2239 quantacumque
3460 2183 3644 2239 posse-

2068 2260 2226 2327 derit,
2256 2275 2317 2317 se
2360 2260 2493 2315 nihil
2524 2259 2721 2315 habere
2748 2269 2897 2331 putet
2927 2280 2939 2315 :
2969 2261 3060 2332 qui
3088 2276 3215 2317 vero
3250 2263 3500 2331 pecunias
3548 2263 3644 2317 de-

2068 2354 2243 2426 spicit,
2274 2352 2541 2424 superflua
2585 2354 2764 2409 omnia
2813 2353 3158 2419 existimabit,
3207 2369 3378 2425 neque
3427 2355 3648 2409 iutinitis

2067 2445 2451 2517 cupiditatibus
2478 2444 2711 2501 animam
2742 2444 3023 2500 cruciabit.
3042 2443 3183 2499 Nihil
3212 2449 3354 2499 enim
3380 2455 3462 2501 est
3506 2445 3649 2516 quod

2069 2537 2314 2608 supplicii
2337 2537 2597 2592 rationem
2625 2538 2695 2591 ita
2740 2535 2956 2604 habeat,
2997 2545 3055 2591 ut
3083 2536 3511 2607 concupiscentia
3550 2553 3649 2591 usu

2072 2637 2130 2684 et
2158 2628 2329 2683 fructu
2353 2627 2578 2698 privata,
2608 2626 2659 2681 id
2686 2626 2827 2697 quod
2852 2625 3082 2682 maxime
3107 2641 3416 2697 perversam
3433 2628 3653 2682 exhibet

2073 2730 2330 2778 mentem.
2377 2721 2670 2777 Considera
2718 2730 2897 2775 autem
2932 2736 2945 2775 :
2978 2720 3066 2791 qui
3112 2720 3362 2791 pecunias
3407 2721 3549 2791 cupit
3599 2729 3655 2776 et

2075 2813 2269 2869 multas
2294 2811 2554 2884 possidet,
2590 2811 2660 2866 ita
2696 2810 2919 2867 affectus
2943 2821 3047 2878 est,
3075 2826 3137 2867 ac
3167 2812 3214 2867 si
3250 2812 3381 2866 nihil
3412 2813 3652 2867 haberet.

2075 2906 2310 2963 Hoceine
2337 2903 2526 2960 morbo
2570 2903 2874 2973 perplexius
2907 2901 3035 2973 quid
3072 2917 3192 2959 esse
3222 2903 3429 2973 potest?
3470 2901 3656 2972 Neque

2078 3001 2180 3057 hoc
2225 3001 2399 3056 solum
2448 3013 2610 3069 grave
2633 3006 2736 3063 est,
2765 2996 2861 3053 sed
2890 3000 3051 3052 etiam
3097 2996 3237 3068 quod
3268 2998 3355 3067 qui
3387 2996 3566 3062 habet,
3591 3010 3655 3051 ea

2079 3092 2192 3163 ipsa
2219 3107 2338 3164 quae
2364 3099 2508 3148 tenet
2532 3106 2638 3146 non
2664 3088 2863 3145 habere
2879 3089 3121 3169 videatur
3149 3105 3163 3142 :
3193 3088 3403 3143 etiamsi
3419 3089 3656 3142 omnium

2078 3186 2218 3243 bona
2246 3185 2537 3255 acceperit,
2585 3184 2753 3255 magis
2776 3183 3071 3248 cruciatur;
3094 3183 3301 3237 etiamsi
3329 3192 3544 3237 centum
3574 3190 3656 3235 ta-

2080 3279 2223 3335 lenta
2252 3277 2542 3349 possideat,
2567 3275 2709 3346 quod
2734 3275 2877 3330 mille
2896 3288 3002 3329 non
3033 3272 3226 3329 habeat
3251 3272 3430 3339 dolet;
3453 3273 3496 3327 si
3516 3272 3662 3327 mille

2081 3371 2294 3438 habeat,
2322 3368 2464 3440 quod
2489 3368 2671 3425 decies
2710 3367 2857 3423 mille
2888 3382 2995 3422 non
3024 3365 3216 3422 habeat
3264 3366 3565 3431 mordetur;
3614 3363 3660 3418 si

2082 3463 2263 3519 decies
2283 3462 2429 3517 mille
2448 3461 2733 3530 acceperit,
2755 3458 2900 3530 quod
2923 3473 3030 3514 non
3046 3457 3226 3514 decies
3248 3457 3396 3527 plura
3413 3457 3661 3512 obtinue-

2084 3557 2154 3612 rit
2181 3555 2396 3626 angitur
2428 3571 2443 3608 :
2476 3553 2754 3624 maiorque
2797 3550 3079 3622 acquisitio
3108 3550 3167 3605 fit
3210 3551 3286 3605 illi
3338 3551 3666 3621 paupertatis

2085 3647 2325 3718 accessio
2356 3664 2370 3701 :
2402 3660 2524 3700 nam
2561 3653 2760 3716 quanto
2787 3644 2941 3714 plura
2991 3642 3280 3714 acceperit,
3315 3651 3463 3696 tanto
3511 3641 3665 3712 plura

2085 3739 2373 3796 desiderat.
2405 3739 2546 3809 Ergo
2569 3748 2769 3808 quanto
2801 3737 2948 3808 plura
2978 3735 3267 3807 acceperit,
3302 3743 3447 3789 tanto
3500 3736 3665 3805 magis

2089 3847 2292 3904 pauper
2316 3829 2495 3886 evadit
2527 3848 2540 3884 :
2568 3829 2658 3901 qui
2685 3830 2828 3884 enim
2850 3828 3002 3900 plura
3024 3827 3312 3893 desiderat,
3344 3826 3511 3896 magis
3537 3841 3667 3896 pau-

2056 3992 2057 3999 η
2088 3942 2185 3999 per
2207 3935 2308 3980 est.
2328 3923 2461 3980 Cum
2490 3924 2649 3996 igitur
2674 3932 2886 3979 centum
2920 3921 3115 3977 talenta
3134 3920 3398 3985 habuerit,
3428 3918 3666 3973 noudmu

2092 4028 2199 4073 tam
2226 4016 2504 4072 mendicus
2549 4024 2667 4081 est;
2697 4030 2822 4069 nam
2857 4014 3005 4069 mille
3029 4012 3329 4080 desiderat;
3375 4028 3494 4067 cum
3524 4010 3671 4066 mille

2090 4108 2378 4180 acceperit,
2406 4117 2535 4163 tunc
2560 4107 2730 4178 magis
2760 4121 2959 4177 pauper
3014 4104 3225 4171 evadit;
3260 4120 3365 4160 non
3391 4106 3497 4176 iam
3526 4104 3670 4159 enim

2092 4202 2239 4258 mille
2284 4209 2343 4256 ut
2390 4201 2534 4271 prius
2564 4201 2775 4270 quaerit,
2804 4198 2900 4253 sed
2947 4197 3131 4254 decies
3161 4198 3385 4254 millium
3411 4198 3510 4252 sibi
3539 4211 3673 4264 opus

2091 4307 2213 4350 esse
2257 4290 2408 4347 dicit.
2461 4291 2612 4359 Quod
2656 4291 2701 4345 si
2752 4290 3136 4360 concupiscere
3177 4298 3233 4344 et
3275 4303 3381 4343 non
3417 4288 3672 4357 consequi

2093 4387 2421 4457 voluptatem
2450 4399 2571 4440 esse
2614 4383 2782 4451 dicas,
2814 4383 3102 4455 voluptatis
3135 4395 3376 4438 naturam
3408 4379 3537 4436 mihi
3569 4380 3671 4434 ad-

2094 4477 2314 4535 modum
2335 4477 2578 4547 iguorare
2592 4473 2809 4531 videris.
2829 4476 2981 4542 Quod
2998 4475 3142 4530 enim
3165 4474 3266 4530 hoc
3281 4490 3384 4529 non
3403 4472 3673 4542 voluptas,

2097 4569 2191 4626 sed
2213 4568 2533 4639 supplicium
2556 4569 2644 4633 sit,
2667 4582 2781 4622 rem
2832 4567 2899 4622 ad
2928 4567 3073 4623 aliud
3119 4582 3304 4623 rursus
3349 4565 3679 4622 adducentes

2096 4662 2482 4719 examinemus.
2533 4658 2758 4728 Quando
2786 4660 3016 4728 sitimus,
3064 4674 3168 4716 non
3198 4659 3319 4716 ideo
3351 4658 3680 4715 delectamur

2098 4755 2342 4813 bibentes
2385 4753 2527 4825 quod
2580 4754 2723 4809 sitim
2764 4753 3036 4820 sedemus,
3081 4762 3135 4809 et
3166 4751 3288 4808 ideo
3324 4750 3569 4820 voluptas
3596 4759 3681 4804 est

2100 4857 2275 4921 potus,
2307 4846 2448 4918 quod
2465 4861 2493 4901 a
2516 4861 2709 4917 magno
2729 4860 2826 4902 nos
2857 4845 3045 4902 liberet
3063 4844 3323 4911 cruciatu,
3342 4858 3373 4898 a
3393 4842 3682 4913 cupiditate

2099 4939 2315 4996 bibendi
2344 4940 2570 5010 nempe?
2602 4938 2705 4994 hoc
2724 4937 2895 4993 cuivis
2924 4923 3263 5007 perspicuum
3302 4945 3406 4991 est.
3435 4932 3588 5002 Quod
3636 4935 3682 4988 si

2100 5033 2154 5090 in
2179 5032 2274 5088 tali
2309 5033 2545 5102 appetitu
2586 5044 2800 5100 semper
2837 5029 3074 5084 mansuri
3115 5041 3376 5091 essemus,
3415 5041 3521 5081 non
3570 5039 3684 5081 me-

2101 5126 2221 5182 liori
2250 5124 2561 5181 conditione
2585 5135 2834 5180 essemus
2852 5135 3013 5191 quam
3039 5120 3192 5177 dives
3218 5119 3306 5175 ille
3325 5160 3341 5185 ,
3373 5118 3467 5189 qui
3497 5115 3682 5172 Laxari

2103 5233 2210 5272 non
2240 5217 2490 5271 misertus
2512 5223 2616 5280 est,
2648 5222 2904 5284 quantum
2931 5210 3136 5267 scilicet
3160 5208 3229 5264 ad
3251 5206 3497 5278 supplicii
3522 5205 3686 5262 ratio-

2104 5325 2262 5367 nem:
2297 5324 2418 5363 nam
2447 5316 2502 5364 et
2522 5307 2597 5361 illi
2618 5305 2720 5361 hoc
2746 5304 3064 5376 supplicium
3084 5310 3142 5358 et
3159 5301 3365 5373 punitio
3384 5307 3519 5363 erat,
3543 5294 3687 5369 quod

2105 5418 2228 5458 cum
2278 5400 2478 5456 stillam
2531 5412 2749 5470 parvam
2793 5404 3041 5467 cuperet,
3088 5408 3196 5450 non
3248 5399 3566 5461 assequutus
3594 5389 3686 5445 sit.

2105 5492 2160 5549 Id
2217 5492 2361 5563 quod
2413 5489 2543 5547 mihi
2581 5489 2728 5545 avari
2765 5495 3023 5559 perpetuo
3066 5484 3178 5557 pati
3200 5484 3469 5546 videntur,
3496 5487 3555 5536 et
3612 5478 3689 5533 illi

2106 5583 2313 5641 similes
2353 5596 2477 5638 esse
2518 5582 2609 5652 qui
2650 5579 2873 5651 rogabat
2917 5588 2975 5637 ut
3010 5579 3148 5635 stilla
3176 5578 3461 5640 frueretur,
3513 5587 3692 5642 neque

2107 5683 2424 5746 asscquutus
2481 5684 2565 5729 est
2594 5691 2609 5729 :
2639 5673 2747 5728 imo
2786 5672 2956 5745 magis
3008 5683 3327 5733 avarorum,
3377 5680 3538 5738 quam
3605 5663 3694 5719 di-

2113 5766 2237 5822 vitis
2284 5765 2459 5836 illius,
2535 5765 2710 5822 anima
2774 5763 3126 5822 comburitur.
3180 5760 3245 5818 Et
3290 5757 3513 5832 pulchre
3561 5756 3699 5814 dixit
