4086 6214
428 278 530 332 119

423 395 549 448 σθαι
585 393 682 446 καὶ
711 392 1065 463 μαστίζεσθαι
1095 392 1357 455 ἀθάνατα,
1404 392 1435 462 ἢ
1467 391 1524 444 ἐν
1556 390 1716 460 πενία
1759 388 2000 458 ζήσαντα

423 475 572 551 [ηε]
601 478 787 549 δικαίᾳ
815 477 1020 549 βραχὺν
1049 478 1258 549 καιρὸν,
1285 475 1550 545 διηνεκῶς
1594 474 1810 545 τρυφᾷν
1841 471 1998 524 ὖστε⁸

423 581 550 633 ρον;
578 564 748 633 μήπω
771 563 882 634 γὰρ
904 564 960 616 τί
990 562 1426 634 λυσιτελέστερον
1469 559 1838 630 ἐξετάσωμεν,
1870 552 2004 608 ἀλλά

418 647 557 711 τέως
582 647 634 700 τί
672 647 1060 720 εὐκολώτερον.

492 883 560 936 Τί
579 882 634 936 δέ
666 881 836 954 ἥδιον,
862 882 994 954 δναρ
1023 881 1152 936 ἰδεῖν
1188 879 1422 952 χρηστὸν
1447 879 1542 931 καὶ
1577 879 1634 930 ἐν
1658 875 1887 948 ἀληθείᾳ
1919 892 2015 929 κο·⁹

420 966 705 1030 λάξεσθαι,
737 966 769 1037 ἢ
794 967 1028 1036 χαλεπὸν
1055 965 1188 1036 ὄναρ
1213 964 1389 1017 ίδόντα
1411 964 1470 1016 ἐν
1499 960 1729 1030 ἀληθείᾳ
1756 959 2006 1031 τρυφᾷν;

423 1052 521 1102 οὐκ
554 1049 777 1120 εὔδηλον
810 1051 892 1102 ὅτι
919 1048 1112 1113 τοῦτο;
1149 1047 1275 1111 Πῶς
1301 1043 1415 1111 οὖν,
1451 1045 1575 1098 είπέ
1612 1061 1724 1114 μοι,
1750 1044 2010 1114 τραχεῖαν

423 1133 612 1196 καλεῖς
636 1132 733 1204 τὴν
761 1133 992 1203 ἀρετήν;
1017 1131 1258 1202 Τραχεῖα
1289 1130 1398 1200 γάρ
1417 1133 1534 1183 ἐστι
1563 1128 1700 1200 πρὸς
1732 1127 1828 1197 τὴν
1861 1124 2011 1191 ὀλιγ-

423 1219 594 1288 ωρίαν
625 1218 984 1287 ἐξεταζομένη
1027 1217 1122 1288 τὴν
1147 1214 1443 1287 ἡμετέραν·
1475 1213 1598 1267 ἐπεὶ
1630 1213 1713 1266 ὅτι
1755 1228 1820 1278 γε
1849 1209 2010 1280 ῥᾳδία

423 1304 520 1356 καὶ
553 1302 796 1366 εὔκολος,
841 1303 1074 1357 ἄκουσον
1101 1304 1154 1356 τί
1183 1319 1351 1374 φησιν
1380 1301 1409 1353 ό
1444 1298 1700 1369 Χριστός·
1755 1297 1810 1347 '0
1838 1295 2012 1363 (vrdc

417 1405 540 1456 μου
568 1385 856 1455 χρηστὸς,
893 1387 994 1439 καί
1019 1387 1082 1440 τὸ
1105 1379 1364 1456 ’φορτίον
1382 1401 1505 1452 μου
1537 1380 1824 1450 ἐλαφρόν.
1863 1377 1923 1429 Ei
1953 1374 2010 1428 δὲ

423 1471 527 1523 οὐκ
575 1469 806 1541 αἰσθάνῃ
861 1469 957 1538 τῆς
994 1470 1347 1539 κουφότητος,
1376 1465 1535 1535 δῆλον
1579 1465 1661 1517 ὅτι
1701 1459 2010 1533 προθυμίαν

423 1555 751 1626 ἐρρωμένην
787 1554 888 1607 οὐκ
915 1553 1078 1624 ἐχεις.
1105 1553 1316 1622 Ὠσπερ
1350 1550 1458 1620 γάρ
1486 1548 1688 1618 ταύτης
1717 1544 1885 1616 οὔσης
1914 1545 2011 1598 καὶ

422 1640 492 1690 τὰ
525 1638 696 1710 βαρέα
723 1637 923 1708 κοῦφα,
953 1637 1126 1702 οὕτως
1156 1637 1256 1691 οὐκ
1285 1635 1450 1706 οὐσης
1479 1635 1571 1687 καὶ
1603 1633 1671 1687 τά
1704 1631 1882 1700 κοῦφα
1917 1629 2010 1698 βα-

427 1723 546 1794 ρέα.
577 1723 642 1776 Τί
671 1723 800 1794 7&9,
823 1723 947 1776 είπέ
978 1739 1094 1792 μοι,
1118 1722 1216 1792 τῆς
1240 1720 1334 1774 τοῦ
1365 1719 1542 1790 μάννα
1560 1715 1842 1788 τραπέζης
1862 1713 2010 1785 ἥδιον

423 1805 520 1860 καὶ
574 1807 949 1878 ἀπονώτερονς
1023 1804 1166 1862 Ἀλλ’
1219 1803 1601 1873 ἐδυσχέραινον
1658 1801 1706 1852 οἱ
1767 1797 2010 1854 Ἰουδαῖοι

421 1890 682 1960 τοιαύτης
704 1890 1068 1952 ἀπολαύοντες
1097 1889 1329 1960 τρυφῆς.
1362 1887 1428 1940 Τί
1464 1885 1624 1957 λιμοῦ
1663 1883 2008 1954 πικρότερον.

423 1976 521 2028 καὶ
548 1975 657 2027 τῶν
688 1975 864 2030 ἄλλων
900 1975 1008 2028 τῶν
1032 1973 1345 2045 ἐπιμόχθων
1373 1964 1448 2025 ὧν
1472 1969 1732 2038 ὑπέμεινε
1764 1963 2009 2028 Παῦλοςς

437 2060 583 2114 ’Λλλ’
611 2060 841 2130 ἐσκίρτα
879 2061 973 2113 καὶ
1003 2059 1190 2130 ἔχαιρε
1229 2057 1322 2110 καὶ
1364 2054 1540 2122 ἔλεγε·
1570 2053 1700 2107 Νῦν
1733 2050 1916 2119 χαίρω
1943 2049 2013 2100 ἐν·

423 2145 552 2210 τοῖς
575 2143 890 2213 παθήμασι
910 2161 1048 2213 μου.
1086 2143 1151 2195 Τί
1187 2138 1280 2195 οῦν
1309 2140 1371 2194 τὸ
1406 2139 1616 2200 αίτιον;
1658 2137 1720 2189 Ἠ
1748 2135 1843 2204 τῆς
1868 2131 2011 2202 γνὼ-

426 2247 538 2302 μηε
568 2228 820 2298 διαφορά.
849 2229 947 2281 “Av
969 2217 1148 2280 τοίνυν
1171 2225 1395 2297 ταύτην,
1431 2223 1550 2276 οἵαν
1583 2216 1719 2274 εἶναι
1754 2217 1880 2289 χρὴ,
1912 2233 2012 2302 κα-

421 2297 795 2384 τασκευάσῃς,
830 2312 952 2381 δψει
976 2313 1076 2383 τὴν
1102 2309 1352 2364 εὐκολίαν
1394 2311 1494 2378 τῆς
1525 2305 1748 2375 ἀρετῆς.
1783 2305 1849 2356 Τί
1881 2297 2010 2365 οῦν,

423 2400 536 2455 ἀπὸ
565 2400 661 2468 τῆς
691 2397 919 2468 γνώμης
945 2397 1053 2450 τῶν
1086 2395 1380 2466 μετιόντων
1401 2391 1625 2461 τοιαύτη
1651 2392 1882 2460 γίνεται,
1911 2405 2014 2457 φη-

421 2486 510 2539 σίν
536 2503 553 2551 ς
581 2485 695 2538 οὐκ
719 2483 828 2537 ἀπὸ
877 2482 980 2552 τῆς
1024 2480 1254 2551 γνώμης
1301 2479 1480 2550 μόνον,
1538 2475 1676 2530 άλλά
1717 2476 1809 2528 καὶ
1851 2471 2013 2542 φύσει

419 2571 649 2640 τοιαύτη
683 2569 764 2632 τίς
797 2569 937 2621 ἐστι.
972 2567 1081 2619 Καὶ
1105 2566 1216 2636 γὰρ
1249 2566 1297 2617 εί
1330 2564 1430 2634 μὲν
1459 2561 1637 2616 διόλου
1662 2560 1919 2621 ἐπίπονος
1944 2553 2012 2628 ἦν

420 2653 633 2724 ἐκείνη,
667 2652 762 2707 καὶ
800 2649 943 2720 αῦτη
979 2649 1154 2703 διόλου
1194 2648 1254 2701 τὸ
1284 2646 1548 2708 ἐναντίον,
1581 2644 1806 2707 εἰκότως
1835 2643 1901 2695 ἀν
1929 2657 2014 2703 τις

420 2739 536 2792 τῶν
568 2723 1037 2791 ἀναπεπτωκότων
1079 2729 1202 2786 εἷπε
1235 2731 1443 2801 ταύτην
1467 2727 1836 2793 εὐκολωτέραν
1865 2723 2014 2778 ἐκεί-

421 2840 546 2893 νης·
578 2824 627 2875 εί
649 2821 705 2875 δὲ
729 2820 902 2891 ἀρχὴν
928 2818 1142 2889 ἔχουσιν
1173 2817 1206 2888 ἡ
1243 2815 1342 2887 μὲν
1369 2813 1634 2884 χαλεπὴν,
1663 2812 1696 2882 ἡ
1725 2810 1780 2862 δὲ
1807 2809 2012 2893 ἡδεῖαν,

421 2891 495 2962 τά
547 2907 603 2960 δὲ
656 2905 784 2973 τέλη
817 2903 985 2957 πάλιν
1013 2901 1344 2962 ἀπεναντίας
1379 2899 1589 2960 αὐταῖς.
1613 2896 1818 2965 ἄπειρα
1847 2893 1904 2946 δὲ
1946 2891 2017 2946 τὰ

419 2992 578 3061 τέλη,
607 2991 707 3060 τῆς
740 2989 839 3059 μὲν
882 2987 945 3040 τὸ
994 2985 1112 3057 ἡδὺ,
1153 2985 1252 3055 τῆς
1292 2983 1346 3039 δὲ
1384 2981 1443 3038 τὺ
1475 2980 1634 3061 βαρὺ,
1667 2975 2015 3061 ποίανηείπὲ

427 3059 553 3146 μοι,
597 3059 969 3142 εὐκολώτερον
1027 3067 1283 3134 ἐλέσθαι;
1333 3066 1398 3119 Τί
1450 3060 1544 3118 οὖν
1597 3063 1696 3133 οὐχ
1729 3059 2015 3133 αἱροῦνται

424 3143 615 3213 πολλοὶ
640 3157 700 3210 τὸ
725 3156 982 3218 εὐκολονς
1021 3155 1142 3209 Ὀτι
1171 3152 1220 3204 οί
1251 3150 1350 3221 μὲν
1376 3145 1720 3209 ἀπιστοῦσιν,
1757 3145 1805 3196 οί
1834 3143 1890 3196 δὲ
1921 3143 2016 3196 καὶ

425 3245 798 3307 πιστεύοντες,
843 3239 1250 3312 διεφθαρμένην
1294 3235 1394 3306 τὴν
1421 3231 1650 3304 γνώμην
1679 3230 1884 3300 ἔχουσι.
1918 3230 2016 3282 καὶ

425 3330 621 3386 ἱλοιντ⁹
663 3327 727 3382 ἂν
757 3328 862 3397 τὴν
898 3324 1232 3396 πρόσκαιρον
1264 3319 1458 3391 ἡδονὴν
1481 3317 1602 3371 ἀντὶ
1640 3315 1740 3384 τῆς
1767 3313 2012 3376 αἰωνίας.

427 3413 643 3470 υύκοῦν
673 3411 832 3466 τοῦτο
864 3408 1112 3473 εῦκολονς
1148 3405 1263 3458 Οὐκ
1304 3402 1546 3465 εῦκολον,
1589 3400 1704 3454 ἀλλ’
1753 3397 2017 3460 ἀσθενοῦς

425 3499 608 3572 ψυχῆς
628 3495 806 3550 τοῦτο.
837 3493 947 3546 Καὶ
978 3491 1229 3562 καθάπερ
1259 3489 1309 3542 οί
1342 3487 1718 3572 πυρέττοντες,
1747 3484 1848 3572 οὐκ
1873 3484 2017 3572 ἐπειο

424 3564 674 3654 δίη-ἣδιον
709 3579 772 3632 τὺ
804 3577 942 3649 πρὸς
975 3575 1148 3646 βραχὺ
1177 3573 1388 3644 τρυφᾷν
1416 3570 1509 3624 τοῦ
1531 3567 1706 3654 διόλου
1738 3564 2013 3654 καίεσθαι,

423 3651 516 3722 διά
547 3651 711 3718 τοῦτο
730 3659 1104 3734 ψυχροποσίας
1125 3657 1349 3728 ἐρῶσιν,
1371 3654 1485 3711 ἀλλ’
1509 3651 1694 3723 ἐπειδὴ
1724 3651 2016 3734 κατασχεῖν

424 3754 532 3806 οὐκ
570 3732 856 3820 ἀνέχονται
897 3745 999 3815 τῆς
1031 3741 1326 3812 ἐπιθυμίας
1359 3740 1456 3809 τῆς
1481 3737 1706 3794 ἀτόπου·
1748 3734 1890 3789 οῦτω
1924 3732 2016 3788 καὶ

425 3832 597 3892 οῦτοι·
751 3831 804 3885 εί
845 3847 910 3898 γε
950 3829 1044 3886 ἐπὶ
1083 3826 1181 3899 τὴν
1211 3825 1430 3879 κόλασίν
1469 3840 1554 3887 τις
1589 3822 1785 3884 αὐτοὺς
1821 3819 2016 3890 ἔφερεν

426 3920 564 3991 ὁμοῦ
602 3919 744 3990 μετά
783 3900 882 3984 τῆς
912 3913 1127 3985 ⁴ίλδονῆς.
1149 3910 1249 3966 οὐκ
1278 3910 1342 3964 ἄν
1384 3925 1514 3962 ποτε
1543 3906 1748 3976 ταύτην
1787 3903 2012 3958 εἵλοντο.

428 3988 585 4068 εἶδες
605 3988 725 4066 πῶς
747 4001 848 4054 οὐκ
866 3996 1090 4052 εῦκολον
1117 3997 1150 4067 ἡ
1178 3994 1370 4060 κακία;
1405 3992 1466 4046 ΕΞ
1492 3991 1547 4045 δέ
1569 3991 1771 4062 βούλει.
1802 3989 1896 4042 καὶ
1930 3988 2017 4041 ἐπ’

429 4087 616 4143 αὐτῶν
650 4086 754 4139 τῶν
789 4081 1127 4156 πραγμάτων
1177 4078 1522 4148 ἐξετάσωμεν
1570 4076 1630 4128 τὸ
1673 4073 1806 4126 αὐτὸ
1858 4071 2018 4125 τοῦτο

431 4171 621 4224 πάλιν.
669 4169 730 4222 Τί
769 4168 876 4237 γὰρ
919 4165 1085 4236 ἥδιον,
1140 4165 1261 4217 είπέ
1307 4179 1418 4232 μοι,
1471 4160 1564 4213 καὶ
1614 4157 2014 4227 εὐκολώτερον;

443 4253 610 4310 Ἀλλὰ
653 4252 728 4323 μὴ
770 4252 936 4304 πάλιν
975 4249 1082 4302 ἀπὸ
1118 4249 1217 4318 τῆς
1279 4245 1576 4316 ἐπιθυμίας
1635 4243 1743 4296 τῶν
1807 4241 2016 4295 πολλῶν

425 4340 499 4398 τὰ
539 4337 842 4409 πράγματα
885 4334 1182 4406 κρίνωμεν·
1209 4330 1332 4383 οὐδὲ
1367 4330 1477 4400 7&9
1510 4327 1617 4381 ἀπὸ
1650 4327 1761 4381 τῶν
1795 4326 2016 4380 νοσούν-

425 4441 561 4489 των,
607 4421 722 4474 ἀλλ’
767 4419 875 4473 ἀπὸ
925 4416 1034 4469 τῶν
1089 4415 1445 4483 ὑγιαινόντων
1500 4409 1834 4481 ψηφίζεσθαι
1883 4410 2012 4480 χρή.

426 4506 565 4561 οὐδὲ
592 4507 724 4576 7&9,
753 4503 819 4556 ἂν
850 4501 1078 4573 μυρίους
1112 4517 1203 4570 μοι
1227 4497 1406 4571 δείξῃς
1427 4497 1794 4568 πυρέττοντας
1824 4496 1916 4548 καὶ
1945 4494 2016 4548 τὰ

428 4588 650 4642 ἐναντία
694 4589 761 4657 τῇ
803 4585 965 4656 ὐγείᾳ
994 4582 1312 4654 ζητοῦντας,
1351 4580 1445 4634 καὶ
1486 4579 1844 4652 αἱρουμένους
1876 4576 2016 4648 μετά

425 4673 604 4727 ταῦτα
639 4670 986 4735 κολάζεσθαι,
1017 4665 1351 4737 ἀποδέξομαι
1399 4664 1497 4735 τὴν
1537 4665 1750 4736 αῖρεσιν
1787 4663 2012 4734 ταύτην.

426 4757 494 4811 Τί
533 4755 713 4810 τοίνυν
759 4753 1144 4825 εὐκολώτερον,
1179 4749 1303 4805 είπέ
1355 4766 1466 4821 μοι,
1502 4747 1751 4818 ἐφίεσθαι
1803 4747 2016 4807 πολλῶν

426 4841 753 4912 χρημάτων,
788 4840 823 4910 ἦ
871 4837 1092 4908 μείζονα
1135 4831 1276 4890 εἶναι
1310 4835 1410 4904 τῆς
1440 4832 1736 4902 ἐπιθυμίας
1773 4831 2012 4902 ταύτης;

439 4926 599 4995 Ἐμοὶ
624 4925 725 4994 μὲν
754 4925 866 4994 7&9
892 4922 1050 4976 τοῦτο
1077 4921 1242 4979 δοκεῖ·
1279 4921 1328 4975 εί
1357 4919 1415 4974 δὲ
1445 4918 1608 4983 αὐτὸς
1636 4919 1903 4982 ἀπιστεῖς.
1927 4917 2013 4974 ἐπ’

426 5009 569 5064 αὐτά
600 5010 669 5063 τά
702 5009 1009 5080 πράγματα
1044 5006 1134 5058 τὸν
1173 5005 1332 5074 λόγον
1368 5002 1688 5074 ἀγάγωμεν.
1728 5001 1876 5074 [125]
1907 5003 2016 5055 Καὶ

427 5093 574 5146 ἔστω
607 5093 636 5145 ὁ
665 5092 765 5162 μὲν
807 5088 1018 5148 πολλῶν
1048 5088 1356 5158 ἐφιέμενος,
1387 5087 1416 5139 ό
1446 5085 1504 5140 δέ
1542 5086 1788 5157 μηδενός·
1825 5085 1878 5141 τί
1910 5086 2016 5138 τοί-

425 5194 526 5232 νυν
549 5177 821 5246 κρεῖττον,
850 5173 974 5227 εἰπέ
1006 5189 1118 5246 μοι,
1147 5171 1242 5226 καὶ
1261 5171 1313 5224 τί
1339 5169 1667 5242 σεμνότερον
1691 5187 1706 5236 ;

499 5383 564 5437 ε’.
583 5383 743 5438 Ἀλλά
759 5380 916 5439 τοῦτο
937 5381 1034 5454 μὲν
1046 5382 1345 5454 παρείσθω·
1358 5379 1517 5437 τοῦτο
1530 5383 2013 5456 γάρώμολόγηται,

425 5467 512 5520 ότι
544 5461 702 5533 οὗτος
732 5467 944 5521 ἐκείνου
973 5466 1319 5538 σεμνότερος·
1347 5468 1442 5520 καὶ
1466 5468 1621 5522 οὐδὲν
1661 5468 1791 5539 περὶ
1823 5469 2014 5526 τούτου

423 5549 702 5621 ζητοῦμεν
757 5550 876 5613 νῦν,
913 5551 1051 5605 ἀλλά
1093 5551 1175 5616 τίς
1221 5552 1588 5624 εὐκολώτερον
1644 5553 1709 5624 ζῇ
1763 5554 1878 5623 βίον
1923 5557 2016 5613 καὶ

423 5631 597 5702 ἥδιον.
641 5633 702 5686 '0
737 5633 838 5703 μὲν
877 5631 988 5704 γὰρ
1022 5632 1356 5704 φιλάργυρος
1385 5633 1506 5686 οὐδὲ
1533 5632 1641 5687 τῶν
1670 5634 1839 5688 όντων
1881 5637 2016 5688 ἀπο-

424 5713 708 5769 λαύσεται·
763 5715 794 5768 δ
839 5714 948 5788 γὰρ
991 5716 1154 5785 φιλεῖ,
1202 5715 1411 5770 οὐκάν
1461 5717 1636 5772 ἐλοιτο
1684 5719 2012 5791 δαπανῆσαι,

427 5801 544 5854 ἀλλ’
578 5801 755 5873 ἡδέως
805 5803 998 5858 ἐαυτὸν
1027 5801 1092 5856 ἂν
1119 5801 1450 5871 κατακόψειε
1505 5805 1598 5857 καὶ
1659 5804 1740 5857 τάκ
1805 5806 2015 5876 σάρκας

429 5885 674 5960 πρόοιτο,
707 5887 742 5958 ἢ
773 5886 1089 5958 τδχρυσίον
1112 5904 1124 5917 ·
1164 5887 1192 5938 ό
1220 5885 1274 5939 δὲ
1311 5888 1669 5962 καταφρονῶν
1716 5893 2014 5963 χρημάτων

1457 275 1526 329 1x
1557 255 1785 329 'EPIST.
1831 270 1968 324 un
2006 269 2165 328 con.
2211 271 2444 335 IIOMIL.
2476 277 2610 334 xw.

3593 288 3690 345 19.0

2107 389 2268 444 τοῦτο
2289 393 2425 458 τίως
2453 395 2732 465 ἑκέρδανε,
2771 392 2828 446 τὸ
2861 393 2964 448 τῶν
2993 395 3160 449 όντων
3191 395 3483 451 ἀπολαύειν
3506 399 3694 465 ἀπλῶς

2112 477 2207 528 καὶ
2271 479 2412 546 μετά
2463 480 2647 542 ἀδείας
2701 478 2926 547 πολλῆς.
2977 479 3071 532 καί¹
3123 481 3314 536 ἑαυτὸν
3375 481 3694 554 προτιθέναι

2110 563 2356 618 ἐκείνων.
2390 565 2456 617 Τί
2487 561 2580 619 οῦν
2612 566 2780 637 ⁴ἥδιον,
2819 570 2956 638 μετά
3015 567 3198 632 ἀδείας
3250 567 3548 623 ἀπολαύειν
3583 567 3696 624 τῶν

2109 647 2360 718 όντων,ἢ
2405 648 2510 702 ὐπὸ
2557 651 2791 722 δεσπότῃ
2843 651 3022 716 ζῶντα
3066 650 3144 721 τῷ
3182 651 3418 722 πλούτῳ,
3469 649 3698 722 μηδενὸς

2107 733 2313 806 τολμᾷν
2343 734 2613 792 ἅπτεσθαι
2640 736 2748 789 τῶν
2775 737 2970 790 ἑαυτοῦ
2997 755 3011 801 ;
3042 736 3268 806 Ὅμοιον
3301 737 3408 807 γὰρ
3431 733 3574 791 εἷναί
3605 755 3696 809 μοι

2107 818 2272 882 δοκεῖ,
2312 817 2502 889 ῶσπερ
2532 819 2600 872 ἂν
2629 821 2683 872 εῖ
2717 837 2859 884 τινες
2898 820 3088 889 ἄνδρες
3115 819 3211 872 δύο
3247 824 3514 887 γυναῖκας
3539 821 3698 892 έχον-

2107 919 2219 966 τε-ς,
2259 901 2356 955 καὶ
2398 902 2604 974 σφόδρα
2644 902 2822 956 αὐτῶν
2867 903 3122 975 ἐρῶντες,
3159 903 3234 976 μὴ
3261 903 3462 974 ὁμοίως
3507 905 3700 970 αὐταῖς

2109 985 2338 1056 χρῷντο·
2373 986 2509 1039 ἀλλά
2550 986 2627 1056 τῷ
2660 987 2758 1058 μὲν
2789 988 2881 1059 ἐξῇ
2921 990 3016 1042 καὶ
3055 988 3324 1043 ἅπτεσθαι
3369 988 3464 1042 καὶ
3488 988 3699 1058 ὁμιλεῖν

2109 1071 2447 1142 τῇγυναικὶ,
2476 1073 2671 1144 ἐκείνῳ
2723 1074 2778 1128 δὲ
2829 1074 2964 1146 μηδὲ
3012 1075 3180 1144 ἐγγὺς
3230 1073 3507 1142 γενέσθαι.
3541 1073 3699 1129 Εἴπω

2112 1157 2204 1210 καὶ
2234 1155 2441 1226 ἕτερον,
2492 1157 2587 1210 τοῦ
2620 1159 2719 1230 μὲν
2749 1159 2848 1230 τὴν
2877 1159 3095 1230 ἡδονὴν,
3138 1159 3232 1213 τοῦ
3263 1159 3322 1211 δέ
3350 1158 3592 1230 ἀθυμίαν
3615 1159 3700 1213 ἐν-

2111 1239 2483 1310 δεικνύμενος.
2524 1241 2584 1293 '0
2619 1241 2956 1314 φιλάργυρος
3001 1242 3258 1297 οὐδέποτε
3301 1243 3561 1312 στήσεται
3599 1243 3700 1312 τῆς

2113 1323 2410 1394 ἐπιθυμίας
2431 1323 2656 1394 ταύτης,
2680 1325 2742 1378 ού
2767 1325 2844 1396 τῷ
2884 1325 2956 1396 μὴ
2989 1325 3248 1379 δύνασθαι
3267 1327 3335 1379 τα
3365 1327 3582 1380 πάντων
3609 1326 3702 1379 λα-

2113 1407 2230 1461 ϐεῖν
2260 1408 2442 1478 μόνον,
2469 1407 2604 1462 ἀλλά
2639 1409 2732 1462 καὶ
2762 1409 2861 1480 τῷ,
2891 1411 2994 1463 ὅσα
3020 1410 3084 1465 ἂν
3120 1409 3504 1480 περιϐάληται,
3531 1409 3700 1480 μηδὲν

2113 1491 2364 1562 ἡγεῖσθαι
2399 1491 2564 1561 ἔχειν·
2587 1494 2615 1546 ό
2639 1492 2696 1545 δὲ
2729 1493 3028 1564 χρημάτων
3054 1493 3437 1563 καταφρονῶν,
3465 1493 3702 1564 ’περιττά

2112 1575 2294 1629 πάντα
2333 1576 2621 1646 ἡγήσεται,
2649 1576 2745 1629 καὶ
2777 1577 2837 1629 οὐ
2867 1576 3086 1630 κολάσει
3113 1577 3214 1649 τὴν
3243 1575 3421 1647 ψυχὴν
3457 1575 3702 1648 ἀπεράν.

2110 1674 2226 1721 τοις
2266 1658 2605 1728 ἐπιθυμίαις.
2637 1659 2804 1712 Οὐδὲν
2834 1659 2943 1732 γὰρ
2971 1659 3145 1724 οῦτως
3182 1661 3263 1724 είς
3295 1659 3573 1723 κολάσεως
3617 1660 3701 1711 λύ-

2113 1759 2208 1810 γον
2241 1743 2413 1805 ἐστὶν,
2447 1743 2522 1806 ὡς
2553 1743 2817 1814 ἐπιθυμία
2847 1745 3202 1807 ἀπολαύσεως
3254 1745 3618 1818 ἐστερημένη.
3670 1744 3700 1800 ό

2116 1826 2353 1894 μάλιστα
2402 1828 2498 1880 καλ⁵
2538 1829 2639 1896 τὴν
2687 1827 3130 1899 διεστραμμένην
3173 1827 3414 1882 δείκνυσι
3446 1828 3695 1898 γνώμην.

2115 1912 2314 1964 Σκόπει
2361 1910 2436 1963 δέ·
2479 1911 2508 1963 6
2565 1911 2850 1982 ἐπιθυμῶν
2876 1912 3178 1982 χρημάτων
3221 1911 3314 1965 καὶ
3357 1910 3701 1982 κτησάμενος

2113 1993 2356 2058 πλείονα,
2383 1994 2458 2058 ώς
2481 1994 2634 2047 οὐδὲν
2657 1994 2795 2066 ἔχων
2821 1994 3088 2049 διάκειται
3119 1997 3147 2048 ό
3178 1993 3438 2056 τοιοῦτος·
3467 1990 3576 2064 ἆρα
3605 1994 3702 2063 τῆς

2115 2079 2272 2133 νόσου
2305 2079 2508 2148 ταύτης
2533 2079 3019 2152 πολυπλοκώτερόν
3051 2098 3102 2133 τι
3130 2079 3329 2149 γένοιτ’
3362 2081 3463 2143 iv;
3507 2080 3617 2133 Καὶ
3639 2080 3700 2133 ού

2114 2163 2274 2219 τοῦτο
2323 2165 2483 2235 μόνον
2527 2165 2644 2218 ἐστὶ
2685 2165 2750 2217 τὸ
2799 2164 2992 2230 δεινὸν,
3030 2164 3143 2218 ἀλλ’
3174 2165 3256 2220 ὅτι
3286 2166 3378 2218 καὶ
3405 2163 3566 2236 ἔχων,
3602 2164 3701 2216 οὐκ

2116 2248 2260 2319 ἔχειν
2289 2249 2438 2302 δοκεῖ
2463 2249 2600 2301 αὐτά
2629 2248 2664 2302 ἃ
2703 2247 2946 2319 κατέχει,
2985 2249 3081 2302 καὶ
3106 2247 3185 2312 ὡς
3208 2249 3312 2302 οὐκ
3335 2247 3475 2318 ἔχων
3503 2246 3703 2300 κόπτε·

2113 2349 2226 2386 ται·
2256 2333 2361 2386 κᾶν
2390 2332 2455 2385 τά
2479 2331 2698 2386 πάντων
2725 2332 2886 2404 λάϐῃ,
2913 2332 3114 2403 μᾶλλον
3144 2334 3381 2387 ἀνιᾶται·
3429 2331 3536 2384 κᾶν
3572 2333 3704 2402 κτήφ

2118 2432 2277 2486 σηται
2306 2417 2503 2470 ἐκατὺν
2540 2417 2802 2482 τάλαντα,
2831 2419 2912 2471 ὅτι
2955 2417 3030 2488 μὴ
3067 2417 3215 2488 χίλια
3260 2415 3474 2478 ἐλαϐεν,
3523 2416 3700 2484 ἀλγεῖ·

2115 2498 2218 2552 κᾶν
2255 2500 2404 2569 χίλια
2429 2499 2568 2573 λάϐῃ
2589 2513 2637 2565 ο,
2661 2502 2742 2556 ὅτι
2777 2502 2852 2573 μὴ
2881 2501 3070 2573 μύρια,
3092 2502 3378 2557 δάκνεται·
3407 2500 3510 2557 κᾶν
3534 2499 3703 2572 μύρια
3785 2499 3796 2523 ⁸

2114 2581 2276 2655 λάϐῃ,
2315 2585 2396 2639 ὅτι
2433 2585 2508 2657 μὴ
2531 2585 2754 2648 δεκάκις
2787 2585 3045 2646 τοσαῦτα,
3079 2585 3506 2643 κατακόπτεται·
3544 2584 3639 2637 καὶ
3669 2585 3703 2654 ἡ

2115 2665 2316 2720 πλείων
2350 2669 2540 2737 κτῆσις
2568 2670 2716 2740 αὐτῷ
2745 2670 3032 2742 προσθήκη
3072 2671 3285 2738 γίνεται
3333 2668 3544 2732 πενίας·
3594 2669 3706 2736 ὅσῳ

2114 2754 2224 2823 γὰρ
2267 2752 2334 2807 ἂν
2385 2752 2526 2825 λάϐῃ
2577 2753 2820 2818 πλείονα,
2857 2755 3096 2824 τοσούτῳ
3134 2752 3394 2805 πλειόνων
3423 2751 3702 2822 ἐπιθυμεῖ.

2115 2839 2324 2893 Οὐκοῦν
2354 2839 2462 2908 ὅσῳ
2498 2840 2563 2892 ἂν
2596 2839 2817 2892 πλείονα
2847 2837 3009 2913 λάϐῃ,
3052 2837 3292 2908 τοσούτῳ
3328 2835 3531 2907 μᾶλλον
3558 2837 3705 2907 γίνε.

2113 2941 2206 2977 ται
2243 2923 2438 2997 πένης·
2480 2925 2510 2980 ὁ
2545 2925 2654 2996 7&9
2682 2923 2942 2981 πλειόνων
2966 2921 3270 2994 ἐπιθυμῶν,
3307 2921 3507 2992 μᾶλλον
3537 2921 3708 2988 πένης

2115 3007 2284 3061 ἐστίν.
2309 3007 2479 3060 Ὅταν
2511 3008 2609 3076 μὲν
2639 3002 2732 3061 οῦν
2761 3006 2957 3061 ἐκατδν
2983 3005 3082 3080 ἔχῃ
3110 3006 3370 3069 τάλαντα,
3411 3005 3470 3058 οὐ
3504 3003 3707 3076 σφόδρα

2117 3089 2409 3160 πτωχεύει·
2439 3091 2628 3162 χιλίων
2643 3091 2755 3164 γὰρ
2783 3091 3060 3162 ἐπιθυμεῖ·
3086 3089 3214 3144 ὅταν
3235 3088 3380 3162 χίλια
3404 3087 3565 3161 λάϐῃ,
3582 3087 3707 3142 τότε

2120 3173 2321 3244 μᾶλλον
2346 3175 2557 3240 γίνεται
2593 3163 2782 3246 πένης·
2813 3176 3000 3230 οὐκέτι
3030 3173 3140 3246 γὰρ
3169 3163 3360 3246 χιλίων
3387 3173 3466 3236 ὡς
3506 3171 3706 3243 πρότε-

2120 3272 2231 3326 ρον,
2256 3255 2391 3311 ἀλλά
2419 3258 2630 3332 μυρίων
2650 3258 2811 3313 αὐτὸν
2833 3261 2890 3313 ἐν
2911 3258 3071 3330 χρεία
3099 3258 3266 3329 φησὶν
3292 3253 3454 3310 εἶναι.
3485 3257 3545 3308 Ei
3565 3254 3622 3308 δὲ
3647 3254 3708 3309 τὸ

2116 3339 2427 3407 ἐπιθυμεῖν,
2451 3344 2543 3396 καὶ
2571 3343 2646 3415 μὴ
2671 3343 3080 3413 ἐπιτυγχάνειν,
3106 3341 3300 3413 ἡδονὴν
3333 3334 3474 3394 εἶναι
3503 3338 3705 3408 λέγεις,

2115 3424 2330 3492 ἀγνοεῖν
2357 3442 2447 3496 μοι
2479 3426 2683 3497 σφόδρα
2711 3427 2890 3490 δοκεῖς
2914 3427 3015 3496 τῆς
3038 3425 3232 3497 ἡδονῆς
3253 3425 3352 3496 τὴν
3376 3426 3556 3495 φύσιν.
3585 3423 3706 3476 Ὅτι

2116 3508 2228 3580 γὰρ
2256 3510 2355 3580 οὐχ
2385 3509 2567 3582 ἡδονὴ,
2595 3510 2733 3565 ἀλλά
2766 3511 2988 3572 κόλασις
3017 3509 3077 3562 τὺ
3109 3509 3372 3572 τοιοῦτον,
3401 3509 3486 3577 ἐφ’
3519 3506 3707 3578 ἕτερον

2117 3589 2250 3643 αὐτὸ
2278 3589 2440 3642 πάλιν
2484 3591 2806 3658 ἀγαγόντες,
2841 3589 3208 3659 ἐξετάσωμεν.
3245 3588 3409 3641 Ὅταν
3441 3585 3705 3657 διψῶμεν,

2115 3671 2176 3728 οὐ
2197 3672 2285 3726 διὰ
2314 3672 2472 3727 τοῦτο
2506 3673 2744 3745 ἡδόμεθα
2771 3675 3038 3738 πίνοντες,
3062 3673 3146 3731 ὅτι
3173 3672 3235 3727 τὸ
3255 3671 3407 3742 δίψος
3434 3670 3704 3742 παύομεν,

2117 3758 2212 3812 καὶ
2235 3758 2325 3812 διά
2353 3759 2511 3813 τοῦτο
2539 3760 2704 3835 ἡδονὴ
2732 3759 2792 3814 τὸ
2817 3760 3015 3826 πίνειν,
3043 3761 3122 3814 ὅτι
3145 3757 3393 3831 μεγάλης
3427 3759 3574 3832 ημᾶς
3598 3757 3707 3810 ἀπη

2117 3841 2370 3895 αλλάττει
2406 3843 2665 3912 βασάνου,
2708 3844 2809 3914 τῆς
2854 3843 3154 3916 ἐπιθυμίας
3193 3843 3338 3912 λέγω
3366 3841 3459 3895 τοῦ
3492 3844 3707 3908 πίνειν;

2119 3927 2281 3980 παντί
2307 3945 2408 3981 που
2441 3929 2619 3996 δῆλον.
2653 3927 2806 4005 [124]
2845 3929 2909 3982 Ei
2937 3929 2996 3981 δὲ
3025 3929 3316 4000 μέλλοιμεν
3346 3927 3404 3982 ἐν
3440 3926 3710 4000 ἐπιθυμία

2116 4012 2208 4066 ἀεὶ
2255 4012 2551 4084 διατρίϐειν
2601 4013 2848 4082 τοιαύτῃ,
2905 4011 3059 4066 οὐδὲν
3102 4012 3324 4065 ἐλαττον
3365 4010 3561 4081 ἕξομεν
3609 4008 3706 4065 τοῦ

2119 4094 2374 4150 πλουσίου
2414 4096 2508 4150 τοῦ
2551 4097 2644 4150 ἐπὶ
2675 4095 2770 4150 τοῦ
2798 4096 3053 4166 Λαζάρου
3094 4096 3175 4158 είς
3203 4093 3478 4157 κολάσεως
3510 4093 3705 4158 λόγον·

2117 4179 2240 4232 ἐπεὶ
2285 4181 2379 4235 καὶ
2427 4179 2621 4252 ἐκείνῳ
2652 4181 2874 4246 κόλασις
2912 4179 3073 4234 τοῦτο
3105 4175 3196 4251 ἦν,
3225 4179 3287 4232 τὺ
3333 4176 3706 4248 ἐπιθυμοῦντα

2121 4262 2366 4335 σφοδρῶς
2427 4265 2686 4333 σταγόνος
2744 4265 2968 4336 μικρᾶς,
3002 4262 3078 4336 μὴ
3119 4263 3266 4334 ἐχειν
3295 4259 3325 4300 δ
3351 4261 3443 4314 τὸν
3499 4259 3706 4330 ταύτην

2119 4347 2450 4417 παρέχοντα·
2490 4350 2626 4418 ὅπερ
2653 4350 2746 4401 καὶ
2779 4349 2831 4402 0i
2861 4348 3191 4420 φιλάργυροι
3231 4347 3466 4416 πάσχειν
3499 4361 3588 4416 μοι
3616 4344 3706 4396 δοο

2118 4429 2276 4484 κοῦσι
2304 4430 2589 4501 διηνεκῶς,
2621 4429 2716 4486 καὶ
2745 4433 2866 4485 κατ’
2900 4434 3108 4486 ἐκεῖνον
3143 4425 3282 4485 εἶναι
3319 4430 3411 4484 τὸν
3449 4427 3706 4493 ἀξιοῦντα

2117 4512 2320 4585 ταύτης
2367 4513 2698 4582 ἀπολαῦσαι,
2746 4516 2842 4570 καὶ
2879 4515 2955 4586 μὴ
2996 4513 3457 4585 ἐπιτυγχάνοντα·
3503 4511 3706 4584 μᾶλλον

2118 4598 2226 4670 γὰρ
2253 4601 2433 4654 αὐτῶν
2470 4602 2502 4671 ὴ
2535 4599 2684 4672 ψυχὴ
2715 4600 2817 4672 τῆς
2857 4600 3069 4659 ἐκείνου
3103 4599 3340 4656 καίεται.
3371 4598 3480 4655 Καὶ
3524 4595 3705 4662 καλῶς

2116 4699 2201 4745 τις
2235 4679 2386 4736 εἶπεν
2437 4684 2722 4754 ὐδερικούς
2764 4702 2916 4750 τινας
2952 4679 3094 4739 εἶναι
3139 4684 3269 4747 τοῦς
3312 4681 3702 4754 φιλαργύρους.

2117 4767 2385 4839 Καθάπερ
2412 4769 2520 4841 γάρ
2555 4771 2750 4825 ἐκεῖνοι
2774 4769 2909 4822 πολύ
2941 4769 3199 4838 φέροντες
3229 4765 3375 4836 ὕδωρ
3409 4767 3466 4820 ἐν
3491 4763 3572 4842 τῷ
3599 4763 3706 4818 σώ-

2119 4867 2250 4922 ματι
2304 4852 2505 4922 μᾶλλον
2553 4852 2886 4911 ἐκκαίονται·
2933 4849 3076 4903 οὕτω
3117 4850 3211 4904 καὶ
3269 4848 3318 4902 οί
3375 4845 3703 4919 φιλάργυροι

2116 4931 2286 4988 πολλά
2333 4933 2718 5006 περιφέροντες
2755 4934 3016 5008 χρήματα
3064 4931 3326 4986 πλειόνων
3352 4929 3698 5002 ἐπιθυμοῦσι.

2115 5016 2190 5069 Τὸ
2211 5016 2268 5071 δέ
2297 5015 2487 5080 αίτιον,
2519 5017 2602 5069 δτι
2623 5015 2746 5068 οὔτε
2779 5018 2976 5075 ἐκεῖνοι
3011 5017 3069 5069 ἐν
3100 5017 3212 5079 τοῖς
3243 5015 3580 5090 προσήκουσι
3609 5014 3703 5069 τό-

2116 5117 2240 5164 ποις
2270 5100 2333 5153 τδ
2367 5099 2512 5169 ὕδωρ
2533 5099 2766 5169 ἔχουσιν,
2797 5097 2916 5152 οὐδὲ
2950 5093 3093 5154 οῦτοι
3129 5099 3186 5151 ἐν
3217 5101 3330 5162 τοῖς
3367 5101 3700 5169 προσήκουσι

2115 5184 2395 5254 λογισμοῖς
2449 5184 2548 5252 τὴν
2590 5183 2904 5255 ἐπιθυμίαν.
2950 5183 3242 5255 Φεύγωμεν
3279 5179 3374 5236 οῦν
3417 5182 3516 5253 τὴν
3543 5180 3701 5251 ξένην

2113 5266 2316 5336 ταύτην
2345 5266 2439 5319 καὶ
2487 5265 2648 5338 κενὴν
2674 5266 2828 5321 νόσον
2854 5278 2903 5333 ε,
2944 5268 3235 5338 φεύγωμεν
3279 5266 3378 5338 τὴν
3414 5265 3568 5334 ῥίζαν
3590 5265 3702 5318 τῶν

2115 5349 2326 5412 κακῶν,
2353 5348 2640 5422 φεύγωμεν
2661 5351 2760 5423 τὴν
2791 5351 3072 5422 παροῦσαν
3095 5352 3336 5419 γέενναν·
3370 5349 3562 5418 γέεννα
3591 5350 3700 5421 γὰρ

2116 5436 2150 5505 ἡ
2178 5435 2382 5487 τούτων
2412 5434 2692 5508 ἐπιθυμία.
2733 5435 3063 5502 Ἀνάπτυξον
3087 5434 3216 5504 γοῦν
3245 5435 3346 5507 τὴν
3373 5433 3551 5507 ψυχὴν
3571 5436 3700 5490 ἑκάς

2181 5781 2207 5810 ⁸
2228 5781 2365 5844 Λάδῃ
2401 5781 2573 5830 deerat
2594 5783 2643 5832 in
2671 5783 2836 5842 editis,
2869 5783 2958 5829 sed
2986 5778 3196 5832 habetur
3217 5780 3264 5830 in
3293 5781 3413 5843 Reg.
3498 5780 3525 5819 δ
3553 5783 3696 5842 Lego:

2116 5839 2255 5910 batur
2280 5839 2353 5903 μὴ’
2379 5844 2715 5911 ἐπιτυγχάνει..
2805 5839 2829 5874 θ’
2853 5844 2996 5906 Reg,
3019 5844 3101 5894 καὶ
3121 5846 3288 5902 καινὴν
3308 5839 3463 5904 νόσον,
3486 5855 3596 5911 ηυδε
3621 5839 3690 5894 (θ’

2119 5905 2216 5952 clio
2239 5917 2333 5957 non
2358 5905 2654 5970 spernenda.
