4086 6214
296 308 299 309 ν
378 269 472 325 121

378 400 524 451 στου,
558 385 655 439 καὶ
685 384 780 439 τοῦ
811 386 1276 459 καταφρονοῦντος
1306 384 1606 456 χρημάτων
1632 383 1845 437 καὶτοῦ
1883 384 1957 456 μὴ

374 476 861 548 καταφρονοίἷοντος⁹
899 480 993 532 καὶ
1028 478 1145 547 ὕψει
1175 478 1257 530 ὅτι
1284 479 1312 530 6
1348 477 1446 547 μὲν
1470 478 1584 540 τοῖς
1609 476 1954 547 μαινομένοις

374 566 569 634 ἔοικεν,
600 568 749 623 οὐδὲν
790 567 911 621 οὔτε
946 569 1074 621 ἰδεῖν
1102 565 1225 620 οὔτε
1258 566 1488 622 ἀκοῦσαι
1535 567 1886 638 βουλόμενοςο
1928 566 1957 619 6

372 656 428 711 δέ
477 659 657 730 λιμένι
711 658 1000 730 προσέοικε
1059 657 1324 730 κυμάτων
1383 658 1811 730 ἀπηλλαγμένῳ,
1863 659 1956 711 καὶ

372 749 589 803 πάντων
640 749 758 801 ἐστὶ
808 748 981 817 φίλος,
1013 747 1202 821 ὥσπερ
1260 751 1464 814 ἐκεῖνος
1514 750 1727 821 ἐχθρός.
1772 751 1872 803 "Av
1896 766 1954 803 τε

369 840 478 908 γάρ
511 838 652 910 λάϐῃ
680 855 786 904 τις,
823 840 924 893 οὐκ
952 839 1245 912 ἐλύπησεν,
1272 840 1339 895 ἄν
1364 858 1425 893 τε
1454 841 1529 912 δῷ
1560 840 1721 895 πάλιν
1747 858 1831 904 τις
1859 841 1955 894 αὺ-

367 933 464 1003 τῷ,
488 931 588 983 οὐκ
615 930 912 1002 ὲφύσησεν,
936 931 1073 985 ἀλλά
1101 931 1183 995 τίς
1208 933 1357 985 ἐστιν
1390 931 1672 1003 ἐλευθερία
1697 930 1828 1004 παρ’
1854 932 1953 986 αὐ-

366 1020 445 1092 τῷ
470 1023 651 1076 πᾶσαν
680 1022 865 1078 ἄδειαν
894 1023 1119 1095 έχουσα’
1150 1024 1246 1078 καὶ
1268 1024 1296 1077 6
1323 1023 1421 1096 μὲν
1443 1024 1652 1088 πάντας
1674 1024 1771 1078 καὶ
1796 1024 1955 1078 κολα-

367 1111 548 1168 κεύειν
578 1115 672 1169 καὶ
695 1115 1086 1186 ὑποκρίνεσθαι
1140 1116 1531 1185 ἀναγκάζεται,
1562 1108 1718 1180 οὗτος
1741 1114 1799 1168 δέ
1855 1115 1951 1169 οὺς

364 1202 580 1257 δένα.Εί
593 1204 773 1260 τοίνυν
793 1206 888 1261 καὶ
905 1206 1074 1279 πένης
1096 1208 1245 1261 ἐστὶν
1263 1208 1290 1260 6
1312 1208 1648 1279 φιλάργυρος
1665 1206 1761 1262 καὶ
1783 1204 1956 1270 δειλὸς

1046 274 1104 331 8.
1140 271 1420 330 JOANNIS
1454 266 1944 328 CHRYSOSTOMI
1980 271 2297 330 AllCIHEP.
2331 274 2873 332 CONSTANTINOP.

3539 278 3649 337 ιεε

2060 386 2153 440 καὶ
2198 387 2360 459 εἴρων
2394 389 2488 442 καὶ
2517 390 2835 462 ὑποκριτὴς,
2867 390 2961 443 καὶ
3008 389 3188 459 φόϐων
3223 390 3384 461 γέμει
3430 393 3525 446 καὶ
3552 411 3640 447 τι-

2060 477 2271 549 μωρίας
2300 479 2500 551 πολλῆς
2521 480 2618 533 καὶ¹
2647 480 2945 545 κολάσεως,
2974 482 3003 534 6
3037 481 3095 535 δὲ
3119 482 3476 552 καταφρονῶν
3500 499 3637 554 χρη·

2061 570 2270 640 μάτων,
2310 571 2419 625 τῶν
2448 573 2706 626 ἐναντίων
2728 573 2987 627 ἀπολαύει
3015 575 3253 641 πάντων,
3288 575 3387 628 οὐκ
3415 575 3641 646 εὔδηλον

2057 663 2137 716 ὅτι
2164 664 2327 732 ἡδίων
2351 666 2383 734 ἡ
2425 664 2591 735 ἀρετή
2621 683 2636 731 ;
2672 666 2779 720 Kal
2799 668 2911 730 τοῖς
2932 666 3140 730 λοιποῖς
3163 666 3221 719 δέ
3254 666 3321 721 ἀν
3345 667 3639 739 ἐπεξήλθο-

2061 770 2159 824 μεν
2192 755 2403 819 κακοῖς,
2459 753 2527 807 δι’
2574 748 2649 807 ὧν
2675 753 2947 807 δείκνυται
2987 754 3069 807 ὅτι
3116 754 3268 807 οὐδέν
3308 756 3424 808 ἐστι
3466 755 3636 810 κακὸν

2052 845 2245 918 ἡδονὴν
2293 844 2436 916 ἔχον,
2486 846 2536 898 εί
2587 844 2860 915 μὴπολλά
2906 847 3041 916 ἡμῖν
3076 844 3386 916 ἔμπροσθεν
3426 845 3629 917 εἴρητο.

2050 934 2218 989 Ταῦτ’
2249 932 2342 991 οὖν
2377 936 2601 1000 εἰδότες,
2632 934 2883 1007 ἑλώμεθα
2911 936 3011 1009 τὴν
3038 936 3260 1008 ἀρετὴν,
3294 935 3379 988 ἴνα
3410 935 3502 989 καὶ
3529 936 3631 1009 τῆς

2051 1026 2285 1081 ἐνταῦθα
2328 1027 2522 1098 ἡδονῆς
2564 1026 2984 1098 ἀπολαύσωμεν,
3042 1027 3137 1081 καί⁵
3182 1026 3290 1080 τῶν
3332 1025 3634 1096 μελλόντων

2051 1115 2268 1185 ἀγαθῶν
2304 1117 2673 1188 ἐπιτύχωμεν,
2695 1117 2880 1189 χάριτι
2901 1118 2997 1173 καὶ
3023 1116 3422 1188 φιλανθρωπίᾳ,
3449 1116 3543 1170 καὶ
3565 1114 3635 1168 τά

2050 1192 2203 1278 ἑξῆς.

1872 1575 2113 1629 DMIAIA
2149 1576 2249 1631 IE'.

365 1735 555 1802 Ὄλως
593 1737 874 1812 ἀκούεται
917 1742 989 1796 ὲν
1033 1743 1176 1812 ὑμῖν
1215 1744 1483 1810 πορνεία,
1532 1742 1630 1797 καί
1701 1741 1943 1812 τοιαύτη

432 1808 699 1880 πορνεία,
748 1808 881 1876 ἣτις
921 1808 1084 1880 οὐδὲ⁷
1098 1814 1169 1867 ἐν
1212 1808 1338 1879 τοῖς
1382 1814 1627 1866 ἔθνεσιν
1669 1809 1945 1880 ὀνομάζεέ

430 1876 738 1956 ται,”ὥστε
774 1879 1031 1956 γυναῖκα
1064 1884 1197 1956 τινᾲ
1222 1876 1330 1956 τοῦ
1359 1882 1583 1956 πατρὸς
1609 1876 1792 1956 ἐκεινῇ
1814 1879 1947 1956 *Καὶ

430 1947 603 2013 ὑμεῖς
650 1947 1096 2018 πεφυσιωμένοι
1153 1951 1316 2032 ἐστὲ,
1370 1947 1487 2005 καί
1515 1947 1946 2031 οὐχῖμᾶλλον

427 2015 824 2091 ἐπενθήσατε,
849 2018 949 2072 ἵνα
988 2020 1212 2091 ἐξαρθῃ
1260 2023 1332 2076 ἐκ
1372 2020 1567 2091 μέσου
1598 2023 1764 2091 ὐμων
1797 2023 1830 2075 ὀ
1875 2017 1945 2074 τὸ

429 2038 824 2082 επενσησιιτε,
849 2038 949 2072 ινα
990 2038 1212 2090 εςαρυῃ
1260 2038 1332 2076 εκ
1372 2038 1567 2091 μεσου
1598 2038 1723 2091 υμω

429 2084 611 2154 ἔργον
647 2087 825 2141 τοῦτο
861 2089 1144 2158 ποιήσας.

425 2212 495 2261 α’.
524 2208 653 2261 Ὅτε
685 2210 786 2280 μὲν
814 2213 940 2283 περὶ
956 2211 1050 2266 τοῦ
1077 2213 1397 2270 διεσπάσθαι
1429 2214 1628 2277 αὐτοὺς
1653 2211 1941 2282 διελέγετο,

355 2297 456 2351 οὐκ
487 2299 690 2364 εὐθέως
743 2303 1131 2372 καταφορικῶς
1180 2306 1452 2378 ἐχρήσατο
1481 2305 1561 2377 τῷ
1599 2305 1764 2377 λόγῳ,
1806 2305 1943 2361 ἀλλά

355 2391 790 2463 προσηνέστερον
815 2395 1099 2467 πρότερον,
1132 2397 1227 2450 καὶ
1254 2396 1481 2469 ὕστερον
1504 2399 1584 2461 είς
1607 2399 1941 2470 κατηγορίαν

357 2480 725 2551 ἐτελεύτησεν,
747 2482 924 2548 οὕτως
952 2484 1144 2539 εἰπών’
1182 2487 1481 2557 Ὲδηλώθη
1522 2487 1634 2559 γάρ
1670 2506 1770 2559 μοι
1806 2488 1941 2558 περὶ

354 2569 543 2640 ὑμῶν,
579 2573 832 2644 ἀδελφοί
865 2593 1005 2645 μου,
1049 2578 1169 2632 ὑπὸ
1212 2578 1332 2632 τῶν
1363 2581 1586 2648 Χλόης,
1621 2580 1709 2633 ὅτι
1748 2580 1941 2649 ἔριδες

352 2659 425 2714 ἐν
468 2662 612 2732 ὑμῖν
643 2667 819 2721 εἰσιν,
853 2664 1005 2740 [1'25]
1040 2669 1303 2724 Ἐνταῦθα
1340 2670 1395 2725 δὲ
1427 2672 1524 2743 ούχ
1580 2670 1787 2736 οὕτως,
1821 2672 1938 2726 ἀλλ’

353 2750 559 2818 εὐθέως
588 2754 923 2827 πληκτικῶς,
959 2760 1052 2813 καὶ
1078 2764 1250 2815 κοινοῖ
1291 2761 1367 2826 ὡς
1409 2759 1521 2815 οἷόν
1549 2780 1608 2815 τε
1648 2762 1710 2816 τὸ
1736 2761 1940 2828 ὄνειδος

352 2842 448 2898 τοῦ
475 2846 844 2919 ἐγκλήματος.
878 2850 951 2903 Οὐ
979 2851 1087 2921 γὰρ
1119 2847 1258 2917 εἶπε,
1295 2854 1395 2908 Διά
1429 2856 1484 2909 τί
1527 2857 1555 2910 6
1582 2856 1729 2911 δεῖνα
1771 2858 1936 2930 ἐπόρ-

354 2952 580 3005 νευσεν;
616 2937 752 3005 ἀλλ’,
793 2940 986 3009 Ὀλως
1026 2944 1302 3000 ἀκούεται
1357 2946 1428 3000 ἐν
1472 2947 1616 3017 ὑμῖν
1665 2951 1932 3018 πορνείαο

355 3026 441 3089 ἕνα
466 3028 543 3101 μὴ
565 3030 641 3094 ὡς
677 3030 947 3105 ἀλλότριοι
980 3034 1157 3106 πάντη
1189 3037 1288 3108 τῆς
1313 3024 1646 3111 κατηγορίας
1668 3039 1819 3105 ὄντες
1842 3043 1938 3114 6a-

353 3117 689 3191 θυμήσωσιν,
724 3123 841 3177 ἀλλ’
863 3124 940 3188 ὡς
962 3124 1055 3178 τοῦ
1087 3126 1268 3180 κοινοῦ
1303 3128 1603 3199 πληγέντος
1626 3142 1675 3193 ει,
1704 3130 1799 3183 καὶ
1836 3130 1938 3202 τῆς

366 3207 691 3280 Ἐκκλησίας
724 3211 1126 3286 διαϐληθείσης,
1149 3215 1291 3269 οὕτω
1323 3217 1593 3287 γένωνται
1630 3218 1935 3288 ὲναγῶνιοι.

355 3299 547 3365 Οὐδεὶς
593 3302 703 3374 γὰρ
748 3305 882 3374 ἐρεῖ,
926 3308 1113 3377 φησιν,
1156 3309 1239 3362 ὅτι
1279 3311 1339 3363 Ὅ
1383 3310 1531 3365 δεῖνα
1584 3311 1930 3383 ἐπόρνευσεν,

250 3386 259 3393 ’
353 3387 490 3455 ἀλλ’,
511 3390 594 3444 ὅτι
627 3391 715 3445 Ἐν
731 3396 796 3464 τῇ
824 3395 1127 3466 Κορινθίων
1156 3398 1451 3472 Ἐκκλησία
1470 3399 1661 3469 γέγονε
1680 3401 1739 3455 τὸ
1762 3404 1934 3475 άμάρ⁴

351 3497 524 3551 τημα.
591 3484 704 3538 Kal
764 3485 865 3540 οὐκ
934 3481 1077 3553 εἷπε,
1121 3488 1400 3561 Τολμᾶται
1460 3494 1717 3563 πορνεία,
1772 3495 1931 3564 ἀλλὰ,

367 3573 690 3638 Ἀκούεται,
722 3574 857 3644 ἥτις
905 3578 1052 3632 οὐδὲ
1100 3580 1172 3634 ἐν
1217 3580 1342 3648 τοῖς
1378 3582 1624 3638 ἔθνεσιν
1660 3585 1933 3654 ὀνομάζε-

353 3679 466 3716 ται.
509 3665 618 3717 Kal
648 3665 757 3735 γὰρ
783 3666 869 3719 ἀεὶ
895 3669 1002 3721 ἀπὸ
1033 3668 1142 3723 τῶν
1172 3670 1400 3726 ἐθνικῶν
1428 3671 1674 3737 ὀνειδίζει
1699 3677 1813 3739 τοῖς
1848 3693 1935 3730 πι-

355 3757 519 3827 στοῖς’
549 3755 643 3810 καὶ
671 3756 1123 3816 Θεσσα>.ονικεῦσι
1148 3764 1374 3835 γράφων
1409 3764 1613 3834 ἔλεγεν·
1641 3764 1935 3837 Ἕκαστος

352 3844 420 3898 τὸ
443 3845 663 3902 ἑαυτοῦ
682 3849 904 3920 σκεῦος
931 3851 1168 3909 κτάσθω
1192 3855 1262 3910 ἑν
1290 3856 1581 3928 ἁγιασμῷ,
1601 3860 1688 3930 μὴ
1725 3861 1797 3915 ἐν
1823 3861 1935 3915 πά-

354 3939 440 3992 θει
471 3937 807 4011 ἐπιθυμίας,
838 3945 1033 4013 καθὼς
1056 3947 1153 4000 καὶ
1181 3944 1254 3999 τὰ
1285 3946 1470 4002 λοιπὰ
1507 3949 1673 4019 ἕθνη’
1705 3952 1798 4005 καὶ
1828 3953 1935 4005 Κο-

352 4030 645 4101 λασσαεῦσι
680 4035 774 4088 καὶ
809 4036 1096 4111 Ἐφεσίοις
1121 4039 1347 4108 Μηκέτι
1378 4040 1534 4109 ὑμᾶς
1564 4044 1930 4111 περιπατεῖν,

351 4122 545 4189 καθὼς
583 4124 683 4179 καὶ
726 4124 798 4180 τὰ
831 4129 1016 4183 λοιπὰ
1051 4128 1196 4198 ἔθνη
1236 4132 1564 4200 περιπατεῖ.
1601 4134 1662 4187 Εί
1690 4134 1746 4187 δὲ
1771 4134 1833 4188 τὸ
1864 4138 1932 4192 τά

350 4210 491 4303 αὐτὰ
523 4212 722 4278 αὐτοὺς
754 4215 1088 4287 ἁμαρτάνειν
1127 4218 1535 4289 ἀσύγγνωστον,
1555 4221 1621 4303 το
1636 4223 1731 4277 καὶ
1760 4225 1931 4297 ὑπερ-

352 4298 557 4356 ϐαίνειν
587 4304 713 4368 τοὺς
740 4305 1004 4372 ἐθνικοὺς,
1032 4307 1135 4362 ποῦ
1157 4308 1417 4382 θήσομεν,
1458 4313 1578 4366 είπέ
1610 4298 1735 4384 μοις
1776 4315 1935 4387 Παρά

350 4389 459 4461 γάρ
493 4394 744 4462 ἐκείνοις,
778 4399 966 4467 φησὶν,
998 4399 1060 4452 ού
1107 4399 1267 4470 μόνον
1296 4403 1357 4455 ού
1386 4402 1653 4474 τολμᾶταί
1679 4423 1733 4458 τι
1756 4406 1935 4461 τοιοῦ-

350 4498 462 4542 τον.
490 4484 605 4536 ἀλλ’
635 4485 757 4538 οὐδέ
780 4487 1126 4558 ὀνομάζεται.
1159 4489 1314 4556 Εῐδες
1346 4493 1450 4547 ποῦ
1484 4495 1545 4548 τὸ
1567 4495 1817 4568 ἔγκλημα
1836 4500 1935 4551 ἐπ-

351 4574 519 4644 ῆρενς
561 4576 728 4629 Ὅταν
771 4578 882 4649 γάρ
921 4580 1198 4646 τοιούτους
1244 4584 1545 4651 φαίνωνται
1591 4587 1937 4657 εὑρίσκοντες

351 4667 640 4737 ἀσελγείας
689 4670 947 4744 τρόπους,
987 4671 1083 4736 οὒς
1117 4672 1179 4726 οὑ
1216 4673 1375 4744 μόνον
1409 4675 1470 4728 οὐ
1495 4677 1787 4748 τολμῶσιν,
1818 4680 1934 4735 ἀλλ’

352 4759 471 4813 οὐδὲ
497 4760 677 4815 ῖσασιν
707 4764 754 4816 οί
786 4763 1026 4830 ἄπιστοι,
1054 4763 1258 4835 ἅφατος
1282 4764 1382 4835 τῆς
1408 4766 1679 4839 ἁμαρτίας
1703 4770 1737 4841 ή
1766 4770 1936 4844 ὑπερ-

351 4850 629 4922 6ολή.Καὶ
655 4853 717 4907 τὸ
759 4855 855 4910 Ἐν
882 4855 1023 4926 ὑμῖν
1052 4857 1132 4922 δὲ,
1171 4858 1484 4930 ἐμφατικῶς
1516 4860 1753 4933 εἴρηται,
1780 4881 1935 4918 τουτ-

351 4938 519 5011 έστιν,
561 4944 650 4997 Ἐν
685 4946 812 5015 ὑμῖν
856 4951 969 5012 τοῖς
1003 4952 1235 5016 πιστοῖς,
1276 4953 1392 5017 τοῖς
1426 4950 1695 5007 τοσούτων
1739 4956 1936 5011 ἀπολε-

350 5033 576 5088 λαυκόσι
611 5034 949 5108 μυστηρίων,
984 5040 1098 5102 τοῖς
1126 5040 1456 5113 ἀπορρήτων
1485 5045 1930 5116 κεκοινωνηκόσι,

353 5129 462 5191 τοῖς
502 5124 595 5180 ἐπὶ
623 5124 715 5181 τὸν
755 5127 983 5200 οὐρανὸν
1014 5127 1309 5198 κληθεῖσιν.
1357 5133 1523 5205 Ὁρᾷς
1557 5135 1730 5209 πόσης
1764 5136 1934 5210 βαρυ-

351 5218 550 5290 θυμίας
571 5220 601 5273 6
628 5218 785 5290 λόγος
809 5219 1002 5290 ripa;
1033 5220 1200 5275 πόσου
1232 5221 1405 5292 θυμοῦ
1429 5226 1571 5281 κατά
1602 5229 1848 5297 πάντων;
1871 5231 1935 5285 Εἰ

349 5312 458 5385 γὰρ
498 5313 574 5385 μὴ
603 5313 804 5386 πολλῆς
834 5313 1006 5386 ὀργῆς
1034 5307 1362 5387 ἐπέπληστο,
1396 5317 1531 5387 μηδὲ
1556 5320 1693 5389 πρὸς
1726 5322 1934 5386 πάντας

349 5403 686 5474 ἀπετείνετο,
737 5405 912 5472 οὕτως
959 5406 1026 5462 ἃν
1059 5403 1234 5461 εἶπεν*
1273 5408 1491 5481 Ἐπειδὴ
1529 5410 1740 5482 ἥκουσα
1779 5414 1859 5468 δτι
1904 5415 1936 5470 6

352 5491 498 5546 δεῖνα
526 5496 842 5568 ἐπόρνευσε,
871 5498 1138 5553 κολάσατε
1167 5498 1349 5552 αὐτόν·
1378 5498 1475 5552 νῦν
1505 5500 1562 5555 δὲ
1608 5503 1706 5574 οὐχ
1734 5503 1931 5570 οὕτως,

358 5583 492 5637 ἀλλὰ
517 5586 654 5655 πρὸς
676 5588 881 5649 πάντας
906 5590 1220 5646 ἀποδύεται.
1250 5591 1359 5644 Kal
1386 5590 1496 5664 γὰρ
1522 5597 1569 5649 εί
1598 5597 1696 5667 μὲν
1727 5596 1930 5669 προλα-

418 5756 449 5789 ⁸
474 5754 583 5820 R93
608 5794 621 5816 ,
646 5757 912 5820 βληθέντος.

2050 1739 2238 1805 δόντες
2266 1740 2534 1811 ἔγραψαν,
2560 1741 2742 1794 ἐκεῖνα
2776 1739 2842 1794 ἀν
2872 1733 3046 1793 εἷπενυ
3079 1739 3266 1811 ἐπειδὴ
3300 1738 3357 1794 δέ
3381 1741 3443 1794 οὐ
3471 1742 3631 1812 μόνον

2046 1827 2148 1882 οὐκ
2172 1828 2436 1901 ἔγραψαν,
2466 1830 2602 1885 ἀλλὰ
2629 1831 2724 1885 καὶ
2754 1830 3117 1884 συνεσκίασαν
3139 1830 3199 1882 τὸ
3226 1830 3473 1902 σφάλμα,
3499 1831 3627 1886 τού-

2044 1940 2138 1976 του
2166 1923 2325 1994 χάριν
2356 1923 2709 1995 σφοδρότερον
2738 1921 3003 1992 κέχρηται
3032 1920 3109 1993 τῷ
3135 1921 3298 1992 λόγῳ.
3325 1922 3507 1977 Ὥστε
3526 1941 3629 1992 γυ-

2043 2014 2223 2070 ναῖκα
2253 2015 2387 2070 τινὰ
2422 2015 2530 2069 τοῦ
2567 2015 2793 2085 πατρὸς
2844 2012 3028 2081 ἔχειν.
3063 2010 3163 2065 Διὰ
3211 2012 3263 2066 τί
3319 2013 3394 2084 μὴ
3449 2007 3626 2079 εἶπεν,

2045 2107 2208 2161 Ὥστε
2256 2107 2539 2178 πορνεύειν
2595 2108 2676 2170 είς
2729 2107 2996 2175 γυναῖκα;
3041 2104 3115 2158 T6
3160 2104 3363 2175 σφόδρα
3403 2104 3627 2176 αἰσχρὸν

2042 2200 2417 2271 παρῃτήσατο.
2446 2199 2536 2253 Διὸ
2558 2197 2900 2269 σεμνοτέρως
2921 2195 3052 2252 αὐτὸ
3071 2196 3438 2268 παρέδραμεν,
3466 2196 3542 2261 ὡς
3566 2197 3627 2251 ἐν

2041 2291 2157 2353 τοῖς
2209 2288 2520 2363 ἔμπροσθεν
2569 2287 2962 2359 δεδηλωμένον,
3004 2288 3104 2342 κάν
3147 2287 3321 2358 τούτῳ
3346 2286 3524 2354 aliva
3564 2286 3627 2342 τὸ

2041 2379 2290 2451 ἔγκλημα
2331 2379 2515 2445 πάλιν,
2558 2379 2656 2433 καὶ
2698 2379 2913 2443 δεικνὺς
2966 2379 3046 2433 ὅτι
3094 2377 3323 2433 τοιαῦτα
3355 2378 3626 2449 τολμᾶται

2042 2487 2118 2523 πα
2128 2469 2174 2539 ρ’
2200 2470 2406 2534 αὐτοῖς,
2429 2469 2466 2524 ἀ
2491 2468 2614 2523 οὐδὲ
2638 2470 2811 2522 είπεῖν
2836 2467 3025 2538 σαφῶς
3050 2468 3276 2523 ἀνεκτὸν
3302 2466 3381 2538 τῷ
3403 2467 3621 2540 Παύλῳ.

2040 2561 2139 2615 Διά
2168 2562 2327 2614 τοῦτο
2371 2559 2466 2613 καὶ
2496 2559 2703 2632 προῖὼν
2729 2559 2810 2631 τῷ
2842 2559 2992 2631 αὐτῷ
3031 2560 3292 2632 κέχρηται
3324 2560 3510 2630 τρόπῳ
3536 2559 3626 2612 λέ-

2039 2663 2173 2715 γων·
2214 2646 2328 2700 Τὸν
2353 2646 2508 2700 οὕτω
2545 2647 2723 2702 τοῦτο
2751 2646 3308 2719 κατεργασάμενον·
3338 2649 3432 2703 καὶ
3462 2648 3627 2703 πάλιν

2040 2736 2357 2807 αἰσχύνεται
2390 2737 2484 2790 καὶ
2517 2735 2747 2809 ἐρυθριᾷ
2778 2737 2965 2806 σαφῶς
2993 2739 3187 2802 εἰπεῖν,
3217 2738 3352 2809 ὅπερ
3380 2737 3474 2791 καὶ
3492 2739 3625 2809 ἡμῖν

2040 2821 2162 2887 ἔθος
2201 2823 2294 2877 ἐπὶ
2322 2823 2430 2878 τῶν
2469 2825 2675 2895 σφόδρα
2703 2819 2952 2897 αίσχρῶν
2982 2829 3177 2880 ποιεῖν.
3202 2826 3312 2879 Kal
3349 2826 3449 2880 οὐκ
3478 2822 3623 2893 εἷπε,

2038 2913 2348 2985 Μητρυιάν,
2378 2915 2533 2981 ἀλλά,
2566 2915 2837 2971 Γυναῖκα
2864 2916 3108 2987 πατρὸς,
3148 2917 3288 2972 ὥστε
3319 2918 3499 2990 πολλῷ
3522 2934 3624 2989 χα-

2035 3004 2342 3077 λεπώτερον
2373 3005 2594 3078 πλῆξαι.
2631 3006 2744 3060 Kal
2786 3005 2896 3079 γὰρ
2935 3008 3063 3063 ὅταν
3096 3008 3162 3063 τὰ
3202 3009 3442 3079 ὀνόματα
3477 3011 3622 3081 ἀρχῇ

2037 3095 2174 3167 πρὸς
2200 3096 2558 3167 κατηγορίαν,
2599 3096 2666 3150 δι’
2698 3096 2879 3150 αὐτῶν
2910 3098 3174 3170 πρόεισιν,
3208 3100 3360 3153 οὐδὲν
3396 3115 3624 3171 προστιο

2037 3186 2170 3252 θείς.
2207 3189 2315 3242 Καὶ
2346 3190 2421 3261 μή
2473 3207 2564 3261 μοι
2612 3191 2792 3262 εἴπης,
2834 3191 3020 3263 φησὶν,
3061 3192 3143 3246 ὅτι
3182 3188 3263 3256 εἷς
3285 3194 3432 3246 ἐστιν
3459 3194 3488 3246 6
3526 3210 3624 3247 πε-

2037 3280 2371 3352 πορνευκὼς
2405 3281 2581 3335 κοινὸν
2616 3282 2834 3336 πάντων
2880 3282 2940 3335 τὸ
2987 3274 3236 3355 ἔγκλημα
3286 3284 3497 3352 γέγονε.
3532 3284 3624 3338 Διδ

2036 3372 2135 3426 καὶ
2174 3373 2445 3443 ἐπήγαγε·
2476 3372 2590 3427 Καί
2625 3373 2797 3442 ὑμεῖς
2843 3373 3286 3444 πεφυσιωμένοι
3315 3373 3480 3431 ἐστέ.
3510 3375 3626 3430 Οὐκ

2037 3459 2185 3530 εἷπε,
2215 3464 2294 3534 τῷ
2320 3463 2684 3534 ἁμαρτήματι
2716 3463 2895 3535 (τοῦτο
2929 3466 3038 3537 γὰρ
3065 3465 3287 3534 ἀλογίας
3314 3466 3474 3537 ἐστὶ),
3506 3464 3626 3519 ἀλλ’

2036 3555 2130 3610 ἐπὶ
2151 3557 2220 3627 τῇ
2242 3554 2560 3626 διδασκαλίᾳ
2587 3559 2651 3627 τῇ
2684 3556 2817 3628 παρ’
2839 3556 3069 3611 ἐκείνου.
3102 3555 3147 3628 [1
3158 3555 3250 3629 Ξϐ]
3274 3558 3445 3621 Αὐτὸς
3476 3557 3534 3611 δὲ
3559 3556 3622 3611 οὐ

2034 3644 2196 3700 τοῦτο
2224 3645 2490 3711 τέθεικεν,
2519 3646 2635 3700 ἀλλ’
2670 3647 2885 3717 ἀφῆκεν
2922 3648 3056 3701 αὐτὸ
3108 3648 3293 3718 μέσον,
3326 3649 3416 3704 ἵνα
3446 3647 3622 3719 πλήξῃ

2040 3737 2322 3809 μειζόνως.
2351 3737 2464 3792 Kal
2485 3737 2679 3792 σκόπει
2712 3738 2811 3810 τὴν
2839 3738 3056 3794 σύνεσιν
3082 3739 3319 3795 Παύλου.
3349 3740 3625 3812 Πρότερον

2036 3827 2281 3883 καθελὼν
2304 3829 2404 3899 τὴν
2436 3829 2626 3898 σοφίαν
2652 3830 2751 3903 τὴν
2779 3829 2997 3896 ἔξωθεν,
3026 3831 3119 3885 καὶ
3143 3831 3322 3897 δείξας
3355 3832 3504 3886 οὐδὲν
3530 3828 3622 3886 οὖ-

2039 3938 2136 3974 σαν
2165 3918 2287 3976 καθ’
2323 3919 2539 3992 ἑαυτὴν,
2565 3921 2668 3975 κᾶν
2697 3922 2772 3992 μὴ
2803 3922 3108 3995 ἁμάρτημα
3202 3924 3617 3995 προσκείμενον,

2039 4012 2158 4067 τότε
2201 4012 2385 4067 λοιπὸν
2418 4012 2513 4067 καὶ
2555 4013 2806 4084 περὶτοῦ
2852 4014 3252 4086 ἁμαρτήματος
3289 4015 3618 4084 διαλέγεται.

2039 4102 2103 4155 EE
2134 4102 2233 4173 μέν
2268 4102 2378 4173 γάρ
2414 4102 2551 4174 πρὸς
2582 4103 2870 4175 σύγκρισιν
2910 4101 3008 4157 τοῦ
3047 4104 3498 4175 πεπορνευκότος,
3531 4122 3623 4159 σο-

2039 4192 2141 4263 φοῦ
2165 4211 2309 4257 τινος
2336 4195 2465 4257 ἴσως
2492 4194 2663 4259 ὄντος,
2696 4195 2839 4266 μέγα
2862 4190 3079 4249 εἶναιτὸ
3100 4196 3345 4267 χάρισμα
3375 4197 3435 4249 τὸ
3461 4214 3624 4251 πνευ-

2038 4285 2267 4355 ματικὸν
2299 4284 2522 4356 ἔφησεν,
2552 4285 2708 4339 οὐδὲν
2735 4284 2802 4339 ἂν
2835 4285 2979 4356 μέγα
3008 4286 3197 4339 ἐποίει·
3221 4284 3281 4338 τὸ
3305 4284 3359 4337 δὲ
3389 4286 3483 4339 καὶ
3512 4304 3621 4356 χω-

2039 4376 2123 4447 ρὶς
2169 4376 2444 4447 ἁμαρτίας
2490 4375 2758 4440 καθελεῖν,
2805 4376 2898 4430 καὶ
2939 4376 3107 4448 μηδὲν
3135 4371 3298 4430 οὖσαν
3339 4376 3619 4447 ἀποφῆναι

2034 4464 2135 4533 τὴν
2171 4463 2361 4533 σοφίαν
2404 4462 2504 4535 τὴν
2532 4463 2753 4531 ἔξωθεν,
2785 4464 2943 4518 τοῦτο
2980 4460 3050 4537 ἦν
3087 4465 3255 4530 δεῖξαι
3284 4465 3492 4536 σφόδρα
3524 4465 3621 4519 εὑ-

2035 4555 2166 4628 τελῆ
2205 4556 2378 4626 αὐτὴν
2402 4551 2589 4610 οὖσαν.
2618 4556 2709 4610 Διὸ
2735 4557 3001 4627 πρότερον
3024 4557 3168 4611 οὕτω
3202 4558 3301 4628 τὴν
3334 4555 3622 4629 σύγκρισιν

2036 4645 2425 4717 ποιησάμενος,
2454 4645 2574 4699 τότε
2616 4646 2709 4699 καὶ
2739 4646 2833 4699 τοῦ
2859 4647 3176 4716 σφάλματος
3209 4644 3377 4699 αὑτοῦ
3412 4644 3624 4717 μέμνη-

2035 4754 2146 4792 ται.
2190 4738 2445 4806 Κάκείνῳ
2486 4736 2584 4808 μὲν
2612 4737 2714 4791 οὐκ
2752 4737 2895 4802 ἀξιοῖ
2919 4736 3264 4806 διαλέγεσθαι
3298 4736 3422 4807 (κάν
3447 4736 3624 4807 τούτῳ

2035 4829 2278 4885 δείκνυσι
2310 4829 2411 4899 τὴν
2440 4829 2745 4901 ὑπερϐολὴν
2766 4830 2864 4901 τῆς
2888 4826 3157 4900 ἀτιμίας)·
3194 4827 3404 4890 τούτοις
3426 4827 3485 4881 δέ
3517 4845 3625 4901 φη-

2038 4940 2144 4989 σιν,
2174 4924 2258 4978 δτι
2288 4923 2436 4978 Ἐδει
2455 4922 2670 4977 πενθεῖν
2704 4923 2849 4990 ὑμᾶς
2883 4922 2978 4976 καὶ⁸
3005 4921 3226 4992 θρηνεῖν
3267 4922 3361 4974 xal
3386 4919 3622 4988 ἐγκαλύ-

2036 5016 2288 5070 πτεσθαι’
2322 5015 2418 5070 νῦν
2443 5015 2500 5069 δὲ
2525 5014 2831 5068 τούναντίον
2858 5016 3084 5068 ποιεῖτε·
3114 5013 3196 5067 διὸ
3220 5013 3312 5067 καὶ
3347 5012 3619 5084 ἐπήγαγε

2035 5108 2145 5164 Καὶ
2180 5107 2351 5177 ὑμεῖς
2397 5107 2844 5177 πεφυσιωμένοι
2869 5105 3033 5171 ἐστὲ,
3062 5105 3163 5159 καὶ
3207 5105 3344 5174 οὐχί
3377 5101 3623 5174 μᾶλλον

2034 5198 2429 5267 ἐπενθήσατε.
2448 5198 2559 5252 Καὶ
2582 5198 2634 5251 τί
2653 5198 2878 5267 γέγονεν
2905 5199 2991 5253 ἵνα
3015 5198 3397 5269 πενθήσωμεν,
3422 5197 3620 5269 φησίν;

2038 5290 2161 5344 ’Ότι
2182 5291 2261 5353 είς
2283 5288 2346 5342 τὸ
2376 5288 2554 5343 κοινὸν
2584 5290 2618 5360 ἡ
2643 5287 2864 5360 διαϐολὴ
2889 5289 2988 5361 τῆς
3023 5289 3351 5360 Ἐκκλησίας
3374 5288 3623 5362 προεχώ-

2038 5400 2193 5456 ρησε.
2240 5383 2350 5436 Kal
2387 5382 2475 5435 ῖνα
2506 5380 2560 5433 τί
2588 5376 3025 5452 κατορθώσωμεν
3050 5381 3447 5453 πενθήσαντεςς
3485 5381 3623 5435 Ἵνα

2037 5473 2261 5544 ἐξαρθῇ
2290 5473 2362 5539 ἐξ
2391 5471 2561 5543 ὑμῶν
2600 5476 2633 5527 ὀ
2659 5470 2949 5541 τοιοῦτος.
2991 5474 3101 5528 Kal
3129 5472 3251 5527 οὐδὲ
3277 5471 3510 5528 ἐνταῦθα
3536 5472 3620 5525 rt-

2038 5568 2195 5639 θησιν
2223 5566 2389 5620 αὑτοῦ
2416 5565 2477 5619 τὸ
2511 5564 2704 5636 ὄνομα,
2750 5564 2949 5637 μᾶλλον
2980 5565 3038 5620 δὲ
3069 5564 3329 5637 οὐδαμοῦ,
3357 5565 3495 5638 ὅπερ
3527 5565 3623 5621 ἐπὶ

2034 5677 2143 5716 των
2177 5656 2383 5729 σφόδρα
2409 5657 2626 5711 ἀτόπων
2655 5659 2827 5711 ποιεῖν
2853 5656 3140 5729 εἰώθαμεν.
3174 5657 3284 5712 Kal
3315 5657 3416 5711 οὐκ
3443 5652 3618 5724 εἶπεν,

2037 5748 2170 5821 Οὐχὶ
2200 5746 2402 5820 μᾶλλον
2441 5746 2745 5819 ἐξεϐάλετε,
2780 5748 2916 5818 ἀλλ’,
2952 5749 3026 5814 ὠς
3051 5747 3145 5803 ἐπὶ
3167 5748 3324 5805 νόσου
3353 5749 3499 5814 τινος
3522 5751 3616 5805 καὶ
