4086 6214
449 370 542 428 ω

443 484 706 557 quispiam
764 492 962 536 avaros
1015 490 1136 533 esse
1186 473 1526 547 hydropicus.
1572 472 2029 542 Quemadmodum

444 577 587 633 enim
615 574 695 629 illi
722 573 945 628 multam
968 570 1020 624 in
1047 582 1275 638 corpore
1296 573 1570 636 gestantes
1606 580 1818 635 aquam,
1861 566 2029 636 ntagis

443 672 743 720 exuruntur
771 680 786 717 :
816 662 897 717 sic
921 669 975 715 et
1006 659 1152 714 avari
1180 657 1375 712 multas
1403 654 1840 711 circutzzierentes
1868 672 2030 725 pecu-

442 758 558 810 nias
580 795 597 819 ,
648 754 831 823 plures
880 751 1284 818 concupiscunt.
1311 745 1481 803 Causa
1524 756 1701 802 autem
1732 747 1847 802 hare
1896 757 1978 803 est
2010 765 2024 803 :

441 861 614 918 neque
642 845 718 900 illi
749 845 801 898 in
822 841 1237 912 congruentibus
1265 840 1394 896 locis
1415 855 1581 912 aquas
1608 839 1826 907 habent,
1855 856 2028 911 neque

440 941 527 994 isti
552 939 607 992 in
634 935 1053 1006 congruentibus
1078 920 1488 1003 cogitationibus
1514 933 2022 1003 concupiscentiam.

440 1030 729 1101 Fugiamus
757 1042 887 1097 ergo
930 1027 1069 1081 lumc
1112 1025 1349 1080 alienum
1400 1035 1456 1081 et
1502 1025 1715 1081 inanem
1746 1026 2022 1093 morbum,

439 1124 704 1193 fugiamus
733 1120 966 1175 radicem
995 1119 1275 1181 malorum,
1304 1117 1566 1188 fugiamus
1595 1130 1909 1188 praesentem
1933 1134 2021 1190 ge-

437 1216 705 1278 hennam;
745 1211 987 1282 gehenna
1009 1211 1150 1267 enim
1179 1218 1261 1266 est
1281 1225 1468 1265 eorum
1498 1210 1782 1280 cupiditas.
1806 1212 2022 1281 Explica

436 1320 567 1377 ergo
586 1305 846 1374 cujusque
876 1304 1139 1367 animam,
1172 1310 1226 1358 et
1248 1302 1365 1372 ejus
1394 1302 1483 1373 qui
1501 1303 1755 1373 pecunias
1774 1303 2023 1374 despicit,

438 1408 494 1453 et
521 1398 638 1467 ejus
662 1396 751 1467 qui
780 1411 885 1450 non
908 1394 1170 1464 despicit;
1195 1405 1249 1450 et
1279 1394 1482 1451 videbis
1529 1395 1671 1452 hunc
1702 1396 1914 1466 quidem
1942 1398 2023 1453 fu-

440 1490 681 1547 rentibus
709 1501 831 1545 esse
856 1487 1108 1551 similem,
1136 1487 1223 1557 qui
1255 1486 1385 1541 nihil
1416 1487 1496 1543 vel
1521 1488 1701 1543 videre
1726 1489 1809 1544 vel
1832 1489 2020 1545 audire

438 1583 569 1637 velit
586 1597 600 1642 ;
626 1580 768 1635 hunc
782 1593 913 1635 vero
936 1578 1106 1647 portui
1132 1593 1162 1632 a
1186 1576 1433 1634 fluctibus
1452 1580 1622 1635 libero
1645 1598 1659 1635 :
1680 1580 1767 1635 hic
1781 1582 2018 1637 omnium

433 1683 519 1729 est
547 1672 771 1734 amicus,
804 1680 861 1725 ut
889 1669 977 1724 ille
1008 1670 1193 1724 hostis.
1216 1668 1347 1725 Nam
1384 1672 1486 1726 etsi
1517 1672 1634 1741 quis
1662 1672 1887 1743 accepit,
1910 1688 2016 1729 non

1468 358 1530 415 IN
1569 358 1784 417 EPIST.
1828 358 1846 413 Ι
1902 359 2000 416 ΑΙ)
2031 358 2191 416 (10R.
2230 358 2464 421 ιιοωιι.
2507 361 2621 419 XV.

3615 365 3717 423 ηε

2137 473 2283 529 illum
2309 472 2472 530 afficit
2497 473 2736 530 molestia
2758 494 2774 541 ε
2796 473 2840 529 si
2861 473 2983 547 quis
3001 489 3212 532 rursum
3237 475 3335 549 ipsi
3356 478 3587 548 dederit,
3610 499 3715 542 non

2135 567 2374 631 inflavit;
2404 567 2498 623 sed
2521 577 2604 622 est
2628 567 3032 639 quaidamapud
3068 570 3218 627 illum
3255 571 3478 630 libertas
3500 589 3714 632 omnem

2134 656 2338 713 habens
2362 656 2701 714 securitatem
2734 675 2750 714 :
2794 667 2850 713 et
2874 659 2963 716 hic
2997 660 3214 731 quidem
3240 662 3491 719 omnibus
3507 664 3714 721 adulari

2132 763 2254 804 cum
2302 748 2730 805 dissimulatione
2781 751 3011 822 cogitur,
3063 751 3155 810 ille
3180 763 3360 810 autem
3387 757 3609 814 nemini.
3657 759 3712 817 Si

2131 853 2260 909 ergo
2289 848 2344 895 et
2373 855 2576 911 pauper
2601 850 2684 901 cst
2713 857 2907 897 avarus
2952 851 3006 898 et
3057 844 3296 911 timidus,
3337 846 3617 904 simulator
3661 861 3714 906 et

2132 931 2431 1004 hypocrita,
2463 948 2527 989 ac
2566 932 2862 990 terroribus
2892 934 3100 1005 plenus,
3127 937 3365 993 cruciatu
3394 948 3552 1010 atque
3581 958 3712 1011 sup-

2131 1024 2327 1094 plicio;
2356 1024 2445 1095 qui
2478 1039 2604 1080 vero
2642 1025 2894 1094 pecunias
2921 1025 3168 1096 deSpicit,
3209 1030 3491 1087 contrariis
3521 1032 3715 1089 fruitur

2129 1115 2379 1171 omnibus
2406 1132 2422 1173 :
2443 1130 2619 1171 annon
2651 1116 2828 1186 palam
2855 1128 2939 1173 est
2962 1119 3213 1175 virtutem
3236 1136 3357 1178 esse
3372 1124 3713 1181 suaviorem?

2127 1208 2207 1263 Ac
2231 1207 2435 1278 reliqua
2482 1207 2642 1263 etiam
2675 1209 3062 1265 iusectaremur
3094 1211 3259 1279 mala,
3290 1214 3443 1285 queis
3471 1218 3712 1275 ostendi-

2129 1308 2234 1367 tur,
2262 1299 2393 1356 nihil
2408 1299 2548 1371 quod
2570 1299 2765 1355 malum
2786 1301 2859 1355 sit
2879 1301 3075 1358 habere
3097 1302 3447 1374 voluptatem,
3474 1309 3574 1363 nisi
3597 1310 3707 1377 jam

2124 1395 2293 1450 multa
2319 1409 2351 1449 a
2380 1394 2538 1451 nobis
2564 1394 2814 1465 superius
2839 1394 2983 1452 dicta
3012 1397 3255 1454 fuissent.
3284 1398 3408 1456 llaec
3435 1416 3563 1471 ergo
3585 1417 3708 1459 cum

2124 1486 2393 1553 sciamus,
2438 1485 2700 1557 eligamus
2750 1486 3043 1556 virtutem,
3099 1497 3161 1544 ut
3205 1499 3260 1544 et
3305 1489 3391 1546 hic
3439 1492 3710 1562 voluptate

2124 1577 2383 1644 fruamur,
2405 1586 2460 1633 et
2481 1576 2654 1634 futura
2677 1592 3069 1651 consequamur
3092 1580 3252 1648 bona,
3276 1583 3448 1652 gratia
3469 1592 3525 1639 ct
3554 1585 3674 1641 beni
3689 1615 3705 1627 -

2119 1671 2321 1744 gnitate
2336 1713 2354 1740 ,
2379 1681 2484 1728 etc.

1779 1884 2126 1947 HOMILIA
2168 1883 2312 1945 XV.

427 2031 563 2087 Car.
591 2031 645 2086 5.
676 2047 725 2084 v.
764 2032 814 2085 l.
851 2030 1067 2085 Omnino
1105 2029 1312 2084 auditur
1345 2030 1476 2084 inter
1508 2044 1594 2085 vos
1633 2030 1901 2101 fornicatio
1923 2069 1936 2092 .
1969 2038 2016 2083 et

502 2124 620 2177 talis
648 2123 921 2192 [ornicatio
940 2164 954 2189 ,
983 2138 1096 2192 quae
1120 2138 1222 2175 non
1249 2122 1377 2177 inter
1402 2131 1571 2192 gentes
1600 2122 1890 2175 nominatur
1913 2162 1926 2185 ,
1959 2130 2015 2175 ut

501 2232 709 2270 uxorem
750 2216 910 2284 patris
945 2215 1029 2268 sui
1068 2214 1251 2283 aliquis
1281 2213 1480 2267 habeat.
1520 2212 1575 2267 2.
1619 2212 1684 2266 Et
1724 2228 1810 2267 vos
1849 2213 2015 2281 inﬂati

498 2311 639 2373 estis,
669 2319 716 2364 et
743 2325 845 2362 non
872 2308 1031 2379 magis
1063 2307 1263 2363 luxistis
1285 2348 1302 2374 ,
1331 2316 1384 2361 ut
1414 2306 1620 2361 tollatur
1648 2305 1712 2360 de
1736 2305 1900 2360 medio
1926 2322 2012 2360 ue-

496 2414 658 2459 strum
682 2404 767 2471 qui
791 2401 887 2455 hoc
915 2417 1042 2471 opus
1064 2400 1203 2470 fecit.

498 2495 554 2548 l.
586 2491 811 2560 Quando
836 2491 1134 2547 disserebat
1156 2490 1225 2545 de
1252 2489 1465 2545 illorum
1498 2488 1834 2545 dissensione
1859 2529 1873 2553 ,
1902 2502 2010 2543 non

417 2586 607 2643 statim
635 2583 938 2640 vehementi
967 2598 1096 2638 usus
1125 2592 1208 2637 est
1238 2596 1488 2637 sermone
1510 2621 1527 2649 ,
1557 2580 1651 2636 sed
1679 2580 2011 2635 mansuetius

421 2677 602 2748 primo
640 2675 833 2743 oravit,
865 2674 1188 2746 demumque
1231 2675 1283 2729 in
1324 2674 1721 2730 accusationem
1746 2672 1905 2728 desiit
1927 2672 2010 2728 his

420 2770 647 2826 verbis:
681 2767 1039 2838 Signi/iculum
1085 2767 1219 2820 enim
1255 2774 1327 2820 est
1368 2765 1492 2820 mihi
1529 2765 1593 2821 de
1633 2765 1788 2832 vobis,
1824 2763 2009 2835 fratres

418 2861 520 2915 mei
541 2901 559 2926 ,
597 2859 660 2913 ab
681 2859 745 2912 iis
772 2859 858 2928 qui
885 2867 1002 2913 sunt
1040 2856 1252 2921 Cittaee,
1290 2856 1426 2928 quod
1453 2856 1792 2911 contentiones
1821 2856 1921 2911 sint
1955 2855 2007 2909 in

418 2952 564 3006 vobis
598 2951 673 3021 (1.
708 2949 828 3005 Cor.
860 2949 912 3005 l.
943 2947 1056 3018 ll).
1085 2948 1184 3004 Hie
1211 2957 1388 3002 autem
1419 2962 1525 3003 non
1553 2947 1632 3004 sic
1653 2988 1668 3011 ,
1702 2946 1797 3004 sed
1825 2946 2007 3002 statim

417 3043 637 3114 pungit;
667 3050 722 3096 et
751 3048 1009 3110 quantum
1052 3040 1165 3094 fieri
1207 3046 1417 3108 potest,
1443 3038 1685 3093 criminis
1713 3036 2006 3108 exprobra-

419 3137 620 3187 tionem
643 3146 981 3186 communem
1005 3128 1194 3209 reddit.
1226 3128 1407 3199 Neque
1431 3129 1573 3183 enim
1593 3128 1763 3183 dixit:
1787 3127 1894 3184 Cur
1917 3128 2007 3183 ille

418 3224 714 3281 fornicatus
733 3222 856 3279 est?
875 3222 991 3288 sed,
1012 3221 1230 3276 Omnino
1253 3221 1459 3276 auditur
1474 3223 1527 3275 in
1549 3221 1685 3275 vobis
1702 3221 1969 3292 [ornieatio
1984 3235 2005 3274 .°

417 3327 477 3372 ut
504 3332 574 3371 ne
598 3315 749 3387 quasi
777 3314 935 3369 alieni
964 3313 1184 3368 omnino
1211 3327 1240 3367 a
1267 3313 1635 3368 criminatione
1676 3313 2005 3383 negligenter

414 3416 661 3481 agerent,
706 3407 799 3461 sed
847 3406 898 3459 in
945 3405 1212 3460 communi
1254 3406 1525 3474 percussi,
1575 3413 1631 3461 et
1671 3406 1908 3461 Ecl-lesia
1950 3406 2001 3460 in

415 3502 623 3555 crimen
658 3507 842 3554 vocata
864 3539 881 3563 ,
912 3499 990 3553 sic
1013 3497 1227 3554 solliciti
1258 3497 1632 3553 redderentur.
1664 3497 1831 3552 Nemo
1858 3497 1998 3552 enim

413 3591 579 3659 dicet,
610 3589 800 3660 inquit,
827 3589 917 3645 ille
947 3588 1236 3645 fornicatus
1257 3598 1371 3654 est;
1400 3588 1496 3644 sed
1525 3590 1576 3643 in
1602 3588 2000 3645 Corinthiorum

416 3681 659 3738 Ecclesia
689 3680 885 3735 factum
907 3690 989 3736 est
1018 3690 1310 3752 peccatum.
1342 3680 1452 3737 Nec
1475 3682 1627 3746 dixit,
1660 3681 2002 3752 Perpetratur

416 3773 729 3838 fornicatio;
779 3772 874 3828 sed
915 3772 1156 3841 Auditur,
1187 3788 1301 3843 qua:
1341 3789 1405 3826 ne
1438 3772 1638 3843 quidem
1676 3773 1806 3827 inter
1831 3783 2001 3844 gentes

416 3864 744 3918 nominatur.
770 3862 994 3932 Semper
1022 3862 1164 3918 enim
1192 3878 1258 3917 ex
1292 3863 1542 3932 gentibus
1580 3863 1771 3932 probra
1805 3863 2000 3934 ingerit

419 3956 697 4022 fidelibus;
742 3965 797 4012 et
841 3954 1412 4011 Thessalonicensibus
1455 3956 1696 4012 scribens
1743 3956 1995 4013 dicebat:

421 4049 775 4119 Unusquisque
826 4064 913 4104 eas
958 4064 1105 4103 suum
1153 4048 1407 4119 possideat
1455 4050 1510 4103 in
1564 4051 1996 4119 sanctiﬁcatione,

417 4157 529 4195 non
580 4142 633 4193 in
682 4141 911 4210 passione
965 4140 1237 4207 desiderii,
1288 4140 1415 4195 sicut
1470 4150 1517 4193 et
1578 4150 1772 4195 creterra
1828 4151 1999 4212 gentes

416 4235 501 4305 (l.
528 4232 703 4288 Thess.
724 4235 779 4289 4.
807 4233 861 4288 ι.
888 4233 978 4302 5);
1007 4230 1412 4288 Colossensibus
1434 4241 1608 4288 autem
1632 4241 1687 4288 et
1709 4232 1955 4303 Ephesiis
1981 4252 1995 4287 :

416 4326 504 4381 Ne
563 4327 698 4380 ultra
748 4326 1013 4381 ambuletis
1068 4327 1199 4381 sicut
1253 4325 1465 4396 reliqua:
1511 4334 1680 4397 gentes
1737 4326 1999 4382 ambulant

415 4418 635 4489 (Ep/tes.
657 4419 713 4473 4.
740 4418 851 4489 l7).
882 4418 937 4475 Si
964 4427 1140 4474 autem
1164 4419 1352 4475 eadem
1377 4418 1490 4490 ipsa
1518 4434 1636 4489 quia
1663 4428 1850 4491 gentes
1875 4434 2000 4491 pec-

412 4524 537 4564 care
562 4508 767 4579 ignosci
800 4509 1000 4580 nequit,
1031 4509 1256 4580 gentiles
1286 4509 1430 4580 ipsos
1456 4524 1520 4565 ea
1548 4509 1599 4565 in
1630 4526 1690 4565 re
1718 4525 1996 4581 superare,

411 4615 668 4671 quonam,
702 4615 908 4672 qumso,
940 4602 993 4656 in
1020 4603 1138 4655 loco
1164 4602 1460 4672 ponemus?
1489 4602 1643 4673 Apud
1672 4604 1796 4660 illos
1828 4604 1993 4674 enim,

412 4694 608 4765 inquit,
634 4708 741 4747 non
761 4693 924 4749 modo
945 4694 1075 4748 nihil
1101 4702 1441 4764 perpetratur
1461 4693 1789 4764 huiusmodi,
1812 4696 1909 4752 sed
1931 4710 1999 4753 ne

410 4786 721 4839 nominatur
743 4784 979 4854 quidem.
1006 4783 1248 4839 Vidistin'
1269 4798 1545 4855 quousque
1570 4786 1774 4842 crimen
1793 4788 1999 4844 extule-

412 4875 523 4929 rit?
546 4875 679 4930 Cum
703 4877 845 4929 enim
874 4875 1008 4931 tales
1032 4883 1323 4932 cernuntur
1350 4876 1620 4933 invenisse
1646 4878 1869 4935 luxuria:
1890 4894 2000 4938 mo-

411 4967 535 5031 dos,
559 4980 696 5037 quos
727 4966 973 5023 infideles
994 4982 1099 5024 non
1124 4968 1284 5024 modo
1305 4977 1614 5039 perpetrare
1643 4985 1748 5026 non
1773 4972 1994 5042 audent,

409 5057 510 5114 sed
540 5074 607 5115 ne
631 5069 829 5115 norunt
856 5060 1073 5131 quidem
1093 5102 1109 5129 ,
1144 5060 1426 5118 ineffabilia
1449 5072 1530 5118 est
1557 5066 1759 5134 peccati
1787 5066 1997 5137 magni-

412 5150 562 5205 tudo.
606 5150 738 5207 lllud
775 5162 979 5221 autem,
1007 5150 1152 5208 Inter
1187 5170 1293 5220 vos,
1336 5169 1433 5223 per
1473 5155 1752 5226 emphasin
1794 5157 1997 5214 dictum

408 5252 528 5307 est;
562 5241 663 5297 hoc
688 5250 792 5309 est,
832 5243 974 5298 inter
1004 5258 1097 5299 vos
1129 5243 1333 5312 fideles,
1370 5246 1461 5316 qui
1501 5253 1645 5302 tanta
1684 5250 1998 5318 percepistis

409 5335 692 5408 mysteria,
736 5335 828 5408 qui
867 5350 1186 5391 arcanorum
1226 5337 1512 5407 participes
1550 5336 1761 5406 fuistis,
1800 5340 1889 5411 qui
1930 5341 1998 5395 ad

408 5427 606 5484 emtum
623 5427 794 5484 vocati
814 5428 967 5485 estis.
995 5428 1179 5485 Viden’
1204 5439 1398 5501 quanta
1421 5430 1785 5502 indignatione
1808 5434 1997 5503 plenus

409 5520 481 5574 sit
520 5536 702 5575 sermo
720 5562 735 5586 ,
765 5530 965 5591 quanta
994 5520 1070 5575 ira
1096 5532 1278 5577 contra
1305 5535 1513 5577 omnes.
1544 5522 1681 5578 Nam
1708 5523 1753 5578 si
1782 5538 1889 5579 non
1918 5527 1998 5580 ira

412 5612 580 5667 multa
602 5613 857 5668 incensus
877 5610 1083 5677 fuisset,
1109 5626 1281 5685 neque
1305 5613 1563 5669 adversus
1584 5628 1773 5670 omnes
1800 5614 1888 5669 illa
1915 5630 2001 5670 ex-

414 5705 749 5771 tenderetur,
788 5705 867 5759 sic
914 5705 1095 5775 utique
1138 5705 1404 5763 dixisset:
1453 5707 1585 5775 Quia
1631 5706 1809 5763 audivi
1855 5708 1997 5781 quod

415 5798 504 5855 ille
525 5799 646 5855 talis
667 5799 961 5856 fornicatus
981 5799 1071 5869 sit,
1094 5800 1347 5871 caStigate
1372 5799 1542 5856 illum.
1569 5801 1719 5859 Nunc
1740 5820 1869 5860 vero
1892 5819 1997 5859 non

2121 2029 2222 2096 sic,
2269 2027 2365 2086 sed
2404 2029 2562 2085 etiam
2608 2027 2868 2084 adversus
2904 2042 3092 2084 omnes
3132 2038 3388 2085 armatur.
3422 2029 3629 2085 Etenim
3654 2032 3701 2086 si

2119 2119 2326 2189 priores
2355 2120 2429 2175 illi
2461 2121 2843 2192 scripsissent,
2877 2119 2967 2174 illa
2996 2119 3215 2176 dixisset
3248 2138 3261 2174 :
3294 2122 3418 2191 quia
3442 2136 3568 2177 vero
3595 2138 3700 2179 non

2117 2210 2294 2266 solum
2335 2226 2439 2265 non
2480 2212 2830 2281 scripserunt,
2862 2210 2957 2265 sed
2993 2210 3152 2266 etiam
3182 2211 3358 2267 scelus
3385 2211 3516 2269 illud
3547 2222 3701 2270 texe-

2118 2312 2244 2358 runt
2269 2310 2323 2359 et
2347 2303 2733 2359 obumbrarunt
2756 2344 2772 2370 ,
2812 2303 2934 2359 ideo
2964 2302 3351 2360 vehementiori
3385 2305 3551 2359 utitur
3579 2321 3698 2361 ser-

2118 2409 2297 2450 mone.
2328 2393 2396 2449 Ut
2424 2411 2631 2449 uxorem
2657 2396 2816 2466 patris
2841 2396 2921 2449 sui
2946 2395 3129 2464 aliquis
3155 2395 3354 2449 habeat.
3387 2396 3561 2465 Quare
3591 2412 3696 2452 non

2115 2484 2265 2551 dixit,
2299 2484 2367 2541 Ut
2392 2485 2684 2541 fornicatur
2712 2501 2832 2541 cum
2874 2485 3133 2541 muliere?
3160 2485 3219 2541 ω
3244 2486 3384 2557 quod
3407 2485 3695 2545 admodum

2118 2585 2268 2648 turpe
2288 2586 2403 2632 erat
2423 2578 2626 2648 respuit
2649 2596 2663 2630 :
2684 2592 2849 2648 quare
2880 2576 3156 2633 honestius
3181 2576 3285 2634 hoc
3309 2582 3692 2649 praetercurrit,

2114 2679 2174 2725 ut
2218 2671 2360 2742 quod
2404 2671 2458 2726 in
2504 2671 2871 2741 superioribus
2915 2677 3061 2727 esset
3105 2670 3469 2737 declaratum;
3511 2672 3563 2727 in
3594 2671 3695 2728 hoc

2114 2762 2275 2817 etiam
2296 2778 2482 2818 rursus
2504 2776 2703 2833 angens
2728 2761 2953 2830 crimen,
2985 2761 3381 2834 ostendensque
3410 2762 3550 2832 apud
3577 2762 3695 2818 illos

2115 2857 2236 2913 talia
2279 2857 2607 2928 perpetrari,
2641 2872 2760 2928 qua:
2798 2871 2866 2911 ne
2903 2856 3048 2913 clare
3077 2856 3257 2913 dicere
3283 2855 3495 2927 quidem
3530 2856 3694 2912 Paulo

2110 2949 2290 3006 liceat.
2337 2949 2464 3006 ideo
2508 2951 2560 3004 in
2603 2950 2953 3022 sequentibus
2996 2949 3185 3006 eodem
3229 2950 3397 3006 utitur
3442 2949 3693 3022 loquendi

2110 3039 2271 3096 modo
2300 3039 2506 3105 dicens,
2533 3038 2669 3094 Eum
2697 3040 2783 3110 qui
2811 3040 2906 3095 liae
2931 3040 3001 3095 ita
3030 3040 3185 3114 fecit:
3214 3046 3272 3096 et
3298 3056 3482 3096 rursus
3502 3041 3693 3096 erube-

2109 3132 2210 3186 scit
2238 3140 2291 3187 et
2322 3131 2485 3201 pudet
2512 3148 2633 3188 eum
2662 3140 2848 3203 aperte
2873 3132 3075 3202 dicere,
3099 3131 3175 3188 uti
3197 3132 3431 3189 solemus
3455 3133 3505 3188 in
3530 3132 3691 3188 rebus

2107 3225 2395 3282 admodum
2422 3225 2689 3296 turpibus.
2732 3226 2843 3283 Nec
2881 3226 3053 3292 dixit,
3084 3225 3397 3293 Novercam,
3425 3225 3517 3280 sed
3551 3224 3693 3281 Uxo-

2107 3334 2215 3373 rem
2249 3318 2427 3388 patris,
2466 3324 2525 3372 ut
2563 3318 2777 3388 gravius
2814 3316 3020 3374 feriret.
3063 3316 3279 3372 Etenim
3316 3331 3437 3371 cum
3477 3316 3691 3371 nomina

2107 3407 2382 3463 sufficiunt
2418 3407 2487 3463 ad
2515 3408 2895 3474 accusandum,
2925 3424 3020 3478 per
3050 3423 3111 3464 ea
3140 3408 3415 3478 procedit,
3454 3407 3692 3479 nihilque

2105 3499 2274 3557 addit.
2319 3499 2431 3556 Nec
2474 3500 2607 3555 mihi
2646 3500 2815 3565 dicas,
2848 3500 3040 3572 inquit,
3065 3514 3230 3556 unum
3254 3513 3373 3556 esse
3400 3498 3692 3554 fornicato-

2106 3607 2254 3657 rem;
2302 3605 2588 3648 commune
2633 3591 2880 3647 omnibus
2922 3591 3121 3647 factum
3162 3600 3246 3647 est
3288 3590 3514 3647 crimen.
3563 3589 3691 3646 Ideo

2107 3684 2265 3739 etiam
2297 3682 2572 3753 subjunxit
2599 3701 2612 3737 :
2643 3683 2713 3737 Et
2751 3699 2839 3738 eos
2878 3682 3048 3755 inﬂati
3090 3683 3229 3738 estis.
3260 3681 3376 3737 Non
3402 3681 3535 3738 dixit
3563 3695 3690 3751 pro-

2106 3782 2224 3845 pter
2264 3783 2543 3844 peccatum
2597 3792 2611 3828 :
2658 3775 2759 3830 hoc
2802 3775 2944 3830 enim
2985 3772 3351 3829 irrationabile
3391 3780 3554 3839 esset,
3594 3771 3690 3828 sed

2105 3873 2323 3935 propter
2348 3863 2487 3918 illius
2513 3863 2831 3918 doctrinam.
2862 3864 2980 3934 ipse
3004 3872 3182 3918 autem
3215 3862 3325 3919 hoc
3341 3878 3445 3918 non
3474 3861 3688 3933 posuit,

2092 3955 2198 4025 sed
2231 3953 2463 4010 medium
2493 3954 2737 4025 reliquit,
2770 3963 2827 4009 ut
2857 3954 3024 4025 magis
3059 3954 3264 4010 feriret.
3304 3954 3373 4009 Et
3409 3953 3690 4009 considera

2106 4045 2253 4099 Pauli
2296 4044 2656 4116 prudentiam.
2700 4042 2832 4099 Cum
2864 4044 3036 4116 primo
3065 4053 3342 4100 externam
3370 4044 3689 4115 sapientiam

2104 4138 2408 4208 dejecisset,
2455 4137 2885 4209 ostendissetquc
2928 4136 3073 4192 illam
3125 4150 3221 4207 per
3261 4151 3320 4192 se
3371 4136 3503 4191 nihil
3543 4151 3686 4201 esse,

2104 4230 2310 4285 etiamsi
2357 4237 2634 4300 peccatum
2680 4244 2787 4284 non
2830 4229 2902 4284 sit
2944 4227 3239 4300 adjectum;
3296 4238 3422 4285 tunc
3473 4226 3687 4284 demum

2103 4322 2263 4378 etiam
2290 4323 2357 4377 de
2384 4333 2601 4393 peccato
2625 4321 2877 4393 loquitur.
2910 4321 3042 4377 Nam
3067 4322 3112 4378 si
3141 4321 3207 4377 ad
3236 4321 3688 4392 comparationem

2103 4413 2462 4481 fornicatoris,
2485 4414 2572 4484 qui
2605 4412 2832 4469 fortasse
2860 4413 3077 4484 sapiens
3105 4412 3367 4484 quiSpiam
3396 4421 3533 4480 erat,
3566 4426 3685 4468 ma-

2102 4522 2264 4579 gnum
2305 4522 2427 4564 esse
2462 4507 2738 4577 spirituale
2762 4505 2963 4563 donum
2990 4506 3247 4573 dixisset,
3279 4505 3409 4561 nihil
3437 4520 3686 4576 magnum

2101 4599 2351 4668 fecisset;
2381 4599 2474 4656 sed
2505 4602 2665 4656 etiam
2692 4600 2894 4671 absque
2924 4608 3144 4670 peccato
3182 4598 3414 4668 dejicere
3458 4607 3512 4654 et
3553 4598 3688 4653 nihil

2102 4708 2224 4751 esse
2272 4692 2643 4750 demonstrare
2693 4693 3008 4763 sapientiam
3057 4704 3334 4748 externam
3362 4731 3377 4755 ,
3425 4689 3526 4744 hoc
3573 4699 3688 4745 erat

2103 4785 2389 4844 ostendere
2417 4786 2562 4841 illam
2588 4785 2875 4842 admodum
2912 4799 3033 4841 esse
3069 4784 3250 4839 vilem.
3298 4782 3423 4838 ideo
3454 4798 3576 4837 cum
3609 4782 3688 4838 sic

2103 4879 2251 4951 prius
2273 4879 2726 4950 comparationem
2750 4877 2978 4941 fecisset,
3006 4884 3133 4931 tunc
3153 4876 3313 4931 etiam
3343 4876 3543 4947 peccati
3574 4892 3684 4932 me-
3762 4902 3765 4907 ⁴

2101 4972 2296 5028 minit:
2325 4979 2381 5029 et
2405 4986 2527 5027 cum
2557 4971 2650 5025 illo
2678 4968 2890 5040 quidem
2916 4967 3183 5025 disserere
3204 4985 3310 5024 non
3334 4968 3602 5041 dignatur,
3630 4977 3686 5025 et

2103 5064 2157 5119 in
2190 5063 2292 5119 hoc
2330 5077 2594 5119 summam
2646 5060 2885 5119 ostendit
2910 5060 3218 5130 infamiam;
3263 5062 3346 5118 his
3382 5074 3559 5119 autem
3602 5062 3685 5118 dl-

2103 5158 2177 5210 cit
2204 5173 2217 5209 :
2244 5154 2541 5225 Oportebat
2564 5167 2662 5209 vos
2688 5153 2853 5220 ﬂere,
2885 5154 3068 5227 lugere
3104 5164 3157 5212 et
3201 5171 3310 5224 pra:
3356 5156 3560 5226 pudore
3604 5153 3684 5208 la-

2103 5247 2365 5312 mentari;
2417 5260 2562 5303 nunc
2608 5255 2786 5302 autem
2826 5247 3155 5303 contrarium
3198 5248 3421 5303 facitis:
3460 5240 3729 5316 ideoque"

2104 5338 2424 5407 subjunxit:
2458 5336 2526 5392 Et
2568 5354 2654 5393 vos
2697 5338 2864 5408 inﬂati
2904 5340 3044 5406 estis,
3071 5347 3116 5393 et
3156 5355 3258 5394 non
3295 5340 3456 5409 magis
3495 5338 3682 5394 luctum

2103 5430 2371 5486 habuistis.
2400 5431 2467 5485 Et
2491 5429 2616 5499 quid
2645 5428 2840 5485 factum
2867 5438 2949 5484 est
2967 5470 2984 5497 ,
3014 5428 3225 5498 inquies
3243 5470 3257 5493 ,
3289 5437 3350 5484 ut
3373 5445 3472 5486 nos
3498 5430 3681 5501 lugea-

2103 5526 2262 5581 mus?
2298 5524 2450 5592 Quod
2488 5524 2541 5580 in
2576 5538 2860 5580 commune
2887 5522 3142 5578 Ecclesia:
3168 5537 3450 5593 progressa
3480 5523 3551 5580 sit
3579 5525 3681 5581 cri-

2106 5616 2347 5672 minatio.
2378 5615 2451 5671 Et
2474 5630 2570 5672 cur
2591 5615 2732 5672 bene
2763 5616 3016 5672 faciemus
3044 5616 3326 5686 lugentes?
3364 5614 3434 5672 Ut
3476 5618 3684 5672 ιοιίαιυν

2108 5726 2171 5764 ω’
2194 5709 2329 5763 vobis
2353 5708 2441 5779 qui
2464 5719 2537 5765 est
2567 5709 2703 5764 talis.
2740 5708 2807 5763 Et
2836 5724 3006 5780 neque
3034 5710 3123 5766 hic
3147 5725 3340 5766 nomen
3372 5710 3487 5779 ejus
3512 5712 3677 5780 ponit,

2114 5818 2290 5873 neque
2319 5803 2545 5873 uspiam,
2573 5810 2628 5856 ut
2656 5800 2883 5858 solemus
2907 5804 3077 5858 facere
3106 5803 3157 5858 in
3186 5802 3250 5858 iis
3279 5818 3393 5873 quae
3414 5797 3565 5856 valde
3597 5797 3688 5851 ab-
