4086 6214
394 348 445 377 ‘9

394 354 445 371 πη

350 354 450 413 ’ΖΗ

346 472 509 527 surda
539 477 593 527 ct
623 468 834 544 indigna
862 479 1002 526 sunt.
1035 471 1144 527 Nec
1169 471 1325 533 dixit,
1350 469 1418 526 Et
1440 485 1547 526 non
1571 469 1739 540 magis
1765 467 1927 539 eieci-

346 563 478 626 stis;
511 563 605 618 sed
649 565 785 619 sicut
830 563 882 617 in
931 563 1116 616 morbo
1159 559 1339 632 aliquo
1377 569 1432 616 et
1473 562 1524 615 in
1575 571 1743 631 peste,
1783 560 1927 614 luctu

347 671 482 724 opus
508 664 588 712 est
614 664 666 711 et
694 657 896 710 intensa
928 651 1310 724 supplicatione
1328 696 1342 719 ,
1374 652 1441 710 Ut
1466 655 1692 721 tollatur,
1718 654 1885 722 inquit
1909 669 1926 720 ;

348 751 401 801 et
432 746 733 816 precatione
754 743 818 799 ad
843 743 942 799 hoc
967 745 1218 799 utendum
1244 755 1346 812 est,
1373 745 1607 816 nihilque
1638 760 1742 800 non
1768 759 1930 814 agen-

347 839 473 893 dum
519 849 574 892 ut
620 839 708 892 ille
745 838 1109 894 abscindatur.
1159 839 1342 911 Neque
1381 848 1595 895 accusat
1635 853 1748 900 eos,
1787 837 1930 908 quod

353 933 451 984 hoc
474 929 570 981 sibi
607 943 711 982 non
746 930 1049 995 iudicarint,
1071 931 1164 986 scd
1188 932 1309 1002 quia
1331 946 1437 986 non
1465 932 1735 994 luxerunt,
1760 939 1815 985 ut
1840 930 1931 985 ille

351 1020 417 1074 de
449 1019 626 1074 medio
655 1021 934 1076 tolleretur
963 1039 976 1075 :
1007 1022 1295 1078 ostendens
1321 1022 1374 1077 id
1402 1023 1518 1077 sine
1546 1022 1766 1077 doctore
1791 1036 1930 1091 prtcv

351 1109 602 1164 standum
626 1109 791 1166 fuisse
813 1113 883 1168 ob
903 1112 1082 1168 delicti
1099 1113 1441 1169 evidentiam.
1463 1115 1517 1168 5.
1543 1113 1680 1166 Nam
1709 1130 1800 1184 ego
1819 1111 1934 1182 qui-

348 1202 460 1256 dem
498 1213 756 1273 tamquam
789 1204 965 1260 absens
1005 1222 1236 1276 corpore,
1267 1222 1485 1274 praesens
1521 1217 1687 1259 autem
1727 1205 1931 1271 spiritu.

417 1296 475 1350 2.
503 1294 630 1352 Cum
652 1297 852 1366 publica
882 1298 1188 1367 fornicatore
1211 1297 1460 1367 quomodo
1485 1305 1603 1368 agat
1629 1297 1846 1350 Paulus.
1863 1325 1934 1335 ——

352 1389 487 1445 Vide
511 1388 744 1442 animum
778 1406 790 1442 :
817 1403 885 1443 ne
910 1389 1037 1443 sinit
1063 1389 1278 1460 quidem
1307 1399 1618 1459 exspectare
1644 1391 1933 1446 adventum

350 1496 504 1536 suum
528 1521 542 1545 ,
573 1488 632 1534 ut
659 1480 771 1549 ipse
798 1479 991 1549 ligetur
1011 1521 1024 1544 ,
1052 1481 1146 1535 sed
1176 1490 1444 1552 tamquam
1475 1493 1675 1551 pestem
1703 1481 1933 1551 aliquam

352 1574 692 1642 expulsurus,
710 1574 1014 1643 priusquam
1029 1573 1352 1629 diffundatur
1367 1575 1416 1629 in
1433 1575 1694 1646 reliquum
1714 1590 1931 1644 corpus,

352 1664 495 1719 illam
539 1664 780 1720 detinere
817 1673 1068 1734 properat
1097 1683 1110 1719 :
1146 1665 1372 1736 ideoque
1405 1666 1588 1735 adjicit
1617 1664 1774 1719 :lam
1793 1668 1935 1738 jmli~

353 1756 463 1809 cavi
505 1765 558 1809 ut
598 1771 836 1826 pra’sens.
880 1755 1006 1810 llaec
1041 1765 1220 1810 autem
1251 1756 1482 1821 dicebat,
1515 1773 1620 1812 non
1652 1759 1813 1812 modo
1844 1774 1935 1812 ur-

356 1862 488 1918 gens
515 1847 635 1903 illos
661 1847 725 1901 ad
755 1847 1075 1903 sententiam
1117 1846 1396 1902 ferendum
1423 1890 1438 1913 ,
1471 1864 1644 1918 neque
1668 1851 1851 1903 sinens
1882 1859 1938 1903 ut

355 1939 498 1994 aliud
528 1939 738 1995 consilii
769 1939 1012 2008 capiant;
1043 1939 1138 1994 sed
1164 1940 1325 1994 etiam
1355 1948 1562 1994 terrens
1585 1981 1600 2006 ,
1627 1951 1682 1994 ut
1709 1942 1797 2011 qui
1828 1942 1936 1995 sci-

356 2041 440 2088 ret
467 2032 553 2086 illa
579 2048 698 2103 quae
726 2032 800 2087 ibi
829 2043 1010 2087 essent
1034 2031 1225 2087 futura.
1279 2031 1413 2088 Illud
1443 2033 1587 2088 enim
1629 2041 1712 2088 est
1746 2033 1938 2090 adesse

357 2128 580 2198 spiritu;
608 2141 666 2183 ut
692 2128 919 2183 Elizacus
943 2127 1090 2185 Giezi
1123 2143 1363 2200 praesens
1385 2137 1440 2183 et
1467 2127 1678 2184 diccbat
1707 2146 1722 2186 :
1752 2127 1941 2183 Nonne

356 2233 445 2275 eor
471 2234 636 2276 meum
659 2232 766 2276 erat
793 2232 954 2277 teCum
981 2222 1001 2293 (
1026 2223 1079 2278 4.
1109 2221 1236 2293 Reg.
1267 2223 1321 2278 5.
1347 2221 1419 2276 26
1440 2219 1501 2294 )?
1529 2222 1706 2293 Papa),
1741 2231 1938 2293 quanta

358 2323 443 2368 est
470 2313 636 2368 virtus
663 2313 1019 2378 charismatis,
1051 2327 1171 2367 cum
1199 2328 1386 2369 omnes
1408 2313 1566 2374 simul
1589 2322 1940 2384 congregatos

359 2413 597 2474 prtcstet,
623 2415 676 2459 ct
700 2420 762 2459 ea
786 2420 902 2473 qua:
931 2404 1109 2474 procul
1139 2404 1270 2458 fiunt
1295 2413 1418 2458 nota
1446 2405 1634 2460 iaciat!
1667 2404 1942 2476 lamjudi-

361 2496 470 2550 rari
495 2505 548 2550 ut
584 2511 824 2564 pra’sens.
864 2493 978 2550 Non
1023 2497 1149 2550 sinit
1176 2510 1269 2551 eos
1296 2496 1438 2550 aliud
1475 2497 1762 2568 quidquam
1789 2498 1938 2569 cogi-

361 2599 474 2643 tare
505 2607 518 2641 :
551 2586 682 2643 Nam
713 2589 1030 2643 sententiam
1061 2589 1151 2643 tuli
1182 2599 1237 2643 ut
1265 2604 1501 2659 prmsens
1532 2609 1545 2644 :
1573 2605 1639 2644 ne
1667 2591 1793 2644 mihi
1827 2606 1943 2645 mo-

361 2692 448 2735 ras
470 2691 523 2736 et
561 2681 1069 2750 procrastinationes
1099 2681 1279 2747 dicas;
1327 2683 1457 2735 nihil
1485 2683 1628 2736 enim
1654 2682 1794 2736 aliud
1826 2681 1940 2737 ﬁeri

363 2781 593 2841 oportet.
643 2772 845 2829 Deinde
873 2789 937 2828 ne
968 2789 1156 2845 magna
1183 2773 1455 2830 videretur
1482 2790 1600 2830 esse
1628 2777 1939 2842 auctoritas,

363 2877 534 2934 neque
560 2863 898 2935 arrogantius
925 2865 1124 2921 dictum
1153 2881 1272 2920 esse
1302 2875 1634 2933 censeretur,
1668 2866 1785 2922 vide
1810 2883 1943 2937 quo-

366 2957 524 3012 modo
551 2967 603 3013 ct
624 2959 768 3028 ipsos
793 2955 995 3031 judicii’
1010 2958 1184 3014 socios
1209 2956 1386 3013 faciat.
1411 2958 1542 3012 Nam
1576 2975 1699 3014 cum
1721 2959 1944 3015 dixisset

359 3045 597 3105 Iudicavi
617 3093 631 3116 ,
663 3051 839 3106 intulit
869 3069 882 3106 :
917 3051 1045 3105 Eum
1072 3051 1158 3122 qui
1181 3053 1254 3106 sic
1281 3062 1516 3121 operatus
1541 3062 1645 3119 est,
1675 3053 1730 3108 4.
1762 3054 1813 3106 in
1847 3069 1940 3107 no-

363 3147 496 3200 mine
532 3143 742 3200 Domini
778 3144 938 3200 nostri
971 3140 1096 3199 Jesu
1131 3143 1338 3210 Christi,
1371 3146 1687 3216 congregatis
1722 3145 1858 3199 vobis
1898 3154 1944 3199 et

363 3255 472 3292 meo
515 3239 730 3309 spiritu,
773 3254 884 3292 cum
923 3240 1101 3292 virtute
1140 3236 1345 3292 Domini
1394 3237 1552 3292 nostri
1591 3237 1716 3292 Jesu
1757 3235 1944 3292 Christi

362 3329 414 3390 5.
447 3332 644 3388 tradere
673 3333 963 3405 hujusmodi
986 3334 1237 3386 hominem
1259 3341 1468 3386 solante.
1507 3329 1572 3386 Et
1600 3331 1726 3402 quid
1755 3341 1858 3397 est,
1879 3330 1944 3385 In

363 3423 564 3478 nomine
596 3423 798 3477 Domini
825 3424 979 3477 nostri
1006 3421 1042 3475 Ι
1046 3439 1130 3477 esu
1157 3422 1345 3478 Christi
1366 3423 1392 3476 ?
1417 3421 1721 3478 Secundum
1753 3423 1942 3489 Deum,

363 3531 468 3570 non
509 3514 740 3570 humano
778 3515 977 3568 detenti
1017 3513 1344 3585 przejudicio.
1394 3513 1619 3582 Quidam
1659 3523 1836 3569 autem
1865 3515 1944 3569 sic

362 3603 545 3676 legunt
577 3624 587 3658 :
621 3601 756 3659 Eum
793 3605 878 3675 qui
915 3605 987 3660 sic
1025 3616 1262 3676 operatus
1301 3615 1374 3660 est
1412 3607 1464 3659 in
1504 3605 1704 3659 nomine
1737 3604 1946 3660 Domini

367 3697 524 3752 nostri
566 3696 690 3752 Jesu
734 3695 1032 3752 Christi:et
1066 3707 1262 3766 puncto
1304 3697 1389 3750 hic
1430 3697 1674 3766 apposito
1705 3712 1799 3752 seu
1833 3698 1946 3752 vir-

364 3789 506 3861 gula,
541 3788 623 3845 his
651 3787 825 3846 verbis
847 3799 1093 3861 pergunt,
1125 3786 1451 3862 Congregatis
1476 3790 1611 3844 vobis
1637 3800 1682 3844 et
1709 3807 1816 3844 meo
1841 3791 1948 3859 spi-

363 3879 465 3937 ritu
512 3882 708 3938 tradere
753 3880 1048 3955 hujusmodi
1095 3880 1346 3938 hominem
1391 3892 1600 3938 satante.
1653 3880 1721 3939 Et
1763 3883 1947 3938 dicunt

364 3971 523 4045 hujus
554 3975 793 4030 lectionis
819 3974 959 4030 hunc
988 3990 1107 4032 esse
1127 3990 1341 4031 sensum
1368 3997 1381 4031 :
1411 3971 1545 4030 Eum
1573 3975 1662 4045 qui
1693 3975 1795 4029 hoc
1818 3989 1948 4043 ope-

365 4072 513 4122 ratus
543 4076 625 4122 cst
655 4068 705 4121 in
740 4069 954 4121 nomine
983 4066 1179 4123 Christi
1205 4107 1222 4134 ,
1257 4067 1447 4121 tradite
1477 4075 1712 4132 sataure;
1747 4063 1797 4120 id
1826 4075 1906 4122 est
1927 4107 1943 4133 ,

364 4176 488 4215 cum
513 4161 601 4230 qui
630 4174 822 4214 nomen
850 4159 1048 4215 Christi
1085 4157 1406 4213 contumelia
1436 4157 1611 4212 all'ccit
1632 4198 1646 4222 ,
1679 4158 1769 4228 qui
1804 4166 1948 4228 post-

362 4265 523 4322 quam
553 4250 726 4306 fidelis
758 4251 925 4306 factus
955 4261 1068 4316 cst,
1097 4258 1151 4305 et
1176 4263 1471 4320 cognomen
1501 4251 1707 4318 accepit
1746 4249 1815 4304 ab
1855 4250 1948 4303 illo

366 4343 579 4398 nomine
604 4385 618 4409 ,
660 4342 780 4396 talia
821 4350 902 4396 est
945 4356 1106 4395 ausus
1127 4383 1142 4406 ,
1174 4341 1314 4395 lumc
1346 4341 1539 4396 tradite
1569 4349 1790 4396 satanas.
1822 4339 1945 4394 Mihi

367 4445 544 4488 autem
583 4435 727 4502 prior
753 4431 911 4487 lectio
941 4434 1114 4487 verior
1142 4447 1262 4486 esse
1292 4432 1519 4488 videtur.
1563 4433 1814 4500 Qutcnam
1859 4433 1946 4487 illa

367 4524 488 4581 est?
536 4521 601 4577 In
644 4526 843 4577 nomine
893 4523 1096 4578 Domini
1126 4525 1438 4594 congregatis
1487 4525 1660 4586 vobis;
1704 4525 1804 4579 hoc
1843 4535 1946 4590 est,

367 4614 498 4690 Ejus
524 4615 742 4674 nomine
759 4630 852 4671 vos
877 4627 1255 4686 congregantc,
1283 4630 1379 4684 pro
1406 4628 1514 4686 quo
1535 4616 1848 4671 convenitis.
1879 4615 1948 4670 Et

363 4710 548 4786 spiritu
591 4725 720 4766 meo.
769 4708 974 4765 Rursus
1012 4705 1246 4778 scipsum
1272 4721 1392 4762 cum
1422 4705 1525 4763 illis
1551 4708 1860 4773 censtituit,
1890 4716 1951 4764 ut

367 4821 488 4860 cum
523 4804 880 4875 judicavcrint
903 4803 1052 4874 quasi
1086 4801 1201 4874 ipso
1228 4809 1495 4873 prmsente
1517 4843 1530 4866 ,
1569 4800 1645 4855 sic
1676 4799 1827 4855 illum
1850 4801 1947 4856 ab-

367 4893 634 4963 scindunt,
661 4905 716 4951 et
745 4911 902 4951 nemo
933 4895 1073 4966 ausit
1100 4895 1271 4966 ipsum
1295 4894 1447 4949 venia
1478 4892 1697 4966 dignum
1727 4893 1946 4959 habere,

367 4987 543 5042 sciens
569 4985 684 5042 fore
711 4997 767 5040 ut
800 4986 992 5041 Paulus
1027 4988 1159 5042 sciat
1185 5001 1248 5043 ea
1275 5002 1394 5058 qua:
1421 4983 1559 5042 facta
1586 4983 1800 5040 fuerint.
1844 4985 1948 5040 Dc-

369 5077 492 5132 inde
517 5084 574 5131 ut
600 5090 712 5131 rem
741 5075 994 5131 exhibeat
1025 5077 1398 5133 terribiliorem
1421 5121 1436 5143 ,
1476 5079 1550 5133 ait
1580 5095 1592 5131 :
1620 5076 1745 5130 Cum
1772 5078 1952 5132 virtute

367 5165 574 5226 Domini
601 5165 759 5222 nostri
793 5165 920 5221 Iesu
954 5167 1160 5222 Christi.
1192 5166 1246 5222 ld
1277 5177 1359 5224 est
1383 5210 1397 5232 ,
1425 5170 1507 5226 vel
1537 5169 1678 5241 quod
1705 5167 1950 5225 Christus

369 5261 536 5333 possit
569 5272 687 5317 eam
717 5257 868 5314 vobis
903 5259 1126 5331 gratiam
1163 5256 1292 5314 dare
1313 5299 1328 5324 ,
1358 5268 1416 5313 ut
1441 5261 1656 5329 possitis
1683 5276 1806 5316 eum
1835 5261 1949 5316 dia-

373 5353 495 5408 bolo
521 5351 769 5417 tradere;
798 5351 881 5406 vel
912 5350 1052 5422 quod
1081 5351 1194 5421 ipse
1219 5349 1492 5406 vobiscum
1515 5351 1717 5407 laturus
1741 5352 1810 5408 sit
1829 5368 1952 5408 sen-

373 5444 612 5500 tentiam.
642 5441 756 5499 Non
788 5442 923 5498 dixit
948 5451 1147 5508 autem,
1178 5443 1348 5513 ipsum
1376 5441 1573 5499 dedere
1597 5451 1824 5507 satame;
1856 5443 1950 5500 sed

371 5531 612 5598 Tradere,
646 5535 747 5604 ipsi
776 5535 1023 5604 aperiens
1046 5533 1372 5605 poenitentia.-
1401 5532 1572 5598 fores,
1603 5543 1658 5589 et
1684 5534 1782 5604 ipsi
1812 5543 1949 5589 tam-

369 5637 528 5691 quam
557 5623 850 5694 pzedagogo
879 5626 1035 5680 talem
1065 5625 1336 5680 hominem
1369 5624 1604 5680 tradens.
1638 5627 1703 5681 Et
1729 5640 1912 5681 rursus
1931 5666 1946 5692 ,

372 5715 550 5781 talem,
583 5730 682 5770 nec
711 5731 932 5788 usquam
959 5717 1071 5772 vult
1097 5710 1242 5772 illum
1271 5731 1367 5772 suo
1397 5717 1610 5772 nomine
1642 5732 1852 5773 vocare.
1885 5717 1949 5771 In

365 5808 623 5864 interitum
650 5807 835 5863 carnis.
869 5806 1017 5863 Sicut
1044 5817 1095 5864 ct
1128 5810 1177 5863 in
1210 5806 1362 5864 beato
1385 5807 1482 5863 Job
1511 5807 1704 5865 factum
1727 5815 1826 5878 est,
1853 5811 1944 5866 sed

1094 356 1152 414 s.
1181 355 1456 413 JOANNIS
1493 347 1964 409 CIIRYSOSTUMI
1989 349 2306 409 AltCtllEt’.
2347 349 2875 414 consummes.
3511 363 3610 423 ης

2036 484 2141 524 non
2171 470 2358 526 eadem
2389 471 2458 529 de
2482 488 2664 529 causa.
2712 473 2841 530 Nam
2882 474 2988 530 illic
3029 492 3126 545 pro
3162 478 3615 548 Splendidioribus

2034 561 2270 626 coronis,
2303 563 2390 618 hic
2416 579 2512 632 pro
2540 575 2875 634 peccatorum
2904 549 3252 635 remissione;
3292 581 3351 626 ut
3387 573 3617 645 ﬂagellet

2035 666 2156 708 cum
2188 656 2326 709 malo
2357 658 2535 712 ulcere
2561 669 2653 714 aut
2679 660 2789 714 alio
2811 661 3020 716 morbo.
3065 664 3224 734 Atqui
3261 666 3386 720 alibi
3425 669 3501 720 ait
3530 687 3543 721 :
3571 673 3614 723 Α

2037 743 2257 800 Domino
2276 748 2574 817 judicamur
2598 750 2712 806 hare
2744 753 3028 822 patientes.
3061 756 3131 809 At
3161 758 3245 812 hic
3272 760 3440 829 magis
3468 761 3614 814 illum

2037 850 2273 906 pungere
2320 838 2507 896 volens
2532 881 2546 905 ,
2596 851 2796 898 satame
2835 844 3018 900 tradit.
3063 846 3131 900 Et
3177 847 3278 902 hoc
3319 862 3466 906 certe
3509 854 3621 907 Deo

2038 927 2288 995 placitum
2315 928 2430 997 fuit,
2465 940 2518 986 ut
2543 935 2892 1003 castigaretur
2911 935 3028 1006 ejus
3047 952 3192 992 caro.
3219 940 3350 1008 Quia
3377 943 3519 998 enim
3549 959 3615 998 ex

2037 1019 2251 1089 crapula
2280 1031 2335 1076 et
2359 1022 2564 1079 deliciis
2592 1027 2893 1082 carnalibus
2919 1031 3364 1099 concupiscentiae
3386 1050 3619 1090 nascun-

2041 1119 2144 1173 tur,
2171 1127 2384 1167 carnem
2407 1116 2647 1185 casnigat.
2685 1115 2753 1171 Ut
2780 1110 3006 1186 Spiritus
3033 1121 3202 1175 salvus
3230 1124 3294 1175 sit
3319 1125 3370 1177 in
3398 1125 3480 1178 die
3508 1124 3620 1178 Do-

2041 1203 2163 1256 mini
2200 1202 2347 1258 Iesu.
2395 1204 2450 1258 ld
2493 1216 2594 1272 est,
2636 1209 2810 1262 anima
2846 1227 2859 1262 :
2892 1225 2996 1265 non
3034 1213 3173 1281 quod
3207 1214 3294 1268 illa
3326 1216 3442 1269 Sola
3473 1218 3617 1270 salvi

2039 1295 2127 1361 sit,
2157 1296 2251 1352 sed
2279 1299 2429 1368 quasi
2463 1299 2512 1353 id
2540 1300 2593 1354 in
2623 1301 2869 1356 confesso
2892 1305 2982 1368 sit,
3007 1305 3148 1373 quod
3180 1306 3263 1358 illa
3302 1308 3466 1372 salva,
3498 1309 3623 1364 siue-

2042 1387 2146 1442 ulla
2176 1390 2598 1448 contradictione
2621 1409 2816 1464 corpus
2836 1397 3022 1450 salutis
3048 1399 3313 1469 particeps
3334 1402 3456 1455 erit.
3487 1402 3621 1457 Nam

2042 1479 2267 1535 mortale
2299 1482 2494 1538 factum
2518 1495 2597 1538 est
2622 1494 2840 1554 propter
2866 1487 3033 1554 ipsam
3055 1504 3173 1558 qua:
3199 1502 3540 1559 peccaverat;
3567 1503 3624 1549 et

2041 1569 2087 1624 si
2118 1571 2206 1625 illa
2232 1573 2491 1642 justitiam
2519 1578 2856 1644 exercuerit,
2895 1594 3079 1634 rursus
3121 1593 3175 1636 ct
3215 1597 3412 1653 corpus
3449 1586 3621 1654 ipsum

2043 1677 2231 1733 magna
2274 1664 2481 1720 fruetur
2518 1668 2705 1738 gloria.
2745 1669 2970 1737 Quidam
3005 1688 3134 1728 vero
3161 1676 3408 1744 spiritum
3439 1679 3627 1735 dicunt

2043 1769 2162 1808 esse
2203 1755 2464 1811 charisma
2513 1775 2606 1813 seu
2655 1760 2876 1828 donum,
2905 1763 3046 1832 quod
3088 1765 3242 1820 nobis
3284 1771 3626 1836 peccantibus

2043 1846 2415 1918 exstinguitur.
2439 1850 2518 1905 Ne
2539 1852 2695 1922 igitur
2717 1852 2817 1908 hoc
2839 1853 2951 1920 ﬁat,
2970 1855 3156 1926 inquit,
3179 1859 3446 1927 puniatur,
3472 1863 3629 1916 utsic

2043 1940 2234 1995 melior
2259 1942 2445 2009 factus,
2474 1943 2707 1998 attrahat
2733 1946 2980 2016 gratiam,
3012 1956 3066 2002 et
3093 1947 3393 2005 inveniatur
3420 1953 3622 2007 safvmn

2046 2030 2214 2099 ipsam
2255 2035 2511 2090 exhibens
2554 2037 2605 2090 in
2646 2037 2739 2092 illo
2775 2037 2884 2093 die.
2928 2039 3109 2110 Itaque
3139 2040 3306 2111 magis
3330 2052 3415 2098 est
3439 2060 3623 2099 curam

2045 2124 2278 2190 gerentis
2307 2140 2368 2179 ac
2399 2127 2681 2193 medentis,
2727 2146 2885 2199 quam
2925 2133 3160 2187 secantis
3201 2136 3283 2188 vel
3332 2143 3533 2192 temere
3572 2147 3626 2191 et

2047 2213 2442 2273 inconsiderate
2493 2221 2781 2289 punientis.
2835 2221 3002 2291 Majas
3049 2227 3245 2294 quippe
3291 2225 3496 2281 lucrum
3545 2239 3628 2282 est

2048 2321 2205 2375 paena
2237 2326 2250 2362 :
2280 2324 2400 2362 nam
2433 2310 2523 2364 illa
2553 2320 2894 2382 temporanea
2923 2325 3024 2376 cat,
3058 2314 3262 2368 lucrum
3291 2326 3464 2370 autem
3498 2333 3632 2387 per--

2048 2406 2284 2466 petuum.
2317 2399 2424 2456 Nec
2454 2403 2765 2472 simpliciter
2788 2404 2938 2468 dixit,
2973 2405 3041 2460 Ut
3078 2408 3286 2478 spiritus
3327 2409 3494 2464 salvus
3528 2413 3627 2476 sit,-

2047 2489 2143 2545 sed
2164 2533 2178 2556 ,
2211 2491 2274 2546 In
2305 2494 2394 2548 illo
2428 2495 2528 2549 die.
2561 2496 2734 2552 Probe
2760 2497 2866 2552 Illis
2897 2509 2949 2552 et
2978 2510 3279 2569 opportune
3305 2503 3442 2557 diem
3475 2503 3625 2557 illum

2047 2599 2450 2655 commemorat,
2481 2597 2540 2644 ut
2567 2601 2620 2645 et
2647 2591 2746 2660 ipsi
2774 2594 3096 2662 promptiore
3117 2595 3298 2650 animo
3318 2595 3383 2650 ad
3411 2596 3630 2651 medici-

2049 2693 2170 2732 nam
2192 2679 2530 2747 accederent,
2555 2689 2608 2735 et
2633 2682 2722 2737 ille
2751 2683 2941 2739 melius
2967 2687 3281 2754 susciperet,
3314 2703 3416 2740 nou
3453 2699 3504 2740 ut
3536 2689 3628 2742 iraa

2050 2769 2228 2837 verba,
2269 2771 2363 2826 sed
2409 2781 2466 2824 ut
2507 2774 2672 2843 patris
2707 2786 2890 2828 curam
2933 2776 3167 2846 gerentis
3217 2778 3625 2846 providentiam.

2049 2862 2174 2918 ldco
2202 2865 2365 2925 enim,
2391 2863 2456 2918 In
2483 2866 2737 2920 interitum
2763 2867 2950 2933 carnis,
2979 2866 3153 2932 dixit;
3179 2869 3287 2938 jam
3317 2870 3527 2924 diabolo
3555 2871 3632 2926 ie-

2047 2969 2142 3024 ges
2173 2971 2396 3025 ponens,
2425 2973 2524 3012 nec
2559 2960 2742 3012 sinens
2771 2957 2943 3028 ipsum
2981 2959 3205 3014 ulterius
3248 2962 3494 3032 progredi
3527 2981 3540 3014 :
3573 2972 3634 3017 ut

2049 3046 2116 3101 de
2155 3046 2290 3102 Jobo
2329 3048 2540 3104 dicebat
2582 3050 2834 3105 Dominus
2855 3091 2870 3117 ,
2907 3048 3152 3106 thterum
3178 3053 3401 3106 animam
3431 3055 3541 3120 ejus
3571 3070 3634 3108 ne

2051 3151 2229 3213 tangas
2261 3142 2378 3202 (Job
2420 3141 2471 3196 ‘2.
2501 3143 2580 3212 6).

2121 3232 2174 3287 5.
2202 3232 2404 3288 Deinde
2435 3248 2553 3288 cum
2580 3233 2899 3289 sententiam
2928 3235 3245 3290 absolvisset
3273 3245 3327 3290 et
3355 3252 3472 3291 eam
3496 3252 3632 3309 pau-

2050 3323 2129 3378 cis
2165 3323 2388 3379 dixisset
2415 3340 2514 3380 nec
2539 3325 2854 3382 immoratus
2881 3336 3062 3390 esset,
3092 3344 3276 3383 rursus
3308 3331 3632 3398 increpatio-

2053 3430 2174 3470 nem
2204 3415 2426 3483 inducit,
2456 3417 2577 3472 illos
2606 3419 2884 3489 alloquens
2915 3438 2928 3474 :
2960 3421 3012 3474 6.
3046 3418 3166 3474 Non
3188 3420 3318 3474 bona
3345 3431 3419 3474 est
3445 3424 3635 3492 gloria-

2051 3508 2121 3561 tio
2143 3517 2304 3561 vestra
2322 3521 2341 3573 ;
2371 3509 2658 3564 ostendens
2687 3510 2808 3565 illos
2835 3509 2900 3564 ad
2927 3510 3064 3565 istud
3094 3528 3261 3582 usque
3291 3522 3501 3581 tempus
3525 3529 3632 3567 non

2053 3599 2241 3654 sivisse
2272 3614 2393 3654 eum
2426 3601 2689 3670 paenitere
2712 3642 2729 3663 ,
2759 3601 2828 3656 de
2859 3601 2949 3655 illo
2973 3603 3282 3672 gloriantes.
3319 3603 3516 3658 Deinde
3539 3604 3633 3658 dc-

2051 3690 2220 3745 clarat
2247 3705 2307 3744 se
2331 3704 2435 3744 non
2469 3689 2542 3745 illi
2571 3690 2730 3746 modo
2757 3700 3064 3761 parcentem
3095 3694 3195 3748 hoc
3225 3693 3398 3748 facere
3418 3735 3433 3760 ,
3463 3694 3554 3748 sed
3582 3705 3635 3747 et

2054 3780 2182 3850 ipsis
2225 3797 2238 3833 :
2279 3779 2505 3850 ideoque
2552 3781 2824 3852 subjungit
2874 3799 2888 3834 :
2937 3780 3159 3837 Nescitis
3203 3786 3338 3853 quod
3385 3785 3636 3838 modicum

2053 3871 2354 3942 fermentum
2386 3880 2541 3926 totam
2563 3888 2783 3926 massam
2808 3874 3130 3944 corrumpit?
3152 3873 3303 3929 Licet
3329 3875 3467 3928 enim
3492 3875 3636 3930 illius

2053 3963 2116 4018 sit
2143 3972 2436 4033 peccatum,
2459 3964 2649 4033 inquit,
2671 3964 2764 4018 sed
2787 3965 3081 4035 neglectum
3109 3976 3283 4035 potest
3303 3976 3355 4021 et
3378 3967 3634 4036 reliquum

2057 4055 2310 4110 Ecclesia:
2346 4069 2542 4124 corpus
2570 4070 2932 4124 corrumpere.
2967 4055 3096 4110 Cum
3127 4057 3268 4110 enim
3301 4058 3345 4112 is
3374 4058 3460 4126 qui
3495 4059 3638 4125 prior

2056 4147 2296 4216 peccavit
2333 4161 2436 4201 non
2467 4146 2614 4201 dedit
2646 4161 2865 4216 poenas,
2901 4148 3006 4201 cito
3028 4156 3083 4202 et
3108 4147 3194 4201 alii
3227 4148 3412 4202 eadem
3444 4165 3636 4217 perpe-

2057 4241 2290 4295 trabunt.
2319 4240 2444 4295 llaec
2471 4249 2646 4295 autem
2677 4240 2838 4304 dicit,
2869 4241 3158 4295 ostendens
3189 4256 3285 4310 pro
3318 4251 3422 4294 tota
3452 4241 3638 4296 Eccle-

2055 4334 2151 4398 sia,
2179 4349 2282 4388 non
2314 4348 2408 4402 pro
2437 4348 2541 4387 uno
2570 4333 2668 4388 sibi
2697 4342 2967 4388 certamen
2997 4342 3050 4388 et
3078 4335 3368 4404 periculum
3401 4335 3629 4391 adesse:

2055 4440 2220 4492 quare
2246 4424 2494 4478 fermentl
2523 4425 2872 4480 similitudine
2906 4442 3040 4496 opus
3076 4427 3277 4480 habuit.
3320 4425 3468 4482 Sicut
3493 4429 3636 4484 enim

2058 4513 2399 4580 fermentum,
2432 4515 2618 4585 inquit,
2651 4532 2770 4570 cum
2804 4517 3069 4571 modicum
3095 4518 3183 4582 sit,
3215 4527 3378 4572 totam
3407 4535 3638 4574 massam

2057 4606 2109 4660 in
2140 4621 2198 4661 se
2229 4616 2572 4672 transmutat;
2617 4610 2683 4662 ita
2713 4619 2767 4664 et
2796 4610 2914 4676 hic,
2955 4610 3003 4665 si
3029 4611 3321 4681 impunitus
3348 4621 3560 4667 maneat
3588 4624 3638 4669 ct

2058 4695 2282 4750 multum
2311 4697 2379 4752 sit
2409 4708 2707 4767 peccatum,
2741 4710 2967 4756 caeteros
2992 4713 3320 4773 corrumpet.
3352 4703 3404 4758 7.
3439 4704 3642 4774 Expur-

2057 4796 2170 4860 gate
2192 4798 2330 4843 cetus
2359 4792 2675 4862 fermentum.
2723 4792 2775 4846 Id
2822 4800 2922 4857 est,
2965 4793 3108 4849 hunc
3151 4794 3484 4864 improbum;
3531 4795 3640 4850 imo

2058 4882 2235 4951 potius
2261 4897 2368 4937 non
2399 4880 2467 4938 de
2495 4883 2595 4939 hoc
2626 4891 2827 4938 tantum
2856 4884 3117 4954 loquitur,
3151 4885 3246 4940 sed
3268 4895 3321 4939 et
3345 4885 3481 4939 alios
3509 4887 3642 4941 sub.

2058 4974 2274 5030 indicat.
2303 4975 2415 5031 Non
2437 4975 2578 5030 enim
2608 4974 2890 5030 fornicatio
2920 4984 3122 5031 tantum
3142 4989 3294 5032 vetus
3321 4975 3639 5032 fermeutmn

2058 5077 2161 5133 cst,
2191 5067 2283 5123 sed
2321 5077 2375 5123 et
2408 5069 2582 5124 omnis
2625 5069 2879 5140 nequitia.
2923 5067 3032 5124 Nec
3071 5069 3223 5134 dixit,
3267 5069 3514 5140 Purgate,
3547 5069 3641 5126 sed

2061 5161 2387 5231 Expos-gate;
2415 5177 2536 5216 cum
2559 5160 2895 5216 accuratione
2918 5172 3158 5233 purgate,
3173 5172 3350 5218 utnec
3372 5163 3640 5217 residuum

2060 5269 2160 5310 nec
2201 5253 2385 5309 umbra
2426 5255 2548 5309 talis
2587 5255 2662 5309 rei
2703 5263 2934 5309 maneat.
2960 5254 3093 5310 Cum
3117 5255 3411 5324 dicitcrgo,
3441 5253 3641 5324 Expur-

2059 5355 2206 5418 gate,
2238 5345 2474 5400 ostendit
2507 5345 2682 5400 adhuc
2709 5347 2998 5415 nequitiam
3025 5345 3166 5416 apud
3196 5345 3325 5400 illos
3343 5359 3494 5408 esse;
3523 5360 3643 5399 cum

2060 5448 2238 5496 autem
2263 5437 2408 5501 dicit,
2437 5436 2504 5491 Ut
2529 5438 2640 5491 sitis
2667 5454 2794 5492 nova
2817 5439 3126 5510 conspersio,
3151 5439 3281 5492 sicut
3299 5438 3414 5491 estis
3441 5438 3649 5508 tuguri;

2065 5531 2297 5590 declarat
2333 5541 2389 5586 et
2428 5531 2660 5596 indicat,
2694 5548 2798 5587 non
2827 5533 2898 5588 ita
2928 5533 3111 5588 multis
3137 5531 3323 5587 vitium
3355 5531 3644 5585 dominari.

2058 5625 2113 5681 Si
2154 5640 2283 5680 vero
2328 5624 2491 5689 dicat,
2542 5624 2690 5680 Sicut
2736 5629 2855 5681 estis
2893 5627 3094 5699 asymi;
3143 5642 3249 5681 non
3295 5627 3363 5679 ita
3413 5625 3649 5696 loquitur

2060 5718 2210 5790 quasi
2237 5731 2422 5773 omnes
2451 5718 2563 5788 puri
2595 5728 2796 5782 essent,
2830 5718 2924 5774 sed
2962 5727 3021 5773 ut
3063 5719 3222 5774 decet
3252 5733 3348 5773 vos
3374 5733 3515 5772 esse.
3552 5716 3644 5770 Et-

2063 5811 2190 5867 enim
2223 5810 2408 5882 pascha
2435 5821 2661 5867 nostrum
2691 5830 2780 5882 pro
2809 5811 2947 5866 nobis
2973 5812 3263 5866 immolatus
3289 5820 3361 5865 cst
3390 5807 3641 5864 Christus.
