4090 6216
314 251 400 305 lib

296 365 345 420 8.
371 363 532 435 Itaque
554 366 736 435 festum
762 362 1063 419 celebremus
1083 404 1098 429 ,
1141 376 1242 416 non
1281 361 1353 415 in‘
1372 362 1618 427 fermento
1653 354 1803 411 ueteri
1822 392 1839 420 ,

293 471 428 522 neque
465 454 516 507 in
560 458 804 523 fermento
846 453 1058 506 malitia:
1082 460 1129 506 et
1157 450 1426 521 nequitia,
1463 452 1551 503 sed
1574 446 1628 502 in
1653 446 1847 516 azymis

289 545 561 599 sinceritatis
598 554 646 597 et
684 543 923 597 veritatis.
972 542 1061 597 Sic
1102 540 1347 597 Christus
1392 538 1713 595 fermentum
1752 535 1849 591 do-

290 639 490 694 ctrinam
514 636 738 691 vocavit.
772 636 888 702 Ipse
914 643 1092 689 autem
1116 633 1169 687 iu
1189 630 1502 702 metaphora
1528 639 1728 697 manet,
1756 644 1846 684 ve-

292 741 437 784 terem
466 728 740 782 historiam
771 726 973 796 ipsisin
1002 726 1313 780 memoriam
1337 737 1615 786 revocans,
1639 734 1845 776 necnon

293 821 463 894 pascha
488 830 543 876 et
568 834 754 894 azyma
787 829 839 872 et
865 817 1143 882 beneﬁcia,
1168 831 1288 887 quae
1318 823 1442 869 tunc
1466 823 1520 868 et
1554 828 1671 884 qua:
1704 826 1846 867 nunc

293 915 460 970 collata
483 922 627 978 sunt,
657 921 713 967 ct
737 910 992 981 supplicia
1022 923 1309 981 pmuasque
1342 908 1620 979 irrogatas.

358 1006 644 1063 Christianis
673 1021 817 1057 omne
846 1014 1039 1073 tempus
1069 1002 1175 1056 dies
1198 1005 1355 1072 [estus
1375 1009 1554 1054 est.—
1574 999 1670 1053 Est
1705 1012 1834 1069 ergo

293 1097 386 1152 diei
417 1096 529 1151 festi
575 1109 811 1166 prmsens
849 1103 1080 1162 tempus.
1126 1092 1257 1146 Cum
1290 1090 1432 1146 enim
1455 1090 1609 1156 dixit,
1645 1087 1847 1142 Festum

298 1189 577 1243 celebremus
594 1205 612 1253 ;
641 1203 749 1241 non
775 1185 916 1257 quod
946 1185 1148 1241 Pascha
1166 1227 1179 1249 ,
1208 1201 1315 1240 non
1363 1183 1503 1255 quod
1535 1185 1850 1239 Pentecoste

291 1280 504 1345 adesset,
547 1277 649 1333 hoc
697 1276 929 1343 dicebat,
968 1276 1064 1332 sed
1115 1277 1403 1331 ostendens
1450 1284 1663 1344 tempus
1689 1289 1851 1330 omne

289 1371 388 1425 diei
409 1371 517 1424 festi
548 1379 755 1436 tempus
778 1382 900 1423 esse
932 1365 1278 1432 Christianis,
1304 1366 1375 1421 ob
1405 1365 1705 1421 ubertatem
1734 1366 1848 1421 col-

289 1462 503 1514 latorum
533 1459 818 1513 bonorum.
851 1457 983 1512 Nam
1029 1457 1170 1528 quod
1217 1457 1416 1512 bonum
1457 1471 1562 1512 non
1593 1457 1850 1513 exstitit?

288 1551 442 1605 Filius
474 1549 575 1604 Dei.
611 1549 775 1604 homo
820 1549 992 1604 factus
1033 1559 1116 1604 est
1147 1558 1367 1619 propter
1399 1558 1492 1614 te;
1536 1557 1586 1605 te
1617 1564 1646 1603 a
1679 1557 1851 1604 morte

289 1645 540 1711 liberavit,
571 1643 637 1698 ad
666 1659 888 1714 regnum
920 1643 1149 1698 vocavit.
1191 1642 1269 1697 'I‘u
1300 1657 1429 1712 ergo
1450 1643 1537 1712 qui
1571 1642 1696 1696 talia
1722 1656 1852 1696 con-

196 1714 211 1729 ’
286 1749 529 1810 sequutus
555 1753 614 1793 es
632 1746 688 1793 et
713 1737 1083 1808 consequeris,
1111 1734 1380 1806 quomodo
1408 1750 1513 1789 non
1544 1733 1742 1791 debeas
1759 1750 1854 1804 per

288 1843 449 1887 totam
490 1830 653 1885 vitam
681 1827 877 1884 festum
905 1828 1106 1899 agere?
1152 1827 1320 1881 Nemo
1367 1826 1546 1896 itaque
1586 1826 1657 1880 sit
1687 1824 1854 1881 tristis

285 1932 497 1996 propter
548 1933 921 1995 paupertatem
962 1923 1049 1978 vel
1079 1923 1323 1977 morbum
1362 1920 1447 1977 vel
1476 1920 1854 1979 insidias:no-

281 2027 445 2071 strum
473 2017 616 2072 enim
672 2025 884 2087 tempus
930 2023 1098 2071 totum
1141 2022 1226 2070 est
1261 2012 1585 2068 festivitatis.
1633 2010 1757 2067 Ideo
1783 2010 1858 2065 ait

280 2109 474 2164 Paulus
500 2126 514 2162 ε
544 2107 772 2163 Gaudete
810 2110 862 2161 in
887 2105 1110 2160 Domina
1135 2146 1150 2171 ,
1193 2104 1411 2177 gaudete
1433 2121 1452 2170 ;
1489 2107 1673 2158 iterum
1698 2102 1811 2155 ilico
1835 2142 1853 2169 ,

274 2201 490 2271 gaudete
512 2198 772 2269 (Philipp.
804 2199 857 2253 4.
886 2199 969 2268 4).
988 2198 1047 2252 In
1078 2197 1230 2251 festis
1264 2208 1421 2249 nemo
1449 2191 1679 2248 sordidis
1699 2190 1856 2246 indu-

276 2299 365 2346 tus
391 2298 476 2345 est
502 2290 760 2358 vestibus,
795 2303 970 2360 neque
1015 2302 1114 2343 nos
1142 2288 1304 2343 etiam
1340 2304 1353 2341 :
1382 2284 1581 2355 nuptia:
1606 2283 1751 2339 enim
1780 2283 1856 2337 fa-

271 2393 378 2437 cta:
406 2390 553 2447 sunt,
577 2382 778 2452 neptim
810 2380 1135 2452 spirituales.
1170 2377 1525 2443 Simileenim,
1551 2374 1740 2446 inquit,
1773 2377 1859 2446 fa-

271 2487 416 2528 ctum
452 2482 526 2527 est
552 2489 766 2544 regnum
808 2471 1051 2527 cwlarum
1076 2470 1267 2524 homini
1296 2471 1400 2541 tegi
1422 2508 1435 2532 ,
1462 2468 1546 2539 qui
1577 2466 1734 2521 voluit
1760 2481 1857 2518 mt-

269 2567 412 2637 ptias
439 2570 612 2636 facere
639 2565 748 2634 [ilio
767 2582 857 2619 suo
886 2562 1100 2636 (Matth.
1124 2562 1213 2616 22.
1242 2561 1320 2632 2).
1349 2560 1449 2616 Ubi
1476 2575 1602 2615 vero
1633 2574 1726 2613 rex
1759 2573 1860 2611 nu-

268 2659 419 2728 ptias
449 2656 576 2710 facit
604 2664 658 2711 et
684 2657 899 2727 nuptias
913 2655 1021 2710 ﬁlio
1046 2669 1167 2719 suo,
1186 2652 1312 2723 quid
1334 2651 1504 2722 majus
1534 2649 1695 2705 fuerit
1721 2650 1857 2703 festo

269 2751 419 2806 illo?
448 2749 621 2805 Nemo
647 2749 827 2821 itaque
868 2749 1061 2822 pannis
1108 2746 1298 2802 laceris
1342 2744 1557 2800 indutus
1606 2744 1855 2799 introeat.

269 2841 397 2897 Non
426 2841 497 2897 de
523 2841 857 2897 vestimentis
882 2840 1039 2896 nobis
1069 2854 1247 2895 sermo
1276 2846 1358 2893 est
1380 2878 1394 2903 ,
1425 2836 1517 2893 sed
1555 2836 1620 2891 de
1655 2834 1865 2890 actibus

273 2934 535 3003 impuris.
560 2931 615 2988 Si
643 2933 787 2988 enim
815 2947 934 2986 cum
952 2946 1139 2986 omnes
1165 2929 1460 3001 splendidis
1488 2927 1658 2982 induti
1689 2934 1867 2982 essent

274 3024 553 3090 vestibus,
579 3039 716 3080 unus
743 3023 889 3079 solus
920 3024 972 3078 in
1004 3022 1200 3091 nuptiis
1232 3033 1498 3091 repertus,
1530 3019 1720 3075 laceris
1738 3034 1869 3089 pan-

276 3120 365 3174 nis
430 3119 674 3186 vestitus,
733 3120 976 3189 abjectus
1028 3119 1127 3174 fuit
1170 3134 1290 3174 cum
1322 3117 1642 3189 ignominia;
1693 3115 1866 3185 cogita

277 3218 543 3279 quantam
573 3209 813 3280 requirat
831 3210 1223 3266 observantiam
1252 3218 1306 3265 et
1332 3210 1617 3280 puritatem
1649 3208 1862 3278 ingres-

283 3314 380 3354 sus
402 3301 456 3353 in
476 3301 689 3370 nuptias
706 3300 846 3358 illas.
866 3299 982 3355 Non
1002 3300 1122 3355 ideo
1141 3311 1317 3355 autem
1337 3308 1538 3354 tantum
1562 3297 1666 3352 illis
1686 3311 1870 3367 azyma

289 3401 711 3457 commemorat;
733 3392 828 3447 sed
850 3392 1141 3453 ostendens
1164 3391 1371 3446 Veteris
1391 3389 1725 3445 Testamenti
1748 3403 1870 3442 cum

294 3479 445 3535 Novo
466 3483 866 3553 cognationem,
894 3483 1384 3553 demonstransque
1427 3496 1534 3535 non
1557 3479 1720 3534 licere
1756 3488 1875 3550 post

300 3590 482 3645 azyma
533 3577 585 3629 in
613 3575 901 3648 Aigyptum
945 3576 1181 3647 ingredi;
1212 3574 1307 3631 sed
1333 3575 1376 3629 si
1407 3575 1527 3645 quis
1549 3573 1743 3628 reverti
1782 3587 1876 3626 vo—

311 3666 480 3732 luerit,
504 3668 690 3722 eadem
720 3685 1000 3738 passurum
1033 3683 1153 3723 esse
1181 3681 1300 3737 qua:
1330 3666 1407 3720 illi
1432 3685 1446 3722 :
1475 3665 1562 3719 illa
1594 3664 1735 3719 enim
1762 3678 1876 3718 um-

314 3754 398 3809 bra
420 3758 605 3812 horum
637 3769 787 3812 erant
806 3798 823 3823 ,
851 3759 1057 3813 etiamsi
1084 3756 1363 3829 impudens
1390 3757 1460 3812 sit
1480 3754 1716 3811 Judtrus.
1738 3755 1880 3821 Qua-

315 3859 521 3917 propter
547 3849 593 3904 si
640 3850 1054 3920 interrogaveris
1080 3865 1224 3915 cum,
1256 3847 1390 3904 nihil
1417 3862 1668 3918 magnum
1697 3846 1876 3912 dicet;

314 3935 415 3992 imo
452 3955 695 4011 maguum
746 3940 1015 4012 quidpiam
1061 3938 1222 4004 dicet,
1277 3938 1372 3993 sed
1401 3937 1533 3993 nihil
1566 3936 1693 4001 tale,
1725 3936 1882 4005 quale

314 4042 441 4096 nos,
468 4034 588 4102 quia
620 4036 899 4087 veritatem
926 4048 1033 4087 non
1082 4032 1248 4087 novit.
1291 4030 1386 4086 llle
1435 4044 1665 4100 namque
1714 4028 1877 4095 dicet,

314 4124 447 4192 quod
473 4142 529 4182 se
547 4127 852 4183 detinentes
875 4125 1156 4199 Egyptios
1179 4126 1249 4179 ita
1271 4124 1503 4191 mutavit,
1526 4123 1691 4188 Deus,
1708 4130 1768 4176 ut
1784 4121 1880 4191 ipsi

313 4227 408 4269 nos
436 4217 805 4291 depellerent,
836 4234 970 4289 quos
998 4226 1154 4272 antea
1178 4217 1228 4272 vi
1256 4214 1588 4280 detinebant,
1633 4229 1733 4269 nec
1763 4228 1886 4283 per-

312 4308 561 4366 miseram
582 4328 684 4367 nos
703 4326 933 4366 massam
962 4310 1302 4365 fermentare.
1331 4308 1435 4364 Sed
1459 4306 1505 4361 si
1537 4307 1656 4377 quis
1676 4321 1759 4362 me
1801 4306 1885 4360 in-

315 4406 561 4473 terroget,
590 4418 700 4458 non
728 4403 1017 4473 Egyptum
1048 4400 1248 4468 audiet,
1272 4416 1377 4455 non
1401 4398 1757 4463 Pharaonem,
1790 4395 1886 4451 sed

311 4490 608 4551 libertatem
650 4494 721 4549 ab
767 4510 952 4550 errore
986 4493 1290 4549 daemonum
1327 4502 1384 4547 et
1433 4506 1465 4546 a
1509 4489 1744 4546 tenebris
1783 4488 1892 4543 (lia-

308 4581 417 4639 holi
444 4604 462 4650 ;
500 4603 605 4642 non
628 4586 891 4658 Moysem,
920 4585 1013 4641 sed
1044 4584 1140 4640 Dei
1167 4585 1361 4640 Filium
1388 4600 1404 4650 ;
1435 4600 1541 4640 non
1586 4598 1734 4639 mare
1774 4582 1889 4637 Ru-

302 4674 504 4745 brum,
533 4679 632 4734 sed
682 4678 947 4746 baptisma
998 4677 1293 4732 innumeris
1340 4675 1555 4745 plenum
1588 4675 1761 4739 bonis,
1800 4674 1890 4731 ubi

301 4777 466 4823 vetus
488 4769 653 4825 homo
675 4766 970 4823 suffocatus
995 4776 1101 4823 est.
1132 4768 1342 4823 Rursus
1371 4768 1416 4822 si
1450 4758 1694 4822 Judatum
1723 4767 1893 4821 inter-

301 4871 493 4928 roges,
523 4876 619 4916 cur
648 4877 716 4915 ex
762 4858 1015 4914 omnibus
1068 4859 1264 4914 ﬁnibus
1318 4857 1645 4914 fermentum
1677 4858 1890 4927 ejiciat;

304 4946 397 5004 hic
427 4964 488 5005 et
512 4952 691 5009 silebit
727 4962 783 5007 et
824 4966 1039 5007 causam
1092 4967 1198 5007 non
1228 4950 1391 5005 dicet.
1436 4949 1571 5017 Quia
1596 4949 1741 5005 enim
1793 4950 1893 5004 alia

300 5043 531 5109 quidem
571 5054 729 5101 erant
758 5044 938 5115 ﬁgura:
969 5044 1288 5109 futurorum,
1329 5053 1387 5099 et
1415 5057 1605 5098 causas
1629 5042 1898 5099 habebant

298 5143 504 5187 eorum
530 5150 651 5204 qua:
696 5133 865 5199 ﬁunt;
894 5135 995 5188 alia
1038 5149 1167 5189 vero
1195 5150 1302 5188 non
1333 5134 1456 5189 item
1476 5174 1490 5198 ,
1515 5143 1702 5188 utnon
1733 5134 1894 5190 liceat

295 5221 519 5279 Judaais
551 5227 785 5296 maligne
809 5241 988 5295 agere,
1023 5235 1080 5281 ut
1107 5241 1173 5282 ne
1199 5227 1273 5280 illi
1302 5234 1652 5296 permaneant
1679 5225 1734 5280 in
1781 5241 1901 5279 um-

294 5312 429 5367 bra.
485 5316 620 5385 Quid
650 5318 796 5371 enim
822 5359 837 5385 ,
873 5333 1054 5388 quaeso
1079 5360 1092 5385 ,
1124 5318 1223 5374 sibi
1257 5319 1388 5383 vult,
1442 5316 1755 5381 Masculum,
1792 5317 1901 5371 sine

289 5408 539 5475 macula,
592 5410 745 5464 unius
777 5410 938 5476 anui,
986 5420 1040 5465 et
1098 5411 1244 5476 illud,
1305 5410 1375 5464 Us
1406 5426 1505 5463 non
1535 5409 1901 5463 comminuetur

291 5496 512 5563 (Exod.
535 5500 623 5556 12.
655 5503 710 5559 5.
744 5502 874 5573 46)?
894 5504 1019 5575 quid
1050 5503 1149 5557 sibi
1175 5505 1286 5558 vult
1317 5503 1520 5558 vicinos
1545 5501 1781 5557 vocare?
1811 5510 1903 5554 aut

288 5589 470 5658 illud,
491 5604 702 5661 stantes,
733 5605 825 5649 aut
853 5597 902 5648 in
933 5610 1153 5666 vespera
1181 5594 1506 5653 comedere?
1534 5593 1902 5664 a'ttsanguine

288 5684 527 5741 hinnire
576 5686 845 5743 domum?
895 5685 1031 5741 Nihil
1080 5685 1221 5740 aliud
1270 5685 1409 5742 dicet
1439 5685 1548 5752 ille,
1606 5702 1764 5759 quam
1806 5703 1898 5745 sus

1315 246 1380 304 IN
1419 243 1632 302 EPIST.
1674 240 1694 298 ἰ
1757 240 1851 298 AD
1886 237 2039 298 σοις.
2080 239 2309 300 noun.
2351 241 2468 299 XV.

3425 257 3527 315 ηδ

1955 357 2128 426 deque
2157 356 2445 430 Aigyptum
2473 378 2489 415 :
2518 374 2619 429 ego
2642 374 2768 415 vero
2809 362 2984 420 dicam
3038 374 3094 421 et
3138 367 3264 438 quid
3315 373 3531 441 sanguis

1950 452 2237 525 signiﬁcet,
2265 452 2392 522 quid
2419 467 2665 525 vespera,
2693 458 2822 526 quid
2848 473 3035 516 omnes
3060 464 3348 521 comedere
3373 467 3532 523 simul

1952 560 2251 615 omnesque
2277 554 2500 600 stantes.

2022 642 2075 696 4.
2122 641 2280 696 Prius
2328 652 2506 698 autem
2557 644 2796 701 dicamus
2847 663 2943 704 cur
2968 667 3031 706 ex
3061 655 3307 711 omnibus
3339 655 3531 710 ﬁnibus

1950 730 2195 799 ejiciatur
2233 730 2576 789 fermentum.
2608 737 2890 802 Quodnam
2945 757 3073 813 ergo
3123 755 3207 800 est
3257 747 3531 815 aenigma?

1952 820 2107 877 Omni
2138 824 2370 893 nequitia
2414 824 2640 880 liberum
2668 839 2722 883 et
2747 832 2985 887 solutmn
3016 846 3229 904 oportet
3251 853 3373 892 esse
3400 838 3530 892 fido-

1953 912 2079 968 lem.
2109 914 2260 970 Sicut
2285 917 2426 970 enim
2454 917 2543 972 ille
2572 920 2729 988 perit,
2757 922 2895 988 apud
2925 941 3081 993 quem
3110 927 3382 983 inventum
3414 929 3531 985 fue-

1954 1004 2024 1058 rit
2052 1013 2205 1061 vetus
2221 1006 2538 1063 fermentum
2567 1012 2681 1066 :sic
2708 1022 2761 1065 et
2782 1016 2920 1080 apud
2954 1032 3051 1072 nos
3082 1019 3168 1073 ubi
3190 1022 3400 1075 inventa
3427 1023 3533 1077 fue-

1952 1095 2027 1151 rit
2053 1098 2309 1167 nequitia.
2340 1098 2453 1154 Non
2476 1102 2619 1156 enim
2651 1102 2704 1156 in
2733 1105 2919 1159 umbra
2947 1115 3091 1161 tanta
3110 1107 3267 1165 fuerit
3296 1112 3532 1181 punitio;

1952 1188 2091 1259 apud
2121 1204 2219 1247 nos
2243 1200 2421 1247 autem
2452 1209 2556 1247 non
2586 1196 2754 1251 multo
2781 1198 2971 1268 major.
3000 1199 3131 1254 Nam
3160 1204 3202 1256 si
3230 1202 3417 1259 domos
3456 1209 3535 1263 sic

1955 1289 2315 1349 expurganta
2370 1282 2657 1353 fermento,
2691 1296 2745 1343 et
2769 1290 2838 1345 de
2885 1295 3116 1349 murium
3172 1297 3523 1354 foraminibus

1956 1378 2083 1423 sunt
2106 1371 2342 1436 solliciti,
2388 1376 2556 1430 multo
2589 1380 2756 1447 magis
2784 1396 2882 1437 nos
2926 1385 3159 1441 animam
3206 1393 3531 1457 perscrutari

1956 1470 2203 1528 oportet,
2232 1470 2288 1516 ut
2317 1478 2529 1548 omnem
2549 1467 2808 1536 impuram
2838 1473 3115 1541 ejiciamus
3135 1479 3531 1548 cogitationem.

1956 1550 2152 1607 Verum
2181 1554 2284 1610 hoc
2309 1558 2448 1627 apud
2472 1547 2591 1615 illos
2620 1578 2790 1632 nuper
2816 1563 3011 1621 factum
3034 1579 3153 1633 est;
3187 1587 3329 1629 nunc
3357 1584 3532 1632 autem

1959 1659 2064 1698 non
2094 1647 2326 1715 amplius
2360 1665 2374 1700 :
2405 1650 2606 1718 ubique
2644 1654 2787 1707 enim
2832 1654 3151 1715 fermentum
3196 1672 3295 1727 est,
3329 1665 3418 1720 nhi
3447 1677 3530 1722 est

1957 1733 2191 1790 Judaaus.
2241 1737 2296 1792 lu
2327 1739 2519 1795 mediis
2546 1743 2687 1796 enim
2719 1744 3025 1801 civitatibus
3065 1752 3194 1805 fiunt
3222 1769 3452 1826 azymat:
3484 1759 3537 1813 id

1957 1826 2100 1895 quod
2118 1828 2227 1896 jam
2260 1831 2427 1900 magis
2455 1831 2655 1888 ludicra
2682 1849 2772 1889 res
2799 1845 2897 1899 est,
2934 1855 3090 1909 quam
3113 1843 3219 1898 lex.
3239 1846 3369 1912 Quia
3393 1851 3535 1904 enim

1963 1918 2104 2008 venit
2130 1920 2347 1988 veritas,
2372 1921 2475 1977 non
2501 1924 2638 1979 ultra
2667 1925 2842 1980 locum
2870 1928 3067 1985 habent
3093 1934 3223 2003 typi.
3251 1935 3428 2006 Itaque
3446 1932 3540 2008 per

1960 2006 2062 2064 hoc
2090 2025 2305 2082 quoque
2334 2015 2636 2084 exemplum
2686 2017 2920 2074 maxime
2966 2020 3112 2089 ejicit
3166 2038 3232 2078 ex
3290 2006 3536 2084 Ecclesia

1961 2103 2365 2161 foruicatorem.
2432 2106 2549 2163 Non
2596 2109 2769 2165 solum
2826 2113 2968 2167 enim
2996 2150 3012 2179 ,
3055 2114 3249 2185 inquit,
3293 2132 3533 2187 praesens

1963 2192 2096 2247 nihil
2128 2195 2347 2265 prodest
2372 2238 2388 2263 ,
2431 2198 2529 2253 sed
2574 2199 2734 2254 etiam
2782 2212 2978 2269 nocet,
3017 2219 3299 2262 commune
3347 2224 3541 2280 corpus

1964 2282 2159 2340 deinde
2209 2301 2581 2357 corrumpens.
2625 2290 2803 2346 Nescit
2828 2294 2970 2348 enim
3008 2296 3183 2365 quivis
3206 2298 3349 2354 unde
3382 2300 3542 2357 fmtor

1965 2376 2188 2444 oriatur,
2211 2378 2257 2433 si
2286 2382 2553 2437 occultum
2575 2383 2645 2437 sit
2669 2382 2720 2438 id
2736 2385 2878 2455 quod
2900 2398 2981 2442 est
3005 2389 3295 2458 putridum,
3325 2392 3417 2448 sed
3445 2396 3540 2449 toti

1965 2470 2125 2525 εαξιυί
2154 2471 2302 2527 illum
2336 2472 2583 2543 imputat.
2622 2474 2746 2531 Ideo
2771 2458 2901 2530 illo}
2919 2478 3070 2534 valde
3099 2492 3250 2551 urget
3273 2491 3541 2554 utexpnr-

1964 2570 2092 2631 gent
2135 2560 2459 2619 fermentum
2485 2582 2498 2618 :
2528 2563 2595 2619 Ut
2640 2566 2752 2620 sitis
2772 2607 2788 2632 ,
2823 2567 3013 2638 inquit,
3043 2586 3175 2625 nova
3211 2576 3500 2643 ronspersio
3524 2619 3538 2641 ,

1967 2650 2098 2704 sicut
2138 2653 2256 2707 estis
2309 2654 2477 2724 azymi
2503 2670 2521 2708 :
2549 2656 2731 2709 etenim
2763 2654 2964 2711 Pascha
2992 2670 3218 2713 nostrum
3251 2663 3543 2719 immolatus

1970 2760 2062 2814 pro
2091 2743 2233 2798 nobis
2281 2754 2351 2799 est
2382 2744 2631 2800 Christus.
2665 2747 2780 2802 Non
2825 2748 2995 2815 dixit,
3029 2750 3269 2808 Mortuus
3288 2763 3412 2822 est;
3447 2756 3542 2812 sed

1969 2837 2245 2906 proposito
2289 2839 2724 2904 convenientius,
2781 2839 3083 2897 Innnalatus
3103 2853 3196 2901 est.
3244 2845 3321 2900 Ne
3366 2863 3547 2917 quam:

1970 2926 2133 2997 igitur
2161 2943 2350 3000 azyma
2395 2929 2700 2998 hujusmodi
2729 2972 2746 2999 ,
2777 2936 2900 3002 quia
2930 2949 3105 3005 neque
3154 2951 3346 3007 agnum
3377 2940 3545 2996 habes

1973 3017 2131 3072 talem
2155 3035 2170 3072 :
2194 3034 2263 3074 ne
2286 3034 2493 3090 quietas
2514 3021 2830 3078 fermentum
2854 3024 2976 3088 tale,
2997 3027 3118 3096 quia
3136 3042 3320 3099 azyma
3343 3038 3548 3088 tuanon

1976 3109 2099 3164 talia
2148 3119 2290 3165 sunt.
2337 3110 2391 3164 In
2439 3113 2679 3168 sensibili
2731 3114 2949 3189 quidem
2984 3117 3249 3174 fermento
3299 3136 3547 3193 azymum

1975 3198 2091 3256 ﬁeri
2126 3212 2302 3273 potest
2333 3203 2753 3273 fermentatum;
2796 3206 3172 3266 fermentatum
3226 3228 3357 3269 vero
3399 3232 3553 3270 num-

1975 3308 2133 3364 quam
2159 3296 2328 3365 possit
2356 3297 2471 3353 ﬁeri
2493 3313 2738 3371 azymum
2771 3318 2785 3354 :
2817 3300 2903 3357 hic
2922 3312 3100 3358 autem
3123 3307 3450 3362 contrarium
3476 3323 3555 3364 re-

1978 3388 2218 3457 peritur;
2249 3389 2345 3445 sed
2374 3398 2556 3447 tamen
2584 3390 2687 3447 hoc
2716 3407 2822 3448 non
2853 3392 3127 3451 indicavit.

2050 3479 2207 3535 Pauli
2228 3482 2513 3552 prudentia.
2547 3514 2606 3523 -
2644 3484 2716 3539 Et
2742 3485 2863 3542 vide
2884 3487 3221 3555 prudentiam
3249 3508 3262 3543 :
3296 3490 3348 3545 in
3381 3493 3557 3561 priore

1980 3571 2207 3641 epistola
2240 3588 2391 3645 spem
2445 3576 2772 3630 reversionis
2820 3592 2924 3632 non
2955 3577 3048 3633 dat
3095 3578 3435 3651 fornicatori;
3463 3586 3558 3640 sed

1982 3664 2145 3718 vitam
2177 3672 2340 3719 totam
2374 3666 2541 3735 ipsius
2567 3666 2620 3721 in
2649 3667 2958 3736 paenitentia
2982 3669 3134 3737 jubet
3161 3685 3311 3735 esse,
3340 3689 3408 3730 ne
3433 3690 3561 3745 pro-

1982 3753 2238 3809 missione
2286 3755 2438 3809 illnm
2501 3758 2802 3827 segniorem
2852 3759 3123 3815 redderet.
3172 3761 3354 3834 Neque
3416 3767 3557 3821 enim

1983 3845 2141 3915 dixit,
2189 3845 2408 3901 Tradite
2457 3848 2605 3903 illum
2660 3860 2897 3917 satanas,
2931 3862 3135 3907 utenm
3186 3858 3553 3925 paenitentiam

1986 3938 2175 4008 egerit,
2206 3953 2392 3992 rursus
2420 3938 2676 3994 Ecclesia:
2706 3940 2984 4006 tradatur;
3013 3944 3108 3999 sed
3142 3946 3313 4015 quid?
3347 3949 3415 4003 Ut
3459 3952 3562 4005 sal-

1986 4046 2075 4084 uus
2103 4030 2166 4083 sit
2196 4029 2250 4083 in
2281 4029 2470 4084 ultimo
2522 4027 2630 4085 die.
2670 4030 2828 4086 Mittit
2856 4033 3029 4102 ipsum
3062 4036 3113 4091 in
3169 4046 3380 4108 tempus
3410 4042 3560 4105 illud,

1988 4127 2047 4173 ut
2095 4119 2386 4175 sollicitum
2413 4119 2664 4177 redderet
2698 4133 2793 4178 :et
2821 4124 2963 4195 quod
3018 4136 3139 4196 post
3198 4131 3564 4199 paenitentiam

1990 4210 2280 4280 largiturus
2300 4211 2397 4281 ipsi
2421 4219 2557 4276 erat,
2587 4229 2694 4269 non
2723 4216 2916 4285 aperit,
2952 4217 3235 4275 Dominum
3257 4239 3412 4278 suum
3438 4224 3560 4278 imi-

1992 4309 2131 4357 tans.
2186 4301 2645 4370 Quemadmodum
2677 4307 2819 4361 enim
2852 4308 2995 4364 Deus
3037 4310 3212 4377 dicit,
3261 4313 3441 4368 Adhuc
3469 4325 3571 4371 tres

1993 4390 2119 4455 dies,
2163 4400 2210 4445 et
2260 4390 2450 4447 Ninive
2491 4393 2803 4451 subvertetur
2842 4397 3053 4467 (Jonas
3108 4402 3161 4456 5.
3214 4404 3251 4457 4⁷
3278 4403 3339 4472 );
3392 4421 3568 4478 neque

1994 4484 2217 4550 addidit,
2248 4485 2304 4541 Si
2357 4495 2534 4543 autem
2592 4492 2958 4559 pmoitentiam
3004 4494 3190 4561 egerit,
3222 4497 3567 4554 servabitur:

1995 4579 2074 4633 sic
2100 4590 2154 4634 et
2183 4579 2282 4635 iste
2311 4595 2417 4635 non
2443 4580 2599 4648 dixit,
2652 4581 2709 4637 Si
2757 4582 2917 4653 digne
2964 4586 3330 4653 paenitentiam
3377 4587 3571 4660 egerit,

1997 4671 2433 4729 confirmabimus
2489 4672 2543 4727 in
2588 4673 2736 4728 illum
2792 4676 3101 4740 caritatem;
3159 4677 3252 4732 sed
3299 4690 3576 4747 exspectat

2000 4774 2058 4818 ut
2087 4763 2199 4832 ipse
2234 4777 2368 4833 opus
2418 4762 2547 4819 illud
2589 4762 2771 4831 faciat,
2807 4775 2864 4819 ut
2898 4776 3021 4820 tunc
3068 4768 3292 4835 gratiam
3319 4769 3567 4838 accipiat.

1996 4856 2132 4913 Nam
2180 4857 2226 4912 si
2279 4856 2348 4913 ab
2389 4856 2541 4912 initio
2580 4857 2684 4912 hoc
2735 4857 2989 4923 dixisset,
3030 4856 3168 4913 forte
3208 4871 3406 4915 metum
3457 4861 3574 4929 ejus

2001 4949 2251 5003 solvisset
2289 4966 2302 5002 :
2333 4956 2661 5019 quapropter
2685 4962 2792 5002 non
2825 4947 2985 5004 modo
3014 4965 3119 5003 non
3170 4950 3272 5005 huc
3302 4951 3449 5019 facit,
3479 4953 3577 5008 sed

2004 5055 2099 5111 per
2124 5040 2428 5108 exemplum
2458 5039 2704 5094 fermenti
2735 5055 2802 5094 ne
2827 5040 2957 5095 sinit
2987 5041 3198 5111 quidem
3227 5043 3399 5112 ipsum
3431 5046 3579 5101 redi-

2007 5143 2117 5187 tum
2148 5147 2386 5202 sperare,
2417 5131 2510 5187 sed
2537 5148 2658 5187 eum
2680 5133 2745 5187 ad
2770 5133 2910 5188 diem
2935 5135 3080 5189 illum
3107 5146 3350 5191 reservat
3373 5138 3578 5202 dicens,

2007 5222 2303 5293 Expurgate
2326 5232 2462 5277 uetus
2493 5226 2796 5295 [erittantum
2820 5240 2839 5288 ;
2860 5232 2936 5291 et,
2972 5223 3024 5278 Ν
3028 5242 3055 5279 e
3079 5230 3262 5297 festum
3283 5227 3583 5280 celebremus

2008 5316 2060 5369 in
2119 5320 2364 5385 fermento
2404 5316 2575 5369 reteri.
2629 5316 2916 5385 Postquam
2965 5325 3142 5371 autem
3213 5317 3581 5386 paenitentiam

2007 5407 2135 5476 egit,
2183 5421 2302 5460 cum
2342 5408 2492 5462 omni
2523 5407 2697 5462 studio
2740 5408 2888 5462 illum
2919 5406 3228 5462 introduxit.
3266 5408 3375 5461 Cur
3400 5418 3577 5462 autem

2011 5504 2163 5552 vetus
2208 5500 2402 5551 vocat?
2437 5497 2531 5553 Vel
2561 5500 2685 5568 quia
2730 5507 2881 5553 vetus
2932 5498 3034 5551 vita
3088 5507 3268 5553 nostra
3312 5509 3428 5555 erat
3475 5499 3578 5555 huc

2007 5590 2241 5661 jusmodi
2297 5608 2310 5643 :
2372 5591 2454 5645 vel
2506 5593 2627 5661 quia
2680 5600 2830 5645 vetns
2886 5589 3012 5644 illud
3062 5591 3359 5659 proximum
3414 5594 3580 5649 inter-

2014 5686 2106 5741 itui
2152 5697 2265 5752 est,
2313 5685 2551 5742 {militum
2591 5694 2645 5740 et
2699 5695 2892 5756 turpe,
2931 5685 3088 5754 quale
3134 5693 3216 5740 est
3261 5697 3537 5757 peccatum
