4090 6216
530 321 630 376 137

531 455 702 509 neque
741 439 884 493 enim
918 437 1034 492 sine
1077 450 1234 489 causa
1283 445 1435 488 vetns
1466 432 1816 500 vituperatur,
1863 443 1964 483 nec
1990 428 2106 482 sine

529 547 687 586 causa
720 545 915 585 novum
967 528 1276 590 damnatur,
1325 523 1419 578 sed
1465 523 1672 576 ratione
1701 521 1878 575 habita
1921 535 2108 574 eorum

527 621 597 675 de
645 621 838 690 quibus
885 618 1080 686 agitur.
1147 614 1276 668 Nam
1319 613 1444 668 alibi
1497 613 1614 666 ait:
1662 610 1840 663 Vinum
1891 623 2105 674 nouum,

529 729 685 766 novus
725 711 914 763 amicus
939 724 958 761 :
986 707 1028 762 si
1055 717 1221 760 autem
1267 705 1633 768 inveteraverit,
1682 713 1800 756 tunc
1825 718 1938 756 cum
1979 701 2109 754 la'ti-

527 806 599 856 tia
643 803 775 856 bibes
822 800 990 869 ipsum
1038 797 1226 869 (Ecclt'.
1273 798 1326 852 9.
1386 797 1526 866 15);
1578 797 1630 850 itt
1668 795 1899 848 amicitia
1941 793 2108 862 inagis

527 893 750 948 laudans
774 902 1114 958 vetustatem,
1143 908 1299 962 quant
1328 893 1637 946 novitatem.
1674 890 1740 944 Et
1769 903 1973 953 rursus,
2003 887 2110 940 An-

525 987 692 1054 tiquus
717 985 911 1038 dierum
955 984 1156 1038 sedebat
1185 982 1344 1053 (Dan.
1380 983 1428 1036 7.
1465 981 1568 1050 9);
1603 980 1689 1034 hic
1715 995 1930 1050 quoque
1955 979 2110 1032 anti—

526 1093 691 1144 quum
744 1092 962 1132 sumens
1017 1091 1112 1145 pro
1165 1075 1382 1145 majoris
1432 1074 1614 1145 gloria:
1667 1073 1934 1128 encomio.
1968 1071 2107 1125 Alibi

524 1179 702 1222 autem
731 1165 1002 1236 Scriptura
1023 1167 1298 1236 antiquum
1325 1181 1420 1234 pro
1444 1165 1709 1233 vituperio
1732 1163 1944 1231 accipit.
1976 1161 2106 1214 Nam

523 1259 648 1328 quia
673 1273 761 1314 res
791 1259 951 1312 variat
971 1273 1035 1312 ex
1067 1258 1247 1310 multis
1278 1255 1590 1326 composita:
1619 1264 1764 1318 sunt,
1795 1265 1850 1307 et
1877 1253 1929 1306 in
1957 1251 2109 1306 bonis

525 1360 580 1404 ct
610 1350 662 1403 in
695 1349 846 1404 malis
873 1349 1060 1403 iisdem
1089 1349 1273 1409 utitur,
1299 1363 1402 1401 non
1434 1345 1726 1400 secundum
1755 1342 2002 1397 eantdetn
2024 1342 2101 1395 si-

525 1442 948 1512 gnificationem.
984 1439 1115 1494 Vide
1141 1455 1269 1508 ergo
1290 1449 1344 1493 et
1373 1438 1497 1492 alibi
1526 1446 1680 1490 vetus
1710 1433 1980 1505 vituperio
2009 1437 2108 1488 da-

525 1540 688 1610 tunt':
718 1531 1133 1586 Inveterareruut
1161 1540 1206 1584 et
1241 1530 1653 1583 claudicaverunt
1682 1543 1713 1578 α
1743 1526 1933 1580 semitis
1958 1526 2061 1579 suis
2088 1541 2107 1590 ,-

525 1642 578 1682 et
604 1642 810 1689 rursus,
844 1625 1128 1679 Inveteraei
1165 1624 1294 1677 inter
1323 1640 1495 1677 omnes
1521 1622 1754 1676 inimicos
1775 1635 1909 1673 meos
1936 1617 2106 1688 (Psul.

529 1722 614 1774 l7.
647 1719 738 1774 46.
777 1729 824 1773 et
861 1718 914 1773 6.
948 1719 1002 1788 8)
1029 1734 1046 1781 ;
1069 1726 1124 1773 et
1151 1718 1364 1782 iterum,
1399 1715 1680 1770 Inveterate
1725 1714 1918 1769 dierum
1945 1712 2110 1766 malo-

527 1832 640 1866 rum
672 1811 833 1882 (Dan.
867 1813 957 1866 15.
983 1811 1097 1882 52).
1125 1810 1200 1865 Ita
1222 1819 1276 1865 et
1302 1810 1622 1864 fermentum
1651 1822 1792 1878 saepe
1822 1821 1918 1876 pro
1947 1819 2110 1876 regno

527 1907 780 1958 ezelornm
816 1905 1098 1972 accipitur,
1129 1903 1336 1957 etiamsi
1361 1901 1446 1956 ltic
1477 1902 1844 1971 vituperetur:
1873 1899 1968 1954 sed
1998 1898 2108 1953 illic

527 1999 594 2052 ad
619 1997 782 2059 aliud,
814 1997 899 2051 hic
926 1996 992 2049 ad
1020 1995 1162 2050 aliud
1191 1993 1438 2048 refertur.

597 2092 650 2146 5.
678 2090 906 2142 Avaritia
937 2099 1074 2141 vetus
1105 2092 1406 2158 fermentum
1434 2089 1707 2154 quomodo.
1729 2113 1798 2125 -—
1819 2081 1942 2136 Mihi
1983 2094 2110 2134 vero

530 2183 761 2236 maxime
781 2181 991 2234 videtur
1024 2180 1096 2236 id.
1128 2177 1270 2248 quod
1299 2176 1368 2232 de
1395 2176 1665 2231 fermento
1694 2175 1912 2238 dicitur,
1946 2173 2105 2227 etiam

529 2273 594 2325 ad
627 2270 936 2325 sacerdotes
975 2270 1206 2332 referri,
1235 2267 1323 2337 qui
1379 2267 1562 2321 sinuttt
1612 2265 1937 2318 intrinsecus
1991 2275 2110 2316 esse

529 2363 755 2416 multum
793 2360 1040 2415 fertnenti
1071 2360 1292 2424 veteris,
1313 2374 1416 2412 tton
1445 2366 1804 2427 cxpurgantes
1833 2371 1901 2410 ex
1929 2355 2112 2409 tertni-

531 2456 636 2520 nis,
673 2453 720 2506 id
745 2461 848 2514 est,
877 2467 941 2505 ex
969 2451 1206 2505 Ecclesia
1231 2491 1246 2516 ,
1279 2464 1470 2503 avaros
1489 2489 1502 2508 .
1541 2457 1786 2516 raptores
1811 2488 1827 2515 ,
1859 2456 1911 2500 et
1939 2445 2110 2514 quod-

525 2561 755 2615 cumque
785 2560 848 2599 ex
881 2558 1045 2614 regno
1061 2543 1314 2598 caelorum
1337 2541 1591 2596 excludit.
1618 2540 1750 2594 Nunt
1785 2539 2004 2593 avaritia
2029 2547 2111 2592 est

528 2647 682 2690 vetus
723 2636 1082 2698 fermentum,
1106 2641 1159 2687 et
1189 2647 1526 2703 quocumque
1555 2631 1834 2694 ceciderit,
1868 2643 2027 2700 atque
2057 2632 2108 2683 in

525 2740 918 2795 quamcumque
949 2724 1164 2778 domum
1189 2723 1474 2786 inciderit,
1511 2722 1838 2776 immundam
1864 2722 2005 2775 illam
2034 2723 2113 2776 cf-

529 2819 659 2872 ftcit.
687 2817 902 2871 Etiamsi
935 2831 1094 2884 parva
1145 2831 1209 2868 ex
1242 2813 1500 2882 injustitia
1546 2813 1806 2878 luereris,
1862 2813 1911 2866 id
1945 2821 2109 2866 lotam

528 2921 672 2965 tuam
700 2909 1054 2965 substantiam
1086 2907 1447 2961 ferntentavit.
1483 2905 1606 2960 Ideo
1629 2920 1776 2974 Stepe
1799 2905 2016 2969 accidit,
2050 2913 2108 2958 ιιι

528 3005 735 3060 modica
765 3003 902 3057 male
927 3001 1162 3065 inducta,
1185 2999 1350 3054 multa
1376 3015 1494 3068 qua:
1524 2998 1661 3052 bene
1686 2997 1908 3051 collecta
1933 2995 2113 3066 jacent

529 3098 806 3168 ejcceriut.
857 3095 998 3151 Nihil
1038 3095 1180 3150 enim
1219 3104 1304 3148 cst
1330 3094 1497 3162 magis
1527 3091 1798 3162 putridutn
1844 3091 2106 3144 avaritia.

527 3193 737 3249 etiarnsi
812 3191 957 3246 enim
1022 3190 1173 3244 cell:e
1221 3188 1491 3256 penuariae
1535 3186 1743 3240 clavem
1791 3183 2108 3248 induxeris,

530 3286 740 3341 etiamsi
766 3285 986 3354 januant
1014 3291 1070 3337 et
1098 3292 1304 3336 vectem
1331 3323 1346 3346 ,
1375 3279 1570 3334 frustra
1611 3279 1726 3332 lure
1753 3276 1904 3340 facis,
1939 3275 2112 3330 avari-

532 3381 657 3433 tiam
689 3375 1201 3448 perniciosissimum
1246 3371 1417 3426 furem
1480 3372 1622 3424 intus
1670 3367 1950 3424 includens
1975 3409 1990 3432 ,
2022 3367 2112 3436 qui

532 3471 710 3523 omnia
737 3467 946 3522 auferre
969 3467 1157 3536 possit.
1177 3464 1314 3531 Quid
1347 3463 1525 3532 igitur,
1553 3461 1786 3531 inquies,
1814 3475 1935 3514 cum
1961 3456 2113 3512 ntulti

532 3563 678 3616 avari
725 3561 838 3614 lttec
863 3575 970 3613 non
1024 3557 1333 3626 patiantur?
1360 3555 1519 3610 Certe
1562 3555 1849 3622 patientur,
1875 3550 1977 3606 etsi
2005 3565 2113 3605 non

533 3657 711 3710 Statim
767 3655 872 3707 illis
916 3653 1162 3708 accidat:
1196 3652 1240 3704 si
1291 3666 1417 3703 vero
1479 3663 1619 3701 nunc
1668 3645 1948 3714 effugiant,
1987 3652 2116 3699 tunc

536 3753 704 3818 magis
736 3748 960 3809 timeto;
997 3743 1063 3799 ad
1095 3744 1266 3812 majus
1293 3743 1437 3798 enim
1469 3739 1792 3810 supplicium
1821 3752 2111 3792 reservan-

539 3857 644 3894 tur.
675 3839 787 3893 lmo
805 3853 931 3892 vero
953 3837 996 3890 si
1030 3838 1128 3905 ipsi
1176 3835 1453 3904 effugiant,
1495 3842 1551 3887 at
1577 3831 1804 3887 heredes
1836 3846 2022 3886 eorum
2052 3842 2115 3884 ea

539 3934 650 4002 ipsa
681 3931 971 4002 patientur.
998 3929 1062 3982 Et
1081 3929 1371 4000 quomodo,
1397 3927 1626 3996 inquies,
1655 3923 1975 3991 bocjustum
2004 3921 2117 3976 fuc-

537 4025 604 4079 rit
629 4025 652 4078 ?
682 4023 839 4078 Certe
866 4011 1020 4075 valde
1041 4019 1267 4090 justum.
1301 4018 1431 4071 Nam
1461 4017 1551 4086 qui
1595 4014 1814 4084 excepit
1844 4011 2112 4068 heredita-

539 4128 646 4172 tcnt
674 4115 926 4186 injustitia
961 4113 1194 4182 plenam,
1216 4110 1426 4165 etiamsi
1457 4112 1569 4177 ipse
1601 4124 1703 4161 non
1738 4105 2012 4176 rapuerit,
2043 4115 2117 4159 at-

540 4221 714 4264 tamen
732 4208 903 4262 aliena
931 4206 1124 4259 retinet
1152 4220 1164 4255 :
1199 4212 1253 4256 et
1283 4201 1384 4254 hoc
1413 4201 1908 4269 plane'persnasum
1936 4197 2116 4261 habet,

540 4301 766 4370 ideoque
785 4314 1000 4368 mquunt
1021 4305 1105 4351 est
1133 4305 1189 4348 ιιι
1219 4293 1469 4364 patiatur.
1493 4290 1546 4346 Si
1569 4291 1711 4344 enim
1743 4289 1832 4344 illo
1877 4289 2118 4359 rapiente

538 4403 596 4446 tu
618 4391 920 4458 acceperis,
953 4387 1255 4454 deindeque
1282 4383 1546 4439 accedens
1573 4384 1614 4436 is
1641 4382 1724 4435 cui
1759 4391 1970 4450 raptum
1999 4381 2116 4444 fuit,

542 4481 593 4534 id
625 4489 831 4548 repetat
859 4494 874 4530 :
905 4493 1029 4530 nunt
1062 4477 1192 4530 satis
1218 4485 1301 4529 est
1321 4473 1386 4528 ad
1411 4475 1482 4527 tui
1516 4473 1908 4542 purgationem,
1931 4480 1981 4524 te
2013 4485 2118 4522 non

542 4569 826 4636 rapuisse?
878 4565 1282 4635 Minitnezquid
1337 4565 1480 4618 enim
1513 4604 1528 4629 ,
1586 4577 1789 4632 QiliUSO,
1839 4571 2119 4614 accusatus

545 4658 791 4715 dixeris?
819 4656 963 4726 quod
989 4657 1127 4709 alius
1152 4653 1431 4723 spoliarit?
1454 4653 1548 4708 sed
1573 4663 1626 4706 ιιι
1655 4652 1856 4706 retines
1892 4667 1905 4704 :
1937 4650 2025 4703 ille
2045 4665 2120 4703 ra-

544 4753 689 4823 pttit‘.’
743 4749 836 4805 sed
869 4757 925 4803 tu
958 4746 1172 4802 frueris.
1204 4745 1328 4800 "me
1356 4759 1517 4814 porro
1559 4745 1720 4798 etiam
1748 4742 1921 4796 sciunt
1943 4750 2122 4795 exter-

545 4863 730 4902 norum
757 4847 924 4916 leges,
966 4857 1085 4913 qua:
1127 4840 1190 4894 iis
1216 4837 1452 4893 ditnissis
1475 4838 1563 4906 qui
1592 4843 1884 4905 rapuerunt
1910 4845 1962 4890 et
1990 4836 2118 4889 abs-

547 4941 806 5001 tulerunt,
862 4938 930 4990 ab
983 4936 1086 4990 illis
1135 4933 1326 5000 jubent
1375 4943 1648 5000 expetere,
1695 4927 1834 4999 apud
1861 4943 1996 4999 quos
2026 4943 2121 4983 sua

545 5029 722 5080 omnia
752 5027 992 5095 deposita
1023 5026 1338 5094 repererint.
1371 5023 1425 5078 Si
1456 5037 1583 5093 ergo
1606 5021 1744 5076 nosti
1773 5035 1890 5085 eos,
1923 5019 2013 5090 qui
2040 5020 2121 5074 in-

541 5118 802 5190 justitiattt
826 5116 965 5184 passi
993 5124 1136 5178 sunt,
1157 5116 1320 5170 redde
1339 5127 1392 5170 et
1417 5116 1498 5170 fac
1521 5113 1660 5185 quod
1693 5111 1814 5167 fecit
1835 5111 2123 5166 Zacchzens

544 5222 668 5263 cum
714 5205 879 5260 multa
930 5203 1239 5258 accessione
1274 5206 1361 5258 :si
1403 5215 1582 5258 autent
1616 5205 1850 5274 ignoras,
1898 5203 2122 5257 alteram

552 5299 650 5355 tibi
683 5299 754 5354 do
783 5297 945 5362 viam,
973 5309 1072 5349 nec
1097 5291 1324 5349 excludo
1355 5300 1409 5347 te
1429 5309 1458 5347 a
1487 5295 1726 5350 remedio
1757 5313 1769 5348 :
1805 5294 1919 5348 ba-c
1943 5295 2125 5348 omnia

549 5389 882 5463 pauperibus
901 5385 1185 5451 distribue,
1210 5394 1264 5438 et
1285 5383 1362 5438 sic
1390 5385 1586 5437 malum
1617 5386 1851 5439 curabis.
1881 5385 2032 5451 Quod
2080 5383 2125 5438 si

544 5483 636 5550 qui
667 5483 783 5537 hate
821 5481 872 5535 itt
909 5477 1046 5534 filios
1066 5487 1119 5534 et
1153 5477 1204 5531 in
1234 5485 1454 5546 nepotes
1483 5477 1918 5540 transmiserunt;
1948 5476 2123 5529 atalia

549 5587 646 5641 pro
676 5574 760 5627 ltis
794 5572 934 5626 mala
983 5571 1123 5639 passi
1154 5577 1299 5622 sunt.
1335 5567 1532 5635 Ecquid
1578 5567 1767 5637 loquor
1790 5567 1856 5621 de
1888 5567 1972 5631 iis,
2005 5580 2124 5634 quae

548 5663 637 5718 hic
687 5662 974 5717 accidunt?
1003 5661 1115 5715 Non
1170 5661 1312 5714 enim
1361 5658 1411 5710 in
1445 5657 1535 5710 illo
1563 5657 1650 5710 die
1691 5657 1806 5711 lta-c
1855 5656 2121 5722 dicentur,

546 5752 759 5823 quando
785 5753 942 5808 antbo
975 5752 1100 5807 nudi
1121 5749 1472 5820 apparebunt,
1493 5747 1526 5799 ii
1556 5747 1745 5818 quibus
1779 5755 1987 5816 raptunt
2018 5756 2120 5812 est,

1233 317 1290 376 S.
1329 315 1602 375 JOANNIS
1636 309 2110 370 CllltYSUSTOBlI
2147 311 2465 368 AllClliEl’.
2507 311 3034 372 CONSTANTINOP‘.

3693 318 3796 375 ηδ

2216 436 2273 483 et
2300 429 2336 483 ii
2384 431 2472 500 qui
2506 440 2800 499 rapuerunt
2828 449 2842 486 :
2867 433 2976 487 itno
3023 449 3152 489 vero
3201 449 3306 486 non
3338 433 3584 490 similiter
3615 443 3783 492 nudi:

2214 533 2337 572 nam
2390 521 2631 592 pecuniis
2660 520 2820 576 ambo
2850 523 3048 592 pariter
3090 522 3214 577 ttudi
3267 532 3462 588 erunt;
3499 525 3634 580 alter
3663 543 3790 582 veto

2213 610 2402 680 plenus
2431 611 2768 680 criminibus,
2792 629 2913 684 quae
2939 629 3002 669 ex
3036 615 3100 669 iis
3126 625 3243 669 orta
3275 625 3420 670 sunt.
3473 617 3612 685 Quid
3663 635 3792 692 ergo

2215 700 2475 756 faciemus
2502 703 2598 758 illo
2620 703 2740 771 die,
2759 706 2975 774 quando
3009 715 3134 760 ante
3159 707 3390 762 tribunal
3412 709 3539 763 illud
3565 709 3792 766 horren-

2213 789 2339 845 dum
2369 792 2434 857 is,
2479 795 2568 862 qui
2596 795 2734 849 male
2762 810 2949 864 passus
2982 808 3065 852 est
3090 807 3144 852 et
3170 799 3348 853 omnia
3397 815 3492 854 sua
3522 803 3754 871 perdidit
3776 845 3791 868 ,

2213 885 2509 940 adducetur
2536 887 2588 940 in
2620 887 2876 953 medium,
2909 899 2960 944 te
2989 891 3190 944 nullum
3224 891 3450 947 habente
3473 897 3796 962 patronum?

2213 977 2338 1047 quid
2366 978 2538 1033 Judici
2567 979 2749 1035 dices?
2776 980 2926 1036 Nunc
2952 983 3092 1036 enim
3113 981 3655 1052 jndicinmltominum
3681 1004 3792 1042 cor-

2215 1083 2464 1138 rumpere
2494 1071 2714 1139 poteris,
2746 1073 2871 1126 illud
2901 1089 3026 1127 vero
3053 1071 3312 1142 judicium
3345 1091 3451 1130 non
3494 1078 3617 1132 item
3645 1096 3659 1131 :
3686 1080 3794 1132 into

2213 1177 2342 1215 vero
2373 1178 2544 1232 neque
2568 1179 2708 1219 nunc
2733 1181 2746 1227 ;
2780 1181 2918 1220 nunc
2941 1165 3083 1220 cnim
3112 1182 3324 1236 quoque
3353 1169 3508 1224 adest
3531 1169 3790 1239 judiciunt

2215 1251 2365 1304 illud.
2394 1252 2525 1305 Nam
2561 1254 2701 1306 Dens
2729 1256 2905 1308 omnia
2937 1271 3053 1324 qum
3073 1267 3332 1325 geruntur
3355 1258 3519 1319 videt”.
3545 1269 3604 1313 et
3628 1275 3792 1330 pmpe

2213 1345 2334 1399 illos
2359 1354 2440 1399 est
2469 1347 2560 1416 qui
2589 1347 2779 1414 injuria
2820 1347 3144 1413 afficiuntur,
3175 1349 3385 1405 etiarnsi
3415 1367 3517 1404 non
3547 1362 3790 1407 vocetur.

2213 1435 2345 1491 Nam
2377 1437 2468 1507 qui
2521 1439 2662 1492 malo
2693 1440 2942 1504 afficitur,
2976 1441 3182 1494 etiamsi
3214 1440 3463 1510 indignus
3490 1443 3557 1496 sit
3596 1445 3685 1514 qui
3715 1445 3794 1499 tti-

2215 1528 2414 1581 tionetn
2447 1529 2819 1594 nanciscatur;
2845 1538 3079 1584 attamen
3107 1531 3228 1600 quia
3261 1547 3344 1586 res
3361 1545 3524 1602 gestat
3555 1533 3663 1588 Deo
3687 1550 3791 1590 non

2215 1619 2448 1688 placent,
2481 1619 2639 1674 habet
2668 1621 2754 1674 ille
2787 1629 2932 1674 certe
2963 1622 3210 1677 ultorem.
3237 1623 3515 1688 Quomodo
3535 1640 3683 1696 ergo,
3715 1628 3797 1680 inp

2214 1711 2388 1782 quies,
2419 1711 2511 1766 ille
2539 1713 2802 1781 quispiam
2850 1727 3106 1781 prospere
3152 1715 3291 1784 agit,
3326 1715 3447 1771 licet
3475 1717 3544 1771 sit
3573 1718 3795 1772 malus?
3873 1728 3892 1744 '

2215 1803 2320 1858 Sed
2351 1819 2456 1856 non
2488 1819 2658 1873 usque
2687 1804 2738 1858 in
2773 1804 2955 1860 finem.
2989 1805 3124 1859 Audi
3154 1806 3280 1876 quid
3311 1806 3456 1862 dicat
3483 1810 3744 1879 propheta
3776 1831 3790 1864 :

2217 1894 2344 1949 Noli
2380 1895 2615 1948 ωιιιιιιιιιοὶ
2663 1897 2714 1948 in
2753 1897 3190 1966 tnalignantibus,
3244 1901 3485 1968 quoniam
3540 1912 3797 1972 tamquam

2226 1991 2411 2060 fautum
2440 1987 2672 2041 velociter
2701 2000 2925 2042 arescent
2955 1989 3127 2060 (Psal.
3160 1991 3249 2046 56.
3287 1993 3336 2046 l.
3365 1992 3447 2062 2).
3479 1993 3577 2050 Ubi
3609 1997 3750 2048 enim
3777 2038 3792 2061 ,

2213 2096 2415 2149 quaeso,
2447 2089 2528 2134 est
2577 2082 2622 2134 is
2651 2082 2740 2149 qui
2797 2083 3009 2150 rapuit,
3067 2093 3346 2154 postquam
3380 2085 3506 2141 ltinc
3531 2085 3795 2143 abductus

2215 2171 2356 2226 fuit?
2386 2172 2473 2227 ubi
2505 2187 2628 2241 spes
2691 2174 3026 2242 conspicua?
3055 2175 3142 2228 ubi
3191 2175 3504 2233 honoraltile
3557 2181 3797 2233 nomen?

2215 2279 2392 2318 annon
2429 2265 2609 2318 omnia
2644 2267 3016 2320 transierunt?
3042 2281 3220 2322 nonne
3252 2271 3431 2322 omnia
3467 2270 3617 2325 illum
3665 2288 3793 2342 spe-

2214 2358 2409 2411 etantia
2434 2359 2700 2412 somnium
2729 2367 2853 2411 sunt
2875 2369 2928 2413 et
2952 2359 3184 2418 umbra?
3214 2361 3325 2416 Hoc
3347 2361 3516 2431 ipsum
3544 2373 3795 2433 exspecta

2214 2448 2284 2503 de
2311 2449 2538 2519 singulis
2565 2449 2653 2518 qui
2687 2449 2994 2519 hujusmodi
3025 2461 3171 2516 sunt,
3203 2451 3268 2506 de
3292 2453 3523 2520 vivente,
3547 2465 3599 2509 et
3625 2455 3694 2511 de
3724 2473 3792 2512 eo

2215 2540 2303 2610 qui
2361 2551 2481 2609 post
2533 2539 2739 2594 futurus
2769 2550 2872 2595 est.
2906 2541 2975 2595 At
3007 2542 3128 2595 talia
3159 2558 3264 2596 non
3318 2553 3443 2597 sunt
3467 2560 3529 2598 ea
3560 2561 3678 2616 quae
3726 2546 3795 2600 ad

2215 2640 2430 2685 sanctos
2470 2630 2615 2684 viros
2636 2641 2880 2700 spectant
2904 2648 2918 2693 ;
2946 2649 3119 2701 neque
3150 2637 3350 2702 poteris
3377 2635 3563 2690 cadent
3594 2637 3661 2691 de
3690 2638 3798 2691 illis

2214 2725 2413 2786 dicere,
2443 2725 2583 2795 quod
2635 2742 2753 2795 qua:
2784 2726 2847 2780 ad
2895 2727 3014 2780 illos
3062 2728 3331 2795 pertinent
3382 2729 3566 2782 umbra
3595 2731 3700 2784 sint
3743 2741 3799 2784 et

2215 2817 2483 2871 somnium
2539 2827 2594 2872 et
2637 2818 2834 2872 fabula.
2869 2818 2932 2872 Et
2960 2820 3003 2873 si
3061 2819 3139 2872 vis
3169 2819 3316 2874 illum
3358 2821 3446 2890 qui
3490 2821 3604 2876 lnec
3633 2822 3792 2886 dixit.

2218 2909 2568 2962 tentoriorum
2598 2910 2866 2976 opificem,
2889 2909 3132 2975 Cilicem,
3166 2911 3318 2976 cujus
3350 2925 3416 2966 ne
3448 2922 3649 2982 patrem
3674 2915 3798 2980 qui-

2215 2999 2336 3054 dein
2366 3010 2514 3055 certo
2542 3000 2808 3064 novimus,
2841 3001 2890 3053 itt
2919 3001 3156 3054 ntedinm
3183 3001 3532 3056 adducamus.
3570 3004 3633 3057 Et
3661 3020 3801 3074 quo-

2218 3093 2397 3158 modo,
2459 3092 2694 3161 inquies,
2750 3093 2866 3147 fieri
2926 3095 3096 3164 possit
3143 3104 3200 3150 ιιι
3251 3095 3469 3166 quidam
3509 3098 3630 3151 talis
3683 3099 3801 3154 sit?

2213 3181 2448 3237 Omnino
2502 3198 2631 3252 ergo
2682 3182 2995 3248 desideras,
3053 3186 3274 3239 omnino
3321 3187 3401 3240 vis
3456 3203 3578 3243 esse
3633 3188 3800 3243 talis?

2217 3275 2424 3340 Etiam,
2470 3275 2570 3328 ais.
2606 3275 2746 3344 Ergo
2778 3276 2912 3328 viam
2947 3276 3246 3347 ingredere.
3275 3293 3431 3348 quam
3459 3279 3546 3332 ille
3590 3280 3800 3349 ingres-

2216 3380 2308 3420 sus
2335 3375 2438 3430 est,
2467 3375 2519 3420 et
2543 3366 2633 3437 qui
2663 3381 2782 3419 cum
2813 3366 2904 3420 illo
2924 3377 3092 3421 erant.
3120 3367 3184 3421 Et
3207 3383 3363 3438 quant
3389 3369 3438 3423 in
3462 3371 3598 3424 viam
3622 3373 3802 3425 venit?

2217 3457 2309 3514 Ille
2329 3459 2543 3530 quidem
2581 3459 2675 3523 ait,
2708 3458 2772 3512 1η
2796 3464 2931 3530 [ante
2955 3461 3102 3514 ιιιείίὶ
3123 3469 3170 3514 et
3197 3463 3430 3518 nuditate
3455 3463 3528 3535 (Ξ.
3561 3463 3679 3518 Cor.
3708 3467 3799 3524 ll.

2217 3552 2310 3624 27)
2338 3569 2352 3618 ;
2385 3552 2476 3606 illc
2503 3566 2650 3616 vero,
2687 3553 2962 3622 Argentum
2990 3561 3034 3606 et
3068 3570 3251 3606 aurum
3281 3571 3380 3608 non
3408 3566 3478 3610 est
3504 3557 3627 3609 milii
3653 3557 3795 3626 (Act.

2220 3647 2272 3701 5.
2307 3644 2386 3715 6).
2411 3645 2501 3700 Sic
2525 3644 2599 3699 illi
2631 3643 2768 3699 niltil
2795 3643 3087 3712 habebant,
3117 3655 3172 3700 et
3195 3656 3372 3702 tamen
3400 3650 3580 3702 omnia
3626 3650 3801 3719 posst.-

2221 3738 2433 3793 delituit.

2293 3829 2344 3882 6.
2379 3828 2516 3896 Quid
2541 3828 2642 3884 Itac
2661 3845 2792 3884 voce
2819 3829 3229 3885 ltonorabilius?
3258 3832 3384 3902 quid
3415 3833 3622 3887 beatius
3651 3841 3705 3887 et
3731 3834 3805 3887 lo-

2222 3921 2533 3990 cnplctius?
2559 3921 2688 3975 Nam
2718 3921 2806 3975 alii
2835 3922 3049 3991 quidem
3099 3925 3149 3976 in
3187 3926 3470 3978 contrariis
3497 3925 3804 3995 gloriaban-

2225 4021 2312 4066 tttr
2337 4011 2579 4068 dicentes
2607 4030 2620 4066 :
2655 4012 2838 4068 Hach
2870 4023 2947 4067 tot
2976 4023 3028 4068 ct
3056 4025 3130 4068 tot
3157 4017 3271 4070 auri
3305 4017 3520 4080 talenta,
3545 4017 3802 4088 ctjngera

2228 4115 2384 4158 terra:
2438 4105 2696 4160 immensa
2720 4146 2734 4169 ,
2789 4117 2840 4160 et
2869 4106 3060 4160 domos
3090 4118 3145 4161 et
3178 4109 3437 4177 tnancipia
3470 4127 3482 4162 :
3517 4109 3601 4164 hic
3632 4126 3760 4165 vero
3786 4153 3802 4176 ,

2226 4195 2365 4264 quod
2410 4197 2480 4250 sit
2531 4197 2778 4250 omnibus
2809 4197 3072 4250 nudatus:
3112 4213 3280 4268 neque
3337 4215 3397 4254 se
3449 4202 3684 4255 occultat
3735 4203 3806 4257 ob

2229 4298 2611 4356 paupertatem,
2640 4289 2780 4358 quod
2808 4291 2951 4344 stulti
2983 4289 3199 4356 faciunt,
3235 4307 3405 4362 neque
3436 4293 3596 4362 pudet
3634 4293 3803 4356 illum,

2227 4381 2319 4434 sed
2347 4382 2507 4435 etiam
2537 4382 2816 4450 gloriatur.
2847 4383 2946 4437 Ubi
2979 4393 3102 4437 sunt
3131 4400 3270 4438 nunc
3301 4385 3518 4449 divites,
3554 4387 3646 4454 qtti
3671 4402 3807 4440 usuv

2227 4489 2313 4525 ras
2332 4481 2634 4537 numerant,
2663 4482 2718 4526 et
2745 4489 2936 4529 usuras
2963 4489 3267 4540 usurarum,
3291 4477 3378 4547 qui
3398 4477 3636 4532 omnium
3667 4478 3807 4531 bona

2230 4561 2487 4615 invadunt
2515 4572 2569 4616 et
2596 4578 2884 4632 numquam
2938 4567 3238 4620 satiantur?
3287 4567 3512 4622 audistis
3541 4567 3686 4622 Petri
3717 4585 3810 4624 vo—

2226 4668 2366 4715 cent,
2400 4668 2518 4720 qua:
2547 4665 2909 4723 paupertatem
2939 4666 3202 4712 monstrat
3225 4658 3527 4713 divitiarum
3559 4669 3808 4726 matrem,

2229 4758 2348 4812 qute
2379 4743 2512 4797 nihil
2543 4744 2743 4809 habet,
2789 4754 2844 4800 et
2894 4747 2959 4800 iis
2993 4748 3084 4818 qui
3110 4748 3411 4805 diademate
3454 4749 3812 4805 reditttiuntur

2229 4834 2531 4903 opulentior
2573 4836 2696 4890 est?
2728 4836 2853 4891 lla-c
2898 4837 3092 4908 quippe
3137 4838 3270 4892 ttiltil
3313 4839 3515 4894 habens
3568 4851 3812 4896 mortuos

2230 4927 2539 4993 suscitabat,
2562 4927 2782 4982 claudos
2809 4931 3066 5000 erigebat,
3095 4931 3368 4986 dzentonas
3396 4932 3650 5001 pellebat,
3673 4943 3730 4987 et
3747 4948 3810 4987 es

2231 5019 2572 5090 largiebatur,
2599 5036 2718 5087 qua:
2740 5021 2772 5074 ii
2805 5022 2892 5088 qui
2924 5037 3155 5091 purpura
3177 5023 3567 5078 amiciunturet
3589 5038 3812 5093 magnos

2232 5111 2649 5180 trentcndosqne
2681 5115 2949 5168 exercitus
2976 5114 3201 5182 ducunt,
3232 5131 3522 5186 numquam
3553 5125 3815 5189 pratstarc

2233 5212 2541 5272 potuerunt.
2601 5202 2726 5258 Haec
2753 5220 2854 5258 Vox
2885 5214 2967 5259 est
3013 5221 3222 5272 eorum,
3254 5208 3344 5278 qui
3371 5209 3480 5279 jam
3524 5210 3577 5262 in
3619 5208 3810 5262 cielum

2235 5296 2474 5349 translati
2529 5304 2692 5360 sunt,
2744 5306 2798 5350 et
2830 5298 3083 5352 verticem
3124 5299 3273 5354 illttm
3325 5309 3674 5370 occuparunt.
3725 5298 3816 5355 Sic

2237 5393 2407 5452 potest
2440 5385 2486 5438 is
2516 5386 2604 5454 qui
2637 5386 2768 5440 nihil
2823 5388 3022 5453 habet,
3049 5389 3290 5443 omnium
3345 5405 3608 5461 occupare
3637 5389 3816 5452 bona;

2211 5485 2284 5528 σοι
2317 5490 2436 5545 qua:
2477 5485 2600 5530 sunt
2640 5478 2879 5532 omnium
2918 5479 3213 5547 possidere.
3248 5479 3302 5536 Si
3356 5496 3485 5536 vero
3530 5495 3592 5534 ea
3644 5481 3819 5549 passio

2235 5565 2453 5617 deatuus
2477 5580 2595 5633 qua:
2621 5576 2745 5619 sunt
2780 5567 3036 5631 omnium,
3067 5570 3315 5624 omnibus
3369 5571 3557 5640 privati
3604 5584 3814 5623 sumus.

2235 5651 2500 5708 Fortassts
2528 5655 2750 5724 :enigma
2783 5657 3025 5713 videatur
3063 5675 3183 5715 esse
3240 5660 3367 5715 illud
3396 5702 3409 5722 ,
3443 5659 3584 5730 quod
3613 5659 3818 5714 dietnnt

2242 5755 2361 5803 est.
2412 5745 2506 5802 scd
2553 5763 2658 5802 non
2720 5759 2821 5806 est.
2873 5751 2978 5807 Sed
3016 5751 3301 5822 quomodo,
3351 5753 3579 5822 inquies,
3627 5753 3672 5807 is
3726 5751 3816 5820 qui
