4086 6214
562 279 663 336 {9.9

546 387 652 450 ’καὶ
676 394 857 465 ἐκείνη
890 394 1137 466 καθάπερ
1165 395 1485 465 θεραπαινὶς
1507 393 1576 445 τά
1595 393 1793 462 ἑαυτῆς
1816 390 2094 463 προύθηκε
2110 409 2124 424 ·

560 480 652 532 καὶ
685 479 821 549 πρὸς
846 478 939 530 τὸν
964 475 1367 546 δεσμοφύλακα,
1407 477 1657 538 κάκεῖνος
1688 475 1786 543 τὴν
1823 474 1999 527 οἰκίαν
2028 474 2128 526 αὑ-

560 563 668 623 τοῖς
722 559 955 629 ἀνέῳξεν
1002 558 1219 611 ἀπασαν
1246 572 1259 584 '
1300 561 1397 609 καὶ
1440 556 1576 625 πρὸς
1622 556 1844 626 ἑτέρους
1878 556 2125 626 μυρίους.

557 642 714 696 οὕτω
747 642 922 694 πάντα
962 636 1127 708 εἰχον.
1172 640 1265 691 καὶ
1304 638 1455 693 οὐδὲν
1494 636 1659 709 εἶχον.
1696 639 1860 693 οὐδὲν
1888 640 1997 709 γὰρ
2023 639 2129 692 τῶν

558 727 908 795 ὑπαρχόντων
939 722 1121 789 ἔλεγον
1163 723 1292 777 ἰίδιον
1330 719 1470 777 εἶναι
1494 738 1508 753 ·
1541 725 1632 776 διὰ
1670 723 1825 777 τοῦτο
1858 724 2035 777 πάντα
2061 718 2129 795 ἦν

555 809 754 863 αὐτῶν.
795 807 852 856 '0
878 805 985 873 7&9
1024 806 1177 858 κοινά
1208 807 1275 859 τε
1300 805 1430 859 ὄντα
1456 807 1776 877 ἡγούμενος,
1800 807 1861 859 ού
1891 809 2003 869 τοῖς
2029 807 2128 859 αὑ-

552 890 646 943 τοῦ
677 889 853 959 μόνον,
888 888 1021 941 ἀλλά
1055 890 1282 954 καὶτοῖς
1312 888 1515 959 ἑτέρων
1547 890 1809 960 χρήσεται
1840 889 1915 951 ὡς
1941 890 2089 951 ἰδίοις
2112 906 2125 920 ’

550 976 578 1026 ὁ
612 972 668 1025 δὲ
702 971 1032 1041 ἀποσχίζων,
1067 972 1161 1025 καὶ
1190 972 1358 1025 ποιῶν
1392 972 1582 1025 ἑαυτὸν
1607 973 1797 1041 κύριον
1823 972 1931 1025 τῶν
1962 972 2127 1025 αὑτοῦ

554 1056 752 1125 μόνων,
801 1056 919 1108 οὑδὲ
965 1054 1169 1108 τούτων
1209 1055 1361 1107 ἔσται
1408 1055 1617 1125 κύριος.
1676 1056 1783 1107 Καὶ
1821 1054 1980 1108 τοῦτο
2021 1056 2129 1108 ἀπὸ

553 1139 950 1208 ὑποδείγματος
1006 1138 1183 1207 δῆλον.
1244 1137 1301 1189 '0
1344 1136 1512 1207 μηδὲν
1582 1137 1719 1200 ὅλως
1769 1139 2125 1207 κεκτημένος,

556 1223 692 1291 μήτε
716 1221 896 1273 οἰκίαν
922 1221 1056 1289 μήτε
1102 1217 1379 1291 τράπεζαν
1413 1221 1547 1289 μήτε
1583 1220 1837 1289 περιττὸν
1890 1220 2126 1289 ἰμάτιον,

551 1305 687 1359 ἀλλά
716 1304 803 1358 διὰ
830 1304 921 1357 τὸν
956 1303 1088 1356 Θεὸν
1126 1303 1344 1355 πάντων
1370 1302 1834 1372 ἀπεστερημένος,
1870 1303 1943 1366 ὡς
1981 1302 2129 1366 ἰδίοις

552 1389 815 1457 κέχρηται
869 1388 980 1449 τοῖς
1027 1389 1245 1448 κοινοῖς,
1285 1384 1379 1438 καὶ
1430 1386 1578 1455 παρα
1627 1384 1843 1438 πάντων
1874 1386 2015 1454 ἆπερ
2062 1384 2128 1438 ἂν

552 1471 704 1542 θέλῃ,
743 1469 973 1539 λήψεται
996 1485 1010 1499 ’
1057 1469 1148 1521 καὶ
1183 1466 1327 1520 οὕτω
1377 1469 1447 1520 τὰ
1486 1467 1703 1520 πάντων
1727 1470 1754 1521 ό
1789 1467 1952 1538 μηδὲν
1992 1468 2130 1538 ἔχων

552 1553 795 1623 κατέχει.
842 1554 897 1605 '0
917 1552 973 1605 δὲ
997 1552 1136 1622 ἔχων
1168 1552 1311 1611 τινὰ.
1341 1550 1460 1603 οὑδὲ
1486 1550 1695 1603 τούτων
1724 1551 1878 1605 ἔσται
1908 1551 2126 1623 κύριος’

549 1634 674 1688 οὒτε
699 1635 807 1704 7&9
835 1634 995 1687 δώσει
1027 1651 1111 1696 τις
1152 1633 1230 1703 τῷ
1270 1633 1614 1703 κεκτημένῳ,
1664 1634 1759 1686 καὶ
1789 1633 2002 1707 λῃστῶν
2035 1635 2132 1687 καὶ

552 1717 800 1771 κλεπτῶν
830 1717 923 1768 καὶ⁵
949 1715 1299 1785 συκοφαντῶν
1331 1717 1425 1769 καὶ
1455 1715 1759 1785 μεταϐολῆς
1783 1716 2129 1787 πραγμάτων

554 1802 645 1853 καὶ
689 1800 904 1853 πάντων
943 1799 1142 1868 μᾶλλον
1189 1797 1362 1863 ἔσται,
1411 1799 1444 1869 ἢ
1495 1799 1727 1863 ἐκείνου,
1780 1799 1849 1851 τά
1895 1799 2126 1864 ἐκείνου.

554 1886 742 1939 Πᾶσαν
769 1882 899 1951 γοῦν
930 1883 1027 1951 τὴν
1050 1881 1376 1951 οἰκουμένην
1402 1881 1688 1953 διέδραμεν
1710 1884 1738 1934 ὁ
1777 1881 2010 1947 Παῦλος,
2036 1883 2132 1936 οὑ-

549 1968 641 2020 ἰὲν
686 1964 1099 2035 ἐπιφερόμενος,
1140 1965 1201 2016 οὑ
1244 1964 1377 2034 πρὸς
1415 1964 1601 2033 φίλους
1644 1963 1844 2027 ἀπιὼν,
1876 1965 1936 2016 οὑ
1992 1965 2128 2035 πρὸς

555 2047 804 2118 συνήθεις
822 2065 835 2078 ·
860 2046 954 2100 καὶ
981 2046 1088 2116 γάρ
1108 2046 1286 2107 κοινὸς
1312 2046 1370 2097 ὲν
1386 2047 1527 2117 ἀρχῇ
1552 2046 1809 2114 πολέμιος
1834 2048 2001 2100 πᾶσιν
2022 2042 2090 2117 ἦν
2110 2062 2125 2078 ο

552 2132 670 2185 ἀλλ’
692 2132 842 2202 ὅμως
873 2130 943 2182 τὰ
982 2130 1200 2181 πάντων
1231 2125 1344 2199 εἶχε
1387 2130 1525 2199 μετά
1559 2129 1619 2182 τὸ
1658 2129 1937 2184 εἰσελθεῖν.
1984 2128 2041 2182 ’0
2071 2130 2129 2183 δὲ

566 2215 814 2277 ’Λνανίας
858 2214 953 2266 καὶ
991 2215 1024 2283 ή
1055 2213 1359 2283 Σάπφειρα,
1397 2212 1483 2266 ἵνα
1521 2212 1715 2283 μικρόν
1753 2230 1805 2265 τι
1846 2213 1954 2265 τῶν
1984 2213 2130 2266 ἰδίων

553 2299 861 2368 κτήσωνται
902 2295 1258 2358 σπεύσαντες,
1295 2296 1514 2349 πάντων
1558 2295 1815 2359 ἐξέπεσον
1863 2296 2000 2365 μετὰ
2038 2298 2136 2349 καὶ

553 2381 727 2451 αὑτῆς
750 2381 849 2451 τῆς
874 2379 1039 2450 ζωῆς.
1083 2379 1384 2448 ’Λπόστηθι
1416 2379 1595 2432 τοίνυν
1629 2378 1737 2431 τῶν
1771 2379 1904 2443 σῶν,
1948 2380 2035 2432 ῖνα
2060 2378 2137 2443 ὡς

559 2464 709 2528 ἰδίοις
734 2465 911 2535 χρήσῃ
940 2466 1053 2525 τοῖς
1075 2462 1396 2532 ἀλλοτρίοις.
1438 2461 1599 2514 Ἀλλὰ
1626 2462 1732 2532 γὰρ
1757 2461 1858 2515 οὐκ
1884 2460 1999 2515 οἰδα
2021 2461 2136 2526 πῶς

553 2549 633 2609 εἰς
658 2546 921 2616 τοσαύτην
939 2544 1231 2616 ἐξηνέχθην
1250 2544 1574 2615 ὑπερϐολὴν,
1591 2543 1903 2617 ἀνθρώποις
1915 2544 2136 2598 τοιαῦτα

555 2632 947 2701 φθεγγόμενος,
976 2624 1059 2692 οἷς
1100 2628 1385 2697 ἀγαπητὸν
1415 2629 1517 2682 κᾶν
1544 2627 1651 2681 τῶν
1676 2627 1846 2682 ὄντων
1878 2628 2136 2700 μεταδοῦ-

556 2714 647 2768 ναί
672 2730 723 2765 τι
760 2713 975 2782 μικρόν.

1143 279 1203 335 S.
1238 278 1525 336 JOANNIS
1560 273 2049 333 CHRYSOSTOMI
2083 273 2386 332 ARCHIEP
2447 277 2994 335 CONSTANTINOP.

2296 395 2492 467 Διόπερ
2541 394 2713 450 ταῦτα
2747 397 2846 466 μὲν
2882 396 3012 466 ἡμῖν
3057 393 3193 466 πρὸς
3238 395 3362 459 τοῦς
3393 394 3633 460 τελείους
3662 400 3815 471 εἰρή-

2231 476 2340 531 σθω
2360 494 2372 507 ⁸
2393 479 2524 550 πρὸς
2546 477 2600 531 δὲ
2627 479 2752 540 τοῦς
2777 477 3161 549 ἀτελεστέρους
3179 478 3364 531 ἐκεῖνα
3389 478 3639 548 λέγωμεν
3659 497 3666 505 ·
3685 482 3814 536 Δότε

2226 559 2332 612 τῶν
2375 559 2542 612 ὄντων
2572 563 2683 622 τοῖς
2714 560 2988 629 δεομνοις
3009 601 3023 626 ,
3071 557 3345 630 αὑξήσατε
3377 562 3476 631 τὴν
3503 562 3713 616 οὑσίαν.
3757 563 3813 617 Ὁ

2229 637 2338 706 γὰρ
2362 636 2567 704 διδοὺς
2596 636 2828 706 πτωχῷ,
2855 639 3007 709 φησὶ,
3029 638 3278 699 δανείζει
3315 638 3460 705 Θεῷ.
3489 640 3552 692 Εἰ
3586 641 3641 693 δὲ
3667 643 3815 695 ὲπεί-

2227 734 2321 792 γῃ,
2358 721 2451 772 καὶ
2487 721 2587 773 οὑκ
2630 722 2917 789 ἀναμένεις
2961 721 3053 773 τὸν
3100 722 3291 792 καιρὸν
3331 721 3430 792 τῆς
3469 723 3814 784 ἀντιδόσεως,

2230 802 2397 854 ἐννόει
2423 802 2549 865 τοὺς
2572 804 2640 857 τὰ
2667 805 2768 875 χρή
2780 820 2922 873 ματα
2953 803 3263 873 ἀνθρώποις
3284 803 3650 868 δανείζοντας.
3681 805 3816 858 Οὐδὲ

2228 883 2338 954 7&9
2364 879 2508 938 οὗτοι
2532 887 2875 957 παραχρῆμα
2914 884 3194 957 βούλονται
3228 888 3356 949 τοὺς
3383 887 3572 951 τόκους
3609 888 3816 941 ἀπολα-

2229 966 2365 1031 ϐεῖν,
2394 967 2529 1020 ἀλλᾶ
2571 969 2793 1021 πλείονα
2831 968 3159 1039 ἐπιθυμοῦσι
3200 970 3393 1040 χρόνον
3428 974 3607 1039 μεῖναι
3657 970 3816 1041 παρά

2228 1052 2348 1113 ταῖς
2377 1050 2471 1103 τοῦ
2494 1050 2883 1121 δανεισαμένου
2910 1054 3065 1123 χερσὶ
3092 1052 3153 1104 τὸ
3182 1052 3494 1121 κεφάλαιον,
3534 1053 3695 1123 μόνον
3717 1054 3816 1107 ὲάν

2228 1131 2475 1203 ἀσφαλὴς
2510 1134 2543 1202 ή
2574 1133 2825 1197 ἀπόδοσις
2852 1131 2907 1205 ᾖ,
2935 1135 3026 1188 καὶ
3053 1135 3129 1204 μὴ
3157 1134 3505 1187 ὑποπτεύωσι
3538 1134 3631 1187 τὸν
3659 1135 3815 1205 εἰλη-

2231 1218 2388 1286 φότα.
2414 1217 2585 1270 Τοῦτο
2612 1218 2914 1281 τοίνυνχκαὶ
2936 1216 3172 1270 ἐνταῦθα
3199 1216 3435 1285 γινέσθω
3453 1232 3471 1248 ⁸
3511 1216 3648 1284 ἄφες
3678 1216 3818 1270 αὑτά

2231 1300 2382 1371 παρά
2403 1300 2477 1371 τῷ
2500 1300 2637 1370 Θεῷ,
2668 1301 2754 1353 ἴνα
2776 1300 2958 1372 ἀποδῷ
2983 1317 3061 1354 σοι
3084 1300 3176 1354 τὸν
3199 1300 3387 1372 μισθὸν
3404 1301 3812 1356 πολλαπλασίω.

2231 1383 2323 1452 Μὴ
2352 1382 2584 1436 ἐνταῦθα
2603 1384 2664 1436 τὸ
2690 1385 2796 1437 πᾶν
2827 1381 3010 1454 ζήτει·
3035 1383 3100 1438 ἂν
3116 1384 3223 1455 7&9
3245 1384 3478 1438 ἐνταῦθα
3500 1382 3652 1456 [154]
3683 1385 3817 1438 αὐτὸ

2230 1463 2508 1536 ἀπολάϐῃς
2523 1465 2663 1527 ὅλον,
2678 1465 2794 1529 πῶς
2810 1464 3061 1537 ἀπολήψῃ
3080 1469 3223 1531 ὲκεῖ;
3242 1465 3341 1519 Διά
3359 1465 3515 1519 τοῦτο
3532 1466 3626 1520 καὶ
3642 1470 3671 1519 ό
3685 1466 3818 1528 Θεὸς

2231 1547 2349 1599 ἐκεῖ
2369 1547 2705 1617 ταμιεύεται,
2734 1549 2828 1603 ἀτε
2851 1551 3120 1621 ὲπικήρου
3142 1549 3238 1602 τοῦ
3263 1549 3526 1621 παρόντος
3554 1548 3672 1619 βίου
3693 1565 3819 1616 τυγ-

2232 1629 2506 1700 χάνοντος.
2538 1631 2731 1685 Δίδωσι
2755 1632 2810 1685 δὲ
2838 1634 2933 1686 καί⁸
2952 1632 3185 1686 ενταῦθα
3205 1649 3219 1663 ·
3243 1632 3481 1700 Ζητεῖτε
3503 1631 3633 1703 γὰρ,
3657 1632 3816 1700 φησὶ,

2234 1712 2350 1780 τὴν
2392 1713 2741 1776 ,βασιλείανκ
2759 1713 2876 1767 τῶν
2920 1714 3211 1782 οὐρανῶν,
3255 1715 3352 1769 καὶ
3392 1713 3578 1767 ταῦτα
3617 1712 3820 1767 πάντα

2235 1798 2705 1863 προστεθήσεται
2729 1795 2894 1865 ὑμῖν.
2938 1796 3079 1849 Ἀλλ’
3099 1798 3261 1867 ἡμεῖς
3289 1796 3423 1867 πρὸς
3451 1796 3668 1867 ἐκείνην
3699 1796 3821 1866 βλέ-

2237 1896 2450 1949 πωμεν,
2487 1880 2580 1932 καὶ
2605 1880 2679 1950 μὴ
2709 1878 3061 1950 ἐπειγώμεθα
3099 1880 3236 1951 πρὸς
3268 1879 3365 1951 τὴν
3384 1880 3640 1933 ἁπάντων
3667 1879 3818 1932 ἀντί-

2236 1961 2402 2026 δοσιν,
2435 1962 2522 2015 ῖνα
2552 1963 2626 2033 μὴ
2669 1962 3064 2035 ὲλαττώσωμεν
3102 1965 3201 2035 τὴν
3235 1962 3492 2033 ἀμοιϐὴν,
3522 1956 3637 2015 ἀλλ’
3680 1963 3816 2017 ἀνα-

2239 2042 2488 2114 μένωμεν
2509 2046 2601 2098 τὸν
2641 2045 2853 2117 καιρόν.
2889 2047 2962 2099 Ού
2990 2045 3100 2118 γὰρ
3127 2044 3356 2099 τοιοῦτοι
3389 2039 3534 2099 οῦτοι
3561 2046 3610 2098 οί
3639 2044 3813 2106 τόκοι,

2236 2125 2352 2179 ἀλλ’
2392 2127 2537 2191 οἴους
2579 2128 2727 2192 εἰκὸς
2779 2130 2932 2200 παρά
2976 2129 3070 2183 τοῦ
3110 2128 3247 2181 Θεοῦ
3282 2128 3542 2182 δίδοσθαι.
3579 2127 3820 2191 Τούτους

2237 2209 2415 2264 τοίνυν
2452 2211 2854 2279 συναγαγόντες
2899 2212 3040 2283 μετὰ
3074 2211 3351 2281 δαψιλείας
3385 2211 3606 2283 πολλῆς,
3642 2210 3819 2273 οὓτως

2232 2292 2483 2347 ἐντεῦθεν
2509 2294 2855 2365 ἀπέλθωμεν,
2890 2296 2976 2349 ἵνα
3009 2296 3105 2348 καὶ
3142 2295 3251 2347 τῶν
3280 2294 3565 2365 παρόντων
3589 2294 3685 2348 καὶ
3709 2294 3818 2346 τῶν

2235 2377 2539 2448 μελλόντων
2582 2378 2927 2449 ὲπιτύχωμεν
2971 2378 3213 2448 ἀγαθῶν,
3266 2380 3448 2450 χάριτι
3479 2379 3575 2432 καὶ
3624 2379 3820 2447 φιλαν-

2234 2460 2453 2531 θρωπία
2479 2460 2574 2513 τοῦ
2609 2461 2815 2535 Κυρίου
2864 2460 3022 2532 ἡμῶν
3084 2462 3257 2535 Ἰησοῦ
3304 2460 3565 2533 Χριστοῦ,
3604 2463 3725 2532 μεθ’
3756 2455 3819 2513 οῦ

2232 2544 2311 2616 τῷ
2359 2544 2533 2616 Πατρί
2596 2533 2710 2615 ἃμα
2763 2543 2840 2615 τῷ
2882 2546 3023 2615 ἁγίῳ
3068 2533 3348 2615 Πνεῦματι
3398 2545 3548 2613 δόξα,
3592 2546 3825 2616 κράτος,

2233 2627 2388 2709 τιμὴ,
2423 2625 2518 2679 νῦν
2540 2628 2633 2680 καὶ
2658 2628 2764 2692 ἀεὶ,
2804 2629 2897 2682 καὶ
2935 2630 3014 2692 εἰς
3037 2629 3165 2693 τοὺς
3204 2627 3409 2693 αἰῶνας
3441 2628 3551 2683 τῶν
3584 2628 3821 2685 αἰώνων.

2248 2709 2305 2762 ’Δ
2314 2710 2442 2780 μήν.
2875 2727 2883 2735 '

1980 3094 2225 3148 OMIMA
2264 3093 2381 3160 ις’.

558 3228 828 3297 Ἔγραψα
850 3224 994 3296 ὑμῖν
1022 3224 1092 3279 ἐν
1125 3224 1199 3294 τῇ
1239 3224 1535 3294 ἐπιστολῇ
1556 3225 1643 3294 μὴ
1684 3226 2139 3297 συναναμίγνυ-

624 3317 767 3368 σθαι
792 3310 1035 3379 πόρνοις
1057 3327 1071 3340 ο
1114 3309 1213 3363 καί
1241 3310 1313 3363 οὐ
1335 3307 1571 3374 πάντως
1595 3307 1720 3374 τοῖς
1748 3310 1998 3377 πόρνοις
2031 3312 2139 3365 τοῦ

622 3396 854 3462 κόσμου
876 3393 1110 3459 τούτου,
1147 3393 1186 3460 ἢ
1216 3391 1609 3457 πλεονέκταις
1636 3390 1675 3460 ἢ
1705 3390 1968 3461 ἅρπαξιν
1994 3392 2033 3461 ἢ
2055 3395 2138 3446 εἱ-

621 3476 1027 3546 δωλολάτραις
1047 3491 1062 3508 ο
1098 3475 1227 3529 ἐπεὶ
1251 3477 1521 3545 ὀφείλετε
1540 3473 1656 3542 ἄρα
1674 3474 1743 3527 ἐκ
1769 3474 1875 3529 τοῦ
1906 3474 2139 3544 κόσμου

620 3558 913 3627 ἐξελθεῖν.
947 3559 1100 3613 Νυνί
1139 3557 1209 3611 δὲ
1244 3557 1477 3626 ἔγραψα
1507 3556 1651 3625 ὑμῖν
1691 3556 1772 3625 μὴ
1804 3557 2138 3627 συναναμί-

624 3646 903 3716 γνυσθαι,
961 3641 1072 3695 ἐάν
1132 3659 1224 3707 τις
1279 3640 1543 3709 ἀδελφὸς
1615 3639 2047 3709 ὀνομαζόμενος
2098 3634 2141 3710 ᾖ

620 3731 849 3798 πόρνος
876 3724 913 3793 ἢ
945 3723 1311 3790 πλεονέκτης
1340 3722 1377 3790 ἣ
1408 3721 1848 3790 εἰδωλολάτρης
1878 3720 1917 3791 ἢ
1951 3722 2140 3791 μέθυ-

622 3828 737 3878 σος
766 3812 802 3878 ἣ
833 3808 1105 3879 λοίδορος
1126 3808 1163 3877 ἢ
1186 3806 1384 3877 ἅρπαξ
1390 3845 1406 3872 ,
1442 3805 1521 3871 τῷ
1550 3805 1795 3874 τοιούτῳ
1812 3806 1968 3877 μηδὲ
1993 3823 2142 3861 συν-

622 3895 870 3950 εσθίειν.

627 4074 697 4123 α’.
723 4066 944 4138 Ἐπειδὴ
973 4063 1079 4136 γὰρ
1102 4059 1275 4128 εἶπεν,
1302 4063 1449 4133 Οῠχί
1475 4061 1718 4132 μᾶλλον
1744 4061 2139 4130 ἐπενθήσατε.

552 4156 657 4208 ἵνα
678 4147 900 4219 ἐξαρθῇ
934 4152 967 4203 ὀ
993 4148 1279 4213 τοιοῦτος,
1310 4147 1424 4209 καὶ,
1466 4144 1858 4213 Ἐκκαθάρατε
1891 4144 2005 4213 τὴν
2026 4161 2141 4198 πα-

552 4238 735 4293 λαιὰν
763 4235 981 4303 ζύμην,
1025 4232 1120 4285 καὶ
1162 4230 1310 4293 εἰκὸς
1343 4225 1411 4300 ἦν
1451 4230 1650 4292 αὐτοὺς
1678 4227 2016 4281 ὑποπτεῦσαι
2059 4230 2141 4282 ὅτι

528 4318 529 4321 “
557 4322 766 4382 πάντας
799 4319 922 4378 τοὺς
962 4316 1192 4386 πόρνους
1215 4316 1296 4366 δεῖ
1322 4312 1544 4382 φεύγειν
1567 4314 1638 4381 (εἰ
1675 4313 1784 4382 7&9
1816 4313 2141 4383 μεταδίδωσι

494 4468 509 4481 1
555 4407 654 4473 τῆς
680 4403 885 4464 οἰκείας
908 4399 1135 4469 λύμηςαό
1159 4394 1497 4481 ἡμαρτηκὼς
1514 4398 1624 4460 τοῖς
1649 4396 1746 4481 οὑχ
1770 4397 2137 4481 ήμαρτηκόσι,

558 4483 739 4553 πολλῷ
779 4482 980 4552 μᾶλλον
1022 4482 1147 4559 τους
1184 4479 1382 4543 ἔξωθεν
1424 4477 1866 4549 ἀποστρέφεσθαι
1898 4480 2045 4549 χρή·
2090 4481 2139 4532 εἰ

555 4568 666 4636 7&9
697 4565 790 4617 τοῦ
828 4564 1031 4617 οἰκείου
1061 4563 1122 4613 οὑ
1153 4562 1235 4615 δεῖ
1262 4560 1541 4629 φείδεσθαι
1569 4560 1656 4613 διὰ
1689 4561 1751 4612 τὸ
1792 4561 2048 4629 τοιαύτην
2077 4561 2139 4627 ἐξ

556 4645 722 4702 αὑτοῦ
756 4644 959 4715 βλάϐην
990 4642 1271 4710 γίνεσθαι,
1313 4642 1493 4711 πολλῴ
1526 4642 1727 4712 μᾶλλον
1767 4642 1875 4694 τῶν
1904 4642 2134 4713 ἀλλων)-

555 4730 747 4786 τούτου
790 4729 846 4782 δὲ
885 4724 1281 4796 ὑπονοουμένου
1311 4724 1525 4794 ἀνάγκη
1568 4721 1636 4794 ἦν
1681 4723 2011 4794 χωρίζεσθαι
2046 4729 2139 4781 καὶ

554 4816 663 4869 τῶν
704 4812 833 4885 παρ’
863 4810 1088 4878 Ἕλλησι
1135 4806 1369 4878 πύρνων,
1414 4806 1509 4859 καί⁸
1534 4806 1711 4869 οὑτως
1755 4810 1835 4871 εἰς
1875 4808 2140 4864 ἀδύνατον

554 4899 648 4953 τοῦ
683 4899 1007 4970 πράγματος
1039 4891 1491 4966 περιισταμένου,
1530 4890 1795 4963 μειζόνως
1823 4892 1889 4946 ἂν
1918 4894 2138 4965 ἐδυσχέ-

558 4997 735 5051 ρανον,
797 4984 865 5050 τῇ
925 4974 1305 5048 ἐπιδιορθώσει
1350 4975 1519 5048 ταύτῃ
1578 4975 1866 5047 κέχρηται,
1919 4976 2135 5044 λέγων·

559 5065 830 5132 Ἔγραψα
854 5060 995 5130 ὑμῖν
1017 5061 1102 5128 μὴ
1129 5062 1698 5129 συναναμίγνυσθαι
1723 5060 1969 5127 πόρνοις
1990 5077 2003 5090 ·
2038 5061 2138 5116 καὶ

555 5147 629 5200 ού
652 5143 891 5207 πάντως
925 5141 1051 5208 τοῖς
1081 5143 1327 5208 πόρνοις
1353 5143 1461 5196 τοῦ
1495 5146 1727 5212 κόσμου
1756 5143 1972 5197 τούτου
2000 5159 2012 5171 '
2051 5145 2133 5208 τὸ,

555 5229 821 5292 Πάντως,
854 5226 928 5287 ὡς
961 5226 1053 5277 ἐπὶ
1083 5221 1508 5294 ὡμολογημένον
1541 5228 1729 5290 τιθείς.
1764 5226 1883 5280 Ἵνα
1910 5227 2018 5297 γὰρ
2061 5228 2138 5299 μὴ

555 5312 872 5386 νομίσωσιν,
919 5309 1001 5361 ὅτι
1047 5308 1123 5370 ὠς
1166 5307 1542 5378 ἀτελεστέροις
1596 5311 1778 5373 αὐτοῖς
1832 5309 1991 5364 τοῦτο
2036 5312 2138 5364 οὑκ

554 5394 806 5460 ἐπέταξε,
848 5392 945 5445 καὶ
975 5390 1051 5454 ὼς
1082 5389 1278 5442 τέλειοι
1323 5390 1483 5461 δῆθεν
1525 5392 1656 5444 αὑτὸ
1691 5390 1894 5462 πρᾶξαι
1923 5394 2134 5465 ἐπιχει-

559 5480 787 5550 ρήσωσι,
822 5476 1096 5531 δείκνυσιν
1136 5475 1218 5528 ὅτι
1262 5474 1385 5528 οὑδὲ
1420 5473 1643 5527 δυνατὸν
1672 5476 1830 5530 τοῦτο
1858 5478 2132 5545 γενέσθαι,

554 5565 677 5618 οὐδὲ
719 5567 767 5618 εἰ
806 5564 1011 5635 σφόδρα
1051 5562 1351 5635 βούλοιντοο
1395 5561 1518 5613 ἐπεὶ
1563 5562 1757 5632 ἑτέραν
1801 5564 2129 5635 οἰκουμένην

555 5647 662 5701 ἔδει
686 5647 937 5715 ζητῆσαι.
971 5648 1060 5702 Διὸ
1087 5647 1180 5701 καὶ
1198 5648 1496 5717 ἐπήγαγεν·
1544 5645 1700 5699 Ἐπεὶ
1725 5647 1996 5715 ὀφείλετε
2017 5645 2131 5713 ἄρα

555 5731 625 5783 ἑκ
661 5727 765 5781 τοῦ
808 5730 1038 5798 κόσμου
1091 5731 1376 5795 ἐξελθεῖν.
1419 5722 1569 5789 Εἶδες
1608 5729 1723 5792 πῶς
1773 5731 1920 5784 ἐστιν
1957 5731 2130 5783 ἀνεπ-

556 5812 746 5887 αχθὴς,
782 5814 873 5865 καί
918 5812 1194 5884 πανταχοῦ
1225 5815 1283 5868 οὑ
1311 5812 1369 5867 τὸ
1395 5812 1617 5866 δυνατὸν
1653 5812 1831 5883 μόνον,
1859 5814 1991 5867 ἀλλᾶ
2038 5817 2129 5871 καὶ

2250 3228 2313 3282 τὸ
2340 3227 2561 3282 εὔκολον
2589 3230 2687 3301 τῆς
2711 3232 3034 3302 νομοθεσίας
3072 3235 3305 3300 σκοπεῖς
3332 3232 3457 3298 Πῶς
3485 3235 3596 3307 7&9
3619 3234 3702 3290 ἔνι
3727 3238 3826 3293 ἀνι

2245 3309 2464 3382 θρωπον
2496 3313 2645 3376 ὄντα,
2690 3315 2843 3384 φησί,
2881 3316 2974 3368 καὶ
3009 3314 3187 3378 οἰκίας
3214 3317 3305 3369 καὶ
3337 3316 3544 3370 παίδων
3572 3322 3828 3388 προῖστά·

2246 3411 2426 3465 μενον,
2463 3398 2555 3449 καὶ
2578 3396 2648 3449 τά
2677 3398 2778 3465 τῆς
2804 3398 3010 3463 πόλεως
3049 3400 3379 3471 πράττοντα,
3408 3401 3441 3472 ἢ
3474 3398 3827 3475 χειροτέχνην

2240 3479 2390 3543 ὄντα,
2418 3480 2452 3549 ἢ
2499 3483 2945 3552 στρατευόμενον,
2981 3482 3091 3537 τῶν
3123 3483 3387 3538 πλειόνων
3427 3486 3596 3543 όντων
3630 3489 3823 3559 Ἐλλή-

2240 3581 2367 3625 νων,
2399 3565 2526 3628 τοὺς
2556 3566 2832 3637 πανταχοῦ
2863 3566 3094 3638 πόρνους
3127 3566 3349 3635 φεύγειν
3379 3585 3394 3635 ;
3445 3571 3679 3641 πόρνους
3712 3572 3823 3643 γὰρ

2245 3645 2395 3718 [155]
2424 3647 2626 3719 κόσμου
2666 3652 2791 3712 τοὺς
2821 3649 2972 3722 παρὰ
3006 3652 3121 3714 τοῖς
3150 3650 3376 3723 Ἕλλησι
3397 3653 3565 3721 λέγει.
3591 3656 3723 3709 Νῦν
3754 3656 3825 3710 δὲ

2198 3780 2201 3783 η
2240 3726 2476 3795 ἔγραψα
2524 3728 2687 3797 ὑμῖν,
2736 3727 2844 3781 ἐὰν
2892 3746 2982 3793 τις
3021 3729 3298 3798 ἁδελφὸς
3322 3726 3364 3801 ᾖ
3408 3734 3692 3799 τοιοῦτος,
3741 3734 3826 3801 τῷ

2246 3811 2493 3875 τοιούτῳ
2533 3811 2690 3878 μηδὲ
2732 3814 3102 3870 συνεσθίειν.
3158 3815 3421 3869 Ἐνταῦθα
3463 3818 3558 3871 καὶ
3603 3818 3826 3890 ἐτέρους

2241 3891 2532 3946 αἰνίττεται
2571 3895 2628 3946 ὲν
2658 3895 2891 3967 πονηρίᾳ
2918 3895 3145 3960 ζῶντας.
3180 3898 3289 3951 Καὶ
3321 3899 3438 3965 πῶς
3473 3900 3698 3969 ἀδελφὸς
3723 3900 3821 3965 ῶν,

2243 3977 2636 4051 εἰδωλολάτρης
2674 3974 2813 4033 εἶναι
2844 3979 3101 4046 δύναται;
3149 3981 3238 4044 Ὠς
3282 3984 3375 4036 ἐπὶ
3410 3985 3520 4038 τῶν
3551 3986 3823 4058 Σαμαρει-

2242 4063 2352 4117 τῶν
2410 4064 2606 4135 συνέϐη
2659 4064 2808 4126 ποτε,
2863 4064 2913 4116 οἳ
2964 4065 3022 4131 ἐξ
3076 4066 3331 4136 ἡμισείας
3386 4068 3483 4139 τὴν
3542 4070 3826 4123 εὐσέϐειαν

2245 4147 2504 4221 ᾑροῦντο·
2558 4148 2731 4212 ἄλλως
2768 4148 2826 4201 δὲ
2871 4148 2964 4202 καὶ
3008 4150 3514 4221 προκαταϐάλλεται
3559 4152 3651 4206 τὸν
3696 4153 3827 4223 περὶ

2242 4232 2351 4286 τῶν
2380 4231 2742 4287 εἰδωλοθύτων
2779 4231 2956 4299 λόγον,
2996 4232 3054 4286 ὃν
3090 4233 3227 4303 μετά
3266 4234 3439 4288 ταῦτα
3484 4235 3669 4304 μέλλει
3728 4253 3829 4304 γυ-

2247 4313 2490 4385 μνάζειν.
2524 4313 3000 4382 Ἦπλεονέκτης.
3036 4315 3147 4369 Καὶ
3176 4317 3284 4385 7&9
3307 4318 3402 4370 καὶ
3434 4318 3566 4388 πρὸς
3601 4318 3829 4381 τούτους

2243 4398 2577 4452 ἀποδύεται·
2628 4398 2709 4451 διὸ
2755 4400 2848 4453 καὶ
2894 4399 3068 4467 ἔλεγε·
3111 4401 3215 4453 Διὰ
3248 4401 3306 4453 τί
3362 4403 3470 4454 οὐκ
3520 4400 3829 4456 ἀδικεῖσθε

2238 4480 2521 4550 minor;
2548 4480 2645 4535 διὰ
2689 4482 2747 4535 τι
2786 4483 2899 4536 οὐκ
2956 4483 3416 4552 ἀποστερεῖσθε;
3462 4485 3600 4539 ἀλλ’
3654 4487 3830 4553 ὑμεῖς

2244 4563 2503 4618 ἀδικεῖτε
2524 4564 2625 4617 καὶ
2653 4564 3224 4633 ἀποστερεῖτε.-ἾΙ
3242 4567 3533 4635 μέθυσος.
3566 4570 3676 4623 Καὶ
3714 4570 3827 4639 γὰρ

2241 4648 2335 4700 καὶ
2370 4644 2528 4699 τοῦτο
2555 4645 2777 4714 ἐγκαλεῖ
2813 4647 3038 4717 προῖὼν,
3085 4648 3160 4712 ὡς
3204 4651 3333 4703 ὅταν
3374 4650 3505 4722 λέγῃ
3529 4668 3542 4680 ·
3580 4654 3677 4717 Ὃς
3705 4650 3828 4720 μὲν

2238 4729 2437 4797 πεινᾷ,
2473 4729 2540 4795 ὃς
2571 4729 2641 4783 δὲ
2663 4732 2871 4799 μεθύει
2890 4748 2903 4760 ’
2931 4734 3048 4799 καὶ,
3090 4733 3170 4787 Τὰ
3188 4733 3476 4802 ,ϐρώματα
3500 4734 3574 4804 τῇ
3597 4736 3823 4801 κοιλίᾳ,

2239 4814 2341 4868 καί
2372 4815 2410 4883 ἡ
2442 4815 2642 4868 κοιλία
2675 4813 2801 4881 τοῖς
2838 4816 3176 4886 βρώμασιν.
3212 4820 3281 4872 Ἢ
3314 4820 3617 4886 λοίδορος.
3648 4819 3687 4887 ἣ
3721 4818 3826 4886 ἄρ-

2238 4898 2384 4962 παε.
2424 4897 2535 4970 Καὶ.
2583 4897 2693 4969 γὰρ
2736 4901 2828 4953 καὶ
2864 4903 3073 4964 τούτοις
3110 4901 3443 4971 ἐπετίμησεν
3487 4900 3817 4971 ἔμπροσθεν.

2239 4977 2373 5034 Εἶτα
2400 4981 2494 5034 καὶ
2517 4981 2617 5049 τὴν
2646 4982 2826 5036 αἰτίαν
2848 4983 3195 5054 προστίθησι,
3224 4985 3291 5038 δι’
3316 4986 3381 5054 ἣν
3397 4986 3461 5037 οὑ
3491 4984 3692 5037 κωλύει
3712 4986 3827 5049 τοῖς

2238 5065 2440 5132 ἔξωθεν
2470 5065 2732 5130 τοιούτοις
2766 5063 2918 5121 οὖσιν
2951 5067 3376 5137 ἀναμίγνυσθαι,
3405 5069 3623 5132 δεικνὺς
3649 5070 3733 5122 ὅτι
3759 5070 3824 5122 οὑ

2242 5150 2404 5219 μόνον
2440 5150 2499 5201 οὑ
2553 5149 2795 5214 δυνατὸν,
2830 5149 2964 5203 ἀλλά
3005 5153 3099 5205 καὶ
3135 5153 3392 5224 περιττόν
3416 5170 3431 5183 ο
3474 5152 3539 5206 Τί
3573 5154 3683 5222 γάρ
3720 5171 3827 5221 μοι

2239 5233 2339 5287 καὶ
2373 5233 2513 5298 τοὺς
2552 5234 2774 5299 ἔξωθεν
2815 5235 3072 5302 κρίνειν;
3101 5240 3230 5300 τοὺς
3267 5237 3376 5291 ἔσω
3401 5237 3496 5291 καὶ
3532 5237 3660 5299 τοὺς
3693 5236 3824 5302 ἔξω,

2239 5318 2363 5380 τοὺς
2411 5317 2769 5388 Χριστιανοὺς
2808 5318 2905 5370 καὶ
2934 5320 3060 5382 τοὺς
3093 5320 3366 5389 ’Έλληνας
3405 5320 3607 5383 καλῶν,
3640 5319 3828 5382 καθὼς

2238 5403 2334 5457 καὶ
2359 5402 2591 5471 ἀλλαχοῦ
2626 5418 2759 5470 φησι
2780 5416 2794 5429 '
2827 5401 2928 5455 Δεῖ
2947 5402 3017 5455 δὲ
3043 5403 3144 5457 καί
3168 5405 3501 5473 μαρτυρίαν
3523 5404 3692 5472 ἔχειν
3712 5406 3828 5457 αὐ·-

2236 5486 2344 5539 τὸν
2370 5485 2572 5551 καλὴν
2598 5484 2717 5538 ὐπὸ
2748 5482 2865 5537 τῶν
2900 5484 3144 5549 ἔξωθεν.
3193 5488 3305 5541 Καὶ
3344 5490 3401 5542 ὲν
3423 5491 3490 5554 τῇ
3517 5487 3654 5557 πρὸς
3676 5487 3825 5541 Θεσ-

2239 5567 2558 5630 σαλονικέας
2586 5567 2644 5621 δὲ
2687 5567 2973 5640 Ἐπιστολῇ
3015 5570 3078 5623 τὸ
3116 5570 3251 5624 αὑτό
3293 5588 3425 5643 φησι
3453 5571 3628 5639 λέγων
3660 5588 3674 5602 ν
3721 5569 3824 5639 Μὴ

2237 5650 2773 5719 συναναμίγνυσθε
2819 5651 3000 5718 αὐτῷ,
3039 5654 3140 5709 ἵνα
3168 5654 3435 5723 ἐντραπῇ
3455 5672 3469 5685 ο
3501 5654 3599 5709 καὶ
3620 5652 3707 5723 μὴ
3738 5655 3821 5720 ὡς

2235 5732 2452 5801 ἐχθρὸν
2508 5733 2771 5803 ἡγεῖσθε,
2816 5736 2980 5791 ἀλλὰ
3026 5738 3359 5792 νουθετεῖτε
3399 5740 3481 5804 ὡς
3525 5736 3819 5806 ἀδελφόν.

2249 5815 2511 5871 Ἐνταῦθα
2542 5818 2722 5889 μέντοι
2772 5819 2870 5891 τὴν
2921 5821 3101 5876 αἰτίαν
3144 5824 3206 5876 οὑ
3241 5823 3443 5894 τίθησι.
3490 5821 3553 5875 Τί
3587 5822 3819 5892 δήποτε,
