4086 6214
182 309 284 369 l9!)

179 423 314 482 nihil
359 421 541 478 habet.
598 414 835 469 nuntium
890 410 1029 466 bona
1071 406 1343 479 possidet?
1374 418 1550 460 annon
1600 402 1769 456 multo

181 514 351 578 magis
396 512 490 566 ille
535 507 624 578 qui
673 503 910 559 omnium
954 500 1092 554 bona
1142 497 1335 552 habet?
1391 494 1768 564 Nequaquam;

192 572 296 664 sed
316 614 489 660 totum
518 598 865 656 contrarium.
893 593 1024 650 Nam
1066 594 1155 662 qui
1188 590 1319 645 nihil
1366 588 1563 653 habet,
1591 583 1768 639 omni-

186 703 283 756 bus
328 700 581 765 imperat,
616 699 671 744 ut
707 699 761 743 et
790 687 865 742 illi
900 685 1209 740 faciebant:
1239 695 1426 736 omnes
1476 678 1620 734 enim
1676 690 1772 744 per

186 793 367 847 orbem
414 786 608 840 domus
659 781 954 851 ipsiserant
1000 785 1241 846 apertae,
1290 774 1620 844 gratiamque
1667 769 1772 822 illis

194 882 459 938 habebant
500 876 592 948 qui
623 872 959 942 excipiebant
989 870 1132 938 ipsos
1163 909 1176 932 ,
1206 876 1260 922 et
1288 876 1551 935 tamquam
1580 862 1646 917 ad
1677 877 1771 916 co-

188 980 371 1043 gnatos
417 977 472 1023 et
516 964 718 1019 amicos
775 960 1073 1015 veniebant.
1113 958 1487 1026 Vcnernntque
1528 955 1594 1009 ad
1643 969 1771 1025 pur-

196 1062 456 1132 purariam
481 1099 497 1124 ,
523 1067 575 1112 et
604 1055 692 1111 illa
723 1056 871 1126 quasi
895 1051 1084 1106 ancilla
1115 1065 1210 1104 sua
1233 1048 1362 1119 ipsis
1403 1046 1646 1118 apposuit
1672 1063 1686 1111 ;
1721 1054 1775 1101 et

191 1154 253 1207 ad
285 1150 524 1207 careeris
571 1147 847 1203 custodem
877 1186 892 1212 ,
940 1154 994 1199 et
1036 1143 1127 1198 ille
1175 1152 1339 1197 totam
1395 1140 1525 1209 ipsis
1557 1139 1774 1193 domum

196 1244 396 1313 a;:eruit
426 1260 440 1307 ;
473 1252 530 1298 et
558 1242 625 1296 ad
651 1241 783 1295 alios
815 1239 1143 1292 innumeros.
1175 1234 1262 1290 Sic
1289 1234 1468 1288 omnia
1486 1231 1774 1295 habebant,

197 1348 250 1392 et
298 1335 432 1390 nihil
466 1332 834 1405 possidebant.
865 1328 1010 1384 Nihil
1061 1327 1204 1383 enim
1235 1340 1454 1381 suorum
1502 1324 1605 1380 sibi
1650 1338 1777 1393 pro-

200 1431 369 1500 prium
397 1404 520 1481 esse
547 1404 834 1495 dicebant:
867 1421 1096 1499 ideoque
1123 1418 1303 1475 omnia
1334 1432 1428 1471 sua
1457 1424 1631 1472 erant.
1681 1415 1782 1483 Qui

200 1522 335 1576 enim
365 1520 548 1573 omnia
577 1515 883 1571 communia
912 1522 1084 1584 putat,
1116 1526 1222 1581 non
1262 1509 1374 1564 suis
1404 1517 1607 1563 tantum
1635 1549 1650 1573 ,
1686 1506 1781 1562 scd

198 1621 252 1667 et
279 1610 473 1664 alienis
506 1615 687 1662 utetur
708 1612 765 1660 ut
804 1603 1037 1675 pr0priis
1067 1621 1079 1655 :
1105 1600 1195 1671 qui
1224 1609 1401 1654 autem
1428 1596 1702 1653 abscindit
1730 1605 1789 1650 et

201 1718 259 1758 se
281 1716 505 1757 suorum
536 1707 741 1752 tantum
769 1695 1043 1751 dominum
1074 1692 1221 1757 facit,
1255 1705 1429 1760 neque
1460 1689 1649 1743 horum
1680 1685 1780 1741 do-

203 1794 375 1848 minus
399 1791 529 1846 erit.
559 1790 624 1844 Et
649 1787 753 1842 hoc
778 1788 846 1842 ab
885 1784 1131 1855 exemplo
1155 1782 1347 1851 liquet.
1377 1779 1479 1847 Qui
1507 1778 1639 1832 nihil
1673 1792 1788 1830 om-

202 1886 325 1940 nino
350 1880 634 1952 possidet,
684 1892 858 1948 neque
885 1876 1102 1931 domum
1148 1887 1320 1944 neque
1348 1885 1585 1926 mensam
1614 1883 1788 1939 neque

201 1975 528 2046 superfluam
563 1982 764 2026 vestem
783 2011 799 2036 ,
849 1969 940 2023 sed
969 1974 1185 2036 propter
1207 1965 1373 2019 Deum
1407 1961 1654 2017 omnibus
1681 1960 1790 2031 pri-

201 2078 375 2129 vatur,
405 2062 786 2118 communibus
819 2067 877 2114 ut
899 2058 1129 2130 propriis
1158 2057 1343 2117 utitur,
1368 2065 1420 2109 et
1445 2052 1513 2107 ab
1541 2052 1791 2106 omnibus

202 2167 559 2227 quacumque
585 2151 818 2206 voluerit
846 2150 1109 2217 accipiet:
1139 2156 1194 2201 et
1220 2145 1298 2200 sic
1329 2144 1420 2214 qui
1448 2143 1578 2198 nihil
1608 2141 1789 2207 habet,

202 2248 446 2304 omnium
480 2246 622 2299 bona
652 2244 915 2315 possidet.
945 2238 1044 2308 Qui
1077 2249 1254 2294 autem
1286 2237 1451 2292 habet
1480 2237 1656 2304 aliqua
1679 2276 1693 2297 ,
1727 2252 1794 2289 ne

205 2339 398 2395 horum
423 2335 644 2406 quidem
667 2334 917 2388 dominus
947 2332 1070 2386 erit.
1104 2328 1286 2400 Neque
1312 2329 1457 2384 enim
1485 2326 1634 2381 dabit
1676 2324 1795 2396 quis

206 2427 506 2502 possidenti
529 2444 545 2492 ;
572 2436 626 2482 et
652 2425 921 2479 latronum
950 2431 1005 2477 et
1050 2420 1225 2475 furum
1261 2428 1314 2474 et
1343 2419 1793 2490 sycophantarum

209 2533 261 2577 et
281 2517 600 2574 mutationis
642 2530 846 2578 rerum,
887 2522 941 2568 et
967 2512 1204 2567 omnium
1260 2510 1433 2581 magis
1466 2523 1625 2578 quam
1654 2507 1797 2561 illius

210 2616 323 2670 tunc
341 2614 487 2667 bona
513 2617 692 2665 erunt.
722 2607 917 2662 Totum
946 2606 1089 2660 enim
1110 2604 1295 2659 orbem
1325 2601 1559 2673 pervasit
1579 2600 1795 2664 Paulus,

213 2706 341 2760 nihil
390 2717 580 2758 secum
610 2700 788 2755 ferens
814 2740 828 2765 ,
858 2713 964 2752 non
996 2696 1197 2750 amicos
1228 2693 1414 2748 adiens
1439 2731 1454 2754 ,
1501 2707 1607 2747 non
1655 2688 1803 2743 fami-

215 2800 406 2861 liares;
441 2804 560 2851 erat
588 2793 732 2849 enim
765 2793 819 2845 in
866 2789 1125 2861 principio
1154 2787 1402 2841 omnibus
1433 2783 1638 2839 hostis:
1665 2790 1802 2836 atta-

215 2906 333 2946 men
365 2889 649 2957 ingressus
690 2899 814 2939 eum
845 2889 1026 2948 esset,
1056 2879 1297 2934 omnium
1346 2874 1579 2951 habebat
1629 2874 1795 2928 bona.

218 2979 452 3034 Ananias
480 2991 612 3031 vero
638 2983 693 3029 et
717 2972 1004 3044 Sapphira,
1034 2978 1282 3026 curantes
1309 2976 1364 3022 ut
1393 2965 1655 3023 tantillum
1678 2961 1804 3034 quid

219 3086 282 3126 es
302 3068 463 3124 bonis
494 3067 611 3122 suis
639 3064 743 3119 sibi
780 3064 1094 3128 retinerent,
1126 3062 1193 3117 ab
1219 3058 1469 3115 omnibus
1490 3055 1807 3113 exciderunt

1212 288 1278 346 IN
1316 288 1528 347 El'lS'l‘.
1571 287 1588 341 1
1655 287 1744 342 AD
1783 285 1936 341 (ΞΟΠ.
1978 285 2201 341 ιιολιξι..
2245 285 2384 341 XVI.

1876 409 1927 455 et
1953 414 1981 453 a
2015 398 2120 454 vita
2147 398 2325 453 simul.
2358 397 2601 453 Abscede
2632 399 2792 469 igitur
2819 415 2848 453 a
2880 400 3003 467 tuis,
3034 411 3089 456 ut
3130 399 3328 459 alienis
3348 416 3458 461 uta-

1877 492 1950 547 ris
1979 492 2128 563 quasi
2157 491 2405 561 propriis.
2436 492 2505 545 At
2533 492 2673 546 enim
2705 493 2886 546 nescio
2904 493 3176 566 quomodo
3214 496 3266 549 in
3309 495 3448 552 hanc

1877 583 2205 655 hyperbolen
2226 583 2438 637 delatus
2470 583 2591 647 sim,
2632 583 2875 639 homines
2895 578 3192 655 alloquens,
3225 588 3315 656 qui
3351 589 3457 643 uti-

1876 690 1999 729 nam
2027 675 2109 729 vel
2134 674 2395 728 tantillum
2427 688 2650 729 suorum
2680 684 2924 746 crogent.

1951 764 2299 836 Eleemosyua:
2324 766 2476 821 bona.
2510 796 2576 805 —
2600 766 2724 820 Ideo
2745 766 2860 822 hzec
2892 769 3297 838 perfectioribus
3319 771 3460 827 dicta

1879 873 1907 911 a
1940 857 2093 912 nobis
2121 866 2319 922 sunto;
2356 856 2840 927 imperfectioribus
2879 875 3006 915 vero
3052 861 3137 914 illa
3170 862 3411 918 dicamus
3444 881 3457 916 :

1881 949 2010 1003 Date
2055 947 2236 1019 egenis
2275 964 2341 1003 ex
2382 948 2535 1003 bonis
2576 949 2787 1017 vestris,
2825 960 3014 1021 angelo
3060 951 3338 1008 facultates
3375 968 3465 1008 ve-

1880 1048 2018 1093 stras
2045 1055 2059 1093 :
2092 1037 2230 1093 Nunt
2282 1039 2369 1105 qui
2408 1039 2496 1092 dat
2548 1040 2795 1109 pauperi,
2828 1040 3019 1109 inquit,
3044 1045 3319 1114 fwncratur
3350 1043 3462 1099 Deo

1884 1131 1903 1201 (
1933 1130 2082 1184 f’rov.
2118 1130 2204 1184 t9.
2245 1132 2362 1200 i7).
2392 1129 2445 1184 Si
2477 1139 2654 1185 autem
2693 1130 2932 1197 festinas,
2961 1142 3016 1187 et
3046 1149 3150 1187 non
3182 1146 3461 1205 exspectas

1884 1233 2093 1293 tempus
2121 1223 2524 1289 retributionis;
2565 1224 2737 1294 cogita
2769 1238 2865 1277 eos
2901 1226 2989 1293 qui
3022 1226 3274 1294 pecunias
3297 1228 3468 1280 homi-

1885 1312 2042 1367 nibus
2063 1312 2390 1368 fcenerantur
2418 1330 2433 1365 :
2464 1327 2562 1367 nec
2584 1313 2725 1367 enim
2760 1313 2812 1367 bi
2833 1313 3018 1368 volunt
3043 1315 3221 1369 statim
3254 1331 3469 1371 usuram

1886 1407 2150 1476 accipere,
2195 1405 2288 1460 sed
2340 1406 2561 1476 cupiunt
2602 1414 2657 1460 ut
2692 1415 2852 1476 caput
2892 1406 3082 1476 majori
3133 1416 3374 1479 tempore
3419 1410 3471 1463 in

1889 1511 2076 1551 manus
2103 1495 2360 1551 debitoris
2378 1505 2612 1563 maneat,
2635 1497 2725 1567 qui
2754 1496 2818 1551 ad
2848 1496 3024 1554 fumus
3053 1498 3279 1568 accepit,
3309 1499 3471 1554 modo

1890 1595 1998 1643 tuta
2026 1589 2096 1644 sit
2120 1588 2350 1644 redditio
2378 1603 2477 1644 nec
2500 1599 2782 1659 suspectus
2814 1590 2883 1645 sit
2910 1590 2954 1645 is
2983 1591 3072 1660 qui
3102 1592 3324 1661 accepit.
3361 1592 3476 1648 Hec

1891 1679 2051 1750 igitur
2096 1679 2182 1733 hic
2213 1695 2427 1750 quoque
2466 1680 2556 1733 tiat
2583 1697 2597 1734 :
2626 1679 2834 1735 dimitte
2866 1682 2954 1736 illa
2998 1681 3137 1752 apud
3185 1683 3350 1738 Deum
3373 1726 3388 1745 .
3419 1694 3479 1739 ut

1892 1771 2081 1827 reddat
2113 1771 2205 1826 tibi
2254 1771 2657 1841 multiplicatam
2705 1772 3031 1827 mercedem.
3072 1773 3148 1827 Nc
3191 1773 3277 1829 hic
3308 1783 3479 1831 totum

1892 1876 2102 1935 qureras
2129 1881 2141 1915 :
2170 1863 2214 1916 si
2256 1863 2399 1916 enim
2455 1862 2542 1917 hic
2571 1872 2739 1916 totum
2768 1865 2995 1933 recipias
3021 1905 3036 1927 ,
3068 1866 3339 1934 quomodo
3368 1866 3481 1920 illic

1895 1951 2157 2023 recipies?
2204 1951 2329 2006 ldeo
2354 1960 2409 2005 et
2456 1952 2598 2006 Deus
2629 1953 2740 2007 illic
2780 1953 3112 2009 reconditum
3142 1965 3307 2022 tenet,
3335 1957 3480 2026 quod

1895 2045 2001 2099 vita
2032 2044 2147 2099 haec
2178 2042 2317 2099 ﬂuxa
2347 2045 2438 2099 sit.
2484 2044 2584 2100 Dat
2624 2056 2799 2101 tamen
2850 2055 2903 2103 et
2952 2047 3039 2101 hic
3081 2063 3296 2118 quoque
3338 2067 3352 2103 :
3406 2050 3483 2104 ait

1897 2136 2046 2190 enim
2075 2153 2088 2189 :
2125 2134 2351 2202 Quatrite
2394 2151 2603 2207 regnum
2633 2136 2896 2203 ca'lorum,
2923 2147 2967 2190 et
3005 2137 3112 2192 lucc
3140 2140 3306 2192 omnia
3346 2127 3495 2211 adji-i

1897 2227 2092 2281 cientur
2109 2228 2245 2282 vobis
2264 2226 2475 2298 (Matth.
2501 2228 2554 2282 6.
2578 2228 2689 2298 5'5).
2714 2228 2818 2284 Sed
2840 2244 2938 2284 nos
2968 2229 3034 2285 ad
3063 2230 3193 2285 illud
3225 2233 3479 2302 respicia-

1899 2332 2040 2384 mus,
2069 2328 2124 2373 et
2153 2333 2221 2374 ne
2247 2319 2563 2375 festinemus
2587 2320 2652 2375 ad
2682 2320 2920 2375 omnium
2950 2320 3358 2377 retributionem
3385 2364 3402 2390 ,
3431 2333 3489 2379 ut

1901 2423 1969 2463 ne
2000 2409 2305 2464 minuamus
2328 2410 2668 2476 mercedem;
2701 2411 2795 2466 sed
2839 2421 3050 2483 tempus
3087 2424 3483 2482 exspectemus.

1901 2499 2015 2555 Non
2048 2500 2189 2556 enim
2240 2502 2374 2556 tales
2404 2512 2529 2557 sunt
2560 2501 2641 2555 ha:
2688 2516 2902 2571 usum,
2954 2504 3050 2559 sed
3079 2506 3267 2576 quales
3305 2522 3333 2560 a
3369 2508 3478 2563 Deo

1903 2590 2016 2646 dari
2050 2607 2145 2662 par
2165 2601 2265 2647 est.
2291 2592 2385 2646 His
2413 2594 2572 2663 igitur
2595 2608 2715 2647 cum
2739 2593 2980 2649 ubertate
3009 2611 3196 2666 magna
3227 2597 3490 2665 collectis,

1906 2681 1976 2735 ita
2002 2682 2124 2736 hinc
2145 2682 2422 2750 abeamus,
2451 2692 2509 2738 ut
2533 2693 2586 2738 et
2607 2684 2887 2753 pmsentia
2910 2692 2961 2739 et
2990 2683 3167 2740 futura
3193 2702 3495 2759 consequa-

1908 2789 2029 2829 mur
2073 2775 2236 2841 bona,
2268 2776 2439 2846 gratia
2472 2785 2526 2831 et
2550 2777 2881 2847 benignitate
2912 2778 3121 2832 Domini
3163 2782 3331 2836 nostri
3359 2781 3491 2838 Jesu

1910 2864 2128 2931 Christi,
2174 2866 2387 2936 quicum
2443 2867 2586 2923 Patri
2641 2877 2695 2923 et
2733 2883 2836 2924 una
2886 2869 3103 2939 Spiritui
3148 2882 3337 2927 sancto
3386 2873 3503 2944 glo-

1912 2954 2012 3020 ria,
2046 2957 2354 3026 imperium,
2384 2959 2572 3025 honor,
2609 2976 2751 3015 nunc
2776 2970 2830 3016 et
2857 2976 3098 3032 semper,
3131 2973 3184 3017 et
3216 2966 3267 3019 in
3310 2966 3504 3020 saecula

1919 3048 2263 3104 swculorum.
2294 3052 2488 3105 Amen.

233 3184 3510 3221 Μ

1604 3251 1953 3316 HOMILIA
1996 3254 2169 3316 XVI.

224 3401 347 3456 Car.
389 3400 446 3455 5.
487 3413 543 3451 Υ.
575 3395 631 3451 9.
660 3394 858 3464 Scripsi
882 3392 1018 3447 vobis
1043 3393 1096 3446 in
1119 3391 1332 3462 epistola
1359 3407 1381 3445 :
1408 3408 1472 3447 ne
1493 3393 1816 3447 commiscea-

293 3492 419 3545 ιηιὶηὲ
465 3479 795 3559 [οῑηὶαιγίὶεξ
846 3484 933 3540 10.
980 3500 1082 3537 non
1123 3484 1293 3553 utique
1333 3484 1623 3555 fornicariis
1661 3485 1815 3558 hujus

298 3582 474 3637 iuundi
498 3588 587 3633 aut
607 3578 775 3633 avaris
798 3586 887 3631 aut
900 3576 1169 3646 rapacibus
1188 3585 1275 3628 aut
1292 3577 1442 3631 idolis
1466 3577 1814 3633 servientibus:

298 3674 491 3741 alioqui
516 3669 807 3725 debucrstis
831 3683 896 3723 ea:
923 3668 1111 3720 mundo
1139 3667 1318 3721 exisse.
1350 3665 1437 3721 Η.
1470 3664 1624 3721 Nunc
1652 3678 1818 3721 autent

300 3763 483 3832 scripsi
514 3761 653 3816 vobis
696 3775 797 3814 non
825 3758 1180 3813 commisceri:
1209 3758 1252 3810 si
1276 3761 1320 3810 is
1338 3799 1354 3823 ,
1398 3758 1483 3828 qui
1524 3762 1682 3828 frater
1728 3776 1821 3813 no-

301 3856 529 3909 minatur
551 3854 685 3905 inter
704 3867 811 3916 nos,
838 3860 912 3905 est
933 3850 1216 3920 fornicator
1232 3858 1322 3903 aut
1348 3865 1531 3903 avarus
1560 3859 1648 3904 aut
1669 3851 1822 3905 idolis

302 3946 529 4001 serviens
556 3954 648 3997 aut
675 3941 899 3996 ebriosus
929 3950 1015 3995 aut
1039 3939 1319 3995 maledicus
1344 3951 1433 3995 aut
1462 3958 1629 4011 rapax
1649 3984 1665 4010 ,
1708 3958 1824 3996 cum

304 4035 610 4109 hajusmodi
638 4050 726 4089 nec
767 4033 932 4087 cibum
963 4047 1181 4086 sumere.
1346 4031 1357 4063 i

304 4130 358 4185 1.
402 4129 549 4195 Quia
579 4125 719 4181 enim
742 4124 913 4190 dixit,
946 4122 1070 4178 Non
1097 4124 1266 4194 potius
1309 4123 1502 4177 luctum
1542 4123 1785 4178 habuistis
1810 4165 1824 4190 ,

243 4234 292 4276 st
315 4223 382 4276 de
427 4217 600 4272 medio
625 4217 833 4272 tollatur
855 4217 940 4286 qui
963 4223 1039 4270 est
1063 4215 1355 4286 hujusmodi
1377 4230 1397 4278 ,'
1426 4224 1501 4281 et,
1531 4213 1832 4287 Expurgate

244 4324 377 4369 setas
412 4313 765 4383 fermentum;
807 4317 862 4364 et
892 4307 1183 4363 verisimile
1223 4314 1339 4362 erat
1382 4305 1642 4376 suspicari
1668 4306 1788 4361 illos
1813 4348 1829 4372 ,

244 4408 551 4479 fugiendum
577 4420 701 4461 esse
739 4404 807 4460 ab
832 4403 1084 4460 omnibus
1128 4402 1470 4468 fornicariis;
1523 4402 1567 4458 si
1596 4401 1739 4458 enim
1787 4401 1833 4457 is

244 4500 331 4570 qui
361 4497 610 4569 peccavit
646 4496 843 4551 malum
873 4510 1029 4551 suum
1057 4495 1312 4565 impertiit
1341 4494 1406 4550 iis
1434 4494 1525 4566 qui
1569 4509 1675 4549 non
1705 4507 1833 4564 pec-

244 4599 540 4656 caverunt,
592 4587 765 4644 multo
804 4587 974 4658 magis
1008 4598 1263 4643 externos
1303 4594 1515 4657 oportet
1557 4585 1834 4641 aversari:

248 4699 375 4738 nam
397 4684 443 4736 si
472 4680 726 4736 familiari
770 4694 992 4749 parcere
1021 4694 1126 4734 non
1158 4685 1364 4748 oportet
1390 4717 1405 4743 ,
1456 4676 1597 4747 quod
1630 4685 1836 4732 tantum

248 4774 339 4831 ilic
362 4773 550 4829 damni
575 4771 788 4837 inferat,
812 4770 980 4826 multo
1000 4770 1177 4825 minus
1198 4769 1318 4823 aliis
1341 4768 1663 4838 parcendum
1700 4784 1713 4819 :
1738 4768 1840 4823 hoc

255 4866 425 4934 posito
452 4872 877 4920 consentaneum
906 4870 1022 4916 erat
1045 4860 1281 4931 separari
1305 4858 1465 4913 etiam
1494 4874 1522 4912 a
1550 4857 1838 4913 fornicato-

260 4958 399 5011 :ibus
424 4956 522 5027 qui
548 4954 689 5025 apud
715 4953 934 5010 Grzecos
961 4963 1133 5019 erant;
1162 4961 1219 5007 et
1255 4951 1300 5007 si
1340 4967 1399 5006 re
1419 4950 1486 5005 ad
1513 4949 1842 5021 impossibile

256 5050 491 5116 redacti,
518 5048 687 5119 magis
701 5062 845 5117 aegre
870 5045 1122 5100 tulissent
1148 5061 1162 5099 :
1193 5045 1292 5098 hac
1317 5042 1652 5098 correctione
1677 5042 1846 5095 utitur

254 5141 470 5197 dicens:
503 5141 704 5210 Scripsi
732 5139 971 5205 cobis,ne
988 5135 1409 5191 commisceamini
1433 5131 1844 5206 fornicatoribus;

254 5244 300 5285 es
328 5249 429 5287 non
456 5234 632 5304 utique
670 5228 1063 5304 fornicatoribus
1090 5227 1242 5293 huius
1268 5225 1481 5290 mundi;
1512 5222 1640 5278 illud
1665 5263 1681 5287 ,
1726 5221 1845 5278 Uti-

257 5338 369 5389 que,
400 5322 559 5394 quasi
587 5323 643 5377 in
670 5319 924 5379 confesso
947 5332 1170 5389 ponens.
1199 5315 1276 5372 Ne
1301 5315 1444 5370 enim
1468 5322 1716 5384 putarent
1745 5312 1849 5369 hoc

269 5414 443 5482 ipsum
490 5413 600 5469 illis
636 5427 745 5469 non
775 5409 1095 5482 praecepisse
1130 5408 1283 5479 quasi
1323 5405 1806 5477 imperfectioribus
1832 5446 1847 5469 ,

262 5515 317 5560 et
358 5522 430 5563 ne
474 5506 579 5578 ipsi
609 5516 669 5562 ut
718 5503 943 5577 perfecti
991 5502 1118 5557 illud
1165 5501 1343 5556 facere
1390 5498 1808 5571 aggrederentur
1833 5539 1848 5564 ,

266 5599 497 5656 ostendit
522 5600 626 5655 hoc
654 5598 772 5655 fieri
801 5611 909 5651 non
938 5609 1095 5665 posse
1117 5634 1134 5661 ,
1176 5592 1389 5650 etiamsi
1410 5592 1466 5648 id
1497 5592 1726 5647 mxime
1756 5605 1852 5645 ve-

270 5688 365 5745 ﬁnt
407 5698 732 5764 :oporteret
795 5689 940 5745 enim
983 5687 1140 5743 stium
1186 5698 1375 5757 quare
1477 5684 1684 5740 urbem.
1727 5682 1854 5741 Ideo

1917 3394 2217 3464 subjunxit:
2243 3396 2480 3454 Alioouin
2502 3396 2786 3453 debueratis
2808 3416 2871 3454 ex
2889 3401 3078 3455 mundo
3099 3403 3296 3457 exiisse.
3313 3403 3501 3459 Viden‘

1918 3502 2074 3556 quam
2101 3502 2205 3541 non
2228 3488 2483 3544 molestus
2497 3490 2565 3544 sit
2589 3531 2603 3555 ,
2628 3500 2681 3545 et
2698 3492 2892 3562 ubique
2914 3508 3018 3548 non
3039 3495 3199 3549 modo
3217 3497 3358 3565 quod
3396 3498 3511 3553 fleri

1920 3579 2121 3646 possit,
2142 3578 2235 3634 sed
2257 3580 2415 3634 etiam
2459 3581 2602 3650 quod
2635 3582 2790 3637 facile
2819 3583 2888 3637 sit
2919 3583 2974 3637 in
3006 3584 3123 3655 lege
3154 3586 3366 3641 ferenda
3394 3603 3510 3657 per-

1920 3669 2143 3738 spiciat?
2168 3669 2446 3738 Quomodo
2464 3672 2605 3726 enim
2630 3682 2804 3743 potest
2826 3673 3008 3741 homo,
3030 3678 3222 3746 inquit,
3244 3677 3406 3748 quiet
3425 3677 3515 3733 do-

1921 3761 2030 3814 mui
2056 3769 2107 3814 et
2141 3760 2325 3815 liberis
2349 3764 2655 3831 praeﬁcitur,
2688 3774 2742 3819 et
2766 3766 2997 3820 civitatis
3020 3783 3241 3822 munera
3275 3778 3515 3838 prcestat,

1923 3863 2016 3908 aut
2034 3854 2125 3924 qui
2144 3852 2334 3909 artifex
2353 3856 2437 3910 vel
2453 3856 2608 3911 miles
2632 3858 2721 3921 sit,
2744 3873 2866 3912 cum
2887 3866 2991 3912 tam
3016 3860 3167 3914 multi
3190 3861 3294 3915 sint
3310 3860 3480 3917 Graeci
3500 3903 3517 3927 ,

1924 3943 2274 4024 fornicatores
2295 3947 2385 4015 qui
2409 3945 2604 4016 ubique
2630 3955 2753 4001 sunt
2774 3947 2987 4017 fugere?
3007 3949 3355 4007 fornicatores
3377 3954 3518 4007 enim

1927 4035 2111 4090 mundi
2135 4047 2289 4089 vocat
2311 4035 2451 4095 illos.
2477 4039 2565 4107 qui
2590 4037 2730 4107 apud
2748 4037 2963 4094 Grzecos
2988 4049 3161 4093 erant.
3184 4039 3339 4095 Nunc
3355 4053 3521 4096 autem

1929 4125 2112 4195 scripsi
2153 4127 2290 4181 vobis
2312 4169 2326 4193 ,
2375 4129 2418 4181 si
2470 4127 2580 4198 quis
2611 4134 2768 4200 frater
2797 4129 2915 4183 talis
2956 4130 3059 4195 sit,
3113 4142 3168 4185 ut
3194 4149 3309 4185 cum
3340 4134 3431 4187 illo
3459 4151 3523 4189 ue

1930 4217 2132 4287 quidem
2157 4217 2450 4272 comedetis.
2481 4218 2579 4274 llic
2613 4220 2815 4275 etalios
2841 4220 3139 4277 subindicat
3166 4224 3219 4278 in
3247 4223 3524 4294 iniquitate

1932 4310 2192 4365 viventes.
2220 4310 2288 4365 Et
2309 4311 2581 4382 quomodo
2609 4310 2776 4368 frater
2798 4328 2919 4368 cum
2949 4315 3048 4382 sit,
3083 4315 3368 4372 idololatra
3399 4331 3520 4373 esse

1932 4402 2150 4473 potest?
2191 4401 2260 4458 Ut
2300 4402 2439 4475 apud
2467 4403 2836 4461 Samaritanos
2871 4407 3095 4476 contigit
3133 4408 3263 4462 olim
3290 4447 3304 4471 ,
3333 4408 3426 4477 qui
3453 4424 3518 4463 ex

1936 4493 2152 4549 dimidia
2180 4502 2329 4564 parte
2355 4495 2494 4564 piam
2535 4495 2849 4567 religionem
2879 4499 3222 4553 sectabantur
3246 4514 3258 4551 :
3287 4499 3525 4569 alioquin

1937 4586 2098 4640 etiam
2143 4585 2554 4641 fundamentum
2581 4587 2712 4657 iacit
2751 4588 2914 4644 futuri
2951 4591 3220 4645 sermonis
3251 4590 3319 4646 de
3351 4590 3527 4647 idolo-

1938 4678 2102 4753 thgtis
2125 4719 2141 4746 ,
2193 4694 2349 4749 quem
2377 4679 2477 4735 sub
2502 4678 2617 4735 haec
2643 4681 2986 4737 instituturus
3021 4692 3122 4737 est.
3164 4682 3268 4736 Aut
3313 4700 3523 4738 avarus.

1938 4769 2068 4824 Nam
2095 4769 2350 4825 adversus
2380 4770 2479 4825 hos
2507 4782 2808 4827 certaturus
2833 4784 2914 4827 est
2940 4790 2955 4837 ;
3001 4773 3229 4843 ideoque
3256 4772 3468 4827 dicebat
3495 4815 3512 4839 ,

1941 4859 2045 4914 Cur
2073 4876 2175 4915 non
2204 4862 2371 4931 potius
2395 4863 2641 4934 injuriam
2668 4862 2947 4931 patimini?
2969 4862 3074 4916 Cur
3099 4881 3199 4918 non
3231 4864 3531 4934 priuamini.’

1941 4950 2029 5005 sed
2054 4966 2140 5006 vos
2168 4953 2412 5025 injuriam
2441 4954 2610 5021 facitis
2635 4964 2682 5006 et
2710 4953 2918 5023 privatis
2962 4954 2981 5025 (
3006 4965 3055 5009 t.
3088 4954 3208 5011 Cor.
3261 4957 3315 5012 6.
3349 4957 3402 5013 7.
3434 4957 3469 5015 8
3501 4959 3522 5029 )

1943 5042 2041 5095 Aut
2070 5042 2313 5099 ebriosus.
2354 5043 2486 5097 Nam
2515 5047 2615 5097 hac
2641 5058 2854 5116 quoque
2879 5043 2947 5100 de
2986 5060 3045 5101 re
3071 5058 3287 5105 accusat
3336 5049 3391 5105 in
3447 5066 3542 5106 se-

1944 5135 2230 5204 quentibus
2250 5176 2265 5201 ,
2317 5142 2376 5188 ut
2400 5149 2522 5189 cum
2548 5134 2679 5189 dicit
2724 5152 2739 5190 :
2772 5135 2916 5191 Atius
2943 5137 3145 5207 quidem
3175 5140 3329 5194 esurit
3354 5141 3541 5208 ,.atius

1946 5234 2110 5278 autem
2157 5224 2323 5279 ebrius
2351 5234 2427 5279 est
2460 5227 2479 5295 ί
2507 5226 2530 5280 l
2582 5223 2702 5280 Cor.
2732 5227 2818 5281 ll.
2854 5227 2915 5281 2|
2947 5227 2968 5300 )
3002 5246 3015 5282 :
3047 5238 3135 5294 et,
3172 5228 3315 5284 Esca:
3335 5233 3496 5285 ventri
3523 5267 3539 5292 ,

1948 5326 1994 5370 et
2023 5325 2190 5370 venter
2232 5319 2358 5371 escis
2391 5316 2489 5389 (l.
2531 5315 2654 5372 Cor.
2703 5316 2756 5372 6.
2810 5317 2944 5390 15).
2987 5318 3089 5372 Aut
3139 5319 3415 5375 maledicus
3451 5337 3536 5376 aut

1949 5425 2134 5480 rapax.
2185 5409 2320 5464 Nam
2348 5409 2528 5466 ethos
2553 5425 2715 5482 supra
2741 5424 2954 5481 quoque
2980 5410 3293 5481 increpavit.
3338 5412 3544 5467 Deinde

1952 5501 2113 5556 etiam
2164 5515 2380 5555 causam
2429 5500 2607 5566 addit,
2659 5502 2730 5557 ob
2781 5516 2938 5573 quam
2973 5516 3080 5555 non
3123 5500 3372 5571 prohibet
3419 5516 3541 5559 cum

1959 5592 2232 5658 externis,
2261 5591 2352 5663 qui
2380 5592 2516 5647 tales
2543 5591 2673 5658 sint,
2704 5590 3044 5647 commisceri
3070 5605 3087 5657 ;
3118 5591 3406 5649 ostendens
3435 5609 3540 5649 non

1955 5683 2116 5743 modo
2139 5684 2192 5743 id
2219 5699 2324 5742 non
2352 5683 2466 5742 fieri
2488 5682 2673 5758 posse,
2701 5683 2797 5741 sed
2823 5684 2987 5741 etiam
3013 5684 3341 5758 superﬂuum
3370 5702 3492 5751 esse
3519 5706 3532 5753 ;
