4086 6214
556 332 659 389 153

623 447 696 512 7'.
728 439 801 496 Σὺ
834 438 1010 493 τοίνυν
1042 434 1073 490 δ
1108 434 1313 506 μέλλων
1344 432 1550 500 κρίνειν
1576 428 1813 490 ἐκείνους
1837 427 1978 487 τότε.
2007 425 2123 487 πῶς

550 532 641 586 ὑπ’
672 529 890 585 ἐκείνων
922 527 1088 595 ἀνέχῃ
1118 521 1398 593 κρίνεσθαι
1429 518 1560 583 νῦν;
1623 516 1882 589 Κρινοῦσι
1913 516 1970 569 δέ
2000 517 2121 586 ούχὶ

550 624 703 676 αὐτοὶ
732 620 1030 688 καθήμενοι
1068 614 1160 665 καὶ
1187 610 1343 678 λόγον
1384 609 1763 674 ἀπαιτοῦντες,
1792 609 1930 683 ἀλλὰ
1958 623 2122 662 κατα-

551 711 816 784 κρινοῦσι.
864 706 1034 759 Τοῦτο
1074 702 1205 772 γοῦν
1233 702 1407 774 δηλῶν
1441 702 1595 770 ἔλεγε
1616 716 1630 731 ⁸
1668 702 1775 755 Καὶ
1807 702 1859 754 ει
1884 701 1956 753 ἐν
1981 697 2125 769 ὑμῖν

550 802 810 868 κρίνεται
844 800 877 849 d
908 795 1160 863 κόσμος,
1191 792 1432 857 ἀνάξιοί
1472 793 1613 845 ἐστε
1642 791 1957 859 κριτηρίων
1986 790 2124 843 ἐλα-

548 892 811 960 χίστων;
874 886 949 939 06
1016 886 1127 957 γάρ
1192 880 1366 950 εἶπεν,
1428 884 1549 952 Ὑφ’
1596 884 1770 954 ὑμῶν,
1822 881 1958 950 ἀλλ’,
2020 882 2125 936 Ἐν

545 982 709 1051 ὑμῖν·
759 979 948 1052 ῶσπερ
984 980 1112 1033 ὅταν
1150 979 1305 1051 λέγῃο
1354 978 1701 1031 Βασίλισσα
1747 981 1928 1031 νότου
1974 975 2121 1031 ἀνα-

546 1071 859 1143 στήσεται,
916 1070 1013 1125 καὶ
1049 1070 1398 1138 κατακρινεῖ
1436 1069 1552 1137 τὴν
1594 1070 1811 1139 γενεὰν
1859 1069 2082 1136 ταύτην
2105 1084 2120 1101 ο

547 1164 665 1226 καὶ,
703 1161 944 1231 Ἄνδρες
974 1161 1273 1215 Νινευῖται
1302 1160 1775 1227 ἀναστήσονται,
1812 1160 1908 1213 καὶ
1940 1176 2122 1213 κατα-

547 1253 824 1322 κρινοῦσι
851 1253 967 1321 τὴν
1001 1252 1217 1322 γενεὰν
1246 1250 1491 1317 ταύτην.
1524 1251 1695 1303 Ὅταν
1746 1250 1853 1322 γὰρ
1884 1250 1974 1303 τὸν
2026 1251 2125 1303 αὐ-

545 1346 638 1399 τὸν
671 1344 819 1416 ἥλιον
850 1344 1104 1416 ὁρῶντες,
1135 1343 1230 1397 καὶ
1258 1342 1366 1395 τῶν
1400 1342 1581 1397 αὐτῶν
1626 1343 1945 1414 μετέχοντες
1991 1345 2125 1398 πάνυ

547 1454 675 1500 των,
719 1439 882 1508 ἡμεῖς
917 1435 1014 1506 μὲν
1043 1435 1360 1507 εὑρεθῶμεν
1394 1436 1806 1499 πιστεύσαντες,
1837 1436 2035 1489 ἐκεῖνοι
2068 1436 2125 1489 δὲ

548 1527 935 1597 ἠπιστηκότες,
963 1526 1022 1578 06
1053 1526 1375 1593 δυνήσονται
1395 1528 1475 1589 είς
1515 1526 1739 1595 ἄγνοιαν
1763 1530 2122 1597 καταφυγεῖν

547 1622 998 1691 κατηγορήσομεν
1026 1617 1134 1688 γὰρ
1155 1617 1332 1670 αὐτῶν
1355 1618 1515 1687 ἡμεῖς
1542 1618 1608 1670 δι’
1631 1618 1830 1683 αὐτῶν,
1864 1613 1938 1674 ὧν
1962 1620 2127 1691 ἐπράο

549 1710 739 1782 ξαμεν.
774 1709 883 1762 Καὶ
922 1708 1096 1761 πολλὰ
1123 1706 1350 1761 τοιαῦτα
1392 1710 1611 1781 εὑρήσει
1650 1728 1735 1774 τις
1784 1712 1901 1765 ἐκεῖ
1931 1713 2126 1784 κριτή-

551 1820 661 1873 ρια.
705 1799 859 1865 Εἶτα,
895 1801 982 1854 ἵνα
1017 1799 1089 1870 μὴ
1122 1799 1248 1872 δόξῃ
1277 1816 1361 1862 τις
1396 1800 1524 1871 περὶ
1573 1800 1748 1855 ἄλλων
1795 1800 1996 1869 λέγειν,
2026 1803 2124 1873 ὅρα

550 1895 668 1957 πῶς
694 1894 990 1945 κοινοποιεῖ
1015 1892 1109 1945 τὸν
1153 1890 1307 1958 λόγον
1329 1908 1341 1921 ·
1376 1891 1488 1944 Καὶ
1519 1893 1570 1945 εί
1595 1890 1664 1944 ἐν
1692 1890 1834 1959 ὑμῖν
1866 1892 2128 1960 κρίνεται

551 1984 701 2057 [138]
756 1986 789 2036 ὀ
819 1983 1070 2050 κόσμος,
1109 1980 1349 2046 ἀνάξιοί
1393 1981 1534 2035 ἐστε
1576 1982 1897 2050 κριτηρίων
1926 1982 2128 2051 ἐλαχί-

549 2091 746 2140 στων;
774 2073 1042 2143 Αἰσχύνην
1078 2074 1205 2143 ὑμῖν
1261 2072 1415 2143 φέρει
1459 2072 1520 2125 τὸ
1557 2074 1808 2144 πρᾶγμα,
1846 2074 2000 2145 φησὶ,
2034 2074 2129 2127 καὶ

548 2167 749 2229 ὄνειδος
794 2167 1018 2234 ἄφατον.
1085 2164 1306 2236 Ἐπειδὴ
1353 2164 1463 2236 γάρ
1516 2165 1663 2229 είκδς
1696 2161 1764 2236 ἦν
1794 2166 1990 2230 αὐτοὺς
2025 2165 2130 2219 ὑπὸ

550 2258 658 2312 τῶν
693 2259 800 2312 ἔσω
851 2258 1204 2328 κρινομένους
1253 2258 1623 2328 αἰσχύνεσθαι,
1676 2259 1984 2313 τούναντίον
2030 2259 2129 2329 μὲν

549 2346 642 2404 οῦν
667 2351 816 2403 ἐστιν
847 2347 1099 2418 αἰσχύνη,
1148 2348 1335 2420 φησὶν,
1384 2349 1513 2401 ὅταν
1546 2348 1651 2402 61:0
1676 2349 1784 2402 τῶν
1812 2348 1917 2415 ἔξω
1942 2350 2127 2420 κρίνε-

554 2441 675 2495 σθε·
710 2442 895 2493 ἐκεῖνα
952 2439 1062 2510 γάρ
1114 2442 1261 2493 ἐστιν
1300 2439 1556 2509 ἐλάχιστα
1607 2440 1677 2493 τά
1725 2442 2005 2513 κριτήρια.
2066 2443 2128 2494 ού

548 2533 744 2588 ταῦτα.
777 2533 900 2585 Οὺκ
922 2531 1122 2586 οἴδατε
1151 2531 1243 2586 ὅτι
1277 2531 1575 2601 ἀγγέλους
1603 2533 1945 2603 κρινοῦμεν,
1985 2532 2130 2603 μήτι

550 2645 617 2698 γε
642 2625 894 2691 βιωτικά
911 2644 930 2691 ;
980 2626 1139 2688 Τινὲς
1167 2626 1405 2680 ἐνταῦθά
1432 2644 1565 2696 φασι
1593 2627 1719 2691 τοὺς
1746 2628 1926 2697 ἱερέας
1955 2628 2129 2681 αίνίτ-

548 2718 766 2773 τεσθαιο
801 2719 916 2772 ἀλλ’
943 2719 1153 2787 ἄπαγε·
1189 2719 1318 2789 περὶ
1353 2718 1461 2789 γὰρ
1489 2718 1759 2789 δαιμόνων
1787 2720 1815 2771 ὁ
1841 2719 1999 2786 λόγος
2032 2719 2131 2772 αύ-

549 2810 648 2880 τῷ.
675 2811 739 2864 Et
765 2809 875 2881 γὰρ
901 2809 1029 2881 περὶ
1054 2809 1248 2881 ἱερέων
1271 2809 1424 2878 ἔλεγε
1448 2808 1886 2880 διεφθαρμένων,
1906 2810 2131 2882 ᾐνίξατο

550 2902 618 2957 ἂν
644 2904 840 2968 αὐτοὺς
864 2903 976 2957 ἄνω
1004 2903 1193 2966 εἰπὼν,
1223 2903 1304 2957 ὅτι
1337 2902 1439 2959 Ἐν
1468 2901 1610 2971 ὑμῖν
1636 2902 1899 2971 κρίνεται
1946 2905 1980 2956 ό
2026 2904 2131 2956 κό-

551 3009 723 3065 σμος’
756 2991 865 3049 οἵδε
918 2995 1026 3065 γάρ
1055 2994 1259 3066 κόσμον
1286 2997 1381 3048 καὶ
1433 2996 1560 3058 τοὺς
1613 2987 1885 3065 πονήροῦς
1915 2993 2132 3067 ἀνθρὼ-

552 3101 688 3148 πονς
714 3084 898 3138 καλεῖν
938 3086 972 3156 ή
1011 3085 1202 3157 Γραφή
1228 3101 1242 3116 ο
1291 3085 1387 3139 καὶ
1428 3084 1529 3138 οὐκ
1573 3085 1638 3139 ἂν
1679 3087 1743 3139 ἐκ
1773 3084 2033 3155 δευτέρου
2070 3085 2132 3138 τὸ

552 3175 684 3229 αὐτὸ
709 3172 882 3240 εἶπεν,
913 3176 1027 3229 οὐδ’
1065 3176 1131 3230 ἂν
1160 3175 1236 3238 ὼς
1275 3176 1460 3246 μεῖζόν
1487 3193 1542 3228 τι
1574 3175 1748 3244 λέγων
1780 3176 2004 3247 ὕστερον
2036 3177 2134 3230 a6-

552 3267 616 3319 τὸ
644 3266 918 3324 τέθεικεν.
957 3267 1119 3321 Ἀλλά
1144 3267 1271 3338 περὶ
1302 3267 1523 3321 ἐκείνων
1551 3267 1699 3336 λέγει
1726 3268 1833 3323 τῶν
1860 3267 2129 3338 ἀγγέλων,

555 3360 684 3429 περὶ
712 3352 786 3413 ὧν
822 3377 988 3429 φησιν
1025 3362 1053 3412 ὁ
1096 3358 1328 3428 Χριστός
1352 3373 1367 3389 ⁸
1414 3360 1749 3425 Πορεύεσθε
1788 3362 1877 3427 εις
1909 3360 1973 3414 τὸ
2014 3360 2134 3429 πῦρ

553 3451 620 3504 τὸ
658 3449 1106 3519 ἡτοιμασμένον
1150 3447 1231 3513 τῷ
1273 3448 1529 3511 διαϐόλῳ
1562 3449 1661 3502 καί
1696 3449 1822 3515 τοῖς
1853 3449 2135 3519 ἀγγέλοις

554 3541 761 3594 αὑτοῦ·
802 3540 895 3593 καὶ
927 3541 955 3591 ὁ
991 3537 1220 3602 Παῦλος,
1252 3539 1333 3591 ὅτι
1369 3541 1433 3591 Ol
1458 3537 1701 3608 ἄγγελοι
1743 3539 1930 3593 αὑτοῦ
1952 3558 2132 3609 μετα-

554 3631 1015 3701 σχηματίζονται
1055 3630 1136 3693 ὼς
1192 3628 1461 3682 διάκονοι
1500 3630 1922 3698 δικαιοσύνης.
1963 3630 2135 3685 Ὅταν

555 3722 665 3790 γὰρ
702 3721 758 3772 αἱ
789 3717 1073 3788 ἀσώματοι
1111 3717 1372 3787 δυνάμεις
1403 3712 1564 3772 αὗται
1598 3716 1820 3771 ἔλαττον
1852 3718 2013 3790 ἡμῶν
2044 3721 2135 3773 εύ-

560 3812 789 3884 ρεθῶσιν
819 3812 1041 3881 ἔχουσαι
1078 3809 1187 3863 τῶν
1215 3810 1394 3881 σάρκα
1431 3810 1936 3883 περιϐεϐλημένων,
1976 3812 2140 3883 χαλε-

558 3903 812 3975 πωτέραν
856 3903 1088 3956 δώσουσι
1120 3901 1296 3971 δίκην.
1359 3901 1423 3954 Εἰ
1453 3901 1510 3954 δὲ
1550 3900 1630 3955 ἔτι
1668 3902 2026 3971 φιλονεικοῖέν
2051 3920 2136 3957 τι-

558 4014 647 4062 νες
696 3995 876 4068 ἱερέας
935 3993 1114 4063 λέγειν
1168 3991 1353 4059 αὐτὸν,
1401 3991 1643 4064 ἐρόμεθα
1690 3993 1879 4057 ποίους
1915 3993 2135 4065 ίερέας;

559 4087 698 4151 Τοὺς
728 4085 995 4158 βιωτικῶς
1040 4085 1527 4157 περιπατήσαντας
1573 4082 1811 4148 πάντως.
1869 4083 1997 4148 Πῶς
2044 4079 2139 4139 οὖν

560 4193 747 4248 φησιν,
805 4176 1117 4247 Ἀγγέλους
1174 4173 1518 4243 κρινοῦμεν,
1555 4172 1702 4243 μήτι
1752 4190 1820 4242 τε
1862 4173 2138 4241 βιωτικὰ,

561 4269 697 4342 πρὸς
726 4266 1134 4339 ἀντιδιαστολὴν
1162 4265 1267 4319 τῶν
1305 4264 1581 4336 βιωτικῶν
1611 4264 1779 4328 τιθεὶς
1810 4269 1941 4330 τοὺς
1971 4267 2143 4335 ἀγγέ-

559 4362 713 4427 λους;
772 4359 1034 4423 Εἰκότως,
1071 4359 1165 4412 ᾰτε
1203 4358 1301 4427 τῆς
1344 4356 1550 4410 τούτων
1574 4356 1763 4427 χρείας
1796 4358 1951 4421 ὲκτὸς
1985 4375 2141 4428 γενο-

565 4452 757 4521 μένους
785 4451 873 4503 διὰ
904 4450 1001 4521 τὴν
1032 4450 1130 4517 τῆς
1167 4445 1384 4516 φύσεως
1414 4448 1711 4518 ὑπεροχήν.
1745 4451 1996 4503 Βιωτικά
2027 4449 2143 4518 μὲν

563 4537 678 4595 οὖν
700 4540 967 4607 κριτήρια
997 4538 1105 4591 ἐὰν
1130 4538 1330 4607 ἔχητε,
1360 4537 1504 4603 τοὺς
1534 4538 2048 4607 ἐξουθενημένους
2075 4541 2144 4593 ἐκ

565 4627 639 4697 τῇ
674 4627 1027 4693 Ἐκκλησία,
1065 4627 1316 4692 τούτους
1346 4624 1632 4686 καθίζετε,
1662 4626 1797 4680 Μεθ’
1831 4628 2142 4700 ὑπερδολῆς

564 4721 711 4792 ἡμᾶς
739 4717 945 4782 διδάξαι
976 4715 1321 4788 βουλόμενος,
1345 4716 1450 4783 ὅτι,
1483 4717 1594 4771 οὐδ’
1625 4717 1691 4771 ἂν
1717 4717 1897 4772 ὁτιοῦν
1939 4714 1997 4793 ᾖ,
2030 4702 2143 4787 τοῖς

565 4816 760 4884 ἔξωθεν
796 4814 1022 4879 ἑαυτοὺς
1066 4811 1266 4866 διδόναι
1297 4810 1426 4885 χρὴ,
1456 4812 1557 4883 τὴν
1584 4812 1851 4869 δοκοῦσαν
1877 4811 2018 4872 εἶναι
2046 4818 2145 4872 ἁν-

565 4914 771 4966 τίθεσιν
805 4914 1054 4984 κινήσας,
1107 4910 1540 4984 προηγουμένως
1576 4909 1786 4983 ταύτην
1832 4912 2042 4968 ἔλυσεν.
2079 4918 2143 4970 Ὃ

567 5008 675 5076 γὰρ
703 5007 873 5074 λέγει,
914 5007 1152 5061 τοιοῦτον
1182 5008 1349 5061 ἐστιν’
1385 5004 1546 5072 Ἴσως
1578 5008 1697 5078 ἐρεῖ
1723 5024 1827 5075 τις,
1854 5010 1938 5062 ὅτι
1966 5009 2147 5076 οὐδεὶς

570 5106 628 5157 ἐν
657 5104 787 5173 ὑμῖν
836 5103 999 5171 σοφὸς
1027 5103 1147 5156 οὐδὲ
1192 5104 1376 5168 ἱκανὸς
1413 5105 1714 5178 διακρῖναι,
1751 5105 1868 5160 ἀλλ’
1906 5109 2147 5164 εὐκατα-

571 5198 830 5271 φρόνητοι
861 5199 1083 5259 πάντες.
1128 5198 1240 5250 Καὶ
1263 5198 1317 5251 τί
1346 5197 1535 5268 τοῦτο;
1572 5203 1693 5256 Κᾶν
1725 5202 1835 5275 γὰρ
1876 5205 2069 5278 μηδεὶς

574 5296 759 5365 σοφὸς,
786 5293 944 5365 φησὶ,
991 5295 1105 5357 τοῖς
1138 5291 1445 5363 ἐλαχίστοις
1483 5296 1827 5366 ἐπιτρέπετε.
1858 5301 2039 5356 Τοῦτο
2079 5301 2149 5356 δὲ

573 5393 725 5462 πρὸς
760 5389 1063 5460 ἐντροπὴν
1094 5388 1237 5459 ὑμῖν
1275 5387 1451 5459 λέγω.
1498 5390 1841 5463 Ἐλέγχοντός
1885 5397 2003 5451 ἐστι
2047 5397 2148 5469 τὴν

572 5484 778 5538 τούτων
804 5483 1094 5547 ἀντίθεσιν,
1128 5482 1205 5545 ὡς
1245 5482 1443 5553 σκῆψιν
1491 5477 1657 5537 οὖσαν
1710 5491 2012 5560 περιττήνο
2066 5492 2149 5545 διὸ

576 5581 674 5632 καλ⁵
698 5581 976 5648 ἐπήγαγεν
994 5596 1008 5610 ’
1047 5580 1246 5643 Οῦτως
1275 5579 1386 5632 οὐκ
1412 5577 1504 5632 ἔνι
1530 5580 1722 5649 σοφὸς
1743 5583 1814 5636 ἐν
1838 5584 1980 5653 ὑμῖν
2007 5588 2150 5641 οὐδὲ

580 5669 701 5739 εῖς;
750 5674 1021 5745 Τοσαύτη,
1059 5676 1244 5746 φησὶν,
1273 5674 1509 5745 ἀπορίας
1555 5677 1793 5749 τοσαύτη
1834 5681 2029 5745 σπάνις
2053 5683 2148 5738 ἀν-

580 5768 721 5837 δρῶν
753 5770 987 5822 συνετῶν
1016 5773 1146 5841 παρ’
1172 5772 1333 5841 ὕμῖνς
1361 5770 1528 5839 Καὶνί)
1550 5770 1810 5846 ἐπαγωγὴ
1844 5775 1901 5828 δέ
1926 5776 2149 5845 μείζονα

578 5864 675 5934 τὴν
695 5860 907 5934 πληγὴν
930 5862 1061 5935 ἔχει’
1096 5864 1263 5919 είπὼν
1292 5865 1419 5937 γὰρ,
1453 5865 1651 5933 Οὕτως
1684 5869 1795 5923 οὐκ
1827 5868 1919 5925 ἔνι
1949 5874 2144 5942 σοφὸς

1227 325 1285 380 S.
1325 319 1612 379 JOANNIS
1648 313 2141 371 CIIRYSOSTOMI
2179 313 2497 370 ARCHIEP.
2535 314 3080 372 CONSTANTINOP.

3690 315 3791 375 εει

2225 424 2296 477 ἐν
2361 427 2499 494 ὑμῖν
2559 427 2702 482 οὐδὲ
2757 422 2879 493 εἴς;
2950 428 3246 497 ἐπήγαγεν·
3289 428 3384 492 Ὃς
3454 425 3791 495 δυνήσηται

2228 511 2519 581 διακρῖναι
2546 515 2773 583 μεταξὺ
2805 516 2913 569 τοῦ
2943 514 3211 584 ἀδελφοῦ
3239 512 3464 578 αὐτοῦς
3494 516 3661 568 Ὂταν
3684 518 3796 586 γὰρ

2226 600 2451 669 ἀδελφὸς
2495 602 2781 672 δικάζηται
2809 603 2944 673 μετὰ
2977 602 3231 672 ἀδελφοῦ,
3260 602 3381 657 οὐδὲ
3415 602 3620 671 πολλῆς
3656 604 3738 656 δεῖ
3768 616 3794 645 α

2223 687 2326 754 τῆς
2358 688 2622 752 συνέσεως
2650 690 2745 742 καὶ
2786 690 2887 760 τῆς
2918 690 3221 760 δεινότητος
3250 689 3328 761 τῷ
3362 690 3700 761 μεσιτεύοντι
3727 693 3795 762 τῇ

2224 773 2370 844 δίκῃ,
2402 777 2497 844 τῆς
2523 775 2817 840 διαθέσεως
2841 779 2937 831 καὶ
2966 778 3068 844 τῆς
3098 779 3417 846 συγγενείας
3447 778 3619 832 πολλὰ
3654 796 3795 851 συμ-

2226 862 2567 943 πραττούσης
2589 865 2723 933 πρὸς
2744 865 2841 936 τὴν
2866 865 3019 919 λύσιν
3038 867 3138 933 τῆς
3162 866 3415 936 τοιαύτης
3442 866 3797 934 φιλονεικίας.

2239 948 2417 1002 Ἀλλὰ
2441 949 2705 1020 ἀδελφὸς
2728 956 2878 1022 μετὰ
2900 953 3169 1023 ἀδελφοῦ
3196 954 3476 1021 κρίνεται,
3502 964 3600 1007 και
3617 970 3804 1008 τουτο

2223 1035 2326 1088 ἐπὶ
2356 1037 2645 1093 ἀπίστων.
2680 1037 2832 1103 Εἶδες
2872 1041 2991 1104 πῶς
3029 1043 3087 1094 ὲν
3116 1042 3256 1113 ὀρχῇ
3288 1041 3383 1111 μὲν
3413 1041 3697 1113 χρησίμως
3728 1041 3803 1094 διο

2229 1122 2391 1179 έδαλε
2419 1125 2548 1188 τοὺς
2575 1126 2917 1192 δικάζοντας,
2950 1128 3170 1191 ἀδίκους
3195 1127 3453 1190 καλέσας’
3479 1127 3715 1181 ἐνταῦθα
3743 1127 3802 1180 δὲ

2227 1212 2614 1283 ἐντρεπτικῶς,
2650 1216 2913 1280 ἀπίστους
2938 1216 3140 1282 είπών;
3200 1217 3310 1270 Καὶ
3337 1219 3448 1289 γὰρ
3475 1217 3680 1288 σφόδρα
3713 1218 3800 1271 αί-

2229 1300 2415 1370 σχρὸν,
2467 1303 2517 1354 εί
2573 1302 2705 1374 μηδὲ
2746 1304 2997 1371 ἀδελφοῖς
3053 1304 3207 1377 [159]
3264 1305 3492 1359 δυνατὸν
3544 1304 3802 1375 γενέσθαι

2228 1390 2575 1463 καταλλαγῆς
2609 1393 2782 1447 αίτιον
2808 1395 2900 1448 τὸν
2922 1396 3092 1466 ἱερέα,
3126 1394 3241 1449 ἀλλ’
3269 1394 3482 1465 ἀνάγκη
3513 1394 3651 1466 πρὸς
3673 1394 3803 1457 τοὺς

2228 1481 2333 1549 ἔξω
2379 1485 2614 1554 τρέχειν.
2639 1486 2804 1539 Ὥστε
2858 1485 3047 1550 εἰπὼν,
3076 1485 3232 1552 Τοὺς
3262 1486 3801 1553 ἐξουθενημένους,

2227 1578 2288 1630 οὐ
2319 1578 2477 1632 τοῦτο
2507 1570 2632 1633 εἶπε
2666 1578 3114 1650 προηγουμένως,
3145 1578 3227 1631 ὅτι
3267 1577 3393 1641 τοὺς
3443 1579 3802 1650 ἀπερριμμέ-

2228 1689 2351 1736 νους
2380 1672 2461 1726 δεῖ
2500 1671 2765 1738 καθίζειν,
2814 1672 2951 1725 ἀλλὰ
2995 1670 3413 1741 καθαπτόμενος
3436 1670 3639 1725 αὐτῶν.
3675 1672 3805 1724 Ὀτι

2229 1766 2338 1837 γὰρ
2366 1768 2475 1829 τοῖς
2504 1764 2821 1833 δυναμένοις
2848 1762 3145 1835 διακρίνειν
3178 1762 3492 1834 ἐπιτρέπειν
3519 1763 3649 1836 χρὴ,
3680 1764 3808 1834 ἐδήο

2229 1860 2400 1912 λωσεν
2432 1854 2623 1910 εἰπών’
2660 1856 2860 1922 Οὕτως
2891 1857 3005 1911 οὐκ
3032 1855 3126 1909 ἔνι
3162 1853 3356 1924 σοφὸς
3388 1856 3457 1909 ἐν
3482 1855 3626 1926 ὑμῖν
3660 1856 3809 1910 οὐδὲ

2229 1945 2352 2017 sic;
2383 1952 2479 2005 καὶ
2508 1952 2572 2004 ἐκ
2606 1949 2926 2020 περιουσίας
2957 1948 3325 2017 ἐπιστομίζων
3364 1948 3461 2002 καὶ
3490 1948 3687 2016 λέγων,
3723 1950 3809 2002 ὅτι

2232 2044 2280 2096 εί
2318 2040 2411 2096 καὶ
2446 2042 2632 2113 μηδεὶς
2657 2036 2725 2112 ἦν
2757 2041 2920 2109 σοφὸς
2950 2042 3007 2095 ἐν
3040 2040 3190 2111 ὑμῖν,
3229 2042 3344 2104 τοῖς
3367 2040 3649 2105 ἀσυνέτοις
3677 2042 3809 2094 ἐπι-

2231 2134 2455 2205 τρέπειν
2487 2134 2656 2205 ἐχρῆν
2702 2133 2901 2203 μᾶλλον
2932 2131 3031 2204 τὴν
3061 2132 3345 2203 ἀκρόασιν,
3377 2132 3410 2202 ἢ
3444 2133 3573 2195 τοὺς
3603 2130 3810 2197 ἔξωθεν

2231 2223 2491 2288 δικάζειν.
2520 2223 2643 2289 Πῶς
2669 2223 2778 2292 γὰρ
2805 2224 2904 2277 οὑκ
2931 2222 3150 2287 ἄτοπον,
3183 2224 3240 2276 ἐν
3273 2222 3422 2292 οἰκία
3451 2221 3552 2292 μὲν
3580 2223 3809 2292 γινομέ-

2233 2331 2330 2384 νης
2365 2314 2564 2383 μάχης,
2601 2312 2807 2382 μηδένα
2837 2311 2944 2366 τῶν
2984 2310 3185 2377 ἔξωθεν
3218 2311 3425 2375 καλεῖν,
3462 2310 3577 2364 ἀλλ’
3612 2310 3809 2379 αἰσχύ-

2232 2408 2414 2460 νεσθαι
2446 2409 2493 2460 εί
2524 2406 2793 2478 διαδοθείη
2826 2407 2961 2476 πρὸς
2986 2406 3113 2469 τοὺς
3131 2404 3236 2469 ἔξω
3263 2405 3332 2458 τὰ
3356 2403 3501 2457 ἔνδον
3522 2403 3806 2474 γινόμεναο

2232 2499 2361 2554 ἔνθα
2391 2501 2449 2553 δὲ
2482 2499 2796 2569 Ἐκκλησία,
2824 2499 2931 2552 τῶν
2954 2499 3281 2570 ἀπορρήτων
3318 2496 3633 2567 μυστηρίων
3656 2499 3685 2550 ὁ
3710 2496 3811 2567 θη-

2234 2593 2454 2664 σαυρὸς,
2503 2592 2682 2646 πάντα
2734 2589 3066 2662 ἐκφέρεσθαι
3104 2589 3246 2655 ἑξω;
3311 2588 3486 2643 Ἀλλὰ
3540 2588 3812 2658 ἀδελφὸς

2227 2685 2378 2755 μετὰ
2409 2684 2679 2754 ἀδελφοῦ
2712 2685 2996 2752 κρίνεται,
3028 2684 3125 2738 καί
3171 2682 3350 2736 τοῦτο
3377 2682 3474 2735 ἐπὶ
3507 2682 3805 2736 ἀπίστων.

2234 2776 2465 2831 Διπλοῦν
2492 2776 2554 2829 τὸ
2576 2775 2744 2847 ἐγκλη
2754 2793 2852 2846 μα,
2885 2776 2966 2828 ὅτι
2999 2774 3265 2845 κρίνεται,
3292 2775 3389 2828 καὶ
3413 2774 3503 2827 ἐπὶ
3536 2774 3807 2830 ἀπίστων.

2232 2869 2298 2922 Εί
2350 2868 2461 2939 γὰρ
2511 2869 2607 2922 καὶ
2661 2866 2782 2921 καθ’
2813 2867 2975 2921 ἐαυτδ
3019 2866 3082 2919 τὸ
3130 2867 3365 2938 πρᾶγμα
3411 2864 3716 2935 ἁμάρτημα
3746 2864 3812 2917 τδ

2234 2956 2372 3028 πρὸς
2400 2955 2627 3025 ἀδελφὺν
2650 2955 2949 3027 κρίνεσθαι,
2984 2954 3047 3008 τὺ
3088 2955 3181 3008 καὶ
3218 2953 3311 3006 ἐπὶ
3345 2952 3620 3019 ἐξωτικῶν
3645 2950 3813 3005 ποίαν

2236 3050 2349 3121 ἔχει
2374 3047 2701 3119 συγγνώμην
2722 3065 2736 3113 ;
2762 3049 2904 3116 Ἦδη
2944 3047 3061 3118 μὲν
3087 3042 3201 3102 οὖν
3225 3046 3379 3112 ὅλως
3413 3045 3643 3114 ἥττημα
3666 3042 3814 3114 ὑμῖν

2234 3144 2422 3207 ἐστιν,
2448 3140 2538 3194 ὅτι
2585 3141 2837 3210 κρίματα
2879 3140 3047 3209 ἔχετε
3071 3140 3199 3207 μεθ’
3244 3135 3491 3192 ἑαυτῶν.
3525 3131 3678 3200 Εἶδες
3706 3135 3812 3189 ποῦ

2237 3235 2370 3288 αὐτὸ
2424 3235 2699 3305 ἐτήρησε,
2742 3232 2837 3286 καὶ
2887 3232 3006 3296 πῶς
3060 3230 3333 3301 εὐκαίρως
3380 3230 3513 3283 αὐτὸ
3565 3230 3810 3295 ἀνεῖλενς

2236 3325 2404 3379 οὔπω
2426 3326 2537 3397 γὰρ
2567 3325 2734 3392 λέγω,
2770 3323 2924 3393 φησὶ,
2970 3323 3055 3384 τὶς
3096 3321 3292 3385 ἀδικεῖ,
3319 3322 3353 3393 ἢ
3386 3322 3471 3383 τὶς
3503 3319 3810 3375 ὰδικεῖταν

2236 3417 2374 3479 τέως
2406 3415 2555 3487 αύτῷ
2588 3415 2665 3486 τῷ
2700 3412 2981 3485 κρίνεσθαι
3014 3413 3275 3483 ἑκάτερος
3308 3411 3683 3482 διαϐέϐληται,
3716 3411 3815 3465 καὶ

2237 3510 2390 3563 οὐδὲν
2421 3509 2609 3578 ἕτερος
2640 3507 2829 3577 ἐτέρου
2876 3506 3101 3576 βελτίων
3139 3503 3285 3559 κατὰ
3317 3504 3504 3558 τοῦτο.
3726 3550 3737 3561 .

2307 3602 2369 3655 δ’.
2399 3601 2461 3654 El
2499 3601 2556 3653 δὲ
2582 3598 2806 3662 δικαίως
2834 3598 2867 3668 ἢ
2895 3596 3093 3661 ἀδίκως
3126 3597 3393 3668 κρίνεται,
3434 3596 3621 3669 ἐτέρου
3652 3595 3814 3665 λόγου

2240 3692 2417 3747 τοῦτο.
2451 3692 2544 3762 Μὴ
2573 3691 2753 3745 τοίνυν
2796 3689 2944 3759 λέγει
2974 3689 3071 3752 Τίς
3113 3689 3393 3760 ἠδίκησενο
3429 3688 3678 3742 ἐντεῦθεν
3703 3688 3816 3760 γὰρ

2241 3784 2340 3855 ἤδη
2373 3801 2434 3837 σε
2468 3783 2783 3853 κατακρίνω
2813 3781 2921 3835 ἀπὸ
2951 3780 3046 3834 τοῦ
3089 3780 3424 3846 δικάζεσθαι.
3471 3781 3532 3833 Et
3561 3779 3618 3834 δέ
3643 3780 3706 3833 τδ
3734 3782 3813 3852 μὴ

2240 3871 2497 3926 δύνασθαι
2533 3871 2717 3943 φέρειν
2755 3870 3065 3938 ἀδικοῦντα,
3095 3870 3365 3941 ἔγκλημα.
3394 3870 3453 3922 τὸ
3481 3871 3572 3923 καὶ
3602 3868 3814 3924 ἀδικεῖν

2243 3962 2415 4034 πόσης
2444 3960 2779 4034 κατηγορίας
2808 3960 2992 4025 ἄξιον;
3028 3960 3131 4014 Διὰ
3160 3961 3215 4014 τί
3253 3959 3387 4029 οὐχί
3412 3957 3654 4028 μᾶλλον
3688 3959 3816 4013 ἁδι-

2242 4055 2445 4111 κεῖσθε
2461 4071 2480 4120 ;
2510 4054 2608 4109 διὰ
2635 4055 2693 4109 τί
2726 4054 2862 4125 οὐχὶ
2892 4054 3137 4124 μᾶλλον
3163 4052 3641 4123 ἀποστερεῖσθε;
3672 4053 3812 4108 ἀλλ’

2243 4151 2409 4205 αὐτοὶ
2440 4150 2695 4205 ἀδικεῖτε
2729 4150 2825 4203 καί
2859 4148 3261 4217 ἀποστερεῖτε,
3291 4148 3389 4205 καί
3424 4149 3609 4202 ταῦτα
3635 4148 3816 4204 ἁδελ-

2244 4243 2415 4312 φούς.
2451 4241 2616 4295 Πάλιν
2651 4239 2872 4293 διπλοῦν
2901 4238 2964 4292 τὸ
2989 4238 3261 4309 ἔγκλημα,
3304 4237 3443 4307 τάχα
3474 4237 3532 4291 δὲ
3562 4238 3653 4292 καὶ
3700 4255 3815 4309 τρι-

2245 4333 2411 4388 πλοῦν
2459 4334 2553 4388 καὶ
2599 4331 3014 4402 τετραπλάσιον.
3063 4331 3158 4383 Ἓν
3221 4329 3343 4399 μὲν,
3377 4330 3437 4383 τὸ
3494 4331 3569 4401 μὴ
3618 4330 3816 4383 εἰδέναι

2243 4423 2596 4493 ἀδικούμενον
2661 4421 2882 4491 φέρειν’
2933 4420 3183 4492 δεύτερον
3209 4419 3289 4486 δὲ,
3340 4419 3403 4474 τὸ
3450 4421 3545 4474 καὶ
3574 4420 3813 4474 ἀδικεῖν·

2243 4514 2448 4584 τρίτον,
2477 4512 2538 4565 τὸ
2565 4510 2661 4564 καὶ
2693 4512 2804 4574 τοῖς
2838 4510 3046 4574 ἀδίκοις
3076 4509 3396 4582 ἐπιτρέπειν
3424 4510 3553 4580 περὶ
3586 4508 3813 4563 τούτων’

2244 4604 2520 4673 τέταρτον,
2572 4601 2634 4655 τὸ
2677 4603 2772 4656 καὶ
2828 4601 3075 4671 ἀδελφόν.
3139 4602 3275 4656 Οὑδέ
3333 4602 3441 4674 γάρ
3494 4601 3696 4671 ὁμοίως
3750 4603 3820 4656 τὰ

2247 4694 2618 4766 ἁμαρτήματα
2642 4692 2907 4765 κρίνεται,
2935 4694 3063 4747 ὅταν
3100 4694 3181 4757 είς
3205 4694 3299 4748 τὸν
3345 4694 3582 4764 τυχόντα
3616 4693 3710 4747 καὶ
3739 4694 3822 4755 είς

2244 4783 2308 4837 τὸ
2337 4784 2537 4837 οἰκεῖον
2559 4782 2779 4853 γίνηται
2814 4783 2995 4853 μέλος.
3038 4782 3170 4836 Ἀπὸ
3203 4782 3312 4855 γὰρ
3350 4782 3594 4846 πλείονος
3631 4782 3821 4853 ἰταμόα

2247 4891 2406 4948 τητος
2429 4873 2693 4945 τολμᾶται
2722 4875 2881 4930 τοῦτο
2899 4876 3105 4931 ’κάκεῖ
3137 4876 3233 4947 μέν
3263 4877 3296 4947 ή
3325 4874 3487 4946 φύσις
3517 4874 3612 4929 τοῦ
3638 4874 3821 4946 πράγ-

2250 4983 2419 5041 ματος
2462 4967 2919 5038 καταπεπάτηται
2958 4967 3116 5039 μόνη,
3159 4966 3394 5022 ἐνταῦθα
3436 4967 3494 5021 δέ
3532 4969 3627 5021 καὶ
3659 4968 3693 5038 ἡ
3722 4966 3819 5020 τοῦ

2248 5063 2545 5135 προσώπου
2580 5061 2819 5131 ποιότης.
2864 5059 3161 5133 Ἑντρέψας
3196 5060 3377 5117 τοίνυν
3403 5060 3514 5116 ἀπὸ
3556 5060 3667 5115 τῶν
3704 5077 3822 5114 κοι-

2247 5154 2354 5209 νῶν
2376 5154 2673 5226 λογισμῶν,
2709 5154 2804 5207 καὶ
2861 5153 2969 5224 πρὸ
3017 5151 3224 5206 τούτων
3261 5153 3370 5206 ἀπὸ
3400 5152 3510 5206 τῶν
3552 5150 3822 5221 κειμένων

2248 5248 2519 5313 ἐπάθλων,
2561 5249 2641 5311 είς
2700 5246 2932 5315 ἀπειλὴν
2980 5245 3293 5300 κατακλείει
3324 5244 3425 5315 τὴν
3473 5243 3821 5315 παραίνεσιν,

2252 5338 2597 5408 ἰσχυρότερον
2634 5333 2805 5388 ποιῶν
2835 5334 2926 5387 τὸν
2950 5334 3129 5404 λόγον,
3160 5335 3255 5389 καὶ
3278 5334 3421 5389 οὓτω
3445 5333 3620 5403 λέγων
3642 5348 3658 5365 ⁶
3697 5334 3821 5386 οὐκ

2246 5429 2448 5484 οῖδατε
2472 5426 2561 5481 ὅτι
2586 5425 2781 5480 ἄδικοι
2804 5427 3133 5491 βασιλείαν
3166 5426 3317 5481 Θεοῦ
3345 5427 3418 5481 οὐ
3456 5426 3827 5494 κληρονομή-

2249 5534 2470 5585 σουσι;
2495 5519 2592 5587 Μὴ
2619 5516 2935 5573 πλανᾶσθε
2954 5535 2970 5551 ·
2997 5518 3135 5573 οὔτε
3162 5519 3392 5587 πόρνοι,
3421 5518 3562 5573 οὔτε
3587 5516 3825 5573 ειδωλο-

2250 5611 2483 5681 λάτραι,
2517 5611 2657 5667 οὔτε
2688 5610 2909 5680 μοιχοὶ,
2942 5611 3081 5665 οὐτε
3119 5611 3406 5681 μαλακοί,
3456 5611 3595 5665 οὔτε
3649 5610 3829 5682 ἀρσε-

2250 5704 2535 5770 νοκοῖται,
2560 5696 2700 5758 οὔτε
2743 5704 3118 5767 πλεονέκται,
3144 5704 3217 5758 οὐ
3244 5704 3520 5769 κλέπται,
3546 5705 3619 5759 οὐ
3638 5703 3827 5774 μέθυ-

2253 5811 2376 5861 σοι,
2409 5797 2480 5850 οὺ
2519 5795 2803 5865 λοίδοροι,
2839 5798 2951 5866 οὐχ
2996 5795 3262 5865 ἅρπαγες
3301 5795 3638 5860 ,ϐασιλείαν
3674 5795 3827 5852 Θεοῦ

2218 5944 2230 5950 ς
2317 5888 2343 5916 ⁸
2372 5884 2629 5948 Legebalur
2652 5883 2736 5934 τοῦ
2769 5884 2991 5949 ἀδελφοῦ,
3011 5886 3235 5936 οὐδέποτε
3257 5886 3422 5935 δεῖται.
