4090 6216
325 340 416 394 133

316 461 524 519 tractet,
555 453 626 506 ita
653 448 840 507 dicens
859 466 877 503 :
899 449 955 503 2.
981 449 1060 503 An
1082 448 1282 504 nescitis
1306 447 1442 516 quod
1467 447 1630 501 sancti
1651 445 1895 498 mundum

316 543 608 600 iudicabunt
626 544 652 598 .9

379 636 430 690 3.
462 635 543 689 Tu
571 652 723 706 ergo,
751 633 843 706 qui
869 634 988 690 illos
1008 629 1640 704 aliquandojudicaturus
1661 642 1896 698 es,quo-

314 728 472 783 modo
489 728 724 784 sustines
742 743 882 783 nunc
902 727 969 782 ab
1000 727 1103 782 illis
1130 725 1401 796 iudicari?
1439 721 1763 780 Judicabunt
1802 737 1896 776 au-

314 831 439 882 tem.
468 836 576 876 non
624 821 724 888 ipsi
751 821 999 875 sedentes
1042 829 1099 874 et
1135 819 1396 872 rationem
1427 823 1730 884 repetentes
1752 854 1770 879 ,
1801 812 1894 868 sed

315 912 766 967 eoudemnabunt.
796 911 907 965 lloc
930 910 1074 965 enim
1119 909 1363 964 indicans
1389 907 1601 963 dicebat
1631 925 1644 962 :
1675 906 1742 959 Et
1769 907 1816 961 si
1842 907 1896 959 in

317 1004 445 1057 nobis
464 1004 732 1075 judicatur
757 1003 973 1056 mundus
994 1043 1010 1067 ,
1037 1002 1234 1072 indigni
1263 1001 1379 1056 estis
1404 1000 1625 1054 minimis
1643 1001 1854 1070 judiciis
1871 1001 1897 1054 1’

315 1095 428 1150 Non
450 1095 592 1149 enim
619 1095 772 1160 dixit,
801 1097 842 1148 Α
866 1093 1037 1158 vobis,
1060 1092 1176 1158 sed,
1201 1091 1344 1146 Inter
1371 1108 1491 1157 vos;
1520 1101 1576 1145 ut
1595 1107 1718 1147 cum
1744 1090 1892 1156 dicit,

314 1187 504 1254 Regina
525 1188 700 1242 Austri
713 1197 902 1259 surget,
923 1196 970 1242 et
988 1187 1336 1241 condemnabit
1355 1187 1722 1257 generationem
1742 1186 1896 1250 hanc;

311 1291 364 1334 et
392 1278 497 1332 Viri
525 1277 771 1333 Ninivin
793 1287 1032 1346 surgent,
1051 1288 1096 1331 et
1111 1278 1510 1332 condemnabunt
1527 1279 1896 1349 generationem

312 1374 442 1424 lianc
475 1371 688 1443 (Matth.
716 1369 802 1425 12.
830 1371 920 1425 45.
947 1370 1067 1434 41).
1108 1369 1332 1437 Quando
1358 1370 1497 1423 enim
1527 1369 1776 1424 eumdem
1803 1383 1894 1424 so-

312 1464 413 1520 lem
439 1464 702 1528 videntes,
722 1473 775 1518 et
789 1462 1099 1518 earumdem
1119 1478 1300 1519 rerum
1321 1464 1558 1518 omnium
1581 1465 1890 1535 participes,

313 1570 410 1610 nos
434 1556 650 1624 quidem
677 1553 970 1610 credidisse
994 1554 1191 1609 inventi
1218 1553 1498 1618 fuerimus,
1530 1555 1606 1610 illi
1633 1571 1762 1609 vero
1789 1572 1892 1611 non

311 1647 624 1714 credidisse,
657 1663 762 1701 non
813 1656 1062 1716 poterunt
1087 1647 1154 1701 ad
1201 1646 1556 1717 ignorantiam
1581 1646 1889 1718 confugere:

313 1755 407 1793 nos
427 1739 573 1794 enim
617 1739 740 1794 illos
780 1740 1152 1795 accusabimus
1184 1756 1281 1808 per
1318 1755 1379 1794 ea
1410 1756 1479 1809 qu
1499 1759 1528 1794 ιι
1554 1740 1795 1796 fecimus.
1827 1741 1894 1796 Et

312 1831 474 1885 multa
504 1830 610 1885 alia
637 1831 757 1901 quis
786 1832 1020 1887 inveniet
1047 1832 1352 1901 ibijudicia.
1380 1833 1578 1888 Deinde
1599 1851 1665 1888 ne
1682 1834 1891 1890 videre-

314 1931 391 1975 ιω·
419 1921 654 1991 cuipiam
697 1921 765 1975 de
799 1922 920 1976 aliis
959 1922 1173 1988 dicere,
1206 1922 1328 1977 vide
1355 1923 1623 1993 quomodo
1651 1939 1891 1978 commu-

314 2030 428 2067 nem
480 2014 635 2068 faciat
664 2029 967 2069 sermonem
995 2033 1009 2069 :
1037 2015 1106 2068 Et
1129 2017 1173 2070 si
1193 2017 1244 2068 in
1285 2017 1420 2070 vobis
1450 2018 1716 2087 judicatur
1741 2036 1890 2072 nutu-

310 2105 426 2171 dus,
456 2106 657 2176 indigni
681 2108 799 2160 estis
825 2109 1044 2160 minimis
1063 2109 1310 2176 judiciis.’
1340 2109 1602 2164 Pudoretn
1634 2112 1784 2166 vobis
1805 2127 1892 2167 res

310 2197 483 2262 affert,
531 2197 726 2266 inquit,
765 2207 819 2252 ct
865 2197 1134 2254 ineﬂ'abile
1171 2198 1422 2254 dedecus.
1471 2201 1600 2255 Nam
1643 2205 1786 2273 quia,
1836 2213 1892 2260 nt

309 2288 598 2343 verisimile
619 2297 724 2353 est,
751 2289 983 2357 pudebat
1001 2304 1096 2344 eos
1115 2289 1184 2344 ab
1211 2291 1275 2344 iis
1301 2291 1389 2361 qui
1418 2292 1556 2346 intus
1580 2303 1728 2347 erant
1749 2293 1890 2364 judi-

305 2380 411 2435 cari
437 2398 451 2432 :
505 2395 537 2435 e
577 2383 848 2435 contrario
875 2391 1054 2438 autem
1080 2383 1232 2438 vobis
1271 2393 1353 2439 est
1377 2384 1644 2451 dedecus,
1676 2403 1796 2442 cum
1821 2389 1889 2444 ab

305 2472 366 2526 iis
390 2473 481 2540 qui
512 2472 646 2526 foris
671 2483 794 2528 sunt
817 2474 1135 2543 judicamini
1165 2494 1179 2530 :
1230 2477 1317 2532 illa
1342 2479 1485 2534 enim
1518 2479 1736 2534 minima
1763 2491 1890 2536 sunt

301 2563 523 2632 judicia,
543 2581 647 2619 non
666 2564 800 2621 hmc.
824 2567 877 2620 3.
906 2566 1130 2622 Nescitis
1149 2570 1271 2640 quia
1286 2571 1491 2640 angelos
1504 2572 1890 2640 judicabimus?

302 2666 493 2722 quanto
515 2659 675 2728 magis
695 2660 959 2712 steculariu
977 2661 1003 2713 .9
1021 2660 1246 2726 Quidam
1269 2662 1451 2716 dicunt
1474 2663 1560 2717 hic
1582 2664 1890 2719 sacerdotes

303 2747 636 2803 subindicari
660 2767 674 2802 :
698 2750 791 2804 sed
816 2766 1002 2820 apage;
1023 2767 1142 2804 nam
1165 2751 1232 2806 de
1249 2751 1579 2808 da-monihus
1600 2754 1728 2825 agit.
1756 2753 1888 2809 Nam

299 2831 345 2885 si
375 2831 445 2886 de
467 2835 737 2903 corruptis
767 2833 1139 2889 sacerdotibus
1167 2835 1429 2897 dixisset,
1458 2853 1618 2906 supra
1650 2836 1889 2893 subindi—

299 2932 476 2979 asset
527 2925 650 2979 illos
687 2940 810 2979 cum
849 2925 1026 2981 dixit:
1073 2925 1141 2980 In
1186 2928 1322 2982 vobis
1334 2929 1603 2998 judicatur
1627 2931 1887 2996 mundus;

299 3018 435 3073 solet
466 3017 611 3072 enim
634 3018 910 3088 Scriptura
939 3019 1210 3088 improbos
1231 3035 1442 3089 quoque
1469 3021 1712 3076 homines
1734 3039 1887 3078 mun-

297 3106 422 3161 dum
469 3123 667 3164 vocare
694 3127 708 3162 :
759 3125 933 3180 neque
969 3110 1160 3165 iterum
1192 3110 1293 3165 hoc
1321 3111 1492 3180 ip~um
1521 3111 1764 3176 dixisset,
1795 3129 1888 3169 ne-

296 3214 400 3268 que
423 3210 484 3254 ut
510 3200 687 3268 majus
708 3200 980 3270 quidpiam
999 3201 1180 3257 dicens
1204 3201 1378 3272 ipsum
1392 3213 1573 3272 postea
1599 3205 1882 3272 posuisset.

294 3291 398 3345 Sed
418 3291 492 3346 de
510 3291 616 3345 illis
644 3292 878 3362 loquitur
901 3293 1128 3363 angelis,
1154 3293 1222 3348 de
1249 3293 1446 3364 quibus
1465 3295 1594 3348 dicit
1614 3296 1880 3352 Christus:

296 3379 377 3435 Ite
411 3386 466 3435 in
494 3383 665 3453 ignem
713 3393 946 3452 paratum
982 3385 1184 3439 diabolo
1211 3396 1260 3439 et
1287 3387 1478 3456 angelis
1502 3388 1612 3456 ejus
1657 3388 1882 3460 (Matth.

292 3471 386 3526 25.
417 3475 481 3528 41
510 3475 562 3543 );
592 3484 647 3528 et
693 3473 915 3540 Paulus,
954 3475 1135 3546 Angeli
1163 3477 1270 3547 ejus
1300 3478 1730 3546 transﬁgurantur
1758 3491 1888 3534 tam-

292 3579 442 3633 quam
470 3566 693 3618 ministri
704 3567 924 3635 justitia:
947 3567 1024 3638 (2.
1052 3567 1170 3620 Cor.
1195 3568 1283 3622 11.
1309 3569 1376 3624 15
1393 3568 1434 3638 ).
1463 3568 1594 3624 Cum
1616 3573 1756 3626 enim
1779 3572 1885 3628 Po-

295 3663 518 3710 testates
545 3656 653 3710 illae
682 3657 1015 3728 incorporea:
1043 3659 1272 3713 iuventa:
1303 3659 1500 3714 fuerint
1526 3663 1702 3717 minus
1725 3664 1888 3720 habe-

294 3763 350 3800 re
374 3764 538 3817 quam
573 3762 674 3802 nos
697 3790 712 3811 ,
742 3749 829 3818 qui
859 3765 1019 3804 carne
1048 3749 1215 3803 induti
1240 3765 1423 3806 sumus
1446 3792 1462 3817 ,
1490 3753 1766 3821 graviores
1789 3755 1886 3810 da-

295 3837 423 3893 bunt
445 3854 659 3909 poenas.
692 3840 843 3906 Quod
875 3841 920 3895 si
945 3841 1120 3896 adhuc
1145 3841 1358 3913 quidam
1384 3844 1714 3902 contendunt
1739 3847 1885 3903 illum

296 3929 361 3985 de
389 3932 766 3987 sacerdotibus
793 3933 959 4004 loqui,
987 3934 1458 4004 interrogabimus,
1485 3951 1619 4006 quos
1638 3940 1889 3995 sacerdo-

297 4023 416 4077 tes?
439 4024 677 4078 Omnino
697 4038 794 4078 eos
813 4025 901 4094 qui
921 4024 1166 4079 saeculari
1187 4040 1336 4080 more
1356 4025 1623 4082 vixerunt.
1651 4029 1885 4094 Quomo-

295 4112 364 4165 do
380 4129 538 4185 ergo,
590 4115 824 4185 inquies,
867 4116 1086 4186 Angelos
1106 4116 1474 4187 judicabimus,
1515 4128 1702 4187 quanto
1729 4123 1889 4190 magis

294 4207 566 4259 saecularia
581 4207 609 4260 ?
630 4221 825 4278 nempe
845 4207 912 4262 ad
939 4207 1295 4262 differentiam
1319 4209 1654 4265 swcularium
1686 4228 1888 4282 ponens

295 4296 543 4365 angelos,
571 4305 628 4352 et
656 4297 889 4352 merito:
919 4298 1038 4368 quia
1062 4310 1214 4352 extra
1243 4315 1428 4354 eorum
1458 4315 1612 4356 usum
1637 4315 1782 4357 .sunt
1820 4306 1888 4362 ob

293 4387 670 4442 excellentiam
692 4397 914 4444 natura).
946 4390 1000 4444 4.
1021 4389 1306 4444 Stecularia
1332 4391 1486 4461 igitur
1500 4392 1701 4461 judicia
1725 4395 1771 4448 si
1797 4396 1890 4448 Ita-

292 4473 527 4543 basi-itis,
547 4478 950 4551 contemptibiles
975 4481 1060 4551 qui
1081 4489 1197 4534 sunt
1218 4482 1270 4534 in
1299 4479 1547 4550 Ecclesia,
1565 4484 1680 4540 illos
1697 4487 1886 4540 consti-

290 4568 419 4621 tuite
453 4570 528 4622 ad
557 4569 924 4639 judicandum.
960 4571 1159 4626 Volens
1188 4586 1310 4626 cum
1341 4572 1633 4643 hyperbole
1659 4592 1758 4631 nos
1785 4578 1885 4632 do-

290 4672 419 4715 cere
443 4701 460 4725 ,
494 4661 878 4732 quodcumque
909 4663 1122 4718 tandem
1153 4663 1312 4719 fuerit
1331 4705 1348 4728 ,
1380 4680 1484 4719 non
1511 4675 1760 4735 oportere
1788 4685 1886 4724 nos

291 4754 533 4808 externis
549 4755 890 4810 committere
909 4797 924 4820 ,
953 4771 1076 4810 cum
1108 4755 1465 4826 objectionem
1495 4758 1578 4812 vel
1619 4775 1737 4828 quae
1767 4761 1887 4816 talis

291 4858 413 4898 esse
426 4845 733 4912 videbatur,
757 4849 1049 4902 movisset:
1075 4849 1222 4918 prius
1241 4848 1381 4901 illam
1405 4848 1582 4903 solvit.
1609 4849 1721 4905 Hoc
1741 4852 1882 4906 enim

292 4935 407 5012 vult
443 4937 751 5006 significare
784 4956 798 4992 :
846 4938 1101 4994 Fortasse
1137 4940 1280 4994 dicet
1327 4942 1591 5011 quispiam
1616 4983 1632 5004 ,
1682 4944 1884 4998 nullum

289 5041 419 5080 esse
432 5027 571 5096 apud
597 5043 692 5081 vos
713 5030 1034 5098 sapientem,
1061 5046 1232 5100 neque
1249 5031 1312 5082 ad
1331 5030 1588 5100 judicium
1607 5033 1882 5089 ferendum

286 5126 478 5187 aptum
513 5161 531 5187 ,
580 5121 677 5176 sed
727 5123 1162 5192 contemptibiles
1219 5138 1427 5178 omnes.
1482 5124 1546 5178 Et
1574 5125 1698 5194 quid
1745 5126 1884 5182 hoc?

289 5212 517 5268 Etiamsi
543 5215 689 5269 enim
714 5216 892 5271 nullus
921 5217 991 5271 sit
1017 5217 1231 5286 sapiens
1255 5257 1270 5280 ,
1303 5216 1492 5286 inquit,
1526 5231 1620 5271 vos
1648 5217 1884 5274 minimis

291 5308 609 5370 permittite.
639 5308 694 5362 5.
720 5305 834 5362 Hoc
859 5319 1028 5362 autent
1055 5310 1122 5362 ad
1147 5311 1497 5364 verecundiam
1514 5321 1727 5365 vestram
1747 5313 1880 5366 dico.

291 5396 390 5454 Est
431 5398 732 5454 refellentis
772 5400 982 5454 illorum
1031 5402 1385 5471 objectioncm
1412 5443 1426 5467 ,
1460 5411 1515 5456 ιιι
1547 5419 1666 5472 quae
1692 5419 1882 5474 super-

290 5487 431 5543 fluus
452 5491 526 5544 sit
546 5488 803 5544 oblentus
830 5509 844 5544 :
873 5491 1100 5560 ideoque
1119 5492 1394 5562 snlijunxit
1417 5510 1430 5545 :
1455 5492 1546 5547 Sic
1574 5509 1674 5546 non
1703 5503 1774 5546 est
1793 5510 1883 5546 sa-

291 5581 436 5646 piens
460 5584 514 5636 in
547 5583 690 5637 vobis
713 5585 975 5654 quisquam
993 5583 1019 5636 ἰ)
1044 5583 1281 5639 Tantane
1307 5594 1408 5648 est,
1439 5585 1627 5655 inquit,
1663 5585 1882 5654 inopia?

298 5678 514 5729 tantane
575 5675 718 5742 apud
772 5689 865 5728 vos
916 5675 1106 5729 raritas
1145 5677 1379 5730 virorum
1433 5678 1882 5748 intelligentiam?

294 5761 446 5829 Quod
476 5777 661 5821 autem
691 5765 982 5834 subjungit,
1014 5766 1268 5834 majorem
1299 5767 1460 5822 infert
1488 5769 1688 5840 plagam
1717 5788 1728 5822 :
1759 5784 1880 5824 cum

639 5867 907 5928 ΡΑτιιοι..
958 5869 1070 5926 tiu.
1131 5868 1283 5927 LXI.

1338 333 1406 390 IN
1443 332 1654 389 EPIST.
1699 332 1716 384 Ι
1784 331 1873 386 Μ)
1902 329 2060 384 C0“.
2104 329 2330 385 IIOMIL.
2371 329 2509 387 XVI.

3482 341 3584 396 154

2009 441 2153 496 enim
2181 440 2426 505 dixisset,
2450 441 2566 497 Non
2594 451 2678 498 est
2704 445 2918 514 sapiens
2953 447 3006 501 in
3036 447 3186 504 vobis
3210 463 3382 521 neque
3404 469 3538 508 unus
3562 459 3584 510 t

2000 531 2319 602 subjunxit:
2369 533 2470 599 Qui
2508 535 2666 605 possit
2697 536 2938 607 judicare
2975 539 3105 593 inter
3142 540 3352 610 fratrem
3393 549 3586 600 suum?

2000 623 2134 676 Cum
2163 624 2303 677 enim
2337 624 2500 680 frater
2541 641 2661 680 cum
2705 625 2869 682 fratre
2892 627 3094 697 judicio
3127 634 3443 704 contendit,
3475 652 3583 694 non

2003 729 2193 785 magna
2223 716 2571 786 intelligentia
2603 728 2656 773 et
2684 718 2905 774 solertia
2949 731 3034 776 est
3058 735 3192 791 Opus
3225 724 3329 780 litis
3359 727 3584 797 arbitro,

2001 807 2194 862 affectu
2221 820 2275 861 et
2298 810 2614 878 cognatione
2636 825 2884 880 magnam
2912 828 3066 881 opem
3093 814 3348 875 afferente
3371 821 3436 876 ad
3459 838 3588 878 con-

2004 898 2254 952 tentionis
2301 899 2419 952 talis
2458 900 2799 956 solutionem.
2847 902 2900 957 6.
2944 903 3051 958 Sed
3077 909 3240 975 frater
3283 925 3399 963 cum
3423 912 3586 977 fratre

1990 991 2190 1059 judicio
2207 993 2479 1057 contendit,
2499 1003 2544 1047 et
2567 993 2661 1047 ltoc
2676 995 2818 1062 apud
2835 995 3084 1063 inﬁdeles.
3107 997 3296 1053 Viden‘
3314 1007 3588 1072 quomodo

2003 1082 2054 1136 in
2089 1084 2349 1153 principio
2375 1085 2589 1154 quidem
2621 1087 2822 1141 utiliter
2850 1087 3124 1144 incusabat
3143 1105 3236 1147 eos
3263 1094 3352 1162 qui
3377 1094 3585 1164 judica-

2000 1184 2140 1239 rent,
2171 1177 2383 1244 iniquos
2409 1192 2642 1236 vocans:
2676 1177 2763 1232 hic
2782 1189 2962 1234 autem
2995 1187 3054 1234 ut
3080 1180 3204 1236 illos
3233 1184 3437 1253 pudore
3465 1188 3585 1244 alii.

2000 1266 2126 1329 ciat,
2159 1267 2343 1322 dicens
2374 1268 2654 1323 infideles?
2683 1269 2892 1326 Etenim
2915 1271 3204 1328 admodum
3229 1284 3382 1347 turpe
3407 1289 3508 1348 est,
3539 1283 3584 1338 si

2002 1372 2067 1411 ne
2098 1357 2351 1414 fratribus
2377 1359 2590 1427 quidem
2616 1362 3062 1419 reconciliationis
3082 1380 3244 1422 causa
3268 1371 3440 1440 possit
3465 1388 3586 1432 esse

1999 1448 2287 1510 Sacerdos;
2312 1450 2404 1504 sed
2439 1466 2660 1507 necesse
2689 1451 2756 1506 sit
2778 1452 2843 1506 ad
2861 1464 3115 1511 externos
3141 1472 3444 1518 accurrere.
3479 1465 3583 1521 Ita-

1997 1553 2100 1607 que
2124 1555 2244 1593 cum
2268 1540 2401 1594 dixit
2426 1541 2853 1611 Coutemptibites,
2880 1561 2983 1599 non
3007 1547 3110 1603 hoc
3139 1553 3403 1622 praecipue
3428 1555 3580 1624 dixit,

1997 1630 2139 1698 quod
2168 1631 2407 1702 abjectos
2432 1633 2623 1688 sedere
2643 1635 2851 1703 jndices
2871 1650 3139 1708 oporteat,
3168 1643 3262 1698 sed
3307 1645 3428 1703 illos
3469 1664 3584 1720 per-

1997 1722 2421 1793 stringens.Nam
2440 1725 2578 1795 quod
2599 1727 2776 1796 iis,qui
2790 1727 3096 1786 discernere
3109 1736 3584 1802 possint,commit-

2000 1822 2114 1871 tere
2162 1826 2428 1886 oporteat,
2469 1818 2788 1887 significavit
2815 1820 3001 1877 dicens
3035 1840 3048 1876 :
3085 1823 3176 1879 Sic
3203 1844 3304 1882 non
3351 1841 3425 1888 est
3452 1835 3582 1892 inter

1997 1921 2082 1958 vos
2109 1908 2311 1976 sapiens
2337 1909 2646 1978 quisquam?
2671 1920 2723 1964 et
2763 1927 2826 1966 ex
2850 1913 3139 1970 abundanti
3168 1933 3229 1973 os
3254 1921 3540 1984 obstruens
3564 1973 3578 1994 ,

1997 2007 2050 2051 et
2080 1998 2266 2054 dicens
2296 2019 2308 2054 :
2340 2001 2484 2071 quod
2533 2003 2740 2057 etiamsi
2774 2004 2952 2059 nullus
2981 2016 3124 2062 esset
3156 2012 3369 2081 sapiens
3396 2017 3447 2072 in
3480 2035 3580 2077 vo-

1996 2087 2098 2154 bis,
2132 2092 2506 2160 insipientibus
2540 2096 2715 2163 potius
2753 2098 3131 2154 committenda
3167 2117 3326 2159 causa
3355 2106 3576 2178 fuisset,

1995 2197 2153 2251 quam
2178 2185 2435 2239 externis.
2466 2187 2747 2253 Quomodo
2773 2188 2916 2243 enim
2941 2206 3045 2244 non
3077 2193 3366 2254 absurdum
3395 2200 3576 2264 fuerit.

1994 2288 2115 2328 cum
2165 2275 2310 2329 domi
2348 2276 2414 2330 lis
2441 2277 2632 2342 oritur,
2657 2289 2934 2335 externum
2958 2286 3226 2341 neminem
3253 2293 3454 2364 vocari,
3484 2298 3578 2354 sed

1996 2365 2200 2432 pudore
2243 2366 2420 2430 affici,
2463 2369 2657 2438 siqua:
2708 2371 2850 2426 intus
2897 2373 3028 2429 fiunt
3066 2377 3196 2432 foris
3225 2382 3575 2455 evulgentur;

1995 2454 2081 2508 ubi
2109 2464 2286 2509 autem
2321 2457 2560 2513 Ecclesia
2587 2468 2692 2525 est,
2719 2476 3035 2517 arcanorum
3057 2470 3432 2538 mysteriorum
3456 2454 3578 2535 the?

1992 2559 2204 2611 saurus,
2237 2549 2412 2602 omnia
2444 2560 2593 2604 extra
2616 2552 2833 2607 efferri?
2861 2553 2967 2609 Sed
2985 2560 3146 2627 frater
3171 2576 3287 2614 cum
3311 2563 3471 2631 fratre
3479 2568 3576 2637 ju~

1992 2635 2126 2690 dicio
2157 2641 2432 2707 contendit,
2463 2651 2508 2694 et
2536 2641 2630 2695 hoc
2659 2646 2799 2712 apud
2830 2646 3076 2713 inﬁdeles.
3116 2649 3326 2720 Duplex
3357 2666 3439 2710 est
3466 2635 3577 2714 cri-

1994 2743 2114 2782 men
2136 2771 2150 2793 ,
2197 2741 2245 2784 et
2289 2732 2429 2801 quod
2456 2733 2730 2802 judicetur
2753 2777 2767 2800 ,
2798 2747 2849 2790 et
2880 2739 3022 2806 quod
3055 2741 3194 2810 apud
3226 2743 3488 2801 infideles.
3519 2751 3577 2806 Si

1991 2822 2136 2876 enim
2163 2837 2261 2892 per
2291 2840 2348 2879 se
2377 2836 2655 2894 peccatum
2684 2839 2766 2881 est
2795 2843 2916 2882 cum
2949 2831 3113 2886 fratre
3129 2832 3335 2902 judicio
3355 2850 3578 2896 conten-

1991 2911 2140 2979 dere,
2176 2914 2226 2968 id
2273 2916 2414 2984 apud
2445 2927 2698 2972 externos
2739 2917 2914 2974 facere
2941 2937 3097 2990 quam
3131 2925 3336 2980 veniam
3364 2945 3577 2987 merea-

1993 3006 2121 3060 tur?
2144 3007 2196 3060 7.
2225 3005 2348 3061 Jam
2369 3009 2570 3077 quidem
2592 3010 2797 3063 omnino
2826 3011 3066 3066 delictum
3090 3025 3163 3068 est
3189 3019 3240 3071 in
3260 3018 3418 3088 vobis,
3441 3025 3578 3092 quod

1990 3099 2185 3167 iudicia
2212 3099 2404 3154 habetis
2430 3101 2560 3154 inter
2587 3118 2693 3155 vos.
2720 3102 2905 3158 Viden‘
2934 3105 3148 3161 ttbinam
3177 3108 3304 3164 illud
3331 3127 3575 3170 reserva-

1991 3191 2098 3244 rit?
2123 3200 2347 3260 etquam
2373 3204 2669 3262 opportune
2698 3193 2799 3248 hoc
2829 3197 3138 3251 sustulerit?
3167 3199 3412 3260 Nondum
3431 3206 3574 3262 enim

1990 3281 2134 3348 dico,
2184 3283 2374 3352 inquit,
2408 3284 2598 3354 aliquis
2627 3285 2870 3355 injuriam
2905 3286 3050 3352 facit,
3090 3291 3284 3362 aliquis
3327 3295 3576 3365 injuriam

1992 3375 2188 3442 patitur
2218 3393 2231 3429 :
2279 3376 2489 3430 interim
2513 3393 2578 3430 eo
2604 3379 2738 3447 ipso,
2771 3380 2911 3449 quod
2945 3381 3145 3450 judicio
3185 3391 3574 3462 contendatur,

1991 3475 2217 3536 uterque
2233 3468 2579 3536 improbatur,
2600 3480 2653 3522 et
2673 3470 2722 3523 in
2745 3470 2844 3525 hoc
2864 3484 3066 3528 nonest
3089 3476 3225 3531 alius
3241 3479 3348 3535 alio
3363 3484 3570 3542 melior.

2065 3561 2117 3614 4.
2150 3562 2205 3615 Si
2237 3570 2418 3616 autem
2445 3565 2588 3631 juste
2630 3566 2711 3617 vel
2747 3565 2942 3635 injuste
2959 3567 3166 3637 judicio
3210 3577 3572 3643 contenditur,

1991 3651 2092 3707 boc
2122 3652 2187 3708 ad
2227 3653 2384 3706 aliam
2434 3656 2666 3723 pertinet
2701 3655 3139 3726 disputationem.
3171 3663 3250 3720 Ne
3292 3667 3471 3738 itaque
3495 3671 3576 3727 di-

1990 3757 2104 3807 cas,
2127 3743 2335 3814 Aliquis
2365 3745 2554 3814 injuria
2577 3747 2755 3802 affecit
2785 3767 2798 3802 :
2831 3749 2955 3806 hinc
2977 3753 3117 3808 enim
3137 3756 3248 3824 jam
3280 3767 3331 3814 te
3355 3760 3573 3830 damno,

1989 3835 2132 3904 quod
2149 3835 2352 3903 judicio
2371 3839 2685 3894 contendas.
2710 3841 2766 3895 Si
2789 3855 2967 3898 autem
2988 3845 3234 3916 injuriam
3260 3850 3574 3911 inferentem

1991 3923 2135 3979 ferre
2161 3941 2266 3978 non
2305 3942 2466 3997 posse
2500 3930 2705 3984 crimen
2752 3943 2854 3995 est,
2892 3933 3139 4004 injuriam
3175 3939 3352 3998 facere
3377 3957 3574 4014 quanta

1989 4015 2206 4087 dignum
2245 4018 2349 4072 erit
2381 4021 2762 4076 accusatione?
2809 4023 2978 4090 Quare
3014 4043 3113 4081 non
3143 4033 3303 4101 magis
3331 4035 3575 4103 injuriam

1990 4107 2222 4176 accipitis
2244 4109 2269 4161 Σ)
2297 4125 2452 4179 quare
2480 4127 2582 4163 non
2612 4114 2773 4183 magis
2801 4114 3035 4182 fraudem
3084 4119 3354 4186 patimini?
3380 4125 3434 4180 8.
3467 4125 3576 4184 Sed

1991 4211 2077 4250 vos
2103 4199 2344 4268 injuriam
2375 4199 2542 4267 facitis
2564 4209 2609 4254 et
2635 4202 2870 4269 fraudem
2889 4205 3040 4258 etiam
3067 4209 3332 4276 fratribus.
3368 4214 3574 4274 Rursus

1992 4289 2209 4359 duplum
2257 4292 2501 4356 crimen;
2550 4293 2659 4348 imo
2699 4293 2835 4349 forte
2864 4297 3078 4368 tripluut
3110 4311 3162 4357 et
3191 4305 3570 4380 quadruplum.

1993 4380 2167 4436 Unum
2189 4382 2402 4452 quidem
2434 4383 2680 4454 injuriam
2705 4385 3022 4444 inferentem
3052 4391 3195 4449 ferre
3221 4399 3459 4466 nescire;
3488 4419 3576 4460 se-

1993 4475 2222 4531 cundum
2251 4485 2450 4541 autem,
2477 4478 2638 4533 etiam
2670 4479 2915 4550 injuriam
2946 4483 3170 4553 inferre;
3203 4491 3438 4556 tertium,
3467 4495 3573 4551 ini-

1991 4567 2112 4636 quis
2147 4567 2405 4636 judicium
2450 4570 2518 4625 de
2551 4569 2635 4625 bis
2658 4574 3027 4639 committere;
3071 4590 3340 4650 quartum,
3390 4584 3492 4640 hoc
3520 4588 3571 4643 in

1993 4655 2215 4713 fratrem
2244 4659 2445 4716 facere.
2476 4660 2660 4732 Neque
2685 4663 2829 4720 enim
2857 4666 3104 4723 similiter
3129 4669 3199 4726 de
3230 4677 3463 4741 peccatis
3483 4679 3572 4748 ju-

1991 4749 2217 4815 dicatur,
2248 4767 2370 4807 cum
2392 4752 2744 4809 admittuntur
2762 4757 2812 4809 in
2835 4760 3079 4825 quemvis
3103 4761 3339 4830 obvium,
3369 4776 3426 4822 et
3451 4785 3572 4827 cum

1991 4839 2042 4893 in
2073 4842 2346 4910 proprium
2374 4846 2697 4899 membrum.
2732 4846 2843 4900 Hoc
2866 4850 3008 4901 enim
3036 4852 3157 4920 quis
3173 4853 3336 4910 audet
3357 4873 3420 4913 ex
3455 4877 3575 4917 ma-

1986 4930 2089 4999 jori
2118 4933 2410 5002 petulantia
2442 4951 2455 4987 :
2496 4945 2548 4989 et
2579 4937 2687 4990 illic
2717 4937 2932 5006 quidem
2977 4943 3323 5000 conculcatur
3350 4951 3465 5006 sola
3499 4958 3572 5009 rei

1991 5032 2176 5077 natura
2197 5065 2212 5087 ,
2243 5023 2330 5079 hic
2370 5041 2497 5078 vero
2527 5025 2688 5080 etiam
2729 5044 2975 5097 personae
3000 5033 3250 5101 qualitas.
3285 5039 3574 5114 Postquam

1991 5113 2148 5184 igitur
2164 5114 2422 5184 pudorem
2439 5115 2617 5170 intulit
2631 5132 2661 5170 a
2675 5122 3047 5178 communibus
3067 5127 3381 5197 rationibus,
3403 5113 3459 5189 et
3480 5151 3579 5190 an-

1992 5215 2044 5259 te
2073 5206 2188 5259 hzec
2231 5222 2261 5258 a
2297 5207 2583 5276 propositis
2613 5212 2846 5279 praemiis
2865 5255 2879 5280 ,
2911 5219 3327 5278 comminatione
3355 5229 3574 5282 conclu-

1991 5295 2067 5350 dit
2099 5296 2562 5366 adhortationem,
2596 5305 3048 5363 vehementiorem
3102 5313 3334 5370 reddens
3364 5333 3574 5372 sermo-

1991 5406 2112 5445 nem
2138 5390 2220 5444 Itis
2246 5393 2422 5449 verbis
2447 5413 2460 5448 :
2495 5397 2550 5450 9.
2573 5396 2650 5450 Au
2668 5401 2869 5453 nescitis
2895 5402 3031 5469 quod
3052 5403 3214 5474 iniqui
3242 5422 3450 5476 regnum
3477 5410 3574 5468 Dei

1990 5498 2090 5536 nou
2121 5483 2490 5552 possidebunt?
2516 5485 2694 5542 Nolite
2721 5505 2892 5543 errare
2921 5506 2940 5544 :
2969 5508 3129 5562 neque
3173 5497 3456 5567 foruicarii,
3488 5521 3586 5576 nec,

1987 5593 2084 5646 que
2103 5576 2254 5630 idolis
2285 5581 2554 5636 servientes
2575 5623 2589 5646 ,
2620 5600 2779 5651 neque
2805 5584 3047 5653 adulteri,
3077 5603 3234 5658 neque
3253 5592 3460 5663 molles,
3487 5616 3571 5654 ne-

1988 5688 2083 5741 que
2124 5674 2466 5727 masculorum
2507 5677 2872 5744 concubitores,
2924 5679 3008 5734 10.
3043 5697 3200 5753 neque
3225 5687 3386 5754 avari,
3419 5706 3579 5756 neque

1992 5769 2150 5838 fures,
2191 5784 2347 5838 neque
2386 5769 2586 5834 ebriosi,
2622 5775 3051 5842 ne.-;ue.nialrdiri,
3085 5793 3244 5846 neque
3263 5797 3470 5849 rapaces
3496 5803 3570 5838 re-

3218 5869 3259 5932 9
