  <div class='ocr_page' id='page_1' title='image "/cluster/home/n/w/nwhite01/storage/ocr_20150623/61/hvd.32044054166368/139.png"; bbox 0 0 4090 6216; ppageno 0'>
   <div class='ocr_carea' id='block_1_1' title="bbox 433 330 868 386">
    <p class='ocr_par' dir='ltr' id='par_1_1' title="bbox 433 330 868 386">
     <span class='ocr_line' id='line_1_1' title="bbox 433 330 868 386; baseline 0 0"><span class='ocrx_word' id='word_1_1' title='bbox 433 333 532 386; x_wconf 68' lang='grc'><strong>133</strong></span> <span class='ocrx_word' id='word_1_2' title='bbox 837 330 868 340; x_wconf 66' lang='grc'><em>’⁸</em></span> 
     </span>
    </p>
   </div>
   <div class='ocr_carea' id='block_1_2' title="bbox 429 447 2007 527">
    <p class='ocr_par' dir='ltr' id='par_1_2' title="bbox 429 447 2007 527">
     <span class='ocr_line' id='line_1_2' title="bbox 429 447 2007 527; baseline -0.006 -19"><span class='ocrx_word' id='word_1_3' title='bbox 429 471 586 527; x_wconf 79' lang='lat' dir='ltr'><strong>guunt</strong></span> <span class='ocrx_word' id='word_1_4' title='bbox 615 453 703 508; x_wconf 70' lang='lat' dir='ltr'><strong>Dc;</strong></span> <span class='ocrx_word' id='word_1_5' title='bbox 735 453 1078 520; x_wconf 79' lang='lat' dir='ltr'><strong>possidebunt.</strong></span> <span class='ocrx_word' id='word_1_6' title='bbox 1109 450 1246 517; x_wconf 84' lang='lat' dir='ltr'><strong>Quid</strong></span> <span class='ocrx_word' id='word_1_7' title='bbox 1270 447 1440 503; x_wconf 86' lang='lat' dir='ltr'><strong>dicis?</strong></span> <span class='ocrx_word' id='word_1_8' title='bbox 1465 447 1531 502; x_wconf 90' lang='lat' dir='ltr'><strong>de</strong></span> <span class='ocrx_word' id='word_1_9' title='bbox 1558 447 1734 502; x_wconf 88' lang='lat' dir='ltr'><strong>avaris</strong></span> <span class='ocrx_word' id='word_1_10' title='bbox 1762 447 2007 517; x_wconf 88' lang='lat' dir='ltr'><strong>loquens,</strong></span> 
     </span>
    </p>
   </div>
   <div class='ocr_carea' id='block_1_3' title="bbox 433 538 2012 601">
    <p class='ocr_par' dir='ltr' id='par_1_3' title="bbox 433 538 2012 601">
     <span class='ocr_line' id='line_1_3' title="bbox 433 538 2012 601; baseline -0.007 0"><span class='ocrx_word' id='word_1_11' title='bbox 433 545 819 601; x_wconf 74' lang='lat' dir='ltr'><strong>sceleratorum</strong></span> <span class='ocrx_word' id='word_1_12' title='bbox 871 544 1146 599; x_wconf 87' lang='lat' dir='ltr'><strong>hominum</strong></span> <span class='ocrx_word' id='word_1_13' title='bbox 1189 551 1387 594; x_wconf 84' lang='lat' dir='ltr'><strong>tantam</strong></span> <span class='ocrx_word' id='word_1_14' title='bbox 1430 538 1687 594; x_wconf 85' lang='lat' dir='ltr'><strong>induxisti</strong></span> <span class='ocrx_word' id='word_1_15' title='bbox 1717 538 1870 592; x_wconf 87' lang='lat' dir='ltr'><strong>nobis</strong></span> <span class='ocrx_word' id='word_1_16' title='bbox 1898 545 2012 592; x_wconf 70' lang='lat' dir='ltr'><strong>tur~</strong></span> 
     </span>
    </p>
   </div>
   <div class='ocr_carea' id='block_1_4' title="bbox 427 629 2010 703">
    <p class='ocr_par' dir='ltr' id='par_1_4' title="bbox 427 629 2010 703">
     <span class='ocr_line' id='line_1_4' title="bbox 427 629 2010 703; baseline -0.008 -10"><span class='ocrx_word' id='word_1_17' title='bbox 427 638 586 693; x_wconf 84' lang='lat' dir='ltr'><strong>bam?</strong></span> <span class='ocrx_word' id='word_1_18' title='bbox 609 636 802 698; x_wconf 85' lang='lat' dir='ltr'><strong>Etiam,</strong></span> <span class='ocrx_word' id='word_1_19' title='bbox 836 634 1007 703; x_wconf 87' lang='lat' dir='ltr'><strong>inquit</strong></span> <span class='ocrx_word' id='word_1_20' title='bbox 1030 651 1043 686; x_wconf 90' lang='lat'>:</span> <span class='ocrx_word' id='word_1_21' title='bbox 1068 632 1164 688; x_wconf 91' lang='lat' dir='ltr'><strong>sed</strong></span> <span class='ocrx_word' id='word_1_22' title='bbox 1205 647 1310 686; x_wconf 92' lang='lat' dir='ltr'><strong>non</strong></span> <span class='ocrx_word' id='word_1_23' title='bbox 1343 629 1680 686; x_wconf 89' lang='lat' dir='ltr'><strong>confundens</strong></span> <span class='ocrx_word' id='word_1_24' title='bbox 1709 629 2010 684; x_wconf 86' lang='lat' dir='ltr'><strong>orationem</strong></span> 
     </span>
    </p>
   </div>
   <div class='ocr_carea' id='block_1_5' title="bbox 431 723 2011 795">
    <p class='ocr_par' dir='ltr' id='par_1_5' title="bbox 431 723 2011 795">
     <span class='ocr_line' id='line_1_5' title="bbox 431 723 2011 795; baseline -0.004 -13"><span class='ocrx_word' id='word_1_25' title='bbox 431 729 534 783; x_wconf 87' lang='lat' dir='ltr'><strong>hoc</strong></span> <span class='ocrx_word' id='word_1_26' title='bbox 569 728 707 782; x_wconf 84' lang='lat' dir='ltr'><strong>facio</strong></span> <span class='ocrx_word' id='word_1_27' title='bbox 731 768 746 792; x_wconf 90' lang='lat'><strong>,</strong></span> <span class='ocrx_word' id='word_1_28' title='bbox 772 727 865 780; x_wconf 90' lang='lat' dir='ltr'><strong>scd</strong></span> <span class='ocrx_word' id='word_1_29' title='bbox 895 736 947 780; x_wconf 92' lang='lat' dir='ltr'><strong>et</strong></span> <span class='ocrx_word' id='word_1_30' title='bbox 988 725 1179 780; x_wconf 84' lang='lat' dir='ltr'><strong>ordine</strong></span> <span class='ocrx_word' id='word_1_31' title='bbox 1206 724 1524 795; x_wconf 84' lang='lat' dir='ltr'><strong>procedens.</strong></span> <span class='ocrx_word' id='word_1_32' title='bbox 1552 723 2011 791; x_wconf 77' lang='lat' dir='ltr'><strong>Quemadmodum</strong></span> 
     </span>
    </p>
   </div>
   <div class='ocr_carea' id='block_1_6' title="bbox 428 813 2012 885">
    <p class='ocr_par' dir='ltr' id='par_1_6' title="bbox 428 813 2012 885">
     <span class='ocr_line' id='line_1_6' title="bbox 428 813 2012 885; baseline -0.004 -13"><span class='ocrx_word' id='word_1_33' title='bbox 428 820 572 873; x_wconf 91' lang='lat' dir='ltr'><strong>enim</strong></span> <span class='ocrx_word' id='word_1_34' title='bbox 604 816 672 872; x_wconf 86' lang='lat' dir='ltr'><strong>de</strong></span> <span class='ocrx_word' id='word_1_35' title='bbox 701 815 1116 871; x_wconf 88' lang='lat' dir='ltr'><strong>fornicatoribus</strong></span> <span class='ocrx_word' id='word_1_36' title='bbox 1145 815 1368 885; x_wconf 89' lang='lat' dir='ltr'><strong>loquens</strong></span> <span class='ocrx_word' id='word_1_37' title='bbox 1393 857 1408 882; x_wconf 94' lang='lat'><strong>,</strong></span> <span class='ocrx_word' id='word_1_38' title='bbox 1438 816 1677 871; x_wconf 92' lang='lat' dir='ltr'><strong>omnium</strong></span> <span class='ocrx_word' id='word_1_39' title='bbox 1706 813 1866 869; x_wconf 86' lang='lat' dir='ltr'><strong>simul</strong></span> <span class='ocrx_word' id='word_1_40' title='bbox 1898 827 2012 867; x_wconf 81' lang='lat' dir='ltr'><strong>me-</strong></span> 
     </span>
    </p>
   </div>
   <div class='ocr_carea' id='block_1_7' title="bbox 430 905 2012 970">
    <p class='ocr_par' dir='ltr' id='par_1_7' title="bbox 430 905 2012 970">
     <span class='ocr_line' id='line_1_7' title="bbox 430 905 2012 970; baseline -0.004 -6"><span class='ocrx_word' id='word_1_41' title='bbox 430 911 622 965; x_wconf 84' lang='lat' dir='ltr'><strong>mini‘t:</strong></span> <span class='ocrx_word' id='word_1_42' title='bbox 654 911 723 963; x_wconf 88' lang='lat' dir='ltr'><strong>ita</strong></span> <span class='ocrx_word' id='word_1_43' title='bbox 754 925 966 963; x_wconf 86' lang='lat' dir='ltr'><strong>rursum</strong></span> <span class='ocrx_word' id='word_1_44' title='bbox 989 924 1206 962; x_wconf 87' lang='lat' dir='ltr'><strong>avarum</strong></span> <span class='ocrx_word' id='word_1_45' title='bbox 1234 922 1668 963; x_wconf 84' lang='lat' dir='ltr'><strong>commemorans</strong></span> <span class='ocrx_word' id='word_1_46' title='bbox 1693 947 1706 970; x_wconf 91' lang='lat'><strong>,</strong></span> <span class='ocrx_word' id='word_1_47' title='bbox 1742 920 1930 960; x_wconf 89' lang='lat' dir='ltr'><strong>omnes</strong></span> <span class='ocrx_word' id='word_1_48' title='bbox 1961 905 2012 959; x_wconf 92' lang='lat' dir='ltr'><strong>in</strong></span> 
     </span>
    </p>
   </div>
   <div class='ocr_carea' id='block_1_8' title="bbox 427 996 2010 1070">
    <p class='ocr_par' dir='ltr' id='par_1_8' title="bbox 427 996 2010 1070">
     <span class='ocr_line' id='line_1_8' title="bbox 427 996 2010 1070; baseline -0.004 -14"><span class='ocrx_word' id='word_1_49' title='bbox 427 1001 665 1056; x_wconf 85' lang='lat' dir='ltr'><strong>medium</strong></span> <span class='ocrx_word' id='word_1_50' title='bbox 701 1001 917 1056; x_wconf 78' lang='lat' dir='ltr'><strong>adducit</strong></span> <span class='ocrx_word' id='word_1_51' title='bbox 959 1000 1025 1054; x_wconf 88' lang='lat' dir='ltr'><strong>ad</strong></span> <span class='ocrx_word' id='word_1_52' title='bbox 1046 999 1492 1070; x_wconf 83' lang='lat' dir='ltr'><strong>reprehensiones</strong></span> <span class='ocrx_word' id='word_1_53' title='bbox 1515 996 1880 1054; x_wconf 86' lang='lat' dir='ltr'><strong>assuefaciens</strong></span> <span class='ocrx_word' id='word_1_54' title='bbox 1896 1011 2010 1059; x_wconf 87' lang='lat' dir='ltr'><strong>eos,</strong></span> 
     </span>
    </p>
   </div>
   <div class='ocr_carea' id='block_1_9' title="bbox 425 1090 2013 1164">
    <p class='ocr_par' dir='ltr' id='par_1_9' title="bbox 425 1090 2013 1164">
     <span class='ocr_line' id='line_1_9' title="bbox 425 1090 2013 1164; baseline -0.002 -19"><span class='ocrx_word' id='word_1_55' title='bbox 425 1095 516 1164; x_wconf 86' lang='lat' dir='ltr'><strong>qui</strong></span> <span class='ocrx_word' id='word_1_56' title='bbox 564 1097 752 1148; x_wconf 89' lang='lat' dir='ltr'><strong>horum</strong></span> <span class='ocrx_word' id='word_1_57' title='bbox 791 1103 847 1147; x_wconf 89' lang='lat' dir='ltr'><strong>et</strong></span> <span class='ocrx_word' id='word_1_58' title='bbox 888 1091 1144 1147; x_wconf 88' lang='lat' dir='ltr'><strong>similium</strong></span> <span class='ocrx_word' id='word_1_59' title='bbox 1180 1093 1278 1146; x_wconf 81' lang='lat' dir='ltr'><strong>sibi</strong></span> <span class='ocrx_word' id='word_1_60' title='bbox 1325 1093 1525 1148; x_wconf 90' lang='lat' dir='ltr'><strong>conscii</strong></span> <span class='ocrx_word' id='word_1_61' title='bbox 1575 1100 1720 1146; x_wconf 90' lang='lat' dir='ltr'><strong>sunt.</strong></span> <span class='ocrx_word' id='word_1_62' title='bbox 1771 1090 1902 1144; x_wconf 85' lang='lat' dir='ltr'><strong>Nam</strong></span> <span class='ocrx_word' id='word_1_63' title='bbox 1962 1091 2013 1143; x_wconf 84' lang='lat' dir='ltr'><strong>in</strong></span> 
     </span>
    </p>
   </div>
   <div class='ocr_carea' id='block_1_10' title="bbox 426 1182 2013 1252">
    <p class='ocr_par' dir='ltr' id='par_1_10' title="bbox 426 1182 2013 1252">
     <span class='ocr_line' id='line_1_10' title="bbox 426 1182 2013 1252; baseline -0.002 -14"><span class='ocrx_word' id='word_1_64' title='bbox 426 1184 653 1240; x_wconf 83' lang='lat' dir='ltr'><strong>aliorum</strong></span> <span class='ocrx_word' id='word_1_65' title='bbox 699 1183 1215 1237; x_wconf 77' lang='lat' dir='ltr'><strong>commemoratione</strong></span> <span class='ocrx_word' id='word_1_66' title='bbox 1256 1182 1563 1252; x_wconf 88' lang='lat' dir='ltr'><strong>frequenter</strong></span> <span class='ocrx_word' id='word_1_67' title='bbox 1587 1182 1775 1236; x_wconf 84' lang='lat' dir='ltr'><strong>audire</strong></span> <span class='ocrx_word' id='word_1_68' title='bbox 1801 1197 2013 1250; x_wconf 64' lang='lat' dir='ltr'><strong>poenam</strong></span> 
     </span>
    </p>
   </div>
   <div class='ocr_carea' id='block_1_11' title="bbox 427 1273 2016 1344">
    <p class='ocr_par' dir='ltr' id='par_1_11' title="bbox 427 1273 2016 1344">
     <span class='ocr_line' id='line_1_11' title="bbox 427 1273 2016 1344; baseline -0.002 -15"><span class='ocrx_word' id='word_1_69' title='bbox 427 1277 493 1329; x_wconf 91' lang='lat' dir='ltr'><strong>iis</strong></span> <span class='ocrx_word' id='word_1_70' title='bbox 523 1277 836 1344; x_wconf 86' lang='lat' dir='ltr'><strong>repositam,</strong></span> <span class='ocrx_word' id='word_1_71' title='bbox 875 1273 926 1327; x_wconf 90' lang='lat' dir='ltr'><strong>id</strong></span> <span class='ocrx_word' id='word_1_72' title='bbox 949 1273 1116 1327; x_wconf 90' lang='lat' dir='ltr'><strong>ellicit</strong></span> <span class='ocrx_word' id='word_1_73' title='bbox 1137 1282 1194 1327; x_wconf 91' lang='lat' dir='ltr'><strong>ut</strong></span> <span class='ocrx_word' id='word_1_74' title='bbox 1220 1273 1424 1328; x_wconf 80' lang='lat' dir='ltr'><strong>facilius</strong></span> <span class='ocrx_word' id='word_1_75' title='bbox 1449 1273 1697 1328; x_wconf 76' lang='lat' dir='ltr'><strong>audiatur</strong></span> <span class='ocrx_word' id='word_1_76' title='bbox 1723 1273 2016 1342; x_wconf 82' lang='lat' dir='ltr'><strong>reprehen-</strong></span> 
     </span>
    </p>
   </div>
   <div class='ocr_carea' id='block_1_12' title="bbox 429 1366 2016 1436">
    <p class='ocr_par' dir='ltr' id='par_1_12' title="bbox 429 1366 2016 1436">
     <span class='ocr_line' id='line_1_12' title="bbox 429 1366 2016 1436; baseline -0.001 -16"><span class='ocrx_word' id='word_1_77' title='bbox 429 1370 532 1431; x_wconf 75' lang='lat' dir='ltr'><strong>sio,</strong></span> <span class='ocrx_word' id='word_1_78' title='bbox 565 1382 684 1420; x_wconf 90' lang='lat' dir='ltr'><strong>cum</strong></span> <span class='ocrx_word' id='word_1_79' title='bbox 733 1366 994 1422; x_wconf 86' lang='lat' dir='ltr'><strong>adversus</strong></span> <span class='ocrx_word' id='word_1_80' title='bbox 1037 1381 1134 1421; x_wconf 89' lang='lat' dir='ltr'><strong>sua</strong></span> <span class='ocrx_word' id='word_1_81' title='bbox 1185 1366 1411 1435; x_wconf 89' lang='lat' dir='ltr'><strong>quisque</strong></span> <span class='ocrx_word' id='word_1_82' title='bbox 1439 1375 1656 1435; x_wconf 87' lang='lat' dir='ltr'><strong>peccata</strong></span> <span class='ocrx_word' id='word_1_83' title='bbox 1687 1375 2016 1436; x_wconf 75' lang='lat' dir='ltr'><strong>pugnaturus</strong></span> 
     </span>
    </p>
   </div>
   <div class='ocr_carea' id='block_1_13' title="bbox 431 1457 2016 1530">
    <p class='ocr_par' dir='ltr' id='par_1_13' title="bbox 431 1457 2016 1530">
     <span class='ocr_line' id='line_1_13' title="bbox 431 1457 2016 1530; baseline -0.001 -18"><span class='ocrx_word' id='word_1_84' title='bbox 431 1478 488 1515; x_wconf 83' lang='lat' dir='ltr'><strong>se</strong></span> <span class='ocrx_word' id='word_1_85' title='bbox 546 1467 788 1530; x_wconf 83' lang='lat' dir='ltr'><strong>apparat.</strong></span> <span class='ocrx_word' id='word_1_86' title='bbox 831 1458 1013 1529; x_wconf 81' lang='lat' dir='ltr'><strong>Neque</strong></span> <span class='ocrx_word' id='word_1_87' title='bbox 1056 1458 1198 1512; x_wconf 89' lang='lat' dir='ltr'><strong>enim</strong></span> <span class='ocrx_word' id='word_1_88' title='bbox 1242 1458 1354 1512; x_wconf 62' lang='lat' dir='ltr'><strong>haec</strong></span> <span class='ocrx_word' id='word_1_89' title='bbox 1391 1467 1660 1528; x_wconf 85' lang='lat' dir='ltr'><strong>tamquam</strong></span> <span class='ocrx_word' id='word_1_90' title='bbox 1700 1460 1877 1512; x_wconf 89' lang='lat' dir='ltr'><strong>sciens</strong></span> <span class='ocrx_word' id='word_1_91' title='bbox 1911 1457 2016 1511; x_wconf 92' lang='lat' dir='ltr'><strong>illis</strong></span> 
     </span>
    </p>
   </div>
   <div class='ocr_carea' id='block_1_14' title="bbox 355 1549 2018 1628">
    <p class='ocr_par' dir='ltr' id='par_1_14' title="bbox 355 1549 2018 1628">
     <span class='ocr_line' id='line_1_14' title="bbox 355 1549 2018 1628; baseline -0.001 -23"><span class='ocrx_word' id='word_1_92' title='bbox 355 1551 360 1558; x_wconf 87' lang='grc'><em>’</em></span> <span class='ocrx_word' id='word_1_93' title='bbox 429 1563 774 1622; x_wconf 62' lang='lat' dir='ltr'><strong>competere,</strong></span> <span class='ocrx_word' id='word_1_94' title='bbox 807 1565 981 1620; x_wconf 88' lang='lat' dir='ltr'><strong>neque</strong></span> <span class='ocrx_word' id='word_1_95' title='bbox 1019 1559 1268 1619; x_wconf 89' lang='lat' dir='ltr'><strong>tanquam</strong></span> <span class='ocrx_word' id='word_1_96' title='bbox 1310 1549 1751 1628; x_wconf 79' lang='lat' dir='ltr'><strong>reprehendens,</strong></span> <span class='ocrx_word' id='word_1_97' title='bbox 1793 1549 2018 1604; x_wconf 83' lang='lat' dir='ltr'><strong>commi-</strong></span> 
     </span>
    </p>
   </div>
   <div class='ocr_carea' id='block_1_15' title="bbox 434 1640 2015 1713">
    <p class='ocr_par' dir='ltr' id='par_1_15' title="bbox 434 1640 2015 1713">
     <span class='ocr_line' id='line_1_15' title="bbox 434 1640 2015 1713; baseline -0.001 -18"><span class='ocrx_word' id='word_1_98' title='bbox 434 1654 589 1697; x_wconf 78' lang='lat' dir='ltr'><strong>natur</strong></span> <span class='ocrx_word' id='word_1_99' title='bbox 615 1661 627 1696; x_wconf 90' lang='lat'><strong><em>:</em></strong></span> <span class='ocrx_word' id='word_1_100' title='bbox 654 1643 795 1713; x_wconf 92' lang='lat' dir='ltr'><strong>quod</strong></span> <span class='ocrx_word' id='word_1_101' title='bbox 823 1642 1057 1696; x_wconf 80' lang='lat' dir='ltr'><strong>maxime</strong></span> <span class='ocrx_word' id='word_1_102' title='bbox 1085 1650 1255 1710; x_wconf 87' lang='lat' dir='ltr'><strong>potest</strong></span> <span class='ocrx_word' id='word_1_103' title='bbox 1273 1640 1569 1694; x_wconf 89' lang='lat' dir='ltr'><strong>auditorem</strong></span> <span class='ocrx_word' id='word_1_104' title='bbox 1598 1642 1829 1696; x_wconf 89' lang='lat' dir='ltr'><strong>retinere</strong></span> <span class='ocrx_word' id='word_1_105' title='bbox 1847 1640 2015 1696; x_wconf 89' lang='lat' dir='ltr'><strong>etim-</strong></span> 
     </span>
    </p>
   </div>
   <div class='ocr_carea' id='block_1_16' title="bbox 433 1733 2016 1803">
    <p class='ocr_par' dir='ltr' id='par_1_16' title="bbox 433 1733 2016 1803">
     <span class='ocr_line' id='line_1_16' title="bbox 433 1733 2016 1803; baseline -0.001 -15"><span class='ocrx_word' id='word_1_106' title='bbox 433 1733 614 1802; x_wconf 85' lang='lat' dir='ltr'><strong>pedire</strong></span> <span class='ocrx_word' id='word_1_107' title='bbox 635 1751 700 1789; x_wconf 91' lang='lat' dir='ltr'><strong>ne</strong></span> <span class='ocrx_word' id='word_1_108' title='bbox 733 1733 954 1800; x_wconf 91' lang='lat' dir='ltr'><strong>resiliat,</strong></span> <span class='ocrx_word' id='word_1_109' title='bbox 987 1749 1109 1789; x_wconf 87' lang='lat' dir='ltr'><strong>cum</strong></span> <span class='ocrx_word' id='word_1_110' title='bbox 1138 1736 1308 1787; x_wconf 88' lang='lat' dir='ltr'><strong>oratio</strong></span> <span class='ocrx_word' id='word_1_111' title='bbox 1339 1733 1488 1787; x_wconf 91' lang='lat' dir='ltr'><strong>illum</strong></span> <span class='ocrx_word' id='word_1_112' title='bbox 1520 1749 1624 1788; x_wconf 92' lang='lat' dir='ltr'><strong>non</strong></span> <span class='ocrx_word' id='word_1_113' title='bbox 1655 1735 1895 1803; x_wconf 86' lang='lat' dir='ltr'><strong>respicit,</strong></span> <span class='ocrx_word' id='word_1_114' title='bbox 1921 1733 2016 1788; x_wconf 85' lang='lat' dir='ltr'><strong>sed</strong></span> 
     </span>
    </p>
   </div>
   <div class='ocr_carea' id='block_1_17' title="bbox 436 1824 2018 1894">
    <p class='ocr_par' dir='ltr' id='par_1_17' title="bbox 436 1824 2018 1894">
     <span class='ocr_line' id='line_1_17' title="bbox 436 1824 2018 1894; baseline 0.001 -16"><span class='ocrx_word' id='word_1_115' title='bbox 436 1826 848 1880; x_wconf 88' lang='lat' dir='ltr'><strong>iudeterminate</strong></span> <span class='ocrx_word' id='word_1_116' title='bbox 905 1828 1134 1894; x_wconf 89' lang='lat' dir='ltr'><strong>prolata,</strong></span> <span class='ocrx_word' id='word_1_117' title='bbox 1186 1825 1303 1892; x_wconf 93' lang='lat' dir='ltr'><strong>ejus</strong></span> <span class='ocrx_word' id='word_1_118' title='bbox 1353 1824 1738 1878; x_wconf 72' lang='lat' dir='ltr'><strong>conscientiam</strong></span> <span class='ocrx_word' id='word_1_119' title='bbox 1791 1824 2018 1879; x_wconf 80' lang='lat' dir='ltr'><strong>latenter</strong></span> 
     </span>
    </p>
   </div>
   <div class='ocr_carea' id='block_1_18' title="bbox 431 1913 2014 1986">
    <p class='ocr_par' dir='ltr' id='par_1_18' title="bbox 431 1913 2014 1986">
     <span class='ocr_line' id='line_1_18' title="bbox 431 1913 2014 1986; baseline -0.001 -17"><span class='ocrx_word' id='word_1_120' title='bbox 431 1917 634 1986; x_wconf 83' lang='lat' dir='ltr'><strong>pungit.</strong></span> <span class='ocrx_word' id='word_1_121' title='bbox 661 1915 832 1969; x_wconf 81' lang='lat' dir='ltr'><strong>Nolite</strong></span> <span class='ocrx_word' id='word_1_122' title='bbox 845 1931 1031 1969; x_wconf 88' lang='lat' dir='ltr'><strong>errare.</strong></span> <span class='ocrx_word' id='word_1_123' title='bbox 1054 1914 1150 1968; x_wconf 91' lang='lat' dir='ltr'><strong>llic</strong></span> <span class='ocrx_word' id='word_1_124' title='bbox 1162 1914 1459 1967; x_wconf 79' lang='lat' dir='ltr'><strong>subindicat</strong></span> <span class='ocrx_word' id='word_1_125' title='bbox 1477 1913 1736 1983; x_wconf 87' lang='lat' dir='ltr'><strong>quosdam</strong></span> <span class='ocrx_word' id='word_1_126' title='bbox 1754 1913 2014 1981; x_wconf 87' lang='lat' dir='ltr'><strong>dicentes,</strong></span> 
     </span>
    </p>
   </div>
   <div class='ocr_carea' id='block_1_19' title="bbox 427 2006 2014 2077">
    <p class='ocr_par' dir='ltr' id='par_1_19' title="bbox 427 2006 2014 2077">
     <span class='ocr_line' id='line_1_19' title="bbox 427 2006 2014 2077; baseline 0.001 -18"><span class='ocrx_word' id='word_1_127' title='bbox 427 2007 570 2077; x_wconf 86' lang='lat' dir='ltr'><strong>quod</strong></span> <span class='ocrx_word' id='word_1_128' title='bbox 591 2023 729 2063; x_wconf 92' lang='lat' dir='ltr'><strong>nunc</strong></span> <span class='ocrx_word' id='word_1_129' title='bbox 743 2007 1109 2071; x_wconf 87' lang='lat' dir='ltr'><strong>multidieunt,</strong></span> <span class='ocrx_word' id='word_1_130' title='bbox 1131 2007 1398 2076; x_wconf 86' lang='lat' dir='ltr'><strong>Benignus</strong></span> <span class='ocrx_word' id='word_1_131' title='bbox 1415 2023 1535 2060; x_wconf 92' lang='lat' dir='ltr'><strong>cum</strong></span> <span class='ocrx_word' id='word_1_132' title='bbox 1560 2007 1628 2060; x_wconf 91' lang='lat' dir='ltr'><strong>sit</strong></span> <span class='ocrx_word' id='word_1_133' title='bbox 1659 2006 1796 2060; x_wconf 88' lang='lat' dir='ltr'><strong>Deus</strong></span> <span class='ocrx_word' id='word_1_134' title='bbox 1823 2015 1877 2060; x_wconf 92' lang='lat' dir='ltr'><strong>et</strong></span> <span class='ocrx_word' id='word_1_135' title='bbox 1902 2006 2014 2060; x_wconf 87' lang='lat' dir='ltr'><strong>cle-</strong></span> 
     </span>
    </p>
   </div>
   <div class='ocr_carea' id='block_1_20' title="bbox 431 2096 2018 2164">
    <p class='ocr_par' dir='ltr' id='par_1_20' title="bbox 431 2096 2018 2164">
     <span class='ocr_line' id='line_1_20' title="bbox 431 2096 2018 2164; baseline 0.001 -13"><span class='ocrx_word' id='word_1_136' title='bbox 431 2113 605 2164; x_wconf 66' lang='lat' dir='ltr'><strong>minus,</strong></span> <span class='ocrx_word' id='word_1_137' title='bbox 636 2097 830 2152; x_wconf 89' lang='lat' dir='ltr'><strong>delicta</strong></span> <span class='ocrx_word' id='word_1_138' title='bbox 864 2111 969 2152; x_wconf 90' lang='lat' dir='ltr'><strong>non</strong></span> <span class='ocrx_word' id='word_1_139' title='bbox 1003 2097 1281 2151; x_wconf 87' lang='lat' dir='ltr'><strong>ulciscitur</strong></span> <span class='ocrx_word' id='word_1_140' title='bbox 1312 2115 1324 2150; x_wconf 90' lang='lat'><strong>:</strong></span> <span class='ocrx_word' id='word_1_141' title='bbox 1357 2113 1420 2151; x_wconf 89' lang='lat' dir='ltr'><strong>ne</strong></span> <span class='ocrx_word' id='word_1_142' title='bbox 1454 2098 1774 2161; x_wconf 84' lang='lat' dir='ltr'><strong>timeamus;</strong></span> <span class='ocrx_word' id='word_1_143' title='bbox 1800 2112 1920 2150; x_wconf 89' lang='lat' dir='ltr'><strong>nam</strong></span> <span class='ocrx_word' id='word_1_144' title='bbox 1949 2096 2018 2152; x_wconf 81' lang='lat' dir='ltr'><strong>de</strong></span> 
     </span>
    </p>
   </div>
   <div class='ocr_carea' id='block_1_21' title="bbox 432 2189 2018 2260">
    <p class='ocr_par' dir='ltr' id='par_1_21' title="bbox 432 2189 2018 2260">
     <span class='ocr_line' id='line_1_21' title="bbox 432 2189 2018 2260; baseline 0 -17"><span class='ocrx_word' id='word_1_145' title='bbox 432 2192 574 2244; x_wconf 80' lang='lat' dir='ltr'><strong>nulla</strong></span> <span class='ocrx_word' id='word_1_146' title='bbox 616 2205 677 2244; x_wconf 86' lang='lat' dir='ltr'><strong>re</strong></span> <span class='ocrx_word' id='word_1_147' title='bbox 720 2205 750 2243; x_wconf 88' lang='lat' dir='ltr'><strong>a</strong></span> <span class='ocrx_word' id='word_1_148' title='bbox 800 2190 1015 2244; x_wconf 90' lang='lat' dir='ltr'><strong>nemine</strong></span> <span class='ocrx_word' id='word_1_149' title='bbox 1059 2205 1309 2260; x_wconf 86' lang='lat' dir='ltr'><strong>umquam</strong></span> <span class='ocrx_word' id='word_1_150' title='bbox 1339 2203 1550 2259; x_wconf 70' lang='lat' dir='ltr'><strong>ptenam</strong></span> <span class='ocrx_word' id='word_1_151' title='bbox 1580 2189 1775 2259; x_wconf 82' lang='lat' dir='ltr'><strong>exiget.</strong></span> <span class='ocrx_word' id='word_1_152' title='bbox 1803 2189 1866 2244; x_wconf 84' lang='lat' dir='ltr'><strong>Et</strong></span> <span class='ocrx_word' id='word_1_153' title='bbox 1895 2203 2018 2259; x_wconf 87' lang='lat' dir='ltr'><strong>pro-</strong></span> 
     </span>
    </p>
   </div>
   <div class='ocr_carea' id='block_1_22' title="bbox 434 2281 2018 2354">
    <p class='ocr_par' dir='ltr' id='par_1_22' title="bbox 434 2281 2018 2354">
     <span class='ocr_line' id='line_1_22' title="bbox 434 2281 2018 2354; baseline 0.001 -19"><span class='ocrx_word' id='word_1_154' title='bbox 434 2293 613 2354; x_wconf 85' lang='lat' dir='ltr'><strong>pterea</strong></span> <span class='ocrx_word' id='word_1_155' title='bbox 640 2283 788 2345; x_wconf 80' lang='lat' dir='ltr'><strong>dicit,</strong></span> <span class='ocrx_word' id='word_1_156' title='bbox 844 2281 1022 2336; x_wconf 79' lang='lat' dir='ltr'><strong>Nolite</strong></span> <span class='ocrx_word' id='word_1_157' title='bbox 1066 2298 1253 2336; x_wconf 86' lang='lat' dir='ltr'><strong>errare.</strong></span> <span class='ocrx_word' id='word_1_158' title='bbox 1303 2283 1467 2337; x_wconf 86' lang='lat' dir='ltr'><strong>Error</strong></span> <span class='ocrx_word' id='word_1_159' title='bbox 1495 2282 1638 2337; x_wconf 90' lang='lat' dir='ltr'><strong>enim</strong></span> <span class='ocrx_word' id='word_1_160' title='bbox 1664 2293 1936 2338; x_wconf 82' lang='lat' dir='ltr'><strong>extremus</strong></span> <span class='ocrx_word' id='word_1_161' title='bbox 1961 2291 2018 2337; x_wconf 91' lang='lat' dir='ltr'><strong>et</strong></span> 
     </span>
    </p>
   </div>
   <div class='ocr_carea' id='block_1_23' title="bbox 436 2377 2017 2447">
    <p class='ocr_par' dir='ltr' id='par_1_23' title="bbox 436 2377 2017 2447">
     <span class='ocr_line' id='line_1_23' title="bbox 436 2377 2017 2447; baseline 0 -16"><span class='ocrx_word' id='word_1_162' title='bbox 436 2378 641 2433; x_wconf 82' lang='lat' dir='ltr'><strong>fallacia</strong></span> <span class='ocrx_word' id='word_1_163' title='bbox 673 2388 749 2432; x_wconf 77' lang='lat' dir='ltr'><strong>est</strong></span> <span class='ocrx_word' id='word_1_164' title='bbox 772 2418 787 2442; x_wconf 93' lang='lat'><strong>,</strong></span> <span class='ocrx_word' id='word_1_165' title='bbox 816 2395 936 2431; x_wconf 83' lang='lat' dir='ltr'><strong>t&#39;llltl</strong></span> <span class='ocrx_word' id='word_1_166' title='bbox 973 2377 1112 2432; x_wconf 88' lang='lat' dir='ltr'><strong>bona</strong></span> <span class='ocrx_word' id='word_1_167' title='bbox 1134 2392 1341 2446; x_wconf 87' lang='lat' dir='ltr'><strong>speres,</strong></span> <span class='ocrx_word' id='word_1_168' title='bbox 1368 2377 1634 2432; x_wconf 89' lang='lat' dir='ltr'><strong>contraria</strong></span> <span class='ocrx_word' id='word_1_169' title='bbox 1656 2378 1934 2447; x_wconf 90' lang='lat' dir='ltr'><strong>consequi,</strong></span> <span class='ocrx_word' id='word_1_170' title='bbox 1963 2385 2017 2432; x_wconf 87' lang='lat' dir='ltr'><strong>et</strong></span> 
     </span>
    </p>
   </div>
   <div class='ocr_carea' id='block_1_24' title="bbox 433 2471 2013 2542">
    <p class='ocr_par' dir='ltr' id='par_1_24' title="bbox 433 2471 2013 2542">
     <span class='ocr_line' id='line_1_24' title="bbox 433 2471 2013 2542; baseline 0.001 -17"><span class='ocrx_word' id='word_1_171' title='bbox 433 2471 561 2526; x_wconf 86' lang='lat' dir='ltr'><strong>illud</strong></span> <span class='ocrx_word' id='word_1_172' title='bbox 607 2472 672 2526; x_wconf 91' lang='lat' dir='ltr'><strong>de</strong></span> <span class='ocrx_word' id='word_1_173' title='bbox 717 2473 824 2524; x_wconf 88' lang='lat' dir='ltr'><strong>Deo</strong></span> <span class='ocrx_word' id='word_1_174' title='bbox 865 2471 1161 2539; x_wconf 89' lang='lat' dir='ltr'><strong>suspicari,</strong></span> <span class='ocrx_word' id='word_1_175' title='bbox 1207 2487 1324 2540; x_wconf 72' lang='lat' dir='ltr'><strong>qute</strong></span> <span class='ocrx_word' id='word_1_176' title='bbox 1371 2485 1438 2526; x_wconf 89' lang='lat' dir='ltr'><strong>ne</strong></span> <span class='ocrx_word' id='word_1_177' title='bbox 1461 2471 1531 2527; x_wconf 93' lang='lat' dir='ltr'><strong>de</strong></span> <span class='ocrx_word' id='word_1_178' title='bbox 1562 2473 1776 2528; x_wconf 89' lang='lat' dir='ltr'><strong>homine</strong></span> <span class='ocrx_word' id='word_1_179' title='bbox 1801 2473 2013 2542; x_wconf 87' lang='lat' dir='ltr'><strong>quidem</strong></span> 
     </span>
    </p>
   </div>
   <div class='ocr_carea' id='block_1_25' title="bbox 431 2561 2016 2636">
    <p class='ocr_par' dir='ltr' id='par_1_25' title="bbox 431 2561 2016 2636">
     <span class='ocr_line' id='line_1_25' title="bbox 431 2561 2016 2636; baseline 0.002 -20"><span class='ocrx_word' id='word_1_180' title='bbox 431 2564 710 2632; x_wconf 79' lang='lat' dir='ltr'><strong>quisquam</strong></span> <span class='ocrx_word' id='word_1_181' title='bbox 755 2563 1092 2632; x_wconf 77' lang='lat' dir='ltr'><strong>cogitaverit.</strong></span> <span class='ocrx_word' id='word_1_182' title='bbox 1137 2561 1496 2630; x_wconf 86' lang='lat' dir='ltr'><strong>Quamobrem</strong></span> <span class='ocrx_word' id='word_1_183' title='bbox 1534 2565 1609 2618; x_wconf 87' lang='lat' dir='ltr'><strong>ait</strong></span> <span class='ocrx_word' id='word_1_184' title='bbox 1645 2564 1904 2636; x_wconf 86' lang='lat' dir='ltr'><strong>propheta</strong></span> <span class='ocrx_word' id='word_1_185' title='bbox 1951 2582 2016 2620; x_wconf 80' lang='lat' dir='ltr'><strong>ex</strong></span> 
     </span>
    </p>
   </div>
   <div class='ocr_carea' id='block_1_26' title="bbox 432 2653 2018 2724">
    <p class='ocr_par' dir='ltr' id='par_1_26' title="bbox 432 2653 2018 2724">
     <span class='ocr_line' id='line_1_26' title="bbox 432 2653 2018 2724; baseline 0 -16"><span class='ocrx_word' id='word_1_186' title='bbox 432 2668 659 2724; x_wconf 83' lang='lat' dir='ltr'><strong>perSOna</strong></span> <span class='ocrx_word' id='word_1_187' title='bbox 691 2656 840 2724; x_wconf 87' lang='lat' dir='ltr'><strong>ejus:</strong></span> <span class='ocrx_word' id='word_1_188' title='bbox 875 2653 1191 2708; x_wconf 75' lang='lat' dir='ltr'><strong>Existimasti</strong></span> <span class='ocrx_word' id='word_1_189' title='bbox 1214 2655 1549 2724; x_wconf 69' lang='lat' dir='ltr'><strong>iniquitatem,</strong></span> <span class='ocrx_word' id='word_1_190' title='bbox 1581 2655 1719 2724; x_wconf 84' lang='lat' dir='ltr'><strong>quod</strong></span> <span class='ocrx_word' id='word_1_191' title='bbox 1745 2672 1830 2709; x_wconf 87' lang='lat' dir='ltr'><strong>ero</strong></span> <span class='ocrx_word' id='word_1_192' title='bbox 1859 2656 1935 2709; x_wconf 90' lang='lat' dir='ltr'><strong>tui</strong></span> <span class='ocrx_word' id='word_1_193' title='bbox 1947 2657 2018 2710; x_wconf 87' lang='lat' dir='ltr'><strong>si-</strong></span> 
     </span>
    </p>
   </div>
   <div class='ocr_carea' id='block_1_27' title="bbox 430 2747 2016 2820">
    <p class='ocr_par' dir='ltr' id='par_1_27' title="bbox 430 2747 2016 2820">
     <span class='ocr_line' id='line_1_27' title="bbox 430 2747 2016 2820; baseline 0.003 -23"><span class='ocrx_word' id='word_1_194' title='bbox 430 2747 606 2799; x_wconf 83' lang='lat' dir='ltr'><strong>milis:</strong></span> <span class='ocrx_word' id='word_1_195' title='bbox 659 2761 871 2816; x_wconf 86' lang='lat' dir='ltr'><strong>arguam</strong></span> <span class='ocrx_word' id='word_1_196' title='bbox 919 2757 966 2800; x_wconf 87' lang='lat' dir='ltr'><strong>te</strong></span> <span class='ocrx_word' id='word_1_197' title='bbox 1009 2756 1055 2800; x_wconf 85' lang='lat' dir='ltr'><strong>et</strong></span> <span class='ocrx_word' id='word_1_198' title='bbox 1103 2756 1321 2800; x_wconf 75' lang='lat' dir='ltr'><strong>statuam</strong></span> <span class='ocrx_word' id='word_1_199' title='bbox 1348 2755 1523 2800; x_wconf 85' lang='lat' dir='ltr'><strong>contra</strong></span> <span class='ocrx_word' id='word_1_200' title='bbox 1552 2749 1734 2820; x_wconf 81' lang='lat' dir='ltr'><strong>faciem</strong></span> <span class='ocrx_word' id='word_1_201' title='bbox 1758 2758 1897 2802; x_wconf 88' lang='lat' dir='ltr'><strong>tuam</strong></span> <span class='ocrx_word' id='word_1_202' title='bbox 1925 2750 2016 2802; x_wconf 83' lang='lat' dir='ltr'><strong>ini-</strong></span> 
     </span>
    </p>
   </div>
   <div class='ocr_carea' id='block_1_28' title="bbox 428 2835 2018 2908">
    <p class='ocr_par' dir='ltr' id='par_1_28' title="bbox 428 2835 2018 2908">
     <span class='ocr_line' id='line_1_28' title="bbox 428 2835 2018 2908; baseline 0.003 -19"><span class='ocrx_word' id='word_1_203' title='bbox 428 2837 640 2906; x_wconf 84' lang='lat' dir='ltr'><strong>quitates</strong></span> <span class='ocrx_word' id='word_1_204' title='bbox 687 2846 798 2891; x_wconf 88' lang='lat' dir='ltr'><strong>tuas</strong></span> <span class='ocrx_word' id='word_1_205' title='bbox 837 2835 1022 2908; x_wconf 81' lang='lat' dir='ltr'><strong>(Psal.</strong></span> <span class='ocrx_word' id='word_1_206' title='bbox 1073 2837 1162 2893; x_wconf 72' lang='grc'><strong>49.</strong></span> <span class='ocrx_word' id='word_1_207' title='bbox 1192 2837 1280 2892; x_wconf 63' lang='grc'><strong>21.</strong></span> <span class='ocrx_word' id='word_1_208' title='bbox 1312 2839 1360 2907; x_wconf 83' lang='grc'>);</span> <span class='ocrx_word' id='word_1_209' title='bbox 1383 2850 1436 2892; x_wconf 90' lang='lat' dir='ltr'><strong>et</strong></span> <span class='ocrx_word' id='word_1_210' title='bbox 1476 2839 1673 2894; x_wconf 84' lang='lat' dir='ltr'><strong>Paulus</strong></span> <span class='ocrx_word' id='word_1_211' title='bbox 1702 2839 1808 2903; x_wconf 91' lang='lat' dir='ltr'><strong>hic,</strong></span> <span class='ocrx_word' id='word_1_212' title='bbox 1843 2837 2018 2894; x_wconf 82' lang='lat' dir='ltr'><strong>Nolite</strong></span> 
     </span>
    </p>
   </div>
   <div class='ocr_carea' id='block_1_29' title="bbox 430 2929 2016 3000">
    <p class='ocr_par' dir='ltr' id='par_1_29' title="bbox 430 2929 2016 3000">
     <span class='ocr_line' id='line_1_29' title="bbox 430 2929 2016 3000; baseline 0.001 -17"><span class='ocrx_word' id='word_1_213' title='bbox 430 2946 643 2994; x_wconf 86' lang='lat' dir='ltr'><strong>errare;</strong></span> <span class='ocrx_word' id='word_1_214' title='bbox 687 2943 844 3000; x_wconf 84' lang='lat' dir='ltr'><strong>neque</strong></span> <span class='ocrx_word' id='word_1_215' title='bbox 882 2929 1213 2999; x_wconf 79' lang='lat' dir='ltr'><strong>fornicatores</strong></span> <span class='ocrx_word' id='word_1_216' title='bbox 1257 2933 1274 2996; x_wconf 88' lang='lat'><strong>(</strong></span> <span class='ocrx_word' id='word_1_217' title='bbox 1302 2946 1445 2991; x_wconf 83' lang='lat' dir='ltr'><strong>etttn,</strong></span> <span class='ocrx_word' id='word_1_218' title='bbox 1479 2931 1566 2999; x_wconf 90' lang='lat' dir='ltr'><strong>qui</strong></span> <span class='ocrx_word' id='word_1_219' title='bbox 1594 2929 1703 3000; x_wconf 89' lang='lat' dir='ltr'><strong>jam</strong></span> <span class='ocrx_word' id='word_1_220' title='bbox 1734 2930 2016 2985; x_wconf 86' lang='lat' dir='ltr'><strong>danmatus</strong></span> 
     </span>
    </p>
   </div>
   <div class='ocr_carea' id='block_1_30' title="bbox 433 3020 2013 3092">
    <p class='ocr_par' dir='ltr' id='par_1_30' title="bbox 433 3020 2013 3092">
     <span class='ocr_line' id='line_1_30' title="bbox 433 3020 2013 3092; baseline 0.001 -18"><span class='ocrx_word' id='word_1_221' title='bbox 433 3021 626 3087; x_wconf 87' lang='lat' dir='ltr'><strong>fuerat,</strong></span> <span class='ocrx_word' id='word_1_222' title='bbox 657 3021 884 3090; x_wconf 89' lang='lat' dir='ltr'><strong>primum</strong></span> <span class='ocrx_word' id='word_1_223' title='bbox 917 3020 1064 3089; x_wconf 88' lang='lat' dir='ltr'><strong>punit</strong></span> <span class='ocrx_word' id='word_1_224' title='bbox 1087 3020 1106 3090; x_wconf 94' lang='lat'>)</span> <span class='ocrx_word' id='word_1_225' title='bbox 1129 3061 1142 3085; x_wconf 93' lang='lat'><strong>,</strong></span> <span class='ocrx_word' id='word_1_226' title='bbox 1176 3037 1334 3092; x_wconf 85' lang='lat' dir='ltr'><strong>neque</strong></span> <span class='ocrx_word' id='word_1_227' title='bbox 1358 3021 1597 3086; x_wconf 81' lang='lat' dir='ltr'><strong>adulteri,</strong></span> <span class='ocrx_word' id='word_1_228' title='bbox 1625 3038 1783 3092; x_wconf 80' lang='lat' dir='ltr'><strong>neque</strong></span> <span class='ocrx_word' id='word_1_229' title='bbox 1804 3022 1978 3075; x_wconf 88' lang='lat' dir='ltr'><strong>molles</strong></span> <span class='ocrx_word' id='word_1_230' title='bbox 1997 3062 2013 3086; x_wconf 88' lang='lat'><strong>,</strong></span> 
     </span>
    </p>
   </div>
   <div class='ocr_carea' id='block_1_31' title="bbox 431 3109 2011 3183">
    <p class='ocr_par' dir='ltr' id='par_1_31' title="bbox 431 3109 2011 3183">
     <span class='ocr_line' id='line_1_31' title="bbox 431 3109 2011 3183; baseline -0.001 -17"><span class='ocrx_word' id='word_1_231' title='bbox 431 3131 588 3182; x_wconf 78' lang='lat' dir='ltr'><strong>neque</strong></span> <span class='ocrx_word' id='word_1_232' title='bbox 616 3113 815 3175; x_wconf 85' lang='lat' dir='ltr'><strong>ebriosi,</strong></span> <span class='ocrx_word' id='word_1_233' title='bbox 859 3129 1018 3180; x_wconf 86' lang='lat' dir='ltr'><strong>neque</strong></span> <span class='ocrx_word' id='word_1_234' title='bbox 1043 3112 1276 3165; x_wconf 83' lang='lat' dir='ltr'><strong>maledici</strong></span> <span class='ocrx_word' id='word_1_235' title='bbox 1303 3129 1511 3183; x_wconf 85' lang='lat' dir='ltr'><strong>regnum</strong></span> <span class='ocrx_word' id='word_1_236' title='bbox 1540 3109 1639 3166; x_wconf 88' lang='lat' dir='ltr'><strong>Dei</strong></span> <span class='ocrx_word' id='word_1_237' title='bbox 1668 3112 2011 3182; x_wconf 84' lang='lat' dir='ltr'><strong>possidebunt.</strong></span> 
     </span>
    </p>
   </div>
   <div class='ocr_carea' id='block_1_32' title="bbox 500 3205 2015 3275">
    <p class='ocr_par' dir='ltr' id='par_1_32' title="bbox 500 3205 2015 3275">
     <span class='ocr_line' id='line_1_32' title="bbox 500 3205 2015 3275; baseline 0.001 -16"><span class='ocrx_word' id='word_1_238' title='bbox 500 3205 689 3259; x_wconf 88' lang='lat' dir='ltr'><strong>Contra</strong></span> <span class='ocrx_word' id='word_1_239' title='bbox 732 3205 1030 3259; x_wconf 83' lang='lat' dir='ltr'><strong>maledicos.</strong></span> <span class='ocrx_word' id='word_1_240' title='bbox 1057 3234 1129 3247; x_wconf 91' lang='lat'><strong>-—-</strong></span> <span class='ocrx_word' id='word_1_241' title='bbox 1159 3205 1307 3259; x_wconf 82' lang='lat' dir='ltr'><strong>Multi</strong></span> <span class='ocrx_word' id='word_1_242' title='bbox 1339 3205 1480 3260; x_wconf 90' lang='lat' dir='ltr'><strong>hunc</strong></span> <span class='ocrx_word' id='word_1_243' title='bbox 1511 3205 1687 3259; x_wconf 88' lang='lat' dir='ltr'><strong>locum</strong></span> <span class='ocrx_word' id='word_1_244' title='bbox 1717 3205 2015 3275; x_wconf 85' lang='lat' dir='ltr'><strong>reprehen-</strong></span> 
     </span>
    </p>
   </div>
   <div class='ocr_carea' id='block_1_33' title="bbox 429 3296 2016 3368">
    <p class='ocr_par' dir='ltr' id='par_1_33' title="bbox 429 3296 2016 3368">
     <span class='ocr_line' id='line_1_33' title="bbox 429 3296 2016 3368; baseline 0 -16"><span class='ocrx_word' id='word_1_245' title='bbox 429 3298 646 3365; x_wconf 87' lang='lat' dir='ltr'><strong>derunt,</strong></span> <span class='ocrx_word' id='word_1_246' title='bbox 688 3306 956 3367; x_wconf 82' lang='lat' dir='ltr'><strong>tamquam</strong></span> <span class='ocrx_word' id='word_1_247' title='bbox 1003 3296 1158 3352; x_wconf 87' lang='lat' dir='ltr'><strong>valde</strong></span> <span class='ocrx_word' id='word_1_248' title='bbox 1193 3311 1466 3368; x_wconf 86' lang='lat' dir='ltr'><strong>asperum,</strong></span> <span class='ocrx_word' id='word_1_249' title='bbox 1517 3298 1560 3352; x_wconf 90' lang='lat' dir='ltr'><strong>si</strong></span> <span class='ocrx_word' id='word_1_250' title='bbox 1610 3297 1824 3368; x_wconf 88' lang='lat' dir='ltr'><strong>quidem</strong></span> <span class='ocrx_word' id='word_1_251' title='bbox 1867 3299 2016 3367; x_wconf 90' lang='lat' dir='ltr'><strong>ponit</strong></span> 
     </span>
    </p>
   </div>
   <div class='ocr_carea' id='block_1_34' title="bbox 429 3387 2012 3445">
    <p class='ocr_par' dir='ltr' id='par_1_34' title="bbox 429 3387 2012 3445">
     <span class='ocr_line' id='line_1_34' title="bbox 429 3387 2012 3445; baseline -0.002 0"><span class='ocrx_word' id='word_1_252' title='bbox 429 3390 695 3445; x_wconf 86' lang='lat' dir='ltr'><strong>ebriosum</strong></span> <span class='ocrx_word' id='word_1_253' title='bbox 725 3399 780 3444; x_wconf 90' lang='lat' dir='ltr'><strong>et</strong></span> <span class='ocrx_word' id='word_1_254' title='bbox 827 3387 1148 3444; x_wconf 88' lang='lat' dir='ltr'><strong>maledicum</strong></span> <span class='ocrx_word' id='word_1_255' title='bbox 1193 3403 1315 3443; x_wconf 91' lang='lat' dir='ltr'><strong>cum</strong></span> <span class='ocrx_word' id='word_1_256' title='bbox 1366 3387 1610 3442; x_wconf 88' lang='lat' dir='ltr'><strong>adultero</strong></span> <span class='ocrx_word' id='word_1_257' title='bbox 1639 3397 1694 3442; x_wconf 87' lang='lat' dir='ltr'><strong>et</strong></span> <span class='ocrx_word' id='word_1_258' title='bbox 1733 3388 2012 3444; x_wconf 82' lang='lat' dir='ltr'><strong>muliebria</strong></span> 
     </span>
    </p>
   </div>
   <div class='ocr_carea' id='block_1_35' title="bbox 431 3479 2013 3550">
    <p class='ocr_par' dir='ltr' id='par_1_35' title="bbox 431 3479 2013 3550">
     <span class='ocr_line' id='line_1_35' title="bbox 431 3479 2013 3550; baseline -0.001 -16"><span class='ocrx_word' id='word_1_259' title='bbox 431 3496 587 3550; x_wconf 87' lang='lat' dir='ltr'><strong>passo</strong></span> <span class='ocrx_word' id='word_1_260' title='bbox 635 3489 692 3536; x_wconf 88' lang='lat' dir='ltr'><strong>et</strong></span> <span class='ocrx_word' id='word_1_261' title='bbox 735 3480 1094 3535; x_wconf 89' lang='lat' dir='ltr'><strong>masculorum</strong></span> <span class='ocrx_word' id='word_1_262' title='bbox 1147 3479 1513 3533; x_wconf 87' lang='lat' dir='ltr'><strong>concubitore.</strong></span> <span class='ocrx_word' id='word_1_263' title='bbox 1543 3479 1704 3549; x_wconf 86' lang='lat' dir='ltr'><strong>Atqui</strong></span> <span class='ocrx_word' id='word_1_264' title='bbox 1735 3495 1838 3533; x_wconf 91' lang='lat' dir='ltr'><strong>non</strong></span> <span class='ocrx_word' id='word_1_265' title='bbox 1867 3480 2013 3549; x_wconf 90' lang='lat' dir='ltr'><strong>paria</strong></span> 
     </span>
    </p>
   </div>
   <div class='ocr_carea' id='block_1_36' title="bbox 427 3569 2013 3640">
    <p class='ocr_par' dir='ltr' id='par_1_36' title="bbox 427 3569 2013 3640">
     <span class='ocr_line' id='line_1_36' title="bbox 427 3569 2013 3640; baseline -0.004 -11"><span class='ocrx_word' id='word_1_266' title='bbox 427 3581 557 3629; x_wconf 78' lang='lat' dir='ltr'><strong>sunt</strong></span> <span class='ocrx_word' id='word_1_267' title='bbox 595 3571 823 3634; x_wconf 90' lang='lat' dir='ltr'><strong>scelera,</strong></span> <span class='ocrx_word' id='word_1_268' title='bbox 872 3569 1142 3640; x_wconf 87' lang='lat' dir='ltr'><strong>quomodo</strong></span> <span class='ocrx_word' id='word_1_269' title='bbox 1188 3584 1316 3639; x_wconf 89' lang='lat' dir='ltr'><strong>ergo</strong></span> <span class='ocrx_word' id='word_1_270' title='bbox 1367 3570 1510 3638; x_wconf 90' lang='lat' dir='ltr'><strong>paria</strong></span> <span class='ocrx_word' id='word_1_271' title='bbox 1553 3569 2013 3638; x_wconf 87' lang='lat' dir='ltr'><strong>supplicia?Quid</strong></span> 
     </span>
    </p>
   </div>
   <div class='ocr_carea' id='block_1_37' title="bbox 428 3661 2013 3734">
    <p class='ocr_par' dir='ltr' id='par_1_37' title="bbox 428 3661 2013 3734">
     <span class='ocr_line' id='line_1_37' title="bbox 428 3661 2013 3734; baseline -0.001 -15"><span class='ocrx_word' id='word_1_272' title='bbox 428 3680 559 3734; x_wconf 83' lang='lat' dir='ltr'><strong>ergo</strong></span> <span class='ocrx_word' id='word_1_273' title='bbox 583 3663 859 3718; x_wconf 83' lang='lat' dir='ltr'><strong>dicemus?</strong></span> <span class='ocrx_word' id='word_1_274' title='bbox 887 3661 1038 3730; x_wconf 84' lang='lat' dir='ltr'><strong>Quod</strong></span> <span class='ocrx_word' id='word_1_275' title='bbox 1064 3670 1212 3716; x_wconf 91' lang='lat' dir='ltr'><strong>certe</strong></span> <span class='ocrx_word' id='word_1_276' title='bbox 1240 3677 1345 3716; x_wconf 91' lang='lat' dir='ltr'><strong>non</strong></span> <span class='ocrx_word' id='word_1_277' title='bbox 1377 3677 1537 3730; x_wconf 83' lang='lat' dir='ltr'><strong>parva</strong></span> <span class='ocrx_word' id='word_1_278' title='bbox 1571 3676 1655 3716; x_wconf 89' lang='lat' dir='ltr'><strong>res</strong></span> <span class='ocrx_word' id='word_1_279' title='bbox 1684 3663 1754 3716; x_wconf 90' lang='lat' dir='ltr'><strong>sit</strong></span> <span class='ocrx_word' id='word_1_280' title='bbox 1781 3661 2013 3717; x_wconf 87' lang='lat' dir='ltr'><strong>ebrietas</strong></span> 
     </span>
    </p>
   </div>
   <div class='ocr_carea' id='block_1_38' title="bbox 427 3752 2012 3824">
    <p class='ocr_par' dir='ltr' id='par_1_38' title="bbox 427 3752 2012 3824">
     <span class='ocr_line' id='line_1_38' title="bbox 427 3752 2012 3824; baseline -0.004 -11"><span class='ocrx_word' id='word_1_281' title='bbox 427 3767 485 3813; x_wconf 71' lang='lat' dir='ltr'><strong>et</strong></span> <span class='ocrx_word' id='word_1_282' title='bbox 511 3757 850 3812; x_wconf 84' lang='lat' dir='ltr'><strong>maledicnun</strong></span> <span class='ocrx_word' id='word_1_283' title='bbox 873 3773 887 3809; x_wconf 88' lang='lat'>:</span> <span class='ocrx_word' id='word_1_284' title='bbox 918 3752 1132 3824; x_wconf 89' lang='lat' dir='ltr'><strong>quando</strong></span> <span class='ocrx_word' id='word_1_285' title='bbox 1153 3753 1367 3824; x_wconf 92' lang='lat' dir='ltr'><strong>quidem</strong></span> <span class='ocrx_word' id='word_1_286' title='bbox 1394 3753 1637 3808; x_wconf 89' lang='lat' dir='ltr'><strong>Christus</strong></span> <span class='ocrx_word' id='word_1_287' title='bbox 1658 3769 1780 3808; x_wconf 91' lang='lat' dir='ltr'><strong>eum</strong></span> <span class='ocrx_word' id='word_1_288' title='bbox 1798 3753 1885 3824; x_wconf 87' lang='lat' dir='ltr'><strong>qui</strong></span> <span class='ocrx_word' id='word_1_289' title='bbox 1909 3753 2012 3807; x_wconf 88' lang='lat' dir='ltr'><strong>fra-</strong></span> 
     </span>
    </p>
   </div>
   <div class='ocr_carea' id='block_1_39' title="bbox 430 3845 2014 3917">
    <p class='ocr_par' dir='ltr' id='par_1_39' title="bbox 430 3845 2014 3917">
     <span class='ocr_line' id='line_1_39' title="bbox 430 3845 2014 3917; baseline -0.002 -13"><span class='ocrx_word' id='word_1_290' title='bbox 430 3863 568 3906; x_wconf 89' lang='lat' dir='ltr'><strong>trem</strong></span> <span class='ocrx_word' id='word_1_291' title='bbox 611 3863 762 3904; x_wconf 93' lang='lat' dir='ltr'><strong>suum</strong></span> <span class='ocrx_word' id='word_1_292' title='bbox 788 3846 995 3901; x_wconf 85' lang='lat' dir='ltr'><strong>fatuum</strong></span> <span class='ocrx_word' id='word_1_293' title='bbox 1026 3845 1278 3914; x_wconf 86' lang='lat' dir='ltr'><strong>vocavit,</strong></span> <span class='ocrx_word' id='word_1_294' title='bbox 1302 3847 1562 3917; x_wconf 66' lang='lat' dir='ltr'><strong>gehennae</strong></span> <span class='ocrx_word' id='word_1_295' title='bbox 1594 3845 1831 3901; x_wconf 90' lang='lat' dir='ltr'><strong>tradidit.</strong></span> <span class='ocrx_word' id='word_1_296' title='bbox 1859 3845 2014 3916; x_wconf 65' lang='lat' dir='ltr'><strong>Saepe</strong></span> 
     </span>
    </p>
   </div>
   <div class='ocr_carea' id='block_1_40' title="bbox 426 3938 2012 4011">
    <p class='ocr_par' dir='ltr' id='par_1_40' title="bbox 426 3938 2012 4011">
     <span class='ocr_line' id='line_1_40' title="bbox 426 3938 2012 4011; baseline -0.003 -12"><span class='ocrx_word' id='word_1_297' title='bbox 426 3946 573 3999; x_wconf 85' lang='lat' dir='ltr'><strong>enim</strong></span> <span class='ocrx_word' id='word_1_298' title='bbox 597 3942 722 3997; x_wconf 87' lang='lat' dir='ltr'><strong>hinc</strong></span> <span class='ocrx_word' id='word_1_299' title='bbox 745 3955 888 3996; x_wconf 70' lang='lat' dir='ltr'><strong>mors</strong></span> <span class='ocrx_word' id='word_1_300' title='bbox 899 3949 1226 4011; x_wconf 79' lang='lat' dir='ltr'><strong>consequuta</strong></span> <span class='ocrx_word' id='word_1_301' title='bbox 1245 3949 1330 3994; x_wconf 86' lang='lat' dir='ltr'><strong>est</strong></span> <span class='ocrx_word' id='word_1_302' title='bbox 1350 3957 1363 3995; x_wconf 92' lang='lat'>:</span> <span class='ocrx_word' id='word_1_303' title='bbox 1388 3948 1444 3995; x_wconf 92' lang='lat' dir='ltr'><strong>et</strong></span> <span class='ocrx_word' id='word_1_304' title='bbox 1459 3938 1767 3995; x_wconf 73' lang='lat' dir='ltr'><strong>Judzeorum</strong></span> <span class='ocrx_word' id='word_1_305' title='bbox 1783 3939 2012 4010; x_wconf 89' lang='lat' dir='ltr'><strong>populus</strong></span> 
     </span>
    </p>
   </div>
   <div class='ocr_carea' id='block_1_41' title="bbox 427 4020 2010 4103">
    <p class='ocr_par' dir='ltr' id='par_1_41' title="bbox 427 4020 2010 4103">
     <span class='ocr_line' id='line_1_41' title="bbox 427 4020 2010 4103; baseline -0.003 -12"><span class='ocrx_word' id='word_1_306' title='bbox 427 4051 492 4091; x_wconf 87' lang='lat' dir='ltr'><strong>ex</strong></span> <span class='ocrx_word' id='word_1_307' title='bbox 522 4034 780 4090; x_wconf 83' lang='lat' dir='ltr'><strong>ebrietate</strong></span> <span class='ocrx_word' id='word_1_308' title='bbox 811 4032 1123 4103; x_wconf 84' lang='lat' dir='ltr'><strong>gravissima</strong></span> <span class='ocrx_word' id='word_1_309' title='bbox 1162 4031 1627 4101; x_wconf 85' lang='lat' dir='ltr'><strong>admisitpeecata.</strong></span> <span class='ocrx_word' id='word_1_310' title='bbox 1654 4020 1857 4085; x_wconf 90' lang='lat' dir='ltr'><strong>Deinde</strong></span> <span class='ocrx_word' id='word_1_311' title='bbox 1905 4045 2010 4086; x_wconf 93' lang='lat' dir='ltr'><strong>non</strong></span> 
     </span>
    </p>
   </div>
   <div class='ocr_carea' id='block_1_42' title="bbox 428 4119 2011 4198">
    <p class='ocr_par' dir='ltr' id='par_1_42' title="bbox 428 4119 2011 4198">
     <span class='ocr_line' id='line_1_42' title="bbox 428 4119 2011 4198; baseline -0.004 -16"><span class='ocrx_word' id='word_1_312' title='bbox 428 4127 496 4183; x_wconf 91' lang='lat' dir='ltr'><strong>de</strong></span> <span class='ocrx_word' id='word_1_313' title='bbox 511 4127 771 4198; x_wconf 90' lang='lat' dir='ltr'><strong>supplicio</strong></span> <span class='ocrx_word' id='word_1_314' title='bbox 791 4127 876 4180; x_wconf 90' lang='lat' dir='ltr'><strong>hic</strong></span> <span class='ocrx_word' id='word_1_315' title='bbox 894 4139 1195 4180; x_wconf 88' lang='lat' dir='ltr'><strong>sermonem</strong></span> <span class='ocrx_word' id='word_1_316' title='bbox 1215 4122 1394 4189; x_wconf 88' lang='lat' dir='ltr'><strong>habet,</strong></span> <span class='ocrx_word' id='word_1_317' title='bbox 1419 4119 1512 4177; x_wconf 88' lang='lat' dir='ltr'><strong>sed</strong></span> <span class='ocrx_word' id='word_1_318' title='bbox 1534 4121 1602 4176; x_wconf 89' lang='lat' dir='ltr'><strong>de</strong></span> <span class='ocrx_word' id='word_1_319' title='bbox 1620 4121 1906 4176; x_wconf 86' lang='lat' dir='ltr'><strong>amissione</strong></span> <span class='ocrx_word' id='word_1_320' title='bbox 1923 4137 2011 4177; x_wconf 87' lang='lat' dir='ltr'><strong>re-</strong></span> 
     </span>
    </p>
   </div>
   <div class='ocr_carea' id='block_1_43' title="bbox 423 4213 2010 4292">
    <p class='ocr_par' dir='ltr' id='par_1_43' title="bbox 423 4213 2010 4292">
     <span class='ocr_line' id='line_1_43' title="bbox 423 4213 2010 4292; baseline -0.002 -17"><span class='ocrx_word' id='word_1_321' title='bbox 423 4221 532 4292; x_wconf 80' lang='lat' dir='ltr'><strong>gni.</strong></span> <span class='ocrx_word' id='word_1_322' title='bbox 548 4223 586 4274; x_wconf 70' lang='grc' dir='ltr'><strong>Α</strong></span> <span class='ocrx_word' id='word_1_323' title='bbox 605 4232 764 4289; x_wconf 86' lang='lat' dir='ltr'><strong>regno</strong></span> <span class='ocrx_word' id='word_1_324' title='bbox 783 4217 940 4286; x_wconf 82' lang='lat' dir='ltr'><strong>igitur</strong></span> <span class='ocrx_word' id='word_1_325' title='bbox 953 4225 1100 4271; x_wconf 88' lang='lat' dir='ltr'><strong>certe</strong></span> <span class='ocrx_word' id='word_1_326' title='bbox 1116 4215 1360 4270; x_wconf 86' lang='lat' dir='ltr'><strong>similiter</strong></span> <span class='ocrx_word' id='word_1_327' title='bbox 1373 4223 1428 4270; x_wconf 86' lang='lat' dir='ltr'><strong>et</strong></span> <span class='ocrx_word' id='word_1_328' title='bbox 1447 4213 1533 4268; x_wconf 89' lang='lat' dir='ltr'><strong>hic</strong></span> <span class='ocrx_word' id='word_1_329' title='bbox 1548 4222 1602 4268; x_wconf 91' lang='lat' dir='ltr'><strong>et</strong></span> <span class='ocrx_word' id='word_1_330' title='bbox 1621 4213 1712 4270; x_wconf 91' lang='lat' dir='ltr'><strong>ille</strong></span> <span class='ocrx_word' id='word_1_331' title='bbox 1733 4214 2010 4272; x_wconf 86' lang='lat' dir='ltr'><strong>excidunt:</strong></span> 
     </span>
    </p>
   </div>
   <div class='ocr_carea' id='block_1_44' title="bbox 433 4304 2007 4378">
    <p class='ocr_par' dir='ltr' id='par_1_44' title="bbox 433 4304 2007 4378">
     <span class='ocr_line' id='line_1_44' title="bbox 433 4304 2007 4378; baseline -0.003 -15"><span class='ocrx_word' id='word_1_332' title='bbox 433 4311 478 4363; x_wconf 85' lang='lat' dir='ltr'><strong>si</strong></span> <span class='ocrx_word' id='word_1_333' title='bbox 502 4324 630 4364; x_wconf 89' lang='lat' dir='ltr'><strong>vero</strong></span> <span class='ocrx_word' id='word_1_334' title='bbox 661 4310 712 4362; x_wconf 92' lang='lat' dir='ltr'><strong>in</strong></span> <span class='ocrx_word' id='word_1_335' title='bbox 741 4307 984 4378; x_wconf 84' lang='lat' dir='ltr'><strong>gehenna</strong></span> <span class='ocrx_word' id='word_1_336' title='bbox 1003 4306 1233 4375; x_wconf 86' lang='lat' dir='ltr'><strong>aliquam</strong></span> <span class='ocrx_word' id='word_1_337' title='bbox 1252 4305 1362 4360; x_wconf 91' lang='lat' dir='ltr'><strong>sint</strong></span> <span class='ocrx_word' id='word_1_338' title='bbox 1379 4304 1611 4360; x_wconf 90' lang='lat' dir='ltr'><strong>habituri</strong></span> <span class='ocrx_word' id='word_1_339' title='bbox 1629 4304 2007 4366; x_wconf 75' lang='lat' dir='ltr'><strong>differentiam.</strong></span> 
     </span>
    </p>
   </div>
   <div class='ocr_carea' id='block_1_45' title="bbox 428 4395 2007 4467">
    <p class='ocr_par' dir='ltr' id='par_1_45' title="bbox 428 4395 2007 4467">
     <span class='ocr_line' id='line_1_45' title="bbox 428 4395 2007 4467; baseline -0.005 -11"><span class='ocrx_word' id='word_1_340' title='bbox 428 4415 534 4456; x_wconf 91' lang='lat' dir='ltr'><strong>non</strong></span> <span class='ocrx_word' id='word_1_341' title='bbox 579 4409 693 4453; x_wconf 85' lang='lat' dir='ltr'><strong>erat</strong></span> <span class='ocrx_word' id='word_1_342' title='bbox 736 4399 1016 4467; x_wconf 75' lang='lat' dir='ltr'><strong>prteseutis</strong></span> <span class='ocrx_word' id='word_1_343' title='bbox 1063 4397 1320 4466; x_wconf 90' lang='lat' dir='ltr'><strong>temporis</strong></span> <span class='ocrx_word' id='word_1_344' title='bbox 1357 4395 1690 4465; x_wconf 87' lang='lat' dir='ltr'><strong>disquirere;</strong></span> <span class='ocrx_word' id='word_1_345' title='bbox 1734 4411 1838 4450; x_wconf 93' lang='lat' dir='ltr'><strong>non</strong></span> <span class='ocrx_word' id='word_1_346' title='bbox 1865 4397 2007 4450; x_wconf 89' lang='lat' dir='ltr'><strong>enim</strong></span> 
     </span>
    </p>
   </div>
   <div class='ocr_carea' id='block_1_46' title="bbox 410 4486 2009 4559">
    <p class='ocr_par' dir='ltr' id='par_1_46' title="bbox 410 4486 2009 4559">
     <span class='ocr_line' id='line_1_46' title="bbox 410 4486 2009 4559; baseline -0.003 -13"><span class='ocrx_word' id='word_1_347' title='bbox 410 4493 533 4546; x_wconf 86' lang='lat' dir='ltr'><strong>&#39;hoc</strong></span> <span class='ocrx_word' id='word_1_348' title='bbox 564 4490 892 4559; x_wconf 86' lang='lat' dir='ltr'><strong>propositum</strong></span> <span class='ocrx_word' id='word_1_349' title='bbox 918 4489 1072 4543; x_wconf 83' lang='lat' dir='ltr'><strong>nobis</strong></span> <span class='ocrx_word' id='word_1_350' title='bbox 1100 4497 1202 4543; x_wconf 88' lang='lat' dir='ltr'><strong>est.</strong></span> <span class='ocrx_word' id='word_1_351' title='bbox 1228 4489 1314 4543; x_wconf 85' lang='lat' dir='ltr'><strong>ll.</strong></span> <span class='ocrx_word' id='word_1_352' title='bbox 1347 4486 1414 4542; x_wconf 87' lang='lat' dir='ltr'><strong>Et</strong></span> <span class='ocrx_word' id='word_1_353' title='bbox 1440 4488 1546 4542; x_wconf 71' lang='lat' dir='ltr'><strong>han:</strong></span> <span class='ocrx_word' id='word_1_354' title='bbox 1567 4489 1772 4558; x_wconf 85' lang='lat' dir='ltr'><strong>quidam</strong></span> <span class='ocrx_word' id='word_1_355' title='bbox 1803 4489 2009 4557; x_wconf 82' lang='lat' dir='ltr'><strong>fuistis:</strong></span> 
     </span>
    </p>
   </div>
   <div class='ocr_carea' id='block_1_47' title="bbox 425 4579 2008 4648">
    <p class='ocr_par' dir='ltr' id='par_1_47' title="bbox 425 4579 2008 4648">
     <span class='ocr_line' id='line_1_47' title="bbox 425 4579 2008 4648; baseline -0.003 -10"><span class='ocrx_word' id='word_1_356' title='bbox 425 4583 514 4638; x_wconf 85' lang='lat' dir='ltr'><strong>sed</strong></span> <span class='ocrx_word' id='word_1_357' title='bbox 535 4581 692 4636; x_wconf 85' lang='lat' dir='ltr'><strong>abluti</strong></span> <span class='ocrx_word' id='word_1_358' title='bbox 712 4585 849 4642; x_wconf 81' lang='lat' dir='ltr'><strong>estis,</strong></span> <span class='ocrx_word' id='word_1_359' title='bbox 880 4580 967 4634; x_wconf 82' lang='lat' dir='ltr'><strong>sed</strong></span> <span class='ocrx_word' id='word_1_360' title='bbox 995 4580 1298 4647; x_wconf 81' lang='lat' dir='ltr'><strong>sanctiﬁcati</strong></span> <span class='ocrx_word' id='word_1_361' title='bbox 1325 4579 1463 4632; x_wconf 81' lang='lat' dir='ltr'><strong>estis.</strong></span> <span class='ocrx_word' id='word_1_362' title='bbox 1487 4580 1732 4648; x_wconf 84' lang='lat' dir='ltr'><strong>Magnum</strong></span> <span class='ocrx_word' id='word_1_363' title='bbox 1757 4579 2008 4648; x_wconf 78' lang='lat' dir='ltr'><strong>ingerens</strong></span> 
     </span>
    </p>
   </div>
   <div class='ocr_carea' id='block_1_48' title="bbox 427 4668 2003 4746">
    <p class='ocr_par' dir='ltr' id='par_1_48' title="bbox 427 4668 2003 4746">
     <span class='ocr_line' id='line_1_48' title="bbox 427 4668 2003 4746; baseline -0.005 -14"><span class='ocrx_word' id='word_1_364' title='bbox 427 4675 684 4746; x_wconf 87' lang='lat' dir='ltr'><strong>pudorem</strong></span> <span class='ocrx_word' id='word_1_365' title='bbox 711 4671 989 4742; x_wconf 88' lang='lat' dir='ltr'><strong>subjunxit</strong></span> <span class='ocrx_word' id='word_1_366' title='bbox 1010 4669 1196 4723; x_wconf 90' lang='lat' dir='ltr'><strong>dicens</strong></span> <span class='ocrx_word' id='word_1_367' title='bbox 1223 4686 1238 4722; x_wconf 88' lang='lat'><strong>:</strong></span> <span class='ocrx_word' id='word_1_368' title='bbox 1269 4668 1510 4738; x_wconf 75' lang='lat' dir='ltr'><strong>Cogitate</strong></span> <span class='ocrx_word' id='word_1_369' title='bbox 1535 4684 1601 4723; x_wconf 86' lang='lat' dir='ltr'><strong>ex</strong></span> <span class='ocrx_word' id='word_1_370' title='bbox 1633 4672 1851 4739; x_wconf 86' lang='lat' dir='ltr'><strong>quantis</strong></span> <span class='ocrx_word' id='word_1_371' title='bbox 1888 4685 2003 4724; x_wconf 87' lang='lat' dir='ltr'><strong>ma-</strong></span> 
     </span>
    </p>
   </div>
   <div class='ocr_carea' id='block_1_49' title="bbox 422 4759 2006 4835">
    <p class='ocr_par' dir='ltr' id='par_1_49' title="bbox 422 4759 2006 4835">
     <span class='ocr_line' id='line_1_49' title="bbox 422 4759 2006 4835; baseline -0.003 -14"><span class='ocrx_word' id='word_1_372' title='bbox 422 4769 489 4824; x_wconf 89' lang='lat' dir='ltr'><strong>lis</strong></span> <span class='ocrx_word' id='word_1_373' title='bbox 539 4782 634 4821; x_wconf 82' lang='lat' dir='ltr'><strong>vos</strong></span> <span class='ocrx_word' id='word_1_374' title='bbox 668 4763 929 4835; x_wconf 88' lang='lat' dir='ltr'><strong>eripuerit</strong></span> <span class='ocrx_word' id='word_1_375' title='bbox 978 4761 1143 4826; x_wconf 88' lang='lat' dir='ltr'><strong>Dens,</strong></span> <span class='ocrx_word' id='word_1_376' title='bbox 1189 4770 1442 4830; x_wconf 88' lang='lat' dir='ltr'><strong>quantam</strong></span> <span class='ocrx_word' id='word_1_377' title='bbox 1471 4759 1624 4814; x_wconf 87' lang='lat' dir='ltr'><strong>vobis</strong></span> <span class='ocrx_word' id='word_1_378' title='bbox 1665 4760 2006 4831; x_wconf 80' lang='lat' dir='ltr'><strong>benignitatis</strong></span> 
     </span>
    </p>
   </div>
   <div class='ocr_carea' id='block_1_50' title="bbox 423 4852 2007 4930">
    <p class='ocr_par' dir='ltr' id='par_1_50' title="bbox 423 4852 2007 4930">
     <span class='ocr_line' id='line_1_50' title="bbox 423 4852 2007 4930; baseline -0.004 -16"><span class='ocrx_word' id='word_1_379' title='bbox 423 4877 534 4914; x_wconf 75' lang='lat' dir='ltr'><strong>suae</strong></span> <span class='ocrx_word' id='word_1_380' title='bbox 550 4859 840 4930; x_wconf 68' lang='lat' dir='ltr'><strong>praebuerit</strong></span> <span class='ocrx_word' id='word_1_381' title='bbox 858 4854 1242 4926; x_wconf 80' lang='lat' dir='ltr'><strong>experientiam</strong></span> <span class='ocrx_word' id='word_1_382' title='bbox 1268 4862 1324 4907; x_wconf 90' lang='lat' dir='ltr'><strong>et</strong></span> <span class='ocrx_word' id='word_1_383' title='bbox 1343 4852 1850 4907; x_wconf 81' lang='lat' dir='ltr'><strong>demonstrationem</strong></span> <span class='ocrx_word' id='word_1_384' title='bbox 1872 4870 1887 4919; x_wconf 90' lang='lat'><strong>;</strong></span> <span class='ocrx_word' id='word_1_385' title='bbox 1913 4868 2007 4908; x_wconf 90' lang='lat' dir='ltr'><strong>ne-</strong></span> 
     </span>
    </p>
   </div>
   <div class='ocr_carea' id='block_1_51' title="bbox 423 4945 2003 5023">
    <p class='ocr_par' dir='ltr' id='par_1_51' title="bbox 423 4945 2003 5023">
     <span class='ocr_line' id='line_1_51' title="bbox 423 4945 2003 5023; baseline -0.003 -16"><span class='ocrx_word' id='word_1_386' title='bbox 423 4969 527 5023; x_wconf 85' lang='lat' dir='ltr'><strong>que</strong></span> <span class='ocrx_word' id='word_1_387' title='bbox 552 4952 619 5006; x_wconf 87' lang='lat' dir='ltr'><strong>ad</strong></span> <span class='ocrx_word' id='word_1_388' title='bbox 663 4953 829 5005; x_wconf 88' lang='lat' dir='ltr'><strong>solam</strong></span> <span class='ocrx_word' id='word_1_389' title='bbox 875 4949 1246 5005; x_wconf 84' lang='lat' dir='ltr'><strong>liberationem</strong></span> <span class='ocrx_word' id='word_1_390' title='bbox 1276 4945 1581 5003; x_wconf 87' lang='lat' dir='ltr'><strong>mercedem</strong></span> <span class='ocrx_word' id='word_1_391' title='bbox 1614 4947 1872 5010; x_wconf 84' lang='lat' dir='ltr'><strong>extendit,</strong></span> <span class='ocrx_word' id='word_1_392' title='bbox 1909 4947 2003 5002; x_wconf 90' lang='lat' dir='ltr'><strong>sed</strong></span> 
     </span>
    </p>
   </div>
   <div class='ocr_carea' id='block_1_52' title="bbox 419 5039 2006 5114">
    <p class='ocr_par' dir='ltr' id='par_1_52' title="bbox 419 5039 2006 5114">
     <span class='ocr_line' id='line_1_52' title="bbox 419 5039 2006 5114; baseline -0.003 -14"><span class='ocrx_word' id='word_1_393' title='bbox 419 5047 577 5114; x_wconf 90' lang='lat' dir='ltr'><strong>longe</strong></span> <span class='ocrx_word' id='word_1_394' title='bbox 605 5041 834 5110; x_wconf 89' lang='lat' dir='ltr'><strong>amplius</strong></span> <span class='ocrx_word' id='word_1_395' title='bbox 873 5039 1190 5094; x_wconf 81' lang='lat' dir='ltr'><strong>beneficium</strong></span> <span class='ocrx_word' id='word_1_396' title='bbox 1227 5041 1412 5094; x_wconf 89' lang='lat' dir='ltr'><strong>auxit:</strong></span> <span class='ocrx_word' id='word_1_397' title='bbox 1447 5039 1645 5094; x_wconf 90' lang='lat' dir='ltr'><strong>etenim</strong></span> <span class='ocrx_word' id='word_1_398' title='bbox 1671 5039 1925 5093; x_wconf 89' lang='lat' dir='ltr'><strong>mundum</strong></span> <span class='ocrx_word' id='word_1_399' title='bbox 1949 5050 2006 5095; x_wconf 90' lang='lat' dir='ltr'><strong>et</strong></span> 
     </span>
    </p>
   </div>
   <div class='ocr_carea' id='block_1_53' title="bbox 420 5130 2004 5209">
    <p class='ocr_par' dir='ltr' id='par_1_53' title="bbox 420 5130 2004 5209">
     <span class='ocr_line' id='line_1_53' title="bbox 420 5130 2004 5209; baseline -0.003 -17"><span class='ocrx_word' id='word_1_400' title='bbox 420 5151 612 5209; x_wconf 89' lang='lat' dir='ltr'><strong>purum</strong></span> <span class='ocrx_word' id='word_1_401' title='bbox 642 5132 786 5188; x_wconf 89' lang='lat' dir='ltr'><strong>fecit.</strong></span> <span class='ocrx_word' id='word_1_402' title='bbox 817 5131 952 5186; x_wconf 82' lang='lat' dir='ltr'><strong>Nam</strong></span> <span class='ocrx_word' id='word_1_403' title='bbox 981 5130 1084 5186; x_wconf 90' lang='lat' dir='ltr'><strong>hoc</strong></span> <span class='ocrx_word' id='word_1_404' title='bbox 1131 5133 1377 5185; x_wconf 82' lang='lat' dir='ltr'><strong>tantum?</strong></span> <span class='ocrx_word' id='word_1_405' title='bbox 1418 5133 1783 5204; x_wconf 87' lang='lat' dir='ltr'><strong>Nequaquam.</strong></span> <span class='ocrx_word' id='word_1_406' title='bbox 1825 5133 1918 5188; x_wconf 89' lang='lat' dir='ltr'><strong>sed</strong></span> <span class='ocrx_word' id='word_1_407' title='bbox 1948 5144 2004 5189; x_wconf 90' lang='lat' dir='ltr'><strong>et</strong></span> 
     </span>
    </p>
   </div>
   <div class='ocr_carea' id='block_1_54' title="bbox 417 5221 1997 5294">
    <p class='ocr_par' dir='ltr' id='par_1_54' title="bbox 417 5221 1997 5294">
     <span class='ocr_line' id='line_1_54' title="bbox 417 5221 1997 5294; baseline -0.004 -9"><span class='ocrx_word' id='word_1_408' title='bbox 417 5224 805 5290; x_wconf 83' lang='lat' dir='ltr'><strong>sanetilieavit;</strong></span> <span class='ocrx_word' id='word_1_409' title='bbox 831 5237 1004 5293; x_wconf 91' lang='lat' dir='ltr'><strong>neque</strong></span> <span class='ocrx_word' id='word_1_410' title='bbox 1023 5221 1129 5276; x_wconf 91' lang='lat' dir='ltr'><strong>hoc</strong></span> <span class='ocrx_word' id='word_1_411' title='bbox 1154 5221 1349 5287; x_wconf 89' lang='lat' dir='ltr'><strong>solmn,</strong></span> <span class='ocrx_word' id='word_1_412' title='bbox 1374 5223 1466 5276; x_wconf 86' lang='lat' dir='ltr'><strong>sed</strong></span> <span class='ocrx_word' id='word_1_413' title='bbox 1489 5226 1649 5278; x_wconf 89' lang='lat' dir='ltr'><strong>etiam</strong></span> <span class='ocrx_word' id='word_1_414' title='bbox 1667 5224 1997 5294; x_wconf 86' lang='lat' dir='ltr'><strong>justilieavit.</strong></span> 
     </span>
    </p>
   </div>
   <div class='ocr_carea' id='block_1_55' title="bbox 417 5313 1997 5394">
    <p class='ocr_par' dir='ltr' id='par_1_55' title="bbox 417 5313 1997 5394">
     <span class='ocr_line' id='line_1_55' title="bbox 417 5313 1997 5394; baseline -0.002 -18"><span class='ocrx_word' id='word_1_415' title='bbox 417 5321 580 5394; x_wconf 82' lang='lat' dir='ltr'><strong>Atqui</strong></span> <span class='ocrx_word' id='word_1_416' title='bbox 631 5320 713 5375; x_wconf 83' lang='lat' dir='ltr'><strong>vel</strong></span> <span class='ocrx_word' id='word_1_417' title='bbox 758 5333 786 5371; x_wconf 90' lang='lat' dir='ltr'><strong>a</strong></span> <span class='ocrx_word' id='word_1_418' title='bbox 835 5316 1068 5387; x_wconf 85' lang='lat' dir='ltr'><strong>peccatis</strong></span> <span class='ocrx_word' id='word_1_419' title='bbox 1114 5313 1327 5368; x_wconf 90' lang='lat' dir='ltr'><strong>liberari</strong></span> <span class='ocrx_word' id='word_1_420' title='bbox 1366 5329 1615 5384; x_wconf 89' lang='lat' dir='ltr'><strong>magnum</strong></span> <span class='ocrx_word' id='word_1_421' title='bbox 1644 5328 1727 5372; x_wconf 89' lang='lat' dir='ltr'><strong>est</strong></span> <span class='ocrx_word' id='word_1_422' title='bbox 1751 5318 1997 5373; x_wconf 90' lang='lat' dir='ltr'><strong>donum:</strong></span> 
     </span>
    </p>
   </div>
   <div class='ocr_carea' id='block_1_56' title="bbox 419 5405 1998 5475">
    <p class='ocr_par' dir='ltr' id='par_1_56' title="bbox 419 5405 1998 5475">
     <span class='ocr_line' id='line_1_56' title="bbox 419 5405 1998 5475; baseline -0.004 -7"><span class='ocrx_word' id='word_1_423' title='bbox 419 5429 561 5468; x_wconf 90' lang='lat' dir='ltr'><strong>nunc</strong></span> <span class='ocrx_word' id='word_1_424' title='bbox 590 5421 770 5466; x_wconf 84' lang='lat' dir='ltr'><strong>autem</strong></span> <span class='ocrx_word' id='word_1_425' title='bbox 799 5418 852 5464; x_wconf 87' lang='lat' dir='ltr'><strong>te</strong></span> <span class='ocrx_word' id='word_1_426' title='bbox 879 5407 1173 5462; x_wconf 66' lang='lat' dir='ltr'><strong>innm&#39;ueris</strong></span> <span class='ocrx_word' id='word_1_427' title='bbox 1200 5406 1422 5475; x_wconf 84' lang='lat' dir='ltr'><strong>replevit</strong></span> <span class='ocrx_word' id='word_1_428' title='bbox 1447 5405 1624 5461; x_wconf 91' lang='lat' dir='ltr'><strong>bonis.</strong></span> <span class='ocrx_word' id='word_1_429' title='bbox 1658 5407 1724 5462; x_wconf 88' lang='lat' dir='ltr'><strong>Et</strong></span> <span class='ocrx_word' id='word_1_430' title='bbox 1769 5409 1872 5466; x_wconf 89' lang='lat' dir='ltr'><strong>hoc</strong></span> <span class='ocrx_word' id='word_1_431' title='bbox 1918 5409 1998 5463; x_wconf 84' lang='lat' dir='ltr'><strong>fa-</strong></span> 
     </span>
    </p>
   </div>
   <div class='ocr_carea' id='block_1_57' title="bbox 413 5496 1995 5564">
    <p class='ocr_par' dir='ltr' id='par_1_57' title="bbox 413 5496 1995 5564">
     <span class='ocr_line' id='line_1_57' title="bbox 413 5496 1995 5564; baseline -0.001 -9"><span class='ocrx_word' id='word_1_432' title='bbox 413 5512 559 5557; x_wconf 83' lang='lat' dir='ltr'><strong>ctum</strong></span> <span class='ocrx_word' id='word_1_433' title='bbox 586 5511 687 5564; x_wconf 88' lang='lat' dir='ltr'><strong>cst,</strong></span> <span class='ocrx_word' id='word_1_434' title='bbox 720 5499 782 5553; x_wconf 87' lang='lat' dir='ltr'><strong>In</strong></span> <span class='ocrx_word' id='word_1_435' title='bbox 814 5499 1018 5552; x_wconf 80' lang='lat' dir='ltr'><strong>nomine</strong></span> <span class='ocrx_word' id='word_1_436' title='bbox 1059 5496 1260 5550; x_wconf 90' lang='lat' dir='ltr'><strong>Domini</strong></span> <span class='ocrx_word' id='word_1_437' title='bbox 1289 5498 1448 5548; x_wconf 82' lang='lat' dir='ltr'><strong>nostri</strong></span> <span class='ocrx_word' id='word_1_438' title='bbox 1467 5497 1591 5552; x_wconf 71' lang='lat' dir='ltr'><strong>Iesu</strong></span> <span class='ocrx_word' id='word_1_439' title='bbox 1625 5499 1812 5554; x_wconf 81' lang='lat' dir='ltr'><strong>Christi</strong></span> <span class='ocrx_word' id='word_1_440' title='bbox 1840 5516 1859 5554; x_wconf 92' lang='lat'><em>:</em></span> <span class='ocrx_word' id='word_1_441' title='bbox 1892 5515 1995 5555; x_wconf 90' lang='lat' dir='ltr'><strong>non</strong></span> 
     </span>
    </p>
   </div>
   <div class='ocr_carea' id='block_1_58' title="bbox 415 5589 1997 5658">
    <p class='ocr_par' dir='ltr' id='par_1_58' title="bbox 415 5589 1997 5658">
     <span class='ocr_line' id='line_1_58' title="bbox 415 5589 1997 5658; baseline -0.002 -7"><span class='ocrx_word' id='word_1_442' title='bbox 415 5596 468 5651; x_wconf 81' lang='lat' dir='ltr'><strong>in</strong></span> <span class='ocrx_word' id='word_1_443' title='bbox 495 5594 599 5648; x_wconf 86' lang='lat' dir='ltr'><strong>hoc</strong></span> <span class='ocrx_word' id='word_1_444' title='bbox 620 5594 705 5647; x_wconf 86' lang='lat' dir='ltr'><strong>vel</strong></span> <span class='ocrx_word' id='word_1_445' title='bbox 737 5593 788 5646; x_wconf 89' lang='lat' dir='ltr'><strong>in</strong></span> <span class='ocrx_word' id='word_1_446' title='bbox 813 5591 924 5658; x_wconf 93' lang='lat' dir='ltr'><strong>illo,</strong></span> <span class='ocrx_word' id='word_1_447' title='bbox 956 5590 1049 5645; x_wconf 89' lang='lat' dir='ltr'><strong>sed</strong></span> <span class='ocrx_word' id='word_1_448' title='bbox 1097 5589 1159 5642; x_wconf 79' lang='lat' dir='ltr'><strong>Et</strong></span> <span class='ocrx_word' id='word_1_449' title='bbox 1205 5590 1257 5643; x_wconf 87' lang='lat' dir='ltr'><strong>in</strong></span> <span class='ocrx_word' id='word_1_450' title='bbox 1301 5589 1500 5658; x_wconf 81' lang='lat' dir='ltr'><strong>Spiritu</strong></span> <span class='ocrx_word' id='word_1_451' title='bbox 1548 5590 1642 5645; x_wconf 87' lang='lat' dir='ltr'><strong>Dei</strong></span> <span class='ocrx_word' id='word_1_452' title='bbox 1665 5593 1843 5646; x_wconf 85' lang='lat' dir='ltr'><strong>nostri.</strong></span> <span class='ocrx_word' id='word_1_453' title='bbox 1875 5593 1997 5649; x_wconf 69' lang='lat' dir='ltr'><strong>llaec</strong></span> 
     </span>
    </p>
   </div>
   <div class='ocr_carea' id='block_1_59' title="bbox 413 5667 1994 5755">
    <p class='ocr_par' dir='ltr' id='par_1_59' title="bbox 413 5667 1994 5755">
     <span class='ocr_line' id='line_1_59' title="bbox 413 5667 1994 5755; baseline -0.003 -12"><span class='ocrx_word' id='word_1_454' title='bbox 413 5701 543 5755; x_wconf 74' lang='lat' dir='ltr'><strong>ergo</strong></span> <span class='ocrx_word' id='word_1_455' title='bbox 568 5699 690 5738; x_wconf 90' lang='lat' dir='ltr'><strong>eum</strong></span> <span class='ocrx_word' id='word_1_456' title='bbox 715 5685 968 5744; x_wconf 85' lang='lat' dir='ltr'><strong>sciamus,</strong></span> <span class='ocrx_word' id='word_1_457' title='bbox 1018 5681 1222 5748; x_wconf 88' lang='lat' dir='ltr'><strong>dilecti,</strong></span> <span class='ocrx_word' id='word_1_458' title='bbox 1253 5690 1307 5734; x_wconf 90' lang='lat' dir='ltr'><strong>et</strong></span> <span class='ocrx_word' id='word_1_459' title='bbox 1343 5683 1546 5750; x_wconf 86' lang='lat' dir='ltr'><strong>accepti</strong></span> <span class='ocrx_word' id='word_1_460' title='bbox 1587 5682 1830 5736; x_wconf 73' lang='lat' dir='ltr'><strong>benefit-ii</strong></span> <span class='ocrx_word' id='word_1_461' title='bbox 1869 5667 1994 5738; x_wconf 82' lang='lat' dir='ltr'><strong>ma-</strong></span> 
     </span>
    </p>
   </div>
   <div class='ocr_carea' id='block_1_60' title="bbox 413 5773 1993 5854">
    <p class='ocr_par' dir='ltr' id='par_1_60' title="bbox 413 5773 1993 5854">
     <span class='ocr_line' id='line_1_60' title="bbox 413 5773 1993 5854; baseline 0.004 -28"><span class='ocrx_word' id='word_1_462' title='bbox 413 5775 744 5854; x_wconf 68' lang='grc' dir='ltr'><strong>ειιὶιιιᾶίησιιη</strong></span> <span class='ocrx_word' id='word_1_463' title='bbox 800 5773 1117 5843; x_wconf 86' lang='lat' dir='ltr'><strong>cogitantes,</strong></span> <span class='ocrx_word' id='word_1_464' title='bbox 1167 5785 1476 5828; x_wconf 86' lang='lat' dir='ltr'><strong>maneamus</strong></span> <span class='ocrx_word' id='word_1_465' title='bbox 1523 5782 1884 5843; x_wconf 87' lang='lat' dir='ltr'><strong>temperanter</strong></span> <span class='ocrx_word' id='word_1_466' title='bbox 1914 5778 1993 5830; x_wconf 87' lang='lat' dir='ltr'><strong>vi-</strong></span> 
     </span>
    </p>
   </div>
   <div class='ocr_carea' id='block_1_61' title="bbox 1223 331 3028 396">
    <p class='ocr_par' dir='ltr' id='par_1_61' title="bbox 1223 331 3028 396">
     <span class='ocr_line' id='line_1_61' title="bbox 1223 331 3028 396; baseline 0.004 -8"><span class='ocrx_word' id='word_1_467' title='bbox 1223 334 1278 388; x_wconf 81' lang='lat' dir='ltr'><strong>S.</strong></span> <span class='ocrx_word' id='word_1_468' title='bbox 1319 332 1596 389; x_wconf 74' lang='lat' dir='ltr'><strong>JOANNIS</strong></span> <span class='ocrx_word' id='word_1_469' title='bbox 1631 331 2106 388; x_wconf 74' lang='lat' dir='ltr'><strong>CHRYSOSTOW</strong></span> <span class='ocrx_word' id='word_1_470' title='bbox 2148 334 2462 391; x_wconf 74' lang='lat' dir='ltr'><strong>ARCHIEP.</strong></span> <span class='ocrx_word' id='word_1_471' title='bbox 2494 335 3028 396; x_wconf 79' lang='lat' dir='ltr'><strong>CONSTANTINOP.</strong></span> 
     </span>
    </p>
   </div>
   <div class='ocr_carea' id='block_1_62' title="bbox 3608 353 3710 410">
    <p class='ocr_par' dir='ltr' id='par_1_62' title="bbox 3608 353 3710 410">
     <span class='ocr_line' id='line_1_62' title="bbox 3608 353 3710 410; baseline -0.01 0"><span class='ocrx_word' id='word_1_472' title='bbox 3608 353 3710 410; x_wconf 79' lang='lat' dir='ltr'><strong>l36</strong></span> 
     </span>
    </p>
   </div>
   <div class='ocr_carea' id='block_1_63' title="bbox 2131 450 3709 538">
    <p class='ocr_par' dir='ltr' id='par_1_63' title="bbox 2131 450 3709 538">
     <span class='ocr_line' id='line_1_63' title="bbox 2131 450 3709 538; baseline 0.016 -37"><span class='ocrx_word' id='word_1_473' title='bbox 2131 459 2343 512; x_wconf 81' lang='lat' dir='ltr'><strong>ventes.</strong></span> <span class='ocrx_word' id='word_1_474' title='bbox 2397 450 2465 504; x_wconf 89' lang='lat' dir='ltr'><strong>ab</strong></span> <span class='ocrx_word' id='word_1_475' title='bbox 2495 450 2561 506; x_wconf 91' lang='lat' dir='ltr'><strong>iis</strong></span> <span class='ocrx_word' id='word_1_476' title='bbox 2597 454 2843 510; x_wconf 87' lang='lat' dir='ltr'><strong>omnibus</strong></span> <span class='ocrx_word' id='word_1_477' title='bbox 2869 473 2987 528; x_wconf 75' lang='lat' dir='ltr'><strong>qua:</strong></span> <span class='ocrx_word' id='word_1_478' title='bbox 3017 470 3324 518; x_wconf 83' lang='lat' dir='ltr'><strong>enumerata</strong></span> <span class='ocrx_word' id='word_1_479' title='bbox 3357 475 3478 522; x_wconf 85' lang='lat' dir='ltr'><strong>sunt</strong></span> <span class='ocrx_word' id='word_1_480' title='bbox 3504 473 3709 538; x_wconf 87' lang='lat' dir='ltr'><strong>mundi,</strong></span> 
     </span>
    </p>
   </div>
   <div class='ocr_carea' id='block_1_64' title="bbox 2128 539 3713 629">
    <p class='ocr_par' dir='ltr' id='par_1_64' title="bbox 2128 539 3713 629">
     <span class='ocr_line' id='line_1_64' title="bbox 2128 539 3713 629; baseline 0.019 -40"><span class='ocrx_word' id='word_1_481' title='bbox 2128 539 2494 629; x_wconf 85' lang='lat' dir='ltr'><strong>ettrihuualia</strong></span> <span class='ocrx_word' id='word_1_482' title='bbox 2520 541 2807 613; x_wconf 82' lang='lat' dir='ltr'><strong>fugiamus,</strong></span> <span class='ocrx_word' id='word_1_483' title='bbox 2840 562 2956 618; x_wconf 74' lang='lat' dir='ltr'><strong>qua:</strong></span> <span class='ocrx_word' id='word_1_484' title='bbox 2981 560 3103 604; x_wconf 88' lang='lat' dir='ltr'><strong>sunt</strong></span> <span class='ocrx_word' id='word_1_485' title='bbox 3134 553 3185 606; x_wconf 93' lang='lat' dir='ltr'><strong>in</strong></span> <span class='ocrx_word' id='word_1_486' title='bbox 3213 558 3448 612; x_wconf 84' lang='lat' dir='ltr'><strong>externis</strong></span> <span class='ocrx_word' id='word_1_487' title='bbox 3474 558 3627 629; x_wconf 88' lang='lat' dir='ltr'><strong>foris,</strong></span> <span class='ocrx_word' id='word_1_488' title='bbox 3657 573 3713 619; x_wconf 82' lang='lat' dir='ltr'><strong>et</strong></span> 
     </span>
    </p>
   </div>
   <div class='ocr_carea' id='block_1_65' title="bbox 2124 628 3712 712">
    <p class='ocr_par' dir='ltr' id='par_1_65' title="bbox 2124 628 3712 712">
     <span class='ocr_line' id='line_1_65' title="bbox 2124 628 3712 712; baseline 0.018 -30"><span class='ocrx_word' id='word_1_489' title='bbox 2124 628 2452 684; x_wconf 82' lang='lat' dir='ltr'><strong>nobilitatem</strong></span> <span class='ocrx_word' id='word_1_490' title='bbox 2495 649 2652 703; x_wconf 88' lang='lat' dir='ltr'><strong>quam</strong></span> <span class='ocrx_word' id='word_1_491' title='bbox 2698 637 2854 692; x_wconf 89' lang='lat' dir='ltr'><strong>nobis</strong></span> <span class='ocrx_word' id='word_1_492' title='bbox 2899 640 3040 695; x_wconf 89' lang='lat' dir='ltr'><strong>Deus</strong></span> <span class='ocrx_word' id='word_1_493' title='bbox 3076 642 3300 712; x_wconf 78' lang='lat' dir='ltr'><strong>largitus</strong></span> <span class='ocrx_word' id='word_1_494' title='bbox 3324 657 3407 704; x_wconf 87' lang='lat' dir='ltr'><strong>est</strong></span> <span class='ocrx_word' id='word_1_495' title='bbox 3442 628 3712 710; x_wconf 80' lang='lat' dir='ltr'><strong>custodia-</strong></span> 
     </span>
    </p>
   </div>
   <div class='ocr_carea' id='block_1_66' title="bbox 2124 720 3707 818">
    <p class='ocr_par' dir='ltr' id='par_1_66' title="bbox 2124 720 3707 818">
     <span class='ocr_line' id='line_1_66' title="bbox 2124 720 3707 818; baseline 0.02 -46"><span class='ocrx_word' id='word_1_496' title='bbox 2124 735 2263 818; x_wconf 74' lang='lat' dir='ltr'><strong>mus.</strong></span> <span class='ocrx_word' id='word_1_497' title='bbox 2293 720 2476 795; x_wconf 86' lang='lat' dir='ltr'><strong>Cogita</strong></span> <span class='ocrx_word' id='word_1_498' title='bbox 2507 728 2671 790; x_wconf 89' lang='lat' dir='ltr'><strong>enim,</strong></span> <span class='ocrx_word' id='word_1_499' title='bbox 2701 740 2914 798; x_wconf 73' lang='lat' dir='ltr'><strong>quanta:</strong></span> <span class='ocrx_word' id='word_1_500' title='bbox 2941 734 3011 788; x_wconf 86' lang='lat' dir='ltr'><strong>sit</strong></span> <span class='ocrx_word' id='word_1_501' title='bbox 3039 736 3405 810; x_wconf 89' lang='lat' dir='ltr'><strong>turpitudinis,</strong></span> <span class='ocrx_word' id='word_1_502' title='bbox 3449 743 3545 802; x_wconf 81' lang='lat' dir='ltr'><strong>tibi</strong></span> <span class='ocrx_word' id='word_1_503' title='bbox 3587 748 3707 818; x_wconf 84' lang='lat' dir='ltr'><strong>jura</strong></span> 
     </span>
    </p>
   </div>
   <div class='ocr_carea' id='block_1_67' title="bbox 2123 813 2909 878">
    <p class='ocr_par' dir='ltr' id='par_1_67' title="bbox 2123 813 2909 878">
     <span class='ocr_line' id='line_1_67' title="bbox 2123 813 2909 878; baseline 0.014 -11"><span class='ocrx_word' id='word_1_504' title='bbox 2123 813 2392 869; x_wconf 89' lang='lat' dir='ltr'><strong>dicentem</strong></span> <span class='ocrx_word' id='word_1_505' title='bbox 2424 818 2616 872; x_wconf 87' lang='lat' dir='ltr'><strong>sedere</strong></span> <span class='ocrx_word' id='word_1_506' title='bbox 2640 818 2909 878; x_wconf 69' lang='lat' dir='ltr'><strong>Grmcum.</strong></span> 
     </span>
    </p>
   </div>
   <div class='ocr_carea' id='block_1_68' title="bbox 2193 907 3686 999">
    <p class='ocr_par' dir='ltr' id='par_1_68' title="bbox 2193 907 3686 999">
     <span class='ocr_line' id='line_1_68' title="bbox 2193 907 3686 999; baseline 0.018 -41"><span class='ocrx_word' id='word_1_507' title='bbox 2290 907 2436 999; x_wconf 78' lang='lat' dir='ltr'><strong>Quid</strong></span> <span class='ocrx_word' id='word_1_508' title='bbox 2457 925 2618 979; x_wconf 84' lang='lat' dir='ltr'><strong>ergo,</strong></span> <span class='ocrx_word' id='word_1_509' title='bbox 2662 911 2870 979; x_wconf 75' lang='lat' dir='ltr'><strong>inquies</strong></span> <span class='ocrx_word' id='word_1_510' title='bbox 2893 956 2909 981; x_wconf 94' lang='lat'><strong>,</strong></span> <span class='ocrx_word' id='word_1_511' title='bbox 2943 916 2988 970; x_wconf 92' lang='lat' dir='ltr'><strong>si</strong></span> <span class='ocrx_word' id='word_1_512' title='bbox 3020 918 3062 971; x_wconf 74' lang='lat' dir='ltr'><strong>is</strong></span> <span class='ocrx_word' id='word_1_513' title='bbox 3094 920 3182 988; x_wconf 89' lang='lat' dir='ltr'><strong>qui</strong></span> <span class='ocrx_word' id='word_1_514' title='bbox 3215 921 3357 978; x_wconf 87' lang='lat' dir='ltr'><strong>intus</strong></span> <span class='ocrx_word' id='word_1_515' title='bbox 3382 937 3464 981; x_wconf 88' lang='lat' dir='ltr'><strong>est</strong></span> <span class='ocrx_word' id='word_1_516' title='bbox 3507 929 3686 999; x_wconf 87' lang='lat' dir='ltr'><strong>inique</strong></span> 
     </span>
    </p>
   </div>
   <div class='ocr_carea' id='block_1_69' title="bbox 2117 996 3710 1088">
    <p class='ocr_par' dir='ltr' id='par_1_69' title="bbox 2117 996 3710 1088">
     <span class='ocr_line' id='line_1_69' title="bbox 2117 996 3710 1088; baseline 0.013 -38"><span class='ocrx_word' id='word_1_517' title='bbox 2117 996 2364 1088; x_wconf 83' lang='lat' dir='ltr'><strong>judicet?</strong></span> <span class='ocrx_word' id='word_1_518' title='bbox 2403 997 2543 1063; x_wconf 89' lang='lat' dir='ltr'><strong>Cur,</strong></span> <span class='ocrx_word' id='word_1_519' title='bbox 2572 1006 2798 1069; x_wconf 70' lang='lat' dir='ltr'><strong>quaeso?</strong></span> <span class='ocrx_word' id='word_1_520' title='bbox 2827 1007 3118 1062; x_wconf 89' lang='lat' dir='ltr'><strong>secundum</strong></span> <span class='ocrx_word' id='word_1_521' title='bbox 3151 1027 3282 1079; x_wconf 87' lang='lat' dir='ltr'><strong>quas</strong></span> <span class='ocrx_word' id='word_1_522' title='bbox 3312 1013 3459 1085; x_wconf 81' lang='lat' dir='ltr'><strong>leges</strong></span> <span class='ocrx_word' id='word_1_523' title='bbox 3501 996 3710 1088; x_wconf 85' lang='lat' dir='ltr'><strong>judieat</strong></span> 
     </span>
    </p>
   </div>
   <div class='ocr_carea' id='block_1_70' title="bbox 2123 1087 3703 1176">
    <p class='ocr_par' dir='ltr' id='par_1_70' title="bbox 2123 1087 3703 1176">
     <span class='ocr_line' id='line_1_70' title="bbox 2123 1087 3703 1176; baseline 0.011 -33"><span class='ocrx_word' id='word_1_524' title='bbox 2123 1087 2359 1153; x_wconf 81' lang='lat' dir='ltr'><strong>Cra-rus,</strong></span> <span class='ocrx_word' id='word_1_525' title='bbox 2383 1099 2437 1143; x_wconf 91' lang='lat' dir='ltr'><strong>ct</strong></span> <span class='ocrx_word' id='word_1_526' title='bbox 2463 1092 2754 1147; x_wconf 86' lang='lat' dir='ltr'><strong>secundum</strong></span> <span class='ocrx_word' id='word_1_527' title='bbox 2775 1111 2906 1163; x_wconf 80' lang='lat' dir='ltr'><strong>quas</strong></span> <span class='ocrx_word' id='word_1_528' title='bbox 2930 1096 3264 1157; x_wconf 86' lang='lat' dir='ltr'><strong>Christianus</strong></span> <span class='ocrx_word' id='word_1_529' title='bbox 3285 1103 3309 1157; x_wconf 83' lang='lat'><strong>?</strong></span> <span class='ocrx_word' id='word_1_530' title='bbox 3327 1087 3511 1160; x_wconf 87' lang='lat' dir='ltr'><strong>annon</strong></span> <span class='ocrx_word' id='word_1_531' title='bbox 3535 1108 3703 1176; x_wconf 80' lang='lat' dir='ltr'><strong>palam</strong></span> 
     </span>
    </p>
   </div>
   <div class='ocr_carea' id='block_1_71' title="bbox 2123 1179 3704 1258">
    <p class='ocr_par' dir='ltr' id='par_1_71' title="bbox 2123 1179 3704 1258">
     <span class='ocr_line' id='line_1_71' title="bbox 2123 1179 3704 1258; baseline 0.013 -26"><span class='ocrx_word' id='word_1_532' title='bbox 2123 1189 2205 1232; x_wconf 89' lang='lat' dir='ltr'><strong>est</strong></span> <span class='ocrx_word' id='word_1_533' title='bbox 2233 1179 2476 1235; x_wconf 76' lang='lat' dir='ltr'><strong>Grzecum</strong></span> <span class='ocrx_word' id='word_1_534' title='bbox 2509 1184 2800 1237; x_wconf 79' lang='lat' dir='ltr'><strong>secundant</strong></span> <span class='ocrx_word' id='word_1_535' title='bbox 2837 1187 2979 1255; x_wconf 80' lang='lat' dir='ltr'><strong>leges</strong></span> <span class='ocrx_word' id='word_1_536' title='bbox 3011 1189 3283 1247; x_wconf 87' lang='lat' dir='ltr'><strong>hominum</strong></span> <span class='ocrx_word' id='word_1_537' title='bbox 3303 1235 3318 1258; x_wconf 94' lang='lat'><strong>,</strong></span> <span class='ocrx_word' id='word_1_538' title='bbox 3363 1207 3417 1251; x_wconf 91' lang='lat' dir='ltr'><strong>et</strong></span> <span class='ocrx_word' id='word_1_539' title='bbox 3443 1196 3704 1253; x_wconf 86' lang='lat' dir='ltr'><strong>Christia-</strong></span> 
     </span>
    </p>
   </div>
   <div class='ocr_carea' id='block_1_72' title="bbox 2125 1272 3703 1360">
    <p class='ocr_par' dir='ltr' id='par_1_72' title="bbox 2125 1272 3703 1360">
     <span class='ocr_line' id='line_1_72' title="bbox 2125 1272 3703 1360; baseline 0.014 -37"><span class='ocrx_word' id='word_1_540' title='bbox 2125 1286 2248 1324; x_wconf 90' lang='lat' dir='ltr'><strong>num</strong></span> <span class='ocrx_word' id='word_1_541' title='bbox 2284 1272 2587 1360; x_wconf 80' lang='lat' dir='ltr'><strong>secundum</strong></span> <span class='ocrx_word' id='word_1_542' title='bbox 2635 1276 2776 1346; x_wconf 63' lang='lat' dir='ltr'><strong>leges</strong></span> <span class='ocrx_word' id='word_1_543' title='bbox 2819 1279 2949 1333; x_wconf 87' lang='lat' dir='ltr'><strong>Dei?</strong></span> <span class='ocrx_word' id='word_1_544' title='bbox 3004 1281 3098 1335; x_wconf 83' lang='lat' dir='ltr'><strong>llic</strong></span> <span class='ocrx_word' id='word_1_545' title='bbox 3128 1300 3256 1354; x_wconf 82' lang='lat' dir='ltr'><strong>ergo</strong></span> <span class='ocrx_word' id='word_1_546' title='bbox 3295 1291 3463 1358; x_wconf 83' lang='lat' dir='ltr'><strong>magis</strong></span> <span class='ocrx_word' id='word_1_547' title='bbox 3501 1290 3703 1360; x_wconf 88' lang='lat' dir='ltr'><strong>justitia</strong></span> 
     </span>
    </p>
   </div>
   <div class='ocr_carea' id='block_1_73' title="bbox 2124 1358 3705 1433">
    <p class='ocr_par' dir='ltr' id='par_1_73' title="bbox 2124 1358 3705 1433">
     <span class='ocr_line' id='line_1_73' title="bbox 2124 1358 3705 1433; baseline 0.015 -25"><span class='ocrx_word' id='word_1_548' title='bbox 2124 1358 2404 1424; x_wconf 84' lang='lat' dir='ltr'><strong>reperitur,</strong></span> <span class='ocrx_word' id='word_1_549' title='bbox 2433 1361 2554 1430; x_wconf 88' lang='lat' dir='ltr'><strong>quia</strong></span> <span class='ocrx_word' id='word_1_550' title='bbox 2586 1363 2728 1433; x_wconf 82' lang='lat' dir='ltr'><strong>leges</strong></span> <span class='ocrx_word' id='word_1_551' title='bbox 2753 1378 2818 1417; x_wconf 88' lang='lat' dir='ltr'><strong>ex</strong></span> <span class='ocrx_word' id='word_1_552' title='bbox 2845 1365 2980 1419; x_wconf 67' lang='lat' dir='ltr'><strong>caelo</strong></span> <span class='ocrx_word' id='word_1_553' title='bbox 3009 1378 3133 1422; x_wconf 90' lang='lat' dir='ltr'><strong>sunt</strong></span> <span class='ocrx_word' id='word_1_554' title='bbox 3161 1371 3358 1426; x_wconf 60' lang='lat' dir='ltr'><strong>missa).</strong></span> <span class='ocrx_word' id='word_1_555' title='bbox 3391 1373 3447 1428; x_wconf 92' lang='lat' dir='ltr'><strong>ln</strong></span> <span class='ocrx_word' id='word_1_556' title='bbox 3469 1358 3705 1432; x_wconf 78' lang='lat' dir='ltr'><strong>externis</strong></span> 
     </span>
    </p>
   </div>
   <div class='ocr_carea' id='block_1_74' title="bbox 2123 1445 3702 1537">
    <p class='ocr_par' dir='ltr' id='par_1_74' title="bbox 2123 1445 3702 1537">
     <span class='ocr_line' id='line_1_74' title="bbox 2123 1445 3702 1537; baseline 0.016 -38"><span class='ocrx_word' id='word_1_557' title='bbox 2123 1445 2265 1500; x_wconf 90' lang='lat' dir='ltr'><strong>enim</strong></span> <span class='ocrx_word' id='word_1_558' title='bbox 2296 1461 2492 1517; x_wconf 76' lang='lat' dir='ltr'><strong>prmter</strong></span> <span class='ocrx_word' id='word_1_559' title='bbox 2518 1467 2581 1506; x_wconf 91' lang='lat' dir='ltr'><strong>ea</strong></span> <span class='ocrx_word' id='word_1_560' title='bbox 2625 1468 2745 1523; x_wconf 73' lang='lat' dir='ltr'><strong>qure</strong></span> <span class='ocrx_word' id='word_1_561' title='bbox 2786 1453 2926 1510; x_wconf 87' lang='lat' dir='ltr'><strong>dicta</strong></span> <span class='ocrx_word' id='word_1_562' title='bbox 2965 1467 3128 1523; x_wconf 90' lang='lat' dir='ltr'><strong>sunt,</strong></span> <span class='ocrx_word' id='word_1_563' title='bbox 3156 1460 3262 1515; x_wconf 85' lang='lat' dir='ltr'><strong>alia</strong></span> <span class='ocrx_word' id='word_1_564' title='bbox 3289 1472 3410 1519; x_wconf 88' lang='lat' dir='ltr'><strong>sunt</strong></span> <span class='ocrx_word' id='word_1_565' title='bbox 3457 1478 3702 1537; x_wconf 87' lang='lat' dir='ltr'><strong>suspecta</strong></span> 
     </span>
    </p>
   </div>
   <div class='ocr_carea' id='block_1_75' title="bbox 2125 1539 3705 1630">
    <p class='ocr_par' dir='ltr' id='par_1_75' title="bbox 2125 1539 3705 1630">
     <span class='ocr_line' id='line_1_75' title="bbox 2125 1539 3705 1630; baseline 0.017 -39"><span class='ocrx_word' id='word_1_566' title='bbox 2125 1539 2310 1605; x_wconf 86' lang='lat' dir='ltr'><strong>multa,</strong></span> <span class='ocrx_word' id='word_1_567' title='bbox 2331 1552 2602 1599; x_wconf 89' lang='lat' dir='ltr'><strong>oratorum</strong></span> <span class='ocrx_word' id='word_1_568' title='bbox 2630 1547 2710 1601; x_wconf 85' lang='lat' dir='ltr'><strong>vis</strong></span> <span class='ocrx_word' id='word_1_569' title='bbox 2731 1547 2940 1602; x_wconf 91' lang='lat' dir='ltr'><strong>dicendi</strong></span> <span class='ocrx_word' id='word_1_570' title='bbox 2972 1591 2986 1614; x_wconf 83' lang='lat'><strong>,</strong></span> <span class='ocrx_word' id='word_1_571' title='bbox 3013 1553 3308 1623; x_wconf 88' lang='lat' dir='ltr'><strong>principum</strong></span> <span class='ocrx_word' id='word_1_572' title='bbox 3329 1562 3624 1630; x_wconf 91' lang='lat' dir='ltr'><strong>corruptio,</strong></span> <span class='ocrx_word' id='word_1_573' title='bbox 3650 1576 3705 1619; x_wconf 91' lang='lat' dir='ltr'><strong>et</strong></span> 
     </span>
    </p>
   </div>
   <div class='ocr_carea' id='block_1_76' title="bbox 2125 1630 3704 1710">
    <p class='ocr_par' dir='ltr' id='par_1_76' title="bbox 2125 1630 3704 1710">
     <span class='ocr_line' id='line_1_76' title="bbox 2125 1630 3704 1710; baseline 0.018 -29"><span class='ocrx_word' id='word_1_574' title='bbox 2125 1630 2288 1684; x_wconf 89' lang='lat' dir='ltr'><strong>multa</strong></span> <span class='ocrx_word' id='word_1_575' title='bbox 2318 1632 2418 1685; x_wconf 89' lang='lat' dir='ltr'><strong>alia</strong></span> <span class='ocrx_word' id='word_1_576' title='bbox 2447 1650 2566 1702; x_wconf 71' lang='lat' dir='ltr'><strong>qua)</strong></span> <span class='ocrx_word' id='word_1_577' title='bbox 2602 1635 2863 1704; x_wconf 86' lang='lat' dir='ltr'><strong>justitiam</strong></span> <span class='ocrx_word' id='word_1_578' title='bbox 2907 1640 3228 1700; x_wconf 85' lang='lat' dir='ltr'><strong>labefactant</strong></span> <span class='ocrx_word' id='word_1_579' title='bbox 3254 1664 3268 1700; x_wconf 90' lang='lat'>:</span> <span class='ocrx_word' id='word_1_580' title='bbox 3297 1647 3383 1702; x_wconf 91' lang='lat' dir='ltr'><strong>hic</strong></span> <span class='ocrx_word' id='word_1_581' title='bbox 3414 1665 3542 1705; x_wconf 87' lang='lat' dir='ltr'><strong>vero</strong></span> <span class='ocrx_word' id='word_1_582' title='bbox 3571 1653 3704 1710; x_wconf 90' lang='lat' dir='ltr'><strong>nihil</strong></span> 
     </span>
    </p>
   </div>
   <div class='ocr_carea' id='block_1_77' title="bbox 2126 1720 3704 1815">
    <p class='ocr_par' dir='ltr' id='par_1_77' title="bbox 2126 1720 3704 1815">
     <span class='ocr_line' id='line_1_77' title="bbox 2126 1720 3704 1815; baseline 0.015 -42"><span class='ocrx_word' id='word_1_583' title='bbox 2126 1720 2314 1815; x_wconf 87' lang='lat' dir='ltr'><strong>horum</strong></span> <span class='ocrx_word' id='word_1_584' title='bbox 2347 1733 2448 1785; x_wconf 90' lang='lat' dir='ltr'><strong>est.</strong></span> <span class='ocrx_word' id='word_1_585' title='bbox 2472 1725 2608 1791; x_wconf 89' lang='lat' dir='ltr'><strong>Quid</strong></span> <span class='ocrx_word' id='word_1_586' title='bbox 2631 1742 2758 1797; x_wconf 76' lang='lat' dir='ltr'><strong>ergo</strong></span> <span class='ocrx_word' id='word_1_587' title='bbox 2779 1771 2794 1791; x_wconf 88' lang='lat'><strong>,</strong></span> <span class='ocrx_word' id='word_1_588' title='bbox 2834 1730 3042 1800; x_wconf 89' lang='lat' dir='ltr'><strong>inquies</strong></span> <span class='ocrx_word' id='word_1_589' title='bbox 3061 1775 3073 1798; x_wconf 91' lang='lat'><strong>,</strong></span> <span class='ocrx_word' id='word_1_590' title='bbox 3100 1734 3144 1788; x_wconf 92' lang='lat' dir='ltr'><strong>si</strong></span> <span class='ocrx_word' id='word_1_591' title='bbox 3168 1736 3503 1796; x_wconf 89' lang='lat' dir='ltr'><strong>adversarius</strong></span> <span class='ocrx_word' id='word_1_592' title='bbox 3530 1743 3704 1815; x_wconf 71' lang='lat' dir='ltr'><strong>dyna-</strong></span> 
     </span>
    </p>
   </div>
   <div class='ocr_carea' id='block_1_78' title="bbox 2124 1813 3704 1901">
    <p class='ocr_par' dir='ltr' id='par_1_78' title="bbox 2124 1813 3704 1901">
     <span class='ocr_line' id='line_1_78' title="bbox 2124 1813 3704 1901; baseline 0.018 -37"><span class='ocrx_word' id='word_1_593' title='bbox 2124 1821 2203 1865; x_wconf 86' lang='lat' dir='ltr'><strong>sta</strong></span> <span class='ocrx_word' id='word_1_594' title='bbox 2246 1813 2362 1868; x_wconf 87' lang='lat' dir='ltr'><strong>sit?</strong></span> <span class='ocrx_word' id='word_1_595' title='bbox 2403 1816 2466 1869; x_wconf 86' lang='lat' dir='ltr'><strong>Et</strong></span> <span class='ocrx_word' id='word_1_596' title='bbox 2510 1817 2630 1872; x_wconf 87' lang='lat' dir='ltr'><strong>ideo</strong></span> <span class='ocrx_word' id='word_1_597' title='bbox 2665 1822 2896 1876; x_wconf 82' lang='lat' dir='ltr'><strong>maxime</strong></span> <span class='ocrx_word' id='word_1_598' title='bbox 2936 1823 3024 1878; x_wconf 93' lang='lat' dir='ltr'><strong>hic</strong></span> <span class='ocrx_word' id='word_1_599' title='bbox 3057 1825 3303 1893; x_wconf 87' lang='lat' dir='ltr'><strong>judicare</strong></span> <span class='ocrx_word' id='word_1_600' title='bbox 3343 1813 3612 1901; x_wconf 47' lang='lat' dir='ltr'><strong>oportetc</strong></span> <span class='ocrx_word' id='word_1_601' title='bbox 3650 1839 3704 1892; x_wconf 90' lang='lat' dir='ltr'><strong>in</strong></span> 
     </span>
    </p>
   </div>
   <div class='ocr_carea' id='block_1_79' title="bbox 2123 1906 3703 1996">
    <p class='ocr_par' dir='ltr' id='par_1_79' title="bbox 2123 1906 3703 1996">
     <span class='ocr_line' id='line_1_79' title="bbox 2123 1906 3703 1996; baseline 0.018 -40"><span class='ocrx_word' id='word_1_602' title='bbox 2123 1906 2360 1960; x_wconf 88' lang='lat' dir='ltr'><strong>externis</strong></span> <span class='ocrx_word' id='word_1_603' title='bbox 2385 1909 2644 1964; x_wconf 89' lang='lat' dir='ltr'><strong>enimille</strong></span> <span class='ocrx_word' id='word_1_604' title='bbox 2683 1911 2898 1981; x_wconf 87' lang='lat' dir='ltr'><strong>judiciis</strong></span> <span class='ocrx_word' id='word_1_605' title='bbox 2941 1925 2991 1969; x_wconf 89' lang='lat' dir='ltr'><strong>te</strong></span> <span class='ocrx_word' id='word_1_606' title='bbox 3032 1917 3135 1972; x_wconf 84' lang='lat' dir='ltr'><strong>erit</strong></span> <span class='ocrx_word' id='word_1_607' title='bbox 3176 1922 3396 1977; x_wconf 89' lang='lat' dir='ltr'><strong>omnino</strong></span> <span class='ocrx_word' id='word_1_608' title='bbox 3439 1931 3703 1996; x_wconf 88' lang='lat' dir='ltr'><strong>superior.</strong></span> 
     </span>
    </p>
   </div>
   <div class='ocr_carea' id='block_1_80' title="bbox 2123 1995 3706 2084">
    <p class='ocr_par' dir='ltr' id='par_1_80' title="bbox 2123 1995 3706 2084">
     <span class='ocr_line' id='line_1_80' title="bbox 2123 1995 3706 2084; baseline 0.016 -34"><span class='ocrx_word' id='word_1_609' title='bbox 2123 1995 2180 2052; x_wconf 88' lang='lat' dir='ltr'><strong>Si</strong></span> <span class='ocrx_word' id='word_1_610' title='bbox 2205 2008 2382 2054; x_wconf 87' lang='lat' dir='ltr'><strong>autem</strong></span> <span class='ocrx_word' id='word_1_611' title='bbox 2410 2001 2498 2056; x_wconf 92' lang='lat' dir='ltr'><strong>ille</strong></span> <span class='ocrx_word' id='word_1_612' title='bbox 2525 2018 2628 2056; x_wconf 88' lang='lat' dir='ltr'><strong>non</strong></span> <span class='ocrx_word' id='word_1_613' title='bbox 2671 2007 2996 2074; x_wconf 83' lang='lat' dir='ltr'><strong>acquiescit,</strong></span> <span class='ocrx_word' id='word_1_614' title='bbox 3027 2019 3079 2063; x_wconf 91' lang='lat' dir='ltr'><strong>et</strong></span> <span class='ocrx_word' id='word_1_615' title='bbox 3107 2012 3150 2064; x_wconf 90' lang='lat' dir='ltr'><strong>si</strong></span> <span class='ocrx_word' id='word_1_616' title='bbox 3183 2013 3230 2066; x_wconf 87' lang='lat' dir='ltr'><strong>id</strong></span> <span class='ocrx_word' id='word_1_617' title='bbox 3264 2017 3407 2084; x_wconf 88' lang='lat' dir='ltr'><strong>quod</strong></span> <span class='ocrx_word' id='word_1_618' title='bbox 3452 1995 3594 2073; x_wconf 84' lang='lat' dir='ltr'><strong>intus</strong></span> <span class='ocrx_word' id='word_1_619' title='bbox 3624 2031 3706 2076; x_wconf 90' lang='lat' dir='ltr'><strong>est</strong></span> 
     </span>
    </p>
   </div>
   <div class='ocr_carea' id='block_1_81' title="bbox 2119 2085 3704 2175">
    <p class='ocr_par' dir='ltr' id='par_1_81' title="bbox 2119 2085 3704 2175">
     <span class='ocr_line' id='line_1_81' title="bbox 2119 2085 3704 2175; baseline 0.015 -30"><span class='ocrx_word' id='word_1_620' title='bbox 2119 2093 2375 2162; x_wconf 91' lang='lat' dir='ltr'><strong>judicium</strong></span> <span class='ocrx_word' id='word_1_621' title='bbox 2406 2085 2714 2164; x_wconf 51' lang='lat' dir='ltr'><strong>deSpicit‘et</strong></span> <span class='ocrx_word' id='word_1_622' title='bbox 2759 2098 2902 2153; x_wconf 85' lang='lat' dir='ltr'><strong>foras</strong></span> <span class='ocrx_word' id='word_1_623' title='bbox 2942 2103 2988 2154; x_wconf 91' lang='lat' dir='ltr'><strong>vi</strong></span> <span class='ocrx_word' id='word_1_624' title='bbox 3033 2105 3236 2159; x_wconf 86' lang='lat' dir='ltr'><strong>trahit?</strong></span> <span class='ocrx_word' id='word_1_625' title='bbox 3278 2107 3466 2164; x_wconf 81' lang='lat' dir='ltr'><strong>Melius</strong></span> <span class='ocrx_word' id='word_1_626' title='bbox 3505 2122 3589 2166; x_wconf 71' lang='lat' dir='ltr'><strong>e~t</strong></span> <span class='ocrx_word' id='word_1_627' title='bbox 3630 2113 3704 2175; x_wconf 87' lang='lat' dir='ltr'><strong>id.</strong></span> 
     </span>
    </p>
   </div>
   <div class='ocr_carea' id='block_1_82' title="bbox 2123 2185 3707 2261">
    <p class='ocr_par' dir='ltr' id='par_1_82' title="bbox 2123 2185 3707 2261">
     <span class='ocr_line' id='line_1_82' title="bbox 2123 2185 3707 2261; baseline 0.014 -24"><span class='ocrx_word' id='word_1_628' title='bbox 2123 2185 2263 2254; x_wconf 91' lang='lat' dir='ltr'><strong>quod</strong></span> <span class='ocrx_word' id='word_1_629' title='bbox 2292 2201 2358 2241; x_wconf 84' lang='lat' dir='ltr'><strong>ex</strong></span> <span class='ocrx_word' id='word_1_630' title='bbox 2387 2189 2708 2244; x_wconf 86' lang='lat' dir='ltr'><strong>necessitate</strong></span> <span class='ocrx_word' id='word_1_631' title='bbox 2741 2207 2994 2261; x_wconf 88' lang='lat' dir='ltr'><strong>passurus</strong></span> <span class='ocrx_word' id='word_1_632' title='bbox 3029 2211 3090 2250; x_wconf 89' lang='lat' dir='ltr'><strong>es</strong></span> <span class='ocrx_word' id='word_1_633' title='bbox 3115 2237 3130 2260; x_wconf 92' lang='lat'><strong>,</strong></span> <span class='ocrx_word' id='word_1_634' title='bbox 3163 2209 3214 2252; x_wconf 93' lang='lat' dir='ltr'><strong>te</strong></span> <span class='ocrx_word' id='word_1_635' title='bbox 3260 2200 3510 2257; x_wconf 84' lang='lat' dir='ltr'><strong>libentem</strong></span> <span class='ocrx_word' id='word_1_636' title='bbox 3542 2207 3707 2261; x_wconf 85' lang='lat' dir='ltr'><strong>susti-</strong></span> 
     </span>
    </p>
   </div>
   <div class='ocr_carea' id='block_1_83' title="bbox 2125 2279 3703 2351">
    <p class='ocr_par' dir='ltr' id='par_1_83' title="bbox 2125 2279 3703 2351">
     <span class='ocr_line' id='line_1_83' title="bbox 2125 2279 3703 2351; baseline 0.014 -22"><span class='ocrx_word' id='word_1_637' title='bbox 2125 2292 2254 2330; x_wconf 90' lang='lat' dir='ltr'><strong>nere</strong></span> <span class='ocrx_word' id='word_1_638' title='bbox 2269 2279 2601 2347; x_wconf 88' lang='lat' dir='ltr'><strong>etjudieinm</strong></span> <span class='ocrx_word' id='word_1_639' title='bbox 2628 2297 2732 2336; x_wconf 88' lang='lat' dir='ltr'><strong>non</strong></span> <span class='ocrx_word' id='word_1_640' title='bbox 2759 2284 2961 2349; x_wconf 87' lang='lat' dir='ltr'><strong>subire,</strong></span> <span class='ocrx_word' id='word_1_641' title='bbox 2990 2295 3046 2340; x_wconf 93' lang='lat' dir='ltr'><strong>ut</strong></span> <span class='ocrx_word' id='word_1_642' title='bbox 3074 2296 3127 2342; x_wconf 89' lang='lat' dir='ltr'><strong>et</strong></span> <span class='ocrx_word' id='word_1_643' title='bbox 3156 2293 3459 2349; x_wconf 89' lang='lat' dir='ltr'><strong>mercedem</strong></span> <span class='ocrx_word' id='word_1_644' title='bbox 3487 2295 3703 2351; x_wconf 81' lang='lat' dir='ltr'><strong>habeas.</strong></span> 
     </span>
    </p>
   </div>
   <div class='ocr_carea' id='block_1_84' title="bbox 2121 2367 3702 2453">
    <p class='ocr_par' dir='ltr' id='par_1_84' title="bbox 2121 2367 3702 2453">
     <span class='ocr_line' id='line_1_84' title="bbox 2121 2367 3702 2453; baseline 0.013 -32"><span class='ocrx_word' id='word_1_645' title='bbox 2121 2368 2255 2422; x_wconf 86' lang='lat' dir='ltr'><strong>Nam</strong></span> <span class='ocrx_word' id='word_1_646' title='bbox 2287 2367 2370 2436; x_wconf 91' lang='lat' dir='ltr'><strong>Si,</strong></span> <span class='ocrx_word' id='word_1_647' title='bbox 2406 2370 2595 2440; x_wconf 88' lang='lat' dir='ltr'><strong>inquit,</strong></span> <span class='ocrx_word' id='word_1_648' title='bbox 2625 2374 2740 2442; x_wconf 83' lang='lat' dir='ltr'><strong>quis</strong></span> <span class='ocrx_word' id='word_1_649' title='bbox 2761 2376 2877 2428; x_wconf 73' lang='lat' dir='ltr'><strong>velit</strong></span> <span class='ocrx_word' id='word_1_650' title='bbox 2899 2387 3059 2431; x_wconf 80' lang='lat' dir='ltr'><strong>tecum</strong></span> <span class='ocrx_word' id='word_1_651' title='bbox 3094 2381 3148 2432; x_wconf 87' lang='lat' dir='ltr'><strong>in</strong></span> <span class='ocrx_word' id='word_1_652' title='bbox 3165 2381 3364 2450; x_wconf 85' lang='lat' dir='ltr'><strong>judicio</strong></span> <span class='ocrx_word' id='word_1_653' title='bbox 3385 2388 3702 2453; x_wconf 75' lang='lat' dir='ltr'><strong>contendere,</strong></span> 
     </span>
    </p>
   </div>
   <div class='ocr_carea' id='block_1_85' title="bbox 2123 2462 3701 2545">
    <p class='ocr_par' dir='ltr' id='par_1_85' title="bbox 2123 2462 3701 2545">
     <span class='ocr_line' id='line_1_85' title="bbox 2123 2462 3701 2545; baseline 0.013 -31"><span class='ocrx_word' id='word_1_654' title='bbox 2123 2471 2169 2514; x_wconf 90' lang='lat' dir='ltr'><strong>et</strong></span> <span class='ocrx_word' id='word_1_655' title='bbox 2187 2462 2410 2515; x_wconf 86' lang='lat' dir='ltr'><strong>tunicam</strong></span> <span class='ocrx_word' id='word_1_656' title='bbox 2430 2473 2568 2516; x_wconf 87' lang='lat' dir='ltr'><strong>tuam</strong></span> <span class='ocrx_word' id='word_1_657' title='bbox 2581 2465 2826 2535; x_wconf 83' lang='lat' dir='ltr'><strong>accipere,</strong></span> <span class='ocrx_word' id='word_1_658' title='bbox 2851 2468 3070 2524; x_wconf 87' lang='lat' dir='ltr'><strong>dimittes</strong></span> <span class='ocrx_word' id='word_1_659' title='bbox 3091 2471 3168 2524; x_wconf 87' lang='lat' dir='ltr'><strong>illi</strong></span> <span class='ocrx_word' id='word_1_660' title='bbox 3192 2474 3341 2526; x_wconf 82' lang='lat' dir='ltr'><strong>etiam</strong></span> <span class='ocrx_word' id='word_1_661' title='bbox 3359 2477 3571 2545; x_wconf 83' lang='lat' dir='ltr'><strong>pallium</strong></span> <span class='ocrx_word' id='word_1_662' title='bbox 3588 2493 3609 2541; x_wconf 82' lang='lat'><strong>,°</strong></span> <span class='ocrx_word' id='word_1_663' title='bbox 3626 2489 3701 2545; x_wconf 85' lang='lat' dir='ltr'><strong>et,</strong></span> 
     </span>
    </p>
   </div>
   <div class='ocr_carea' id='block_1_86' title="bbox 2124 2552 3701 2627">
    <p class='ocr_par' dir='ltr' id='par_1_86' title="bbox 2124 2552 3701 2627">
     <span class='ocr_line' id='line_1_86' title="bbox 2124 2552 3701 2627; baseline 0.013 -22"><span class='ocrx_word' id='word_1_664' title='bbox 2124 2552 2211 2606; x_wconf 88' lang='lat' dir='ltr'><strong>Sis</strong></span> <span class='ocrx_word' id='word_1_665' title='bbox 2236 2554 2502 2609; x_wconf 71' lang='lat' dir='ltr'><strong>benevolus</strong></span> <span class='ocrx_word' id='word_1_666' title='bbox 2531 2556 2817 2610; x_wconf 81' lang='lat' dir='ltr'><strong>adversario</strong></span> <span class='ocrx_word' id='word_1_667' title='bbox 2845 2567 2930 2612; x_wconf 88' lang='lat' dir='ltr'><strong>tuo</strong></span> <span class='ocrx_word' id='word_1_668' title='bbox 2953 2561 3051 2615; x_wconf 88' lang='lat' dir='ltr'><strong>cito</strong></span> <span class='ocrx_word' id='word_1_669' title='bbox 3071 2603 3086 2627; x_wconf 91' lang='lat'><strong>,</strong></span> <span class='ocrx_word' id='word_1_670' title='bbox 3114 2563 3275 2617; x_wconf 87' lang='lat' dir='ltr'><strong>donec</strong></span> <span class='ocrx_word' id='word_1_671' title='bbox 3313 2582 3365 2620; x_wconf 88' lang='lat' dir='ltr'><strong>es</strong></span> <span class='ocrx_word' id='word_1_672' title='bbox 3402 2568 3455 2621; x_wconf 88' lang='lat' dir='ltr'><strong>in</strong></span> <span class='ocrx_word' id='word_1_673' title='bbox 3481 2569 3560 2623; x_wconf 82' lang='lat' dir='ltr'><strong>via</strong></span> <span class='ocrx_word' id='word_1_674' title='bbox 3587 2587 3701 2626; x_wconf 85' lang='lat' dir='ltr'><strong>cum</strong></span> 
     </span>
    </p>
   </div>
   <div class='ocr_carea' id='block_1_87' title="bbox 2123 2648 3701 2731">
    <p class='ocr_par' dir='ltr' id='par_1_87' title="bbox 2123 2648 3701 2731">
     <span class='ocr_line' id='line_1_87' title="bbox 2123 2648 3701 2731; baseline 0.012 -32"><span class='ocrx_word' id='word_1_675' title='bbox 2123 2648 2212 2701; x_wconf 91' lang='lat' dir='ltr'><strong>illo</strong></span> <span class='ocrx_word' id='word_1_676' title='bbox 2238 2648 2449 2718; x_wconf 78' lang='lat' dir='ltr'><strong>(Matth.</strong></span> <span class='ocrx_word' id='word_1_677' title='bbox 2482 2649 2536 2703; x_wconf 84' lang='lat'><strong>5.</strong></span> <span class='ocrx_word' id='word_1_678' title='bbox 2563 2650 2650 2704; x_wconf 73' lang='lat'><strong>40.</strong></span> <span class='ocrx_word' id='word_1_679' title='bbox 2674 2650 2788 2719; x_wconf 74' lang='lat'><strong>25).</strong></span> <span class='ocrx_word' id='word_1_680' title='bbox 2818 2652 3017 2722; x_wconf 82' lang='lat' dir='ltr'><strong>Ecquid</strong></span> <span class='ocrx_word' id='word_1_681' title='bbox 3044 2668 3224 2711; x_wconf 88' lang='lat' dir='ltr'><strong>nostra</strong></span> <span class='ocrx_word' id='word_1_682' title='bbox 3248 2659 3426 2715; x_wconf 78' lang='lat' dir='ltr'><strong>dicere</strong></span> <span class='ocrx_word' id='word_1_683' title='bbox 3443 2678 3573 2731; x_wconf 91' lang='lat' dir='ltr'><strong>opus</strong></span> <span class='ocrx_word' id='word_1_684' title='bbox 3595 2665 3701 2718; x_wconf 81' lang='lat' dir='ltr'><strong>est?</strong></span> 
     </span>
    </p>
   </div>
   <div class='ocr_carea' id='block_1_88' title="bbox 2124 2742 3702 2817">
    <p class='ocr_par' dir='ltr' id='par_1_88' title="bbox 2124 2742 3702 2817">
     <span class='ocr_line' id='line_1_88' title="bbox 2124 2742 3702 2817; baseline 0.01 -23"><span class='ocrx_word' id='word_1_685' title='bbox 2124 2756 2242 2794; x_wconf 89' lang='lat' dir='ltr'><strong>nam</strong></span> <span class='ocrx_word' id='word_1_686' title='bbox 2267 2742 2364 2809; x_wconf 88' lang='lat' dir='ltr'><strong>ipsi</strong></span> <span class='ocrx_word' id='word_1_687' title='bbox 2393 2757 2605 2811; x_wconf 87' lang='lat' dir='ltr'><strong>quoque</strong></span> <span class='ocrx_word' id='word_1_688' title='bbox 2630 2757 2970 2798; x_wconf 84' lang='lat' dir='ltr'><strong>externorum</strong></span> <span class='ocrx_word' id='word_1_689' title='bbox 3000 2749 3336 2804; x_wconf 90' lang='lat' dir='ltr'><strong>tribunalium</strong></span> <span class='ocrx_word' id='word_1_690' title='bbox 3357 2755 3565 2817; x_wconf 89' lang='lat' dir='ltr'><strong>patroni</strong></span> <span class='ocrx_word' id='word_1_691' title='bbox 3589 2755 3702 2811; x_wconf 70' lang='lat' dir='ltr'><strong>ha‘c</strong></span> 
     </span>
    </p>
   </div>
   <div class='ocr_carea' id='block_1_89' title="bbox 2122 2833 3696 2914">
    <p class='ocr_par' dir='ltr' id='par_1_89' title="bbox 2122 2833 3696 2914">
     <span class='ocr_line' id='line_1_89' title="bbox 2122 2833 3696 2914; baseline 0.01 -27"><span class='ocrx_word' id='word_1_692' title='bbox 2122 2833 2417 2902; x_wconf 66' lang='lat' dir='ltr'><strong>saepissime</strong></span> <span class='ocrx_word' id='word_1_693' title='bbox 2445 2835 2648 2899; x_wconf 87' lang='lat' dir='ltr'><strong>dicunt,</strong></span> <span class='ocrx_word' id='word_1_694' title='bbox 2685 2837 2873 2890; x_wconf 88' lang='lat' dir='ltr'><strong>melius</strong></span> <span class='ocrx_word' id='word_1_695' title='bbox 2902 2853 3020 2892; x_wconf 89' lang='lat' dir='ltr'><strong>esse</strong></span> <span class='ocrx_word' id='word_1_696' title='bbox 3053 2839 3181 2895; x_wconf 86' lang='lat' dir='ltr'><strong>foris</strong></span> <span class='ocrx_word' id='word_1_697' title='bbox 3205 2841 3323 2897; x_wconf 92' lang='lat' dir='ltr'><strong>lites</strong></span> <span class='ocrx_word' id='word_1_698' title='bbox 3352 2858 3696 2914; x_wconf 88' lang='lat' dir='ltr'><strong>componere.</strong></span> 
     </span>
    </p>
   </div>
   <div class='ocr_carea' id='block_1_90' title="bbox 2196 2928 3704 3006">
    <p class='ocr_par' dir='ltr' id='par_1_90' title="bbox 2196 2928 3704 3006">
     <span class='ocr_line' id='line_1_90' title="bbox 2196 2928 3704 3006; baseline 0.001 -27"><span class='ocrx_word' id='word_1_699' title='bbox 2196 2928 2536 2981; x_wconf 84' lang='lat' dir='ltr'><strong>Pecuniarum</strong></span> <span class='ocrx_word' id='word_1_700' title='bbox 2573 2945 2718 2983; x_wconf 87' lang='lat' dir='ltr'><strong>amor</strong></span> <span class='ocrx_word' id='word_1_701' title='bbox 2745 2931 2912 2982; x_wconf 85' lang='lat' dir='ltr'><strong>omnia</strong></span> <span class='ocrx_word' id='word_1_702' title='bbox 2939 2933 3195 2987; x_wconf 74' lang='lat' dir='ltr'><strong>subvertit.</strong></span> <span class='ocrx_word' id='word_1_703' title='bbox 3223 2963 3294 2974; x_wconf 89' lang='lat'><strong>-——</strong></span> <span class='ocrx_word' id='word_1_704' title='bbox 3315 2933 3419 2990; x_wconf 91' lang='lat' dir='ltr'><strong>Sed</strong></span> <span class='ocrx_word' id='word_1_705' title='bbox 3438 2977 3453 3001; x_wconf 96' lang='lat'><strong>,</strong></span> <span class='ocrx_word' id='word_1_706' title='bbox 3479 2951 3514 2991; x_wconf 88' lang='grc' dir='ltr'><strong>ο</strong></span> <span class='ocrx_word' id='word_1_707' title='bbox 3544 2954 3704 3006; x_wconf 78' lang='lat' dir='ltr'><strong>pecu-</strong></span> 
     </span>
    </p>
   </div>
   <div class='ocr_carea' id='block_1_91' title="bbox 2122 3019 3700 3092">
    <p class='ocr_par' dir='ltr' id='par_1_91' title="bbox 2122 3019 3700 3092">
     <span class='ocr_line' id='line_1_91' title="bbox 2122 3019 3700 3092; baseline 0.009 -20"><span class='ocrx_word' id='word_1_708' title='bbox 2122 3019 2266 3072; x_wconf 84' lang='lat' dir='ltr'><strong>nias!</strong></span> <span class='ocrx_word' id='word_1_709' title='bbox 2302 3020 2408 3073; x_wconf 89' lang='lat' dir='ltr'><strong>imo</strong></span> <span class='ocrx_word' id='word_1_710' title='bbox 2438 3020 2633 3089; x_wconf 87' lang='lat' dir='ltr'><strong>potius,</strong></span> <span class='ocrx_word' id='word_1_711' title='bbox 2665 3035 2698 3074; x_wconf 92' lang='grc' dir='ltr'>ο</span> <span class='ocrx_word' id='word_1_712' title='bbox 2726 3021 3010 3076; x_wconf 88' lang='lat' dir='ltr'><strong>absurdum</strong></span> <span class='ocrx_word' id='word_1_713' title='bbox 3040 3026 3386 3092; x_wconf 88' lang='lat' dir='ltr'><strong>pecuniarum</strong></span> <span class='ocrx_word' id='word_1_714' title='bbox 3414 3043 3655 3085; x_wconf 90' lang='lat' dir='ltr'><strong>amorem</strong></span> <span class='ocrx_word' id='word_1_715' title='bbox 3683 3034 3700 3086; x_wconf 80' lang='grc' dir='ltr'>ε</span> 
     </span>
    </p>
   </div>
   <div class='ocr_carea' id='block_1_92' title="bbox 2121 3108 3699 3187">
    <p class='ocr_par' dir='ltr' id='par_1_92' title="bbox 2121 3108 3699 3187">
     <span class='ocr_line' id='line_1_92' title="bbox 2121 3108 3699 3187; baseline 0.011 -27"><span class='ocrx_word' id='word_1_716' title='bbox 2121 3108 2210 3177; x_wconf 91' lang='lat' dir='ltr'><strong>qui</strong></span> <span class='ocrx_word' id='word_1_717' title='bbox 2254 3109 2430 3164; x_wconf 89' lang='lat' dir='ltr'><strong>omnia</strong></span> <span class='ocrx_word' id='word_1_718' title='bbox 2465 3110 2729 3165; x_wconf 83' lang='lat' dir='ltr'><strong>subvertit</strong></span> <span class='ocrx_word' id='word_1_719' title='bbox 2768 3122 2822 3166; x_wconf 93' lang='lat' dir='ltr'><strong>et</strong></span> <span class='ocrx_word' id='word_1_720' title='bbox 2850 3112 3084 3181; x_wconf 89' lang='lat' dir='ltr'><strong>dejecit;</strong></span> <span class='ocrx_word' id='word_1_721' title='bbox 3117 3131 3378 3187; x_wconf 68' lang='lat' dir='ltr'><strong>nugteque</strong></span> <span class='ocrx_word' id='word_1_722' title='bbox 3409 3131 3463 3175; x_wconf 90' lang='lat' dir='ltr'><strong>et</strong></span> <span class='ocrx_word' id='word_1_723' title='bbox 3506 3123 3699 3178; x_wconf 65' lang='lat' dir='ltr'><strong>fabula:</strong></span> 
     </span>
    </p>
   </div>
   <div class='ocr_carea' id='block_1_93' title="bbox 2123 3199 3702 3282">
    <p class='ocr_par' dir='ltr' id='par_1_93' title="bbox 2123 3199 3702 3282">
     <span class='ocr_line' id='line_1_93' title="bbox 2123 3199 3702 3282; baseline 0.01 -30"><span class='ocrx_word' id='word_1_724' title='bbox 2123 3199 2305 3252; x_wconf 91' lang='lat' dir='ltr'><strong>multis</strong></span> <span class='ocrx_word' id='word_1_725' title='bbox 2332 3211 2455 3252; x_wconf 87' lang='lat' dir='ltr'><strong>sunt</strong></span> <span class='ocrx_word' id='word_1_726' title='bbox 2496 3201 2672 3254; x_wconf 87' lang='lat' dir='ltr'><strong>omnia</strong></span> <span class='ocrx_word' id='word_1_727' title='bbox 2708 3213 2923 3271; x_wconf 87' lang='lat' dir='ltr'><strong>propter</strong></span> <span class='ocrx_word' id='word_1_728' title='bbox 2953 3205 3222 3272; x_wconf 85' lang='lat' dir='ltr'><strong>pecunias.</strong></span> <span class='ocrx_word' id='word_1_729' title='bbox 3252 3206 3318 3262; x_wconf 87' lang='lat' dir='ltr'><strong>Et</strong></span> <span class='ocrx_word' id='word_1_730' title='bbox 3343 3210 3482 3278; x_wconf 89' lang='lat' dir='ltr'><strong>quod</strong></span> <span class='ocrx_word' id='word_1_731' title='bbox 3515 3211 3548 3264; x_wconf 92' lang='lat' dir='ltr'><strong>ii</strong></span> <span class='ocrx_word' id='word_1_732' title='bbox 3568 3253 3581 3276; x_wconf 79' lang='lat'><strong>,</strong></span> <span class='ocrx_word' id='word_1_733' title='bbox 3611 3213 3702 3282; x_wconf 90' lang='lat' dir='ltr'><strong>qui</strong></span> 
     </span>
    </p>
   </div>
   <div class='ocr_carea' id='block_1_94' title="bbox 2121 3290 3699 3358">
    <p class='ocr_par' dir='ltr' id='par_1_94' title="bbox 2121 3290 3699 3358">
     <span class='ocr_line' id='line_1_94' title="bbox 2121 3290 3699 3358; baseline 0.009 -15"><span class='ocrx_word' id='word_1_734' title='bbox 2121 3290 2466 3345; x_wconf 69' lang='lat' dir='ltr'><strong>saecularibus</strong></span> <span class='ocrx_word' id='word_1_735' title='bbox 2491 3292 2829 3358; x_wconf 87' lang='lat' dir='ltr'><strong>sintaddicti,</strong></span> <span class='ocrx_word' id='word_1_736' title='bbox 2861 3295 2910 3347; x_wconf 92' lang='lat' dir='ltr'><strong>in</strong></span> <span class='ocrx_word' id='word_1_737' title='bbox 2939 3297 3295 3354; x_wconf 89' lang='lat' dir='ltr'><strong>tribunalibus</strong></span> <span class='ocrx_word' id='word_1_738' title='bbox 3316 3300 3436 3355; x_wconf 90' lang='lat' dir='ltr'><strong>lites</strong></span> <span class='ocrx_word' id='word_1_739' title='bbox 3456 3317 3699 3357; x_wconf 87' lang='lat' dir='ltr'><strong>commo-</strong></span> 
     </span>
    </p>
   </div>
   <div class='ocr_carea' id='block_1_95' title="bbox 2121 3383 3699 3464">
    <p class='ocr_par' dir='ltr' id='par_1_95' title="bbox 2121 3383 3699 3464">
     <span class='ocr_line' id='line_1_95' title="bbox 2121 3383 3699 3464; baseline 0.008 -27"><span class='ocrx_word' id='word_1_740' title='bbox 2121 3391 2296 3445; x_wconf 86' lang='lat' dir='ltr'><strong>veant.</strong></span> <span class='ocrx_word' id='word_1_741' title='bbox 2325 3383 2452 3438; x_wconf 88' lang='lat' dir='ltr'><strong>nihil</strong></span> <span class='ocrx_word' id='word_1_742' title='bbox 2477 3384 2666 3438; x_wconf 88' lang='lat' dir='ltr'><strong>mirum</strong></span> <span class='ocrx_word' id='word_1_743' title='bbox 2693 3402 2708 3450; x_wconf 93' lang='lat'><strong>;</strong></span> <span class='ocrx_word' id='word_1_744' title='bbox 2738 3385 2879 3455; x_wconf 90' lang='lat' dir='ltr'><strong>quod</strong></span> <span class='ocrx_word' id='word_1_745' title='bbox 2901 3396 3077 3441; x_wconf 86' lang='lat' dir='ltr'><strong>autem</strong></span> <span class='ocrx_word' id='word_1_746' title='bbox 3107 3389 3256 3442; x_wconf 89' lang='lat' dir='ltr'><strong>multi</strong></span> <span class='ocrx_word' id='word_1_747' title='bbox 3280 3407 3343 3445; x_wconf 84' lang='lat' dir='ltr'><strong>ex</strong></span> <span class='ocrx_word' id='word_1_748' title='bbox 3375 3392 3461 3457; x_wconf 77' lang='lat' dir='ltr'><strong>iis,</strong></span> <span class='ocrx_word' id='word_1_749' title='bbox 3481 3395 3567 3464; x_wconf 93' lang='lat' dir='ltr'><strong>qui</strong></span> <span class='ocrx_word' id='word_1_750' title='bbox 3595 3413 3699 3448; x_wconf 72' lang='lat' dir='ltr'><strong>ste-</strong></span> 
     </span>
    </p>
   </div>
   <div class='ocr_carea' id='block_1_96' title="bbox 2119 3476 3700 3548">
    <p class='ocr_par' dir='ltr' id='par_1_96' title="bbox 2119 3476 3700 3548">
     <span class='ocr_line' id='line_1_96' title="bbox 2119 3476 3700 3548; baseline 0.008 -18"><span class='ocrx_word' id='word_1_751' title='bbox 2119 3476 2240 3530; x_wconf 90' lang='lat' dir='ltr'><strong>cnlo</strong></span> <span class='ocrx_word' id='word_1_752' title='bbox 2269 3476 2711 3530; x_wconf 88' lang='lat' dir='ltr'><strong>abrenuntiarunt</strong></span> <span class='ocrx_word' id='word_1_753' title='bbox 2736 3518 2750 3538; x_wconf 86' lang='lat'><strong>,</strong></span> <span class='ocrx_word' id='word_1_754' title='bbox 2781 3477 2968 3532; x_wconf 88' lang='lat' dir='ltr'><strong>eadem</strong></span> <span class='ocrx_word' id='word_1_755' title='bbox 2998 3478 3112 3548; x_wconf 88' lang='lat' dir='ltr'><strong>ipsa</strong></span> <span class='ocrx_word' id='word_1_756' title='bbox 3144 3479 3375 3548; x_wconf 87' lang='lat' dir='ltr'><strong>faciant,</strong></span> <span class='ocrx_word' id='word_1_757' title='bbox 3408 3485 3509 3538; x_wconf 90' lang='lat' dir='ltr'><strong>hoc</strong></span> <span class='ocrx_word' id='word_1_758' title='bbox 3553 3497 3700 3542; x_wconf 87' lang='lat' dir='ltr'><strong>certe</strong></span> 
     </span>
    </p>
   </div>
   <div class='ocr_carea' id='block_1_97' title="bbox 2118 3568 3697 3644">
    <p class='ocr_par' dir='ltr' id='par_1_97' title="bbox 2118 3568 3697 3644">
     <span class='ocr_line' id='line_1_97' title="bbox 2118 3568 3697 3644; baseline 0.006 -22"><span class='ocrx_word' id='word_1_759' title='bbox 2118 3577 2199 3622; x_wconf 90' lang='lat' dir='ltr'><strong>est</strong></span> <span class='ocrx_word' id='word_1_760' title='bbox 2226 3577 2376 3622; x_wconf 80' lang='lat' dir='ltr'><strong>extra</strong></span> <span class='ocrx_word' id='word_1_761' title='bbox 2406 3568 2612 3627; x_wconf 84' lang='lat' dir='ltr'><strong>veniam</strong></span> <span class='ocrx_word' id='word_1_762' title='bbox 2637 3583 2870 3623; x_wconf 90' lang='lat' dir='ltr'><strong>omnem.</strong></span> <span class='ocrx_word' id='word_1_763' title='bbox 2901 3569 3033 3623; x_wconf 87' lang='lat' dir='ltr'><strong>Nam</strong></span> <span class='ocrx_word' id='word_1_764' title='bbox 3063 3571 3106 3624; x_wconf 92' lang='lat' dir='ltr'><strong>si</strong></span> <span class='ocrx_word' id='word_1_765' title='bbox 3133 3572 3214 3625; x_wconf 88' lang='lat' dir='ltr'><strong>vis</strong></span> <span class='ocrx_word' id='word_1_766' title='bbox 3235 3572 3416 3628; x_wconf 89' lang='lat' dir='ltr'><strong>videre</strong></span> <span class='ocrx_word' id='word_1_767' title='bbox 3442 3587 3697 3644; x_wconf 85' lang='lat' dir='ltr'><strong>quantum</strong></span> 
     </span>
    </p>
   </div>
   <div class='ocr_carea' id='block_1_98' title="bbox 2119 3658 3699 3738">
    <p class='ocr_par' dir='ltr' id='par_1_98' title="bbox 2119 3658 3699 3738">
     <span class='ocr_line' id='line_1_98' title="bbox 2119 3658 3699 3738; baseline 0.008 -26"><span class='ocrx_word' id='word_1_768' title='bbox 2119 3669 2173 3712; x_wconf 90' lang='lat' dir='ltr'><strong>te</strong></span> <span class='ocrx_word' id='word_1_769' title='bbox 2193 3660 2384 3712; x_wconf 85' lang='lat' dir='ltr'><strong>abesse</strong></span> <span class='ocrx_word' id='word_1_770' title='bbox 2413 3663 2481 3713; x_wconf 90' lang='lat' dir='ltr'><strong>ab</strong></span> <span class='ocrx_word' id='word_1_771' title='bbox 2505 3658 2604 3713; x_wconf 93' lang='lat' dir='ltr'><strong>hoc</strong></span> <span class='ocrx_word' id='word_1_772' title='bbox 2631 3676 2749 3726; x_wconf 88' lang='lat' dir='ltr'><strong>usu,</strong></span> <span class='ocrx_word' id='word_1_773' title='bbox 2786 3678 2975 3732; x_wconf 90' lang='lat' dir='ltr'><strong>nempe</strong></span> <span class='ocrx_word' id='word_1_774' title='bbox 2992 3664 3353 3731; x_wconf 89' lang='lat' dir='ltr'><strong>tribunalimn,</strong></span> <span class='ocrx_word' id='word_1_775' title='bbox 3387 3673 3699 3738; x_wconf 68' lang='lat' dir='ltr'><strong>pra&#39;ceperit</strong></span> 
     </span>
    </p>
   </div>
   <div class='ocr_carea' id='block_1_99' title="bbox 2116 3748 3694 3827">
    <p class='ocr_par' dir='ltr' id='par_1_99' title="bbox 2116 3748 3694 3827">
     <span class='ocr_line' id='line_1_99' title="bbox 2116 3748 3694 3827; baseline 0.007 -23"><span class='ocrx_word' id='word_1_776' title='bbox 2116 3748 2386 3818; x_wconf 88' lang='lat' dir='ltr'><strong>Scriptura</strong></span> <span class='ocrx_word' id='word_1_777' title='bbox 2411 3792 2426 3816; x_wconf 94' lang='lat'><strong>,</strong></span> <span class='ocrx_word' id='word_1_778' title='bbox 2455 3761 2508 3804; x_wconf 90' lang='lat' dir='ltr'><strong>et</strong></span> <span class='ocrx_word' id='word_1_779' title='bbox 2534 3750 2745 3806; x_wconf 87' lang='lat' dir='ltr'><strong>discere</strong></span> <span class='ocrx_word' id='word_1_780' title='bbox 2776 3752 3090 3822; x_wconf 84' lang='lat' dir='ltr'><strong>quibusnam</strong></span> <span class='ocrx_word' id='word_1_781' title='bbox 3132 3755 3278 3824; x_wconf 80' lang='lat' dir='ltr'><strong>leges</strong></span> <span class='ocrx_word' id='word_1_782' title='bbox 3331 3757 3518 3825; x_wconf 86' lang='lat' dir='ltr'><strong>posit:e</strong></span> <span class='ocrx_word' id='word_1_783' title='bbox 3545 3761 3651 3814; x_wconf 92' lang='lat' dir='ltr'><strong>sint</strong></span> <span class='ocrx_word' id='word_1_784' title='bbox 3677 3802 3694 3827; x_wconf 94' lang='lat'><strong>,</strong></span> 
     </span>
    </p>
   </div>
   <div class='ocr_carea' id='block_1_100' title="bbox 2117 3841 3699 3920">
    <p class='ocr_par' dir='ltr' id='par_1_100' title="bbox 2117 3841 3699 3920">
     <span class='ocr_line' id='line_1_100' title="bbox 2117 3841 3699 3920; baseline 0.008 -26"><span class='ocrx_word' id='word_1_785' title='bbox 2117 3841 2236 3895; x_wconf 88' lang='lat' dir='ltr'><strong>audi</strong></span> <span class='ocrx_word' id='word_1_786' title='bbox 2269 3842 2391 3909; x_wconf 91' lang='lat' dir='ltr'><strong>quid</strong></span> <span class='ocrx_word' id='word_1_787' title='bbox 2418 3843 2561 3897; x_wconf 90' lang='lat' dir='ltr'><strong>dicat</strong></span> <span class='ocrx_word' id='word_1_788' title='bbox 2591 3843 2783 3916; x_wconf 70' lang='lat' dir='ltr'><strong>Paulus</strong></span> <span class='ocrx_word' id='word_1_789' title='bbox 2813 3863 2824 3896; x_wconf 93' lang='lat'>:</span> <span class='ocrx_word' id='word_1_790' title='bbox 2854 3843 3002 3898; x_wconf 81' lang='lat' dir='ltr'><strong>Justo</strong></span> <span class='ocrx_word' id='word_1_791' title='bbox 3022 3846 3105 3900; x_wconf 77' lang='lat' dir='ltr'><strong>lex</strong></span> <span class='ocrx_word' id='word_1_792' title='bbox 3143 3864 3245 3900; x_wconf 89' lang='lat' dir='ltr'><strong>non</strong></span> <span class='ocrx_word' id='word_1_793' title='bbox 3283 3859 3354 3901; x_wconf 85' lang='lat' dir='ltr'><strong>est</strong></span> <span class='ocrx_word' id='word_1_794' title='bbox 3381 3851 3566 3920; x_wconf 86' lang='lat' dir='ltr'><strong>posita,</strong></span> <span class='ocrx_word' id='word_1_795' title='bbox 3608 3854 3699 3906; x_wconf 86' lang='lat' dir='ltr'><strong>sed</strong></span> 
     </span>
    </p>
   </div>
   <div class='ocr_carea' id='block_1_101' title="bbox 2116 3933 3698 4008">
    <p class='ocr_par' dir='ltr' id='par_1_101' title="bbox 2116 3933 3698 4008">
     <span class='ocr_line' id='line_1_101' title="bbox 2116 3933 3698 4008; baseline 0.011 -24"><span class='ocrx_word' id='word_1_796' title='bbox 2116 3933 2318 4002; x_wconf 85' lang='lat' dir='ltr'><strong>injustis</strong></span> <span class='ocrx_word' id='word_1_797' title='bbox 2337 3944 2382 3986; x_wconf 82' lang='lat' dir='ltr'><strong>et</strong></span> <span class='ocrx_word' id='word_1_798' title='bbox 2405 3950 2506 3988; x_wconf 89' lang='lat' dir='ltr'><strong>non</strong></span> <span class='ocrx_word' id='word_1_799' title='bbox 2534 3935 2788 4006; x_wconf 86' lang='lat' dir='ltr'><strong>subditis(</strong></span> <span class='ocrx_word' id='word_1_800' title='bbox 2817 3938 2865 3990; x_wconf 91' lang='lat' dir='ltr'><strong>l.</strong></span> <span class='ocrx_word' id='word_1_801' title='bbox 2892 3935 3026 3991; x_wconf 85' lang='lat' dir='ltr'><strong>Tim.</strong></span> <span class='ocrx_word' id='word_1_802' title='bbox 3059 3939 3111 3992; x_wconf 82' lang='lat' dir='ltr'><strong>l.</strong></span> <span class='ocrx_word' id='word_1_803' title='bbox 3136 3938 3230 4008; x_wconf 85' lang='lat'><strong>9).</strong></span> <span class='ocrx_word' id='word_1_804' title='bbox 3257 3940 3409 4006; x_wconf 90' lang='lat' dir='ltr'><strong>Quod</strong></span> <span class='ocrx_word' id='word_1_805' title='bbox 3438 3944 3481 3997; x_wconf 92' lang='lat' dir='ltr'><strong>si</strong></span> <span class='ocrx_word' id='word_1_806' title='bbox 3511 3944 3601 3999; x_wconf 89' lang='lat' dir='ltr'><strong>ille</strong></span> <span class='ocrx_word' id='word_1_807' title='bbox 3629 3946 3698 4002; x_wconf 86' lang='lat' dir='ltr'><strong>de</strong></span> 
     </span>
    </p>
   </div>
   <div class='ocr_carea' id='block_1_102' title="bbox 2116 4021 3694 4105">
    <p class='ocr_par' dir='ltr' id='par_1_102' title="bbox 2116 4021 3694 4105">
     <span class='ocr_line' id='line_1_102' title="bbox 2116 4021 3694 4105; baseline 0.01 -30"><span class='ocrx_word' id='word_1_808' title='bbox 2116 4021 2342 4077; x_wconf 83' lang='lat' dir='ltr'><strong>Mosaica</strong></span> <span class='ocrx_word' id='word_1_809' title='bbox 2386 4023 2486 4079; x_wconf 89' lang='lat' dir='ltr'><strong>hoc</strong></span> <span class='ocrx_word' id='word_1_810' title='bbox 2512 4024 2673 4090; x_wconf 90' lang='lat' dir='ltr'><strong>dicit,</strong></span> <span class='ocrx_word' id='word_1_811' title='bbox 2703 4027 2870 4080; x_wconf 91' lang='lat' dir='ltr'><strong>multo</strong></span> <span class='ocrx_word' id='word_1_812' title='bbox 2896 4028 3064 4098; x_wconf 87' lang='lat' dir='ltr'><strong>magis</strong></span> <span class='ocrx_word' id='word_1_813' title='bbox 3089 4027 3160 4084; x_wconf 86' lang='lat' dir='ltr'><strong>de</strong></span> <span class='ocrx_word' id='word_1_814' title='bbox 3201 4032 3439 4086; x_wconf 86' lang='lat' dir='ltr'><strong>externis</strong></span> <span class='ocrx_word' id='word_1_815' title='bbox 3469 4033 3694 4105; x_wconf 83' lang='lat' dir='ltr'><strong>legibus.</strong></span> 
     </span>
    </p>
   </div>
   <div class='ocr_carea' id='block_1_103' title="bbox 2117 4113 3695 4195">
    <p class='ocr_par' dir='ltr' id='par_1_103' title="bbox 2117 4113 3695 4195">
     <span class='ocr_line' id='line_1_103' title="bbox 2117 4113 3695 4195; baseline 0.008 -28"><span class='ocrx_word' id='word_1_816' title='bbox 2117 4113 2171 4167; x_wconf 92' lang='lat' dir='ltr'><strong>Si</strong></span> <span class='ocrx_word' id='word_1_817' title='bbox 2198 4127 2329 4183; x_wconf 82' lang='lat' dir='ltr'><strong>ergo</strong></span> <span class='ocrx_word' id='word_1_818' title='bbox 2359 4115 2836 4194; x_wconf 9' lang='lat' dir='ltr'><strong>injtlriamvfeceris</strong></span> <span class='ocrx_word' id='word_1_819' title='bbox 2859 4157 2875 4182; x_wconf 91' lang='lat'><strong>,</strong></span> <span class='ocrx_word' id='word_1_820' title='bbox 2910 4119 3082 4186; x_wconf 88' lang='lat' dir='ltr'><strong>palam</strong></span> <span class='ocrx_word' id='word_1_821' title='bbox 3115 4128 3198 4174; x_wconf 89' lang='lat' dir='ltr'><strong>est</strong></span> <span class='ocrx_word' id='word_1_822' title='bbox 3227 4128 3283 4174; x_wconf 90' lang='lat' dir='ltr'><strong>te</strong></span> <span class='ocrx_word' id='word_1_823' title='bbox 3323 4137 3428 4176; x_wconf 90' lang='lat' dir='ltr'><strong>non</strong></span> <span class='ocrx_word' id='word_1_824' title='bbox 3469 4138 3588 4179; x_wconf 90' lang='lat' dir='ltr'><strong>esse</strong></span> <span class='ocrx_word' id='word_1_825' title='bbox 3608 4125 3695 4195; x_wconf 85' lang='lat' dir='ltr'><strong>ju-</strong></span> 
     </span>
    </p>
   </div>
   <div class='ocr_carea' id='block_1_104' title="bbox 2116 4205 3692 4284">
    <p class='ocr_par' dir='ltr' id='par_1_104' title="bbox 2116 4205 3692 4284">
     <span class='ocr_line' id='line_1_104' title="bbox 2116 4205 3692 4284; baseline 0.008 -27"><span class='ocrx_word' id='word_1_826' title='bbox 2116 4213 2292 4268; x_wconf 89' lang='lat' dir='ltr'><strong>stum;</strong></span> <span class='ocrx_word' id='word_1_827' title='bbox 2339 4205 2382 4258; x_wconf 88' lang='lat' dir='ltr'><strong>si</strong></span> <span class='ocrx_word' id='word_1_828' title='bbox 2428 4216 2604 4260; x_wconf 89' lang='lat' dir='ltr'><strong>autem</strong></span> <span class='ocrx_word' id='word_1_829' title='bbox 2644 4207 2834 4276; x_wconf 87' lang='lat' dir='ltr'><strong>injuria</strong></span> <span class='ocrx_word' id='word_1_830' title='bbox 2865 4207 3114 4264; x_wconf 84' lang='lat' dir='ltr'><strong>afficiaris</strong></span> <span class='ocrx_word' id='word_1_831' title='bbox 3141 4220 3191 4264; x_wconf 93' lang='lat' dir='ltr'><strong>et</strong></span> <span class='ocrx_word' id='word_1_832' title='bbox 3217 4208 3357 4265; x_wconf 85' lang='lat' dir='ltr'><strong>feras</strong></span> <span class='ocrx_word' id='word_1_833' title='bbox 3388 4213 3407 4284; x_wconf 92' lang='lat'>(</span> <span class='ocrx_word' id='word_1_834' title='bbox 3425 4212 3526 4268; x_wconf 88' lang='lat' dir='ltr'><strong>hoc</strong></span> <span class='ocrx_word' id='word_1_835' title='bbox 3548 4215 3692 4270; x_wconf 89' lang='lat' dir='ltr'><strong>enim</strong></span> 
     </span>
    </p>
   </div>
   <div class='ocr_carea' id='block_1_105' title="bbox 2116 4298 3685 4375">
    <p class='ocr_par' dir='ltr' id='par_1_105' title="bbox 2116 4298 3685 4375">
     <span class='ocr_line' id='line_1_105' title="bbox 2116 4298 3685 4375; baseline 0.008 -26"><span class='ocrx_word' id='word_1_836' title='bbox 2116 4298 2349 4352; x_wconf 77' lang='lat' dir='ltr'><strong>maxime</strong></span> <span class='ocrx_word' id='word_1_837' title='bbox 2374 4299 2503 4366; x_wconf 89' lang='lat' dir='ltr'><strong>justi</strong></span> <span class='ocrx_word' id='word_1_838' title='bbox 2527 4309 2610 4353; x_wconf 86' lang='lat' dir='ltr'><strong>est</strong></span> <span class='ocrx_word' id='word_1_839' title='bbox 2631 4300 2650 4370; x_wconf 95' lang='lat'><strong>)</strong></span> <span class='ocrx_word' id='word_1_840' title='bbox 2669 4340 2682 4362; x_wconf 93' lang='lat'><strong>,</strong></span> <span class='ocrx_word' id='word_1_841' title='bbox 2709 4314 2816 4352; x_wconf 91' lang='lat' dir='ltr'><strong>non</strong></span> <span class='ocrx_word' id='word_1_842' title='bbox 2851 4314 2983 4369; x_wconf 89' lang='lat' dir='ltr'><strong>opus</strong></span> <span class='ocrx_word' id='word_1_843' title='bbox 3012 4300 3175 4355; x_wconf 85' lang='lat' dir='ltr'><strong>habes</strong></span> <span class='ocrx_word' id='word_1_844' title='bbox 3201 4305 3437 4358; x_wconf 76' lang='lat' dir='ltr'><strong>externis</strong></span> <span class='ocrx_word' id='word_1_845' title='bbox 3464 4307 3685 4375; x_wconf 86' lang='lat' dir='ltr'><strong>legibus.</strong></span> 
     </span>
    </p>
   </div>
   <div class='ocr_carea' id='block_1_106' title="bbox 2117 4391 3692 4463">
    <p class='ocr_par' dir='ltr' id='par_1_106' title="bbox 2117 4391 3692 4463">
     <span class='ocr_line' id='line_1_106' title="bbox 2117 4391 3692 4463; baseline 0.004 -17"><span class='ocrx_word' id='word_1_846' title='bbox 2117 4391 2182 4446; x_wconf 87' lang='lat' dir='ltr'><strong>Et</strong></span> <span class='ocrx_word' id='word_1_847' title='bbox 2207 4391 2494 4461; x_wconf 91' lang='lat' dir='ltr'><strong>quomodo,</strong></span> <span class='ocrx_word' id='word_1_848' title='bbox 2516 4392 2744 4460; x_wconf 81' lang='lat' dir='ltr'><strong>inquies,</strong></span> <span class='ocrx_word' id='word_1_849' title='bbox 2772 4391 2959 4458; x_wconf 89' lang='lat' dir='ltr'><strong>injuria</strong></span> <span class='ocrx_word' id='word_1_850' title='bbox 2984 4391 3142 4445; x_wconf 64' lang='lat' dir='ltr'><strong>laesus</strong></span> <span class='ocrx_word' id='word_1_851' title='bbox 3172 4391 3311 4448; x_wconf 89' lang='lat' dir='ltr'><strong>ferre</strong></span> <span class='ocrx_word' id='word_1_852' title='bbox 3341 4397 3567 4463; x_wconf 84' lang='lat' dir='ltr'><strong>potero?</strong></span> <span class='ocrx_word' id='word_1_853' title='bbox 3593 4399 3692 4452; x_wconf 80' lang='lat' dir='ltr'><strong>At-</strong></span> 
     </span>
    </p>
   </div>
   <div class='ocr_carea' id='block_1_107' title="bbox 2115 4481 3692 4554">
    <p class='ocr_par' dir='ltr' id='par_1_107' title="bbox 2115 4481 3692 4554">
     <span class='ocr_line' id='line_1_107' title="bbox 2115 4481 3692 4554; baseline 0.006 -21"><span class='ocrx_word' id='word_1_854' title='bbox 2115 4484 2203 4554; x_wconf 85' lang='lat' dir='ltr'><strong>qui</strong></span> <span class='ocrx_word' id='word_1_855' title='bbox 2244 4481 2491 4537; x_wconf 89' lang='lat' dir='ltr'><strong>Christus</strong></span> <span class='ocrx_word' id='word_1_856' title='bbox 2538 4482 2737 4551; x_wconf 87' lang='lat' dir='ltr'><strong>aliquid</strong></span> <span class='ocrx_word' id='word_1_857' title='bbox 2777 4483 2936 4537; x_wconf 84' lang='lat' dir='ltr'><strong>etiam</strong></span> <span class='ocrx_word' id='word_1_858' title='bbox 2988 4483 3215 4551; x_wconf 90' lang='lat' dir='ltr'><strong>amplius</strong></span> <span class='ocrx_word' id='word_1_859' title='bbox 3265 4485 3536 4554; x_wconf 65' lang='lat' dir='ltr'><strong>princepit.</strong></span> <span class='ocrx_word' id='word_1_860' title='bbox 3573 4485 3692 4544; x_wconf 85' lang='lat' dir='ltr'><strong>Non</strong></span> 
     </span>
    </p>
   </div>
   <div class='ocr_carea' id='block_1_108' title="bbox 2113 4577 3692 4647">
    <p class='ocr_par' dir='ltr' id='par_1_108' title="bbox 2113 4577 3692 4647">
     <span class='ocr_line' id='line_1_108' title="bbox 2113 4577 3692 4647; baseline 0.006 -18"><span class='ocrx_word' id='word_1_861' title='bbox 2113 4578 2274 4630; x_wconf 89' lang='lat' dir='ltr'><strong>modo</strong></span> <span class='ocrx_word' id='word_1_862' title='bbox 2310 4578 2452 4632; x_wconf 87' lang='lat' dir='ltr'><strong>enim</strong></span> <span class='ocrx_word' id='word_1_863' title='bbox 2500 4577 2688 4646; x_wconf 90' lang='lat' dir='ltr'><strong>injuria</strong></span> <span class='ocrx_word' id='word_1_864' title='bbox 2743 4579 2926 4632; x_wconf 84' lang='lat' dir='ltr'><strong>hesum</strong></span> <span class='ocrx_word' id='word_1_865' title='bbox 2977 4578 3116 4633; x_wconf 89' lang='lat' dir='ltr'><strong>ferre</strong></span> <span class='ocrx_word' id='word_1_866' title='bbox 3143 4579 3342 4647; x_wconf 84' lang='lat' dir='ltr'><strong>jussit,</strong></span> <span class='ocrx_word' id='word_1_867' title='bbox 3385 4581 3477 4635; x_wconf 88' lang='lat' dir='ltr'><strong>sed</strong></span> <span class='ocrx_word' id='word_1_868' title='bbox 3529 4583 3692 4639; x_wconf 86' lang='lat' dir='ltr'><strong>etiam</strong></span> 
     </span>
    </p>
   </div>
   <div class='ocr_carea' id='block_1_109' title="bbox 2112 4667 3692 4740">
    <p class='ocr_par' dir='ltr' id='par_1_109' title="bbox 2112 4667 3692 4740">
     <span class='ocr_line' id='line_1_109' title="bbox 2112 4667 3692 4740; baseline 0.004 -18"><span class='ocrx_word' id='word_1_869' title='bbox 2112 4667 2312 4722; x_wconf 81' lang='lat' dir='ltr'><strong>aﬂ‘atim</strong></span> <span class='ocrx_word' id='word_1_870' title='bbox 2338 4683 2560 4738; x_wconf 77' lang='lat' dir='ltr'><strong>erogare</strong></span> <span class='ocrx_word' id='word_1_871' title='bbox 2583 4669 2632 4722; x_wconf 90' lang='lat' dir='ltr'><strong>ei</strong></span> <span class='ocrx_word' id='word_1_872' title='bbox 2659 4670 2746 4739; x_wconf 91' lang='lat' dir='ltr'><strong>qui</strong></span> <span class='ocrx_word' id='word_1_873' title='bbox 2771 4669 2893 4723; x_wconf 87' lang='lat' dir='ltr'><strong>facit</strong></span> <span class='ocrx_word' id='word_1_874' title='bbox 2921 4669 3191 4737; x_wconf 73' lang='lat' dir='ltr'><strong>iniuriam,</strong></span> <span class='ocrx_word' id='word_1_875' title='bbox 3215 4679 3268 4723; x_wconf 90' lang='lat' dir='ltr'><strong>et</strong></span> <span class='ocrx_word' id='word_1_876' title='bbox 3298 4669 3532 4740; x_wconf 89' lang='lat' dir='ltr'><strong>patiendi</strong></span> <span class='ocrx_word' id='word_1_877' title='bbox 3556 4671 3692 4728; x_wconf 70' lang='grc' dir='ltr'><strong>επε-</strong></span> 
     </span>
    </p>
   </div>
   <div class='ocr_carea' id='block_1_110' title="bbox 2113 4747 3727 4831">
    <p class='ocr_par' dir='ltr' id='par_1_110' title="bbox 2113 4747 3727 4831">
     <span class='ocr_line' id='line_1_110' title="bbox 2113 4747 3727 4831; baseline 0.003 -16"><span class='ocrx_word' id='word_1_878' title='bbox 2113 4770 2201 4815; x_wconf 90' lang='lat' dir='ltr'><strong>ctu</strong></span> <span class='ocrx_word' id='word_1_879' title='bbox 2231 4771 2286 4816; x_wconf 88' lang='lat' dir='ltr'><strong>et</strong></span> <span class='ocrx_word' id='word_1_880' title='bbox 2321 4763 2503 4816; x_wconf 90' lang='lat' dir='ltr'><strong>animo</strong></span> <span class='ocrx_word' id='word_1_881' title='bbox 2530 4777 2786 4830; x_wconf 88' lang='lat' dir='ltr'><strong>superare</strong></span> <span class='ocrx_word' id='word_1_882' title='bbox 2826 4762 3173 4831; x_wconf 84' lang='lat' dir='ltr'><strong>cupiditatem</strong></span> <span class='ocrx_word' id='word_1_883' title='bbox 3215 4763 3353 4816; x_wconf 88' lang='lat' dir='ltr'><strong>mala</strong></span> <span class='ocrx_word' id='word_1_884' title='bbox 3384 4761 3688 4822; x_wconf 87' lang='lat' dir='ltr'><strong>inferentis.</strong></span> <span class='ocrx_word' id='word_1_885' title='bbox 3723 4747 3727 4797; x_wconf 57' lang='grc' dir='ltr'>ἶ</span> 
     </span>
    </p>
   </div>
   <div class='ocr_carea' id='block_1_111' title="bbox 2112 4852 3690 4925">
    <p class='ocr_par' dir='ltr' id='par_1_111' title="bbox 2112 4852 3690 4925">
     <span class='ocr_line' id='line_1_111' title="bbox 2112 4852 3690 4925; baseline 0.003 -17"><span class='ocrx_word' id='word_1_886' title='bbox 2112 4852 2227 4908; x_wconf 84' lang='lat' dir='ltr'><strong>Non</strong></span> <span class='ocrx_word' id='word_1_887' title='bbox 2251 4855 2393 4909; x_wconf 90' lang='lat' dir='ltr'><strong>enim</strong></span> <span class='ocrx_word' id='word_1_888' title='bbox 2415 4854 2571 4920; x_wconf 78' lang='lat' dir='ltr'><strong>dixit,</strong></span> <span class='ocrx_word' id='word_1_889' title='bbox 2606 4855 2665 4909; x_wconf 88' lang='lat' dir='ltr'><strong>Ei</strong></span> <span class='ocrx_word' id='word_1_890' title='bbox 2688 4854 2780 4925; x_wconf 90' lang='lat' dir='ltr'><strong>qui</strong></span> <span class='ocrx_word' id='word_1_891' title='bbox 2798 4855 2924 4910; x_wconf 80' lang='lat' dir='ltr'><strong>velit</strong></span> <span class='ocrx_word' id='word_1_892' title='bbox 2952 4863 3125 4909; x_wconf 90' lang='lat' dir='ltr'><strong>tecum</strong></span> <span class='ocrx_word' id='word_1_893' title='bbox 3158 4855 3208 4909; x_wconf 92' lang='lat' dir='ltr'><strong>in</strong></span> <span class='ocrx_word' id='word_1_894' title='bbox 3231 4854 3433 4924; x_wconf 91' lang='lat' dir='ltr'><strong>judicio</strong></span> <span class='ocrx_word' id='word_1_895' title='bbox 3461 4869 3690 4912; x_wconf 85' lang='lat' dir='ltr'><strong>conten-</strong></span> 
     </span>
    </p>
   </div>
   <div class='ocr_carea' id='block_1_112' title="bbox 2112 4945 3692 5015">
    <p class='ocr_par' dir='ltr' id='par_1_112' title="bbox 2112 4945 3692 5015">
     <span class='ocr_line' id='line_1_112' title="bbox 2112 4945 3692 5015; baseline 0.002 -15"><span class='ocrx_word' id='word_1_896' title='bbox 2112 4945 2241 5002; x_wconf 87' lang='lat' dir='ltr'><strong>dere</strong></span> <span class='ocrx_word' id='word_1_897' title='bbox 2264 4957 2318 5002; x_wconf 91' lang='lat' dir='ltr'><strong>et</strong></span> <span class='ocrx_word' id='word_1_898' title='bbox 2342 4947 2573 5001; x_wconf 90' lang='lat' dir='ltr'><strong>tunicam</strong></span> <span class='ocrx_word' id='word_1_899' title='bbox 2604 4956 2746 5002; x_wconf 91' lang='lat' dir='ltr'><strong>tuam</strong></span> <span class='ocrx_word' id='word_1_900' title='bbox 2778 4946 2988 5003; x_wconf 87' lang='lat' dir='ltr'><strong>auferre</strong></span> <span class='ocrx_word' id='word_1_901' title='bbox 3009 4989 3024 5013; x_wconf 92' lang='lat'><strong>,</strong></span> <span class='ocrx_word' id='word_1_902' title='bbox 3051 4947 3260 5003; x_wconf 88' lang='lat' dir='ltr'><strong>dimitte</strong></span> <span class='ocrx_word' id='word_1_903' title='bbox 3292 4947 3525 5004; x_wconf 88' lang='lat' dir='ltr'><strong>tunicam</strong></span> <span class='ocrx_word' id='word_1_904' title='bbox 3551 4966 3568 5015; x_wconf 91' lang='lat'><strong>;</strong></span> <span class='ocrx_word' id='word_1_905' title='bbox 3597 4948 3692 5006; x_wconf 86' lang='lat' dir='ltr'><strong>sed</strong></span> 
     </span>
    </p>
   </div>
   <div class='ocr_carea' id='block_1_113' title="bbox 2110 5037 3693 5110">
    <p class='ocr_par' dir='ltr' id='par_1_113' title="bbox 2110 5037 3693 5110">
     <span class='ocr_line' id='line_1_113' title="bbox 2110 5037 3693 5110; baseline 0 -17"><span class='ocrx_word' id='word_1_906' title='bbox 2110 5053 2230 5093; x_wconf 90' lang='lat' dir='ltr'><strong>cum</strong></span> <span class='ocrx_word' id='word_1_907' title='bbox 2264 5037 2350 5092; x_wconf 90' lang='lat' dir='ltr'><strong>illa</strong></span> <span class='ocrx_word' id='word_1_908' title='bbox 2390 5047 2445 5093; x_wconf 87' lang='lat' dir='ltr'><strong>et</strong></span> <span class='ocrx_word' id='word_1_909' title='bbox 2482 5038 2697 5108; x_wconf 89' lang='lat' dir='ltr'><strong>pallium</strong></span> <span class='ocrx_word' id='word_1_910' title='bbox 2725 5039 2871 5093; x_wconf 88' lang='lat' dir='ltr'><strong>dato.</strong></span> <span class='ocrx_word' id='word_1_911' title='bbox 2903 5037 3070 5093; x_wconf 81' lang='lat' dir='ltr'><strong>Vince</strong></span> <span class='ocrx_word' id='word_1_912' title='bbox 3097 5038 3244 5093; x_wconf 91' lang='lat' dir='ltr'><strong>illum</strong></span> <span class='ocrx_word' id='word_1_913' title='bbox 3266 5079 3282 5100; x_wconf 89' lang='lat'><strong>.</strong></span> <span class='ocrx_word' id='word_1_914' title='bbox 3311 5039 3520 5110; x_wconf 87' lang='lat' dir='ltr'><strong>inquit,</strong></span> <span class='ocrx_word' id='word_1_915' title='bbox 3554 5041 3693 5094; x_wconf 87' lang='lat' dir='ltr'><strong>male</strong></span> 
     </span>
    </p>
   </div>
   <div class='ocr_carea' id='block_1_114' title="bbox 2110 5130 3692 5199">
    <p class='ocr_par' dir='ltr' id='par_1_114' title="bbox 2110 5130 3692 5199">
     <span class='ocr_line' id='line_1_114' title="bbox 2110 5130 3692 5199; baseline 0.004 -18"><span class='ocrx_word' id='word_1_916' title='bbox 2110 5131 2359 5199; x_wconf 75' lang='lat' dir='ltr'><strong>patiendo</strong></span> <span class='ocrx_word' id='word_1_917' title='bbox 2382 5173 2396 5194; x_wconf 90' lang='lat'><strong>,</strong></span> <span class='ocrx_word' id='word_1_918' title='bbox 2429 5145 2534 5184; x_wconf 93' lang='lat' dir='ltr'><strong>non</strong></span> <span class='ocrx_word' id='word_1_919' title='bbox 2576 5132 2714 5185; x_wconf 90' lang='lat' dir='ltr'><strong>male</strong></span> <span class='ocrx_word' id='word_1_920' title='bbox 2742 5130 2985 5186; x_wconf 82' lang='lat' dir='ltr'><strong>faciendo</strong></span> <span class='ocrx_word' id='word_1_921' title='bbox 3017 5149 3029 5186; x_wconf 94' lang='lat'><strong>:</strong></span> <span class='ocrx_word' id='word_1_922' title='bbox 3056 5130 3170 5187; x_wconf 64' lang='lat' dir='ltr'><strong>hare</strong></span> <span class='ocrx_word' id='word_1_923' title='bbox 3198 5141 3274 5186; x_wconf 90' lang='lat' dir='ltr'><strong>est</strong></span> <span class='ocrx_word' id='word_1_924' title='bbox 3301 5132 3444 5188; x_wconf 91' lang='lat' dir='ltr'><strong>enim</strong></span> <span class='ocrx_word' id='word_1_925' title='bbox 3468 5133 3614 5188; x_wconf 76' lang='lat' dir='ltr'><strong>clara</strong></span> <span class='ocrx_word' id='word_1_926' title='bbox 3635 5140 3692 5189; x_wconf 80' lang='lat' dir='ltr'><strong>et</strong></span> 
     </span>
    </p>
   </div>
   <div class='ocr_carea' id='block_1_115' title="bbox 2107 5225 3684 5296">
    <p class='ocr_par' dir='ltr' id='par_1_115' title="bbox 2107 5225 3684 5296">
     <span class='ocr_line' id='line_1_115' title="bbox 2107 5225 3684 5296; baseline 0.001 -18"><span class='ocrx_word' id='word_1_927' title='bbox 2107 5225 2388 5296; x_wconf 85' lang='lat' dir='ltr'><strong>splendida</strong></span> <span class='ocrx_word' id='word_1_928' title='bbox 2437 5225 2680 5280; x_wconf 88' lang='lat' dir='ltr'><strong>victoria.</strong></span> <span class='ocrx_word' id='word_1_929' title='bbox 2754 5225 2983 5294; x_wconf 88' lang='lat' dir='ltr'><strong>Ideoque</strong></span> <span class='ocrx_word' id='word_1_930' title='bbox 3034 5238 3216 5294; x_wconf 83' lang='lat' dir='ltr'><strong>postea</strong></span> <span class='ocrx_word' id='word_1_931' title='bbox 3265 5225 3392 5281; x_wconf 91' lang='lat' dir='ltr'><strong>dicit</strong></span> <span class='ocrx_word' id='word_1_932' title='bbox 3445 5226 3684 5282; x_wconf 86' lang='lat' dir='ltr'><strong>Paulus:</strong></span> 
     </span>
    </p>
   </div>
   <div class='ocr_carea' id='block_1_116' title="bbox 2104 5316 3696 5387">
    <p class='ocr_par' dir='ltr' id='par_1_116' title="bbox 2104 5316 3696 5387">
     <span class='ocr_line' id='line_1_116' title="bbox 2104 5316 3696 5387; baseline 0.001 -17"><span class='ocrx_word' id='word_1_933' title='bbox 2104 5316 2226 5370; x_wconf 80' lang='lat' dir='ltr'><strong>Jam</strong></span> <span class='ocrx_word' id='word_1_934' title='bbox 2247 5318 2379 5370; x_wconf 88' lang='lat' dir='ltr'><strong>enim</strong></span> <span class='ocrx_word' id='word_1_935' title='bbox 2403 5317 2641 5370; x_wconf 82' lang='lat' dir='ltr'><strong>delictum</strong></span> <span class='ocrx_word' id='word_1_936' title='bbox 2669 5327 2739 5371; x_wconf 89' lang='lat' dir='ltr'><strong>cst</strong></span> <span class='ocrx_word' id='word_1_937' title='bbox 2762 5318 2898 5370; x_wconf 87' lang='lat' dir='ltr'><strong>vobis</strong></span> <span class='ocrx_word' id='word_1_938' title='bbox 2917 5359 2931 5382; x_wconf 94' lang='lat'><strong>,</strong></span> <span class='ocrx_word' id='word_1_939' title='bbox 2960 5318 3098 5386; x_wconf 85' lang='lat' dir='ltr'><strong>quod</strong></span> <span class='ocrx_word' id='word_1_940' title='bbox 3115 5317 3316 5387; x_wconf 77' lang='lat' dir='ltr'><strong>judicia</strong></span> <span class='ocrx_word' id='word_1_941' title='bbox 3339 5319 3530 5372; x_wconf 80' lang='lat' dir='ltr'><strong>habetis</strong></span> <span class='ocrx_word' id='word_1_942' title='bbox 3561 5320 3696 5372; x_wconf 80' lang='lat' dir='ltr'><strong>inter</strong></span> 
     </span>
    </p>
   </div>
   <div class='ocr_carea' id='block_1_117' title="bbox 2107 5407 3688 5479">
    <p class='ocr_par' dir='ltr' id='par_1_117' title="bbox 2107 5407 3688 5479">
     <span class='ocr_line' id='line_1_117' title="bbox 2107 5407 3688 5479; baseline -0.001 -17"><span class='ocrx_word' id='word_1_943' title='bbox 2107 5424 2192 5463; x_wconf 82' lang='lat' dir='ltr'><strong>vos</strong></span> <span class='ocrx_word' id='word_1_944' title='bbox 2222 5424 2241 5463; x_wconf 92' lang='lat'><strong><em>:</em></strong></span> <span class='ocrx_word' id='word_1_945' title='bbox 2260 5418 2307 5461; x_wconf 90' lang='lat' dir='ltr'><strong>et</strong></span> <span class='ocrx_word' id='word_1_946' title='bbox 2331 5425 2422 5462; x_wconf 88' lang='lat' dir='ltr'><strong>cur</strong></span> <span class='ocrx_word' id='word_1_947' title='bbox 2451 5424 2549 5461; x_wconf 88' lang='lat' dir='ltr'><strong>non</strong></span> <span class='ocrx_word' id='word_1_948' title='bbox 2578 5410 2745 5479; x_wconf 83' lang='lat' dir='ltr'><strong>potius</strong></span> <span class='ocrx_word' id='word_1_949' title='bbox 2783 5408 3029 5477; x_wconf 86' lang='lat' dir='ltr'><strong>injuriam</strong></span> <span class='ocrx_word' id='word_1_950' title='bbox 3055 5409 3286 5479; x_wconf 83' lang='lat' dir='ltr'><strong>accipitis</strong></span> <span class='ocrx_word' id='word_1_951' title='bbox 3303 5407 3330 5461; x_wconf 72' lang='lat'><em>7</em></span> <span class='ocrx_word' id='word_1_952' title='bbox 3365 5407 3516 5472; x_wconf 91' lang='lat' dir='ltr'><strong>Quod</strong></span> <span class='ocrx_word' id='word_1_953' title='bbox 3543 5408 3688 5461; x_wconf 90' lang='lat' dir='ltr'><strong>enim</strong></span> 
     </span>
    </p>
   </div>
   <div class='ocr_carea' id='block_1_118' title="bbox 2106 5497 3688 5570">
    <p class='ocr_par' dir='ltr' id='par_1_118' title="bbox 2106 5497 3688 5570">
     <span class='ocr_line' id='line_1_118' title="bbox 2106 5497 3688 5570; baseline -0.003 -16"><span class='ocrx_word' id='word_1_954' title='bbox 2106 5500 2151 5554; x_wconf 89' lang='lat' dir='ltr'><strong>is</strong></span> <span class='ocrx_word' id='word_1_955' title='bbox 2172 5501 2259 5569; x_wconf 88' lang='lat' dir='ltr'><strong>qui</strong></span> <span class='ocrx_word' id='word_1_956' title='bbox 2294 5498 2483 5570; x_wconf 85' lang='lat' dir='ltr'><strong>injuria</strong></span> <span class='ocrx_word' id='word_1_957' title='bbox 2508 5499 2760 5563; x_wconf 83' lang='lat' dir='ltr'><strong>afficitur,</strong></span> <span class='ocrx_word' id='word_1_958' title='bbox 2792 5500 2961 5568; x_wconf 89' lang='lat' dir='ltr'><strong>magis</strong></span> <span class='ocrx_word' id='word_1_959' title='bbox 3000 5499 3195 5562; x_wconf 86' lang='lat' dir='ltr'><strong>vincat,</strong></span> <span class='ocrx_word' id='word_1_960' title='bbox 3228 5513 3385 5568; x_wconf 89' lang='lat' dir='ltr'><strong>quam</strong></span> <span class='ocrx_word' id='word_1_961' title='bbox 3415 5498 3458 5551; x_wconf 88' lang='lat' dir='ltr'><strong>is</strong></span> <span class='ocrx_word' id='word_1_962' title='bbox 3487 5497 3576 5566; x_wconf 91' lang='lat' dir='ltr'><strong>qui</strong></span> <span class='ocrx_word' id='word_1_963' title='bbox 3609 5498 3688 5550; x_wconf 48' lang='lat' dir='ltr'><strong>ine</strong></span> 
     </span>
    </p>
   </div>
   <div class='ocr_carea' id='block_1_119' title="bbox 2099 5587 3691 5661">
    <p class='ocr_par' dir='ltr' id='par_1_119' title="bbox 2099 5587 3691 5661">
     <span class='ocr_line' id='line_1_119' title="bbox 2099 5587 3691 5661; baseline 0.004 -21"><span class='ocrx_word' id='word_1_964' title='bbox 2099 5589 2296 5659; x_wconf 80' lang='lat' dir='ltr'><strong>juriam</strong></span> <span class='ocrx_word' id='word_1_965' title='bbox 2325 5605 2430 5644; x_wconf 93' lang='lat' dir='ltr'><strong>non</strong></span> <span class='ocrx_word' id='word_1_966' title='bbox 2464 5589 2586 5657; x_wconf 91' lang='lat' dir='ltr'><strong>fert,</strong></span> <span class='ocrx_word' id='word_1_967' title='bbox 2614 5590 2717 5644; x_wconf 93' lang='lat' dir='ltr'><strong>hoc</strong></span> <span class='ocrx_word' id='word_1_968' title='bbox 2743 5589 2894 5644; x_wconf 83' lang='lat' dir='ltr'><strong>vobis</strong></span> <span class='ocrx_word' id='word_1_969' title='bbox 2917 5590 3090 5661; x_wconf 87' lang='lat' dir='ltr'><strong>palam</strong></span> <span class='ocrx_word' id='word_1_970' title='bbox 3112 5590 3316 5644; x_wconf 89' lang='lat' dir='ltr'><strong>faciam.</strong></span> <span class='ocrx_word' id='word_1_971' title='bbox 3353 5587 3575 5642; x_wconf 87' lang='lat' dir='ltr'><strong>Etiamsi</strong></span> <span class='ocrx_word' id='word_1_972' title='bbox 3597 5590 3691 5660; x_wconf 79' lang='lat' dir='ltr'><strong>qui</strong></span> 
     </span>
    </p>
   </div>
   <div class='ocr_carea' id='block_1_120' title="bbox 2103 5679 3686 5754">
    <p class='ocr_par' dir='ltr' id='par_1_120' title="bbox 2103 5679 3686 5754">
     <span class='ocr_line' id='line_1_120' title="bbox 2103 5679 3686 5754; baseline -0.001 -18"><span class='ocrx_word' id='word_1_973' title='bbox 2103 5680 2352 5753; x_wconf 87' lang='lat' dir='ltr'><strong>injuriam</strong></span> <span class='ocrx_word' id='word_1_974' title='bbox 2384 5699 2488 5737; x_wconf 90' lang='lat' dir='ltr'><strong>non</strong></span> <span class='ocrx_word' id='word_1_975' title='bbox 2522 5682 2623 5737; x_wconf 91' lang='lat' dir='ltr'><strong>fert</strong></span> <span class='ocrx_word' id='word_1_976' title='bbox 2649 5682 2701 5738; x_wconf 89' lang='lat' dir='ltr'><strong>in</strong></span> <span class='ocrx_word' id='word_1_977' title='bbox 2722 5682 2982 5754; x_wconf 89' lang='lat' dir='ltr'><strong>judicium</strong></span> <span class='ocrx_word' id='word_1_978' title='bbox 3004 5681 3245 5745; x_wconf 87' lang='lat' dir='ltr'><strong>traxerit,</strong></span> <span class='ocrx_word' id='word_1_979' title='bbox 3277 5679 3486 5737; x_wconf 88' lang='lat' dir='ltr'><strong>etiamsi</strong></span> <span class='ocrx_word' id='word_1_980' title='bbox 3519 5696 3686 5751; x_wconf 86' lang='lat' dir='ltr'><strong>supe-</strong></span> 
     </span>
    </p>
   </div>
   <div class='ocr_carea' id='block_1_121' title="bbox 2105 5773 3688 5844">
    <p class='ocr_par' dir='ltr' id='par_1_121' title="bbox 2105 5773 3688 5844">
     <span class='ocr_line' id='line_1_121' title="bbox 2105 5773 3688 5844; baseline -0.002 -13"><span class='ocrx_word' id='word_1_981' title='bbox 2105 5777 2256 5842; x_wconf 88' lang='lat' dir='ltr'><strong>rarit,</strong></span> <span class='ocrx_word' id='word_1_982' title='bbox 2317 5787 2439 5833; x_wconf 91' lang='lat' dir='ltr'><strong>tunc</strong></span> <span class='ocrx_word' id='word_1_983' title='bbox 2483 5778 2719 5832; x_wconf 75' lang='lat' dir='ltr'><strong>maxime</strong></span> <span class='ocrx_word' id='word_1_984' title='bbox 2764 5777 3010 5832; x_wconf 83' lang='lat' dir='ltr'><strong>vincitur.</strong></span> <span class='ocrx_word' id='word_1_985' title='bbox 3063 5773 3212 5842; x_wconf 88' lang='lat' dir='ltr'><strong>Quod</strong></span> <span class='ocrx_word' id='word_1_986' title='bbox 3257 5775 3400 5829; x_wconf 87' lang='lat' dir='ltr'><strong>enim</strong></span> <span class='ocrx_word' id='word_1_987' title='bbox 3452 5773 3688 5844; x_wconf 81' lang='lat' dir='ltr'><strong>nolebat,</strong></span> 
     </span>
    </p>
   </div>
  </div>
