4086 6214
317 336 413 392 155

308 455 866 526 κληρονομήσουσι.
943 457 1009 511 Τί
1084 456 1300 526 λέγεις;
1370 456 1499 527 περὶ
1561 451 1902 508 πλεονεκτῶν

311 538 716 608 διαλεγόμενος,
755 538 1011 593 τοσοῦτον
1042 539 1199 610 δχλον
1226 539 1510 611 ἐπήγαγες
1550 539 1684 609 ἡμῖν
1715 551 1899 609 παρα-

306 623 492 692 νόμων
514 620 856 692 ἀνθρώπων;
895 623 1025 687 Ναὶ,
1057 622 1222 693 φησίν
1245 640 1260 655 ·
1292 622 1407 677 ἀλλ’
1432 622 1494 675 ού
1534 620 1782 691 συγχέων
1808 618 1903 672 16v

310 703 470 772 λόγον
502 703 665 758 τοῦτο
705 705 867 769 ποιῶ,
907 704 1041 759 ἀλλά
1069 708 1165 759 καὶ
1193 705 1343 771 τάξει
1378 704 1528 778 [140]
1565 703 1896 776 προϐαίνων.

316 790 531 860 Ὠσπερ
561 787 672 858 γὰρ
699 788 831 860 περὶ
863 787 973 841 τῶν
1008 788 1224 859 πόρνων
1258 789 1663 859 διαλεγόμενος,
1694 787 1900 858 μέμνηο

316 888 404 925 ται
441 871 668 924 πάντων
692 870 854 941 ὁμοῦ,
898 869 1040 924 οὕτω
1074 871 1238 924 πάλιν
1270 871 1364 924 τοῦ
1401 870 1719 924 πλεονέκτου
1762 885 1899 938 μνη-

319 956 484 1017 σθεὶς,
518 953 732 1016 πάντας
780 955 860 1016 είς
918 952 1081 1024 μέσον
1133 954 1278 1021 άγει,
1319 954 1455 1024 πρὸς
1486 954 1611 1018 τοὺς
1646 952 1901 1021 ἐλέγχους

317 1034 619 1100 συνεθίζων
669 1035 796 1098 τοὺς
838 1036 907 1089 τά
948 1035 1174 1090 τοιαῦτα
1214 1037 1522 1097 συνειδότας
1550 1037 1779 1098 ἑαυτοῖς.
1828 1033 1903 1086 T6

315 1120 424 1188 γὰρ
480 1119 543 1170 ὲν
581 1119 703 1180 ταῖς
738 1117 846 1171 τῶν
878 1118 1080 1189 ἐτέρων
1117 1120 1361 1189 μνήμαις
1402 1120 1640 1190 συνεχῶς
1685 1116 1902 1172 ἀκούειν

310 1203 413 1273 τὴν
448 1200 712 1271 κειμένην
732 1200 956 1254 κόλασιν
975 1202 1180 1265 αὐτοῖς,
1214 1202 1615 1272 εύπαράδεκτον
1641 1202 1789 1254 ποιεῖ
1812 1199 1903 1252 τὸν

310 1286 558 1356 έλεγχον,
608 1283 829 1338 ἐπειδὰν
873 1286 986 1347 τοῖς
1024 1285 1247 1348 οἰκείοις
1282 1286 1463 1359 αὑτῶν
1509 1284 1904 1356 ἀμαρτήμασιν

308 1365 713 1435 έπαποδύηται.
772 1365 911 1420 Οὐδὲ
964 1367 1075 1439 γάρ
1112 1368 1188 1432 ὡς
1232 1366 1490 1431 συνειδὼς
1540 1366 1777 1422 ἐνταῦθα
1812 1365 1905 1418 αύ-

309 1455 425 1513 τοῖς
454 1450 649 1516 ταῦτα,
686 1450 806 1505 οὐδὲ
831 1451 907 1515 ὠς
929 1452 1166 1523 ἐλέγχων
1199 1456 1435 1507 ποιεῖται
1472 1452 1572 1524 τὴν
1596 1451 1844 1522 ἀπειλήν·
1874 1449 1904 1503 δ

313 1534 556 1606 μάλιστα
584 1535 680 1589 καὶ
702 1534 889 1589 ἱκανόν
913 1536 1029 1590 ἐστι
1052 1539 1348 1607 κατασχεῖν
1373 1535 1467 1589 τὸν
1488 1534 1786 1606 ἀκροατήν,
1810 1532 1905 1587 καὶ

313 1622 390 1693 μὴ
412 1622 635 1691 ἀφεῖναι
668 1619 1041 1690 ἀποπηδῆσαι,
1067 1620 1196 1674 ὅταν
1223 1620 1299 1692 μὴ
1332 1620 1469 1691 πρὸς
1493 1618 1655 1672 αὑτὸν
1680 1621 1710 1673 6
1745 1618 1905 1687 λόγος

310 1703 690 1775 ἀποτείνηται,
715 1702 829 1757 ἀλλ’
852 1702 1177 1775 ἀδιορίστως
1197 1702 1512 1773 λεγόμενος,
1535 1701 1904 1766 λανθανόντως

310 1785 477 1841 αὑτοῦ
509 1786 723 1858 πλήττῃ
758 1786 821 1840 16
850 1787 1108 1852 συνειδὸς.
1138 1787 1237 1857 Μὴ
1265 1786 1600 1844 πλανᾶσθε.
1642 1784 1906 1840 Ἐνταῦθα

310 1869 615 1924 αἰνίττεται
642 1886 793 1934 τινας
826 1869 1107 1938 λέγοντας,
1143 1871 1283 1943 ὅπερ
1322 1871 1419 1924 καὶ
1444 1868 1541 1924 νῦν
1570 1868 1821 1939 λέγουσιν
1855 1871 1905 1925 οί

312 1953 520 2016 πολλοὶ,
563 1955 647 2007 ὅτι
678 1953 1066 2026 Φιλάνθρωπος
1098 1953 1175 2008 ὢν
1208 1956 1237 2008 6
1254 1954 1389 2018 Θεὸς
1419 1955 1514 2008 καὶ
1543 1953 1769 2023 ἀγαθὸς,
1806 1954 1907 2008 οὐκ

311 2036 674 2107 ἐπεξέρχεται
697 2039 812 2100 τοῖς
843 2036 1310 2108 πλημμελήμασι·
1350 2037 1425 2109 μὴ
1455 2036 1520 2107 δὴ
1553 2036 1902 2109 φοϐηθῶμεν·

309 2119 504 2174 οὐδένα
537 2119 648 2191 γὰρ
697 2119 785 2171 ἐπ’
829 2119 1009 2173 οὐδενὶ
1051 2119 1209 2191 δίκην
1257 2114 1553 2191 ἀπαιτήσει
1607 2120 1760 2174 ποτέ.
1796 2118 1908 2174 Kal

309 2201 520 2255 τούτων
564 2202 750 2255 ἕνεκέν
787 2218 975 2272 φησιν·
1025 2201 1124 2271 Μὴ
1167 2201 1504 2258 πλανᾶσθε.
1538 2202 1756 2273 Πλάνης
1797 2201 1909 2275 γάρ

310 2287 463 2338 ἐστιν
518 2286 757 2356 ἐσχάτης
812 2286 909 2338 καὶ
940 2286 1179 2356 ἀπάτης,
1214 2284 1517 2340 ἐλπίσαντα
1555 2285 1771 2358 χρηστά
1799 2285 1907 2339 τῶν

309 2368 574 2421 ἐναντίων
595 2370 894 2439 ἐπιτυχεῖν,
918 2369 1014 2422 καὶ
1037 2366 1211 2422 ταῦτα
1237 2369 1367 2439 περὶ
1394 2368 1531 2422 Θεοῦ
1556 2366 1905 2432 ὑποπτεύειν,

312 2451 349 2505 ἀ
393 2451 538 2523 μηδὲ
585 2452 717 2521 περὶ
762 2450 1054 2524 ἀνθρώπου
1107 2469 1191 2516 τις
1226 2452 1519 2524 ἐννοήσειε.
1564 2452 1657 2505 Διό
1689 2469 1853 2522 φησιν
1880 2452 1910 2504 6

313 2536 606 2608 προφήτης
637 2537 702 2588 ἐκ
732 2534 1028 2608 προσώπου
1053 2535 1244 2589 αὑτοῦ·
1280 2534 1611 2601 ’Υπέλαϐες
1629 2535 1905 2605 ἀνομίαν,

312 2620 403 2674 ὅτι
427 2620 653 2689 ἔσομαί
682 2634 783 2674 σοι
802 2618 1025 2689 ὅμοιος·
1051 2616 1280 2688 ἐλέγξω
1311 2634 1385 2671 σε
1407 2616 1506 2671 καί
1538 2617 1910 2686 παραστήσω

313 2704 465 2759 κατὰ
484 2705 815 2773 πρόσωπόν
847 2717 967 2757 σου
997 2702 1104 2768 τὰς
1126 2701 1382 2771 ἀνομίας
1406 2717 1543 2756 σου·
1571 2702 1666 2756 καὶ
1698 2703 1727 2755 6
1760 2701 1910 2756 Παῦ-

315 2792 408 2851 λος
441 2784 705 2852 ἐνταῦθα,
736 2787 834 2855 Μὴ
860 2783 1176 2840 πλανᾶσθε
1198 2801 1215 2817 ·
1243 2785 1384 2839 οὔτε
1422 2785 1632 2853 πόρνοι
1665 2783 1779 2854 (τὸν
1805 2784 1907 2856 ἤδη

314 2869 791 2924 καταδικασθέντα
824 2869 1044 2940 πρῶτον
1068 2867 1328 2939 τίθησιν),
1356 2869 1496 2923 οὔτε
1514 2867 1738 2938 μοιχοί,
1772 2869 1911 2922 οὔτε

311 2954 603 3025 μαλακοί,
634 2953 773 3009 οὔτε
804 2952 1084 3024 μέθυσοι,
1116 2952 1258 3008 οὔτε
1284 2951 1549 3022 λοίδοροι
1579 2952 1912 3017 ,Βασιλείαν

319 3038 469 3094 Θεοῦ
502 3036 1058 3107 κληρονομήσουσι.

389 3220 588 3276 Πολλοὶ
625 3219 816 3275 τούτου
849 3218 1179 3274 ἐπελάϐοντο
1211 3217 1308 3274 τοῦ
1335 3220 1559 3292 χωρίου,
1594 3219 1672 3283 ὼς
1708 3219 1916 3289 σφόδρα

317 3306 575 3379 τραχέος,
608 3305 663 3357 εί
706 3298 772 3373 γε
808 3303 901 3357 τὸν
942 3302 1176 3374 μέθυσον
1206 3303 1303 3356 καὶ
1341 3303 1583 3375 λοίδορον
1634 3302 1775 3374 μετά
1820 3302 1915 3355 τοῦ

320 3388 517 3461 μοιχοῦ
550 3390 646 3443 xal
668 3386 764 3442 τοῦ
791 3386 1150 3461 ἡταιρηκότος
1184 3385 1281 3440 καὶ
1300 3385 1397 3440 τοῦ
1421 3386 1801 3457 ἀρσενοκοίτου
1835 3385 1916 3438 τί-

320 3474 471 3544 θησι·
508 3470 689 3526 καίτοι
737 3487 802 3540 γε
826 3471 925 3524 οὐκ
957 3470 1047 3524 ίσα
1073 3469 1142 3524 τὰ
1171 3470 1518 3542 ἐγκλήματα,
1553 3469 1672 3534 πῶς
1716 3466 1811 3522 οὖν
1846 3466 1918 3522 τά
1991 3477 1994 3480 ’

318 3556 422 3626 τῆς
442 3555 723 3618 κολάσεως
758 3554 882 3619 ίσα;
905 3553 971 3606 Τί
997 3547 1090 3607 οῦν
1116 3551 1386 3625 ἐροῦμεν;
1414 3553 1536 3607 Ὅτι
1561 3552 1794 3624 μάλιστα
1816 3553 1917 3625 μὲν

318 3635 415 3693 οὖν
430 3639 495 3693 οὑ
528 3638 730 3710 μικρὸν
749 3637 812 3691 16
834 3636 935 3707 τῆς
964 3635 1137 3708 μέθης
1160 3635 1336 3690 καὶτὸ
1359 3636 1457 3707 τῆς
1485 3635 1771 3707 λοιδορίας,
1796 3636 1918 3689 ἐπεὶ

321 3723 418 3776 καὶ
446 3724 477 3778 6
499 3721 740 3793 Χριστὸς
778 3719 868 3773 τὸν
897 3719 1080 3791 μωρὸν
1116 3717 1427 3773 καλέσαντα
1466 3718 1556 3773 16v
1585 3719 1816 3789 ἀδελφὺν
1849 3720 1915 3790 τῇ

321 3807 520 3877 γεέννῃ
589 3802 896 3875 παρέδωκε.
954 3801 1220 3865 Πολλάκις
1272 3800 1382 3873 γάρ
1436 3801 1683 3856 ἐντεῦθεν
1718 3801 1915 3873 ἐτέχθη

324 3890 579 3953 θάνατος·
612 3888 709 3942 καὶ
735 3889 765 3941 6
793 3887 904 3941 τῶν
925 3886 1198 3941 Ἰουδαίων
1228 3886 1285 3940 δὲ
1307 3887 1480 3959 δῆμος
1506 3886 1578 3941 τὰ
1599 3887 1917 3958 χαλεπώτα-

318 3993 396 4031 τα
424 3976 495 4029 ἐκ
530 3974 630 4044 τῆς
656 3971 830 4044 μέθης
862 3970 1170 4043 ἐξήμαρτεν
1228 3972 1605 4043 ἁμαρτήματα
1628 3988 1643 4001 ·
1699 3970 1914 4038 ἔπειτα,

320 4060 409 4114 611
434 4059 501 4113 οὐ
524 4058 652 4129 περὶ¹
674 4056 951 4118 κολάσεως
995 4056 1025 4109 6
1054 4055 1213 4123 λόγος
1258 4054 1409 4125 αύτῷ
1437 4054 1595 4120 τέως,
1626 4053 1760 4109 ἀλλά
1787 4056 1919 4128 περὶ

320 4144 661 4208 ἐκπτώσεως
696 4144 995 4216 βασιλείας.
1026 4143 1140 4214 Τῆς
1163 4143 1262 4214 μὲν
1283 4138 1378 4198 οῦν
1410 4142 1696 4212 βασιλείας
1715 4143 1918 4214 ὁμοίως

320 4230 426 4286 καὶ
464 4220 622 4292 οὗτος
654 4230 750 4282 καὶ
779 4230 987 4291 ἐκεῖνος
1018 4228 1399 4281 ἐκπίπτουσιν·
1434 4227 1484 4280 εί
1518 4225 1577 4281 δέ
1603 4244 1726 4281 τινα
1762 4230 1822 4282 έν
1847 4231 1915 4300 τῇ

322 4315 524 4385 γεέννῃ
548 4312 814 4384 διαφορὰν
836 4311 1068 4378 ἕξουσιν,
1093 4312 1154 4365 ού
1182 4311 1278 4366 τοῦ
1301 4310 1568 4381 παρόντος
1595 4312 1789 4384 καιροῦ
1821 4312 1920 4383 ζη-

324 4402 458 4453 τεῖν·
501 4396 565 4451 ού
608 4396 719 4467 γάρ
752 4398 882 4469 περὶ
928 4396 1119 4450 τούτου
1167 4398 1452 4467 πρόκειται
1501 4395 1597 4452 νῦν
1617 4398 1773 4468 ἡμῖν.
1806 4398 1919 4453 Kal

324 4481 519 4539 ταῦτὰ
565 4498 730 4548 τινες
754 4478 889 4552 ἦτε·
921 4482 1060 4536 ἀλλ’
1090 4481 1544 4544 ἀπελούσασθε.
1578 4480 1719 4536 ἀλλ’
1746 4480 1918 4552 ἡγιά-

323 4571 538 4637 σθητε.
590 4565 807 4637 Σφόδρα
859 4565 1225 4637 ἐντρεπτικῶς
1280 4566 1531 4636 ἐπήγαγε
1563 4564 1758 4634 λέγων·
1801 4566 1919 4618 Ἐν-

327 4654 561 4724 νοήσατε
586 4650 796 4721 ἡλίκων
835 4648 978 4719 ὑμᾶς
1009 4646 1247 4714 ἐξείλετο
1296 4647 1482 4703 κακῶν
1530 4650 1559 4702 6
1601 4648 1755 4712 Θεὸς,
1787 4648 1920 4719 ὅσην

330 4736 460 4806 ὑμῖν
490 4730 910 4803 φιλανθρωπίας
937 4731 1244 4803 παρέσχετο
1268 4732 1464 4802 πεῖραν
1500 4731 1596 4784 καὶ
1623 4729 1916 4796 ἀπόδειξιν·

332 4821 425 4873 καὶ
450 4818 576 4871 οὑδὲ
615 4815 778 4886 μέχρι
814 4814 911 4884 τῆς
934 4814 1255 4885 ἀπαλλαγῆς
1278 4813 1378 4886 τὴν
1410 4814 1680 4869 ἀντίδοσιν
1700 4813 1919 4879 ἔδωκεν,

332 4900 449 4956 ἀλλ’
479 4900 575 4954 ἐπὶ
608 4899 743 4952 πολὺ
793 4897 893 4967 τὴν
947 4898 1266 4968 εὐεργεσίαν
1322 4897 1627 4968 προήγαγε·
1675 4899 1768 4950 καὶ
1813 4898 1922 4968 γὰρ

336 4984 582 5055 καθαρὸν
624 4982 900 5053 ἐποίησεν.
925 4977 1051 5053 ⁷Αρ’
1080 4978 1175 5035 οὖν
1210 4981 1368 5034 τοῦτο
1399 4980 1599 5051 μόνον;
1635 4981 1919 5050 Οὐδαμῶς,

335 5068 475 5122 ἀλλά
505 5066 605 5121 καὶ
641 5067 887 5136 ήγίασεν·
919 5065 1031 5119 ἀλλ’
1060 5064 1183 5118 οὐδὲ
1227 5063 1387 5118 τοῦτο
1429 5063 1609 5136 μόνον,
1644 5064 1781 5118 ἀλλά
1831 5066 1924 5118 καὶ

334 5151 644 5205 ἐδικαίωσε.
682 5150 877 5203 Καίτοι
917 5166 981 5217 γε
1025 5149 1121 5202 καὶ
1143 5148 1205 5202 16
1229 5147 1339 5202 τῶν
1368 5148 1784 5220 ἁμαρτημάτων
1812 5148 1923 5201 ἀπ⁴

335 5233 659 5303 αλλαγῆναι,
692 5233 871 5304 δωρεά
893 5231 1125 5303 μεγάλη·
1150 5232 1270 5287 νυνὶ
1297 5230 1356 5284 δέ
1385 5246 1445 5285 σε
1467 5232 1564 5284 καὶ
1597 5229 1807 5301 μυρίων
1838 5231 1923 5283 tv-

335 5319 578 5387 έκλησεν
610 5317 849 5384 ἀγαθῶν.
910 5317 1020 5371 Kal
1070 5314 1228 5369 τοῦτο
1277 5315 1497 5384 γέγονεν
1536 5316 1632 5367 Ἐν
1669 5312 1749 5378 τῷ
1790 5314 1923 5367 ὀνόι

333 5417 478 5470 pan
505 5399 615 5454 τοῦ
629 5399 853 5466 Κυρίου
879 5397 1045 5469 ἡμῶν
1067 5397 1271 5465 Ἰησοῦ
1289 5396 1567 5466 Χριστοῦ·
1589 5396 1690 5450 οὑκ
1712 5399 1769 5450 ἐν
1789 5395 1925 5466 τῷδε

343 5486 437 5539 καὶ
453 5484 616 5554 τῷδε,
633 5483 771 5537 ἀλλά
795 5483 903 5537 Kal
923 5483 993 5536 ἐν
1016 5481 1095 5548 τῷ
1114 5484 1415 5552 Πνεύματι
1438 5482 1545 5537 τοῦ
1562 5481 1711 5537 Θεοῦ
1733 5479 1922 5550 ἡμῶν.

345 5567 499 5640 [141]
530 5568 718 5621 Ταῦτα
753 5562 851 5621 οὖν
889 5567 1110 5631 εἰδότες,
1146 5566 1439 5636 ἀγαπητοὶ,
1477 5566 1573 5619 καὶ
1609 5564 1669 5619 16
1695 5563 1928 5636 μέγεθος

343 5652 444 5723 τῆς
494 5650 878 5723 γεγενημένης
925 5651 1239 5722 εὐεργεσίας
1288 5647 1618 5713 ἐννοοῦντες,
1677 5648 1928 5718 μένωμεν

348 5736 642 5807 σωφρόνως
676 5733 941 5805 βιοῦντες,
976 5738 1083 5787 τῶν
1119 5751 1177 5788 τε
1231 5731 1705 5804 άπηριθμημένων
1754 5731 1921 5785 καθα-

350 5817 597 5889 ρεύοντες
621 5817 901 5880 ἀπάντων,
934 5817 1025 5871 καὶ
1048 5816 1126 5870 .τά
1165 5817 1493 5887 δικαστήρια
1524 5815 1813 5884 φεύγωμεν
1860 5811 1930 5865 τὰ

348 5900 409 5956 ἄν
451 5903 680 5973 ἀγοραῖς
712 5904 831 5966 ταῖς
866 5901 985 5965 ἔξω,
1027 5902 1120 5954 καὶ
1157 5901 1255 5970 τὴν
1285 5901 1581 5969 εὐγένειαν,
1612 5899 1680 5968 ἣν
1726 5901 1755 5951 6
1795 5896 1927 5960 Θεὸς

1400 337 1468 395 IN
1506 336 1726 394 EPIST.
1767 336 1789 392 Ι
1827 334 1918 392 ΔΙ)
1958 336 2117 395 οοιι.
2157 334 2391 393 HOMIL.
2435 333 2576 389 XVI.

3476 337 3579 393 {36

2007 453 2140 524 ἡμῖν
2193 453 2506 525 ἐχαρίσατο,
2552 449 2756 522 ταύτην
2803 448 3238 520 διαφυλάξωμεν.
3299 448 3581 522 Ἐννόησον

2005 535 2115 608 γάρ
2148 535 2343 606 ἡλίκης
2383 534 2532 588 ἐστὶν
2572 533 2833 604 αἰσχύνης
2874 531 3199 597 καθέζεσθαι
3225 529 3465 601 ’Έλληνά
3498 547 3583 584 σοι

2002 619 2186 674 δίκαια
2214 620 2467 691 νέμοντα.
2504 630 2517 636 ’
3013 665 3017 667 .

2072 784 2344 852 ε’.Τίοῦν,
2372 789 2556 859 φησὶν,
2585 787 2679 839 ἐὰν
2695 785 3024 857 παρανόμως
3042 782 3230 837 ὁένδον
3260 781 3453 853 κρίνῃς
3485 781 3585 836 Διά

2000 871 2077 936 τί,
2104 872 2225 926 εἰπέ
2262 886 2388 942 μοις
2416 869 2558 923 κατὰ
2597 869 2785 931 ποίους
2808 867 2917 938 γὰρ
2938 867 3135 937 νόμους
3158 864 3368 928 δικάζει
3393 864 3422 916 6
3451 862 3584 915 Ἕλ-

2001 955 2100 1025 λην
2126 971 2141 1020 ;
2174 957 2268 1009 καὶ
2305 955 2447 1009 κατά
2473 952 2662 1015 ποίους
2691 952 2720 1004 6
2744 951 3096 1023 Χριστιανόςς
3123 949 3224 1001 οὑκ
3253 946 3475 1014 εὔδηλον
3503 946 3586 998 ὅτι

2004 1040 2144 1092 κατὰ
2169 1039 2268 1108 μὲν
2296 1038 2422 1100 τοὺς
2450 1035 2559 1089 τῶν
2584 1032 2887 1099 ἀνθρώπων
2915 1035 2944 1085 6
2963 1031 3184 1103 Ἕλλην,
3212 1029 3354 1084 κατὰ
3384 1028 3441 1082 δὲ
3462 1027 3586 1091 τοὺς

2003 1120 2096 1174 τοῦ
2128 1121 2261 1173 Θεοῦ
2312 1121 2340 1171 6
2376 1118 2732 1188 Χριστιανόςς
2776 1116 2988 1171 Οὐκοῦν
3027 1112 3258 1169 ἐνταῦθα
3290 1111 3491 1183 μᾶλλον
3527 1110 3591 1163 16

2003 1205 2240 1267 δίκαιον,
2275 1203 2464 1272 ἐπειδὴ
2491 1202 2586 1254 καὶ
2621 1201 2679 1269 ἐξ
2713 1200 2961 1272 οὐρανῶν
2993 1201 3133 1253 εἰσιν
3175 1198 3226 1251 οί
3267 1196 3422 1266 νόμοι
3448 1211 3594 1264 πεμ-

2006 1286 2250 1357 φθέντες.
2292 1284 2417 1339 Ἐπὶ
2451 1285 2550 1355 μὲν
2572 1282 2682 1354 γὰρ
2705 1284 2813 1336 τῶν
2841 1283 3040 1350 ἔξωθεν
3070 1279 3209 1353 μετά
3234 1279 3341 1332 τῶν
3366 1275 3595 1348 εἰρημέ-

2006 1389 2112 1426 νων
2141 1370 2235 1424 καὶ
2262 1369 2425 1440 ἕτερα
2452 1369 2600 1422 ἐστιν
2627 1364 2969 1421 ὑποπτεῦσαι
3005 1364 3197 1429 πολλὰ,
3229 1362 3323 1417 καὶ
3346 1361 3594 1433 ῥητόρων

2005 1454 2282 1525 δεινότητα
2328 1453 2425 1507 καὶ
2467 1451 2765 1523 διαφθορὰν
2806 1452 3083 1523 ἀρχόντων
3116 1449 3210 1502 καὶ
3244 1445 3416 1501 πολλὰ
3456 1442 3593 1496 ἀλλα

2006 1538 2068 1593 16
2087 1538 2294 1592 δίκαιον
2321 1536 2710 1607 λυμαινόμενα·
2733 1534 2969 1589 ἐνταῦθα
2991 1531 3303 1588 δὲτοιοῦτον
3323 1527 3496 1583 οὐδέν.
3519 1526 3586 1580 Τί

2007 1617 2121 1689 οὖν,
2152 1619 2219 1675 ἂν
2251 1622 2281 1675 6
2310 1619 2579 1684 ἀντίδικος
2607 1619 2872 1691 δυνάστης
2907 1615 2965 1692 ᾗ,
2988 1618 3151 1688 φησί;
3182 1616 3295 1671 Καὶ
3322 1613 3411 1668 διὰ
3435 1610 3594 1665 τοῦτο

2011 1705 2111 1776 μὲν
2137 1700 2231 1759 οῦν
2259 1703 2493 1774 μάλιστα
2514 1701 2826 1768 δικάζεσθαι
2846 1700 3083 1756 ἐνταῦθα
3104 1699 3233 1771 χρή·
3262 1700 3322 1752 ἐν
3346 1695 3455 1766 γάρ
3479 1696 3595 1759 τοῖς

2008 1788 2114 1855 ἔξω
2139 1789 2513 1859 δικαστηρίοις
2551 1787 2833 1860 περιέσται
2875 1803 2968 1839 σου
3017 1785 3257 1848 πάντως.
3293 1783 3357 1836 El
3396 1780 3454 1835 δὲ
3490 1779 3592 1833 οὑκ

2006 1872 2282 1944 ἀνέχεται,
2334 1870 2473 1924 ἀλλά
2530 1870 2629 1925 καὶ
2672 1869 2781 1923 τῶν
2817 1868 2966 1922 ἔνδον
3004 1867 3340 1938 καταφρονεῖ
3371 1864 3465 1919 καὶ
3490 1861 3597 1929 ἔξω

2008 1955 2147 2027 πρὸς
2187 1955 2309 2027 βίαν
2338 1955 2510 2019 ἐλκει,
2559 1953 2786 2021 βέλτιον,
2832 1953 2970 2021 ὅπερ
3009 1951 3069 2019 ἐξ
3102 1951 3350 2019 ἀνάγκης
3384 1946 3599 2018 μέλλεις

2012 2040 2267 2111 πάσχειν,
2321 2037 2463 2093 ἑκὼν
2507 2050 2533 2079 ι
2576 2035 2877 2106 ὑποστῆναι
2908 2034 3004 2090 καὶ
3034 2033 3111 2105 μὴ
3132 2029 3481 2093 δικάσασθαι,
3506 2029 3597 2083 ίνα

2008 2124 2104 2179 καὶ
2146 2123 2338 2194 μισθὸν
2371 2122 2520 2196 ἔχῃς.
2557 2121 2667 2176 Ἂν
2694 2120 2803 2192 γάρ
2827 2120 2920 2188 τίς
2948 2133 3070 2181 σοι,
3100 2117 3254 2190 φησὶ,
3287 2115 3432 2184 θέλῃ
3474 2129 3598 2183 xpl-

2008 2206 2208 2275 θῆναι,
2243 2206 2473 2260 καὶτὸν
2506 2202 2725 2274 χιτῶνά
2750 2218 2868 2259 σου
2893 2203 3123 2268 λαϐεῖν,
3149 2200 3410 2270 ἀφήσεις
3436 2196 3600 2264 αὐτῷ

2009 2290 2207 2346 καὶτὸ
2240 2290 2501 2361 ίμάτιον·
2558 2288 2675 2353 καὶ,
2708 2289 2856 2344 ἰσθι
2907 2286 3140 2342 εὐνοῶν
3184 2284 3265 2352 τῷ
3315 2283 3601 2349 ἀντιδίκῳ

2008 2390 2126 2430 σου
2154 2373 2330 2442 ταχὺ,
2368 2372 2480 2439 ἕως
2507 2371 2649 2426 ὅτου
2677 2367 2737 2426 εἷ
2755 2371 2827 2426 ἐν
2850 2369 2927 2440 τῇ
2947 2370 3066 2438 ὀδῷ
3088 2371 3214 2441 μετ’
3237 2367 3445 2425 αὐτοῦ.
3485 2365 3601 2420 Καὶ

2008 2458 2061 2512 τί
2091 2458 2196 2530 χρὴ
2215 2458 2397 2526 λέγειν
2425 2455 2496 2510 τά
2523 2455 2799 2529 ὴμέτερα;
2823 2455 3052 2526 καὶγὰρ
3083 2454 3237 2508 αὐτοὶ
3264 2455 3313 2508 οί
3339 2452 3447 2508 τῶν
3472 2449 3600 2515 {ﬁmo

2011 2540 2103 2594 θεν
2139 2539 2508 2611 δικαστηρίων
2535 2539 2825 2610 συνήγοροι
2862 2537 3122 2609 μυριάκις
3154 2535 3331 2592 ταῦτα
3354 2534 3595 2604 λέγουσι,

2012 2624 2094 2678 ὅτι
2130 2624 2339 2694 βέλτιον
2365 2622 2564 2691 ἔξωθεν
2590 2621 2924 2677 διαλύεσθαι.

2095 2821 2233 2875 Ἀλλ·
2257 2818 2303 2873 ὣ
2346 2820 2456 2874 τῶν
2485 2837 2588 2891 χρη
2597 2818 2810 2890 μάτωνί
2856 2816 3056 2888 μᾶλλον
3093 2816 3168 2879 δὲ,
3202 2815 3249 2869 ῶ
3274 2815 3369 2870 τοῦ
3400 2815 3602 2872 ἀτόπου

2012 2907 2214 2977 ἔρωτος
2247 2904 2354 2959 τῶν
2376 2904 2677 2975 χρημάτων
2698 2902 2712 2956 ι
2735 2903 2818 2956 ὃτι
2850 2901 3029 2955 πάντα
3060 2898 3325 2970 ἀνέτρεψε
3347 2900 3443 2954 καὶ
3472 2918 3606 2955 κατ-

2012 2988 2198 3055 έϐαλε,
2228 2987 2325 3042 καὶ
2362 2987 2543 3042 πάντα
2584 2985 2751 3057 λῆρος
2773 2987 2888 3049 τοῖς
2920 2982 3137 3048 πολλοῖς
3173 2984 3269 3037 καὶ
3318 2982 3479 3055 μῦθοι
3516 2983 3606 3038 διὰ

2012 3075 2082 3130 τά
2125 3074 2407 3146 χρήματα.
2462 3069 2575 3122 Καὶ
2617 3068 2680 3122 16
2711 3067 2812 3139 μὲν
2839 3067 3130 3140 βιωτικοὺς
3158 3062 3297 3121 εἶναι
3331 3067 3459 3131 τοὺς
3493 3069 3606 3130 τοῖς

2013 3156 2387 3229 δικαστηρίοις
2427 3150 2802 3224 ἐνοχλοῦντας,
2852 3151 3005 3205 οὐδὲν
3055 3150 3371 3222 θαυμαστόν
3391 3165 3409 3182 ·
3444 3150 3506 3204 16
3548 3149 3607 3204 δέ

2017 3241 2245 3303 πολλοὺς
2301 3238 2411 3292 τῶν
2467 3234 2904 3306 ἀποταξαμένων
2964 3236 3034 3289 τὰ
3100 3234 3241 3289 αὐτὰ
3300 3234 3369 3306 δὴ
3430 3231 3609 3289 ταῦτα

2016 3328 2212 3389 ποιεῖν,
2251 3321 2412 3377 τοῦτό
2450 3322 2600 3375 ἐστιν
2633 3320 2662 3374 6
2697 3317 3027 3390 συγγνώμης
3060 3318 3241 3385 πάσης
3289 3318 3604 3390 ἐπέρηται.

2017 3411 2081 3465 El
2109 3407 2220 3480 γὰρ
2248 3405 2456 3470 ἐθέλοις
2497 3405 2627 3459 ίδεῖν
2659 3403 2825 3458 πόσον
2865 3402 3072 3474 ταύτης
3109 3401 3339 3473 ἀπέχειν
3369 3418 3431 3455 σε
3452 3402 3481 3443 δ
3506 3402 3610 3473 τῆς

2017 3492 2233 3565 χρείας,
2263 3490 2366 3561 τῆς
2416 3487 2527 3542 τῶν
2576 3486 2944 3559 δικαστηρίων
2987 3485 3153 3555 λέγω,
3194 3485 3531 3559 προσέταξεν
3572 3489 3609 3558 ή

2020 3575 2232 3649 Γραφὴ,
2271 3573 2369 3628 καὶ
2392 3571 2535 3626 τίσιν
2563 3572 2612 3625 οί
2640 3570 2790 3642 νόμοι
2823 3572 3032 3626 κεῖνται
3061 3570 3271 3641 μαθεῖν,
3299 3570 3532 3625 ἄκουσον
3554 3570 3610 3624 τί

2018 3676 2185 3730 φησιν
2223 3659 2252 3711 6
2293 3655 2523 3720 Παῦλος·
2563 3654 2780 3722 Δικαίφ
2809 3655 2995 3724 νόμος
3033 3657 3108 3710 οὐ
3133 3653 3342 3717 κεῖται,
3364 3655 3611 3725 ἀνόμοις

2016 3742 2087 3797 δὲ
2141 3740 2243 3796 καί
2296 3738 2757 3802 ἀνυποτάκτοις.
2791 3735 2854 3791 El
2895 3737 2953 3792 δὲ
3002 3738 3133 3811 περὶ
3182 3737 3278 3792 τοῦ
3310 3737 3609 3793 Μωσαῖκοῦ

2017 3825 2191 3881 ταῦτά
2216 3840 2373 3894 φησι,
2395 3820 2579 3892 πολλῷ
2607 3819 2808 3891 μᾶλλον
2835 3821 2965 3891 περὶ
2991 3820 3100 3875 τῶν
3130 3820 3353 3885 ἔξωθεν.
3387 3822 3486 3876 ’Ἂν
3509 3821 3614 3894 μὲν

2016 3905 2111 3966 οῦν
2156 3909 2370 3981 ἀδικῇς,
2423 3906 2590 3977 δῆλον
2644 3904 2721 3967 ὡς
2767 3905 2868 3957 οὑκ
2920 3905 2987 3958 ἂν
3013 3904 3130 3974 εῖης
3169 3904 3396 3967 δίκαιος·
3428 3903 3525 3957 ἐάν
3551 3903 3633 3965 δέ

2017 3994 2180 4065 ἀδικῇ
2220 3991 2315 4046 καὶ
2338 3989 2512 4063 φέρῃς
2539 3988 2773 4060 (δικαίου
2802 3987 2913 4058 γάρ
2946 3987 3183 4057 μάλιστα
3220 3986 3383 4040 τοῦτό
3411 3986 3607 4056 ἐστιν),

2017 4070 2171 4130 οὐδὲν
2200 4073 2393 4147 χρείαν
2416 4073 2562 4144 ἔχεις
2580 4071 2689 4126 τῶν
2712 4069 2911 4135 ἔξωθεν
2936 4069 3138 4140 νόμων.
3167 4069 3279 4124 Kal
3301 4067 3420 4133 πῶς
3449 4068 3611 4140 δυνήσ-

2019 4175 2188 4230 σομαι
2220 4157 2409 4230 φέρειν
2454 4153 2833 4226 ἀδικούμενος,
2870 4151 3003 4224 φησί
3029 4168 3044 4218 ;
3079 4151 3273 4205 Καίτοι
3311 4168 3375 4221 γε
3406 4153 3437 4204 6
3469 4152 3608 4220 Χρι-

2021 4243 2146 4307 στὸς
2177 4241 2273 4295 καὶ
2298 4240 2490 4294 τούτου
2525 4256 2579 4292 τι
2614 4237 2775 4291 πλέον
2804 4234 3159 4310 προσέταξεν.
3196 4235 3272 4288 Οὑ
3308 4234 3416 4306 γάρ
3447 4234 3611 4305 μόνον

2018 4324 2372 4398 ἀδικούμενον
2400 4324 2587 4395 φέρειν
2621 4321 2932 4387 ἐκέλευσεν,
2978 4318 3115 4374 ἀλλά
3142 4320 3238 4373 καὶ
3280 4317 3612 4389 προσεπιδα-

2017 4410 2338 4481 ψιλεύεσθαι
2377 4407 2456 4478 τῷ
2495 4406 2789 4472 ἀδικοῦντι,
2822 4406 2919 4460 καὶ
2958 4408 3026 4477 τῇ
3056 4402 3337 4477 προθυμίᾳ
3378 4400 3474 4457 τοῦ
3502 4403 3611 4458 πάν

2022 4511 2173 4566 σχειν
2211 4492 2562 4564 ὑπερϐαίνειν
2600 4489 2700 4559 τὴν
2739 4489 3037 4560 ἐπιθυμίαν
3060 4486 3155 4543 τοῦ
3190 4486 3473 4550 ποιοῦντος
3510 4503 3611 4540 κα-

2021 4578 2152 4642 κῶς.
2193 4577 2269 4631 Οὑ
2306 4577 2417 4646 γὰρ
2451 4570 2595 4637 εἷπε,
2632 4572 2723 4646 Τῷ
2748 4572 2957 4628 θέλοντί
3001 4590 3081 4627 σοι
3106 4570 3361 4645 κριθῆναι
3393 4570 3487 4625 καὶ
3515 4569 3610 4623 τὸν

2020 4660 2225 4732 χιτῶνά
2253 4677 2346 4714 σου
2375 4660 2559 4713 λαϐεῖν
2585 4659 2722 4729 ἀφες
2743 4658 2836 4712 τὸν
2857 4657 3080 4728 χιτῶνα·
3110 4654 3262 4729 [142]
3289 4655 3445 4720 ἀλλὰ,
3472 4656 3608 4710 Μετ’

2021 4746 2231 4800 ἐκείνου
2265 4743 2440 4798 καὶτὸ
2465 4742 2677 4812 ἱμάτιον
2695 4740 2802 4805 δός.
2834 4741 3074 4810 Νίκησον
3095 4739 3204 4809 γὰρ
3233 4737 3417 4801 αὑτὸν,
3449 4736 3608 4808 φησὶ.

2021 4830 2100 4901 τῷ
2127 4829 2314 4891 κακῶς
2335 4829 2588 4897 πάσχειν,
2624 4824 2698 4896 μὴ
2725 4822 2803 4893 τῷ
2832 4821 3020 4884 κακῶς
3044 4822 3240 4874 ποιεῖν·
3269 4819 3407 4891 αῦτη
3435 4819 3544 4891 γὰρ
3573 4822 3609 4890 ή

2025 4914 2201 4985 σαφὴς
2251 4914 2377 4982 νίκη
2423 4913 2518 4965 καὶ
2559 4908 2807 4979 λαμπρά.
2857 4907 2948 4960 A16
2995 4906 3091 4959 καὶ
3116 4903 3326 4976 προῖὼν
3357 4904 3541 4974 ἔλεγεν
3580 4905 3611 4957 6

2026 4998 2255 5060 Παῦλος·
2285 4995 2427 5063 Ἤδη
2457 4993 2573 5062 μὲν
2612 4986 2728 5045 οὖν
2766 4990 2921 5055 ὅλως
2961 4988 3196 5058 ἥττημα
3231 4987 3375 5057 ὑμῖν
3415 4988 3608 5049 ἐστιν,

2025 5079 2115 5134 ὅτι
2165 5080 2419 5147 κρίματα
2455 5076 2623 5144 ἔχετε
2674 5072 2804 5141 μεθ’
2857 5071 3107 5126 ἑαυτῶν.
3164 5071 3273 5126 Kal
3299 5070 3397 5126 διὰ
3437 5071 3497 5125 τί
3535 5072 3610 5124 οὑ

2020 5162 2263 5232 μᾶλλον
2299 5158 2635 5217 ἀδικεῖσθε;
2676 5156 2800 5209 Ὅτι
2842 5155 2952 5228 γὰρ
2998 5158 3028 5209 6
3076 5153 3433 5224 ἀδικούμενος
3482 5153 3611 5222 νικᾷ
3676 5190 3689 5203 .

2029 5242 2227 5315 μᾶλλον
2256 5240 2351 5294 τοῦ
2382 5240 2456 5312 μὴ
2479 5240 2735 5311 φέροντος
2763 5238 3083 5303 ἀδικεῖσθαι,
3114 5237 3273 5291 τοῦτο
3298 5237 3427 5308 ὑμῖν
3455 5235 3613 5304 ποιήο

2029 5345 2107 5381 σω
2140 5325 2391 5396 φανερόν.
2440 5324 2498 5378 Ὀ
2537 5320 2613 5394 μὴ
2644 5324 2825 5392 φέρων
2856 5320 3184 5386 ἀδικεῖσθαι,
3215 5318 3317 5372 κᾶν
3345 5320 3425 5381 είς
3457 5317 3611 5370 δικα-

2030 5412 2248 5482 στήριον
2270 5407 2492 5480 ἐλκύσῃ,
2518 5407 2622 5459 κᾶν
2644 5403 3021 5475 περιγένηται,
3047 5403 3168 5455 τότε
3200 5401 3434 5471 μάλιστα
3452 5401 3614 5471 ήττη-

2028 5511 2136 5548 ται·
2168 5493 2198 5546 6
2237 5491 2345 5563 γάρ
2378 5492 2478 5544 οὐκ
2510 5490 2725 5561 ἢθελεν,
2754 5487 2973 5541 ἔπαθεν·
3010 5485 3289 5555 ἠνάγκασε
3310 5483 3421 5556 γὰρ
3448 5483 3610 5538 αὑτὸν

2028 5581 2057 5632 6
2098 5577 2364 5640 ἀντίδικος
2392 5576 2489 5629 καὶ
2513 5574 2749 5643 ἀλγῆσαι
2781 5573 2876 5626 καὶ
2900 5569 3245 5625 δικάσασθαι.
3277 5568 3343 5622 Τί
3372 5568 3481 5637 γὰρ
3527 5569 3612 5622 611

2093 5842 2289 5906 'ng.,
2317 5839 2505 5906 ἑκόντα.
2575 5836 2848 5906 ΡΜοιει,
2869 5839 3064 5906 {hilum
3104 5857 3161 5889 σε
3206 5839 3295 5895 δεῖ,
3345 5837 3476 5886 male
3505 5835 3619 5884 τιεῖ

2033 5907 2177 5956 deest
2201 5899 2248 5950 ἱῐι
2276 5902 2446 5951 codice
2464 5900 2624 5962 Regio
2648 5906 2700 5948 ει
2722 5912 2747 5949 ε
2774 5899 2914 5948 nobis
2930 5899 3230 5950 einunclum
3252 5910 3344 5950 est.
