4086 6214
512 429 609 481 137

506 546 830 615 νενίκηκαςς
868 542 920 595 τί
946 543 1003 596 δὲ
1032 542 1115 594 ὅτι
1154 539 1222 592 τά
1245 537 1502 610 χρήματα
1525 534 1797 599 ἀπέλαϐες
1831 536 2046 589 ἅπαντα
2070 547 2085 593 ;

502 630 639 698 ὅπερ
666 628 765 680 οὐκ
790 625 1010 679 ἐϐούλου
1036 623 1174 685 τέως
1202 620 1519 690 ὑπέμεινας,
1546 617 1911 687 ἀναγκασθεὶς
1932 616 2085 670 δικά-

504 710 720 764 σασθαι.
748 712 844 761 ’Λν
864 709 920 760 δὲ
955 706 1189 775 ἐνέγκῃς
1216 703 1316 774 τὴν
1342 702 1577 765 ἀδικίαν,
1608 704 1764 773 νικᾷς
1792 702 2091 773 χρημάτων

504 794 603 862 μὲν
627 788 1120 859 ἀποστερούμενος,
1147 787 1246 858 τῆς
1276 787 1333 840 δὲ
1363 786 1541 856 νίκης,
1560 785 1743 839 οὐκέτι
1770 785 1867 856 τῆς
1902 784 1995 836 ἐπὶ
2022 785 2089 853 τῇ

501 872 785 942 φιλοσοφίᾳ
821 870 1012 943 ταύτῃ·
1048 870 1107 923 οὐ
1143 870 1251 939 γὰρ
1292 869 1478 939 ἴσχυσέ
1525 885 1585 921 σε
1612 867 1918 936 ἀναγκάσαι
1944 867 2091 919 ἐκεῖ-

502 972 609 1017 νος,
645 955 782 1023 ὅπερ
814 953 915 1005 οὐκ
951 951 1197 1017 ἐϐούλου,
1229 951 1475 1021 ποιῆσαι.
1508 951 1619 1004 Kal
1648 951 1731 1003 ὅτι
1753 948 1910 1002 τοῦτό
1945 950 2092 1001 ἐστιν

500 1036 720 1107 ἀληθὲς,
750 1035 871 1089 εἰπέ
911 1053 1023 1106 μοι,
1071 1035 1154 1098 τίς
1193 1034 1468 1105 ἐνίκησεν,
1503 1033 1533 1085 6
1573 1032 1971 1104 βάσκανος,ἥὸ
1998 1031 2093 1086 ἐπὶ

500 1120 599 1189 τῆς
631 1120 898 1189 κοπρίας;
935 1119 1020 1181 τίς
1054 1117 1285 1188 ἡττήθη,
1320 1118 1349 1169 6
1376 1115 1553 1170 πάντα
1581 1114 1900 1186 ἀφαιρεθεὶς
1944 1112 2087 1180 Ἰὼϐ,

500 1203 533 1273 ἦ
575 1205 603 1255 ό
639 1201 816 1255 πάντα
845 1200 1178 1270 ἀφελόμενος
1217 1198 1500 1264 διάϐολος;
1532 1198 1702 1269 Δῆλον
1741 1198 1823 1252 ὅτι
1860 1199 1888 1250 6
1914 1196 2093 1251 πάντα

500 1285 834 1356 ἀφελόμενος
853 1282 1117 1347 διάϐολος.
1142 1282 1277 1336 Τίνα
1297 1278 1391 1337 οὖν
1407 1281 1763 1352 θαυμάζομεν
1789 1280 1888 1351 τῆς
1913 1280 2090 1352 νίκης,

502 1368 592 1420 τὸν
620 1359 864 1421 διάϐολον
892 1367 983 1420 τὸν
1018 1365 1316 1437 πλήξαντα,
1341 1364 1375 1436 ἢ
1400 1362 1490 1417 τὸν
1520 1362 1641 1418 Ἰὼϐ
1667 1363 1760 1417 τὸν
1781 1363 2089 1435 πληγέντας

503 1452 671 1523 Δῆλον
699 1453 781 1504 ὃτι
812 1451 900 1503 τὸν
934 1449 1055 1503 Ἰώϐ
1078 1466 1090 1478 ·
1135 1449 1310 1502 καίτοι
1343 1466 1408 1518 γε
1452 1449 1554 1502 οὐκ
1595 1449 1782 1519 ἴσχυσε
1829 1449 2092 1520 χρήματα

502 1534 851 1606 ἀπολλύμενα
900 1536 1217 1603 κατασχεῖν,
1259 1533 1319 1585 οὐ
1353 1531 1527 1585 σῶσαι
1558 1532 1686 1596 τοὺς
1725 1532 1921 1596 παῖδας
1970 1533 2094 1595 τοὺς

501 1619 691 1674 αὐτοῦ.
738 1619 851 1673 Kal
902 1617 956 1670 τί
1007 1616 1151 1685 λέγω
1190 1617 1448 1687 χρήματα
1480 1617 1573 1669 καὶ
1608 1615 1842 1679 παῖδας;
1870 1614 1969 1687 τὴν
1996 1615 2092 1669 τοῦ

504 1702 755 1774 σώματος
780 1700 880 1754 οὐκ
913 1699 1101 1770 ἴσχυσε
1128 1698 1591 1771 περιποιήσασθαι
1619 1698 1914 1769 σωτηρίαν.
1951 1697 2091 1751 Ἀλλ’

499 1788 646 1856 ὅμως
686 1778 841 1847 οῦτός
872 1785 1020 1837 ἐστιν
1060 1785 1090 1837 6
1129 1784 1380 1853 νικήσας.
1409 1784 1438 1835 6
1466 1781 1644 1837 πάντα
1683 1783 1751 1836 τά
1782 1782 1910 1834 ὄντα
1953 1783 2091 1835 ἀπο-

500 1867 699 1922 ϐαλών.
726 1866 1003 1937 Χρήματα
1040 1865 1140 1936 μὲν
1173 1866 1281 1935 γὰρ
1307 1864 1407 1917 οὐκ
1435 1865 1626 1936 ἴσχυσε
1652 1867 1966 1936 κατασχεῖν,
1991 1863 2090 1936 τὴν

498 1950 555 2001 δὲ
586 1948 870 2002 εὐσέϐειαν
904 1946 1140 2017 κατέσχε
1173 1946 1311 2018 μετά
1344 1946 1631 2020 ἀκριϐείας
1656 1948 1897 2018 ἀπάσης.
1931 1945 2093 2002 Ἀλλά

500 2032 689 2084 παισὶν
720 2031 820 2083 οὐκ
850 2030 1129 2101 ἐπήμυνεν
1158 2029 1574 2101 ἀπολλυμένοις.
1627 2031 1740 2085 Kal
1778 2030 1832 2084 τί
1892 2028 2089 2095 τοῦτο;

499 2112 594 2166 καὶ
626 2112 733 2184 γάρ
763 2111 1004 2175 ἐκείνους
1051 2111 1473 2184 λαμπροτέρους
1507 2113 1733 2182 ἐποίησε
1760 2112 1824 2167 τὸ
1853 2111 2088 2184 συμϐάν,

499 2197 592 2249 καὶ
623 2192 799 2265 ἐαυτῷ
828 2194 885 2246 δέ
912 2193 1089 2259 οῦτως
1114 2195 1319 2267 ἤμυνεν
1348 2194 1796 2268 ἐπηρεαζομένῳ.
1833 2196 1897 2249 Et
1929 2196 1986 2249 δέ
2014 2194 2090 2266 μὴ

499 2278 682 2342 κακῶς
710 2277 881 2330 ἔπαθε
919 2278 1014 2330 καὶ
1041 2278 1274 2350 ἠδικήθη
1306 2279 1457 2349 παρά
1481 2279 1576 2333 τοῦ
1600 2279 1871 2344 διαϐόλου,
1899 2281 2000 2334 οὐκ
2024 2279 2091 2334 ἂν

498 2362 716 2431 ἐνίκησε
755 2362 855 2432 τὴν
884 2360 1144 2433 λαμπράν
1177 2362 1334 2434 νίκην
1370 2362 1607 2435 ἐκείνην.
1637 2363 1700 2416 Εί
1748 2362 1985 2435 πονηρὸν
2021 2356 2091 2434 ἦν

494 2445 559 2497 τὸ
589 2443 912 2510 ἀδικεῖσθαι,
964 2445 1064 2497 οὐκ
1110 2444 1177 2498 ἂν
1208 2446 1343 2516 ἡμῖν
1377 2445 1509 2499 αὐτὸ
1556 2445 1820 2509 ἐπέταξεν
1866 2447 1895 2499 6
1934 2445 2087 2509 Θεός·

497 2528 712 2598 πονηρά
745 2527 853 2597 γάρ
884 2529 913 2580 6
942 2526 1074 2589 Θεὸς
1113 2528 1214 2581 οὐκ
1264 2528 1563 2582 ἐπιτάττει·
1616 2527 1649 2598 ἢ
1702 2530 1801 2580 οὐκ
1846 2530 1983 2590 ῐστε,
2008 2530 2091 2582 ὅτι

496 2611 660 2675 αὐτός
705 2613 854 2664 ἐστιν
898 2612 926 2663 6
973 2609 1107 2674 Θεὸς
1136 2610 1233 2680 τῆς
1270 2610 1463 2681 δόξηςς
1492 2612 1587 2664 καὶ
1617 2611 1719 2664 οὐκ
1763 2612 1829 2665 ἂν
1858 2612 2088 2684 αίσχύνῃ

498 2695 593 2747 καὶ
634 2694 829 2761 γέλωτι
875 2693 970 2747 καὶ
1018 2691 1193 2763 ζημίᾳ
1242 2693 1558 2765 περιϐαλεῖν
1608 2695 1755 2765 ἡμᾶς
1800 2692 2087 2765 ἠθέλησεν,

498 2777 633 2830 ἀλλά
685 2774 943 2829 τάναντία
985 2773 1335 2846 προξενῆσαι.
1370 2776 1468 2828 Διά
1508 2776 1667 2829 τοῦτο
1704 2777 1915 2830 κελεύει
1941 2781 2091 2849 ἡμᾶς

496 2859 824 2922 ἀδικεῖσθαι,
845 2858 940 2911 καὶ
963 2858 1141 2911 πάντα
1164 2858 1415 2929 πράττει,
1434 2856 1574 2910 ῶστε
1605 2860 1912 2930 ἀποστῆσαι
1942 2862 2089 2931 ἡμᾶς

497 2943 607 2996 τῶν
637 2941 925 3013 βιωτικῶν,
958 2942 1054 2994 καὶ
1078 2944 1265 2996 πεῖσαι
1289 2942 1342 2996 τί
1368 2941 1495 3007 δόξα
1527 2942 1625 2996 καὶ⁵
1656 2942 1710 2996 τί
1750 2943 2006 3015 αἰσχύνη,
2034 2947 2088 2998 τί

496 3026 675 3096 ζημία
705 3025 801 3078 καὶ
831 3024 887 3077 τί
914 3024 1131 3094 κέρδος.

574 3171 648 3235 ς’.
668 3170 832 3224 Ἀλλά
848 3169 1020 3223 δεινὸν
1043 3169 1104 3222 τὸ
1115 3168 1416 3222 ἀδικεῖσθαι
1434 3170 1528 3223 καὶ
1541 3170 1963 3242 ἐπηρεάζεσθαι·
1977 3174 2092 3229 οὐκ

508 3257 624 3310 ἐστι
662 3254 854 3318 δεινὸν,
888 3254 989 3307 οὐκ
1028 3252 1198 3317 ἐστιν,
1240 3252 1514 3322 ἄνθρωπε.
1549 3253 1729 3324 Μέχρι
1775 3254 1921 3319 τίνος
1954 3257 2092 3328 πρὸς

500 3339 574 3392 τά
597 3337 844 3410 παρόντα
870 3336 1171 3405 ἐπτόησαι;
1198 3334 1331 3388 Οὐδὲ
1358 3334 1469 3406 γὰρ
1509 3335 1576 3389 ἀν
1602 3336 1864 3402 ἐπέταξεν
1901 3339 2032 3393 αὐτὸ
2063 3340 2092 3393 6

498 3422 655 3485 Θεὸς,
708 3421 759 3473 εί
804 3419 975 3473 δεινὸν
1001 3414 1090 3489 ἦν.
1120 3417 1324 3471 Σκόπει
1360 3416 1437 3470 δέ·
1488 3418 1547 3470 ’0
1577 3417 2090 3493 ήδικηκὼςάπῆλθε

500 3506 760 3575 χρήματα
786 3501 946 3573 ἔχων,
980 3499 1117 3554 ἀλλά
1152 3501 1248 3554 καὶ
1275 3498 1515 3564 συνειδὸς
1551 3502 1805 3572 πονηρόν·
1833 3503 1862 3555 ό
1892 3502 1953 3575 δὲ
1979 3503 2093 3573 ὴδι-

502 3572 760 3658 κημήένος,
790 3584 1092 3654 χρημάτων
1129 3583 1228 3654 μὲν
1275 3582 1745 3653 ἀπεστερημένος,
1778 3572 2092 3656 παρρησίαν

501 3674 559 3727 δὲ
587 3669 924 3738 κεκτημένος
960 3666 1098 3737 πρὸς
1133 3666 1224 3721 τὸν
1247 3665 1402 3731 Θεὸν,
1426 3667 1616 3737 κτῆμα
1647 3668 1857 3739 μυρίων
1882 3667 2092 3738 θησαυ-

506 3754 615 3825 ρῶν
655 3750 998 3821 τιμιώτερον.
1036 3748 1200 3802 Ταῦτ’
1235 3745 1326 3803 οῦν
1358 3748 1582 3814 ειδότες,
1612 3749 1991 3821 φιλοσοφῶμεν
2027 3755 2094 3805 ἐκ

503 3836 901 3911 προαιρέσεως,
946 3833 1041 3886 xal
1074 3831 1153 3904 μὴ
1184 3832 1484 3902 πάσχωμεν
1519 3834 1587 3885 τὶ
1609 3832 1714 3886 τῶν
1742 3834 2003 3907 ἀνοήτων,
2040 3838 2091 3889 οῖ

500 3920 625 3972 τότε
660 3918 942 3989 νομίζουσι
974 3918 1049 3990 μὴ
1076 3917 1400 3980 ἀδικεῖσθαι,
1428 3918 1557 3971 ὅταν
1593 3917 1703 3971 ἀπὸ
1739 3918 2093 3993 δικαστηρίου

503 4001 665 4056 τοῦτο
688 4002 922 4056 πάθωσι.
956 3998 1104 4072 [145]
1133 4000 1458 4053 Τούναντίον
1482 4000 1539 4054 δέ
1573 4001 1717 4055 ἅπαν
1738 4002 1890 4055 ἐστὶν
1926 4005 1959 4075 η
1994 4020 2092 4075 με-

503 4087 665 4155 γίστη
700 4085 892 4156 ζημία,
923 4086 1017 4139 καὶ
1044 4084 1180 4145 ὅλως
1214 4082 1342 4136 ὅταν
1377 4083 1454 4153 μὴ
1481 4083 1697 4149 ἑκόντες
1727 4083 1905 4139 ταῦτα
1938 4086 2091 4155 φιλο-

506 4169 783 4240 σοφῶμεν,
812 4168 928 4222 ἀλλ’
955 4165 1281 4237 ἡττηθέντες
1313 4165 1542 4220 ἐκεῖθεν.
1568 4167 1734 4223 Οὐδὲν
1769 4168 1878 4241 γάρ
1905 4169 2093 4241 κέρδος

505 4253 614 4306 ἀπὸ
658 4250 1012 4322 δικαστηρίου
1056 4246 1356 4319 ἡττηθέντα
1389 4248 1633 4316 ἐνεγκεῖν
1657 4265 1671 4279 ·
1700 4252 1793 4305 καὶ
1842 4251 1950 4322 γὰρ
1992 4252 2093 4324 τῆς

506 4338 753 4404 ἀνάγκης
786 4335 847 4388 τὸ
878 4334 1110 4403 πρᾶγμα
1144 4340 1162 4360 ·
1188 4329 1397 4398 γίνεται
1422 4330 1625 4385 λοιπόν.
1659 4333 1757 4397 Τίς
1784 4329 1877 4389 οῦν
1902 4335 1935 4404 ή
1963 4334 2096 4405 λαμο

508 4418 622 4486 πρά
652 4418 813 4485 νίκη;
848 4416 1015 4468 ὀταν
1052 4413 1116 4466 σὺ
1146 4415 1585 4484 καταφρονήσῃς,
1610 4414 1739 4467 ὅταν
1769 4416 1844 4486 μὴ
1871 4415 2091 4488 δικάσῃ.

511 4497 576 4551 Τί
611 4494 1077 4567 φής;Ἀφῃρέθην
1115 4494 1331 4548 ἅπαντα
1352 4494 1420 4546 τὰ
1449 4493 1599 4557 ὄντα,
1631 4497 1785 4567 φησὶ,
1816 4500 1910 4551 καὶ
1936 4502 2093 4567 σιγᾷν

509 4577 786 4643 κελεύεις;
818 4576 1187 4645 ἐπηρεάσθην,
1214 4576 1308 4628 καὶ
1334 4576 1518 4647 φέρειν
1550 4578 1741 4647 πράως
1768 4584 2053 4650 παραινεῖς
2076 4598 2091 4647 ς

510 4661 605 4714 καὶ
644 4657 759 4721 πῶς
792 4657 1122 4727 δυνήσομαι;
1160 4655 1362 4728 Ῥᾷστα
1404 4658 1502 4727 μὲν
1530 4652 1644 4723 οῦν,
1674 4659 1739 4712 ἂν
1770 4663 1847 4724 είς
1878 4662 1971 4714 τὸν
2000 4663 2092 4715 ού-

513 4742 673 4814 ρανὸν
706 4739 1037 4814 ἀναϐλέψῃς,
1080 4741 1145 4791 ἂν
1183 4736 1298 4810 ἴδῃς
1331 4738 1391 4791 τὸ
1421 4738 1612 4802 κάλλος
1646 4740 1823 4806 τοῦτο,
1866 4744 1959 4797 καὶ
1986 4744 2091 4798 ποῦ

511 4843 571 4879 σε
604 4824 968 4895 ἐπηγγείλατο
994 4821 1248 4889 δέξασθαι
1267 4822 1296 4873 6
1315 4820 1446 4885 Θεὸς
1470 4821 1702 4893 φέροντα
1725 4824 1940 4879 ἀδικίαν
1966 4843 2092 4896 γεν..

512 4910 695 4972 ναίως.
721 4909 890 4963 Τοῦτο
916 4908 1094 4962 τοίνυν
1118 4906 1281 4972 ποίει,
1314 4906 1408 4959 καὶ
1444 4904 1751 4976 ἀναϐλέψας
1779 4910 1859 4973 είς
1883 4910 1974 4963 τὸν
1998 4911 2091 4964 οὐ-

516 4994 697 5065 ρανὸν,
718 4993 969 5063 ἐννόησον
990 4993 1072 5044 ὅτι
1095 4993 1171 5060 τῷ
1190 4993 1303 5044 ἐκεῖ
1327 4991 1619 5062 καθημένῳ
1637 4992 1731 5045 ἐπὶ
1752 4994 1858 5046 τῶν
1883 4995 2091 5067 Χερου-

514 5077 617 5146 ϐὶμ
646 5075 874 5143 γέγονας
905 5075 1106 5144 ὅμοιος.
1140 5074 1248 5127 Kal
1294 5075 1402 5146 γάρ
1466 5078 1561 5130 κα)⁸
1612 5078 1819 5141 ἐκεῖνος
1862 5076 2093 5150 ὑϐρίσθη

514 5160 609 5214 καὶ
654 5158 873 5227 ήνεγκε,
934 5157 1027 5207 καὶ
1067 5157 1354 5229 ώνειδίσθη
1397 5160 1491 5212 καὶ
1533 5159 1632 5213 οὐκ
1669 5162 1938 5231 ἠμύνατο,
2002 5164 2097 5217 καὶ

432 5236 441 5245 ’
515 5241 756 5311 ἐπτύσθη
787 5240 813 5279 b
843 5238 939 5293 καὶ
964 5238 1063 5291 οὐκ
1092 5238 1409 5307 ἐπεξῆλθεν·
1434 5241 1571 5295 ἀλλά
1593 5244 1686 5297 καὶ
1704 5247 1816 5309 τοῖς
1832 5247 2096 5310 ἐναντίοις

516 5327 787 5399 ἠμείψατο
819 5322 1160 5391 εὐεργεσίαις
1207 5322 1429 5391 μυρίαις
1469 5326 1596 5388 τοὺς
1629 5327 1698 5381 τά
1740 5329 1965 5384 τοιαῦτα
1999 5348 2093 5383 πε-

517 5409 832 5481 ποιηκότας,
876 5407 971 5460 καὶ
1009 5407 1157 5477 ἡμᾶς
1203 5405 1447 5475 μιμητὰς
1494 5407 1658 5461 αὐτοῦ
1690 5413 1942 5478 γενέσθαι
1974 5414 2098 5467 ἐκέ-

518 5491 727 5546 λευσεν.
776 5489 1057 5560 Ἐννόησον
1082 5490 1164 5542 ὅτι
1192 5488 1398 5559 γυμνὸς
1426 5489 1646 5560 ἐξῆλθες
1667 5494 1731 5548 ἐκ
1756 5496 1965 5560 κοιλίας
1988 5514 2095 5568 μη-

517 5574 645 5644 τρός
676 5591 791 5626 σου·
821 5573 1024 5644 γυμνὸς
1058 5574 1150 5626 καὶ
1177 5571 1452 5646 ἀπελεύσῃ
1504 5575 1598 5628 καὶ
1651 5577 1715 5631 σὺ
1770 5580 2019 5642 κάκεῖνος
2068 5581 2097 5634 ὁ

587 5800 613 5828 ⁸
634 5798 802 5867 θεαταί
826 5801 881 5867 το
904 5803 1110 5867 πρᾶγμα.
1180 5792 1209 5831 ι’
1234 5800 1422 5867 ,ιιοτθιη
1450 5802 1531 5867 καὶ
1573 5801 1798 5867 inﬁgo-4,
1821 5819 1966 5867 quam
1991 5808 2090 5863 lec-

524 5859 877 5923 :ionem_habc:
900 5859 1052 5923 smn.
1081 5862 1142 5923 in_
1160 5865 1407 5923 margine.
1459 5863 1588 5910 Idem
1614 5859 2096 5923 δενίιζίοϊειιωὲι

522 5923 674 5976 codex
709 5921 851 5984 363.,
874 5920 954 5967 καὶ
979 5921 1225 5977 έτυπτήθη.
1255 5920 1469 5981 Utraque
1499 5925 1646 5974 lectio
1670 5927 1895 5985 quadrat.

1182 429 1241 480 S.
1290 420 1573 479 JOANNIS
1611 415 2092 474 CHRYSOSTOMI
2133 415 2447 475 ARCIIIEP.
2486 416 3033 474 CONSTANTINUP.

3667 418 3769 471 138

2192 532 2486 604 ὴδικηκώς·
2523 534 2721 604 μᾶλλον
2749 532 2805 586 δὲ
2845 533 3050 595 ἐκεῖνος
3077 529 3179 600 μὲν
3206 528 3346 601 μετὰ
3375 527 3585 600 μυρίων
3608 545 3772 601 τραυ.

2203 617 2388 685 μάτων
2414 618 2670 689 σκώληκα
2697 617 3007 671 τικτόντων.
3045 614 3326 685 Ἐννόησον
3350 614 3431 667 ὅτι
3458 613 3772 683 πρόσκαιρα

2192 699 2262 752 τὰ
2303 701 2565 771 παρόντα,
2622 700 2837 769 λόγισαι
2884 699 3011 762 τοῦς
3056 697 3260 767 τάφους
3306 696 3413 750 τῶν
3463 697 3770 768 προγόνων,

2193 783 2480 854 κατάμαθε
2510 784 2578 839 τά
2613 784 2955 855 γεγενημένα
2990 782 3198 852 σαφῶς,
3227 781 3323 834 καὶ
3349 779 3472 849 ὄψει
3501 781 3584 835 ὅτι
3615 782 3771 850 ισχυ-

2194 866 2416 936 ρότερόν
2444 883 2503 919 σε
2536 867 2792 937 ἐποίησεν
2822 869 2851 921 6
2875 866 3160 937 ἀδικήσας.
3190 864 3266 917 Τὸ
3314 863 3413 934 μὲν
3458 864 3568 933 γὰρ
3602 861 3769 917 αὐτοῦ

2200 949 2365 1013 πάθος
2392 950 2770 1020 χαλεπώτερον
2796 949 3041 1020 ἐποίησε,
3068 948 3169 1020 τὴν
3202 946 3568 1017 φιλαργυρίαν
3596 946 3764 1015 λέγω·

2190 1031 2252 1085 τὸ
2290 1032 2349 1085 δέ
2389 1033 2480 1086 σὸν
2509 1032 2918 1104 ἀσθενέστερον,
2952 1032 3132 1086 λαϐὼν
3160 1031 3261 1102 τὴν
3295 1029 3504 1100 τροφὴν
3544 1029 3639 1082 τοῦ
3673 1031 3771 1099 θη-

2193 1117 2331 1190 ρίου.
2368 1119 2479 1173 Καὶ
2517 1119 2597 1173 ἔτι
2643 1119 2780 1190 πρὸς
2803 1118 3014 1181 τούτοις
3044 1114 3324 1187 ἀπήλλαξέ
3358 1131 3418 1167 σε
3449 1113 3769 1184 φροντίδων,

2190 1202 2451 1271 ἀγωνίας,
2485 1201 2782 1273 βασκανίας
2806 1199 3181 1270 συκοφαντῶν,
3215 1198 3470 1270 θορύϐου,
3500 1200 3768 1268 ταραχῆς.

2193 1285 2359 1354 φόϐου
2385 1285 2686 1357 διηνεκοῦς·
2716 1287 2808 1341 καὶ
2836 1286 2929 1339 τὸν
2950 1283 3181 1355 φορυτὸν
3202 1282 3311 1336 τῶν
3340 1280 3526 1335 κακῶν
3556 1279 3768 1334 ἐπεσώ-

2197 1386 2385 1439 ρευσεν
2425 1369 2518 1424 ἐπὶ
2560 1369 2657 1440 τὴν
2702 1366 2896 1422 ἐαυτοῦ
2940 1366 3204 1438 κεφαλήν.
3246 1365 3312 1418 Τί
3342 1362 3456 1429 οὐν,
3500 1364 3595 1416 ἐὰν
3625 1364 3771 1435 λιμῷ

2195 1453 2462 1516 παλαίσω,
2495 1454 2626 1522 φησί
2653 1471 2669 1519 ;
2696 1452 2851 1507 Μετά
2872 1451 3087 1507 Παύλου
3118 1449 3274 1503 τοῦτο
3303 1450 3535 1520 πάσχεις
3561 1449 3656 1502 τοῦ
3680 1450 3771 1503 λέ-

2192 1555 2401 1607 γοντος·
2434 1539 2606 1607 ’Ἄχρι
2640 1538 2750 1607 τῆς
2772 1536 2901 1606 ἄρτι
2930 1536 3086 1604 ὥρας
3118 1533 3215 1586 καὶ
3245 1531 3539 1601 πεινῶμεν
3558 1532 3655 1585 καί
3680 1531 3771 1585 δι-

2191 1620 2400 1690 ψῶμεν
2449 1621 2547 1676 καί
2594 1622 3058 1691 γυμνητεύομεν.
3112 1616 3248 1670 Ἀλλ’
3292 1617 3496 1679 ἐκεῖνος
3548 1614 3635 1667 διὰ
3676 1616 3771 1667 τὸν

2192 1704 2350 1768 Θεὸν,
2385 1704 2541 1775 φησι.
2574 1705 2684 1757 Kal
2728 1706 2792 1758 σὺ
2830 1703 2917 1758 διά
2951 1704 3045 1756 τὸν
3079 1701 3231 1754 Θεόν·
3261 1700 3391 1752 ὅταν
3424 1697 3535 1769 γὰρ
3565 1698 3641 1769 μὴ
3671 1699 3773 1751 ἐπ-

2190 1786 2433 1858 εξέλθῃς,
2464 1786 2552 1840 διά
2577 1787 2667 1839 τὸν
2695 1785 2826 1839 Θεὸν
2849 1784 3009 1839 τοῦτο
3034 1786 3228 1847 ποιεῖς.
3267 1780 3411 1835 Ἀλλ’
3434 1784 3463 1835 ό
3490 1779 3773 1851 hazard);

2193 1869 2334 1939 μετά
2376 1870 2485 1923 τῶν
2528 1869 2903 1923 πλουτούντων
2937 1868 3135 1939 τρυφᾷ.
3166 1865 3384 1921 Μᾶλλον
3411 1864 3468 1918 δέ
3502 1864 3643 1933 μετά
3670 1863 3768 1917 τοῦ

2190 1952 2456 2006 διαϐόλου·
2487 1952 2621 2005 ἀλλά
2651 1953 2714 2005 σὺ
2740 1952 2877 2023 μετά
2902 1950 3113 2004 Παύλου
3148 1946 3529 2017 στεφανοῦσαι.
3556 1946 3647 2017 Μὴ
3666 1946 3772 1999 τοί·

2191 2053 2287 2088 νυν
2316 2034 2481 2089 δέδιθι
2506 2034 2682 2105 λιμόν·
2714 2037 2797 2089 οὐ
2829 2034 2939 2104 γὰρ
2967 2030 3389 2102 ,ιιμοκωνήσει
3412 2032 3627 2098 Κύριος
3650 2034 3773 2099 ψυ-

2190 2118 2304 2189 χὰς
2332 2117 2594 2173 δικαίων.
2622 2118 2730 2172 Καὶ
2760 2118 2944 2188 ἐτερός
2989 2133 3122 2186 φησι
3165 2116 3325 2169 πάλιν
3355 2133 3369 2146 ·
3413 2115 3771 2183 Ἐπίρῤιψον

2182 2202 2287 2259 »ἐπὶ
2320 2201 2540 2269 Κύριον
2568 2200 2683 2267 τὴν
2709 2200 3004 2269 μέριμνάν
3024 2215 3163 2262 σου,
3197 2197 3297 2251 καί
3335 2198 3514 2263 αὐτός
3544 2213 3620 2251 σε
3643 2196 3769 2250 δια-

2189 2284 2415 2353 θρέψει.
2469 2284 2531 2336 Et
2570 2285 2678 2354 γάρ
2719 2284 2790 2336 τὰ
2833 2282 3089 2353 στρουθία
3128 2280 3221 2334 τοῦ
3264 2278 3434 2351 ἀγροῦ
3461 2280 3765 2350 διατρέφει,

2191 2367 2307 2430 πῶς
2336 2367 2394 2419 σὲ
2431 2367 2489 2419 οὐ
2524 2365 2838 2437 διαθρέψεις
2878 2367 2969 2434 Μὴ
3003 2365 3283 2435 γινώμεθα
3309 2362 3487 2416 τοίνυν
3526 2362 3769 2430 ὀλιγόπιο

2191 2466 2305 2503 στοι
2356 2449 2491 2521 μηδὲ
2537 2449 2868 2519 ὀλιγόψυχοι,
2912 2447 3209 2518 ἀγαπητοί.
3250 2447 3308 2499 '0
3346 2446 3455 2518 γάρ
3488 2444 3770 2516 βασιλείαν

2188 2534 2436 2607 οὐρανῶν
2485 2533 2953 2603 ἐπαγγειλάμενος
3006 2531 3103 2584 καὶ
3162 2529 3401 2584 τοσαῦτα
3451 2529 3654 2598 ἀγαθά,
3696 2529 3768 2582 τά

2189 2617 2430 2688 παρόντα
2463 2616 2581 2678 πῶς
2618 2616 2680 2668 οὐ
2717 2614 2914 2682 δώσει;
2949 2615 3040 2685 Μὴ
3075 2613 3345 2684 περιττῶν
3388 2610 3766 2681 ἐπιθυμῶμεν,

2188 2699 2304 2753 ἀλλ’
2325 2698 2659 2770 αὐταρκείας
2679 2696 2953 2768 ἐχώμεθα,
2978 2696 3073 2749 καὶ
3102 2696 3191 2748 ἀεὶ⁸
3228 2694 3623 2764 πλουτήσομεν·
3649 2711 3769 2746 σκεο

2189 2782 2456 2852 πάσματα
2479 2779 2732 2852 ζητῶμεν
2758 2782 2853 2835 καὶ
2882 2780 3109 2851 τροφάς,
3134 2779 3229 2833 καὶ
3257 2780 3476 2832 πάντων
3499 2777 3768 2847 ἐπιληψό-

2191 2865 2335 2935 μεθα
2389 2867 2483 2920 καὶ
2522 2865 2729 2919 τούτων
2775 2864 2871 2918 καὶ
2915 2863 3026 2917 τῶν
3060 2862 3238 2931 πολλῷ
3283 2861 3562 2931 μειζόνων.
3602 2862 3668 2915 Et
3707 2862 3767 2915 δέ

2188 2951 2374 3018 ἀλγεῖς
2433 2948 2517 3003 Et:
2572 2950 2664 3003 καὶ
2710 2949 2859 3003 κάτω
2901 2948 3149 3010 κύπτεις,
3204 2944 3514 3016 ἠϐουλόμην
3559 2962 3640 2999 σοι
3668 2944 3768 2999 τοῦ

2186 3031 2507 3103 ἠδικηκότος
2544 3031 2682 3103 μετά
2700 3032 2799 3102 τὴν
2831 3031 2987 3100 νίκην
3005 3030 3173 3096 δεῖξαι
3198 3029 3295 3100 τὴν
3320 3028 3518 3100 ψυχὴν,
3544 3028 3661 3092 πῶς
3682 3030 3772 3082 τέ-

2190 3132 2303 3185 φρα
2337 3115 2565 3184 γίνεται.
2600 3114 2710 3169 Καὶ
2748 3115 2857 3185 γάρ
2884 3116 2918 3185 ή
2953 3113 3201 3185 ἁμαρτία
3239 3111 3499 3166 τοιοῦτον·
3535 3112 3638 3176 ἕως
3667 3113 3770 3184 μὲν

2189 3196 2256 3251 ἂν
2286 3198 2553 3269 ἐργασθῇ,
2581 3197 2813 3268 παρέχει
2845 3198 2965 3250 τινὰ
3003 3196 3220 3267 ἡδονήν·
3247 3194 3399 3267 [Ml]
3437 3196 3566 3247 ὅταν
3596 3195 3652 3248 δὲ
3681 3211 3770 3248 τε-

2189 3280 2376 3353 λεσθῇ.
2412 3284 2533 3335 τότε
2561 3284 2594 3353 ή
2623 3282 2795 3353 μικρὰ
2819 3280 2980 3353 ἡδονὴ
3003 3278 3770 3349 ὐπεξίσταται.ἐπεισέρχεται

2188 3365 2245 3417 δὲ
2274 3365 2500 3436 ἀθυμία.
2534 3365 2716 3420 Ταῦτα
2748 3366 2844 3419 καὶ
2868 3366 2996 3419 ὅταν
3024 3364 3336 3436 ὐϐρίζωμέν
3372 3376 3526 3427 τινας
3560 3366 3771 3433 πάσχο-

2193 3464 2312 3519 μεν·
2360 3449 2583 3521 ῦστερον
2611 3449 2742 3519 γοῦν
2772 3449 2980 3502 ἑαυτῶν
3013 3447 3447 3520 κατηγοροῦμεν.
3491 3448 3647 3503 Οῦτω
3675 3449 3771 3502 καὶ

2190 3533 2320 3587 ’όταν
2369 3534 2877 3603 πλεονεκτήσωμεν,
2941 3532 3224 3603 χαίρομεν·
3291 3532 3431 3604 μετά
3487 3530 3545 3586 δὲ
3595 3530 3770 3586 ταῦτα

2190 3614 2528 3688 κεντούμεθα
2564 3615 2669 3669 ὐπὸ
2690 3612 2782 3668 τοῦ
2807 3613 3125 3679 συνειδότος.

2277 3761 2441 3834 Ὁρᾷς
2472 3760 2623 3829 παρά
2650 3760 2729 3832 τῷ
2755 3760 2886 3814 δεῖνι
2916 3759 3016 3832 τὴν
3038 3760 3217 3814 οίκίαν
3244 3760 3337 3814 τοῦ
3367 3760 3634 3826 πένητος;
3671 3763 3771 3817 Δά·

2191 3860 2411 3915 κρυσον,
2452 3843 2527 3913 μὴ
2558 3842 2648 3895 τὸν
2684 3843 3150 3913 ἀπεστερημένον,
3192 3843 3327 3897 ἀλλά
3358 3843 3450 3896 τὸν
3479 3843 3764 3914 είληφότα·

2190 3929 2252 3981 οὐ
2279 3927 2388 3999 γάρ
2436 3927 2656 3992 ἔδωκεν,
2685 3926 2801 3981 ἀλλ’
2828 3927 2987 3981 ἔλαϐε
3017 3928 3204 3982 κακόν.
3250 3928 3482 3981 Ἐκεῖνον
3528 3928 3627 3999 μὲν
3654 3930 3769 4001 γὰρ

2190 4011 2301 4064 τῶν
2339 4012 2626 4083 παρόντων
2672 4011 3066 4082 ἀπεστέρησεν,
3107 4012 3296 4065 ἐαυτὸν
3318 4011 3376 4064 δὲ
3409 4010 3518 4065 τῶν
3542 4012 3768 4083 ἀφάτων

2191 4095 2412 4165 ἀγαθῶν
2452 4094 2725 4162 ἐξέϐαλεν.
2752 4095 2816 4147 El
2859 4094 2968 4165 γάρ
3001 4095 3029 4147 6
3065 4096 3138 4167 μὴ
3164 4095 3287 4159 δοὺς
3334 4097 3442 4159 τοῖς
3471 4095 3767 4167 δεομένοις,

2191 4185 2270 4243 εἰς
2295 4180 2519 4249 γέενναν
2563 4180 2799 4239 ἄπεισιν.
2834 4180 2864 4233 6
2896 4178 3188 4248 λαμϐάνων
3226 4178 3295 4233 τά
3323 4178 3432 4233 τῶν
3472 4179 3765 4250 δεομένων,

2190 4263 2243 4316 τί
2271 4263 2553 4325 πείσεταις
2579 4262 2687 4314 Καὶ
2710 4262 2761 4314 τί
2790 4261 2849 4314 τὸ
2868 4261 3078 4330 κέρδος,
3109 4263 3294 4332 φησὶν,
3326 4262 3456 4316 ὅταν
3477 4262 3589 4331 ἐγὼ
3610 4262 3768 4316 πάθω

2191 4345 2410 4410 κακῶςς
2439 4345 2598 4413 Μέγα
2634 4343 2732 4414 μὸν
2757 4339 2851 4396 οῦν
2879 4344 2941 4397 τὸ
2961 4343 3174 4416 κέρδος.
3204 4346 3280 4397 Οὐ
3310 4346 3420 4416 γὰρ
3438 4347 3506 4415 τῇ
3526 4344 3766 4416 τιμωρίᾳ

2191 4428 2284 4481 τοῦ
2326 4429 2513 4491 κακῶς
2544 4427 2903 4497 πεποιηκότος
2943 4427 3124 4497 ῖστησί
3170 4445 3253 4480 σοι
3297 4427 3397 4498 τὴν
3433 4427 3698 4482 ἀντίδοσιν
3736 4430 3769 4481 6

2191 4511 2342 4575 Θεός·
2374 4512 2497 4562 ἐπεὶ
2525 4509 2681 4562 οὐδὲν
2708 4508 2775 4562 ἀν
2798 4504 2868 4579 ἦν
2895 4510 3057 4580 μέγα.
3096 4509 3161 4562 Τί
3192 4511 3299 4582 γάρ
3331 4510 3545 4579 δφελος,
3577 4512 3706 4564 ὅταν
3736 4523 3766 4551 ι

2192 4592 2303 4661 ἐγὼ
2331 4593 2487 4647 πάθω
2511 4592 2717 4657 κακῶς,
2751 4596 3003 4659 κάκεῖνος
3035 4596 3223 4667 πάσχῃ
3247 4593 3473 4661 κακῶς;
3503 4595 3675 4649 καίτοι
3703 4610 3767 4663 γι

2193 4676 2420 4740 πολλοὺς
2456 4672 2573 4729 οἶδα
2605 4677 2870 4747 μεγίστην
2906 4678 3260 4749 παραμυθίαν
3292 4677 3497 4749 ταύτην
3530 4677 3770 4749 ἡγούμέ·

2191 4778 2335 4824 νους,
2375 4760 2470 4813 καὶ
2497 4760 2557 4814 τὸ
2581 4762 2688 4814 πᾶν
2718 4761 3076 4831 ἀπειληφέναι
3104 4759 3441 4832 νομίζοντας,
3479 4760 3611 4814 ὅταν
3646 4762 3770 4824 τούς

2193 4845 2604 4915 ἐπηρεάσαντας
2631 4843 2780 4897 ίδωσι
2801 4842 3216 4913 κολαζομένους.
3249 4843 3389 4897 Ἀλλ’
3411 4844 3561 4912 ὅμως
3588 4845 3617 4897 6
3635 4842 3769 4907 Θεὸς

2192 4926 2290 4981 οὐκ
2316 4928 2374 4981 ἐν
2394 4926 2601 4990 τούτοις
2632 4927 2811 4996 ἵστησι
2837 4926 2934 4997 τὴν
2954 4926 3210 4998 ἀμοιϐήν.
3251 4926 3411 4980 Ἀλλά
3440 4925 3618 4996 βούλει
3656 4942 3766 4996 μα-

2193 5011 2311 5064 θεῖν
2352 5012 2451 5064 ὅσα
2493 5011 2561 5065 τά
2608 5010 2789 5078 ἀγαθά
2822 5026 2881 5063 σε
2918 5009 3248 5075 διαδέξεται;
3276 5009 3380 5061 Τὸν
3415 5008 3644 5078 οὐρανόν
3684 5024 3767 5060 σοι

2194 5094 2370 5147 πάντα
2397 5095 2623 5162 ἀνοίγει,
2655 5093 2763 5146 τῶν
2799 5093 2970 5162 ἀγίων
2998 5095 3145 5145 ποιεῖ
3168 5091 3525 5162 συμπολίτην,
3569 5091 3653 5153 είς
3676 5089 3769 5143 τὸν

2193 5176 2374 5229 αὐτῶν
2403 5177 2564 5247 χορὸν
2594 5176 2767 5230 τελεῖν
2797 5192 2857 5229 σε
2890 5176 3323 5245 παρασκευάζει,
3352 5173 3769 5245 ἁμαρτημάτων

2192 5259 2439 5323 ἀπολύει,
2470 5260 2785 5333 δικαιοσύνῃ
2811 5263 3081 5330 στεφανοῖ.
3124 5261 3187 5313 El
3210 5259 3319 5331 γάρ
3348 5262 3400 5313 οἱ
3432 5261 3546 5323 τοῖς
3589 5259 3761 5328 ἠμαρσ

2192 5345 2416 5413 τηκόσιν
2440 5344 2692 5412 ἀφιέντες
2714 5343 3074 5414 τυγχάνουσιν
3114 5344 3386 5413 ἀφέσεως.
3418 5345 3470 5396 οί
3492 5345 3574 5414 μὴ
3607 5342 3770 5413 μόνον

2193 5428 2467 5495 ἀφιέντες,
2506 5427 2643 5481 ἀλλά
2691 5427 2787 5480 καὶ
2817 5426 3341 5497 ἐπιδαψιλευόμενοι,
3374 5426 3519 5487 τίνος
3550 5426 3612 5479 οὐ
3648 5425 3773 5478 τεύ-

2195 5509 2374 5577 ξονται
2408 5509 2657 5578 εὐλογίας
2680 5509 2730 5575 ι);
2762 5507 2852 5579 Μὴ
2879 5510 3057 5564 τοίνυν
3077 5510 3319 5577 ἀγεννῶς
3346 5509 3597 5579 ἐνέγκῃς,
3633 5506 3773 5561 ἀλλά

2194 5592 2290 5646 καὶ
2340 5588 2495 5657 εὖξαι
2532 5592 2675 5662 ὑπὲρ
2719 5591 2815 5646 τοῦ
2857 5591 3198 5664 ἠδικηκότος·
3242 5593 3383 5663 ὑπὲρ
3431 5592 3542 5662 γὰρ
3566 5588 3774 5643 σαυτοῦ

2256 5809 2281 5839 ⁸
2320 5807 2596 5878 ιεειεὺᾳιιιν,
2621 5810 2678 5870 εί,
2700 5806 2923 5878 εοίωςε..
2957 5807 2983 5848 δ
3000 5805 3153 5878 SAa-Vill.
3211 5811 3264 5856 et
3305 5806 3499 5878 κοί-ει..
3536 5805 3772 5878 εὐλογίας,

2194 5872 2342 5983 nega.
2382 5866 2674 5983 ἀπολογία-ς,
2704 5878 2758 5921 el.
2798 5870 3037 5932 delegi:
3058 5868 3323 5930 interpres.
3364 5868 3582 5930 Ulraquc
3617 5866 3771 5915 lectio

2197 5951 2289 5999 qua
2329 5948 2379 5983 ra
2407 5970 2419 5983 .
