4086 6214
315 351 415 405 157

311 480 500 537 jussus
536 470 623 517 est
653 479 668 515 :
698 461 846 515 illum
873 457 1017 514 enim
1047 455 1222 527 coegit
1262 453 1601 507 adversarius
1630 459 1686 505 et
1712 449 1896 503 dolere

307 567 362 613 et
399 552 608 626 judicio
632 547 1153 622 contendere.Quid
1180 546 1320 600 enim
1363 542 1503 614 quod
1533 539 1744 594 vicisti?
1773 538 1898 607 quid

308 647 458 720 quod
486 645 767 701 universas
790 642 1043 712 accepisti
1072 639 1323 710 pecunias
1343 637 1367 690 ?
1387 635 1538 702 Quod
1564 634 1782 688 uolebas
1815 631 1895 684 iii-

315 740 475 795 terim
523 752 715 809 passus
743 750 803 791 es
826 774 842 800 ,
871 743 928 788 ut
951 741 1168 786 coactus
1195 730 1247 783 in
1281 729 1483 800 judicio
1525 728 1896 781 contenderes.

311 830 368 886 Si
421 844 552 884 vero
589 827 923 897 iniquitatem
965 823 1124 887 feras,
1158 821 1331 874 vincis
1369 819 1602 890 privatus
1638 815 1896 886 pecuniis.

314 923 410 978 sed
443 936 550 976 non
581 919 802 974 victoria
833 932 953 988 quze
979 924 1061 970 est
1098 915 1168 968 ob
1208 923 1407 968 tantam
1460 909 1850 981 philosophiam
1885 925 1897 961 :

314 1028 419 1066 non
450 1011 624 1081 potuit
659 1011 801 1065 enim
835 1007 925 1062 ille
955 1016 1006 1062 te
1031 1021 1224 1076 cogere
1250 1003 1315 1057 ad
1339 1002 1390 1057 id
1413 1001 1734 1064 faciendum,
1759 998 1896 1068 quod

313 1101 557 1157 nolebas.
587 1100 740 1168 Quod
771 1108 952 1154 autem
979 1097 1082 1152 boc
1107 1096 1178 1150 sit
1203 1111 1428 1161 verum,
1458 1093 1544 1147 die
1572 1093 1698 1146 mihi
1728 1108 1741 1147 :
1771 1092 1900 1156 Quis

311 1193 441 1246 vicit
465 1233 482 1257 ,
527 1190 811 1246 invidusne
835 1230 850 1254 ,
891 1204 959 1242 an
988 1190 1034 1243 is
1086 1186 1176 1256 qui
1213 1185 1425 1256 jacebat
1451 1185 1502 1238 in
1531 1180 1899 1252 sterquilinio?

309 1284 438 1352 quis
464 1292 751 1354 superatus
777 1290 861 1337 est
885 1322 901 1344 ,
929 1297 996 1335 an
1023 1279 1147 1341 Job,
1175 1279 1261 1334 cui
1287 1277 1465 1333 omnia
1507 1277 1725 1345 abrepta
1752 1284 1898 1338 sunt,

308 1391 378 1429 an
421 1375 513 1445 qui
543 1375 720 1429 omnia
744 1374 859 1445 ipse
879 1373 1097 1428 abstulit
1115 1372 1356 1427 diabolus
1376 1372 1399 1424 ?
1419 1370 1772 1440 Conspicuam
1796 1379 1897 1434 est,

309 1468 456 1537 quod
487 1469 533 1521 is
559 1469 648 1537 qui
675 1468 855 1522 omnia
880 1467 982 1537 ipsi
1009 1465 1227 1520 abstulit
1250 1465 1514 1520 diabolus.
1543 1466 1710 1532 Quem
1742 1462 1902 1517 mira-

311 1574 436 1618 mur
461 1559 534 1612 ob
560 1557 836 1612 victoriam
859 1600 876 1622 ,
919 1557 1262 1612 diabolutune
1287 1558 1374 1626 qui
1405 1556 1685 1625 percussit,
1714 1571 1781 1608 an
1808 1554 1902 1610 Jo-

314 1649 438 1702 bum
469 1649 828 1718 percussum?
856 1648 1037 1702 Palam
1063 1658 1166 1714 est,
1195 1646 1334 1718 quod
1363 1647 1576 1702 Jobnni.
1607 1647 1764 1716 Atqui
1793 1662 1898 1700 non

315 1739 487 1806 potuit
527 1747 819 1808 pereuntes
848 1739 1100 1806 pecunias
1147 1739 1384 1791 retinere
1410 1778 1424 1799 ,
1457 1752 1561 1789 non
1588 1735 1728 1789 lilios
1767 1750 1896 1790 suos

312 1843 554 1883 servare.
586 1828 788 1898 Ecquid
817 1828 938 1882 dico
963 1828 1218 1898 pecunias
1243 1837 1298 1884 et
1344 1829 1524 1882 lilios?
1550 1827 1793 1898 corporis
1819 1827 1900 1880 sui

315 1919 544 1973 salutem
587 1933 808 1974 servare
837 1934 943 1973 non
988 1919 1178 1990 potuit.
1210 1921 1460 1974 Attamen
1488 1919 1575 1973 bic
1600 1928 1681 1973 est
1709 1919 1797 1988 qui
1826 1917 1904 1971 vi-

313 2014 387 2066 cit
424 2014 517 2082 qui
556 2013 736 2066 omnia
764 2028 858 2067 sua
900 2013 1099 2069 amisit.
1130 2011 1390 2068 Pecunias
1416 2012 1627 2081 quidem
1668 2010 1903 2065 retinere

314 2121 423 2158 non
450 2106 663 2174 potuit,
695 2105 944 2176 pietatem
973 2121 1101 2160 vero
1128 2120 1248 2159 cum
1278 2105 1422 2158 ouini
1450 2104 1793 2158 accuratione
1821 2119 1903 2156 re-

317 2197 500 2250 tinttit.
532 2195 637 2251 Sed
666 2197 1010 2266 pereuntibus
1039 2197 1160 2250 [iliis
1188 2214 1292 2252 non
1321 2212 1476 2266 opem
1509 2195 1646 2250 tulit.
1676 2197 1742 2250 Et
1768 2195 1894 2264 quid

313 2286 462 2341 hoc?
489 2301 614 2340 nam
638 2287 758 2341 illos
779 2287 894 2354 ipse
918 2301 1074 2341 casus
1095 2287 1484 2357 splendidiores
1504 2285 1736 2341 reddidit
1761 2303 1777 2352 ;
1801 2286 1903 2340 sibi

313 2394 534 2449 quoque
563 2378 720 2433 malis
747 2378 939 2433 ali'ecto
977 2380 1226 2434 similiter
1251 2395 1409 2451 opem
1453 2380 1590 2434 tulit.
1635 2378 1748 2434 Nisi
1777 2393 1904 2434 vero

314 2471 458 2524 male
486 2485 681 2540 passus
706 2479 763 2526 et
786 2470 978 2540 injuria
1006 2469 1230 2526 affectus
1257 2485 1286 2524 a
1313 2469 1528 2524 diabolo
1556 2469 1763 2532 fuisset,
1795 2485 1904 2523 non

312 2560 654 2629 splendidam
685 2561 830 2614 illam
859 2561 1130 2617 retulisset
1157 2560 1453 2616 victoriam.
1483 2561 1538 2616 Si
1566 2561 1761 2616 malum
1787 2570 1906 2617 erat

315 2651 515 2720 injuria
537 2649 701 2716 aflici,
732 2668 838 2706 non
867 2651 918 2708 id
946 2651 1100 2706 nobis
1114 2651 1360 2721 jussisset
1386 2651 1528 2706 Deus
1557 2667 1573 2706 z
1604 2652 1739 2705 mala
1757 2652 1903 2708 enim

320 2745 464 2798 Deus
512 2760 618 2798 nou
641 2744 796 2813 jubet
825 2762 838 2799 :
870 2759 935 2798 an
964 2745 1187 2799 nescitis
1228 2743 1370 2814 quod
1399 2745 1514 2813 ipse
1538 2744 1608 2798 sit
1636 2744 1774 2799 Deus
1800 2746 1907 2814 glo-

314 2836 456 2890 rim?
484 2850 584 2890 nec
633 2851 732 2891 nos
773 2837 1029 2892 voluisset
1070 2836 1400 2905 turpitudine
1423 2875 1440 2902 ,
1471 2837 1583 2891 risu
1609 2846 1663 2892 et
1705 2837 1906 2891 damno

316 2930 636 2992 involvere.
683 2929 777 2984 sed
820 2929 1088 2983 contraria
1131 2928 1440 2984 conciliare.
1490 2929 1615 2984 Ideo
1633 2930 1784 2998 jubet
1809 2945 1906 2984 nos

317 3021 569 3090 injuriam
599 3023 729 3091 pati,
758 3021 996 3090 nihilque
1023 3036 1128 3074 non
1158 3021 1262 3090 agit
1295 3032 1351 3074 ut
1380 3036 1477 3076 nos
1503 3037 1533 3076 a
1559 3022 1906 3077 saecularibus

318 3113 618 3179 abstrahat,
647 3122 702 3168 et
744 3112 1062 3182 persuadeat
1103 3111 1233 3180 quid
1267 3113 1336 3167 sit
1357 3112 1549 3184 gloria,
1577 3113 1703 3185 quid
1744 3115 1924 3185 turpi-.

321 3207 471 3269 tudo,
504 3205 634 3276 quid
659 3205 935 3271 damnum,
963 3203 1088 3274 quid
1117 3204 1343 3258 lucrum.

393 3299 448 3352 6.
477 3297 587 3352 Sed
616 3296 812 3351 durum
841 3305 924 3351 est
950 3296 1144 3366 injuria
1172 3306 1226 3350 ct
1253 3296 1451 3350 damno
1476 3295 1663 3350 allici?
1687 3296 1804 3352 Non
1827 3306 1910 3352 est

319 3390 541 3454 durum,
595 3405 700 3443 non
747 3398 850 3451 est,
897 3405 930 3442 o
975 3388 1170 3443 homo!
1222 3386 1507 3458 Usquequo
1560 3389 1910 3457 pra-sentibus

319 3481 500 3535 inbias
519 3481 543 3533 ?
565 3479 750 3548 Neque
779 3479 921 3533 enim
945 3479 1045 3534 hoc
1073 3479 1426 3550 princepisset
1446 3479 1605 3546 Deus,
1634 3480 1679 3535 si
1708 3482 1906 3536 malum

320 3584 486 3628 esset.
535 3569 829 3628 Considera
885 3581 1061 3625 autem
1104 3589 1119 3626 :
1160 3572 1250 3639 qui
1297 3571 1540 3640 injuriam
1580 3573 1722 3634 fecit,
1780 3574 1910 3628 abiit

323 3665 577 3737 pecunias
613 3663 838 3729 habens,
883 3663 979 3718 sed
1010 3663 1204 3717 malam
1235 3678 1446 3733 quoque
1471 3665 1854 3718 conscientiam
1889 3683 1904 3720 :

322 3759 412 3828 qui
439 3765 620 3811 autem
652 3755 842 3823 injuria
875 3755 1031 3809 lamus
1059 3764 1143 3810 est
1165 3795 1180 3819 ,
1217 3755 1458 3824 pecuniis
1481 3755 1698 3826 quidem
1731 3772 1909 3826 priva-

326 3857 412 3903 tus
437 3845 535 3901 fuit
562 3886 579 3913 ,
609 3845 704 3900 sed
733 3844 980 3900 fiduciam
1019 3845 1162 3912 apud
1190 3845 1354 3900 Deum
1387 3845 1549 3900 habet
1573 3886 1588 3912 ,
1615 3848 1910 3916 possessio-

324 3957 448 3996 nem
478 3941 626 3993 mille
657 3938 922 3994 thesauris
949 3937 1340 4009 pretiosiorem.
1364 3936 1490 3992 ibeo
1511 3952 1631 3991 cum
1652 3937 1905 4005 sciamus,

321 4046 391 4085 ex
422 4029 698 4100 proposito
731 4029 1019 4082 voluntatis
1064 4027 1539 4098 philosophentur,
1586 4041 1682 4081 nec
1721 4028 1906 4081 eadem

321 4136 451 4190 qua:
480 4119 628 4172 stulti
655 4119 943 4189 patiamur,
971 4118 1062 4188 qui
1109 4127 1234 4172 tunc
1277 4131 1339 4172 se
1379 4133 1484 4170 non
1523 4115 1713 4187 injuria
1751 4118 1908 4172 laesos

323 4220 562 4281 putant,
591 4226 708 4263 cum
738 4211 841 4265 hoc
869 4210 973 4264 illis
999 4225 1028 4262 2
1049 4208 1251 4278 judicio
1280 4208 1492 4262 accidit.
1526 4209 1754 4263 Prorsus
1783 4224 1909 4262 vero

323 4320 355 4357 e
376 4302 654 4356 contrario
681 4302 809 4356 illud
840 4310 924 4356 est
961 4301 1212 4355 damnum
1243 4299 1532 4354 maximum
1557 4340 1573 4367 ,
1615 4310 1670 4354 et
1701 4301 1911 4354 univer-

326 4396 426 4450 sim
457 4394 678 4464 quando
708 4410 814 4448 non
846 4393 1289 4464 philosophantur
1320 4401 1511 4462 sponte
1558 4402 1736 4446 nostra
1755 4433 1769 4456 ,
1813 4392 1909 4447 sed

329 4485 455 4538 inde
489 4485 747 4554 superati.
782 4485 920 4538 Nihil
961 4485 1102 4540 enim
1136 4483 1266 4538 lucri
1295 4487 1537 4538 relcrunt
1565 4483 1652 4552 qui
1675 4484 1910 4552 superati

328 4591 358 4626 a
383 4575 591 4643 judicio
616 4615 632 4640 ,
664 4574 717 4628 id
745 4577 1020 4643 patiuntur
1053 4592 1066 4628 :
1097 4589 1217 4628 nam
1251 4583 1374 4628 tunc
1413 4577 1627 4628 demum
1667 4573 1798 4627 illud
1841 4590 1908 4628 ex

331 4666 655 4719 necessitate
689 4667 764 4718 lit.
790 4667 1044 4730 Qna'nam
1071 4680 1198 4733 ergo
1227 4664 1502 4734 splendida
1537 4663 1756 4718 victoria
1784 4665 1910 4719 est?

329 4756 554 4822 Quando
577 4764 632 4809 tu
663 4757 712 4808 id
742 4755 1071 4824 deSpexeris,
1100 4757 1310 4825 quando
1329 4755 1530 4824 judicio
1555 4772 1660 4809 nou
1687 4766 1911 4810 centen-

331 4848 498 4903 deris.
527 4846 669 4915 Quid
707 4847 879 4902 dicis?
919 4848 1099 4901 omnia
1129 4845 1256 4900 mibi
1302 4848 1476 4899 ablata
1512 4847 1648 4900 bona
1678 4856 1820 4912 sunt,
1859 4857 1914 4901 et

332 4941 492 4996 silere
522 4939 717 5008 iubes?
758 4939 955 4994 danmo
983 4940 1207 4994 affectus
1235 4952 1351 4991 sum
1373 4977 1389 5003 ,
1438 4947 1496 4992 ut
1526 4947 1804 4994 mansuete
1832 4939 1911 4993 fe-

334 5051 448 5088 ram
478 5033 762 5088 hortaris?
807 5043 860 5088 et
894 5032 1162 5104 quomodo
1203 5030 1330 5086 illud
1373 5033 1596 5101 potero?
1641 5031 1916 5088 Facillime

335 5131 542 5200 utique,
571 5130 616 5184 si
652 5130 705 5184 in
746 5129 935 5183 ctelum
962 5128 1265 5198 respexeris
1293 5168 1306 5190 ,
1336 5127 1380 5182 si
1413 5124 1611 5180 videris
1639 5125 1776 5180 hanc
1800 5127 1916 5194 pul-

333 5221 695 5277 chritudinem
715 5229 769 5275 et
790 5220 880 5274 ubi
913 5231 966 5274 te
990 5229 1361 5289 suscepturum
1393 5233 1514 5272 esse
1546 5219 1683 5271 Dens
1714 5220 1916 5286 pollici-

336 5323 422 5368 tus
441 5314 535 5377 sit,
566 5313 612 5367 si
649 5311 897 5384 iujuriam
917 5325 1180 5381 generose
1209 5310 1367 5364 feras.
1402 5309 1513 5363 lloc
1535 5309 1713 5378 itaque
1734 5309 1912 5370 facito,

336 5413 388 5458 et
415 5412 698 5473 postquam
722 5403 914 5456 caelum
945 5398 1261 5468 reapexeris,
1294 5400 1467 5468 cogita
1495 5407 1548 5454 te
1570 5399 1800 5452 similent
1828 5399 1918 5450 la-

337 5505 479 5549 etum
507 5508 632 5549 esse
650 5494 723 5559 ei,
756 5493 845 5562 qui
878 5492 987 5545 illic
1004 5505 1166 5561 super
1189 5488 1478 5544 Cherubim
1507 5490 1681 5544 sedet.
1705 5487 1837 5543 Nam
1863 5499 1918 5543 et

341 5584 426 5640 ille
449 5583 782 5640 contumelia
808 5581 1032 5639 affectus
1056 5590 1158 5649 est,
1187 5589 1242 5636 et
1261 5579 1314 5635 id
1341 5581 1497 5645 tulit;
1525 5589 1580 5635 ct
1609 5581 1818 5650 probris
1837 5589 1919 5635 est

339 5675 578 5746 allectus,
609 5691 713 5732 nec
742 5689 864 5728 sese
893 5682 977 5728 est
1007 5672 1182 5738 ultus;
1210 5672 1378 5740 sputis
1401 5669 1786 5725 debonestatus
1813 5679 1915 5735 est,

342 5780 392 5826 ct
419 5789 523 5827 ttou
553 5785 677 5827 sese
705 5768 995 5822 vindicavit
1023 5806 1037 5834 ,
1067 5767 1158 5822 sed
1205 5765 1485 5820 contrariis
1517 5766 1874 5822 rctnuneravit
1898 5805 1913 5833 ,

1343 336 1406 391 IN
1445 331 1663 391 EPIST.
1789 330 1880 385 AD
1918 329 2073 384 COIl.
2118 329 2344 385 IIUMIL.
2389 329 2523 384 XVI.

3490 339 3592 391 28

2017 445 2315 500 innumeris
2355 447 2591 500 alliciens
2621 446 2886 502 benelieiis
2915 464 3007 504 cos
3054 451 3143 519 qui
3181 454 3304 508 talia
3335 454 3588 524 feceram,

2005 547 2059 592 et
2098 553 2194 591 nos
2221 539 2387 608 ipsius
2417 540 2712 593 imitatores
2753 557 2871 595 esse
2891 543 3068 610 jussit.
3097 544 3280 615 Cogita
3310 559 3360 603 te
3390 551 3591 605 nudum

2006 628 2200 681 cxiissc
2231 644 2296 682 ex
2328 639 2479 682 utero
2526 631 2708 683 matris
2751 641 2853 684 tua:
2880 649 2893 697 ;
2930 636 3102 686 nntius
3138 643 3426 696 reverteris

2007 730 2059 773 et
2081 718 2169 788 qui
2203 729 2252 773 le
2270 719 2444 774 affecit
2475 721 2699 790 injuria;
2731 723 2838 778 imo
2870 741 2996 779 vero
3027 727 3116 782 ille
3142 746 3262 783 cum
3294 733 3588 790 innumeris

2009 811 2316 866 vulneribus
2341 853 2354 875 ,
2392 829 2510 882 quze
2541 829 2751 869 vermes
2781 817 3017 884 gignant.
3047 819 3229 890 Cogita
3271 825 3412 892 quod
3444 837 3582 878 temu

2009 919 2241 973 poranea
2273 905 2376 958 sint
2404 907 2736 970 przesentia:
2773 916 2942 963 tecum
2975 923 3160 980 reputt
3205 917 3448 984 sepulcra
3474 936 3586 971 ma-

2001 993 2202 1062 jorum.
2257 995 2410 1050 Disce
2448 1007 2630 1066 aperte
2669 1013 2730 1053 ca
2775 1017 2893 1069 qua:
2928 1000 3061 1056 facta
3095 1015 3262 1072 sunt,
3303 1019 3357 1063 et
3387 1011 3592 1066 videbis

2011 1085 2238 1156 eumqui
2271 1097 2320 1140 te
2351 1087 2544 1156 injuria
2575 1087 2748 1143 affecit
2773 1132 2786 1152 .
2814 1101 2864 1146 te
2887 1095 3157 1149 fortiorem
3197 1098 3387 1156 fecisse
3415 1121 3428 1156 :
3473 1120 3593 1173 pas-

2007 1176 2212 1230 sionem
2255 1193 2482 1247 namque
2529 1194 2680 1234 suam
2714 1185 3015 1252 graviorem
3043 1190 3308 1255 reddidit;
3351 1208 3589 1252 amorem

2009 1269 2246 1336 pecuniae
2269 1269 2421 1333 dico;
2452 1280 2595 1327 luant
2626 1289 2753 1328 vero
2782 1275 3185 1334 imbecilliorem
3216 1325 3229 1346 ,
3257 1285 3435 1338 ablato
3461 1285 3592 1342 fera:

2010 1359 2148 1412 illius
2177 1360 2452 1414 alimento.
2487 1364 2565 1416 Ad
2599 1363 2714 1418 huic
2739 1381 2867 1420 vero
2900 1379 2949 1422 te
2976 1370 3220 1426 liberavit
3250 1390 3279 1427 a
3313 1379 3455 1432 curis
3481 1422 3494 1441 ,
3524 1384 3594 1434 ali

2007 1448 2168 1502 animi
2195 1466 2414 1520 angore,
2437 1453 2504 1507 ab
2534 1454 2731 1510 invidia
2763 1460 3212 1528 sycophantarmn
3239 1507 3252 1530 ,
3281 1483 3310 1519 a
3343 1473 3494 1524 turba
3516 1513 3531 1536 ,
3562 1493 3591 1526 a

2009 1542 2256 1607 tumultu,
2286 1559 2314 1596 a
2349 1557 2606 1615 perpetuo
2634 1558 2811 1615 metu;
2839 1563 2894 1606 et
2924 1555 3188 1610 malorum
3218 1561 3503 1619 colluviem
3539 1569 3589 1620 in

2006 1643 2165 1700 eaput
2191 1649 2343 1688 suum
2373 1640 2660 1707 congessit.
2693 1641 2829 1705 Quid
2864 1643 3044 1712 igitur,
3081 1648 3124 1700 si
3153 1665 3274 1704 cum
3310 1655 3470 1720 fame,
3506 1659 3588 1712 iii-

2007 1725 2178 1816 quies,
2207 1730 2551 1782 Concertem?
2587 1731 2722 1784 Cum
2767 1733 2934 1787 Paulo
2965 1736 3063 1792 hoc
3103 1743 3322 1808 pateris.
3351 1749 3438 1816 qui
3470 1750 3543 1804 ait
3573 1771 3586 1805 :

2011 1812 2179 1884 Usque
2203 1817 2252 1867 t'n
2276 1817 2406 1870 hanc
2431 1819 2609 1872 harant
2632 1831 2677 1874 et
2704 1825 2950 1877 esurimus
2976 1837 3023 1880 ct
3049 1831 3245 1886 sitiinus
3274 1846 3320 1886 et
3351 1812 3476 1890 nudi
3504 1857 3590 1893 su-

2008 1921 2118 1958 mus
2147 1907 2224 1974 (.
2258 1909 2378 1960 Cor.
2409 1910 2460 1963 .i.
2495 1910 2551 1964 ll
2577 1912 2620 1980 ).
2656 1915 2722 1966 At
2751 1915 2859 1976 ille,
2891 1917 3119 1986 inquies,
3152 1935 3370 1994 propter
3399 1931 3580 1986 Deum.

2010 1996 2074 2050 Et
2104 2008 2156 2050 tu
2202 2015 2411 2068 quoque
2454 2012 2669 2070 pmpter
2714 2004 2878 2059 Deum
2912 2025 2930 2065 :
2961 2013 3176 2078 quando
3216 2018 3357 2072 ettittt
3399 2037 3505 2076 nun
3540 2035 3592 2079 te

2010 2089 2151 2143 ultus
2179 2087 2368 2156 fueris,
2395 2105 2611 2162 prepter
2643 2095 2809 2150 Deum
2843 2099 2893 2152 id
2923 2101 3114 2157 fecisti.
3144 2108 3248 2162 Sed
3274 2113 3364 2180 qui
3392 2129 3478 2168 me
3506 2117 3588 2170 in~

2005 2179 2144 2247 juria
2172 2180 2368 2246 a'ecit,
2401 2199 2521 2238 cmn
2550 2185 2802 2242 divitibus
2825 2189 2876 2244 in
2900 2193 3106 2248 deliciis
3127 2179 3303 2268 degit.
3325 2202 3432 2262 lino
3461 2221 3592 2262 vero

2009 2286 2130 2322 cum
2155 2271 2368 2326 diabolo
2402 2291 2416 2326 :
2447 2274 2541 2329 sed
2573 2283 2627 2329 tu
2661 2291 2781 2332 cum
2827 2280 2991 2336 laulo
3021 2290 3313 2344 coronaris.
3345 2292 3424 2347 Ne
3457 2311 3586 2366 ergo

2009 2361 2203 2416 famem
2241 2363 2466 2420 timeas:
2504 2365 2623 2421 Non
2658 2371 2790 2422 enim
2816 2373 2952 2439 {mne
2991 2378 3183 2432 necabit
3217 2379 3351 2436 Deus
3388 2361 3588 2442 annuus

2000 2457 2260 2524 juslarum
2304 2459 2322 2529 (
2350 2456 2503 2512 Prov.
2533 2460 2618 2515 10.
2644 2461 2737 2534 5).
2768 2464 2836 2518 Et
2871 2467 3010 2522 alius
3039 2485 3248 2526 rursum
3279 2478 3352 2530 ait
3395 2495 3410 2532 :
3436 2478 3591 2534 Jacta

2007 2563 2160 2616 super
2191 2549 2461 2604 Dominum
2489 2569 2664 2606 curam
2693 2565 2853 2620 tuam,
2886 2571 2934 2613 et
2961 2562 3068 2629 ipse
3094 2573 3141 2616 te
3165 2570 3376 2622 enutriet
3397 2572 3414 2642 (
3439 2571 3584 2628 Paul.

2009 2640 2098 2695 54.
2138 2641 2208 2695 23
2229 2642 2272 2712 ).
2305 2643 2360 2697 Si
2387 2645 2532 2698 enim
2561 2662 2807 2716 passeres
2849 2655 2959 2720 agri
2993 2659 3198 2723 nutrit,
3238 2640 3506 2730 quomodo
3535 2678 3588 2722 te

2010 2749 2114 2826 non
2146 2735 2478 2826 nutrict?Ne
2505 2738 2673 2792 simus
2694 2755 2823 2809 ergo
2852 2744 3072 2798 modica:
3101 2748 3221 2802 lidei
3252 2790 3267 2816 ,
3297 2770 3470 2824 neque
3497 2775 3592 2826 pu-

2009 2824 2319 2886 sillanimes,
2405 2825 2608 2880 dilecti.
2633 2830 2732 2895 Qui
2759 2832 2904 2885 enim
2928 2850 3151 2904 regnum
3179 2841 3434 2898 caelorum
3468 2824 3588 2915 prro-

2013 2917 2102 2967 mi:
2120 2916 2156 2967 it
2189 2926 2242 2970 et
2268 2925 2410 2969 tanta
2437 2917 2576 2972 bona
2600 2959 2615 2983 ,
2659 2924 2940 2988 praesentia
2973 2929 3242 2994 quomodo
3269 2949 3378 2988 non
3403 2937 3590 2994 dabit?

2011 3005 2084 3059 Ne
2111 3007 2375 3076 superua
2393 3007 2781 3076 desideremus,
2805 3014 2896 3067 sed
2918 3018 3059 3084 quod
3081 3020 3331 3091 sufficiat,
3361 3036 3415 3082 et
3440 3047 3588 3088 sein-

2013 3111 2106 3165 per
2131 3098 2322 3151 divites
2360 3098 2562 3154 erimus
2611 3117 2624 3153 :
2674 3111 3035 3172 tegumentum
3074 3127 3377 3182 quaeramus
3412 3130 3467 3174 et
3493 3125 3592 3179 ali-

2014 3197 2212 3255 menta,
2240 3199 2293 3243 et
2319 3192 2496 3245 omnia
2525 3193 2868 3264 accipiemus,
2898 3207 2953 3252 et
2981 3198 3097 3256 haec
3114 3207 3352 3262 ctmulto
3367 3213 3589 3282 majora.

2014 3284 2068 3336 Si
2117 3293 2296 3340 autem
2336 3286 2512 3342 adhuc
2551 3289 2704 3344 doles
2739 3302 2793 3344 et
2829 3291 3080 3349 deorsum
3111 3300 3369 3370 respicis,
3399 3308 3588 3364 vellem

2017 3377 2107 3430 tibi
2136 3376 2252 3446 ejus
2277 3378 2368 3446 qui
2410 3388 2463 3432 tc
2492 3379 2682 3449 injuria
2704 3381 2881 3436 ali'ccit
2905 3385 3136 3441 animam
3167 3403 3291 3460 post
3316 3397 3589 3457 victoriam

2015 3469 2320 3536 ostendere,
2351 3472 2617 3538 quomodo
2645 3474 2781 3528 cinis
2810 3475 2948 3531 facta
2977 3479 3065 3532 sit.
3099 3480 3226 3538 Tale
3259 3501 3488 3558 namque
3509 3506 3593 3550 est

2017 3569 2292 3630 peccatum
2321 3579 2333 3614 :
2365 3562 2617 3632 quamdiu
2645 3577 2905 3633 patratur,
2937 3574 3222 3640 quamdam
3265 3579 3590 3652 voluptati-in

2013 3655 2197 3719 alfert;
2221 3657 2432 3726 quando
2448 3665 2629 3712 autem
2654 3673 3081 3718 consummatum
3101 3677 3204 3733 cst,
3234 3678 3359 3728 tunc
3380 3677 3590 3733 modica

2015 3745 2102 3798 illa
2121 3745 2362 3814 voluptas
2383 3747 2580 3815 avolat,
2599 3750 2838 3804 succedit
2855 3762 3031 3808 autem
3048 3758 3212 3821 animi
3232 3777 3451 3819 mceror.
3470 3768 3595 3824 llu-c

2017 3851 2175 3903 porro
2209 3836 2463 3906 patimur,
2493 3853 2614 3892 cum
2653 3841 2912 3909 quosdam
2941 3849 3262 3904 contumelia
3287 3854 3587 3925 allicimus;

2017 3939 2200 3997 postea
2239 3943 2365 3982 vero
2400 3944 2498 3983 nos
2521 3931 2664 3998 ipsos
2697 3945 3033 3988 accusamus.
3055 3939 3144 3992 Sic
3165 3943 3324 3997 etiam
3353 3963 3473 4001 cunt
3503 3969 3558 4003 ra
3579 3983 3591 3991 .

2017 4021 2209 4088 pimus,
2236 4020 2549 4088 gaudemus;
2564 4020 2754 4074 deinde
2768 4015 2892 4076 vero
2903 4041 2931 4078 a
2945 4030 3266 4086 conscientia
3289 4039 3593 4106 puugimur.

2090 4111 2191 4177 Qui
2225 4112 2389 4180 egenis
2412 4127 2512 4165 non
2560 4110 2925 4183 eleentosynam
2960 4131 3132 4189 erogat
3156 4162 3169 4186 ,
3210 4124 3266 4177 in
3313 4128 3595 4196 gehennam

2017 4203 2248 4254 nutritur.
2275 4227 2345 4240 -
2375 4201 2532 4257 Vides
2555 4203 2696 4272 apud
2727 4208 3028 4274 qnempiam
3065 4211 3286 4269 domum
3309 4222 3596 4289 paupezis?

2020 4296 2164 4350 Delie
2187 4335 2203 4359 ,
2233 4311 2340 4349 non
2367 4311 2488 4350 eum
2513 4296 2602 4365 qui
2623 4297 2861 4367 privatus
2890 4302 2986 4354 fuit
3008 4342 3024 4366 ,
3048 4305 3140 4358 sed
3171 4322 3292 4362 cum
3323 4312 3413 4379 qui
3438 4327 3596 4369 ac-

2021 4387 2132 4454 pit;
2169 4400 2273 4439 non
2302 4385 2445 4438 enim
2485 4385 2652 4452 dedit,
2685 4388 2778 4440 sed
2805 4392 3010 4460 accepit
3039 4394 3257 4450 malum.
3281 4397 3414 4454 Nam
3441 4402 3589 4459 illum

2017 4478 2231 4548 quidem
2259 4479 2614 4546 prmscntibus
2635 4480 2912 4547 spoliavit,
2940 4498 2998 4538 se
3027 4501 3155 4540 vero
3181 4504 3244 4542 ex
3268 4491 3427 4547 bouis
3455 4496 3588 4551 inef-

2020 4569 2266 4622 iabilibus
2292 4568 2468 4638 ejecit.
2508 4567 2640 4622 Nam
2672 4571 2716 4624 si
2747 4572 2791 4624 is
2812 4615 2824 4633 ,
2857 4573 2946 4643 qui
2977 4584 3158 4645 egenis
3187 4597 3290 4634 non
3317 4584 3592 4655 elargitur,

2021 4661 2071 4714 iu
2101 4660 2401 4728 gehennam
2431 4660 2569 4727 abit;
2597 4661 2687 4730 qui
2718 4663 2801 4716 illa
2837 4681 2956 4734 qua:
2982 4683 3272 4737 egenorum
3302 4689 3428 4730 sunt
3452 4682 3597 4734 acci-

2023 4754 2118 4819 pit,
2155 4752 2278 4820 quid
2310 4753 2580 4822 patietur?
2612 4753 2678 4808 Et
2717 4770 2957 4824 qumnam
2991 4760 3190 4816 utilitas
3213 4804 3228 4826 ,
3277 4766 3515 4836 inquies,
3551 4774 3599 4825 si

2020 4860 2118 4914 ego
2155 4845 2294 4900 male
2327 4846 2531 4914 patiar?
2559 4845 2742 4916 Magna
2771 4860 2917 4905 certe
2943 4853 3160 4906 utilitas.
3193 4854 3306 4910 Non
3341 4876 3434 4928 per
3466 4877 3598 4931 sup-

2025 4941 2239 5006 plicium
2285 4939 2402 5006 ejus
2427 4978 2440 5003 ,
2474 4939 2563 5005 qui
2595 4949 2646 4992 te
2674 4940 2816 4992 malo
2861 4940 3058 5007 aliecit,
3110 4954 3594 5011 remunerationem

2023 5030 2115 5084 tibi
2141 5031 2420 5084 constituit
2446 5028 2619 5093 Deus;
2651 5043 2770 5082 nam
2809 5029 2934 5084 illud
2960 5048 3067 5087 non
3098 5052 3284 5107 magna
3315 5058 3402 5098 res
3431 5058 3595 5102 esset,

2023 5124 2151 5188 Quae
2171 5121 2312 5176 enim
2344 5120 2542 5174 utilitas
2563 5160 2577 5184 ,
2605 5122 2650 5173 si
2692 5131 2747 5175 et
2786 5137 2886 5191 ego
2915 5133 2969 5178 ct
2996 5127 3085 5183 ille
3119 5131 3257 5184 mala
3289 5137 3600 5202 patiamur?

2022 5231 2342 5287 quatnquam
2373 5215 2570 5269 multos
2596 5215 2744 5280 novi,
2775 5218 2861 5284 qui
2887 5217 2988 5272 hoc
3017 5237 3115 5287 pro
3142 5226 3372 5281 maxima
3402 5228 3601 5286 haben:

2022 5311 2409 5375 consolatione,
2434 5317 2488 5364 et
2509 5317 2681 5364 totum
2704 5325 2764 5365 se
2783 5313 3060 5382 accepisse
3089 5319 3442 5386 arbitrantur,
3471 5337 3594 5377 cum

2023 5419 2116 5458 eos
2144 5403 2232 5472 qui
2260 5402 2359 5456 sibi
2390 5412 2686 5456 nocuerunt
2714 5403 2898 5470 plexos
2937 5406 3134 5460 vident.
3176 5410 3424 5465 Attamen
3459 5413 3600 5470 licus

2028 5515 2135 5556 non
2161 5499 2249 5553 hic
2275 5496 2416 5554 sistit
2439 5495 2947 5551 remunerationem.
2978 5497 3085 5553 Sed
3112 5501 3192 5554 vis
3216 5501 3356 5559 scire
3388 5517 3600 5575 quotttc

2027 5593 2165 5647 bona
2190 5595 2477 5658 exceptura
2505 5585 2651 5640 sint?
2677 5585 2871 5642 Totum
2900 5587 3002 5643 sibi
3041 5591 3231 5645 cadum
3255 5597 3446 5664 aperit,
3474 5615 3600 5654 san-

2027 5696 2232 5743 ctorum
2266 5684 2541 5739 concivem
2570 5681 2716 5748 facit,
2746 5684 2800 5739 in
2825 5683 3014 5739 eodem
3040 5685 3209 5742 choro
3233 5699 3292 5744 ut
3315 5691 3390 5747 sis
3416 5693 3600 5756 efficit.

2032 5799 2059 5838 a
2092 5779 2323 5854 peccatis
2351 5777 2576 5833 absolvit
2599 5817 2611 5838 .
2643 5775 2846 5846 justitia
2873 5789 3116 5836 coronat.
3147 5781 3202 5840 Si
3228 5787 3368 5841 enim
3401 5790 3487 5858 qui
3518 5803 3602 5844 re-
