4086 6214
408 1285 418 1316 ι

444 365 547 421 159

441 488 662 540 mittunt
705 485 793 549 iis,
846 485 935 555 qui
985 491 1363 554 peccaverunt,
1412 481 1784 536 remissionem
1830 497 2021 536 conse-

434 588 674 645 quuntur
697 594 710 642 ;
737 577 824 646 qui
852 592 954 630 non
987 574 1145 628 modo
1167 573 1480 638 remittunt,
1509 573 1604 628 sed
1650 573 1781 643 ipsis
1807 573 2020 628 abunde

444 670 743 739 largiuntur
763 711 776 732 ,
805 683 960 737 quam
993 683 1097 721 non
1124 676 1525 737 consequentur
1551 668 2023 724 benedictionem?

439 762 518 818 Ne
564 765 740 831 itaque
793 759 985 828 pusillo
1015 759 1194 814 animo
1233 757 1373 814 feras
1399 802 1414 827 ,
1460 759 1554 815 sed
1585 762 1744 815 etiam
1801 776 2024 830 precare

437 870 536 924 pro
561 869 627 907 eo
655 853 743 921 qui
777 862 828 906 te
852 851 1010 907 Ιωείι.
1039 852 1295 906 Pecunias
1325 861 1442 906 tuas
1468 852 1713 922 accepit?
1738 851 1833 906 sed
1860 853 2020 907 etiam

435 955 677 1016 peccata,
709 956 765 999 ut
795 946 846 999 in
878 944 1151 1000 Neemano
1177 956 1230 1000 ct
1254 946 1400 1001 Giezi
1430 945 1642 1000 accidit.
1671 946 1907 1012 Quantas
1935 961 2025 1015 pe-

435 1038 620 1092 cunias
646 1053 752 1092 non
772 1036 902 1092 dare
923 1038 1208 1103 voluisses,
1234 1047 1292 1092 ut
1321 1047 1537 1108 peccata
1571 1038 1662 1092 tibi
1685 1039 2024 1092 remitteren-

437 1129 569 1182 tur?
598 1127 709 1182 lloc
740 1129 918 1199 itaque
945 1144 1086 1182 nunc
1105 1129 1265 1184 etiam
1290 1145 1388 1185 usu
1409 1132 1552 1185 venit
1582 1147 1594 1182 :
1626 1130 1669 1184 si
1697 1131 1842 1185 enim
1867 1145 2026 1200 gene-

437 1234 559 1275 rose
603 1222 763 1287 feras,
811 1236 910 1276 nec
953 1208 1260 1287 maledicas,
1313 1222 1593 1292 splendida
1645 1223 1926 1277 redimitus
1964 1238 2024 1277 es

433 1327 654 1367 corona.
695 1312 810 1367 Non
840 1328 992 1368 meus
1031 1323 1114 1370 est
1139 1330 1318 1369 sermo
1343 1355 1358 1380 ,
1388 1315 1483 1369 sed
1527 1314 1721 1368 audisti
1748 1315 2021 1370 Christum

435 1403 703 1458 dicentem
755 1420 766 1458 :
817 1403 974 1459 Orate
1012 1423 1104 1476 pro
1145 1407 1207 1460 iis
1247 1407 1333 1477 qui
1362 1406 1497 1460 vobis
1526 1408 1804 1460 molestiam
1831 1418 2021 1462 creant.

437 1497 504 1552 Et
523 1499 694 1566 eogita
725 1507 978 1568 quantum
1019 1499 1090 1554 sit
1116 1503 1390 1568 praemium
1417 1542 1432 1567 ,
1465 1499 1534 1554 Ut
1554 1500 1664 1554 sitis
1688 1500 1878 1554 similes
1912 1499 2018 1554 Pa-

1218 371 1272 426 S.
1313 369 1586 427 JOANNIS
1621 369 2090 425 CllliYSOSTOMl
2131 371 2442 430 ARClllEi’.
2485 379 3008 438 CONSTANTINOP.

3613 389 3717 447 NO

2131 486 2220 539 tris
2245 489 2394 541 vestri
2415 490 2505 558 qui
2533 499 2602 543 est
2635 491 2686 543 in
2732 493 2856 544 ια’Ιο
2891 491 3111 562 (ΜαιιΙι.
3151 496 3204 549 5.
3255 499 3342 552 45.
3372 501 3501 572 40).
3534 503 3716 574 Itaque

2141 578 2287 630 nullo
2331 580 2564 648 privatus
2590 596 2649 634 es
2669 621 2682 643 ,
2726 582 2820 636 sed
2862 583 3023 636 etiam
3053 587 3308 655 accepisti
3337 605 3352 654 ;
3387 606 3492 645 non
3521 591 3720 662 injuria

2129 668 2375 735 alTectus,
2408 671 2502 726 sed
2530 685 2825 727 coronatus
2853 691 2934 740 es,
2965 678 3146 730 animo
3171 682 3338 751 magis
3361 683 3713 756 philosophus

2129 761 2349 816 ellectus
2380 763 2596 832 Deoque
2626 765 2818 819 similis
2838 807 2852 830 ,
2884 770 3228 836 pecuniarum
3254 787 3382 827 cura
3415 777 3673 833 liberatus
3700 818 3716 844 ,

2130 869 2357 924 regnum
2385 855 2639 910 caelorum
2668 870 3012 929 assequutus.
3044 863 3168 918 llarc
3194 867 3374 935 itaque
3402 871 3579 924 omnia
3607 887 3704 926 no-

2132 947 2334 1000 biscum
2364 957 2690 1017 reputantes,
2723 950 2772 1003 in
2802 951 3010 1020 injuriis
3028 953 3486 1026 pbiIoSOphemur,
3509 960 3714 1028 dilecti,

2132 1051 2185 1092 ut
2217 1048 2269 1092 et
2297 1054 2327 1092 a
2369 1041 2648 1109 prmscutis
2678 1042 2800 1095 vita:
2844 1045 3247 1113 perturbatione
3286 1049 3575 1107 liberemur
3599 1095 3615 1115 ,
3659 1065 3712 1108 et

2129 1130 2368 1184 inutilem
2400 1146 2686 1186 maerorem
2715 1133 3029 1202 abjiciamus
3051 1177 3066 1200 ,
3097 1135 3437 1209 futurumque
3466 1142 3717 1212 gaudium

2130 1237 2558 1292 consequamur,
2602 1224 2771 1294 gratia
2818 1236 2872 1281 et
2921 1228 3247 1298 benignitate
3295 1233 3503 1288 Domini
3547 1236 3716 1290 nostri

2129 1313 2254 1368 Jesu
2285 1314 2502 1378 Christi,
2533 1317 2748 1385 quicum
2777 1317 2921 1372 Patri
2945 1328 2999 1374 et
3023 1335 3123 1373 una
3141 1319 3361 1391 Spirittti
3381 1334 3569 1380 sancto
3591 1329 3714 1396 glo-

2132 1407 2230 1468 ria,
2266 1406 2568 1474 intperium,
2604 1409 2796 1474 honor,
2839 1424 2978 1463 nunc
3004 1419 3059 1464 et
3088 1425 3324 1482 semper,
3354 1423 3408 1468 et
3434 1415 3490 1470 in
3520 1419 3716 1472 saecula

2138 1501 2480 1555 saeculorum.
2511 1501 2703 1555 Amen.

1764 1706 2108 1769 HOMILIA
2149 1708 2294 1769 XV]
2305 1708 2354 1768 1.

437 1855 547 1909 Car
617 1854 668 1907 6.
715 1869 764 1905 v.
801 1853 886 1907 12.
936 1849 1122 1905 Omnia
1166 1851 1288 1904 mihi
1339 1852 1525 1916 licent,
1568 1851 1657 1904 sed
1697 1867 1797 1904 non
1852 1851 2022 1904 omnia

507 1944 773 2012 expediunt
804 1959 822 1996 :
846 1943 1016 1996 omnia
1042 1942 1164 1994 milii
1227 1943 1413 2008 licent,
1441 1943 1531 1996 sed
1559 1959 1650 2012 ego
1702 1943 1791 1996 sub
1835 1943 2025 1996 nullius

507 2037 709 2105 redigar
737 2043 1002 2102 potestate.

512 2131 564 2184 1.
595 2127 882 2183 ilellttones
931 2126 1017 2181 hic
1043 2125 1370 2182 subindicat.
1400 2127 1532 2193 Quia
1577 2127 1719 2182 enim
1750 2142 1935 2181 rursus
1959 2127 2025 2181 ad

437 2219 816 2276 fornicatorem
841 2227 924 2272 est
955 2216 1246 2284 rediturus,
1277 2217 1562 2271 fornicatio
1603 2228 1780 2270 autem
1823 2232 1886 2271 ex
1931 2217 2026 2270 de-

438 2312 579 2368 liciis
603 2321 657 2366 et
689 2310 1050 2365 immoderato
1079 2309 1200 2366 cibo
1227 2310 1427 2374 oritur,
1461 2310 1810 2364 vehementer
1835 2310 2021 2366 vitium

438 2403 570 2459 illud
595 2401 840 2472 castigat.
884 2400 1068 2470 Neque
1095 2401 1240 2457 enim
1285 2403 1351 2455 de
1379 2400 1666 2470 prohibitis
1693 2402 1808 2455 hzec
1855 2401 2024 2462 dicit;

453 2495 543 2550 illa
575 2511 803 2565 namque
830 2508 933 2547 non
964 2493 1167 2559 licent;
1197 2493 1292 2548 sed
1322 2491 1390 2546 de
1437 2493 1502 2546 iis
1531 2510 1648 2563 qua:
1676 2491 2029 2548 indill‘ereutia

441 2600 561 2642 esse
588 2585 853 2641 videntur.
885 2584 1124 2653 Exempli
1149 2598 1306 2637 causa
1339 2602 1352 2639 :
1380 2584 1543 2646 licet,
1599 2583 1803 2653 inquit,
1853 2599 2032 2638 come-

441 2681 569 2733 dere
600 2687 655 2732 et
684 2677 904 2739 bibere;
953 2676 1046 2730 sed
1072 2691 1192 2730 cum
1239 2675 1395 2742 copia
1443 2675 1605 2729 nimia
1637 2691 1742 2728 non
1792 2673 2028 2744 expedit.

441 2769 700 2838 Quodque
728 2769 919 2822 mirum
971 2768 1502 2835 inexspectatumque
1531 2775 1650 2831 est,
1681 2769 1820 2836 quod
1854 2776 2029 2819 tamen

446 2861 625 2914 facere
639 2874 780 2928 saepe
797 2859 933 2912 solet
953 2858 1002 2910 in
1019 2857 1346 2910 contrarium
1361 2866 1686 2910 convertens
1709 2872 1798 2908 ora
1810 2856 2028 2918 tionem,

449 2949 537 3003 hic
560 2964 773 3019 quoque
804 2947 930 3001 illud
960 2949 1304 3015 exsequitur;
1333 2955 1387 3000 et
1407 2945 1795 3015 ostenditquod
1818 2946 1866 2998 in
1887 2955 2035 3014 pote—

445 3049 587 3096 state
614 3039 822 3105 facere,
855 3055 960 3093 non
1001 3040 1174 3092 solum
1219 3053 1322 3090 non
1367 3037 1642 3105 expediat,
1675 3036 1768 3090 sed
1813 3051 1909 3091 nec
1937 3050 2032 3106 po-

449 3131 660 3188 testatis
715 3131 930 3201 quidem
980 3131 1099 3197 sit,
1168 3145 1352 3185 verum
1399 3129 1694 3184 servitutis.
1747 3129 1811 3182 Et
1863 3129 2035 3198 primo

448 3221 666 3290 quidem
695 3222 892 3277 avertit
917 3221 985 3276 ab
1011 3236 1076 3276 eo
1098 3263 1113 3286 ,
1145 3220 1285 3291 quod
1342 3236 1445 3274 non
1499 3219 1783 3288 expediat,
1808 3219 2033 3294 dicens:

453 3312 510 3367 Ν
515 3331 578 3367 an
607 3314 882 3383 expediunt
905 3330 925 3378 ,°
949 3312 1186 3367 secundo
1213 3321 1390 3365 autem
1420 3325 1449 3364 a
1493 3311 1764 3365 contrario
1786 3352 1800 3374 ,
1833 3309 2035 3374 dicens,

451 3403 568 3476 Ego
627 3405 720 3458 sub
770 3405 965 3458 nullius
1024 3404 1227 3474 redigar
1271 3402 1670 3470 potestate'lloc
1713 3413 1890 3457 autem
1937 3404 2036 3457 sibi

456 3497 571 3550 vult
600 3513 613 3547 :
643 3495 816 3551 Penes
845 3505 897 3550 te
953 3505 1032 3551 est
1090 3495 1445 3558 manducare.
1492 3495 1693 3564 inquit:
1722 3511 1848 3565 ergo
1883 3511 2038 3550 mane

455 3588 511 3642 in
543 3588 632 3642 illa
665 3596 929 3657 potestate
954 3628 969 3653 ,
1000 3595 1055 3641 et
1101 3602 1231 3641 cave
1286 3601 1353 3640 ne
1403 3586 1557 3656 hujus
1585 3585 1805 3640 allectus
1853 3600 2039 3640 servus

460 3679 736 3733 eiliciaris.
782 3677 914 3732 Nam
968 3678 1056 3747 qui
1107 3686 1163 3729 ut
1212 3677 1462 3730 convenit
1512 3676 1604 3728 illo
1653 3677 1855 3738 utitur,
1903 3677 2040 3729 illius

459 3769 710 3824 dominus
756 3780 873 3833 est;
923 3769 1012 3837 qui
1063 3780 1240 3821 autem
1285 3783 1588 3820 mensuram
1638 3768 1881 3830 excedit,
1935 3784 2037 3820 non

458 3863 596 3914 ultra
620 3859 870 3923 dominus
901 3867 983 3914 est
1007 3900 1021 3923 ,
1052 3859 1145 3914 sed
1173 3874 1360 3914 servus
1386 3859 1503 3926 ejus
1545 3859 1775 3912 etticitur
1797 3901 1810 3921 ,
1840 3859 1957 3928 gula
1988 3861 2038 3912 in

459 3953 577 4022 ipso
615 3951 950 4023 tyrannidem
1005 3959 1320 4006 exercente.
1354 3950 1539 4005 Videu’
1581 3950 1851 4018 quomodo
1878 3967 1997 4004 eutn
2021 3993 2035 4016 ,

457 4044 548 4113 qui
577 4059 637 4099 se
666 4050 981 4112 potestatein
1013 4043 1210 4097 habere
1237 4042 1477 4112 putabat,
1506 4043 1604 4096 sub
1635 4051 1894 4109 potestate
1922 4057 2040 4097 esse

461 4135 743 4192 ostendat?
764 4133 912 4190 Solet
937 4135 1078 4189 enim
1109 4135 1304 4189 Paulus
1336 4135 1435 4188 hoc
1465 4135 1662 4199 facere,
1691 4147 1746 4187 ut
1770 4135 1880 4203 jam
1909 4134 2037 4198 dixi,

462 4231 517 4284 in
543 4229 870 4286 contrarium
899 4227 1229 4296 objectioncs
1278 4236 1485 4281 vertere
1519 4245 1530 4280 :
1561 4227 1702 4296 quod
1753 4227 1836 4281 hic
1881 4229 2040 4280 etiam

461 4323 605 4377 fecit.
634 4320 1014 4376 Animadverte
1043 4329 1220 4372 autem
1253 4336 1265 4372 :
1300 4320 1523 4388 quisque
1564 4335 1748 4373 eorum
1797 4318 2041 4382 dicebat,

463 4414 612 4469 Licet
642 4414 770 4467 mihi
797 4413 1034 4468 deliciari
1069 4430 1082 4465 :
1117 4413 1205 4465 ille
1237 4425 1362 4464 vero
1391 4411 1540 4476 dicit,
1571 4411 1684 4464 Non
1737 4412 1838 4464 hoc
1879 4421 1933 4464 ιιι
1973 4411 2040 4462 ita

464 4504 596 4556 facis
624 4503 793 4570 utqui
839 4503 890 4554 id
922 4503 1115 4554 habeas
1157 4501 1206 4554 in
1257 4509 1556 4566 potestate,
1598 4501 1692 4554 sed
1747 4508 1804 4552 ut
1851 4500 1939 4567 qui
1972 4500 2044 4550 sis

463 4592 578 4661 ip<e
608 4589 852 4644 reduetus
879 4590 978 4642 sub
1007 4591 1141 4642 hanc
1171 4599 1504 4656 potestatem.
1537 4588 1716 4656 Neque
1742 4589 1882 4640 enim
1915 4603 2044 4641 ven-

466 4684 562 4740 tris
590 4689 903 4753 potestatem
936 4679 1100 4735 habes
1127 4721 1140 4743 ,
1174 4679 1426 4748 quamdiu
1472 4679 1634 4733 lueris
1682 4681 1853 4734 ventri
1886 4679 2044 4732 nimis

466 4776 764 4846 indulgens,
796 4773 889 4829 sed
921 4774 1032 4843 ipse
1062 4785 1111 4826 te
1136 4773 1186 4826 itt
1218 4779 1480 4840 potestate
1507 4770 1686 4825 habet.
1724 4772 1833 4825 Hoc
1862 4784 2037 4826 autem

467 4870 535 4922 de
561 4868 802 4936 pecuniis
828 4869 987 4922 etiam
1035 4865 1208 4934 deque
1248 4863 1364 4918 aliis
1409 4864 1508 4918 dici
1553 4873 1745 4933 potest.
1779 4867 1866 4921 15.
1902 4866 2044 4919 Esca:

467 4959 649 5012 uentri.
681 4958 931 5012 Ventrem
989 4957 1072 5010 hic
1119 4973 1225 5011 non
1278 4965 1555 5021 ventrem,
1611 4955 1704 5010 sed
1754 4957 2042 5027 ingluviem

469 5058 626 5103 vocat
679 5065 693 5100 :
740 5058 800 5102 ut
841 5065 963 5103 cum
1015 5049 1144 5104 dicit
1200 5067 1214 5102 :
1273 5049 1500 5115 Quorum
1552 5048 1675 5102 deus
1725 5060 1891 5102 venter
1971 5061 2042 5101 est

468 5141 727 5216 (Philipp.
756 5143 809 5196 '5.
835 5139 959 5208 i9);
991 5155 1094 5192 non
1123 5139 1189 5193 de
1217 5139 1318 5193 hoc
1366 5143 1606 5195 mernbro
1649 5141 1873 5209 loquens
1893 5180 1909 5204 ,
1951 5141 2042 5192 sed

467 5236 534 5290 de
561 5233 868 5287 voracitate.
897 5230 1051 5300 Quod
1079 5231 1219 5284 enim
1248 5229 1320 5282 ita
1347 5231 1437 5295 sit,
1470 5232 1592 5284 audi
1621 5230 1897 5300 sequentia
1931 5247 1944 5283 :
1978 5229 2044 5283 Et

465 5335 633 5380 senm
657 5325 781 5379 escis
827 5339 846 5378 :
875 5339 1058 5393 corpus
1100 5329 1268 5373 autem
1293 5336 1394 5373 non
1448 5322 1790 5389 fornicationi,
1821 5322 1909 5376 sed
1934 5320 2044 5374 Do-

466 5418 625 5470 mina.
662 5417 821 5487 Atqui
877 5422 1066 5470 venter
1105 5425 1318 5482 quoque
1357 5419 1439 5466 est
1487 5424 1700 5481 corpus.
1747 5413 1852 5468 Sed
1907 5413 2041 5468 duas

469 5507 649 5576 posuit
673 5508 1096 5576 coniunctiones,
1124 5518 1278 5560 escas
1302 5509 1358 5558 et
1387 5503 1670 5574 ingluviem
1696 5546 1711 5570 ,
1739 5521 1902 5574 quam
1929 5506 2046 5574 qui-

467 5600 590 5650 dem
617 5609 859 5652 ventrem
890 5598 1118 5662 vocavit,
1149 5594 1422 5651 Christum
1449 5605 1503 5649 et
1526 5609 1744 5665 corpus.
1773 5595 1909 5660 Quid
1938 5595 2040 5649 sibi

469 5689 581 5742 vult
608 5688 755 5752 illud,
787 5689 930 5743 Esca
959 5691 1117 5743 ventri
1143 5689 1170 5742 .’
1195 5687 1370 5754 Escae,
1403 5686 1594 5759 inquit,
1618 5688 1908 5742 amicitiam
1939 5687 2036 5740 ha-

470 5785 596 5840 bent
625 5796 745 5836 cum
775 5781 1005 5846 ingluvie
1027 5821 1042 5849 ,
1073 5791 1126 5838 ct
1175 5781 1288 5836 haec
1311 5794 1432 5837 cum
1486 5787 1689 5836 ventre.
1723 5778 1836 5833 Non
1866 5788 2042 5849 potest

2129 1867 2257 1920 ergo
2283 1851 2349 1907 ad
2375 1851 2644 1906 Christum
2675 1869 2773 1910 nos
2799 1854 3018 1922 ducere,
3040 1854 3133 1911 sed
3151 1855 3216 1911 ad
3237 1856 3350 1912 inec
3377 1858 3556 1913 trahit.
3574 1857 3713 1918 Gra-

2131 1943 2211 1998 vis
2237 1945 2380 1998 enim
2409 1954 2464 1998 et
2497 1945 2729 2000 belluina
2770 1957 2852 2002 est
2899 1947 3077 2016 passio
3103 1964 3393 2019 servosque
3424 1950 3631 2016 reddit,
3657 1960 3716 2007 et

2134 2043 2190 2086 ut
2216 2034 2314 2088 sibi
2363 2035 2626 2090 serviatur
2670 2035 2851 2091 efﬁcit.
2877 2037 2986 2092 Cur
3034 2052 3162 2108 ergo
3206 2039 3442 2095 alimenti
3499 2041 3710 2104 inhias,

2132 2143 2165 2180 ο
2194 2127 2396 2183 homo?
2421 2127 2566 2183 illius
2595 2145 2826 2199 namque
2870 2130 3155 2185 ministerii
3181 2131 3302 2185 talis
3353 2140 3431 2186 est
3479 2131 3631 2195 linis,
3658 2142 3716 2187 et

2134 2219 2264 2274 nihil
2289 2220 2516 2290 amplius
2543 2221 2849 2286 exhibebit;
2881 2221 2973 2275 sed
3001 2230 3272 2290 tamquam
3300 2221 3456 2276 alicui
3485 2222 3714 2276 domina:

2135 2311 2462 2376 ministrans,
2494 2321 2669 2365 manet
2699 2310 2836 2364 hanc
2865 2310 3104 2366 retinens
3132 2313 3448 2367 servitutem
3474 2353 3490 2378 ,
3542 2327 3717 2382 neque

2137 2402 2357 2456 ulterius
2385 2401 2659 2472 procedit;
2693 2401 3004 2471 nullumque
3031 2401 3173 2456 aliud
3203 2417 3337 2472 opus
3387 2401 3583 2466 habet,
3614 2401 3711 2456 sed

2137 2493 2409 2548 hocinane
2430 2493 2804 2547 ministerium.
2831 2493 2897 2546 Et
2923 2493 3080 2546 ambo
3102 2503 3286 2547 mutuo
3299 2503 3714 2560 connectuntur,

2137 2595 2190 2640 et
2211 2585 2368 2640 simul
2399 2584 2762 2638 dissolvuntur
2798 2594 2983 2640 venter
3007 2601 3128 2639 cum
3157 2587 3314 2646 escis.
3343 2595 3396 2639 et
3425 2601 3561 2640 esca:
3590 2601 3715 2641 cum

2139 2688 2344 2740 ventre,
2369 2690 2582 2729 cursum
2609 2675 2890 2744 quemdam
2916 2674 3002 2746 qui
3023 2691 3307 2746 numquam
3339 2676 3516 2730 linitur
3543 2677 3715 2730 invol—

2141 2775 2346 2831 ventes,
2365 2780 2427 2819 ac
2454 2766 2498 2818 si
2525 2780 2554 2818 a
2578 2776 2833 2834 corrupto
2853 2781 3080 2835 corpore
3109 2776 3393 2820 nascantur
3413 2781 3637 2830 vermes,
3660 2775 3715 2820 et

2141 2871 2322 2911 rursus
2345 2871 2374 2910 a
2394 2857 2660 2910 vermibus
2673 2872 2867 2926 corpus
2881 2866 3254 2920 consumatur;
3278 2857 3357 2911 vel
3374 2857 3716 2925 quetuadmo-

2140 2950 2264 3002 dum
2296 2949 2338 3001 si
2361 2949 2551 3002 [luctus
2577 2948 2628 3002 in
2657 2963 2921 3001 summum
2941 2947 3182 3002 sublatus
3210 2947 3555 3012 dissolvatur,
3585 2950 3714 3002 nihil

2144 3039 2275 3092 ultra
2295 3037 2480 3092 ellicit.
2498 3037 2620 3091 Haec
2635 3052 2793 3106 porro
2806 3053 2909 3091 non
2924 3037 2988 3091 de
3002 3051 3123 3092 esea
3142 3038 3273 3092 etde
3301 3054 3529 3106 corpore
3555 3038 3714 3101 dicit;

2143 3132 2234 3185 sed
2261 3131 2400 3201 gula:
2419 3130 2608 3185 vitium
2650 3139 2703 3184 et
2731 3131 2906 3184 cibum
2938 3130 3351 3185 immoderatum
3382 3131 3628 3197 traducit,
3661 3141 3722 3186 ut

2144 3223 2421 3293 sequentia
2447 3221 2734 3276 ostendunt
2763 3239 2777 3275 :
2802 3221 3072 3291 subiungit
3095 3221 3238 3276 enim
3266 3241 3279 3275 :
3312 3220 3450 3276 Deus
3470 3231 3634 3276 autent
3663 3235 3713 3278 et

2146 3317 2277 3369 hunc
2303 3325 2349 3368 et
2375 3315 2481 3367 lucc
2511 3313 2750 3366 destruet.
2780 3310 2895 3366 Non
2943 3320 3183 3367 ventrem
3215 3311 3377 3376 dicit,
3407 3311 3500 3366 sed
3533 3313 3722 3367 immo-

2146 3406 2382 3460 deratam
2409 3404 2894 3472 concupiscentiam
2925 3419 2938 3455 :
2971 3417 3074 3456 non
3106 3416 3283 3456 escam
3311 3443 3325 3468 ,
3356 3401 3448 3456 sed
3479 3402 3718 3458 delicias.

2145 3495 2326 3564 Neque
2354 3495 2496 3550 enim
2525 3493 2666 3547 illam
2694 3508 2836 3562 διιεῖ-θ
2863 3492 2998 3561 fert,
3031 3491 3124 3547 sed
3175 3493 3241 3546 de
3288 3493 3388 3546 illis
3415 3493 3580 3561 legem
3607 3501 3720 3546 sta-

2149 3587 2246 3640 tttit
2267 3588 2345 3641 sic
2372 3586 2596 3656 loquens
2625 3603 2639 3638 :
2674 3585 2924 3639 Habentes
2956 3586 3200 3638 alimenta
3227 3596 3273 3638 et
3306 3596 3612 3654 tegumenta,
3644 3587 3723 3640 his

2146 3679 2363 3730 contenti
2401 3694 2572 3731 smnus
2605 3677 2681 3746 (1.
2708 3677 2843 3730 Tim.
2872 3677 2925 3732 6.
2953 3677 3044 3746 8);
3077 3677 3169 3730 sed
3204 3676 3304 3730 hac
3349 3677 3558 3730 ratione
3608 3692 3721 3729 rem

2149 3769 2434 3838 improbat,
2463 3767 2582 3838 ejus
2608 3767 3043 3824 emendationem
3070 3777 3192 3837 post
3218 3767 3498 3822 consilium
3538 3767 3722 3820 datum

2148 3861 2373 3917 orationi
2428 3861 2762 3930 relinquens.
2810 3859 3037 3926 Quidam
3084 3873 3211 3914 vero
3256 3858 3470 3920 dicunt,
3519 3855 3722 3910 dictant

2150 3953 2276 4008 illud
2325 3968 2446 4008 esse
2494 3951 2859 4022 prophetiam,
2908 3967 3030 4022 qute
3080 3959 3274 4005 statum
3324 3949 3484 4003 futuri
3539 3947 3723 4003 δευουιί

2149 4047 2404 4112 declarat,
2435 4047 2486 4100 in
2515 4060 2622 4115 quo
2649 4060 2753 4098 non
2783 4042 2919 4096 ultra
2947 4040 3351 4096 manducabitur
3379 4040 3460 4094 vel
3492 4039 3722 4093 hibetur.

2149 4138 2204 4193 Si
2232 4146 2409 4192 autem
2442 4137 2745 4191 moderatus
2762 4149 2888 4188 usus
2917 4133 3075 4187 linem
3108 4132 3345 4199 habebit,
3366 4130 3532 4184 multo
3559 4133 3725 4198 magis

2151 4231 2218 4284 ab
2259 4229 2609 4284 immoderato
2647 4223 3041 4280 abstinendum.
3078 4223 3279 4278 Deinde
3322 4237 3388 4276 ne
3432 4221 3550 4290 quis
3582 4230 3727 4290 putet

2153 4321 2623 4388 reprehensionem
2652 4317 2705 4371 id
2733 4331 2852 4372 esse
2881 4315 3121 4385 corporis
3141 4357 3156 4381 ,
3202 4329 3337 4368 neve
3364 4312 3495 4365 illttd
3541 4311 3718 4379 suspi—

2151 4421 2323 4476 cetur,
2351 4408 2493 4478 quod
2521 4423 2712 4476 nempe
2739 4423 2768 4460 a
2797 4417 2948 4477 parte
2977 4415 3143 4459 totttm
3173 4404 3541 4468 damnaverit,
3591 4417 3732 4456 neve

2152 4501 2293 4553 dit-at
2337 4499 2578 4568 corporis
2605 4507 2847 4552 naturam
2894 4513 3109 4552 causam
3158 4512 3277 4551 esse
3319 4493 3724 4555 fornicationis;

2152 4592 2272 4644 audi
2301 4590 2574 4660 sequentia
2607 4607 2620 4644 :
2650 4589 2762 4642 Non
2786 4590 2924 4642 enim
2950 4588 3190 4657 corporis
3230 4597 3472 4640 naturam
3492 4627 3508 4650 ,
3536 4584 3730 4654 inquit,

2153 4695 2368 4746 accuso,
2395 4679 2489 4734 sed
2520 4679 2920 4734 immoderatam
2973 4679 3132 4732 animi
3159 4678 3500 4746 cupiditatem
3531 4693 3546 4729 :
3579 4675 3729 4728 ideo-

2153 4785 2256 4840 que
2302 4771 2481 4841 adjicit
2534 4787 2548 4823 :
2598 4770 2791 4839 Corpus
2843 4780 3010 4823 autem
3059 4786 3159 4821 non
3214 4767 3582 4838 fornicationi,
3640 4764 3737 4817 sea'

2152 4863 2391 4918 Domino.
2415 4862 2528 4917 Non
2562 4863 2704 4916 enim
2733 4862 2852 4915 ideo
2880 4863 3163 4915 formatum
3213 4858 3306 4912 fuit
3336 4899 3351 4922 ,
3385 4865 3440 4910 ut
3483 4855 3626 4908 luxui
3681 4867 3733 4909 et

2153 4953 2489 5010 fornicationi
2545 4967 2763 5021 operam
2807 4951 2959 5006 daret
2985 4993 2998 5013 ,
3051 4959 3106 5003 ut
3138 4964 3310 5018 neque
3349 4954 3532 5001 venter
3556 4955 3615 4998 ut
3645 4945 3740 4997 in-

2149 5048 2466 5117 gurgitetur,
2496 5045 2590 5100 sed
2623 5054 2679 5098 ut
2710 5043 2981 5098 Christum
3011 5051 3170 5111 caput
3202 5049 3459 5111 sequatur
3480 5080 3494 5102 ,
3525 5047 3580 5092 et
3629 5036 3742 5090 Do-

2151 5139 2331 5192 minus
2361 5138 2670 5206 imponatur
2695 5135 2928 5203 eorpori.
2963 5134 3344 5195 Revereamur,
3369 5132 3686 5183 horreamus
3717 5167 3731 5185 .

2150 5230 2290 5300 quod
2320 5239 2467 5285 tanto
2493 5231 2695 5282 honore
2724 5227 2926 5297 dignati
2953 5269 2967 5293 ,
3001 5237 3059 5281 ut
3089 5227 3228 5281 illius
3275 5240 3433 5295 supra
3477 5218 3734 5278 collocat?

2150 5320 2389 5374 ntembra
2416 5319 2732 5381 efﬁciamur,
2766 5327 2845 5371 tot
2874 5317 3031 5371 malis
3057 5331 3156 5371 nos
3197 5316 3572 5384 deturpemus.‘
3595 5311 3732 5364 Cum

2150 5427 2278 5480 ergo
2305 5410 2583 5464 helluones
2608 5408 2740 5463 satis
2771 5408 3079 5476 carpsisset,
3110 5408 3404 5462 futurorum
3450 5405 3612 5457 etiam
3638 5415 3734 5469 spe

2151 5505 2218 5556 ab
2248 5504 2346 5555 hae
2377 5502 2611 5572 nequitia
2639 5499 2874 5564 abducit,
2905 5500 3089 5556 dicens
3118 5517 3131 5552 :
3165 5501 3252 5554 Η.
3287 5497 3424 5552 Deus
3462 5505 3631 5549 autem
3686 5503 3734 5547 et

2153 5593 2425 5647 Dominum
2471 5593 2728 5647 suscitavit
2759 5632 2775 5657 ,
2818 5602 2866 5644 et
2921 5608 3012 5645 nos
3062 5590 3321 5646 suscitabit
3370 5604 3458 5658 per
3501 5587 3736 5640 uirtutem

2151 5703 2315 5741 suam.

2223 5783 2275 5832 9..
2309 5777 2548 5831 Vidistiu‘
2581 5791 2788 5832 rursum
2821 5774 3136 5848 sapientiam
3182 5770 3575 5844 apostolicam?
3611 5782 3732 5821 nam
