4086 6214
361 295 462 352 139

352 411 514 465 τοῦτο
546 413 741 472 ποιεῖς.
781 409 979 462 Ἔλαδέ
1015 427 1108 463 σου
1135 412 1415 482 χρήματα;
1449 412 1584 466 ἀλλά
1623 411 1717 465 καὶ
1749 411 1922 480 ἀμαρ-

351 504 498 566 τίας·
523 504 662 573 ὅπερ
693 504 784 555 καὶ
812 503 905 554 ἐπὶ
923 502 1016 555 τοῦ
1039 503 1257 574 Νεεμάν
1285 505 1377 556 καὶ
1401 504 1497 556 τοῦ
1531 505 1570 556 Γ
1576 503 1691 572 ιεζῆ
1713 503 1921 570 γέγονε.

356 594 531 647 Πόσον
558 593 656 646 οὐκ
691 593 758 645 ἂν
790 593 1058 664 ἠθέλησας
1088 593 1268 647 δοῦναι
1303 593 1529 646 πλοῦτον
1556 593 1697 645 ὥστε
1723 591 1928 661 ἀφεθῆ-

354 685 448 738 ναί
481 701 563 737 σοι
608 685 681 737 τά
724 686 1120 756 ἀμαρτήματα;
1144 685 1314 739 Τοῦτο
1347 686 1526 739 τοίνυν
1566 685 1774 752 γίνεται
1807 683 1922 738 νῦν·

357 775 426 830 ἂν
449 774 558 846 γάρ
583 774 814 848 ἐνέγκῃς
835 775 1094 844 γενναίως
1120 779 1213 829 καὶ
1245 778 1318 848 μὴ
1346 777 1649 849 καταράσῃ,
1679 775 1929 845 λαμπρδν

359 869 611 936 ἀνεδήσω
640 869 734 921 τὸν
764 869 1044 937 στέφανον.
1093 871 1206 922 Οὐκ
1235 870 1366 940 ἐμὸς
1391 871 1420 923 ό
1445 870 1621 938 λόγος.
1659 868 1794 922 ἀλλά
1834 868 1928 922 τοῦ

361 960 598 1030 Χριστοῦ
647 960 896 1027 λέγοντος
954 961 1208 1030 ἤκουσας·
1297 963 1561 1030 Εὕχεσθε
1617 961 1768 1029 ὑπὲρ
1813 959 1933 1015 τῶν

358 1042 805 1110 ἐπηρεαζόντων
831 1041 1006 1111 ὑμᾶς.
1051 1045 1160 1097 Καὶ
1188 1045 1248 1096 10
1272 1044 1502 1097 ἔπαθλον
1528 1044 1777 1113 ἐννόησον
1822 1042 1937 1113 ἠλί-

362 1150 480 1186 κον·
517 1133 717 1198 Ὅπως
747 1133 1003 1203 γένησθε
1032 1133 1216 1202 ὅμοιοι
1250 1134 1355 1188 τοῦ
1384 1133 1610 1202 Πατρός
1640 1131 1804 1202 ὑμῶν
1829 1131 1934 1186 τοῦ

1374 291 1438 347 ΙΝ
1478 293 1692 349 ΕΡίδτ.
1736 291 1754 346 I
1791 290 1878 344 AD
1918 288 2076 344 C0“.
2123 283 2354 339 IIOMIL.
2394 282 2554 338 XVII.

3502 287 3606 344 Nu

2031 407 2151 474 οης,
2188 401 2621 473 φιλοσοφιτπερος
2651 401 2938 470 γενόμενος
2969 400 3068 470 τὴν
3091 399 3286 471 ψυχὴν,
3315 402 3496 470 ὅμοιος
3527 405 3604 472 τῷ

2030 495 2148 564 Θεῷ
2169 493 2463 555 καταστάς,
2488 492 2586 560 τῆς
2611 489 2884 561 φροντίδος
2907 490 3014 543 τῶν
3036 491 3332 562 χρημάτων
3362 491 3606 544 ἀπαλλα-

2029 586 2166 652 γεὶς,
2191 585 2289 654 τὴν
2321 583 2597 652 βασιλείαν
2628 582 2737 636 τῶν
2759 581 3003 653 οὐρανῶν
3036 583 3396 652 κτησάμενος.
3421 581 3608 636 Ταῦτα

2031 671 2123 729 οῦν
2173 677 2386 730 ᾶπαντα
2437 674 2914 743 ἀναλογισάμενοι,
2965 673 3341 743 φιλοσοφῶμεν
3393 677 3452 727 ἐν
3487 677 3608 736 ταῖς

2034 768 2289 830 ἀδικίαις,
2333 767 2630 835 ἀγαπητοὶ,
2665 765 2754 818 ῖνα
2787 767 2880 817 καὶ
2910 765 3012 833 τῆς
3055 761 3150 816 τοῦ
3183 765 3448 834 παρόντος
3488 765 3614 834 βίου.

2033 858 2278 928 ταραχῆς
2313 856 2717 926 ἀπαλλαγῶμεν
2753 855 2844 908 καὶ
2881 853 2979 925 τὴν
3006 854 3263 924 ἀνόνητον
3293 854 3624 922 ἐκϐάλωμεν-

2037 948 2291 1021 άθυμίαν,
2309 947 2512 1016 καὶτῆς
2535 946 2830 1017 μελλούσης
2848 947 3024 1016 χαρᾶς
3044 946 3408 1016 ἐπιτύχωμεν,
3429 947 3617 1016 χάριτι

2033 1039 2125 1093 καὶ
2152 1037 2530 1108 φιλανθρωπίᾳ
2567 1035 2661 1090 τοῦ
2704 1035 2910 1107 Κυρίου
2945 1036 3104 1106 ἡμῶν
3137 1035 3311 1106 Ἰησοῦ
3353 1035 3608 1106 Χριστοῦ,

2035 1126 2153 1198 μεθ’
2183 1124 2243 1184 06
2268 1129 2346 1200 τῷ
2372 1130 2548 1199 Πατρὶ
2576 1129 2692 1199 ἀμα
2715 1128 2793 1198 τῷ
2827 1129 2965 1200 ἀγίῳ
2995 1127 3274 1198 ῐινεύματι
3301 1129 3450 1194 δόξα,
3476 1129 3611 1200 κράο

359 1225 432 1276 ἐν
470 1222 592 1289 τοῖς
623 1223 922 1290 οὐρανοῖς.
949 1225 1108 1279 Ὥστε
1157 1225 1307 1278 οὐδὲν
1357 1225 1746 1296 ἀπεστέρησαι,
1801 1223 1936 1276 ἀλλά
2029 1240 2139 1287 τος,
2173 1223 2329 1292 τιμὴ,
2359 1221 2456 1275 νῦν
2486 1221 2578 1276 καὶ
2606 1222 2714 1287 ἀεὶ,
2744 1223 2836 1275 καὶ
2866 1223 2945 1284 είς
2979 1221 3108 1284 τοὺς
3136 1221 3339 1284 αίῶνας
3360 1220 3466 1273 τῶν
3492 1219 3614 1273 αἰῶ-

361 1317 459 1368 καὶ
495 1315 852 1386 προσέλασες·
883 1315 982 1368 οὐκ
1019 1316 1291 1387 ἠδίκησαι,
1328 1315 1461 1370 ἀλλά
1502 1316 1594 1370 καὶ
1630 1313 1934 1384 ἐστεφανώ-

2031 1334 2160 1371 νων.
2205 1316 2399 1386 Ἀμήν.

2059 1562 2502 1573 ——.——.—————-————o
2509 1563 2567 1570 —
2574 1560 3510 1570 mrm
3517 1557 3577 1568 ..⁸.

1709 1720 1858 1794 [με]
1890 1723 2132 1777 omum
2176 1725 2269 1778 nz'.

370 1857 576 1913 Πάντα
624 1872 729 1925 μοι
782 1854 1041 1925 ἔξεστιν,
1092 1853 1232 1925 ἀλλέ
1282 1857 1356 1909 οὺ
1402 1855 1597 1909 ,πάντα
1633 1856 1939 1924 συμφέρει·

443 1924 640 1981 πάντα
671 1942 776 1994 μοι
810 1924 1070 1993 ἔξεστιν,
1099 1924 1238 1981 ἀλλ’
1261 1928 1373 1980 οὐκ
1405 1925 1520 1996 ἐγὼ
1546 1925 1943 1994 ἐξουσιασθή-

445 2014 629 2067 σομαι
658 1996 780 2049 ὑπό
809 2011 990 2061 τινος.

446 2102 515 2155 α’.
526 2101 666 2163 Τοὺς
682 2098 1021 2169 λαιμάργους
1035 2097 1265 2151 ἐνταῦθα
1277 2100 1588 2152 αίνίττεται.
1608 2097 1821 2168 Ἐπειδὴ
1839 2097 1944 2166 γὰρ

375 2185 562 2256 μέλλει
595 2183 759 2236 πάλιν
798 2182 889 2234 ἐπὶ
934 2181 1022 2234 10v
1055 2182 1458 2250 πεπορνευκότα
1503 2181 1781 2253 φέρεσθαι,
1823 2183 1854 2251 ή
1888 2179 1944 2233 δέ

373 2267 605 2340 πορνεία
626 2266 736 2318 ἀπὸ
761 2264 974 2334 τρυφῆς
1003 2263 1096 2316 καὶ
1118 2265 1402 2334 ἀμετρίας,
1433 2264 1676 2336 σφοδρῶς
1695 2263 1756 2316 10
1779 2264 1945 2326 πάθος

375 2350 620 2414 κολάζει.
655 2348 790 2402 Οὑδέ
838 2347 947 2417 γάρ
991 2347 1115 2418 περὶ
1149 2346 1259 2400 τῶν
1294 2346 1758 2418 ἀπηγορευμένων
1799 2347 1946 2415 λέγει

373 2434 555 2488 τοῦτο·
585 2434 773 2485 ἐκεῖνα
813 2432 924 2500 γὰρ
947 2431 1045 2482 οὐκ
1074 2428 1310 2494 ἔξεστιν·
1338 2429 1474 2483 ἀλλά
1503 2429 1631 2500 περὶ
1662 2429 1770 2482 τῶν
1797 2429 1943 2483 ἀδιαο

377 2520 562 2586 φόρων
590 2510 730 2568 εἶναι
763 2512 1083 2568 δοκούντων.
1113 2507 1238 2566 Οίόν
1264 2531 1311 2566 τι
1332 2513 1497 2581 λέγω·
1522 2512 1761 2579 Ἔξεστι,
1790 2514 1944 2583 φησὶ,

375 2603 601 2669 φαγεῖν,
638 2599 733 2652 καὶ
759 2600 922 2660 πιεῖν,
952 2596 1066 2649 ἀλλ’
1105 2598 1166 2650 06
1211 2598 1476 2668 συμφέρει
1518 2598 1655 2667 μετά
1689 2598 1945 2660 ἀσωτίας.

375 2685 491 2735 Καὶ
544 2682 608 2733 10
653 2679 718 2751 δὴ
769 2678 1082 2748 θαυμαστὸν
1125 2678 1289 2732 αὐτοῦ
1342 2680 1437 2732 καὶ
1471 2679 1790 2750 παράδοξον,
1819 2679 1847 2732 0
1885 2679 1948 2750 δὴ

378 2762 655 2832 πολλαχοῦ
697 2763 869 2815 ποιεῖν
907 2761 1095 2815 εῐωθεν
1117 2763 1197 2823 είς
1231 2763 1294 2814 10
1320 2763 1558 2815 ἐναντίον
1604 2763 1950 2833 περιτρέπων

380 2849 472 2902 τὸν
500 2848 681 2916 λόγον,
708 2843 867 2898 τοῦτο
893 2845 986 2897 καὶ
1008 2843 1241 2898 ἐνταῦθα
1278 2844 1696 2910 κατασκευάζει,
1724 2847 1816 2898 καὶ
1845 2845 1952 2898 δεί-

380 2947 571 2984 κνυσιν
601 2927 770 2983 ὅτιτὸ
799 2930 858 2981 ἐν
883 2927 1099 2999 ἐξουσίᾳ
1145 2929 1337 2992 ποιεῖν,
1367 2929 1428 2982 06
1470 2929 1629 2997 μόνον
1657 2931 1714 2982 06
1745 2929 1953 2999 συμφέ-

384 3031 491 3083 ρει,
541 3012 658 3065 ἀλλ⁹
691 3011 814 3064 οῦδέ
856 3010 1102 3075 ἐξουσίας
1139 3011 1305 3073 ἐστὶν.
1354 3012 1490 3066 ἀλλά
1532 3012 1790 3076 δουλείας.
1845 3015 1954 3068 Καὶ

293 3168 296 3170 γ
383 3096 604 3166 πρῶτον
637 3096 734 3166 μὲν
775 3094 883 3148 ἀπὸ
919 3094 1015 3147 τοῦ
1055 3095 1372 3166 ἀσυμφόρου
1421 3097 1717 3167 ἀποτρέπει
1757 3096 1949 3164 λέγων·

373 3182 472 3234 Οὐ
506 3177 821 3248 συμφέρει·
843 3177 1095 3246 δεύτερον
1119 3178 1176 3230 δὲ
1201 3179 1295 3231 καὶ
1313 3177 1422 3231 ἀπὸ
1454 3177 1546 3230 τοῦ
1578 3179 1843 3242 ἐναντίου,
1870 3178 1954 3230 λέ-

385 3280 522 3330 γων,
565 3262 651 3314 ᾰτι
701 3262 822 3314 Οὐκ
876 3258 990 3327 ἐγὼ
1033 3258 1583 3330 ἐξουσιασθήσομαι
1619 3263 1738 3316 ὑπό
1773 3278 1950 3326 τινος.

393 3344 462 3396 ⁸1)
499 3346 560 3399 δὲ
589 3344 758 3411 λέγει,
791 3340 950 3395 τοῦτό
991 3342 1134 3394 ἐστι·
1172 3342 1374 3412 Κύριος
1406 3340 1454 3395 εί
1485 3342 1580 3396 τοῦ
1617 3347 1829 3413 φαγεῖν,
1864 3362 1958 3414 φη·

391 3431 494 3484 σίν·
528 3427 725 3482 οὐκοῦν
755 3427 882 3497 μένε
912 3425 1097 3498 κύριος
1125 3425 1220 3488 ὢν,
1247 3429 1342 3480 καὶ
1372 3427 1561 3480 σκόπει
1587 3428 1661 3499 μὴ
1679 3428 1809 3500 γένῃ
1840 3429 1957 3481 δοῦ-

389 3515 482 3576 λος
529 3509 720 3565 τούτου
775 3509 870 3563 τοῦ
927 3508 1147 3572 πάθους.
1193 3510 1248 3561 ’0
1281 3510 1378 3580 μὲν
1408 3511 1517 3580 γάρ
1548 3513 1627 3574 είς
1666 3511 1780 3565 δέον
1809 3513 1957 3582 αὐτῷ

389 3593 753 3666 κεχρημένος,
781 3593 942 3655 αὐτὸς
969 3592 1133 3646 αὑτοῦ
1167 3591 1351 3664 κύριός
1381 3595 1546 3647 ἐστιν·
1581 3598 1610 3648 ό
1642 3595 1698 3648 δὲ
1724 3597 1802 3658 είς
1826 3597 1953 3665 ἀμεο

389 3681 549 3752 τρίαν
584 3677 762 3743 ἐξιὼν,
794 3677 980 3730 οὐκέτι
1017 3677 1225 3747 κύριος,
1253 3677 1389 3730 ἀλλά
1413 3677 1594 3737 δοῦλος
1624 3679 1788 3732 αὑτοῦ
1816 3681 1958 3748 γίνε-

392 3781 502 3828 ται,
531 3762 634 3831 τῆς
653 3759 960 3830 ἀδηφαγίας
982 3760 1040 3812 ἐν
1071 3759 1219 3829 αὐτῷ
1246 3761 1629 3832 τυραννούσης.
1665 3759 1815 3826 Εἶδες
1845 3763 1959 3826 πῶς

393 3847 482 3898 10v
523 3844 811 3914 νομίζοντα
850 3841 1094 3908 ἐξουσίαν
1133 3842 1297 3912 ἔχειν,
1332 3843 1530 3909 ἔδειξεν
1565 3845 1667 3898 ὑπὸ
1716 3844 1962 3909 ἐξουσίαν

393 3930 562 3991 δντα;
588 3925 758 3979 Τοῦτο
782 3925 894 3994 γὰρ
926 3923 1048 3988 ἐθος
1079 3923 1156 3994 τῷ
1176 3924 1373 3995 Παύλῳ
1398 3929 1589 3993 ποιεῖν,
1630 3928 1765 3998 ὅπερ
1793 3926 1961 3996 ἔφθην

396 4011 589 4073 είπὼν,
629 4009 704 4072 εἱς
733 4009 795 4061 10
820 4007 1057 4061 ἐναντίον
1085 4009 1434 4078 περιτρέπειν
1468 4011 1566 4072 τάς
1586 4009 1904 4073 ἀντιθέσεις,
1934 4011 1962 4063 ὃ

301 4113 305 4116 ’
395 4094 467 4164 δὴ
492 4093 589 4144 καὶ
612 4089 837 4143 ἐνταῦθα
863 4090 1145 4160 πεποίηκε.
1163 4091 1358 4143 Σκόπει
1377 4091 1452 4144 δέ·
1473 4093 1722 4144 Ἐκείνων
1737 4093 1962 4156 ἕκαστος

398 4176 609 4242 ἐλεγεν·
643 4172 849 4236 Ἔξεστί
885 4189 975 4242 μοι
1019 4173 1227 4242 τρυφᾷν
1252 4188 1264 4201 ·
1304 4175 1464 4234 αὑτός
1509 4191 1694 4244 φησιν,
1743 4177 1824 4228 ὅτι
1855 4177 1964 4246 Οὐχ

395 4257 578 4320 οὕτως
605 4254 735 4308 0610
765 4257 958 4318 ποιεῖς,
986 4254 1062 4316 ὡς
1087 4254 1331 4319 ἐξουσίαν
1367 4255 1506 4326 ἔχων
1534 4255 1718 4323 αὑτοῦ,
1751 4258 1863 4312 ἀλλ’
1890 4259 1965 4322 ὡς

396 4340 566 4403 αὐτὸς
590 4338 944 4408 ὑποκείμενος
976 4341 1040 4409 τῇ
1065 4338 1278 4410 ἐξουσίᾳ
1301 4339 1494 4412 ταύτῃ.
1526 4341 1659 4395 υύδέ
1693 4342 1802 4414 γὰρ
1825 4342 1966 4413 ἔχεις

397 4423 651 4491 ἐξουσίαν
673 4422 776 4491 τῆς
799 4421 1055 4493 γαστρὸς,
1086 4423 1188 4486 ἔως
1233 4423 1298 4477 ἂν
1331 4425 1537 4488 ἄσωτος
1564 4423 1653 4498 ᾖς,
1688 4428 1804 4482 ἀλλ’
1829 4430 1968 4498 αὐτὴ

401 4507 498 4561 σοῦ
528 4508 630 4576 τὴν
655 4505 904 4570 ἐξουσίαν
931 4506 1064 4575 ἔχει.
1097 4505 1267 4559 Τοῦτο
1294 4509 1386 4560 καὶ
1414 4510 1506 4561 ἐπὶ
1534 4510 1644 4563 τῶν
1672 4512 1968 4582 χρημάτων

400 4591 498 4643 καὶ
551 4589 647 4641 ἐπὶ
689 4588 797 4640 τῶν
833 4589 1007 4642 ἄλλων
1040 4588 1185 4641 ἔστιν
1224 4590 1416 4645 εἰπεῖν.
1464 4593 1538 4645 Τὰ
1568 4593 1850 4663 βρώματα
1897 4594 1972 4664 τῇ

401 4673 624 4738 κοιλίᾳ.
657 4671 877 4724 Κοιλίαν
910 4670 1160 4734 ἐνταῦθα,
1194 4671 1256 4723 06
1287 4671 1382 4743 τὴν
1409 4676 1670 4744 γαστέρα,
1715 4678 1849 4731 ἀλλά
1875 4679 1972 4748 τὴν

401 4754 850 4824 γαστριμαργίαν
875 4754 1045 4822 λέγει·
1073 4753 1147 4817 ὡς
1173 4754 1301 4808 ὅταν
1321 4755 1471 4826 λέγῃ·
1508 4751 1621 4810 τον
1675 4763 1707 4812 ό
1754 4761 1886 4825 θεὸς
1933 4762 1972 4828 ἠ

403 4838 624 4898 κοιλία,
679 4838 741 4890 06
790 4839 917 4906 περὶ
957 4837 1052 4890 τοῦ
1087 4836 1282 4908 μέλους
1318 4838 1509 4907 λέγων,
1542 4840 1677 4894 ἀλλά
1716 4843 1841 4911 περ)⁸
1878 4845 1975 4913 τῆς

404 4920 737 4989 ἀδηφαγίας.
761 4920 881 4973 Ὀτι
913 4919 1022 4990 γάρ
1049 4921 1204 4973 τοῦτό
1231 4923 1398 4981 ἐστιν,
1440 4924 1668 4977 ἄκουσον
1700 4924 1806 4978 τῶν
1829 4923 1973 4995 ἑξῆς·

405 5003 520 5056 Καὶ
545 5005 585 5070 ἡ
619 5004 816 5056 κοιλία
868 5003 991 5069 τοῖς
1037 5004 1330 5072 βρώμασι·
1380 5004 1447 5056 τὸ
1482 5006 1550 5059 δὲ
1588 5007 1758 5076 σῶμα
1799 5011 1870 5061 οὐ
1901 5007 1976 5077 τῇ

406 5084 677 5150 πορνείᾳ,
717 5085 878 5138 ἀλλὰ
908 5084 989 5149 τῷ
1025 5087 1238 5153 Κυρίῳ.
1267 5086 1375 5139 Καὶ⁵
1430 5089 1535 5157 μὴν
1581 5090 1676 5142 καὶ
1715 5091 1746 5158 ἡ
1779 5089 1972 5155 κοιλία,

408 5165 594 5235 σῶμα.
643 5166 806 5220 Ἀλλά
842 5167 935 5220 δύο
976 5167 1230 5236 συζυγίας
1266 5168 1448 5238 ἔθηκε,
1481 5172 1548 5224 τά
1579 5172 1841 5243 βρώματα
1884 5176 1979 5228 καὶ

404 5249 512 5317 τὴν
548 5249 1012 5320 γαστριμαργίαν,
1039 5251 1174 5322 ὅπερ
1206 5251 1414 5306 κοιλίαν
1439 5253 1684 5319 ἐκάλεσε,
1725 5256 1814 5309 τὸν
1842 5259 1977 5328 Χρι-

410 5331 538 5384 στδν
565 5334 660 5385 καὶ
687 5333 750 5386 10
775 5333 954 5403 σῶμα.
987 5335 1051 5386 Τί
1084 5337 1141 5389 δέ
1173 5339 1308 5401 ἐστι,
1345 5337 1421 5391 Τὰ
1441 5338 1733 5408 ,βρώματα
1757 5340 1831 5409 τῇ
1862 5360 1980 5396 κοιο

407 5414 545 5479 λίᾳ;
572 5414 655 5466 Τά
701 5413 986 5484 βρώματα,
1022 5417 1174 5487 φησὶ,
1220 5421 1354 5490 πρὸς
1395 5421 1494 5489 τὴν
1540 5426 1979 5494 γαστριμαργίαν

410 5497 522 5566 ἔχει
555 5499 764 5565 φιλίαν,
821 5499 913 5550 καὶ
960 5498 1096 5568 αῦτη
1131 5503 1266 5571 πρὸς
1300 5503 1490 5555 ταῦτα.
1520 5505 1596 5556 06
1629 5505 1848 5558 δύναται
1889 5502 1981 5559 οὖν

411 5581 547 5648 πρὸς
569 5582 665 5634 τὸν
691 5582 924 5650 Χριστὸν
943 5584 1089 5651 ἡμᾶς
1113 5585 1285 5650 ἀγειν,
1307 5586 1442 5639 ἀλλὰ
1467 5587 1596 5657 πρὸς
1620 5587 1788 5640 ταῦτα
1813 5588 1977 5644 ἕλκει.

413 5662 590 5725 Πάθος
622 5663 736 5732 γάρ
768 5665 1002 5732 χαλεπὸν
1041 5667 1131 5718 καὶ
1172 5668 1432 5738 θηριῶδές
1462 5671 1599 5733 ἐστι,
1645 5672 1736 5724 καί
1766 5672 1980 5734 δούλους

413 5748 577 5808 ποιεῖ,
618 5747 715 5799 καὶ
742 5748 919 5818 ταύτῃ
943 5747 1302 5805 διακονεῖσθαι
1333 5751 1752 5823 παρασκευάζει.
1779 5754 1841 5807 Τί
1875 5755 1981 5808 τοί-

2050 1874 2142 1908 νυν
2194 1856 2321 1924 περὶ
2367 1857 2569 1926 τροφὴν
2606 1856 2868 1926 ἐπτόησαι
2912 1857 3006 1910 καὶ
3045 1858 3300 1928 κέχηνας,
3334 1859 3620 1928 ἄνθρωπες

2049 1941 2122 1993 Τὸ
2146 1939 2256 2008 γάρ
2280 1940 2429 2002 τέλος
2461 1939 2673 2008 ἐκείνης
2702 1941 2799 2009 τῆς
2829 1939 3102 2003 διακονίας
3130 1940 3304 2002 τοῦτο,
3333 1943 3426 1993 καὶ
3464 1941 3624 1994 πλέον

2049 2021 2200 2075 οὐδὲν
2221 2022 2562 2086 ἐπιδείξεται·
2595 2021 2707 2074 ἀλλ’
2729 2022 2915 2092 ὥσπερ
2940 2022 3194 2095 δεσποίνῃ
3216 2024 3321 2076 τινὶ
3347 2023 3623 2077 διακόνους-

2053 2106 2186 2174 μένη
2226 2105 2375 2173 μένει
2405 2103 2733 2173 διατηροῦσα
2762 2103 2859 2173 τὴν
2893 2104 3136 2157 δουλείαν
3177 2105 3399 2176 ταύτην,
3429 2111 3520 2160 καὶ
3559 2110 3624 2162 06

2053 2187 2265 2257 πρόεισι
2289 2188 2615 2258 περαιτέρω,
2645 2187 2792 2258 [H6]
2823 2189 2914 2239 καὶ
2935 2187 3086 2240 οὐδὲν
3106 2188 3265 2257 ἔργον
3287 2188 3468 2260 ἕτερον
3488 2191 3621 2260 ἔχει,

2051 2271 2163 2324 ἀλλ’
2201 2270 2330 2324 0610
2357 2269 2514 2323 10610
2543 2271 2605 2323 10
2639 2271 2881 2341 μάταιον.
2921 2273 3029 2324 Καὶ
3059 2273 3340 2343 ἀμφότερα
3374 2274 3625 2345 ἀλλήλοις

2054 2353 2468 2422 συμπέπλεκται
2490 2353 2582 2406 καὶ
2605 2352 3109 2425 συγκαταλύεται,ή
3139 2354 3315 2409 κοιλία
3347 2360 3456 2420 τοῖς
3486 2358 3627 2428 βρὼο

2057 2453 2211 2504 μασι,
2242 2434 2424 2488 καὶτὰ
2459 2435 2723 2507 βρώματα
2747 2438 2813 2507 τῇ
2843 2436 3040 2508 κοιλίᾳ,
3067 2437 3275 2509 δρόμον,
3296 2440 3418 2494 τινά
3440 2441 3626 2510 ἀνηνυ·

2053 2535 2144 2571 τον
2159 2517 2506 2571 ἀνελίττουσα
2521 2531 2536 2546 ⁸
2560 2517 2636 2581 ὡς
2655 2518 2720 2571 ἂν
2743 2519 2791 2570 εἰ
2819 2519 2927 2571 ἀπὸ
2959 2518 3209 2589 σώματος
3235 2521 3626 2592 διεφθαρμένου

2055 2599 2332 2669 σκώληκες
2379 2601 2665 2660 τίκτοιντο,
2707 2601 2798 2653 καὶ
2845 2601 3003 2655 πάλιν
3034 2603 3138 2655 ὑπὸ
3180 2603 3288 2656 τῶν
3326 2605 3627 2676 σκωλήκων

2055 2682 2392 2736 ἀναλίσκοιτο
2427 2683 2488 2735 10
2523 2683 2703 2753 σῶμα·
2735 2683 2767 2752 ἢ
2800 2682 2987 2755 ὥσπερ
3010 2684 3075 2737 ἂν
3109 2688 3156 2738 εί
3187 2684 3338 2756 κῦμα
3360 2687 3628 2757 κορυφοῦ-

2060 2783 2219 2836 μενον
2248 2767 2341 2818 καὶ
2369 2766 2717 2836 διαλυόμενον
2745 2767 2910 2838 μηδὲν
2939 2769 3184 2838 περαίνοι
3225 2770 3409 2823 πλέον.
3445 2769 3629 2824 Ταῦτα

2055 2848 2110 2900 δὲ
2130 2848 2190 2900 06
2227 2849 2356 2918 περὶ
2386 2847 2592 2918 τροφῆς
2624 2849 2716 2900 καὶ
2744 2848 2994 2919 σώματος
3025 2850 3192 2918 λέγει,
3215 2851 3351 2905 ἀλλά
3375 2853 3434 2905 τὸ
3461 2853 3630 2915 πάθος

2056 2932 2153 2998 τῆς
2179 2932 2614 3001 γαστριμαργίας
2639 2931 2733 2984 καὶ
2757 2933 2857 3001 τὴν
2886 2932 3152 3001 ἀμετρίαν
3180 2933 3290 2987 τῶν
3319 2934 3630 3004 ἐδεσμάτων

2057 3012 2351 3068 διαϐάλλει.
2412 3014 2520 3066 Καὶ
2566 3013 2715 3082 δηλοῖ
2755 3016 2824 3067 τά
2865 3015 3010 3085 ἑξῆς·
3063 3016 3256 3083 ἐπάγει
3293 3017 3420 3086 γάρ·
3456 3018 3519 3069 '0
3563 3017 3633 3070 δὲ

2063 3096 2205 3162 Θεὸς
2250 3096 2348 3148 καὶ
2383 3097 2607 3162 ταύτην
2653 3096 2753 3149 καί
2788 3096 2976 3151 ταῦτα
3012 3099 3391 3167 καταργήσει·
3425 3101 3483 3152 06
3533 3099 3630 3170 τὴν

2062 3179 2303 3248 γαστέρα
2347 3177 2539 3245 λέγων,
2571 3178 2706 3230 ἀλλά
2748 3179 2848 3248 τὴν
2889 3180 3127 3250 ἄμετρον
3157 3181 3470 3251 ἐπιθυμίαν,
3509 3183 3630 3236 οὐδὲ

2059 3261 2157 3332 τὴν
2213 3259 2436 3330 τροφὴν,
2469 3260 2602 3314 ἀλλά
2651 3261 2746 3330 τὴν
2775 3263 3006 3330 τρυφήν.
3034 3262 3177 3330 Πρὸς
3213 3263 3319 3334 γὰρ
3355 3266 3538 3317 ἐκεῖνα
3568 3266 3630 3318 06

2061 3341 2419 3412 δυσχεραίνει,
2445 3342 2580 3395 ἀλλά
2610 3343 2704 3396 καὶ
2731 3343 3009 3412 νομεθετεῖ
3035 3345 3162 3415 περὶ
3187 3346 3365 3398 αὐτῶν
3385 3346 3525 3401 οῦτω
3550 3347 3633 3400 λέ-

2063 3433 2192 3506 γων·
2217 3479 2219 3484 ,
2240 3426 2524 3494 Ἔχοντες
2557 3429 2779 3493 τροφὰς
2822 3427 2920 3481 καὶ
2959 3428 3373 3498 σκεπάσματα,
3402 3432 3635 3497 τούτοις

2061 3508 2580 3576 ἀρκεσθησόμεθα·
2628 3509 2761 3562 ἀλλά
2789 3510 2958 3582 ταύτῃ
2995 3511 3266 3564 διαϐάλλει
3299 3513 3358 3564 τὺ
3384 3516 3634 3584 πρᾶγμα,

2065 3589 2160 3642 καὶ
2187 3589 2284 3660 τὴν
2313 3589 2598 3659 διόρθωσιν
2625 3591 2789 3644 αὐτοῦ
2827 3593 2962 3661 μετά
3002 3595 3310 3665 συμϐουλὴν
3339 3595 3636 3667 ἐπιτρέψας

2066 3673 2218 3741 εὐχῇ.
2249 3673 2403 3734 Τινὲς
2447 3673 2503 3724 δέ
2552 3691 2738 3741 φασιν,
2766 3677 2846 3728 ὅτι
2897 3679 3202 3748 προφητεία
3245 3679 3304 3731 10
3349 3681 3637 3751 είρημένον

2066 3756 2203 3818 ἐστὶ,
2234 3754 2330 3824 τὴν
2360 3756 2418 3806 ἐν
2445 3753 2522 3824 τῷ
2554 3756 2798 3824 μέλλοντι
2833 3758 2988 3810 αἰῶνι
3019 3761 3350 3813 κατάστασιν
3380 3761 3636 3833 δηλοῦσα,

2067 3839 2160 3888 καὶ
2211 3835 2291 3888 ὅτι
2339 3835 2439 3887 οὑκ
2476 3837 2620 3888 ἐστιν
2659 3839 2774 3889 ἐκεῖ
2815 3843 3006 3906 φαγεῖν
3044 3841 3164 3892 οὐδὲ
3198 3845 3358 3895 πιεῖν.
3388 3844 3449 3896 El
3490 3844 3545 3896 δὲ
3577 3847 3639 3898 10

2069 3917 2382 3987 σύμμετρον
2430 3915 2538 3981 ἔξει
2578 3919 2752 3996 τέλος,
2791 3920 2969 3990 πολλῷ
2997 3923 3194 3990 μᾶλλον
3235 3926 3332 3993 τῆς
3373 3927 3638 3996 ἀμετρίας

2068 3999 2364 4069 ἀπέχεσθαι
2405 3999 2502 4052 δεῖ.
2533 3995 2663 4053 Εἶτα
2698 4001 2782 4053 ἴνα
2812 4002 2885 4070 μὴ
2916 4003 3112 4074 νομίσῃ
3148 4021 3250 4066 τις,
3278 4006 3359 4057 ὅτι
3390 4007 3482 4059 τοῦ
3521 3995 3638 4059 σὼ-

2073 4083 2242 4153 ματός
2263 4084 2406 4136 ἐστιν
2439 4085 2472 4152 ὴ
2497 4081 2735 4153 διαϐολὴ,
2770 4083 2903 4153 μηδὲ
2928 4085 3240 4156 ὑποπτεύσῃ
3273 4088 3353 4140 ὄτι
3402 4088 3508 4141 ἀπὸ
3544 4089 3638 4142 τοῦ

2075 4167 2271 4235 μέρους
2303 4164 2364 4216 10
2409 4165 2528 4217 ὅλον
2565 4164 2795 4227 διέϐαλε,
2827 4165 2978 4236 μηδὲ-
3001 4167 3252 4238 λέγηότι
3281 4171 3317 4240 ἡ
3346 4171 3505 4236 φύσις
3546 4171 3638 4225 τοῦ

2074 4247 2322 4317 σώματος
2355 4247 2502 4299 αἰτία
2529 4242 2596 4317 ἧν
2622 4251 2718 4318 τῆς
2753 4249 3009 4314 πορνείας
3031 4260 3071 4314 ⁸,
3100 4253 3329 4305 ἄκουσον
3355 4254 3464 4307 τῶν
3490 4255 3636 4323 ἑξῆς.

2074 4331 2148 4383 06
2180 4329 2288 4398 γὰρ
2306 4328 2402 4399 τὴν
2429 4330 2588 4399 φύσιν
2618 4333 2896 4402 αἰτιῶμαι,
2923 4336 3073 4404 φησὶ,
3100 4335 3194 4387 106
3216 4334 3486 4406 σώματος,
3508 4338 3643 4392 ἀλλά

2073 4413 2173 4481 τὴν
2199 4411 2435 4482 ἄμετρον
2464 4417 2562 4483 τῆς
2585 4415 2760 4484 ψυχῆς
2794 4418 3048 4470 ἀσωτίαν·
3077 4419 3158 4472 διὸ
3190 4421 3282 4473 καὶ
3317 4421 3529 4487 ἐπάγει·
3573 4423 3644 4475 Τὸ

2074 4494 2142 4546 δὲ
2179 4494 2350 4562 σῶμα
2380 4497 2451 4548 οὐ
2487 4494 2560 4562 τῇ
2596 4499 2858 4564 πορνείᾳ,
2889 4500 3050 4553 ἀλλὰ
3077 4501 3156 4566 τῷ
3184 4505 3395 4570 Κυρίῳ.
3428 4506 3503 4557 06
3537 4505 3644 4573 γὰρ

2073 4576 2162 4630 διά
2185 4577 2340 4630 τοῦτο
2368 4579 2795 4649 κατεσκευάσθη,
2823 4582 2908 4635 ἵνα
2928 4584 3151 4647 ἀσώτως
3176 4585 3240 4656 ζῇ
3267 4589 3360 4639 καί
3383 4588 3643 4659 πορνεύῃ,

2073 4659 2260 4731 ὥσπερ
2296 4661 2418 4715 οὐδὲ
2459 4663 2490 4731 ἡ
2524 4662 2718 4726 κοιλία,
2758 4666 2842 4717 ἵνα
2880 4672 3288 4739 γαστριμαργῇ,
3319 4670 3544 4724 ἀλλ’ἵνα
3568 4672 3646 4742 τῷ

2072 4744 2292 4812 Χριστῴ
2322 4745 2521 4816 ἕπηται
2543 4745 2617 4810 ὼς
2651 4749 2882 4818 κεφαλῇ,
2911 4751 3004 4800 καὶ
3023 4752 3052 4800 ὁ
3087 4751 3288 4820 Κύριος
3321 4752 3642 4823 τῷσὼματι

2075 4827 2380 4894 ἐπικέηται.
2436 4829 2815 4899 Αἱδεσθῶμεν,
2878 4832 3156 4900 φρίξωμεν
3225 4835 3307 4886 ὅτι
3380 4837 3646 4906 τοσαύτης

2073 4909 2398 4973 ἀξιωθέντες
2450 4913 2634 4981 τιμῆς,
2699 4914 2773 4974 ὼς
2823 4914 3030 4966 ἐκείνου
3088 4915 3180 4968 τοῦ
3237 4918 3348 4971 ἀνω
3405 4921 3647 4989 καθημέν-

2075 5010 2164 5046 νου
2210 4992 2460 5060 γενέσθαι
2521 4994 2682 5063 μέλη.
2730 4996 3002 5062 τοσούτοις
3055 5005 3244 5064 κακοῖς
3297 5005 3648 5072 καταισχύνο-

2079 5091 2180 5143 μεν
2235 5073 2479 5136 ἐαυτούς.
2516 5076 2912 5148 Κατηγορήσας
2949 5081 3126 5134 τοίνυν
3160 5085 3358 5148 ἱκανῶς
3402 5085 3512 5138 τῶν
3553 5104 3648 5152 γα-

2079 5171 2193 5225 στρι
2205 5156 2453 5227 μάργων,
2517 5157 2609 5212 καὶ
2665 5163 2728 5230 τῇ
2784 5161 2894 5214 τῶν
2953 5164 3252 5233 μελλόντων
3313 5167 3487 5222 ἐλπίδι
3549 5170 3648 5238 τῆς

2079 5239 2276 5298 κακίας
2304 5240 2506 5307 ἀπάγει
2545 5241 2766 5313 ταύτης,
2802 5245 2975 5314 λέγων
2995 5263 3009 5277 ·
3052 5249 3115 5300 '0
3141 5249 3210 5301 δὲ
3246 5251 3391 5316 Θεὸς
3418 5252 3515 5305 καί
3546 5256 3651 5304 τὸν

2078 5321 2297 5387 Κύριον
2317 5322 2533 5392 ἤγειρε,
2560 5325 2658 5379 καὶ
2701 5327 2858 5395 ἡμᾶς
2883 5330 3145 5399 ἐξεγερεῖ
3189 5333 3286 5386 διὰ
3327 5333 3434 5401 τῆς
3465 5333 3648 5388 δυνιὶιρ

2074 5419 2228 5472 μεως
2253 5404 2458 5460 αὑτοῦ.

2153 5528 2214 5598 β’.
2241 5526 2389 5594 Εἶδες
2415 5533 2571 5587 πάλιν
2605 5537 2793 5604 σοφίαν
2817 5539 3178 5612 ἁποστολικήν
3202 5558 3214 5606 ;
3234 5542 3292 5596 τὸ
3313 5544 3423 5614 γὰρ
3441 5547 3651 5610 0510111..-

2086 5629 2206 5664 στον
2254 5615 2340 5667 ἀεὶ
2389 5616 2487 5686 τῆς
2522 5617 2871 5692 ἀναστάσεως
2916 5623 3022 5676 ἀπὸ
3068 5624 3161 5678 106
3209 5627 3443 5696 Χριστοῦ
3491 5648 3650 5684 κατα·

2152 5780 2173 5805 ’⁵
2199 5777 2339 5840 Βρεη
2371 5781 2398 5835 ἡ
2421 5779 2553 5842 φύσις
2573 5787 2652 5840 τῆς
2671 5784 3036 5847 γαστριμαργίας
3056 5786 3180 5834 αἰτία
3207 5789 3232 5844 ἢ
3257 5794 3334 5846 τῆς
3358 5790 3589 5850 πορνείας.
