4086 6214
478 336 575 392 Hi

462 450 742 516 σκευάζει,
790 448 886 504 καὶ
920 449 1154 521 μάλιστα
1200 442 1317 498 νῦν.
1346 443 1413 498 El
1441 440 1552 513 γὰρ
1589 442 1653 493 τὸ
1694 439 1855 512 σῶμα
1892 439 2051 511 ήμῶν

463 536 623 608 μέλος
649 534 743 588 τοῦ
773 532 1032 606 Χριστοῦ,
1055 528 1255 597 ἀνέστη
1275 527 1331 580 δὲ
1352 528 1380 580 6
1405 523 1659 598 Χριστὸς.
1686 525 1780 578 ml
1801 524 1864 577 τὸ
1888 524 2050 595 σῶμα

341 644 353 655 ·
458 623 679 682 πάντως
725 618 913 687 ἕψεται
942 616 1007 686 τῇ
1045 611 1277 683 κεφαλῇ.
1308 611 1413 665 Διὰ
1439 610 1553 678 τῆς
1584 609 1894 679 δυνάμεως
1937 610 2049 662 αὺ-

457 703 587 758 τοῦ.
618 699 839 768 Ἐπειδὴ
867 696 978 766 γὰρ
998 692 1122 750 εἷπε
1157 696 1391 766 πρᾶγμα
1422 692 1823 764 ἀπιστούμενον
1846 692 1940 746 ml
1960 691 2048 745 λο-

457 788 678 857 γισμοῖς
699 784 758 835 οὐ
784 781 1082 852 δυνάμενον
1105 779 1472 850 ὑπονοηθῆναι
1493 790 1543 845 ⁸,
1568 777 1648 849 τῷ
1679 776 2051 848 ἀκαταλήπτῳ

456 870 556 939 τῆς
603 867 885 929 δυνάμεως
934 862 1102 919 αὐτοῦ
1159 862 1525 934 παρεχώρησε
1567 861 1639 914 τὰ
1674 861 1777 932 τῆς
1821 860 2050 915 ἀναστά-

459 969 600 1013 σεως
637 950 730 1004 τοῦ
778 947 1041 1022 Χριστοῦ,
1079 947 1141 1000 οὐ
1177 946 1380 1018 μικρὰν
1419 949 1540 1001 κατ’
1566 944 1746 1000 αὐτῶν
1773 941 2051 1009 ἀπόδειξιν

459 1039 554 1091 καὶ
586 1034 791 1105 ταύτην
821 1033 1219 1107 παρεχόμενος.
1266 1031 1378 1085 Καὶ
1414 1030 1510 1083 ἐπὶ
1547 1030 1648 1100 μὲν
1679 1028 1781 1100 τῆς
1815 1028 2051 1107 ἀναστά-

459 1138 600 1184 σεως
637 1119 733 1172 τοῦ
766 1106 1006 1189 Χριστοῦ
1035 1116 1098 1170 οὐ
1128 1115 1375 1169 τέθεικεν
1402 1112 1555 1167 αὐτό·
1586 1112 1709 1166 οὐδὲ
1737 1111 1845 1183 γάρ
1872 1106 2047 1174 εἶπεν,

469 1206 531 1258 '0
559 1203 615 1256 δὲ
647 1202 779 1264 Θεὸς
824 1200 919 1253 καὶ
959 1198 1053 1253 τὸν
1092 1197 1300 1268 Κύριον
1337 1197 1598 1268 ἐξεγερεῖ·
1626 1195 1785 1266 ἐξέϐη
1827 1193 1938 1265 γὰρ
1987 1194 2050 1247 τὸ

458 1292 713 1358 πρᾶγμα·
763 1282 901 1338 ἀλλά
945 1280 1097 1345 πῶς;
1143 1282 1198 1333 Ὀ
1237 1279 1306 1334 δὲ
1360 1278 1505 1344 Θεὸς
1543 1277 1639 1332 καὶ
1681 1276 1789 1331 τὸν
1829 1278 2050 1344 Κύριον

454 1370 673 1439 ἥγε-ιρις·
727 1368 820 1422 ml
859 1366 959 1420 οὐκ
1010 1365 1181 1417 ἐδεῖτο
1236 1362 1597 1432 κατασκευῆς.
1637 1360 1787 1432 [147]
1836 1360 1963 1414 Ἐπὶ
1990 1359 2047 1413 δὲ

456 1454 556 1522 τῆς
590 1450 864 1523 ἡμετέρας
913 1446 1283 1511 ἀναστάσεως,
1317 1443 1505 1516 ἐπειδὴ
1545 1444 1760 1499 οὐδέπω
1800 1443 2045 1511 γέγονεν,

457 1537 558 1607 οὐχ
586 1534 761 1597 οὓτως
790 1530 965 1593 εἶπεν,
990 1529 1129 1584 ἀλλά
1159 1529 1310 1595 πῶς;
1342 1528 1454 1584 Καὶ
1482 1525 1642 1597 ἡμᾶς
1667 1526 1934 1597 ἐξεγερεῖ
1951 1526 2049 1582 διὰ

461 1618 569 1687 τῆς
598 1617 909 1688 δυνάμεως
936 1613 1144 1670 αὐτοῦ·
1173 1614 1241 1684 τῇ
1264 1610 1578 1682 ἀξιοπιστίᾳ
1598 1611 1699 1682 τῆς
1722 1610 1818 1664 τοῦ
1839 1610 2051 1664 ποιοῦν-

458 1721 549 1768 τος
585 1701 767 1774 ίσχύος
795 1702 922 1764 τοὺς
950 1697 1339 1765 ἀντιλέγοντας
1363 1693 1753 1763 ἐπιστομίζων.
1794 1695 1857 1747 Εἰ
1881 1694 1939 1748 δὲ
1971 1694 2049 1765 τῷ

461 1788 638 1859 Πατρὶ
674 1789 775 1857 τὴν
814 1787 1113 1839 ἀνάστασιν
1150 1778 1430 1847 λογίζεται
1460 1777 1556 1830 τοῦ
1587 1777 1849 1859 Χριστοῦ,
1884 1778 2051 1848 μηδέν

460 1889 520 1924 σε
551 1870 850 1943 θορυϐείτω
871 1867 1051 1920 τοῦτο.
1094 1862 1172 1918 Οὐ
1200 1862 1308 1932 γὰρ
1339 1860 1416 1923 ὡς
1442 1858 1758 1943 ἀτονοῦντος
1784 1859 1885 1914 τοῦ
1912 1863 2047 1931 Χρι-

461 1955 614 2016 στοῦ,
640 1954 799 2007 τοῦτο
823 1949 1088 2005 τέθεικεν·
1124 1945 1287 2009 αὐτὸς
1323 1943 1432 2015 γάρ
1461 1945 1610 1996 ἐστιν
1634 1943 1665 1995 6
1690 1942 1887 2012 λέγων·
1927 1945 2046 1998 Λύ-

458 2054 609 2093 σατε
657 2037 765 2090 τὸν
813 2034 966 2088 ναὸν
1005 2029 1247 2092 τοῦτον,
1288 2027 1387 2081 καί
1438 2026 1511 2079 ἐν
1554 2026 1756 2094 τρισὶν
1802 2027 2051 2095 ἡμέραις

457 2119 641 2190 ἐγερῶ
688 2117 894 2173 αὐτόν·
946 2114 1044 2168 ml
1089 2110 1273 2175 πάλιν,
1322 2108 1649 2174 Ἐεουσίαν
1688 2107 1808 2179 ἔχω
1861 2109 2050 2166 θεῖναι

457 2205 578 2275 τὴν
600 2201 816 2274 ψυχήν
836 2216 979 2271 μου,
1002 2196 1103 2252 καί
1137 2195 1431 2261 ἐξουσίαν
1468 2193 1588 2263 ἔχω
1616 2193 1805 2247 πάλιν
1840 2194 2052 2275 λαϐεῖν·

457 2272 672 2353 αὐτὴν·
693 2272 797 2339 καὶ
827 2286 856 2338 6
886 2283 1103 2345 Λουκᾶς
1125 2279 1184 2333 δὲ
1214 2280 1273 2332 ὲν
1298 2280 1417 2340 ταῖς
1454 2276 1695 2346 Πράξεσί
1733 2292 1917 2346 φησιν·
1947 2272 2052 2344 Οἷς

458 2371 559 2427 καί
586 2369 974 2439 παρέστησεν
1000 2364 1219 2418 ἑαυτὸν
1256 2360 1463 2422 (lina.
1492 2359 1649 2421 Τίνος
1674 2353 1769 2413 οὖν
1802 2360 1990 2414 ἕνεκεν
2021 2362 2052 2414 6

458 2453 672 2516 Παῦλος
698 2451 843 2504 οὕτω
879 2446 1076 2519 φησίν;
1104 2446 1227 2499 Ὅτι
1255 2444 1352 2497 ml
1375 2441 1445 2496 τά
1470 2441 1567 2495 τοῦ
1594 2441 1727 2495 Υίοῦ
1765 2441 1845 2512 τῷ
1873 2443 2051 2512 Πατρὶ

458 2536 756 2606 λογίζεται,
798 2533 894 2586 καὶ
943 2529 1014 2584 τὰ
1049 2527 1146 2581 τοῦ
1189 2526 1405 2598 Πατρὸς
1446 2524 1526 2594 τῷ
1554 2523 1691 2594 Υίῷ·
1729 2526 1799 2579 Ἀ
1830 2525 1939 2596 γὰρ
1971 2525 2051 2579 ἂν

458 2619 691 2683 ἐκεῖνος
739 2612 905 2683 ποιῇ,
963 2611 1120 2682 φησὶ,
1169 2609 1356 2663 ταῦτα
1403 2607 1503 2662 καί
1548 2609 1582 2661 ό
1641 2607 1775 2673 Υἱὸς
1831 2610 2048 2677 ὁμοίως

459 2701 636 2757 ποιεῖ.
672 2697 886 2769 Σφόδρα
911 2695 970 2749 δὲ
1002 2692 1274 2765 εὐκαίρως
1300 2690 1535 2745 ἐνταῦθα
1565 2690 1667 2760 τῆς
1697 2691 2047 2756 ἀναστάσεως

458 2785 752 2854 ἀνέμνησε,
797 2782 921 2844 ταῖς
963 2775 1176 2830 ἐλπίσιν
1223 2775 1460 2837 ἐκείναις
1517 2772 1902 2827 καταστέλλων
1949 2774 2049 2844 τῆς

458 2862 767 2937 ἀδηφαγίας
823 2861 922 2933 τὴν
978 2857 1289 2930 τυραννίδα,
1340 2857 1436 2910 καὶ
1501 2857 1787 2927 μονονουχὶ
1849 2855 2044 2923 λέγων·

461 2951 723 3020 Ἔφαγες·
779 2945 931 3008 ἔπιες
990 2940 1237 3006 ἀσώτως,
1272 2940 1370 2994 ml
1415 2938 1469 2992 τί
1518 2938 1581 2992 τὺ
1619 2938 1828 3008 πέραςς
1871 2938 2047 3004 οὐδὲν,

458 3034 576 3091 ἀλλ’
625 3030 660 3105 ἦ
708 3029 887 3102 φθορά
929 3026 1109 3099 μόνον.
1143 3022 1515 3094 Συνεςεύχθης
1550 3020 1630 3092 τῷ
1670 3021 1914 3105 Χριστῷ,
1956 3022 2050 3076 καὶ

458 3118 512 3172 τί
542 3117 604 3170 τὸ
640 3116 850 3187 πέρας;
885 3113 1044 3180 Μέγα
1073 3111 1167 3165 ml
1191 3106 1505 3177 θαυμαστὸν
1534 3106 1568 3176 ἡ
1604 3104 1877 3175 μέλλουσα
1917 3106 2050 3160 ἀνά-

460 3215 669 3261 στασις,
714 3199 749 3270 ή
804 3194 1011 3262 ἔνδοξος
1064 3191 1249 3261 εκείνη
1288 3190 1386 3244 καὶ
1418 3191 1598 3243 πάντα
1627 3189 2040 3261 ὑπερϐαίνουσα

459 3283 638 3353 λόγον.

531 3427 739 3499 Μηδεὶς
769 3425 951 3479 τοίνυν
977 3420 1330 3477 διαπιστείτω
1357 3421 1426 3490 τῇ
1454 3418 1768 3472 ἀναστάσει·
1802 3421 1851 3473 εί
1875 3419 1934 3473 δέ
1965 3437 2049 3484 τις

459 3512 705 3575 ἀπιστεῖ,
745 3506 997 3562 ἐννοείτω
1043 3504 1184 3559 πόσα
1230 3501 1289 3569 ἐξ
1329 3501 1431 3555 οὐκ
1470 3501 1638 3554 ὄντων
1676 3500 1923 3572 ἐποίησε,
1954 3504 2049 3557 ml

459 3594 698 3667 δεχέσθω
726 3592 822 3646 ml
841 3589 970 3661 περὶ
997 3587 1212 3658 ἐκείνης
1238 3581 1532 3648 ἀπόδειξιν.
1566 3583 1649 3637 Τά
1686 3584 1794 3657 γὰρ
1820 3584 1921 3657 ήδη
1954 3601 2050 3654 γε-

459 3666 664 3752 νόμενα
711 3672 1120 3748 παραδοξότερα
1157 3668 1358 3752 πολλῷ,
1410 3668 1505 3752 ml
1548 3666 1736 3740 θαῦμα
1767 3671 2048 3742 ἀμήχανον

459 3751 676 3835 ἔχοντα.
725 3759 928 3813 Σκόπει
960 3756 1050 3809 δέ·
1085 3753 1194 3835 ξῆν
1224 3751 1405 3809 λαϐὼν
1449 3751 1642 3835 έφυρε,
1665 3753 1762 3807 ml
1792 3754 2049 3835 ἐποίησεν

460 3832 768 3918 ἄνθρωπον,
795 3841 902 3912 γῆν
932 3840 1033 3893 οὐκ
1058 3833 1226 3892 οὖσαν
1256 3835 1364 3918 πρὸ
1385 3834 1598 3890 τούτου.
1614 3835 1758 3918 ῌΠῶς
1786 3832 1880 3892 οὖν
1916 3839 1950 3909 ή
1975 3839 2047 3909 γῆ

460 3914 686 3998 γέγονεν
707 3925 803 3981 ἀνθ
813 3939 994 3997 ρωπος
1019 3937 1035 3986 ;
1060 3920 1177 3985 πῶς
1198 3919 1255 3974 δὲ
1281 3917 1423 3990 αῦτη
1453 3919 1554 3973 οὐκ
1579 3914 1716 3973 οὖσα
1736 3922 2045 3992 παρήγετο;

460 4012 579 4076 πῶς
607 4011 666 4065 δὲ
707 4009 779 4063 τά
801 4008 861 4075 ἐξ
893 4006 1064 4077 αὐτῆς
1092 4004 1329 4069 ἅπαντα,
1367 4003 1436 4057 τὰ
1461 4002 1571 4057 τῶν
1596 4002 1808 4072 ἀλόγων
1843 4004 2049 4074 ἄπειρα

458 4097 616 4166 γένη,
648 4095 717 4148 τά
741 4094 850 4146 τῶν
880 4092 1234 4161 σπερμάτων,
1254 4087 1325 4140 τά
1354 4086 1464 4139 τῶν
1488 4084 1691 4155 φυτῶν,
1715 4086 1817 4140 οὐκ
1843 4086 2047 4142 ὠδίνων

463 4180 550 4234 ἐπ’
579 4177 806 4232 ἐκείνων
850 4173 1239 4246 ἡγησαμένων,
1281 4169 1379 4240 οὐχ
1410 4170 1583 4223 ὑετῶν
1615 4169 2046 4241 κατενεχθέντων

462 4263 556 4316 ἐπὶ
599 4259 826 4323 τούτων,
848 4257 971 4327 οὐχὶ
998 4255 1271 4325 γεωργίας
1305 4252 1588 4324 φανείσης,
1633 4254 1697 4307 οὐ
1738 4253 1896 4324 βοῶν,
1945 4255 2046 4308 οὐκ

458 4344 714 4415 ἀρότρου,
738 4343 838 4395 οὐκ
864 4339 1028 4393 ἀλλου
1050 4336 1264 4399 οὐδενὸς
1296 4335 1673 4399 συντελοῦντος
1708 4338 1790 4399 είς
1825 4336 1924 4406 τὴν
1952 4337 2046 4405 γέ-

460 4445 607 4480 νεσιν
632 4425 840 4478 τούτων
866 4440 882 4488 ;
916 4420 1016 4473 Διά
1040 4419 1199 4472 τοῦτο
1228 4418 1335 4487 γὰρ
1367 4419 1431 4470 ὲκ
1461 4418 1564 4487 γῆς
1589 4416 1798 4488 ἀψύχου
1825 4420 1918 4471 καὶ
1948 4423 2044 4471 ἀν-

460 4508 722 4576 αισθήτου
757 4501 995 4557 τοσαῦτα
1023 4502 1082 4553 ὲν
1113 4501 1255 4570 ἀρχῇ
1285 4499 1415 4569 γένη
1460 4502 1555 4552 καὶ
1581 4500 1765 4567 φυτῶν
1801 4502 1894 4553 καὶ
1917 4501 2045 4554 ἀλό-

461 4607 573 4659 γων
599 4587 756 4652 ζοώων
787 4585 1012 4653 ἀνῆκεν,
1051 4582 1139 4633 ἶνα
1179 4580 1386 4635 ἄνωθέν
1437 4597 1498 4633 σε
1528 4582 1793 4653 παιδεύσῃ
1825 4583 1916 4636 τὸν
1944 4584 2044 4655 τῆς

392 4720 403 4725 -
458 4669 808 4732 ἀναστάσεως
830 4665 1008 4733 λόγον.
1028 4662 1198 4717 Τοῦτο
1218 4663 1326 4732 γάρ
1339 4662 1438 4730 τῆς
1461 4662 1805 4728 ἀναστάσεως
1827 4666 2021 4738 ἀπορῶ

459 4756 638 4828 τερον.
668 4754 745 4809 Οὐ
792 4750 903 4823 γάρ
944 4750 1093 4803 ἐστιν
1120 4746 1233 4800 ἴσον
1260 4744 1554 4799 σϐεσθέντα
1590 4746 1792 4816 ἀνάψαι
1827 4747 2040 4821 λύχνον,

461 4840 557 4893 ml
589 4838 852 4909 μηδαμῶς
880 4832 1204 4905 φαινόμενον
1243 4828 1413 4896 δεῖξαι
1451 4829 1583 4901 πῦρ·
1611 4830 1711 4883 οὐκ
1751 4831 1899 4887 ἐστιν
1932 4834 2044 4888 ῐσον

461 4921 878 4990 κατενεχθεῖσαν
918 4917 1096 4972 οίκίαν
1125 4914 1451 4986 ἀναστῆσαι,
1480 4914 1576 4970 ml
1615 4914 1749 4987 μηδὲ
1776 4916 1913 4981 ὅλως
1943 4919 2045 4987 ὐφ-

463 5003 710 5060 εστῶσαν
739 5004 1103 5073 παραγαγεῖν.
1150 4998 1413 5054 Ἐνταῦθα
1445 4999 1546 5070 μὲν
1577 4998 1706 5071 γάρ,
1730 5001 1781 5054 εί
1810 5002 1905 5054 ml
1940 5020 2044 5074 μη-

461 5088 551 5144 δὲν
588 5082 737 5150 ἄλλο,
768 5085 883 5138 ἀλλ’
911 5086 947 5154 ή
980 5083 1078 5151 ὖλη
1109 5083 1384 5136 ὑπέκειτο·
1414 5085 1531 5137 ἐκεῖ
1569 5082 1625 5136 δὲ
1671 5084 1794 5138 οὐδὲ
1822 5087 1856 5156 ή
1886 5087 2042 5141 οὐσία

462 5171 736 5243 ἐφαίνετο.
788 5166 889 5220 Διά
916 5165 1077 5218 τοῦτο
1122 5163 1185 5215 τὸ
1226 5163 1625 5236 δυσκολώτερον
1668 5162 1809 5221 εἶναι
1853 5167 2042 5224 δοκοῦν

462 5254 687 5325 εποίησε
742 5251 1026 5324 πρότερον,
1076 5246 1163 5299 ῐνα
1212 5246 1276 5298 ὲκ
1324 5245 1515 5325 τούτου
1567 5249 1628 5301 τὸ
1678 5251 2042 5324 εὐκολώτερον

463 5324 766 5411 παραδέξῃ.
821 5330 1233 5402 Δυσκολώτερον
1290 5328 1348 5382 δὲ
1392 5324 1569 5392 εἶπον,
1619 5334 1741 5405 οὐχὶ
1783 5335 1862 5407 τῷ
1898 5337 2039 5408 Θεῷ,

463 5423 601 5476 ἀλλά
629 5425 771 5476 κατὰ
796 5420 895 5491 τὴν
930 5417 1041 5471 τῶν
1067 5413 1350 5487 ἡμετέρων
1389 5412 1667 5485 λογισμῶν
1697 5420 2037 5474 ἀκολουθίαν·

461 5503 582 5572 Θεῷ
631 5505 738 5576 γὰρ
781 5501 1040 5555 δύσκολον
1066 5497 1253 5552 οὐδέν·
1307 5495 1422 5549 ἀλλ’
1464 5496 1655 5571 ῶσπερ
1698 5500 1988 5575 ζωγράφος
2013 5505 2042 5557 6

466 5585 596 5654 μίαν
643 5585 813 5638 ποιῶν
853 5585 1056 5648 εἰκόνα,
1093 5580 1294 5652 μυρίας
1334 5578 1573 5646 εὐκόλως
1616 5585 1852 5656 ποιήσει,
1899 5584 2042 5639 οὕτω

463 5670 557 5721 καὶ
595 5666 715 5736 Θεῷ
744 5665 926 5737 ῥᾴδιον
965 5666 1193 5737 μυρίους
1219 5663 1441 5735 ποιῆσαι
1478 5664 1714 5735 κόσμους
1758 5668 1853 5722 καὶ
1888 5667 2041 5721 dmi-

521 5844 540 5870 ⁸
557 5847 704 5911 Reg,
724 5847 1059 5905 ὑποϐληθῆναι.

1228 330 1286 380 S.
1323 321 1614 380 JOANMS
1652 318 2143 377 CHRYSOSTOMI
2186 324 2512 382 ARCHIEP.
2560 326 3116 383 CONSTANTINOP.

3632 331 3651 382 Ι
3665 327 3745 383 ιε’

2159 458 2309 513 ρους·
2349 445 2552 515 μᾶλλον
2577 444 2659 511 δὲ,
2701 443 2891 515 ὥσπερ
2922 442 3145 498 εὔκολον
3185 444 3436 515 ἐννοῆσαί
3474 460 3535 497 σε
3584 444 3740 498 πόλιν

2155 529 2249 579 ml
2294 527 2535 598 κόσμους
2584 530 2866 601 ἀπείρους,
2896 528 3042 583 οὕτω
3072 527 3296 600 ποιῆσαι
3339 525 3463 597 Θεῷ
3493 524 3738 589 εῦκολον,

2153 608 2354 679 μᾶλλον
2389 611 2448 664 δὲ
2476 613 2571 665 ml
2591 611 2783 667 τούτου
2820 611 3001 683 πολλῷ
3044 611 3207 666 πάλιν
3244 608 3630 680 εὐκολώτερον.
3664 609 3740 664 Σὺ

2152 692 2254 765 μὲν
2279 692 2391 765 γὰρ
2426 695 2529 748 κᾶν
2563 694 2767 768 βραχὺν
2794 696 2986 767 χρόνον
3007 693 3321 756 ἀναλίσκεις
3354 693 3413 746 ὲν
3438 694 3506 764 τῇ
3536 692 3738 765 ἀννοίᾳ·

2148 778 2176 830 6
2196 776 2252 829 δὲ
2277 776 2409 840 Θεὸς
2430 777 2551 831 οὐδὲ
2579 778 2757 843 τοῦτο,
2787 778 2904 833 ἀλλ’
2925 780 3037 849 ὅσῳ
3063 777 3176 832 τῶν
3199 776 3547 847 κουφοτάτων
3568 775 3740 840 τινὸς,

2152 858 2303 932 [148]
2334 860 2535 931 μᾶλλον
2552 860 2611 915 δὲ
2638 862 2733 916 καί
2755 861 2849 915 τοῦ
2879 861 2973 916 νοῦ
2996 860 3091 916 τοῦ
3112 861 3378 933 ἡμετέρου
3400 860 3450 913 οἱ
3477 860 3614 915 λίθοι
3641 858 3744 930 βα.-

2150 950 2391 1022 ρύτεροι,
2417 950 2659 1023 τοσούτῳ
2693 953 2724 1006 6
2753 951 2879 1017 νοῦς
2907 951 3065 1024 ήμῶν
3092 952 3194 1022 τῆς
3219 950 3521 1023 ταχύτητος
3544 951 3648 1022 τῆς
3678 953 3744 1006 ὲν

2147 1031 2226 1103 τῷ
2257 1036 2430 1087 ποιεῖν
2455 1033 2897 1105 άπολιμπάνεται
2926 1033 3021 1089 τοῦ
3046 1032 3207 1088 Θεοῦ.
3256 1033 3605 1105 Ἐθαύμασας
3636 1034 3740 1089 αὐ-

2146 1116 2241 1171 τοῦ
2271 1117 2372 1189 τὴν
2398 1117 2628 1189 δύναμιν
2666 1117 2761 1172 ἀπὶ
2791 1119 2893 1188 τῆς
2934 1121 3068 1191 γῆςς
3109 1116 3392 1190 Ἐννόησον
3422 1117 3587 1171 πάλιν
3621 1116 3742 1180 πῶς

2147 1202 2177 1254 6
2223 1201 2451 1274 οὐρανὸς
2492 1204 2715 1272 γέγονεν
2763 1203 2865 1256 οὐκ
2892 1202 2991 1266 ὢν,
3022 1199 3140 1264 πῶς
3176 1199 3248 1254 τά
3286 1201 3493 1272 ἄπειρα
3537 1200 3738 1271 ἄστρα,

2149 1283 2267 1348 πῶς
2309 1286 2338 1338 6
2380 1285 2554 1356 ἥλιος,
2589 1284 2709 1349 πῶς
2734 1285 2770 1356 ἡ
2810 1284 3030 1358 σελήνη·
3062 1284 3176 1337 καὶ·
3201 1282 3375 1338 ταῦτα
3411 1283 3593 1337 πάντα
3637 1282 3740 1335 οὐκ

2147 1367 2298 1421 ὄντα.
2329 1368 2520 1437 Πάλιν,
2540 1369 2661 1422 είπέ
2689 1384 2802 1439 μοι,
2831 1368 2949 1431 πῶς
2992 1366 3131 1437 μετά
3153 1366 3215 1420 τὸ
3235 1365 3489 1435 γενέσθαι
3510 1364 3737 1436 ἔστηκε,

2149 1451 2245 1504 καὶ
2268 1451 2360 1504 ἐπὶ
2387 1451 2532 1514 τίνος
2556 1468 2570 1517 ;
2607 1451 2767 1505 ποίαν
2792 1449 3110 1521 ύποϐἀθραν
3130 1449 3269 1521 ἔχει,
3295 1451 3329 1521 ή
3362 1449 3437 1521 γῆ
3456 1450 3516 1504 δὲ
3544 1450 3736 1515 ποίαν;

2146 1534 2243 1586 xal
2264 1533 2317 1586 τί
2353 1533 2493 1603 μετὰ
2526 1535 2625 1605 τὴν
2646 1534 2787 1605 γῆν;
2812 1534 2906 1586 ml
2933 1534 3050 1603 μετ’
3072 1533 3253 1587 έκεῖνο
3284 1532 3450 1589 πάλιν
3489 1532 3553 1607 τὸ
3597 1533 3741 1603 μετά

2148 1616 2245 1687 τὴν
2266 1616 2393 1686 γῆν,
2420 1617 2502 1683 τί;
2530 1617 2694 1689 Ὁρᾷς
2715 1617 2796 1680 είς
2819 1616 2984 1670 πόσον
3008 1615 3249 1685 ῑλλιγγον
3271 1616 3529 1670 ἐκπίπτει
3553 1633 3648 1670 σου
3673 1616 3741 1670 τὸ

2147 1700 2249 1772 τῆς
2278 1700 2518 1765 διανοίας
2563 1701 2739 1772 ὄμμα,
2791 1700 2858 1755 ἂν
2909 1700 2985 1771 μὴ
3029 1700 3241 1772 ταχέως
3287 1702 3382 1755 ἐπὶ
3421 1700 3523 1771 τὴν
3553 1700 3740 1754 πίστιν

2149 1783 2507 1857 καταδράμῃς
2535 1785 2629 1837 ml
2654 1784 2752 1855 τὴν
2777 1784 3164 1853 ἀκατάληπτον
3190 1781 3421 1854 δύναμιν
3449 1782 3545 1836 τοῦ
3574 1784 3739 1854 ποιή-

2151 1884 2375 1935 σαντος;
2408 1868 2474 1921 Εί
2506 1867 2565 1921 δὲ
2603 1866 2785 1938 βούλει
2814 1866 2909 1921 ml
2941 1867 3048 1920 ἀπὸ
3079 1866 3189 1920 τῶν
3223 1866 3586 1938 ἀνθρωπίνων
3618 1883 3739 1921 στος

2148 1948 2430 2021 χάζεσθαι,
2469 1949 2672 2021 δυνήσῃ
2722 1950 2865 2003 κατά
2922 1949 3117 2022 μικρὸν
3167 1949 3446 2022 πτερῶσαί
3494 1966 3590 2003 σου
3635 1949 3738 2021 τὴν

2147 2034 2408 2088 διάνοιαν.
2448 2033 2626 2087 Ποίων
2651 2033 3047 2103 ἀνθρωπίνων;
3086 2033 3275 2105 φησίν.
3312 2033 3425 2105 Οὐχ
3450 2034 3586 2105 δρᾷς
3610 2036 3739 2099 τοὺς

2150 2118 2456 2188 κεραμέας,
2487 2116 2605 2180 πῶς
2630 2116 2692 2170 τὸ
2712 2115 3038 2171 διακλασθὲν
3059 2118 3155 2170 ml
3176 2116 3468 2188 γενόμενον
3488 2117 3739 2188 ἄμορφον

2148 2199 2531 2254 διαπλάττουσι
2568 2198 2794 2265 σκεῦος;
2825 2199 2952 2262 τοὺς
2976 2198 3077 2271 τὴν
3107 2200 3438 2272 μεταλλικὴν
3469 2199 3739 2271 χωνεύον-

2147 2300 2251 2348 τας
2291 2283 2417 2355 γῆν,
2454 2281 2573 2346 πῶς
2632 2281 2730 2354 τὴν
2780 2285 2885 2353 γῆν
2942 2282 3165 2354 χρυσίον
3207 2282 3590 2351 ἀποφαίνουσι,
3642 2283 3740 2336 ml

2150 2366 2370 2438 σίδηρον
2416 2367 2516 2420 ml
2539 2365 2781 2437 χαλκόν;
2816 2364 2979 2420 πάλιν
3008 2367 3229 2438 ἑτέρους
3246 2367 3375 2430 τοὺς
3408 2375 3432 2397 ⁸
3451 2366 3550 2438 τήν
3580 2365 3741 2421 ὕελον

2149 2448 2577 2522 ἐργαζομένους,
2606 2447 2724 2513 πῶς
2748 2450 2848 2521 τὴν
2874 2449 3059 2521 ἄμμον
3098 2451 3180 2512 εἰς
3211 2450 3274 2502 ἐν
3311 2449 3473 2519 σῶμα
3512 2448 3741 2520 συνεχὲς

2148 2533 2245 2585 ml
2264 2532 2481 2602 διαυγὲς
2517 2531 3019 2604 μετασκευάζουσις
3050 2532 3205 2586 Εῖπω
3226 2533 3353 2597 τοὺς
3379 2531 3737 2602 σκυτοδέψας,

2147 2617 2274 2680 τοὺς
2310 2616 2379 2669 τά
2425 2616 2668 2687 ἀλουργά
2712 2615 3001 2686 ἐσθήματα
3038 2614 3365 2687 βάπτοντας,
3403 2615 3522 2679 πῶς
3548 2615 3740 2686 ἕτερον

2147 2697 2266 2752 ἀνθ’
2309 2698 2499 2769 ἐτέρου
2534 2698 2594 2753 τὸ
2624 2698 2920 2770 δεξάμενον
2956 2698 3057 2769 τὴν
3089 2698 3269 2770 βαφὴν
3308 2697 3739 2768 ἀποφαίνουσινς

2149 2781 2290 2835 εἴπω
2319 2782 2417 2853 τὴν
2442 2783 2700 2853 γέννησιν
2727 2781 2825 2853 τὴν
2851 2781 3169 2852 ήμετέραν;
3206 2782 3271 2835 οὐ
3295 2782 3518 2853 σπέρμα
3557 2780 3735 2852 βραχὺ

2149 2866 2366 2939 πρῶτον
2385 2867 2632 2937 ἄμορφον
2655 2867 2748 2920 ml
2770 2866 3057 2920 ἀτύπωτον
3084 2867 3287 2920 ένίεται
3312 2868 3392 2928 είς
3416 2868 3517 2938 τὴν
3544 2865 3739 2919 ὑποδε-

2148 2951 2386 3022 χομένην
2411 2953 2626 3023 μήτραν
2644 2951 2811 3016 αὐτός
2844 2949 3010 3004 πόθεν
3040 2946 3135 3003 οὖν
3160 2950 3194 3021 ή
3223 2948 3465 3021 τοσαύτη
3478 2949 3575 3002 τοῦ
3594 2948 3738 3014 ζῶου

2147 3034 2470 3099 διάπλασις;
2505 3034 2570 3087 Τί
2610 3034 2668 3088 δὲ
2702 3036 2733 3088 6
2758 3037 2932 3099 σῖτος;
2961 3034 3026 3086 οὐ
3050 3033 3249 3095 κόκκος
3286 3034 3491 3103 γυμνὸς
3519 3035 3599 3096 είς
3635 3034 3739 3105 τὴν

2148 3120 2253 3189 γῆν
2289 3118 2687 3173 καταϐάλλεται
2713 3134 2728 3184 ;
2768 3118 2830 3171 οὐ
2867 3117 3005 3187 μετά
3034 3115 3096 3170 τὸ
3126 3115 3535 3187 καταϐληθῆναι
3564 3117 3741 3188 σήπε-

2147 3219 2241 3256 ται
2267 3218 2282 3267 ;
2310 3201 2474 3255 πόθεν
2501 3201 2741 3271 ἄσταχυς
2771 3199 2866 3253 ml
2892 3197 3177 3269 ἀνθέρικες
3229 3200 3325 3251 ml
3371 3198 3595 3270 καλάμη
3639 3200 3740 3255 καὶ

2147 3284 2219 3338 τὰ
2256 3285 2394 3340 ἄλλα
2437 3284 2650 3349 πάντα;
2688 3283 2749 3336 ού
2788 3282 3014 3354 κεγχρὶς
3060 3282 3226 3335 σύκου
3270 3283 3444 3354 μικρά
3474 3281 3738 3348 πολλάκις

2148 3367 2469 3439 ἐμπεσοῦσα
2495 3369 2574 3431 είς
2598 3367 2724 3437 γῆν,
2761 3366 2858 3418 καὶ
2886 3363 3043 3437 ῥίζαν
3083 3365 3176 3419 ml
3203 3364 3435 3428 κλάδους
3460 3365 3558 3419 καὶ
3584 3381 3739 3436 καρ-

2148 3451 2251 3504 πὸν
2284 3452 2516 3523 ἧνεγκεν
2541 3466 2556 3516 ;
2590 3446 2722 3504 Εῑτα
2753 3447 2961 3502 τούτων
2991 3447 3089 3519 μὲν
3116 3447 3348 3502 ἕκαστον
3384 3447 3515 3520 δέχῃ
3549 3451 3644 3502 ml
3671 3450 3737 3503 οὐ

2150 3535 2510 3607 περιεργάζῃ,
2547 3535 2640 3587 τὸν
2680 3534 2739 3587 δὲ
2793 3531 2926 3586 Θεὸν
2975 3532 3134 3603 μόνον
3189 3534 3444 3595 ἀπαιτεῖς
3503 3531 3735 3598 εὐθύνας

2153 3619 2630 3689 μετασκευάζοντα
2658 3615 2819 3689 ήμῶν
2842 3615 2904 3668 τὸ
2935 3614 3131 3686 σῶμα;
3161 3616 3258 3670 ml
3285 3615 3390 3670 ποῦ
3413 3615 3588 3671 ταῦτα
3606 3615 3736 3684 ἀξια

2152 3703 2512 3774 συγγνιτ›μης;

2220 3880 2289 3943 γ’.
2320 3871 2507 3926 Ταῦτα
2531 3871 2669 3943 πρὸς
2690 3869 2959 3941 ’Έλληνας
2984 3868 3231 3942 λέγωμεν
3254 3866 3438 3922 καὶτὰ
3473 3867 3722 3922 τοιαῦτα·

2149 3957 2287 4030 πρὸς
2313 3956 2422 4029 γάρ
2449 3956 2576 4019 τοὺς
2603 3955 2727 4016 ταῖς
2751 3953 2997 4025 Γραφαῖς
3031 3952 3385 4024 πειθομένους
3414 3951 3536 4005 οὐδὲ
3564 3952 3732 4020 λόγου

2152 4057 2244 4112 μοι
2283 4040 2384 4095 δεῖ.
2433 4040 2497 4093 El
2540 4039 2651 4111 γὰρ
2685 4037 2902 4108 μέλλοις
2950 4035 3412 4108 περιεργάζεσθαι
3454 4035 3633 4089 πάντα
3662 4037 3735 4091 τά

2148 4127 2389 4191 ἐκείνου,
2417 4125 2473 4178 τί
2508 4124 2670 4178 πλέον
2694 4122 2806 4188 ἕξει
2831 4121 2942 4175 τῶν
2969 4121 3275 4192 ἀνθρώπων
3304 4122 3332 4172 6
3362 4119 3530 4186 Θεός;
3554 4120 3731 4173 καίτοι

2148 4229 2212 4281 γε
2243 4213 2339 4266 καὶ
2372 4209 2695 4280 ἀνθρώπους
2731 4206 2964 4272 πολλοὺς
3003 4208 3064 4262 οὐ
3116 4204 3618 4278 περιεργαζόμεθα.
3665 4206 3730 4258 Et

2147 4295 2200 4348 δὲ
2221 4296 2250 4334 b
2273 4294 2359 4347 ἐπ’
2391 4291 2695 4362 ἀνθρώπων
2720 4291 2880 4344 τοῦτο
2910 4288 3193 4361 ποιοῦμεν,
3223 4290 3317 4342 ml
3350 4289 3412 4341 οὐ
3443 4304 3731 4359 περιεργα-

2147 4377 2373 4447 ζόμεθιι,
2397 4375 2577 4445 πολλῷ
2602 4370 2695 4428 οὖν
2721 4373 2922 4445 μᾶλλον
2947 4372 3046 4444 τὴν
3068 4371 3162 4426 τοῦ
3184 4370 3320 4425 Θεοῦ
3348 4371 3542 4441 σοφίαν
3566 4371 3730 4425 πολυ-

2146 4461 2486 4529 πραγμονεῖν
2517 4458 2578 4511 οὐ
2608 4456 2716 4528 χρὴ
2739 4455 2861 4511 οὐδὲ
2882 4455 3180 4527 λογισμοὺς
3206 4457 3482 4509 ἀπαιτεῖν·
3511 4453 3730 4526 πρῶτον

2060 4564 2065 4573 λ
2150 4544 2282 4614 μὲν,
2315 4544 2397 4594 ὅτι
2427 4541 2742 4606 ἀξιόπιστος
2786 4542 2816 4595 6
2852 4538 3324 4609 ἀποφαινόμενος,
3356 4536 3613 4609 δεύτερον
3646 4538 3727 4604 δὲ,

2144 4628 2228 4681 ὃτι
2256 4626 2316 4679 οὐ
2348 4626 2564 4694 δέχεται
2606 4624 2882 4696 λογισμῶν
2923 4624 3152 4696 ἔρευναν
3183 4622 3252 4677 τά
3296 4622 3620 4694 πράγματα.
3652 4622 3728 4675 Οὐ
3777 4687 3783 4692 ι

2145 4708 2254 4780 γάρ
2299 4704 2445 4761 ὸῦτω
2492 4706 2703 4778 πτωχὸς
2735 4709 2764 4760 6
2810 4707 2962 4772 Θεὸς,
2995 4708 3073 4771 ὡς
3127 4705 3353 4759 τοιαῦτα
3395 4702 3730 4774 ἐργάζεσθαι
3775 4703 3798 4749 ⁸.

2149 4794 2307 4863 μόνα,
2359 4792 2396 4847 ἀ
2440 4794 2508 4864 τῇ
2545 4792 2655 4845 τῶν
2697 4792 2973 4864 λογισμῶν
3017 4790 3273 4862 ἀσθενείᾳ
3328 4788 3730 4860 περιληφθῆναι

2144 4876 2367 4931 δύναται
2389 4875 2498 4929 τῶν
2521 4876 2650 4931 σῶν.
2677 4876 2744 4931 Εί
2767 4877 2876 4948 γὰρ
2896 4874 3150 4938 τέκτονος
3177 4872 3338 4946 ἔργον
3363 4872 3424 4925 οὐ
3449 4870 3731 4941 καταλαμ-

2146 4961 2355 5026 ϐάνεις,
2406 4960 2589 5032 πολλῷ
2634 4959 2838 5032 μᾶλλον
2875 4960 2971 5014 τοῦ
3001 4960 3386 5030 ἀριστοτέχνου
3428 4954 3587 5011 Θεοῦ.
3633 4956 3727 5027 Μὴ

2144 5047 2424 5100 ἀπιστεῖτε
2456 5045 2635 5098 τοίνυν
2674 5047 2744 5115 τῇ
2776 5044 3109 5098 ἀναστάσει·
3141 5043 3263 5096 ἐπεὶ
3297 5040 3476 5111 πολλῷ
3510 5040 3729 5111 μακρὰν

2143 5128 2244 5198 τῆς
2273 5128 2486 5191 ἐλπίδος
2511 5127 2703 5180 ἔσεσθε
2722 5126 2824 5196 τῆς
2855 5126 3176 5199 μελλούσης.
3213 5124 3374 5178 Ἀλλά
3396 5125 3450 5177 τί
3477 5123 3539 5176 τὸ
3565 5121 3729 5191 σοφὸν

2144 5210 2255 5264 τῶν
2294 5210 2715 5278 ἀντιλεγόντων,
2770 5210 2972 5280 μᾶλλον
3016 5209 3074 5264 δὲ
3122 5211 3184 5264 τὸ
3225 5209 3432 5280 σφόδρα
3464 5206 3726 5276 ἀνόητονς

2145 5301 2258 5357 Kal
2289 5301 2424 5369 πῶς,
2453 5303 2584 5355 ὅταν
2609 5300 2882 5373 ἀναμιχθῇ
2908 5301 2971 5356 τὸ
3005 5301 3168 5374 σῶμα
3189 5304 3255 5374 τῇ
3277 5304 3347 5373 γῇ
3378 5300 3473 5354 ml
3502 5301 3730 5369 γένηται

2144 5388 2237 5457 γῆ,
2287 5384 2382 5438 m‘.
2444 5383 2593 5456 [H9]
2626 5383 2763 5457 αῦτη
2803 5384 2967 5440 πάλιν
2998 5386 3201 5459 ἑτέρως
3231 5383 3560 5457 μετενεχθῇ,
3590 5384 3728 5436 ἀνα-

2146 5470 2425 5537 στήσεται,
2460 5468 2627 5539 φησί;
2658 5468 2750 5521 Σοὶ
2772 5467 2932 5522 τοῦτο
2967 5469 3174 5542 ἄπορον
3200 5481 3224 5510 ο
3251 5464 3390 5523 εῖναι
3411 5467 3580 5528 δοκεῖ,
3611 5463 3729 5519 ἀλλ’

2229 5665 2347 5736 [ιω
2372 5668 2520 5736 Βιεεη
2546 5671 2750 5736 optime.
2789 5670 2918 5736 ἘξάῃίΙί
2969 5684 3108 5729 vero.
3160 5673 3301 5721 πάλιν
3347 5673 3531 5736 ἑτέραν,
3574 5669 3725 5736 mle.

2148 5727 2176 5767 δ
2340 5726 2762 5797 (ιυεεᾶάιιιοιιιῇεειι
2792 5734 2870 5797 ,δι’
2912 5726 3269 5797 ὁμᾳοτέλευτον
3312 5747 3375 5782 ex
3396 5726 3526 5797 εἶρε.
3556 5733 3729 5797 codjce

2144 5793 2487 5861 τοξιὶιυ-υιιίιιτ.
2558 5794 2581 5824 ⁸
2609 5793 2756 5861 Εόιιρ,
2780 5794 3135 5857 ἇπορονςιζεεη
3171 5796 3382 5859 ἄπειρον.
3408 5793 3628 5855 liliaque
3652 5794 3733 5842 lo-

2148 5852 2248 5899 cuo
2270 5852 2456 5903 admitti
2483 5867 2628 5917 posse
2650 5856 2862 5907 videtur.
