4086 6214
368 323 468 380 Nl

363 442 472 496 ﬁde
498 437 716 509 dignam
757 432 1207 490 resurrectionem
1254 443 1376 485 esse
1413 445 1442 481 a
1473 428 1690 484 Christo
1732 445 1946 499 semper

365 531 582 603 probat,
606 530 841 582 maxime
869 539 996 580 vero
1024 537 1184 578 nunc.
1207 520 1262 577 Si
1290 521 1433 576 enim
1462 536 1658 590 corpus
1705 530 1947 574 nostrum

364 622 674 678 membrum
733 628 818 675 est
864 617 1095 681 Christi,
1139 614 1380 670 Christus
1429 628 1560 668 vero
1605 614 1946 675 resurrexit,

359 717 524 771 etiam
555 728 752 782 corpus
778 711 1001 766 omnino
1049 716 1208 775 caput
1251 717 1521 776 sequetur.
1557 705 1658 760 Per
1705 708 1944 760 virtutem

363 825 534 863 mm.
563 806 695 873 Quia
724 804 870 857 enim
899 818 1010 854 rem
1036 799 1192 865 dixit,
1219 814 1338 868 qua:
1370 814 1477 853 non
1504 798 1739 853 creditur
1782 808 1946 852 et’ra-

365 899 600 954 tiociniis
627 895 824 966 percipi
872 911 976 948 nnn
1007 902 1177 962 potest
1203 934 1220 958 ,
1244 894 1360 962 ejus
1391 893 1602 947 virtutis
1641 892 1946 962 incompre-

365 988 713 1044 hensibilitati
742 986 1009 1041 concessit
1036 1000 1121 1050 ea,
1154 999 1272 1051 qua:
1289 984 1484 1038 Christi
1501 985 1948 1038 resurrectionem

361 1087 632 1148 spectant,
651 1092 758 1132 non
784 1091 999 1146 parvam
1027 1075 1149 1130 hinc
1169 1084 1355 1128 contra
1373 1074 1677 1129 incredulos
1703 1073 1949 1143 praebens

361 1166 906 1224 demonstrationem.
936 1165 1000 1218 Et
1020 1164 1070 1218 in
1099 1163 1296 1218 Christi
1320 1163 1534 1233 quidem
1553 1166 1949 1220 resurrectione

363 1261 538 1328 ipsam
568 1273 675 1312 non
705 1257 886 1324 posuit
914 1271 927 1308 :
961 1270 1134 1324 neque
1157 1253 1301 1308 enim
1345 1254 1481 1308 dixit
1532 1271 1546 1308 :
1579 1255 1720 1310 Deus
1767 1265 1949 1309 autem

362 1351 530 1406 etiam
565 1349 850 1404 Dominum
877 1345 1155 1401 suscitabit
1181 1362 1198 1412 ;
1229 1360 1318 1400 res
1345 1346 1488 1400 enim
1529 1346 1642 1416 jam
1695 1347 1948 1417 contigit;

361 1443 460 1497 sed
485 1439 802 1512 quomodo?
827 1439 966 1493 Deus
988 1454 1105 1493 vero
1134 1448 1180 1492 et
1207 1437 1478 1492 Dominum
1515 1439 1778 1492 suscitavit
1802 1456 1821 1504 ;
1849 1454 1952 1494 nec

363 1549 503 1602 opus
551 1531 739 1586 habuit
799 1530 1132 1600 probatione.
1179 1530 1256 1583 De
1309 1541 1488 1583 nostra
1534 1540 1711 1584 autetn
1767 1546 1948 1584 resur-

364 1623 649 1689 rectione,
694 1623 818 1690 quia
864 1620 1098 1675 nendum
1142 1619 1358 1683 evenit,
1391 1635 1498 1673 non
1531 1620 1598 1673 ita
1650 1621 1822 1686 dixit,
1855 1621 1948 1676 sed

367 1712 688 1783 quomodo?
721 1710 785 1764 Et
829 1727 923 1765 nos
968 1710 1227 1765 suscitabit
1257 1727 1347 1780 per
1387 1711 1618 1764 virtutem
1654 1726 1841 1772 suam;
1884 1727 1950 1766 ex

368 1822 438 1860 eo
466 1805 612 1874 quod
643 1803 749 1858 fide
787 1805 944 1874 digna
990 1805 1060 1857 sit
1085 1803 1202 1871 ejus
1244 1803 1332 1871 qui
1367 1804 1645 1858 suscitavit
1671 1814 1908 1872 potestas
1929 1845 1948 1872 ,

365 1911 431 1951 os
477 1897 768 1951 obstructis
819 1893 1330 1950 Contradicentihus.
1361 1895 1416 1950 Si
1456 1904 1634 1949 autem
1665 1895 1808 1950 Patri
1853 1897 1949 1950 ad-

367 1989 560 2042 scribit
606 1986 806 2042 Christi
837 1988 1290 2041 resurrectionem
1319 2027 1333 2050 ,
1363 1986 1494 2041 nihil
1547 1997 1598 2042 te
1646 1989 1950 2042 conturbet.

367 2082 487 2137 Non
513 2081 655 2136 enim
685 2081 827 2151 quod
871 2078 1119 2136 Christus
1150 2094 1256 2133 non
1302 2088 1484 2148 posset
1509 2121 1526 2144 ,
1579 2079 1683 2134 hoc
1729 2082 1903 2149 posuit
1935 2100 1952 2136 :

367 2174 488 2242 ipse
513 2187 746 2241 namque
791 2170 1035 2226 Christus
1067 2170 1202 2225 dixit
1240 2171 1471 2226 :Solvite
1495 2172 1736 2240 templum
1769 2173 1954 2236 hoc,et

364 2265 424 2318 in
452 2263 611 2318 tribus
642 2263 814 2317 diebus
842 2261 1070 2316 excitabo
1113 2262 1247 2316 illud
1275 2261 1453 2333 (Joan.
1478 2261 1538 2316 2.
1571 2263 1662 2333 19)
1688 2279 1704 2326 ;
1733 2273 1787 2318 et
1828 2280 1942 2318 rur-

364 2370 498 2417 sus,
554 2353 859 2408 Potestatem
911 2352 1068 2406 habeo
1117 2351 1337 2422 ponendi
1382 2353 1611 2406 animum
1657 2371 1820 2408 nteant
1841 2396 1856 2418 .
1907 2365 1954 2410 et

367 2458 667 2515 potestatem
700 2448 858 2501 habeo
885 2449 1068 2502 iterum
1092 2449 1328 2503 sumendi
1348 2465 1458 2503 eam
1484 2450 1665 2520 (Joan.
1703 2452 1789 2506 10.
1817 2453 1904 2522 18)
1931 2471 1947 2518 ;

366 2549 428 2594 et
478 2539 650 2593 Lucas
701 2539 754 2592 in
806 2539 1029 2594 Actibus
1077 2539 1188 2604 ait,
1223 2538 1418 2605 Quibus
1465 2542 1690 2596 exhibuit
1735 2545 1952 2612 seipsum

368 2633 541 2684 vivum
565 2632 702 2699 (Act.
730 2633 782 2685 1.
809 2631 1001 2701 3).Cur
1028 2646 1156 2702 ergo
1179 2631 1374 2687 Paulus
1397 2635 1477 2688 sic
1502 2635 1779 2704 loquitur?
1804 2637 1940 2702 Quia

367 2737 494 2791 qua:
536 2719 654 2774 Filii
681 2728 826 2786 sunt,
857 2720 1001 2775 Patri
1028 2722 1306 2788 adscribit,
1329 2732 1384 2776 et
1402 2738 1520 2792 quze
1546 2722 1740 2784 Patris.
1773 2725 1908 2780 Filio
1937 2743 1952 2780 :

368 2828 497 2866 nam
529 2810 654 2878 Qut
699 2811 787 2865 ille
829 2811 988 2879 facit,
1034 2812 1236 2883 inquit,
1268 2821 1316 2867 et
1345 2811 1514 2866 Filius
1557 2814 1790 2869 similiter
1832 2817 1953 2886 facit

370 2903 557 2971 (Joan.
581 2905 640 2959 5.
665 2904 775 2972 19).
801 2902 1116 2975 Opportune
1141 2914 1319 2958 autem
1346 2905 1634 2960 admodum
1663 2908 1752 2963 hic
1777 2924 1952 2964 resur-

369 2995 668 3049 rectionem
699 3004 981 3059 memorat,
1009 3004 1062 3049 et
1086 2995 1174 3049 tali
1213 3009 1309 3064 spe
1335 2995 1474 3064 gulae
1503 2993 1835 3066 tyrannidem
1865 3013 1951 3052 re-

371 3088 638 3154 primens,
669 3093 726 3140 et
755 3094 958 3140 tantum
1005 3101 1111 3140 non
1158 3085 1344 3141 dicens
1375 3071 1389 3138 Ξ
1418 3086 1706 3142 Comedisti
1729 3127 1742 3150 ,
1773 3087 1950 3143 bibisti

369 3179 490 3232 sine
526 3193 777 3232 mensura
802 3219 817 3244 ,
847 3187 900 3233 et
926 3179 1048 3248 quis
1090 3179 1192 3233 erit
1221 3178 1388 3233 finis?
1419 3180 1632 3244 nullus,
1681 3181 1783 3236 nisi
1830 3196 1953 3236 cor-

370 3271 549 3339 ruptio
578 3281 807 3325 tantum.
837 3269 1167 3339 Conjunctus
1195 3286 1254 3327 es
1304 3271 1559 3338 Christo,
1607 3281 1662 3328 et
1701 3275 1821 3344 quis
1848 3273 1954 3330 erit

371 3361 530 3416 ﬁnis?
559 3377 782 3433 magnus
825 3373 881 3418 et
923 3364 1215 3427 mirabilis,
1240 3363 1418 3418 futura
1473 3366 1800 3422 resurrectio
1831 3366 1951 3437 glo-

373 3455 514 3508 riosa
544 3455 652 3518 illa,
675 3469 978 3510 sermonem
1006 3471 1220 3511 onmem
1249 3471 1536 3526 superans.

449 3545 774 3600 Resurrectio
803 3546 979 3615 futura
1006 3547 1128 3617 prob
1139 3557 1265 3601 itur.
1287 3578 1360 3588 —
1383 3548 1550 3603 Nemo
1577 3547 1752 3618 itaque
1773 3563 1953 3604 resur-

371 3637 601 3693 rectioni
649 3636 809 3692 fidem
849 3647 1008 3708 neget
1049 3639 1140 3694 :si
1184 3639 1303 3707 quis
1353 3649 1528 3695 autem
1570 3655 1676 3695 non
1727 3641 1949 3708 credat,

371 3728 580 3798 cogitet
596 3739 792 3796 quanta
821 3743 886 3782 ex
915 3727 1082 3782 nihilo
1112 3728 1459 3798 produxerit,
1486 3739 1542 3784 et
1584 3730 1708 3786 hinc
1753 3732 1821 3787 de
1863 3732 1950 3786 illa

371 3817 890 3873 demonstrationem
915 3819 1158 3890 accipiat.
1183 3818 1314 3874 Nam
1341 3836 1460 3890 quae
1482 3820 1594 3890 jam
1621 3821 1760 3876 facta
1789 3833 1946 3889 sunt,

373 3910 545 3963 multo
583 3918 710 3963 sunt
736 3909 1060 3964 mirabiliora
1088 3950 1103 3974 ,
1150 3919 1204 3964 et
1231 3909 1420 3981 ingens
1447 3911 1763 3966 miraculum
1796 3912 1952 3967 exhi.

373 3999 578 4053 bentia.
612 3999 990 4052 Animadverte
1015 4009 1192 4052 autem
1225 4016 1238 4052 :
1265 4008 1463 4054 terram
1486 4000 1694 4069 accepit
1737 4009 1792 4055 et
1841 4001 1948 4056 mi-

377 4090 550 4150 scuit.
583 4090 954 4159 hominemque
980 4090 1142 4152 fecit;
1176 4098 1397 4158 terram,
1424 4091 1665 4160 inquam,
1697 4107 1816 4161 qua:
1845 4108 1951 4146 non

376 4195 540 4236 antea
591 4190 717 4235 erat.
759 4181 1039 4249 Quomodo
1083 4197 1212 4252 ergo
1257 4191 1398 4238 terra
1423 4182 1561 4237 facta
1611 4193 1695 4239 est
1742 4186 1952 4239 homo?

374 4274 652 4342 quomodo
681 4274 793 4344 ipsa
823 4289 948 4329 cum
976 4288 1081 4329 non
1113 4281 1294 4341 esset,
1347 4273 1604 4345 producta
1633 4275 1774 4330 fuit?
1822 4292 1957 4347 quo-

378 4372 548 4427 modo
569 4385 690 4439 qua:
707 4386 773 4423 ex
799 4371 914 4439 ipsa
946 4370 1078 4423 fiunt
1099 4370 1302 4436 omnia,
1323 4370 1584 4424 immensa
1607 4385 1804 4440 genera
1825 4371 1957 4426 bru-

379 4473 587 4526 torunt,
607 4478 899 4523 seminum,
923 4461 1250 4530 plantarum,
1278 4462 1446 4515 nullis
1471 4469 1656 4531 partus
1677 4461 1958 4518 doloribus

378 4554 704 4624 pramissis,
735 4568 842 4608 non
888 4553 1086 4622 pluviis
1129 4552 1183 4606 in
1217 4553 1305 4606 illa
1334 4553 1618 4618 demissis,
1649 4553 1795 4607 nulla
1832 4569 1955 4610 cum

377 4646 749 4716 agricultura,
805 4659 912 4699 non
958 4644 1152 4708 bobus,
1183 4651 1368 4699 aratro
1409 4644 1488 4698 vel
1533 4644 1639 4698 alio
1676 4644 1742 4699 ad
1775 4653 1956 4700 ortum

378 4736 596 4790 illorum
641 4734 1004 4788 administro?
1046 4734 1166 4789 Ideo
1204 4735 1346 4789 enim
1377 4751 1440 4789 ex
1470 4742 1612 4787 terra
1661 4734 1955 4788 inanimata

380 4831 436 4870 et
462 4816 761 4871 insenSibili
789 4827 865 4872 tot
893 4819 945 4872 in
977 4819 1239 4889 principio
1284 4835 1485 4891 genera
1507 4831 1563 4876 et
1591 4823 1888 4890 plantarum
1909 4832 1960 4879 et

381 4909 665 4963 brutorum
691 4908 1004 4964 animalium
1047 4921 1162 4966 orta
1191 4922 1334 4974 sunt,
1364 4921 1424 4966 ut
1458 4923 1509 4968 te
1547 4914 1658 4980 jam
1704 4914 1833 4968 olim
1876 4931 1962 4970 re-

381 5001 734 5056 surrectionis
790 5001 1052 5056 rationem
1115 5005 1354 5058 doceret.
1413 5003 1543 5058 lllud
1588 5005 1733 5060 enim
1784 5020 1964 5061 resur-

380 5093 625 5148 rectione
671 5094 903 5164 cogitatu
931 5094 1197 5150 difficilius
1221 5103 1322 5150 est.
1346 5095 1461 5150 Non
1491 5097 1640 5166 paria
1665 5096 1810 5150 enim
1837 5107 1963 5152 sunt

380 5186 701 5239 exstinctam
746 5185 1016 5240 lucernam
1059 5186 1390 5252 accendere,
1420 5195 1475 5242 et
1517 5187 1752 5241 nondum
1792 5202 1962 5258 appa-

380 5283 592 5329 rentem
639 5276 815 5346 ignem
875 5275 1131 5332 exhibere

379 5364 600 5419 domum
627 5366 955 5422 remdificare
975 5408 990 5429 ,
1020 5375 1072 5422 et
1103 5367 1251 5421 nullo
1278 5368 1436 5421 modo
1464 5369 1810 5423 exsistentem
1840 5383 1964 5438 pro-

379 5455 600 5509 ducere.
635 5455 732 5511 Hic
756 5457 932 5522 enim,
983 5457 1085 5513 etsi
1130 5457 1260 5512 nihil
1291 5456 1432 5511 aliud
1452 5499 1467 5523 ,
1510 5465 1566 5511 at
1594 5458 1813 5512 materia
1839 5459 1965 5514 sub-

375 5545 519 5615 jecta
546 5554 664 5600 erat
690 5563 704 5598 :
731 5546 843 5600 illic
873 5561 1002 5602 vero
1051 5562 1120 5602 ne
1149 5547 1444 5601 substantia
1487 5546 1702 5615 quidem
1740 5563 1964 5618 appare-

375 5635 494 5691 bat.
525 5637 760 5710 Ideoque
801 5635 942 5709 quod
974 5637 1242 5692 difficilius
1291 5653 1411 5694 esse
1447 5636 1759 5703 videbatur,
1792 5638 1964 5707 primo

381 5725 530 5797 fecit,
564 5739 619 5784 ut
660 5747 726 5787 cx
768 5730 868 5786 hoc
897 5718 1036 5802 quOd
1061 5730 1265 5787 facilius
1289 5738 1404 5786 erat
1446 5728 1772 5785 admittercs.
1807 5729 1953 5786 Dilli-

1394 312 1459 368 lN
1498 314 1714 370 EPIST.
1758 316 1774 369 l
1840 317 1934 373 an
1969 317 2128 375 con.
2173 286 2402 377 noittL.
2447 319 2605 376 xvn.

1176 5296 1190 5330 :
1235 5292 1339 5332 non
1383 5277 1529 5348 paria
1559 5286 1684 5332 sunt
1730 5269 1985 5334 dirutam.

3533 325 3634 381 1-ιὲ

2055 434 2212 488 cilius
2239 444 2416 490 autem
2444 436 2557 491 dixi
2583 477 2604 502 ,
2651 453 2755 492 non
2787 437 2921 506 Deo,
2959 439 3054 496 sed
3078 448 3371 498 secttudum
3412 444 3626 499 ratioci-

2055 523 2263 578 niorum
2318 536 2620 581 nostrorum
2682 530 3121 599 consequentiam
3171 549 3185 586 :
3238 531 3350 588 Deo
3400 548 3631 603 namque

2052 615 2273 671 diflleile
2320 618 2447 672 nihil
2477 631 2593 683 est;
2640 621 2735 674 sed
2779 622 3226 689 quemadmodum
3284 625 3489 694 pictor,
3535 626 3627 694 qui

2054 722 2214 762 unum
2257 707 2382 762 facit
2424 710 2707 778 imaginem
2737 750 2753 776 ,
2784 710 3091 767 innumeras
3114 712 3270 768 facile
3312 712 3509 770 faciet:
3541 716 3626 770 sic

2052 808 2108 852 et
2131 799 2239 851 Deo
2270 799 2474 855 facilius
2504 801 2624 865 fuit,
2654 801 2964 858 innumeros
3001 801 3178 859 facere
3213 804 3446 860 mundos
3469 814 3635 876 atque

2053 889 2290 944 infinitos
2323 907 2338 944 :
2369 891 2474 944 imo
2523 892 2734 960 potius,
2794 901 2852 948 ut
2904 893 3058 949 facile
3088 894 3178 949 tibi
3224 904 3307 949 est
3349 896 3532 951 urbem
3577 906 3638 953 et

2054 980 2290 1036 infinitos
2341 982 2578 1050 cogitare
2621 984 2888 1050 mundos,
2940 984 3010 1038 ita
3066 985 3177 1040 Deo
3227 986 3348 1040 illos
3400 985 3635 1042 condere

2054 1070 2207 1126 facile
2230 1081 2334 1136 est,
2367 1073 2474 1127 imo
2501 1075 2660 1144 longe
2683 1074 2911 1132 facilius.
2942 1076 3021 1132 Tu
3048 1078 3193 1132 enim
3223 1092 3412 1148 parum
3439 1079 3631 1134 saltem

2054 1165 2310 1232 temporis
2333 1163 2387 1218 in
2418 1164 2519 1220 hac
2546 1166 2870 1236 cogitatione
2899 1167 3160 1232 insumis;
3192 1169 3331 1223 Deus
3373 1184 3500 1224 vero
3523 1184 3633 1226 non

2053 1254 2217 1309 item:
2251 1271 2371 1310 nam
2393 1267 2593 1327 quanto
2629 1273 2688 1314 re
2726 1258 2958 1328 quadam
3005 1259 3272 1315 levissima
3293 1302 3308 1325 ,
3333 1261 3441 1315 imo
3469 1261 3635 1316 etiam

2054 1355 2236 1402 mente
2259 1359 2442 1402 nostra
2467 1389 2482 1414 ,
2513 1349 2789 1419 graviores
2816 1350 3022 1420 lapides
3065 1361 3230 1417 sunt;
3266 1362 3412 1407 tanto
3438 1353 3636 1408 mentis

2017 1471 2020 1475 ι
2055 1451 2252 1495 nostrae
2279 1441 2528 1496 celeritas
2552 1457 2582 1496 a
2616 1443 2724 1497 Deo
2755 1442 2807 1496 in
2835 1446 3070 1498 creando
3114 1455 3417 1513 superatur.
3443 1445 3631 1500 Admi-

2054 1540 2201 1585 ratus
2251 1547 2310 1586 es
2361 1531 2477 1600 ejus
2526 1532 2580 1586 in
2637 1542 2778 1588 terra
2834 1533 3128 1590 virtutem?
3175 1535 3358 1606 Cogita
3410 1551 3626 1590 rursum

2053 1621 2324 1691 quomodo
2361 1623 2546 1677 caelum
2577 1622 2770 1678 factum
2799 1625 2868 1678 sit
2892 1639 3014 1679 eum
3038 1641 3145 1680 non
3167 1635 3334 1691 esset,
3362 1627 3636 1696 quomodo

2054 1713 2225 1767 stella:
2250 1713 2664 1771 innumerabiles
2684 1755 2700 1779 ,
2728 1715 2999 1785 quomodo
3022 1716 3138 1783 sol,
3166 1718 3437 1788 quontodo
3465 1720 3589 1773 luna
3618 1736 3634 1781 ;

2053 1813 2110 1859 et
2150 1804 2265 1858 hate
2309 1805 2523 1871 omnia,
2569 1821 2694 1861 cum
2736 1821 2840 1860 non
2867 1816 3026 1862 antea
3056 1818 3258 1862 essent.
3280 1808 3516 1872 Rursus,
3549 1808 3638 1864 dic

2055 1895 2208 1957 mihi,
2239 1896 2510 1964 quomodo
2540 1905 2818 1966 postquam
2849 1896 2985 1952 facta
3031 1907 3155 1952 sunt
3194 1907 3464 1954 steterunt
3491 1909 3546 1954 et
3581 1901 3638 1954 in

2054 1986 2201 2055 quo?
2245 1987 2386 2055 quod
2421 1987 2620 2042 habent
2655 1987 2921 2053 fulcrum,
2969 1987 3238 2057 quodnam
3282 1990 3465 2043 terra?
3507 1990 3633 2058 quid

2057 2087 2176 2147 post
2204 2079 2444 2132 terram?
2475 2087 2528 2132 et
2552 2087 2674 2148 post
2699 2077 2828 2134 illud
2858 2093 3068 2132 rursum
3113 2077 3255 2148 quod
3291 2087 3410 2148 post
3438 2090 3632 2133 terram

2055 2179 2170 2233 est,
2224 2167 2396 2238 quid?
2446 2167 2609 2223 Vides
2661 2169 2712 2222 in
2760 2177 3016 2237 quantam
3057 2167 3378 2238 vertiginem
3421 2167 3637 2223 decidat

2058 2261 2255 2314 utentis
2283 2269 2386 2312 tua:
2411 2260 2621 2324 oculus,
2653 2259 2757 2314 nisi
2785 2260 2965 2314 statim
2999 2259 3066 2314 ad
3102 2259 3262 2314 fidem
3305 2274 3555 2315 accurras
3581 2271 3636 2314 et

2055 2351 2120 2406 ad
2151 2351 2743 2422 iucmnprehensibilem
2775 2353 3049 2422 operantis
3091 2351 3388 2406 virtutem?
3415 2350 3470 2408 Si
3501 2352 3635 2408 velis

2057 2454 2232 2500 autem
2264 2444 2423 2500 etiam
2451 2459 2517 2500 ex
2549 2444 2804 2498 humanis
2830 2443 3192 2514 conjecturam
3224 2442 3424 2512 facere,
3452 2444 3639 2514 paula.

2059 2536 2151 2590 tim
2199 2536 2397 2605 poteris
2447 2547 2678 2590 mentem
2731 2544 2872 2589 tuam
2925 2549 3024 2590 ceu
3072 2535 3170 2588 alis
3215 2535 3500 2590 instruere.
3552 2535 3631 2590 Ex

2056 2631 2268 2700 quibus.
2301 2629 2531 2697 inquies,
2581 2628 2868 2683 humanis?
2894 2627 3008 2682 Non
3056 2626 3207 2682 vides
3248 2627 3458 2697 figulus,
3498 2643 3635 2698 quo-

2057 2722 2216 2775 modo
2243 2721 2464 2775 fractum
2515 2729 2569 2774 et
2617 2720 2733 2774 sine
2757 2719 2926 2773 forma
2957 2717 3156 2772 factum
3209 2733 3304 2771 vas
3333 2718 3635 2786 effingunt?

2056 2829 2152 2870 eos
2190 2814 2277 2882 qui
2310 2812 2628 2866 tnetallicam
2659 2824 2852 2866 terram
2882 2811 3108 2879 fodiunt,
3140 2811 3408 2881 quomodo
3435 2821 3629 2866 terram

2056 2922 2243 2960 aurum
2289 2919 2408 2959 esse
2454 2912 2864 2968 ntonstrent,et
2910 2903 3108 2958 ferrum
3135 2913 3294 2974 atque
3335 2919 3410 2958 {BS
3449 2919 3635 2958 l'lll'SllS

2053 2997 2210 3051 alia?
2262 2995 2353 3066 qui
2396 2995 2591 3048 vitrum
2636 2994 2960 3060 conficiunt,
3009 2996 3280 3064 quomodo
3321 3012 3538 3050 arenam
3579 2996 3632 3050 in

2052 3101 2250 3156 corpus
2275 3085 2505 3140 solidum
2533 3085 2923 3154 etpellucidum
2947 3085 3360 3141 transforment?
3381 3087 3634 3143 Dicamue

2053 3181 2332 3246 coriarios,
2364 3195 2458 3234 eos
2485 3179 2574 3250 qui
2605 3193 2870 3248 purpurea
2902 3180 3214 3234 vestimenta
3237 3180 3474 3249 tingunt,
3497 3195 3632 3249 quo-

2055 3274 2216 3328 modo
2255 3272 2385 3326 illud
2428 3271 2568 3341 quod
2622 3273 2908 3326 tincturam
2960 3273 3170 3342 excepit
3200 3272 3343 3327 aliud
3392 3287 3489 3342 pro
3527 3272 3633 3326 alio

2055 3365 2363 3419 monstret?
2421 3363 2665 3418 dicamne
2702 3365 3100 3433 generationem
3147 3365 3426 3418 nostram?
3457 3381 3630 3418 nonne

2055 3456 2322 3510 modicum
2363 3471 2548 3511 semen
2578 3454 2810 3510 informe
2852 3464 2908 3510 et
2944 3455 3062 3510 sine
3090 3455 3253 3524 ﬁgura
3282 3456 3332 3509 in
3361 3455 3630 3523 excipien-

2056 3558 2163 3600 tcnt
2215 3547 2423 3600 vulvam
2479 3545 2814 3616 ingreditur?
2842 3546 2982 3601 unde
3027 3561 3159 3616 ergo
3205 3556 3347 3601 tanta
3386 3546 3632 3602 animalis

2055 3639 2394 3694 elformatio?
2421 3635 2556 3705 Quid
2603 3651 2732 3690 vero
2777 3636 3146 3692 frumentum?
3194 3652 3371 3692 nonne
3407 3653 3628 3707 granum

2056 3729 2254 3784 nudum
2276 3729 2326 3780 in
2361 3737 2554 3781 terram
2577 3726 3041 3796 injicitur?nonne
3070 3738 3346 3799 postquam
3375 3729 3628 3800 injectum

2056 3831 2140 3876 est
2192 3820 2488 3890 putrescit?
2538 3819 2680 3874 unde
2735 3821 2929 3890 spicae,
3008 3807 3188 3876 arista:
3231 3862 3246 3887 ,
3327 3813 3516 3877 calami
3579 3834 3633 3877 et

2056 3921 2250 3966 cat-tera
2277 3910 2500 3963 omnia?
2528 3926 2706 3965 nonne
2735 3927 2952 3977 parvum
2983 3911 3068 3967 fici
3119 3928 3344 3982 granum
3397 3930 3540 3982 stepe
3577 3915 3630 3968 in

2059 4015 2255 4060 terram
2280 4001 2496 4066 cadens,
2529 4010 2585 4056 et
2611 4002 2843 4056 radicem
2865 4012 2920 4055 et
2945 4018 3124 4057 ramos
3149 4017 3204 4058 et
3231 4004 3456 4059 fructum
3481 4005 3634 4059 tulit?

2059 4097 2201 4152 Sane
2261 4095 2678 4166 unumquodque
2741 4095 2929 4149 horum
2977 4094 3215 4150 admittis
3269 4111 3370 4151 nec
3420 4097 3634 4151 curiose

2059 4187 2308 4258 inquiris,
2359 4203 2386 4240 a
2439 4188 2548 4242 Deo
2576 4195 2754 4242 autem
2800 4186 2914 4240 solo
2962 4195 3200 4240 nostrum
3237 4202 3428 4257 corpus
3459 4198 3634 4242 trans-

2069 4278 2340 4332 formante
2389 4277 2626 4332 rationes
2669 4277 2872 4348 exigis?
2917 4287 2972 4331 et
3019 4277 3286 4346 quomodo
3335 4277 3448 4332 haec
3482 4279 3633 4332 venia

2059 4371 2220 4440 digna
2250 4369 2492 4424 fuerint?

2130 4462 2184 4516 5.
2224 4460 2348 4515 Hzcc
2375 4469 2432 4515 et
2462 4460 2581 4514 talia
2609 4458 2808 4515 Graecis
2845 4458 3082 4514 dicamus
3114 4477 3127 4513 :
3165 4475 3286 4515 nam
3323 4459 3460 4529 apud
3500 4475 3592 4514 eos
3618 4495 3633 4517 ν

2060 4553 2148 4623 ιιιιὶ
2175 4552 2463 4620 Scriptnris
2484 4552 2870 4621 obsequuntur,
2899 4567 2965 4606 ne
2988 4566 3235 4606 sermone
3262 4551 3480 4621 quidem
3502 4565 3638 4619 opus

2061 4653 2146 4697 est
2167 4643 2318 4698 mihi.
2364 4642 2420 4698 Si
2448 4643 2588 4697 enim
2620 4643 2761 4697 illius
2785 4643 2963 4696 omnia
2991 4643 3202 4697 curiose
3231 4642 3456 4698 scrutari
3483 4641 3636 4707 velis,

2061 4733 2187 4805 quid
2223 4734 2338 4803 plus
2379 4733 2594 4790 habebit
2629 4734 2766 4788 lleus
2803 4749 2962 4803 quam
3006 4731 3292 4788 homines?
3317 4748 3638 4803 quamquam

2065 4842 2165 4879 nec
2189 4825 2255 4879 de
2277 4825 2456 4880 multis
2477 4825 2688 4895 quidem
2707 4825 3006 4879 hominibus
3031 4825 3241 4879 curiose
3265 4825 3637 4894 perquirimus.

2063 4915 2215 4984 Quod
2244 4916 2286 4969 si
2313 4916 2365 4969 in
2393 4915 2695 4969 hominibus
2717 4915 2818 4968 hoc
2836 4915 3076 4976 facimus,
3103 4928 3202 4968 nec
3230 4913 3441 4968 curiose
3469 4915 3645 4985 inqui-

2065 5008 2268 5070 rimus;
2297 5007 2463 5060 multo
2490 5008 2665 5060 minus
2698 5005 2787 5058 Dei
2817 5004 3130 5074 sapientiam
3159 5007 3386 5061 scrutari
3407 5016 3642 5077 oportet,

2064 5098 2147 5150 vel
2177 5098 2410 5150 rationes
2432 5095 2498 5148 ab
2526 5093 2612 5147 illa
2635 5106 2904 5162 expetere.
2930 5095 3106 5150 Primo
3130 5096 3364 5166 quidem,
3389 5098 3512 5168 quia
3541 5097 3644 5152 fide

2065 5187 2256 5257 dignus
2291 5194 2373 5243 est
2419 5187 2465 5239 is
2509 5185 2598 5256 qui
2643 5187 3033 5256 pronuntiavit;
3079 5189 3349 5256 secundo,
3401 5191 3522 5260 quia
3554 5204 3642 5245 res

2067 5279 2196 5348 ipsa:
2236 5278 2634 5333 ratiociniorum
2674 5280 3148 5348 perscrutationem
3188 5296 3294 5345 non
3336 5279 3643 5334 admittunt.

2068 5369 2182 5424 Non
2213 5370 2356 5424 enim
2384 5368 2519 5424 adeo
2544 5385 2742 5440 egenus
2762 5381 2842 5424 est
2880 5371 3047 5431 Dens,
3077 5379 3133 5423 ιιι
3160 5387 3220 5424 ea
3253 5372 3422 5424 solum
3454 5385 3644 5438 opere-

2072 5471 2176 5525 tur,
2214 5477 2334 5530 qnar
2366 5462 2767 5516 ratiociniorum
2798 5472 3006 5516 tuorttm
3038 5463 3397 5518 imbecillitate
3427 5475 3652 5532 pnssnnt

2069 5553 2469 5624 comprehendi.
2498 5556 2552 5609 Si
2583 5555 2726 5610 enim
2756 5554 2887 5609 fabri
2917 5570 3052 5625 opus
3078 5570 3183 5610 non
3212 5557 3640 5626 comprehendis,

2069 5645 2240 5701 multo
2262 5645 2435 5701 minus
2457 5647 2547 5701 Dei
2571 5645 2994 5716 prmstantissimi
3019 5647 3256 5702 artilicis.
3285 5647 3362 5704 Ne
3383 5650 3540 5706 fidem
3563 5666 3651 5706 er-

2072 5753 2139 5808 go
2185 5739 2388 5808 negetis
2413 5739 2782 5795 resurrectioni
2813 5757 2825 5793 :
2858 5753 2977 5795 nam
3010 5755 3036 5794 a
3060 5755 3156 5812 spe
3180 5739 3481 5800 futurorum
3499 5743 3652 5810 longe
