4090 6216
431 304 538 362 1ιό

431 419 672 475 aberitis.
702 418 807 476 Sed
834 435 1075 490 quasnam
1114 427 1194 472 est
1223 416 1479 486 sapientia
1507 414 2009 479 contradicentium,

431 510 542 568 imo
563 511 750 582 ingens
775 511 1039 566 stultitia?
1067 509 1132 563 Et
1159 507 1452 578 quomodo,
1489 507 1771 578 inquiunt;
1801 505 2014 576 quando

431 614 625 670 corpus
654 611 812 657 terra:
844 600 1190 656 commixtum
1219 607 1304 653 est
1329 607 1382 653 et
1411 600 1606 653 factum
1634 606 1717 653 est
1741 608 1881 653 terra
1900 639 1916 663 ,
1959 605 2013 650 et

433 696 550 748 haec
582 708 794 748 rursum
834 693 940 745 alio
967 691 1221 746 translata
1244 691 1437 757 fuerit,
1465 702 1708 763 resurget
1736 701 1912 746 tamen
1945 691 2010 745 il-

429 783 564 837 iud?
596 783 708 837 lloc
735 783 826 836 tibi
853 781 1074 836 dubium
1099 782 1308 836 videtur
1335 798 1455 838 esse
1473 825 1489 851 ,
1521 783 1615 838 sed
1647 799 1752 837 non
1782 782 2010 836 insomni

420 871 502 926 illi
530 872 688 926 ocqu
731 889 746 926 :
795 873 894 942 ipsi
936 872 1080 928 enim
1120 873 1399 928 manifesta
1435 874 1613 928 omnia
1659 884 1802 928 sunt.
1851 873 1914 926 Et
1955 883 2008 926 tu

423 964 640 1033 quidem
667 978 772 1020 non
803 966 952 1021 vides
985 965 1303 1022 divisionem
1322 984 1443 1038 qua:
1467 978 1550 1023 est
1578 969 1629 1022 in
1655 967 2005 1032 confusione;

425 1053 520 1109 ille
542 1069 671 1109 vero
699 1054 875 1110 omnia
904 1056 1086 1111 novit:
1119 1057 1546 1127 quandoquidem
1593 1067 1647 1111 tu
1679 1057 1893 1128 ignoras
1920 1057 2008 1111 illa

421 1161 544 1214 qua:
594 1141 646 1200 in
673 1146 835 1202 corde
863 1148 1086 1216 proximi
1128 1157 1286 1210 sunt;
1320 1149 1408 1202 ille
1452 1163 1582 1202 vero
1623 1150 1798 1202 omnia
1836 1147 2003 1203 novit.

426 1236 483 1292 Si
514 1253 664 1308 ergo,
691 1239 814 1308 quia
843 1239 1058 1310 ignoras
1089 1239 1358 1310 quomodo
1381 1241 1662 1294 resuscitet
1704 1240 1862 1304 Deus,
1899 1254 2004 1294 non

422 1328 600 1383 credis
634 1329 776 1400 quod
807 1329 1124 1396 resuscitet,
1159 1345 1263 1386 neu
1304 1330 1492 1385 credes
1535 1332 1694 1384 etiam
1720 1370 1736 1396 ,
1768 1329 1910 1400 quod
1943 1345 2004 1386 ea

421 1434 542 1488 quae
580 1419 632 1474 in
663 1430 842 1476 mente
868 1433 994 1476 sunt
1022 1431 1243 1476 noscat:
1269 1439 1390 1476 nam
1421 1437 1596 1492 neque
1615 1423 1700 1478 illa
1723 1434 2002 1493 apparent.

420 1510 581 1580 Atqui
612 1509 664 1564 in
705 1525 933 1581 corpore
973 1515 1196 1575 materia
1236 1513 1452 1582 quidem
1497 1526 1578 1568 est
1609 1514 1863 1579 visibilis,
1903 1516 2005 1570 etsi

420 1599 786 1667 dissolvatur;
836 1602 943 1656 illa:
969 1619 1098 1657 vero
1137 1604 1486 1673 cogitationes
1526 1605 1821 1660 invisibiles
1857 1615 2002 1660 sunt.

420 1692 521 1757 Qui
549 1707 678 1762 ergo
705 1693 984 1748 invisibilia
1012 1709 1132 1748 cum
1157 1695 1301 1748 omni
1327 1697 1667 1751 accuratione
1693 1697 1857 1761 novit,
1881 1698 2006 1752 visi-

417 1780 544 1836 bilia
571 1797 675 1836 non
704 1782 923 1850 videbit,
951 1799 1050 1838 nec
1085 1785 1243 1840 facile
1267 1800 1463 1856 corpus
1500 1787 1738 1841 dividet?
1768 1789 1860 1842 Est
1884 1790 2002 1844 eui-

417 1873 500 1928 vis
522 1875 884 1944 perspicuum.
912 1875 988 1930 Ne
1015 1877 1178 1946 igitur
1198 1880 1581 1934 resurrectioni
1611 1879 1768 1934 fidem
1799 1896 1960 1950 neges
1985 1899 2000 1936 :

415 1975 500 2019 est
527 1966 725 2034 quippe
771 1965 962 2038 dogma
999 1968 1347 2026 tliabolicum.
1393 1969 1503 2024 lloc
1539 1970 1790 2027 diabolus
1815 1982 2000 2042 curat,

415 2073 521 2112 non
540 2057 698 2112 modo
721 2066 778 2112 ut
797 2061 1173 2115 resurrectioni
1198 2078 1305 2116 non
1326 2063 1594 2126 credatur,
1616 2065 1708 2118 sed
1730 2073 1858 2119 etut
1888 2067 2000 2121 virs

416 2153 545 2207 tutis
566 2167 730 2222 opera
771 2153 1131 2209 dissolvantur
1159 2164 1214 2210 et
1243 2165 1483 2225 pereant.
1524 2156 1699 2211 llonto
1735 2157 1877 2212 enim
1908 2160 2000 2229 qui

415 2259 523 2301 non
549 2253 825 2314 θιερεειείι
850 2260 912 2299 88
952 2255 1378 2301 resurrecturum
1401 2288 1416 2311 ,
1450 2257 1502 2302 et
1529 2263 1750 2318 operum
1781 2265 1998 2306 suorum

415 2338 676 2391 rationem
705 2337 1062 2402 redditurum,
1087 2355 1192 2393 non
1230 2340 1338 2394 cito
1367 2342 1616 2396 virtutem
1645 2342 1848 2409 adibit;
1893 2345 2000 2400 vir-

416 2429 513 2484 tuti
542 2445 668 2485 vero
715 2445 820 2485 non
869 2431 1003 2486 dans
1047 2447 1266 2501 operam
1291 2475 1306 2498 ,
1345 2448 1530 2488 rursus
1571 2451 1675 2490 non
1725 2436 1906 2492 credet
1934 2453 1994 2493 se

412 2529 836 2576 resurrecturum
869 2539 883 2575 :
915 2521 1073 2576 ambo
1113 2523 1256 2577 enim
1301 2525 1528 2578 alterum
1557 2525 1624 2580 ab
1657 2527 1825 2581 altero
1871 2543 1995 2597 pro-

411 2610 627 2676 bantur,
658 2611 893 2681 nequitia
931 2611 999 2666 ab
1025 2613 1432 2678 incredulitate,
1472 2626 1526 2670 et
1574 2617 1918 2674 incredulitas
1965 2635 1995 2674 a

410 2701 667 2772 nequitia.
692 2702 1026 2758 Conscientia
1043 2705 1185 2758 enim
1217 2706 1399 2760 multis
1431 2707 1584 2776 plena
1605 2708 1782 2776 malis,
1804 2712 1996 2766 timens

409 2811 475 2850 ac
504 2805 741 2851 tremens
758 2793 989 2850 futuram
1019 2797 1302 2863 ultionem,
1335 2799 1456 2867 quia
1486 2815 1594 2853 non
1621 2801 1732 2854 vult
1761 2817 1788 2853 a
1819 2813 1997 2857 muta-

411 2887 557 2943 tione
581 2888 648 2942 ad
672 2888 896 2944 meliora
921 2889 1344 2945 consolationem
1372 2893 1605 2962 assequi,
1632 2893 1698 2948 ab
1742 2895 1988 2951 incredu-

415 2977 564 3032 litate
607 2978 719 3032 vult
765 2979 998 3046 quietem
1034 2979 1278 3049 adipisci.
1309 2981 1384 3036 Te
1425 2984 1567 3037 enim
1614 2999 1712 3040 nec
1754 3001 1992 3043 resurre-

409 3070 607 3126 tionem
634 3071 843 3128 dicente
871 3088 968 3128 nec
995 3073 1275 3143 judicium,
1297 3073 1386 3128 ille
1406 3091 1616 3145 quoque
1640 3078 1777 3133 dicet
1802 3096 1815 3132 :
1850 3079 1990 3150 Ergo

408 3177 582 3232 neque
607 3178 707 3234 ego
737 3165 1001 3219 scelerum
1047 3165 1311 3220 rationem
1344 3164 1503 3220 dabo.
1543 3165 1647 3222 Sed
1692 3170 1816 3239 quid
1862 3171 1991 3226 dicit

403 3253 651 3308 Christus
679 3273 692 3308 :
726 3254 940 3321 Erratis,
992 3257 1266 3311 nescientes
1294 3255 1592 3327 Scriptura:
1630 3277 1790 3331 neque
1832 3265 1990 3317 virtu-

405 3353 506 3398 tem
535 3343 626 3398 Dei
655 3344 866 3416 (Matth.
892 3345 983 3399 29..
1006 3346 1121 3415 29).
1143 3345 1324 3416 Neque
1349 3349 1492 3402 enim
1524 3358 1628 3404 tam
1654 3353 1816 3406 multa
1847 3353 1989 3410 Deus

407 3445 552 3491 esset
579 3448 852 3507 operatus,
883 3439 983 3492 nisi
1007 3454 1106 3493 nos
1127 3441 1540 3495 resuscitaturus
1565 3451 1728 3508 esset,
1755 3445 1848 3498 sed
1877 3445 1989 3501 dis-

405 3529 676 3584 soluturus
712 3541 766 3585 et
794 3530 846 3584 iu
879 3530 1102 3586 nihilum
1129 3532 1444 3587 redacturus
1471 3550 1483 3586 :
1510 3550 1614 3588 non
1646 3545 1846 3591 tantum
1875 3554 1982 3594 cae-

403 3621 512 3676 lum
537 3621 892 3686 extendissct,
916 3637 1022 3677 non
1050 3632 1245 3677 terram
1289 3624 1566 3680 stravisset
1592 3667 1606 3690 ,
1641 3642 1743 3681 non
1792 3639 1983 3685 etctera

403 3713 582 3767 omnia
615 3728 710 3783 pro
740 3714 840 3768 hac
882 3714 1055 3768 solum
1102 3714 1248 3769 brevi
1279 3717 1381 3769 vita
1431 3717 1663 3772 fecisset.
1701 3719 1756 3774 Si
1804 3731 1981 3776 autem

405 3803 520 3858 haec
546 3803 672 3859 fecit
703 3820 799 3874 pro
825 3807 1096 3875 praesenti,
1125 3805 1252 3875 quid
1281 3823 1384 3863 non
1429 3807 1589 3864 faciet
1637 3825 1734 3879 pro
1765 3811 1936 3868 futura
1959 3815 1984 3867 ?

401 3896 456 3952 Si
487 3912 613 3951 vero
644 3899 790 3953 nulla
840 3901 910 3954 sit
949 3899 1147 3967 futura,
1209 3899 1272 3954 iis
1296 3941 1312 3968 ,
1344 3918 1462 3971 qua:
1513 3919 1608 3971 pro
1651 3905 1802 3960 nobis
1843 3906 1978 3960 facta

400 3998 541 4053 sunt,
567 3991 724 4060 longe
749 4009 932 4048 sumus
956 3993 1192 4048 viliores.
1225 3993 1354 4048 Nam
1383 3996 1593 4061 caelum,
1631 4007 1802 4062 terra,
1835 4016 1979 4056 mare

401 4092 456 4135 ct
499 4081 716 4138 ﬂumina
747 4097 873 4139 sunt
895 4087 1049 4141 nobis
1073 4088 1368 4152 stabiliora,
1403 4103 1609 4144 necnon
1646 4090 1797 4144 bruta
1827 4109 1976 4159 qua:-

400 4174 522 4228 dam
551 4193 562 4228 :
595 4192 718 4231 nam
745 4186 794 4231 et
815 4179 997 4232 cornix
1019 4189 1072 4233 et
1092 4179 1493 4248 elephantorum
1517 4195 1704 4250 genus,
1733 4192 1786 4236 et
1814 4186 1974 4240 multa

396 4267 499 4322 alia
530 4268 861 4325 diuturniore
881 4272 987 4326 vita
1035 4273 1286 4340 praesenti
1326 4272 1588 4328 fruuntur.
1621 4273 1784 4330 Nobis
1814 4277 1974 4332 etiam

395 4369 451 4414 et
477 4360 652 4416 brevis
681 4371 735 4416 et
761 4362 1020 4417 laboriosa
1067 4365 1318 4428 estvita;
1368 4366 1462 4420 sed
1505 4382 1610 4420 non
1667 4369 1807 4423 illis:
1851 4384 1970 4424 nam

398 4453 552 4522 longa
591 4469 778 4509 eorum
810 4457 913 4510 vita
946 4466 1062 4520 est,
1113 4473 1178 4512 ac
1219 4459 1538 4514 mmmribus
1575 4460 1823 4530 curisque
1873 4478 1970 4515 va-

394 4558 516 4598 cua.
543 4544 677 4608 Quid
718 4559 844 4613 ergo
864 4588 879 4610 ,
906 4547 993 4600 dic
1018 4548 1150 4601 mihi
1170 4589 1186 4614 ,
1216 4564 1474 4603 servosne
1502 4551 1740 4604 melioris
1779 4552 1968 4606 condi-

396 4633 559 4687 tionis
589 4632 709 4688 fecit
736 4651 892 4704 quam
936 4636 1222 4692 dominos?
1248 4638 1344 4704 Ne,
1366 4655 1569 4708 quaeso,
1604 4655 1670 4694 ne
1702 4641 1822 4694 talia
1853 4644 1967 4697 exi-

393 4724 624 4780 stimes:
683 4740 853 4796 neque
899 4726 973 4780 sis
1022 4734 1199 4780 mente
1251 4727 1444 4796 inops,
1497 4743 1532 4782 o
1590 4729 1783 4795 homo,
1837 4747 1969 4787 neve

392 4817 603 4886 ignores
632 4817 841 4874 divitias
871 4820 960 4874 Dei
988 4862 1003 4885 ,
1052 4835 1172 4873 cum
1205 4819 1362 4874 talem
1411 4819 1607 4875 habeas
1661 4822 1963 4880 Dominum.

391 4905 525 4961 Nam
553 4909 621 4961 ab
649 4909 796 4964 initio
830 4912 966 4965 Deus
991 4923 1041 4966 te
1064 4911 1418 4968 immortalem
1441 4910 1618 4968 facere
1643 4913 1802 4968 voluit
1828 4933 1842 4972 :
1871 4915 1965 4972 sed

397 5007 454 5050 tu
486 4998 720 5052 noluisti.
753 5000 1172 5058 immortalitatis
1196 5005 1338 5058 enim
1363 5005 1645 5074 (enigmata
1677 5016 1828 5060 erant
1853 5006 1961 5074 illa,

390 5087 714 5156 colloquium
742 5105 862 5143 enm
909 5091 1019 5146 Deo
1044 5134 1058 5155 ,
1090 5095 1196 5147 vita
1231 5111 1338 5148 non
1389 5095 1690 5163 laboriosa,
1741 5097 1960 5152 liberum

386 5194 510 5235 esse
529 5195 559 5234 a
587 5179 805 5246 dolore,
840 5196 968 5235 cura
995 5193 1156 5252 atque
1187 5183 1456 5241 laboribus
1482 5187 1708 5257 aliisque
1753 5197 1960 5259 tempo-

389 5273 587 5328 raneis.
618 5272 803 5344 Neque
839 5275 981 5330 enim
1021 5285 1169 5331 veste
1197 5291 1334 5345 Opus
1363 5277 1586 5333 habebat
1616 5281 1784 5336 Adam
1805 5324 1820 5345 ,
1855 5299 1958 5339 non

384 5375 550 5432 tecto,
579 5382 683 5422 non
705 5367 811 5424 alio
837 5369 1024 5438 quovis
1055 5370 1214 5424 simili
1235 5382 1522 5440 apparatu;
1552 5374 1643 5428 sed
1674 5376 1838 5446 magis
1863 5391 1950 5430 an-

384 5458 520 5524 gelis
557 5460 745 5514 similis
780 5470 928 5528 erat,
981 5464 1144 5517 multa
1176 5462 1471 5518 futurorum
1514 5468 1827 5535 praasciebat
1850 5509 1865 5534 ,
1905 5479 1960 5523 et

386 5550 643 5614 sapientia
689 5564 802 5608 erat
832 5556 994 5610 multa
1026 5557 1235 5629 plenus.
1274 5557 1336 5611 Et
1366 5557 1505 5627 quod
1550 5559 1777 5615 latenter
1822 5561 1959 5616 Deus

385 5637 508 5692 fecit
533 5681 547 5704 ,
579 5641 628 5694 id
659 5643 745 5697 ille
767 5649 1045 5715 cognovit,
1079 5649 1221 5703 circa
1246 5647 1520 5703 mulierem
1565 5651 1767 5704 scilicet
1792 5666 1806 5712 ;
1837 5649 1957 5704 ideo

380 5730 587 5790 diccbat
613 5747 625 5786 :
663 5731 773 5788 Hoc
801 5752 933 5791 nunc
962 5755 1017 5792 os
1039 5755 1098 5793 ex
1127 5739 1318 5796 ossibus
1347 5741 1485 5806 meis,
1511 5749 1553 5792 et
1581 5756 1700 5793 caro
1718 5756 1782 5794 ex
1805 5755 1953 5793 carne

1107 306 1163 362 S.
1201 302 1477 360 JOANNIS
1511 297 1987 357 CHRYSOSTOMI
2026 295 2340 356 ARCHIEP.
2381 301 2910 361 CONSTANTINOP.

3604 310 3703 369 ιιι

2126 430 2237 467 mea
2266 415 2420 486 (Gen.
2451 418 2506 474 2.
2535 418 2652 488 23).
2707 418 2882 474 Labor
2937 428 3114 478 autem
3166 431 3345 491 postea
3389 433 3538 480 ortus
3583 439 3699 493 est.

2119 503 2314 560 deinde
2331 506 2514 572 sudor,
2537 520 2716 577 p05tea
2742 511 2913 578 pudor
2933 521 2988 565 et
3015 512 3175 567 timor
3195 523 3250 567 et
3270 514 3434 570 libere
3451 515 3700 586 loquendi

2119 593 2405 652 difﬁcultas
2439 615 2452 652 :
2503 608 2629 654 tunc
2653 602 2796 656 enim
2848 619 2952 657 non
2987 618 3206 673 maror,
3234 621 3337 660 non
3364 606 3540 676 dolor,
3595 628 3700 667 non

2121 687 2371 754 gemitus.
2403 687 2507 744 Sed
2537 692 2587 745 in
2617 691 2875 760 dignitate
2905 695 2996 748 illa
3028 711 3132 749 non
3163 696 3377 752 mansit.

2190 777 2243 830 4.
2275 777 2412 844 Quid
2460 795 2620 850 ergo.
2681 783 2923 852 inquies,
2956 784 3146 840 faciam
3175 787 3314 857 ego?
3363 801 3586 862 propter
3638 795 3701 848 il-

2120 866 2300 924 lumne
2328 874 2578 940 peream?
2603 873 2719 928 Non
2743 890 2872 930 sane
2895 886 3112 946 propter
3136 879 3283 934 illum
3311 897 3327 934 :
3361 897 3532 952 neque
3553 885 3696 940 enini

2118 968 2172 1014 tu
2204 961 2320 1016 sine
2369 972 2588 1031 peccato
2631 967 3023 1030 mansisti,sed
3055 970 3262 1026 etiamsi
3315 989 3419 1027 non
3462 975 3693 1044 idipsum

2117 1062 2394 1120 peccatum
2419 1095 2432 1117 ,
2463 1054 2607 1109 aliud
2637 1056 2822 1125 utique
2849 1057 3132 1114 admisisti.
3163 1061 3412 1133 Alioquin
3461 1073 3640 1121 autem
3664 1085 3694 1123 a

2115 1142 2393 1209 punitione
2421 1159 2526 1198 non
2558 1146 2813 1200 damnum
2845 1150 3098 1218 accepisti
3120 1191 3137 1214 ,
3191 1153 3285 1207 sed
3333 1154 3571 1212 lucratus
3611 1174 3690 1214 es.

2112 1230 2243 1285 Nam
2271 1234 2314 1286 si
2344 1233 2626 1291 debuisses
2649 1252 2863 1306 semper
2890 1241 3130 1295 mortalis
3163 1258 3379 1300 manere
3399 1287 3412 1309 ,
3460 1247 3691 1318 aliquam

2112 1321 2250 1377 forte
2277 1325 2537 1381 rationem
2572 1326 2794 1382 haberet
2819 1329 2868 1384 id
2887 1330 3026 1399 quod
3054 1331 3251 1386 dictum
3279 1345 3360 1389 est
3386 1353 3398 1390 :
3429 1353 3569 1393 nunc
3592 1356 3690 1394 au-

2115 1421 2221 1467 tem
2253 1415 2567 1471 immortalis
2596 1433 2675 1483 es,
2727 1429 2781 1472 et
2802 1420 2846 1472 si
2879 1421 3011 1474 velis
3036 1462 3050 1485 ,
3103 1423 3220 1491 plus
3261 1441 3418 1491 quam
3447 1429 3526 1482 sol
3579 1431 3690 1500 ipse

2111 1504 2393 1572 splendere
2420 1507 2642 1575 poteris.
2687 1510 2793 1563 Sed
2821 1511 2921 1565 nisi
2951 1514 3178 1568 mortale
3204 1530 3401 1588 corpus
3447 1523 3688 1591 accepis-

2110 1611 2247 1662 sem,
2281 1599 2490 1669 inquies
2513 1641 2526 1664 ,
2562 1615 2668 1655 non
2709 1617 3037 1671 peccassem.
3069 1605 3204 1671 Quid
3233 1621 3396 1678 ergo,
3442 1625 3510 1665 an
3559 1613 3648 1669 ille
3671 1657 3686 1681 ,

2109 1705 2326 1757 qua-so,
2381 1692 2608 1748 mortale
2658 1707 2856 1763 corpus
2901 1694 3104 1751 habens
3158 1701 3440 1769 peccavit?
3481 1703 3690 1774 Nequa-

2109 1795 2266 1848 quam
2301 1799 2314 1834 :
2345 1797 2468 1836 nam
2498 1783 2542 1838 si
2573 1785 2801 1839 mortale
2831 1785 3048 1851 fuisset,
3085 1804 3190 1843 non
3235 1800 3415 1860 postea
3445 1797 3686 1864 supplicii

2107 1870 2226 1926 loco
2266 1883 2492 1928 mortem
2549 1889 2762 1942 passum
2813 1886 2978 1933 esset.
3029 1879 3181 1948 Quod
3232 1891 3410 1938 autem
3465 1889 3688 1944 mortale

2107 1976 2303 2030 corpus
2331 1978 2436 2016 non
2469 1964 2540 2018 sit
2585 1965 3024 2034 impedimentum
3066 1970 3131 2024 ad
3165 1972 3445 2041 virtutem,
3497 1977 3591 2032 sed
3633 1992 3689 2034 et

2107 2062 2492 2123 temperantem
2525 2057 2712 2112 reddat
2731 2069 2784 2114 et
2811 2061 3034 2116 multum
3061 2064 3321 2133 conferat,
3355 2067 3480 2124 hinc
3511 2071 3684 2140 palam

2105 2155 2206 2201 est.
2237 2145 2294 2201 Si
2319 2147 2461 2201 enim
2507 2149 2920 2207 immortalitatis
2967 2158 3301 2224 exspectatio
3329 2163 3503 2217 solum
3547 2167 3685 2218 Ada.

2105 2255 2249 2294 ntnm
2279 2249 2480 2296 tantum
2507 2243 2722 2309 extulit;
2756 2245 2798 2298 si
2825 2262 3008 2324 rev‘era
3035 2249 3350 2308 immortalis
3377 2259 3681 2324 mansisset,

2105 2332 2157 2386 in
2185 2345 2436 2402 quantam
2467 2337 2826 2406 arrogantiam
2862 2314 2968 2394 non
3018 2347 3404 2412 processisset?
3437 2351 3500 2406 Et
3543 2367 3684 2408 nunc

2101 2428 2314 2496 quidem
2347 2439 2463 2496 post
2496 2440 2770 2498 peccatum
2803 2443 2956 2502 poles
2989 2447 3201 2503 peccata
3255 2441 3466 2499 solvere
3489 2486 3504 2508 ,
3559 2461 3680 2501 cum

2100 2533 2295 2587 corpus
2315 2521 2384 2574 sit
2404 2521 2622 2586 humile,
2647 2521 2915 2593 abjectnm
2937 2535 2989 2580 et
3009 2527 3323 2584 dissolutum
3345 2549 3358 2597 ;
3386 2533 3468 2588 ha:
3487 2539 3682 2606 quippe

2099 2611 2447 2679 cogitationes
2473 2621 2694 2680 possunt
2722 2621 3111 2684 temperantem
3141 2619 3364 2676 reddere
3388 2641 3400 2677 :
3427 2625 3470 2678 si
3502 2637 3680 2681 autem

2101 2716 2376 2770 peccasses
2417 2701 2469 2754 in
2519 2702 2841 2766 immortali,
2872 2707 3144 2762 stabiliora
3188 2708 3412 2766 fortasse
3457 2714 3678 2771 fuissent

2099 2804 2346 2863 peccata,
2362 2793 2478 2848 Non
2508 2809 2637 2865 ergo
2665 2797 2910 2851 mortalis
2939 2809 3127 2853 natura
3158 2816 3318 2855 causa
3345 2805 3542 2872 peccati
3571 2818 3673 2872 est,

2099 2900 2166 2939 ne
2188 2898 2438 2949 accuses;
2466 2885 2560 2940 sed
2592 2886 2787 2939 malum
2812 2887 3096 2942 voluntatis
3125 2892 3450 2960 prepositum
3477 2905 3560 2950 est
3587 2912 3676 2950 ra-

2094 2977 2183 3030 dix
2236 2977 2520 3031 malorum.
2549 2977 2656 3032 Cur
2685 2975 2828 3032 enim
2879 2978 3098 3034 Abelem
3126 2996 3323 3051 corpus
3363 3001 3465 3038 non
3497 2986 3682 3041 ἰτεδίιῖ

2097 3079 2190 3120 cur
2211 3066 2342 3120 nihil
2368 3066 2563 3137 profuit
2588 3067 2941 3134 daemonibus,
2970 3072 3110 3140 qttod
3137 3085 3316 3128 essent
3339 3075 3677 3147 incorporei?

2096 3159 2188 3214 V'is
2218 3161 2357 3214 seire
2384 3160 2654 3230 quomodo
2683 3175 2880 3230 corpus
2909 3163 3136 3217 mortale
3184 3181 3288 3218 non
3320 3167 3516 3222 luserit
3536 3211 3552 3236 ,
3581 3172 3673 3226 sed

2092 3251 2250 3305 etiam
2287 3251 2470 3320 juvet?
2515 3252 2638 3306 audi
2659 3263 2855 3322 quanta
2901 3253 3027 3308 hinc
3077 3255 3332 3323 lucreris,
3386 3259 3429 3312 si
3465 3260 3670 3329 vigiles.

2091 3343 2408 3399 Mmroribus
2429 3385 2443 3409 ,
2474 3343 2748 3399 doloribus
2777 3355 2938 3415 atque
2970 3346 3242 3402 laboribus
3269 3347 3496 3419 aliisque
3521 3350 3668 3404 simi-

2091 3437 2231 3491 libus
2263 3446 2313 3491 te
2344 3436 2566 3491 retrahit
2594 3445 2649 3490 et
2677 3436 2858 3491 avellit
2886 3450 2914 3489 a
2944 3437 3091 3491 vitio.
3121 3438 3226 3494 Sed
3256 3441 3416 3494 etiam
3447 3441 3512 3495 ad
3563 3443 3670 3496 for-

2090 3528 2436 3594 nicationem,
2465 3527 2697 3597 inquies,
2731 3528 2935 3583 trahit?
2962 3529 3077 3583 Non
3111 3545 3325 3599 corpus,
3359 3531 3452 3585 scd
3483 3534 3668 3587 incon-

2089 3622 2312 3675 tinentia
2341 3639 2353 3674 :
2394 3621 2506 3675 haec
2536 3622 2736 3690 quippe
2761 3621 2960 3686 omnia,
2991 3638 3110 3691 qua:
3137 3623 3266 3689 dixi,
3295 3625 3512 3678 omnino
3546 3641 3666 3679 cor-

2089 3714 2236 3782 poris
2263 3723 2408 3767 sunt.
2435 3715 2772 3782 Quapropter
2803 3716 2914 3768 fieri
2948 3716 3132 3784 nequit
3174 3724 3233 3769 ut
3259 3717 3417 3771 homo
3445 3721 3496 3772 in
3527 3718 3664 3774 hanc

2086 3805 2245 3857 vitam
2275 3805 2492 3858 veniens
2519 3819 2624 3857 non
2651 3804 2829 3859 doleat
2851 3847 2866 3870 ,
2914 3805 3118 3860 laboret
3155 3816 3206 3860 et
3243 3819 3505 3874 maereat;
3556 3827 3662 3865 non

2086 3895 2334 3950 fornicari
2361 3909 2488 3950 vero
2534 3905 2725 3965 potest.
2757 3894 2938 3966 Itaque
2967 3897 3010 3949 si
3058 3904 3262 3950 natura:
3292 3900 3536 3969 corporis
3577 3917 3663 3956 es-

2083 3998 2203 4044 sent
2228 4003 2314 4048 ea.
2343 4003 2462 4058 qua:
2495 3987 2560 4042 ad
2592 3988 2713 4042 vitia
2745 3990 3014 4058 pertinent
3035 4029 3049 4052 ,
3084 3991 3401 4046 universalia
3432 4006 3616 4049 essent
3645 4014 3658 4048 :

2083 4081 2207 4133 talia
2235 4079 2377 4134 enim
2407 4079 2668 4133 naturalia
2693 4089 2852 4142 sunt;
2883 4089 2937 4134 at
2972 4097 3076 4135 non
3106 4083 3223 4136 talis
3250 4098 3336 4138 res
3381 4095 3463 4139 est
3495 4088 3661 4141 forni-

2079 4172 2231 4226 cari:
2263 4171 2448 4225 dolere
2479 4171 2600 4225 inde
2626 4170 2891 4239 provenit,
2925 4172 3174 4227 fornicari
3214 4185 3390 4230 autem
3430 4191 3494 4231 ex
3528 4195 3651 4246 pro-

2079 4266 2252 4334 posito
2281 4263 2588 4318 voluntatis.
2615 4262 2692 4316 Ne
2716 4277 2845 4335 ergo
2869 4279 3063 4333 corpus
3094 4279 3350 4332 accuses,
3384 4283 3450 4323 ne
3488 4269 3650 4322 bono

2078 4374 2191 4412 rctn
2223 4357 2316 4411 tibi
2345 4356 2549 4410 auferat
2570 4356 2813 4410 diabolus
2834 4397 2848 4422 ,
2895 4372 3054 4425 quem
3089 4359 3180 4412 tibi
3208 4359 3354 4414 dedit
3401 4361 3559 4415 Deus.
3595 4364 3649 4415 Si

2075 4450 2217 4501 enim
2258 4448 2484 4502 velimus
2512 4487 2526 4510 ,
2556 4447 2811 4515 optimum
2867 4445 3072 4500 frenum
3103 4449 3206 4502 erit
3245 4464 3438 4517 corpus
3460 4491 3474 4514 ,
3507 4452 3648 4519 quod

2073 4539 2267 4592 animai
2289 4538 2516 4592 insultus
2539 4547 2806 4604 coerceat,
2837 4539 3190 4606 arrogantiam
3213 4541 3427 4602 avellat,
3459 4542 3650 4596 fastum

2073 4629 2364 4699 reprimat,
2411 4639 2467 4682 et
2499 4630 2550 4683 in
2579 4628 2848 4698 prmclaris
2891 4631 3146 4696 eperibus
3173 4631 3327 4685 nobis
3364 4633 3646 4687 ministret.

2073 4719 2148 4774 Ne
2171 4720 2298 4773 mihi
2323 4720 2556 4774 furentes
2581 4719 2840 4790 quosdam
2873 4721 3019 4775 dicas
3050 4739 3063 4774 :
3094 4737 3216 4775 nam
3244 4738 3387 4792 sche
3411 4725 3648 4780 videmus

2071 4825 2237 4881 equos
2263 4811 2499 4880 aurigam
2539 4811 2884 4866 deturbantes
2913 4828 3033 4865 cum
3067 4811 3216 4867 freno
3243 4822 3298 4866 et
3330 4830 3423 4882 per
3465 4818 3649 4883 pracci-

2074 4904 2198 4973 pitia
2244 4919 2366 4958 sese
2410 4902 2632 4968 dantes;
2667 4903 2759 4958 sed
2811 4902 3016 4957 frenum
3050 4920 3154 4957 non
3185 4904 3493 4973 culpamus;
3540 4922 3645 4960 noti

2070 4999 2211 5052 enim
2245 4997 2372 5052 illud
2417 4997 2681 5066 abjectum
2733 4998 2784 5050 in
2829 5012 2987 5050 causa
3015 5005 3115 5058 est,
3150 4997 3244 5050 sed
3293 4999 3509 5068 auriga,
3555 4999 3644 5066 qui

2070 5105 2176 5143 non
2206 5089 2440 5152 retinnit,
2469 5089 2644 5141 omnia
2672 5087 2924 5158 perdidit.
2957 5087 3028 5140 lta
3061 5087 3146 5140 hic
3172 5103 3386 5159 quoque
3409 5097 3592 5156 reputa
3628 5106 3642 5141 ;

2067 5181 2112 5235 si
2163 5179 2357 5234 videris
2411 5179 2662 5247 juvenem
2700 5180 3036 5248 orphanum,
3083 5189 3137 5234 et
3183 5181 3318 5234 mala
3366 5181 3644 5236 innumera

2068 5281 2460 5340 perpetrantem
2482 5312 2496 5331 .
2529 5286 2596 5326 ne
2646 5287 2843 5340 corpus
2890 5273 3125 5335 incuses,
3159 5272 3250 5326 sed
3274 5273 3525 5345 aurigam
3555 5273 3642 5341 qui

2069 5361 2312 5422 trahitur,
2335 5378 2524 5431 nempe
2561 5364 2844 5418 rationem.
2873 5361 3022 5416 Sicut
3049 5363 3191 5416 enim
3235 5363 3382 5417 frena
3411 5379 3515 5416 non
3547 5378 3641 5415 nc-

2063 5464 2264 5533 gotium
2286 5461 2482 5516 faciunt
2503 5463 2722 5532 aurigm,
2749 5459 2843 5514 sed
2869 5460 2957 5515 ille
2977 5463 3216 5515 omnium
3242 5475 3398 5514 causa
3423 5468 3524 5520 est,
3551 5456 3639 5524 qui

2066 5555 2301 5608 habenas
2339 5569 2442 5605 non
2492 5553 2656 5622 probe
2691 5552 2924 5616 retinet;
2971 5553 3196 5622 ideoque
3239 5551 3305 5604 ab
3337 5550 3424 5602 illo
3455 5561 3640 5616 pinnas

2065 5653 2334 5714 repetunt,
2365 5660 2484 5697 cum
2523 5644 2610 5697 illo
2637 5645 2968 5712 complicata:
2998 5643 3217 5697 habena:
3243 5653 3296 5694 et
3321 5653 3443 5692 eum
3470 5647 3638 5691 attra-

2070 5737 2202 5791 hnnt
2229 5745 2282 5794 et
2309 5744 2502 5807 Cogunt
2529 5751 2648 5790 esse
2674 5736 2984 5806 participem
3019 5732 3286 5789 infortunii
3316 5730 3398 5788 sui
3424 5747 3436 5784 :
3468 5730 3537 5784 ita
3586 5738 3641 5785 et
