4090 6216
363 318 469 389 με

357 449 424 502 ού
450 447 530 518 τῷ
562 446 846 517 ἀκοιμήτῳ
862 443 1126 518 ὀφθαλμῷ
1143 463 1155 475 ·
1183 444 1379 516 ἐκείνῳ
1405 445 1516 516 7&9
1538 446 1759 501 ἅπαντα
1779 443 1932 514 δῆλα.

360 533 473 587 Καὶ
514 531 578 584 σὺ
613 530 713 600 μὲν
739 529 839 600 οὐχ
869 531 1003 600 όρᾷς
1029 529 1130 600 τὴν
1166 529 1226 582 ἐν
1266 531 1333 600 τῇ
1365 528 1626 599 συγχύσει
1651 527 1935 599 διαίρεσιν,

361 617 570 677 ἐκεῖνος
615 613 670 666 δέ
712 613 890 666 πάντα
931 607 1101 665 οἶδεν
1147 612 1271 664 ἐπεὶ
1306 611 1402 665 καὶ
1447 611 1518 664 τά
1549 612 1607 665 ἐν
1643 613 1710 681 τῇ
1743 609 1942 681 καρδία

363 701 436 752 σὺ
478 697 576 767 μὲν
614 695 830 764 ἀγνοεῖς
867 694 962 748 τοῦ
993 694 1221 765 πλησίον
1240 733 1256 758 ,
1285 696 1492 757 ἐκεῖνος
1531 693 1588 746 δὲ
1617 693 1796 746 πάντα
1841 693 1941 743 ἐπ-

366 783 604 834 ίσταται.
634 781 696 832 Εί
737 779 916 832 τοίνυν
947 779 1147 848 ἐπειδὴ
1187 779 1402 846 ἀγνοεῖς
1445 777 1565 842 πῶς
1603 777 1884 846 ἀνίστησιν
1914 775 1944 827 6

364 866 529 929 Θεὸς,
569 863 819 925 ἀπιστεῖς
856 863 936 915 ὅτι
980 861 1296 932 ἀνίστησιν,
1361 862 1685 932 ἀπιστήσεις
1718 861 1799 913 ὅτι
1847 858 1945 912 καὶ

365 950 436 1003 τὰ
463 951 521 1000 ἐν
553 949 618 1017 τῇ
647 946 856 1016 διανοίᾳ
879 941 1048 1013 οἶδεν;
1088 946 1149 998 ού
1189 945 1440 1015 φαίνεται
1470 945 1579 1015 γὰρ
1607 944 1728 998 ούδέ
1747 944 1943 1000 ταῦτα.

367 1033 562 1086 Καίτοι
608 1031 700 1083 ἐπὶ
745 1029 840 1082 τοῦ
897 1028 1149 1098 σώματος
1215 1029 1315 1098 μὲν
1369 1028 1470 1098 ὓλη
1525 1027 1673 1080 ἐστὶν
1733 1025 1943 1097 ὁρατὴ,

292 1113 302 1123 ’
367 1113 471 1168 κᾶν
513 1112 774 1184 διαλυθῇ⁶
809 1114 1013 1166 ἐκεῖναι
1047 1111 1104 1165 δέ
1145 1112 1200 1165 αί
1239 1111 1438 1164 ἔννοιαι
1487 1109 1731 1180 ἀόρατοι.
1776 1109 1835 1162 '0
1877 1107 1948 1161 τά

367 1197 582 1267 ἀόρατα
613 1195 794 1248 τοίνυν
843 1195 996 1258 είδὼς
1053 1194 1192 1266 μετά
1237 1192 1526 1266 ἀκριϐείας
1578 1192 1832 1264 ἀπάσης,
1879 1191 1950 1245 τά

369 1279 543 1350 ὀρατά
585 1279 684 1332 ούκ
723 1278 948 1348 ὀψεται,
977 1280 1072 1332 καὶ
1120 1277 1388 1351 διαιρήσει
1425 1277 1625 1348 ῥᾳδίως
1658 1277 1720 1330 τὸ
1753 1275 1946 1346 σῶμα;

370 1361 547 1414 Παντί
579 1379 683 1414 που
715 1361 894 1430 δῆλον.
925 1362 1017 1431 Μὴ
1058 1361 1238 1415 τοίνυν
1270 1361 1489 1414 ἀπίστει
1512 1362 1578 1430 τῇ
1615 1358 1912 1413 ἀναστάσει
1932 1374 1947 1389 ·

370 1444 676 1499 δωϐολικόν
725 1445 832 1515 γάρ
880 1444 941 1498 τὸ
978 1445 1186 1515 δόγμαο
1241 1444 1336 1498 καὶ
1384 1441 1678 1507 σπουδάζει
1716 1440 1877 1494 τοῦτο
1924 1441 1951 1493 6

371 1527 643 1591 διάϐολος,
693 1527 792 1598 ούχ
833 1527 920 1580 ῐνα
966 1527 1262 1591 ἀνάστασις
1294 1526 1570 1597 ἀπιστηθῇ
1621 1524 1800 1596 μόνον,
1835 1523 1950 1576 ἀλλ’

373 1612 464 1665 ῖνα
493 1610 672 1665 καὶτὰ
694 1612 794 1681 τῆς
817 1611 1018 1682 ἀρετῆς
1037 1609 1174 1682 ἔργα
1193 1609 1476 1680 καταλυθῇ
1497 1610 1593 1662 καὶ
1612 1608 1882 1678 ἀπόληται
1899 1619 1950 1660 ⁸.

377 1695 700 1767 ’Ἄνθρωπος
736 1696 846 1766 7&9
873 1695 948 1766 μή
972 1693 1288 1766 προσδοκῶν
1309 1692 1711 1763 ἀναστήσεσθαι
1732 1693 1829 1744 καὶ
1853 1689 1954 1744 δώ-

377 1794 493 1832 σειν
528 1779 686 1848 λόγον
734 1777 843 1831 τῶν
881 1777 1326 1849 πεπραγμένων,
1372 1777 1471 1848 οὐχ
1514 1775 1714 1845 ἅψεται
1742 1774 1953 1845 ταχέως

374 1861 582 1932 ἀρετῆς
605 1877 619 1889 ο
655 1860 752 1930 ούχ
780 1862 1084 1930 ἁπτόμενος
1124 1860 1182 1913 δὲ
1217 1860 1450 1930 ἀρετῆς,
1500 1857 1847 1927 διαπιστήσει
1884 1858 1950 1926 τῇ

374 1945 668 1999 ἀναστάσει
702 1945 894 1997 πάλιν·
928 1945 1216 2015 ἀμφότερα
1245 1943 1355 2013 γάρ
1380 1943 1472 1994 ὑπ’
1505 1940 1752 2011 ἀλλήλων
1783 1957 1954 1993 κατα-

377 2028 724 2091 σκευάζεται,
754 2029 787 2098 ή
815 2028 983 2080 κακία
1002 2027 1108 2080 ύπὸ
1127 2026 1228 2095 τῆς
1249 2026 1528 2089 ἀπιστίας,
1550 2025 1648 2078 καὶ
1669 2027 1703 2096 ή
1726 2024 1954 2078 ἀπιστία

375 2111 484 2164 ὑπὸ
514 2112 614 2180 τῆς
641 2110 860 2174 κακίας.
891 2109 1108 2163 Πολλῶν
1134 2110 1242 2180 7&9
1270 2107 1704 2178 πεπληρωμένον
1731 2107 1792 2160 τὸ
1831 2123 1953 2159 συν-

374 2194 516 2256 ειδὸς
553 2193 851 2265 πονηριῶν,
878 2192 1116 2256 δεδοικὸς
1153 2194 1248 2246 καὶ
1279 2191 1482 2263 τρέμον
1523 2192 1623 2261 τὴν
1657 2190 1954 2262 μέλλουσαν

374 2277 664 2341 ἀντίδοσιν,
707 2277 896 2347 ἐπειδὴ
943 2277 1017 2347 μὴ
1060 2274 1308 2346 βούλεται
1355 2274 1462 2328 ἀπὸ
1505 2275 1605 2344 τῆς
1649 2272 1954 2344 μεταϐολῆς

370 2360 475 2429 τῆς
523 2361 615 2412 ἐπὶ
656 2361 726 2412 τά
763 2359 1026 2414 κάλλιστα
1070 2359 1171 2428 τὴν
1220 2356 1572 2429 παραμυθίαν
1609 2355 1952 2426 πορίζεσθαι,

371 2445 486 2498 ἀπὸ
514 2447 614 2516 τῆς
647 2443 907 2507 ἀπιστίας
939 2441 1316 2497 ἀναπαύεσθαι
1357 2440 1625 2511 βούλεται.
1666 2441 1742 2493 Ού
1773 2439 1958 2506 λέγον-

369 2544 468 2589 τος
501 2526 613 2597 γὰρ
647 2524 742 2579 σοῦ
787 2525 1088 2580 ἀνάστασιν
1117 2525 1239 2579 οὐδέ
1279 2526 1483 2596 κρίσιν,
1520 2525 1772 2586 κάκεῖνος
1805 2524 1954 2593 ἐρεῖ·

372 2609 592 2662 Οὐκοῦν
633 2609 757 2662 ούδέ
802 2607 914 2677 ἐγὼ
958 2608 1115 2662 δώσω
1161 2607 1318 2676 λόγον
1362 2607 1472 2661 τῶν
1514 2605 1956 2676 τετολμημένων.

386 2692 559 2746 Ἀλλά
586 2692 638 2745 τί
667 2709 833 2763 φησιν
855 2695 883 2746 6
915 2691 1180 2762 Χριστός;
1211 2689 1567 2753 Πλανᾶσθε,
1607 2690 1694 2759 μὴ
1733 2688 1959 2754 εἰδότες

372 2777 491 2843 τὰς
509 2776 773 2846 Γραφὰς,
791 2775 946 2845 μηδέ
964 2774 1080 2842 τὴν
1105 2773 1364 2844 δύναμιν
1381 2775 1487 2828 τοῦ
1506 2773 1673 2827 Θεοῦ.
1699 2773 1830 2826 Οὐδὲ
1852 2773 1959 2841 γὰρ

377 2860 451 2913 ἂν
480 2859 718 2914 τοσαῦτα
757 2857 1251 2930 ἐπραγματεύσατο
1279 2858 1306 2909 6
1333 2857 1486 2921 Θεὸς,
1517 2857 1572 2908 εί
1596 2872 1658 2923 γε
1692 2856 1766 2926 μὴ
1796 2854 1958 2924 ἔμελ-

381 2944 476 2996 λεν
497 2945 822 3014 ἀναστήσειν
844 2943 1012 3012 ή-μᾶς,
1043 2939 1179 2994 ἀλλά
1199 2939 1434 2992 διαλύειν
1457 2939 1551 2992 καὶ
1576 2939 1855 3006 ἀφανίζειν
1881 2940 1960 2999 εἰς

383 3026 449 3081 τὸ
487 3027 685 3098 μηδέν·
723 3026 826 3079 ούκ
854 3025 921 3079 ἂν
953 3024 1044 3076 τὸν
1072 3023 1300 3094 οὐρανὸν
1342 3021 1573 3087 ἐξέτεινε
1605 3021 1794 3074 τοῦτον
1815 3061 1828 3083 ,
1860 3020 1962 3072 οὐκ

380 3109 453 3164 ἂν
487 3109 588 3178 τὴν
639 3109 746 3177 γῆν
790 3107 1190 3178 ύπεστόρεσεν,
1224 3107 1326 3158 ούκ
1354 3106 1420 3159 ἂν
1457 3105 1528 3157 τά
1570 3104 1706 3157 ἄλλα
1749 3103 1964 3156 ἅπαντα

381 3193 526 3264 ὑπὲρ
561 3193 659 3261 τῆς
699 3191 958 3263 βραχείας
994 3191 1140 3260 ζωῆς
1170 3190 1330 3260 μόνον
1358 3188 1560 3258 ταύτης
1588 3186 1864 3256 ἐποίησεν.
1899 3188 1961 3239 Et

379 3277 443 3329 δὲ
463 3276 606 3348 ὑπὲρ
631 3276 734 3345 τῆς
761 3275 1040 3346 παρούσης
1067 3274 1262 3334 ταῦτα,
1285 3273 1339 3324 τί
1368 3272 1427 3325 οὐ
1453 3272 1670 3341 ποιήσει
1698 3271 1840 3340 ὑπὲρ
1863 3273 1961 3339 τῆς

387 3359 723 3430 μελλούσηςς
758 3358 907 3411 Εἰδέ
953 3359 1028 3428 μὴ
1069 3357 1223 3410 ἔσται
1267 3355 1574 3426 μέλλουσα,
1619 3355 1752 3406 πολὺ
1802 3356 1963 3424 ἡμεῖς

383 3444 496 3497 τῶν
519 3445 587 3497 δι’
620 3445 764 3514 ἡμᾶς
794 3442 1099 3513 γενομένων
1129 3441 1447 3510 ἀτιμότεροι
1474 3439 1616 3493 κατὰ
1653 3437 1829 3492 τοῦτο.
1858 3440 1965 3492 Καὶ

387 3527 498 3598 7&9
526 3526 754 3598 ούρανὸς
784 3525 882 3579 καὶ
917 3525 990 3595 γῆ
1014 3526 1109 3578 καὶ
1138 3524 1384 3577 Θάλασσα
1416 3524 1510 3574 καὶ
1547 3523 1784 3592 ποταμοὶ
1817 3540 1967 3592 μονι-

391 3611 614 3682 μώτερα
651 3610 832 3680 ἡμῶν,
880 3611 976 3662 καὶ
1021 3608 1128 3662 τῶν
1173 3608 1384 3676 ἀλόγων
1425 3607 1482 3659 δέ
1526 3606 1642 3660 ἔνια
1667 3623 1680 3635 ·
1722 3609 1816 3660 καὶ⁸
1857 3607 1966 3678 7&9

389 3694 606 3764 κορώνη
632 3693 728 3746 καὶ
758 3693 820 3745 τὸ
844 3691 952 3744 τῶν
974 3691 1280 3759 ἐλεφάντων
1310 3689 1468 3756 γένος
1494 3691 1589 3741 καὶ
1611 3688 1785 3741 πολλὰ
1803 3689 1969 3759 ἕτερα

389 3777 611 3832 πλείονα
641 3777 830 3847 χρόνον
861 3774 1122 3827 ἀπολαύει
1151 3775 1249 3845 τῆς
1283 3772 1566 3844 παρούσης
1598 3770 1760 3842 ζωῆς.
1806 3773 1967 3843 Ἡμῖν

387 3860 451 3913 δὲ
476 3862 569 3914 καὶ
599 3860 803 3931 βραχὺς
829 3858 925 3911 καὶ
953 3856 1206 3919 ἐπίπονος
1228 3858 1256 3909 6
1286 3854 1418 3925 βίος,
1445 3855 1560 3909 ἀλλ’
1586 3856 1687 3908 οὐκ
1715 3855 1965 3920 ἐκείνοις,

391 3944 533 3998 ἀλλά
568 3944 662 3997 καὶ
689 3941 918 4013 μακρὸς,
943 3943 1037 3993 καὶ
1063 3939 1261 4011 μᾶλλον
1289 3939 1529 4009 ἀθυμίας
1551 3939 1645 3992 καὶ
1672 3939 1969 4010 φροντίδων

391 4027 831 4097 ἀπηλλαγμένος.
865 4023 930 4076 Τί
967 4019 1082 4086 οὖν,
1118 4022 1240 4075 εἰπέ
1281 4039 1400 4092 μοι,
1436 4021 1560 4084 τοὺς
1593 4021 1812 4086 δούλους
1847 4022 1968 4092 βελ-

391 4110 547 4173 τίους
597 4108 820 4178 ἐποίησε
872 4105 980 4159 τῶν
1022 4105 1330 4170 δεσποτῶν;
1367 4104 1478 4172 Μὴ,
1514 4104 1851 4173 παρακαλῶ,
1897 4102 1970 4175 μὴ

393 4193 566 4247 ταῦτα
593 4191 832 4260 λογίζου,
854 4191 988 4262 μηδὲ
1016 4188 1262 4259 πτώχευε
1288 4188 1386 4258 τὴν
1415 4187 1672 4250 διάνοιαν,
1694 4186 1968 4256 ἄνθρωπε,

399 4276 539 4347 μηδὲ
570 4275 754 4344 ἀγνόει
799 4275 892 4327 τὸν
938 4271 1169 4326 πλοῦτον
1209 4271 1304 4324 τοῦ
1336 4268 1494 4335 Θεοῦ,
1545 4268 1784 4322 τοιοῦτον
1834 4269 1971 4339 έχων

395 4359 696 4428 Δεσπότην.
733 4359 840 4411 Καὶ
867 4355 977 4428 γάρ
1003 4355 1064 4420 ἐξ
1091 4355 1264 4425 ἀρχῆς
1295 4369 1354 4406 σε
1378 4350 1630 4406 ἐϐούλετο
1652 4351 1918 4405 ἀθάνατον
1945 4353 1973 4405 6

395 4444 530 4507 Θεὸς
563 4442 806 4512 ποιῆσαι,
846 4441 959 4494 ἀλλ’
999 4441 1099 4493 οὐκ
1129 4438 1401 4509 ἠθέλησας
1436 4435 1520 4490 σύ.
1557 4436 1669 4489 Καὶ
1695 4434 1803 4505 γὰρ
1841 4435 1973 4489 ἀθα-

397 4527 595 4589 νασίας
621 4525 918 4596 αἰνίγματα
942 4524 1125 4576 ἐκεῖνα
1149 4518 1239 4592 ἦν,
1266 4523 1301 4591 ή
1331 4520 1468 4592 πρὸς
1496 4521 1586 4572 τὸν
1610 4519 1742 4572 Θεὸν
1767 4519 1972 4589 ὁμιλία,

397 4609 464 4664 τὸ
500 4609 884 4679 ἀταλαίπωρον
914 4606 1018 4677 τῆς
1048 4605 1217 4675 ζωῆς,
1248 4605 1311 4656 τὸ
1339 4602 1514 4673 λύπης
1557 4602 1650 4655 καὶ
1682 4602 1976 4672 φροντίδων

399 4692 750 4764 ἀπηλλάχθαι
775 4692 871 4746 καὶ
899 4691 1080 4743 πόνων
1098 4729 1113 4752 ,
1140 4689 1236 4742 καὶ
1266 4686 1375 4740 τῶν
1406 4687 1582 4741 ἄλλων
1619 4686 1729 4740 τῶν
1761 4687 1977 4739 ἐπικαί-

403 4794 535 4848 ρων.
569 4774 708 4831 Οὔτε
740 4775 850 4843 γὰρ
881 4771 1097 4843 ἱματίου
1135 4770 1304 4823 ἐδεῖτο
1333 4771 1362 4822 6
1398 4768 1601 4839 Ἀδάμ,
1630 4769 1729 4821 ούκ
1753 4770 1974 4840 ὀρόφου,

403 4858 560 4931 U50]
607 4859 709 4912 οὐκ
755 4856 922 4928 ἄλλης
966 4851 1398 4931 τινὸςγτοιαύτης
1443 4855 1820 4923 κατασκευῆς,
1864 4853 1977 4906 ἀλλ’

403 4930 658 5011 ἀγγέλοις
695 4939 894 5010 μᾶλλον
943 4930 1139 5008 ἐῴκει,
1174 4936 1267 4990 καὶ
1311 4934 1481 4989 πολλά
1531 4935 1641 5010 τῶν
1677 4936 1980 5005 μελλόντων

408 5007 651 5095 προῄδει,
671 5007 768 5077 καὶ
784 5023 974 5091 σοφίας
992 5007 1357 5090 ἐπεπλήρωτο
1380 5007 1600 5088 πολλῆς.
1626 5018 1738 5072 Καὶ
1756 5019 1784 5070 δ
1805 5018 1981 5090 λάθρα

383 5108 662 5178 ,ἐποίησεν
696 5110 728 5159 6
758 5105 910 5169 Θεὸς,
951 5103 1112 5157 τοῦτο
1158 5105 1362 5165 ἐκεῖνος
1411 5101 1572 5168 ἔγνω,
1620 5103 1681 5154 τὸ
1725 5103 1980 5172 περὶτῆς

406 5190 688 5260 γυναικός·
719 5190 801 5243 διὸ
833 5189 925 5241 καὶ
952 5187 1126 5255 ἐλεγεο
1164 5185 1343 5240 Τοῦτο
1368 5183 1486 5237 νῦν
1517 5183 1743 5238 ὀστοῦν
1769 5185 1836 5238 ἐκ
1863 5184 1982 5238 τῶν

409 5271 606 5327 ὀστῶν
627 5289 780 5340 μου,
825 5269 922 5323 καί
967 5268 1124 5337 σὰρξ
1150 5269 1218 5321 ἐκ
1248 5267 1360 5336 τῆς
1397 5268 1624 5335 σαρκός
1645 5285 1784 5335 μου.
1829 5269 1887 5320 Ὀ
1925 5269 1982 5322 δὲ

411 5357 574 5418 πόνος
630 5355 858 5426 ὕστερον
918 5353 1161 5422 γέγονεν,
1218 5351 1442 5421 ὕστερον
1502 5349 1696 5420 ἱδρὼς,
1759 5350 1982 5421 ὕστερον

409 5437 644 5509 αἰσχύνη
676 5440 770 5491 καί⁸
797 5441 831 5506 ἡ
859 5436 1031 5489 δειλία
1060 5434 1153 5488 καὶ
1176 5434 1236 5487 τὸ
1266 5434 1734 5505 ἀπαρρησίαστον
1767 5435 1885 5487 τότε
1928 5435 1984 5488 δὲ

411 5523 472 5575 οὐ
493 5522 664 5593 λύπη,
696 5523 796 5576 οὐκ
823 5520 1005 5590 ὀδύνη,
1034 5520 1096 5572 ού
1125 5519 1447 5590 στεναγμός.
1493 5519 1632 5573 Ἀλλ’
1655 5521 1755 5572 οὐκ
1775 5519 1986 5590 ἔμεινεν

413 5607 508 5660 ἀπὶ
534 5607 636 5676 τῆς
663 5606 820 5671 ἀξίας
841 5606 1077 5674 ἐκείνης.

483 5840 510 5869 ⁸
539 5840 732 5899 Deerat,
757 5839 835 5886 καὶ
859 5838 1109 5895 ἀπόληται.

1403 329 1480 396 ,ΙΝ
1521 327 1738 386 EPIST.
1782 330 1801 385 l
1841 327 1932 382 AD
1966 323 2125 382 COB.
2160 320 2399 382 HOMIL.
2441 322 2604 380 XVII.

3518 315 3624 375 1144

2111 439 2154 492 δ’
2161 480 2173 493 .
2207 440 2272 493 Τί
2301 435 2394 495 οὖν
2415 438 2526 507 ἐγὼ
2558 436 2735 499 πάθω,
2758 434 2890 506 φησί
2913 453 2928 501 ;
2950 435 3016 489 δι’
3038 434 3246 486 ἐκεῖνον
3278 430 3623 501 ἀπόλλυμαις

2045 521 2300 576 Μάλιστα
2336 522 2435 592 μέν
2459 520 2522 573 ού
2551 518 2617 572 δι’
2650 519 2856 570 ἐκεῖνον
2879 534 2892 546 ·
2928 517 3048 570 ούδέ
3074 514 3181 586 γάρ
3217 514 3280 567 σὺ
3307 513 3627 582 ἀναμάρτη·

2043 621 2134 668 τος
2167 604 2410 676 ἔμεινας,
2465 603 2580 657 ἀλλ’
2632 603 2681 654 εἰ
2734 601 2831 653 καὶ
2885 600 2958 672 μὴ
2991 598 3089 670 τὴν
3121 595 3624 670 αύτὴνάμαρτίαν,

2045 687 2237 757 ἑτέραν
2261 686 2394 754 γοῦν
2421 685 2692 755 ἥμαρτες.
2725 683 2937 744 Ἀλλως
2961 681 3020 735 δέ
3047 679 3168 734 ούδέ
3199 678 3308 732 ἀπὸ
3331 678 3430 748 τῆς
3456 693 3630 747 τιμω-

2049 772 2171 840 ρίας
2200 767 2456 839 ἐϐλάϐης,
2487 767 2624 820 ἀλλά
2651 763 2746 818 καὶ
2775 763 3090 835 ἐκέρδανας.
3123 762 3186 812 Et
3215 761 3312 829 μέν
3340 760 3450 828 7&9
3472 758 3630 828 ἐμελ-

2045 851 2136 915 λες
2163 850 2340 905 διόλου
2389 849 2572 921 μένειν
2617 848 2844 918 θνητὸς,
2888 848 3020 908 ἴσως
3061 841 3177 914 εἶχέ
3220 859 3342 895 τινα
3375 841 3533 909 λόγον
3567 840 3630 894 τὸ

2048 935 2338 1008 εἰρημένον
2358 952 2373 966 ο
2401 934 2496 987 νῦν
2521 933 2578 986 δὲ
2612 933 2707 985 καὶ
2735 931 3001 992 ἀθάνατος
3025 921 3096 990 εἴ,
3123 926 3225 1008 κάν
3251 924 3462 1008 ἐθέλῃς,
3487 922 3630 1008 ύπέρ

2045 1005 2136 1071 τὸν
2160 1005 2316 1089 ἣλιον
2354 1015 2522 1070 αὐτὸν
2557 1013 2772 1084 λάμψαι
2801 1011 3029 1081 δυνήσῃ.
3079 1007 3217 1061 Ἀλλ’
3252 1010 3301 1060 εί
3334 1007 3413 1089 μη
3437 1005 3631 1089 θνητὸν

2047 1085 2238 1154 ἔλαϐον
2278 1098 2458 1170 σῶμα,
2503 1095 2691 1168 φησιν,
2729 1093 2830 1148 οὐκ
2859 1093 2926 1147 ἀν
2955 1093 3219 1163 ἥμαρτον.
3258 1089 3323 1142 Ἰτί
3355 1085 3470 1152 οὖν,
3509 1085 3630 1170 είπέ

2051 1200 2143 1254 μοι
2167 1199 2183 1249 ;
2209 1169 2438 1247 ἐκεῖνος,
2464 1179 2658 1251 θνητὸν
2679 1178 2818 1249 ἔχων
2839 1175 3018 1246 σῶμα,
3043 1175 3322 1245 ἦμαρτεν;
3344 1169 3629 1240 Οὐδαμῶςο

2048 1269 2110 1320 οὐ
2149 1266 2262 1339 7&9
2310 1267 2400 1328 ἂν,
2450 1263 2506 1318 εί
2530 1280 2594 1332 γε
2634 1261 2826 1333 θνητὸν
2858 1255 2947 1330 ἦν,
2994 1258 3222 1328 ὕστερον
3266 1257 3324 1339 ἐν
3358 1254 3632 1339 κολάσεως

2049 1349 2202 1416 τάξει
2232 1336 2340 1402 ⁷τὸν
2377 1348 2606 1402 θάνατον
2645 1344 2962 1413 ὑπέμεινεν.
3006 1341 3128 1394 ’Ότι
3173 1338 3231 1392 δέ
3268 1336 3394 1392 οὔτε
3439 1336 3632 1407 θνητὸν

2038 1432 2216 1502 ’σῶμα
2243 1430 2526 1501 ἐμποδίζει
2572 1427 2711 1499 πρὸς
2747 1426 2974 1498 ἀρετὴν,
3008 1422 3145 1478 ἀλλά
3173 1422 3266 1475 καὶ
3311 1419 3633 1502 σωφρονίζει

2051 1501 2149 1570 καί
2195 1516 2266 1568 τά
2318 1514 2552 1586 μέγιστα
2585 1511 2865 1577 συντελεῖ,
2918 1507 3076 1579 δῆλον
3131 1503 3365 1557 ἐκεῖθεν.
3418 1503 3481 1554 Εί
3509 1501 3635 1586 ᾼγάρ

2052 1584 2349 1672 προσδοκία
2371 1597 2672 1658 ἀθανασίας
2706 1595 2866 1666 μόνον
2905 1591 3079 1654 οὕτως
3110 1588 3285 1672 ἐπῆρε
3307 1584 3630 1672 τὸνΔἊδάμ,

2051 1666 2108 1735 εί.
2131 1683 2224 1736 καὶ
2253 1681 2330 1751 τῷ
2359 1683 2474 1735 ὄντι
2509 1679 2782 1740 ἀθάνατος
2819 1673 3104 1744 ἐγεγόνει,
3137 1670 3240 1724 ποῦ
3273 1667 3468 1751 ούκλάν
3497 1666 3634 1751 ἀποτ-

2053 1765 2200 1828 νοίας
2223 1747 2382 1834 ἐξέϐη
2406 1780 2420 1829 ;
2449 1763 2559 1816 Καὶ
2581 1761 2676 1815 νῦν
2703 1759 2804 1830 μὲν
2833 1754 3096 1827 ἁμαρτὼν
3125 1751 3354 1806 δύνασαι
3381 1747 3542 1834 λύσαι
3567 1747 3637 1800 τά

2054 1832 2447 1920 ἁμαρτήματα,
2475 1845 2568 1899 τοῦ
2608 1843 2860 1913 σώματος
2888 1836 3150 1893 ταπεινοῦ
3178 1836 3329 1896 δντος
3354 1832 3448 1886 καὶ
3471 1846 3638 1884 κατα-

2053 1913 2346 1992 πίπτοντος
2374 1929 2468 1982 καδ⁹
2492 1926 2872 1996 διαλυομένουο
2907 1923 3002 1976 καὶ
3030 1921 3140 1989 γὰρ
3167 1913 3326 1971 αὗται
3361 1916 3417 1968 αί
3439 1914 3636 1967 ἔννοιαι

2056 2015 2239 2069 ἱκαναὶ
2269 2011 2622 2084 σωφρονίσαι*
2652 2012 2701 2062 εί
2726 2009 2784 2061 δέ
2812 2009 2870 2060 ἐν
2899 2004 3167 2084 ἀθανάτων
3185 1997 3636 2084 ἐπλημμέλησας,

2059 2081 2407 2170 μονιμώτερα
2461 2096 2593 2157 ἴσως
2647 2090 2875 2162 ἔμελλεν
2926 2083 3065 2170 εἶναι
3117 2083 3186 2137 τὰ
3244 2081 3636 2170 ἀμαρτήματα.

2055 2162 2133 2234 ὺὺ
2166 2162 2349 2232 τοίνυν
2375 2179 2408 2248 ή
2435 2175 2698 2246 θνητότης
2741 2173 2893 2226 αίτία
2924 2168 3039 2238 τῆς
3073 2165 3372 2238 ἁμαρτίας,
3502 2177 3633 2248 κατ-

2054 2263 2267 2333 ηγόρει,
2305 2242 2420 2315 ἀλλ’
2447 2263 2480 2330 ἡ
2510 2242 2722 2330 πονηρά
2747 2252 3067 2327 προαίρεσίς
3098 2251 3257 2333 ἐστιν
3285 2249 3318 2318 ή
3366 2244 3490 2333 ῥίζα
3527 2242 3638 2296 τῶν

2057 2329 2263 2400 κακῶν.
2293 2346 2392 2398 Διά
2413 2329 2596 2414 τίγάρ
2621 2329 2786 2412 μηδὲν
2806 2339 2898 2391 τὸν
2924 2334 3090 2390 Ἀϐελ
3108 2333 3173 2386 τὸ
3193 2332 3352 2402 σῶμα
3374 2329 3636 2414 ἡδίκησε;

2057 2429 2146 2482 διά
2188 2427 2241 2480 τί
2290 2426 2459 2498 μηδὲν
2506 2411 2631 2487 τοὺς
2674 2421 2931 2492 δαίμονας
2977 2418 3039 2470 τὸ
3087 2415 3378 2498 ἀσώματον
3403 2411 3638 2498 Δῶντγσες

2059 2509 2248 2563 Βούλει
2291 2491 2510 2579 μαθεῖν,
2563 2507 2645 2559 ὅτι
2687 2491 2947 2574 ούίμόνον
2980 2501 3080 2554 οὐκ
3129 2496 3328 2579 ἔϐλαψε
3368 2494 3429 2547 τὸ
3479 2491 3641 2579 σῶμα

2061 2593 2250 2664 θνητὸν
2280 2574 2591 2662 γενόμενον,
2623 2587 2760 2642 ἀλλὰ
2800 2587 2895 2638 καὶ
2932 2583 3215 2653 ὠφέλησεν
3235 2597 3257 2664 ς
3283 2578 3515 2664 ἀκουσον
3541 2574 3644 2664 ὅσα.

2061 2656 2388 2745 κερδαίνεις,
2412 2656 2520 2725 ’ἐὰν
2556 2673 2751 2742 νήφῃς,
2789 2671 2855 2722 ἐκ
2886 2666 3102 2720 τούτου.
3146 2661 3422 2745 Ἀνθέλκει
3455 2675 3513 2711 σε
3547 2656 3643 2745 καί.

2062 2735 2311 2828 περισπᾷ
2348 2735 2458 2808 ἀπὸ
2504 2735 2857 2822 τῆςμκακίας
2909 2749 3125 2808 ὀδύναις
3170 2745 3264 2798 καὶ
3297 2741 3523 2828 λύπαις.
3549 2735 3645 2790 καὶ

2062 2820 2244 2903 πόνοις
2278 2820 2371 2892 καὶ
2403 2839 2518 2900 τοῖς
2551 2820 2732 2898 ἀλλοις
2761 2836 2873 2896 τοῖς
2907 2830 3188 2892 τοιούτοις.
3241 2825 3403 2879 Ἀλλά
3440 2820 3536 2876 καὶ
3563 2823 3643 2885 είς

2062 2925 2320 2996 πορνείαν
2349 2923 2554 2990 ἐξάγει,
2586 2920 2752 2990 φησίν
2777 2936 2792 2984 ;
2837 2918 2913 2972 Οὐ
2942 2916 3004 2996 τὸ
3035 2915 3218 2984 σῶμα,
3240 2909 3354 2965 ἀλλ’
3382 2911 3416 2977 ή
3443 2906 3644 2996 ἀ-κολα-

2063 2987 2173 3063 σίαο
2213 3009 2390 3060 ταῦτα
2437 2987 2535 3076 μὲν
2569 2987 2700 3073 γάρ,
2740 3002 2884 3070 άπερ
2924 2993 3098 3063 εἷπον,
3143 2995 3360 3056 πάντως
3398 2991 3493 3044 τοῦ
3539 2987 3646 3040 σώ⁶

2065 3092 2234 3162 ματός
2267 3093 2402 3142 ἐστι.
2440 3074 2640 3158 Διόπερ
2668 3086 2768 3138 οὐκ
2797 3083 2943 3136 ἐστιν
2976 3079 3264 3150 ἄνθρωπον
3298 3078 3378 3140 είς
3409 3075 3502 3162 τὸν
3530 3074 3645 3143 βίον

2062 3158 2288 3229 ἐλθόντα
2312 3172 2503 3225 τοῦτον
2529 3169 2604 3240 μὴ
2630 3171 2722 3221 καὶ
2749 3168 2926 3219 νοσεῖν
2950 3165 3046 3218 καὶ
3067 3162 3253 3231 ἀλγεῖν
3276 3161 3370 3214 καὶ
3389 3158 3640 3240 ἀθυμεῖ-ν·

2067 3261 2141 3330 μὴ
2181 3255 2466 3328 πορνεύειν
2492 3234 2550 3307 δέ
2591 3234 2692 3307 ἐνι.
2727 3252 2891 3303 Ὥστε
2937 3249 2986 3300 εί
3032 3246 3132 3317 τῆς
3159 3245 3252 3330 τού
3298 3243 3546 3330 σώματος
3576 3234 3645 3330 ᾖν

2065 3323 2279 3412 φύσεως
2307 3340 2400 3393 καὶ
2433 3337 2503 3391 τά
2531 3337 2630 3406 τῆς
2660 3335 2882 3397 κακίας,
2919 3329 3186 3385 καθολικά
3216 3329 3282 3383 ἂν
3317 3323 3405 3412 ἦν·

2066 3426 2272 3498 φυσικὰ
2300 3423 2526 3478 τοιαῦτα
2546 3461 2561 3484 ,
2604 3420 2664 3473 τὸ
2694 3419 2754 3472 δὲ
2796 3415 3086 3490 πορνεύειν
3115 3415 3177 3466 ού
3212 3410 3475 3466 τοιοῦτονο
3510 3407 3648 3462 ἀλλά

2065 3489 2125 3562 τὸ
2168 3510 2265 3580 μὲν
2310 3507 2496 3574 ἀλγεῖν
2546 3501 2816 3566 ἐντεῦθεν,
2865 3500 2924 3554 τὸ
2971 3499 3029 3552 δέ
3071 3495 3360 3580 πορνεύειν
3403 3491 3512 3546 ἀπὸ
3544 3489 3646 3580 τῆς

2067 3573 2464 3663 προαιρέσεως.
2497 3587 2589 3657 Μὴ
2616 3586 2796 3638 τοίνυν
2825 3581 3123 3652 κατηγόρει
3145 3576 3545 3663 τοῦσώματος,
3573 3573 3648 3644 μή

2069 3658 2162 3729 σου
2187 3658 2286 3744 τήν
2310 3672 2478 3742 τιμὴν
2507 3667 2853 3740 ἀφαιρείσθω
2878 3667 2906 3718 6
2933 3663 3202 3726 διάϐολος,
3227 3661 3296 3732 ἦν
3336 3677 3419 3744 σοι
3449 3658 3648 3744 ἔδωκεν

2067 3761 2096 3812 6
2131 3739 2283 3816 Θεόξ.
2320 3739 2566 3822 ’Ἄνγάρ
2601 3751 2865 3820 θέλωμεν,
2907 3747 3121 3818 χαλινός
3163 3749 3310 3798 ἐστιν
3343 3742 3564 3814 ἄριστος
3590 3739 3650 3800 τὸ

2071 3841 2251 3909 σῶμα,
2283 3839 2351 3890 τά
2385 3838 2733 3906 σκιρτήματα
2765 3834 2862 3902 τῆς
2891 3831 3071 3901 ψυχῆς
3102 3827 3354 3897 κατέχον,
3388 3824 3649 3880 ἀπόνοιαν

2070 3921 2400 3982 κατασπῶν,
2461 3917 2780 3982 ἀλαζονείαν
2831 3914 3070 3978 κωλύον,
3114 3913 3174 3964 ἐν
3223 3913 3337 3973 τοῖς
3373 3909 3650 3978 μεγίστοις

2073 4002 2221 4078 [151]
2278 4001 2697 4073 κατορθώμασιν
2744 3999 2874 4067 ἡμῖν
2911 3994 3347 4078 διακονούμενονί
3390 3991 3482 4060 Μὴ
3540 3989 3649 4078 γάρ

2075 4067 2164 4157 μοι
2182 4088 2309 4148 τοὺς
2335 4084 2690 4153 μαινομένους
2715 4081 2892 4149 εἴπῃςο
2917 4077 3040 4130 ἐπεὶ
3063 4076 3158 4128 καὶ
3186 4074 3293 4126 τῶν
3319 4072 3500 4124 ἵππων
3521 4067 3650 4122 πολ-

2072 4150 2196 4233 λοὺς
2224 4150 2439 4240 ὁρῶμεν
2465 4150 2603 4218 κατὰ
2630 4161 2893 4233 κρημνῶν
2927 4159 3284 4230 φερομένους,
3314 4154 3408 4240 τὸν
3436 4150 3650 4240 ἡνίοχον

2076 4234 2351 4325 ῥίψαντας-
2386 4251 2524 4320 μετὰ
2555 4247 2648 4302 τοῦ
2679 4243 2914 4316 χαλινοῦ·
2953 4241 3069 4296 ἀλλ’
3099 4234 3530 4325 ούνμεμφόμεθα
3558 4235 3650 4325 τὸν

2074 4317 2323 4408 χαλινόνο
2367 4317 2428 4387 ού
2468 4334 2576 4401 γὰρ
2621 4332 2825 4390 ἐκεῖνος
2874 4323 3229 4408 διασπασθεὶς
3259 4319 3420 4408 τοῦτο
3461 4317 3649 4408 εἰργά-

2077 4401 2228 4482 σατο,
2265 4418 2379 4470 ἀλλ’
2411 4419 2438 4469 ὁ
2471 4415 2682 4484 ἡνίοχος
2719 4414 2746 4464 6
2779 4410 2854 4481 μὴ
2883 4406 3192 4478 κατασχὼν,
3228 4407 3404 4458 πάντα
3433 4401 3649 4457 ἀπώλε-

2077 4521 2188 4557 σεν.
2223 4501 2379 4554 Ούτω
2415 4483 2609 4568 δὴίκαὶ
2649 4493 2884 4548 ἐνταῦθα
2914 4490 3148 4558 λογίζου’
3187 4487 3252 4542 ἀν
3296 4487 3413 4557 ἴδῃς
3440 4483 3560 4539 νέον
3592 4485 3652 4568 ἐν

2075 4585 2308 4658 ὀρφανίᾳ
2336 4567 2514 4647 ζῶντα
2547 4580 2642 4633 καὶ
2676 4575 2843 4647 μυρία
2886 4573 3252 4658 ἐργαζόμενον
3283 4570 3431 4658 κακά
3450 4607 3466 4632 ,
3492 4568 3568 4638 μὴ
3590 4567 3652 4658 τὸ

2079 4650 2239 4738 σῶμα
2277 4650 2456 4726 αἰτιῶ,
2503 4663 2640 4715 ἀλλά
2680 4660 2770 4712 τὸν
2817 4657 3030 4727 ἡνίοχον
3069 4655 3160 4708 τὸν
3200 4653 3518 4724 συρόμενον,
3560 4650 3652 4702 τὸν

2077 4734 2340 4822 λογισμὸν
2371 4749 2535 4816 λέγω.
2573 4747 2786 4814 Ὥσπερ
2832 4741 2942 4811 γὰρ
2989 4741 3043 4792 αἱ
3077 4738 3224 4808 ὴνίαι
3258 4736 3320 4822 ού
3351 4734 3650 4822 παρέχρυσι

2079 4815 2386 4907 πράγματα
2413 4815 2489 4901 τῷ
2532 4829 2752 4900 ἡνιόχῳ,
2780 4825 2893 4879 ἀλλ’
2923 4826 2952 4876 6
2974 4823 3188 4892 ἡνίοχος
3220 4818 3440 4871 πάντων
3479 4815 3650 4876 αἴτιος

2077 4899 2139 4974 ού
2165 4899 2346 4978 καλῶς
2373 4899 2542 4975 αὑτὰς
2557 4899 2809 4978 κατέχων
2830 4924 2843 4937 ’
2877 4906 2955 4958 διὸ
2987 4905 3081 4956 καί⁵
3107 4902 3264 4971 δίκην
3295 4899 3460 4953 αὐτὸν
3485 4899 3650 4951 ἀπαι-

2077 5001 2234 5055 τοῦσι
2253 5040 2268 5065 ,
2301 4993 2744 5066 συμπλεκόμεναι
2772 4987 2918 5056 αύτῷ
2952 4985 3047 5038 καὶ
3079 4982 3492 5053 παρασύρουσαι
3517 4981 3649 5034 πολ-

2079 5085 2238 5147 λάκις
2266 5083 2360 5135 καὶ
2388 5073 2793 5144 ἀναγκάζουσαι
2817 5069 2918 5138 τῆς
2938 5068 3145 5130 οἰκείας
3170 5066 3509 5137 δυσπραγίας
3540 5081 3651 5117 κοι-

2080 5170 2268 5221 νωνεῖν
2292 5182 2305 5194 υ
2331 5162 2476 5216 οὕτω
2504 5159 2568 5228 δὴ
2595 5157 2688 5210 καὶ
2717 5153 2967 5209 ἐνταῦθα.
3012 5150 3153 5219 Ἐγὼ
3184 5151 3282 5221 μὲν
3305 5153 3435 5219 7&9,
3463 5149 3648 5218 φησὶν,

2082 5253 2313 5320 ῖμασσον
2343 5245 2406 5297 τὸ
2439 5242 2615 5311 στόμα
2655 5238 2750 5292 τοῦ
2781 5239 2979 5298 ἵππου,
3021 5233 3124 5296 ἕως
3162 5237 3432 5302 κατεῖχες⁸
3464 5229 3653 5301 ἐπειδὴ

2081 5313 2138 5386 δέ
2180 5329 2410 5403 ἔρριψας
2431 5366 2448 5388 ,
2476 5323 2694 5380 ἀπαιτῶ
2745 5338 2803 5374 σε
2841 5320 2938 5388 τῆς
2972 5316 3430 5403 καταφρρνήσεως
3475 5313 3650 5403 δίκην,

2085 5417 2180 5470 καὶ
2211 5395 2626 5484 ’περιπλέκομαι
2664 5407 2760 5459 καὶ
2804 5399 3146 5484 παρασύρωῃ,
3176 5397 3317 5484 ὥστε
3349 5395 3656 5484 μηκέτι-τὸ

2085 5499 2218 5552 αὐτὸ
2249 5478 2463 5549 παθεῖν.
2491 5478 2696 5562 Μηδεὶς
2719 5488 2898 5540 τοίνυν
2920 5481 3186 5536 αἰτιάσθω
3210 5481 3308 5544 τὰς
3335 5479 3512 5549 ἡνίας,
3540 5478 3655 5531 ἀλλ’

2087 5581 2274 5636 ἑαυτὸν
2308 5577 2402 5631 καὶ
2427 5576 2528 5646 τὴν
2553 5569 2954 5641 διεφθαρμένην
2993 5567 3242 5636 γνώμην.
3286 5563 3395 5617 Καὶ
3432 5563 3540 5646 γὰρ
3571 5562 3658 5632 ἐφ’

2089 5663 2245 5734 ήμῶν
2291 5645 2500 5730 ἡνίοχός
2539 5657 2687 5709 ἐστιν
2721 5655 2749 5706 6
2779 5650 3067 5734 1071.69“:
3101 5648 3249 5734 ήνίαι
3281 5647 3338 5700 δὲ
3382 5647 3443 5698 τὸ
3477 5645 3657 5715 σῶμα.

2093 5728 2422 5815 συνάγουσαι
2451 5741 2576 5803 τοὺς
2616 5739 2816 5798 ἵππους
2865 5733 2999 5805 πρὸς
3027 5733 3118 5786 τὸν
3149 5731 3384 5802 ήνίοχον.
3434 5729 3532 5782 Ἂν
3560 5728 3661 5815 μὲν

2095 5825 2187 5883 οὖν
2217 5808 2394 5890 καλῶς
2428 5819 2585 5878 αὗται
2615 5818 2956 5884 διακέωνται,
3000 5815 3151 5870 οὐδὲν
3184 5815 3347 5886 πείσῃ
3377 5812 3566 5867 δεινόν’
3593 5808 3660 5862 ἂν
