4086 6214
459 257 572 311 ΗΓ).

454 373 512 426 δὲ
537 372 682 443 ἀφῇς
710 372 902 437 αὐτὰς,
926 375 1196 445 ὴφάνισας
1226 377 1321 428 καί
1346 375 1635 442 ἀπώλεσας
1657 377 1892 432 ἅπαντα.
1918 381 2032 433 Σω-

458 465 748 538 φρονῶμεν
776 469 974 533 τοίνυν,
999 471 1094 522 καὶ
1116 469 1190 540 μὴ
1219 469 1612 540 κατηγορῶμεν
1641 471 1733 524 τοῦ
1759 473 2031 543 σώματος,

455 565 595 620 ἀλλά
629 565 729 636 τῆς
777 568 1018 635 πονηρᾶς
1051 565 1305 628 διανοίας.
1339 567 1450 620 Kal
1493 567 1603 638 γὰρ
1645 568 1739 620 τοῦ
1781 569 2031 624 διαϐόλου

1187 266 1244 320 S.
1283 265 1568 322 JOANNIS
1606 264 2091 324 CHIH'SOS'I‘OMI
2129 268 2450 330 AllClllEP.
2488 271 3033 330 CONSTANTINOP.

3618 287 3714 340 Hb

2137 397 2254 448 γει,
2295 382 2432 452 πρὸς
2475 383 2566 437 τὸν
2597 384 2729 437 Θεὸν
2759 385 2819 440 τὸ
2865 386 3019 457 ὄμμα
3058 391 3157 460 τῆς
3199 390 3438 458 διανοίας
3480 397 3708 454 τείνατε.

2149 474 2236 527 Ἐν
2267 476 2366 546 μὲν
2398 477 2505 547 γὰρ
2531 480 2642 542 τοῖς
2677 478 2856 543 ἄλλοις
2893 481 3043 534 οὐδὲν
3067 485 3095 535 ὁ
3119 484 3209 536 τὸν
3238 487 3426 554 ἀγῶνα
3455 488 3566 554 θεὶς
3597 494 3714 546 εἰσ·

2135 571 2314 641 φέρει,
2358 573 2472 626 ἀλλ’
2502 575 2765 646 ἀναμένει
2803 575 2862 629 τὸ
2893 577 3073 641 τέλος·
3116 581 3351 636 ἐνταῦθα
3396 584 3453 637 δὲ
3501 586 3562 640 τὸ
3607 592 3722 642 πᾶν

456 661 619 732 ἔργον
664 660 842 715 τοῦτο.
886 661 1102 711 πάντων
1137 659 1339 727 μᾶλλον
1378 665 1551 714 ποιεῖν
1599 663 1727 726 τοὺς
1768 664 2033 734 ἀνοήτους
2131 667 2527 740 ὀάγωνοθέτης
2549 671 2666 724 ἐστὶ
2688 671 2841 734 Θεός.
2871 670 3072 726 Τοῦτον
3096 674 3276 729 τοίνυν
3296 678 3511 750 έχωμιν
3531 681 3712 746 ἵλεων,

455 758 802 828 κατηγορεῖν,
829 755 924 806 καὶ
951 753 1202 824 σώματος
1231 757 1324 810 καὶ
1352 757 1446 810 τοῦ
1475 756 1612 810 Θεοῦ
1645 760 1738 811 καὶ⁵
1764 757 1858 811 τοῦ
1891 758 2032 828 πλη-

2131 761 2227 814 καὶ
2275 763 2494 827 πάντως
2534 765 2928 834 έπιτευξόμεθα
2978 768 3089 820 τῶν
3126 771 3431 840 μελλόντων
3468 777 3712 846 ἀγαθῶν,

456 851 590 916 σίον,
615 851 646 921 ἢ
673 851 771 921 τῆς
807 849 1211 922 διεφθαρμένης
1237 852 1482 924 γνώμης·
1515 854 1601 906 ἵνα
1631 852 1706 924 μὴ
1732 855 1832 924 τὴν
1855 854 2033 908 αἰτίαν
2131 857 2316 928 χάριτι
2355 859 2449 911 καὶ
2500 859 2883 932 φιλανθρωπίᾳ
2938 863 3033 916 τοῦ
3089 867 3294 938 Κυρίου
3330 870 3486 940 ἡμῶν
3534 873 3714 942 Ἰησοῦ

454 949 708 1018 εὑρόντες
735 947 1094 1017 ἀπαλλαγῶσι
1134 953 1234 1021 τῆς
1269 949 1425 1022 ρίζης
1466 948 1574 1004 τῶν
1621 950 1828 1005 κακῶν.
1889 949 2029 1006 Ἀλλ’

454 1043 612 1114 ὑμεῖς
645 1043 744 1113 τὴν
781 1045 1073 1116 ἐπιϐουλὴν
1111 1046 1433 1110 συνειδότες,
1454 1045 1546 1101 τὸν
1572 1046 1741 1117 θυμὸν
1775 1048 1897 1101 κατ’
1928 1047 2029 1101 ac.

452 1138 548 1192 τοῦ
577 1140 867 1208 στρέψατε,
903 1140 997 1193 καὶ
1025 1141 1118 1193 τὸν
1144 1141 1360 1212 ἡνίοχον
1389 1142 1785 1211 ἐπιστήσαντες·
1803 1141 1880 1212 τῷ
1908 1139 2031 1208 ζεύ-

2136 953 2375 1022 Χριστοῦ
2395 994 2408 1016 ,
2441 954 2562 1025 μεθ’
2583 949 2644 1010 οῦ
2669 955 2747 1026 τῷ
2779 959 2954 1028 Πατρὶ
2992 959 3108 1030 ἅμα
3149 961 3228 1032 τῷ
3262 964 3400 1035 ἁγίῳ
3433 967 3714 1038 Πνεύματι

2135 1046 2282 1114 δόξα,
2314 1049 2536 1119 κράτος,
2559 1052 2715 1122 τιμὴ,
2742 1052 2837 1107 νῦν
2857 1057 2954 1110 καὶ
2983 1057 3092 1122 ἀεὶ,
3117 1059 3212 1112 καὶ
3245 1062 3325 1124 εἰς
3353 1062 3480 1125 τοὺς
3507 1062 3713 1125 αἰῶνας

2138 1142 2247 1200 τῶν
2277 1145 2510 1200 αἰώνων.
2544 1148 2739 1219 Ἀμήν.

470 1417 3632 1450 W

1926 1554 2172 1611 ΟΜΙΛῙΑ
2217 1559 2331 1614 ΙΗ’.

451 1663 576 1716 Οὐκ
607 1661 811 1734 οξδατε
846 1663 935 1716 ὄτι
968 1663 1053 1734 ,τὰ
1091 1663 1337 1734 σώματα
1379 1663 1546 1734 ὑμῶν
1571 1664 1728 1734 μέλη
1763 1665 1868 1718 τοῦ
1901 1666 2036 1730 Χριο

526 1731 678 1802 στοῦ
723 1735 912 1796 εὶσιν;
948 1732 1098 1800 ἄρας
1127 1731 1243 1791 οὖν
1293 1735 1366 1788 τὰ
1391 1731 1550 1802 μέλη
1572 1731 1701 1793 ’τοῦ
1751 1735 2034 1802 Χριστοῦ,

527 1800 766 1868 ποιήσω
793 1803 1022 1869 πόρνης
1049 1803 1242 1872 μέλω
1272 1803 1370 1872 Μὴ
1394 1800 1653 1873 γένοιτο.
1760 1817 1768 1832 ³

527 1911 599 1970 α’.
616 1914 748 1968 Ἀπὸ
781 1912 1335 1984 τοῦπεπορνευκότος
1357 1915 1448 1968 ἐπὶ
1467 1913 1558 1968 τὸν
1585 1915 1914 1984 πλεονέκτην
1938 1933 2037 1986 με·

455 1998 648 2062 ταϐὰς,
670 1998 833 2051 πάλιν
858 1999 967 2052 ἀπὸ
983 2000 1174 2052 τούτου
1206 1999 1343 2070 πρὸς
1359 2001 1564 2051 ἐκεῖνον
1591 1997 1830 2069 ἔρχεται,
1852 1999 2036 2052 οὐκέτι

454 2083 641 2136 λοιπὸν
689 2083 824 2154 πρὸς
855 2081 1017 2135 αὐτὸν
1069 2082 1467 2153 διαλεγόμενος,
1518 2081 1654 2135 ἀλλά
1682 2085 1793 2144 τοῖς
1845 2081 2030 2146 ἄλλοις

453 2167 569 2228 τοῖς
603 2165 678 2236 μὴ
724 2166 1125 2236 πεπορνευκόσι
1149 2181 1162 2196 ·
1196 2166 1291 2219 καὶ
1328 2165 1553 2228 τούτους
1604 2163 2036 2235 ἀσφαλιζόμενος

457 2249 667 2318 μήποτε
701 2248 1040 2317 περιπέσωσι
1074 2251 1186 2312 τοῖς
1224 2249 1430 2312 αὐτοῖς,
1460 2249 1669 2302 ἐκείνου
1696 2248 2034 2303 καθάπτεται

455 2331 640 2386 πάλιν.
679 2331 738 2383 '0
771 2331 880 2400 γάρ
911 2331 1268 2403 ἡμαρτηκὼς,
1301 2331 1405 2402 κάν
1433 2333 1570 2404 πρὸς
1603 2331 1791 2403 ἕτερον
1819 2332 2036 2385 ἀποτεί-

455 2432 553 2486 νῃς
582 2414 674 2468 τὸν
718 2414 894 2483 λόγον,
929 2417 1198 2468 κεντεῖται
1232 2416 1327 2468 καὶ
1377 2415 1540 2480 οὕτω,
1589 2414 1686 2468 τοῦ
1735 2414 2034 2478 συνειδότος

454 2497 858 2569 διεγειρομένου
891 2499 983 2551 καὶ
1016 2497 1410 2568 μαστιγοῦντος
1447 2498 1630 2552 αὐτόν.
1693 2497 1898 2561 Ἱκανὸς
1934 2498 2034 2568 μὲν

454 2575 549 2633 οὖν
575 2581 669 2633 καὶ
690 2580 798 2632 ἀπὸ
822 2581 930 2650 τῆς
946 2580 1214 2650 τιμωρίας
1239 2580 1402 2648 φόϐος
1421 2574 1489 2649 ἧν
1515 2580 1712 2642 αὐτοὺς
1737 2584 2034 2651 κατασχεῖν

454 2662 548 2715 ἐπὶ
580 2661 684 2730 τῆς
729 2661 1120 2732 σωφροσύνης·
1159 2661 1347 2732 ἐπειδὴ
1391 2661 1449 2714 δὲ
1492 2663 1552 2715 οὐ
1587 2661 1833 2732 βούλεται
1881 2664 2033 2734 φόϐῳ

459 2744 622 2815 μόνον
648 2743 715 2796 τὰ
743 2743 892 2816 [152]
927 2745 1149 2798 τοιαῦτα
1179 2745 1501 2816 κατορθοῦν,
1535 2747 1629 2799 καὶ
1661 2747 1894 2810 ἀπειλάς
1935 2748 2032 2801 καὶ

454 2827 751 2897 λογισμοὺς
801 2827 1034 2896 τίθησιν.
1105 2828 1254 2880 Ἐκεῖ
1319 2829 1420 2898 μὲν
1469 2824 1563 2881 οὖν
1609 2829 1672 2882 τὸ
1725 2829 2031 2900 ἁμάρτημα

454 2908 646 2973 εἰπὼν,
695 2910 790 2962 καὶ
840 2910 938 2980 τὴν
974 2911 1247 2980 τιμωρίαν
1296 2911 1506 2981 ὁρίσας,
1546 2912 1641 2965 καὶ
1683 2913 1784 2983 τὴν
1823 2911 2028 2982 βλάϐην

452 2990 632 3056 δείξας
678 2990 778 3063 τὴν
836 2991 900 3044 ἐκ
943 2991 1044 3061 τῆς
1102 2993 1388 3056 συνουσίας
1441 2992 1537 3045 τοῦ
1595 2994 2029 3065 πεπορνευκότος

457 3074 824 3144 ἐγγενομένην
851 3074 1076 3139 ἀπασιν,
1097 3073 1410 3144 ἀπηλλάγη,
1439 3075 1534 3128 καὶ
1561 3075 1697 3145 πρὸς
1722 3077 1821 3144 τὴν
1847 3074 2030 3127 πλεον-

456 3157 603 3221 εξίαν
628 3158 883 3228 μετέστη,
911 3157 1006 3210 καὶ
1029 3156 1128 3228 τὴν
1148 3157 1420 3210 ἔκπτωσιν
1443 3158 1545 3228 τῆς
1574 3157 1850 3228 βασιλείας
1873 3159 2030 3212 dum.

454 3239 626 3310 λήσας
652 3238 826 3308 τούτῳ
852 3240 946 3292 καὶ
973 3242 1085 3301 τοῖς
1115 3239 1320 3303 λοιποῖς
1345 3239 1570 3304 ἀπασιν,
1602 3235 1684 3303 οἷς
1717 3239 2023 3307 κατέλεξεν,

453 3322 599 3375 οῦτω
626 3322 715 3375 τὸν
755 3323 914 3390 λόγον
959 3323 1288 3394 ἀπήρτισεν·
1327 3323 1562 3377 ἐνταῦθα
1603 3324 1660 3377 δέ
1692 3325 1784 3376 καὶ
1815 3341 2026 3395 φρικω-

453 3403 708 3475 δέστερον
738 3405 1104 3475 μεταχειρίζει
1148 3408 1250 3475 τὴν
1277 3406 1614 3477 παραίνεσιν.
1647 3405 1715 3458 ’Ὀ
1742 3423 1799 3458 τε
1829 3406 1935 3478 γὰρ
1967 3405 2028 3460 τὸ

456 3488 761 3558 ἁμάρτημα
803 3489 1046 3552 κολάζων
1095 3489 1276 3559 μόνον,
1312 3490 1406 3542 καὶ¹
1455 3488 1529 3559 μὴ
1573 3489 1789 3552 δεικνὺς
1822 3489 2026 3561 σφόδρα

457 3570 922 3641 παρανομώτατον
941 3569 1022 3632 ὃν,
1053 3571 1203 3624 οὐδὲν
1223 3571 1475 3624 τοσοῦτον
1495 3571 1604 3625 ἀπὸ
1629 3571 1728 3640 τῆς
1757 3571 2028 3640 τιμωρίας

455 3653 784 3723 εἰργάσατο·
836 3654 865 3706 δ
904 3670 962 3705 τε
1017 3652 1181 3706 πάλιν
1233 3652 1510 3724 ἐντρέπων
1571 3655 1751 3724 μόνον,
1804 3653 1897 3706 καὶ
1949 3653 2024 3723 μὴ

454 3735 638 3803 φοϐῶν
664 3735 751 3788 διά
771 3736 871 3804 τῆς
902 3735 1194 3798 κολάσεως,
1216 3737 1276 3788 οὐ
1307 3736 1513 3806 σφόδρα
1551 3737 1888 3790 καθάπτεται
1917 3737 2026 3790 τῶν

453 3820 794 3890 ἀναισθήτως
841 3819 1219 3887 διακειμένων.
1285 3820 1483 3892 Διόπερ
1539 3821 1824 3891 ἀμφότερα
1884 3823 2028 3874 ποιεῖ

453 3899 686 3964 Παῦλος,
731 3901 824 3954 καὶ
849 3901 1100 3975 ἐντρέπει
1129 3900 1326 3969 λέγων·
1348 3903 1471 3955 Οὐκ
1505 3903 1702 3957 οῐδατε
1729 3903 1818 3956 ὅτι
1849 3903 2022 3972 ἁγγέο

451 3986 606 4047 λους
633 3983 986 4052 κρινοῦμεν;
1019 3983 1112 4036 καὶ
1142 3983 1300 4052 φοϐεῖ
1335 3983 1528 4052 λέγων·
1558 3987 1682 4039 Οὐκ
1711 3985 1910 4040 οῖδατε
1935 3986 2024 4042 ὅτι

451 4064 809 4119 πλεονέκται
831 4066 1162 4130 βασιλείαν
1190 4066 1337 4120 Θεοῦ
1359 4069 1430 4120 οὐ
1457 4068 2024 4136 κληρονομήσουσι;

452 4148 565 4200 Kal
598 4148 692 4200 ἐπὶ
711 4147 807 4200 τοῦ
831 4150 1262 4220 πεπορνευκότος
1294 4149 1456 4202 πάλιν
1488 4149 1629 4202 οὕτω
1655 4150 1919 4222 κέχρηται
1945 4152 2024 4224 τῷ

453 4229 596 4300 λόγῳ
615 4248 628 4261 ο
663 4231 755 4284 καὶ
781 4231 888 4302 γὰρ
915 4231 1156 4303 φοϐήσας
1182 4230 1248 4284 δι’
1277 4224 1353 4284 ῶν
1387 4230 1695 4302 ἔμπροσθεν
1723 4228 1898 4300 εἶπεν,
1932 4236 2026 4288 ἐκ·

452 4329 510 4365 τε
519 4313 634 4383 μῶν
655 4331 715 4366 τε
732 4314 893 4367 αὐτὸν
915 4314 1104 4385 καὶτῷ
1117 4315 1330 4384 Σατανᾷ
1351 4315 1648 4385 παραδοὺς,
1671 4315 1764 4370 καὶ
1783 4316 1882 4386 τῆς
1903 4319 2025 4388 μελ·

451 4399 651 4470 λούσης
688 4401 1008 4472 ἀναμνήσας
1051 4401 1294 4471 ⁴ἡμέρας,
1338 4401 1587 4470 ἐντρέπει
1631 4403 1792 4456 πάλιν
1822 4403 2018 4472 λέγων·

455 4485 580 4535 Οὐκ
599 4483 799 4535 οῑδατε
818 4483 907 4535 ὅτι
923 4483 992 4536 τὰ
1007 4482 1252 4550 σώματα
1272 4481 1438 4549 ὑμῶν
1458 4484 1617 4550 μέλη
1639 4484 1742 4538 τοῦ
1763 4485 2020 4552 Χριστοῦ

451 4563 656 4624 ἐστιν;
678 4563 753 4624 ὡς
778 4564 912 4632 πρὸς
938 4564 1134 4624 παῖδας
1155 4562 1340 4614 λοιπὸν
1360 4563 1599 4630 εὐγενεῖς
1621 4565 2018 4634 διαλεγόμενος.

463 4643 681 4714 Ἐπειδὴ
707 4645 816 4714 γάρ
846 4641 988 4708 εἰπε,
1015 4643 1092 4700 Τὸ
1116 4644 1184 4696 δὲ
1208 4643 1380 4711 σῶμα
1404 4644 1484 4709 τῷ
1509 4648 1721 4713 Κυρίῳ,
1754 4647 2019 4715 σαφέστε-

453 4743 547 4797 ρον
568 4726 698 4780 αὐτὸ
718 4725 956 4779 δείκνυσι
979 4725 1075 4779 νῦν
1097 4743 1110 4755 ·
1148 4726 1241 4778 καὶ
1269 4725 1504 4794 ἀλλαχοῦ
1533 4727 1590 4779 δὲ
1618 4729 1679 4780 τὸ
1711 4728 1842 4782 αὐτὸ
1863 4729 2022 4784 τοῦτο

449 4812 597 4863 ποιεῖ
629 4809 822 4878 λέγων·
876 4807 1073 4876 Ὑμεῖς
1118 4806 1186 4861 δέ
1211 4807 1354 4860 ἐστε
1398 4807 1569 4876 σῶμα
1607 4809 1884 4876 Χριστοῦ,
1919 4811 2020 4866 καί

443 4892 604 4962 μέλη
636 4893 704 4946 ἐκ
731 4891 966 4960 μέρους.
1011 4893 1123 4946 Kal
1147 4893 1210 4946 τὸ
1238 4891 1369 4944 αὐτὸ
1403 4892 1708 4961 ὑπόδειγμα
1748 4892 2018 4968 πολλαχοῦ

449 4972 685 5043 τίθησιν,
719 4976 820 5028 οὐκ
867 4975 960 5026 ἐπὶ
1001 4975 1109 5028 τῶν
1153 4975 1355 5038 αὐτῶν,
1391 4973 1527 5028 ἀλλά
1562 4975 1692 5028 ποτὲ
1727 4975 1828 5046 μὲν
1878 4975 2018 5030 ὥστε

449 5055 550 5126 τὴν
581 5054 800 5122 ἀγάπην
821 5055 1011 5120 δεῖξαι,
1041 5058 1171 5110 ποτέ
1196 5057 1252 5110 δὲ
1277 5057 1418 5111 ὥστε
1443 5059 1536 5111 τὸν
1563 5058 1726 5128 φόϐον
1755 5057 2012 5128 αὐξῆσαι·

451 5137 685 5192 ἐνταῦθα
717 5137 774 5192 δέ
820 5138 1186 5208 δεδιττόμενος
1227 5141 1361 5194 αὐτὸ
1400 5141 1635 5204 τέθεικε,
1668 5142 1762 5194 καὶ¹
1805 5143 2015 5210 φοϐῶν·

454 5223 627 5291 Ἄρας
648 5216 762 5276 οὖν
794 5221 867 5274 τὰ
886 5221 1043 5289 μέλη
1070 5221 1176 5276 τοῦ
1217 5224 1493 5288 Χριστοῦ,
1526 5223 1763 5293 ποιήσω
1790 5226 2018 5293 πόρνης

445 5305 638 5375 μέλη;
668 5304 763 5374 Μὴ
788 5304 1035 5375 γένοιτο.
1064 5303 1230 5357 Οὐδὲν
1255 5304 1681 5377 φρικωδέστερον
1702 5309 1801 5378 τῆς
1820 5307 2017 5373 λέξεως

448 5387 675 5460 ταύτης.
710 5389 818 5442 Kal
837 5389 939 5442 οὐκ
962 5384 1134 5456 εἶπεν,
1172 5389 1345 5459 Ἀρας
1377 5385 1470 5441 οὖν
1499 5389 1568 5441 τά
1594 5391 1729 5460 μέλη
1757 5391 1851 5444 τοῦ
1880 5395 2016 5464 Χρι-

452 5472 602 5537 στοῦ,
659 5475 878 5544 συνάψω
906 5476 972 5544 τῇ
1025 5475 1195 5546 πόρνῃ
1219 5489 1232 5502 ·
1275 5472 1409 5526 ἀλλά
1453 5472 1534 5537 τίς
1577 5474 1818 5540 Ποιήσω
1857 5476 2014 5545 μέλη

449 5554 714 5621 πόρνης
736 5558 874 5630 ὅπερ
899 5553 966 5628 ἦν
1013 5555 1476 5627 πληκτικώτερον.
1517 5551 1652 5609 Εἶτα
1674 5559 2015 5612 κατασκευά-

451 5638 535 5702 ζει
565 5637 680 5701 πῶς
703 5639 860 5692 τοῦτο
891 5641 1094 5708 γίνεται
1123 5644 1152 5696 ό
1184 5638 1484 5712 πορνεύων,
1514 5637 1656 5692 οὕτω
1690 5639 1866 5707 λέγων
1884 5656 1898 5670 ·
1935 5637 2016 5695 Ἣ

452 5723 566 5777 οὐκ
593 5719 791 5776 οἴδατε
831 5723 921 5776 ὅτι
949 5727 980 5777 ό
1014 5723 1388 5794 κολλώμενος
1413 5719 1486 5789 τῇ
1511 5723 1723 5790 πόρνη,
1748 5721 1818 5777 ἐν
1842 5723 2012 5794 σῶμά

2137 1668 2302 1734 am,-
2351 1671 2520 1728 Πόθεν
2563 1675 2753 1746 δῆλον;
2797 1678 3081 1736 Ἔσονται
3126 1682 3257 1751 γὰρ,
3289 1687 3472 1755 φησιν,
3506 1690 3561 1740 οι
3597 1689 3708 1742 δύο

2137 1756 2224 1818 εις
2252 1755 2451 1838 σάρκα
2479 1758 2646 1826 μίαν.
2692 1759 2746 1812 ’0
2775 1759 2845 1813 δὲ
2873 1762 3254 1832 κολλώμενος
3284 1767 3364 1831 τῷ
3392 1771 3604 1838 Κυρίῳ,
3635 1773 3709 1825 ἓν

2137 1837 2371 1908 πνεῦμά
2399 1840 2588 1894 ἐστιν.
2616 1843 2814 1896 Οὐκέτι
2840 1846 2949 1916 γάρ
2977 1847 3201 1914 ἀφίησιν
3236 1851 3268 1919 ὴ
3305 1837 3555 1907 συνουσία
3578 1855 3708 1917 τοὺς

2135 1925 2230 1980 δύο
2265 1923 2402 1981 εἰναι
2445 1929 2559 1992 δύο,
2599 1930 2713 1983 ἀλλ’
2747 1932 2806 1984 ἐν
2853 1934 3194 2005 ἀμφοτέρους
3243 1939 3553 2008 ἐργάζεται.
3597 1943 3708 1995 Καὶ

2136 2009 2239 2094 ϐρά
2288 2012 2450 2094 πάλιν
2482 2012 2599 2076 πῶς
2627 2014 2716 2067 διὰ
2743 2015 2853 2067 τῶν
2901 2017 3180 2088 ὀνομάτων
3215 2023 3436 2092 γυμνῶν
3467 2025 3704 2094 πρόεισι,

2133 2091 2221 2145 διά
2248 2093 2350 2162 τῆς
2379 2095 2584 2166 πόρνης
2615 2097 2710 2151 καὶ
2743 2098 2831 2151 διὰ
2875 2100 2970 2152 τοῦ
3009 2101 3245 2171 Χριστοῦ
3295 2091 3550 2175 προάγων
3605 2109 3708 2178 τὴν

2135 2177 2489 2248 κατηγορίαν.
2543 2181 2794 2249 Φεύγετε
2833 2183 2952 2249 τὴν
3004 2187 3312 2252 πορνείαν.
3365 2189 3477 2240 Οὐκ
3527 2177 3703 2254 εἷπεν,

2147 2259 2440 2329 Ἀπέχεσθε
2480 2262 2580 2332 τῆς
2623 2264 2899 2335 πορνείας,
2940 2266 3094 2330 ἀλλά,
3128 2270 3400 2337 Φεύτετε,
3433 2271 3703 2335 τουτέστι,

2133 2341 2288 2394 Μετά
2334 2343 2570 2415 σπουδῆς
2615 2347 2854 2400 ποιεῖσθε
2886 2349 2984 2420 τὴν
3014 2349 3331 2422 ἀπαλλαγὴν
3378 2351 3471 2404 τοῦ
3506 2351 3703 2406 κακοῦ.

2131 2422 2264 2479 Πᾶν
2313 2425 2627 2496 ἁμάρτημα
2676 2429 2710 2482 ὃ
2747 2429 2857 2484 ἐὰν
2888 2431 3117 2500 ποιήσῃ
3151 2431 3482 2501 ἄνθρωπος,
3529 2431 3698 2498 ἐκτὸς

2131 2508 2238 2562 τοῦ
2275 2509 2550 2579 σώματός
2585 2512 2792 2566 ἐστιν·
2823 2516 2857 2567 ό
2894 2513 2964 2568 δὲ
2991 2517 3298 2583 πορνεύων
3327 2517 3415 2580 εις
3440 2517 3504 2570 τὸ
3547 2516 3706 2570 ἴδιον

2131 2591 2306 2662 σῶμα
2351 2593 2695 2662 ἁμαρτάνει.
2753 2596 2926 2650 Τοῦτο
2983 2598 3076 2651 τοῦ
3124 2599 3390 2670 προτέρου
3448 2598 3667 2652 ἔλαττον
3684 2615 3698 2628 ·

2131 2675 2270 2746 πλὴν
2294 2676 2410 2728 ἀλλ’
2439 2679 2624 2750 ἐπειδὴ
2649 2680 2778 2750 περὶ
2804 2681 3015 2752 πόρνων
3038 2678 3105 2753 ἦν
3133 2684 3162 2735 ὸ
3183 2683 3340 2750 λόγος
3360 2682 3530 2753 αὐτῷ,
3561 2683 3702 2738 πάν-

2129 2758 2284 2812 τοθεν
2325 2760 2457 2813 αὐτὸ
2487 2761 2734 2833 ἀπαίρει,
2774 2765 2869 2817 καὶ
2899 2764 3008 2817 ἀπὸ
3035 2765 3143 2816 τῶν
3172 2765 3433 2836 μειζόνων
3465 2766 3559 2819 καὶ
3592 2764 3703 2819 ἀπὸ

2129 2844 2238 2896 τῶν
2273 2844 2571 2916 ἐλαττόνων
2610 2845 2789 2911 αὔξων
2821 2848 2881 2899 τὸ
2923 2848 3194 2919 ἔγκλημα.
3241 2851 3448 2904 Ἐκεῖνο
3482 2848 3582 2919 μὲν
3606 2845 3703 2903 οῦν

2129 2929 2243 2990 τοῖς
2273 2925 2686 2998 εὐλαϐεστέροις
2734 2931 2948 3000 εἴρηται
2996 2930 3055 2984 τὸ
3104 2931 3387 3002 πρότερον,
3435 2931 3593 2985 τοῦτο
3641 2932 3701 2985 δὲ

2128 3013 2239 3073 τοῖς
2273 3010 2702 3082 ἀσθενεστέροις.
2733 3013 2845 3065 Kal
2889 3014 2998 3084 γάρ
3047 3014 3138 3066 καὶ
3166 3014 3325 3067 τοῦτο
3353 3017 3452 3084 τῆς
3485 3014 3701 3068 Παύλου

2131 3093 2343 3162 σοφίας,
2375 3094 2450 3164 μὴ
2474 3094 2584 3148 ἀπὸ
2610 3094 2718 3148 τῶν
2755 3096 3006 3165 μεγάλων
3030 3096 3310 3167 ἐντρέπειν
3347 3097 3529 3166 μόνον,
3562 3096 3704 3150 ἀλλά

2129 3176 2225 3228 καὶ
2252 3176 2361 3230 ἀπὸ
2386 3177 2494 3230 τῶν
2543 3177 2903 3248 μικροτέρων,
2943 3179 3036 3232 καὶ
3064 3177 3172 3232 ἀπὸ
3197 3177 3294 3231 τοῦ
3323 3179 3552 3250 αἰσχροῦ
3603 3179 3702 3232 καὶ

2129 3259 2430 3330 ἀπρεποῦς.
2450 3260 2516 3312 Τί
2533 3255 2656 3324 οῦν;
2677 3261 2706 3313 ό
2720 3260 3062 3330 ἀνδροφόνος,
3081 3262 3265 3330 φησὶν,
3283 3262 3404 3332 οὐχὶ
3419 3263 3519 3330 τὴν
3544 3265 3701 3332 χεῖρα

2131 3343 2379 3413 μολύνει;
2396 3341 2523 3396 τίδὲ
2543 3345 2571 3396 ό
2591 3342 2941 3412 πλεονέκτης,
2959 3346 3054 3397 καὶ
3069 3345 3098 3396 ὁ
3121 3343 3330 3414 ἀρπαξ;
3355 3344 3505 3421 [Ιᾷὄ]
3531 3345 3700 3398 Παντί

2128 3443 2231 3480 που
2262 3427 2451 3498 δῆλον·
2487 3425 2601 3480 ἀλλ’
2631 3424 2819 3494 ἐπειδὴ
2858 3427 3030 3479 εἰπεῖν
3073 3427 3173 3480 οὐκ
3203 3428 3328 3497 ἐνῆν
3366 3427 3462 3482 τοῦ
3500 3428 3698 3498 πόρνου

2127 3509 2278 3563 οὐδὲν
2301 3512 2502 3582 χεῖρον,
2532 3507 2732 3579 ἐτέρως
2754 3507 2886 3561 αὐτὸ
2909 3507 3115 3580 ηὔξησε
3147 3509 3342 3578 λέγων,
3368 3512 3450 3563 ὅτι
3478 3511 3570 3563 ἐπὶ
3598 3510 3699 3580 τῆς

2127 3592 2384 3663 πορνείας
2410 3591 2700 3662 ὁλόκληρον
2726 3591 2788 3644 τὸ
2814 3591 2970 3663 σῶμα
2996 3593 3206 3660 γίνεται
3239 3593 3454 3663 μιαρόν.
3487 3594 3698 3663 Ὥσπερ

2126 3675 2234 3745 γὰρ
2254 3675 2332 3737 εἰς
2368 3673 2572 3744 λέϐητα
2598 3673 2936 3745 ἀκαθαρσίας
2968 3676 3238 3745 ἐμπῖπτον
3283 3678 3377 3728 καὶ
3413 3675 3490 3746 τῷ
3531 3675 3695 3746 μολυ-

2128 3756 2251 3828 σμῷ
2283 3756 2644 3828 βαπτόμενον,
2679 3756 2822 3810 οὕτω
2869 3757 3119 3828 φύρεται.
3153 3759 3324 3812 Τοῦτο
3348 3759 3403 3812 δὲ
3437 3761 3531 3812 καὶ
3561 3761 3696 3828 ἡμῖν

2126 3838 2266 3903 έθος.
2313 3838 2446 3892 Ἀπὸ
2475 3839 2574 3908 μὲν
2595 3839 2703 3911 γάρ
2731 3839 2832 3908 τῆς
2855 3839 3166 3904 πλεονεξίας
3192 3843 3283 3894 καὶ
3309 3841 3561 3912 ἀρπαγῆς
3589 3840 3693 3894 οὐκ

2124 3923 2191 3977 ἀν
2217 3939 2303 3986 τις
2342 3923 2692 3976 σπουδάσειεν
2719 3925 2810 3976 ἐπὶ
2845 3924 3124 3994 βαλανεῖον
3165 3925 3358 3987 ἐλθεῖν,
3389 3923 3500 3978 ἀλλ’
3534 3923 3690 3977 ἀδια-

2124 4005 2305 4077 φόρως
2338 4005 2429 4058 ἐπὶ
2448 4005 2547 4076 τὴν
2571 4006 2747 4060 οἰκίαν
2769 4005 2998 4060 ἄνεισιν·
3024 4007 3133 4060 ἀπὸ
3157 4007 3212 4060 δὲ
3241 4007 3436 4077 μίξεως
3462 4006 3691 4077 πόρνης.

2124 4088 2377 4159 καθάπερ
2422 4087 2541 4153 ὅλος
2603 4089 2895 4158 γενόμενος
2945 4089 3274 4161 ἀκάθαρτος,
3328 4091 3422 4143 ἐπὶ
3465 4091 3526 4142 τὸ
3567 4088 3690 4142 λού-

2126 4172 2325 4227 σασθαι
2365 4171 2582 4242 ἔρχεται
2606 4189 2620 4203 ·
2675 4171 2849 4234 οὕτως
2888 4173 3002 4242 ἔχει
3041 4172 3164 4225 τινὰ
3207 4173 3268 4226 τὸ
3316 4172 3554 4235 συνειδὸς
3585 4171 3693 4225 ἀπὸ

2123 4253 2226 4323 τῆς
2271 4254 2547 4325 ἁμαρτίας
2589 4254 2792 4325 ταύτης
2825 4254 3092 4324 ὑπόληψιν
3129 4254 3509 4325 αίσχροτέραν.
3558 4255 3690 4324 ’Δμ-

2124 4336 2328 4407 φότερα
2367 4337 2464 4406 μὲν
2493 4333 2586 4389 οὖν
2617 4335 2850 4404 χαλεπὰ,
2883 4337 2978 4390 καὶ
3009 4336 3286 4402 πλεονεξία
3318 4338 3414 4391 καὶ
3444 4337 3688 4400 πορνεία,

2123 4419 2219 4470 καὶ
2247 4419 2328 4482 είς
2349 4419 2573 4486 γέενναν
2599 4417 2891 4487 ἐμϐάλλει·
2916 4418 3030 4472 ἀλλ’
3062 4418 3248 4488 ἐπειδὴ
3277 4419 3632 4489 οἰκονομικῶς
3662 4419 3691 4472 ό

2123 4498 2336 4562 Παῦλος
2363 4499 2540 4552 πάντα
2573 4501 2741 4565 ποιεῖ,
2772 4494 2853 4564 οἷς
2879 4497 3014 4570 εἶχε,
3046 4502 3255 4564 τούτοις
3286 4500 3489 4571 ηὐξησε
3513 4501 3573 4554 τὸ
3593 4502 3691 4569 τῆς

2122 4581 2378 4650 πορνείας
2430 4579 2702 4652 ἔγκλημα.
2748 4577 2833 4637 Ἦ
2873 4587 2984 4638 οὐκ
3029 4583 3227 4637 οῖδατε
3268 4583 3357 4638 ὅτι
3414 4584 3480 4638 τι)
3519 4581 3692 4650 σῶμα

2121 4662 2287 4732 ὑμῶν
2306 4662 2452 4729 ναὸς
2471 4663 2579 4718 τοῦ
2598 4665 2668 4719 ἐν
2692 4665 2833 4734 ὑμῖν
2856 4667 3028 4736 ἁγίου
3055 4666 3398 4737 Πνεύματός
3416 4666 3585 4718 ἐστιν
3601 4681 3619 4728 ;

2196 4805 2264 4876 β’.
2279 4805 2390 4876 Οὐχ
2410 4805 2592 4868 ἁπλῶς
2609 4801 2751 4874 εἰπε,
2776 4807 2888 4862 Τοῦ
2910 4808 3273 4876 Ιινεύματος,
3295 4804 3453 4869 ἀλλά,
3479 4805 3589 4859 Τοῦ
3619 4805 3690 4858 ἐν

2119 4890 2282 4960 ὑμῖν,
2339 4891 2475 4961 ὅπερ
2524 4884 2593 4960 ἦν
2647 4892 2740 4944 καὶ
2792 4891 3286 4963 παραμυθουμένου
3310 4906 3323 4918 ·
3383 4889 3476 4942 καὶ
3524 4887 3689 4940 πάλιν

2119 4974 2555 5045 ἐπεξηγούμενος
2589 4975 2886 5045 ἐπήγαγεν·
2923 4969 3004 5029 Οὗ
3036 4973 3206 5042 ἔχετε
3233 4971 3351 5027 ἀπὸ
3379 4969 3482 5025 τοῦ
3514 4969 3688 5024 Θεοῦ.

2120 5058 2229 5112 Καὶ
2271 5057 2361 5111 τὸν
2393 5057 2660 5111 δεδωκότα
2703 5058 2964 5121 τέθεικεν,
3001 5057 3203 5127 ὑψηλόν
3239 5073 3297 5108 τε
3343 5054 3481 5126 ὁμοῦ
3517 5053 3690 5107 ποιῶν

2117 5141 2208 5194 τὸν
2232 5140 2528 5210 ἀκροατὴν,
2565 5142 2661 5193 καὶ
2691 5140 2870 5209 φοϐῶν
2902 5139 2994 5194 καὶ
3019 5139 3097 5207 τῷ
3133 5139 3351 5210 μεγέθει
3373 5138 3474 5208 τῆς
3508 5155 3688 5210 παρα-

2120 5225 2433 5293 καταθήκης
2471 5223 2565 5277 καὶ
2591 5226 2657 5294 τῇ
2706 5222 2986 5294 φιλοτιμίᾳ
3014 5223 3110 5276 τοῦ
3138 5220 3686 5292 παρακαταθεμένου.

2119 5307 2227 5362 Καὶ
2251 5308 2360 5361 οὐκ
2387 5307 2529 5360 ἐστὲ
2553 5305 2801 5361 ἑαυτῶν.
2828 5307 2996 5360 Τοῦτο
3022 5306 3122 5358 οὐκ
3147 5306 3496 5378 ἐντρέποντος
3527 5303 3689 5375 μόνον

2124 5391 2291 5450 ἐστὶν,
2326 5390 2464 5442 ἀλλά
2503 5391 2596 5442 καὶ
2631 5389 2952 5461 βιαζομένου
2999 5391 3135 5462 πρὸς
3165 5391 3386 5462 ἀρετήν.
3428 5389 3494 5442 Τί
3543 5388 3685 5460 γάρ;

2124 5474 2384 5541 πράττεις
2416 5472 2452 5526 ἃ
2495 5472 2688 5537 θέλεις,
2733 5472 2928 5546 φησίν·
2975 5474 3077 5526 οὐκ
3122 5469 3174 5527 εἴ
3220 5471 3416 5526 ἑαυτοῦ
3475 5470 3682 5540 κύριος.

2121 5556 2303 5608 Ταῦτα
2341 5553 2399 5606 δὲ
2427 5554 2631 5622 ἔλεγεν,
2673 5556 2792 5624 οὐχὶ
2823 5556 2884 5610 τὸ
2915 5555 3259 5622 αὐτεξούσιον
3294 5554 3564 5624 ἀναιρῶν·
3594 5553 3690 5606 καὶ

2121 5637 2229 5708 γάρ
2255 5635 2446 5702 εἰπὼν,
2497 5636 2701 5690 Πάντα
2739 5655 2841 5706 μοι
2881 5638 3144 5704 ἔξεστιν,
3195 5637 3334 5692 ἀλλ’
3373 5639 3445 5691 οὐ
3489 5635 3687 5690 πάντα

2126 5727 2432 5794 συμφέρει,
2482 5725 2602 5795 οὐχὶ
2649 5725 2746 5796 τὴν
2784 5725 3094 5798 ἐλευθερίαν
3137 5727 3293 5797 ημῶν
3329 5725 3540 5782 ἀνεῖλε·
3589 5723 3685 5776 καὶ
