  <div class='ocr_page' id='page_1' title='image "/cluster/home/n/w/nwhite01/storage/ocr_20150623/61/hvd.32044054166368/150.png"; bbox 0 0 4086 6214; ppageno 0'>
   <div class='ocr_carea' id='block_1_1' title="bbox 349 428 446 483">
    <p class='ocr_par' dir='ltr' id='par_1_1' title="bbox 349 428 446 483">
     <span class='ocr_line' id='line_1_1' title="bbox 349 428 446 483; baseline 0 -1"><span class='ocrx_word' id='word_1_1' title='bbox 349 428 446 483; x_wconf 73' lang='lat' dir='ltr'><strong>liii</strong></span> 
     </span>
    </p>
   </div>
   <div class='ocr_carea' id='block_1_2' title="bbox 344 533 1931 609">
    <p class='ocr_par' dir='ltr' id='par_1_2' title="bbox 344 533 1931 609">
     <span class='ocr_line' id='line_1_2' title="bbox 344 533 1931 609; baseline -0.004 -13"><span class='ocrx_word' id='word_1_2' title='bbox 344 540 430 596; x_wconf 87' lang='lat' dir='ltr'><strong>hic</strong></span> <span class='ocrx_word' id='word_1_3' title='bbox 471 552 708 609; x_wconf 85' lang='lat' dir='ltr'><strong>quoque.</strong></span> <span class='ocrx_word' id='word_1_4' title='bbox 739 537 853 607; x_wconf 86' lang='lat' dir='ltr'><strong>Ego</strong></span> <span class='ocrx_word' id='word_1_5' title='bbox 879 541 1022 592; x_wconf 79' lang='lat' dir='ltr'><strong>enim</strong></span> <span class='ocrx_word' id='word_1_6' title='bbox 1047 575 1063 598; x_wconf 92' lang='lat'><strong>,</strong></span> <span class='ocrx_word' id='word_1_7' title='bbox 1112 539 1393 606; x_wconf 88' lang='lat' dir='ltr'><strong>tnqutunt.</strong></span> <span class='ocrx_word' id='word_1_8' title='bbox 1441 549 1503 588; x_wconf 89' lang='lat' dir='ltr'><strong>os</strong></span> <span class='ocrx_word' id='word_1_9' title='bbox 1544 534 1665 604; x_wconf 92' lang='lat' dir='ltr'><strong>equi</strong></span> <span class='ocrx_word' id='word_1_10' title='bbox 1709 533 1931 589; x_wconf 83' lang='lat' dir='ltr'><strong>habenis</strong></span> 
     </span>
    </p>
   </div>
   <div class='ocr_carea' id='block_1_3' title="bbox 341 623 1927 703">
    <p class='ocr_par' dir='ltr' id='par_1_3' title="bbox 341 623 1927 703">
     <span class='ocr_line' id='line_1_3' title="bbox 341 623 1927 703; baseline -0.007 -15"><span class='ocrx_word' id='word_1_11' title='bbox 341 632 617 703; x_wconf 85' lang='lat' dir='ltr'><strong>regebam,</strong></span> <span class='ocrx_word' id='word_1_12' title='bbox 648 628 904 700; x_wconf 83' lang='lat' dir='ltr'><strong>quamdiu</strong></span> <span class='ocrx_word' id='word_1_13' title='bbox 949 636 1004 682; x_wconf 93' lang='lat' dir='ltr'><strong>tu</strong></span> <span class='ocrx_word' id='word_1_14' title='bbox 1031 627 1287 684; x_wconf 90' lang='lat' dir='ltr'><strong>tenebas:</strong></span> <span class='ocrx_word' id='word_1_15' title='bbox 1327 626 1450 696; x_wconf 86' lang='lat' dir='ltr'><strong>quia</strong></span> <span class='ocrx_word' id='word_1_16' title='bbox 1492 640 1620 681; x_wconf 89' lang='lat' dir='ltr'><strong>vero</strong></span> <span class='ocrx_word' id='word_1_17' title='bbox 1653 623 1927 691; x_wconf 87' lang='lat' dir='ltr'><strong>abiecisti,</strong></span> 
     </span>
    </p>
   </div>
   <div class='ocr_carea' id='block_1_4' title="bbox 338 718 1929 794">
    <p class='ocr_par' dir='ltr' id='par_1_4' title="bbox 338 718 1929 794">
     <span class='ocr_line' id='line_1_4' title="bbox 338 718 1929 794; baseline -0.006 -14"><span class='ocrx_word' id='word_1_18' title='bbox 338 727 436 780; x_wconf 86' lang='lat' dir='ltr'><strong>abs</strong></span> <span class='ocrx_word' id='word_1_19' title='bbox 461 734 514 780; x_wconf 89' lang='lat' dir='ltr'><strong>te</strong></span> <span class='ocrx_word' id='word_1_20' title='bbox 543 724 704 794; x_wconf 81' lang='lat' dir='ltr'><strong>exigo</strong></span> <span class='ocrx_word' id='word_1_21' title='bbox 732 737 919 792; x_wconf 66' lang='lat' dir='ltr'><strong>poenas</strong></span> <span class='ocrx_word' id='word_1_22' title='bbox 945 728 1282 789; x_wconf 91' lang='lat' dir='ltr'><strong>contemptus</strong></span> <span class='ocrx_word' id='word_1_23' title='bbox 1308 720 1404 785; x_wconf 92' lang='lat' dir='ltr'><strong>tui,</strong></span> <span class='ocrx_word' id='word_1_24' title='bbox 1426 727 1480 774; x_wconf 90' lang='lat' dir='ltr'><strong>et</strong></span> <span class='ocrx_word' id='word_1_25' title='bbox 1511 728 1684 773; x_wconf 89' lang='lat' dir='ltr'><strong>tecum</strong></span> <span class='ocrx_word' id='word_1_26' title='bbox 1701 718 1929 787; x_wconf 79' lang='lat' dir='ltr'><strong>compli-</strong></span> 
     </span>
    </p>
   </div>
   <div class='ocr_carea' id='block_1_5' title="bbox 339 808 1924 882">
    <p class='ocr_par' dir='ltr' id='par_1_5' title="bbox 339 808 1924 882">
     <span class='ocr_line' id='line_1_5' title="bbox 339 808 1924 882; baseline -0.006 -10"><span class='ocrx_word' id='word_1_27' title='bbox 339 832 436 872; x_wconf 86' lang='lat' dir='ltr'><strong>eor</strong></span> <span class='ocrx_word' id='word_1_28' title='bbox 464 826 519 871; x_wconf 90' lang='lat' dir='ltr'><strong>et</strong></span> <span class='ocrx_word' id='word_1_29' title='bbox 544 815 782 879; x_wconf 80' lang='lat' dir='ltr'><strong>attraho,</strong></span> <span class='ocrx_word' id='word_1_30' title='bbox 810 822 867 868; x_wconf 93' lang='lat' dir='ltr'><strong>ut</strong></span> <span class='ocrx_word' id='word_1_31' title='bbox 898 829 967 868; x_wconf 89' lang='lat' dir='ltr'><strong>ne</strong></span> <span class='ocrx_word' id='word_1_32' title='bbox 992 812 1220 882; x_wconf 86' lang='lat' dir='ltr'><strong>amplius</strong></span> <span class='ocrx_word' id='word_1_33' title='bbox 1267 811 1371 866; x_wconf 91' lang='lat' dir='ltr'><strong>tale</strong></span> <span class='ocrx_word' id='word_1_34' title='bbox 1416 809 1687 880; x_wconf 76' lang='lat' dir='ltr'><strong>quidpiam</strong></span> <span class='ocrx_word' id='word_1_35' title='bbox 1737 808 1924 878; x_wconf 84' lang='lat' dir='ltr'><strong>patiar.</strong></span> 
     </span>
    </p>
   </div>
   <div class='ocr_carea' id='block_1_6' title="bbox 341 902 1926 976">
    <p class='ocr_par' dir='ltr' id='par_1_6' title="bbox 341 902 1926 976">
     <span class='ocr_line' id='line_1_6' title="bbox 341 902 1926 976; baseline -0.006 -13"><span class='ocrx_word' id='word_1_36' title='bbox 341 908 510 964; x_wconf 80' lang='lat' dir='ltr'><strong>Nemo</strong></span> <span class='ocrx_word' id='word_1_37' title='bbox 539 908 718 976; x_wconf 83' lang='lat' dir='ltr'><strong>itaque</strong></span> <span class='ocrx_word' id='word_1_38' title='bbox 750 906 989 960; x_wconf 85' lang='lat' dir='ltr'><strong>habenas</strong></span> <span class='ocrx_word' id='word_1_39' title='bbox 1029 904 1239 975; x_wconf 88' lang='lat' dir='ltr'><strong>culpet,</strong></span> <span class='ocrx_word' id='word_1_40' title='bbox 1295 902 1389 958; x_wconf 92' lang='lat' dir='ltr'><strong>sed</strong></span> <span class='ocrx_word' id='word_1_41' title='bbox 1440 902 1673 972; x_wconf 77' lang='lat' dir='ltr'><strong>seipsum</strong></span> <span class='ocrx_word' id='word_1_42' title='bbox 1713 909 1768 954; x_wconf 89' lang='lat' dir='ltr'><strong>et</strong></span> <span class='ocrx_word' id='word_1_43' title='bbox 1808 915 1926 954; x_wconf 84' lang='lat' dir='ltr'><strong>cor-</strong></span> 
     </span>
    </p>
   </div>
   <div class='ocr_carea' id='block_1_7' title="bbox 340 989 1956 1070">
    <p class='ocr_par' dir='ltr' id='par_1_7' title="bbox 340 989 1956 1070">
     <span class='ocr_line' id='line_1_7' title="bbox 340 989 1956 1070; baseline -0.007 -16"><span class='ocrx_word' id='word_1_44' title='bbox 340 1010 556 1070; x_wconf 88' lang='lat' dir='ltr'><strong>ruptum</strong></span> <span class='ocrx_word' id='word_1_45' title='bbox 586 997 848 1052; x_wconf 89' lang='lat' dir='ltr'><strong>animmn.</strong></span> <span class='ocrx_word' id='word_1_46' title='bbox 874 995 1006 1050; x_wconf 88' lang='lat' dir='ltr'><strong>Nam</strong></span> <span class='ocrx_word' id='word_1_47' title='bbox 1038 995 1089 1049; x_wconf 91' lang='lat' dir='ltr'><strong>in</strong></span> <span class='ocrx_word' id='word_1_48' title='bbox 1117 995 1272 1049; x_wconf 88' lang='lat' dir='ltr'><strong>nobis</strong></span> <span class='ocrx_word' id='word_1_49' title='bbox 1299 994 1480 1063; x_wconf 79' lang='lat' dir='ltr'><strong>auriga</strong></span> <span class='ocrx_word' id='word_1_50' title='bbox 1525 1001 1602 1046; x_wconf 88' lang='lat' dir='ltr'><strong>est</strong></span> <span class='ocrx_word' id='word_1_51' title='bbox 1640 991 1804 1052; x_wconf 86' lang='lat' dir='ltr'><strong>ratio,</strong></span> <span class='ocrx_word' id='word_1_52' title='bbox 1829 989 1956 1056; x_wconf 55' lang='grc' dir='ltr'><strong>ᾔει-ι</strong></span> 
     </span>
    </p>
   </div>
   <div class='ocr_carea' id='block_1_8' title="bbox 341 1079 1974 1171">
    <p class='ocr_par' dir='ltr' id='par_1_8' title="bbox 341 1079 1974 1171">
     <span class='ocr_line' id='line_1_8' title="bbox 341 1079 1974 1171; baseline -0.006 -27"><span class='ocrx_word' id='word_1_53' title='bbox 341 1092 494 1144; x_wconf 75' lang='lat' dir='ltr'><strong>benae</strong></span> <span class='ocrx_word' id='word_1_54' title='bbox 523 1102 745 1157; x_wconf 89' lang='lat' dir='ltr'><strong>corpus,</strong></span> <span class='ocrx_word' id='word_1_55' title='bbox 777 1102 897 1157; x_wconf 66' lang='lat' dir='ltr'><strong>qua:</strong></span> <span class='ocrx_word' id='word_1_56' title='bbox 925 1101 1092 1156; x_wconf 90' lang='lat' dir='ltr'><strong>equos</strong></span> <span class='ocrx_word' id='word_1_57' title='bbox 1116 1101 1239 1140; x_wconf 87' lang='lat' dir='ltr'><strong>cum</strong></span> <span class='ocrx_word' id='word_1_58' title='bbox 1279 1084 1460 1154; x_wconf 89' lang='lat' dir='ltr'><strong>auriga</strong></span> <span class='ocrx_word' id='word_1_59' title='bbox 1490 1081 1838 1151; x_wconf 70' lang='lat' dir='ltr'><strong>coniungunt.</strong></span> <span class='ocrx_word' id='word_1_60' title='bbox 1868 1079 1926 1135; x_wconf 88' lang='lat' dir='ltr'><strong>Si</strong></span> <span class='ocrx_word' id='word_1_61' title='bbox 1955 1155 1974 1171; x_wconf 48' lang='grc' dir='ltr'><strong>ο</strong></span> 
     </span>
    </p>
   </div>
   <div class='ocr_carea' id='block_1_9' title="bbox 336 1171 1924 1250">
    <p class='ocr_par' dir='ltr' id='par_1_9' title="bbox 336 1171 1924 1250">
     <span class='ocr_line' id='line_1_9' title="bbox 336 1171 1924 1250; baseline -0.007 -15"><span class='ocrx_word' id='word_1_62' title='bbox 336 1194 468 1250; x_wconf 86' lang='lat' dir='ltr'><strong>ergo</strong></span> <span class='ocrx_word' id='word_1_63' title='bbox 493 1179 603 1233; x_wconf 64' lang='lat' dir='ltr'><strong>illae</strong></span> <span class='ocrx_word' id='word_1_64' title='bbox 632 1188 776 1232; x_wconf 88' lang='lat' dir='ltr'><strong>recte</strong></span> <span class='ocrx_word' id='word_1_65' title='bbox 808 1178 994 1243; x_wconf 73' lang='lat' dir='ltr'><strong>pOsilte</strong></span> <span class='ocrx_word' id='word_1_66' title='bbox 1019 1176 1127 1229; x_wconf 90' lang='lat' dir='ltr'><strong>sint</strong></span> <span class='ocrx_word' id='word_1_67' title='bbox 1150 1217 1166 1239; x_wconf 95' lang='lat'><strong>,</strong></span> <span class='ocrx_word' id='word_1_68' title='bbox 1200 1174 1330 1228; x_wconf 84' lang='lat' dir='ltr'><strong>nihil</strong></span> <span class='ocrx_word' id='word_1_69' title='bbox 1357 1187 1520 1243; x_wconf 87' lang='lat' dir='ltr'><strong>grave</strong></span> <span class='ocrx_word' id='word_1_70' title='bbox 1551 1172 1800 1240; x_wconf 86' lang='lat' dir='ltr'><strong>patieris;</strong></span> <span class='ocrx_word' id='word_1_71' title='bbox 1839 1171 1924 1225; x_wconf 74' lang='grc' dir='ltr'><strong>εἴη</strong></span> 
     </span>
    </p>
   </div>
   <div class='ocr_carea' id='block_1_10' title="bbox 337 1261 1924 1333">
    <p class='ocr_par' dir='ltr' id='par_1_10' title="bbox 337 1261 1924 1333">
     <span class='ocr_line' id='line_1_10' title="bbox 337 1261 1924 1333; baseline -0.006 -9"><span class='ocrx_word' id='word_1_72' title='bbox 337 1270 458 1324; x_wconf 89' lang='lat' dir='ltr'><strong>illas</strong></span> <span class='ocrx_word' id='word_1_73' title='bbox 485 1269 763 1332; x_wconf 80' lang='lat' dir='ltr'><strong>dimittas,</strong></span> <span class='ocrx_word' id='word_1_74' title='bbox 796 1267 975 1320; x_wconf 90' lang='lat' dir='ltr'><strong>omnia</strong></span> <span class='ocrx_word' id='word_1_75' title='bbox 1018 1266 1300 1320; x_wconf 88' lang='lat' dir='ltr'><strong>abolevisti</strong></span> <span class='ocrx_word' id='word_1_76' title='bbox 1345 1274 1401 1318; x_wconf 91' lang='lat' dir='ltr'><strong>et</strong></span> <span class='ocrx_word' id='word_1_77' title='bbox 1431 1263 1728 1333; x_wconf 83' lang='lat' dir='ltr'><strong>perdidisti.</strong></span> <span class='ocrx_word' id='word_1_78' title='bbox 1759 1261 1924 1316; x_wconf 84' lang='lat' dir='ltr'><strong>Tent-</strong></span> 
     </span>
    </p>
   </div>
   <div class='ocr_carea' id='block_1_11' title="bbox 338 1350 1922 1428">
    <p class='ocr_par' dir='ltr' id='par_1_11' title="bbox 338 1350 1922 1428">
     <span class='ocr_line' id='line_1_11' title="bbox 338 1350 1922 1428; baseline -0.005 -14"><span class='ocrx_word' id='word_1_79' title='bbox 338 1370 591 1428; x_wconf 80' lang='lat' dir='ltr'><strong>perantes</strong></span> <span class='ocrx_word' id='word_1_80' title='bbox 629 1374 760 1427; x_wconf 87' lang='lat' dir='ltr'><strong>ergo</strong></span> <span class='ocrx_word' id='word_1_81' title='bbox 784 1360 973 1421; x_wconf 88' lang='lat' dir='ltr'><strong>simus,</strong></span> <span class='ocrx_word' id='word_1_82' title='bbox 1015 1366 1070 1410; x_wconf 92' lang='lat' dir='ltr'><strong>et</strong></span> <span class='ocrx_word' id='word_1_83' title='bbox 1099 1373 1168 1412; x_wconf 90' lang='lat' dir='ltr'><strong>ne</strong></span> <span class='ocrx_word' id='word_1_84' title='bbox 1195 1370 1508 1410; x_wconf 83' lang='lat' dir='ltr'><strong>accusemus</strong></span> <span class='ocrx_word' id='word_1_85' title='bbox 1544 1368 1741 1422; x_wconf 90' lang='lat' dir='ltr'><strong>corpus</strong></span> <span class='ocrx_word' id='word_1_86' title='bbox 1765 1393 1780 1418; x_wconf 95' lang='lat'><strong>,</strong></span> <span class='ocrx_word' id='word_1_87' title='bbox 1826 1350 1922 1406; x_wconf 84' lang='lat' dir='ltr'><strong>sed</strong></span> 
     </span>
    </p>
   </div>
   <div class='ocr_carea' id='block_1_12' title="bbox 337 1446 1916 1513">
    <p class='ocr_par' dir='ltr' id='par_1_12' title="bbox 337 1446 1916 1513">
     <span class='ocr_line' id='line_1_12' title="bbox 337 1446 1916 1513; baseline -0.006 -7"><span class='ocrx_word' id='word_1_88' title='bbox 337 1454 535 1507; x_wconf 89' lang='lat' dir='ltr'><strong>malum</strong></span> <span class='ocrx_word' id='word_1_89' title='bbox 567 1452 823 1506; x_wconf 87' lang='lat' dir='ltr'><strong>anitnum.</strong></span> <span class='ocrx_word' id='word_1_90' title='bbox 855 1449 986 1504; x_wconf 83' lang='lat' dir='ltr'><strong>Nam</strong></span> <span class='ocrx_word' id='word_1_91' title='bbox 1025 1448 1128 1503; x_wconf 89' lang='lat' dir='ltr'><strong>hoc</strong></span> <span class='ocrx_word' id='word_1_92' title='bbox 1154 1448 1391 1503; x_wconf 78' lang='lat' dir='ltr'><strong>maxime</strong></span> <span class='ocrx_word' id='word_1_93' title='bbox 1416 1446 1612 1502; x_wconf 90' lang='lat' dir='ltr'><strong>diaboli</strong></span> <span class='ocrx_word' id='word_1_94' title='bbox 1641 1461 1776 1513; x_wconf 84' lang='lat' dir='ltr'><strong>opus</strong></span> <span class='ocrx_word' id='word_1_95' title='bbox 1817 1453 1916 1508; x_wconf 89' lang='lat' dir='ltr'><strong>est,</strong></span> 
     </span>
    </p>
   </div>
   <div class='ocr_carea' id='block_1_13' title="bbox 340 1540 1922 1614">
    <p class='ocr_par' dir='ltr' id='par_1_13' title="bbox 340 1540 1922 1614">
     <span class='ocr_line' id='line_1_13' title="bbox 340 1540 1922 1614; baseline -0.005 -15"><span class='ocrx_word' id='word_1_96' title='bbox 340 1557 396 1599; x_wconf 94' lang='lat' dir='ltr'><strong>ut</strong></span> <span class='ocrx_word' id='word_1_97' title='bbox 421 1545 617 1599; x_wconf 81' lang='lat' dir='ltr'><strong>stultos</strong></span> <span class='ocrx_word' id='word_1_98' title='bbox 663 1545 834 1614; x_wconf 86' lang='lat' dir='ltr'><strong>magis</strong></span> <span class='ocrx_word' id='word_1_99' title='bbox 860 1551 1076 1599; x_wconf 79' lang='lat' dir='ltr'><strong>moveat</strong></span> <span class='ocrx_word' id='word_1_100' title='bbox 1118 1542 1188 1597; x_wconf 92' lang='lat' dir='ltr'><strong>ad</strong></span> <span class='ocrx_word' id='word_1_101' title='bbox 1225 1540 1580 1596; x_wconf 90' lang='lat' dir='ltr'><strong>accusandum</strong></span> <span class='ocrx_word' id='word_1_102' title='bbox 1623 1555 1817 1608; x_wconf 91' lang='lat' dir='ltr'><strong>corpus</strong></span> <span class='ocrx_word' id='word_1_103' title='bbox 1867 1545 1922 1592; x_wconf 91' lang='lat' dir='ltr'><strong>et</strong></span> 
     </span>
    </p>
   </div>
   <div class='ocr_carea' id='block_1_14' title="bbox 1366 419 2600 478">
    <p class='ocr_par' dir='ltr' id='par_1_14' title="bbox 1366 419 2600 478">
     <span class='ocr_line' id='line_1_14' title="bbox 1366 419 2600 478; baseline 0.003 -4"><span class='ocrx_word' id='word_1_104' title='bbox 1366 419 1428 475; x_wconf 80' lang='lat' dir='ltr'><strong>lN</strong></span> <span class='ocrx_word' id='word_1_105' title='bbox 1471 421 1684 478; x_wconf 83' lang='lat' dir='ltr'><strong>EPIST.</strong></span> <span class='ocrx_word' id='word_1_106' title='bbox 1728 422 1746 476; x_wconf 92' lang='grc' dir='ltr'><strong>Ι</strong></span> <span class='ocrx_word' id='word_1_107' title='bbox 1813 421 1902 476; x_wconf 78' lang='grc' dir='ltr'><strong>ΑΙ)</strong></span> <span class='ocrx_word' id='word_1_108' title='bbox 1942 419 2095 475; x_wconf 74' lang='lat' dir='ltr'><strong>COll.</strong></span> <span class='ocrx_word' id='word_1_109' title='bbox 2137 419 2371 477; x_wconf 76' lang='lat' dir='ltr'><strong>liOMlL.</strong></span> <span class='ocrx_word' id='word_1_110' title='bbox 2411 419 2600 478; x_wconf 77' lang='lat' dir='ltr'><strong>XVIII.</strong></span> 
     </span>
    </p>
   </div>
   <div class='ocr_carea' id='block_1_15' title="bbox 3518 433 3619 488">
    <p class='ocr_par' dir='ltr' id='par_1_15' title="bbox 3518 433 3619 488">
     <span class='ocr_line' id='line_1_15' title="bbox 3518 433 3619 488; baseline 0.02 -2"><span class='ocrx_word' id='word_1_111' title='bbox 3518 433 3619 488; x_wconf 70' lang='grc'><strong>166</strong></span> 
     </span>
    </p>
   </div>
   <div class='ocr_carea' id='block_1_16' title="bbox 2040 534 3618 614">
    <p class='ocr_par' dir='ltr' id='par_1_16' title="bbox 2040 534 3618 614">
     <span class='ocr_line' id='line_1_16' title="bbox 2040 534 3618 614; baseline 0.008 -26"><span class='ocrx_word' id='word_1_112' title='bbox 2040 534 2205 589; x_wconf 90' lang='lat' dir='ltr'><strong>Deum</strong></span> <span class='ocrx_word' id='word_1_113' title='bbox 2227 545 2280 589; x_wconf 91' lang='lat' dir='ltr'><strong>et</strong></span> <span class='ocrx_word' id='word_1_114' title='bbox 2304 535 2624 604; x_wconf 81' lang='lat' dir='ltr'><strong>proximum,</strong></span> <span class='ocrx_word' id='word_1_115' title='bbox 2647 551 2806 608; x_wconf 89' lang='lat' dir='ltr'><strong>quam</strong></span> <span class='ocrx_word' id='word_1_116' title='bbox 2827 549 3132 610; x_wconf 87' lang='lat' dir='ltr'><strong>corruptum</strong></span> <span class='ocrx_word' id='word_1_117' title='bbox 3155 541 3430 610; x_wconf 82' lang='lat' dir='ltr'><strong>animum;</strong></span> <span class='ocrx_word' id='word_1_118' title='bbox 3453 557 3510 601; x_wconf 92' lang='lat' dir='ltr'><strong>ut</strong></span> <span class='ocrx_word' id='word_1_119' title='bbox 3531 564 3618 614; x_wconf 85' lang='lat' dir='ltr'><strong>tte,</strong></span> 
     </span>
    </p>
   </div>
   <div class='ocr_carea' id='block_1_17' title="bbox 2037 627 3616 693">
    <p class='ocr_par' dir='ltr' id='par_1_17' title="bbox 2037 627 3616 693">
     <span class='ocr_line' id='line_1_17' title="bbox 2037 627 3616 693; baseline 0.006 -12"><span class='ocrx_word' id='word_1_120' title='bbox 2037 627 2082 682; x_wconf 90' lang='lat' dir='ltr'><strong>si</strong></span> <span class='ocrx_word' id='word_1_121' title='bbox 2111 642 2323 682; x_wconf 87' lang='lat' dir='ltr'><strong>causam</strong></span> <span class='ocrx_word' id='word_1_122' title='bbox 2356 627 2679 693; x_wconf 81' lang='lat' dir='ltr'><strong>invenerint,</strong></span> <span class='ocrx_word' id='word_1_123' title='bbox 2731 629 3022 686; x_wconf 81' lang='lat' dir='ltr'><strong>liberentur</strong></span> <span class='ocrx_word' id='word_1_124' title='bbox 3049 648 3080 686; x_wconf 90' lang='lat' dir='ltr'><strong>a</strong></span> <span class='ocrx_word' id='word_1_125' title='bbox 3122 633 3302 690; x_wconf 88' lang='lat' dir='ltr'><strong>radice</strong></span> <span class='ocrx_word' id='word_1_126' title='bbox 3331 637 3616 690; x_wconf 87' lang='lat' dir='ltr'><strong>malorum.</strong></span> 
     </span>
    </p>
   </div>
   <div class='ocr_carea' id='block_1_18' title="bbox 2037 706 3620 795">
    <p class='ocr_par' dir='ltr' id='par_1_18' title="bbox 2037 706 3620 795">
     <span class='ocr_line' id='line_1_18' title="bbox 2037 706 3620 795; baseline 0.006 -19"><span class='ocrx_word' id='word_1_127' title='bbox 2037 720 2142 776; x_wconf 90' lang='lat' dir='ltr'><strong>Sed</strong></span> <span class='ocrx_word' id='word_1_128' title='bbox 2170 736 2265 776; x_wconf 90' lang='lat' dir='ltr'><strong>vos</strong></span> <span class='ocrx_word' id='word_1_129' title='bbox 2293 736 2416 776; x_wconf 91' lang='lat' dir='ltr'><strong>cum</strong></span> <span class='ocrx_word' id='word_1_130' title='bbox 2447 723 2668 778; x_wconf 82' lang='lat' dir='ltr'><strong>insidias</strong></span> <span class='ocrx_word' id='word_1_131' title='bbox 2696 706 3048 795; x_wconf 67' lang='lat' dir='ltr'><strong>cognoscatis,</strong></span> <span class='ocrx_word' id='word_1_132' title='bbox 3081 727 3213 782; x_wconf 92' lang='lat' dir='ltr'><strong>iram</strong></span> <span class='ocrx_word' id='word_1_133' title='bbox 3243 730 3432 784; x_wconf 77' lang='lat' dir='ltr'><strong>vertite</strong></span> <span class='ocrx_word' id='word_1_134' title='bbox 3458 730 3511 784; x_wconf 91' lang='lat' dir='ltr'><strong>in</strong></span> <span class='ocrx_word' id='word_1_135' title='bbox 3553 731 3620 786; x_wconf 86' lang='lat' dir='ltr'><strong>il-</strong></span> 
     </span>
    </p>
   </div>
   <div class='ocr_carea' id='block_1_19' title="bbox 2037 813 3619 885">
    <p class='ocr_par' dir='ltr' id='par_1_19' title="bbox 2037 813 3619 885">
     <span class='ocr_line' id='line_1_19' title="bbox 2037 813 3619 885; baseline 0.006 -19"><span class='ocrx_word' id='word_1_136' title='bbox 2037 813 2146 868; x_wconf 91' lang='lat' dir='ltr'><strong>lum</strong></span> <span class='ocrx_word' id='word_1_137' title='bbox 2165 853 2180 879; x_wconf 90' lang='lat'><strong>,</strong></span> <span class='ocrx_word' id='word_1_138' title='bbox 2222 823 2278 870; x_wconf 91' lang='lat' dir='ltr'><strong>et</strong></span> <span class='ocrx_word' id='word_1_139' title='bbox 2305 815 2542 884; x_wconf 83' lang='lat' dir='ltr'><strong>aurigam</strong></span> <span class='ocrx_word' id='word_1_140' title='bbox 2565 815 2697 885; x_wconf 89' lang='lat' dir='ltr'><strong>jugo</strong></span> <span class='ocrx_word' id='word_1_141' title='bbox 2727 817 3060 885; x_wconf 70' lang='lat' dir='ltr'><strong>impatientes</strong></span> <span class='ocrx_word' id='word_1_142' title='bbox 3084 859 3100 884; x_wconf 92' lang='lat'><strong>,</strong></span> <span class='ocrx_word' id='word_1_143' title='bbox 3131 819 3196 874; x_wconf 91' lang='lat' dir='ltr'><strong>ad</strong></span> <span class='ocrx_word' id='word_1_144' title='bbox 3227 819 3392 874; x_wconf 91' lang='lat' dir='ltr'><strong>Deum</strong></span> <span class='ocrx_word' id='word_1_145' title='bbox 3423 823 3619 875; x_wconf 90' lang='lat' dir='ltr'><strong>mentis</strong></span> 
     </span>
    </p>
   </div>
   <div class='ocr_carea' id='block_1_20' title="bbox 2035 908 3620 981">
    <p class='ocr_par' dir='ltr' id='par_1_20' title="bbox 2035 908 3620 981">
     <span class='ocr_line' id='line_1_20' title="bbox 2035 908 3620 981; baseline 0.004 -19"><span class='ocrx_word' id='word_1_146' title='bbox 2035 908 2248 962; x_wconf 89' lang='lat' dir='ltr'><strong>oculum</strong></span> <span class='ocrx_word' id='word_1_147' title='bbox 2281 909 2596 962; x_wconf 87' lang='lat' dir='ltr'><strong>convertite.</strong></span> <span class='ocrx_word' id='word_1_148' title='bbox 2624 908 2754 963; x_wconf 85' lang='lat' dir='ltr'><strong>Nam</strong></span> <span class='ocrx_word' id='word_1_149' title='bbox 2785 910 2836 963; x_wconf 93' lang='lat' dir='ltr'><strong>in</strong></span> <span class='ocrx_word' id='word_1_150' title='bbox 2862 911 2979 965; x_wconf 89' lang='lat' dir='ltr'><strong>aliis</strong></span> <span class='ocrx_word' id='word_1_151' title='bbox 3001 911 3214 981; x_wconf 86' lang='lat' dir='ltr'><strong>quidem</strong></span> <span class='ocrx_word' id='word_1_152' title='bbox 3243 912 3288 966; x_wconf 87' lang='lat' dir='ltr'><strong>is</strong></span> <span class='ocrx_word' id='word_1_153' title='bbox 3313 913 3443 967; x_wconf 85' lang='lat' dir='ltr'><strong>nihil</strong></span> <span class='ocrx_word' id='word_1_154' title='bbox 3464 914 3620 970; x_wconf 77' lang='lat' dir='ltr'><strong>alfert</strong></span> 
     </span>
    </p>
   </div>
   <div class='ocr_carea' id='block_1_21' title="bbox 2035 999 3618 1072">
    <p class='ocr_par' dir='ltr' id='par_1_21' title="bbox 2035 999 3618 1072">
     <span class='ocr_line' id='line_1_21' title="bbox 2035 999 3618 1072; baseline 0.006 -23"><span class='ocrx_word' id='word_1_155' title='bbox 2035 999 2122 1067; x_wconf 91' lang='lat' dir='ltr'><strong>qui</strong></span> <span class='ocrx_word' id='word_1_156' title='bbox 2147 1007 2417 1053; x_wconf 87' lang='lat' dir='ltr'><strong>certamen</strong></span> <span class='ocrx_word' id='word_1_157' title='bbox 2447 1001 2742 1070; x_wconf 88' lang='lat' dir='ltr'><strong>proposuit,</strong></span> <span class='ocrx_word' id='word_1_158' title='bbox 2767 1001 2860 1054; x_wconf 81' lang='lat' dir='ltr'><strong>sed</strong></span> <span class='ocrx_word' id='word_1_159' title='bbox 2883 1013 3158 1072; x_wconf 77' lang='lat' dir='ltr'><strong>exspectat</strong></span> <span class='ocrx_word' id='word_1_160' title='bbox 3188 1003 3382 1058; x_wconf 90' lang='lat' dir='ltr'><strong>linem:</strong></span> <span class='ocrx_word' id='word_1_161' title='bbox 3410 1004 3496 1058; x_wconf 91' lang='lat' dir='ltr'><strong>hic</strong></span> <span class='ocrx_word' id='word_1_162' title='bbox 3523 1022 3618 1058; x_wconf 88' lang='lat' dir='ltr'><strong>au-</strong></span> 
     </span>
    </p>
   </div>
   <div class='ocr_carea' id='block_1_22' title="bbox 2036 1091 3618 1169">
    <p class='ocr_par' dir='ltr' id='par_1_22' title="bbox 2036 1091 3618 1169">
     <span class='ocr_line' id='line_1_22' title="bbox 2036 1091 3618 1169; baseline 0.006 -27"><span class='ocrx_word' id='word_1_163' title='bbox 2036 1100 2140 1145; x_wconf 90' lang='lat' dir='ltr'><strong>tem</strong></span> <span class='ocrx_word' id='word_1_164' title='bbox 2173 1091 2392 1145; x_wconf 87' lang='lat' dir='ltr'><strong>omnino</strong></span> <span class='ocrx_word' id='word_1_165' title='bbox 2421 1091 2739 1162; x_wconf 88' lang='lat' dir='ltr'><strong>agonotbeta</strong></span> <span class='ocrx_word' id='word_1_166' title='bbox 2772 1103 2856 1146; x_wconf 87' lang='lat' dir='ltr'><strong>est</strong></span> <span class='ocrx_word' id='word_1_167' title='bbox 2886 1095 3049 1149; x_wconf 90' lang='lat' dir='ltr'><strong>Deus.</strong></span> <span class='ocrx_word' id='word_1_168' title='bbox 3080 1096 3232 1150; x_wconf 86' lang='lat' dir='ltr'><strong>Hunc</strong></span> <span class='ocrx_word' id='word_1_169' title='bbox 3276 1112 3405 1167; x_wconf 88' lang='lat' dir='ltr'><strong>ergo</strong></span> <span class='ocrx_word' id='word_1_170' title='bbox 3437 1101 3618 1169; x_wconf 82' lang='lat' dir='ltr'><strong>propi-</strong></span> 
     </span>
    </p>
   </div>
   <div class='ocr_carea' id='block_1_23' title="bbox 2035 1181 3616 1255">
    <p class='ocr_par' dir='ltr' id='par_1_23' title="bbox 2035 1181 3616 1255">
     <span class='ocr_line' id='line_1_23' title="bbox 2035 1181 3616 1255; baseline 0.002 -20"><span class='ocrx_word' id='word_1_171' title='bbox 2035 1182 2165 1235; x_wconf 92' lang='lat' dir='ltr'><strong>tium</strong></span> <span class='ocrx_word' id='word_1_172' title='bbox 2194 1181 2517 1247; x_wconf 75' lang='lat' dir='ltr'><strong>habeamus,</strong></span> <span class='ocrx_word' id='word_1_173' title='bbox 2552 1192 2606 1237; x_wconf 92' lang='lat' dir='ltr'><strong>et</strong></span> <span class='ocrx_word' id='word_1_174' title='bbox 2631 1184 2850 1238; x_wconf 88' lang='lat' dir='ltr'><strong>omnino</strong></span> <span class='ocrx_word' id='word_1_175' title='bbox 2876 1199 3266 1255; x_wconf 83' lang='lat' dir='ltr'><strong>consequemur</strong></span> <span class='ocrx_word' id='word_1_176' title='bbox 3303 1188 3475 1241; x_wconf 89' lang='lat' dir='ltr'><strong>futura</strong></span> <span class='ocrx_word' id='word_1_177' title='bbox 3523 1190 3616 1241; x_wconf 82' lang='lat' dir='ltr'><strong>bo—</strong></span> 
     </span>
    </p>
   </div>
   <div class='ocr_carea' id='block_1_24' title="bbox 2032 1275 3650 1347">
    <p class='ocr_par' dir='ltr' id='par_1_24' title="bbox 2032 1275 3650 1347">
     <span class='ocr_line' id='line_1_24' title="bbox 2032 1275 3650 1347; baseline 0.003 -19"><span class='ocrx_word' id='word_1_178' title='bbox 2032 1291 2122 1339; x_wconf 87' lang='lat' dir='ltr'><strong>tta,</strong></span> <span class='ocrx_word' id='word_1_179' title='bbox 2147 1275 2316 1344; x_wconf 90' lang='lat' dir='ltr'><strong>gratia</strong></span> <span class='ocrx_word' id='word_1_180' title='bbox 2342 1285 2398 1330; x_wconf 94' lang='lat' dir='ltr'><strong>et</strong></span> <span class='ocrx_word' id='word_1_181' title='bbox 2424 1276 2751 1346; x_wconf 76' lang='lat' dir='ltr'><strong>benignitate</strong></span> <span class='ocrx_word' id='word_1_182' title='bbox 2786 1277 2994 1331; x_wconf 91' lang='lat' dir='ltr'><strong>Domini</strong></span> <span class='ocrx_word' id='word_1_183' title='bbox 3041 1278 3211 1332; x_wconf 86' lang='lat' dir='ltr'><strong>nostri</strong></span> <span class='ocrx_word' id='word_1_184' title='bbox 3237 1278 3362 1333; x_wconf 81' lang='lat' dir='ltr'><strong>Jesu</strong></span> <span class='ocrx_word' id='word_1_185' title='bbox 3389 1279 3611 1347; x_wconf 87' lang='lat' dir='ltr'><strong>Christi,</strong></span> <span class='ocrx_word' id='word_1_186' title='bbox 3642 1280 3650 1306; x_wconf 65' lang='grc' dir='ltr'><strong>ί</strong></span> 
     </span>
    </p>
   </div>
   <div class='ocr_carea' id='block_1_25' title="bbox 2030 1365 3609 1440">
    <p class='ocr_par' dir='ltr' id='par_1_25' title="bbox 2030 1365 3609 1440">
     <span class='ocr_line' id='line_1_25' title="bbox 2030 1365 3609 1440; baseline 0.003 -21"><span class='ocrx_word' id='word_1_187' title='bbox 2030 1368 2243 1436; x_wconf 88' lang='lat' dir='ltr'><strong>quicum</strong></span> <span class='ocrx_word' id='word_1_188' title='bbox 2274 1367 2414 1421; x_wconf 86' lang='lat' dir='ltr'><strong>Patri</strong></span> <span class='ocrx_word' id='word_1_189' title='bbox 2447 1382 2657 1436; x_wconf 89' lang='lat' dir='ltr'><strong>unaque</strong></span> <span class='ocrx_word' id='word_1_190' title='bbox 2680 1365 2901 1438; x_wconf 87' lang='lat' dir='ltr'><strong>Spiritui</strong></span> <span class='ocrx_word' id='word_1_191' title='bbox 2933 1376 3118 1424; x_wconf 89' lang='lat' dir='ltr'><strong>sancto</strong></span> <span class='ocrx_word' id='word_1_192' title='bbox 3156 1369 3330 1440; x_wconf 84' lang='lat' dir='ltr'><strong>gloria</strong></span> <span class='ocrx_word' id='word_1_193' title='bbox 3351 1413 3364 1430; x_wconf 90' lang='lat'><strong>.</strong></span> <span class='ocrx_word' id='word_1_194' title='bbox 3416 1371 3609 1435; x_wconf 90' lang='lat' dir='ltr'><strong>honor,</strong></span> 
     </span>
    </p>
   </div>
   <div class='ocr_carea' id='block_1_26' title="bbox 2033 1457 3608 1529">
    <p class='ocr_par' dir='ltr' id='par_1_26' title="bbox 2033 1457 3608 1529">
     <span class='ocr_line' id='line_1_26' title="bbox 2033 1457 3608 1529; baseline 0.004 -19"><span class='ocrx_word' id='word_1_195' title='bbox 2033 1457 2336 1525; x_wconf 89' lang='lat' dir='ltr'><strong>imperium,</strong></span> <span class='ocrx_word' id='word_1_196' title='bbox 2371 1473 2512 1512; x_wconf 88' lang='lat' dir='ltr'><strong>nunc</strong></span> <span class='ocrx_word' id='word_1_197' title='bbox 2531 1467 2586 1512; x_wconf 90' lang='lat' dir='ltr'><strong>et</strong></span> <span class='ocrx_word' id='word_1_198' title='bbox 2611 1473 2845 1529; x_wconf 88' lang='lat' dir='ltr'><strong>semper,</strong></span> <span class='ocrx_word' id='word_1_199' title='bbox 2875 1459 3001 1514; x_wconf 86' lang='lat' dir='ltr'><strong>etin</strong></span> <span class='ocrx_word' id='word_1_200' title='bbox 3033 1460 3228 1515; x_wconf 67' lang='lat' dir='ltr'><strong>smeula</strong></span> <span class='ocrx_word' id='word_1_201' title='bbox 3266 1463 3608 1516; x_wconf 54' lang='lat' dir='ltr'><strong>stimulorum.</strong></span> 
     </span>
    </p>
   </div>
   <div class='ocr_carea' id='block_1_27' title="bbox 2027 1555 2222 1609">
    <p class='ocr_par' dir='ltr' id='par_1_27' title="bbox 2027 1555 2222 1609">
     <span class='ocr_line' id='line_1_27' title="bbox 2027 1555 2222 1609; baseline -0.01 0"><span class='ocrx_word' id='word_1_202' title='bbox 2027 1555 2222 1609; x_wconf 85' lang='lat' dir='ltr'><strong>Amen.</strong></span> 
     </span>
    </p>
   </div>
   <div class='ocr_carea' id='block_1_28' title="bbox 351 1672 3606 1697">
    <p class='ocr_par' dir='ltr' id='par_1_28' title="bbox 351 1672 3606 1697">
     <span class='ocr_line' id='line_1_28' title="bbox 351 1672 3606 1697; baseline -0.002 0"><span class='ocrx_word' id='word_1_203' title='bbox 351 1672 3606 1697; x_wconf 58' lang='lat' dir='ltr'><strong>Mm</strong></span> 
     </span>
    </p>
   </div>
   <div class='ocr_carea' id='block_1_29' title="bbox 1636 1738 2261 1802">
    <p class='ocr_par' dir='ltr' id='par_1_29' title="bbox 1636 1738 2261 1802">
     <span class='ocr_line' id='line_1_29' title="bbox 1636 1738 2261 1802; baseline -0.006 0"><span class='ocrx_word' id='word_1_204' title='bbox 1636 1741 1978 1802; x_wconf 80' lang='lat' dir='ltr'><strong>HOMILIA</strong></span> <span class='ocrx_word' id='word_1_205' title='bbox 2024 1738 2261 1800; x_wconf 80' lang='lat' dir='ltr'><strong>XVIII.</strong></span> 
     </span>
    </p>
   </div>
   <div class='ocr_carea' id='block_1_30' title="bbox 335 1886 1918 1961">
    <p class='ocr_par' dir='ltr' id='par_1_30' title="bbox 335 1886 1918 1961">
     <span class='ocr_line' id='line_1_30' title="bbox 335 1886 1918 1961; baseline -0.009 -9"><span class='ocrx_word' id='word_1_206' title='bbox 335 1898 459 1952; x_wconf 70' lang='lat' dir='ltr'><strong>Car.</strong></span> <span class='ocrx_word' id='word_1_207' title='bbox 505 1896 560 1951; x_wconf 87' lang='lat'><strong>6.</strong></span> <span class='ocrx_word' id='word_1_208' title='bbox 608 1911 660 1950; x_wconf 78' lang='grc' dir='ltr'><strong>ν.</strong></span> <span class='ocrx_word' id='word_1_209' title='bbox 708 1894 796 1950; x_wconf 79' lang='grc'><strong>15.</strong></span> <span class='ocrx_word' id='word_1_210' title='bbox 846 1893 1065 1948; x_wconf 74' lang='lat' dir='ltr'><strong>Nescitis</strong></span> <span class='ocrx_word' id='word_1_211' title='bbox 1097 1892 1231 1961; x_wconf 84' lang='lat' dir='ltr'><strong>quod</strong></span> <span class='ocrx_word' id='word_1_212' title='bbox 1257 1907 1470 1958; x_wconf 83' lang='lat' dir='ltr'><strong>corpora</strong></span> <span class='ocrx_word' id='word_1_213' title='bbox 1509 1899 1672 1944; x_wconf 74' lang='lat' dir='ltr'><strong>uestra</strong></span> <span class='ocrx_word' id='word_1_214' title='bbox 1697 1886 1918 1941; x_wconf 85' lang='lat' dir='ltr'><strong>membra</strong></span> 
     </span>
    </p>
   </div>
   <div class='ocr_carea' id='block_1_31' title="bbox 402 1979 1918 2054">
    <p class='ocr_par' dir='ltr' id='par_1_31' title="bbox 402 1979 1918 2054">
     <span class='ocr_line' id='line_1_31' title="bbox 402 1979 1918 2054; baseline -0.007 -13"><span class='ocrx_word' id='word_1_215' title='bbox 402 1996 521 2041; x_wconf 78' lang='lat' dir='ltr'><strong>sunt</strong></span> <span class='ocrx_word' id='word_1_216' title='bbox 551 1985 781 2041; x_wconf 81' lang='lat' dir='ltr'><strong>Christi?</strong></span> <span class='ocrx_word' id='word_1_217' title='bbox 818 1987 996 2039; x_wconf 83' lang='lat' dir='ltr'><strong>tollens</strong></span> <span class='ocrx_word' id='word_1_218' title='bbox 1035 2001 1153 2054; x_wconf 81' lang='lat' dir='ltr'><strong>ergo</strong></span> <span class='ocrx_word' id='word_1_219' title='bbox 1197 1982 1417 2037; x_wconf 82' lang='lat' dir='ltr'><strong>membra</strong></span> <span class='ocrx_word' id='word_1_220' title='bbox 1460 1981 1681 2045; x_wconf 83' lang='lat' dir='ltr'><strong>Christi,</strong></span> <span class='ocrx_word' id='word_1_221' title='bbox 1732 1979 1918 2047; x_wconf 78' lang='lat' dir='ltr'><strong>faciant</strong></span> 
     </span>
    </p>
   </div>
   <div class='ocr_carea' id='block_1_32' title="bbox 403 2076 1150 2131">
    <p class='ocr_par' dir='ltr' id='par_1_32' title="bbox 403 2076 1150 2131">
     <span class='ocr_line' id='line_1_32' title="bbox 403 2076 1150 2131; baseline -0.004 -1"><span class='ocrx_word' id='word_1_222' title='bbox 403 2079 626 2131; x_wconf 85' lang='lat' dir='ltr'><strong>membra</strong></span> <span class='ocrx_word' id='word_1_223' title='bbox 653 2077 922 2131; x_wconf 80' lang='lat' dir='ltr'><strong>meretricis</strong></span> <span class='ocrx_word' id='word_1_224' title='bbox 939 2076 964 2128; x_wconf 84' lang='lat'><strong><em>?</em></strong></span> <span class='ocrx_word' id='word_1_225' title='bbox 988 2076 1150 2128; x_wconf 80' lang='lat' dir='ltr'><strong>Absit.</strong></span> 
     </span>
    </p>
   </div>
   <div class='ocr_carea' id='block_1_33' title="bbox 403 2162 1918 2226">
    <p class='ocr_par' dir='ltr' id='par_1_33' title="bbox 403 2162 1918 2226">
     <span class='ocr_line' id='line_1_33' title="bbox 403 2162 1918 2226; baseline -0.005 -4"><span class='ocrx_word' id='word_1_226' title='bbox 403 2170 454 2222; x_wconf 88' lang='grc'><strong>1.</strong></span> <span class='ocrx_word' id='word_1_227' title='bbox 497 2168 633 2222; x_wconf 89' lang='lat' dir='ltr'><strong>Cum</strong></span> <span class='ocrx_word' id='word_1_228' title='bbox 661 2183 690 2220; x_wconf 87' lang='lat' dir='ltr'><strong>a</strong></span> <span class='ocrx_word' id='word_1_229' title='bbox 720 2167 1038 2221; x_wconf 89' lang='lat' dir='ltr'><strong>fornicatore</strong></span> <span class='ocrx_word' id='word_1_230' title='bbox 1065 2166 1116 2219; x_wconf 88' lang='lat' dir='ltr'><strong>itt</strong></span> <span class='ocrx_word' id='word_1_231' title='bbox 1145 2180 1364 2219; x_wconf 89' lang='lat' dir='ltr'><strong>avarum</strong></span> <span class='ocrx_word' id='word_1_232' title='bbox 1392 2162 1708 2226; x_wconf 86' lang='lat' dir='ltr'><strong>trausiisset,</strong></span> <span class='ocrx_word' id='word_1_233' title='bbox 1734 2174 1918 2216; x_wconf 88' lang='lat' dir='ltr'><strong>rursus</strong></span> 
     </span>
    </p>
   </div>
   <div class='ocr_carea' id='block_1_34' title="bbox 332 2249 1919 2323">
    <p class='ocr_par' dir='ltr' id='par_1_34' title="bbox 332 2249 1919 2323">
     <span class='ocr_line' id='line_1_34' title="bbox 332 2249 1919 2323; baseline -0.004 -12"><span class='ocrx_word' id='word_1_234' title='bbox 332 2258 398 2311; x_wconf 90' lang='lat' dir='ltr'><strong>ab</strong></span> <span class='ocrx_word' id='word_1_235' title='bbox 421 2257 524 2311; x_wconf 86' lang='lat' dir='ltr'><strong>hoc</strong></span> <span class='ocrx_word' id='word_1_236' title='bbox 545 2257 690 2311; x_wconf 82' lang='lat' dir='ltr'><strong>venit</strong></span> <span class='ocrx_word' id='word_1_237' title='bbox 717 2257 780 2309; x_wconf 88' lang='lat' dir='ltr'><strong>ad</strong></span> <span class='ocrx_word' id='word_1_238' title='bbox 811 2256 981 2322; x_wconf 85' lang='lat' dir='ltr'><strong>illum,</strong></span> <span class='ocrx_word' id='word_1_239' title='bbox 1006 2270 1111 2310; x_wconf 90' lang='lat' dir='ltr'><strong>non</strong></span> <span class='ocrx_word' id='word_1_240' title='bbox 1139 2256 1277 2308; x_wconf 92' lang='lat' dir='ltr'><strong>ultra</strong></span> <span class='ocrx_word' id='word_1_241' title='bbox 1306 2253 1479 2323; x_wconf 90' lang='lat' dir='ltr'><strong>ipsum</strong></span> <span class='ocrx_word' id='word_1_242' title='bbox 1503 2252 1802 2319; x_wconf 86' lang='lat' dir='ltr'><strong>alloquens,</strong></span> <span class='ocrx_word' id='word_1_243' title='bbox 1823 2249 1919 2304; x_wconf 88' lang='lat' dir='ltr'><strong>sed</strong></span> 
     </span>
    </p>
   </div>
   <div class='ocr_carea' id='block_1_35' title="bbox 331 2345 1920 2421">
    <p class='ocr_par' dir='ltr' id='par_1_35' title="bbox 331 2345 1920 2421">
     <span class='ocr_line' id='line_1_35' title="bbox 331 2345 1920 2421; baseline -0.004 -17"><span class='ocrx_word' id='word_1_244' title='bbox 331 2351 466 2404; x_wconf 86' lang='lat' dir='ltr'><strong>alios</strong></span> <span class='ocrx_word' id='word_1_245' title='bbox 491 2351 582 2421; x_wconf 77' lang='lat' dir='ltr'><strong>qui</strong></span> <span class='ocrx_word' id='word_1_246' title='bbox 632 2349 873 2404; x_wconf 86' lang='lat' dir='ltr'><strong>fornicati</strong></span> <span class='ocrx_word' id='word_1_247' title='bbox 903 2365 1006 2403; x_wconf 93' lang='lat' dir='ltr'><strong>non</strong></span> <span class='ocrx_word' id='word_1_248' title='bbox 1035 2347 1278 2412; x_wconf 77' lang='lat' dir='ltr'><strong>fuerant;</strong></span> <span class='ocrx_word' id='word_1_249' title='bbox 1304 2356 1358 2402; x_wconf 96' lang='lat' dir='ltr'><strong>et</strong></span> <span class='ocrx_word' id='word_1_250' title='bbox 1398 2347 1519 2400; x_wconf 90' lang='lat' dir='ltr'><strong>illos</strong></span> <span class='ocrx_word' id='word_1_251' title='bbox 1546 2345 1793 2399; x_wconf 90' lang='lat' dir='ltr'><strong>muniens</strong></span> <span class='ocrx_word' id='word_1_252' title='bbox 1816 2385 1831 2410; x_wconf 88' lang='lat'><strong>,</strong></span> <span class='ocrx_word' id='word_1_253' title='bbox 1861 2353 1920 2398; x_wconf 91' lang='lat' dir='ltr'><strong>ut</strong></span> 
     </span>
    </p>
   </div>
   <div class='ocr_carea' id='block_1_36' title="bbox 331 2433 1917 2511">
    <p class='ocr_par' dir='ltr' id='par_1_36' title="bbox 331 2433 1917 2511">
     <span class='ocr_line' id='line_1_36' title="bbox 331 2433 1917 2511; baseline -0.004 -17"><span class='ocrx_word' id='word_1_254' title='bbox 331 2457 396 2495; x_wconf 92' lang='lat' dir='ltr'><strong>ne</strong></span> <span class='ocrx_word' id='word_1_255' title='bbox 435 2443 491 2494; x_wconf 87' lang='lat' dir='ltr'><strong>in</strong></span> <span class='ocrx_word' id='word_1_256' title='bbox 534 2440 684 2511; x_wconf 89' lang='lat' dir='ltr'><strong>paria</strong></span> <span class='ocrx_word' id='word_1_257' title='bbox 723 2438 996 2502; x_wconf 90' lang='lat' dir='ltr'><strong>incidant,</strong></span> <span class='ocrx_word' id='word_1_258' title='bbox 1029 2439 1200 2508; x_wconf 84' lang='lat' dir='ltr'><strong>ipsum</strong></span> <span class='ocrx_word' id='word_1_259' title='bbox 1227 2436 1404 2492; x_wconf 90' lang='lat' dir='ltr'><strong>denuo</strong></span> <span class='ocrx_word' id='word_1_260' title='bbox 1432 2435 1756 2506; x_wconf 89' lang='lat' dir='ltr'><strong>perstringit.</strong></span> <span class='ocrx_word' id='word_1_261' title='bbox 1785 2433 1917 2488; x_wconf 85' lang='lat' dir='ltr'><strong>Nam</strong></span> 
     </span>
    </p>
   </div>
   <div class='ocr_carea' id='block_1_37' title="bbox 329 2525 1919 2601">
    <p class='ocr_par' dir='ltr' id='par_1_37' title="bbox 329 2525 1919 2601">
     <span class='ocr_line' id='line_1_37' title="bbox 329 2525 1919 2601; baseline -0.001 -19"><span class='ocrx_word' id='word_1_262' title='bbox 329 2533 414 2600; x_wconf 88' lang='lat' dir='ltr'><strong>qui</strong></span> <span class='ocrx_word' id='word_1_263' title='bbox 444 2530 720 2601; x_wconf 81' lang='lat' dir='ltr'><strong>peccavit,</strong></span> <span class='ocrx_word' id='word_1_264' title='bbox 747 2530 956 2587; x_wconf 87' lang='lat' dir='ltr'><strong>etiamsi</strong></span> <span class='ocrx_word' id='word_1_265' title='bbox 985 2529 1050 2583; x_wconf 91' lang='lat' dir='ltr'><strong>ad</strong></span> <span class='ocrx_word' id='word_1_266' title='bbox 1078 2529 1238 2582; x_wconf 89' lang='lat' dir='ltr'><strong>alium</strong></span> <span class='ocrx_word' id='word_1_267' title='bbox 1264 2531 1560 2583; x_wconf 87' lang='lat' dir='ltr'><strong>orationem</strong></span> <span class='ocrx_word' id='word_1_268' title='bbox 1586 2526 1814 2597; x_wconf 87' lang='lat' dir='ltr'><strong>dirigas,</strong></span> <span class='ocrx_word' id='word_1_269' title='bbox 1842 2525 1919 2580; x_wconf 88' lang='lat' dir='ltr'><strong>sic</strong></span> 
     </span>
    </p>
   </div>
   <div class='ocr_carea' id='block_1_38' title="bbox 328 2618 1917 2692">
    <p class='ocr_par' dir='ltr' id='par_1_38' title="bbox 328 2618 1917 2692">
     <span class='ocr_line' id='line_1_38' title="bbox 328 2618 1917 2692; baseline -0.004 -16"><span class='ocrx_word' id='word_1_270' title='bbox 328 2624 488 2677; x_wconf 88' lang='lat' dir='ltr'><strong>etiam</strong></span> <span class='ocrx_word' id='word_1_271' title='bbox 523 2623 774 2692; x_wconf 89' lang='lat' dir='ltr'><strong>pungitur</strong></span> <span class='ocrx_word' id='word_1_272' title='bbox 795 2661 812 2688; x_wconf 94' lang='lat'><strong>,</strong></span> <span class='ocrx_word' id='word_1_273' title='bbox 840 2621 1104 2675; x_wconf 86' lang='lat' dir='ltr'><strong>concitata</strong></span> <span class='ocrx_word' id='word_1_274' title='bbox 1133 2620 1458 2675; x_wconf 90' lang='lat' dir='ltr'><strong>conscientia</strong></span> <span class='ocrx_word' id='word_1_275' title='bbox 1490 2618 1768 2687; x_wconf 91' lang='lat' dir='ltr'><strong>ipsumque</strong></span> <span class='ocrx_word' id='word_1_276' title='bbox 1795 2631 1917 2670; x_wconf 88' lang='lat' dir='ltr'><strong>ver-</strong></span> 
     </span>
    </p>
   </div>
   <div class='ocr_carea' id='block_1_39' title="bbox 327 2711 1919 2785">
    <p class='ocr_par' dir='ltr' id='par_1_39' title="bbox 327 2711 1919 2785">
     <span class='ocr_line' id='line_1_39' title="bbox 327 2711 1919 2785; baseline -0.003 -15"><span class='ocrx_word' id='word_1_277' title='bbox 327 2714 574 2771; x_wconf 82' lang='lat' dir='ltr'><strong>berante.</strong></span> <span class='ocrx_word' id='word_1_278' title='bbox 615 2714 924 2770; x_wconf 79' lang='lat' dir='ltr'><strong>Sufﬁciebat</strong></span> <span class='ocrx_word' id='word_1_279' title='bbox 959 2714 1175 2785; x_wconf 89' lang='lat' dir='ltr'><strong>quidem</strong></span> <span class='ocrx_word' id='word_1_280' title='bbox 1215 2723 1389 2769; x_wconf 91' lang='lat' dir='ltr'><strong>metus</strong></span> <span class='ocrx_word' id='word_1_281' title='bbox 1430 2713 1671 2784; x_wconf 79' lang='lat' dir='ltr'><strong>supplicii</strong></span> <span class='ocrx_word' id='word_1_282' title='bbox 1703 2712 1769 2766; x_wconf 90' lang='lat' dir='ltr'><strong>ad</strong></span> <span class='ocrx_word' id='word_1_283' title='bbox 1799 2711 1919 2766; x_wconf 91' lang='lat' dir='ltr'><strong>illos</strong></span> 
     </span>
    </p>
   </div>
   <div class='ocr_carea' id='block_1_40' title="bbox 327 2805 1916 2876">
    <p class='ocr_par' dir='ltr' id='par_1_40' title="bbox 327 2805 1916 2876">
     <span class='ocr_line' id='line_1_40' title="bbox 327 2805 1916 2876; baseline -0.003 -15"><span class='ocrx_word' id='word_1_284' title='bbox 327 2808 378 2861; x_wconf 92' lang='lat' dir='ltr'><strong>in</strong></span> <span class='ocrx_word' id='word_1_285' title='bbox 405 2808 656 2861; x_wconf 85' lang='lat' dir='ltr'><strong>castitate</strong></span> <span class='ocrx_word' id='word_1_286' title='bbox 681 2806 1072 2860; x_wconf 86' lang='lat' dir='ltr'><strong>continendos:</strong></span> <span class='ocrx_word' id='word_1_287' title='bbox 1096 2805 1217 2876; x_wconf 87' lang='lat' dir='ltr'><strong>quia</strong></span> <span class='ocrx_word' id='word_1_288' title='bbox 1250 2819 1378 2860; x_wconf 84' lang='lat' dir='ltr'><strong>vero</strong></span> <span class='ocrx_word' id='word_1_289' title='bbox 1407 2821 1508 2858; x_wconf 93' lang='lat' dir='ltr'><strong>nou</strong></span> <span class='ocrx_word' id='word_1_290' title='bbox 1539 2815 1682 2858; x_wconf 89' lang='lat' dir='ltr'><strong>metu</strong></span> <span class='ocrx_word' id='word_1_291' title='bbox 1714 2813 1916 2858; x_wconf 90' lang='lat' dir='ltr'><strong>tantum</strong></span> 
     </span>
    </p>
   </div>
   <div class='ocr_carea' id='block_1_41' title="bbox 326 2895 1917 2964">
    <p class='ocr_par' dir='ltr' id='par_1_41' title="bbox 326 2895 1917 2964">
     <span class='ocr_line' id='line_1_41' title="bbox 326 2895 1917 2964; baseline 0 -14"><span class='ocrx_word' id='word_1_292' title='bbox 326 2900 434 2952; x_wconf 86' lang='lat' dir='ltr'><strong>vult</strong></span> <span class='ocrx_word' id='word_1_293' title='bbox 476 2898 597 2952; x_wconf 77' lang='lat' dir='ltr'><strong>hch</strong></span> <span class='ocrx_word' id='word_1_294' title='bbox 636 2907 782 2952; x_wconf 89' lang='lat' dir='ltr'><strong>recte</strong></span> <span class='ocrx_word' id='word_1_295' title='bbox 816 2899 1102 2964; x_wconf 88' lang='lat' dir='ltr'><strong>constitui,</strong></span> <span class='ocrx_word' id='word_1_296' title='bbox 1142 2897 1316 2952; x_wconf 88' lang='lat' dir='ltr'><strong>minas</strong></span> <span class='ocrx_word' id='word_1_297' title='bbox 1357 2896 1515 2951; x_wconf 90' lang='lat' dir='ltr'><strong>simul</strong></span> <span class='ocrx_word' id='word_1_298' title='bbox 1548 2905 1602 2951; x_wconf 92' lang='lat' dir='ltr'><strong>et</strong></span> <span class='ocrx_word' id='word_1_299' title='bbox 1642 2895 1917 2950; x_wconf 87' lang='lat' dir='ltr'><strong>ratiocinia</strong></span> 
     </span>
    </p>
   </div>
   <div class='ocr_carea' id='block_1_42' title="bbox 325 2990 1916 3060">
    <p class='ocr_par' dir='ltr' id='par_1_42' title="bbox 325 2990 1916 3060">
     <span class='ocr_line' id='line_1_42' title="bbox 325 2990 1916 3060; baseline -0.001 -17"><span class='ocrx_word' id='word_1_300' title='bbox 325 2990 499 3046; x_wconf 84' lang='lat' dir='ltr'><strong>all&#39;ert.</strong></span> <span class='ocrx_word' id='word_1_301' title='bbox 530 2991 645 3045; x_wconf 86' lang='lat' dir='ltr'><strong>Illic</strong></span> <span class='ocrx_word' id='word_1_302' title='bbox 674 3006 801 3060; x_wconf 85' lang='lat' dir='ltr'><strong>ergo</strong></span> <span class='ocrx_word' id='word_1_303' title='bbox 831 3007 952 3045; x_wconf 92' lang='lat' dir='ltr'><strong>cum</strong></span> <span class='ocrx_word' id='word_1_304' title='bbox 991 2999 1271 3060; x_wconf 86' lang='lat' dir='ltr'><strong>peccatum</strong></span> <span class='ocrx_word' id='word_1_305' title='bbox 1311 2990 1572 3054; x_wconf 82' lang='lat' dir='ltr'><strong>dixisset,</strong></span> <span class='ocrx_word' id='word_1_306' title='bbox 1609 2997 1662 3044; x_wconf 91' lang='lat' dir='ltr'><strong>et</strong></span> <span class='ocrx_word' id='word_1_307' title='bbox 1704 3002 1916 3058; x_wconf 69' lang='lat' dir='ltr'><strong>pinnam</strong></span> 
     </span>
    </p>
   </div>
   <div class='ocr_carea' id='block_1_43' title="bbox 325 3082 1918 3153">
    <p class='ocr_par' dir='ltr' id='par_1_43' title="bbox 325 3082 1918 3153">
     <span class='ocr_line' id='line_1_43' title="bbox 325 3082 1918 3153; baseline 0.001 -18"><span class='ocrx_word' id='word_1_308' title='bbox 325 3086 606 3136; x_wconf 84' lang='lat' dir='ltr'><strong>statuisset</strong></span> <span class='ocrx_word' id='word_1_309' title='bbox 631 3082 994 3153; x_wconf 79' lang='lat' dir='ltr'><strong>damnumque</strong></span> <span class='ocrx_word' id='word_1_310' title='bbox 1021 3082 1362 3149; x_wconf 85' lang='lat' dir='ltr'><strong>ostendisset,</strong></span> <span class='ocrx_word' id='word_1_311' title='bbox 1393 3083 1531 3152; x_wconf 90' lang='lat' dir='ltr'><strong>quod</strong></span> <span class='ocrx_word' id='word_1_312' title='bbox 1563 3083 1812 3137; x_wconf 90' lang='lat' dir='ltr'><strong>omnibus</strong></span> <span class='ocrx_word' id='word_1_313' title='bbox 1840 3082 1918 3138; x_wconf 88' lang='lat' dir='ltr'><strong>af-</strong></span> 
     </span>
    </p>
   </div>
   <div class='ocr_carea' id='block_1_44' title="bbox 325 3171 1914 3239">
    <p class='ocr_par' dir='ltr' id='par_1_44' title="bbox 325 3171 1914 3239">
     <span class='ocr_line' id='line_1_44' title="bbox 325 3171 1914 3239; baseline 0.001 -13"><span class='ocrx_word' id='word_1_314' title='bbox 325 3171 601 3226; x_wconf 82' lang='lat' dir='ltr'><strong>ferebatur</strong></span> <span class='ocrx_word' id='word_1_315' title='bbox 619 3187 686 3227; x_wconf 82' lang='lat' dir='ltr'><strong>ex</strong></span> <span class='ocrx_word' id='word_1_316' title='bbox 715 3173 804 3227; x_wconf 89' lang='lat' dir='ltr'><strong>tali</strong></span> <span class='ocrx_word' id='word_1_317' title='bbox 836 3174 1175 3228; x_wconf 81' lang='lat' dir='ltr'><strong>fornicatoris</strong></span> <span class='ocrx_word' id='word_1_318' title='bbox 1198 3172 1517 3239; x_wconf 88' lang='lat' dir='ltr'><strong>concubitu;</strong></span> <span class='ocrx_word' id='word_1_319' title='bbox 1549 3173 1615 3227; x_wconf 90' lang='lat' dir='ltr'><strong>ad</strong></span> <span class='ocrx_word' id='word_1_320' title='bbox 1640 3173 1914 3228; x_wconf 85' lang='lat' dir='ltr'><strong>avaritiam</strong></span> 
     </span>
    </p>
   </div>
   <div class='ocr_carea' id='block_1_45' title="bbox 326 3263 1916 3335">
    <p class='ocr_par' dir='ltr' id='par_1_45' title="bbox 326 3263 1916 3335">
     <span class='ocr_line' id='line_1_45' title="bbox 326 3263 1916 3335; baseline 0.001 -18"><span class='ocrx_word' id='word_1_321' title='bbox 326 3265 578 3328; x_wconf 78' lang='lat' dir='ltr'><strong>transiit,</strong></span> <span class='ocrx_word' id='word_1_322' title='bbox 607 3274 663 3318; x_wconf 92' lang='lat' dir='ltr'><strong>et</strong></span> <span class='ocrx_word' id='word_1_323' title='bbox 689 3265 922 3318; x_wconf 88' lang='lat' dir='ltr'><strong>minatus</strong></span> <span class='ocrx_word' id='word_1_324' title='bbox 947 3263 1061 3319; x_wconf 88' lang='lat' dir='ltr'><strong>fore</strong></span> <span class='ocrx_word' id='word_1_325' title='bbox 1089 3274 1145 3319; x_wconf 90' lang='lat' dir='ltr'><strong>ut</strong></span> <span class='ocrx_word' id='word_1_326' title='bbox 1169 3280 1196 3316; x_wconf 92' lang='lat' dir='ltr'><strong>a</strong></span> <span class='ocrx_word' id='word_1_327' title='bbox 1229 3279 1396 3335; x_wconf 90' lang='lat' dir='ltr'><strong>regno</strong></span> <span class='ocrx_word' id='word_1_328' title='bbox 1420 3263 1715 3329; x_wconf 83' lang='lat' dir='ltr'><strong>excidant,</strong></span> <span class='ocrx_word' id='word_1_329' title='bbox 1745 3273 1800 3319; x_wconf 89' lang='lat' dir='ltr'><strong>et</strong></span> <span class='ocrx_word' id='word_1_330' title='bbox 1828 3263 1916 3319; x_wconf 89' lang='lat' dir='ltr'><strong>hic</strong></span> 
     </span>
    </p>
   </div>
   <div class='ocr_carea' id='block_1_46' title="bbox 320 3353 1917 3424">
    <p class='ocr_par' dir='ltr' id='par_1_46' title="bbox 320 3353 1917 3424">
     <span class='ocr_line' id='line_1_46' title="bbox 320 3353 1917 3424; baseline -0.001 -14"><span class='ocrx_word' id='word_1_331' title='bbox 320 3367 377 3410; x_wconf 89' lang='lat' dir='ltr'><strong>et</strong></span> <span class='ocrx_word' id='word_1_332' title='bbox 395 3355 585 3410; x_wconf 63' lang='lat' dir='ltr'><strong>eat-teri</strong></span> <span class='ocrx_word' id='word_1_333' title='bbox 609 3371 820 3421; x_wconf 89' lang='lat' dir='ltr'><strong>omnes,</strong></span> <span class='ocrx_word' id='word_1_334' title='bbox 842 3371 977 3424; x_wconf 89' lang='lat' dir='ltr'><strong>quos</strong></span> <span class='ocrx_word' id='word_1_335' title='bbox 999 3356 1288 3422; x_wconf 86' lang='lat' dir='ltr'><strong>recensuit,</strong></span> <span class='ocrx_word' id='word_1_336' title='bbox 1309 3356 1390 3411; x_wconf 90' lang='lat' dir='ltr'><strong>sic</strong></span> <span class='ocrx_word' id='word_1_337' title='bbox 1415 3356 1708 3410; x_wconf 89' lang='lat' dir='ltr'><strong>orationem</strong></span> <span class='ocrx_word' id='word_1_338' title='bbox 1736 3353 1917 3410; x_wconf 86' lang='lat' dir='ltr'><strong>absol-</strong></span> 
     </span>
    </p>
   </div>
   <div class='ocr_carea' id='block_1_47' title="bbox 323 3449 1914 3506">
    <p class='ocr_par' dir='ltr' id='par_1_47' title="bbox 323 3449 1914 3506">
     <span class='ocr_line' id='line_1_47' title="bbox 323 3449 1914 3506; baseline -0.001 -4"><span class='ocrx_word' id='word_1_339' title='bbox 323 3450 399 3504; x_wconf 80' lang='lat' dir='ltr'><strong>vit</strong></span> <span class='ocrx_word' id='word_1_340' title='bbox 427 3468 440 3504; x_wconf 94' lang='lat'><strong>:</strong></span> <span class='ocrx_word' id='word_1_341' title='bbox 469 3449 559 3504; x_wconf 90' lang='lat' dir='ltr'><strong>hic</strong></span> <span class='ocrx_word' id='word_1_342' title='bbox 593 3459 776 3506; x_wconf 86' lang='lat' dir='ltr'><strong>autem</strong></span> <span class='ocrx_word' id='word_1_343' title='bbox 817 3451 1205 3506; x_wconf 88' lang='lat' dir='ltr'><strong>horribiliorem</strong></span> <span class='ocrx_word' id='word_1_344' title='bbox 1244 3450 1444 3505; x_wconf 88' lang='lat' dir='ltr'><strong>inducit</strong></span> <span class='ocrx_word' id='word_1_345' title='bbox 1477 3449 1914 3504; x_wconf 85' lang='lat' dir='ltr'><strong>admonitionem.</strong></span> 
     </span>
    </p>
   </div>
   <div class='ocr_carea' id='block_1_48' title="bbox 321 3540 1917 3611">
    <p class='ocr_par' dir='ltr' id='par_1_48' title="bbox 321 3540 1917 3611">
     <span class='ocr_line' id='line_1_48' title="bbox 321 3540 1917 3611; baseline -0.001 -16"><span class='ocrx_word' id='word_1_346' title='bbox 321 3540 454 3595; x_wconf 79' lang='lat' dir='ltr'><strong>Nam</strong></span> <span class='ocrx_word' id='word_1_347' title='bbox 485 3541 576 3610; x_wconf 86' lang='lat' dir='ltr'><strong>qui</strong></span> <span class='ocrx_word' id='word_1_348' title='bbox 607 3551 879 3611; x_wconf 84' lang='lat' dir='ltr'><strong>peccatum</strong></span> <span class='ocrx_word' id='word_1_349' title='bbox 911 3543 1060 3611; x_wconf 89' lang='lat' dir='ltr'><strong>punit</strong></span> <span class='ocrx_word' id='word_1_350' title='bbox 1086 3551 1320 3606; x_wconf 87' lang='lat' dir='ltr'><strong>tantum,</strong></span> <span class='ocrx_word' id='word_1_351' title='bbox 1353 3556 1454 3596; x_wconf 92' lang='lat' dir='ltr'><strong>nec</strong></span> <span class='ocrx_word' id='word_1_352' title='bbox 1483 3540 1767 3596; x_wconf 89' lang='lat' dir='ltr'><strong>admodum</strong></span> <span class='ocrx_word' id='word_1_353' title='bbox 1793 3555 1917 3610; x_wconf 88' lang='lat' dir='ltr'><strong>gra-</strong></span> 
     </span>
    </p>
   </div>
   <div class='ocr_carea' id='block_1_49' title="bbox 322 3633 1916 3705">
    <p class='ocr_par' dir='ltr' id='par_1_49' title="bbox 322 3633 1916 3705">
     <span class='ocr_line' id='line_1_49' title="bbox 322 3633 1916 3705; baseline 0 -19"><span class='ocrx_word' id='word_1_354' title='bbox 322 3649 387 3687; x_wconf 87' lang='lat' dir='ltr'><strong>ve</strong></span> <span class='ocrx_word' id='word_1_355' title='bbox 420 3645 476 3688; x_wconf 88' lang='lat' dir='ltr'><strong>et</strong></span> <span class='ocrx_word' id='word_1_356' title='bbox 517 3636 762 3703; x_wconf 88' lang='lat' dir='ltr'><strong>iniquum</strong></span> <span class='ocrx_word' id='word_1_357' title='bbox 787 3633 1060 3697; x_wconf 88' lang='lat' dir='ltr'><strong>ostendit,</strong></span> <span class='ocrx_word' id='word_1_358' title='bbox 1092 3635 1222 3688; x_wconf 89' lang='lat' dir='ltr'><strong>nihil</strong></span> <span class='ocrx_word' id='word_1_359' title='bbox 1256 3644 1359 3689; x_wconf 86' lang='lat' dir='ltr'><strong>tam</strong></span> <span class='ocrx_word' id='word_1_360' title='bbox 1391 3649 1639 3705; x_wconf 87' lang='lat' dir='ltr'><strong>magnum</strong></span> <span class='ocrx_word' id='word_1_361' title='bbox 1667 3647 1761 3702; x_wconf 90' lang='lat' dir='ltr'><strong>per</strong></span> <span class='ocrx_word' id='word_1_362' title='bbox 1787 3647 1916 3702; x_wconf 81' lang='lat' dir='ltr'><strong>sup-</strong></span> 
     </span>
    </p>
   </div>
   <div class='ocr_carea' id='block_1_50' title="bbox 325 3724 1914 3795">
    <p class='ocr_par' dir='ltr' id='par_1_50' title="bbox 325 3724 1914 3795">
     <span class='ocr_line' id='line_1_50' title="bbox 325 3724 1914 3795; baseline -0.001 -18"><span class='ocrx_word' id='word_1_363' title='bbox 325 3726 542 3794; x_wconf 88' lang='lat' dir='ltr'><strong>plicium</strong></span> <span class='ocrx_word' id='word_1_364' title='bbox 575 3724 705 3779; x_wconf 83' lang='lat' dir='ltr'><strong>facit</strong></span> <span class='ocrx_word' id='word_1_365' title='bbox 732 3739 748 3778; x_wconf 90' lang='lat'><strong>:</strong></span> <span class='ocrx_word' id='word_1_366' title='bbox 777 3727 866 3795; x_wconf 90' lang='lat' dir='ltr'><strong>qui</strong></span> <span class='ocrx_word' id='word_1_367' title='bbox 899 3740 1028 3780; x_wconf 85' lang='lat' dir='ltr'><strong>vero</strong></span> <span class='ocrx_word' id='word_1_368' title='bbox 1057 3724 1124 3778; x_wconf 89' lang='lat' dir='ltr'><strong>ad</strong></span> <span class='ocrx_word' id='word_1_369' title='bbox 1156 3725 1412 3795; x_wconf 86' lang='lat' dir='ltr'><strong>pudorem</strong></span> <span class='ocrx_word' id='word_1_370' title='bbox 1444 3725 1644 3779; x_wconf 90' lang='lat' dir='ltr'><strong>inducit</strong></span> <span class='ocrx_word' id='word_1_371' title='bbox 1671 3733 1874 3777; x_wconf 88' lang='lat' dir='ltr'><strong>tantum</strong></span> <span class='ocrx_word' id='word_1_372' title='bbox 1899 3764 1914 3788; x_wconf 93' lang='lat'><strong>,</strong></span> 
     </span>
    </p>
   </div>
   <div class='ocr_carea' id='block_1_51' title="bbox 327 3815 1920 3888">
    <p class='ocr_par' dir='ltr' id='par_1_51' title="bbox 327 3815 1920 3888">
     <span class='ocr_line' id='line_1_51' title="bbox 327 3815 1920 3888; baseline -0.001 -18"><span class='ocrx_word' id='word_1_373' title='bbox 327 3834 502 3887; x_wconf 80' lang='lat' dir='ltr'><strong>neque</strong></span> <span class='ocrx_word' id='word_1_374' title='bbox 543 3832 641 3888; x_wconf 88' lang='lat' dir='ltr'><strong>per</strong></span> <span class='ocrx_word' id='word_1_375' title='bbox 673 3817 998 3888; x_wconf 88' lang='lat' dir='ltr'><strong>punitionem</strong></span> <span class='ocrx_word' id='word_1_376' title='bbox 1031 3825 1234 3883; x_wconf 89' lang='lat' dir='ltr'><strong>terret,</strong></span> <span class='ocrx_word' id='word_1_377' title='bbox 1264 3831 1371 3872; x_wconf 88' lang='lat' dir='ltr'><strong>non</strong></span> <span class='ocrx_word' id='word_1_378' title='bbox 1412 3817 1698 3871; x_wconf 88' lang='lat' dir='ltr'><strong>admodum</strong></span> <span class='ocrx_word' id='word_1_379' title='bbox 1736 3815 1920 3886; x_wconf 89' lang='lat' dir='ltr'><strong>pungit</strong></span> 
     </span>
    </p>
   </div>
   <div class='ocr_carea' id='block_1_52' title="bbox 323 3909 1915 3979">
    <p class='ocr_par' dir='ltr' id='par_1_52' title="bbox 323 3909 1915 3979">
     <span class='ocr_line' id='line_1_52' title="bbox 323 3909 1915 3979; baseline 0 -17"><span class='ocrx_word' id='word_1_380' title='bbox 323 3924 444 3974; x_wconf 81' lang='lat' dir='ltr'><strong>eos,</strong></span> <span class='ocrx_word' id='word_1_381' title='bbox 472 3911 561 3979; x_wconf 87' lang='lat' dir='ltr'><strong>qui</strong></span> <span class='ocrx_word' id='word_1_382' title='bbox 591 3925 696 3963; x_wconf 89' lang='lat' dir='ltr'><strong>non</strong></span> <span class='ocrx_word' id='word_1_383' title='bbox 723 3918 848 3964; x_wconf 89' lang='lat' dir='ltr'><strong>sunt</strong></span> <span class='ocrx_word' id='word_1_384' title='bbox 872 3925 1032 3964; x_wconf 87' lang='lat' dir='ltr'><strong>sensu</strong></span> <span class='ocrx_word' id='word_1_385' title='bbox 1065 3910 1292 3978; x_wconf 73' lang='lat' dir='ltr'><strong>praediti.</strong></span> <span class='ocrx_word' id='word_1_386' title='bbox 1321 3909 1680 3974; x_wconf 85' lang='lat' dir='ltr'><strong>Quamobrem</strong></span> <span class='ocrx_word' id='word_1_387' title='bbox 1707 3916 1915 3962; x_wconf 87' lang='lat' dir='ltr'><strong>utrum-</strong></span> 
     </span>
    </p>
   </div>
   <div class='ocr_carea' id='block_1_53' title="bbox 324 3999 1919 4073">
    <p class='ocr_par' dir='ltr' id='par_1_53' title="bbox 324 3999 1919 4073">
     <span class='ocr_line' id='line_1_53' title="bbox 324 3999 1919 4073; baseline -0.001 -19"><span class='ocrx_word' id='word_1_388' title='bbox 324 4019 434 4073; x_wconf 85' lang='lat' dir='ltr'><strong>que</strong></span> <span class='ocrx_word' id='word_1_389' title='bbox 458 4003 582 4056; x_wconf 83' lang='lat' dir='ltr'><strong>facit</strong></span> <span class='ocrx_word' id='word_1_390' title='bbox 598 4003 813 4065; x_wconf 85' lang='lat' dir='ltr'><strong>Paulus,</strong></span> <span class='ocrx_word' id='word_1_391' title='bbox 828 4013 882 4057; x_wconf 86' lang='lat' dir='ltr'><strong>et</strong></span> <span class='ocrx_word' id='word_1_392' title='bbox 903 4005 1157 4072; x_wconf 88' lang='lat' dir='ltr'><strong>pudorem</strong></span> <span class='ocrx_word' id='word_1_393' title='bbox 1176 4003 1334 4057; x_wconf 80' lang='lat' dir='ltr'><strong>infert</strong></span> <span class='ocrx_word' id='word_1_394' title='bbox 1349 3999 1784 4067; x_wconf 86' lang='lat' dir='ltr'><strong>dicens,Nescitis</strong></span> <span class='ocrx_word' id='word_1_395' title='bbox 1800 4000 1919 4070; x_wconf 77' lang='lat' dir='ltr'><strong>quia</strong></span> 
     </span>
    </p>
   </div>
   <div class='ocr_carea' id='block_1_54' title="bbox 326 4092 1919 4167">
    <p class='ocr_par' dir='ltr' id='par_1_54' title="bbox 326 4092 1919 4167">
     <span class='ocr_line' id='line_1_54' title="bbox 326 4092 1919 4167; baseline -0.003 -19"><span class='ocrx_word' id='word_1_396' title='bbox 326 4097 544 4166; x_wconf 82' lang='lat' dir='ltr'><strong>angelos</strong></span> <span class='ocrx_word' id='word_1_397' title='bbox 562 4097 900 4167; x_wconf 82' lang='lat' dir='ltr'><strong>judicabimus</strong></span> <span class='ocrx_word' id='word_1_398' title='bbox 916 4098 941 4152; x_wconf 79' lang='lat'><strong>.’</strong></span> <span class='ocrx_word' id='word_1_399' title='bbox 960 4107 1014 4152; x_wconf 89' lang='lat' dir='ltr'><strong>et</strong></span> <span class='ocrx_word' id='word_1_400' title='bbox 1040 4105 1203 4152; x_wconf 90' lang='lat' dir='ltr'><strong>terret</strong></span> <span class='ocrx_word' id='word_1_401' title='bbox 1229 4095 1312 4151; x_wconf 87' lang='lat' dir='ltr'><strong>his</strong></span> <span class='ocrx_word' id='word_1_402' title='bbox 1332 4095 1528 4159; x_wconf 81' lang='lat' dir='ltr'><strong>verbis,</strong></span> <span class='ocrx_word' id='word_1_403' title='bbox 1554 4092 1775 4148; x_wconf 78' lang='lat' dir='ltr'><strong>Nescitis</strong></span> <span class='ocrx_word' id='word_1_404' title='bbox 1799 4093 1919 4160; x_wconf 84' lang='lat' dir='ltr'><strong>quia</strong></span> 
     </span>
    </p>
   </div>
   <div class='ocr_carea' id='block_1_55' title="bbox 327 4185 1919 4259">
    <p class='ocr_par' dir='ltr' id='par_1_55' title="bbox 327 4185 1919 4259">
     <span class='ocr_line' id='line_1_55' title="bbox 327 4185 1919 4259; baseline -0.002 -18"><span class='ocrx_word' id='word_1_405' title='bbox 327 4189 480 4242; x_wconf 72' lang='lat' dir='ltr'><strong>avari</strong></span> <span class='ocrx_word' id='word_1_406' title='bbox 514 4204 719 4258; x_wconf 79' lang='lat' dir='ltr'><strong>regnum</strong></span> <span class='ocrx_word' id='word_1_407' title='bbox 758 4187 854 4242; x_wconf 86' lang='lat' dir='ltr'><strong>Dei</strong></span> <span class='ocrx_word' id='word_1_408' title='bbox 889 4206 988 4242; x_wconf 88' lang='lat' dir='ltr'><strong>non</strong></span> <span class='ocrx_word' id='word_1_409' title='bbox 1017 4187 1337 4259; x_wconf 65' lang='lat' dir='ltr'><strong>possidebat!</strong></span> <span class='ocrx_word' id='word_1_410' title='bbox 1355 4187 1382 4240; x_wconf 74' lang='lat'><strong>.’</strong></span> <span class='ocrx_word' id='word_1_411' title='bbox 1408 4187 1470 4240; x_wconf 81' lang='lat' dir='ltr'><strong>Et</strong></span> <span class='ocrx_word' id='word_1_412' title='bbox 1498 4186 1566 4240; x_wconf 84' lang='lat' dir='ltr'><strong>de</strong></span> <span class='ocrx_word' id='word_1_413' title='bbox 1600 4185 1919 4238; x_wconf 79' lang='lat' dir='ltr'><strong>fornicatore</strong></span> 
     </span>
    </p>
   </div>
   <div class='ocr_carea' id='block_1_56' title="bbox 328 4275 1920 4336">
    <p class='ocr_par' dir='ltr' id='par_1_56' title="bbox 328 4275 1920 4336">
     <span class='ocr_line' id='line_1_56' title="bbox 328 4275 1920 4336; baseline -0.004 -2"><span class='ocrx_word' id='word_1_414' title='bbox 328 4282 528 4335; x_wconf 88' lang='lat' dir='ltr'><strong>iterum</strong></span> <span class='ocrx_word' id='word_1_415' title='bbox 564 4280 754 4336; x_wconf 80' lang='lat' dir='ltr'><strong>eodem</strong></span> <span class='ocrx_word' id='word_1_416' title='bbox 788 4281 952 4334; x_wconf 90' lang='lat' dir='ltr'><strong>utitur</strong></span> <span class='ocrx_word' id='word_1_417' title='bbox 979 4294 1228 4334; x_wconf 88' lang='lat' dir='ltr'><strong>sermone</strong></span> <span class='ocrx_word' id='word_1_418' title='bbox 1259 4295 1274 4332; x_wconf 89' lang='lat'><strong>:</strong></span> <span class='ocrx_word' id='word_1_419' title='bbox 1305 4292 1425 4333; x_wconf 90' lang='lat' dir='ltr'><strong>cum</strong></span> <span class='ocrx_word' id='word_1_420' title='bbox 1455 4276 1599 4332; x_wconf 90' lang='lat' dir='ltr'><strong>enim</strong></span> <span class='ocrx_word' id='word_1_421' title='bbox 1642 4275 1920 4330; x_wconf 85' lang='lat' dir='ltr'><strong>terruisset</strong></span> 
     </span>
    </p>
   </div>
   <div class='ocr_carea' id='block_1_57' title="bbox 328 4368 1921 4445">
    <p class='ocr_par' dir='ltr' id='par_1_57' title="bbox 328 4368 1921 4445">
     <span class='ocr_line' id='line_1_57' title="bbox 328 4368 1921 4445; baseline -0.004 -17"><span class='ocrx_word' id='word_1_422' title='bbox 328 4391 426 4445; x_wconf 83' lang='lat' dir='ltr'><strong>per</strong></span> <span class='ocrx_word' id='word_1_423' title='bbox 455 4389 517 4428; x_wconf 90' lang='lat' dir='ltr'><strong>ea</strong></span> <span class='ocrx_word' id='word_1_424' title='bbox 557 4388 678 4442; x_wconf 73' lang='lat' dir='ltr'><strong>qua:</strong></span> <span class='ocrx_word' id='word_1_425' title='bbox 719 4373 865 4441; x_wconf 88' lang='lat' dir='ltr'><strong>prius</strong></span> <span class='ocrx_word' id='word_1_426' title='bbox 901 4371 1147 4438; x_wconf 77' lang='lat' dir='ltr'><strong>dixerat,</strong></span> <span class='ocrx_word' id='word_1_427' title='bbox 1179 4379 1235 4427; x_wconf 91' lang='lat' dir='ltr'><strong>et</strong></span> <span class='ocrx_word' id='word_1_428' title='bbox 1271 4386 1392 4426; x_wconf 92' lang='lat' dir='ltr'><strong>eum</strong></span> <span class='ocrx_word' id='word_1_429' title='bbox 1436 4368 1725 4424; x_wconf 84' lang='lat' dir='ltr'><strong>excidisset</strong></span> <span class='ocrx_word' id='word_1_430' title='bbox 1759 4376 1921 4436; x_wconf 91' lang='lat' dir='ltr'><strong>atque</strong></span> 
     </span>
    </p>
   </div>
   <div class='ocr_carea' id='block_1_58' title="bbox 327 4460 1920 4535">
    <p class='ocr_par' dir='ltr' id='par_1_58' title="bbox 327 4460 1920 4535">
     <span class='ocr_line' id='line_1_58' title="bbox 327 4460 1920 4535; baseline -0.005 -14"><span class='ocrx_word' id='word_1_431' title='bbox 327 4470 544 4521; x_wconf 67' lang='lat' dir='ltr'><strong>Satanae</strong></span> <span class='ocrx_word' id='word_1_432' title='bbox 575 4465 881 4520; x_wconf 87' lang='lat' dir='ltr'><strong>tradidisset</strong></span> <span class='ocrx_word' id='word_1_433' title='bbox 913 4466 1179 4535; x_wconf 79' lang='lat' dir='ltr'><strong>futurique</strong></span> <span class='ocrx_word' id='word_1_434' title='bbox 1203 4463 1306 4519; x_wconf 87' lang='lat' dir='ltr'><strong>diei</strong></span> <span class='ocrx_word' id='word_1_435' title='bbox 1337 4460 1702 4521; x_wconf 84' lang='lat' dir='ltr'><strong>meminisset,</strong></span> <span class='ocrx_word' id='word_1_436' title='bbox 1737 4473 1920 4513; x_wconf 85' lang='lat' dir='ltr'><strong>rursus</strong></span> 
     </span>
    </p>
   </div>
   <div class='ocr_carea' id='block_1_59' title="bbox 331 4554 1919 4630">
    <p class='ocr_par' dir='ltr' id='par_1_59' title="bbox 331 4554 1919 4630">
     <span class='ocr_line' id='line_1_59' title="bbox 331 4554 1919 4630; baseline -0.006 -17"><span class='ocrx_word' id='word_1_437' title='bbox 331 4561 400 4614; x_wconf 88' lang='lat' dir='ltr'><strong>illi</strong></span> <span class='ocrx_word' id='word_1_438' title='bbox 429 4561 690 4630; x_wconf 83' lang='lat' dir='ltr'><strong>pudorem</strong></span> <span class='ocrx_word' id='word_1_439' title='bbox 723 4561 880 4612; x_wconf 73' lang='lat' dir='ltr'><strong>inl‘ert</strong></span> <span class='ocrx_word' id='word_1_440' title='bbox 898 4598 913 4620; x_wconf 95' lang='lat'><strong>,</strong></span> <span class='ocrx_word' id='word_1_441' title='bbox 943 4558 1126 4612; x_wconf 86' lang='lat' dir='ltr'><strong>dicens</strong></span> <span class='ocrx_word' id='word_1_442' title='bbox 1150 4575 1163 4609; x_wconf 92' lang='lat'><strong>:</strong></span> <span class='ocrx_word' id='word_1_443' title='bbox 1195 4555 1414 4610; x_wconf 82' lang='lat' dir='ltr'><strong>Nescitis</strong></span> <span class='ocrx_word' id='word_1_444' title='bbox 1436 4554 1572 4625; x_wconf 86' lang='lat' dir='ltr'><strong>quod</strong></span> <span class='ocrx_word' id='word_1_445' title='bbox 1595 4569 1808 4623; x_wconf 84' lang='lat' dir='ltr'><strong>corpora</strong></span> <span class='ocrx_word' id='word_1_446' title='bbox 1833 4567 1919 4605; x_wconf 79' lang='lat' dir='ltr'><strong>ve-</strong></span> 
     </span>
    </p>
   </div>
   <div class='ocr_carea' id='block_1_60' title="bbox 328 4647 1921 4718">
    <p class='ocr_par' dir='ltr' id='par_1_60' title="bbox 328 4647 1921 4718">
     <span class='ocr_line' id='line_1_60' title="bbox 328 4647 1921 4718; baseline -0.004 -14"><span class='ocrx_word' id='word_1_447' title='bbox 328 4663 436 4704; x_wconf 88' lang='lat' dir='ltr'><strong>stra</strong></span> <span class='ocrx_word' id='word_1_448' title='bbox 474 4651 699 4704; x_wconf 86' lang='lat' dir='ltr'><strong>membra</strong></span> <span class='ocrx_word' id='word_1_449' title='bbox 725 4660 840 4702; x_wconf 88' lang='lat' dir='ltr'><strong>sunt</strong></span> <span class='ocrx_word' id='word_1_450' title='bbox 875 4647 1102 4704; x_wconf 79' lang='lat' dir='ltr'><strong>Christi?</strong></span> <span class='ocrx_word' id='word_1_451' title='bbox 1133 4657 1400 4718; x_wconf 86' lang='lat' dir='ltr'><strong>tamquam</strong></span> <span class='ocrx_word' id='word_1_452' title='bbox 1440 4648 1695 4717; x_wconf 82' lang='lat' dir='ltr'><strong>ingenuos</strong></span> <span class='ocrx_word' id='word_1_453' title='bbox 1727 4658 1921 4716; x_wconf 87' lang='lat' dir='ltr'><strong>pueros</strong></span> 
     </span>
    </p>
   </div>
   <div class='ocr_carea' id='block_1_61' title="bbox 331 4736 1918 4813">
    <p class='ocr_par' dir='ltr' id='par_1_61' title="bbox 331 4736 1918 4813">
     <span class='ocr_line' id='line_1_61' title="bbox 331 4736 1918 4813; baseline -0.004 -18"><span class='ocrx_word' id='word_1_454' title='bbox 331 4744 588 4813; x_wconf 76' lang='lat' dir='ltr'><strong>deinceps</strong></span> <span class='ocrx_word' id='word_1_455' title='bbox 613 4743 906 4812; x_wconf 85' lang='lat' dir='ltr'><strong>alloquens.</strong></span> <span class='ocrx_word' id='word_1_456' title='bbox 941 4741 1074 4807; x_wconf 87' lang='lat' dir='ltr'><strong>Quia</strong></span> <span class='ocrx_word' id='word_1_457' title='bbox 1100 4739 1240 4796; x_wconf 89' lang='lat' dir='ltr'><strong>enim</strong></span> <span class='ocrx_word' id='word_1_458' title='bbox 1270 4738 1426 4798; x_wconf 86' lang='lat' dir='ltr'><strong>dixit,</strong></span> <span class='ocrx_word' id='word_1_459' title='bbox 1456 4739 1651 4804; x_wconf 81' lang='lat' dir='ltr'><strong>Corpus</strong></span> <span class='ocrx_word' id='word_1_460' title='bbox 1681 4736 1918 4799; x_wconf 83' lang='lat' dir='ltr'><strong>Domino,</strong></span> 
     </span>
    </p>
   </div>
   <div class='ocr_carea' id='block_1_62' title="bbox 333 4828 1922 4904">
    <p class='ocr_par' dir='ltr' id='par_1_62' title="bbox 333 4828 1922 4904">
     <span class='ocr_line' id='line_1_62' title="bbox 333 4828 1922 4904; baseline -0.004 -16"><span class='ocrx_word' id='word_1_461' title='bbox 333 4852 473 4889; x_wconf 90' lang='lat' dir='ltr'><strong>nunc</strong></span> <span class='ocrx_word' id='word_1_462' title='bbox 519 4835 719 4888; x_wconf 87' lang='lat' dir='ltr'><strong>clarius</strong></span> <span class='ocrx_word' id='word_1_463' title='bbox 765 4833 1001 4889; x_wconf 87' lang='lat' dir='ltr'><strong>ostendit</strong></span> <span class='ocrx_word' id='word_1_464' title='bbox 1044 4834 1236 4904; x_wconf 89' lang='lat' dir='ltr'><strong>ipsum.</strong></span> <span class='ocrx_word' id='word_1_465' title='bbox 1283 4831 1348 4885; x_wconf 84' lang='lat' dir='ltr'><strong>Et</strong></span> <span class='ocrx_word' id='word_1_466' title='bbox 1395 4830 1516 4884; x_wconf 87' lang='lat' dir='ltr'><strong>alibi</strong></span> <span class='ocrx_word' id='word_1_467' title='bbox 1563 4843 1777 4898; x_wconf 88' lang='lat' dir='ltr'><strong>quoque</strong></span> <span class='ocrx_word' id='word_1_468' title='bbox 1821 4828 1922 4882; x_wconf 90' lang='lat' dir='ltr'><strong>hoc</strong></span> 
     </span>
    </p>
   </div>
   <div class='ocr_carea' id='block_1_63' title="bbox 335 4921 1919 4996">
    <p class='ocr_par' dir='ltr' id='par_1_63' title="bbox 335 4921 1919 4996">
     <span class='ocr_line' id='line_1_63' title="bbox 335 4921 1919 4996; baseline -0.008 -12"><span class='ocrx_word' id='word_1_469' title='bbox 335 4930 508 4996; x_wconf 60' lang='lat' dir='ltr'><strong>ipsum</strong></span> <span class='ocrx_word' id='word_1_470' title='bbox 545 4928 690 4992; x_wconf 80' lang='lat' dir='ltr'><strong>facit,</strong></span> <span class='ocrx_word' id='word_1_471' title='bbox 717 4927 900 4982; x_wconf 89' lang='lat' dir='ltr'><strong>dicens</strong></span> <span class='ocrx_word' id='word_1_472' title='bbox 924 4946 937 4980; x_wconf 93' lang='lat'>:</span> <span class='ocrx_word' id='word_1_473' title='bbox 976 4925 1074 4980; x_wconf 84' lang='lat' dir='ltr'><strong>Vos</strong></span> <span class='ocrx_word' id='word_1_474' title='bbox 1101 4925 1218 4979; x_wconf 84' lang='lat' dir='ltr'><strong>estis</strong></span> <span class='ocrx_word' id='word_1_475' title='bbox 1245 4940 1428 4994; x_wconf 83' lang='lat' dir='ltr'><strong>corpus</strong></span> <span class='ocrx_word' id='word_1_476' title='bbox 1457 4921 1663 4986; x_wconf 86' lang='lat' dir='ltr'><strong>Christi,</strong></span> <span class='ocrx_word' id='word_1_477' title='bbox 1694 4933 1738 4974; x_wconf 88' lang='lat' dir='ltr'><strong>et</strong></span> <span class='ocrx_word' id='word_1_478' title='bbox 1768 4937 1919 4974; x_wconf 77' lang='lat' dir='ltr'><strong>mem~</strong></span> 
     </span>
    </p>
   </div>
   <div class='ocr_carea' id='block_1_64' title="bbox 334 5015 1921 5092">
    <p class='ocr_par' dir='ltr' id='par_1_64' title="bbox 334 5015 1921 5092">
     <span class='ocr_line' id='line_1_64' title="bbox 334 5015 1921 5092; baseline -0.007 -15"><span class='ocrx_word' id='word_1_479' title='bbox 334 5025 423 5077; x_wconf 81' lang='lat' dir='ltr'><strong>bra</strong></span> <span class='ocrx_word' id='word_1_480' title='bbox 447 5040 512 5078; x_wconf 81' lang='lat' dir='ltr'><strong>ea:</strong></span> <span class='ocrx_word' id='word_1_481' title='bbox 539 5031 686 5092; x_wconf 83' lang='lat' dir='ltr'><strong>parte</strong></span> <span class='ocrx_word' id='word_1_482' title='bbox 707 5022 781 5092; x_wconf 85' lang='lat' dir='ltr'><strong>(l.</strong></span> <span class='ocrx_word' id='word_1_483' title='bbox 805 5021 924 5076; x_wconf 84' lang='lat' dir='ltr'><strong>Cor.</strong></span> <span class='ocrx_word' id='word_1_484' title='bbox 952 5019 1040 5074; x_wconf 76' lang='grc'><strong>19..</strong></span> <span class='ocrx_word' id='word_1_485' title='bbox 1059 5019 1174 5090; x_wconf 73' lang='lat'><strong>27).</strong></span> <span class='ocrx_word' id='word_1_486' title='bbox 1196 5019 1266 5073; x_wconf 86' lang='lat' dir='ltr'><strong>Et</strong></span> <span class='ocrx_word' id='word_1_487' title='bbox 1296 5019 1396 5072; x_wconf 91' lang='lat' dir='ltr'><strong>hoc</strong></span> <span class='ocrx_word' id='word_1_488' title='bbox 1424 5019 1595 5086; x_wconf 90' lang='lat' dir='ltr'><strong>ipsum</strong></span> <span class='ocrx_word' id='word_1_489' title='bbox 1617 5015 1921 5083; x_wconf 84' lang='lat' dir='ltr'><strong>exemplum</strong></span> 
     </span>
    </p>
   </div>
   <div class='ocr_carea' id='block_1_65' title="bbox 335 5103 1925 5186">
    <p class='ocr_par' dir='ltr' id='par_1_65' title="bbox 335 5103 1925 5186">
     <span class='ocr_line' id='line_1_65' title="bbox 335 5103 1925 5186; baseline -0.006 -16"><span class='ocrx_word' id='word_1_490' title='bbox 335 5132 478 5186; x_wconf 62' lang='lat' dir='ltr'><strong>saepe</strong></span> <span class='ocrx_word' id='word_1_491' title='bbox 508 5115 659 5186; x_wconf 90' lang='lat' dir='ltr'><strong>ponit</strong></span> <span class='ocrx_word' id='word_1_492' title='bbox 684 5157 700 5180; x_wconf 93' lang='lat'><strong>,</strong></span> <span class='ocrx_word' id='word_1_493' title='bbox 731 5129 838 5168; x_wconf 93' lang='lat' dir='ltr'><strong>non</strong></span> <span class='ocrx_word' id='word_1_494' title='bbox 868 5128 967 5184; x_wconf 92' lang='lat' dir='ltr'><strong>pro</strong></span> <span class='ocrx_word' id='word_1_495' title='bbox 995 5113 1152 5167; x_wconf 90' lang='lat' dir='ltr'><strong>rebus</strong></span> <span class='ocrx_word' id='word_1_496' title='bbox 1187 5111 1373 5165; x_wconf 67' lang='lat' dir='ltr'><strong>iisdem</strong></span> <span class='ocrx_word' id='word_1_497' title='bbox 1399 5150 1414 5176; x_wconf 91' lang='lat'><strong>,</strong></span> <span class='ocrx_word' id='word_1_498' title='bbox 1440 5108 1534 5164; x_wconf 90' lang='lat' dir='ltr'><strong>sed</strong></span> <span class='ocrx_word' id='word_1_499' title='bbox 1560 5103 1844 5179; x_wconf 88' lang='lat' dir='ltr'><strong>aliquando</strong></span> <span class='ocrx_word' id='word_1_500' title='bbox 1869 5115 1925 5161; x_wconf 92' lang='lat' dir='ltr'><strong>ut</strong></span> 
     </span>
    </p>
   </div>
   <div class='ocr_carea' id='block_1_66' title="bbox 335 5204 1919 5276">
    <p class='ocr_par' dir='ltr' id='par_1_66' title="bbox 335 5204 1919 5276">
     <span class='ocr_line' id='line_1_66' title="bbox 335 5204 1919 5276; baseline -0.007 -14"><span class='ocrx_word' id='word_1_501' title='bbox 335 5211 681 5266; x_wconf 85' lang='lat' dir='ltr'><strong>dilectionem</strong></span> <span class='ocrx_word' id='word_1_502' title='bbox 713 5208 990 5272; x_wconf 82' lang='lat' dir='ltr'><strong>ostendat,</strong></span> <span class='ocrx_word' id='word_1_503' title='bbox 1018 5204 1299 5276; x_wconf 89' lang='lat' dir='ltr'><strong>aliquando</strong></span> <span class='ocrx_word' id='word_1_504' title='bbox 1329 5214 1385 5258; x_wconf 89' lang='lat' dir='ltr'><strong>ttt</strong></span> <span class='ocrx_word' id='word_1_505' title='bbox 1414 5204 1657 5257; x_wconf 90' lang='lat' dir='ltr'><strong>timorem</strong></span> <span class='ocrx_word' id='word_1_506' title='bbox 1687 5209 1874 5271; x_wconf 83' lang='lat' dir='ltr'><strong>augeat</strong></span> <span class='ocrx_word' id='word_1_507' title='bbox 1904 5215 1919 5264; x_wconf 90' lang='lat'><strong>;</strong></span> 
     </span>
    </p>
   </div>
   <div class='ocr_carea' id='block_1_67' title="bbox 336 5283 1919 5369">
    <p class='ocr_par' dir='ltr' id='par_1_67' title="bbox 336 5283 1919 5369">
     <span class='ocr_line' id='line_1_67' title="bbox 336 5283 1919 5369; baseline -0.007 -15"><span class='ocrx_word' id='word_1_508' title='bbox 336 5303 422 5356; x_wconf 88' lang='lat' dir='ltr'><strong>hic</strong></span> <span class='ocrx_word' id='word_1_509' title='bbox 447 5283 629 5356; x_wconf 77' lang='lat' dir='ltr'><strong>autern</strong></span> <span class='ocrx_word' id='word_1_510' title='bbox 658 5301 828 5368; x_wconf 90' lang='lat' dir='ltr'><strong>ipsum</strong></span> <span class='ocrx_word' id='word_1_511' title='bbox 858 5299 1032 5369; x_wconf 89' lang='lat' dir='ltr'><strong>posuit</strong></span> <span class='ocrx_word' id='word_1_512' title='bbox 1053 5307 1260 5353; x_wconf 88' lang='lat' dir='ltr'><strong>terrens</strong></span> <span class='ocrx_word' id='word_1_513' title='bbox 1279 5305 1332 5350; x_wconf 91' lang='lat' dir='ltr'><strong>et</strong></span> <span class='ocrx_word' id='word_1_514' title='bbox 1354 5295 1599 5349; x_wconf 89' lang='lat' dir='ltr'><strong>timorem</strong></span> <span class='ocrx_word' id='word_1_515' title='bbox 1627 5293 1919 5347; x_wconf 89' lang='lat' dir='ltr'><strong>incutiens:</strong></span> 
     </span>
    </p>
   </div>
   <div class='ocr_carea' id='block_1_68' title="bbox 339 5381 1927 5462">
    <p class='ocr_par' dir='ltr' id='par_1_68' title="bbox 339 5381 1927 5462">
     <span class='ocr_line' id='line_1_68' title="bbox 339 5381 1927 5462; baseline -0.008 -15"><span class='ocrx_word' id='word_1_516' title='bbox 339 5392 544 5448; x_wconf 84' lang='lat' dir='ltr'><strong>Tollens</strong></span> <span class='ocrx_word' id='word_1_517' title='bbox 563 5407 684 5462; x_wconf 84' lang='lat' dir='ltr'><strong>ergo</strong></span> <span class='ocrx_word' id='word_1_518' title='bbox 704 5391 925 5444; x_wconf 85' lang='lat' dir='ltr'><strong>membra</strong></span> <span class='ocrx_word' id='word_1_519' title='bbox 943 5389 1152 5454; x_wconf 82' lang='lat' dir='ltr'><strong>Christi,</strong></span> <span class='ocrx_word' id='word_1_520' title='bbox 1172 5388 1358 5459; x_wconf 79' lang='lat' dir='ltr'><strong>faciam</strong></span> <span class='ocrx_word' id='word_1_521' title='bbox 1379 5386 1597 5440; x_wconf 88' lang='lat' dir='ltr'><strong>membra</strong></span> <span class='ocrx_word' id='word_1_522' title='bbox 1619 5381 1927 5438; x_wconf 79' lang='lat' dir='ltr'><strong>meretricis?</strong></span> 
     </span>
    </p>
   </div>
   <div class='ocr_carea' id='block_1_69' title="bbox 340 5477 1920 5543">
    <p class='ocr_par' dir='ltr' id='par_1_69' title="bbox 340 5477 1920 5543">
     <span class='ocr_line' id='line_1_69' title="bbox 340 5477 1920 5543; baseline -0.009 0"><span class='ocrx_word' id='word_1_523' title='bbox 340 5488 500 5543; x_wconf 72' lang='lat' dir='ltr'><strong>Absit.</strong></span> <span class='ocrx_word' id='word_1_524' title='bbox 544 5485 686 5540; x_wconf 84' lang='lat' dir='ltr'><strong>Nihil</strong></span> <span class='ocrx_word' id='word_1_525' title='bbox 719 5485 820 5538; x_wconf 87' lang='lat' dir='ltr'><strong>hoc</strong></span> <span class='ocrx_word' id='word_1_526' title='bbox 857 5482 1000 5537; x_wconf 89' lang='lat' dir='ltr'><strong>dicto</strong></span> <span class='ocrx_word' id='word_1_527' title='bbox 1039 5493 1121 5538; x_wconf 90' lang='lat' dir='ltr'><strong>est</strong></span> <span class='ocrx_word' id='word_1_528' title='bbox 1153 5479 1486 5536; x_wconf 85' lang='lat' dir='ltr'><strong>horribilius.</strong></span> <span class='ocrx_word' id='word_1_529' title='bbox 1518 5477 1586 5532; x_wconf 84' lang='lat' dir='ltr'><strong>Et</strong></span> <span class='ocrx_word' id='word_1_530' title='bbox 1615 5494 1719 5532; x_wconf 92' lang='lat' dir='ltr'><strong>nou</strong></span> <span class='ocrx_word' id='word_1_531' title='bbox 1749 5477 1920 5539; x_wconf 88' lang='lat' dir='ltr'><strong>dixit,</strong></span> 
     </span>
    </p>
   </div>
   <div class='ocr_carea' id='block_1_70' title="bbox 335 5569 1922 5648">
    <p class='ocr_par' dir='ltr' id='par_1_70' title="bbox 335 5569 1922 5648">
     <span class='ocr_line' id='line_1_70' title="bbox 335 5569 1922 5648; baseline -0.008 -14"><span class='ocrx_word' id='word_1_532' title='bbox 335 5579 556 5636; x_wconf 81' lang='lat' dir='ltr'><strong>Tollens</strong></span> <span class='ocrx_word' id='word_1_533' title='bbox 586 5594 718 5648; x_wconf 86' lang='lat' dir='ltr'><strong>ergo</strong></span> <span class='ocrx_word' id='word_1_534' title='bbox 749 5578 985 5632; x_wconf 87' lang='lat' dir='ltr'><strong>membra</strong></span> <span class='ocrx_word' id='word_1_535' title='bbox 1011 5575 1230 5638; x_wconf 60' lang='lat' dir='ltr'><strong>Chriai,</strong></span> <span class='ocrx_word' id='word_1_536' title='bbox 1263 5575 1580 5642; x_wconf 80' lang='lat' dir='ltr'><strong>conjungam</strong></span> <span class='ocrx_word' id='word_1_537' title='bbox 1613 5569 1922 5626; x_wconf 83' lang='lat' dir='ltr'><strong>meretrici?</strong></span> 
     </span>
    </p>
   </div>
   <div class='ocr_carea' id='block_1_71' title="bbox 335 5666 1924 5744">
    <p class='ocr_par' dir='ltr' id='par_1_71' title="bbox 335 5666 1924 5744">
     <span class='ocr_line' id='line_1_71' title="bbox 335 5666 1924 5744; baseline -0.006 -17"><span class='ocrx_word' id='word_1_538' title='bbox 335 5673 434 5727; x_wconf 84' lang='lat' dir='ltr'><strong>sed</strong></span> <span class='ocrx_word' id='word_1_539' title='bbox 459 5671 626 5744; x_wconf 83' lang='lat' dir='ltr'><strong>quid?</strong></span> <span class='ocrx_word' id='word_1_540' title='bbox 658 5669 870 5724; x_wconf 78' lang='lat' dir='ltr'><strong>Faciam</strong></span> <span class='ocrx_word' id='word_1_541' title='bbox 897 5669 1116 5723; x_wconf 88' lang='lat' dir='ltr'><strong>membra</strong></span> <span class='ocrx_word' id='word_1_542' title='bbox 1142 5667 1448 5721; x_wconf 86' lang='lat' dir='ltr'><strong>meretricis?</strong></span> <span class='ocrx_word' id='word_1_543' title='bbox 1471 5666 1610 5736; x_wconf 89' lang='lat' dir='ltr'><strong>quod</strong></span> <span class='ocrx_word' id='word_1_544' title='bbox 1638 5675 1786 5720; x_wconf 80' lang='lat' dir='ltr'><strong>certe</strong></span> <span class='ocrx_word' id='word_1_545' title='bbox 1813 5678 1924 5717; x_wconf 82' lang='lat' dir='ltr'><strong>ma-</strong></span> 
     </span>
    </p>
   </div>
   <div class='ocr_carea' id='block_1_72' title="bbox 339 5753 1924 5834">
    <p class='ocr_par' dir='ltr' id='par_1_72' title="bbox 339 5753 1924 5834">
     <span class='ocr_line' id='line_1_72' title="bbox 339 5753 1924 5834; baseline -0.008 -16"><span class='ocrx_word' id='word_1_546' title='bbox 339 5765 422 5834; x_wconf 84' lang='lat' dir='ltr'><strong>gis</strong></span> <span class='ocrx_word' id='word_1_547' title='bbox 451 5761 743 5834; x_wconf 88' lang='lat' dir='ltr'><strong>pungebat.</strong></span> <span class='ocrx_word' id='word_1_548' title='bbox 774 5760 974 5816; x_wconf 92' lang='lat' dir='ltr'><strong>Deinde</strong></span> <span class='ocrx_word' id='word_1_549' title='bbox 1004 5760 1194 5830; x_wconf 83' lang='lat' dir='ltr'><strong>probat</strong></span> <span class='ocrx_word' id='word_1_550' title='bbox 1219 5757 1487 5828; x_wconf 90' lang='lat' dir='ltr'><strong>quomodo</strong></span> <span class='ocrx_word' id='word_1_551' title='bbox 1514 5755 1557 5810; x_wconf 91' lang='lat' dir='ltr'><strong>is</strong></span> <span class='ocrx_word' id='word_1_552' title='bbox 1580 5757 1667 5826; x_wconf 92' lang='lat' dir='ltr'><strong>qui</strong></span> <span class='ocrx_word' id='word_1_553' title='bbox 1696 5753 1924 5809; x_wconf 79' lang='lat' dir='ltr'><strong>fornica-</strong></span> 
     </span>
    </p>
   </div>
   <div class='ocr_carea' id='block_1_73' title="bbox 343 5843 1925 5918">
    <p class='ocr_par' dir='ltr' id='par_1_73' title="bbox 343 5843 1925 5918">
     <span class='ocr_line' id='line_1_73' title="bbox 343 5843 1925 5918; baseline -0.008 -9"><span class='ocrx_word' id='word_1_554' title='bbox 343 5862 431 5912; x_wconf 80' lang='lat' dir='ltr'><strong>tur</strong></span> <span class='ocrx_word' id='word_1_555' title='bbox 456 5853 511 5911; x_wconf 82' lang='lat' dir='ltr'><strong>id</strong></span> <span class='ocrx_word' id='word_1_556' title='bbox 541 5852 633 5907; x_wconf 80' lang='lat' dir='ltr'><strong>fiat</strong></span> <span class='ocrx_word' id='word_1_557' title='bbox 656 5894 670 5917; x_wconf 94' lang='lat'><strong>,</strong></span> <span class='ocrx_word' id='word_1_558' title='bbox 704 5851 892 5909; x_wconf 85' lang='lat' dir='ltr'><strong>dicens</strong></span> <span class='ocrx_word' id='word_1_559' title='bbox 918 5869 933 5908; x_wconf 86' lang='lat'>:</span> <span class='ocrx_word' id='word_1_560' title='bbox 961 5851 1047 5908; x_wconf 87' lang='grc'><strong>16.</strong></span> <span class='ocrx_word' id='word_1_561' title='bbox 1078 5850 1156 5905; x_wconf 79' lang='lat' dir='ltr'><strong>An</strong></span> <span class='ocrx_word' id='word_1_562' title='bbox 1191 5847 1392 5904; x_wconf 82' lang='lat' dir='ltr'><strong>nescitis</strong></span> <span class='ocrx_word' id='word_1_563' title='bbox 1417 5845 1553 5918; x_wconf 80' lang='lat' dir='ltr'><strong>quod</strong></span> <span class='ocrx_word' id='word_1_564' title='bbox 1579 5845 1665 5917; x_wconf 84' lang='lat' dir='ltr'><strong>qui</strong></span> <span class='ocrx_word' id='word_1_565' title='bbox 1699 5843 1925 5899; x_wconf 74' lang='lat' dir='ltr'><strong>adha&#39;ret</strong></span> 
     </span>
    </p>
   </div>
   <div class='ocr_carea' id='block_1_74' title="bbox 2031 1883 3610 1969">
    <p class='ocr_par' dir='ltr' id='par_1_74' title="bbox 2031 1883 3610 1969">
     <span class='ocr_line' id='line_1_74' title="bbox 2031 1883 3610 1969; baseline 0.011 -32"><span class='ocrx_word' id='word_1_566' title='bbox 2031 1883 2277 1938; x_wconf 82' lang='lat' dir='ltr'><strong>nteretrici</strong></span> <span class='ocrx_word' id='word_1_567' title='bbox 2297 1925 2310 1946; x_wconf 89' lang='lat'><strong>,</strong></span> <span class='ocrx_word' id='word_1_568' title='bbox 2352 1899 2510 1936; x_wconf 87' lang='lat' dir='ltr'><strong>unum</strong></span> <span class='ocrx_word' id='word_1_569' title='bbox 2550 1900 2735 1955; x_wconf 86' lang='lat' dir='ltr'><strong>corpus</strong></span> <span class='ocrx_word' id='word_1_570' title='bbox 2773 1887 3026 1958; x_wconf 71' lang='lat' dir='ltr'><strong>efﬁcitur?</strong></span> <span class='ocrx_word' id='word_1_571' title='bbox 3050 1892 3323 1949; x_wconf 88' lang='lat' dir='ltr'><strong>Undenam</strong></span> <span class='ocrx_word' id='word_1_572' title='bbox 3354 1897 3454 1952; x_wconf 88' lang='lat' dir='ltr'><strong>hoc</strong></span> <span class='ocrx_word' id='word_1_573' title='bbox 3484 1915 3610 1969; x_wconf 86' lang='lat' dir='ltr'><strong>per-</strong></span> 
     </span>
    </p>
   </div>
   <div class='ocr_carea' id='block_1_75' title="bbox 2027 1975 3605 2050">
    <p class='ocr_par' dir='ltr' id='par_1_75' title="bbox 2027 1975 3605 2050">
     <span class='ocr_line' id='line_1_75' title="bbox 2027 1975 3605 2050; baseline 0.011 -20"><span class='ocrx_word' id='word_1_574' title='bbox 2027 1976 2308 2044; x_wconf 81' lang='lat' dir='ltr'><strong>Spicuum?</strong></span> <span class='ocrx_word' id='word_1_575' title='bbox 2341 1975 2504 2030; x_wconf 83' lang='lat' dir='ltr'><strong>Erunt</strong></span> <span class='ocrx_word' id='word_1_576' title='bbox 2533 1979 2664 2031; x_wconf 80' lang='lat' dir='ltr'><strong>enim</strong></span> <span class='ocrx_word' id='word_1_577' title='bbox 2689 2021 2705 2044; x_wconf 91' lang='lat'><strong>,</strong></span> <span class='ocrx_word' id='word_1_578' title='bbox 2725 1975 2929 2050; x_wconf 85' lang='lat' dir='ltr'><strong>inquit,</strong></span> <span class='ocrx_word' id='word_1_579' title='bbox 2952 1983 3055 2036; x_wconf 84' lang='lat' dir='ltr'><strong>duo</strong></span> <span class='ocrx_word' id='word_1_580' title='bbox 3087 1986 3139 2038; x_wconf 87' lang='lat' dir='ltr'><strong>in</strong></span> <span class='ocrx_word' id='word_1_581' title='bbox 3176 2003 3328 2042; x_wconf 87' lang='lat' dir='ltr'><strong>carne</strong></span> <span class='ocrx_word' id='word_1_582' title='bbox 3365 2007 3482 2044; x_wconf 86' lang='lat' dir='ltr'><strong>una.</strong></span> <span class='ocrx_word' id='word_1_583' title='bbox 3521 1995 3605 2048; x_wconf 84' lang='grc'><strong>17.</strong></span> 
     </span>
    </p>
   </div>
   <div class='ocr_carea' id='block_1_76' title="bbox 2031 2063 3614 2153">
    <p class='ocr_par' dir='ltr' id='par_1_76' title="bbox 2031 2063 3614 2153">
     <span class='ocr_line' id='line_1_76' title="bbox 2031 2063 3614 2153; baseline 0.015 -36"><span class='ocrx_word' id='word_1_584' title='bbox 2031 2063 2128 2131; x_wconf 83' lang='lat' dir='ltr'><strong>Qui</strong></span> <span class='ocrx_word' id='word_1_585' title='bbox 2155 2077 2321 2120; x_wconf 87' lang='lat' dir='ltr'><strong>autem</strong></span> <span class='ocrx_word' id='word_1_586' title='bbox 2357 2068 2582 2121; x_wconf 65' lang='lat' dir='ltr'><strong>adliceret</strong></span> <span class='ocrx_word' id='word_1_587' title='bbox 2621 2066 2837 2124; x_wconf 86' lang='lat' dir='ltr'><strong>Domino</strong></span> <span class='ocrx_word' id='word_1_588' title='bbox 2860 2111 2874 2134; x_wconf 92' lang='lat'><strong>,</strong></span> <span class='ocrx_word' id='word_1_589' title='bbox 2907 2082 2979 2127; x_wconf 86' lang='lat' dir='ltr'><strong>est</strong></span> <span class='ocrx_word' id='word_1_590' title='bbox 3015 2090 3146 2129; x_wconf 82' lang='lat' dir='ltr'><strong>unus</strong></span> <span class='ocrx_word' id='word_1_591' title='bbox 3173 2078 3401 2146; x_wconf 85' lang='lat' dir='ltr'><strong>spiritus.</strong></span> <span class='ocrx_word' id='word_1_592' title='bbox 3430 2081 3614 2153; x_wconf 81' lang='lat' dir='ltr'><strong>Neque</strong></span> 
     </span>
    </p>
   </div>
   <div class='ocr_carea' id='block_1_77' title="bbox 2027 2155 3616 2233">
    <p class='ocr_par' dir='ltr' id='par_1_77' title="bbox 2027 2155 3616 2233">
     <span class='ocr_line' id='line_1_77' title="bbox 2027 2155 3616 2233; baseline 0.014 -25"><span class='ocrx_word' id='word_1_593' title='bbox 2027 2155 2169 2209; x_wconf 92' lang='lat' dir='ltr'><strong>enim</strong></span> <span class='ocrx_word' id='word_1_594' title='bbox 2195 2157 2455 2226; x_wconf 90' lang='lat' dir='ltr'><strong>permittit</strong></span> <span class='ocrx_word' id='word_1_595' title='bbox 2473 2158 2787 2214; x_wconf 88' lang='lat' dir='ltr'><strong>concubitus</strong></span> <span class='ocrx_word' id='word_1_596' title='bbox 2810 2171 2864 2215; x_wconf 92' lang='lat' dir='ltr'><strong>ut</strong></span> <span class='ocrx_word' id='word_1_597' title='bbox 2890 2162 2997 2217; x_wconf 92' lang='lat' dir='ltr'><strong>duo</strong></span> <span class='ocrx_word' id='word_1_598' title='bbox 3023 2165 3130 2220; x_wconf 90' lang='lat' dir='ltr'><strong>sint</strong></span> <span class='ocrx_word' id='word_1_599' title='bbox 3153 2167 3280 2233; x_wconf 91' lang='lat' dir='ltr'><strong>duo,</strong></span> <span class='ocrx_word' id='word_1_600' title='bbox 3305 2172 3398 2226; x_wconf 89' lang='lat' dir='ltr'><strong>scd</strong></span> <span class='ocrx_word' id='word_1_601' title='bbox 3424 2176 3616 2231; x_wconf 89' lang='lat' dir='ltr'><strong>ambos</strong></span> 
     </span>
    </p>
   </div>
   <div class='ocr_carea' id='block_1_78' title="bbox 2027 2246 3613 2328">
    <p class='ocr_par' dir='ltr' id='par_1_78' title="bbox 2027 2246 3613 2328">
     <span class='ocr_line' id='line_1_78' title="bbox 2027 2246 3613 2328; baseline 0.015 -31"><span class='ocrx_word' id='word_1_602' title='bbox 2027 2259 2189 2299; x_wconf 86' lang='lat' dir='ltr'><strong>unum</strong></span> <span class='ocrx_word' id='word_1_603' title='bbox 2214 2247 2355 2302; x_wconf 89' lang='lat' dir='ltr'><strong>facit.</strong></span> <span class='ocrx_word' id='word_1_604' title='bbox 2384 2246 2454 2303; x_wconf 86' lang='lat' dir='ltr'><strong>Et</strong></span> <span class='ocrx_word' id='word_1_605' title='bbox 2477 2249 2598 2304; x_wconf 86' lang='lat' dir='ltr'><strong>vide</strong></span> <span class='ocrx_word' id='word_1_606' title='bbox 2625 2265 2834 2306; x_wconf 91' lang='lat' dir='ltr'><strong>rursum</strong></span> <span class='ocrx_word' id='word_1_607' title='bbox 2861 2256 3130 2323; x_wconf 92' lang='lat' dir='ltr'><strong>quomodo</strong></span> <span class='ocrx_word' id='word_1_608' title='bbox 3150 2273 3246 2328; x_wconf 92' lang='lat' dir='ltr'><strong>per</strong></span> <span class='ocrx_word' id='word_1_609' title='bbox 3273 2261 3410 2318; x_wconf 90' lang='lat' dir='ltr'><strong>nuda</strong></span> <span class='ocrx_word' id='word_1_610' title='bbox 3438 2267 3613 2321; x_wconf 85' lang='lat' dir='ltr'><strong>nomi-</strong></span> 
     </span>
    </p>
   </div>
   <div class='ocr_carea' id='block_1_79' title="bbox 2026 2339 3611 2418">
    <p class='ocr_par' dir='ltr' id='par_1_79' title="bbox 2026 2339 3611 2418">
     <span class='ocr_line' id='line_1_79' title="bbox 2026 2339 3611 2418; baseline 0.014 -28"><span class='ocrx_word' id='word_1_611' title='bbox 2026 2351 2092 2390; x_wconf 86' lang='lat' dir='ltr'><strong>na</strong></span> <span class='ocrx_word' id='word_1_612' title='bbox 2131 2339 2386 2407; x_wconf 87' lang='lat' dir='ltr'><strong>procedat</strong></span> <span class='ocrx_word' id='word_1_613' title='bbox 2405 2383 2420 2404; x_wconf 93' lang='lat'><strong>,</strong></span> <span class='ocrx_word' id='word_1_614' title='bbox 2446 2355 2544 2410; x_wconf 88' lang='lat' dir='ltr'><strong>per</strong></span> <span class='ocrx_word' id='word_1_615' title='bbox 2572 2344 2906 2399; x_wconf 83' lang='lat' dir='ltr'><strong>meretricem</strong></span> <span class='ocrx_word' id='word_1_616' title='bbox 2937 2357 2990 2401; x_wconf 90' lang='lat' dir='ltr'><strong>et</strong></span> <span class='ocrx_word' id='word_1_617' title='bbox 3018 2363 3115 2418; x_wconf 90' lang='lat' dir='ltr'><strong>per</strong></span> <span class='ocrx_word' id='word_1_618' title='bbox 3141 2350 3412 2408; x_wconf 87' lang='lat' dir='ltr'><strong>Christum</strong></span> <span class='ocrx_word' id='word_1_619' title='bbox 3438 2355 3611 2412; x_wconf 81' lang='lat' dir='ltr'><strong>dedu-</strong></span> 
     </span>
    </p>
   </div>
   <div class='ocr_carea' id='block_1_80' title="bbox 2025 2421 3639 2510">
    <p class='ocr_par' dir='ltr' id='par_1_80' title="bbox 2025 2421 3639 2510">
     <span class='ocr_line' id='line_1_80' title="bbox 2025 2421 3639 2510; baseline 0.014 -27"><span class='ocrx_word' id='word_1_620' title='bbox 2025 2442 2153 2484; x_wconf 86' lang='lat' dir='ltr'><strong>cens</strong></span> <span class='ocrx_word' id='word_1_621' title='bbox 2199 2432 2610 2488; x_wconf 89' lang='lat' dir='ltr'><strong>accusationem.</strong></span> <span class='ocrx_word' id='word_1_622' title='bbox 2666 2435 2754 2490; x_wconf 90' lang='grc'><strong>18.</strong></span> <span class='ocrx_word' id='word_1_623' title='bbox 2805 2435 2991 2508; x_wconf 82' lang='lat' dir='ltr'><strong>Fugite</strong></span> <span class='ocrx_word' id='word_1_624' title='bbox 3038 2443 3442 2510; x_wconf 78' lang='lat' dir='ltr'><strong>fornicationem.</strong></span> <span class='ocrx_word' id='word_1_625' title='bbox 3494 2421 3639 2505; x_wconf 36' lang='lat' dir='ltr'><strong>Non‘</strong></span> 
     </span>
    </p>
   </div>
   <div class='ocr_carea' id='block_1_81' title="bbox 2023 2518 3610 2605">
    <p class='ocr_par' dir='ltr' id='par_1_81' title="bbox 2023 2518 3610 2605">
     <span class='ocr_line' id='line_1_81' title="bbox 2023 2518 3610 2605; baseline 0.013 -31"><span class='ocrx_word' id='word_1_626' title='bbox 2023 2518 2186 2586; x_wconf 77' lang='lat' dir='ltr'><strong>dixit,</strong></span> <span class='ocrx_word' id='word_1_627' title='bbox 2219 2522 2498 2579; x_wconf 82' lang='lat' dir='ltr'><strong>Abstinete</strong></span> <span class='ocrx_word' id='word_1_628' title='bbox 2528 2539 2557 2578; x_wconf 91' lang='lat' dir='ltr'><strong>a</strong></span> <span class='ocrx_word' id='word_1_629' title='bbox 2587 2525 2962 2592; x_wconf 78' lang='lat' dir='ltr'><strong>fornicatione;</strong></span> <span class='ocrx_word' id='word_1_630' title='bbox 2994 2530 3086 2584; x_wconf 92' lang='lat' dir='ltr'><strong>scd</strong></span> <span class='ocrx_word' id='word_1_631' title='bbox 3106 2572 3123 2596; x_wconf 93' lang='lat'><strong>,</strong></span> <span class='ocrx_word' id='word_1_632' title='bbox 3160 2533 3378 2603; x_wconf 80' lang='lat' dir='ltr'><strong>Fugite;</strong></span> <span class='ocrx_word' id='word_1_633' title='bbox 3410 2535 3460 2591; x_wconf 90' lang='lat' dir='ltr'><strong>id</strong></span> <span class='ocrx_word' id='word_1_634' title='bbox 3489 2547 3610 2605; x_wconf 89' lang='lat' dir='ltr'><strong>est,</strong></span> 
     </span>
    </p>
   </div>
   <div class='ocr_carea' id='block_1_82' title="bbox 2023 2607 3613 2696">
    <p class='ocr_par' dir='ltr' id='par_1_82' title="bbox 2023 2607 3613 2696">
     <span class='ocr_line' id='line_1_82' title="bbox 2023 2607 3613 2696; baseline 0.013 -34"><span class='ocrx_word' id='word_1_635' title='bbox 2023 2607 2156 2664; x_wconf 85' lang='lat' dir='ltr'><strong>Cum</strong></span> <span class='ocrx_word' id='word_1_636' title='bbox 2183 2613 2362 2667; x_wconf 90' lang='lat' dir='ltr'><strong>studio</strong></span> <span class='ocrx_word' id='word_1_637' title='bbox 2392 2612 2547 2670; x_wconf 91' lang='lat' dir='ltr'><strong>facite</strong></span> <span class='ocrx_word' id='word_1_638' title='bbox 2574 2623 2631 2669; x_wconf 92' lang='lat' dir='ltr'><strong>ut</strong></span> <span class='ocrx_word' id='word_1_639' title='bbox 2657 2630 2687 2670; x_wconf 90' lang='lat' dir='ltr'><strong>a</strong></span> <span class='ocrx_word' id='word_1_640' title='bbox 2718 2618 2860 2672; x_wconf 87' lang='lat' dir='ltr'><strong>malo</strong></span> <span class='ocrx_word' id='word_1_641' title='bbox 2891 2619 3206 2675; x_wconf 83' lang='lat' dir='ltr'><strong>liberemini.</strong></span> <span class='ocrx_word' id='word_1_642' title='bbox 3245 2624 3407 2680; x_wconf 81' lang='lat' dir='ltr'><strong>Omne</strong></span> <span class='ocrx_word' id='word_1_643' title='bbox 3433 2643 3613 2696; x_wconf 84' lang='lat' dir='ltr'><strong>pecca-</strong></span> 
     </span>
    </p>
   </div>
   <div class='ocr_carea' id='block_1_83' title="bbox 2025 2704 3614 2787">
    <p class='ocr_par' dir='ltr' id='par_1_83' title="bbox 2025 2704 3614 2787">
     <span class='ocr_line' id='line_1_83' title="bbox 2025 2704 3614 2787; baseline 0.012 -34"><span class='ocrx_word' id='word_1_644' title='bbox 2025 2710 2128 2754; x_wconf 83' lang='lat' dir='ltr'><strong>tum</strong></span> <span class='ocrx_word' id='word_1_645' title='bbox 2172 2704 2517 2774; x_wconf 77' lang='lat' dir='ltr'><strong>quodcumque</strong></span> <span class='ocrx_word' id='word_1_646' title='bbox 2559 2709 2728 2776; x_wconf 76' lang='lat' dir='ltr'><strong>fecerit</strong></span> <span class='ocrx_word' id='word_1_647' title='bbox 2773 2709 2921 2763; x_wconf 85' lang='lat' dir='ltr'><strong>homo</strong></span> <span class='ocrx_word' id='word_1_648' title='bbox 2941 2751 2956 2777; x_wconf 92' lang='lat'><strong>,</strong></span> <span class='ocrx_word' id='word_1_649' title='bbox 2988 2721 3132 2765; x_wconf 72' lang='lat' dir='ltr'><strong>extra</strong></span> <span class='ocrx_word' id='word_1_650' title='bbox 3170 2729 3355 2783; x_wconf 86' lang='lat' dir='ltr'><strong>corpus</strong></span> <span class='ocrx_word' id='word_1_651' title='bbox 3381 2727 3454 2770; x_wconf 88' lang='lat' dir='ltr'><strong>est</strong></span> <span class='ocrx_word' id='word_1_652' title='bbox 3483 2733 3503 2771; x_wconf 91' lang='lat'><strong><em>:</em></strong></span> <span class='ocrx_word' id='word_1_653' title='bbox 3525 2719 3614 2787; x_wconf 78' lang='lat' dir='ltr'><strong>qui</strong></span> 
     </span>
    </p>
   </div>
   <div class='ocr_carea' id='block_1_84' title="bbox 2023 2796 3609 2872">
    <p class='ocr_par' dir='ltr' id='par_1_84' title="bbox 2023 2796 3609 2872">
     <span class='ocr_line' id='line_1_84' title="bbox 2023 2796 3609 2872; baseline 0.012 -28"><span class='ocrx_word' id='word_1_654' title='bbox 2023 2801 2187 2845; x_wconf 88' lang='lat' dir='ltr'><strong>autem</strong></span> <span class='ocrx_word' id='word_1_655' title='bbox 2219 2796 2504 2864; x_wconf 78' lang='lat' dir='ltr'><strong>fornicatur</strong></span> <span class='ocrx_word' id='word_1_656' title='bbox 2523 2837 2536 2861; x_wconf 92' lang='lat'><strong>,</strong></span> <span class='ocrx_word' id='word_1_657' title='bbox 2567 2797 2623 2850; x_wconf 85' lang='lat' dir='ltr'><strong>in</strong></span> <span class='ocrx_word' id='word_1_658' title='bbox 2649 2814 2832 2866; x_wconf 87' lang='lat' dir='ltr'><strong>corpus</strong></span> <span class='ocrx_word' id='word_1_659' title='bbox 2860 2816 3008 2854; x_wconf 74' lang='lat' dir='ltr'><strong>suum</strong></span> <span class='ocrx_word' id='word_1_660' title='bbox 3035 2813 3227 2872; x_wconf 87' lang='lat' dir='ltr'><strong>peccat.</strong></span> <span class='ocrx_word' id='word_1_661' title='bbox 3260 2804 3374 2860; x_wconf 84' lang='lat' dir='ltr'><strong>Hoc</strong></span> <span class='ocrx_word' id='word_1_662' title='bbox 3397 2815 3478 2861; x_wconf 89' lang='lat' dir='ltr'><strong>est</strong></span> <span class='ocrx_word' id='word_1_663' title='bbox 3509 2811 3609 2862; x_wconf 89' lang='lat' dir='ltr'><strong>nti-</strong></span> 
     </span>
    </p>
   </div>
   <div class='ocr_carea' id='block_1_85' title="bbox 2023 2887 3609 2966">
    <p class='ocr_par' dir='ltr' id='par_1_85' title="bbox 2023 2887 3609 2966">
     <span class='ocr_line' id='line_1_85' title="bbox 2023 2887 3609 2966; baseline 0.008 -27"><span class='ocrx_word' id='word_1_664' title='bbox 2023 2900 2124 2940; x_wconf 90' lang='lat' dir='ltr'><strong>nus</strong></span> <span class='ocrx_word' id='word_1_665' title='bbox 2151 2887 2357 2955; x_wconf 89' lang='lat' dir='ltr'><strong>priore;</strong></span> <span class='ocrx_word' id='word_1_666' title='bbox 2381 2888 2475 2943; x_wconf 90' lang='lat' dir='ltr'><strong>sed</strong></span> <span class='ocrx_word' id='word_1_667' title='bbox 2497 2889 2620 2959; x_wconf 85' lang='lat' dir='ltr'><strong>quia</strong></span> <span class='ocrx_word' id='word_1_668' title='bbox 2641 2891 2709 2946; x_wconf 91' lang='lat' dir='ltr'><strong>ab</strong></span> <span class='ocrx_word' id='word_1_669' title='bbox 2729 2907 2794 2945; x_wconf 90' lang='lat' dir='ltr'><strong>eo</strong></span> <span class='ocrx_word' id='word_1_670' title='bbox 2814 2892 3070 2962; x_wconf 85' lang='lat' dir='ltr'><strong>agebatur</strong></span> <span class='ocrx_word' id='word_1_671' title='bbox 3088 2895 3156 2950; x_wconf 90' lang='lat' dir='ltr'><strong>de</strong></span> <span class='ocrx_word' id='word_1_672' title='bbox 3177 2895 3609 2966; x_wconf 82' lang='lat' dir='ltr'><strong>fornicatoribus,</strong></span> 
     </span>
    </p>
   </div>
   <div class='ocr_carea' id='block_1_86' title="bbox 2022 2977 3614 3055">
    <p class='ocr_par' dir='ltr' id='par_1_86' title="bbox 2022 2977 3614 3055">
     <span class='ocr_line' id='line_1_86' title="bbox 2022 2977 3614 3055; baseline 0.009 -24"><span class='ocrx_word' id='word_1_673' title='bbox 2022 2977 2256 3049; x_wconf 90' lang='lat' dir='ltr'><strong>undique</strong></span> <span class='ocrx_word' id='word_1_674' title='bbox 2281 2980 2409 3035; x_wconf 90' lang='lat' dir='ltr'><strong>illud</strong></span> <span class='ocrx_word' id='word_1_675' title='bbox 2440 2981 2646 3037; x_wconf 87' lang='lat' dir='ltr'><strong>extollit</strong></span> <span class='ocrx_word' id='word_1_676' title='bbox 2668 3024 2684 3047; x_wconf 91' lang='lat'><strong>,</strong></span> <span class='ocrx_word' id='word_1_677' title='bbox 2713 2993 2767 3038; x_wconf 91' lang='lat' dir='ltr'><strong>et</strong></span> <span class='ocrx_word' id='word_1_678' title='bbox 2796 2998 2825 3037; x_wconf 89' lang='lat' dir='ltr'><strong>a</strong></span> <span class='ocrx_word' id='word_1_679' title='bbox 2857 2984 3146 3055; x_wconf 84' lang='lat' dir='ltr'><strong>majoribus</strong></span> <span class='ocrx_word' id='word_1_680' title='bbox 3172 2997 3226 3043; x_wconf 93' lang='lat' dir='ltr'><strong>et</strong></span> <span class='ocrx_word' id='word_1_681' title='bbox 3254 3004 3284 3043; x_wconf 92' lang='lat' dir='ltr'><strong>a</strong></span> <span class='ocrx_word' id='word_1_682' title='bbox 3316 2991 3614 3047; x_wconf 89' lang='lat' dir='ltr'><strong>minoribus</strong></span> 
     </span>
    </p>
   </div>
   <div class='ocr_carea' id='block_1_87' title="bbox 2021 3071 3614 3152">
    <p class='ocr_par' dir='ltr' id='par_1_87' title="bbox 2021 3071 3614 3152">
     <span class='ocr_line' id='line_1_87' title="bbox 2021 3071 3614 3152; baseline 0.011 -29"><span class='ocrx_word' id='word_1_683' title='bbox 2021 3071 2223 3125; x_wconf 86' lang='lat' dir='ltr'><strong>crimen</strong></span> <span class='ocrx_word' id='word_1_684' title='bbox 2247 3073 2596 3144; x_wconf 84' lang='lat' dir='ltr'><strong>amplificans.</strong></span> <span class='ocrx_word' id='word_1_685' title='bbox 2625 3075 2759 3131; x_wconf 88' lang='lat' dir='ltr'><strong>lllttd</strong></span> <span class='ocrx_word' id='word_1_686' title='bbox 2781 3077 2993 3146; x_wconf 89' lang='lat' dir='ltr'><strong>quidem</strong></span> <span class='ocrx_word' id='word_1_687' title='bbox 3016 3079 3163 3149; x_wconf 89' lang='lat' dir='ltr'><strong>prius</strong></span> <span class='ocrx_word' id='word_1_688' title='bbox 3185 3082 3614 3152; x_wconf 85' lang='lat' dir='ltr'><strong>religiosioribus</strong></span> 
     </span>
    </p>
   </div>
   <div class='ocr_carea' id='block_1_88' title="bbox 2020 3165 3613 3234">
    <p class='ocr_par' dir='ltr' id='par_1_88' title="bbox 2020 3165 3613 3234">
     <span class='ocr_line' id='line_1_88' title="bbox 2020 3165 3613 3234; baseline 0.008 -15"><span class='ocrx_word' id='word_1_689' title='bbox 2020 3165 2222 3220; x_wconf 91' lang='lat' dir='ltr'><strong>dictum</strong></span> <span class='ocrx_word' id='word_1_690' title='bbox 2253 3177 2376 3234; x_wconf 92' lang='lat' dir='ltr'><strong>est,</strong></span> <span class='ocrx_word' id='word_1_691' title='bbox 2409 3167 2512 3223; x_wconf 87' lang='lat' dir='ltr'><strong>hoc</strong></span> <span class='ocrx_word' id='word_1_692' title='bbox 2550 3179 2728 3225; x_wconf 88' lang='lat' dir='ltr'><strong>autem</strong></span> <span class='ocrx_word' id='word_1_693' title='bbox 2773 3171 3225 3229; x_wconf 84' lang='lat' dir='ltr'><strong>imbecillioribus.</strong></span> <span class='ocrx_word' id='word_1_694' title='bbox 3261 3174 3391 3228; x_wconf 86' lang='lat' dir='ltr'><strong>Nam</strong></span> <span class='ocrx_word' id='word_1_695' title='bbox 3421 3184 3477 3231; x_wconf 92' lang='lat' dir='ltr'><strong>et</strong></span> <span class='ocrx_word' id='word_1_696' title='bbox 3510 3176 3613 3231; x_wconf 86' lang='lat' dir='ltr'><strong>hoc</strong></span> 
     </span>
    </p>
   </div>
   <div class='ocr_carea' id='block_1_89' title="bbox 2021 3257 3610 3336">
    <p class='ocr_par' dir='ltr' id='par_1_89' title="bbox 2021 3257 3610 3336">
     <span class='ocr_line' id='line_1_89' title="bbox 2021 3257 3610 3336; baseline 0.008 -26"><span class='ocrx_word' id='word_1_697' title='bbox 2021 3271 2232 3328; x_wconf 87' lang='lat' dir='ltr'><strong>quoque</strong></span> <span class='ocrx_word' id='word_1_698' title='bbox 2269 3257 2419 3313; x_wconf 86' lang='lat' dir='ltr'><strong>Pauli</strong></span> <span class='ocrx_word' id='word_1_699' title='bbox 2457 3260 2732 3329; x_wconf 68' lang='lat' dir='ltr'><strong>sapientiae</strong></span> <span class='ocrx_word' id='word_1_700' title='bbox 2760 3271 2882 3328; x_wconf 90' lang='lat' dir='ltr'><strong>est,</strong></span> <span class='ocrx_word' id='word_1_701' title='bbox 2922 3277 3026 3317; x_wconf 91' lang='lat' dir='ltr'><strong>non</strong></span> <span class='ocrx_word' id='word_1_702' title='bbox 3068 3265 3230 3319; x_wconf 91' lang='lat' dir='ltr'><strong>modo</strong></span> <span class='ocrx_word' id='word_1_703' title='bbox 3257 3281 3287 3319; x_wconf 90' lang='lat' dir='ltr'><strong>a</strong></span> <span class='ocrx_word' id='word_1_704' title='bbox 3319 3266 3610 3336; x_wconf 84' lang='lat' dir='ltr'><strong>majoribus</strong></span> 
     </span>
    </p>
   </div>
   <div class='ocr_carea' id='block_1_90' title="bbox 2022 3348 3610 3428">
    <p class='ocr_par' dir='ltr' id='par_1_90' title="bbox 2022 3348 3610 3428">
     <span class='ocr_line' id='line_1_90' title="bbox 2022 3348 3610 3428; baseline 0.006 -26"><span class='ocrx_word' id='word_1_705' title='bbox 2022 3348 2276 3418; x_wconf 88' lang='lat' dir='ltr'><strong>pudorem</strong></span> <span class='ocrx_word' id='word_1_706' title='bbox 2307 3349 2567 3417; x_wconf 89' lang='lat' dir='ltr'><strong>incutere,</strong></span> <span class='ocrx_word' id='word_1_707' title='bbox 2596 3351 2692 3407; x_wconf 91' lang='lat' dir='ltr'><strong>sed</strong></span> <span class='ocrx_word' id='word_1_708' title='bbox 2719 3353 2878 3407; x_wconf 85' lang='lat' dir='ltr'><strong>etiam</strong></span> <span class='ocrx_word' id='word_1_709' title='bbox 2905 3369 2937 3408; x_wconf 91' lang='lat' dir='ltr'><strong>a</strong></span> <span class='ocrx_word' id='word_1_710' title='bbox 2967 3355 3282 3423; x_wconf 89' lang='lat' dir='ltr'><strong>minoribus,</strong></span> <span class='ocrx_word' id='word_1_711' title='bbox 3312 3367 3364 3412; x_wconf 91' lang='lat' dir='ltr'><strong>et</strong></span> <span class='ocrx_word' id='word_1_712' title='bbox 3389 3372 3419 3411; x_wconf 88' lang='lat' dir='ltr'><strong>a</strong></span> <span class='ocrx_word' id='word_1_713' title='bbox 3452 3358 3610 3428; x_wconf 81' lang='lat' dir='ltr'><strong>turpi-</strong></span> 
     </span>
    </p>
   </div>
   <div class='ocr_carea' id='block_1_91' title="bbox 2023 3442 3609 3520">
    <p class='ocr_par' dir='ltr' id='par_1_91' title="bbox 2023 3442 3609 3520">
     <span class='ocr_line' id='line_1_91' title="bbox 2023 3442 3609 3520; baseline 0.005 -24"><span class='ocrx_word' id='word_1_714' title='bbox 2023 3442 2206 3496; x_wconf 91' lang='lat' dir='ltr'><strong>tudine</strong></span> <span class='ocrx_word' id='word_1_715' title='bbox 2243 3453 2403 3514; x_wconf 88' lang='lat' dir='ltr'><strong>atque</strong></span> <span class='ocrx_word' id='word_1_716' title='bbox 2449 3443 2516 3498; x_wconf 91' lang='lat' dir='ltr'><strong>ab</strong></span> <span class='ocrx_word' id='word_1_717' title='bbox 2559 3444 2834 3501; x_wconf 89' lang='lat' dir='ltr'><strong>indecoro.</strong></span> <span class='ocrx_word' id='word_1_718' title='bbox 2875 3445 3012 3512; x_wconf 90' lang='lat' dir='ltr'><strong>Quid</strong></span> <span class='ocrx_word' id='word_1_719' title='bbox 3055 3461 3216 3517; x_wconf 88' lang='lat' dir='ltr'><strong>ergo,</strong></span> <span class='ocrx_word' id='word_1_720' title='bbox 3258 3449 3498 3520; x_wconf 86' lang='lat' dir='ltr'><strong>inquies,</strong></span> <span class='ocrx_word' id='word_1_721' title='bbox 3538 3465 3609 3505; x_wconf 86' lang='lat' dir='ltr'><strong>an</strong></span> 
     </span>
    </p>
   </div>
   <div class='ocr_carea' id='block_1_92' title="bbox 2022 3531 3609 3607">
    <p class='ocr_par' dir='ltr' id='par_1_92' title="bbox 2022 3531 3609 3607">
     <span class='ocr_line' id='line_1_92' title="bbox 2022 3531 3609 3607; baseline 0.005 -21"><span class='ocrx_word' id='word_1_722' title='bbox 2022 3531 2286 3587; x_wconf 88' lang='lat' dir='ltr'><strong>homicida</strong></span> <span class='ocrx_word' id='word_1_723' title='bbox 2325 3547 2540 3588; x_wconf 90' lang='lat' dir='ltr'><strong>manum</strong></span> <span class='ocrx_word' id='word_1_724' title='bbox 2581 3549 2684 3589; x_wconf 91' lang='lat' dir='ltr'><strong>non</strong></span> <span class='ocrx_word' id='word_1_725' title='bbox 2725 3535 2955 3605; x_wconf 76' lang='lat' dir='ltr'><strong>polluit?</strong></span> <span class='ocrx_word' id='word_1_726' title='bbox 2992 3537 3117 3607; x_wconf 91' lang='lat' dir='ltr'><strong>quid</strong></span> <span class='ocrx_word' id='word_1_727' title='bbox 3160 3552 3287 3594; x_wconf 76' lang='lat' dir='ltr'><strong>vero</strong></span> <span class='ocrx_word' id='word_1_728' title='bbox 3324 3553 3515 3593; x_wconf 88' lang='lat' dir='ltr'><strong>avarus</strong></span> <span class='ocrx_word' id='word_1_729' title='bbox 3552 3547 3609 3594; x_wconf 89' lang='lat' dir='ltr'><strong>et</strong></span> 
     </span>
    </p>
   </div>
   <div class='ocr_carea' id='block_1_93' title="bbox 2021 3624 3606 3701">
    <p class='ocr_par' dir='ltr' id='par_1_93' title="bbox 2021 3624 3606 3701">
     <span class='ocr_line' id='line_1_93' title="bbox 2021 3624 3606 3701; baseline 0.004 -23"><span class='ocrx_word' id='word_1_730' title='bbox 2021 3625 2225 3693; x_wconf 82' lang='lat' dir='ltr'><strong>rapax?</strong></span> <span class='ocrx_word' id='word_1_731' title='bbox 2251 3624 2305 3679; x_wconf 94' lang='lat' dir='ltr'><strong>ld</strong></span> <span class='ocrx_word' id='word_1_732' title='bbox 2331 3626 2524 3696; x_wconf 91' lang='lat' dir='ltr'><strong>cuique</strong></span> <span class='ocrx_word' id='word_1_733' title='bbox 2553 3627 2726 3696; x_wconf 87' lang='lat' dir='ltr'><strong>palam</strong></span> <span class='ocrx_word' id='word_1_734' title='bbox 2757 3634 2842 3682; x_wconf 85' lang='lat' dir='ltr'><strong>est</strong></span> <span class='ocrx_word' id='word_1_735' title='bbox 2869 3646 2882 3682; x_wconf 89' lang='lat'><strong>:</strong></span> <span class='ocrx_word' id='word_1_736' title='bbox 2912 3628 3006 3684; x_wconf 91' lang='lat' dir='ltr'><strong>sed</strong></span> <span class='ocrx_word' id='word_1_737' title='bbox 3033 3628 3156 3700; x_wconf 87' lang='lat' dir='ltr'><strong>quia</strong></span> <span class='ocrx_word' id='word_1_738' title='bbox 3185 3628 3291 3684; x_wconf 92' lang='lat' dir='ltr'><strong>dici</strong></span> <span class='ocrx_word' id='word_1_739' title='bbox 3325 3645 3430 3686; x_wconf 91' lang='lat' dir='ltr'><strong>non</strong></span> <span class='ocrx_word' id='word_1_740' title='bbox 3461 3639 3606 3701; x_wconf 84' lang='lat' dir='ltr'><strong>pote-</strong></span> 
     </span>
    </p>
   </div>
   <div class='ocr_carea' id='block_1_94' title="bbox 2021 3716 3608 3788">
    <p class='ocr_par' dir='ltr' id='par_1_94' title="bbox 2021 3716 3608 3788">
     <span class='ocr_line' id='line_1_94' title="bbox 2021 3716 3608 3788; baseline 0.004 -16"><span class='ocrx_word' id='word_1_741' title='bbox 2021 3727 2104 3772; x_wconf 89' lang='lat' dir='ltr'><strong>rat</strong></span> <span class='ocrx_word' id='word_1_742' title='bbox 2125 3716 2258 3772; x_wconf 90' lang='lat' dir='ltr'><strong>nihil</strong></span> <span class='ocrx_word' id='word_1_743' title='bbox 2284 3732 2404 3774; x_wconf 90' lang='lat' dir='ltr'><strong>esse</strong></span> <span class='ocrx_word' id='word_1_744' title='bbox 2430 3717 2580 3788; x_wconf 85' lang='lat' dir='ltr'><strong>pejus</strong></span> <span class='ocrx_word' id='word_1_745' title='bbox 2605 3719 2948 3784; x_wconf 88' lang='lat' dir='ltr'><strong>fornicatore,</strong></span> <span class='ocrx_word' id='word_1_746' title='bbox 2970 3721 3078 3776; x_wconf 90' lang='lat' dir='ltr'><strong>alio</strong></span> <span class='ocrx_word' id='word_1_747' title='bbox 3099 3722 3260 3777; x_wconf 92' lang='lat' dir='ltr'><strong>modo</strong></span> <span class='ocrx_word' id='word_1_748' title='bbox 3281 3721 3383 3778; x_wconf 88' lang='lat' dir='ltr'><strong>hoc</strong></span> <span class='ocrx_word' id='word_1_749' title='bbox 3403 3722 3608 3778; x_wconf 89' lang='lat' dir='ltr'><strong>crimen</strong></span> 
     </span>
    </p>
   </div>
   <div class='ocr_carea' id='block_1_95' title="bbox 2021 3809 3606 3884">
    <p class='ocr_par' dir='ltr' id='par_1_95' title="bbox 2021 3809 3606 3884">
     <span class='ocr_line' id='line_1_95' title="bbox 2021 3809 3606 3884; baseline 0.003 -20"><span class='ocrx_word' id='word_1_750' title='bbox 2021 3812 2171 3865; x_wconf 81' lang='lat' dir='ltr'><strong>auxit</strong></span> <span class='ocrx_word' id='word_1_751' title='bbox 2194 3810 2395 3876; x_wconf 88' lang='lat' dir='ltr'><strong>dicens,</strong></span> <span class='ocrx_word' id='word_1_752' title='bbox 2421 3811 2475 3866; x_wconf 88' lang='lat' dir='ltr'><strong>itt</strong></span> <span class='ocrx_word' id='word_1_753' title='bbox 2508 3809 2858 3868; x_wconf 78' lang='lat' dir='ltr'><strong>fornicatione</strong></span> <span class='ocrx_word' id='word_1_754' title='bbox 2883 3820 3053 3868; x_wconf 88' lang='lat' dir='ltr'><strong>totum</strong></span> <span class='ocrx_word' id='word_1_755' title='bbox 3082 3828 3277 3884; x_wconf 89' lang='lat' dir='ltr'><strong>corpus</strong></span> <span class='ocrx_word' id='word_1_756' title='bbox 3305 3813 3420 3869; x_wconf 79' lang='lat' dir='ltr'><strong>ﬁeri</strong></span> <span class='ocrx_word' id='word_1_757' title='bbox 3447 3828 3606 3868; x_wconf 84' lang='lat' dir='ltr'><strong>exse-</strong></span> 
     </span>
    </p>
   </div>
   <div class='ocr_carea' id='block_1_96' title="bbox 2020 3900 3609 3972">
    <p class='ocr_par' dir='ltr' id='par_1_96' title="bbox 2020 3900 3609 3972">
     <span class='ocr_line' id='line_1_96' title="bbox 2020 3900 3609 3972; baseline 0.001 -16"><span class='ocrx_word' id='word_1_758' title='bbox 2020 3901 2298 3956; x_wconf 87' lang='lat' dir='ltr'><strong>crandum.</strong></span> <span class='ocrx_word' id='word_1_759' title='bbox 2321 3900 2612 3972; x_wconf 84' lang='lat' dir='ltr'><strong>Tamquam</strong></span> <span class='ocrx_word' id='word_1_760' title='bbox 2633 3903 2778 3958; x_wconf 93' lang='lat' dir='ltr'><strong>enim</strong></span> <span class='ocrx_word' id='word_1_761' title='bbox 2801 3901 3042 3958; x_wconf 90' lang='lat' dir='ltr'><strong>incidens</strong></span> <span class='ocrx_word' id='word_1_762' title='bbox 3063 3903 3116 3958; x_wconf 93' lang='lat' dir='ltr'><strong>in</strong></span> <span class='ocrx_word' id='word_1_763' title='bbox 3138 3904 3368 3960; x_wconf 84' lang='lat' dir='ltr'><strong>lebetem</strong></span> <span class='ocrx_word' id='word_1_764' title='bbox 3389 3904 3609 3958; x_wconf 58' lang='lat' dir='ltr'><strong>immun.</strong></span> 
     </span>
    </p>
   </div>
   <div class='ocr_carea' id='block_1_97' title="bbox 2021 3993 3605 4066">
    <p class='ocr_par' dir='ltr' id='par_1_97' title="bbox 2021 3993 3605 4066">
     <span class='ocr_line' id='line_1_97' title="bbox 2021 3993 3605 4066; baseline 0.001 -17"><span class='ocrx_word' id='word_1_765' title='bbox 2021 3994 2186 4058; x_wconf 69' lang='lat' dir='ltr'><strong>dititu,</strong></span> <span class='ocrx_word' id='word_1_766' title='bbox 2207 3993 2610 4064; x_wconf 88' lang='lat' dir='ltr'><strong>inquinamento</strong></span> <span class='ocrx_word' id='word_1_767' title='bbox 2629 3995 2874 4056; x_wconf 89' lang='lat' dir='ltr'><strong>tinctum,</strong></span> <span class='ocrx_word' id='word_1_768' title='bbox 2897 3995 2976 4051; x_wconf 89' lang='lat' dir='ltr'><strong>sic</strong></span> <span class='ocrx_word' id='word_1_769' title='bbox 2995 3996 3270 4066; x_wconf 89' lang='lat' dir='ltr'><strong>polluitur.</strong></span> <span class='ocrx_word' id='word_1_770' title='bbox 3297 3997 3408 4051; x_wconf 88' lang='lat' dir='ltr'><strong>Hoc</strong></span> <span class='ocrx_word' id='word_1_771' title='bbox 3426 4006 3605 4051; x_wconf 88' lang='lat' dir='ltr'><strong>autem</strong></span> 
     </span>
    </p>
   </div>
   <div class='ocr_carea' id='block_1_98' title="bbox 2024 4084 3609 4157">
    <p class='ocr_par' dir='ltr' id='par_1_98' title="bbox 2024 4084 3609 4157">
     <span class='ocr_line' id='line_1_98' title="bbox 2024 4084 3609 4157; baseline 0 -17"><span class='ocrx_word' id='word_1_772' title='bbox 2024 4087 2178 4141; x_wconf 91' lang='lat' dir='ltr'><strong>nobis</strong></span> <span class='ocrx_word' id='word_1_773' title='bbox 2207 4087 2366 4141; x_wconf 89' lang='lat' dir='ltr'><strong>etiam</strong></span> <span class='ocrx_word' id='word_1_774' title='bbox 2409 4087 2461 4141; x_wconf 92' lang='lat' dir='ltr'><strong>in</strong></span> <span class='ocrx_word' id='word_1_775' title='bbox 2492 4101 2643 4141; x_wconf 89' lang='lat' dir='ltr'><strong>more</strong></span> <span class='ocrx_word' id='word_1_776' title='bbox 2670 4095 2773 4142; x_wconf 89' lang='lat' dir='ltr'><strong>est.</strong></span> <span class='ocrx_word' id='word_1_777' title='bbox 2804 4084 2938 4141; x_wconf 82' lang='lat' dir='ltr'><strong>Nam</strong></span> <span class='ocrx_word' id='word_1_778' title='bbox 2967 4087 3034 4141; x_wconf 90' lang='lat' dir='ltr'><strong>ab</strong></span> <span class='ocrx_word' id='word_1_779' title='bbox 3058 4087 3279 4142; x_wconf 89' lang='lat' dir='ltr'><strong>avaritia</strong></span> <span class='ocrx_word' id='word_1_780' title='bbox 3309 4087 3521 4157; x_wconf 90' lang='lat' dir='ltr'><strong>quidem</strong></span> <span class='ocrx_word' id='word_1_781' title='bbox 3553 4097 3609 4142; x_wconf 93' lang='lat' dir='ltr'><strong>et</strong></span> 
     </span>
    </p>
   </div>
   <div class='ocr_carea' id='block_1_99' title="bbox 2022 4178 3607 4248">
    <p class='ocr_par' dir='ltr' id='par_1_99' title="bbox 2022 4178 3607 4248">
     <span class='ocr_line' id='line_1_99' title="bbox 2022 4178 3607 4248; baseline -0.001 -15"><span class='ocrx_word' id='word_1_782' title='bbox 2022 4178 2205 4248; x_wconf 86' lang='lat' dir='ltr'><strong>rapina</strong></span> <span class='ocrx_word' id='word_1_783' title='bbox 2236 4191 2394 4232; x_wconf 92' lang='lat' dir='ltr'><strong>nemo</strong></span> <span class='ocrx_word' id='word_1_784' title='bbox 2423 4188 2663 4233; x_wconf 88' lang='lat' dir='ltr'><strong>nostrum</strong></span> <span class='ocrx_word' id='word_1_785' title='bbox 2693 4179 2961 4234; x_wconf 86' lang='lat' dir='ltr'><strong>curaverit</strong></span> <span class='ocrx_word' id='word_1_786' title='bbox 3001 4178 3052 4232; x_wconf 90' lang='lat' dir='ltr'><strong>in</strong></span> <span class='ocrx_word' id='word_1_787' title='bbox 3083 4178 3330 4234; x_wconf 90' lang='lat' dir='ltr'><strong>balneum</strong></span> <span class='ocrx_word' id='word_1_788' title='bbox 3363 4179 3439 4232; x_wconf 89' lang='lat' dir='ltr'><strong>ire</strong></span> <span class='ocrx_word' id='word_1_789' title='bbox 3464 4220 3478 4243; x_wconf 94' lang='lat'><strong>,</strong></span> <span class='ocrx_word' id='word_1_790' title='bbox 3510 4178 3607 4232; x_wconf 88' lang='lat' dir='ltr'><strong>sed</strong></span> 
     </span>
    </p>
   </div>
   <div class='ocr_carea' id='block_1_100' title="bbox 2023 4269 3608 4326">
    <p class='ocr_par' dir='ltr' id='par_1_100' title="bbox 2023 4269 3608 4326">
     <span class='ocr_line' id='line_1_100' title="bbox 2023 4269 3608 4326; baseline -0.001 -1"><span class='ocrx_word' id='word_1_791' title='bbox 2023 4271 2139 4325; x_wconf 89' lang='lat' dir='ltr'><strong>sine</strong></span> <span class='ocrx_word' id='word_1_792' title='bbox 2163 4269 2271 4324; x_wconf 90' lang='lat' dir='ltr'><strong>ullo</strong></span> <span class='ocrx_word' id='word_1_793' title='bbox 2294 4269 2601 4325; x_wconf 89' lang='lat' dir='ltr'><strong>discrimine</strong></span> <span class='ocrx_word' id='word_1_794' title='bbox 2625 4270 2840 4325; x_wconf 90' lang='lat' dir='ltr'><strong>domum</strong></span> <span class='ocrx_word' id='word_1_795' title='bbox 2868 4271 3006 4326; x_wconf 90' lang='lat' dir='ltr'><strong>redit</strong></span> <span class='ocrx_word' id='word_1_796' title='bbox 3030 4289 3042 4324; x_wconf 88' lang='lat'><strong>:</strong></span> <span class='ocrx_word' id='word_1_797' title='bbox 3065 4284 3097 4326; x_wconf 87' lang='lat' dir='ltr'><strong>a</strong></span> <span class='ocrx_word' id='word_1_798' title='bbox 3120 4269 3266 4326; x_wconf 90' lang='lat' dir='ltr'><strong>coitu</strong></span> <span class='ocrx_word' id='word_1_799' title='bbox 3286 4278 3462 4325; x_wconf 91' lang='lat' dir='ltr'><strong>autem</strong></span> <span class='ocrx_word' id='word_1_800' title='bbox 3486 4285 3608 4325; x_wconf 93' lang='lat' dir='ltr'><strong>cum</strong></span> 
     </span>
    </p>
   </div>
   <div class='ocr_carea' id='block_1_101' title="bbox 2025 4361 3610 4426">
    <p class='ocr_par' dir='ltr' id='par_1_101' title="bbox 2025 4361 3610 4426">
     <span class='ocr_line' id='line_1_101' title="bbox 2025 4361 3610 4426; baseline 0 -10"><span class='ocrx_word' id='word_1_801' title='bbox 2025 4361 2327 4425; x_wconf 88' lang='lat' dir='ltr'><strong>meretrice,</strong></span> <span class='ocrx_word' id='word_1_802' title='bbox 2350 4375 2414 4416; x_wconf 89' lang='lat' dir='ltr'><strong>ac</strong></span> <span class='ocrx_word' id='word_1_803' title='bbox 2438 4362 2481 4416; x_wconf 88' lang='lat' dir='ltr'><strong>si</strong></span> <span class='ocrx_word' id='word_1_804' title='bbox 2511 4370 2651 4416; x_wconf 91' lang='lat' dir='ltr'><strong>totus</strong></span> <span class='ocrx_word' id='word_1_805' title='bbox 2679 4361 2985 4417; x_wconf 89' lang='lat' dir='ltr'><strong>immundus</strong></span> <span class='ocrx_word' id='word_1_806' title='bbox 3010 4363 3079 4418; x_wconf 88' lang='lat' dir='ltr'><strong>sit</strong></span> <span class='ocrx_word' id='word_1_807' title='bbox 3104 4361 3346 4426; x_wconf 79' lang='lat' dir='ltr'><strong>effectus,</strong></span> <span class='ocrx_word' id='word_1_808' title='bbox 3373 4361 3439 4416; x_wconf 92' lang='lat' dir='ltr'><strong>ad</strong></span> <span class='ocrx_word' id='word_1_809' title='bbox 3467 4363 3610 4416; x_wconf 78' lang='lat' dir='ltr'><strong>lava-</strong></span> 
     </span>
    </p>
   </div>
   <div class='ocr_carea' id='block_1_102' title="bbox 2023 4453 3611 4524">
    <p class='ocr_par' dir='ltr' id='par_1_102' title="bbox 2023 4453 3611 4524">
     <span class='ocr_line' id='line_1_102' title="bbox 2023 4453 3611 4524; baseline 0 -15"><span class='ocrx_word' id='word_1_810' title='bbox 2023 4469 2174 4509; x_wconf 87' lang='lat' dir='ltr'><strong>crum</strong></span> <span class='ocrx_word' id='word_1_811' title='bbox 2201 4455 2347 4508; x_wconf 84' lang='lat' dir='ltr'><strong>venit</strong></span> <span class='ocrx_word' id='word_1_812' title='bbox 2377 4475 2389 4509; x_wconf 91' lang='lat'>:</span> <span class='ocrx_word' id='word_1_813' title='bbox 2418 4455 2488 4507; x_wconf 91' lang='lat' dir='ltr'><strong>ita</strong></span> <span class='ocrx_word' id='word_1_814' title='bbox 2517 4453 2811 4522; x_wconf 88' lang='lat' dir='ltr'><strong>turpiorem</strong></span> <span class='ocrx_word' id='word_1_815' title='bbox 2839 4453 3120 4524; x_wconf 88' lang='lat' dir='ltr'><strong>quamdam</strong></span> <span class='ocrx_word' id='word_1_816' title='bbox 3151 4453 3511 4523; x_wconf 88' lang='lat' dir='ltr'><strong>suspicionem</strong></span> <span class='ocrx_word' id='word_1_817' title='bbox 3543 4471 3611 4509; x_wconf 81' lang='lat' dir='ltr'><strong>ex</strong></span> 
     </span>
    </p>
   </div>
   <div class='ocr_carea' id='block_1_103' title="bbox 2025 4547 3611 4620">
    <p class='ocr_par' dir='ltr' id='par_1_103' title="bbox 2025 4547 3611 4620">
     <span class='ocr_line' id='line_1_103' title="bbox 2025 4547 3611 4620; baseline -0.001 -16"><span class='ocrx_word' id='word_1_818' title='bbox 2025 4551 2126 4606; x_wconf 93' lang='lat' dir='ltr'><strong>hoc</strong></span> <span class='ocrx_word' id='word_1_819' title='bbox 2153 4559 2370 4620; x_wconf 85' lang='lat' dir='ltr'><strong>peccato</strong></span> <span class='ocrx_word' id='word_1_820' title='bbox 2399 4548 2559 4604; x_wconf 87' lang='lat' dir='ltr'><strong>habet</strong></span> <span class='ocrx_word' id='word_1_821' title='bbox 2581 4549 2925 4603; x_wconf 77' lang='lat' dir='ltr'><strong>conscientia.</strong></span> <span class='ocrx_word' id='word_1_822' title='bbox 2955 4547 3253 4618; x_wconf 87' lang='lat' dir='ltr'><strong>Utrumque</strong></span> <span class='ocrx_word' id='word_1_823' title='bbox 3278 4556 3424 4603; x_wconf 89' lang='lat' dir='ltr'><strong>certe</strong></span> <span class='ocrx_word' id='word_1_824' title='bbox 3448 4562 3611 4617; x_wconf 77' lang='lat' dir='ltr'><strong>grave</strong></span> 
     </span>
    </p>
   </div>
   <div class='ocr_carea' id='block_1_104' title="bbox 2024 4638 3610 4709">
    <p class='ocr_par' dir='ltr' id='par_1_104' title="bbox 2024 4638 3610 4709">
     <span class='ocr_line' id='line_1_104' title="bbox 2024 4638 3610 4709; baseline -0.006 -10"><span class='ocrx_word' id='word_1_825' title='bbox 2024 4653 2144 4708; x_wconf 84' lang='lat' dir='ltr'><strong>est,</strong></span> <span class='ocrx_word' id='word_1_826' title='bbox 2180 4639 2402 4696; x_wconf 80' lang='lat' dir='ltr'><strong>avaritia</strong></span> <span class='ocrx_word' id='word_1_827' title='bbox 2442 4655 2636 4709; x_wconf 88' lang='lat' dir='ltr'><strong>nempe</strong></span> <span class='ocrx_word' id='word_1_828' title='bbox 2677 4650 2729 4694; x_wconf 91' lang='lat' dir='ltr'><strong>et</strong></span> <span class='ocrx_word' id='word_1_829' title='bbox 2774 4639 3090 4704; x_wconf 85' lang='lat' dir='ltr'><strong>fornicatio,</strong></span> <span class='ocrx_word' id='word_1_830' title='bbox 3125 4648 3181 4692; x_wconf 87' lang='lat' dir='ltr'><strong>et</strong></span> <span class='ocrx_word' id='word_1_831' title='bbox 3219 4638 3272 4692; x_wconf 92' lang='lat' dir='ltr'><strong>in</strong></span> <span class='ocrx_word' id='word_1_832' title='bbox 3311 4639 3610 4706; x_wconf 87' lang='lat' dir='ltr'><strong>gehennam</strong></span> 
     </span>
    </p>
   </div>
   <div class='ocr_carea' id='block_1_105' title="bbox 2025 4729 3609 4806">
    <p class='ocr_par' dir='ltr' id='par_1_105' title="bbox 2025 4729 3609 4806">
     <span class='ocr_line' id='line_1_105' title="bbox 2025 4729 3609 4806; baseline -0.005 -16"><span class='ocrx_word' id='word_1_833' title='bbox 2025 4735 2230 4806; x_wconf 90' lang='lat' dir='ltr'><strong>injicit:</strong></span> <span class='ocrx_word' id='word_1_834' title='bbox 2254 4749 2439 4791; x_wconf 89' lang='lat' dir='ltr'><strong>verum</strong></span> <span class='ocrx_word' id='word_1_835' title='bbox 2467 4734 2588 4804; x_wconf 90' lang='lat' dir='ltr'><strong>quia</strong></span> <span class='ocrx_word' id='word_1_836' title='bbox 2622 4732 2814 4786; x_wconf 86' lang='lat' dir='ltr'><strong>Paulus</strong></span> <span class='ocrx_word' id='word_1_837' title='bbox 2838 4732 3016 4786; x_wconf 87' lang='lat' dir='ltr'><strong>omnia</strong></span> <span class='ocrx_word' id='word_1_838' title='bbox 3042 4729 3374 4786; x_wconf 74' lang='lat' dir='ltr'><strong>teconomice</strong></span> <span class='ocrx_word' id='word_1_839' title='bbox 3398 4737 3455 4784; x_wconf 91' lang='lat' dir='ltr'><strong>et</strong></span> <span class='ocrx_word' id='word_1_840' title='bbox 3479 4744 3609 4798; x_wconf 86' lang='lat' dir='ltr'><strong>pru-</strong></span> 
     </span>
    </p>
   </div>
   <div class='ocr_carea' id='block_1_106' title="bbox 2023 4819 3611 4894">
    <p class='ocr_par' dir='ltr' id='par_1_106' title="bbox 2023 4819 3611 4894">
     <span class='ocr_line' id='line_1_106' title="bbox 2023 4819 3611 4894; baseline -0.006 -9"><span class='ocrx_word' id='word_1_841' title='bbox 2023 4831 2214 4885; x_wconf 85' lang='lat' dir='ltr'><strong>denter</strong></span> <span class='ocrx_word' id='word_1_842' title='bbox 2239 4825 2612 4891; x_wconf 89' lang='lat' dir='ltr'><strong>administrat,</strong></span> <span class='ocrx_word' id='word_1_843' title='bbox 2644 4839 2763 4894; x_wconf 70' lang='lat' dir='ltr'><strong>quae</strong></span> <span class='ocrx_word' id='word_1_844' title='bbox 2789 4823 3142 4892; x_wconf 88' lang='lat' dir='ltr'><strong>suppetebant</strong></span> <span class='ocrx_word' id='word_1_845' title='bbox 3166 4820 3342 4874; x_wconf 89' lang='lat' dir='ltr'><strong>omnia</strong></span> <span class='ocrx_word' id='word_1_846' title='bbox 3367 4819 3611 4876; x_wconf 86' lang='lat' dir='ltr'><strong>adhibuit</strong></span> 
     </span>
    </p>
   </div>
   <div class='ocr_carea' id='block_1_107' title="bbox 2025 4911 3610 4983">
    <p class='ocr_par' dir='ltr' id='par_1_107' title="bbox 2025 4911 3610 4983">
     <span class='ocr_line' id='line_1_107' title="bbox 2025 4911 3610 4983; baseline -0.004 -9"><span class='ocrx_word' id='word_1_847' title='bbox 2025 4921 2090 4974; x_wconf 91' lang='lat' dir='ltr'><strong>ad</strong></span> <span class='ocrx_word' id='word_1_848' title='bbox 2122 4918 2488 4974; x_wconf 88' lang='lat' dir='ltr'><strong>fornicationis</strong></span> <span class='ocrx_word' id='word_1_849' title='bbox 2517 4917 2718 4971; x_wconf 90' lang='lat' dir='ltr'><strong>crimen</strong></span> <span class='ocrx_word' id='word_1_850' title='bbox 2757 4914 3076 4983; x_wconf 88' lang='lat' dir='ltr'><strong>augendum.</strong></span> <span class='ocrx_word' id='word_1_851' title='bbox 3127 4912 3216 4968; x_wconf 78' lang='grc'><strong>19.</strong></span> <span class='ocrx_word' id='word_1_852' title='bbox 3260 4911 3341 4966; x_wconf 83' lang='grc' dir='ltr'><strong>Αη</strong></span> <span class='ocrx_word' id='word_1_853' title='bbox 3369 4913 3610 4978; x_wconf 86' lang='lat' dir='ltr'><strong>nescitis,</strong></span> 
     </span>
    </p>
   </div>
   <div class='ocr_carea' id='block_1_108' title="bbox 2025 5006 3616 5084">
    <p class='ocr_par' dir='ltr' id='par_1_108' title="bbox 2025 5006 3616 5084">
     <span class='ocr_line' id='line_1_108' title="bbox 2025 5006 3616 5084; baseline -0.004 -16"><span class='ocrx_word' id='word_1_854' title='bbox 2025 5015 2161 5084; x_wconf 84' lang='lat' dir='ltr'><strong>quod</strong></span> <span class='ocrx_word' id='word_1_855' title='bbox 2187 5029 2370 5083; x_wconf 80' lang='lat' dir='ltr'><strong>corpus</strong></span> <span class='ocrx_word' id='word_1_856' title='bbox 2399 5019 2615 5063; x_wconf 80' lang='lat' dir='ltr'><strong>vestrum</strong></span> <span class='ocrx_word' id='word_1_857' title='bbox 2657 5007 2899 5076; x_wconf 80' lang='lat' dir='ltr'><strong>templum</strong></span> <span class='ocrx_word' id='word_1_858' title='bbox 2937 5015 3011 5061; x_wconf 90' lang='lat' dir='ltr'><strong>est</strong></span> <span class='ocrx_word' id='word_1_859' title='bbox 3038 5007 3148 5077; x_wconf 86' lang='lat' dir='ltr'><strong>ejus</strong></span> <span class='ocrx_word' id='word_1_860' title='bbox 3183 5007 3270 5079; x_wconf 74' lang='lat' dir='ltr'><strong>qui</strong></span> <span class='ocrx_word' id='word_1_861' title='bbox 3298 5007 3350 5060; x_wconf 89' lang='lat' dir='ltr'><strong>in</strong></span> <span class='ocrx_word' id='word_1_862' title='bbox 3377 5006 3515 5061; x_wconf 81' lang='lat' dir='ltr'><strong>vobis</strong></span> <span class='ocrx_word' id='word_1_863' title='bbox 3541 5017 3616 5062; x_wconf 88' lang='lat' dir='ltr'><strong>est</strong></span> 
     </span>
    </p>
   </div>
   <div class='ocr_carea' id='block_1_109' title="bbox 2027 5104 2480 5177">
    <p class='ocr_par' dir='ltr' id='par_1_109' title="bbox 2027 5104 2480 5177">
     <span class='ocr_line' id='line_1_109' title="bbox 2027 5104 2480 5177; baseline -0.011 -15"><span class='ocrx_word' id='word_1_864' title='bbox 2027 5107 2252 5177; x_wconf 86' lang='lat' dir='ltr'><strong>Spiritus</strong></span> <span class='ocrx_word' id='word_1_865' title='bbox 2277 5104 2480 5159; x_wconf 79' lang='lat' dir='ltr'><strong>sancti?</strong></span> 
     </span>
    </p>
   </div>
   <div class='ocr_carea' id='block_1_110' title="bbox 2095 5190 3613 5266">
    <p class='ocr_par' dir='ltr' id='par_1_110' title="bbox 2095 5190 3613 5266">
     <span class='ocr_line' id='line_1_110' title="bbox 2095 5190 3613 5266; baseline -0.007 -12"><span class='ocrx_word' id='word_1_866' title='bbox 2095 5199 2151 5254; x_wconf 74' lang='grc'><strong>2.</strong></span> <span class='ocrx_word' id='word_1_867' title='bbox 2195 5199 2308 5253; x_wconf 84' lang='lat' dir='ltr'><strong>Non</strong></span> <span class='ocrx_word' id='word_1_868' title='bbox 2337 5194 2652 5266; x_wconf 90' lang='lat' dir='ltr'><strong>simpliciter</strong></span> <span class='ocrx_word' id='word_1_869' title='bbox 2680 5192 2850 5260; x_wconf 83' lang='lat' dir='ltr'><strong>dixit,</strong></span> <span class='ocrx_word' id='word_1_870' title='bbox 2883 5191 3142 5264; x_wconf 83' lang='lat' dir='ltr'><strong>Spiritus;</strong></span> <span class='ocrx_word' id='word_1_871' title='bbox 3171 5192 3287 5256; x_wconf 89' lang='lat' dir='ltr'><strong>sed,</strong></span> <span class='ocrx_word' id='word_1_872' title='bbox 3322 5191 3422 5258; x_wconf 72' lang='lat' dir='ltr'><strong>Qui</strong></span> <span class='ocrx_word' id='word_1_873' title='bbox 3445 5190 3497 5244; x_wconf 85' lang='lat' dir='ltr'><strong>in</strong></span> <span class='ocrx_word' id='word_1_874' title='bbox 3527 5205 3613 5244; x_wconf 69' lang='lat' dir='ltr'><strong>ro-</strong></span> 
     </span>
    </p>
   </div>
   <div class='ocr_carea' id='block_1_111' title="bbox 2026 5280 3609 5360">
    <p class='ocr_par' dir='ltr' id='par_1_111' title="bbox 2026 5280 3609 5360">
     <span class='ocr_line' id='line_1_111' title="bbox 2026 5280 3609 5360; baseline -0.006 -15"><span class='ocrx_word' id='word_1_875' title='bbox 2026 5292 2101 5346; x_wconf 87' lang='lat' dir='ltr'><strong>bis</strong></span> <span class='ocrx_word' id='word_1_876' title='bbox 2121 5301 2211 5356; x_wconf 83' lang='lat' dir='ltr'><strong>est,</strong></span> <span class='ocrx_word' id='word_1_877' title='bbox 2236 5288 2376 5360; x_wconf 92' lang='lat' dir='ltr'><strong>quod</strong></span> <span class='ocrx_word' id='word_1_878' title='bbox 2396 5287 2726 5343; x_wconf 89' lang='lat' dir='ltr'><strong>consolantis</strong></span> <span class='ocrx_word' id='word_1_879' title='bbox 2745 5295 2862 5342; x_wconf 89' lang='lat' dir='ltr'><strong>erat</strong></span> <span class='ocrx_word' id='word_1_880' title='bbox 2884 5301 2900 5343; x_wconf 86' lang='lat'><strong>:</strong></span> <span class='ocrx_word' id='word_1_881' title='bbox 2923 5296 2977 5341; x_wconf 93' lang='lat' dir='ltr'><strong>et</strong></span> <span class='ocrx_word' id='word_1_882' title='bbox 2997 5299 3183 5340; x_wconf 90' lang='lat' dir='ltr'><strong>rursus</strong></span> <span class='ocrx_word' id='word_1_883' title='bbox 3203 5284 3474 5353; x_wconf 78' lang='lat' dir='ltr'><strong>explicans</strong></span> <span class='ocrx_word' id='word_1_884' title='bbox 3494 5280 3570 5334; x_wconf 90' lang='lat' dir='ltr'><strong>ait</strong></span> <span class='ocrx_word' id='word_1_885' title='bbox 3595 5299 3609 5336; x_wconf 91' lang='lat'><strong>:</strong></span> 
     </span>
    </p>
   </div>
   <div class='ocr_carea' id='block_1_112' title="bbox 2029 5373 3613 5450">
    <p class='ocr_par' dir='ltr' id='par_1_112' title="bbox 2029 5373 3613 5450">
     <span class='ocr_line' id='line_1_112' title="bbox 2029 5373 3613 5450; baseline -0.004 -13"><span class='ocrx_word' id='word_1_886' title='bbox 2029 5384 2190 5450; x_wconf 86' lang='lat' dir='ltr'><strong>Quem</strong></span> <span class='ocrx_word' id='word_1_887' title='bbox 2221 5383 2412 5436; x_wconf 84' lang='lat' dir='ltr'><strong>habetis</strong></span> <span class='ocrx_word' id='word_1_888' title='bbox 2441 5398 2472 5434; x_wconf 86' lang='lat' dir='ltr'><strong>a</strong></span> <span class='ocrx_word' id='word_1_889' title='bbox 2497 5379 2628 5434; x_wconf 88' lang='lat' dir='ltr'><strong>Deo.</strong></span> <span class='ocrx_word' id='word_1_890' title='bbox 2672 5379 2806 5434; x_wconf 81' lang='lat' dir='ltr'><strong>Eum</strong></span> <span class='ocrx_word' id='word_1_891' title='bbox 2833 5380 2922 5450; x_wconf 89' lang='lat' dir='ltr'><strong>qui</strong></span> <span class='ocrx_word' id='word_1_892' title='bbox 2953 5378 3098 5432; x_wconf 89' lang='lat' dir='ltr'><strong>dedit</strong></span> <span class='ocrx_word' id='word_1_893' title='bbox 3129 5377 3346 5445; x_wconf 87' lang='lat' dir='ltr'><strong>posuit,</strong></span> <span class='ocrx_word' id='word_1_894' title='bbox 3373 5373 3528 5427; x_wconf 85' lang='lat' dir='ltr'><strong>simul</strong></span> <span class='ocrx_word' id='word_1_895' title='bbox 3559 5382 3613 5430; x_wconf 89' lang='lat' dir='ltr'><strong>et</strong></span> 
     </span>
    </p>
   </div>
   <div class='ocr_carea' id='block_1_113' title="bbox 2028 5464 3613 5536">
    <p class='ocr_par' dir='ltr' id='par_1_113' title="bbox 2028 5464 3613 5536">
     <span class='ocr_line' id='line_1_113' title="bbox 2028 5464 3613 5536; baseline -0.007 -5"><span class='ocrx_word' id='word_1_896' title='bbox 2028 5476 2306 5531; x_wconf 90' lang='lat' dir='ltr'><strong>sublimem</strong></span> <span class='ocrx_word' id='word_1_897' title='bbox 2337 5472 2567 5528; x_wconf 86' lang='lat' dir='ltr'><strong>reddens</strong></span> <span class='ocrx_word' id='word_1_898' title='bbox 2593 5471 2912 5536; x_wconf 87' lang='lat' dir='ltr'><strong>auditorem,</strong></span> <span class='ocrx_word' id='word_1_899' title='bbox 2935 5479 2987 5524; x_wconf 91' lang='lat' dir='ltr'><strong>et</strong></span> <span class='ocrx_word' id='word_1_900' title='bbox 3003 5481 3219 5523; x_wconf 83' lang='lat' dir='ltr'><strong>terrens</strong></span> <span class='ocrx_word' id='word_1_901' title='bbox 3247 5464 3613 5536; x_wconf 81' lang='lat' dir='ltr'><strong>magnitudine</strong></span> 
     </span>
    </p>
   </div>
   <div class='ocr_carea' id='block_1_114' title="bbox 2028 5556 3614 5638">
    <p class='ocr_par' dir='ltr' id='par_1_114' title="bbox 2028 5556 3614 5638">
     <span class='ocr_line' id='line_1_114' title="bbox 2028 5556 3614 5638; baseline -0.006 -16"><span class='ocrx_word' id='word_1_902' title='bbox 2028 5568 2254 5638; x_wconf 81' lang='lat' dir='ltr'><strong>depositi</strong></span> <span class='ocrx_word' id='word_1_903' title='bbox 2278 5609 2293 5628; x_wconf 88' lang='lat'><strong>,</strong></span> <span class='ocrx_word' id='word_1_904' title='bbox 2326 5575 2383 5622; x_wconf 89' lang='lat' dir='ltr'><strong>et</strong></span> <span class='ocrx_word' id='word_1_905' title='bbox 2418 5565 2686 5620; x_wconf 90' lang='lat' dir='ltr'><strong>desiderio</strong></span> <span class='ocrx_word' id='word_1_906' title='bbox 2717 5562 2998 5633; x_wconf 84' lang='lat' dir='ltr'><strong>studioque</strong></span> <span class='ocrx_word' id='word_1_907' title='bbox 3033 5561 3372 5630; x_wconf 88' lang='lat' dir='ltr'><strong>deponentis.</strong></span> <span class='ocrx_word' id='word_1_908' title='bbox 3410 5556 3471 5613; x_wconf 82' lang='lat' dir='ltr'><strong>Et</strong></span> <span class='ocrx_word' id='word_1_909' title='bbox 3509 5575 3614 5613; x_wconf 76' lang='lat' dir='ltr'><strong>non</strong></span> 
     </span>
    </p>
   </div>
   <div class='ocr_carea' id='block_1_115' title="bbox 2029 5650 3614 5728">
    <p class='ocr_par' dir='ltr' id='par_1_115' title="bbox 2029 5650 3614 5728">
     <span class='ocr_line' id='line_1_115' title="bbox 2029 5650 3614 5728; baseline -0.006 -13"><span class='ocrx_word' id='word_1_910' title='bbox 2029 5663 2147 5716; x_wconf 87' lang='lat' dir='ltr'><strong>estis</strong></span> <span class='ocrx_word' id='word_1_911' title='bbox 2183 5659 2352 5714; x_wconf 78' lang='lat' dir='ltr'><strong>vestri.</strong></span> <span class='ocrx_word' id='word_1_912' title='bbox 2402 5657 2514 5713; x_wconf 88' lang='lat' dir='ltr'><strong>Hoc</strong></span> <span class='ocrx_word' id='word_1_913' title='bbox 2552 5672 2657 5710; x_wconf 89' lang='lat' dir='ltr'><strong>non</strong></span> <span class='ocrx_word' id='word_1_914' title='bbox 2698 5653 2952 5728; x_wconf 87' lang='lat' dir='ltr'><strong>pudorem</strong></span> <span class='ocrx_word' id='word_1_915' title='bbox 2994 5653 3272 5708; x_wconf 84' lang='lat' dir='ltr'><strong>inferentis</strong></span> <span class='ocrx_word' id='word_1_916' title='bbox 3309 5650 3468 5707; x_wconf 92' lang='lat' dir='ltr'><strong>modo</strong></span> <span class='ocrx_word' id='word_1_917' title='bbox 3495 5662 3614 5718; x_wconf 90' lang='lat' dir='ltr'><strong>est,</strong></span> 
     </span>
    </p>
   </div>
   <div class='ocr_carea' id='block_1_116' title="bbox 2029 5744 3615 5820">
    <p class='ocr_par' dir='ltr' id='par_1_116' title="bbox 2029 5744 3615 5820">
     <span class='ocr_line' id='line_1_116' title="bbox 2029 5744 3615 5820; baseline -0.004 -14"><span class='ocrx_word' id='word_1_918' title='bbox 2029 5753 2124 5808; x_wconf 89' lang='lat' dir='ltr'><strong>sed</strong></span> <span class='ocrx_word' id='word_1_919' title='bbox 2151 5751 2310 5807; x_wconf 89' lang='lat' dir='ltr'><strong>etiam</strong></span> <span class='ocrx_word' id='word_1_920' title='bbox 2337 5747 2580 5820; x_wconf 88' lang='lat' dir='ltr'><strong>cogentis</strong></span> <span class='ocrx_word' id='word_1_921' title='bbox 2606 5747 2671 5802; x_wconf 90' lang='lat' dir='ltr'><strong>ad</strong></span> <span class='ocrx_word' id='word_1_922' title='bbox 2697 5746 2968 5801; x_wconf 82' lang='lat' dir='ltr'><strong>virtutem.</strong></span> <span class='ocrx_word' id='word_1_923' title='bbox 2995 5745 3131 5814; x_wconf 85' lang='lat' dir='ltr'><strong>Quid</strong></span> <span class='ocrx_word' id='word_1_924' title='bbox 3163 5745 3339 5800; x_wconf 85' lang='lat' dir='ltr'><strong>enim?</strong></span> <span class='ocrx_word' id='word_1_925' title='bbox 3367 5744 3508 5814; x_wconf 90' lang='lat' dir='ltr'><strong>quod</strong></span> <span class='ocrx_word' id='word_1_926' title='bbox 3537 5745 3615 5800; x_wconf 77' lang='lat' dir='ltr'><strong>vis</strong></span> 
     </span>
    </p>
   </div>
   <div class='ocr_carea' id='block_1_117' title="bbox 2031 5834 3615 5913">
    <p class='ocr_par' dir='ltr' id='par_1_117' title="bbox 2031 5834 3615 5913">
     <span class='ocr_line' id='line_1_117' title="bbox 2031 5834 3615 5913; baseline -0.008 -15"><span class='ocrx_word' id='word_1_927' title='bbox 2031 5842 2160 5900; x_wconf 87' lang='lat' dir='ltr'><strong>facis</strong></span> <span class='ocrx_word' id='word_1_928' title='bbox 2183 5885 2200 5913; x_wconf 98' lang='lat'><strong>,</strong></span> <span class='ocrx_word' id='word_1_929' title='bbox 2228 5842 2310 5898; x_wconf 87' lang='lat' dir='ltr'><strong>ais</strong></span> <span class='ocrx_word' id='word_1_930' title='bbox 2337 5859 2350 5896; x_wconf 90' lang='lat'><strong>:</strong></span> <span class='ocrx_word' id='word_1_931' title='bbox 2379 5856 2484 5897; x_wconf 90' lang='lat' dir='ltr'><strong>non</strong></span> <span class='ocrx_word' id='word_1_932' title='bbox 2515 5853 2576 5897; x_wconf 88' lang='lat' dir='ltr'><strong>es</strong></span> <span class='ocrx_word' id='word_1_933' title='bbox 2605 5839 2680 5893; x_wconf 91' lang='lat' dir='ltr'><strong>tui</strong></span> <span class='ocrx_word' id='word_1_934' title='bbox 2708 5837 2977 5894; x_wconf 88' lang='lat' dir='ltr'><strong>dominus.</strong></span> <span class='ocrx_word' id='word_1_935' title='bbox 3013 5839 3136 5892; x_wconf 61' lang='lat' dir='ltr'><strong>llaec</strong></span> <span class='ocrx_word' id='word_1_936' title='bbox 3162 5845 3337 5890; x_wconf 87' lang='lat' dir='ltr'><strong>autem</strong></span> <span class='ocrx_word' id='word_1_937' title='bbox 3364 5834 3574 5890; x_wconf 80' lang='lat' dir='ltr'><strong>dicebat</strong></span> <span class='ocrx_word' id='word_1_938' title='bbox 3595 5870 3615 5902; x_wconf 90' lang='lat'><strong>,</strong></span> 
     </span>
    </p>
   </div>
  </div>
