4086 6214
322 338 427 393 I67

318 456 557 513 ἐνταῦθα
591 460 764 516 πάλιν
808 462 1059 535 γράφων,
1091 462 1174 517 δτι
1230 464 1350 518 οὐκ
1388 460 1810 525 ἐστὲ.ἐαυτ‹ῖη·,
1841 460 1903 512 οὐ

314 543 382 612 τῇ
413 542 740 613 προαιρέσει
767 543 1113 615 λυμαίνεται,
1143 546 1278 600 ἀλλά
1301 546 1404 616 τῆς
1430 545 1629 611 κακίας
1672 545 1900 612 ἀπάγει,

314 623 413 677 καὶ
456 624 551 678 τοῦ
595 628 873 681 Δεσπότου
914 629 1015 699 τὴν
1051 629 1376 700 κηδεμονίαν
1420 628 1774 684 ἐνδείκνυται.
1811 627 1904 680 Διὸ

313 708 411 760 καὶ
442 709 761 777 ἐπήγαγεν*
820 710 1223 780 Ἤτοράσθητε
1245 713 1358 782 γὰρ
1389 712 1584 783 τιμῆς.
1621 712 1683 764 Εἰ
1710 710 1766 764 δὲ
1803 710 1903 762 οὐκ

315 790 434 860 εἰμὶ
453 790 719 859 ἐμαυτοῦ,
761 792 879 855 πῶς
910 810 977 864 με
997 796 1251 859 ἀπαιτεῖς
1278 796 1347 850 τὰ
1380 793 1660 867 πρακτέα;
1697 793 1814 856 πῶς
1843 792 1901 847 δὲ

313 872 520 943 προῖὼν
546 873 731 941 λέγεις
758 874 940 941 πάλιν,
972 876 1278 942 Δοξάσατε
1306 878 1383 947 δὴ
1406 879 1516 932 τόν
1550 877 1701 933 Θεὸν
1723 876 1794 930 ἐν
1819 874 1901 942 τῷ

312 954 539 1024 σώματι
572 957 746 1027 ὑμῶν
783 958 883 1015 καί
932 958 1004 1013 ἐν
1032 960 1113 1027 τῷ
1151 962 1443 1031 πνεύματι
1490 959 1679 1032 ὑμῶν,
1724 959 1899 1015 ἅτινά

308 1039 441 1092 ἐστι
468 1039 578 1092 τοῦ
614 1041 764 1095 Θεοῦ
781 1057 801 1106 ;

379 1122 447 1175 Τί
478 1119 577 1177 οὖν
609 1126 727 1177 ἐστι
773 1126 853 1191 τὸ,
882 1128 1005 1181 Οὐκ
1030 1126 1173 1182 ἐστὲ
1204 1126 1466 1191 ἐαυτῶν;
1499 1127 1596 1182 καὶ
1624 1127 1678 1180 τί
1700 1126 1767 1181 δι’
1798 1127 1896 1180 αύ-

303 1206 400 1260 τοῦ
437 1209 849 1263 κατασκευάσαι
881 1207 1159 1280 βούλεταις
1199 1211 1290 1264 Ἐν
1317 1210 1586 1282 ἀσφαλείᾳ
1612 1212 1893 1280 καταστῆ-

307 1306 400 1342 σαι
449 1290 549 1344 τοῦ
596 1291 673 1362 μὴ
712 1293 1048 1363 ἁμαρτάνειν
1084 1292 1218 1365 μηδέ
1265 1297 1385 1359 ταῖς
1437 1294 1755 1363 ἐπιθυμίαις
1791 1296 1893 1365 τῆς

302 1371 487 1443 ψυχῆς
530 1373 844 1429 ἀκολουθεῖν
866 1379 988 1440 ταῖς
1019 1377 1260 1441 ἀτόποις.
1286 1377 1396 1431 Καὶ
1433 1377 1541 1447 γὰρ
1574 1377 1744 1431 πολλὰ
1772 1377 1895 1447 βουο

304 1455 511 1525 λόμεθα
549 1457 750 1521 ἄτοπα,
783 1458 922 1513 ἀλλά
963 1460 1215 1532 κατέχειν
1261 1461 1371 1514 δεῖ·
1418 1460 1698 1532 δυνάμεθα
1743 1462 1887 1533 γάρ·

1345 338 1411 394 IN
1451 338 1674 399 EPIST.
1711 341 1730 398 I
1768 343 1859 398 Δῐ)
1896 340 2057 398 COB.
2095 342 2332 402 IIOMIL.
2377 345 2558 402 XVIII.

2013 459 2113 544 τὸν
2143 461 2297 544 ἄγειν
2338 462 2511 533 αὐτὴν
2538 462 2632 515 ἐπὶ
2660 460 2723 515 τὸ
2747 469 3028 537 πορνεῖον·
3061 466 3211 537 ἀπαξ
3243 469 3351 544 γὰρ
3381 472 3590 541 ἔδωκας

2012 542 2104 626 καί
2129 543 2439 612 ἐπώλησας.
2460 545 2714 598 Τοιοῦτόν
2736 547 2850 600 ἐστι
2883 551 2979 602 καὶ
3000 549 3062 603 τὸ
3081 542 3349 624 ἡμέτερον
3366 572 3382 587 ’
3406 556 3590 626 ἐξεμι-

2005 623 2295 711 σθῶοαμεν
2344 627 2464 711 τὴνᾉ
2488 628 2671 698 σάρκα
2729 631 2830 700 τὴν
2861 633 3070 686 ἐαυτῶν
3111 634 3191 706 τῷ
3218 623 3472 710 διαϐόλῳ,
3502 623 3591 711 τῷ

2001 707 2223 779 χαλεπῷ
2266 709 2620 781 πορνοδοσκῷ
2644 728 2656 741 ⁸
2697 712 2823 767 ἰδὼν
2850 715 2879 767 6
2910 715 3166 786 Χριστὸς,
3194 707 3464 790 ἐρρύσατο
3486 707 3587 774 αύλ

1999 791 2101 877 τῂν
2128 793 2223 877 καὶ
2251 792 2529 865 ἀπήλλαξε
2574 797 2673 864 τῆς
2711 799 2956 870 πονηρᾶς
2993 800 3304 872 τυραννίδος
3330 804 3547 877 ἐκείνης
3565 821 3583 838 ο

1996 875 2060 927 ού
2080 875 2261 929 τοίνυν
2286 877 2437 930 ἐστὶν
2463 877 2708 950 ήμετέρα
2736 879 2945 943 λοιπὸν,
2973 882 3107 935 ἀλλά
3132 882 3227 936 τοῦ
3250 875 3581 956 ῥυσαμένου.

2009 958 2136 1012 Ἐἀν
2172 959 2364 1032 ἐθέλῃς
2407 961 2482 1026 ὡς
2526 962 2716 1037 νύμφῃ
2746 963 3012 1034 βασιλέως
3052 968 3376 1040 κεχρῆσθαι,
3405 970 3583 1036 οὐδεὶς

1994 1041 2321 1127 όᾼκωλύων·
2375 1044 2473 1097 ἐὰν
2512 1045 2568 1099 δὲ
2619 1048 2712 1100 ἐπὶ
2746 1047 2815 1102 τά
2854 1049 3097 1121 πρότερα
3140 1052 3375 1124 ἀγάγῃς,
3413 1054 3580 1127 πείσῃ

1991 1125 2060 1178 τά
2114 1128 2272 1192 αὐτὰ,
2325 1130 2361 1182 ἀ
2414 1130 2541 1194 τοὺς
2587 1131 2813 1185 τοιαῦτα
2864 1132 3189 1203 ὑϐρίζοντας
3241 1136 3408 1200 εἰκός.
3486 1125 3582 1191 Διὸ

1995 1208 2196 1277 μᾶλλον
2234 1210 2406 1280 αὐτὴν
2440 1217 2811 1286 κατακοσμεῖν
2840 1215 2970 1287 χρὴ,
3010 1216 3134 1287 οὐχὶ
3169 1217 3573 1287 καταισχύνειν.

1992 1293 2067 1345 Οὐ
2094 1294 2203 1366 γάρ
2244 1294 2389 1365 ἐχεις
2418 1295 2668 1363 ἐξουσίαν
2695 1298 2797 1369 τῆς
2838 1298 3044 1370 σαρκὸς
3071 1301 3131 1352 ἐν
3167 1303 3289 1364 ταῖς
3314 1306 3579 1373 πονηραῖς

1989 1373 2333 1445 ἐπιθυμίαις,
2369 1377 2488 1430 ἀλλ’
2528 1378 2588 1432 ἐν
2636 1373 2717 1444 οἷς
2763 1380 2829 1432 ἃν
2858 1383 2887 1434 ό
2931 1380 3065 1445 Θεὸς
3094 1382 3325 1456 ἐπιτάξῃ
3368 1384 3574 1452 μόνοις.

2001 1457 2284 1530 Ἐννόησον
2332 1458 2461 1528 γοῦν
2502 1461 2698 1533 ἡλίκης
2744 1463 2916 1534 αὐτὴν
2950 1462 3165 1537 ὖὸρεως
3200 1465 3512 1537 ἀπήλλαξεν
3543 1467 3576 1515 ὁ

304 1538 436 1623 εῑᾼδὲ
460 1539 540 1611 μὴ
563 1539 864 1613 δυνάμεθα,
893 1544 1123 1616 περιττὴ
1149 1547 1183 1616 ή
1213 1544 1558 1616 παραίνεσις.
1585 1546 1728 1616 Ὅρα
1758 1545 1889 1614 γοῦν
1936 1566 1944 1573 ι
1986 1538 2149 1604 Θεός’
2204 1541 2298 1595 καὶ
2342 1544 2452 1615 γὰρ
2510 1546 2692 1616 πάσης
2744 1546 2951 1618 πόρνης
2984 1548 3337 1619 αἰσχρότερον
3385 1566 3575 1623 προει-

302 1621 422 1705 πῶς
470 1623 831 1693 ἠσφαλίσατο.
882 1627 1069 1682 Είπὼν
1109 1628 1241 1700 γὰρ,
1291 1630 1414 1682 Οὐκ
1461 1628 1603 1683 ἐστὲ
1630 1630 1883 1694 ἑαυτῶν,
1987 1624 2177 1694 στήκει
2231 1625 2265 1696 ή
2325 1625 2486 1694 φύσις
2542 1628 2577 1698 ἡ
2624 1628 2873 1700 ἡμετέρα
2923 1629 3029 1701 πρὸ
3068 1628 3283 1685 τούτου.
3322 1621 3576 1705 Kairde

300 1704 398 1757 ούκ
420 1706 728 1775 ἐπήγαγεν,
772 1707 913 1762 Ἀλλ’
953 1710 1045 1763 ὑπ’
1079 1711 1326 1782 ἀνάγκην
1359 1712 1516 1776 ἐστὲ,
1544 1711 1680 1776 ἀλλ’,
1725 1713 1885 1785 Ἠγο-
1982 1706 2226 1779 λῃστεῖαι
2270 1709 2366 1762 καὶ
2413 1709 2781 1783 ἀνδροφονίαι,
2833 1712 2927 1766 καὶ
2981 1714 3212 1778 ἕκαστος
3251 1714 3572 1786 παράνομος

296 1787 567 1854 ράσθητε
619 1790 814 1859 τιμῆς.
877 1792 977 1845 Διά
1026 1794 1080 1845 τί
1134 1793 1293 1847 τοῦτο
1354 1793 1569 1863 λέγεις;
1624 1794 1721 1848 καὶ
1774 1796 1883 1867 μὴν
1981 1786 2244 1860 λογισμὸς
2299 1791 2436 1862 πρὸς
2488 1791 2657 1863 αὐτὴν
2711 1795 2919 1859 εἰσιὼν,
2987 1796 3443 1859 συγκατεκλίνετο
3498 1799 3568 1867 τῇ

301 1871 589 1943 ἑτέρωθεν,
634 1873 779 1928 εἴποι
823 1892 908 1939 τις
955 1875 1022 1930 ἀν
1065 1877 1216 1941 ἴσως,
1253 1876 1359 1930 ἔδει
1413 1878 1740 1950 προτρέψαι,
1772 1878 1881 1932 δεί-
1978 1871 2144 1944 ψυχῆς
2199 1874 2293 1927 καὶ
2346 1874 2702 1944 μισθώματος
2757 1878 2940 1945 ὀλίγου
2994 1880 3091 1933 καὶ
3139 1879 3236 1933 τοῦ
3289 1879 3568 1948 τυχόντος.

301 1953 501 2006 κνύντα
535 1955 622 2009 ὅτι
664 1956 943 2028 Δεσπότην
988 1958 1202 2029 ἔχομεν.
1262 1959 1424 2013 Ἀλλά
1457 1959 1616 2014 τοῦτο
1647 1960 1747 2032 μέν
1786 1961 1881 2015 καὶ
1978 1956 2077 2026 τῆς
2115 1956 2399 2029 παρούσης
2437 1959 2654 2028 ἡδονῆς.
2698 1960 2762 2013 Ἥ
2794 1961 2905 2032 γὰρ
2938 1961 3086 2032 ψυχὴ
3112 1962 3393 2033 φυρομένη
3427 1954 3570 2031 μετᾶ

302 2036 434 2117 πρὸς
453 2037 726 2110 Ἕλληνας
755 2042 889 2111 ήμῖν
925 2041 1121 2107 κοινὸν,
1151 2043 1212 2096 τὸ
1248 2043 1328 2105 δέ,
1372 2043 1762 2113 Ἠγοράσθητε
1796 2063 1879 2099 τι-
1975 2037 2087 2091 τῶν
2131 2039 2386 2111 πονηρῶν
2428 2040 2650 2094 ἐννοιῶν
2706 2042 2803 2095 καὶ
2847 2043 3122 2117 πράξεων,
3170 2044 3357 2099 τοῦτον
3401 2045 3570 2114 ἐκαρ-

294 2116 434 2186 ρῆς,
472 2120 636 2191 ήμῶν
683 2122 983 2194 ἐξαίρετον.
1027 2123 1461 2197 Ἀναμιμνήσκει
1510 2126 1618 2198 γὰρ
1649 2127 1745 2180 τοῦ
1780 2146 1880 2199 95..-
1978 2120 2145 2174 ποῦτο
2179 2122 2342 2193 μόνον
2361 2122 2457 2176 τὸν
2482 2123 2692 2195 μισθόν.

295 2210 486 2277 γέθους
509 2212 612 2282 τῆς
634 2213 953 2285 εὐεργεσίας
979 2218 1073 2271 καὶ
1096 2216 1189 2271 τοῦ
1218 2218 1420 2289 τρόπου
1453 2217 1554 2288 τῆς
1581 2222 1874 2291 σωτηρίας,

293 2293 510 2359 δεικνὺς
534 2296 618 2350 ὅτι
673 2298 1131 2371 ἀλλοτριωθέντες
1163 2302 1552 2375 ήγοράσθημεν
1573 2319 1586 2333 ’
1637 2305 1730 2357 καὶ
1778 2305 1877 2377 οὐχ
2043 2296 2113 2366 γύ
2135 2296 2286 2371 U55]
2318 2299 2478 2354 Ἀλλά
2512 2299 2574 2353 τδ
2604 2300 2705 2372 μὲν
2747 2301 2858 2372 πρὸ
2877 2302 3069 2357 τούτου
3108 2304 3281 2360 ταῦτα
3319 2306 3562 2377 γίνεσθαι

293 2377 499 2441 ἁπλῶς.
525 2379 665 2434 ἀλλά
698 2382 888 2452 τιμῆς.
914 2383 1220 2448 Δοξάσατε
1238 2384 1339 2453 δὴ,
1374 2385 1557 2453 ἄρατε
1584 2386 1692 2440 τὸν
1729 2389 1877 2441 Θεὸν
1974 2379 2150 2433 καίτοι
2177 2379 2348 2434 δεινὸν
2367 2380 2450 2446 ὸν,
2476 2382 2576 2453 οὐχ
2617 2381 2761 2436 οὕτω
2787 2384 2961 2441 δεινὸν
2986 2380 3056 2458 ἦν
3075 2403 3091 2420 ο
3128 2386 3192 2440 τό
3218 2388 3276 2442 δέ
3305 2390 3444 2460 μετά
3467 2392 3564 2445 τὸν

289 2460 357 2545 ἐγ
390 2460 473 2527 τῷ
493 2462 723 2545 σώματι
746 2462 915 2535 ὑμῶν
937 2467 1034 2521 καὶ
1065 2467 1135 2520 έν
1160 2466 1241 2534 τῷ
1259 2468 1574 2536 πνεύματι,
1606 2470 1790 2525 Ταῦτα
1819 2471 1875 2527 δὲ
1970 2463 2220 2533 οὐρανὸν,
2253 2463 2392 2534 μετὰ
2415 2464 2483 2519 τὰ
2512 2464 2779 2536 βασίλεια,
2822 2468 2962 2539 μετά
2998 2468 3058 2522 τὸ
3086 2468 3196 2524 τῶν
3237 2473 3558 2545 μυστηρίων

289 2542 456 2611 λέγει,
488 2544 635 2600 ὥστε
677 2546 752 2619 μὴ
795 2548 875 2620 τῷ
905 2549 1118 2620 σώματι
1150 2551 1311 2622 μόνον
1354 2551 1576 2621 φεύγειν
1604 2552 1704 2625 τὴν
1734 2573 1872 2625 πορ.
1969 2544 2277 2601 ἀπολαῦσαι
2334 2546 2445 2601 τῶν
2490 2548 2735 2619 φρικτῶν
2790 2548 2952 2603 πάλιν
3000 2550 3349 2621 μολύνεσθαι,
3399 2542 3562 2608 ποίαν

288 2629 459 2692 Vtin,
502 2629 640 2684 ma
678 2632 774 2686 καὶ
813 2636 873 2686 ἐν
905 2632 1058 2705 [154]
1096 2633 1176 2705 τῷ
1227 2634 1502 2706 πνεύματι
1548 2635 1651 2707 τῆς
1692 2637 1872 2709 ψυχῆς
1969 2630 2080 2697 ἐξει
2123 2629 2487 2702 συγγνώμηνς
2535 2626 2613 2685 Ἦ
2657 2634 2759 2687 οὐκ
2791 2631 2895 2687 οῐει
2927 2636 3021 2687 καὶ
3063 2636 3176 2698 τοῖς
3208 2635 3567 2702 πλεονέκταις

288 2712 459 2783 μηδὲν
514 2715 750 2784 πονηρὸν
789 2715 1100 2785 λογίζεσθαι
1144 2718 1238 2781 καί¹
1286 2717 1532 2773 ἐλαύνειν
1562 2719 1660 2791 τὴν
1687 2720 1866 2790 χάριν,
1969 2716 2064 2769 καὶ
2097 2715 2286 2778 πᾶσιν,
2327 2709 2409 2778 οἷς
2446 2713 2758 2786 ἔμπροσθεν
2800 2716 3225 2789 ἀπηρίθμησεν,
3265 2719 3430 2773 αὑτὸν
3463 2721 3560 2775 τὸν

287 2793 491 2849 Ἀτινά
514 2796 647 2850 ἐστι
684 2799 795 2853 τοῦ
834 2799 1004 2854 Θεοῦ.
1046 2801 1264 2873 Ἐπειδὴ
1295 2802 1404 2873 γὰρ
1432 2799 1607 2869 εἶπεν,
1652 2804 1866 2874 Ὑμῶν,
1965 2795 2213 2851 διάϐολον
2242 2797 2806 2866 συγκατακλίνεσθαις
2839 2798 2938 2863 τὰς
2971 2800 3028 2853 δέ
3060 2800 3556 2873 καλλωπιζομένας

281 2877 365 2931 διά
389 2879 557 2934 τοῦτο
576 2883 881 2951 ἐπήγαγεν,
905 2884 1104 2938 ’Λτινά
1129 2884 1261 2939 ἐστι
1290 2885 1398 2940 τοῦ
1429 2887 1599 2951 Θεοῦ,
1629 2889 1868 2959 συνεχῶς
1966 2880 2103 2951 πρὸς
2130 2879 2423 2949 ἀσέλγειαν
2452 2883 2722 2949 γυναῖκας
2762 2883 2863 2953 οὐχ
2910 2885 3019 2954 ἡγῇ
3066 2883 3186 2954 μετ’
3226 2884 3437 2938 ἑκείνου
3466 2886 3556 2955 μί-

280 2965 719 3037 άναμιμνήσκων
741 2969 910 3037 ἡμᾶς,
932 2968 1013 3022 ὅτι
1040 2969 1220 3024 πάντα
1239 2971 1564 3037 Δεσποτικά,
1589 2972 1864 3043 καὶσῶμα
1963 2962 2232 3033 γνυσθαις
2286 2964 2382 3017 καὶ
2436 2964 2521 3029 τίς
2571 2965 2790 3036 ἀντερεῖ
2833 2965 3011 3037 τούτῳ
3060 2966 3140 3037 τῷ
3176 2965 3358 3037 λάγφῖ
3397 2967 3461 3021 Et
3491 2966 3552 3021 δι

278 3047 371 3100 καὶ
398 3046 552 3119 ψυχὴ
576 3050 669 3102 καὶ
694 3048 934 3120 πνεῦμα.
963 3052 1074 3105 Καὶ
1092 3054 1201 3124 γάρ
1229 3054 1372 3118 τινές
1394 3071 1547 3123 φασι,
1571 3053 1653 3122 Τῷ
1678 3056 1863 3110 πνεύ-
1963 3045 2080 3100 ἐστι
2109 3063 2193 3110 τις
2246 3047 2587 3117 φιλονεικῶν,
2624 3047 2908 3102 ἀποδυέτω
2950 3048 3050 3121 τὴν
3096 3048 3277 3121 ψυχήν
3318 3050 3429 3104 τῶν
3482 3051 3553 3105 τὰ

269 3143 433 3197 ματα,
473 3128 555 3200 τῷ
587 3133 887 3204 χαρίσματι
918 3132 1117 3203 λέγειν.
1155 3137 1254 3189 Ἂν
1290 3136 1399 3207 γὰρ
1427 3138 1605 3193 ἐκεῖνο
1731 3141 1864 3210 παρ’

273 3214 427 3283 ήμῖν,
479 3213 768 3280 δοξάζεται
807 3217 837 3270 6
861 3217 1023 3283 Θεός·
1056 3218 1208 3272 ἔσται
1241 3219 1321 3283 δέ,
1354 3219 1422 3274 ἂν
1450 3219 1699 3291 καθαράν
1730 3239 1865 3292 καρ-

271 3294 390 3348 δίαν
428 3295 670 3368 ἔχωμεν.
702 3299 808 3354 Τοῦ
835 3300 970 3355 Θεοῦ
999 3300 1057 3354 δὲ
1088 3302 1229 3356 αύτά
1272 3302 1499 3374 ἔφησεν,
1534 3304 1635 3358 οὐκ
1674 3305 1863 3378 ἐπειδή

270 3380 603 3450 παρήγαγεν
652 3382 793 3437 αύτά
828 3384 1013 3454 μόνον,
1058 3385 1175 3439 ἀλλ’
1221 3384 1410 3457 ἐπειδὴ
1444 3386 1538 3439 καὶ
1576 3386 1863 3461 ἀλλοτριω-

270 3460 458 3544 θέντα,
495 3464 563 3517 ἐκ
597 3465 851 3537 δευτέρου
883 3467 1046 3522 πάλιν
1079 3469 1372 3540 ἐκτήσατο,
1413 3471 1579 3542 τιμὴν
1619 3472 1699 3527 τὸ,
1721 3460 1860 3544 αἷμα

266 3543 365 3596 τοῦ
398 3545 603 3609 Παιδὸς
636 3548 917 3613 καταθείς.
969 3550 1112 3622 Ὅρα
1140 3550 1258 3615 πῶς
1284 3553 1365 3614 είς
1410 3551 1502 3606 τὸν
1529 3554 1765 3623 Χριστὸν
1788 3543 1860 3609 τὸ

271 3627 382 3679 πᾶν
407 3629 720 3701 ἀπήρτισε·
753 3631 871 3696 πῶς
913 3633 1060 3704 ήμᾶς
1091 3636 1171 3698 είς
1198 3634 1290 3688 τὸν
1318 3634 1549 3706 οὐρανὸν
1587 3637 1855 3709 ἀνήγαγε.

272 3712 423 3784 Mf“)
448 3714 547 3767 τοῦ
590 3715 831 3788 Χριστοῦ
872 3718 1020 3781 ἐστε,
1046 3718 1201 3789 φησὶ,
1237 3719 1366 3782 ναός
1399 3722 1522 3773 ἐστε
1559 3719 1655 3774 τοῦ
1681 3723 1853 3777 Πνεύη

272 3812 479 3864 ματοςθ
534 3799 614 3868 μὴ
656 3799 838 3854 τοίνυν
875 3800 1092 3866 γίνεσθε
1114 3801 1321 3872 πόρνης
1357 3801 1526 3874 μέλη·
1565 3805 1628 3857 οὐ
1657 3806 1768 3877 γὰρ
1792 3807 1856 3860 τὸ

268 3878 431 3949 σῶμα
473 3880 539 3933 τὸ
588 3883 744 3953 ὑμῶν
792 3883 1108 3954 ύδρίζεται’
1154 3884 1216 3938 ού
1254 3885 1366 3954 γάρ
1403 3885 1466 3939 τὸ
1495 3886 1657 3959 σῶμα
1700 3890 1855 3960 ὑμῶν

265 3962 439 4025 ἐστιν,
465 3964 605 4017 ἀλλά
640 3965 735 4019 τοῦ
759 3964 1020 4038 Χριστοῦ.
1059 3965 1247 4021 Ταῦτα
1268 3967 1325 4021 δὲ
1357 3967 1564 4036 ἔλεγεν,
1588 3970 1724 4042 ὁμοῦ
1762 3974 1856 4027 καὶ

261 4045 366 4115 τὴν
406 4046 819 4120 φιλανθρωπίαν
848 4048 1278 4120 ἐνδεικνύμενος,
1303 4051 1387 4104 ὅτι
1409 4050 1576 4105 αὐτοῦ
1608 4053 1669 4106 τὸ
1694 4054 1854 4125 σῶμα

262 4129 331 4182 τὸ
376 4130 671 4202 ἡμέτερον,
712 4134 808 4186 καὶ
859 4133 959 4203 τῆς
999 4132 1248 4200 ἐξουσίας
1285 4133 1389 4204 τῆς
1429 4136 1674 4207 πονηρᾶς
1705 4138 1853 4208 ἡμᾶς

262 4213 696 4285 ἀφαιρούμενος.
743 4216 811 4270 El
851 4216 961 4285 γὰρ
993 4216 1275 4288 ἀλλότριόν
1316 4218 1431 4270 ἐστι
1452 4218 1514 4271 τὸ
1542 4218 1722 4290 σῶμα,
1752 4222 1852 4276 οὐκ

264 4295 422 4366 ἐχετε
464 4297 716 4361 ἐξουσίαν
739 4299 1021 4372 ἀλλότριον
1061 4300 1224 4370 σῶμα
1274 4299 1539 4372 ύδρίζειν,
1571 4303 1726 4373 φησὶ,
1758 4304 1854 4357 καὶ

268 4379 518 4447 μάλιστα
564 4382 695 4435 ὅταν
781 4381 1136 4445 Δεσποτικδν,
1166 4381 1288 4436 οὐδὲ
1316 4381 1442 4438 ναὸν
1477 4384 1727 4455 μολύνειν
1758 4384 1852 4438 τοῦ

264 4461 611 4532 Πνεύματος.
645 4465 709 4518 EI
736 4464 845 4537 γὰρ
875 4465 1116 4537 ἰδιωτικῇ
1152 4482 1237 4530 τις
1269 4466 1511 4521 ἐπελθὼν
1548 4469 1717 4541 οἰκίᾳ,
1759 4469 1853 4523 καὶ

265 4547 535 4617 κωμάσας
568 4549 654 4621 είς
683 4549 921 4621 ἐκείνην,
970 4551 1071 4622 τὴν
1126 4551 1364 4622 ἐσχάτην
1395 4551 1556 4606 δώσει
1600 4552 1791 4623 δίκην·
1822 4554 1852 4606 ό

264 4629 533 4700 βασιλέως
562 4632 694 4687 ναὸν
738 4633 939 4708 λῃστοῦ
979 4633 1149 4687 ποιῶν
1197 4634 1563 4705 καταγώγιον,
1597 4636 1850 4707 ἐννόησον

262 4713 406 4769 πόσα
433 4715 691 4770 πείσεται
718 4719 885 4773 κακά.
911 4717 1099 4773 Ταῦτα
1130 4715 1224 4773 οὖν
1259 4722 1538 4791 ἐννοήσας,
1572 4721 1849 4793 αἰδέσθητι

259 4800 351 4852 τὸν
393 4798 721 4855 ἐνοικοῦντα
744 4817 761 4833 ο
814 4804 843 4855 ό
896 4803 1005 4876 γάρ
1050 4803 1410 4874 Παράκλητός
1467 4805 1614 4856 ἐστιν
1660 4797 1846 4869 οὗτος·

261 4881 452 4952 φρῖξον
496 4883 593 4937 τὸν
642 4885 1138 4956 συμπεπλεγμένον
1170 4904 1252 4941 σοι
1289 4887 1386 4940 καὶ
1420 4885 1845 4955 κεκολλημένον·

259 4968 289 5018 6
314 4968 427 5038 γάρ
453 4969 698 5040 Χριστός
729 4972 866 5027 ἐστι.
895 4970 989 5041 Μὴ
1032 4971 1141 5043 γὰρ
1173 4971 1237 5024 σὺ
1268 4970 1402 5043 μέλη
1450 4965 1688 5042 Χριστοῦ
1717 4972 1845 5025 ἐαυ-

260 5049 351 5103 τὸν
378 5052 685 5123 ἐποίησας;
728 5052 1013 5123 Ἐννόησον
1046 5053 1212 5117 οὕτω,
1242 5054 1335 5107 καὶ
1365 5054 1496 5125 μένε
1529 5053 1842 5126 σωφρονῶν,

260 5132 406 5198 τίνος
432 5130 505 5206 ἦν
537 5135 674 5207 μέλη
699 5148 748 5201 α,
781 5137 877 5191 καὶ
920 5137 1066 5201 τίνος
1097 5137 1309 5206 γέγονε.
1342 5137 1559 5209 Πόρνης
1606 5132 1675 5207 ἦν
1707 5137 1845 5210 μέλη

260 5216 370 5286 πρὸ
405 5218 630 5283 τούτου,
659 5221 754 5273 καὶ
799 5223 828 5274 6
855 5221 1093 5293 Χριστὸς
1123 5220 1379 5291 ἐποίησεν
1410 5220 1551 5273 αύτά
1582 5218 1721 5290 μέλη
1750 5220 1845 5273 τοῦ

261 5299 394 5354 ιδίου
444 5301 725 5373 σώματος.
756 5304 873 5359 Ούκ
904 5305 1014 5372 ἀρα
1057 5304 1237 5359 αὐτῶν
1266 5303 1517 5369 ἐξουσίαν
1558 5303 1703 5375 ἔχεις
1731 5303 1846 5358 λοι-

258 5383 391 5435 πόνο
415 5385 618 5455 ἐκείνῳ
636 5385 855 5440 δούλευε
886 5386 964 5459 τῷ
991 5386 1441 5459 ἐλευθερώσαντι.
1470 5386 1608 5442 Ούδέ
1635 5386 1765 5459 γὰρ,
1797 5389 1846 5442 εί

260 5464 543 5540 θυγατέρα
571 5470 737 5541 ἔχων,
768 5474 832 5525 ἐκ
857 5471 1059 5543 πολλῆς
1103 5471 1203 5543 τῆς
1244 5471 1431 5536 ἀνοίας
1469 5470 1847 5543 ἐξεμίσθωσας

257 5549 429 5624 αὐτὴν
486 5552 883 5625 πορνοϐοσκῷ,
936 5554 1298 5628 πορνεύεσθαι
1358 5554 1658 5627 ἐποίησας,
1724 5551 1845 5609 εἶτα

259 5632 526 5702 βασιλέως
577 5636 695 5700 υίὸς
747 5635 960 5710 παριὼν
1014 5638 1355 5710 ὴλευθέρωσέ
1412 5655 1472 5692 τε
1522 5638 1692 5711 αὐτὴν
1745 5640 1846 5710 τῆς

255 5713 500 5783 δουλείας
524 5721 748 5790 ἐκείνης
785 5723 881 5775 καὶ
920 5723 1157 5793 συνῆψεν
1196 5721 1393 5794 ἐαυτῷ,
1428 5721 1617 5793 κύριος
1646 5717 1698 5776 εἷ
1735 5721 1845 5775 λοι-

323 5883 350 5913 ³
380 5882 555 5936 lorel.
569 5922 584 5948 ,
604 5885 734 5943 τίνος
757 5885 838 5939 οὖν
857 5888 993 5950 μέλη.

1959 3128 2187 3184 τοιαῦτα
2218 3129 2644 3201 ἀσχημονουσῶν
2668 3130 2967 3201 γυναικῶν,
2992 3132 3087 3185 καὶ
3114 3130 3303 3202 ὄψεται
3333 3133 3553 3198 πάντως

1959 3212 2052 3267 τὸν
2090 3214 2326 3284 πονηρὸν
2354 3214 2585 3284 δαίμονα
2613 3216 2821 3269 ἐκεῖνον
2844 3213 3090 3286 σφοδρῶς
3121 3215 3549 3288 συμπεπλεγμέ-

1960 3312 2051 3350 νον
2075 3297 2286 3360 αύταῖς.
2318 3297 2586 3352 Δύσκολον
2607 3297 2739 3369 γάρ,
2764 3298 3063 3369 ἀγαπητοὶ,
3095 3297 3374 3364 δύσκολον,
3406 3301 3552 3370 τάχα

1959 3377 2017 3432 δὲ
2032 3379 2126 3433 καὶ
2153 3380 2451 3452 ἀμήχανον,
2478 3380 2573 3433 τοῦ
2598 3379 2849 3450 σώματος
2873 3379 3353 3452 καλλωπιζομένου
3383 3380 3548 3445 οὕτω,

1958 3463 2054 3516 καὶ
2089 3462 2188 3534 τὴν
2240 3463 2419 3535 ψυχὴν
2465 3463 2601 3536 όμυῦ
2645 3463 3086 3529 καλλωπίζεσθαι
3120 3481 3134 3496 ο
3176 3465 3291 3519 ἀλλ’
3330 3466 3549 3537 ἀνάγκη

1959 3543 2189 3617 θάτερον
2215 3546 2555 3617 ἀμελεῖσθαι,
2590 3546 3019 3618 ἐπιμελουμένου
3047 3547 3307 3620 θατέρου·
3343 3548 3405 3601 ού
3434 3548 3544 3622 γὰρ

1959 3628 2072 3699 ἔχει
2098 3629 2261 3700 φύσιν
2285 3630 2421 3700 όμοῦ
2456 3630 2631 3685 ταῦτα
2660 3631 2926 3701 γίνεσθαι.
2956 3633 3048 3685 Διό
3080 3649 3268 3703 φησιν’
3314 3632 3381 3686 '0
3404 3636 3547 3687 κολ-

1957 3711 2225 3782 λώμενος
2260 3713 2335 3784 τῇ
2366 3716 2581 3783 πόρνῃ,
2618 3713 2692 3769 ἐν
2715 3714 2890 3786 σῶμά
2924 3717 3130 3769 ἐστιν’
3164 3719 3198 3771 ὀ
3222 3714 3293 3769 δὲ
3323 3715 3548 3771 κολλώ-

1952 3813 2139 3865 μενος
2191 3796 2272 3861 τῷ
2314 3799 2532 3866 Κυρίῳ,
2584 3796 2657 3853 ἐν
2705 3797 2943 3869 πνεῦμά
2975 3799 3127 3852 ἐστι.
3158 3797 3384 3870 Πνεῦμα
3432 3798 3544 3871 γὰρ

1954 3881 2165 3950 γίνεται
2212 3880 2402 3935 λοιπὸν
2439 3883 2469 3935 6
2516 3882 2781 3945 τοιοῦτος.
2836 3884 2939 3936 κᾶν
2988 3881 3151 3953 σῶμα
3204 3884 3539 3953 περίκειται.

1955 3964 2124 4018 Ὅταν
2148 3962 2258 4035 γὰρ
2291 3963 2457 4035 μηδὲν
2488 3963 2800 4035 σωματικὸν
2840 3964 2978 4035 μηδὲ
3009 3964 3158 4034 παχὺ
3186 3964 3322 4034 μηδὲ
3352 3965 3541 4034 γήϊνον

1952 4047 2081 4120 περὶ
2125 4047 2289 4102 αὐτὸν
2318 4043 2374 4121 ᾗ,
2407 4046 2594 4110 ἁπλῶς
2632 4047 2694 4100 τὸ
2742 4047 2904 4118 σῶμα
2959 4046 3269 4117 περίκειται
3302 4060 3315 4075 ·
3343 4047 3472 4098 ὅταν
3505 4049 3540 4116 η

1953 4130 2105 4183 πᾶσα
2138 4128 2284 4202 ἀρχὴ
2325 4130 2426 4201 τῆς
2453 4128 2636 4200 ψυχῆς
2735 4130 2830 4183 καὶ
2876 4127 2970 4181 τοῦ
3013 4126 3349 4198 πνεύματος,
3393 4126 3539 4180 οὕτω

1951 4214 2232 4279 δοξάζεται
2262 4216 2291 4267 6
2322 4213 2477 4278 Θεός.
2525 4214 2616 4268 Διὸ
2660 4215 2754 4269 καὶ
2797 4216 2855 4273 ἐν
2893 4216 2961 4284 τῇ
3015 4213 3150 4284 εύχῇ
3203 4210 3538 4282 κελευόμεθα

1954 4296 2152 4367 λέγειν·
2196 4298 2552 4368 Ἁγιασθήτω
2591 4297 2658 4352 τὸ
2685 4297 2873 4366 ὄνομά
2900 4313 3017 4350 σου
3044 4312 3060 4325 ·
3101 4295 3199 4349 καὶ
3239 4295 3268 4347 6
3303 4294 3536 4366 Χριστός

1954 4396 2108 4451 φησιο
2139 4378 2442 4450 Λαμψὰτω
2468 4380 2535 4433 τὸ
2568 4378 2697 4446 φῶς
2721 4378 2890 4449 ὑμῶν
2916 4379 3259 4448 ἔμπροσθεν
3279 4377 3398 4431 τῶν
3430 4378 3537 4433 ὀνη-

1953 4463 2222 4534 θρὼπων,
2252 4461 2411 4530 ὅπως
2441 4462 2613 4517 τδωσι
2643 4465 2716 4517 τὰ
2744 4463 2900 4517 καλὰ
2931 4463 3076 4533 ἔργα
3099 4459 3288 4530 ὑμῶν,
3320 4461 3418 4515 καί
3441 4460 3535 4515 δο-

1950 4546 2186 4611 ξάσωσι
2222 4546 2331 4600 τόν
2372 4546 2605 4614 Πατέρα
2638 4543 2807 4615 ὑμῶν
2833 4546 2941 4599 τόν
2983 4548 3052 4600 ἐν
3077 4544 3201 4612 τοῖς
3233 4543 3529 4612 οὐρανοῖς.

1951 4629 2109 4684 Οὕτω
2148 4629 2466 4695 δοξάζουσιν
2509 4630 2673 4685 αὐτὸν
2728 4630 2825 4683 καὶ
2861 4630 2910 4683 οί
2951 4630 3202 4701 οὐρανοὶ,
3243 4628 3305 4681 ού
3347 4626 3532 4699 φωνήν

1948 4713 2223 4782 ἀφιέντες,
2253 4712 2391 4766 ἀλλὰ
2412 4712 2504 4767 διά
2536 4713 2633 4785 τῆς
2659 4712 2834 4784 ὅψεως
2867 4712 3290 4784 θαυμαζόμενοι,
3318 4712 3413 4764 καὶ
3433 4712 3532 4781 τὴν

1947 4795 2104 4863 δόξαν
2136 4797 2216 4860 είς
2253 4796 2344 4850 τὸν
2375 4794 2719 4867 Δημιουργὸν
2758 4797 3140 4866 ἀναφέροντες.
3180 4792 3337 4846 Οὕτω
3369 4792 3528 4859 δοξά-

1950 4894 2133 4949 σωμεν
2153 4877 2312 4931 αὑτὸν
2334 4878 2637 4950 καῖ’ήμεῖς,
2661 4879 2858 4949 μᾶλλον
2886 4877 2943 4931 δὲ
2973 4878 3068 4930 καὶ
3091 4876 3251 4929 πλέον
3270 4875 3494 4929 ἐκείνων
3509 4892 3525 4908 ·

1949 4960 2225 5032 δυνάμεθα
2259 4961 2387 5033 γάρ,
2421 4960 2488 5015 ἂν
2517 4961 2809 5031 ἐθέλωμεν.
2844 4961 2917 5014 Ού
2948 4960 3058 5031 γὰρ
3084 4958 3258 5023 οὕτως
3298 4958 3528 5032 οὐρανὸς

1948 5044 2043 5098 καὶ
2062 5044 2248 5117 ήμέρα
2270 5046 2365 5098 καὶ
2394 5043 2512 5109 νὺξ,
2544 5043 2620 5107 ὡς
2650 5044 2781 5113 ἁγία
2812 5042 2960 5116 ψυχὴ
2983 5044 3195 5110 δοξάζει
3218 5044 3366 5099 Θεόν.
3395 5044 3527 5098 ’Ὥσ-

1947 5142 2057 5198 περ
2077 5126 2186 5197 γάρ
2209 5126 2289 5190 είς
2316 5125 2376 5179 τὸ
2395 5125 2589 5188 κάλλος
2613 5127 2709 5181 τοῦ
2727 5129 2957 5201 ούρανοῦ
2984 5145 3067 5192 τις
3087 5127 3328 5199 ἀφορῶν,
3354 5127 3522 5196 λέγει·

1946 5209 2083 5274 Δόξα
2114 5225 2216 5271 σοι,
2246 5210 2275 5261 6
2311 5207 2464 5272 Θεὸς,
2507 5205 2619 5263 οἷον
2658 5209 2818 5282 ἔργον
2847 5210 3067 5274 ἔκτισας
3088 5225 3103 5239 ⁸
3131 5209 3276 5264 οὕτω
3317 5210 3382 5281 δὴ
3429 5212 3524 5264 καὶ

1947 5295 2025 5356 είς
2050 5290 2244 5362 ἀνδρὸς
2268 5291 2471 5363 ἀρετὴν
2498 5291 2732 5362 βλέπων,
2759 5294 2854 5348 καὶ
2882 5293 3062 5363 πολλῷ
3079 5292 3237 5347 πλέον
3265 5292 3520 5347 ἐνταῦθα.

1977 5377 2083 5429 Απ’
2110 5374 2334 5428 ἐκείνων
2361 5374 2460 5445 μέν
2491 5375 2601 5446 γὰρ
2623 5376 2731 5430 τῶν
2768 5376 3085 5446 κτισμάτων
3115 5375 3178 5427 ού
3212 5375 3416 5436 πάντες
3439 5374 3527 5427 δοο

1947 5457 2218 5525 ξάζουσιν,
2254 5456 2389 5511 ἀλλὰ
2417 5458 2601 5512 πολλοὶ
2625 5458 2718 5511 καὶ⁵
2744 5458 3029 5528 αὐτόματα
3052 5454 3192 5509 εἶναι
3216 5456 3526 5525 λέγουσιτά

1944 5543 2073 5596 ὄντα
2094 5556 2106 5571 ’
2143 5540 2292 5594 ἄλλοι
2326 5540 2384 5594 δέ
2417 5541 2510 5595 καὶ
2556 5541 2805 5611 δαίμοσιν
2844 5538 3161 5594 ἀνατιθέασι
3193 5537 3288 5592 τοῦ
3317 5537 3525 5610 κόσμου

1944 5626 2045 5696 τὴν
2076 5624 2439 5696 δημιουργίαν
2483 5628 2578 5678 καὶ⁵
2627 5625 2724 5698 τὴν
2771 5624 3048 5694 πρόνοιαν,
3082 5623 3132 5676 οἳ
3180 5623 3274 5677 καὶ
3319 5622 3525 5697 σφόδρα

1947 5709 2311 5779 ἀσύγγνωστα
2339 5709 2741 5780 ἁμαρτάνουσιν
2766 5727 2780 5740 ο
2812 5711 2905 5763 ἐπὶ
2923 5710 2981 5763 δέ
3002 5706 3292 5781 ἀνθρώπου
3322 5707 3524 5780 ἀρετῆς

1947 5793 2121 5856 οὐδεὶς
2148 5791 2372 5845 τοιαῦτα
2406 5793 2832 5865 ἀναισχυντῆσαι
2873 5793 3180 5863 δυνήσεται,
3210 5791 3347 5845 ἀλλά
3387 5792 3525 5845 πάν-

1953 5895 2056 5942 τως
2098 5875 2309 5942 δοξάσει
2351 5875 2439 5930 τὸν
2487 5876 2641 5946 Θεὸν,
2690 5877 2782 5933 τὸν
2831 5877 3151 5933 δουλεύοντα
3193 5875 3339 5946 αὐτῷ
3386 5873 3524 5943 μετά
