4090 6216
476 291 583 345 H9

478 400 683 473 ἀρετῆς
705 400 880 466 ζῶντα
899 399 1060 471 δρῶν.
1097 401 1193 464 Τίς
1215 401 1325 473 γάρ
1349 402 1450 454 οὐκ
1474 401 1904 473 ἐκπλαγήσεται,
1925 401 2056 454 ὅταν

477 484 764 554 ἄνθρωπός
789 501 873 547 τις
915 482 1014 548 ὢν,
1058 483 1153 537 καὶ
1181 483 1507 555 τῆς-κοινῆς
1538 484 1780 555 μετέχων
1813 483 2051 553 φύσεως,

477 552 595 622 και
623 568 682 619 ἐν
741 568 929 636 μέσοις
982 552 1349 637 στρεφόμενος
1415 552 1744 641 ἀνθρώποις,
1802 566 2054 638 καθάπερ

476 650 691 719 ἀδάμας
720 691 737 712 ,
804 650 880 721 μὴ
931 652 1348 721 ἐπικάμπτηται
1396 651 1532 723 πρὸς
1578 650 1670 704 τὸν
1716 649 1826 704 τῶν
1865 648 2054 702 παθῶν

478 734 684 803 ἐσμόν;
727 734 855 786 ὅταν
883 734 1089 802 μεταξὺ
1131 734 1302 805 πυρὸς
1334 734 1429 789 καὶ
1455 735 1677 807 σιδήρου
1707 735 1804 787 καὶ
1855 731 2056 804 θηρίων

476 815 574 876 ὣν,
614 815 922 885 ἀδάμαντος
954 816 1299 888 ἰσχυρότερος
1322 812 1379 887 ᾖ,
1410 817 1504 870 καὶ
1528 816 1883 887 περιγένηται
1919 815 2057 867 πάν-

475 913 586 951 των
622 897 711 951 διὰ
736 898 826 950 τὸν
862 897 962 966 τῆς
1002 898 1284 961 εὖσεῦείας
1321 898 1512 967 λόγονς
1556 900 1685 953 ὅταν
1739 897 2052 968 ὑϐρίζηται,

479 982 575 1033 καὶ
611 981 847 1050 εὐλογῇς
891 981 1019 1033 ὅταν
1070 981 1257 1044 κακῶς
1306 981 1502 1053 ἀκούῃ,
1557 982 1651 1035 καί
1691 978 2052 1050 ἐγκωμιάξῃς

478 1065 608 1118 ὃταν
645 1065 1037 1134 ἐπηρεάζηται,
1070 1065 1165 1117 καὶ
1204 1064 1430 1134 εῦχηται
1467 1065 1607 1136 ὑπὲρ
1643 1065 1754 1119 τῶν
1790 1064 2054 1117 ἀδικούν-

475 1165 626 1214 των;
657 1149 785 1202 ὃταν
817 1147 1256 1218 ἐπιδουλεύηται,
1288 1149 1384 1202 καὶ
1421 1149 1681 1219 εὐεργετῇ
1724 1147 1850 1210 τοὺς
1896 1146 2055 1218 πολε-

482 1231 716 1300 μοῦντας
765 1228 912 1300 αύτῷ
952 1229 1049 1284 καὶ
1085 1230 1574 1294 ἐπιϐουλεύονταςς
1605 1229 1792 1284 Ταῦτα
1822 1229 1931 1302 γὰρ
1962 1229 2055 1282 καὶ

477 1315 546 1367 τά
574 1313 801 1366 τοιαῦτα
837 1311 947 1365 τῶν
974 1313 1220 1383 οὐρανῶν
1261 1313 1441 1383 πολλῷ
1474 1312 1674 1382 μᾶλλον
1713 1312 1927 1377 δοξάσει
1963 1312 2054 1365 τὸν

478 1396 630 1450 Θεόν.
662 1395 766 1449 Τὸν
794 1395 896 1463 μὲν
937 1394 1046 1466 γὰρ
1073 1395 1301 1466 οὐρανὸν
1335 1393 1487 1466 [156]
1514 1395 1747 1467 δρῶντες
1770 1394 2052 1466 Ἕλληνες,

478 1480 579 1533 οὐκ
611 1477 991 1549 αἰσχύνονται·
1019 1479 1177 1547 ἅγιον
1205 1479 1262 1532 δὲ
1289 1479 1460 1550 ἄνδρα
1490 1478 1687 1542 ἰδόντες
1716 1477 1856 1547 μετὰ
1893 1479 2056 1549 ἀκρι-

477 1561 631 1625 ϐείας
673 1561 992 1629 φιλοσοφίαν
1038 1560 1499 1632 ἐπιδεικνύμενον,
1557 1559 1913 1614 καταδύονται
1960 1561 2056 1612 καὶ

478 1643 687 1697 ἑαυτῶν
720 1641 1245 1712 καταγινώσκουσιν.
1270 1645 1440 1697 Ὅταν
1462 1642 1570 1715 γάρ
1598 1644 1627 1696 6
1653 1643 1752 1712 τῆς
1773 1643 1944 1712 αὐτῆς
1965 1643 2059 1694 αὑ-

476 1731 590 1790 τοῖς
620 1727 835 1795 φύσεως
855 1727 1120 1797 μετέχων,
1141 1726 1392 1780 τοσοῦτον
1407 1721 1730 1800 ἀνώτερος
1754 1724 1857 1798 [,ﬁ]
1878 1723 2056 1794 πολλῷ

481 1810 682 1880 μᾶλλον
708 1850 723 1872 ,
757 1810 790 1881 ἢ
820 1810 944 1862 ὅσον
970 1810 1002 1861 6
1028 1808 1255 1879 οὐρανὸς
1282 1809 1379 1878 τῆς
1408 1808 1528 1878 γῆς,
1578 1807 1673 1861 καὶ
1712 1809 1938 1871 ἄκοντες
1970 1810 2056 1861 ἐνο

476 1892 711 1955 νοοῦσιν,
734 1891 819 1944 δτι
846 1891 968 1945 θεία
988 1891 1217 1960 δύναμις
1241 1890 1410 1943 ταῦτα
1432 1889 1722 1959 ἐργάζεται
1740 1908 1753 1921 ν
1778 1889 1861 1943 διό
1880 1907 2011 1961 φησι
2036 1906 2052 1922 ’

476 1975 589 2030 Καὶ
616 1974 924 2038 δοξάσωσι
952 1974 1060 2028 τὸν
1091 1972 1323 2040 Πατέρα
1348 1970 1516 2041 ὑμῶν
1552 1972 1662 2026 τὸν
1686 1972 1756 2027 ἐν
1792 1972 1918 2039 τοῖς
1951 1974 2055 2027 o6-

469 2057 700 2127 ρανοῒς.
738 2056 927 2110 Βούλει
959 2056 1152 2126 μαθεῖν
1190 2056 1284 2110 καὶ⁵
1324 2054 1607 2126 ἑτέρωθεν,
1649 2054 1765 2119 πῶς
1808 2055 1907 2126 μὲν
1946 2055 2056 2110 ἀπὸ

474 2143 572 2196 τοῦ
595 2143 711 2214 βίον
736 2142 845 2195 τῶν
862 2141 1060 2196 δούλων
1090 2139 1253 2193 αὑτοῦ
1287 2137 1567 2204 δοξάζεται
1587 2140 1615 2191 6
1643 2138 1775 2202 Θεδς
1804 2180 1820 2203 ,
1852 2139 1971 2204 πῶς
1998 2138 2057 2192 δέ

476 2226 586 2279 ἀπὸ
612 2224 720 2278 τῶν
747 2223 1074 2295 θαυμάτων;
1113 2222 1364 2278 Ἐνέδαλέ
1389 2238 1518 2275 ποτε
1538 2224 1567 2276 6
1587 2221 2056 2293 Ναϐουχοδονόσορ

477 2310 603 2371 τοὺς
624 2311 768 2380 τρεῖς
802 2308 1000 2371 παῖδας
1039 2308 1120 2371 εἰς
1157 2306 1254 2377 τὴν
1283 2305 1531 2374 κάμινον.
1568 2302 1703 2360 Εἶτα
1732 2304 1919 2377 ἐπειδὴ
1946 2301 2054 2360 εἰδε

477 2392 540 2445 τὸ
561 2391 670 2462 πῦρ
697 2390 759 2444 o6
789 2389 1208 2461 περιγενόμενον
1241 2389 1441 2457 αὐτῶν,
1481 2389 1644 2461 φησίν
1662 2403 1677 2418 ·
1706 2389 2055 2460 Εὐλογητὸς

478 2479 512 2531 ό
562 2477 730 2542 Θεὸς,
779 2474 848 2540 ὃς
879 2474 1201 2529 ἀπέστειλε
1240 2474 1348 2529 τὸν
1376 2476 1638 2545 ἄγγελον
1680 2474 1888 2541 αὑτοῦ,
1954 2476 2054 2529 καί

476 2559 745 2625 ἐξείλετο
781 2557 922 2623 τοὺς
952 2557 1169 2624 παῖδας
1196 2558 1382 2612 αὐτοῦ
1410 2558 1480 2613 ἐκ
1512 2557 1623 2627 τῆς
1646 2559 1901 2627 καμίνου
1918 2598 1935 2615 .
1965 2558 2057 2611 ὅτι

476 2643 905 2698 ἐπεποίθεισαν
927 2640 1023 2693 ἐπ’
1053 2641 1259 2704 αὑτὸν,
1291 2643 1389 2694 καί
1425 2641 1777 2707 ήλλοίωσαν
1803 2639 1870 2696 τὸ
1886 2634 2058 2710 ῥῆμα

478 2725 586 2781 τοῦ
601 2721 929 2788 βασιλέως.
962 2721 1028 2775 Τί
1055 2722 1275 2790 λέγεις;
1323 2723 1755 2795 κατεφρονήθης,
1805 2723 1900 2778 καὶ
1927 2723 2058 2776 θαυ-

482 2807 675 2877 μάξεις
698 2805 824 2867 τοὺς
843 2802 1245 2868 διαπτύσαντας
1269 2824 1285 2870 ς
1317 2806 1445 2865 Ναὶ.
1483 2806 1637 2876 φησὶ,
1667 2804 1811 2877 [zeal]
1832 2805 1898 2858 δι’
1925 2804 2058 2858 αὐτὸ

478 2889 657 2953 τοῦτο,
688 2889 771 2942 ὅτι
810 2889 1220 2960 κατεφρονήθην
1245 2907 1259 2920 ·
1289 2889 1381 2942 καὶ
1409 2889 1501 2942 τοῦ
1552 2888 1829 2959 θαύματος
1852 2888 2057 2957 ταύτην

477 2971 578 3042 τὴν
612 2970 795 3025 αἰτίαν
838 2970 1039 3040 τίθησι.
1094 2972 1254 3024 Ὥστε
1291 2971 1353 3025 o6
1384 2971 1472 3025 διὰ
1504 2971 1565 3024 τὸ
1595 2973 1820 3042 σημεῖον
1854 2972 1889 3043 ἡ
1931 2970 2059 3037 δόξα

479 3056 558 3128 τῷ
588 3055 710 3126 Θεῷ
741 3055 860 3109 τότε
892 3057 1080 3125 γέγονε
1116 3056 1277 3126 μόνον
1295 3097 1311 3120 ,
1351 3056 1486 3110 ἀλλὰ
1516 3055 1608 3109 καὶ
1628 3056 1716 3111 διὰ
1743 3054 1841 3127 τὴν
1870 3056 2060 3127 προαί-

483 3156 633 3212 ρεσιν
654 3138 763 3192 τῶν
792 3138 1193 3210 ἐμϐληθέντων.
1226 3139 1288 3191 Εἰ
1320 3139 1378 3193 δέ
1411 3140 1504 3192 καὶ
1531 3138 1652 3192 καθ’
1678 3138 1839 3192 ἑαυτὸ
1869 3138 2058 3205 ἐξετά-

482 3221 596 3276 σειέ
625 3238 710 3284 τις
740 3221 898 3275 τοῦτο
942 3222 1181 3286 κάκεῖνο,
1228 3222 1329 3276 οὐκ
1366 3221 1585 3276 ἔλαττον
1625 3222 1782 3275 τοῦτο
1824 3222 2054 3275 ἐκείνου.

481 3305 592 3359 Τοῦ
614 3303 724 3376 γάρ
750 3303 1023 3376 ῥύσασθαι
1044 3304 1277 3375 καμίνου
1302 3306 1361 3359 τὸ
1389 3308 1572 3360 πεῖσαι
1597 3304 1775 3377 ψυχὰς
1799 3304 2061 3358 κατατολ-

484 3386 926 3459 μῆσαικαμίνου,
953 3387 1056 3441 οὐκ
1085 3387 1302 3440 ἔλαττον
1330 3390 1409 3453 εἰς
1438 3388 1712 3459 θαύματος
1731 3388 1904 3454 λόγον.
1935 3387 2059 3452 Πῶς

482 3471 592 3540 γάρ
611 3470 713 3525 οὐκ
740 3470 1053 3541 ἐκπλήξεως
1085 3471 1253 3538 ἄξιον,
1276 3473 1403 3525 ὅταν
1431 3475 1460 3526 6
1478 3476 1577 3544 τῆς
1605 3472 1933 3543 οἰκουμένης
1962 3470 2060 3543 βα·-

485 3555 689 3621 σιλεὺς,
740 3556 835 3610 καὶ
885 3555 1119 3609 τοσαῦτα
1174 3559 1301 3629 περὶ
1352 3559 1544 3612 ἑαυτὸν
1595 3560 1738 3615 ὅπλα
1789 3559 1928 3630 έχων
1967 3559 2062 3614 καὶ

484 3640 823 3707 στρατόπεδα
866 3642 961 3693 καὶ
1003 3644 1343 3713 στρατηγοὺς
1369 3644 1463 3695 καὶ
1482 3644 1757 3716 τοπάρχας
1788 3646 1882 3698 καὶ
1916 3643 2060 3698 ὑπά-

482 3738 630 3786 τους,
666 3724 761 3776 καὶ
801 3722 908 3793 γῆν
939 3724 1034 3777 καὶ
1063 3723 1330 3779 θάλατταν
1367 3725 1755 3799 ὑποκειμένην,
1787 3728 1893 3782 ὑπὸ
1935 3727 2062 3782 παί-

483 3802 591 3857 δων
627 3806 987 3876 αἰχμαλώτων
1019 3809 1450 3879 καταφρονῆται,
1484 3812 1576 3863 καὶ
1598 3811 1647 3863 οἰ
1667 3809 1942 3881 δεδεμένοι
1967 3809 2060 3864 τοῦ

483 3888 746 3958 δήσαντος
784 3890 1171 3962 περιγίνωνται
1201 3893 1294 3945 καὶ
1329 3895 1511 3947 πᾶσαν
1542 3895 1735 3948 νικῶσι
1761 3896 1859 3965 τὴν
1898 3912 2064 3965 στρα-

483 3973 889 4044 τιάν.ἐκείνην;
916 3974 978 4027 ού
1009 3974 1118 4045 γὰρ
1157 3975 1401 4045 ἴσχυσαν,
1440 3977 1578 4047 ὅπερ
1604 3978 1816 4049 ἤθελον,
1847 3980 1897 4032 οἰ
1931 3979 2063 4051 περὶ

485 4054 576 4108 τὸν
605 4054 851 4125 βασιλέα.
901 4059 995 4111 καὶ
1039 4057 1212 4113 ταῦτα
1254 4061 1347 4113 καὶ
1379 4060 1478 4128 τὴν
1528 4062 1636 4114 ἀπὸ
1680 4063 1778 4133 τῆς
1829 4063 2060 4133 καμίνου

487 4139 804 4208 συμμαχίαν
848 4138 1058 4210 ἔχοντες
1080 4157 1093 4169 ·
1131 4140 1244 4193 ἀλλ’
1280 4143 1329 4194 οἰ
1367 4147 1565 4212 γυμνοὶ
1608 4145 1701 4198 καὶ
1738 4144 1915 4200 δοῦλοι
1968 4148 2063 4200 καὶ

489 4219 628 4285 ξένοι
653 4223 747 4275 καὶ
770 4221 939 4290 ὀλίγοι
980 4222 1053 4291 (τί
1082 4224 1191 4293 γὰρ
1218 4223 1385 4293 τριῶν
1411 4224 1768 4297 ὀλιγώτερον;
1796 4227 1812 4297 )
1837 4227 2063 4299 ἄπειρον

491 4305 748 4372 στρατιάν
775 4303 1051 4374 δεδεμένοι
1089 4308 1551 4376 κατηγωνίσαντο.
1595 4309 1734 4380 Ἤδη
1759 4310 1869 4383 γὰρ
1898 4309 2064 4365 θάνα-

489 4402 582 4449 τος
608 4391 1011 4457 κατεφρονεῖτο,
1060 4389 1249 4459 ἐπειδὴ
1292 4390 1475 4444 λοιπὸν
1512 4393 1540 4445 ό
1572 4394 1808 4463 Χριστὸς
1842 4394 2064 4465 ἔμελλεν

494 4468 810 4539 ἐπιδημεῖν·
859 4473 954 4525 καὶ
997 4472 1251 4543 καθάπερ
1285 4474 1596 4530 ἀνατέλλειν
1644 4477 1928 4546 μέλλοντος
1968 4479 2061 4533 τοῦ

490 4548 669 4619 ἡλίου,
694 4551 789 4601 καὶ
818 4553 947 4622 πρὶν
972 4553 1006 4622 ἢ
1042 4554 1139 4617 τὰς
1160 4555 1381 4618 ἀκτῖνας
1414 4559 1669 4627 φανῆναι,
1703 4558 1951 4630 λαμπρὸν
1982 4561 2066 4629 γί-

495 4648 646 4686 νεται
673 4630 733 4685 τὺ
771 4630 887 4702 φῶς
910 4635 1009 4702 τῆς
1037 4634 1248 4704 ἡμέρας
1272 4654 1286 4667 ·
1327 4636 1469 4691 οῦτω
1500 4640 1592 4692 καὶ
1623 4640 1718 4693 τοῦ
1746 4641 1844 4712 τῆς
1869 4641 2065 4697 δικαιο-

493 4716 661 4789 σύνης
697 4716 851 4789 ἡλίου
896 4716 1179 4787 μέλλοντος
1219 4718 1494 4791 ἔρχεσθαι,
1535 4724 1563 4776 6
1607 4723 1835 4788 θάνατος
1881 4725 2066 4781 λοιπὸν

490 4799 836 4867 ὑπεξίστατο.
874 4800 941 4856 Τί
967 4799 1061 4854 τοῦ
1094 4800 1324 4874 θεάτρου
1360 4804 1555 4873 γένοιτ’
1584 4805 1652 4860 ἂν
1688 4807 2066 4881 λαμπρότερον

492 4882 742 4948 ἐκείνους
776 4884 829 4936 τί
860 4885 960 4954 τῆς
998 4886 1155 4956 νίκης
1181 4887 1679 4959 περιφανέστερονι
1720 4891 1770 4943 τί
1817 4891 1926 4944 τῶν
1953 4911 2068 4947 και-

492 4976 600 5031 νῶν
626 4980 900 5049 τροπαίων
933 4981 1334 5054 ἐπισημότερον
1352 5000 1368 5050 ;

564 5119 627 5206 δῖ.
642 5119 814 5206 Τοῦτο
850 5122 943 5176 καὶ
968 5124 1052 5192 ἐφ’
1083 5125 1238 5195 ἡμῶν
1256 5127 1487 5194 γίνεται.
1519 5131 1627 5185 Καὶ
1651 5131 1743 5186 νῦν
1758 5134 1905 5188 ἐστιν
1925 5135 2068 5206 ὁτῆς

498 5203 842 5270 Βαϐυλωνίας
876 5206 1108 5277 καμίνου
1153 5208 1424 5278 βασιλεὺς,
1478 5214 1573 5267 καὶ
1610 5214 1704 5268 νῦν
1744 5215 1914 5285 φλόγα
1975 5203 2065 5271 άν-

498 5290 661 5344 άπτει
698 5288 1083 5361 χαλεπωτέραν
1123 5291 1337 5362 ἐκείνης
1359 5310 1371 5323 ·
1412 5293 1527 5348 ἐστι
1559 5299 1652 5350 καὶ
1690 5298 1785 5352 νῦν
1830 5303 1858 5354 ὀ
1886 5299 2069 5354 τοιαύ-

495 5389 596 5443 την
625 5374 808 5428 εἰκόνα
846 5374 1082 5429 κελεύων
1116 5374 1416 5447 θαυμάζειν
1453 5392 1467 5406 ⁶
1501 5380 1753 5450 πάρεισιν
1785 5383 1933 5455 αὐτῷ
1975 5386 2067 5438 καὶ

501 5456 777 5527 σατράπαι
804 5459 897 5513 καὶ
927 5460 1256 5530 στρατιῶται
1296 5461 1388 5514 καὶ
1426 5463 1760 5533 γοητεύουσα
1792 5469 2020 5537 μουσική
2047 5484 2063 5498 ·

498 5537 592 5619 καὶ
619 5540 802 5594 πολλοί⁵
831 5542 1168 5615 θαυμάζουσι
1203 5543 1407 5615 ταύτην
1436 5544 1535 5615 τὴν
1567 5547 1773 5606 εἰκόνα.
1808 5550 1904 5619 τὴν
1948 5568 2067 5603 ποι·

494 5618 704 5700 κίληνη
724 5622 823 5693 τὴν
855 5625 1119 5697 μεγάλην.
1147 5625 1402 5680 Τοιοῦτον
1422 5627 1530 5699 γάρ
1550 5629 1602 5682 τί
1641 5632 1789 5683 ἐστιν
1815 5632 1848 5700 ἡ
1864 5618 2066 5685 πλεον-

490 5698 629 5765 εξία,
653 5696 764 5755 οἷον
786 5706 817 5773 ή
842 5705 1003 5758 εἰκὼν
1023 5696 1227 5780 ἐκείνη,
1250 5708 1371 5762 οὐδὲ
1396 5696 1612 5781 σιδήρου
1627 5696 2060 5781 καταφρονοῦσα,

491 5782 607 5836 ἀλλ’
624 5782 684 5849 ἐξ
710 5786 977 5856 ἀνομοίων
1004 5789 1100 5859 μὲν
1126 5793 1458 5863 συγκειμένη
1495 5793 1858 5864 πραγμάτων,
1886 5794 2064 5850 πάντα

1136 287 1198 343 S.
1238 285 1527 344 J’OANMS
1557 282 2053 343 CHRYSOSTGMI
2094 283 2414 343 ARCHIEP.
2452 289 2993 348 CONSTANTINOP.

3572 303 3581 311 ‘
3643 295 3740 350 150

2160 399 2218 454 δὲ
2244 402 2549 480 κελεύουσα
2570 406 2895 479 θαυμάζειν,
2937 408 3029 460 καὶ
3056 406 3256 477 χαλκὸν
3278 408 3373 461 καὶ
3404 406 3619 480 σίδηρον
3646 406 3741 465 καὶ

2159 485 2197 540 ἃ
2241 486 2424 560 πολλῷ
2475 479 2682 543 τούτων
2733 491 2881 544 ἐστὶν
2931 491 3308 562 εὐτελέστερα.
3363 491 3504 544 Ἀλλ’
3532 479 3740 565 ῶσπερ

2157 568 2334 622 ταῦτά
2359 570 2527 636 ἐστιν,
2563 572 2706 626 οὕτω
2740 574 2834 626 καὶ
2872 574 2919 625 οἱ
2947 571 3057 626 τῶν
3084 572 3290 627 παίδων
3313 573 3538 628 ἐκείνων
3567 572 3740 643 ζηλω-

2155 651 2246 705 ταί
2278 652 2385 705 εἰσι
2409 654 2505 706 καὶ
2524 653 2638 718 νῦν,
2671 655 2720 707 οἰ
2748 653 2998 724 λέγοντες
3032 670 3046 683 ⁸
3078 655 3206 718 Τοῖς
3246 654 3389 719 θεοῖς
3425 673 3519 709 σου
3553 659 3613 710 ού
3644 659 3738 713 λα·

2154 733 2444 805 τρεύομεν,
2467 737 2560 789 καί
2589 740 2653 808 τῇ
2683 737 2854 791 εἰκόνι
2888 755 2983 790 σου
3020 738 3081 791 o6
3124 738 3562 808 προσκυνοῦμεν,
3599 740 3737 797 ἀλλὰ
3811 739 3814 743 ’

2156 816 2251 869 καὶ
2294 818 2395 887 τὴν
2433 818 2663 890 κάμινον
2710 820 2811 889 τῆς
2860 819 3052 883 πενίας
3090 819 3453 890 ὑπομένομεν,
3499 822 3595 876 καὶ
3639 822 3738 895 τὴν

2155 898 2322 969 ἄλλην
2361 900 2738 971 ταλαιπωρίαν
2767 901 2986 956 ἅπασαν
3017 902 3157 972 ὑπὲρ
3195 902 3302 956 τῶν
3345 902 3438 955 τοῦ
3471 904 3606 956 Θεοῦ
3653 906 3741 958 νό-

2158 994 2294 1048 μων.
2337 980 2446 1032 Καὶ
2480 982 2529 1033 οἰ
2566 981 2666 1049 μὲν
2710 981 2881 1035 πολλά
2910 981 3147 1051 ἔχοντες,
3200 980 3448 1052 καθάπερ
3494 982 3736 1037 κάκεῖνοι

2153 1063 2296 1124 τότε,
2337 1065 2431 1116 καὶ
2476 1064 2681 1120 ταύτην
2719 1063 3087 1135 προσκυνοῦσι
3125 1063 3384 1127 πολλάκις
3423 1065 3518 1117 καί.
3560 1082 3734 1119 κατα-

2156 1145 2403 1199 καίονται
2432 1145 2588 1219 [157]
2618 1163 2632 1177 ·
2664 1148 2714 1200 οἰ
2743 1147 2799 1201 δέ
2835 1145 3006 1219 μηδὲν
3044 1153 3375 1216 κεκτημένοι
3411 1152 3503 1199 καὶ
3531 1153 3737 1218 ταύτης

2156 1231 2578 1300 καταφρονοῦσι,
2614 1232 2708 1285 καὶ
2736 1232 2793 1284 ἐν
2825 1230 2985 1301 πενίᾳ
3022 1228 3193 1293 ὄντες.
3229 1232 3285 1283 ἐν
3313 1230 3489 1301 δρόσῳ
3529 1232 3731 1300 μᾶλλόν

2155 1313 2261 1365 εἰσι
2286 1315 2394 1365 τῶν
2431 1315 2491 1365 ὲν
2525 1313 2756 1385 εὐπορίᾳ
2787 1312 3004 1375 ζώντων
3030 1326 3043 1339 ·
3082 1312 3335 1383 καθάπερ
3368 1312 3463 1366 καὶ
3508 1314 3629 1367 τότε
3677 1316 3730 1368 οἰ

2159 1394 2258 1465 μὲν
2301 1395 2626 1465 ἐμδαλόντες
2664 1395 3033 1467 κλτεκάησαν,
3078 1395 3129 1447 οἰ
3162 1393 3219 1447 δέ
3259 1396 3318 1448 ἐν
3359 1394 3511 1467 μέσῳ
3556 1396 3731 1463 ὄντες,

2155 1476 2345 1549 ῶσπερ
2377 1479 2435 1530 ἐν
2461 1476 2613 1531 ὕδατι
2644 1474 2784 1549 ἦσαν
2814 1477 2908 1532 καί
2933 1476 3153 1550 δρόσῳ·.
3194 1476 3303 1530 Καὶ
3331 1476 3361 1529 6
3388 1476 3646 1548 τύραννος
3676 1479 3736 1533 δὲ

2155 1562 2276 1615 τότε
2334 1562 2540 1626 ἐκεῖνος
2582 1562 2785 1634 μᾶλλον
2827 1560 3042 1615 ἐκαίετο
3082 1562 3148 1631 τῇ
3193 1558 3372 1628 φλογὶ,
3412 1560 3507 1614 τοῦ
3558 1560 3733 1633 θυμοῦ

2157 1643 2514 1715 σφοδρότερον
2552 1644 2713 1699 αὐτὸν
2759 1644 3111 1706 άνάπτοντος,
3149 1641 3184 1713 ἢ
3213 1644 3262 1694 οἰ
3289 1640 3478 1706 παῖδες
3514 1644 3734 1701 ἐκεῖνοι.

2169 1728 2426 1781 Ἐκείνων
2454 1727 2553 1799 μὲν
2600 1728 2711 1799 γὰρ
2758 1728 2859 1780 οὐκ
2898 1727 3087 1797 ἴσχυσε
3126 1726 3188 1779 τὸ
3238 1724 3348 1798 πῦρ
3383 1727 3505 1782 οὖδέ
3549 1727 3735 1800 ἄκρων

2156 1810 2398 1881 ἅψασθαι
2430 1811 2538 1866 τῶν
2566 1809 2768 1882 τριχῶν
2794 1828 2805 1841 ·
2842 1810 3034 1864 τούτου
3075 1810 3134 1864 δὲ
3166 1809 3339 1881 πυρὸς
3372 1810 3736 1883 σφοδρότερον

2157 1896 2461 1949 κατέκαυσε
2491 1894 2589 1966 τὴν
2615 1894 2855 1948 διάνοιαν
2885 1895 2917 1965 ἡ
2945 1893 3105 1964 ὀργή.
3155 1892 3435 1962 Ἐννόησον
3467 1893 3578 1962 γάρ
3606 1895 3732 1949 ὅσον

2156 1973 2224 2050 ἧν
2258 1979 2347 2031 ἐπ’
2367 1976 2526 2047 δψεσι
2556 1975 2848 2039 τοσαύταις
2875 1974 2980 2029 ύπδ
3006 1975 3209 2029 παίδων
3249 1974 3608 2045 αἰχμαλώτων
3637 1976 3736 2030 αύ-

2156 2061 2246 2115 τδν
2291 2059 2667 2114 διαπτύεσθαι.
2716 2057 2924 2123 Ἐδειξε
2970 2058 3082 2129 γάρ
3118 2058 3324 2123 λοιπὸν,
3366 2059 3449 2112 δτι
3499 2060 3595 2112 καὶ
3635 2057 3737 2128 τὴν

2157 2142 2311 2197 πόλιν
2349 2143 2529 2197 αὐτῶν
2556 2141 2767 2205 ἐλαϐεν,
2792 2143 2854 2195 o6
2880 2141 3031 2210 παρὰ
3049 2140 3148 2212 τὴν
3170 2141 3374 2195 οἰκείαν
3401 2142 3575 2211 ἰσχὺν,
3598 2141 3735 2195 ἀλλὰ

2156 2225 2311 2298 παρὰ
2339 2225 2440 2297 τὴν
2469 2225 2581 2280 τῶν
2630 2225 2838 2279 πολλῶν
2873 2224 3169 2294 ἁμαρτίαν.
3204 2224 3266 2277 Εἰ
3296 2223 3406 2295 γὰρ
3440 2225 3548 2278 τῶν
3582 2225 3734 2278 δεδε-

2159 2311 2337 2382 μένων
2367 2311 2468 2364 οὐκ
2508 2312 2697 2380 ἴσχυσε
2736 2307 3143 2379 περιγενέσθαι,
3183 2307 3281 2361 καὶ
3321 2306 3493 2361 ταῦτα
3530 2309 3591 2362 ἐν
3629 2324 3735 2361 κα·-

2160 2394 2298 2465 μίνῳ
2327 2392 2696 2465 βεδλημένων,
2730 2393 2848 2455 πῶς
2878 2392 2944 2445 ἃν
2976 2390 3176 2445 τούτων
3200 2390 3547 2462 περιεγένετο
3578 2389 3738 2443 πολέ-

2160 2493 2262 2547 μου
2289 2476 2440 2547 νόμῳ
2468 2514 2482 2538 ,
2524 2476 2739 2530 πάντων
2771 2474 3028 2528 τοιούτων
3054 2473 3253 2539 δντων;
3277 2473 3442 2526 Ὅθεν
3467 2472 3625 2543 δῆλον
3651 2473 3735 2526 ὅτι

2156 2558 2214 2613 αἰ
2237 2557 2349 2612 τῶν
2377 2558 2587 2612 πολλῶν
2614 2558 2879 2630 ἁμαρτίαι
2910 2557 3010 2627 τὴν
3038 2556 3191 2610 πόλιν
3221 2556 3562 2628 παρέδωκαν.
3589 2556 3734 2625 Ὅρα

2155 2641 2215 2696 δὲ
2251 2641 2345 2696 καὶ
2381 2640 2442 2695 τὸ
2473 2640 2788 2707 άκενόδοξον
2814 2639 2924 2694 τῶν
2952 2638 3176 2693 παίδων.
3214 2639 3288 2693 06
3320 2639 3430 2707 γὰρ
3456 2638 3735 2709 ἐπεπήδηο

2160 2742 2259 2780 σαν
2287 2727 2353 2797 τῇ
2383 2723 2622 2795 καμίνῳ,
2654 2722 2791 2776 ἀλλά
2818 2721 2911 2776 τοῦ
2954 2720 3195 2794 Χριστοῦ
3225 2723 3326 2792 τὴν
3357 2719 3735 2792 παραγγελίαν

2158 2809 2366 2865 ἄνωθεν
2395 2806 2691 2877 ἐφύλαττον
2715 2806 2802 2875 λέγ
2813 2823 2983 2872 οντος’
3020 2808 3291 2877 Εὔχεσθε
3320 2805 3405 2875 μὴ
3438 2805 3738 2861 εἰσελθεῖν

2157 2895 2246 2960 εἰς
2307 2892 2675 2962 πειρασμόν·
2747 2890 2873 2944 οὔτε
2948 2889 3147 2960 ἔφυγον
3207 2889 3392 2961 ἐπειδὴ
3466 2888 3733 2961 ἧχθησαν,

2159 2974 2275 3030 ἀλλ’
2300 2975 2536 3047 ἔστησαν
2563 2976 2620 3028 ἐν
2638 2973 2716 3044 τῷ
2749 2974 2899 3045 μέσῳ
2926 2974 3211 3042 γενναίως,
3251 2972 3373 3027 οὔτε
3402 2972 3477 3043 μὴ
3508 2970 3740 3025 καλοῦν-

2158 3076 2249 3120 τος
2296 3056 2708 3128 ἀγωνιζόμενοι,
2757 3055 2880 3110 οὕτε
2934 3055 3227 3133 καλοῦντος
3289 3055 3734 3127 μαλακιζόμενοι,

2160 3144 2296 3198 ἀλλὰ
2335 3141 2472 3215 πρὸς
2508 3142 2687 3196 πάντα
2736 3140 2947 3211 ἕτοιμοι
2997 3140 3089 3193 καὶ
3125 3142 3382 3207 γενναῖοι,
3429 3138 3520 3192 καὶ⁵
3562 3138 3742 3208 πάσης

2160 3225 2423 3295 γέμοντες
2451 3224 2783 3295 παρρησίας.
2823 3221 3171 3293 ’Δκούσωμεν
3194 3222 3250 3275 δὲ
3272 3223 3366 3276 καὶ
3393 3222 3445 3275 τί
3470 3221 3737 3289 λέγουσιν,

2162 3307 2248 3360 ἵνα
2278 3306 2571 3361 κάντεῦθεν
2611 3305 2872 3376 μάθωμεν
2907 3306 3087 3359 αὐτῶν
3127 3305 3187 3358 τὸ
3233 3304 3521 3375 φιλόσοφον
3544 3305 3572 3344 δ
3606 3303 3740 3374 φρόο

2161 3407 2227 3460 νη
2236 3407 2312 3460 μα
2329 3407 2343 3422 ·
2370 3390 2544 3444 Ἐστι
2571 3388 2716 3455 Θεὸς
2735 3388 2805 3441 ἐν
2833 3388 3111 3456 οὐρανοῖς
3140 3388 3400 3454 δυνατὸς
3427 3386 3740 3453 ἐξελέσθαι

2161 3471 2342 3544 ἡμᾶς.
2375 3474 2450 3526 O6
2484 3471 2594 3542 γάρ
2622 3471 2764 3543 ὑπὲρ
2789 3470 3003 3524 ἑαυτῶν
3034 3470 3434 3541 φροντίζουσιν,
3469 3468 3607 3523 άλλά
3646 3468 3741 3521 καί

2162 3558 2411 3614 καίεσθαι
2447 3557 2753 3627 μέλλοντες,
2787 3555 2928 3626 ὑπὲρ
2966 3555 3066 3626 τῆς
3097 3554 3193 3609 τοῦ
3222 3553 3359 3608 Θεοῦ
3388 3553 3547 3622 δόξης
3578 3570 3738 3623 μερι-

2165 3641 2389 3712 μνῶσιν.
2442 3640 2560 3694 Ἵνα
2588 3639 2697 3711 γὰρ
2746 3641 2819 3709 μή
2865 3654 3018 3700 ποτε,
3068 3638 3223 3708 φησὶ,
3287 3633 3740 3689 κατακαυθέντων

2161 3724 2320 3796 ήμῶν
2371 3723 2654 3777 ἀσθένειαν
2706 3721 2801 3776 τοῦ
2849 3720 2987 3775 Θεοῦ
3038 3718 3348 3791 καταγνῷς,
3400 3717 3504 3788 ἤδη
3548 3733 3638 3770 σοι
3678 3715 3741 3770 τὸ

2159 3810 2337 3878 δόγμα
2383 3807 2529 3861 άπαν
2565 3803 2982 3874 ἀπαγγέλλομεν
3021 3802 3269 3874 ἀκριϐῶς
3317 3801 3380 3855 τδ
3423 3800 3690 3872 ἡμέτερον
3719 3816 3736 3829 ο

2166 3893 2340 3946 Ἐστι
2370 3890 2514 3957 Θεὸς
2553 3891 2620 3943 ἐν
2642 3887 2942 3956 οὐρανοῖς,
2975 3887 3037 3940 o6
3076 3885 3338 3950 τοιοῦτος,
3372 3884 3460 3938 οἷα
3486 3883 3628 3953 αῦτη
3657 3882 3740 3935 εἰ-

2165 3976 2274 4029 κὼν
2300 3978 2332 4045 ἡ
2367 3977 2457 4027 ἐπὶ
2477 3974 2604 4042 γῆς.
2633 3973 2667 4043 ἡ
2692 3970 2895 4041 ἄψυχος
2920 3970 3017 4024 καί¹
3039 3970 3274 4038 ἄφωνος.
3303 3968 3418 4022 ἀλλ’
3441 3967 3627 4030 ἰκανδς
3645 3966 3741 4019 καὶ

2167 4061 2230 4113 ἐκ
2284 4059 2455 4129 μέσης
2504 4056 2735 4126 καμίνου
2778 4055 2879 4126 τῆς
2930 4054 3229 4124 καιομένης
3283 4050 3608 4122 ἐξαρπάσαι.
3649 4049 3739 4120 Μὴ

2163 4144 2341 4194 τοίνυν
2371 4139 2535 4193 αὑτοῦ
2562 4136 2848 4207 καταγνῷς
2874 4135 3181 4197 ἀσθένειαν,
3203 4135 3289 4188 ὃτι
3320 4133 3544 4204 ἀφίησιν
3569 4135 3739 4201 ἐμπε-

2167 4229 2301 4278 σεῖν.
2355 4221 2543 4284 Οὕτως
2578 4220 2698 4273 ἐστὶ
2730 4218 2974 4283 δυνατὸς.
3012 4218 3156 4271 ὥστε
3191 4215 3332 4288 μετά
3370 4215 3434 4267 τδ
3482 4216 3741 4285 ἐμπεσεῖν

2166 4307 2330 4360 πάλιν
2373 4305 2520 4374 ἡμᾶς
2568 4303 2872 4372 ἐξαρπάσαι
2917 4302 3018 4371 τῆς
3065 4298 3300 4369 φλογός’
3338 4295 3585 4351 Καίὲὰν
3627 4293 3741 4363 μὴν

2167 4387 2440 4458 γνωστὸν
2465 4386 2622 4440 ἔστω
2641 4402 2760 4449 σοι,
2791 4380 2838 4438 ὦ
2861 4383 3147 4447 βασιλεῦ,
3173 4380 3267 4435 ὅτι
3293 4378 3417 4445 τοῖς
3440 4376 3595 4442 θεοῖς
3622 4391 3741 4430 σου

2166 4457 2238 4528 οὐ
2268 4473 2655 4540 λατρεύομεν,
2683 4469 2779 4523 καί
2818 4468 2891 4536 τῇ
2934 4472 3121 4523 εικόνι
3151 4464 3226 4535 τῇ
3253 4461 3457 4535 χρυσῆ
3492 4457 3532 4534 ᾖ
3563 4461 3743 4528 ἕστη-

2167 4574 2283 4622 σας
2325 4559 2397 4609 οὺ
2429 4552 2911 4622 προσκυνοῦμεν.
2949 4552 3094 4621 Ὅρα
3139 4545 3741 4616 αὐτοὺς,οικονομικῶς

2168 4637 2494 4706 ἀγνοοῦντας
2524 4636 2586 4688 τὸ
2616 4634 2829 4705 μέλλον.
2865 4635 2925 4687 Εἰ
2947 4635 3057 4703 γάρ
3088 4632 3411 4704 προῄδεσαν,
3452 4630 3571 4682 οὐδὲ
3602 4625 3740 4696 ἦσαν

2168 4720 2492 4791 θαυμαστοὶ,
2519 4717 2880 4787 πεποιηκότες
2911 4718 3050 4787 ὅπερ
3070 4717 3338 4783 ἐποίησαν
3355 4730 3368 4743 ·
3392 4713 3446 4765 τί
3474 4713 3578 4779 γάρ
3610 4712 3743 4764 θαυμ-

2171 4804 2399 4874 μαστδν,
2433 4803 2482 4854 εἰ
2502 4801 2730 4870 ἐνέχυρα
2762 4799 2977 4869 ἔχοντες
3006 4796 3304 4868 σωτηρίας,
3330 4793 3743 4862 κατετόλμησαν

2167 4887 2278 4939 τῶν
2306 4885 2531 4950 δεινῶν;
2558 4883 2673 4936 ἀλλ’
2712 4884 2740 4936 6
2768 4882 2867 4949 μὲν
2895 4881 3026 4944 Θεὸς
3050 4880 3352 4945 ἐδοξάζετο,
3379 4875 3629 4947 δυνηθεὶς
3648 4879 3744 4929 ἐκ·

2168 4969 2353 5025 ϐαλεῖν
2379 4967 2480 5038 τῆς
2523 4966 2756 5035 καμίνου
2782 4980 2796 4994 ·
2840 4966 3038 5019 ἐκεῖνοι
3063 4962 3123 5015 δέ
3152 4962 3253 5014 οὐκ
3284 4960 3351 5015 ἂν
3388 4959 3743 5031 ἐθαυμάσθη-

2170 5071 2290 5116 σαν,
2328 5052 2423 5106 ἆτε
2469 5050 2543 5121 μὴ
2590 5050 2670 5113 εἰς
2716 5047 2999 5109 κινδύνους
3039 5046 3265 5108 ἑαυτοὺς
3315 5043 3592 5115 ῥίψαντες.
3643 5043 3744 5096 Διὰ

2167 5136 2326 5191 τοῦτο
2352 5135 2546 5198 αὐτοὺς
2571 5135 2783 5202 ἀφῆκεν
2806 5130 3073 5201 ἀγνοῆσαι
3094 5129 3156 5183 τὸ
3184 5128 3400 5201 μέλλον,
3434 5129 3521 5182 ῐνα
3544 5128 3738 5190 αύτούς

2168 5221 2366 5293 δοξάσῃ
2406 5219 2585 5273 πλέον.
2628 5217 2740 5271 Καὶ
2772 5204 3026 5286 καθάπερ
3056 5215 3214 5268 αὐτοὶ
3250 5213 3609 5286 ἠσφαλίζοντο
3648 5211 3743 5263 τὸν

2171 5303 2395 5374 βασιλέα
2430 5303 2506 5372 μὴ
2556 5300 2840 5353 ἀσθένειαν
2886 5297 3234 5366 καταγνῶναι
3272 5296 3410 5351 Θεοῦ
3432 5336 3448 5359 ,
3495 5300 3543 5349 εἰ
3573 5311 3740 5349 κατα-

2171 5385 2534 5455 καυθείησαν⁵
2560 5382 2736 5445 οὓτως
2775 5383 2804 5434 6
2849 5379 2984 5443 Θεὸς
3031 5381 3319 5453 ἀμφότερα
3352 5380 3600 5449 ἐποίησε,
3649 5378 3746 5429 καὶ

2169 5471 2269 5540 τὴν
2295 5466 2487 5521 ἐαυτοῦ
2509 5466 2736 5535 δύναμιν
2757 5463 2948 5530 ἔδειξε,
2972 5465 3067 5517 καὶ
3099 5464 3200 5535 τὴν
3226 5464 3335 5516 τῶν
3359 5462 3564 5514 παίδων
3605 5474 3743 5528 προ-

2170 5552 2372 5623 θυμίαν
2397 5549 2782 5621 λαμπροτέραν
2799 5546 3126 5619 διαφανῆναι
3152 5542 3547 5617 παρεσκεύασε.
3574 5541 3745 5593 Πόθεν

2229 5744 2253 5772 ⁸
2289 5743 2394 5791 Duo
2421 5740 2580 5797 codd,
2606 5739 2728 5797 ἦσαν
2748 5744 2805 5801 τῇ
2832 5740 3008 5803 δρόσῳ,
3044 5737 3246 5796 rectius,
3275 5735 3323 5783 ni
3346 5735 3578 5784 fallimur.
3610 5732 3745 5783 Ilum.

2170 5808 2198 5846 ι)
2223 5805 2341 5866 Reg.
2352 5841 2363 5861 ,
2388 5804 2614 5851 φιλόθεον.
