4090 6216
375 319 478 374 149

367 437 518 503 tiam,
541 436 684 509 quod
713 445 990 508 peccatum
1012 438 1102 494 vix
1128 439 1336 493 veniam
1364 439 1608 494 admittat
1639 458 1651 493 :
1681 440 1822 493 circa
1853 441 1960 493 vir-

363 539 536 585 tutem
579 539 759 585 autem
806 530 1075 597 hominis,
1110 546 1268 586 nemo
1303 532 1381 585 sic
1421 532 1757 600 impudenter
1801 547 1961 602 agere

364 623 587 692 poterit,
609 622 700 677 sed
722 624 942 678 omnino
963 623 1284 693 glorificabit
1305 624 1496 686 Deum,
1519 623 1643 677 dum
1668 623 1814 677 videt
1836 638 1957 677 eum

362 714 458 780 qui
493 713 602 767 Deo
631 715 795 768 servit
822 725 1010 769 sancte
1057 717 1346 769 viventem.
1389 715 1518 782 Quis
1545 715 1686 769 enim
1725 729 1830 768 non
1859 715 1958 768 ob-

366 815 660 876 stupescet,
705 806 919 876 quando
959 807 1223 876 quispiam
1245 851 1258 871 ,
1291 807 1453 861 homo
1475 821 1595 861 cum
1621 808 1689 860 sit
1713 821 1956 859 commu-

368 896 557 964 nisque
580 907 784 950 natnra:
812 898 1103 967 particeps,
1131 899 1181 951 in
1211 899 1510 967 mediisque
1537 911 1756 952 versans
1787 896 1958 950 homi-

369 986 525 1040 nibus
549 1031 564 1054 ,
595 987 733 1041 sicut
759 989 999 1055 adamas,
1050 1007 1154 1042 nou
1200 989 1530 1044 convertitur
1556 988 1618 1042 ad
1650 989 1954 1056 passionum

367 1093 558 1149 agmen
582 1081 605 1132 ?
630 1096 750 1135 cum
783 1081 921 1135 inter
968 1083 1141 1152 ignem
1170 1093 1225 1136 et
1252 1082 1451 1137 ferrum
1474 1093 1528 1136 et
1559 1081 1695 1136 feras
1737 1095 1955 1135 versans

363 1168 650 1225 adamante
691 1172 877 1227 fortior
917 1182 1016 1237 est,
1050 1183 1101 1226 et
1131 1189 1226 1242 per
1269 1173 1481 1242 pietatis
1526 1172 1746 1226 verbum
1787 1172 1952 1226 ratio.

362 1273 596 1330 nemque
623 1263 801 1316 omnia
829 1263 1192 1332 superaverit?
1217 1263 1429 1331 quando
1457 1263 1661 1330 probris
1697 1263 1946 1326 afficitur,

361 1361 420 1405 et
445 1352 753 1408 henedicit?
782 1355 993 1425 quando
1039 1357 1177 1411 male
1223 1356 1367 1408 audit
1407 1366 1460 1409 et
1500 1355 1711 1408 laudat?
1739 1354 1950 1423 quando

362 1446 605 1500 molestia
637 1448 684 1502 ei
713 1459 946 1512 creatur,
971 1457 1023 1502 et
1045 1449 1134 1503 ille
1163 1459 1277 1502 orat
1305 1463 1399 1516 pro
1429 1449 1492 1502 iis
1520 1447 1608 1517 qui
1638 1463 1817 1501 secum
1844 1447 1947 1500 ini-

358 1552 466 1605 que
486 1540 687 1606 agunt?
707 1539 921 1609 quando
946 1541 1154 1594 insidiis
1173 1541 1459 1608 appetitur,
1479 1549 1530 1594 et
1554 1541 1666 1608 ipse
1692 1537 1946 1608 beneficia

360 1639 578 1696 pnestat
629 1630 1026 1685 insidiatoribus
1053 1642 1108 1686 et
1133 1632 1488 1684 adversariis?
1527 1633 1649 1685 lla‘c
1675 1640 1726 1684 el
1752 1631 1944 1684 similia

359 1722 528 1790 magis
563 1737 724 1789 quam
763 1723 878 1777 οξεΙί
919 1723 1219 1792 glorificant
1262 1724 1446 1777 Demn.
1497 1723 1669 1776 Graeci
1715 1738 1945 1792 namque

355 1815 544 1866 cadum
597 1813 874 1877 videntes,
906 1829 1011 1867 non
1061 1813 1264 1882 pudore
1308 1813 1644 1876 afficiuntur;
1699 1824 1942 1868 sanctum

356 1917 532 1959 autem
564 1906 736 1961 virum
769 1906 1010 1962 videntes
1060 1917 1306 1961 accurate
1358 1907 1742 1975 philosophiam
1784 1907 1940 1960 exhi-

358 1999 596 2065 tuentem,
629 1999 828 2068 pudore
856 1999 1234 2054 sulfunduntur
1259 2015 1482 2069 seseque
1507 1999 1780 2053 damnant.
1805 1999 1937 2054 Cum

353 2090 493 2144 enim
524 2092 590 2151 is,
621 2092 709 2155 qui
733 2090 974 2160 ejusdem
1005 2102 1204 2146 natura:
1234 2107 1456 2146 coosors
1475 2102 1578 2156 est,
1603 2093 1671 2144 ita
1694 2094 1940 2161 superior

351 2181 456 2235 illis
481 2190 564 2236 est
589 2222 604 2244 ,
635 2190 688 2235 et
716 2183 880 2237 multo
918 2183 1119 2253 magis,
1150 2197 1306 2251 quam
1339 2183 1527 2236 celum
1559 2191 1750 2236 terram
1781 2197 1937 2251 snpe-

350 2282 462 2334 rat;
491 2271 577 2324 vel
607 2270 755 2324 inviti
801 2273 1072 2342 rogitant,
1101 2271 1383 2342 quamdam
1411 2271 1642 2325 divinam
1689 2274 1934 2327 virtutem

352 2363 465 2417 hzcc
492 2364 709 2432 operari
740 2381 754 2415 :
779 2363 901 2418 ideo
927 2365 1034 2418 ait:
1061 2364 1125 2417 Et
1152 2365 1436 2434 glori/irent
1484 2363 1689 2417 Putrem
1717 2374 1932 2418 vestrum

345 2460 432 2525 qui
468 2460 521 2511 in
555 2459 695 2511 curiis
739 2467 830 2513 est.
873 2457 964 2512 Vis
994 2466 1048 2512 et
1075 2457 1293 2512 aliunde
1334 2457 1573 2521 discere,
1601 2458 1866 2528 quomodo
1901 2473 1930 2511 a

343 2565 623 2604 servorum
669 2565 887 2604 suorum
937 2550 1043 2604 vita
1089 2550 1414 2619 glorificetur
1461 2551 1622 2614 Deus,
1664 2551 1931 2620 quomodo

340 2642 503 2695 etiam
532 2657 560 2695 a
591 2642 903 2696 miraculis?
933 2643 1156 2698 Immisit
1181 2641 1466 2712 aliquando
1505 2642 1932 2696 Nabuchodono-

339 2747 432 2785 sor
464 2742 570 2787 tres
600 2748 796 2802 pueros
823 2734 874 2787 in
904 2732 1194 2787 fornacem.
1228 2732 1428 2786 Deinde
1458 2733 1579 2802 quia
1603 2733 1732 2786 vidit
1755 2733 1928 2802 ignem

339 2839 446 2876 non
478 2824 596 2876 illos
622 2839 897 2892 superare,
921 2825 993 2877 ait
1023 2841 1036 2876 :
1069 2822 1371 2876 Benedictus
1391 2821 1551 2887 Deus,
1573 2825 1658 2892 qui
1679 2825 1810 2878 misit
1832 2841 1926 2878 au-

336 2916 504 2984 gelum
526 2931 696 2980 suum,
727 2925 772 2968 et
792 2916 973 2982 eripuit
1000 2931 1182 2985 pueros
1202 2931 1324 2968 suos
1349 2929 1378 2968 a
1409 2913 1642 2976 fornace,
1667 2920 1786 2980 quia
1805 2931 1926 2970 con-

337 3007 559 3075 lidernut
585 3009 636 3062 in
659 3026 771 3061 eum
803 3025 822 3062 :
846 3019 890 3060 et
921 3008 1124 3061 verbum
1149 3009 1281 3078 regis
1311 3018 1624 3061 mutaverunt
1656 3007 1831 3077 (Dan.
1866 3009 1922 3062 5.

337 3099 466 3165 95).
490 3100 626 3166 Quid
651 3099 820 3153 dicis?
843 3109 1180 3167 contemptus
1207 3099 1372 3161 fuisti,
1397 3109 1449 3153 et
1477 3100 1684 3153 miraris
1713 3115 1807 3154 eos
1834 3101 1920 3169 qtti

333 3194 692 3263 respuerant?
741 3193 935 3256 Etiam,
985 3193 1176 3261 inquit,
1222 3202 1276 3246 et
1327 3199 1542 3261 propter
1593 3191 1694 3246 hoc
1747 3192 1920 3260 ipsum

329 3285 473 3352 quod
521 3286 853 3356 contemptui
880 3285 1092 3340 habitus
1117 3286 1252 3350 sim;
1291 3292 1345 3338 et
1373 3284 1610 3340 miraculi
1642 3284 1779 3340 hanc
1808 3295 1920 3340 sta-

332 3382 430 3434 tuit
454 3395 576 3436 esse
601 3395 834 3434 causam.
867 3381 1048 3450 Itaque
1079 3395 1184 3434 non
1216 3386 1430 3449 propter
1468 3379 1676 3448 signum
1716 3389 1918 3434 tantum

331 3480 457 3526 tunc
480 3473 648 3540 gloria
678 3473 788 3527 Deo
813 3472 944 3535 fuit,
973 3471 1067 3526 sed
1099 3477 1317 3540 propter
1359 3471 1686 3541 propositum
1725 3486 1915 3526 eorum

327 3564 417 3631 qui
447 3564 748 3632 illoinjecti
780 3572 916 3619 sunt.
970 3563 1121 3631 Quod
1152 3562 1198 3616 si
1229 3563 1349 3630 quis
1377 3562 1479 3617 hoc
1501 3572 1555 3616 et
1580 3563 1707 3617 illud
1739 3579 1834 3632 per
1857 3579 1916 3618 se

325 3654 613 3718 examinet,
647 3670 751 3708 non
782 3655 883 3709 hoc
913 3655 1004 3708 illo
1034 3655 1206 3709 minus
1234 3664 1338 3708 est.
1361 3655 1401 3707 A
1435 3653 1649 3709 fornace
1677 3657 1817 3709 enim
1847 3655 1883 3709 li

326 3753 547 3807 berasse
568 3791 584 3815 ,
615 3766 720 3804 non
749 3759 828 3805 est
855 3750 1025 3819 majus
1051 3750 1118 3804 ad
1143 3749 1401 3805 rationem
1448 3750 1722 3814 miraculi,
1755 3767 1912 3819 quam

323 3843 517 3895 animis
570 3841 897 3910 persuasisse
943 3852 999 3894 ut
1045 3841 1454 3910 ingrederentur
1509 3842 1560 3895 in
1619 3841 1908 3896 fornacem.

320 3931 606 3999 Quomodo
629 3932 770 3986 enim
801 3948 903 3986 non
933 3931 1153 4000 dignum
1202 3940 1420 4002 stupore
1459 3932 1637 3997 fuerit,
1667 3950 1787 3987 cum
1817 3950 1910 3990 rex

320 4024 502 4086 orbis,
533 4032 637 4076 tam
668 4023 847 4078 multis
872 4023 1036 4077 armis
1061 4023 1449 4092 circumseptus
1469 4065 1482 4085 .
1513 4027 1780 4078 exercitus
1812 4025 1907 4078 ha-

321 4115 480 4179 bens,
513 4114 695 4180 duces,
722 4114 1002 4184 toparchas
1023 4125 1078 4169 et
1099 4115 1369 4179 consules,
1395 4125 1550 4168 terrm
1575 4126 1628 4168 et
1657 4118 1786 4168 mari
1812 4116 1909 4169 im-

319 4223 538 4277 perans,
558 4223 587 4262 a
614 4210 790 4277 pueris
811 4207 1035 4278 captivis
1060 4207 1353 4277 despicitur
1371 4249 1386 4271 ,
1413 4215 1468 4262 et
1490 4207 1648 4261 vincti
1671 4207 1907 4263 vincien-

319 4312 428 4355 tem
458 4309 714 4371 superant
737 4310 794 4356 et
817 4310 985 4356 totum
1009 4301 1174 4371 ipsius
1199 4301 1416 4355 vincunt
1437 4300 1770 4355 exercitum?
1790 4300 1906 4356 Non

316 4392 462 4446 enim
511 4400 800 4461 potuerunt
827 4392 879 4447 id
900 4435 915 4454 ,
944 4391 1086 4461 quod
1131 4391 1441 4455 voluerunt,
1474 4407 1567 4445 rex
1597 4398 1654 4445 et
1681 4391 1907 4447 clientes

315 4484 456 4553 ejus,
479 4484 568 4554 qui
613 4493 668 4538 et
710 4483 828 4538 hzec
867 4494 921 4538 et
970 4482 1199 4538 fornacis
1238 4483 1447 4552 copiam
1485 4481 1779 4546 habebant;
1809 4481 1905 4538 sed

319 4575 469 4641 nudi,
504 4575 679 4640 servi,
704 4573 1245 4646 exteri,pauci(quid
1287 4574 1427 4628 enim
1470 4573 1638 4628 tribus
1685 4573 1907 4644 paucius

315 4665 452 4734 sit?)
498 4665 816 4720 immensum
853 4665 1148 4720 exercitum
1181 4665 1345 4719 vincti
1378 4665 1747 4736 proﬂigarunt.
1785 4665 1904 4720 .Iam

316 4759 462 4813 enim
498 4773 643 4813 mors
665 4758 1078 4829 despiciebatur,
1101 4758 1223 4828 quia
1258 4757 1584 4823 adventurus
1605 4767 1720 4812 erat
1745 4757 1902 4813 Chri-

315 4861 430 4904 stus
456 4869 474 4906 :
499 4859 550 4906 et
579 4852 718 4905 sicut
744 4851 852 4919 jam
877 4850 1085 4904 orituro
1111 4850 1247 4914 sole,
1266 4859 1551 4919 antequam
1580 4848 1715 4903 radii
1741 4863 1904 4918 appa-

319 4941 792 5012 reant,splendida
821 4941 1052 4996 efticitur
1078 4941 1166 4994 lux
1195 4940 1298 4995 diei
1329 4959 1342 4994 :
1375 4939 1454 4995 sic
1482 4939 1643 4994 etiam
1675 4949 1902 4994 venturo
1958 4995 1964 5001 _

318 5032 534 5102 justitize
557 5033 674 5088 sole
701 5049 846 5088 mors
873 5033 1084 5088 tandem
1111 5033 1352 5087 cedebat.
1387 5032 1523 5099 Quid
1563 5033 1654 5087 illo
1695 5032 1903 5088 theatro

320 5126 652 5195 splendidius
679 5125 881 5180 fuerit?
918 5125 1044 5195 quid
1077 5124 1295 5179 victoria
1319 5124 1560 5178 clarius?
1596 5124 1721 5194 quid
1752 5125 1902 5180 novis

319 5223 533 5292 tropzeis
563 5221 859 5292 insignius?

393 5312 447 5369 4.
503 5313 614 5370 Hoc
641 5311 702 5367 lit
728 5312 892 5366 etiam
921 5320 1106 5365 nostro
1129 5319 1397 5378 tempore.
1443 5308 1510 5364 Et
1532 5324 1672 5364 nunc
1698 5324 1792 5364 rex
1821 5318 1904 5364 est

323 5405 663 5477 Babylonica:
705 5405 968 5470 fornacis,
999 5419 1141 5458 nunc
1167 5403 1326 5458 etiam
1352 5402 1627 5458 fornacem
1658 5402 1904 5457 accendit

321 5495 408 5552 illa
428 5499 733 5568 graviorem
766 5516 780 5553 :
809 5506 892 5552 est
917 5497 1075 5552 etiam
1101 5500 1188 5565 qui
1221 5510 1360 5550 nunc
1384 5495 1524 5549 illam
1547 5494 1699 5564 jubet
1725 5493 1899 5548 admi-

323 5593 428 5647 rari
478 5593 763 5663 imaginem
791 5611 805 5647 :
832 5591 1028 5646 adsunt
1074 5589 1174 5660 ipsi
1211 5599 1266 5644 et
1291 5596 1517 5658 satrapa
1543 5597 1598 5643 et
1626 5587 1821 5642 milites
1849 5595 1904 5641 et

323 5685 522 5738 musica
572 5683 919 5747 demulcens;
950 5681 1210 5750 multique
1238 5680 1381 5734 illam
1411 5678 1698 5748 Imaginem
1729 5677 1900 5733 admi-

331 5786 543 5841 rantur,
585 5775 819 5836 variam,
861 5787 1129 5842 magnam.
1179 5770 1307 5825 Tale
1333 5771 1474 5825 enim
1517 5768 1786 5839 quidpiam
1812 5777 1896 5822 est

631 5874 904 5934 Ιδλτιιοι..
953 5873 1070 5932 Gn.
1125 5871 1281 5934 LXI.

1396 320 1460 377 IN
1503 320 1717 378 EPIST.
1761 324 1778 378 I
1844 325 1934 380 AD
1973 324 2129 381 COR.
2172 326 2402 382 HOMIL.
2450 325 2632 384 XVIII.

3553 341 3654 398 150

2067 441 2290 495 avaritia
2314 481 2328 504 ,
2359 442 2516 510 quale
2545 445 2720 512 imago
2751 443 2836 498 illa
2865 485 2878 509 ,
2914 461 2980 500 ne
3005 445 3208 502 ferrum
3236 450 3454 519 quidem
3483 453 3656 525 despi-

2065 530 2213 583 ciens
2238 572 2253 596 ,
2297 533 2390 586 sed
2417 548 2482 587 ex
2525 533 2875 589 dissimilibus
2901 541 3200 606 composita
3228 540 3388 596 rebus
3410 582 3430 608 ,
3471 549 3651 599 omnia

2063 623 2316 678 admirari
2353 625 2549 693 jubens
2575 667 2590 690 ,
2619 641 2694 680 aes
2719 668 2736 692 ,
2765 627 2962 682 ferrum
2987 670 3001 694 ,
3030 639 3084 683 et
3109 647 3227 699 qure
3251 643 3376 687 sunt
3419 634 3524 689 illis
3551 638 3652 690 ad—

2065 714 2281 770 modum
2329 716 2536 771 viliora.
2585 717 2689 772 Sed
2744 721 3195 788 quemadmodum
3227 724 3341 780 haec
3369 737 3532 792 sunt;
3579 729 3656 784 ita

2061 807 2222 861 etiam
2251 823 2394 862 nunc
2422 818 2547 863 sunt
2575 825 2862 878 puerorum
2891 811 3098 866 illorum
3129 814 3422 871 imitatores
3451 821 3538 886 qui
3566 821 3650 872 div

2061 909 2225 952 cunt:
2259 901 2370 955 Diis
2399 902 2503 954 tuis
2529 916 2629 954 non
2655 903 2939 967 servimus,
2974 915 3026 958 et
3057 906 3342 976 imaginem
3373 919 3513 963 tuam
3540 927 3644 966 non

2059 990 2382 1057 adoramus;
2412 994 2507 1048 sed
2556 1002 2612 1048 et
2657 996 2984 1064 paupertatis
3017 996 3286 1052 fornacem
3316 1001 3645 1057 sustinemus

2059 1090 2113 1134 et
2153 1082 2311 1136 aliam
2360 1100 2572 1138 omnem
2621 1087 2888 1140 miseriam
2934 1104 3030 1157 pro
3065 1088 3152 1141 Dei
3199 1090 3420 1158 legibus.
3455 1093 3523 1148 Et
3569 1095 3640 1148 illi

2057 1173 2272 1242 quidem
2295 1176 2384 1246 qui
2408 1178 2570 1232 multa
2597 1177 2811 1243 habent,
2837 1188 2890 1232 ut
2910 1190 2963 1233 et
2989 1189 3197 1234 veteres
3221 1182 3316 1246 illi,
3343 1183 3477 1236 banc
3499 1202 3642 1254 smpe
3731 1177 3738 1198 ⁷

2055 1264 2283 1320 adorant
2325 1276 2379 1321 et
2405 1269 2822 1334 comburuntur;
2870 1271 2958 1338 qui
3005 1287 3132 1325 vero
3162 1271 3292 1325 nihil
3329 1275 3636 1341 possident.

2056 1353 2192 1410 hanc
2218 1357 2564 1426 despiciunt,
2591 1360 2718 1414 etin
2750 1368 3066 1430 paupertate
3096 1371 3391 1427 versantes,
3433 1365 3482 1417 in
3517 1382 3639 1420 rore.

2055 1451 2224 1518 magis
2265 1451 2609 1520 deliciantur,
2657 1469 2814 1522 quam
2845 1455 2920 1508 illi
2949 1455 3036 1524 qui
3081 1457 3132 1510 in
3167 1470 3344 1511 rerum
3373 1459 3525 1526 cepia
3557 1459 3628 1511 vi-

2053 1549 2219 1594 vunt:
2249 1542 2388 1596 sicut
2412 1552 2467 1597 et
2498 1554 2622 1599 tunc
2646 1561 2892 1615 quoque,
2926 1547 3015 1614 qni
3045 1547 3344 1615 injecerunt
3370 1549 3635 1604 combusti

2049 1641 2203 1694 sunt,
2229 1633 2317 1702 qui
2352 1644 2528 1689 autem
2558 1635 2610 1689 iu
2639 1635 2817 1690 medio
2841 1646 3033 1702 erant,
3063 1652 3160 1692 ceu
3191 1637 3242 1692 in
3269 1655 3403 1708 aqua
3431 1650 3481 1692 cl
3511 1655 3636 1694 rore

2051 1725 2418 1780 versabantur.
2447 1727 2731 1798 Tyrannus
2757 1737 2936 1784 autem
2968 1730 3055 1785 ille
3085 1741 3208 1784 tunc
3233 1731 3402 1802 magis
3429 1747 3454 1782 a
3484 1730 3635 1785 llam-

2048 1829 2135 1868 ma
2191 1816 2478 1884 urebatur,
2531 1819 2606 1872 ira
2653 1819 3024 1875 vehementius
3074 1820 3220 1874 illum
3272 1821 3630 1886 incendente,

2045 1920 2204 1976 quam
2230 1910 2378 1976 pueri
2409 1910 2483 1964 illi
2509 1910 2941 1965 incenderentur.
2971 1910 3101 1964 Nam
3143 1911 3357 1966 illorum
3387 1928 3453 1966 ne
3480 1929 3632 1966 sum-

2046 2013 2164 2053 mos
2189 1999 2401 2069 quidem
2430 2001 2652 2070 capillos
2681 2002 2849 2071 potuit
2889 2002 3026 2070 ignis
3067 2011 3318 2072 tangere;
3350 2003 3505 2072 hujus
3527 2018 3628 2056 au-

2047 2096 2152 2142 tem
2200 2099 2432 2144 mentem
2463 2091 2581 2160 igne
2628 2091 3000 2146 vehementius
3047 2092 3122 2146 ira
3152 2091 3410 2148 incendit.
3445 2094 3628 2163 Cogita

2043 2181 2186 2236 enim
2215 2192 2470 2251 quantum
2502 2183 2630 2236 illud
2655 2195 2830 2248 esset,
2861 2184 2911 2236 in
2945 2194 3052 2238 tam
3080 2183 3372 2240 multorum
3401 2199 3628 2252 conspe-

2040 2283 2130 2329 ctu
2174 2290 2204 2328 a
2253 2276 2434 2345 pueris
2477 2275 2701 2346 captivis
2741 2277 2912 2346 ipsum
2958 2275 3254 2332 contemni.
3296 2277 3338 2331 Τ
3344 2292 3445 2332 unc
3481 2277 3624 2333 enim

2040 2367 2308 2432 ostendit,
2341 2385 2402 2424 se
2429 2369 2641 2424 illorum
2671 2370 2858 2424 urbem
2889 2370 3098 2438 cepisse
3117 2411 3131 2433 ,
3169 2385 3273 2423 nou
3302 2371 3350 2422 vi
3381 2385 3498 2434 sua,
3527 2371 3620 2426 sed

2041 2468 2259 2528 propter
2280 2461 2566 2515 multorum
2593 2469 2828 2530 peccata.
2861 2459 2990 2515 Nam
3013 2461 3056 2514 si
3084 2461 3291 2516 vinctos
3315 2477 3420 2516 non
3455 2462 3621 2532 potuit

2037 2565 2293 2616 superare
2313 2591 2326 2615 ,
2359 2551 2628 2621 etiamque
2679 2552 2730 2604 in
2758 2550 3026 2606 fornacem
3059 2551 3283 2621 injectos
3308 2591 3323 2616 ,
3351 2551 3622 2621 quomodo

2037 2641 2159 2695 illos
2189 2642 2306 2711 lege
2335 2642 2460 2696 belli
2499 2649 2839 2711 superasset,
2885 2642 2928 2696 si
2960 2656 3148 2696 omnes
3178 2641 3310 2695 tales
3354 2640 3576 2695 fuissent
3599 2641 3624 2693 ἲ

2036 2731 2188 2786 Unde
2220 2733 2558 2787 manifestum
2600 2743 2682 2786 est
2711 2733 2999 2787 multorum
3029 2743 3247 2801 peccata
3291 2732 3475 2786 urbem
3508 2741 3620 2786 tra-

2033 2821 2254 2876 didisse.
2290 2822 2421 2878 Vide
2459 2832 2636 2878 autem
2662 2839 2819 2892 quam
2848 2839 2877 2875 a
2911 2838 3042 2877 vana
3071 2822 3239 2894 gloria
3271 2823 3430 2876 alieni
3470 2826 3619 2892 pueri

2032 2925 2230 2970 essent.
2278 2915 2392 2969 Non
2422 2916 2563 2969 enim
2608 2917 2912 2970 iusilierunt
2943 2916 2994 2968 in
3046 2915 3360 2982 fornacem,
3391 2915 3483 2970 sed
3508 2915 3617 2984 jam

2029 3007 2156 3060 olim
2207 3004 2406 3060 Christi
2451 3019 2776 3077 prtecepmm
2826 3007 3116 3066 servabant
3163 3007 3428 3062 dicentis:
3462 3004 3621 3061 Orate

2029 3115 2090 3152 ne
2116 3100 2310 3152 intretis
2340 3101 2392 3152 in
2420 3102 2743 3154 tentationem
2787 3101 3003 3170 (Matth.
3031 3101 3122 3156 26.
3152 3099 3243 3173 Η)
3277 3119 3289 3154 :
3321 3115 3495 3171 neque
3525 3100 3612 3154 fu-

2025 3200 2218 3258 gerunt
2269 3191 2485 3260 quando
2521 3191 2663 3245 ducti
2693 3201 2849 3256 sunt,
2894 3192 2988 3247 sed
3037 3202 3313 3247 steterunt
3353 3193 3404 3247 in
3438 3193 3617 3247 medio

2027 3279 2277 3335 fortiter:
2312 3297 2484 3351 neque
2512 3298 2618 3336 non
2659 3294 2882 3337 vocante
2908 3273 3280 3350 decertantes,
3317 3299 3487 3354 neque
3517 3301 3612 3338 vo-

2024 3385 2180 3430 cante
2202 3375 2391 3428 molles
2418 3385 2473 3430 et
2500 3375 2694 3445 ignavi,
2725 3374 2818 3430 sed
2842 3375 2906 3428 ad
2935 3376 3111 3430 omnia
3138 3377 3306 3446 parati
3335 3385 3388 3432 et
3409 3378 3612 3432 strenui

2023 3467 2276 3537 omnique
2309 3467 2496 3522 fiducia
2528 3468 2690 3537 pleni.
2741 3469 3030 3522 Audiamus
3061 3470 3203 3522 enim
3233 3469 3358 3538 quid
3389 3469 3569 3523 dicant
3594 3512 3609 3530 ,

2024 3570 2078 3612 ut
2109 3559 2232 3614 inde
2271 3574 2455 3614 eorum
2485 3559 2863 3628 philOSOphum
2897 3575 3110 3614 sensum
3141 3560 3442 3614 ediscamus
3469 3577 3482 3614 :
3512 3558 3609 3613 Est

2020 3649 2159 3703 Deus
2210 3651 2262 3702 in
2305 3651 2445 3704 cretis
2493 3661 2668 3719 potens
2712 3652 2906 3718 eripere
2945 3667 3036 3704 nos
3063 3650 3226 3725 (Dan.
3261 3654 3311 3708 5.
3349 3653 3460 3724 I7).
3489 3651 3606 3707 Non

2018 3742 2160 3794 enim
2189 3741 2256 3796 de
2282 3756 2341 3796 se
2367 3751 2491 3796 sunt
2529 3744 2776 3808 solliciti,
2821 3744 2914 3798 sed
2960 3759 3082 3798 mox
3114 3745 3461 3799 comburendi
3493 3788 3508 3810 ,
3539 3746 3607 3800 de

2015 3831 2186 3900 gloria
2221 3833 2311 3886 Dei
2342 3833 2556 3887 solliciti
2603 3843 2746 3887 sunt.
2781 3835 2846 3889 Ut
2873 3835 3013 3890 enim
3037 3876 3052 3900 ,
3083 3837 3236 3890 nobis
3262 3837 3556 3892 combustis
3585 3849 3609 3902 ,‘

2017 3923 2182 3976 Deum
2207 3939 2309 3976 non
2339 3922 2559 3976 damnes
2586 3924 2979 3988 imbecillitatis,
3010 3927 3118 3994 jam
3153 3927 3244 3980 tibi
3275 3938 3440 3982 totum
3469 3927 3604 3998 dog-

2015 4031 2098 4068 ma
2146 4023 2388 4069 nostrum
2433 4026 2682 4069 accurate
2708 4018 3104 4070 annuntiamus.
3142 4019 3233 4070 Est
3262 4017 3398 4072 Deus
3422 4020 3475 4072 in
3501 4036 3604 4073 ca:-

2015 4104 2106 4171 lis,
2153 4121 2256 4159 non
2306 4107 2424 4160 talis
2454 4108 2625 4176 qualis
2656 4109 2768 4161 haec
2798 4109 2970 4179 imago
3003 4110 3052 4162 in
3095 4119 3232 4162 terra
3262 4151 3275 4172 ,
3311 4109 3599 4166 inanimata

2013 4210 2067 4253 et
2099 4212 2278 4266 muta,
2320 4200 2413 4255 sed
2459 4201 2548 4270 qui
2580 4203 2747 4270 possit
2792 4218 2859 4255 ex
2905 4202 3081 4257 media
3133 4201 3349 4259 fornace
3391 4204 3598 4259 ardenti

2012 4289 2242 4358 eripere.
2275 4290 2352 4345 Ne
2384 4292 2563 4360 itaque
2591 4292 2738 4345 illum
2767 4292 2987 4346 damnes
3017 4293 3430 4359 imbecillitatis,
3456 4297 3598 4366 quod

2013 4395 2113 4435 nos
2143 4381 2282 4435 sinat
2310 4383 2359 4436 in
2393 4398 2510 4436 eam
2543 4383 2777 4437 incidere
2808 4401 2820 4436 :
2856 4394 2960 4437 tam
2993 4393 3182 4454 potens
3207 4397 3289 4440 est
3314 4429 3329 4452 ,
3362 4396 3418 4440 ut
3446 4397 3597 4456 post-

2011 4488 2168 4544 quam
2203 4473 2549 4530 iuciderimus
2569 4517 2583 4538 ,
2615 4490 2713 4529 nos
2738 4491 2766 4528 a
2814 4474 3025 4530 flamma
3053 4478 3266 4547 eripere
3297 4479 3501 4546 possit;
3537 4478 3598 4532 Et

2009 4567 2052 4620 si
2084 4582 2183 4620 non
2213 4567 2408 4638 faciat,
2435 4579 2609 4620 uotum
2636 4567 2700 4621 sit
2729 4568 2815 4621 tibi
2837 4611 2850 4635 ,
2885 4585 2914 4621 ο
2941 4585 3050 4635 rex,
3078 4569 3214 4639 quod
3243 4570 3343 4623 diis
3370 4571 3470 4623 tuis
3497 4587 3599 4624 nou

2009 4661 2255 4715 servimus
2281 4701 2295 4724 ,
2325 4669 2372 4714 et
2400 4676 2610 4714 auream
2639 4677 2790 4731 quam
2821 4662 3038 4733 posuisti
3066 4671 3286 4716 statuant
3317 4679 3420 4716 nou
3463 4663 3596 4717 ado-

2009 4771 2182 4808 ramus
2226 4753 2388 4824 (lbid.
2417 4769 2463 4807 υ.
2500 4755 2608 4823 18).
2649 4755 2779 4808 Vide
2825 4771 2918 4810 eos
2961 4765 3111 4810 certo
3151 4756 3378 4808 consilio
3407 4765 3458 4808 et
3489 4755 3597 4808 dis-

2010 4847 2328 4916 pensatione
2359 4861 2464 4901 non
2494 4861 2654 4901 nosse
2683 4850 2940 4900 futurum.
2985 4847 3038 4900 Si
3099 4847 3239 4900 enim
3273 4847 3551 4901 scivissem
3578 4890 3593 4910 ,

2008 4938 2311 4994 admirandi
2358 4953 2463 4990 non
2517 4939 2745 4992 fuissent
2793 4937 2909 4991 hzec
2937 4936 3194 4992 facientes
3233 4955 3244 4992 :
3277 4936 3404 5008 quid
3453 4938 3596 4992 enim

2010 5031 2201 5084 mirum
2228 5071 2244 5095 ,
2285 5029 2330 5083 si
2361 5029 2582 5100 pignora
2611 5028 2798 5083 salutis
2842 5029 3134 5096 habentes,
3162 5032 3341 5102 gravia
3374 5031 3460 5086 illa
3501 5046 3594 5084 att-

2008 5120 2195 5176 dacter
2239 5118 2540 5174 adiissent?
2589 5118 2682 5173 sed
2724 5119 3112 5189 glorificaretur
3156 5121 3366 5189 quidem
3410 5122 3591 5188 Deus,

2009 5214 2097 5283 qui
2135 5212 2396 5279 potuisset
2441 5209 2652 5280 eripere
2688 5226 2758 5266 ex
2791 5213 3045 5275 fornace;
3078 5213 3176 5282 ipsi
3211 5229 3338 5268 vero
3366 5230 3468 5266 uou
3498 5213 3594 5266 ad-

2011 5305 2283 5360 mirabiles
2308 5303 2552 5370 fuissent,
2582 5312 2766 5374 utpote
2795 5306 2883 5376 qui
2913 5323 3017 5359 non
3049 5308 3101 5359 in
3133 5306 3361 5374 pericula
3389 5305 3594 5374 seipsos

2010 5397 2388 5466 conjecisseut.
2437 5395 2563 5452 Ideo
2609 5396 2880 5466 permisit,
2923 5407 2981 5452 ut
3024 5397 3124 5465 ipsi
3171 5397 3310 5466 quod
3359 5395 3592 5451 futurum

2010 5501 2129 5547 erat
2172 5494 2512 5560 ignorarent,
2540 5499 2598 5544 ut
2627 5489 2796 5559 magis
2838 5504 2934 5543 eos
2957 5489 3300 5559 glorificaret.
3349 5487 3417 5542 Et
3458 5488 3598 5545 sicut

2011 5585 2110 5654 ipsi
2138 5582 2530 5638 confirmabant
2559 5596 2739 5653 regem
2765 5622 2782 5647 ,
2814 5591 2875 5636 ut
2920 5597 2988 5636 ne
3018 5582 3182 5636 Deum
3215 5580 3596 5638 imbecillitatis

2012 5677 2328 5740 damnaret,
2379 5675 2424 5730 si
2474 5674 2573 5743 ipsi
2621 5675 2887 5730 combusti
2935 5675 3159 5729 fuissent
3196 5693 3209 5730 :
3241 5676 3313 5730 ita
3358 5685 3414 5732 et
3456 5677 3596 5732 Deus

2016 5778 2302 5838 utrumque
2347 5766 2597 5838 przestitit
2617 5807 2632 5831 ,
2669 5773 2723 5821 et
2751 5767 3038 5838 potentiam
3067 5780 3216 5821 suam
3247 5766 3514 5832 ostendit,
3541 5774 3592 5819 et

3179 5864 3256 5926 10
