4086 6214
477 346 572 403 451

475 473 764 530 puerorum
807 459 1045 513 animum
1092 455 1490 527 prmclariorem
1539 450 1734 506 effecit.
1787 449 2064 506 Undenam

476 566 606 620 ergo
633 551 741 606 illis
773 549 888 604 haec
926 547 1210 610 dubitatio,
1244 544 1474 615 inquies,
1507 553 1564 598 ut
1586 558 1702 597 non
1733 540 2067 596 conﬁderent

473 658 534 698 se
560 645 736 698 salvos
758 645 997 698 exituros
1019 653 1136 694 esse
1156 637 1180 691 ?
1204 636 1356 705 Quod
1376 651 1434 691 se
1457 635 1674 690 viliores
1702 634 1922 688 omnino
1946 647 2068 688 esse

478 742 768 802 putarent,
797 740 852 787 et
881 731 971 784 tali
1000 729 1261 784 beneficio
1289 727 1556 797 indignos.
1585 725 1739 792 Quod
1759 735 1935 779 autem
1959 739 2064 778 non

476 840 540 876 ex
574 823 881 891 conjectura
925 819 1028 874 hoc
1067 819 1272 882 dicam,
1324 817 1378 872 iu
1421 815 1696 873 fornacem
1725 815 1954 885 conjecti
1985 814 2064 868 la-

479 915 889 979 mentabantur,
941 912 1059 967 hmo
1107 912 1349 968 dicentes
1396 929 1410 964 :
1463 909 1831 975 Peccavimus,
1879 908 2068 977 injuste

473 1008 666 1076 egimus
691 1021 708 1060 :
733 1023 836 1061 non
861 1007 976 1061 licet
1006 1007 1147 1059 nobis
1183 1021 1240 1059 os
1283 1003 1482 1074 aperire
1515 1002 1678 1070 (Dan.
1707 1001 1760 1056 5.
1791 998 1908 1069 29).
1936 999 2067 1054 Pro-

478 1107 661 1166 pterea
697 1097 982 1163 dicebant,
1019 1095 1086 1150 Et
1129 1097 1173 1150 si
1203 1112 1322 1150 non.
1357 1094 1586 1149 Si-enim
1615 1109 1722 1148 non
1748 1093 1895 1147 clare
1919 1091 2065 1147 dice-

476 1190 624 1253 bant,
659 1189 842 1244 Potest
868 1203 964 1243 nos
988 1187 1137 1243 Deus
1163 1188 1406 1258 eripere;
1435 1186 1480 1240 si
1505 1195 1685 1240 autem
1714 1198 1823 1238 non
1855 1184 2065 1254 eripue-

475 1283 578 1348 rit,
613 1290 1079 1352 propter'peceata
1110 1290 1290 1334 nostra
1323 1295 1429 1334 non
1455 1278 1689 1350 eripiet,
1717 1292 1786 1332 ne
1813 1276 2023 1331 mireris
2047 1293 2062 1329 :

475 1372 574 1426 visi
603 1373 746 1427 enim
777 1381 960 1428 essent
1003 1372 1142 1441 apud
1177 1372 1432 1426 barbaros
1475 1378 1816 1440 peccatorum
1844 1381 2062 1423 suorum

474 1463 694 1518 obtentu
735 1464 832 1518 Dei
852 1465 1282 1518 imbecillitatem
1311 1463 1585 1531 obtegere.
1617 1460 1904 1530 Pr0pterea
1931 1474 2062 1512 cum

481 1555 548 1609 de
577 1555 693 1624 ejus
722 1558 953 1625 potentia
998 1565 1200 1610 tantum
1235 1553 1438 1625 loquuti
1468 1560 1652 1609 essent
1673 1594 1689 1617 ,
1717 1566 1931 1607 causam
1957 1565 2064 1604 non

482 1654 708 1712 ponunt.
741 1645 992 1716 Alioquin
1012 1656 1171 1701 'recte
1201 1644 1395 1699 eruditi
1421 1652 1575 1698 erant
1614 1643 1706 1698 Dei
1727 1642 1926 1712 judicia
1957 1658 2064 1696 non

479 1737 694 1792 curiose
717 1735 1008 1806 inquirere.
1037 1738 1168 1791 Cum
1201 1735 1315 1790 haec
1335 1751 1462 1804 ergo
1489 1733 1771 1800 dixissent,
1805 1734 1857 1788 in
1885 1734 2061 1803 ignem

483 1830 706 1899 ingressi
727 1838 872 1896 sunt,
892 1845 991 1886 nec
1013 1844 1193 1898 regem
1215 1828 1538 1883 contumelia
1561 1826 1876 1893 affecerunt,
1893 1841 2066 1894 neque

485 1931 714 1976 statuam
761 1933 1028 1978 evertere.
1079 1920 1262 1974 Virum
1309 1920 1451 1972 enim
1500 1917 1693 1972 fortem
1744 1917 1904 1972 talem
1947 1931 2066 1971 esse

483 2020 732 2080 oportet,
767 2012 1102 2066 moderatum
1146 2018 1199 2063 et
1229 2017 1567 2064 mansuetum
1593 2048 1608 2074 ,
1639 2009 1870 2062 maxime
1897 2007 1948 2061 in
1977 2021 2067 2076 pe-

478 2103 700 2169 riculis,
736 2111 793 2158 ut
820 2118 889 2158 ne
918 2103 1166 2160 videatur
1212 2117 1280 2157 ex
1327 2102 1404 2156 ira
1449 2111 1503 2155 et
1548 2115 1681 2155 vana
1728 2100 1896 2170 gloria
1944 2098 2066 2153 talia

480 2193 630 2248 adire
659 2195 950 2250 certamina
971 2237 986 2262 ,
1017 2194 1114 2251 sed
1147 2209 1217 2249 ex
1248 2191 1562 2248 fortitudine
1603 2201 1660 2247 et
1692 2192 2064 2263 temperantia.

478 2281 610 2337 Nam
641 2285 731 2354 qui
773 2285 1097 2340 contumelia
1139 2283 1338 2347 aﬂicit,
1367 2282 1421 2335 in
1453 2281 1812 2352 suspicionem
1853 2281 2067 2336 illorum

478 2374 762 2429 criminum
788 2376 930 2431 venit
954 2392 967 2429 :
993 2375 1083 2445 qui
1111 2387 1240 2430 vero
1265 2374 1496 2429 sustinet
1515 2381 1572 2428 et
1599 2371 1829 2428 trahitur
1850 2386 1913 2427 ac
1940 2387 2061 2426 cum

1183 345 1240 402 S.
1280 339 1556 400 JOANNIS
1578 335 2054 395 CIIRYSOSTOMI
2085 335 2402 393 ARCHIEP.
2432 331 2961 392 CONSTANTINOP.

3587 325 3756 398 't59.

2175 447 2577 503 mansuetudine
2615 447 2892 515 decertat,
2919 462 3026 503 non
3055 447 3216 505 modo
3239 456 3300 506 ut
3322 449 3477 509 fortis
3501 453 3558 509 in
3587 453 3758 510 admi-

2171 539 2378 592 ratione
2404 537 2630 594 habetur
2652 581 2668 604 ,
2693 539 2788 595 sed
2813 541 2975 596 etiam
2999 540 3068 596 ob
3087 541 3510 601 moderationem
3531 555 3587 602 et
3609 563 3758 601 man-

2171 630 2506 687 suetudinem
2559 647 2664 686 non
2715 633 2891 687 minus
2921 632 3245 689 celebratur.
3293 635 3346 690 Id
3373 637 3516 707 quod
3559 647 3615 693 et
3661 639 3758 709 ipsi

2173 730 2298 775 tunc
2344 721 2621 786 fecerunt,
2648 735 2770 776 cum
2801 730 2857 776 et
2901 721 3269 778 fortitudinem
3313 735 3365 780 et
3393 727 3762 782 mansuetudi-

2173 830 2296 870 nem
2325 815 2926 871 omnem-exhibuerunt
2951 834 2963 869 :
2994 831 3093 871 nec
3119 817 3405 888 quidquam
3437 819 3610 876 fecere
3637 836 3762 891 pro-

2172 917 2291 976 pter
2319 907 2623 962 mercedem
2650 916 2706 961 et
2735 909 3034 976 prauuium.
3057 907 3125 962 Et
3146 909 3188 963 si
3213 909 3464 978 noluerit,
3490 911 3757 982 inquiunt,

2171 1012 2270 1052 nos
2298 997 2508 1066 eripere
2528 1038 2542 1062 ,
2589 999 2694 1052 diis
2723 1000 2963 1053 tuis-non
2994 1000 3262 1055 servimus
3291 1017 3306 1055 :
3347 1000 3460 1070 jam
3489 1003 3631 1057 enim
3655 1020 3758 1057 re-

2170 1093 2592 1147 munerationem
2628 1092 2934 1158 habemus,
2998 1109 3056 1148 ut
3106 1093 3248 1162 digni
3291 1094 3498 1160 habiti,
3547 1098 3637 1166 qui
3692 1098 3763 1150 ab

2172 1183 2443 1252 impietate
2471 1184 2855 1249 liberaremur,
2901 1193 2957 1239 et
2997 1184 3140 1253 quod
3193 1195 3478 1254 propterea
3526 1202 3754 1256 corpora

2170 1282 2557 1328 cremarentur.
2592 1272 2772 1328 Etnos
2799 1275 2957 1344 igitur
2985 1274 3243 1331 habentes
3267 1276 3375 1347 jam
3411 1277 3755 1342 mercedem,

2171 1382 2294 1420 nam
2316 1366 2576 1420 habemus
2596 1408 2610 1431 ,
2641 1366 2786 1436 digni
2813 1366 2980 1422 habiti
2997 1369 3084 1436 qui
3109 1369 3254 1422 ilium
3279 1383 3752 1439 cognosceremus,

2170 1468 2225 1512 et
2249 1460 2336 1528 qui
2361 1458 2606 1512 membra
2635 1457 2832 1513 Christi
2863 1459 3233 1525 efficeremur,
3265 1477 3333 1516 ne
3359 1461 3620 1516 faciamus
3664 1461 3752 1516 illa

2172 1551 2408 1606 membra
2440 1551 2759 1606 meretricis.
2794 1551 2846 1606 In
2876 1551 2979 1607 hoc
3006 1554 3148 1608 enim
3180 1563 3285 1609 tam
3317 1556 3583 1612 horrendo
3612 1557 3763 1613 dicto

2174 1643 2403 1698 finienda
2435 1651 2518 1698 est
2545 1644 2718 1698 oratio
2757 1663 2770 1699 :
2798 1653 2857 1699 ut
2889 1645 3122 1700 validum
3169 1645 3432 1704 habentes
3458 1651 3760 1706 commina-

2175 1737 2338 1792 tionis
2366 1737 2648 1803 timorem,
2686 1752 2996 1792 maneamus
3019 1754 3152 1794 auro
3197 1740 3440 1809 puriores
3485 1741 3586 1797 hoc
3615 1753 3763 1796 metu

2175 1827 2386 1882 redditi.
2441 1827 2530 1882 Sic
2579 1827 2724 1882 enim
2773 1829 3067 1897 poterimus
3113 1845 3143 1884 a
3191 1831 3542 1887 fornicatione
3587 1836 3760 1904 erepti

2172 1915 2444 1971 Christum
2479 1917 2662 1973 videre
2691 1935 2704 1970 :
2738 1934 2897 1988 quem
2944 1920 3147 1974 utinam
3178 1935 3298 1976 cum
3348 1922 3538 1978 fiducia
3581 1923 3766 1979 videa-

2176 2025 2294 2062 mus
2320 2009 2374 2061 in
2408 2007 2498 2061 illo
2526 2007 2644 2073 die,
2676 2010 2843 2080 gratia
2872 2019 2928 2065 et
2973 2009 3303 2084 benignitate
3345 2013 3555 2069 Domini
3580 2016 3758 2070 nostri

2174 2098 2301 2154 Jesu
2339 2098 2576 2166 Christi,
2619 2101 2832 2172 quicum
2882 2102 3024 2158 Patri
3066 2119 3275 2176 unaque
3321 2104 3542 2176 Spiritui
3570 2116 3763 2162 sancto

2173 2191 2338 2260 gloria
2361 2230 2376 2256 ,
2409 2190 2582 2246 honor
2603 2232 2619 2257 ,
2648 2193 2950 2264 imperium,
2983 2210 3127 2251 nunc
3154 2206 3206 2250 et
3235 2210 3468 2267 semper,
3497 2207 3552 2253 et
3577 2198 3630 2252 in
3657 2214 3762 2254 δεδ-

2175 2286 2290 2339 Cuia
2335 2286 2674 2341 saeculorum.
2709 2286 2902 2342 Amen.

476 2501 3751 2526 ww

1855 2559 2203 2622 HOMILIA
2246 2559 2426 2620 XIX.

481 2670 608 2722 (far.
641 2670 692 2723 7.
725 2687 774 2725 v.
804 2671 856 2724 'i.
888 2671 964 2724 De
1007 2670 1186 2740 quibus
1231 2677 1398 2722 autem
1443 2667 1713 2737 scripsistis
1763 2665 1929 2719 mihi:
1958 2663 2066 2717 'Bo-

555 2779 674 2814 num
711 2772 781 2816 est
825 2763 1018 2816 homini
1055 2763 1316 2816 mulierem
1358 2777 1459 2814 non
1503 2768 1707 2830 tangere
1730 2774 1748 2811 :
1773 2757 1826 2812 Ξ.
1861 2766 2072 2826 prapter

555 2852 944 2921 fornicationem
980 2861 1147 2908 autem
1187 2851 1532 2922 unusquisque
1555 2866 1702 2904 suam
1739 2863 1946 2904 uxorem
1973 2849 2068 2899 ha-

552 2946 685 3008 bent,
717 2953 762 2997 et
799 2958 1109 3013 unaquaeque
1133 2958 1280 2996 suum
1306 2942 1488 2994 virum.

562 3038 612 3088 1.
657 3035 944 3105 Postquam
977 3033 1289 3104 gravissima
1325 3033 1420 3085 tria
1447 3031 1682 3087 correxit
1709 3030 1835 3084 vitia
1858 3072 1873 3097 ,
1905 3045 2069 3084 unum

485 3129 702 3197 quidem
728 3127 870 3199 quod
900 3127 1249 3183 divelieretur
1279 3125 1542 3188 Ecclesia,
1567 3125 1862 3180 secundum
1890 3134 2068 3179 autem

485 3212 826 3274 t'ornicatoris
850 3260 866 3283 ,
897 3219 1114 3274 tertium
1144 3221 1289 3272 avari
1315 3234 1331 3283 ;
1363 3216 1559 3272 deinde
1585 3217 1796 3271 mitiore
1833 3231 1960 3271 usus
1987 3223 2071 3270 est

483 3311 726 3367 oratione
755 3329 768 3365 :
811 3319 866 3366 et
895 3309 1316 3365 admonitionem
1346 3309 1737 3378 consiliumque
1780 3300 2070 3378 interponit

485 3404 552 3456 de
577 3403 920 3457 matrimonio
936 3413 999 3456 et
1029 3401 1097 3458 de
1125 3401 1462 3472 virginitate,
1491 3415 1520 3454 a
1549 3399 1947 3454 molestior-ibus
1976 3413 2070 3451 au-

486 3497 714 3551 ditorem
743 3495 809 3549 ad
835 3495 1015 3565 quieta
1044 3493 1266 3548 ducens.
1294 3495 1348 3547 In
1375 3491 1613 3547 secunda
1639 3501 1816 3546 autem
1840 3490 2068 3561 epistola

483 3588 811 3642 contrarium
842 3585 971 3641 facit
1007 3603 1020 3640 :
1071 3585 1257 3656 incipit
1281 3585 1424 3640 enim
1454 3600 1480 3636 a
1515 3585 1847 3649 mitioribus,
1873 3583 2071 3638 desinit

484 3689 664 3734 autem
684 3679 745 3733 in
778 3678 1033 3734 tristiora.
1066 3677 1164 3733 iiic
1192 3693 1318 3732 vero
1348 3685 1625 3747 postquam
1655 3676 1722 3730 de
1762 3677 2069 3746 virginitate

485 3785 794 3825 sermonem
841 3768 1100 3840 perfecit,
1131 3782 1320 3823 rursus
1367 3768 1477 3821 exit
1520 3767 1585 3821 ad
1630 3781 1690 3821 ea
1735 3781 1854 3836 quas
1901 3766 2070 3836 magis

483 3871 730 3934 pungunt
757 3877 820 3916 ac
849 3861 1070 3927 feriunt,
1101 3875 1208 3916 non
1239 3859 1418 3915 omnia
1449 3859 1790 3916 continenter
1818 3873 2026 3930 ponens
2049 3901 2066 3927 ,

485 3956 580 4010 sed
608 3969 912 4011 sermonem
942 3953 994 4008 in
1027 3964 1255 4024 utroque
1282 3952 1525 4020 varians,
1556 3962 1613 4008 ut
1653 3962 1861 4020 tempus
1887 3954 2066 4023 exige-

487 4050 612 4113 bat,
665 4061 871 4102 necnon
905 4044 1246 4118 prazsentium
1291 4059 1470 4099 rerum
1499 4057 1645 4098 usus.
1688 4042 1819 4098 ideo
1843 4043 1917 4096 ait
1947 4061 1960 4097 :
1997 4041 2072 4096 De

483 4140 662 4211 quibus
697 4151 861 4194 autem
902 4140 1174 4210 scripsistis
1216 4139 1360 4193 mihi.
1403 4136 1740 4207 Scripseram
1768 4148 1945 4192 autem
1970 4137 2026 4192 ei
2051 4179 2066 4203 ,

485 4251 551 4288 an
592 4242 866 4304 oporteret
909 4233 978 4288 ab
1018 4247 1184 4287 uxore
1215 4232 1484 4286 abstinere
1511 4245 1575 4285 an
1620 4245 1750 4285 non.
1795 4231 1865 4285 Et
1894 4231 1959 4286 ad
2005 4247 2067 4286 ea

487 4325 824 4393 rescribens,
866 4333 922 4379 et
948 4325 1015 4379 de
1047 4324 1388 4378 matrimonio
1414 4324 1581 4394 legem
1612 4324 1788 4378 terens
1813 4365 1828 4389 ,
1860 4337 2068 4377 sermo-

491 4432 612 4470 nem
641 4417 710 4471 de
739 4417 1039 4486 virginitate
1067 4416 1270 4470 inducit
1302 4434 1314 4469 :
1349 4414 1545 4469 Bonum
1573 4426 1646 4470 est
1673 4417 1866 4470 homini
1891 4417 2070 4470 mulie-

486 4524 590 4559 rem
619 4524 718 4560 non
743 4517 968 4576 tangere.
1003 4506 1130 4559 Nam
1159 4506 1200 4559 si
1227 4548 1243 4572 ,
1275 4505 1461 4574 inquit,
1495 4505 1638 4575 quod
1666 4506 1862 4561 bonum
1894 4516 1976 4560 est
2015 4516 2069 4560 ct

485 4595 772 4650 admodum
801 4594 1067 4648 excellens
1098 4595 1293 4663 quaeris
1313 4637 1326 4658 ,
1368 4596 1556 4649 melius
1584 4605 1668 4649 est
1695 4611 1815 4648 cum
1845 4595 2068 4650 muliere

486 4685 686 4740 nullam
717 4683 916 4738 habere
946 4683 1428 4748 consuetudinem;
1475 4685 1518 4739 si
1547 4683 1687 4754 quod
1735 4693 1904 4738 tutum
1939 4696 2021 4740 est
2051 4729 2064 4752 ,

481 4791 531 4834 ei
562 4777 702 4850 quod
731 4777 1096 4834 infirmitatem
1139 4785 1280 4829 tuam
1310 4774 1456 4844 juvet
1484 4817 1496 4837 ,
1527 4777 1866 4831 matrimonio
1895 4787 2064 4836 utere.

485 4875 618 4940 Quia
647 4882 824 4929 autem
855 4871 1145 4927 verisimile
1175 4878 1321 4934 erat,
1350 4878 1406 4922 ut
1433 4868 1595 4924 etiam
1625 4884 1764 4922 nunc
1791 4869 1956 4932 solet,
1997 4873 2068 4924 vi-

487 4980 602 5017 rum
635 4964 772 5019 velle
797 5006 812 5028 ,
846 4963 1131 5017 mulierem
1167 4977 1296 5016 vero
1326 4975 1430 5015 non
1460 4961 1616 5024 item;
1649 4959 1728 5014 vel
1755 4964 1916 5014 etiam
1940 4975 2101 5014 con-.

491 5069 571 5108 tra
595 5097 609 5118 ,
657 5055 779 5110 vide
809 5055 1079 5124 quomodo
1119 5055 1186 5108 de
1215 5066 1444 5125 utroque
1469 5053 1718 5110 disserat.
1774 5055 1839 5108 Et
1885 5054 2068 5110 dicunt

486 5147 702 5219 quidam
725 5187 738 5211 ,
771 5146 874 5200 hoc
897 5145 966 5198 ab
992 5144 1082 5198 illo
1108 5144 1305 5198 dictum
1335 5146 1701 5200 sacerdotibus
1733 5145 1894 5200 fuisse
1923 5164 1935 5200 :
1967 5161 2065 5217 ego

487 5253 623 5295 vero
649 5253 716 5294 ex
743 5237 808 5292 iis
829 5243 1249 5306 quaesequuntur
1276 5247 1390 5288 rem
1416 5233 1730 5290 examinans
1747 5278 1762 5303 ,
1792 5251 1897 5292 non
1925 5235 2066 5292 dixe-

484 5333 586 5388 rim
615 5345 728 5389 rem
757 5330 827 5384 ita
863 5343 922 5383 se
953 5326 1149 5380 habere
1174 5341 1186 5377 :
1214 5337 1388 5394 neque
1413 5325 1556 5379 enim
1596 5327 1843 5381 universe
1876 5327 2065 5382 admo-

485 5426 741 5482 nitionem
763 5421 1150 5479 constituisset.
1177 5417 1230 5475 Si
1262 5428 1441 5474 autem
1466 5417 1834 5474 sacerdotibus
1860 5430 2063 5475 tantum

483 5517 602 5572 time
643 5515 984 5587 scripsisset,
1015 5511 1237 5566 dixisset
1263 5523 1393 5564 sane
1436 5527 1450 5562 :
1498 5508 1703 5563 Bonum
1745 5519 1828 5564 est
1855 5509 2064 5565 doctori

482 5621 706 5662 uxorem
737 5622 843 5661 non
876 5617 1134 5676 tangere;
1162 5615 1303 5655 nunc
1328 5611 1504 5654 autem
1529 5599 1817 5654 universim
1844 5601 1944 5654 hoc
1973 5615 2064 5668 po-

480 5698 591 5755 suit
633 5715 646 5750 :
690 5695 886 5750 Bonum
913 5706 984 5750 est
1013 5694 1241 5760 homini,
1271 5692 1456 5746 dicens
1479 5731 1493 5756 ,
1523 5705 1629 5744 non
1659 5701 1860 5745 tantum
1889 5705 2065 5744 sacer-

481 5792 630 5855 doti;
678 5801 732 5852 et
777 5805 997 5855 rursus,
1031 5787 1241 5841 Solutus
1280 5801 1333 5840 es
1372 5783 1435 5839 ab
1481 5783 1681 5837 uxore?
1711 5783 1817 5837 noti
1841 5797 2064 5852 φαεν-ενα

2177 2677 2406 2715 uxorem.
2436 2660 2551 2715 Non
2579 2660 2712 2716 dixit
2733 2704 2746 2724 ,
2781 2661 2858 2716 Tu
2886 2663 3140 2719 sacerdos
3167 2675 3218 2719 et
3244 2665 3452 2734 doctor,
3481 2669 3577 2724 sed
3605 2670 3760 2725 inde-

2172 2754 2361 2820 ﬁnite;
2406 2764 2458 2808 et
2490 2762 2632 2810 totus
2676 2755 2898 2810 omnino
2927 2771 3106 2810 sermo
3134 2758 3212 2812 sic
3251 2759 3515 2829 procedit.
3544 2761 3607 2816 Et
3639 2777 3760 2817 cum

2175 2845 2345 2910 dixit,
2383 2845 2598 2917 Propter
2624 2847 2983 2918 fornicationes
3007 2851 3348 2921 unusquisque
3383 2868 3526 2906 suam
3554 2869 3761 2908 uxorem

2177 2937 2386 3003 habent,
2432 2954 2498 2993 ex
2545 2939 2658 3010 ipsa
2689 2941 3054 2995 concessionis
3082 2955 3243 2996 causa
3274 2941 3340 2996 ad
3371 2945 3757 2999 continentiam

2174 3030 2344 3086 duxit.
2373 3031 2425 3084 5.
2463 3030 2626 3086 Uxori
2649 3033 2968 3087 vir-debitum
2987 3035 3170 3087 reddat
3193 3052 3212 3100 ,'
3238 3035 3468 3090 similiter
3501 3047 3548 3090 et
3581 3039 3764 3092 mulier

2176 3122 2302 3175 viro.
2333 3121 2470 3189 Quid
2499 3132 2582 3177 est
2619 3131 2797 3178 autem
2825 3122 3035 3178 debitus
3066 3124 3282 3180 honor?
3312 3126 3501 3182 Mulier
3528 3144 3634 3183 non
3655 3129 3761 3182 ita-

2179 3214 2265 3270 bet
2291 3223 2608 3284 potestatem
2635 3215 2717 3270 sui
2744 3217 3005 3287 corporis,
3034 3217 3129 3272 sed
3167 3229 3221 3273 et
3246 3219 3438 3273 ancilla
3464 3219 3759 3275 etdomissa

2177 3307 2276 3360 viri
2306 3315 2408 3361 est.
2441 3305 2496 3362 Si
2534 3307 2798 3362 deieceris
2836 3309 2904 3364 ab
2932 3323 2993 3364 ea
3023 3324 3144 3380 quas
3179 3311 3433 3366 convenit
3461 3315 3717 3369 servitute
3737 3355 3758 3380 ,

2180 3397 2342 3452 Deum
2371 3398 2601 3454 offendis
2625 3415 2640 3454 :
2671 3399 2718 3454 si
2743 3409 2920 3456 autem
2945 3400 3239 3458 abscedere
3268 3401 3378 3466 vis,
3401 3405 3632 3460 cum-vir
3657 3404 3761 3462 hoc

2176 3489 2515 3560 permiserit,
2560 3491 2748 3546 saltem
2778 3491 2842 3546 ad
2873 3492 3034 3547 breve
3061 3501 3268 3562 tempus
3314 3493 3428 3550 fiat.
3470 3497 3760 3567 Propterea

2175 3591 2229 3637 et
2257 3582 2491 3638 debitam
2537 3599 2648 3638 rem
2690 3585 2935 3651 vocavit,
2968 3595 3028 3640 ut
3061 3587 3380 3644 ostenderet
3407 3589 3610 3645 nullum
3640 3606 3762 3646 esse

2176 3673 2256 3726 sui
2283 3672 2578 3738 dominum,
2601 3673 2694 3728 sed
2723 3689 2842 3730 esse
2868 3676 3094 3732 alterum
3118 3678 3340 3734 alterius
3365 3695 3599 3738 servum.
3623 3684 3758 3739 Cum

2177 3779 2306 3835 ergo
2337 3765 2536 3819 videris
2561 3769 2898 3823 meretricem
2931 3778 2986 3823 te
3009 3769 3075 3825 ad
3107 3782 3380 3840 peccatum
3408 3775 3757 3843 a-llicientem,

2177 3853 2264 3909 die
2294 3873 2306 3907 :
2333 3853 2450 3911 Non
2479 3865 2563 3910 est
2593 3872 2768 3911 meum
2797 3873 3028 3928 corpus,
3061 3863 3155 3916 sed
3185 3863 3385 3918 uxoris.
3428 3865 3626 3920 Eadem
3669 3867 3756 3922 di-

2175 3955 2264 4000 cat
2293 3961 2427 4000 uxor
2449 3946 2579 4014 illis,
2602 3947 2692 4016 qui
2722 3949 3028 4005 castitatem
3059 3965 3210 4006 suam
3239 3953 3438 4009 violare
3465 3964 3713 4026 satagunt
3742 3977 3755 4014 :

2177 4039 2385 4108 Corpus
2417 4055 2592 4094 meum
2619 4056 2727 4095 non
2755 4050 2838 4096 est
2880 4057 3057 4098 meum
3077 4086 3094 4111 ,
3138 4045 3232 4099 sed
3263 4046 3378 4101 viri.
3420 4047 3475 4104 Si
3502 4064 3632 4105 vero
3660 4067 3758 4107 nec

2177 4132 2401 4186 maritus
2429 4146 2529 4186 nec
2559 4148 2692 4186 uxor
2723 4142 3038 4203 potestatem
3063 4138 3305 4206 corporis
3332 4138 3552 4205 habent,
3592 4143 3758 4198 multo

2177 4223 2353 4277 minus
2396 4223 2757 4292 pecuniarum.
2799 4224 2994 4280 Audite
3021 4242 3369 4300 quamcumque
3411 4234 3628 4287 maritos
3663 4233 3761 4288 ha-

2177 4313 2335 4380 betis,
2355 4323 2409 4368 et
2434 4315 2755 4386 quicumque
2786 4331 2999 4372 uxores.
3034 4317 3090 4374 Si
3113 4319 3262 4373 enim
3285 4335 3488 4393 corpus
3514 4323 3612 4377 sibi
3637 4339 3758 4392 pro-

2176 4406 2351 4472 prium
2402 4405 2602 4460 habere
2654 4421 2764 4462 non
2813 4407 2985 4475 licet,
3036 4409 3205 4464 multo
3253 4412 3432 4467 minus
3480 4415 3754 4482 pecunias.

2177 4497 2314 4551 Aiibi
2361 4513 2491 4553 sane
2535 4514 2784 4570 magnam
2815 4499 2905 4554 dat
2945 4502 3138 4558 marito
3171 4505 3578 4575 prterogativam
3605 4515 3654 4561 et
3701 4508 3755 4563 in

2174 4586 2324 4640 Novo
2349 4599 2401 4641 et
2432 4588 2482 4641 in
2510 4588 2689 4643 Veteri
2717 4587 3062 4646 Testamento
3081 4592 3265 4649 dicens
3285 4635 3300 4659 ,
3327 4595 3406 4648 Ad
3425 4596 3588 4650 virum
3621 4608 3756 4652 tuum

2168 4681 2433 4734 conversio
2463 4691 2548 4734 tua
2569 4723 2585 4748 ,
2612 4692 2658 4735 et
2687 4683 2798 4751 ipse
2826 4684 2914 4737 tibi
2949 4684 3299 4740 dominabitur
3323 4688 3341 4758 (
3364 4685 3490 4742 Gen.
3523 4689 3576 4744 ὃ.
3605 4689 3673 4745 16
3695 4691 3714 4761 )
3739 4707 3753 4755 ;

2179 4771 2372 4827 Paulus
2401 4783 2578 4828 autem
2607 4774 2686 4828 sic
2724 4773 2970 4831 dividens
2997 4786 3052 4831 et
3075 4777 3317 4833 scribens
3355 4795 3370 4832 :
3407 4779 3534 4846 Viri,
3564 4781 3760 4853 diligite

2175 4880 2360 4918 uxores
2383 4880 2399 4927 ;
2423 4881 2553 4920 stator
2589 4875 2755 4920 autem
2785 4867 2956 4922 timeat
2985 4869 3149 4924 virum
3173 4870 3393 4942 (Ephes.
3422 4872 3477 4927 5.
3505 4873 3601 4943 25)
3627 4894 3639 4927 :
3672 4873 3759 4932 hic

2175 4973 2303 5012 vero
2333 4973 2438 5012 non
2482 4957 2619 5012 ultra
2662 4958 2838 5028 majus
2865 4969 2957 5014 aut
3001 4961 3176 5016 minus
3223 4965 3404 5032 potiit,
3452 4966 3547 5020 sed
3596 4982 3754 5020 unam

2175 5057 2514 5118 potestatem.
2568 5049 2789 5117 Quare?
2829 5049 2965 5118 Quia
3012 5051 3081 5106 de
3127 5056 3374 5110 castitate
3419 5071 3601 5111 sermo
3657 5058 3756 5127 ipsi

2172 5149 2306 5194 erat.
2356 5139 2410 5192 ln
2455 5138 2576 5195 aliis
2602 5140 2814 5210 quidem
2845 5143 3248 5213 praerogativam
3269 5185 3285 5209 ,
3320 5145 3528 5216 inquit,
3564 5145 3756 5201 habeat

2175 5231 2396 5286 maritus
2422 5249 2432 5283 :
2460 5232 2546 5286 ubi
2574 5242 2752 5287 autem
2778 5233 2847 5289 de
2869 5233 3192 5291 continentia
3219 5237 3394 5307 agitur
3412 5279 3426 5300 ,
3457 5254 3563 5293 non
3603 5239 3751 5293 item.

2184 5322 2271 5376 Vir
2317 5333 2610 5394 potestatem
2646 5323 2727 5378 sui
2772 5326 3000 5394 corporis
3037 5342 3140 5380 non
3181 5328 3351 5394 habet,
3394 5343 3560 5398 neque
3600 5347 3752 5386 uror.

2172 5417 2333 5473 Multa
2360 5425 2445 5471 est
2480 5416 2756 5489 aequalitas
2779 5457 2794 5482 ,
2823 5426 2878 5471 et
2923 5419 3066 5472 nulla
3100 5422 3474 5491 praerogativa.

2235 5505 2484 5578 Coniugii
2493 5504 2830 5580 jura.—5.N
2837 5509 2955 5562 otite
2979 5512 3224 5582 fraudare
3247 5513 3481 5580 invicem,
3496 5514 3595 5568 nisi
3624 5515 3758 5584 fort:

2170 5617 2234 5654 ex
2263 5615 2529 5652 consensu.
2559 5597 2697 5664 Quid
2743 5598 2843 5655 hoc
2872 5603 2998 5656 est?
3023 5601 3100 5658 Ne
3127 5619 3187 5658 se
3229 5604 3521 5671 contineat,
3558 5604 3754 5674 inquit,

2172 5705 2306 5744 uxor
2335 5691 2528 5743 marito
2569 5690 2787 5746 nolente
2811 5732 2826 5755 ,
2861 5707 3032 5762 neque
3080 5695 3305 5749 maritus
3349 5695 3516 5750 invita
3559 5709 3753 5753 uxore.

2169 5781 2378 5848 Quare?
2404 5781 2534 5849 Quia
2565 5796 2751 5852 magna
2769 5797 2831 5838 ex
2859 5784 2946 5840 tali
2969 5785 3295 5840 continentia
3316 5788 3561 5842 oriuntur
3589 5792 3753 5840 mata:
