4086 6214
364 253 472 311 L53

358 388 486 434 nam
516 377 571 425 et
595 368 882 436 adulteria,
905 375 961 422 et
986 364 1372 422 fornicationes
1398 371 1452 418 et
1475 361 1758 418 domorum
1789 375 1946 415 ever-

357 464 544 520 siones
566 477 712 534 sa~pe
738 460 860 517 inde
890 456 1233 530 consequuta:
1257 464 1402 515 sunt.
1433 455 1486 512 Si
1514 455 1656 511 enim
1674 470 1795 511 cum
1817 471 1951 509 uxo-

360 575 454 614 res
482 557 740 628 habeant,
773 556 1126 621 fornicantur,
1155 552 1322 607 multo
1349 550 1516 622 magis
1536 551 1580 605 si
1609 551 1728 605 illos
1754 550 1822 604 ab
1855 551 1952 605 liae

355 652 738 708 consolatione
786 648 1097 720 privaveris.
1128 650 1195 706 Et
1223 659 1370 705 recte
1405 650 1570 714 dixit,
1607 645 1784 701 Nolite
1807 646 1952 715 {rau-

359 744 505 808 dare,
541 741 784 797 fraudem
814 742 900 797 hic
925 751 979 797 et
1003 740 1243 796 debitum
1273 741 1520 811 superius
1547 738 1824 809 appellans
1847 778 1862 802 ,
1895 746 1952 791 ιιι

360 835 662 890 dominium
694 837 867 904 majus
900 835 1227 890 ostenderet.
1257 833 1390 890 Nam
1425 833 1590 890 invito
1618 834 1788 889 altero
1812 831 1950 888 alte-

361 943 480 982 rum
505 942 564 980 se
584 929 862 982 continere
883 969 898 991 ,
922 927 1051 982 illud
1069 923 1444 993 est'fraudare;
1469 936 1694 996 utroque
1714 923 1950 990 volente,

361 1034 467 1073 non
498 1018 651 1072 item.
684 1018 798 1072 Non
828 1019 992 1083 enim,
1017 1021 1060 1074 si
1088 1029 1370 1089 postquam
1421 1017 1551 1072 milii
1595 1017 1948 1088 persuaseris,

359 1113 563 1183 aliquid
593 1129 663 1168 ex
685 1113 820 1169 meis
844 1115 1094 1183 accipias,
1129 1113 1364 1168 fraudari
1393 1127 1478 1168 me
1507 1112 1649 1167 dico.
1677 1110 1778 1176 Qui
1807 1110 1949 1164 enim

355 1204 430 1259 ab
459 1205 628 1259 invito
652 1215 707 1260 et
737 1221 832 1275 per
852 1207 957 1260 vim
983 1215 1168 1261 caueto
1195 1207 1410 1275 accipit,
1437 1205 1525 1260 ille
1542 1203 1772 1260 fraudat.
1795 1201 1948 1270 Quod

357 1298 545 1354 multm
574 1299 826 1354 mulieres
857 1299 1075 1361 faciunt,
1105 1315 1224 1370 quae
1253 1307 1528 1369 peccatum
1551 1296 1838 1374 admittunt
1858 1297 1947 1366 ju-

356 1389 561 1442 stitiam
593 1404 950 1460 exsuperans,
1003 1400 1058 1446 et
1084 1390 1184 1446 hac
1234 1391 1440 1446 ratione
1467 1390 1701 1463 libidinis
1727 1391 1950 1444 marito-

355 1496 478 1535 rum
521 1483 572 1536 in
602 1483 756 1552 culpa
784 1489 954 1549 sunt,
985 1485 1269 1553 omniaque
1306 1482 1360 1538 in
1406 1482 1793 1538 dissensionem
1826 1497 1947 1535 ver-

357 1581 496 1628 tunt.
524 1574 747 1642 Oportet
763 1583 942 1629 autem
963 1576 1304 1632 concordiam
1326 1577 1573 1631 omnibus
1595 1585 1944 1646 anteponere,

352 1669 479 1736 quia
535 1667 638 1722 hoc
676 1668 928 1738 omnibus
952 1677 1034 1723 est
1061 1668 1473 1738 praeferendum.
1498 1669 1567 1723 Et
1592 1669 1635 1724 si
1670 1669 1861 1739 placet,
1893 1669 1944 1722 id

355 1759 410 1812 in
439 1758 606 1813 rebus
635 1759 767 1829 ipsis
816 1759 1201 1816 examinemus.
1230 1759 1350 1816 Sint
1378 1775 1512 1817 uxor
1536 1768 1590 1814 et
1617 1761 1862 1824 maritus,
1891 1769 1946 1814 et

352 1866 414 1906 se
435 1852 709 1906 contineat
741 1866 877 1906 uxor
902 1852 1114 1907 nolente
1141 1852 1336 1907 marito
1366 1872 1381 1908 :
1410 1852 1538 1922 quid
1564 1867 1692 1923 ergo
1712 1894 1726 1918 ,
1778 1853 1822 1906 si
1854 1852 1945 1907 ille

356 1940 485 1996 hinc
511 1940 580 1995 ad
609 1940 984 1997 fornicandum
1015 1943 1297 1998 inducatur
1321 1960 1337 2008 ;
1384 1953 1475 1998 aut
1502 1959 1607 1999 non
1653 1945 1946 2000 fornicetur

352 2035 598 2106 quidem,
627 2036 720 2092 sed
749 2036 949 2101 doleat,
986 2037 1228 2093 turbetur
1247 2079 1262 2103 ,
1297 2038 1627 2102 incendatur,
1658 2047 1856 2107 pugnet
1881 2052 1945 2092 ac

354 2129 554 2200 litiget,
585 2138 639 2184 et
664 2130 942 2198 innumera
973 2131 1121 2185 uxori
1153 2133 1361 2200 negotia
1387 2131 1679 2184 exhibeat?
1705 2129 1830 2201 quid
1855 2131 1938 2184 luo

352 2221 434 2274 eri
462 2236 527 2275 ex
550 2220 756 2290 jejunio
783 2231 836 2276 et
865 2222 1190 2288 continentia
1213 2264 1229 2288 ,
1257 2237 1378 2279 cum
1405 2224 1600 2278 caritas
1638 2222 1803 2276 fracta
1832 2223 1900 2278 sit
1918 2224 1953 2276 ?‘

351 2311 520 2368 Nihil.
557 2317 697 2379 Quot
739 2315 883 2368 enim
910 2315 1034 2371 inde
1059 2316 1320 2383 convicia,
1349 2325 1478 2387 quot
1507 2316 1737 2387 negotia,
1765 2331 1940 2386 quan-

354 2415 464 2460 tum
497 2407 697 2461 bellum
726 2407 1029 2486 necessario
1043 2406 1277 2472 oriatur!

423 2497 480 2551 2.
515 2496 652 2552 Cum
682 2498 826 2552 enim
882 2497 1024 2552 domi
1072 2498 1296 2558 maritus
1346 2506 1401 2554 et
1451 2513 1587 2554 uxor
1635 2499 1934 2567 dissident,

351 2605 462 2644 non
513 2589 707 2644 melius
747 2603 806 2645 se
837 2588 1054 2645 habebit
1095 2590 1308 2655 domus,
1360 2605 1517 2661 quam
1550 2591 1700 2646 navis
1741 2592 1936 2662 agitata

351 2689 694 2749 tempestate,
723 2680 1080 2751 gubernatore
1102 2682 1191 2751 qui
1220 2682 1288 2737 ab
1311 2697 1376 2737 eo
1399 2698 1612 2752 proram
1645 2684 1781 2754 regit
1827 2685 1936 2739 dis-

347 2772 638 2826 sentiente.
695 2771 926 2843 Ideoque
953 2773 1028 2828 ait
1055 2790 1069 2827 :
1099 2771 1276 2827 Nolite
1301 2775 1545 2844 fraudare
1568 2775 1798 2842 invicem,
1837 2777 1935 2830 nisi

349 2863 562 2929 {orteex
580 2880 825 2918 consensu
847 2863 916 2917 ad
929 2872 1122 2933 tempus
1147 2874 1202 2917 ut
1226 2865 1407 2918 vacetis
1408 2865 1609 2937 jejunio
1631 2876 1676 2920 et
1693 2867 1932 2932 orationi;

346 2956 416 3012 de
455 2956 702 3011 oratione
735 2969 856 3010 cum
885 2954 1073 3025 majori
1113 2955 1290 3011 studio
1319 2954 1451 3017 facta
1472 2957 1558 3012 hic
1587 2957 1831 3028 loquens.
1873 2957 1941 3015 Si.

345 3048 489 3102 enim
509 3062 666 3116 orare
687 3046 968 3118 prohibeat
982 3047 1172 3118 eosqui
1185 3046 1323 3104 inter
1338 3063 1398 3104 se
1413 3059 1626 3116 coeunt,
1645 3049 1933 3118 illud,Sine

346 3140 746 3195 intermissione
771 3154 945 3207 orare,
968 3139 1236 3210 quomodo
1263 3140 1435 3196 locum
1457 3148 1511 3194 et
1540 3150 1748 3211 tempus
1765 3142 1930 3198 habe-

345 3231 461 3286 bit?
490 3233 620 3286 licet
649 3244 779 3300 ergo
807 3238 863 3284 et
889 3245 1010 3284 cum
1046 3245 1211 3284 uxore
1235 3230 1676 3286 consuetudinem
1712 3231 1929 3298 habere,

344 3331 400 3377 et
427 3322 663 3376 orationi
707 3321 1056 3378 incumbere;
1085 3321 1180 3376 sed
1212 3337 1306 3390 per
1332 3323 1716 3377 continentiam
1747 3341 1932 3393 preca-

347 3412 420 3466 tio
435 3411 740 3466 accuratior
767 3411 1025 3467 redditur.
1051 3411 1164 3468 Non
1185 3411 1327 3467 enim
1349 3412 1662 3482 simpliciter
1683 3413 1836 3483 dixit,
1860 3415 1932 3472 Ut

343 3503 560 3579 oretis;
600 3501 697 3573 sed
730 3502 812 3574 Πιῆ
850 3504 1051 3572 vacetis,
1084 3512 1281 3572 utpote,
1310 3519 1430 3571 cum
1479 3519 1566 3560 res
1597 3507 1930 3565 vocationem

345 3596 602 3665 praebeat,
636 3595 730 3651 sed
761 3609 867 3652 non
901 3595 1312 3650 immunditiam.
1341 3595 1409 3650 Et
1426 3600 1605 3652 iterum
1632 3599 1683 3653 in
1707 3599 1928 3669 idipsum

341 3687 621 3752 conuenite,
654 3700 719 3738 ne
745 3694 893 3738 tentet
931 3700 1017 3740 vos
1042 3695 1268 3742 satanas.
1297 3686 1377 3743 Ne
1423 3688 1696 3745 videretur
1745 3691 1886 3746 enim
1911 3733 1927 3759 ,

346 3791 457 3830 rem
486 3790 612 3831 esse
641 3775 759 3845 lege
798 3775 1143 3830 constitutam
1165 3815 1179 3840 ,
1209 3791 1425 3832 causam
1454 3777 1620 3833 addit.
1673 3779 1927 3849 Quaenam

347 3870 431 3923 illa
459 3869 570 3924 εδιῖ
594 3867 679 3922 Ne
699 3877 851 3924 tentet
879 3884 964 3922 vos
979 3878 1204 3924 satanas.
1231 3870 1298 3924 Et
1323 3878 1382 3925 ut
1408 3871 1582 3926 discas
1609 3887 1714 3928 non
1739 3874 1928 3930 diabo-

343 3962 454 4015 lum
481 3968 688 4015 tantum
713 3960 960 4022 adulterii
1006 3974 1224 4036 causam
1264 3975 1406 4028 esse,
1434 3961 1710 4032 subjunxit
1744 3981 1758 4019 :
1790 3963 1927 4020 Pro.

342 4064 456 4121 pter
472 4054 888 4107 incontinentiam
914 4053 1238 4123 vestram._6._
1273 4052 1387 4108 Hoc
1409 4062 1578 4109 autent
1614 4057 1726 4110 dico
1752 4074 1926 4112 secun-

340 4149 471 4200 dum
496 4147 860 4219 indulgentiam
883 4189 899 4214 ,
930 4164 1032 4202 non
1067 4147 1344 4203 secundum
1393 4149 1679 4219 imperium.
1711 4151 1762 4207 7.
1802 4150 1929 4206 Volo

341 4250 518 4295 autem
550 4257 717 4295 omnes
750 4241 976 4296 homines
1001 4257 1108 4296 esse
1134 4241 1265 4296 sicut
1293 4242 1560 4310 meipsum,
1583 4243 1637 4296 in
1673 4245 1929 4298 continen-

344 4333 436 4386 tia.
472 4332 588 4386 Hoc
624 4345 770 4401 saepe
795 4331 949 4397 facit,
979 4330 1191 4402 quando
1221 4345 1308 4387 res
1335 4329 1582 4386 difficiles
1611 4332 1802 4388 suadet
1827 4348 1842 4386 :
1869 4351 1930 4390 se

343 4427 395 4481 in
422 4427 606 4481 medio
633 4425 782 4496 ponit
802 4432 856 4479 et
880 4424 972 4488 ait,
999 4423 1284 4479 lmitatores
1310 4425 1406 4478 mei
1436 4431 1606 4479 estote.
1632 4424 1738 4480 Sed
1768 4442 1926 4480 unus-

342 4519 554 4587 quisque
601 4519 863 4588 proprium
910 4515 1100 4569 donum
1148 4515 1295 4570 habet
1323 4531 1386 4569 ea:
1410 4513 1540 4580 Deo,
1568 4514 1702 4571 alius
1727 4517 1927 4580 quidem

340 4610 430 4673 sic,
460 4609 598 4664 alius
627 4623 742 4662 vero
761 4607 834 4661 sic
863 4608 911 4679 (l
927 4649 941 4662 .
959 4606 1078 4662 Car.
1099 4607 1154 4662 4.
1183 4605 1297 4677 16).
1320 4605 1452 4674 Quia
1472 4606 1614 4661 enim
1633 4606 1785 4661 valde
1809 4607 1929 4663 illos

341 4701 614 4757 accusavit
639 4700 842 4765 dicens,
869 4698 1085 4770 Propter
1108 4697 1523 4752 incontinentiam
1545 4707 1778 4763 vestram,
1803 4714 1926 4752 rur-

342 4808 430 4849 sus
458 4783 611 4864 ipsos
638 4793 945 4848 consolatus
963 4799 1044 4846 est
1061 4789 1409 4861 subjungens,
1432 4788 1779 4861 Unusquisque
1805 4807 1923 4860 pro-

343 4888 511 4957 prium
539 4886 734 4940 donum
771 4884 918 4938 habet
939 4899 1002 4936 ea:
1023 4881 1128 4936 Deo
1144 4897 1166 4946 ,'
1192 4897 1297 4937 non
1327 4883 1430 4936 hoc
1450 4879 1752 4947 declarans,
1785 4881 1927 4952 quod

345 4977 443 5033 hoc
468 4986 621 5033 recte
651 4975 843 5031 factum
873 4982 1059 5029 nostro
1087 4972 1264 5028 studio
1293 4987 1398 5028 non
1447 4981 1630 5043 egeat;
1683 4973 1778 5028 sed
1804 5015 1818 5038 ,
1873 4986 1927 5029 ut

343 5073 491 5141 prius
518 5070 658 5136 dixi,
681 5067 968 5122 consolans
990 5067 1129 5122 illos.
1160 5065 1292 5120 Nam
1321 5065 1364 5118 si
1395 5063 1596 5119 donum
1626 5074 1730 5131 est,
1755 5072 1809 5119 et
1844 5067 1920 5120 ni-

341 5164 412 5217 hil
460 5163 630 5217 homo
677 5159 744 5214 ad
795 5162 895 5213 hoc
933 5157 1106 5224 alTert,
1154 5155 1423 5228 quomodo
1474 5153 1648 5210 dicis?
1691 5155 1745 5210 8.
1801 5155 1928 5209 Dico

337 5266 508 5309 autem
533 5270 634 5307 non
660 5252 832 5322 nuptis
855 5260 900 5305 et
928 5250 1088 5304 viduis
1113 5266 1133 5306 :
1164 5252 1347 5305 bonum
1371 5241 1456 5304 est
1481 5249 1604 5315 illis,
1633 5248 1678 5302 si
1704 5248 1776 5302 sic
1815 5265 1930 5316 per-

337 5331 618 5401 atanserint
646 5355 701 5398 ut
729 5361 839 5415 ego.
868 5345 920 5398 9.
955 5345 1103 5408 Quod
1127 5343 1171 5398 si
1198 5358 1251 5396 se
1280 5358 1379 5396 non
1403 5341 1678 5407 continent,
1713 5327 1923 5394 nubant.

341 5437 583 5493 Vidistin’
623 5435 776 5490 Pauli
825 5434 1139 5504 sapientiam
1164 5475 1180 5501 ,
1225 5432 1496 5504 quomodo
1550 5442 1605 5488 et
1647 5431 1924 5487 meliorem

336 5531 582 5587 ostendat
610 5543 732 5584 esse
752 5527 1156 5592 continentiam,
1181 5537 1236 5582 et
1265 5541 1369 5582 non
1394 5534 1551 5595 cogat
1569 5539 1687 5579 eum
1707 5525 1794 5594 qui
1819 5539 1923 5578 non

337 5622 660 5693 assequitur,
696 5620 890 5674 timens
918 5635 987 5675 ne
1013 5618 1064 5673 in
1092 5618 1296 5687 lapsum
1314 5616 1608 5672 incidatur?
1639 5612 1825 5668 Melius
1852 5625 1924 5668 est

333 5714 463 5768 enim
491 5713 703 5781 nubere,
737 5728 889 5783 quam
921 5711 1018 5766 uri.
1049 5710 1305 5768 lndicavit
1331 5717 1522 5782 quanta
1567 5709 1635 5765 sit
1661 5707 1920 5778 concupi-

1416 247 1482 312 ια
1521 245 1731 306 srtsr.
1775 244 1814 304 ι,
1858 243 1950 298 AD
1989 242 2140 298 con.
2187 244 2392 302 noun.
2451 249 2592 308 XIX.

3539 272 3636 330 (ὅθ

2063 365 2281 417 scentize
2311 369 2568 436 tyrannis.
2600 371 2711 428 Hoc
2739 385 2917 432 autem
2951 381 3060 433 vult
3083 382 3385 452 signiﬁcare
3417 409 3427 440 :
3459 391 3512 446 Si
3538 393 3646 445 vim

2063 454 2287 510 multam
2336 467 2390 513 ct
2433 469 2620 518 aestum
2677 468 2888 533 pateris,
2919 485 2948 523 a
3013 471 3286 531 laboribus
3335 485 3389 531 et
3425 481 3643 536 sudoris

2057 547 2158 602 bus
2207 557 2257 603 te
2283 550 2475 616 libera,
2523 570 2590 610 ne
2618 554 2770 612 forte:
2799 562 3146 621 subvertaris.
3204 569 3290 624 £0.
3346 572 3424 626 lis
3452 585 3642 632 autem:

2056 641 2140 734 qui
2193 644 2517 704 matrimonio
2551 650 2721 716 juncti
2762 663 2900 717 sunt,
2948 659 3210 726 principio,
3248 678 3347 716 non
3400 681 3510 734 ego,
3541 670 3646 721 sed

2059 729 2328 788 Dominus.
2359 736 2492 803 Quia
2528 738 2698 810 legem
2737 744 2962 802 disertis.
2981 749 3159 805 verbis
3185 769 3214 804 a
3238 729 3454 812 Christo
3479 760 3642 814 latam

2055 832 2135 878 est
2158 824 2412 892 lecturus,
2446 828 2513 883 de
2538 847 2701 890 uxore
2733 850 2838 890 non
2860 837 3172 896 dimittenda
3198 845 3300 899 nisi
3327 848 3394 900 sit
3415 849 3648 906 fornica-

2058 924 2131 982 ta,
2167 927 2446 986 propterea
2476 921 2635 988 dicit,
2659 983 2664 987 ,
2688 924 2817 984 Non
2839 945 2950 999 ego.
3005 931 3134 985 Nam
3165 951 3283 1004 qua:
3314 938 3458 1007 prius
3500 942 3642 998 dicta

2055 1023 2197 1077 sunt,
2227 1013 2433 1069 etiamsi
2464 1031 2572 1072 non
2615 1018 2827 1076 disertis
2869 1023 3046 1078 verbis
3091 1027 3228 1081 dicta
3261 1031 3365 1084 sint
3387 1074 3401 1096 ,
3437 1034 3532 1099 ipsi
3563 1047 3641 1090 tn-

2056 1121 2178 1160 men
2206 1121 2268 1160 ea
2316 1122 2438 1164 esse
2485 1109 2751 1167 videntur.
2790 1115 2873 1168 .At
2901 1115 3003 1170 hoc
3021 1118 3261 1186 quidem.
3290 1122 3378 1178 ille
3422 1123 3648 1182 disertis

2055 1198 2236 1258 verbis
2260 1200 2478 1257 tradidit
2509 1221 2523 1258 :
2556 1203 2733 1274 itaque
2761 1206 2917 1274 illud,
2949 1207 3093 1280 Ego,
3121 1220 3175 1266 et
3214 1212 3331 1269 Non
3359 1234 3470 1286 ego,
3502 1220 3641 1276 banc

2055 1292 2255 1348 habent
2282 1293 2662 1354 differentiam.
2694 1298 2772 1355 Ne
2794 1301 2934 1355 enim
2967 1319 3061 1357 sua
3090 1319 3215 1360 esse
3242 1307 3479 1364 humana
3497 1321 3642 1380 puta-

2053 1399 2161 1446 res,
2193 1383 2314 1440 ideo
2341 1385 2616 1456 subjunxit
2647 1408 2659 1443 :
2691 1389 2992 1446 Pntoenim
3011 1397 3148 1460 quod
3171 1409 3218 1450 et
3249 1415 3341 1469 ego
3385 1401 3660 1464 Spittilttm;

2054 1473 2151 1540 Dei
2179 1476 2410 1531 habeam.
2434 1479 2574 1544 Quid
2602 1489 2688 1538 est
2713 1497 2862 1552 ergo,
2891 1484 3032 1553 quod
3065 1487 3322 1544 Dominus
3341 1493 3652 1564 eotijugatis.

2053 1570 2342 1637 praecepit,
2373 1569 2594 1626 Uxorem
2626 1589 2656 1627 a
2683 1575 2791 1629 uiro
2836 1593 2938 1631 non
2963 1579 3218 1634 discedere
3242 1582 3268 1635 .’
3296 1584 3351 1638 Η
3369 1625 3381 1638 .
3414 1587 3548 1650 quod
3595 1590 3653 1641 εἰ·

2051 1661 2352 1730 discesserit,
2386 1674 2584 1724 maneat
2612 1666 2845 1736 innupta,
2871 1679 2958 1722 aut
2998 1670 3104 1724 viro
3124 1689 3214 1726 suo
3245 1678 3594 1730 reconcilietur
3612 1696 3642 1733 :-

2049 1761 2096 1806 et
2121 1757 2195 1806 vir
2223 1770 2431 1808 uxorem
2458 1773 2560 1810 non
2586 1757 2825 1813 dimittat.
2851 1758 2985 1826 Quia
3017 1764 3159 1817 enim
3187 1773 3242 1820 et
3268 1779 3486 1836 propter
3507 1786 3639 1824 con.

2050 1847 2325 1901 tinentiam
2352 1857 2408 1902 et
2435 1859 2653 1918 propter
2673 1850 2807 1907 alios
2856 1852 3106 1908 obtentus
3151 1866 3203 1910 et
3247 1856 3636 1925 dissensiones,

2047 1938 2342 1996 divisiones
2363 1940 2476 1994 lieri
2502 1941 2879 2011 contingebat;
2914 1945 3102 2000 melius
3127 1946 3342 2016 quidem
3371 1967 3400 2003 a
3435 1954 3634 2020 princi-

2049 2031 2138 2098 pio
2178 2029 2386 2096 fuisset,
2419 2046 2523 2085 non
2555 2032 2644 2085 illa
2671 2031 2787 2088 fieri
2813 2075 2829 2101 ,
2865 2034 2959 2089 sed
2988 2036 3030 2090 si
3064 2035 3198 2090 facta
3231 2048 3375 2103 sunt,
3418 2053 3634 2098 maneat

2051 2136 2183 2176 uxor
2221 2138 2343 2176 cum
2387 2123 2522 2187 viro,
2550 2125 2651 2178 etsi
2681 2142 2784 2179 non
2824 2126 2892 2183 ad
2936 2129 3302 2198 concubitum,
3357 2142 3531 2190 tamen
3578 2146 3634 2191 ut

2049 2215 2253 2268 nullum
2281 2216 2443 2270 alium
2473 2216 2691 2272 indueat
2715 2219 2908 2272 virum.
2954 2219 3040 2274 η.
3073 2219 3279 2277 theris
3329 2233 3495 2278 autem
3541 2245 3638 2298 ego

2046 2306 2180 2371 dico,
2205 2323 2306 2359 non
2338 2306 2583 2361 Dominus
2608 2325 2626 2362 :
2663 2308 2725 2363 Si
2753 2310 2865 2379 quis
2905 2314 3066 2381 frater
3087 2329 3295 2367 uxorem
3322 2317 3502 2370 habent
3542 2321 3628 2373 in-

2047 2397 2267 2466 ﬁdelem,
2296 2409 2346 2453 et
2370 2400 2474 2454 haec
2494 2403 2740 2455 consentit
2767 2403 2993 2458 habitare
3019 2407 3262 2473 camilla,
3293 2425 3391 2464 non
3414 2413 3631 2467 dimittat

2045 2491 2208 2546 illam.
2243 2492 2328 2546 15.
2357 2491 2422 2545 Et
2442 2492 2487 2546 si
2505 2500 2604 2559 qua
2633 2495 2812 2548 mulier
2840 2496 3022 2550 habeat
3051 2497 3212 2550 virum
3255 2497 3509 2567 inﬁdelem
3537 2547 3549 2569 ,
3583 2515 3644 2560 ρι’

2045 2582 2128 2637 hic
2173 2585 2415 2638 consentit
2442 2585 2668 2640 habitare
2703 2603 2818 2640 cum
2863 2587 2978 2654 illa,
3031 2606 3130 2642 non
3167 2591 3388 2646 dimittat
3442 2596 3625 2650 virum.

2043 2675 2502 2743 Quemadmodum
2543 2678 2686 2732 enim
2709 2694 2830 2733 eum
2862 2679 3172 2750 loqueretur
3198 2682 3263 2736 de
3292 2688 3640 2754 separatione

2048 2782 2078 2822 a
2106 2767 2546 2836 fornicatoribus,
2574 2771 2914 2826 correctione
2956 2772 3184 2841 quadam
3214 2789 3325 2829 rem
3355 2774 3626 2832 difﬁcilem

2043 2857 2276 2914 reddidit
2318 2859 2524 2926 dicens,
2569 2860 2636 2914 Et
2662 2878 2763 2916 non
2787 2864 2959 2934 utique
2996 2881 3029 2918 a
3056 2866 3446 2934 fornicatoribus
3473 2871 3628 2941 hujus

2048 2951 2226 3004 mundi
2255 2967 2273 3004 :
2299 2952 2377 3006 sic
2404 2962 2457 3005 et
2481 2952 2583 3006 hoc
2610 2952 2730 3008 loco
2759 2968 3004 3024 magnam
3034 2958 3262 3026 providit
3309 2975 3428 3015 esse
3459 2961 3628 3016 facili-

2044 3049 2205 3096 tatem
2238 3058 2252 3096 :
2275 3041 2331 3098 Si
2347 3042 2465 3112 quis
2481 3051 2572 3099 aut
2594 3059 2729 3099 uxor.
2749 3045 2943 3112 virum,
2971 3056 3063 3102 aut
3092 3048 3172 3103 vir
3194 3065 3414 3106 uxorem
3436 3051 3640 3108 habent

2045 3133 2337 3201 infidelem,
2366 3151 2434 3189 ne
2453 3135 2688 3191 dimittat
2713 3151 2853 3192 eam.
2878 3137 3015 3205 Quid
3037 3139 3169 3195 dicis
3189 3140 3211 3194 ’ἓ
3234 3143 3278 3196 si
3307 3144 3517 3212 quidem
3543 3147 3626 3199 in-

2039 3225 2210 3284 fidelis
2252 3229 2361 3294 sit,
2406 3239 2619 3285 maneat
2659 3244 2780 3285 cum
2819 3246 3016 3296 uxore;
3069 3235 3112 3287 si
3162 3234 3468 3303 fornicator,
3523 3255 3642 3294 non.

2038 3317 2210 3372 item?
2251 3333 2572 3388 quamquam
2625 3322 2799 3376 minus
2841 3333 2924 3378 est
2978 3335 3255 3394 peccatum
3303 3329 3617 3395 lornieatio;

2037 3409 2130 3462 sed
2149 3409 2285 3464 Deus
2313 3411 2418 3464 tuis
2454 3409 2613 3465 rebus
2634 3412 2788 3468 valde
2817 3415 3004 3482 parcit.
3035 3415 3148 3470 Hoc
3174 3419 3334 3471 etiam
3362 3421 3412 3472 in
3458 3425 3628 3475 sacri-

2037 3496 2157 3554 ﬁcio
2188 3498 2334 3567 facit,
2365 3501 2548 3556 dicens
2578 3518 2590 3554 :
2622 3499 2835 3558 Dimitte
2857 3506 3182 3573 sacriﬁcium,
3219 3519 3264 3562 et
3308 3513 3637 3569 reconciliare

2036 3593 2185 3661 fratri
2209 3603 2294 3647 tuo
2341 3593 2553 3662 (Matth.
2581 3596 2633 3650 5.
2658 3595 2774 3666 ω).
2804 3597 2877 3652 ita
2905 3599 3064 3654 etiam
3095 3600 3242 3656 illum
3271 3645 3284 3668 ,
3319 3605 3409 3674 qui
3438 3604 3635 3662 decem

2037 3685 2198 3740 millia
2253 3685 2446 3741 talenta
2491 3685 2720 3743 debebat
2771 3689 2909 3757 sibi,
2965 3707 3070 3747 non
3123 3695 3356 3764 punivit;
3407 3710 3630 3755 conser-

2036 3793 2159 3831 vum
2211 3787 2389 3832 autem
2453 3788 2666 3835 centum
2721 3781 2971 3837 denarios
3017 3784 3316 3855 exigentem
3358 3790 3638 3860 supplicio

2034 3869 2227 3924 affecit.
2250 3867 2470 3934 Deinde,
2507 3887 2573 3925 ne
2600 3872 2810 3928 timeret
2841 3875 3052 3938 mulier,
3083 3891 3151 3930 ne
3171 3889 3392 3948 promer
3418 3881 3616 3936 coitum

2033 3968 2178 4016 esset
2215 3961 2525 4025 immunda,
2574 3962 2703 4016 dicit
2751 3980 2764 4016 :
2819 3965 2908 4019 14.
2962 3967 3326 4036 Sanctiﬁcatus
3375 3983 3447 4026 est
3489 3976 3624 4026 enim

2034 4053 2109 4106 vir
2148 4051 2370 4120 infidelis
2416 4068 2504 4120 per
2530 4052 2824 4119 mulierem,
2875 4065 2922 4108 et
2949 4057 3266 4124 sanctiﬁcata
3322 4070 3392 4113 est
3441 4063 3622 4117 mulier

2033 4143 2252 4210 inﬁdelis
2302 4159 2390 4213 per
2420 4145 2600 4196 virum.
2633 4145 2791 4214 Atqui
2818 4145 2861 4199 si
2913 4147 2979 4213 is,
3025 4149 3114 4216 qui
3141 4151 3409 4206 meretrici
3438 4153 3622 4208 adita:-

2033 4247 2135 4301 ret,
2169 4251 2329 4289 unum
2359 4251 2555 4305 corpus
2601 4245 2718 4303 est,
2766 4237 2940 4306 palam
2986 4247 3068 4294 est
3117 4255 3256 4305 eam,
3305 4257 3423 4312 qua:
3451 4243 3625 4297 idolo-

2035 4327 2182 4380 latrze
2228 4325 2488 4391 adhaeret,
2551 4343 2711 4383 unum
2760 4344 2956 4399 corpus
2994 4346 3113 4386 esse
3147 4350 3160 4385 :
3191 4348 3352 4387 unum
3402 4335 3624 4404 quidem

2033 4430 2114 4475 est
2140 4434 2362 4490 corpus,
2411 4429 2464 4474 at
2505 4436 2614 4476 non
2646 4421 2705 4476 ﬁt
2749 4421 3058 4491 immunda,
3112 4425 3205 4480 sed
3251 4425 3413 4482 vincit
3467 4444 3619 4482 ηιιιη-

2032 4509 2174 4565 (Μία.
2212 4510 2454 4566 mulieris
2503 4511 2601 4566 viri
2668 4513 3060 4569 immunditiam
3115 4532 3132 4571 :
3183 4517 3348 4572 vincit
3411 4535 3622 4590 quoque

2035 4602 2293 4658 munditia
2325 4603 2425 4658 viri
2453 4604 2628 4661 ﬁdelis
2658 4605 3049 4662 immunditiam
3081 4611 3322 4666 mulieris
3366 4610 3618 4668 infidelis.

2104 4696 2158 4751 5.
2181 4696 2289 4750 Cur
2315 4710 2444 4767 ergo
2475 4696 2562 4752 bic
2596 4698 2734 4753 victa
2759 4700 3212 4767 estimmunditia,
3243 4703 3464 4772 ideoque
3487 4720 3623 4759 con-

2032 4789 2245 4844 cubitus
2274 4790 2639 4859 permittitur;
2688 4792 2739 4846 in
2791 4793 3016 4848 muliere
3042 4804 3218 4848 autem
3247 4793 3486 4852 adultera
3515 4811 3628 4852 nun

2032 4882 2240 4937 crimini
2278 4883 2435 4939 datur
2469 4884 2620 4951 viro,
2660 4899 2782 4939 cum
2814 4884 2968 4939 illam
2990 4885 3172 4954 ejicit?
3199 4884 3331 4952 Quia
3359 4886 3456 4942 hic-
3499 4902 3626 4958 spes

2034 4984 2117 5031 est
2141 4974 2257 5031 fore
2281 4984 2338 5030 ut
2365 4991 2460 5045 per
2484 4976 2883 5030 matrimonium
2914 4990 3036 5044 pars
3058 4976 3144 5030 illa
3167 4993 3283 5047 qua:
3301 4979 3508 5048 peribat
3533 4995 3626 5034 sa-

2036 5069 2199 5123 lutem
2232 5076 2636 5135 consequatur;
2667 5067 2774 5121 illic
2810 5083 2937 5122 vero
2976 5069 3376 5125 matrimonium
3402 5071 3512 5141 jam
3537 5087 3624 5126 so-

2033 5155 2204 5211 lutum
2243 5163 2327 5210 est
2357 5173 2370 5207 :
2395 5164 2448 5209 et
2477 5154 2584 5208 illic
2607 5155 2823 5224 quidem
2853 5157 3011 5211 ambo
3041 5171 3494 5230 corrumpuntur,
3536 5161 3623 5214 bic

2035 5261 2164 5301 vero
2188 5245 2408 5301 alterius
2434 5245 2637 5301 crimen
2674 5255 2772 5302 est.
2802 5247 3043 5319 leempli
3071 5266 3228 5305 c:msa
3259 5269 3272 5305 :
3302 5267 3424 5322 quae
3451 5253 3621 5306 forni-

2032 5347 2149 5392 cata
2178 5337 2273 5390 luit
2296 5379 2310 5404 ,
2343 5337 2668 5393 exsecranda
2695 5349 2842 5395 certe
2866 5348 2967 5394 est.
3001 5340 3054 5396 Si
3083 5357 3210 5411 ergo
3249 5345 3334 5410 qui
3380 5341 3623 5397 adliceret

2033 5429 2302 5484 meretrici
2327 5469 2344 5496 ,
2383 5445 2546 5484 unum
2577 5445 2772 5499 corpus
2802 5439 2918 5499 est,
2943 5442 2998 5486 et
3029 5432 3267 5498 impurus
3307 5433 3396 5488 ille
3424 5432 3488 5487 fit
3530 5436 3621 5501 qui

2033 5535 2153 5577 cum
2185 5521 2467 5575 meretrice
2491 5521 2782 5586 miscetur;
2825 5521 2946 5576 ideo
2998 5529 3146 5578 certe
3201 5531 3311 5578 tota
3351 5524 3618 5581 munditia

2033 5612 2231 5667 avolat.
2256 5611 2351 5666 llic
2381 5619 2555 5667 autem
2583 5595 2688 5666 non
2715 5612 2792 5668 sic
2816 5629 2830 5679 ;
2859 5611 2953 5667 sed
2978 5613 3282 5683 quomodo?
3311 5614 3617 5672 Immundas

2035 5713 2116 5762 cst
2146 5705 2422 5764 idololatra
2447 5746 2462 5776 ,
2496 5705 2588 5762 scd
2615 5705 2807 5763 mulier
2837 5721 2944 5764 non
2973 5718 3055 5764 est
3083 5708 3378 5782 itmuuuda.
3411 5701 3629 5763 Namsi.
