4090 6216
403 264 503 322 155

399 394 621 437 consors
647 377 747 449 ipsi
769 383 912 434 esset
944 376 998 431 in
1030 374 1118 431 illa
1148 388 1207 429 re
1223 369 1519 428 secundum
1547 379 1706 437 quam
1750 362 1981 415 immun-

403 474 505 532 dus
532 483 636 540 est,
666 471 718 526 in
746 470 1041 542 impietate,
1066 466 1304 537 inquam,
1333 463 1447 532 ipsa
1478 472 1691 531 quoque
1713 453 1984 510 immunda

402 568 541 624 foret
569 585 582 622 :
613 580 756 622 nunc
782 573 959 619 autem
994 561 1102 615 alio
1131 557 1291 614 modo
1320 553 1626 609 immundus
1655 560 1736 608 est
1761 548 1987 606 idolola-

404 671 516 726 tia;
559 659 612 714 in
654 658 758 712 alia
783 664 962 709 autem
988 667 1048 707 re
1075 649 1174 721 ipsi
1214 649 1457 720 jungitur
1487 661 1652 711 uxor,
1686 645 1735 698 in
1766 657 1867 713 qua
1901 642 1989 696 ille

407 751 715 809 immundus
737 764 841 803 non
868 757 972 802 est.
1005 744 1339 800 Connubiuni
1361 741 1504 797 enim
1521 749 1604 794 est
1623 747 1678 794 et
1701 751 1988 807 corporum

407 845 614 907 niixtio,
644 844 697 898 in
737 855 839 910 qua
879 847 963 896 est
1008 838 1260 894 societas.
1306 835 1387 889 Ad
1431 833 1544 888 haec
1593 847 1721 888 vero
1759 845 1882 900 spes
1909 837 1990 883 est

406 938 556 993 il.uin
607 933 677 989 ab
723 947 892 988 uxore
941 938 1249 986 revocatum
1299 928 1400 992 iri,
1449 925 1535 979 cui
1583 923 1840 978 adhrcret.
1901 919 1990 974 Ille

409 1036 586 1082 autem
635 1025 771 1079 alius
817 1039 920 1077 non
971 1021 1044 1076 ita
1085 1020 1240 1074 facile
1283 1014 1654 1090 (curabitur).
1707 1011 1992 1082 Quomodo

409 1121 498 1176 illa
543 1135 699 1186 uxor,
753 1132 874 1186 qua:
903 1115 1075 1186 ipsum
1118 1113 1270 1185 prius
1321 1111 1582 1166 dedecore
1611 1108 1806 1170 affecit.
1838 1115 1891 1162 ct
1916 1105 1994 1160 al-

411 1213 514 1267 teri
542 1227 601 1266 se
641 1209 842 1264 dedidit
878 1207 1106 1277 juraque
1143 1202 1465 1259 matrimonii
1497 1200 1731 1254 abolevit
1752 1241 1766 1262 ,
1799 1198 1988 1267 injuria

410 1301 660 1358 affectum
707 1313 962 1356 revocare
1011 1296 1239 1368 poterit;
1272 1311 1392 1350 cum
1443 1294 1674 1347 maxime
1705 1292 1796 1348 ille
1839 1292 1990 1360 quasi

411 1396 723 1468 peregrinus
751 1392 1002 1448 maneat?
1034 1391 1300 1446 Praeterea
1327 1396 1505 1442 autem
1537 1395 1656 1456 post
1691 1384 1994 1440 fornicatio-

413 1505 534 1546 nem
559 1486 784 1542 maritus
805 1501 909 1540 non
927 1494 1010 1539 est
1032 1486 1166 1537 ultra
1194 1480 1449 1535 maritus:
1472 1479 1558 1533 hic
1577 1485 1755 1534 autem
1776 1475 1990 1542 mulier,

413 1581 536 1635 licet
563 1577 700 1633 idola
729 1576 889 1640 eolat,
916 1574 1014 1629 viri
1041 1573 1129 1644 jus
1148 1588 1253 1628 non
1293 1571 1506 1626 amittit.
1536 1571 1644 1625 Nec
1672 1569 1791 1625 sine
1831 1583 1991 1623 causa

415 1687 537 1726 cum
566 1670 765 1727 inﬁdeli
795 1669 1017 1731 habitat,
1042 1666 1135 1722 sed
1165 1668 1282 1737 ipso
1306 1666 1553 1720 volente:
1585 1665 1810 1734 ideoque
1831 1666 1987 1720 dixit:

416 1763 479 1816 Et
506 1764 613 1831 ipse
639 1761 881 1817 consentit
908 1761 1136 1814 habitare
1163 1775 1276 1812 cum
1301 1759 1411 1812 illa.
1440 1757 1576 1824 Quid
1601 1757 1766 1822 enim,
1787 1774 1990 1828 qumso,

412 1854 720 1910 detrimenti
749 1852 926 1917 fuerit,
947 1867 1068 1906 cum
1098 1867 1159 1906 ea
1183 1866 1302 1921 qure
1323 1851 1387 1904 ad
1418 1851 1728 1920 religionem
1750 1861 1996 1920 spectant

415 1949 619 2017 integra
649 1950 926 2011 maneant,
968 1951 1022 1999 et
1069 1942 1136 1997 de
1162 1941 1359 1996 iniideli
1397 1943 1532 1996 bona
1560 1956 1684 2012 spes
1708 1943 1796 2006 sit,
1820 1946 1862 1996 si
1885 1943 1993 2012 jam

414 2047 540 2092 sunt
576 2037 844 2106 conjugati
886 2044 1174 2100 maneant,
1206 2049 1306 2089 nec
1334 2033 1587 2104 superﬂui
1634 2034 1754 2089 belli
1786 2037 1996 2091 occasio

414 2129 734 2185 inducatur?
753 2144 923 2200 neque
942 2130 1087 2183 enim
1107 2128 1193 2183 hic
1208 2128 1442 2197 loquitur
1467 2127 1533 2182 de
1553 2127 1614 2182 iis
1641 2128 1729 2198 qui
1760 2129 1995 2183 nondum

410 2215 580 2285 juncti
631 2222 774 2281 sunt,
807 2213 902 2270 sed
951 2212 1020 2268 de
1049 2213 1368 2284 conjugatis.
1419 2211 1533 2266 Non
1565 2213 1706 2267 enim
1732 2213 1866 2268 dixit
1895 2232 1910 2268 :
1940 2214 1995 2269 Si

412 2308 532 2376 quis
555 2307 680 2360 vclit
704 2306 948 2374 accipere
968 2303 1237 2360 inﬁdelem
1261 2321 1276 2357 :
1306 2307 1422 2368 sed,
1442 2303 1503 2359 Si
1523 2305 1633 2371 quis
1649 2303 1794 2358 habet
1815 2305 1998 2373 inﬁde-

415 2399 547 2461 lem;
575 2397 624 2451 id
643 2406 748 2462 est,
774 2396 819 2452 si
841 2397 959 2467 quis
977 2406 1256 2466 postquam
1281 2396 1550 2452 connubio
1569 2396 1786 2465 junctus
1813 2396 1992 2465 fuerit,

417 2488 644 2559 accipiat
685 2488 908 2543 verbum
941 2489 1040 2557 piae
1078 2488 1390 2559 religionis;
1443 2488 1637 2544 deinde
1665 2505 1786 2559 pars
1827 2490 1995 2545 altera

416 2581 672 2637 manserit
697 2582 749 2635 in
776 2580 1083 2637 inﬁdelitate
1106 2625 1121 2650 ,
1151 2581 1383 2651 velitque
1411 2593 1586 2638 tamen
1615 2597 1716 2636 una
1735 2581 1992 2649 habitare,

421 2687 489 2726 ne
519 2679 796 2741 separetur
829 2687 843 2724 :
879 2670 1243 2739 Sanctiﬁcatus
1272 2674 1406 2727 enim
1431 2681 1537 2738 est,
1568 2673 1762 2744 inquit,
1809 2675 1884 2727 vir
1911 2674 1996 2727 in-

418 2765 586 2834 fidelis
616 2780 704 2834 per
743 2779 974 2818 uxorem.
1017 2764 1186 2820 Tanta
1218 2776 1301 2821 est
1345 2766 1620 2822 munditia:
1677 2775 1781 2821 tua:
1821 2767 1995 2836 copia.

419 2858 555 2926 Quid
586 2871 732 2927 ergo,
766 2867 1053 2912 sanctusne
1078 2869 1160 2912 est
1189 2859 1446 2930 gentilis?
1473 2859 1814 2930 Nequaquam
1843 2878 1855 2912 :
1890 2875 1996 2914 non

415 2949 559 3004 enim
588 2948 738 3016 dixit,
761 2948 990 3006 Sanctus
1013 2957 1126 3017 est;
1153 2950 1270 3016 sed,
1295 2952 1658 3020 Sanctiﬁcatus
1674 2961 1745 3006 est
1767 2968 1856 3023 per
1872 2967 2000 3006 uxo-

417 3059 544 3095 rrm.
579 3041 690 3097 Hoc
719 3056 880 3111 porro
901 3041 1055 3108 dixit,
1085 3058 1188 3097 non
1223 3051 1280 3098 ut
1302 3051 1545 3098 sanctum
1576 3043 1721 3099 illum
1751 3043 1997 3099 declara-

417 3144 520 3200 ret,
538 3134 633 3190 scd
653 3145 704 3188 ut
723 3134 846 3190 hinc
864 3137 1030 3207 magis
1043 3138 1224 3192 uxoris
1240 3146 1438 3193 metum
1454 3136 1769 3208 depelleret,
1793 3138 1966 3208 ipsum
1982 3168 2000 3182 -

417 3243 521 3297 que
542 3226 611 3282 ad
643 3227 882 3283 veritatis
921 3227 1244 3284 desiderium
1274 3228 1570 3285 induceret.
1600 3229 1716 3285 Non
1759 3230 1900 3285 enim
1948 3231 2000 3284 in

404 3319 732 3389 .corporibus
759 3318 1060 3390 coniugatis
1083 3328 1167 3376 est
1195 3321 1528 3376 immunditia
1549 3362 1564 3388 ,
1615 3320 1711 3377 sed
1738 3321 1791 3375 in
1832 3323 2004 3377 libero

419 3410 640 3466 arbitrio
665 3419 720 3468 ct
747 3411 1181 3482 cogitationibus.
1214 3413 1350 3468 Hinc
1371 3414 1612 3484 sequitur
1632 3413 1898 3483 probatio.
1945 3414 2001 3469 Si

422 3503 564 3558 enim
585 3501 856 3557 immunda
884 3516 1108 3558 manens
1127 3503 1335 3574 gignis;
1367 3503 1540 3558 iulans
1565 3512 1744 3559 autem
1788 3519 1892 3557 non
1924 3514 2005 3560 est

422 3609 487 3649 cx
530 3605 580 3650 te
606 3595 754 3660 sola;
798 3595 1110 3651 immundus
1135 3611 1263 3665 ergo
1289 3605 1371 3650 est
1417 3596 1610 3661 infans,
1643 3605 1734 3651 aut
1756 3611 1819 3651 ex
1846 3597 2006 3651 dimi-

423 3687 508 3741 dia
542 3697 692 3756 parte
737 3688 969 3744 mundus
997 3706 1010 3741 :
1044 3705 1183 3745 nunc
1211 3699 1388 3745 autem
1417 3705 1520 3744 non
1547 3700 1630 3745 est
1677 3691 2007 3748 immundus.

430 3779 661 3848 Ideoque
695 3779 970 3850 subjungit
986 3796 1000 3834 :
1019 3781 1259 3850 Alioquin
1278 3781 1371 3851 ﬁlii
1389 3783 1536 3835 vestri
1558 3782 1803 3835 immundi
1822 3792 2004 3846 essent;

425 3886 559 3924 nunc
586 3879 755 3924 autem
781 3873 944 3925 sancti
967 3881 1121 3938 sunt;
1151 3871 1201 3926 id
1223 3881 1326 3938 est,
1347 3887 1452 3926 non
1470 3872 1748 3928 immundi.
1767 3872 1857 3928 [lle
1881 3889 2008 3928 vero

427 3971 641 4017 sanctos
657 3963 799 4034 ipsos
815 3965 1047 4031 vocavit,
1063 3973 1120 4018 ut
1136 3965 1184 4018 vi
1204 3965 1486 4020 verborum
1508 3965 1806 4035 hujusmodi
1831 3967 2008 4036 suspi-

428 4055 599 4110 cionis
621 4064 819 4112 metum
847 4055 1170 4112 elimiuaret.
1204 4059 1289 4113 l5.
1323 4058 1384 4112 Si
1409 4069 1573 4112 autem
1596 4059 1816 4127 inﬁdelis
1844 4058 2008 4112 disce-

432 4149 528 4214 dit,
559 4149 804 4204 discedat.
831 4149 930 4205 Hic
951 4151 1094 4206 enim
1124 4150 1262 4205 nulla
1291 4160 1375 4204 est
1403 4151 1700 4206 fornicatio.
1748 4150 1883 4218 Quid
1911 4151 2009 4205 sibi

437 4240 550 4295 vult
578 4251 755 4296 autem
802 4240 932 4296 illud
961 4259 974 4294 :
1007 4240 1241 4311 Inﬁdslis
1276 4242 1317 4296 si
1346 4241 1553 4295 discedit
1584 4251 1673 4295 aut
1706 4243 2012 4313 separatur?

440 4334 600 4389 Verbi
631 4334 798 4404 gratia
829 4334 874 4390 si
904 4346 953 4388 te
977 4334 1130 4405 jubet
1149 4335 1453 4390 sacrilicare
1477 4344 1568 4388 aut
1594 4334 1792 4390 sociam
1827 4335 2015 4404 impie—

435 4426 561 4480 tatis
591 4441 714 4482 esse
741 4435 959 4496 propter
999 4427 1348 4493 connubium,
1378 4429 1458 4482 vel
1487 4427 1795 4489 discedere;
1826 4427 2015 4481 melius

437 4525 521 4571 est
558 4516 820 4584 disrumpi
867 4519 1214 4585 connubium,
1270 4534 1429 4588 quam
1487 4519 1624 4588 piam
1677 4519 2013 4588 religionem.

437 4605 771 4675 Quapropter
820 4605 1004 4661 subdit
1030 4625 1044 4661 :
1079 4608 1202 4662 Non
1232 4609 1365 4663 enim
1394 4609 1620 4663 servituti
1650 4609 1900 4671 subiectus
1939 4621 2016 4664 est

439 4700 598 4766 frater
623 4704 712 4751 aut
737 4712 884 4751 soror
905 4698 958 4752 in
994 4699 1243 4770 ejusmodi
1273 4702 1437 4754 rebus.
1469 4700 1523 4755 Si
1552 4700 1790 4770 quotidie
1835 4717 1897 4756 ea
1951 4703 2019 4758 de

441 4804 604 4846 causa
631 4798 832 4860 pugnet
859 4799 910 4845 et
957 4790 1152 4846 bellum
1183 4801 1431 4857 moveat,
1463 4793 1650 4863 inquit,
1708 4795 1899 4850 melius
1937 4806 2021 4851 est

441 4882 702 4949 separari.
742 4882 855 4939 Hoc
881 4885 1026 4940 enim
1057 4885 1496 4940 subindicatcum
1539 4886 1702 4941 dicit:
1733 4887 1800 4941 In
1845 4906 2020 4958 pacem

440 4985 612 5027 autem
641 4977 831 5028 cacant
869 4994 960 5032 nos
990 4977 1147 5035 Deus.
1200 4979 1294 5036 Ille
1321 4981 1462 5036 enim
1503 4980 1612 5051 jam
1639 4997 1854 5038 causam
1883 5000 2020 5056 prte-

446 5063 580 5128 buit,
612 5073 669 5118 ut
695 5065 741 5118 is
765 5068 852 5136 qui
882 5067 1172 5126 fornicatus
1201 5081 1302 5127 est.
1332 5073 1416 5128 16.
1446 5074 1580 5141 Quid
1605 5076 1737 5129 enim
1755 5078 1874 5142 scis,
1905 5095 2020 5131 mu-

445 5156 559 5217 lier.
600 5157 645 5212 si
684 5157 844 5211 virum
893 5160 1088 5214 salvum
1118 5163 1312 5232 facies?
1357 5165 1468 5220 lloc
1515 5166 1745 5223 refertur
1773 5169 1837 5223 ad
1869 5171 2020 5236 illud,

451 5247 535 5304 Ne
563 5249 781 5304 dimittat
809 5251 997 5320 ipsum.
1027 5251 1158 5307 Nam
1189 5255 1236 5308 si
1277 5256 1457 5310 turbas
1486 5273 1591 5312 non
1616 5269 1812 5326 movet,
1842 5278 2020 5329 mane,

444 5341 655 5412 inquit;
689 5343 812 5399 hinc
860 5344 1000 5399 enim
1028 5344 1233 5402 lucrum
1266 5349 1522 5413 refertur;
1574 5367 1745 5419 mane,
1783 5355 2021 5420 hortare,

444 5435 726 5492 consilium
747 5436 871 5493 dato
887 5445 938 5494 et
958 5438 1246 5506 persuade:
1266 5441 1438 5496 nullus
1454 5444 1594 5499 enim
1617 5446 1805 5503 doctor
1823 5458 2022 5504 tantum

449 5529 664 5594 p0terit.
692 5538 947 5599 quantum
972 5547 1125 5586 uxor.
1148 5532 1331 5602 Neque
1365 5535 1590 5606 imponit
1623 5539 1698 5593 illi
1732 5542 2023 5595 necessita-

450 5623 581 5678 tem.
607 5632 779 5688 neque
802 5637 912 5676 rem
944 5628 1012 5676 ah
1045 5625 1129 5680 illa
1150 5625 1332 5697 exigit,
1363 5641 1430 5681 ne
1461 5632 1671 5698 gravius
1694 5647 1828 5686 onus
1855 5634 2027 5702 impo-

357 5735 367 5744 ι
450 5712 557 5770 nat,
584 5704 840 5780 iubetque
865 5728 930 5768 ne
968 5715 1247 5785 desperet;
1272 5719 1365 5774 sed
1402 5736 1512 5774 rem
1550 5721 1600 5775 in
1637 5721 1809 5799 futuro
1841 5724 2017 5778 incer-

1145 257 1202 314 S.
1239 251 1518 313 JOANNIS
1554 237 2027 306 CHRYSOSTOII
2067 238 2383 300 ARCHIEP.
2425 243 2955 308 CONSTANTINOP.

3577 240 3678 300 ἰεῦ

2099 364 2204 414 tant
2233 372 2287 416 et
2317 382 2629 438 suspensam
2661 376 2930 449 relinquit,
2963 380 3149 437 dicens
3177 397 3193 438 :
3225 382 3364 449 Quid
3391 383 3523 436 enim
3555 385 3673 445 scis,

2094 453 2295 521 mulier,
2345 460 2390 513 si
2420 464 2579 518 virum
2623 468 2818 524 salvum
2844 471 3002 539 [acies
3027 473 3054 526 .9
3080 484 3169 528 aut
3196 477 3319 545 quid
3357 479 3476 541 scis,
3499 478 3608 546 uir,
3632 482 3676 534 si

2095 548 2353 603 mulierem
2379 555 2569 609 salvam
2600 558 2795 626 facies?
2818 573 2872 616 et
2909 580 3121 619 rursum
3155 583 3168 619 :
3203 568 3290 621 Π.
3323 566 3442 622 Nisi
3469 570 3675 623 unicui-

2093 653 2189 705 que
2231 642 2358 694 sicut
2386 645 2551 700 divisit
2587 649 2746 717 Deus,
2777 671 3174 725 unumquemque
3202 659 3331 712 sicut
3358 661 3548 716 vocavit
3572 661 3674 716 Do-

2095 731 2281 795 minus,
2305 736 2376 788 ita
2402 738 2510 805 ipse
2524 742 2760 797 ambulet.
2788 747 2872 801 18.
2895 749 3234 805 Circumcisus
3255 764 3454 809 vocatus
3476 767 3548 810 est
3575 755 3674 810 alio

2095 827 2247 894 quis?
2286 846 2385 883 non
2439 833 2661 889 adducat
2717 843 3038 910 prteputium.
3090 843 3155 899 In
3198 850 3443 918 praeputio
3490 851 3674 918 aliquis

2095 931 2300 973 vocatus
2327 925 2435 976 est?
2461 942 2559 980 non
2603 931 3010 990 circumcidatur.
3059 937 3143 992 ιε).
3175 937 3501 996 Circumcisio
3547 943 3678 997 nihil

2095 1018 2188 1071 est,
2217 1021 2264 1062 et
2290 1016 2594 1082 prtrputium
2617 1020 2748 1074 nihil
2765 1033 2874 1088 est;
2898 1026 2987 1078 sed
3024 1026 3300 1083 observatio
3322 1033 3676 1086 mandatorum

2101 1099 2211 1154 Dei.
2240 1103 2329 1157 ‘20.
2375 1105 2732 1180 Unusquisque
2770 1114 2822 1167 in
2847 1133 2948 1186 qua
2973 1121 3230 1174 vocatione
3256 1134 3459 1178 vocatus
3485 1135 3578 1192 est,
3623 1130 3677 1180 in

2095 1209 2156 1246 ea
2183 1209 2490 1263 permaneat.
2519 1201 2606 1256 2|.
2634 1202 2824 1261 Servus
2847 1221 3047 1264 vocatus
3087 1213 3177 1266 es?
3197 1231 3296 1268 non
3320 1218 3384 1269 sit
3405 1217 3493 1270 tibi
3517 1235 3676 1273 cum.

2099 1285 2224 1381 Haec
2252 1290 2317 1342 ad
2352 1290 2511 1369 ﬁdem
2537 1294 2667 1350 nihil
2690 1298 3007 1368 conferunt,
3040 1304 3210 1375 inquit
3248 1325 3262 1360 :
3304 1323 3371 1362 ne
3397 1326 3523 1381 ergo
3547 1329 3677 1366 con-

2100 1379 2289 1474 tendas
2315 1397 2489 1452 neque
2508 1388 2738 1444 turberis
2769 1409 2782 1444 :
2814 1391 2944 1448 ﬁdes
2973 1396 3113 1450 enim
3143 1397 3257 1453 hmc
3291 1379 3674 1474 omniafejccit.

2103 1467 2455 1543 Unusquisque
2483 1477 2534 1530 in
2563 1495 2663 1547 qua
2691 1484 2947 1539 vocatione
2973 1497 3180 1543 uocatus
3197 1501 3290 1552 est,
3315 1494 3366 1546 in
3397 1510 3454 1547 ea
3479 1511 3679 1565 perina-

2097 1572 2232 1615 neat.
2296 1564 2527 1622 Uxorcm
2575 1571 2776 1628 habens
2824 1576 3090 1634 inﬁdelem
3136 1593 3350 1638 vocatus
3378 1586 3477 1640 es?
3522 1603 3679 1643 mane

2097 1666 2220 1706 cum
2251 1654 2339 1708 illa
2372 1674 2386 1711 :
2414 1674 2482 1713 ne
2522 1671 2741 1732 propter
2771 1664 2926 1722 ﬁdem
2954 1670 3136 1740 ejicias
3185 1689 3428 1730 uxorem.
3480 1677 3680 1733 Servus

2099 1755 2316 1800 vocatus
2342 1751 2440 1803 es?
2471 1767 2538 1807 ne
2566 1755 2637 1809 sit
2684 1757 2776 1810 tibi
2807 1774 2950 1815 cui-ie
2978 1779 2991 1815 :
3017 1777 3204 1820 servus
3234 1782 3409 1822 inane.
3458 1769 3678 1840 Praepa-

2101 1837 2230 1891 tium
2281 1839 2484 1898 habens
2535 1848 2844 1904 credidisti?
2890 1867 3010 1908 cum
3053 1859 3313 1927 praeputio
3351 1876 3526 1918 mane.
3555 1837 3678 1918 Cir-

2100 1931 2367 1986 cumcisus
2383 1936 2653 1992 credidisti
2674 1941 2697 1993 ?
2715 1957 2870 1998 mane
2891 1947 3257 2004 circumcisus.
3281 1951 3389 2006 Hoc
3415 1953 3557 2007 enim
3577 1955 3681 2010 sibi

2100 2021 2211 2076 vult
2228 2023 2356 2078 illtid
2385 2042 2399 2077 :
2439 2026 2790 2100 Unusquisque
2809 2035 2936 2088 sicut
2953 2035 3119 2090 divisit
3146 2037 3298 2094 Deus.
3333 2041 3456 2096 Haec
3483 2043 3681 2114 quippe

2101 2132 2206 2170 non
2251 2128 2378 2173 sunt
2404 2120 2781 2191 impedimenta
2823 2127 2891 2182 ad
2931 2129 3198 2198 pietatem.
3232 2133 3310 2187 Tu
3343 2150 3465 2190 cum
3493 2152 3682 2196 servus

2101 2219 2270 2272 esses,
2303 2221 2522 2268 vocatus
2559 2228 2618 2268 es
2651 2233 2663 2266 :
2707 2217 2845 2272 alius
2883 2234 3105 2275 uxorem
3136 2221 3340 2280 habens
3367 2225 3636 2284 infidelem
3661 2270 3679 2296 ,

2101 2300 2236 2355 alius
2274 2303 2640 2363 circumcisus.

2170 2399 2224 2453 4.
2258 2402 2446 2471 Papre!
2473 2401 2682 2457 ubinam
2714 2407 3024 2461 servitutem
3053 2409 3267 2478 posuit?
3289 2409 3357 2467 Ut
3384 2411 3509 2465 nihil
3529 2412 3680 2482 juvat

2101 2493 2475 2559 circumcisio,
2522 2494 2759 2566 nihilque
2801 2508 2955 2552 nocet
2999 2501 3344 2569 przeputium,
3391 2503 3467 2557 sic
3508 2519 3679 2574 neque

2101 2584 2334 2639 servitus
2364 2600 2536 2656 neque
2563 2585 2801 2640 libertas.
2837 2587 3006 2658 thue
3035 2589 3161 2644 illud
3192 2591 3388 2648 clarius
3415 2608 3479 2648 ex
3505 2592 3678 2648 abun-

2100 2673 2279 2729 dantia
2323 2675 2598 2737 ostendat,
2629 2678 2747 2731 ait:
2778 2677 2885 2731 Sed
2915 2680 2960 2732 si
3000 2690 3140 2749 potes
3178 2683 3291 2749 fieri
3329 2683 3480 2749 liber,
3523 2687 3684 2756 magis

2101 2777 2280 2832 utere;
2313 2767 2413 2822 hoc
2441 2776 2541 2829 est,
2576 2768 2741 2839 magis
2765 2771 2986 2824 servias.
3018 2770 3086 2824 Et
3108 2786 3203 2826 cur
3223 2787 3366 2838 eum,
3394 2776 3482 2844 qui
3515 2774 3682 2844 possit

2103 2859 2240 2915 liber
2265 2859 2405 2916 efﬁci
2431 2901 2446 2924 ,
2476 2861 2628 2929 jubet
2655 2876 2870 2918 servum
2912 2864 3173 2918 manere?
3205 2865 3268 2921 Ut
3296 2870 3540 2921 ostendat
3568 2882 3682 2920 scr-

2106 2961 2359 3018 virtutem
2387 2961 2521 3016 nihil
2542 2959 2754 3026 laedere,
2781 2959 2892 3015 imo
2915 2958 3190 3030 prodesse.
3216 2957 3324 3014 Nec
3349 2959 3538 3030 ignoro
3561 2960 3686 3030 qui-

2107 3053 2228 3107 dem
2260 3051 2526 3122 quosdam
2555 3066 2678 3107 esse
2703 3049 2797 3120 qui
2829 3049 2983 3114 illud,
3016 3047 3188 3116 Magis
3224 3059 3385 3112 utere,
3412 3049 3480 3104 de
3517 3049 3684 3104 liber-

2111 3152 2223 3199 tate
2251 3144 2456 3198 dictum
2487 3158 2611 3198 esse
2639 3150 2852 3212 putent,
2891 3141 3136 3194 dicentes
3164 3157 3177 3193 :
3215 3137 3271 3192 Si
3314 3149 3490 3208 potes,
3517 3141 3685 3195 liber-

2109 3243 2272 3291 tatem
2312 3235 2631 3305 adipiscere.
2663 3232 2768 3288 Sed
2798 3231 2951 3286 Pauli
2985 3244 3154 3300 scopo
3189 3229 3346 3286 valde
3370 3233 3680 3302 oppositum

2107 3336 2253 3383 esset
2289 3327 2391 3382 hoc
2414 3327 2640 3390 dictum,
2670 3325 2716 3380 si
2757 3324 2862 3378 hoc
2899 3321 3289 3378 subindicaret.
3321 3322 3507 3396 Neque
3534 3327 3680 3380 enim

2107 3419 2218 3482 ille,
2260 3419 2388 3473 dum
2438 3432 2655 3472 servum
2703 3415 3018 3471 consolatur
3056 3412 3297 3486 dicitque
3330 3415 3507 3487 ipsum
3545 3417 3678 3472 nihil

2109 3509 2250 3575 lardi,
2278 3510 2490 3582 juberet
2517 3526 2640 3566 eum
2670 3509 2975 3564 libertatem
3009 3506 3263 3578 adipisci.
3298 3506 3512 3565 Diceret
3533 3511 3675 3564 enim

2111 3600 2340 3657 fortasse
2369 3589 2639 3672 quispiam
2672 3618 2685 3654 :
2719 3599 2861 3667 Quid
2893 3598 3082 3669 igitur,
3111 3599 3156 3653 si
3201 3615 3308 3655 non
3349 3603 3576 3672 possim,
3605 3618 3674 3656 an

2109 3690 2309 3760 injuria
2346 3693 2426 3746 vel
2452 3693 2650 3746 damno
2677 3690 2922 3745 afﬁcior?

2181 3795 2248 3842 In
2273 3789 2352 3853 iis,
2375 3806 2487 3860 quin
2507 3789 2576 3843 ad
2598 3788 2851 3844 Christum
2878 3799 3104 3860 spectant
3131 3803 3299 3842 servus
3326 3796 3371 3840 et
3400 3787 3523 3840 liber
3545 3803 3693 3854 pares

2112 3893 2250 3940 sunt.
2278 3913 2350 3923 —
2375 3882 2486 3937 Non
2516 3883 2619 3938 hoc
2645 3898 2773 3952 ergo
2801 3881 2966 3943 dicit;
2999 3880 3090 3935 sed
3121 3890 3177 3934 ut
3205 3894 3361 3950 supra
3393 3879 3650 3949 explicavi
3670 3915 3684 3937 .

2115 3975 2399 4032 ostendere
2427 3975 2629 4039 volens,
2663 3975 2792 4028 nihil
2819 3974 2936 4046 plus
2961 3975 3235 4032 accedere.
3267 3973 3309 4026 si
3343 3971 3479 4026 liber
3497 3970 3700 4027 efﬁcia-

2119 4079 2226 4134 tur,
2255 4069 2328 4121 ait
2353 4086 2365 4120 :
2394 4067 2610 4122 Etiamsi
2640 4083 2804 4137 penes
2825 4075 2876 4122 te
2902 4076 3063 4132 esset,
3091 4075 3148 4120 ut
3171 4065 3468 4121 libertatem
3493 4064 3704 4132 accipe-

2119 4174 2227 4222 res,
2256 4173 2440 4214 servus
2469 4159 2642 4226 potius
2670 4167 2901 4213 maneto.
2929 4157 3130 4213 Deinde
3151 4172 3365 4212 causam
3387 4154 3695 4224 subjungit:

2118 4252 2208 4306 2'2.
2243 4252 2344 4319 Qui
2370 4253 2500 4305 enim
2530 4252 2582 4305 in
2611 4249 2830 4305 Domino
2859 4261 3062 4304 vocatus
3088 4261 3160 4303 est
3185 4266 3373 4313 servus,
3402 4247 3605 4302 libertus
3626 4255 3702 4298 est

2120 4345 2330 4400 Domini
2360 4364 2377 4399 :
2403 4346 2635 4400 similiter
2658 4346 2742 4416 qui
2775 4344 2898 4399 liber
2924 4355 3126 4396 vocatus
3151 4351 3242 4408 est,
3266 4356 3433 4394 servus
3453 4349 3525 4393 est
3545 4337 3693 4394 Chri-

2122 4442 2204 4496 sti.
2242 4440 2296 4494 lu
2331 4441 2392 4495 iis
2421 4439 2561 4494 enim
2583 4480 2596 4504 ,
2628 4455 2746 4509 qua:
2786 4439 2850 4493 ad
2881 4438 3145 4494 Christum
3187 4445 3461 4504 spectant,
3495 4436 3662 4505 inquit
3686 4476 3700 4499 ,

2123 4534 2281 4588 ambo
2311 4539 2436 4586 sunt
2465 4545 2618 4600 pares
2649 4549 2661 4586 :
2692 4531 2938 4586 similiter
2966 4539 3019 4584 et
3055 4538 3110 4583 tu
3143 4527 3340 4584 Christi
3372 4541 3560 4581 servus
3581 4569 3593 4590 ,
3626 4527 3704 4580 si-

2126 4625 2321 4680 militer
2342 4623 2504 4676 herus
2526 4630 2665 4677 tuus.
2687 4621 2966 4690 Quomodo
2994 4635 3121 4690 ergo
3137 4634 3320 4674 servus
3341 4626 3423 4673 est
3446 4616 3704 4672 libertus?

2129 4715 2257 4782 Quia
2298 4713 2542 4768 liberavit
2575 4722 2625 4767 tc
2647 4754 2661 4774 ,
2693 4727 2797 4768 non
2842 4721 3044 4766 tantum
3076 4727 3104 4765 a
3134 4719 3350 4780 peccato
3375 4752 3388 4771 ,
3421 4709 3512 4763 sed
3547 4710 3703 4763 etiam

2126 4808 2194 4862 ab
2221 4816 2437 4861 externa
2469 4807 2748 4870 servitute,
2775 4805 2900 4860 dum
2929 4819 3115 4860 manes
3137 4818 3341 4859 servus.
3364 4802 3545 4872 Neque
3566 4800 3708 4854 enim

2127 4913 2344 4953 servum
2371 4897 2495 4951 sinit
2518 4909 2636 4951 esse
2661 4911 2895 4954 servum.
2923 4911 3092 4963 neque
3116 4895 3383 4949 hominem
3408 4903 3707 4948 manentem

2130 4991 2184 5046 in
2214 4991 2468 5045 servitute
2492 5006 2505 5043 :
2531 4989 2633 5044 hoc
2657 4990 2798 5044 enim
2827 4988 3071 5042 mirabile
3092 4997 3196 5043 est.
3227 4987 3287 5043 Et
3309 4985 3580 5057 quomodo
3600 4999 3711 5040 ser-

2130 5098 2228 5138 vus
2257 5082 2392 5137 liber
2417 5091 2514 5146 est,
2546 5096 2770 5136 manens
2799 5081 3022 5136 servus?
3043 5080 3265 5146 Quando
3288 5081 3355 5134 ab
3381 5078 3544 5134 animi
3572 5094 3714 5132 mor-

2131 5175 2213 5229 bis
2233 5182 2287 5230 et
2305 5173 2583 5229 affectibus
2609 5172 2898 5228 liberatur:
2919 5174 3132 5242 quando
3153 5173 3365 5226 divitias
3385 5171 3714 5227 contemnit:

2132 5265 2265 5320 iram
2294 5275 2620 5335 cacterosque
2646 5265 2811 5320 animi
2838 5272 3030 5319 motus.
3062 5265 3151 5319 Ξῖ).
3188 5263 3360 5319 Pretio
3385 5264 3542 5335 empti
3560 5264 3675 5317 estis
3696 5275 3714 5312 :

2134 5357 2288 5411 nolite
2314 5356 2426 5424 ﬁeri
2452 5357 2578 5410 servi
2605 5356 2883 5410 hominum.
2915 5355 3025 5410 Hoc
3051 5355 3251 5410 dictum
3280 5365 3380 5420 eSt,
3413 5369 3519 5408 non
3547 5352 3717 5408 scrtis

2135 5449 2314 5512 modo,
2346 5449 2438 5506 sed
2474 5450 2630 5504 etiam
2663 5450 2868 5506 liberis.
2915 5449 3098 5505 Potest
3123 5451 3264 5505 enim
3295 5451 3382 5519 qui
3405 5461 3600 5502 servus
3625 5446 3716 5507 sit,

2137 5558 2242 5597 non
2268 5557 2387 5597 esse
2417 5555 2606 5598 servus
2628 5584 2642 5608 ,
2675 5552 2739 5598 et
2765 5545 2853 5613 qui
2900 5543 3067 5610 liber,
3095 5558 3284 5598 servus
3312 5556 3451 5596 esse.
3488 5539 3551 5592 Et
3580 5552 3710 5607 quo-

2137 5634 2294 5690 modo
2318 5637 2404 5704 qui
2435 5649 2618 5689 servus
2648 5645 2749 5702 est,
2775 5650 2960 5689 servus
2991 5651 3094 5690 non
3124 5635 3231 5688 sit?
3256 5631 3477 5698 Quando
3505 5641 3724 5700 propter

2134 5729 2300 5784 Deum
2350 5742 2527 5783 omnia
2569 5727 2786 5796 fecerit,
2821 5728 3034 5802 quando
3077 5742 3180 5782 non
3220 5723 3468 5782 simulate
3509 5724 3682 5793 θευτῑι
3707 5767 3724 5796 ,
