4086 6214
436 242 441 247 ι
468 214 566 274 157

465 343 578 381 των
597 324 896 396 ἐλευθέρων
912 338 939 367 ι
964 325 1392 397 ἐλευθερώτερος
1407 321 1498 397 ἦν.
1519 326 1601 398 Τῇ
1625 327 1880 400 δεσποίνῃ
1901 327 2030 396 γοῦν

464 410 565 463 οὐκ
595 406 758 476 εἶξεν,
797 410 877 472 εἰς
918 408 1065 479 άπερ
1105 409 1369 479 ἠθέλησεν
1397 411 1430 478 ἡ
1480 409 1816 480 κεκτημένη.
1862 412 2031 466 Πάλιν

465 493 727 563 ἐλευθέρα
745 488 814 564 ἦν
838 491 1042 561 ἐκείνη,
1069 491 1163 544 καὶ
1196 491 1415 544 πάντων
1436 486 1505 561 ἦν
1528 491 1913 564 δουλικωτὲρα,
1943 495 2034 550 τὸν

465 578 770 648 θεράποντα
812 574 1179 628 κολακεύουσα
1213 575 1309 627 καὶ
1345 574 1758 646 παρακαλοῦσω
1792 578 1905 630 ἀλλ’
1934 579 2034 633 οὐκ

413 710 420 734 I
464 658 649 713 ἔπεισε
678 658 769 711 τὸν
813 657 1114 726 ἐλεύθερον,
1208 655 1283 727 μὴ
1309 656 1565 727 ἠθέλησε,
1616 659 1859 729 ποιῆσαι.
1921 661 2033 715 Οὐκ

412 733 417 743 ⁵
462 740 570 812 ἄρα
596 739 805 794 δουλεία
822 739 883 791 :6
904 739 1135 808 πρᾶγμα
1150 733 1240 807 ἦν,
1264 738 1379 790 ἀλλ’
1400 738 1726 811 ἐλευθερίαὴ
1750 741 2029 798 ἀνωτάτω.

461 824 529 875 Τί
555 821 662 893 γὰρ
685 820 998 891 ἐνεποδίσθη
1023 821 1160 892 πρὸς
1182 821 1382 893 ἀρετὴν
1407 822 1612 887 ἐκεῖνος
1641 824 1751 877 ἀπὸ
1779 825 1878 895 τῆς
1910 827 2032 878 δου-

459 902 641 971 λείας;
691 904 1058 957 Ἀκουέτωσαν
1087 903 1263 957 δοῦλοι
1289 905 1383 959 καὶ
1409 905 1680 971 ἐλεύθεροι
1700 922 1714 938 ·
1750 907 1846 971 Τίς
1884 906 2031 960 ἐδού-

459 987 677 1052 λευσεν;
706 990 735 1039 6
755 986 1089 1058 ἀξιούμενος.
1119 988 1152 1058 ἦ
1197 989 1232 1059 ἡ
1263 988 1516 1055 ἀξιοῦσας
1549 992 1582 1059 ἡ
1616 989 2028 1061 παρακαλοῦσα,

459 1068 610 1141 [165]
639 1070 671 1139 ἢ
705 1073 734 1124 ό
781 1069 1133 1141 καταφρονῶν
1174 1071 1556 1142 ἰκετευούσηςς
1592 1072 1703 1125 Καὶ
1733 1071 1843 1145 γάρ
1891 1072 2029 1126 εἰσὶν

456 1156 570 1221 δροι
602 1154 803 1208 δούλων
833 1154 985 1224 παρά
1014 1152 1108 1208 τοῦ
1136 1153 1271 1207 Θεοῦ
1300 1153 1542 1224 κείμενοι
1560 1170 1575 1186 ·
1603 1155 1697 1208 καὶ
1736 1156 1898 1228 μέχρι
1924 1154 2026 1210 ποῦ

455 1237 536 1289 δεῖ
562 1236 851 1305 φυλάττειν
880 1237 1096 1304 αὐτοὺς,
1139 1236 1235 1290 καί
1280 1234 1439 1289 τοῦτο
1463 1237 1904 1309 νενομοθέτηται,
1934 1240 2029 1292 καὶ

456 1319 804 1391 ὑπερϐαίνειν
860 1319 1059 1383 αὐτοὺς
1120 1320 1179 1372 οὐ
1214 1320 1344 1391 χρή.
1407 1320 1578 1373 Ὅταν
1634 1320 1743 1392 7&9
1790 1321 1954 1391 μηδὲν
2000 1324 2029 1377 ό

454 1404 718 1475 δεσπότης
750 1406 1012 1476 ἐπιτάττῃ
1040 1405 1150 1458 τῶν
1184 1405 1258 1475 μὴ
1288 1405 1585 1460 δοκούντων
1617 1405 1694 1476 τῷ
1725 1405 1865 1478 Θεῷ,
1896 1406 2027 1461 ἐπε·

457 1485 581 1541 σθαι
613 1488 695 1540 δεῖ
720 1488 814 1540 καὶ
845 1486 1157 1541 πείθεσθαιο
1193 1486 1503 1559 περαιτέρω
1533 1487 1590 1541 δέ
1630 1488 1858 1558 μηκέτι·
1886 1488 2028 1543 οὕτω

454 1570 565 1639 7&9
609 1572 637 1623 6
675 1568 858 1633 δοῦλος
901 1569 1183 1640 ἐλεύθερος
1224 1569 1452 1638 γίνεται.
1500 1571 1596 1624 Ἂν
1623 1570 1681 1623 δέ
1720 1572 2027 1644 περαιτέρω

455 1652 672 1723 προϊῃς,
705 1650 804 1705 κᾶν
830 1650 1113 1722 ἐλεύθερος
1145 1646 1232 1723 ᾗς,
1264 1651 1450 1720 ἐγένου
1473 1651 1675 1716 δοῦλος.
1697 1653 1868 1707 Τοῦτο
1897 1654 2026 1722 γοῦν

453 1735 748 1787 αἰνίττεται
785 1734 989 1802 λέγων’
1017 1733 1114 1801 Μὴ
1153 1733 1392 1804 γίνεσθε
1436 1733 1647 1789 δοῦλοι
1678 1735 2021 1802 ἀνθρώπων.

454 1818 516 1870 Εἰ
549 1817 606 1869 δὲ
634 1816 708 1887 μὴ
733 1814 909 1879 τοῦτο,
940 1814 1053 1869 ἀλλ’
1081 1817 1334 1870 ἐκέλευσε
1370 1817 1799 1887 καταλιμπάνειν
1828 1816 2024 1875 6231:6-

449 1916 567 1962 :a;,
609 1899 707 1973 καί
732 1898 1048 1969 ἐλευθέρους
1080 1898 1404 1968 φιλονεικεῖν
1446 1898 1710 1968 γίνεσθαι,
1743 1899 1858 1964 πῶς
1886 1918 2024 1973 παρ-

449 1983 566 2054 ῄνει
616 1982 826 2049 λέγων·
874 1981 1174 2047 Ἕκαστος
1222 1982 1293 2035 ἐν
1339 1982 1527 2047 τούτῳ
1568 1981 1816 2050 μενέτω,
1867 1983 1938 2036 ἐν
1977 1983 2024 2048 ᾧ

448 2067 675 2134 ἐκλήθη
691 2080 710 2128 ;
736 2065 832 2119 καὶ
860 2063 1116 2136 ἀλλαχοῦ,
1152 2066 1315 2119 Ὅσοι
1342 2066 1503 2117 εἰσὶν
1540 2065 1655 2118 ὑπὸ
1680 2064 1856 2136 ζυγὸν
1881 2066 2019 2120 δοῦ-

448 2152 568 2213 λοι,
606 2147 749 2214 τοὺς
794 2147 984 2214 ἰδίους
1014 2147 1316 2212 δεσπότας
1361 2146 1563 2214 πάσης
1594 2146 1768 2217 τιμῆς
1809 2149 2022 2216 ἀξίους

448 2233 849 2302 ἡγείσθωσαν,
879 2230 977 2285 καί
994 2230 1080 2301 μὴ
1104 2234 1669 2299 καταφρονείτωσαν
1688 2235 1742 2285 οἱ
1767 2233 2022 2300 πιστοὺς

447 2316 693 2385 ἔχοντες
721 2316 1040 2381 δεσπότας,
1068 2313 1157 2367 ὅτι
1179 2313 1431 2383 ἀδελφοί
1451 2317 1609 2368 εἰσιν
1636 2318 1689 2369 υἱ
1717 2315 1822 2386 τῆς
1854 2320 2019 2385 εὐερ-

447 2399 656 2467 γεσίας
703 2398 1311 2466 ἀντιλαμϐανόμενου
1360 2396 1473 2450 Καὶ
1513 2397 1780 2467 Ἐφεσίοις
1822 2398 1877 2452 δὲ
1927 2400 2021 2452 καὶ

448 2481 856 2537 Κολασσαεῦσιν
889 2480 1237 2543 ἐπιστέλλων,
1272 2478 1338 2533 τά
1369 2479 1508 2533 αὐτά
1541 2480 1881 2535 διατάττεται
1928 2483 2020 2537 καὶ

448 2567 751 2637 νομοθετεῖ.
802 2564 965 2619 Ὅθεν
996 2563 1173 2633 δῆλον,
1201 2564 1284 2616 δτι
1326 2564 1386 2617 οὐ
1424 2562 1627 2635 ταύτην
1668 2567 1883 2636 ἀναιρεῖ
1919 2567 2020 2637 τὴν

447 2651 711 2715 δουλείαν,
742 2648 880 2703 ἀλλά
909 2649 1007 2719 τὴν
1039 2648 1145 2701 ἀπὸ
1181 2650 1280 2718 τῆς
1328 2648 1526 2711 κακίας
1579 2648 1673 2701 καὶ
1715 2648 2020 2720 ἐλευθέροις

447 2732 758 2802 γινομένην,
786 2731 931 2802 ἥπερ
959 2729 1075 2783 ἐστὶ
1103 2729 1480 2800 χαλεπωτάτη,
1503 2729 1607 2784 κᾶν
1632 2730 1912 2802 ἐλεύθερός
1936 2750 2019 2797 τις

447 2814 524 2868 ὣν
577 2814 715 2885 αὐτῇ
756 2812 1002 2884 δουλεύῃ.
1053 2813 1119 2864 Τί
1157 2812 1267 2881 7&9
1297 2812 1581 2865 ἀπώναντο
1605 2815 1652 2866 οἰ
1682 2814 1777 2867 τοῦ
1823 2814 2017 2886 Ἰωσὴφ

446 2897 664 2965 ἀδελφοὶ
692 2894 964 2966 ἐλεύθεροι
987 2894 1135 2957 ὄντες
1158 2911 1172 2958 ;
1205 2895 1323 2966 οὐχὶ
1354 2894 1569 2949 πάντων
1597 2892 1736 2966 ἦσαν
1759 2898 1866 2951 τῶν
1893 2898 2013 2950 δούο

447 2981 553 3034 λων
581 2977 978 3049 δουλικώτεροι,
1021 2978 1117 3032 καὶ
1156 2977 1293 3049 πρὸς
1314 2977 1407 3032 τὸν
1446 2977 1652 3048 πατέρα
1679 2979 2013 3051 ψευδόμενοι,

448 3064 542 3118 καὶ
575 3062 711 3134 πρὸς
755 3061 879 3124 τοὺς
922 3060 1197 3133 ἐμπόρους
1242 3060 1311 3115 τά
1350 3061 1426 3131 μὴ
1459 3061 1587 3116 ὄντα
1618 3061 1885 3131 λέγοντες,
1923 3065 2017 3118 καὶ

449 3147 586 3218 πρὸς
626 3146 717 3199 τὸν
746 3143 1011 3213 ἀδελφόν;
1075 3143 1214 3196 Ἀλλ’
1246 3144 1343 3196 οὐκ
1375 3144 1403 3196 6
1441 3143 1722 3217 ἐλεύθερος
1754 3148 2015 3213 τοιοῦτος,

452 3229 590 3283 ἀλλά
621 3225 899 3297 πανταχοῦ
935 3226 1031 3281 καὶ
1073 3227 1131 3279 ἐν
1172 3228 1337 3279 πᾶσιν
1363 3226 1598 3297 ἀληθήςο
1632 3228 1726 3282 καὶ
1747 3229 1897 3282 οὐδὲν
1923 3231 2019 3283 αὐ-

401 3328 408 3337 ’
446 3314 537 3368 τὸν
580 3309 950 3367 δουλώσασθαι
988 3309 1247 3381 ἠδυνήθη.
1280 3310 1341 3362 οὐ
1363 3309 1579 3380 δεσμὸς,
1614 3312 1675 3365 οὐ
1696 3313 1926 3377 δουλεία,
1955 3316 2016 3369 οὐ

446 3396 735 3465 δεσποίνης
765 3394 926 3466 ἔρως,
954 3394 1015 3448 οὐ
1048 3393 1108 3446 :6
1129 3395 1186 3446 ἐν
1215 3393 1471 3466 ἀλλοτρίᾳ
1491 3388 1656 3448 εἶναι’
1686 3395 1801 3450 ἀλλ’
1827 3397 2019 3468 ἔμενεν

447 3477 728 3549 ἐλεύθερος
755 3475 1051 3548 πανταχοῦ.
1081 3474 1248 3528 Τοῦτο
1278 3476 1387 3548 γὰρ
1430 3476 1667 3546 μάλιστά
1687 3479 1834 3532 ἐστιν
1868 3480 2019 3534 ὲλευ-

447 3562 623 3635 θερία,
651 3562 780 3616 ὅταν
808 3560 903 3614 καὶ
927 3561 985 3613 ἐν
1013 3557 1227 3631 δουλείᾳ
1257 3558 1554 3631 διαλάμπῃ.

517 3713 579 3762 ε’.
597 3705 849 3760 Τοιοῦτον
867 3707 895 3759 6
920 3703 1365 3776 Χριστιανισμό,·
1388 3702 1446 3755 ἐν
1474 3701 1682 3774 δουλείᾳ
1708 3701 2016 3774 ἐλευθερίαν

340 3858 345 3862 ν
446 3790 730 3863 χαρίζεται
754 3792 802 3843 1³.
833 3789 942 3843 Καὶ
986 3788 1236 3858 καθάπερ
1264 3787 1324 3840 :6
1372 3785 1530 3855 φύσει
1560 3786 1800 3859 ἄτρωτον
1834 3787 2013 3857 σῶμα,

445 3876 567 3928 τότε
596 3873 865 3927 δείκνυται
895 3873 1154 3944 άτρωτον,
1187 3872 1315 3924 ὅταν
1345 3869 1635 3940 δεξάμενον
1670 3869 1821 3939 βέλος
1850 3870 2016 3940 μηδὲν

447 3959 596 4031 πάθῃ
643 3956 848 4012 δεινόν’
888 3954 1031 4009 οῦτω
1073 3955 1165 4007 καὶ
1210 3954 1240 4006 ό
1291 3952 1536 4024 ἀκριϐῶς
1584 3952 1865 4023 ἐλεύθερος
1895 3954 2016 4007 τότε

446 4041 721 4112 φαίνεται,
748 4042 875 4093 ὅταν
907 4038 1000 4092 καὶ
1023 4037 1288 4100 δεσπότας
1321 4034 1458 4106 ἔχων
1506 4036 1580 4107 μὴ
1609 4034 1872 4106 δουλωθῇ.
1916 4035 2018 4088 Διά

342 4127 355 4135 ’
444 4124 607 4177 τοῦτο
649 4122 859 4177 κελεύει
890 4120 1073 4175 δοῦλον
1102 4120 1305 4191 μένειν.
1334 4120 1397 4173 Εἰ
1426 4118 1469 4172 δ’
1495 4118 1556 4172 06
1584 4117 1804 4172 δυνατὸν
1833 4116 2018 4173 δοῦλον

445 4209 573 4263 ὄντα
609 4203 749 4261 εἶναι
799 4200 1142 4278 Χριστιανὸν,
1198 4199 1308 4258 οἷον
1353 4202 1479 4274 χρὴ,
1537 4202 1739 4274 πολλὴν
1778 4202 1880 4274 τῆς
1928 4202 2017 4256 εὐ-

446 4292 660 4355 σεϐείας
704 4291 986 4346 ἀσθένειαν
1034 4287 1429 4360 κατηγοροῦσιν
1475 4287 1771 4360 Ἔλληνες’
1807 4287 2014 4357 ὥσπερ,

445 4379 512 4431 ἂν
539 4375 803 4447 μάθωσιν,
832 4376 911 4429 6::
932 4375 1030 4446 τὴν
1053 4373 1335 4426 εὐσέϐειαν
1359 4371 1509 4425 οὐδὲν
1530 4370 1756 4442 βλάπτει
1780 4370 2012 4436 δουλεία,

445 4459 814 4529 θαυμάσονται
856 4459 917 4511 :6
968 4458 1252 4528 κήρυγμα.
1284 4456 1346 4509 Et
1379 4455 1486 4527 7&9
1517 4454 1743 4517 θάνατος
1772 4455 1918 4524 ἡμᾶς
1952 4454 2013 4507 οὐ

446 4541 672 4610 βλάπτει
704 4540 823 4590 οὑδέ
872 4540 1131 4610 μάστιγες
1177 4537 1299 4591 οὐδὲ
1342 4537 1537 4607 δεσμά,
1593 4535 1775 4604 πολλῷ
1812 4535 2014 4605 μᾶλλον

441 4620 673 4684 δουλεία,
716 4619 827 4691 πῦρ
867 4620 960 4672 καὶ
994 4620 1211 4689 σίδηρος
1242 4619 1336 4671 καὶ
1362 4617 1674 4689 τυραννίδες
1703 4618 1893 4686 μυρίαι
1919 4621 2013 4674 καὶ

444 4708 585 4762 νόσοι
606 4707 700 4760 καί
720 4704 901 4758 πενίαι
919 4704 1013 4756 καὶ
1030 4700 1212 4774 θηρία,
1238 4702 1332 4754 καὶ
1360 4700 1529 4771 μυρία
1542 4699 1748 4753 τούτων
1772 4700 2014 4770 χαλεπώο

442 4808 600 4862 τερα,
625 4791 724 4845 οὐκ
748 4786 988 4859 ἔϐλαψαν
1011 4787 1138 4850 τοὺς
1165 4785 1408 4848 πιστοὺς,
1433 4783 1566 4836 ἀλλά
1593 4784 1687 4836 καὶ
1717 4784 2015 4839 δυνατωτέ-

446 4891 572 4948 ρους
610 4874 891 4944 ἐποίησαν.
922 4872 1032 4925 Καὶ
1069 4869 1184 4934 πῶς
1215 4867 1429 4923 δουλεία
1458 4866 1659 4939 βλάψαι
1684 4867 2008 4939 δυνήσεται,

442 4957 640 5028 φησίν;
674 4956 785 5026 Οὐχ
811 4958 950 5025 αῦτη
981 4954 1257 5025 βλάπτειὴ
1283 4952 1518 5017 δουλεία,
1538 4951 1807 5020 ἀγαπητέ,
1833 4951 1948 5004 ἀλλ’
1977 4955 2009 5025 ἡ

441 5040 603 5110 φύσει
623 5038 835 5091 δουλεία
858 5040 891 5108 ἡ
919 5038 1018 5104 τῆς
1042 5039 1336 5110 ἁμαρτίας.
1365 5036 1482 5092 Κᾶν
1505 5034 1706 5105 ταύτην
1737 5034 1810 5106 μὴ
1826 5030 1891 5110 ᾗς
1916 5035 2014 5106 τὴν

439 5122 684 5178 δουλείαν
698 5119 903 5183 δοῦλος,
926 5119 1118 5191 θάρρει
1139 5121 1233 5172 καὶ
1252 5121 1544 5191 εὐφραίνου
1560 5136 1574 5150 ο
1595 5118 1769 5181 οὐδείς
1788 5134 1847 5172 σε
1864 5117 2014 5172 οὐδὲν

440 5205 698 5276 ἀδικῆσαι
742 5203 1053 5273 δυνήσεται,
1109 5201 1407 5256 ἀδούλωτον
1437 5203 1628 5273 ἔχοντα
1660 5201 1721 5256 :6
1760 5198 1916 5272 ἦθος*
1947 5204 2013 5257 ἂν

440 5292 498 5345 δέ
539 5289 743 5357 ταύτης
789 5283 857 5361 ᾖς
896 5284 1103 5348 δοῦλος,
1142 5283 1248 5338 κᾶν
1286 5288 1546 5355 μυριάκις
1601 5286 1883 5358 ἐλεύθερος
1923 5283 2008 5361 ᾗς.

441 5373 592 5427 οὐδὲν
621 5372 810 5443 ὄφελός
841 5388 923 5425 σοι
947 5370 1045 5440 τῆς
1069 5366 1398 5439 ἐλευθερίας.
1423 5367 1489 5419 Τί
1518 5366 1626 5437 γὰρ
1653 5368 1864 5438 δφελος,
1892 5370 2014 5422 εἰπέ

450 5473 562 5526 μοι,
606 5456 733 5511 ὅταν
776 5453 1050 5525 ἀνθρώπῳ
1096 5452 1194 5524 μὲν
1229 5451 1302 5522 μὴ
1342 5449 1620 5523 δουλεύῃς,
1670 5454 1782 5515 τοῖς
1818 5452 1874 5506 δὲ
1908 5454 2012 5505 πά-

510 5675 540 5705 ι
572 5674 849 5737 ᾘλευθέρων
867 5673 1230 5737 όεεειὶιιίἶεεη
1246 5674 1678 5737 ροεεείηυεὶιιαεεο
1703 5686 1851 5724 sensu
1873 5672 2013 5719 omit-

454 5735 509 5785 ιι.
588 5733 617 5775 1⁵
639 5733 899 5801 Legebalur
921 5733 1207 5799 χαρίζεσθαι,
1228 5733 1272 5786 έι
1304 5733 1702 5797 ηιοπ,ίεῡτρωτον.

1134 215 1191 270 S.
1224 215 1508 271 JOANNIS
1542 215 1860 273 CHRYSOS
1875 216 2020 274 f0!“

2121 216 2383 279 RCHIEP.
2426 216 2976 277 CONSTANTINOP.

3610 224 3714 282 158

2137 328 2254 382 θεσι
2283 329 2506 383 σεαυτὸν
2549 328 3017 400 ὑποκατακλίνῃς;
3062 328 3127 382 οι
3170 327 3269 399 μὲν
3300 325 3409 397 γὰρ
3436 326 3715 399 ἄνθρωποι

2137 411 2231 464 καὶ
2274 412 2564 483 φείσασθαι
2615 412 2936 466 ἐπίστανται
2972 411 3254 476 πολλάκις,
3303 413 3500 464 ἐκείνοι
3552 412 3608 465 δέ
3659 417 3710 468 οἰ

2136 490 2285 565 [166]
2328 495 2581 548 δεσπόται
2624 494 2881 548 οὐδέποτε
2928 493 3276 564 κορέννυνταί
3324 510 3421 547 σου
3463 495 3562 565 τῆς
3602 497 3722 548 ἀπε

2132 574 2345 640 ωλείας.
2379 576 2660 640 Δουλεύεις
2701 575 3009 647 ἀνθρώπως
3051 575 3213 629 Ἀλλά
3254 577 3348 630 καὶ
3374 578 3404 629 6
3430 578 3713 648 Δεσπότης

2133 672 2215 709 σοι
2242 657 2520 724 δουλεύει,
2565 657 2935 727 διοικούμενός
2978 675 3062 711 σοι
3097 660 3167 711 τά
3196 659 3296 729 τῆς
3339 659 3566 729 τροφῆς,
3588 660 3713 713 ἐπι-

2134 738 2460 810 μελούμενός
2488 757 2582 794 σου
2616 742 2715 811 τῆς
2753 740 2963 808 ὑγιείας
2993 741 3085 794 καὶ
3117 740 3431 811 ἐνδυμάτων
3462 742 3558 797 καλ⁵
3576 743 3712 795 ὑπο-

2128 820 2191 891 δή
2201 822 2408 891 μάτων,
2459 824 2553 878 καὶ
2586 824 2695 878 τῶν
2726 822 2902 878 ἄλλων
2937 823 3194 878 ἁπάντων
3231 823 3551 895 φροντίζων.
3595 826 3711 879 Καὶ

2128 905 2225 977 οὐχ
2249 905 2395 962 οὑτω
2419 909 2483 961 σὺ
2515 907 2778 971 δέδοικας,
2812 906 2886 977 μὴ
2914 906 3297 980 προσκρούσῃς
3333 906 3412 978 τῷ
3435 908 3709 981 Δεσπότῃ,

2128 986 2204 1050 ώς
2236 988 2440 1052 ἐκεῖνος
2462 989 2666 1042 δέδοικε
2690 991 2763 1060 μή
2794 990 2848 1041 τί
2873 1005 2954 1043 σοι
2982 987 3090 1043 τῶν
3112 989 3425 1056 ἀναγκαίων
3453 989 3707 1062 ἐπιλίπῃ.

2142 1071 2283 1124 Ἀλλ’
2325 1072 2533 1136 ἐκεῖνος
2574 1072 2917 1136 κατάκειται,
2969 1074 3032 1126 σύ
3069 1072 3129 1127 δὲ
3174 1071 3434 1143 ἕστηκας.
3489 1074 3599 1127 Καὶ
3649 1074 3708 1127 τί

2126 1151 2312 1218 τοῦτο;
2356 1154 2477 1208 οὐδὲ
2514 1155 2622 1226 γάρ
2658 1154 2816 1208 τοῦτο
2855 1156 2986 1226 παρ’
3031 1154 3181 1225 αὐτῷ
3213 1155 3394 1225 μόνον,
3431 1153 3568 1208 ἀλλά
3605 1155 3706 1209 καὶ

2128 1236 2279 1308 παρά
2339 1236 2442 1290 σοί.
2500 1236 2768 1301 Πολλάκις
2832 1235 2964 1307 γοῦν
3012 1236 3108 1290 σοῦ
3149 1236 3547 1307 κατακειμένου
3607 1238 3706 1291 καὶ

2129 1317 2422 1382 ὑπνοῦντας
2462 1317 2662 1389 ἡδέως,
2709 1320 2915 1383 ἐκεῖνος
2946 1319 3044 1389 οὐγ
3097 1317 3297 1389 ἐστηκε
3349 1319 3530 1389 μόνον,
3564 1319 3705 1373 ἀλλά

2127 1402 2221 1455 καὶ
2278 1402 2480 1473 μυρίας
2533 1401 2792 1471 ὑπομένει
2849 1402 2971 1472 βίας
3023 1403 3117 1456 ἐπί⁹
3161 1401 3265 1473 τῆς
3322 1402 3549 1472 ἀγορᾶς,
3603 1403 3703 1456 καὶ

2125 1484 2393 1556 ἀγρυπνεί
2415 1483 2511 1538 σοῦ
2537 1484 2935 1556 χαλεπώτερον.
2970 1484 3036 1538 Τί
3067 1484 3196 1554 γοῦν
3220 1502 3235 1551 ;
3262 1484 3502 1539 τοιοῦτον
3526 1485 3703 1540 ἔπαθε

2126 1567 2279 1637 παρά
2301 1568 2406 1637 τῆς
2435 1567 2720 1636 δεσποίνης
2745 1568 2775 1621 6
2801 1566 3024 1638 Ἰωσὴφ,
3050 1560 3162 1621 οἷον
3187 1567 3339 1638 παρά
3377 1568 3479 1637 τῆς
3508 1567 3695 1621 ἐπιθυο

2128 1652 2259 1721 μίας
2288 1652 2501 1722 ἐκείνης
2535 1645 2702 1714 Οῦτος
2746 1650 2846 1720 μὲν
2877 1651 3008 1719 7&9,
3058 1649 3095 1704 ά
3126 1650 3381 1717 ἐπιτάξαι
3429 1650 3698 1722 ⁴ἠθέλησεν

2124 1733 2328 1802 ἐκείνη,
2348 1734 2448 1787 οὐκ
2471 1733 2745 1804 ἐποίησεν·
2763 1733 2945 1801 ἐκείνη
2963 1732 3041 1798 δέ,
3064 1731 3101 1787 ἃ
3115 1732 3424 1804 ἐπέταξενὴ
3441 1733 3701 1788 δέσποινα

2124 1815 2311 1885 αὐτῆς,
2345 1817 2378 1886 ἡ
2403 1816 2660 1885 ἀσέλγεια
2682 1814 2847 1884 λέγω,
2884 1815 3062 1868 πάντα
3082 1814 3285 1888 ἔπραξε
3306 1832 3320 1847 ⁸
3354 1817 3448 1870 καὶ
3480 1815 3542 1870 οὐ
3566 1816 3705 1888 πρό-

2124 1916 2279 1971 τερον
2303 1899 2537 1969 ἀπέστη,
2559 1898 2663 1963 ἕως
2687 1897 2752 1953 ἂν
2774 1897 2941 1968 αὐτὴν
2967 1895 3322 1969 κατῄσχυνεν.
3346 1899 3505 1963 Ποῖος
3523 1900 3703 1954 ταῦτα

2123 1982 2398 2036 ἐπιτάττει
2428 1982 2695 2052 δεσπότης
2713 1994 2736 2047 ;‘
2771 1983 2920 2045 ποῖος
2949 1980 3212 2049 τύραννος
3240 1981 3418 2052 ώμός;
3459 1982 3697 2053 Δεήθητε

2125 2082 2218 2119 σου
2263 2065 2358 2119 τοῦ
2405 2065 2615 2129 δούλου,
2658 2065 2843 2135 φησὶν,
2878 2063 3152 2116 ἱκέτευσον
3187 2063 3278 2116 τὸν
3329 2063 3699 2135 αἰχμάλωτον,

2122 2147 2449 2202 κολάκευσον
2492 2147 2583 2202 τὸν
2628 2145 3016 2216 ἀργυρώνητον
3038 2161 3052 2177 ο
3085 2144 3187 2200 κᾶν
3209 2145 3499 2217 διαπτύσῃ.
3532 2146 3699 2200 πάλιν

2122 2230 2422 2301 ἐπίμεινον,
2467 2228 2570 2283 κᾶν
2621 2228 2882 2290 πολλάκις
2928 2228 3091 2299 εἴπῃς
3131 2228 3227 2281 καλ⁵
3254 2228 3332 2299 μὴ
3372 2229 3700 2299 ἀνάσχηται,

2123 2314 2281 2383 ἐπιτή
2293 2329 2454 2384 ρησον
2505 2312 2763 2383 ἐρημίαν,
2799 2310 2895 2363 καὶ
2925 2310 3108 2379 βίασαι
3132 2308 3229 2362 καὶ
3266 2310 3426 2379 γενοῦ
3455 2313 3698 2380 καταγέ-

2120 2396 2334 2458 λαστος.
2358 2396 2424 2449 Τί
2454 2395 2795 2465 ἀτιμότερον,
2820 2393 2873 2446 τί
2896 2393 2952 2448 δὲ
2975 2392 3180 2446 τούτων
3208 2394 3564 2467 αἰσχρότερον
3582 2397 3701 2450 τῶν

2122 2478 2418 2549 ρημάτων;
2476 2478 2575 2538 Ἂν
2618 2476 2677 2531 δὲ
2726 2476 2891 2547 μηδὲν
2921 2475 3057 2547 μηδὲ
3106 2475 3281 2540 οὕτως
3332 2475 3555 2549 ἀνύσῃς,
3599 2480 3699 2532 καὶ

2121 2560 2523 2633 συκοφάντησον
2552 2559 2647 2614 καὶ
2690 2558 2974 2630 ἀπάτησον
3011 2557 3104 2612 τὸν
3135 2557 3510 2613 συνοικοῦντα.
3547 2559 3695 2631 Ὅρα

2120 2642 2238 2706 πῶς
2283 2641 2632 2713 ἀνελεύθερα,
2674 2639 2792 2703 πῶς
2823 2639 3026 2711 αἰσχρά
3053 2640 3123 2693 τά
3153 2640 3524 2710 ἐπιτάγματα.
3575 2641 3694 2706 πῶς

2118 2725 2416 2795 ἀπηνῆκαί
2447 2724 2575 2795 ώμά
2614 2724 2707 2778 καὶ
2739 2723 2961 2794 μανικά.
2994 2721 3057 2775 Τί
3099 2722 3338 2776 τοιοῦτον
3362 2724 3638 2778 ἐπιτάττει
3663 2728 3696 2780 6

2118 2807 2403 2880 δεσπότης,
2432 2802 2522 2861 οἷα
2551 2802 2812 2871 ἐπέταξεν
2842 2807 2876 2875 ἡ
2902 2805 3163 2874 ἀσέλγεια
3189 2807 3254 2877 τῇ
3279 2804 3567 2880 βασιλίσσῃ
3591 2824 3693 2877 γυ-

2118 2892 2263 2945 ναικὶ
2287 2891 2407 2944 τότε
2432 2890 2650 2961 ἐκείνῃ;
2679 2888 2795 2944 ἀλλ’
2815 2890 2963 2960 ὅμως
2990 2888 3092 2942 οὐκ
3112 2888 3382 2960 ἐτόλμησε
3411 2893 3695 2962 παρακοῦ-

2120 2990 2230 3030 σαι.
2275 2973 2333 3027 Ὀ
2355 2972 2411 3027 δὲ
2453 2973 2649 3044 Ἰωσὴφ
2676 2971 2827 3026 οὐδὲν
2853 2970 3092 3024 τοιοῦτον
3119 2971 3432 3041 ὑπέμεινεν,
3461 2971 3597 3026 ἀλλά
3624 2973 3697 3027 τά.

2117 3055 2333 3111 ἐναντία
2365 3057 2562 3119 πάντα,
2594 3054 2630 3109 ἀ
2658 3055 2816 3119 δόξαν
2844 3054 3010 3125 ἔφερε
3039 3053 3132 3107 καὶ
3152 3054 3340 3124 τιμήν.
3368 3052 3554 3109 Βούλει
3596 3056 3698 3109 καὶ

2118 3137 2301 3210 ἕτερον
2324 3138 2490 3209 ἄνδρα
2519 3139 2646 3190 ἰδεῖν
2669 3136 2773 3190 ὑπὸ
2795 3136 3084 3206 δεσποίνης
3105 3134 3347 3207 χαλεπῆς
3373 3137 3543 3191 πολλὰ
3572 3140 3697 3192 ἐπι-

2116 3218 2374 3288 ταγέντα,
2398 3220 2494 3273 καὶ
2527 3219 2678 3273 οὐδὲν
2707 3219 3053 3291 τολμήσαντα
3084 3218 3462 3289 παρακοῦσαι;

2201 3309 2480 3382 Ἐννόησον
2505 3311 2595 3364 τὸν
2654 3310 2815 3376 Κάῖν,
2846 3310 2948 3363 ὃσα
2984 3310 3090 3363 ὑπὸ
3141 3309 3240 3379 τῆς
3272 3310 3566 3380 βασκανίας
3595 3314 3697 3367 ἐπ-

2117 3395 2311 3464 ετάγη.
2374 3394 2667 3461 Ἐπέταξεν
2702 3394 2886 3465 ἐκείνη
2924 3393 3122 3463 σφάξαι
3153 3395 3245 3447 τὸν
3279 3394 3529 3463 ἀδελφὸν,
3560 3396 3696 3467 4'56-

2118 3477 2313 3530 σασθαι
2327 3476 2419 3529 τὸν
2440 3476 2593 3538 Θεὸν,
2615 3475 2856 3547 λυπῆσαι
2872 3475 2964 3530 τὸν
2982 3472 3216 3549 πατέρα,
3240 3477 3693 3549 ἀναισχυντῆσαι,

2118 3561 2210 3613 καὶ
2245 3560 2422 3614 πάντα
2466 3558 2711 3628 ἐποίησε,
2763 3559 2856 3611 καὶ
2887 3558 3054 3611 οὐδὲν
3105 3560 3445 3629 παρήκουσε.
3492 3561 3601 3614 Καὶ
3640 3560 3695 3614 τί

2118 3642 2439 3715 θαυμάζεις,
2469 3644 2517 3695 εἰ
2544 3643 2627 3710 ἐφ’
2678 3641 2796 3704 ἐνὸς
2831 3638 3101 3710 τοσαύτην
3137 3640 3254 3711 ἔχει
3289 3642 3441 3714 ἰσχὺν
3488 3643 3628 3715 αὕτη
3659 3648 3691 3715 ἡ

2117 3726 2400 3791 δέσποινα;
2469 3724 2827 3795 Ὀλοκλήρους
2860 3723 3121 3787 πολλάκις
3163 3724 3367 3796 δήμους
3416 3726 3688 3783 ἀπώλεσε.

2118 3812 2160 3862 Τ
2163 3811 2254 3873 οὺς
2294 3807 2426 3877 γοῦν
2481 3809 2768 3869 Ἰουδαίους
2802 3808 2858 3861 at
2892 3810 3150 3876 γυναῖκες
3192 3806 3298 3861 τῶν
3336 3807 3689 3879 Μαδιηναίων

2117 3892 2428 3964 δεδεμένους
2447 3892 2630 3961 σχεδὸν
2652 3889 3030 3962 αἰχμαλώτους
3048 3890 3254 3946 ἔλαϐον,
3275 3892 3340 3962 τῇ
3362 3892 3461 3963 τῆς
3479 3893 3689 3958 οἰκείας

2118 3976 2421 4047 εὐμορφίας
2455 3973 2718 4045 ἐπιθυμίᾳ
2755 3973 2980 4038 τούτους
3010 3972 3411 4044 χειρωσάμεναι
3452 3973 3688 4040 πάντας.
3788 3974 3795 3979 ’

2119 4058 2333 4130 Ταύτην
2385 4057 2564 4111 τοίνυν
2616 4057 2714 4128 τὴν
2766 4055 3012 4110 δουλείαν
3065 4056 3343 4110 ἐκϐάλλων
3379 4057 3408 4110 6
3456 4057 3691 4124 Παῦλος,

2118 4142 2300 4212 ἐλεγεο
2349 4141 2444 4208 Μὴ
2478 4140 2717 4211 γίνεσθε
2765 4138 2975 4195 δοῦλοι
3023 4137 3351 4208 ἀνθρώπων
3374 4154 3389 4171 '
3421 4140 3690 4205 τουτέστι,

2118 4224 2210 4296 Μὴ
2256 4224 2505 4279 πείθεσθε
2546 4221 2857 4294 ἀνθρώποις
2899 4220 3078 4275 ἄτοπα
3123 4223 3523 4283 ἐπιτάττουσιν,
3553 4223 3690 4277 ἀλλά

2120 4307 2256 4377 μηδὲ
2303 4308 2536 4370 ἑαυτοῖς.
2582 4299 2715 4358 Εἶτα
2761 4301 3071 4373 ἀνενεγκὼν
3130 4303 3228 4374 τὴν
3282 4303 3540 4368 διάνοιαν,
3576 4306 3693 4363 ,καὶ

2118 4392 2350 4462 ποιήσας
2398 4388 2628 4460 ὑψηλὴν,
2692 4389 2860 4459 φησί·
2912 4386 3053 4457 Περί
3102 4385 3172 4440 δὲ
3219 4386 3339 4440 τῶν
3384 4387 3695 4456 παρθένων

2114 4473 2408 4542 ἐπιταγὴν
2454 4472 2672 4539 Κιιρίου
2717 4473 2831 4526 οὐκ
2877 4469 3029 4540 ἔχω’
3068 4469 3310 4541 γνώμην
3342 4469 3412 4524 δὲ
3463 4470 3692 4542 δίδωμι,

2114 4557 2192 4623 ὡς
2248 4555 2582 4625 ἠλεημένος
2629 4554 2751 4609 ὑπὸ
2798 4554 3022 4623 Κυρίου
3070 4554 3289 4619 πιστὸς
3337 4553 3511 4611 εἶναι.
3558 4555 3695 4626 ὐδῷ

2115 4641 2211 4695 καὶ
2244 4640 2394 4706 τάξει
2425 4638 2731 4710 προϐαίνων
2763 4639 2856 4691 καὶ
2885 4636 2980 4708 τῆς
3032 4634 3330 4708 παρθενίας
3360 4637 3694 4708 μνημονεύει

2113 4723 2319 4776 λοιπόν.
2381 4720 2599 4792 Ἐπειδὴ
2625 4720 2734 4791 γάρ
2778 4723 2889 4784 τοῖς
2932 4721 3061 4790 περὶ
3124 4719 3452 4791 ἐγκρατείας
3494 4721 3694 4783 αὐτοὺς

2114 4806 2448 4876 ἐνεγύμνασέ
2497 4820 2557 4858 τε
2598 4804 2693 4858 καὶ
2724 4801 3025 4875 ἐρρύθμισε
3075 4801 3274 4871 λόγοις,
3319 4802 3565 4857 ἐκϐαίνει
3597 4804 3693 4857 καὶ

2116 4889 2249 4959 πρὸς
2278 4881 2339 4942 :6
2371 4887 2574 4961 μεῖζον,
2623 4884 2949 4956 Ἐπιτιιγὴν
2988 4886 3100 4938 οὐκ
3142 4884 3280 4954 ἔχω,
3317 4884 3513 4952 λέγων,
3552 4886 3690 4941 άλλά

2113 4974 2318 5045 νομίζω
2350 4973 2513 5029 καλὸν
2553 4970 2714 5026 εἶναι.
2740 4971 2839 5024 Διά
2887 4970 2971 5035 τί;
3011 4967 3112 5022 Διά
3140 4969 3240 5037 τὴν
3283 4967 3451 5041 αὐτὴν
3480 4970 3686 5039 αἰτίαν,

2115 5057 2181 5129 ἣν
2212 5057 2343 5128 περὶ
2372 5060 2472 5127 τῆς
2503 5054 2831 5128 ἐγκρατείας
2859 5052 3096 5106 τέθεικε.
3136 5050 3383 5106 Δέδεσαι
3415 5056 3658 5123 γυναικί
3668 5072 3689 5120 ;

2108 5141 2194 5213 μὴ
2222 5140 2374 5206 ζήτει
2396 5142 2601 5196 λύσιν.
2629 5138 2898 5196 Λέλυσαι
2929 5137 3050 5192 ἀπὸ
3073 5138 3392 5207 γυναικός;
3415 5136 3503 5207 μὴ
3533 5137 3689 5209 ζήτει

2113 5225 2389 5296 γυναῖκα.
2423 5222 2609 5278 Ταῦτα
2651 5224 2752 5277 οὑκ
2795 5222 3210 5291 ἐναντιουμένου
3254 5220 3372 5274 ἐστὶ
3401 5224 3513 5286 τοῖς
3549 5241 3688 5294 προσ

2112 5310 2314 5382 τέροις,
2344 5306 2478 5360 ἀλλά
2515 5306 2609 5359 καὶ
2637 5305 2841 5377 σφόδρα
2876 5304 3214 5377 συνᾴδοντος.
3247 5302 3403 5377 [16η
3437 5304 3549 5359 Καὶ
3576 5307 3690 5375 7&9

2113 5394 2208 5447 καὶ
2247 5391 2361 5443 ἐκεῖ
2402 5405 2587 5459 φησιν·
2622 5390 2691 5441 Εἰ
2727 5387 2811 5456 μή
2844 5405 2897 5441 τι
2937 5387 3015 5441 ἂν
3057 5386 3126 5440 ἐκ
3173 5389 3538 5455 συμφώνου·
3594 5390 3689 5443 καὶ

2113 5472 2348 5528 ἐνταῦθα
2386 5472 2569 5535 πάλιν,
2598 5470 2844 5525 Δέδεσαι
2875 5471 3117 5540 γυναικί
3137 5485 3155 5533 ;
3191 5467 3274 5537 μὴ
3294 5466 3450 5534 ζήτει
3475 5469 3684 5527 λύσιν.

2114 5555 2284 5612 Τοῦτο
2319 5555 2373 5608 δὲ
2399 5555 2498 5609 οὐκ
2541 5554 2688 5609 ἐστιν
2726 5554 2966 5608 ἐναντίον
2986 5571 2999 5584 ’
3029 5554 3091 5608 :6
3118 5553 3226 5622 γάρ
3264 5550 3411 5623 παρά
3433 5552 3683 5625 γνώμην,

2113 5639 2264 5700 λύσις
2308 5638 2486 5691 ἐστίν·
2533 5640 2580 5690 εἰ
2611 5637 2667 5690 δέ
2698 5636 2838 5691 κατά
2875 5637 3103 5709 γνώμην
3151 5633 3451 5706 ἀμφότεροι
3484 5636 3687 5710 ἐγκρα-

2116 5723 2376 5787 τεύοιντο,
2415 5722 2514 5776 οὐκ
2550 5721 2663 5776 ἐστι
2689 5721 2862 5787 λύσις.
