4086 6214
317 271 416 328 157

313 380 520 458 quando
547 394 655 435 non
683 376 749 433 ad
779 376 993 434 oculum
1021 373 1266 430 servierit
1293 392 1304 425 2
1335 372 1436 427 hoc
1463 381 1546 428 est
1585 369 1889 425 hominibus

311 474 514 532 servire
535 514 551 537 ,
585 479 640 526 et
681 483 802 524 esse
838 468 1086 524 liberum.
1119 465 1184 520 Et
1219 461 1487 535 quomodo
1515 477 1726 518 rursum
1757 459 1894 514 liber

311 581 429 622 cum
453 563 527 620 sit
554 561 842 633 quispiam,
871 573 1061 614 servus
1087 557 1354 613 efﬁcitur?
1383 553 1606 624 Quando
1631 551 1768 623 apud
1799 551 1896 606 ho-

313 658 484 712 mines
511 653 713 709 malum
744 651 860 705 obit
886 649 1239 704 ministerium
1259 689 1275 713 ,
1308 657 1401 701 aut
1437 655 1657 717 prepter
1679 643 1892 714 gulam,

311 755 397 803 aut
428 753 651 816 propter
676 741 1020 812 pecuniarum
1049 738 1415 809 cupiditatem,
1447 747 1538 790 aut
1563 744 1780 806 propter
1802 749 1893 803 po-

316 841 551 896 tentiam.
576 836 708 891 Nam
732 834 823 905 qui
853 833 970 887 talis
995 832 1228 897 est,‘etsi
1260 831 1414 894 liber,
1449 831 1619 884 servis
1648 827 1900 882 omnibus

315 933 599 990 demissior
622 937 722 984 est.
760 928 884 982 “me
910 926 1065 981 ambo
1091 924 1373 983 considera
1407 944 1419 979 :
1448 938 1636 978 servus
1662 931 1774 977 erat
1803 921 1895 976 Jo-

235 1064 241 1068 -
316 1025 466 1095 seph,
490 1022 585 1079 sed
616 1037 722 1077 non
752 1019 1025 1074 hominum
1052 1032 1242 1073 servus
1271 1035 1286 1072 :
1315 1015 1539 1084 ideoque
1566 1016 1616 1068 in
1645 1014 1900 1069 servitute

317 1119 608 1174 liberorum
633 1114 874 1170 omnium
909 1111 1210 1166 liberrimus
1237 1118 1371 1165 erat.
1403 1109 1556 1164 Hera:
1587 1109 1762 1179 itaque
1793 1123 1900 1162 non

316 1208 500 1270 cessit,
529 1207 596 1260 ad
621 1205 929 1275 cupidinem
960 1217 1107 1257 suam
1136 1201 1393 1256 famulum
1420 1201 1734 1269 impellenti.
1763 1199 1902 1254 Rur-

315 1315 432 1356 sum
464 1300 551 1352 illa
585 1297 748 1353 libera
785 1306 938 1361 erat,
979 1294 1071 1351 sed
1113 1296 1286 1350 servis
1314 1294 1561 1350 omnibus
1596 1294 1898 1361 demissior,

316 1406 438 1462 qum
485 1389 680 1444 famulo
725 1388 1041 1444 adulabatur
1082 1388 1362 1458 ipsumque
1407 1387 1762 1457 provocabat;
1807 1387 1903 1442 sed

316 1483 487 1538 libero
523 1496 631 1536 non
671 1481 938 1551 persuasit
964 1489 1017 1534 ut
1059 1480 1108 1534 id
1144 1478 1343 1534 faceret
1377 1477 1520 1549 quod
1560 1479 1744 1534 nollet.
1787 1478 1901 1533 Non

318 1590 446 1645 ergo
485 1575 716 1630 servitus
757 1573 846 1628 illa
880 1582 1028 1636 erat,
1061 1571 1157 1628 sed
1193 1586 1440 1642 suprema
1485 1572 1703 1626 libertas
1735 1587 1748 1624 :
1779 1570 1903 1642 quid

318 1669 460 1723 enim
494 1668 566 1722 illi
596 1668 660 1720 ad
690 1667 940 1721 virtutem
971 1663 1353 1734 impedimento
1383 1663 1482 1719 fuit
1510 1664 1776 1718 servitus?
1797 1665 1902 1718 Au-

320 1762 468 1816 diant
506 1760 645 1814 servi
671 1769 727 1813 et
769 1758 922 1813 liberi
953 1774 965 1809 :
994 1757 1113 1827 quis
1143 1755 1396 1823 servivit,
1428 1756 1516 1826 qui
1553 1764 1769 1827 rogatus
1797 1763 1901 1822 est,

318 1868 385 1907 an
412 1867 535 1923 quae
567 1851 816 1921 rogavit?
842 1865 959 1920 quae
988 1850 1340 1919 supplicavit,
1370 1863 1438 1904 an
1467 1850 1556 1919 qui
1599 1848 1905 1918 supplican-

320 1953 425 1999 tem
447 1943 728 2012 despexit?
747 1941 882 1998 Sunt
903 1943 1044 1997 enim
1070 1941 1279 1995 termini
1309 1941 1480 1996 servis
1507 1958 1536 1994 a
1569 1942 1677 1996 Deo
1705 1940 1861 2011 positi
1887 1958 1900 1994 :

319 2048 373 2092 et
399 2050 678 2107 quousque
703 2051 799 2091 eos
838 2035 1051 2090 modum
1082 2050 1296 2089 servare
1325 2043 1607 2104 oporteat,
1649 2043 1905 2088 statutum

319 2136 403 2182 est
432 2128 485 2181 in
517 2127 743 2196 legibus,
772 2140 907 2197 quas
937 2125 1279 2196 pra'tergredi
1303 2141 1409 2180 non
1441 2126 1583 2180 licet.
1608 2124 1739 2181 Cum
1762 2126 1905 2181 enim

320 2217 488 2274 herus
515 2218 644 2274 nihil
679 2219 917 2289 praecipit
943 2218 1084 2288 quod
1118 2218 1227 2272 Deo
1251 2217 1561 2288 displiceat,
1598 2227 1723 2273 tunc
1747 2218 1906 2273 obse-

318 2311 412 2381 qui
443 2319 499 2365 et
527 2325 718 2380 parere
756 2311 833 2364 illi
875 2320 1125 2379 oportet;
1162 2310 1384 2365 ulterius
1419 2321 1596 2365 autem
1640 2312 1859 2366 minime
1890 2327 1904 2364 :

319 2403 400 2458 sic
441 2401 584 2457 enim
629 2417 814 2457 servus
861 2401 995 2456 liber
1036 2401 1280 2456 efficitur.
1322 2402 1379 2457 Si
1431 2403 1566 2457 ultra
1614 2402 1905 2472 procedas.

320 2494 530 2552 etiamsi
559 2492 694 2548 liber
736 2493 836 2557 sis,
867 2505 1054 2546 servus
1079 2489 1298 2546 eflectus
1326 2506 1404 2546 es.
1438 2492 1549 2547 Hoc
1578 2493 1755 2563 itaque
1781 2494 1909 2549 sub-

322 2588 526 2644 indicat
551 2602 672 2640 cum
700 2585 830 2638 dicit
863 2605 877 2638 :
913 2582 1086 2637 Nolite
1111 2583 1225 2652 ﬁeri
1254 2583 1384 2637 servi
1423 2583 1704 2639 hominum.
1733 2583 1787 2639 Si
1818 2599 1912 2638 an-

323 2689 428 2734 tem
461 2692 568 2732 non
601 2677 669 2729 ita
699 2675 800 2741 sit,
827 2683 880 2728 et
907 2674 949 2728 si
980 2673 1139 2742 jussit
1165 2673 1325 2729 heros
1356 2674 1659 2744 relinquere
1679 2717 1693 2738 ,
1727 2683 1780 2729 et
1817 2691 1912 2744 pro

320 2767 658 2840 assequenda
693 2766 936 2821 libertate
973 2765 1322 2830 contendere,
1351 2765 1619 2834 quomodo
1659 2766 1908 2821 hortaba-

324 2871 409 2914 tur
434 2859 622 2913 dicens
646 2875 660 2910 :
689 2855 1040 2926 Unusquisque
1067 2856 1118 2909 in
1147 2858 1242 2910 Itoc
1263 2865 1486 2924 maneat,
1509 2858 1562 2910 in
1583 2873 1681 2927 quo
1708 2866 1914 2912 vocatus

323 2962 394 3004 est
415 2951 442 3003 ?
470 2959 525 3004 et
553 2947 679 3002 alibi
713 2965 727 2978 ·
763 2945 1073 3016 Quicumque
1105 2957 1220 3001 sunt
1245 2946 1335 3001 sub
1355 2949 1485 3018 jugo
1512 2949 1661 3014 serui,
1684 2949 1914 3003 dominos

323 3059 446 3096 suos
478 3042 618 3094 omni
639 3040 829 3093 honore
854 3039 1032 3110 dignos
1052 3052 1305 3107 censeant,
1331 3049 1378 3094 et
1406 3058 1506 3095 non
1527 3042 1806 3111 despiciant
1830 3045 1916 3113 qui

325 3133 503 3204 ﬁdeles
528 3134 712 3186 habent
741 3131 993 3195 dominos,
1021 3135 1141 3201 quia
1167 3133 1348 3200 fratres
1377 3144 1492 3188 sunt
1515 3135 1600 3201 qui
1623 3133 1917 3203 beneﬁcium

323 3234 700 3295 msequuntur
724 3225 800 3295 (Ι.
830 3223 967 3278 Tim.
991 3224 1048 3280 6.
1077 3225 1126 3278 ί.
1149 3225 1244 3295 2)?
1272 3225 1336 3279 Et
1364 3225 1610 3296 Ephesiis
1634 3235 1794 3298 atque
1817 3227 1919 3283 Co-

328 3317 667 3375 lossensibus
705 3318 948 3373 scribens
989 3317 1176 3372 eadem
1221 3319 1332 3387 ipsa
1380 3319 1620 3389 prmcipit
1648 3330 1700 3374 et
1735 3321 1921 3374 statuit

329 3410 551 3482 (Epiros.
585 3411 638 3464 6.
666 3410 721 3464 5.
749 3425 923 3479 seqq;
952 3409 1062 3464 Col.
1093 3409 1144 3465 ὅ.
1172 3407 1290 3476 ‘22).
1318 3409 1471 3466 Unde
1501 3410 1672 3480 palam
1707 3420 1788 3465 est
1807 3453 1822 3476 ,
1855 3411 1919 3465 il-

331 3503 442 3558 lum
487 3503 626 3556 banc
665 3501 976 3557 servitutem
1022 3515 1127 3556 non
1163 3501 1378 3568 tollere,
1408 3501 1502 3556 sed
1529 3517 1647 3556 eam
1674 3517 1794 3572 qua:
1826 3518 1921 3572 per

337 3595 461 3649 vitia
482 3594 644 3649 etiam
677 3593 873 3648 liberos
901 3592 1123 3655 invadit,
1152 3607 1270 3660 qua:
1292 3601 1372 3646 est
1396 3593 1733 3662 gravissima,
1759 3593 1920 3647 etiam

333 3687 378 3741 si
405 3686 529 3756 quis
558 3685 693 3740 liber
719 3683 818 3753 ipsi
843 3684 1057 3738 serviat.
1083 3682 1218 3750 Quid
1243 3684 1384 3738 enim
1415 3683 1599 3738 lurrati
1627 3693 1748 3738 sunt
1772 3683 1924 3739 ἔθεε*

336 3775 425 3845 phi
459 3777 680 3840 fratres,
713 3774 866 3830 liberi
895 3790 1014 3830 cum
1046 3774 1263 3829 essent?
1293 3789 1468 3829 annon
1497 3783 1649 3830 erant
1677 3776 1924 3830 omnibus

335 3869 510 3923 servis
549 3866 885 3931 serviliorcs,
920 3866 1007 3935 qui
1047 3867 1186 3936 apud
1224 3875 1426 3936 patrem
1458 3869 1841 3935 mentirentur,
1871 3877 1925 3923 et

335 3959 730 4016 mercatoribus
757 3957 887 4012 falsa
910 3967 1210 4021 narrarent,
1240 3969 1295 4012 ut
1320 3960 1478 4013 etiam
1512 3959 1698 4014 fratri?
1725 3961 1795 4015 At
1819 3976 1924 4014 non

337 4054 464 4108 talis
490 4063 605 4106 erat
635 4051 769 4106 liber
795 4051 904 4114 ille,
934 4050 1028 4105 sed
1061 4051 1254 4122 ubique
1279 4061 1332 4106 et
1361 4052 1411 4106 in
1444 4053 1694 4106 onmibus
1723 4068 1880 4108 verax
1909 4070 1924 4106 :

336 4145 588 4214 nihilque
607 4143 752 4198 illum
781 4144 833 4198 in
864 4145 1172 4200 servitutem
1201 4145 1442 4214 redigere
1464 4144 1656 4215 potuit,
1683 4161 1790 4200 non
1814 4146 1930 4200 vin-

336 4235 488 4301 cuia,
522 4249 628 4288 non
658 4235 767 4304 ipsa
797 4235 1047 4296 servitus,
1083 4249 1186 4289 non
1209 4234 1353 4288 bene
1381 4249 1550 4300 amor,
1583 4249 1687 4291 non
1711 4235 1850 4306 quod
1877 4236 1930 4292 in

338 4328 514 4381 aliena
540 4335 681 4381 terra
709 4335 852 4380 esset
875 4345 890 4380 :
913 4325 1007 4381 sed
1033 4325 1226 4396 ubique
1249 4326 1381 4380 liber
1406 4327 1618 4380 mansit.
1651 4326 1764 4382 lloc
1786 4328 1930 4383 enim

339 4421 579 4476 maxime
622 4417 847 4474 libertas
881 4427 962 4473 est
981 4461 997 4486 ,
1027 4418 1242 4489 quando
1266 4434 1328 4473 ea
1358 4423 1409 4472 tu
1439 4419 1696 4475 servitute
1720 4437 1933 4493 quoque

343 4513 533 4583 fulget.

415 4606 472 4660 5.
504 4603 657 4659 Talis
684 4617 771 4657 res
797 4610 880 4657 est
905 4601 1342 4656 Cbristiauismus
1371 4619 1384 4656 :
1414 4603 1465 4658 in
1490 4605 1749 4662 servitute
1776 4607 1939 4662 liber-

345 4706 509 4751 tatem
541 4695 817 4764 elargitur.
847 4694 924 4748 Ac
957 4692 1097 4747 sicut
1125 4707 1322 4762 corpus
1356 4733 1372 4756 .
1418 4699 1563 4769 qttod
1615 4712 1680 4750 ex
1736 4706 1930 4752 natura

357 4787 431 4841 sit
461 4785 818 4848 vulnerabile,
864 4793 992 4839 tunc
1030 4783 1421 4839 invulnerabile
1451 4786 1780 4853 ostenditur,
1815 4803 1934 4842 cum

344 4887 573 4942 eset-pio
598 4874 707 4926 telo
734 4874 1036 4945 nibilgrave
1061 4876 1265 4945 patitur
1295 4893 1307 4928 :
1329 4877 1406 4930 sic
1426 4877 1659 4948 quivere
1688 4879 1933 4947 liberest,

347 4974 476 5018 tunc
507 4965 633 5019 talis
665 4974 920 5034 apparet,
950 4965 1164 5035 quando
1190 4968 1350 5021 etiam
1381 4983 1500 5022 cum
1542 4968 1700 5024 heros
1740 4970 1897 5026 habet
1920 5012 1934 5036 ,

345 5067 456 5107 non
484 5059 538 5107 tu
569 5056 882 5110 servitutem
930 5057 1207 5126 redigitur.
1250 5057 1376 5113 Ideo
1401 5060 1553 5128 jubet
1581 5077 1790 5116 servum
1823 5079 1937 5117 ma-

343 5161 500 5202 nere.
532 5147 586 5203 Si
615 5159 792 5204 autem
821 5149 934 5204 lleri
961 5165 1064 5204 non
1094 5159 1273 5221 potest
1293 5161 1368 5215 ut,
1398 5167 1519 5208 cum
1546 5154 1615 5208 sit
1639 5169 1843 5223 servus,
1871 5157 1941 5212 sit

342 5238 691 5294 Christianus
711 5241 923 5311 qualem
944 5257 1064 5298 esse
1083 5253 1316 5314 oportet,
1342 5259 1546 5315 magna:
1566 5244 1941 5304 imbecillitatis

343 5331 494 5400 piam
534 5331 847 5400 religionem
883 5334 1209 5388 accusabunt
1247 5333 1456 5402 Grmci;
1495 5336 1633 5406 quod
1664 5337 1708 5391 si
1737 5338 1943 5395 discant

342 5424 494 5479 illam
525 5424 720 5480 nihil'a
751 5427 1008 5481 servitute
1038 5426 1179 5491 lmdi,
1209 5428 1638 5496 prmdicationetn
1669 5430 1941 5485 mirabun-

343 5525 458 5571 tur.
490 5513 628 5571 Nam
660 5517 703 5570 si
735 5533 908 5586 neque
944 5534 1090 5574 mors
1129 5520 1283 5574 nobis
1326 5530 1482 5576 nocet
1527 5537 1698 5593 neque
1735 5524 1940 5595 ﬂagella

345 5622 528 5677 neque
566 5608 804 5677 vincula,
840 5611 1009 5666 multo
1037 5613 1213 5667 minus
1249 5614 1499 5682 servitus,
1533 5615 1686 5686 ignis,
1721 5615 1938 5682 ferrum,

347 5701 498 5757 mille
526 5702 866 5773 tyrannides,
888 5703 1084 5771 morbi,
1114 5716 1416 5775 paupertas,
1443 5707 1586 5773 ferre,
1613 5717 1665 5762 et
1689 5718 1939 5765 sexcenta

1334 254 1399 315 ΙΝ
1437 255 1655 314 Εριετ.
1696 253 1716 309 l
1781 253 1871 308 AD
1909 249 2066 308 COR.
2110 253 2336 311 llOMlL.
2380 256 2522 312 XIX.

3479 275 3582 330 153

1998 367 2082 421 his
2119 371 2359 437 graviora
2401 371 2584 429 ﬁdeles
2622 387 2726 428 non
2770 375 3060 448 laeserunt,
3105 381 3214 438 imo
3258 390 3585 452 potentiores

2001 459 2261 517 fecerunt.
2303 463 2367 518 Et
2397 467 2664 534 quomodo
2696 469 2924 524 servitus
2963 488 3156 530 nocere
3196 478 3426 544 poterit?
3468 479 3584 536 Non

2002 554 2113 624 ipsa
2172 559 2403 612 servitus
2457 568 2634 624 nocet,
2663 559 2876 628 dilecte,
2921 563 3014 619 sed
3069 570 3268 635 peccati
3322 573 3576 640 servitus,

2000 664 2120 718 quae
2148 664 2272 704 vere
2299 649 2418 704 talis
2445 659 2546 705 est.
2595 651 2651 707 Si
2693 653 2829 709 hanc
2873 671 2977 710 non
3018 659 3212 715 subeas
3249 665 3583 730 servitutem,

2001 738 2212 795 ciuilide
2247 748 2301 794 et
2342 740 2561 807 luctare;
2605 743 2781 798 nullus
2813 746 2903 799 tibi
2935 763 3127 802 nocere
3159 754 3385 820 poterit,
3417 757 3589 825 utqui

2005 846 2182 884 mores
2208 830 2404 886 habeas
2428 833 2495 887 ab
2517 834 2660 886 omni
2691 837 2954 892 servitute
2981 838 3178 896 libi'ros
3204 860 3216 894 :
3241 845 3282 895 si
3311 860 3439 898 vero
3466 862 3589 912 pec-

2004 922 2106 975 cati
2132 935 2318 976 servus
2345 922 2452 987 sis,
2484 924 2642 977 etiam
2672 925 2714 978 si
2743 927 2932 981 millies
2962 928 3098 983 liber
3127 934 3306 999 fueris,
3335 935 3464 988 nihil
3493 937 3588 990 tibi

2006 1012 2223 1068 libertas
2269 1013 2357 1066 illa
2403 1013 2638 1082 prodest.
2682 1016 2811 1084 Quae
2854 1020 2996 1073 enim
3030 1022 3259 1088 utilitas,
3295 1042 3512 1092 quarso,
3543 1029 3588 1082 si

2007 1103 2207 1156 homini
2238 1104 2448 1171 quidem
2482 1121 2586 1160 non
2613 1107 2833 1170 servias,
2859 1110 2951 1164 sed
2980 1112 3140 1165 animi
3175 1115 3372 1169 morbis
3395 1126 3445 1172 te
3471 1117 3592 1172 sub-

2003 1193 2196 1262 jicias?
2219 1194 2472 1252 Homines
2499 1197 2694 1267 quippe
2719 1214 2860 1269 Stepe
2891 1216 3106 1270 parcere
3133 1205 3328 1270 sciunt,
3361 1207 3433 1262 illi
3464 1224 3590 1264 vero

2006 1285 2205 1340 domini
2235 1303 2522 1358 numquam
2551 1299 2634 1343 tua
2663 1292 2898 1358 pernicie
2925 1293 3204 1348 satiantur.
3232 1296 3439 1352 llomini
3471 1313 3592 1354 ser-

2010 1378 2130 1431 vis?
2158 1379 2262 1434 Sed
2297 1380 2458 1434 herus
2483 1396 2696 1452 quoque
2719 1382 2810 1436 tibi
2838 1385 3022 1450 servit,
3045 1386 3132 1456 qui
3158 1388 3473 1444 alimentum
3498 1392 3591 1446 tibi

2009 1471 2296 1536 ministrat,
2332 1471 2685 1527 valetudinem
2719 1482 2860 1528 tuam
2889 1485 3061 1536 curat.
3085 1488 3281 1546 vestes,
3308 1481 3516 1536 calceos
3539 1493 3595 1536 et

2008 1563 2109 1617 alia
2138 1565 2315 1618 omnia
2357 1565 2680 1634 suppeditat.
2707 1565 2890 1635 Neque
2922 1567 2992 1622 ita
3021 1579 3074 1622 tu
3108 1568 3282 1638 times,
3315 1583 3366 1626 ul
3396 1589 3462 1628 ne
3489 1573 3589 1626 do-

2009 1655 2211 1710 minum
2239 1656 2497 1724 oflendas,
2526 1668 2583 1712 ut
2614 1659 2702 1714 ille
2726 1670 2898 1724 curat,
2931 1677 2996 1717 ne
3021 1663 3145 1732 quid
3179 1665 3268 1718 tibi
3301 1682 3366 1720 ex
3399 1682 3614 1730 neces-_

2009 1747 2168 1802 sariis
2209 1748 2367 1803 desit.
2409 1751 2478 1803 At
2519 1749 2608 1804 ille
2642 1752 2937 1817 accumbit,
2971 1764 3023 1807 tu
3055 1770 3182 1810 vero
3209 1766 3339 1813 stas.
3373 1759 3435 1812 Et
3464 1761 3591 1830 quid

2011 1837 2153 1894 hoc?
2183 1855 2354 1909 neque
2380 1841 2521 1894 enim
2562 1841 2614 1895 id
2645 1841 2784 1911 apud
2826 1844 2972 1897 illum
3018 1856 3219 1901 tantum
3255 1849 3591 1918 observatur,

2010 1929 2106 1985 sed
2145 1932 2304 1984 etiam
2335 1931 2475 2001 apud
2519 1941 2589 1988 te.
2633 1933 2786 2002 Saepe
2819 1949 3046 2010 namque
3084 1948 3133 1992 te
3167 1941 3514 1996 recumbente
3542 1953 3596 1997 et

2011 2023 2248 2078 suaviter
2291 2022 2590 2079 dormiente
2613 2066 2629 2091 ,
2673 2025 2760 2080 ille
2793 2041 2900 2080 non
2941 2027 3100 2081 modo
3129 2036 3267 2093 stat,
3304 2029 3397 2085 sed
3433 2033 3593 2087 etiam

2013 2115 2158 2169 mille
2197 2116 2370 2187 poenis
2407 2115 2636 2171 aflicitur
2676 2116 2727 2171 in
2769 2118 2882 2172 foro
2907 2161 2919 2184 ,
2958 2129 3012 2174 et
3048 2120 3323 2177 molestius
3351 2139 3507 2194 quam
3542 2135 3597 2181 tu

2013 2208 2217 2279 vigilat.
2251 2208 2385 2277 Quid
2425 2225 2552 2281 ergo
2576 2253 2589 2274 ,
2623 2220 2901 2269 tanumne
2943 2229 3130 2284 passus
3170 2227 3251 2271 est
3292 2215 3490 2287 Joseplt
3529 2221 3598 2273 ab

2013 2297 2176 2364 hera,
2210 2310 2465 2369 quantum
2511 2301 2599 2354 illa
2640 2318 2667 2354 a
2706 2303 3132 2372 concupiscentia
3163 2305 3297 2359 sua?
3330 2306 3424 2361 llic
3451 2308 3595 2363 enim

2015 2405 2136 2461 qute
2163 2390 2250 2444 illa
2271 2390 2461 2459 jubere
2488 2391 2671 2459 voluit,
2699 2409 2803 2447 non
2833 2392 2956 2449 fecit
2980 2413 2994 2448 :
3020 2395 3106 2449 illa
3131 2411 3258 2452 vero
3277 2383 3396 2468 qua:
3420 2401 3596 2455 domi-

2018 2497 2084 2536 na
2129 2482 2244 2551 ejus
2290 2483 2454 2538 libido
2498 2485 2809 2554 imperavit,
2839 2486 3016 2540 omnia
3055 2486 3218 2553 fecit;
3252 2477 3424 2560 neque
3453 2491 3600 2560 prius

2017 2573 2240 2640 destitit,
2269 2573 2439 2628 donec
2465 2591 2582 2629 eam
2609 2574 2872 2631 dedecore
2901 2576 3097 2633 affecit.
3125 2579 3305 2645 Qualis
3335 2583 3494 2638 herus
3522 2593 3600 2636 ta-

2017 2665 2085 2721 lia
2113 2667 2378 2735 imperat?
2405 2667 2582 2736 qualis
2612 2669 2857 2723 immanis
2885 2659 3183 2740 tyrannus?
3209 2672 3375 2744 Roga,
3409 2676 3596 2746 inquit,

2018 2772 2230 2811 servum
2272 2765 2460 2824 tuum,
2498 2758 2720 2814 adulare
2773 2761 3036 2829 emptitio,
3066 2762 3300 2832 supplica
3343 2769 3597 2835 captivo:

2019 2849 2226 2904 etiamsi
2254 2853 2534 2920 respuerit,
2568 2867 2752 2906 rursus
2780 2852 2915 2907 insta
2941 2871 2954 2920 ;
2988 2854 3194 2910 etiamsi
3223 2858 3419 2926 smpius
3448 2859 3602 2917 dixe-

2020 2941 2094 2997 ris
2119 2951 2173 2996 et
2204 2944 2288 2994 ille
2316 2958 2419 2996 non
2448 2959 2701 2999 assensus
2735 2945 2928 3013 fuerit,
2959 2947 3180 3002 observa
3220 2950 3601 3022 Solitudinem,

2021 3041 2075 3089 et
2104 3034 2210 3088 vim
2242 3033 2400 3089 facito
2429 3045 2484 3089 ει
2513 3044 2562 3090 ιε
2592 3038 2700 3091 risu
2730 3037 2942 3108 dignam
2977 3039 3173 3107 praebe.
3207 3040 3342 3110 Quid
3374 3043 3602 3113 ignomi—

2023 3123 2256 3190 niosius,
2286 3124 2412 3195 qttid
2455 3127 2660 3197 turpius
2692 3126 2840 3182 hisce
2879 3128 3097 3184 verbis?
3137 3129 3192 3185 Si
3233 3143 3410 3188 autem
3441 3149 3506 3188 ne
3535 3136 3604 3188 ita

2023 3215 2236 3287 quidem
2263 3216 2462 3286 aliquid
2493 3217 2800 3287 perfeceris,
2826 3219 2971 3274 illum
2996 3222 3319 3278 calumniare
3343 3237 3396 3280 ct
3421 3226 3608 3296 decipe

2023 3309 2322 3378 conjugem.
2353 3308 2488 3365 Vide
2512 3325 2671 3382 quam
2697 3311 2996 3378 illiberalia,
3021 3329 3177 3384 quam
3207 3317 3376 3385 turpia
3404 3333 3607 3388 praece-

2026 3408 2114 3468 pta
2141 3401 2278 3465 sint,
2308 3417 2466 3471 quam
2503 3403 2726 3458 immitia
2751 3445 2766 3470 ,
2799 3419 2955 3475 quam
2985 3419 3130 3460 smva
3155 3450 3171 3474 ,
3203 3424 3361 3479 quam
3390 3411 3607 3469 furiosa.

2027 3490 2161 3557 Quid
2191 3500 2390 3546 tantum
2420 3497 2734 3566 prmceperit
2765 3495 2926 3552 herus
2949 3499 3143 3568 quivis,
3168 3512 3420 3571 quantum
3451 3504 3608 3562 lasci-

2026 3587 2112 3638 via
2143 3592 2267 3638 tunc
2295 3586 2547 3654 praecepit
2583 3588 2742 3656 regiae
2777 3590 3030 3644 mulieri"
3057 3601 3108 3646 ει
3142 3603 3316 3648 tamen
3348 3611 3451 3651 non
3484 3612 3611 3652 ausa

2028 3684 2112 3730 est
2154 3691 2257 3728 non
2299 3676 2538 3748 obsequi.
2569 3677 2766 3749 Joseplt
2809 3697 2938 3736 vero
2972 3684 3100 3738 nihil
3132 3686 3233 3740 tale
3260 3701 3447 3757 paSsus
3470 3731 3484 3752 ,
3518 3692 3612 3746 sed

2029 3771 2293 3822 contraria
2323 3773 2521 3836 omnia,
2553 3787 2672 3841 quae
2711 3773 2934 3844 gloriam
2965 3785 3019 3830 et
3049 3777 3306 3834 honorem
3337 3782 3611 3839 alferrent.

2035 3859 2125 3914 Vis
2154 3861 2313 3914 alium
2343 3862 2526 3918 videre
2556 3866 2728 3920 virum
2752 3907 2768 3928 ,
2796 3869 2882 3922 cui
2912 3883 3050 3923 smva
3082 3871 3291 3926 domina
3320 3877 3484 3931 multa
3512 3879 3611 3932 im-

2033 3952 2254 4020 peravit,
2286 3969 2386 4009 nec
2411 3970 2575 4010 ausus
2601 3966 2686 4011 est
2715 3957 2803 4013 ille
2831 3975 2938 4014 non
2965 3961 3224 4032 obsequi?

2103 4042 2320 4099 Invidiae
2356 4047 2564 4100 malum.
2596 4078 2666 4088 —
2693 4047 2918 4105 Cainum
2945 4053 3116 4122 cogita
3141 4093 3157 4120 ,
3189 4067 3382 4125 quanta
3427 4074 3618 4130 nempe

2033 4136 2102 4191 ab
2128 4137 2319 4191 invidia
2359 4139 2508 4209 jussa
2546 4143 2835 4212 acceperit.
2867 4142 2939 4200 Ut
2965 4143 3184 4201 fratrem
3213 4148 3484 4206 occideret
3515 4151 3617 4207 im-

2037 4228 2241 4297 peravit
2259 4271 2274 4292 ,
2306 4243 2361 4285 ut
2390 4231 2500 4286 Deo
2529 4234 2870 4301 mentiretur,
2899 4245 3102 4307 patrem
3133 4238 3320 4297 dolore
3345 4242 3615 4313 alliceret,

2038 4320 2374 4390 impudenter
2393 4336 2576 4392 ageret
2602 4343 2614 4378 :
2644 4335 2698 4379 et
2723 4327 2900 4382 omnia
2926 4340 3251 4400 exsequutus
3275 4342 3376 4397 est,
3401 4350 3464 4390 ac
3492 4337 3620 4392 nihil

2040 4411 2400 4482 prmtermisit.
2434 4415 2638 4486 Ecquid
2679 4419 2891 4474 miraris
2912 4460 2926 4485 ,
2955 4421 2998 4475 si
3033 4421 3146 4477 hate
3175 4421 3387 4479 domina
3422 4438 3620 4483 tantum

2039 4505 2145 4559 vim
2173 4503 2366 4561 habeat
2391 4506 2444 4562 in
2472 4524 2597 4575 uno,
2629 4525 2747 4580 quae
2775 4510 3010 4582 integros
3033 4528 3176 4589 sarpe
3203 4517 3426 4586 populos
3447 4519 3625 4588 perdi-

2041 4597 2161 4653 dit?
2186 4597 2402 4654 Judteos
2431 4610 2579 4656 certe
2615 4602 3021 4661 Madianitarum
3063 4608 3314 4664 mulieres
3341 4611 3545 4666 vinctos
3571 4621 3628 4668 et

2043 4688 2154 4743 fere
2181 4692 2422 4761 captivos
2447 4693 2784 4749 abduxerunt
2807 4737 2821 4760 ,
2848 4713 2969 4752 cum
3011 4696 3197 4755 forma:
3230 4717 3340 4756 suzc
3370 4707 3626 4774 concupi-

2041 4783 2246 4836 scentia
2284 4784 2403 4840 illos
2432 4800 2620 4848 omnes
2648 4787 2900 4842 allexere.
2935 4789 3082 4843 llanc
3113 4792 3290 4859 itaque
3316 4795 3623 4850 servitutem

2042 4873 2263 4943 ejicietts
2294 4875 2490 4932 Paulus
2510 4918 2524 4944 ,
2556 4878 2770 4933 dicebat
2800 4897 2812 4930 :
2849 4878 2930 4932 Ne
2955 4880 3064 4934 sitis
3093 4882 3220 4934 servi
3248 4883 3548 4951 hominum;
3575 4887 3627 4943 id

2043 4975 2159 5034 est,
2197 4983 2264 5022 ne
2303 4969 2667 5039 obsequamini
2715 4970 3019 5026 hominibus
3056 4973 3282 5027 absurda
3317 4976 3627 5048 imperanti-

2045 5063 2174 5128 bus;
2203 5064 2310 5119 imo
2339 5081 2404 5120 ne
2433 5066 2584 5118 vobis
2608 5067 2820 5136 quidem
2849 5068 2997 5139 ipsis.
3026 5069 3226 5125 Deinde
3252 5086 3374 5126 cum
3397 5085 3626 5128 mentem

2045 5157 2327 5220 erexisset,
2358 5157 2747 5228 sublimemque
2777 5159 3012 5228 fecisset,
3043 5162 3119 5217 ait
3150 5181 3162 5216 :
3196 5163 3284 5218 23.
3317 5165 3395 5220 De
3420 5167 3622 5235 virgini:

2047 5248 2137 5301 bus
2176 5258 2343 5302 autem
2391 5260 2699 5320 prwceptum
2746 5251 2950 5306 Domini
2988 5269 3089 5308 non
3129 5253 3284 5308 habeo
3319 5271 3338 5308 :
3366 5256 3630 5308 consilium

2047 5349 2213 5393 autem
2242 5339 2309 5394 do
2328 5381 2343 5405 ,
2374 5349 2632 5410 tamquam
2667 5343 3063 5398 misericordiam
3096 5355 3429 5414 consequutus
3457 5363 3487 5398 a
3517 5345 3628 5400 Do-

2049 5432 2208 5497 mino,
2238 5441 2291 5484 ut
2317 5431 2414 5485 sim
2438 5433 2622 5500 ﬁdelis.
2653 5433 2819 5487 Recto
2843 5433 3031 5488 ordine
3061 5433 3355 5503 procedens
3379 5434 3446 5490 de
3469 5435 3631 5507 virgi-

2050 5526 2214 5579 nitate
2237 5525 2490 5595 deinceps
2520 5525 2843 5580 mentionem
2873 5523 3020 5580 facit.
3055 5525 3339 5596 Postquam
3368 5528 3508 5582 enim
3538 5546 3633 5586 eos

2051 5615 2117 5671 de
2145 5617 2471 5672 continentia
2503 5617 2750 5686 loquutus
2776 5615 3016 5672 exercuit
3042 5625 3097 5675 ct
3127 5621 3456 5689 composuit,
3481 5621 3548 5678 ad
3581 5623 3630 5678 id

2052 5713 2194 5788 quod
2236 5714 2406 5784 majus
2451 5722 2528 5770 est
2569 5712 2866 5784 egreditur,
2912 5710 3259 5786 Prwceptunt,
3301 5713 3499 5788 inquit,
3533 5735 3631 5772 non
