4090 6216
406 245 508 303 159

1079 237 1138 296 ὃ.
1175 237 1455 296 JOANNIS
1482 234 1953 292 CHRYSOS‘I‘OMI
1994 232 2308 291 ARCIIIEP.
2348 233 2876 291 CONSTANTINOP.

3590 241 3692 297 {60

415 359 612 424 habeo;
639 355 732 413 sed
761 356 954 410 bonam
985 369 1096 410 rem
1124 368 1243 408 esse
1272 360 1420 423 puto.
1451 348 1670 418 Quare?
1699 346 1899 403 Eadem
1926 345 1997 401 de
2099 345 2238 414 quod
2265 355 2347 403 est
2387 347 2690 418 eligendum
2711 390 2728 411 ,
2770 363 2958 404 rursus
2995 348 3173 419 cogit,
3207 348 3417 405 videtur
3443 365 3549 408 non
3579 367 3691 409 suis

413 464 573 506 causa
597 489 610 510 .
636 463 786 518 quam
831 445 900 502 de
935 443 1260 502 continentia
1302 440 1498 511 posuit.
1531 439 1620 494 27.
1665 438 1918 508 Alligatus
1944 453 1996 491 es

412 541 561 596 uxori
580 541 606 595 ?
631 538 741 594 noli
764 553 990 605 querere
1022 534 1346 590 solutionem.
1389 529 1602 586 Solutus
1631 545 1680 584 es
1710 529 1772 582 ab
1801 528 1999 582 uxore?

410 633 520 686 noli
545 645 770 702 quaerere
798 643 1026 683 uxorem.
1050 624 1179 678 llaec
1209 637 1312 676 non
1341 629 1465 676 sunt
1490 621 1832 690 repugnantis
1859 619 2000 689 prio-

413 724 594 787 ribus;
619 724 727 776 imo
747 720 898 774 valde
919 719 982 772 iis
1005 715 1366 772 assentientis.
1385 714 1516 769 Nam
1541 725 1592 767 et
1617 714 1724 767 illic
1745 715 1819 768 ait
1843 733 1857 768 :
1883 711 2003 767 Nisi

412 819 544 885 forte
570 829 633 866 ea:
655 826 942 873 consensu;
971 808 1057 864 hic
1085 824 1214 863 vero
1236 806 1365 862 dicit
1394 823 1408 861 :
1439 807 1689 876 Alligatus
1726 822 1778 860 es
1815 807 1958 860 uxori
1977 807 2002 859 ?

413 906 519 960 noli
547 919 769 974 quaerere
807 902 1130 956 solutionem.
1181 899 1296 954 [ioc
1334 913 1495 968 porro
1535 897 1863 952 contrarium
1893 913 1999 952 non

409 1007 488 1049 est
515 1011 528 1048 :
554 1010 676 1049 nam
704 993 845 1064 quod
877 1002 1069 1062 pra‘ter
1095 999 1328 1046 mentem
1355 1000 1435 1045 est
1463 999 1517 1044 et
1543 990 1890 1053 voluntatem,
1919 998 2003 1043 est

409 1087 644 1152 solutio;
677 1087 720 1140 si
760 1095 940 1141 autem
969 1083 1336 1140 continuerint
1364 1097 1428 1138 ex
1461 1081 1738 1152 utriusque
1767 1096 1998 1136 consen-

412 1197 498 1244 su,
531 1196 635 1234 non
661 1189 741 1234 est
770 1177 988 1234 solutio.

478 1270 532 1327 6.
569 1269 803 1335 Deinde,
846 1284 912 1322 ne
953 1267 1058 1322 hoc
1088 1267 1332 1322 videatur
1361 1265 1446 1320 lex
1475 1279 1624 1338 esse,
1671 1264 1992 1335 subjunxit:

409 1359 497 1416 28.
531 1360 590 1415 Si
617 1371 784 1413 autent
810 1359 1062 1427 acceperis
1091 1373 1321 1423 uxorem,
1353 1372 1452 1409 non
1483 1355 1719 1425 peccasti.
1747 1354 1859 1410 Sub
1886 1355 2002 1410 hate

412 1453 757 1522 prmseutium
785 1465 1000 1504 causam
1032 1447 1220 1510 alii-rt,
1251 1447 1539 1501 instantem
1587 1445 1960 1500 necessitatem
1980 1487 1996 1510 ,

412 1556 621 1616 tempus
659 1553 991 1599 contractum
1020 1550 1075 1596 et
1115 1540 1534 1596 tribulationem.
1579 1538 1742 1594 Multa
1771 1553 2000 1608 namque

410 1635 736 1690 connubium
761 1649 945 1688 secum
975 1632 1157 1697 trahit,
1190 1647 1307 1702 qua:
1338 1640 1394 1686 et
1424 1630 1509 1684 hic
1537 1629 1912 1692 subindicavit,
1944 1639 1998 1685 et

414 1731 466 1784 in
495 1743 742 1785 sermone
771 1727 838 1782 de
857 1723 1185 1782 continentia
1213 1743 1226 1778 :
1258 1723 1368 1779 illic
1393 1723 1604 1793 quidem
1627 1723 1812 1779 dicens
1832 1765 1846 1788 ,
1875 1739 1994 1778 mu-

411 1823 592 1878 lierem
619 1835 723 1876 nou
747 1819 826 1873 sui
851 1827 1165 1890 potestatem
1185 1815 1414 1882 habere;
1443 1816 1528 1870 hic
1555 1826 1754 1882 autem,
1785 1814 1998 1871 Solutus

410 1931 483 1968 es.
519 1913 580 1968 Si
618 1923 784 1966 autem
813 1927 1021 1967 uxorem
1047 1910 1335 1978 acceperis,
1368 1924 1467 1962 non
1512 1909 1762 1976 peccasti;
1793 1922 1899 1962 non
1930 1907 1998 1962 de

408 2022 474 2062 ea
503 2006 727 2076 loquens
771 2019 892 2074 qua!
935 2003 1294 2074 virginitatem
1330 2001 1524 2070 elegit;
1559 2002 1671 2071 ipsa
1703 2001 1845 2056 enim
1885 2001 1996 2070 jam

412 2097 668 2168 peccavit.
699 2095 832 2151 Nam
859 2095 902 2149 si
931 2093 1105 2149 viduae
1135 2093 1188 2147 in
1216 2093 1420 2148 crimen
1453 2101 1730 2158 vocantur,
1759 2108 1880 2147 cum
1906 2108 1997 2148 se-

412 2189 618 2244 cundas
657 2188 871 2258 nuptias
896 2185 1301 2251 contraxerint,
1345 2184 1390 2238 si
1417 2183 1587 2238 semel
1625 2183 1886 2254 elegerint
1915 2184 1996 2237 vi-

412 2281 703 2344 duitatcm;
732 2277 902 2332 multo
928 2277 1098 2348 magis
1119 2275 1368 2346 virgines.
1403 2273 1801 2328 Tribulationem
1829 2284 2000 2328 tamen

412 2372 578 2427 carnis
603 2371 854 2426 habebunt
879 2368 1193 2439 hujusmodi.
1225 2367 1385 2439 Atqui
1427 2369 1586 2422 etiam
1628 2367 1956 2437 voluptatem
1980 2409 1996 2434 ,

413 2465 640 2535 inquies.
668 2463 775 2520 Sed
816 2462 935 2518 vide
961 2461 1232 2533 quomodo
1274 2459 1419 2515 illam
1448 2461 1702 2530 temporis
1740 2461 2000 2516 brevitate

414 2557 760 2621 contraxerit,
788 2554 1003 2610 dicens:
1032 2552 1124 2608 29.
1146 2549 1367 2622 Tempus
1396 2555 1537 2605 breve
1563 2562 1656 2606 est.
1684 2551 1740 2606 Id
1767 2561 1881 2616 est,
1907 2551 1996 2620 ju-

415 2649 604 2704 bemur
624 2645 948 2718 peregrinari
971 2653 1026 2699 et
1052 2643 1312 2698 excedere
1340 2642 1556 2697 domum
1582 2660 1596 2706 ;
1629 2651 1682 2697 tu
1708 2658 1838 2698 vero
1865 2641 2000 2697 inte-

416 2741 528 2797 rius
570 2739 761 2795 curris.
808 2738 969 2806 Atqui
1017 2735 1225 2790 etiamsi
1273 2734 1406 2788 nihil
1450 2735 1733 2789 molestum
1779 2734 2000 2789 haberet

417 2829 844 2890 matrimonium,
875 2827 941 2882 ad
982 2827 1158 2881 futura
1201 2834 1376 2880 tamen
1410 2824 1659 2880 festinare
1688 2833 1995 2894 Oporteret;

412 2938 534 2978 cum
562 2933 739 2977 autem
781 2918 1078 2985 molestiam
1119 2933 1301 2973 secum
1345 2917 1550 2982 trahat,
1581 2917 1708 2986 quid
1745 2933 1881 2987 opus
1917 2927 2001 2972 est

412 3031 552 3072 onus
571 3011 879 3069 attrahere?
900 3026 996 3067 cur
1024 3019 1222 3065 tantam
1245 3009 1521 3076 suscipere
1545 3010 1762 3072 molem,
1787 3008 2000 3078 quando

417 3118 696 3180 postquam
737 3105 1077 3175 susceperis,
1121 3103 1190 3157 ita
1221 3103 1294 3157 uti
1345 3103 1432 3156 illa
1460 3111 1674 3172 oportet
1715 3117 1778 3156 ac
1817 3101 1862 3156 si
1894 3117 1996 3155 non

416 3201 676 3257 habetest?
715 3200 914 3255 ctenim
954 3198 1026 3252 ait
1060 3219 1074 3254 :
1121 3197 1221 3264 Qui
1261 3195 1444 3250 habent
1489 3211 1702 3258 uxores,
1745 3203 2000 3266 tamquam

413 3311 516 3348 non
543 3292 779 3346 habentes
801 3291 921 3346 sint.
952 3288 1154 3344 Deinde
1175 3330 1189 3353 ,
1220 3303 1341 3342 cunt
1366 3286 1433 3342 de
1457 3285 1648 3340 futuris
1674 3283 1800 3355 quid
1832 3285 1998 3338 iutcr-

416 3384 714 3457 posuisset,
755 3395 942 3438 rursus
980 3379 1049 3436 ad
1076 3395 1318 3450 praesens
1345 3390 1552 3448 tempus
1580 3392 1887 3432 sermonem
1917 3392 2002 3432 re-

415 3477 583 3534 ducit.
615 3475 825 3532 Etenim
865 3475 968 3528 alia
995 3482 1119 3528 sunt
1147 3469 1444 3542 spiritualia
1470 3485 1487 3522 :
1537 3468 1625 3523 illa
1653 3467 1850 3538 quippe
1881 3483 2000 3537 qua:

417 3570 516 3624 viri
561 3575 716 3628 sunt.
751 3565 866 3620 hate
892 3572 1069 3618 autem
1098 3578 1218 3634 qua:
1245 3569 1371 3616 sunt
1403 3559 1494 3615 Dei
1524 3569 1713 3623 curat;
1742 3558 1842 3612 alia
1873 3573 2001 3612 vero

418 3669 542 3717 sunt
569 3657 850 3730 praesentis
873 3655 1029 3722 vitaz;
1059 3653 1186 3709 illud
1211 3667 1420 3722 nempe,
1449 3649 1538 3706 32.
1575 3648 1699 3704 Volo
1725 3660 1890 3702 autem
1917 3665 2001 3702 vos

417 3757 527 3812 sine
551 3750 888 3809 sollicitudine
911 3765 1036 3804 esse.
1069 3750 1318 3803 Attamen
1347 3745 1476 3802 illud
1501 3761 1711 3816 quoque
1739 3747 1788 3798 in
1812 3759 1999 3799 eorum

420 3853 738 3919 potestatem
783 3841 1024 3897 remittit.
1053 3837 1185 3894 Nam
1214 3838 1302 3909 qui
1347 3846 1628 3908 postquam
1670 3835 1903 3892 ostendit
1949 3834 2000 3888 id

2103 439 2267 495 fidere
2296 440 2490 495 verbis.
2520 443 2858 511 Quapropter
2877 442 3226 496 concessione
3248 443 3416 512 magis
3437 443 3584 514 ipsos
3611 446 3692 500 in.

2102 530 2252 584 duxit
2285 543 2340 586 et
2379 531 2630 598 retinuit,
2675 531 2861 586 dicens
2890 551 2905 586 :
2937 532 3025 588 55.
3078 533 3242 588 Porro
3271 535 3366 587 hoc
3394 535 3462 588 ad
3487 535 3690 591 utilita-

2103 633 2201 676 tem
2228 635 2440 678 oestram
2468 626 2581 680 dico
2599 668 2612 690 ,
2657 644 2760 681 non
2785 639 2838 680 ut
2867 627 3101 699 laqueum
3144 628 3278 683 vobis
3303 629 3530 701 injiciam
3551 672 3568 697 ,
3602 631 3700 686 sed

2103 716 2172 768 ad
2197 716 2252 769 id
2273 717 2408 785 quod
2437 717 2699 772 honestum
2725 729 2834 784 est,
2876 731 2922 774 et
2949 720 3084 784 quod
3124 721 3418 785 facultatem
3444 723 3685 787 prtcheat.

2105 806 2340 861 Audiant
2363 807 2624 878 virgines,
2653 809 2794 878 quod
2825 809 3109 879 virginitas
3133 810 3184 864 in
3227 808 3329 865 hoc
3354 826 3459 866 non
3498 813 3688 869 termi-

2105 906 2298 950 netur:
2333 911 2454 951 nam
2495 913 2616 967 qua:
2652 912 2739 952 res
2777 899 2958 952 mundi
2988 907 3172 964 curat,
3217 915 3318 955 nec
3343 901 3490 971 virgo
3532 902 3692 958 fuerit

2106 1001 2204 1042 nec
2231 985 2477 1042 honesta.
2507 986 2641 1042 Cum
2668 987 2894 1044 dixisset
2919 990 3101 1057 enim,
3125 988 3302 1045 Divisa
3329 994 3614 1048 estmulier
3641 1004 3695 1048 et

2104 1081 2264 1151 virgo,
2293 1078 2435 1136 hanc
2460 1079 2816 1136 diﬂ'erentiam
2849 1083 3059 1152 posuit,
3089 1093 3143 1139 et
3181 1100 3284 1154 qua
3313 1084 3366 1138 in
3395 1101 3454 1140 re
3481 1085 3690 1144 discre-

2105 1181 2232 1241 pent
2257 1170 2414 1226 dixit.
2437 1172 2516 1233 Ac
2541 1187 2662 1227 cum
2690 1173 3058 1229 definitionem
3085 1173 3238 1230 dedit.
3261 1175 3478 1247 virginis
3503 1186 3689 1232 etnon

2104 1265 2358 1336 virginis,
2401 1280 2506 1320 non
2536 1266 2784 1336 nuptias,
2825 1281 2934 1322 non
2967 1267 3349 1323 continentiam
3383 1268 3548 1334 dixit,
3592 1271 3697 1326 scd-

2103 1358 2482 1414 sollicitudinis
2508 1362 2832 1416 vacuitatem
2873 1372 2928 1417 et
2953 1377 3202 1434 magnam
3245 1363 3691 1422 sollicitudinem.

2101 1449 2217 1504 Non
2248 1449 2391 1504 enim
2426 1452 2599 1506 coitus
2629 1453 2800 1507 malus
2843 1464 2963 1518 est,
3004 1453 3100 1509 scd
3141 1453 3578 1524 impedimentum
3620 1459 3690 1514 ad

2102 1539 2492 1610 philosophiam
2521 1542 2743 1596 malum.
2774 1543 2862 1598 36.
2895 1542 2957 1598 Si
2979 1545 3094 1612 quis
3119 1555 3292 1601 autem
3315 1556 3512 1616 turpem
3535 1565 3590 1603 se
3613 1549 3690 1601 sic

2106 1633 2214 1686 deri
2259 1634 2512 1688 existimat
2539 1650 2694 1704 super
2721 1636 2914 1708 uirgine
2946 1653 3060 1690 sua.
3103 1637 3201 1694 Hic
3240 1638 3450 1694 videtur
3474 1640 3692 1710 quidem

2105 1725 2173 1780 de
2213 1725 2552 1780 matrimonio
2579 1725 2758 1796 loqui;
2800 1734 2970 1783 totum
2993 1734 3171 1782 autem
3216 1727 3344 1783 dicit
3369 1729 3438 1784 de
3469 1730 3690 1800 virgini-

2108 1825 2214 1872 tate
2242 1834 2255 1871 :
2288 1832 2411 1872 nam
2438 1827 2492 1872 et
2526 1817 2819 1874 secundum
2843 1818 3089 1874 concedit
3113 1820 3512 1876 matrimonium
3531 1863 3547 1889 ,
3576 1831 3694 1877 tan-

2108 1917 2218 1962 tum
2255 1907 2322 1963 In
2358 1907 2598 1964 Domino.
2639 1908 2776 1978 Quid
2804 1918 2886 1966 est
2924 1910 3092 1978 illud,
3138 1910 3205 1965 In
3249 1911 3512 1968 Domino!
3554 1913 3706 1970 Cum.

2105 2001 2385 2067 castitate,
2408 2017 2529 2056 cum
2558 2002 2858 2058 honestate.
2889 2003 3000 2058 Hac
3027 2005 3172 2059 enim
3202 2005 3399 2076 ubique
3425 2015 3686 2076 estopus.

2108 2095 2385 2164 ipsamque
2409 2095 2617 2165 insequi
2657 2105 2870 2167 oportet
2900 2113 2917 2151 :
2945 2097 3183 2168 alioquin
3210 2114 3279 2154 ne
3305 2099 3434 2155 licet
3469 2100 3688 2170 quidem

2109 2184 2276 2240 Deum
2300 2185 2502 2242 videre.
2529 2187 2586 2242 Si
2607 2196 2785 2242 autem
2809 2187 3198 2260 prmterivimus
3213 2205 3298 2254 ea,
3323 2206 3444 2260 qua:
3463 2191 3700 2247 dicenda.

2107 2286 2260 2333 erant
2277 2277 2342 2332 de
2360 2278 2680 2348 virginitate,
2702 2295 2858 2334 nemo
2881 2295 2978 2334 nos
2993 2280 3328 2352 negligentia:
3348 2281 3702 2340 condemnet-

2107 2369 2327 2425 Librum
2356 2369 2499 2425 enim
2533 2372 2796 2441 integrum
2831 2373 2882 2426 iu
2926 2387 3045 2428 eam
3074 2389 3186 2428 rem
3218 2373 3484 2429 edidimus
3511 2375 3607 2443 (α),
3639 2385 3703 2430 ct-

2106 2478 2226 2518 cum
2258 2462 2330 2517 ibi
2356 2471 2608 2518 accurate
2627 2475 2882 2533 quantum
2908 2465 3176 2536 potuimus
3200 2467 3344 2522 illam
3362 2482 3475 2524 rem
3499 2477 3690 2523 tracta.»

2106 2555 2376 2620 verimus,
2405 2570 2862 2624 supervacaneum
2903 2571 3026 2612 esse
3065 2556 3315 2614 duximus
3356 2558 3543 2613 eadem
3576 2559 3690 2628 ipsa

2107 2646 2194 2702 hic
2244 2656 2506 2717 repetere.
2558 2647 2918 2716 Quamobrem
2967 2649 3060 2706 illo
3104 2652 3436 2708 remittentes
3477 2651 3687 2708 audito-

2107 2753 2221 2792 rem
2243 2777 2258 2802 ,
2299 2739 2387 2793 hic
2417 2738 2546 2792 illud
2575 2739 2849 2806 dit-emus,
2882 2742 3267 2796 continentiam
3308 2757 3431 2800 esse
3475 2753 3686 2798 sectati.»

2106 2828 2228 2883 dam
2259 2847 2272 2882 :
2305 2843 2429 2884 nam
2455 2830 2532 2884 ait
2559 2829 2648 2884 ille
2675 2848 2689 2886 :
2723 2828 2911 2885 Pacem
2941 2833 3296 2906 psrsequimini
3323 2845 3370 2888 et
3397 2837 3690 2906 sancti/ica-

2106 2922 2292 2974 tionem
2309 2963 2323 2985 ,
2350 2921 2460 2976 sine
2484 2939 2583 2992 qua
2617 2939 2762 2976 nemo
2785 2923 2970 2978 uidebit
3003 2922 3295 2978 Dominum.
3323 2925 3392 2982 Ut
3415 2943 3542 2998 ergo
3567 2944 3700 2984 eum:

2108 3011 2291 3069 videre
2320 3013 2631 3084 dignemur;
2665 3015 2777 3070 sive
2815 3015 2867 3068 in
2912 3016 3218 3085 virginitate
3256 3016 3545 3088 degamus,
3576 3019 3690 3076 sive

2105 3108 2159 3162 in
2184 3107 2368 3177 primis
2387 3108 2498 3164 sive
2519 3109 2569 3163 in
2596 3109 2846 3166 secundis
2865 3112 3081 3180 nuptiis,
3110 3111 3250 3167 hanc
3269 3127 3680 3184 persequamur.

2109 3209 2166 3253 ut
2194 3213 2416 3269 regnum
2443 3198 2698 3254 cat-lorum
2741 3199 3123 3271 adipiscamur,
3154 3203 3324 3272 gratia
3355 3211 3410 3258 et
3446 3205 3689 3276 benigni-

2108 3300 2216 3346 tate
2248 3292 2453 3346 Domiui
2486 3293 2656 3348 nostri
2684 3293 2812 3348 Jcsu
2850 3292 3082 3359 Christi,
3124 3296 3340 3366 quicum
3379 3296 3521 3352 Patri
3560 3313 3691 3353 una.

2107 3400 2213 3456 que
2239 3387 2458 3456 Spiritui
2479 3396 2666 3442 sancto
2694 3387 2886 3458 gloria,
2921 3388 3222 3457 imperium,
3253 3389 3446 3458 honor,
3478 3405 3620 3447 nunc
3637 3401 3692 3446 ct

2107 3491 2340 3548 semper,
2376 3487 2432 3533 et
2460 3477 2514 3532 in
2541 3478 2736 3534 sacula
2767 3478 3111 3534 smculorum.
3145 3483 3337 3536 Amen.

2193 3657 2244 3718 a)
2267 3655 2359 3706 Hic
2382 3655 2559 3719 librum
2579 3669 2724 3705 suum
2745 3655 2810 3719 de
2831 3655 3125 3719 Virginitate
3148 3661 3404 3719 memorat,
3423 3670 3572 3719 quem
3590 3659 3692 3708 edi-

2108 3716 2376 3767 mds‘t‘omo
2398 3718 2444 3776 ι,
2460 3717 2552 3766 col.
2575 3718 2800 3768 ὕει-582.
2815 3716 2945 3780 Lege
2971 3719 3189 3767 Monitum
3205 3716 3346 3779 Operi
3368 3716 3688 3780 praemissum,

2109 3781 2190 3830 ubi
2217 3779 2348 3828 clare
2372 3780 2612 3841 probatur;
2623 3781 2754 3828 idem
2787 3777 2946 3841 ipsum
2968 3791 3090 3841 Opus
3133 3785 3184 3827 et
3229 3777 3332 3841 non
3363 3777 3494 3829 aliud
3519 3781 3566 3829 in
3591 3777 3692 3830 ﬁne

2111 3841 2254 3904 hujus
2269 3839 2481 3889 ttoniilia:
2505 3840 2555 3888 in
2578 3840 2732 3904 Epist.
2759 3839 2819 3889 ad
2841 3839 3051 3892 Corinth.
3078 3839 3357 3889 memorari.

441 3953 3696 3982 MM

1843 4043 2188 4104 HOMILIA
2229 4043 2379 4104 XX.

415 4204 544 4260 Car.
577 4203 632 4260 8.
664 4219 715 4256 v.
752 4203 803 4258 1.
838 4200 916 4256 De
957 4201 1020 4256 iis
1064 4209 1253 4264 autem,
1301 4211 1416 4266 qua:
1458 4195 1610 4250 idolis
1645 4193 1996 4260 immolantur,

489 4298 676 4352 scimus
699 4293 833 4360 quod
870 4308 1043 4348 omnes
1069 4290 1331 4346 scientiam
1361 4286 1619 4342 habemus.
1666 4284 1894 4341 Scientia
1923 4284 2002 4337 in-

491 4389 613 4458 ﬂat,
640 4385 824 4440 caritas
849 4400 964 4439 vero
993 4383 1233 4446 aediﬁcat.

493 4481 544 4532 1.
575 4477 806 4533 Necesse
843 4486 926 4530 est
954 4476 1126 4545 primo
1151 4475 1331 4529 dicere
1356 4471 1482 4543 quid
1513 4471 1616 4527 sibi
1649 4470 1778 4526 velit
1805 4469 1891 4524 hic
1921 4469 2004 4522 lo-

420 4583 518 4625 cus
548 4585 562 4621 :
594 4572 672 4623 sic
705 4583 934 4636 namque
965 4566 1120 4621 facile
1149 4565 1479 4634 intelligetur
1508 4561 1651 4632 quod
1686 4560 1880 4616 dicturi
1909 4573 2002 4612 su-

424 4674 560 4716 mus.
603 4657 705 4727 Qui
744 4657 888 4713 enim
925 4656 1152 4725 aliquem
1194 4654 1431 4710 accusari
1473 4653 1655 4716 videt,
1709 4651 1811 4706 nisi
1859 4650 2004 4720 prius

421 4750 626 4822 peccati
649 4757 894 4805 naturam
925 4756 1132 4812 noscat,
1159 4759 1279 4815 quae
1304 4744 1554 4799 dicentur
1583 4757 1686 4797 non
1719 4741 2001 4812 intelliget.

420 4846 533 4912 Qua
561 4857 689 4914 ergo
716 4840 786 4897 de
827 4855 888 4897 re
933 4849 1060 4895 tunc
1093 4835 1401 4894 Corinthios
1429 4833 1751 4890 accusabat?
1786 4833 2002 4889 Crimen

418 4946 536 4992 erat
570 4951 855 5006 magnum,
887 4951 948 4990 ac
975 4933 1270 4990 multorum
1309 4945 1470 4986 causa
1509 4928 1792 4983 malorum.
1836 4926 2005 4994 Quale

420 5027 588 5084 illud?
613 5027 761 5083 Multi
787 5043 852 5082 ex
883 5027 989 5082 illis
1014 5042 1134 5081 cum
1161 5024 1496 5091 didicissent,
1527 5037 1632 5077 non
1663 5035 1780 5092 qua:
1802 5020 2004 5074 intrant

419 5117 702 5188 inquinare
731 5115 1022 5182 hominem,
1045 5113 1139 5169 sed
1159 5129 1280 5184 qum
1299 5123 1496 5170 exeunt
1518 5129 1531 5166 :
1555 5121 1606 5167 et
1629 5109 1790 5174 idola,
1810 5123 2004 5178 nempe

418 5210 596 5278 ligna,
641 5205 846 5276 lapides
892 5214 948 5261 et
989 5203 1408 5265 dmmonesmec
1445 5219 1644 5260 nocere
1688 5217 1786 5259 nec
1807 5201 2002 5274 juvare

421 5314 613 5370 posse,
655 5298 772 5355 sine
817 5295 978 5352 modo
1021 5295 1128 5351 ullo
1173 5293 1274 5348 hac
1314 5292 1551 5362 perfecta
1583 5297 1661 5350 rei
1698 5295 2003 5366 cognitione

422 5391 729 5456 utebantur,
759 5399 813 5446 et
853 5393 907 5444 tit
947 5403 1104 5444 suum
1143 5395 1198 5442 et
1236 5386 1288 5441 in
1335 5385 1562 5441 aliorum
1601 5385 2001 5444 detrimentum.

421 5483 554 5538 Nam
593 5482 662 5539 ad
697 5482 840 5539 idola
876 5480 1333 5554 ingrediebantur,
1379 5487 1436 5535 et
1471 5493 1775 5535 mensarum
1804 5479 2000 5535 ibidem

425 5578 710 5646 participes
735 5585 924 5642 erant,
959 5577 1188 5648 hincque
1218 5588 1462 5645 magnam
1492 5573 1789 5630 inferebant
1816 5572 2000 5644 perni-

425 5668 582 5722 ciem.
620 5667 750 5722 Nam
790 5670 881 5740 qui
907 5668 1080 5725 adhuc
1110 5669 1248 5726 idola
1291 5666 1582 5732 timebant,
1622 5681 1720 5723 nec
1763 5677 2002 5723 contem-

2107 4193 2282 4248 nenda
2311 4193 2397 4248 illa
2429 4207 2550 4249 esse
2576 4193 2906 4260 didicerant,
2933 4209 3206 4251 coenarum
3234 4197 3535 4267 hujusmodi
3568 4213 3688 4266 par-

2112 4285 2298 4354 ticipes
2323 4293 2510 4350 erant,
2541 4299 2662 4339 cum
2708 4283 3057 4354 perfectiores
3087 4286 3329 4344 viderent
3357 4288 3582 4358 idipsum
3615 4288 3689 4342 fa-

2109 4377 2345 4442 cientes,
2394 4385 2449 4432 et
2488 4375 2611 4432 hinc
2656 4377 2893 4431 maxime
2938 4377 3268 4432 laedebantur
3299 4377 3512 4449 (neque
3545 4380 3688 4434 enim

2109 4469 2294 4524 eadem
2325 4483 2426 4539 qua
2461 4469 2540 4524 illi
2569 4477 2750 4524 mente
2783 4470 3022 4539 apposita
3044 4511 3059 4536 ,
3091 4469 3185 4525 scd
3213 4469 3366 4541 quasi
3407 4470 3563 4524 idolis
3591 4471 3692 4524 im-

2111 4561 2304 4614 molata
2331 4559 2632 4614 habebant:
2662 4570 2717 4615 et
2737 4576 2799 4616 ea
2822 4576 2910 4615 res
2932 4562 3012 4616 via
3035 4569 3150 4617 erat
3169 4560 3235 4616 ad
3263 4561 3648 4631 idololatt-iant)
3671 4579 3686 4614 :

2108 4660 2164 4706 et
2193 4652 2266 4706 illi
2293 4667 2504 4722 quoque
2533 4652 2622 4722 qui
2651 4651 3002 4722 perfectiores
3031 4661 3205 4720 erant,
3234 4668 3340 4708 non
3366 4652 3467 4708 levi
3491 4652 3692 4707 damno

2107 4743 2500 4811 afﬁciebantur,
2531 4743 2658 4800 dum
2689 4743 2892 4800 mensis
2918 4744 3228 4800 daemonicis
3264 4745 3587 4800 fruerentur.
3623 4744 3694 4799 Et

2111 4838 2212 4894 hoc
2240 4838 2458 4909 quidem
2497 4839 2701 4894 crimen
2728 4847 2862 4894 erat.
2894 4838 3091 4894 Beatus
3120 4847 3299 4893 autem
3326 4836 3427 4902 vir,
3462 4847 3519 4893 ut
3560 4835 3692 4890 illud

2109 4933 2451 5000 emendaret,
2483 4945 2590 4986 non
2632 4932 2815 4986 statim
2843 4929 3150 4987 vehementi
3194 4928 3362 4984 utitur
3402 4928 3644 4984 oratione
3675 4945 3689 4981 :

2109 5039 2231 5079 nam
2263 5039 2328 5078 ex
2370 5021 2674 5093 insipientia
2705 5023 2874 5093 magis
2894 5065 2909 5087 ,
2939 5035 3097 5092 quam
3128 5035 3194 5075 ex
3225 5018 3426 5074 malitia
3464 5019 3515 5072 id
3545 5016 3692 5072 desi-

2106 5113 2387 5184 gnabatur.
2417 5113 2593 5180 Quare
2623 5112 2775 5166 initio
2800 5109 3175 5166 adhortatione
3195 5109 3368 5178 magis
3392 5122 3528 5179 opus
3551 5116 3691 5171 erat,

2106 5222 2265 5278 quam
2310 5205 2612 5262 vehementi
2656 5205 3016 5274 increpatione
3057 5213 3111 5259 et
3137 5202 3520 5273 indignatione.
3562 5203 3696 5256 Ani-

2111 5298 2382 5354 madverte
2409 5298 2568 5368 igitur
2603 5297 2720 5366 ejus
2775 5297 3145 5368 prudentiam,
3191 5295 3462 5365 quomodo
3512 5295 3694 5349 statim

2105 5390 2526 5445 admonitionem
2557 5388 2811 5458 incipiat:
2845 5387 2920 5441 De
2947 5389 3007 5441 iis
3037 5397 3207 5440 autem
3226 5428 3243 5452 ,
3273 5401 3388 5454 quae
3413 5384 3566 5438 idolis
3594 5385 3696 5437 im-

2107 5480 2382 5544 molantur,
2408 5481 2594 5535 scimus
2619 5480 2754 5552 quod
2778 5496 2949 5534 omnes
2974 5479 3237 5534 scientiam
3258 5476 3515 5531 habemus.
3545 5472 3702 5527 Inlita

2107 5573 2366 5629 mioribus
2416 5572 2655 5640 relictis,
2711 5572 2854 5642 quod
2901 5587 3118 5644 semper
3166 5571 3324 5636 facit,
3372 5565 3703 5622 valentiores

2105 5665 2336 5736 primum
2372 5663 2694 5736 aggreditur.
2743 5663 2855 5720 Hoc
2899 5665 3042 5721 cnim
3074 5663 3234 5720 etiam
3282 5663 3336 5716 in
3374 5657 3597 5729 epistola
3629 5658 3704 5713 ad.
