4090 6216
297 314 400 373 161

290 429 564 484 ﬂotnanos
586 423 737 490 fecit,
772 421 956 479 dicens
986 438 1000 474 :
1034 422 1114 476 Tu
1147 436 1260 476 vero
1287 421 1411 491 quid
1432 421 1640 491 judicas
1667 422 1878 492 fratrem

286 534 433 574 tuum
460 519 636 588 (Rom.
672 517 757 572 11.
783 514 908 584 10)?
937 514 1023 576 hic
1048 513 1190 578 enim
1223 522 1325 578 est,
1358 514 1447 583 qui
1482 513 1686 568 facilius
1714 512 1880 582 possit

286 606 711 680 increpationem
753 606 1018 674 accipere.
1050 604 1202 672 Quod
1248 604 1332 658 hic
1371 619 1584 674 quoque
1626 603 1752 658 facit
1782 621 1795 658 :
1825 611 1880 657 et

285 702 464 771 primo
495 699 692 752 fastum
733 712 918 751 eorum
959 703 1217 757 evacuat,
1249 695 1377 750 dum
1411 695 1555 765 quod
1587 695 1661 750 illi
1693 694 1877 764 pra‘ci-

287 806 454 861 puum
476 789 736 861 putabant
756 798 806 842 et
831 788 1120 858 perfectam
1147 787 1448 850 scientiam,
1474 786 1576 841 hoc
1595 800 1880 841 commune

285 898 410 939 esse
440 881 803 954 pronuntiavit
830 899 842 934 :
876 881 1081 936 Scimus
1110 879 1276 944 enim,
1311 879 1511 950 inquit,
1541 879 1684 948 quod,
1707 895 1879 932 omnes

287 977 553 1030 scientiam
579 975 838 1028 habemus.
870 972 1002 1038 Nam
1029 974 1072 1028 si
1101 958 1223 1028 illos
1247 973 1414 1028 altum
1441 987 1631 1042 sapere
1665 971 1884 1034 sinetis,-

290 1071 466 1139 primo
495 1067 820 1122 ostendisset
847 1082 960 1121 rem
983 1082 1103 1121 esse
1123 1067 1243 1120 aliis
1271 1067 1506 1131 noxiam,
1541 1080 1644 1118 non
1674 1073 1875 1118 tantum

288 1162 571 1227 utilitatis,
631 1169 893 1230 quantum
954 1159 1134 1214 damni
1192 1159 1482 1214 attulisset.
1548 1156 1879 1212 Ambitiosns

286 1254 486 1324 quippe
509 1252 740 1313 animus,
761 1266 882 1305 eum
907 1251 1085 1319 aliqua
1113 1267 1170 1305 re
1191 1267 1248 1304 se
1269 1251 1448 1308 ornari
1469 1257 1639 1319 putat.
1666 1247 1876 1304 etiamsi

287 1346 408 1402 aliis
431 1345 501 1399 sit
528 1344 705 1410 noxia,
730 1359 848 1397 eam
875 1344 1178 1400 accuratius
1203 1343 1393 1396 retinet
1425 1343 1494 1396 ob
1522 1357 1672 1397 tante
1692 1341 1877 1408 gloria:

287 1437 650 1510 tyrannidem.
697 1436 827 1490 ideo
871 1436 1068 1491 Paulus
1116 1437 1289 1505 primo
1336 1451 1446 1490 rem
1495 1443 1555 1489 ut
1601 1434 1653 1489 in
1696 1449 1754 1488 se
1796 1442 1880 1488 est

287 1532 591 1596 examinat,
625 1539 681 1583 ut
709 1529 850 1583 circa
883 1536 1157 1583 externam
1187 1529 1497 1597 sapientiam
1529 1527 1774 1595 superius
1801 1526 1876 1579 fe-

287 1623 398 1686 cit,
431 1621 574 1675 illam
602 1621 822 1676 omnino
852 1619 1133 1688 dejiciens.
1173 1619 1276 1674 Sed
1307 1620 1412 1672 illic
1439 1619 1653 1689 quidem
1686 1617 1734 1671 id
1755 1616 1878 1686 jure

287 1713 550 1778 faciebat;
585 1721 752 1766 totum
789 1711 931 1778 enim
961 1711 1379 1781 reprehensione
1405 1711 1623 1784 dignum
1651 1719 1796 1776 erat,
1824 1717 1879 1765 et

287 1805 458 1860 facilis
487 1820 572 1860 res
598 1811 752 1857 erat:
781 1812 1110 1872 quapropter
1139 1800 1190 1855 id
1217 1817 1324 1856 non
1366 1802 1526 1856 modo
1551 1815 1886 1870 supervaca--

287 1912 480 1962 neum,
513 1894 607 1950 sed
630 1895 790 1949 etiam
822 1894 1183 1964 prtedicationi
1213 1894 1540 1948 contrarium
1567 1907 1688 1948 esse
1720 1892 1874 1947 dixit.

289 1989 388 2042 llic
412 1997 589 2041 autem
621 2003 725 2040 non
766 1987 924 2040 liceat
955 1986 1023 2040 ita
1049 1984 1265 2040 facere:
1300 1999 1422 2038 nam
1453 1984 1503 2038 id
1527 1985 1595 2039 de
1619 1998 1726 2054 quo
1755 1999 1879 2051 age-

287 2080 446 2134 batur
471 2079 691 2134 scientia
724 2085 880 2143 erat,
913 2085 968 2132 et
995 2077 1218 2146 scientia
1251 2077 1508 2144 perfecta.
1537 2075 1719 2145 Neque
1747 2087 1878 2144 ergo

287 2187 404 2226 eam
442 2171 677 2242 dejicere
707 2176 878 2224 tutum
919 2177 1070 2235 erat,
1103 2184 1202 2224 nec
1247 2169 1404 2225 aliter
1447 2167 1641 2223 licebat
1685 2167 1875 2222 fastum

286 2280 351 2320 ex
382 2265 472 2319 illa
502 2273 820 2333 conceptum
862 2261 1116 2332 dejicere.
1153 2261 1290 2330 Quid
1328 2277 1457 2333 ergo
1506 2260 1664 2317 facit?
1693 2261 1876 2316 Primo

289 2358 435 2411 illam
467 2356 760 2420 ostendens
785 2369 907 2410 esse
927 2369 1288 2419 communem,
1324 2354 1535 2434 illorum
1559 2353 1753 2408 fastum
1780 2352 1876 2407 de-

289 2450 490 2520 primit.
520 2449 619 2517 Qui
649 2449 792 2504 enim
813 2433 1066 2518 magnum
1091 2447 1362 2517 quidpiam
1391 2456 1445 2503 et
1474 2447 1753 2518 pulchrum
1785 2445 1878 2500 ba-

292 2543 454 2607 bent,
485 2541 528 2594 si
558 2540 656 2594 soli
690 2539 951 2603 habeant,
982 2542 1150 2610 magis
1176 2538 1502 2603 efferuntur;
1531 2537 1575 2592 si
1601 2552 1728 2593 vero
1756 2552 1876 2592 cum

289 2634 407 2689 aliis
429 2633 482 2688 id
503 2632 776 2703 possidere
796 2631 1290 2700 deprehendantur,
1315 2647 1418 2687 non
1443 2631 1554 2702 pari
1579 2640 1703 2685 tunc
1720 2630 1886 2685 modo,

290 2725 466 2779 aﬂ‘ecti
511 2733 650 2778 sunt.
697 2723 1127 2794 Primumigitur
1165 2724 1269 2779 hoc
1297 2735 1582 2780 commune
1609 2723 1888 2789 ostendite,-

291 2818 543 2887 quoniam
592 2817 691 2887 ipsi
737 2816 995 2886 putabant
1034 2816 1086 2872 id
1131 2817 1232 2872 sibi
1275 2825 1480 2872 tantum
1521 2823 1828 2886 competere
1863 2833 1876 2871 :

292 2909 486 2963 deinde
513 2918 794 2978 postquam
829 2908 958 2963 illud
989 2923 1275 2964 commune
1305 2908 1453 2975 fecit,
1484 2924 1589 2962 non
1619 2923 1678 2962 se
1705 2909 1878 2962 solum

295 3001 608 3069 participem
633 3000 762 3055 dicit
793 3018 805 3054 :
836 3000 914 3055 sic
943 3000 1084 3055 enim
1115 3001 1232 3063 illos
1257 3001 1428 3072 magis
1464 3001 1787 3059 extulisset..
1810 3001 1882 3056 Ut

294 3092 336 3144 si
363 3107 500 3146 unus
543 3100 748 3145 tantum
777 3091 986 3153 habeat,
1010 3091 1290 3146 seextollit
1321 3091 1441 3146 :‘ita
1477 3092 1520 3146 si
1561 3107 1724 3147 unum
1767 3101 1882 3145 tan-

297 3192 405 3238 tum
431 3183 516 3237 vel
541 3183 767 3236 alterum
801 3198 866 3238 ex
893 3183 1173 3253 praecipuis
1198 3193 1500 3239 consnrtem
1527 3183 1739 3249 haheat,
1772 3199 1880 3239 non

298 3276 519 3330 minoris
541 3291 655 3330 rem
689 3273 832 3330 facit.
859 3274 984 3329 ldeo
1009 3291 1112 3328 non
1145 3290 1203 3329 se
1229 3275 1401 3330 solum
1432 3277 1610 3346 ponit,
1639 3276 1732 3332 sed
1749 3293 1880 3349 om-

299 3384 428 3423 nes:
461 3385 569 3422 non
598 3371 740 3422 enim
766 3368 922 3431 dixit,
954 3369 1062 3439 Ego
1088 3370 1364 3425 scientiam
1395 3371 1595 3435 habeo;
1625 3371 1738 3434 sed,
1765 3370 1885 3426 Sci-

301 3478 410 3514 mus
437 3461 574 3532 quod
591 3478 761 3515 omnes
791 3461 1054 3514 scientiam
1084 3460 1342 3515 habemus.
1377 3461 1489 3516 Hoc
1519 3462 1678 3532 igitur
1708 3463 1883 3532 priore

299 3551 439 3605 dicto
475 3567 663 3606 eorum
709 3549 902 3604 fastum
942 3550 1163 3620 dejecit;
1209 3553 1446 3606 secundo
1492 3563 1672 3607 autem
1717 3553 1882 3607 vehe-

303 3644 550 3697 mentius.
579 3642 857 3711 Quodnam
885 3642 1011 3696 illud
1033 3643 1154 3697 cSI?
1184 3643 1334 3710 Quod
1363 3644 1610 3701 ostendat
1640 3660 1751 3699 rem
1777 3659 1884 3711 non

302 3736 625 3804 perfectam.
662 3735 768 3787 imo
793 3734 1077 3788 admodum
1117 3735 1484 3803 imperfectam
1513 3744 1671 3799 esse;
1709 3751 1884 3807 neque

305 3829 459 3880 Inodo
492 3827 894 3895 imperfectam,
923 3827 1016 3881 scd
1048 3836 1102 3880 et
1132 3830 1364 3892 tinxiam,
1394 3828 1495 3881 nisi
1526 3829 1594 3882 sit
1618 3827 1760 3882 aliud
1784 3828 1882 3882 ad-

297 3919 562 3988 junctum.
593 3919 723 3972 Cum
752 3919 976 3974 dixisset
1011 3919 1186 3985 enim,
1224 3919 1502 3974 Scientiam
1532 3937 1702 3975 omnes
1733 3921 1888 3975 liabe-

303 4027 441 4076 mus,
472 4009 744 4079 subjunin
771 4026 788 4069 ς
832 4010 1057 4066 Scientia
1085 4012 1231 4080 inﬂat
1250 4051 1265 4076 ,
1298 4013 1484 4066 caritas
1511 4023 1680 4065 autem
1717 4013 1883 4082 adi/io

300 4113 400 4156 cat.
435 4101 619 4170 Itaque
656 4117 776 4156 cum
816 4114 900 4158 est
949 4105 1066 4158 sine
1114 4105 1371 4167 caritate,
1418 4105 1484 4158 ad
1526 4106 1886 4175 arrogantiam

299 4193 537 4248 extollit.
572 4199 632 4247 At
663 4211 834 4266 neque
879 4196 1108 4264 caritas,
1142 4197 1382 4267 inquies,
1416 4179 1620 4268 absque
1663 4199 1884 4252 scientia

303 4285 505 4356 aliquid
529 4287 657 4341 lucri
679 4287 860 4342 habet.
886 4287 1080 4348 Verum
1107 4304 1213 4341 non
1241 4287 1343 4342 hoc
1364 4288 1516 4353 dixit,
1547 4289 1640 4344 sed
1667 4288 1807 4359 quod
1832 4288 1885 4344 in

302 4379 550 4433 confesso
573 4391 650 4434 est
675 4380 1002 4450 relinquens,
1030 4381 1264 4436 ostendit
1286 4381 1386 4436 hoc
1409 4382 1501 4436 illo
1523 4382 1676 4436 valde
1705 4398 1883 4452 egere.

303 4470 434 4526 Nam
461 4469 550 4542 qui
579 4471 784 4542 diligit,
817 4481 998 4543 utpote
1036 4474 1125 4544 qui
1173 4483 1496 4544 praeceptum
1529 4475 1746 4544 impleat
1771 4490 1888 4530 om-

305 4563 450 4616 nium
487 4564 1021 4632 praeStantissimum,
1063 4566 1275 4621 etiamsi
1319 4565 1444 4636 quid
1489 4566 1587 4635 ipsi
1631 4566 1884 4632 deficiat,

303 4655 412 4708 cito
441 4669 538 4724 per
579 4655 857 4709 caritatem
890 4656 1110 4711 scientia
1158 4657 1385 4722 fruetur,
1429 4665 1488 4711 ut
1529 4657 1805 4713 Cornelius
1835 4668 1890 4714 et

304 4745 395 4798 alii
427 4745 577 4799 multi
607 4763 619 4797 :
651 4747 738 4815 qui
770 4756 950 4804 autem
986 4748 1266 4820 scientiam
1306 4747 1522 4818 quidem
1569 4749 1759 4813 habet,
1792 4748 1888 4803 sed

306 4853 413 4890 non
441 4838 758 4904 caritatem,
793 4855 898 4892 non
927 4840 1088 4895 modo
1117 4840 1250 4895 nihil
1276 4850 1549 4903 assumet,
1582 4841 1674 4896 sed
1707 4842 1775 4896 ab
1802 4841 1889 4895 illa

307 4944 464 4995 quam
489 4926 650 4982 habet
673 4929 902 4995 excidet,
929 4945 1073 5002 saepe
1093 4931 1146 4986 in
1173 4934 1531 5002 arrogantiam
1563 4932 1764 4987 labens.
1791 4933 1894 4987 Ita-

308 5035 411 5088 que
440 5020 664 5076 scientia
710 5023 988 5076 caritatem
1020 5039 1124 5077 non
1168 5024 1336 5093 parit,
1367 5025 1475 5078 imo
1504 5033 1692 5078 contra
1734 5024 1802 5079 ab
1830 5039 1892 5078 ea

309 5112 577 5167 abscindit
602 5129 724 5169 eum
755 5115 846 5184 qui
879 5131 983 5169 non
1013 5115 1272 5183 attendit,
1301 5116 1428 5170 dum
1470 5116 1621 5171 illum
1654 5116 1803 5171 inﬂat
1841 5124 1897 5171 et

307 5206 537 5258 extollit.
589 5204 800 5260 Etenim
846 5208 1148 5277 arrogantia
1193 5207 1435 5264 dividere
1481 5209 1652 5274 solet;
1699 5209 1896 5264 caritas

311 5311 438 5364 vero
464 5297 740 5368 coojungit
765 5307 820 5354 et
841 5299 909 5354 ad
937 5301 1215 5355 scientiam
1242 5301 1478 5357 adducit.
1508 5301 1660 5369 Quod
1687 5302 1896 5372 signifi-

308 5401 437 5442 cans
467 5390 557 5444 ille
582 5389 830 5448 dicebat:
863 5391 924 5448 Si
948 5394 1062 5464 quis
1084 5405 1250 5450 autem
1276 5394 1442 5467 diligit
1471 5393 1637 5449 Deum
1655 5437 1669 5457 ,
1699 5396 1778 5448 hic
1808 5411 1896 5450 co-

311 5480 477 5547 gnitus
507 5491 584 5536 est
618 5483 679 5536 ab
707 5483 820 5553 ipso
847 5485 926 5554 (1.
957 5483 1073 5540 Cor.
1105 5485 1158 5541 8.
1181 5486 1261 5558 ὃ).
1294 5485 1475 5557 Itaque
1505 5501 1610 5541 non
1643 5485 1894 5556 impedio,

313 5567 517 5640 inquit,
561 5577 1108 5648 quominus-perfecta
1137 5579 1358 5635 scicntia
1389 5579 1681 5645 habeatur;
1721 5579 1813 5634 sed
1847 5589 1903 5633 ut

314 5673 431 5717 etim
473 5665 704 5721 caritate
749 5667 1035 5735 habeatur,
1078 5669 1180 5725 hoc
1226 5670 1480 5742 praecipio
1512 5687 1526 5726 :
1558 5670 1794 5742 alioquin
1823 5670 1903 5724 Iu-

314 5765 463 5808 crutn
489 5761 718 5825 nultum,
741 5759 834 5814 sed
858 5759 1262 5815 detrimentum.

1347 306 1414 362 ΙΝ
1452 304 1666 364 EPIST.
1709 304 1750 361 l.
1793 305 1884 362 AD
1921 302 2076 359 (30R.
2120 302 2350 359 IIOMIL.
2393 304 2513 361 XX.

3481 317 3579 373 162

2055 415 2109 470 ‘2.
2156 416 2342 472 Viden‘
2368 417 2638 487 quomodo
2656 418 2765 489 jam
2794 421 2932 476 viam
2967 429 3118 492 parat
3145 426 3211 481 ad
3240 441 3569 499 sermonem,

1986 522 2146 575 quem
2171 507 2240 563 de
2283 510 2508 566 caritate
2538 518 2621 565 est
2650 509 2972 568 habiturus?
2998 515 3129 572 Nam
3157 521 3280 590 quia
3315 520 3430 578 lucc
3450 539 3572 581 om-

1987 599 2072 651 nia
2105 599 2243 652 mala
2277 599 2402 655 hinc
2439 602 2797 668 accidebant,
2847 619 2952 660 non
3000 618 3178 664 autem
3227 627 3292 667 cx
3339 615 3574 683 perfecta

1985 690 2233 755 scientia,
2264 691 2360 747 sed
2388 694 2530 762 quod
2563 709 2669 748 non
2694 695 2982 752 admodum
3013 698 3320 772 diligerent,
3354 721 3454 761 nec
3487 723 3570 762 re.

1987 782 2082 837 bus
2112 785 2341 854 proximi
2376 797 2678 854 parcerent;
2714 789 2854 843 unde
2886 793 3232 861 contingebat
3257 795 3378 850 illos
3408 796 3574 852 dissi-

1985 873 2113 930 dere
2136 919 2150 938 ,
2175 876 2351 931 efi‘erri
2376 917 2392 941 ,
2433 887 2734 948 emleraqne
2778 885 2954 936 omnia
2985 887 3202 941 evenire
3225 928 3241 954 ,
3286 888 3354 942 de
3381 891 3575 958 quibus

1987 965 2074 1021 ille
2101 975 2154 1020 et
2180 976 2304 1021 ante
2331 977 2385 1022 et
2413 980 2533 1038 post
2573 969 2688 1023 lucc
2715 972 2989 1042 redarguit
3014 991 3029 1028 :
3056 977 3360 1046 frequenter
3391 979 3457 1033 de
3486 995 3578 1032 ca-

1985 1059 2141 1112 ritate
2188 1065 2408 1124 tractat,
2461 1059 2660 1115 fontem
2703 1065 2941 1117 omnimn
2988 1065 3572 1139 bonorum‘puriorcm

1985 1148 2237 1204 reddens.
2267 1150 2403 1217 Quid
2429 1166 2556 1221 ergo
2585 1152 2748 1206 inﬂati
2780 1155 2909 1208 estis
2930 1197 2944 1221 ,
2979 1156 3183 1225 inquit,
3214 1159 3280 1214 de
3307 1163 3530 1218 scientia
3549 1165 3574 1217 ?

1983 1238 2038 1294 Si
2059 1240 2200 1293 enim
2230 1241 2510 1296 caritatem
2536 1259 2641 1296 non
2690 1243 3010 1313 habueritis,
3045 1247 3170 1303 hinc
3195 1250 3448 1306 damnum
3475 1270 3567 1309 ac-

1984 1331 2194 1398 cipietis
2219 1346 2234 1384 :
2263 1332 2389 1401 quid
2435 1335 2578 1387 enim
2620 1339 2924 1405 arrogantia
2975 1339 3168 1408 pejus?
3203 1342 3247 1395 si
3279 1358 3411 1398 vero
3440 1345 3570 1401 illud

1984 1423 2158 1486 adsit,
2197 1425 2357 1479 etiam
2388 1425 2490 1480 hoc
2522 1427 2574 1481 in
2622 1435 2737 1482 tuto
2760 1430 2883 1483 erit.
2919 1430 3144 1498 Etiamsi
3189 1435 3331 1489 enim
3369 1437 3570 1508 aliquid

1983 1517 2214 1586 amplius
2241 1520 2419 1582 scias,
2453 1535 2610 1589 quam
2642 1523 2948 1592 proximus;
2983 1526 3027 1579 si
3067 1541 3216 1580 ames
3244 1528 3428 1595 illum,
3463 1546 3568 1586 non

1984 1610 2280 1674 extolleris,
2311 1610 2404 1665 sed
2437 1611 2609 1681 ipsum
2633 1628 2849 1683 quoque
2875 1615 2939 1668 ad
2966 1615 3068 1671 hoc
3088 1616 3342 1675 deduces.
3370 1621 3570 1688 Quam-

1984 1700 2167 1756 obrem
2198 1718 2318 1756 cum
2351 1704 2612 1766 dixisset.
2646 1705 2875 1761 Scientia
2915 1709 3081 1780 inﬂat,
3115 1712 3340 1779 addidit,
3371 1713 3571 1770 Caritas

1983 1804 2153 1848 autem
2180 1797 2421 1864 wdiﬁcat.
2452 1797 2566 1853 Non
2593 1799 2728 1854 dixit
2753 1842 2767 1863 ,
2797 1801 3035 1858 Modesto
3058 1820 3117 1858 se
3138 1808 3278 1876 gerit
3301 1849 3316 1872 ,
3341 1809 3434 1863 sed
3464 1810 3567 1864 ali-

1983 1885 2107 1955 quid
2142 1886 2299 1956 longe
2328 1889 2498 1956 majus
2525 1899 2577 1944 et
2609 1890 2826 1945 utilius:
2859 1894 3081 1948 scientia
3110 1899 3378 1953 enimnon
3409 1902 3568 1957 modo

1984 1975 2220 2044 inflabat,
2252 1979 2344 2033 sed
2373 1980 2534 2035 etiam
2563 1964 2916 2052 disjnngebat.
2952 1985 3180 2056 Ideoque
3228 1990 3326 2044 hoc
3355 1990 3426 2046 illi
3474 2008 3571 2062 0p-

1985 2074 2184 2141 posuit.
2213 2074 2415 2129 Deinde
2439 2077 2652 2130 tertium
2685 2093 2899 2147 quoque
2931 2081 3099 2148 ponit,
3125 2081 3266 2150 quod
3298 2084 3416 2138 illos
3443 2100 3568 2157 pos-

1984 2164 2050 2217 sit
2077 2163 2331 2234 dejicere.
2361 2165 2641 2233 Quodnam
2675 2167 2805 2222 illud
2853 2169 2974 2223 est?
3011 2170 3161 2236 Quod
3196 2173 3406 2229 etiamsi
3434 2191 3568 2231 con-

1978 2255 2160 2335 juncta
2184 2258 2252 2313 sit
2273 2260 2489 2325 caritas,
2519 2275 2586 2314 ne
2606 2262 2685 2315 sic
2704 2261 2921 2331 quidem
2952 2262 3189 2332 perfecta
3217 2266 3287 2320 sit
3304 2268 3524 2324 scientia
3548 2286 3562 2323 :

1985 2347 2210 2418 ideoque
2236 2349 2513 2419 subjunxit
2537 2369 2550 2405 :
2582 2351 2639 2405 2.
2671 2352 2734 2407 Si
2751 2353 2866 2424 quis
2890 2364 3058 2409 autem
3085 2357 3336 2412 existimat
3365 2377 3418 2414 se
3445 2363 3572 2416 scire

1983 2437 2178 2508 aliquid
2194 2479 2209 2506 ,
2233 2439 2459 2493 nondum
2481 2443 3009 2512 cognovit-quomodo
3031 2455 3258 2515 oporteat
3285 2464 3399 2503 eum
3421 2452 3570 2507 scire.

1986 2528 2112 2584 llmc
2138 2531 2374 2585 maxima
2408 2533 2560 2603 plaga
2595 2533 2869 2604 inﬂigitur.
2897 2535 3012 2591 Non
3040 2537 3162 2594 dico
3182 2541 3348 2605 enim,
3379 2543 3570 2614 inquit,

1985 2620 2264 2675 scientiam
2307 2637 2647 2678 comnmnem
2693 2640 2815 2681 esse
2859 2629 3142 2683 omnibus:
3171 2646 3280 2688 non
3319 2632 3440 2688 dico
3483 2645 3571 2703 te,

1985 2713 2074 2781 qui
2106 2713 2231 2767 odio
2263 2714 2431 2770 babes
2473 2718 2775 2786 proximum
2819 2728 2874 2774 et
2917 2735 3174 2792 arrogans
3216 2724 3570 2796 es,'tibi'ipsi

1985 2806 2217 2862 maxime
2242 2822 2458 2863 nocere.
2487 2809 2710 2865 Etiamsi
2734 2812 2877 2866 enim
2909 2813 3054 2867 solus
3083 2815 3330 2881 haberes,
3359 2818 3569 2872 etiamsi

1985 2899 2225 2954 modeste
2252 2916 2441 2970 ageres
2466 2945 2481 2969 ,
2510 2905 2721 2960 etiamsi
2765 2905 2984 2962 fratrem
3012 2908 3268 2979 diligeres
3294 2953 3309 2977 ,
3338 2912 3417 2966 sic
3441 2927 3572 2983 quo-

1985 3006 2089 3060 que
2119 2992 2467 3065 imperfectus
2491 3009 2641 3050 esses
2661 2997 2957 3052 secundum
2986 3001 3266 3056 scientiam
3292 3019 3306 3055 :
3335 3003 3569 3059 nondum

1986 3082 2128 3135 enim
2157 3083 2266 3138 scis
2289 3085 2582 3154 quidpiam,
2612 3077 2670 3141 ut
2696 3088 2836 3143 scire
2866 3099 3095 3158 oportet.
3125 3091 3260 3160 Quid
3286 3071 3340 3147 si]
3373 3095 3570 3149 nullant

1985 3171 2161 3227 adhuc
2181 3183 2483 3229 accuratam
2506 3177 2784 3232 scientiam
2808 3177 3101 3234 habeamus
3122 3197 3136 3246 ;
3164 3183 3433 3252 quomodo
3454 3186 3572 3254 qui-

1985 3263 2109 3326 dam
2137 3264 2190 3317 in
2218 3272 2420 3319 tantam
2449 3267 2706 3321 insaniam
2739 3282 3138 3340 processerunt,
3166 3282 3224 3328 ut
3251 3273 3492 3332 dicerent
3512 3292 3572 3332 se

1989 3356 2153 3411 Deum
2171 3372 2292 3412 cum
2319 3360 2465 3414 omni
2488 3363 2829 3417 accuratioue
2850 3368 3214 3434 cognoscere?
3232 3362 3353 3423 nam
3383 3375 3572 3424 etiam-

1987 3452 2032 3506 si
2085 3454 2324 3507 omnium
2386 3453 2610 3508 aliarum
2667 3471 2848 3512 rerum
2922 3469 3229 3515 accuratam
3293 3463 3571 3518 scientiam

1989 3543 2344 3612 haberemus,
2377 3557 2550 3616 neque
2603 3548 2682 3602 sic
2712 3547 2825 3604 fieri
2865 3562 3074 3619 posset,
3123 3561 3178 3606 ut
3231 3552 3368 3607 hanc
3415 3555 3574 3609 etiam

1989 3633 2328 3691 haberemus.
2365 3635 2630 3702 Quantum
2653 3638 2794 3693 enim
2821 3639 2890 3693 sit
2913 3641 3139 3711 Spatium
3170 3643 3308 3697 inter
3336 3644 3499 3699 Deum
3521 3654 3577 3700 et

1989 3727 2091 3782 alia
2119 3729 2296 3783 omnia
2319 3769 2334 3794 ,
2364 3745 2431 3785 ne
2459 3729 2565 3785 dici
2590 3731 2805 3801 quidem
2836 3744 3029 3802 potest.
3061 3735 3129 3788 Et
3158 3736 3278 3791 vide
3304 3738 3574 3808 quomodo

1992 3821 2202 3876 illorum
2237 3821 2430 3876 fastum
2471 3823 2710 3892 dejiciat.
2754 3824 2866 3879 Non
2899 3828 3041 3882 enim
3073 3828 3252 3896 dixit,
3300 3831 3374 3885 De
3414 3831 3574 3887 rebus

1988 3915 2279 3986 propositis
2304 3925 2688 3986 congruentem
2735 3919 3010 3973 scientiam
3054 3937 3160 3974 non
3197 3922 3435 3988 habetis,
3479 3925 3595 3986 sed

1984 4010 2059 4063 De
2084 4021 2144 4062 re
2169 4007 2430 4076 qualibet.
2459 4007 2646 4078 Neque
2667 4009 2840 4075 dixit,
2873 4009 2982 4064 Vos
3026 4020 3229 4066 tantum
3253 4056 3268 4078 ,
3299 4015 3391 4068 scd
3415 4011 3577 4079 ,Qui-

1991 4113 2221 4167 cumque
2248 4099 2353 4152 sit:
2381 4099 2593 4154 etiamsi
2641 4101 2830 4157 Petrus
2862 4100 3060 4169 fuerit,
3092 4105 3304 4160 etiamsi
3348 4107 3576 4173 Paulus,

1991 4191 2200 4246 etiamsi
2227 4191 2401 4261 quivis
2431 4193 2586 4248 alius.
2623 4193 2735 4248 lloc
2759 4195 2902 4248 enim
2929 4195 3074 4248 dicto
3109 4197 3224 4250 illos
3255 4207 3502 4254 accurate
3523 4208 3579 4254 et

1990 4283 2298 4338 consolatus
2327 4293 2411 4338 est
2453 4293 2509 4337 et
2543 4285 2830 4353 repressit.
2881 4285 2934 4340 5.
2971 4283 3035 4339 Si
3060 4286 3171 4355 quis
3199 4299 3366 4341 autem
3413 4288 3578 4360 diligit

1993 4374 2181 4444 Deum,
2216 4375 2296 4431 hic
2324 4378 2555 4448 cognitus
2580 4387 2652 4432 est
2675 4379 2736 4432 ab
2781 4395 2859 4432 eo.
2892 4378 3009 4434 Non
3036 4379 3202 4444 dixit,
3233 4379 3390 4436 Novit
3417 4398 3538 4436 eum
3560 4423 3578 4452 ,

1993 4469 2110 4536 sed,
2141 4469 2384 4541 Coguitus
2424 4477 2494 4524 est
2523 4473 2586 4523 ab
2616 4485 2693 4524 eo.
2742 4469 2858 4525 Non
2905 4471 3047 4525 enim
3080 4487 3176 4527 nos
3223 4474 3394 4543 ipsum
3427 4479 3580 4529 novi-

1995 4577 2135 4629 mus,
2168 4561 2262 4617 sed
2290 4563 2406 4632 ipse
2435 4576 2532 4616 nos
2561 4562 2711 4616 novit
2743 4561 2842 4633 (a).
2878 4561 3002 4618 ldco
3049 4562 3261 4619 diccbat
3289 4564 3538 4622 Christus
3565 4585 3578 4621 :

1997 4654 2117 4710 Non
2147 4669 2235 4708 vos
2263 4671 2340 4708 me
2369 4653 2609 4725 elegistis,
2641 4653 2731 4708 sed
2755 4670 2846 4725 ego
2875 4656 3002 4726 elegi
3027 4671 3111 4709 vos
3137 4655 3316 4726 (Joau.
3345 4659 3428 4712 15.
3466 4658 3580 4732 16);

1996 4757 2048 4804 et
2077 4748 2276 4803 Paulus
2305 4747 2431 4802 alibi
2464 4765 2477 4802 :
2507 4745 2653 4800 Tunc
2681 4757 2850 4800 autem
2887 4764 3185 4818 cognoscam
3228 4750 3356 4802 sicut
3399 4759 3446 4803 et
3491 4767 3583 4804 co-

1997 4841 2167 4911 gnitus
2211 4855 2323 4892 sum
2369 4839 2388 4908 (
2413 4839 2463 4894 1.
2496 4839 2616 4893 Cor.
2649 4839 2738 4892 15.
2782 4839 2907 4909 12).
2943 4839 3222 4907 Perpende
3268 4840 3426 4910 igitur
3455 4852 3583 4914 quot

1997 4931 2154 4987 dictis
2185 4931 2396 4986 illorqu
2431 4931 2624 4985 fastum
2657 4930 2940 4998 deprimat.
2988 4931 3171 4986 Primo
3198 4934 3435 4990 ostendit
3466 4935 3584 4993 illos

1999 5039 2105 5078 non
2134 5024 2282 5077 solos
2308 5023 2448 5077 scire
2479 5037 2542 5075 ea
2568 5036 2687 5090 qua:
2710 5021 2918 5087 sciuut;
2956 5021 3144 5078 Omnes
3171 5027 3312 5079 enim
3334 5065 3349 5090 ,
3381 5026 3585 5098 inquit,

2000 5113 2259 5166 scientiam
2305 5111 2583 5165 habemus:
2623 5110 2816 5166 deinde
2862 5127 2973 5167 rem
3006 5128 3128 5169 esse
3159 5116 3378 5171 noxiam
3401 5159 3417 5185 ,
3445 5118 3490 5172 si
3518 5117 3590 5174 sit

2003 5206 2119 5260 sine
2145 5207 2409 5270 caritate;
2457 5219 2580 5258 nam
2630 5203 2858 5259 Scientia
2900 5206 3048 5276 inﬂat
3071 5248 3086 5274 ,
3121 5207 3290 5278 inquit
3320 5228 3334 5263 :
3367 5219 3591 5279 postea.

2005 5296 2146 5368 quod
2174 5296 2385 5351 etiamsi
2427 5295 2496 5350 sit
2524 5310 2644 5350 cum
2688 5297 2943 5363 caritate,
2977 5297 3028 5352 id
3058 5315 3162 5352 non
3190 5299 3494 5355 absolutum
3523 5304 3595 5360 sit

2006 5402 2180 5458 neque
2207 5386 2501 5457 perfectum
2533 5403 2547 5442 :
2574 5386 2636 5441 Si
2660 5387 2803 5441 enim
2831 5387 2942 5456 quis
2970 5396 3113 5457 putat
3142 5403 3196 5442 se
3218 5390 3348 5443 scire
3374 5390 3592 5460 aliquid,

2007 5479 2232 5535 nondum
2263 5479 2356 5533 scit
2437 5478 2866 5550 quemadmodum
2891 5481 2896 5486 “
2921 5489 3120 5548 oportet
3160 5481 3308 5536 scire.
3350 5483 3434 5538 Ad
3480 5483 3596 5543 hac

2008 5589 2138 5630 vero
2163 5614 2179 5639 ,
2208 5572 2349 5643 quod
2379 5587 2486 5627 non
2515 5571 2619 5626 hoc
2644 5587 2712 5627 ex
2743 5586 2802 5628 se
2830 5570 3072 5626 habeant
3091 5612 3106 5636 ,
3139 5571 3232 5626 sed
3262 5573 3370 5629 Deo
3400 5574 3595 5645 dante;

2056 5710 2154 5786 __(a)_
2166 5710 2230 5786 in
2253 5711 2584 5786 sequentibus
2599 5710 2806 5786 negium
2823 5709 3048 5769 Culicem
3071 5712 3344 5776 seqnimur.
3369 5713 3425 5764 In
3437 5714 3602 5766 .Editis

2013 5771 2234 5836 quaedam
2253 5771 2532 5823 necessaria
2555 5771 2780 5828 deerant.
