4086 6214
501 337 605 394 163

495 467 505 502 l
534 464 607 502 on
633 449 773 504 enim
792 447 922 502 dixit
941 489 956 510 ,
985 444 1139 500 Novit
1169 443 1354 504 Deum,
1383 439 1496 502 sed,
1523 436 1763 507 Cognitus
1789 447 1860 489 est
1887 438 1949 490 ab
1970 453 2026 490 eo
2055 452 2070 490 :

498 539 693 597 deinde
715 579 732 603 ,
761 541 898 608 quod
929 537 1026 590 hoc
1050 550 1076 587 a
1104 531 1324 586 caritate
1375 528 1503 591 fiat,
1533 544 1691 597 quam
1724 542 1828 581 non
1877 527 2074 580 habent

500 642 559 686 ut
588 638 881 699 oporteret.
911 625 1039 676 Nam
1068 623 1127 674 Si
1153 620 1263 689 quis
1290 660 1305 679 .
1339 620 1444 683 ait,
1477 618 1642 689 diligit
1669 617 1860 684 Deum,
1885 618 1965 676 hic
1991 633 2073 670 co-

497 723 668 793 gnitus
694 729 766 772 est
795 717 854 768 ab
879 731 956 768 eo.
1004 712 1137 766 Cum
1189 726 1280 779 per
1323 709 1436 763 hazc
1466 711 1705 763 leniisset
1736 709 1948 762 illorum
1985 716 2072 760 tu-

498 823 727 870 morem,
750 804 931 872 incipit
954 802 1248 855 dot-trinam
1272 801 1549 854 instituere
1578 800 1662 853 his
1683 800 1857 853 verbis
1885 816 1897 850 :
1923 799 1977 851 4.
2001 796 2079 850 De

496 915 607 952 esca
627 898 784 966 igitur
802 908 916 964 quas
936 894 1033 945 diis
1058 893 1354 945 immolatur
1373 931 1386 954 ,
1418 892 1605 944 scimus
1629 889 1763 958 quod
1790 889 1988 942 nullum
2014 889 2078 940 sit

497 990 691 1043 idolum
719 991 772 1041 in
801 986 991 1040 mundo
1012 1028 1026 1050 ,
1055 995 1099 1038 et
1126 986 1256 1053 quod
1281 984 1455 1036 nullus
1482 981 1620 1036 Deus
1643 983 1776 1035 alius
1806 982 1904 1034 nisi
1925 997 2075 1033 unus.

503 1079 634 1132 Vide
684 1079 734 1131 in
779 1089 1047 1149 quautam
1091 1075 1388 1143 angustiam
1437 1072 1706 1127 inciderit.
1758 1071 1884 1126 Vult
1935 1073 2078 1125 enim

502 1183 788 1241 utrumque
808 1170 1054 1240 probare,
1076 1167 1215 1236 quod
1242 1184 1269 1217 a
1296 1166 1385 1219 tali
1415 1179 1597 1218 mensa
1621 1165 1891 1218 abstinere
1918 1179 2080 1232 opor-

506 1272 637 1323 teat,
670 1260 891 1330 etquod
930 1261 1033 1312 vim
1079 1276 1180 1311 non
1224 1257 1416 1311 habeat
1460 1255 1527 1308 ad
1557 1253 1826 1309 lmdendos
1868 1269 1962 1306 cos
1990 1253 2080 1323 qui

503 1364 626 1407 sunt
656 1353 770 1421 ejus
799 1351 1119 1420 participes:
1149 1364 1267 1416 quie
1295 1347 1509 1416 quidem
1538 1361 1642 1400 non
1681 1345 1969 1398 admodum
2001 1345 2052 1397 in

503 1454 583 1498 ter
609 1458 666 1497 se
693 1442 1101 1496 conveniebant.
1136 1439 1265 1493 Nam
1290 1455 1409 1492 cum
1437 1437 1751 1492 didicissent
1780 1452 1842 1492 ea
1873 1453 1978 1490 non
2007 1435 2088 1490 af"-

504 1537 641 1590 lerre
691 1535 987 1599 damnum,
1042 1549 1102 1587 ea
1159 1541 1425 1600 tmnquam
1483 1529 1836 1584 indifferentia
1889 1529 2084 1584 adituri

505 1635 659 1680 erant
700 1641 712 1676 :
757 1641 878 1678 eum
922 1639 1049 1678 vero
1094 1623 1479 1692 impedirentur
1521 1637 1587 1674 ne
1633 1621 1718 1673 illa
1765 1630 2083 1689 tangerent,

505 1731 690 1772 rursus
723 1715 1162 1784 suspicabamur,
1205 1715 1344 1782 quod
1400 1712 1650 1780 prohibiti
1704 1721 1887 1765 essent
1933 1712 2084 1780 quasi

508 1809 596 1862 illa
631 1809 736 1862 vim
783 1807 1041 1860 haberent
1069 1805 1322 1859 laedendi.
1357 1804 1479 1858 ldeo
1529 1821 1647 1858 eum
1681 1803 1942 1857 idolorum
1969 1805 2088 1870 opi-

507 1902 718 1953 nionem
747 1897 1075 1962 sustulisset,
1102 1896 1404 1949 abstinendi
1431 1895 1655 1965 primam
1686 1910 1901 1948 causam
1933 1894 2088 1948 affert

505 1991 727 2044 fratrum
759 1988 1110 2052 ollendicula,
1138 1988 1217 2042 sic
1257 1986 1480 2041 dicens:
1508 1986 1586 2040 De
1611 2003 1723 2040 esca
1751 1987 1907 2056 igitur
1933 2026 1947 2047 ,
1979 2001 2093 2052 qua

505 2081 603 2134 diis
631 2080 940 2141 immolatur,
965 2081 1150 2132 scimus
1169 2078 1304 2147 quod
1333 2076 1532 2130 nullum
1557 2078 1622 2130 sit
1645 2074 1840 2128 idolum
1868 2076 1919 2128 in
1941 2093 2090 2127 mun-

507 2175 592 2226 do.
627 2172 831 2226 Rursus
858 2173 1030 2241 ipsum
1059 2185 1342 2224 contuume
1392 2169 1550 2234 l'acit,
1585 2183 1685 2223 nec
1710 2167 1960 2223 concedit
1990 2167 2094 2222 hoc

508 2265 720 2319 illorum
763 2279 881 2318 esse
923 2264 1124 2327 silum,
1172 2261 1265 2316 Sed
1308 2261 1549 2316 extrudit
1587 2261 1949 2331 cognitionem
2003 2275 2094 2328 per

513 2366 682 2412 totum
709 2357 895 2411 orbem
925 2367 1099 2410 terra-.
1144 2355 1326 2422 Neque
1366 2355 1508 2408 enim
1549 2354 1687 2423 apud
1717 2369 1810 2408 vos
1851 2363 2090 2415 tantum,

513 2451 706 2522 inquit,
739 2448 835 2505 sed
865 2451 1056 2519 ubique
1087 2457 1347 2502 terrarum
1382 2447 1482 2502 huc
1506 2446 1700 2516 dogma
1733 2447 1838 2500 vim
1867 2447 2090 2499 obtinet.

515 2542 793 2610 Quodnam
826 2540 997 2594 illud?
1044 2539 1194 2604 Quod
1237 2539 1434 2592 nullum
1463 2540 1526 2592 sit
1571 2537 1762 2591 idolum
1792 2538 1844 2590 in
1872 2537 2058 2590 mundo
2077 2577 2092 2602 ,

513 2643 560 2686 et
590 2632 723 2701 quod
761 2648 864 2686 non
890 2631 953 2685 sit
997 2629 1136 2684 Deus
1165 2630 1300 2683 alius
1342 2629 1438 2682 uisi
1477 2644 1626 2682 unus.
1674 2627 1787 2682 Non
1820 2637 1944 2681 sunt
1967 2641 2095 2694 ergo

517 2724 697 2777 idola?
718 2740 824 2778 non
846 2731 969 2777 sunt
995 2720 1366 2778 statuze?Suut
1387 2721 1623 2790 quidem,
1651 2721 1742 2775 sed
1773 2719 1967 2774 nullam
1994 2720 2094 2773 vim

526 2815 746 2878 habent;
777 2829 950 2884 neque
976 2813 1048 2868 dii
1079 2821 1224 2879 sunt,
1253 2813 1348 2867 sed
1377 2811 1583 2880 lapides
1612 2819 1665 2865 et
1691 2810 1985 2864 ύωιιιοιιθε.
2016 2808 2096 2862 Ad

518 2915 772 2976 utrosque
791 2907 934 2961 enim
962 2922 1101 2962 nunc
1125 2907 1420 2960 orationem
1453 2904 1625 2973 dirigit
1654 2945 1670 2970 ,
1693 2913 1746 2958 et
1772 2903 1837 2957 ad
1865 2902 2098 2958 crassio-

519 3015 604 3053 res
629 3008 683 3052 et
711 2999 775 3051 ad
803 3014 898 3053 eos
940 2999 1030 3068 qui
1071 2997 1437 3067 philosophari
1467 2997 1731 3050 videtur.
1778 2996 1913 3061 Quia
1953 2995 2097 3049 enim

519 3092 606 3144 alii
642 3091 770 3142 nihil
803 3089 921 3159 plus
967 3089 1144 3143 sciunt
1187 3103 1343 3158 quam
1383 3087 1616 3157 lapides,
1650 3087 1736 3140 alii
1766 3102 1892 3140 vero
1918 3086 2100 3138 dicunt

525 3187 744 3236 virtute~
762 3181 1016 3252 quasdam
1041 3181 1093 3234 in
1123 3179 1228 3233 illis
1245 3177 1505 3242 habitare,
1525 3193 1655 3247 quas
1679 3179 1836 3231 etiam
1859 3177 1990 3232 deos
2011 3192 2102 3231 vo-

521 3283 674 3332 cant;
701 3273 802 3327 illis
824 3272 1038 3343 quidem
1060 3270 1189 3325 dicit
1213 3269 1413 3323 nullum
1440 3282 1560 3323 esse
1589 3268 1785 3322 idolum
1812 3270 1862 3322 in
1880 3269 2097 3334 mundo,

523 3365 641 3415 aiiis
687 3379 853 3429 vero,
886 3379 990 3418 non
1021 3377 1142 3417 esse
1172 3361 1342 3416 Deum
1388 3362 1441 3414 in
1487 3359 1684 3414 mllth
1730 3361 1826 3413 nisi
1852 3375 2036 3413 unum.

597 3455 649 3508 3.
687 3455 866 3508 Viden‘
893 3454 1163 3524 quomodo
1191 3468 1296 3506 non
1324 3453 1516 3506 frustra
1547 3453 1738 3522 dogma
1767 3453 2102 3508 constituens

527 3545 640 3600 hrc
671 3545 862 3599 scribat
889 3585 906 3609 ,
949 3545 1040 3598 sed
1070 3544 1137 3597 ad
1163 3542 1515 3597 diderentiam
1564 3545 1947 3598 externorum?
1979 3559 2100 3598 nam

526 3636 649 3688 illud
681 3635 873 3704 ubique
899 3634 1288 3690 observandum
1313 3675 1327 3699 ,
1360 3636 1474 3688 sive
1515 3635 1760 3689 abstilule
1775 3636 2096 3706 quiddicat,

525 3727 638 3780 sive
677 3726 798 3779 aliis
824 3727 1109 3779 obsistens.
1161 3725 1346 3795 Neque
1389 3727 1533 3780 enim
1576 3725 1678 3780 hoc
1719 3742 1902 3795 parum
1948 3729 2102 3782 nobis

532 3817 744 3870 eniiiert
772 3817 836 3870 ad
867 3818 1176 3883 dogmatum
1218 3819 1612 3873 accuratiouem
1635 3829 1689 3873 et
1730 3819 1796 3873 ad
1839 3818 2100 3875 dictorum

531 3908 954 3975 intelligentiam.
991 3907 1044 3963 5.
1082 3905 1220 3960 Nam
1247 3909 1341 3962 etsi
1366 3917 1480 3961 sunt
1505 3913 1590 3977 qui
1620 3913 1858 3962 dicuntur
1886 3911 1976 3973 dii,
2003 3912 2104 3964 sive

529 3998 581 4051 in
600 3996 859 4063 ctelo,sire
882 3999 930 4051 in
955 4007 1119 4062 terra;
1151 4007 1205 4051 ut
1225 4007 1340 4052 sunt
1365 3999 1436 4051 dii
1466 3999 1615 4052 multi
1632 4009 1680 4050 et
1706 4000 1898 4053 domini
1921 4001 2100 4055 multi:

527 4087 581 4143 6.
616 4086 756 4142 nobis
781 4100 945 4142 tamen
968 4105 1096 4143 unus
1127 4088 1260 4142 Deus
1294 4088 1479 4155 Pater,
1507 4105 1570 4144 ea:
1592 4105 1689 4160 quo
1713 4091 1882 4143 omnia
1903 4131 1918 4154 ,
1946 4101 1992 4144 et
2014 4107 2105 4145 nos

531 4178 583 4231 in
598 4179 730 4247 ipso;
747 4189 792 4232 et
811 4197 939 4233 unus
965 4179 1210 4232 Dominus
1226 4179 1375 4233 Jesus
1391 4178 1638 4246 Christus,
1658 4197 1745 4250 per
1754 4199 1900 4254 quem
1911 4184 2101 4249 omnia,

531 4281 578 4323 et
608 4287 697 4325 nos
742 4288 830 4339 per
854 4272 1040 4342 ipsum.
1073 4272 1204 4338 Quia
1233 4270 1398 4338 dixit,
1433 4272 1635 4326 nullum
1675 4287 1795 4328 esse
1827 4274 2024 4328 idolum
2051 4283 2106 4330 et

531 4362 733 4415 nnlhuu
769 4363 932 4418 Deum
967 4363 1161 4426 alium;
1193 4373 1450 4431 erantque
1477 4373 1652 4418 tamen
1685 4365 1844 4428 idola,
1875 4375 1931 4421 et
1954 4377 2106 4422 erant

530 4455 619 4522 qui
647 4455 717 4508 dii
752 4456 1112 4509 vocabantur:
1146 4470 1212 4509 ne
1251 4455 1496 4509 videatur
1519 4466 1707 4510 contra
1737 4472 1847 4511 rem
1883 4458 2107 4513 manife-

531 4555 666 4595 stam
713 4560 963 4612 pugnare,
994 4546 1265 4615 subjungit
1308 4545 1397 4618 (si
1449 4557 1573 4601 sunt
1613 4549 1680 4600 ita
1717 4549 1964 4616 appellati
2003 4549 2098 4616 dii,

535 4641 589 4684 ut
639 4646 824 4688 revera
874 4642 1020 4696 sunt,
1052 4651 1156 4688 non
1211 4650 1337 4688 vere
1369 4647 1511 4696 sunt.
1556 4638 1649 4690 sed
1700 4639 1772 4690 ita
1821 4639 2103 4706 dicuntur;

533 4739 640 4780 non
697 4725 748 4779 iu
799 4740 893 4786 re.
936 4724 1027 4779 sed
1073 4725 1126 4779 in
1156 4726 1320 4779 verbo
1363 4726 1461 4779 hoc
1512 4726 1814 4800 habentes)
1846 4749 1859 4783 :
1891 4730 2009 4785 Siue
2054 4731 2107 4786 iu

531 4819 655 4872 aulo
678 4859 692 4882 ,
725 4818 827 4872 sive
855 4818 906 4870 in
936 4827 1105 4884 terra;
1133 4816 1186 4871 in
1234 4817 1366 4870 ctelo
1411 4817 1595 4872 dicens
1639 4818 1804 4873 solem
1833 4830 1884 4874 et
1930 4823 2105 4878 lunam

534 4918 588 4961 et
626 4910 885 4978 reliqnmn
917 4921 1180 4965 astrorum
1209 4911 1466 4974 chorum;
1501 4927 1622 4965 nam
1657 4911 1768 4968 haec
1795 4915 1954 4969 etiam
1981 4916 2108 4974 ado-

535 4997 726 5053 rabant
750 5001 1010 5068 gentiles;
1046 5003 1097 5056 in
1131 5013 1292 5069 terra,
1324 5004 1618 5068 dasmonas,
1646 5013 1698 5058 et
1718 5021 1813 5059 eos
1843 5021 1906 5060 ex
1931 5005 2104 5062 homi-

535 5088 690 5142 nibus
717 5091 806 5157 qui
847 5090 900 5142 in
929 5089 1061 5146 deos
1088 5093 1239 5146 relati
1285 5106 1429 5148 sunt.
1482 5095 1589 5149 Sed
1615 5095 1755 5148 nobis
1793 5113 1924 5151 unus
1970 5097 2108 5154 Deus

539 5177 709 5233 Pater.
747 5180 880 5234 Cum
908 5182 1054 5251 prius
1095 5183 1362 5251 posuisset
1400 5188 1599 5255 absque
1648 5189 1734 5241 illa
1766 5203 1894 5241 voce
1921 5189 2106 5256 Pater,

535 5281 589 5325 ct
616 5270 854 5335 dixisset,
887 5269 1083 5325 Nullus
1115 5282 1189 5325 est
1213 5274 1343 5327 alius
1379 5275 1510 5328 Deus
1534 5277 1629 5329 nisi
1658 5296 1818 5345 tutus,-
1846 5297 1985 5336 nunc
2009 5282 2110 5339 hoc

535 5363 715 5428 addit,
749 5372 1024 5434 postquam
1057 5365 1175 5419 illos
1205 5365 1424 5420 omnino
1449 5365 1701 5434 ejecerat.
1741 5370 1939 5427 Deinde
1968 5374 2107 5442 quod

537 5470 617 5509 eSt
641 5458 928 5511 maximum
961 5459 1250 5514 divinitatis
1275 5459 1534 5529 judicium
1563 5460 1710 5516 addit
1735 5482 1748 5516 :
1780 5464 1864 5518 Ea:
1884 5482 1983 5534 quo
2003 5484 2111 5519 om—

539 5546 643 5600 nia.
677 5549 784 5603 lloc
804 5552 944 5605 enim
968 5552 1204 5608 ostendit
1236 5552 1356 5606 illos
1389 5568 1492 5606 non
1515 5567 1635 5607 esse
1654 5553 1803 5609 deos.
1835 5556 1912 5610 Dii
1941 5558 2106 5623 enim,

538 5635 728 5703 inquit,
761 5642 846 5706 qui
877 5644 1065 5697 caelum
1097 5654 1150 5699 et
1180 5655 1374 5699 terram
1412 5661 1515 5698 non
1558 5646 1835 5712 fecerunt,
1864 5662 2104 5718 pereant.

541 5725 762 5793 Deinde,
794 5733 935 5801 quod
968 5750 1072 5788 con
1103 5737 1279 5789 minus
1309 5747 1410 5802 est,
1442 5736 1621 5806 adjicit
1651 5756 1661 5789 :
1697 5737 1760 5790 Et
1782 5756 1872 5792 nos
1903 5741 1952 5791 in
1975 5741 2102 5810 ipso.

1237 329 1294 384 S.
1335 322 1606 382 JOANNIS
1651 319 2122 377 CHRYSOSTOMI
2163 320 2478 377 ARCHIEP.
2519 319 3047 378 CONSTANTINOP.
3660 329 3751 388 ιω

2183 436 2406 504 Quando
2425 438 2565 491 enim
2584 437 2737 499 dixit.
2759 439 2842 492 Ex
2856 455 2954 509 quo
2981 440 3151 493 omnia
3173 483 3188 506 ,
3204 441 3530 498 creationem
3560 461 3762 502 memo-

2185 536 2265 580 rat
2287 536 2342 581 et
2359 528 2760 596 productionem
2779 544 2842 581 ex
2863 529 3031 583 nihilo
3051 530 3116 583 ad
3139 533 3477 588 existentiam
3499 552 3512 598 ;
3538 549 3659 590 cum
3677 553 3761 592 au-

2187 629 2289 671 tem
2311 619 2460 682 dicit,
2483 619 2546 672 Et
2567 637 2659 673 nos
2683 621 2735 673 in
2752 622 2882 688 ipso,
2917 621 3035 676 fidei
3056 624 3518 693 etconjunctiunis
3541 630 3758 685 verbum

2185 708 2386 778 profert
2410 727 2422 760 :
2447 711 2587 779 quod
2611 721 2764 763 antea
2787 727 2997 781 quoque
3019 712 3233 768 dicebat
3255 731 3269 767 :
3295 714 3378 770 Ex
3397 717 3507 786 ipso
3528 729 3697 772 autem
3719 729 3764 774 et

2185 817 2270 854 vos
2297 806 2413 855 estis
2445 803 2496 854 in
2514 802 2712 856 Christo
2723 803 2753 855 J
2761 821 2847 856 esu
2868 804 2915 872 (i
2929 845 2942 857 .
2960 803 3076 859 Cor.
3096 807 3147 859 1.
3167 805 3283 878 50).
3305 809 3506 878 Duplici
3527 811 3670 865 enim
3692 828 3768 865 ra.

2187 892 2330 944 tione
2344 908 2408 945 ex
2434 893 2549 959 ipso
2566 909 2770 958 sumus,
2790 896 2996 964 etquod
3014 911 3133 948 cum
3154 912 3258 952 non
3277 913 3540 965 essemus,
3559 899 3683 955 facti
3702 901 3769 954 si-

2186 996 2322 1046 mus,
2347 984 2560 1052 etquod
2600 983 2780 1038 fideles
2812 986 2931 1039 facti
2963 986 3302 1040 simusznam
3336 989 3436 1043 hoc
3452 1005 3665 1059 quoque
3683 1001 3770 1046 est

2187 1075 2391 1128 creatio
2411 1092 2422 1126 :
2443 1076 2583 1144 quod
2600 1078 2760 1130 etiam
2779 1078 2902 1132 alibi
2921 1078 3078 1132 dicit:
3100 1076 3168 1133 Ut
3185 1081 3313 1133 duos
3329 1095 3516 1136 crearet
3533 1089 3584 1135 in
3602 1084 3769 1145 seinse

2189 1183 2240 1219 m
2257 1184 2408 1221 unum
2431 1183 2610 1221 nouum
2632 1170 2880 1223 hominem
2900 1169 3112 1242 (Ep/tes.
3136 1171 3190 1224 ‘2.
3213 1171 3324 1243 16).
3349 1171 3416 1225 Et
3436 1191 3563 1229 unus
3584 1175 3772 1230 Domi-

2187 1274 2283 1310 nus
2307 1257 2458 1312 Jesus
2488 1259 2738 1326 Christus,
2787 1278 2874 1330 per
2898 1278 3041 1333 quem
3078 1265 3247 1316 omnia
3268 1275 3313 1317 et
3342 1283 3434 1320 nos
3467 1284 3558 1335 per
3577 1269 3769 1339 ipsum.

2191 1351 2256 1404 Et
2297 1353 2457 1404 etiam
2488 1351 2557 1405 de
2586 1352 2799 1407 Christo
2840 1353 3086 1408 sinul.ter
3134 1356 3233 1408 hoc
3274 1358 3629 1427 cogitandum.
3665 1363 3772 1419 Per

2191 1444 2360 1512 ipsum
2389 1445 2532 1498 enim
2559 1459 2624 1498 ex
2653 1445 2821 1498 nihilo
2852 1447 3160 1515 productum
3191 1459 3273 1502 est
3303 1465 3471 1519 genus
3493 1441 3772 1510 luiminum

2191 1537 2256 1589 ad
2296 1538 2632 1591 cxistentiam
2655 1576 2670 1602 ,
2699 1550 2753 1592 et
2779 1554 2841 1592 ex
2873 1554 3059 1594 errore
3093 1540 3156 1592 ad
3192 1543 3464 1597 veritatem
3513 1546 3775 1602 reductus

2191 1637 2292 1684 est.
2325 1628 2508 1699 itaque
2540 1631 2667 1684 illud
2689 1671 2702 1693 ,
2732 1631 2816 1685 Ex
2843 1648 2961 1700 quo,
2992 1647 3096 1686 non
3127 1643 3243 1697 est,
3271 1635 3387 1690 sine
3429 1637 3586 1691 tibris
3609 1655 3643 1692 ο
3668 1660 3680 1693 :
3705 1657 3774 1696 ex

2193 1719 2308 1789 ipso
2334 1721 2476 1774 enim
2511 1736 2606 1790 per
2633 1721 2902 1776 Christum
2953 1725 3118 1776 creati
3165 1740 3370 1780 sumus.
3417 1727 3596 1798 Neque
3643 1747 3778 1798 ergo

2196 1811 2410 1864 nomina
2444 1820 2714 1881 tamquam
2741 1821 2885 1868 sorte
2927 1813 3210 1889 distributa
3251 1817 3464 1886 divisit,
3497 1819 3634 1875 Filio
3657 1825 3781 1892 qui-

2193 1901 2316 1956 dem
2349 1903 2623 1969 Dominus,
2655 1903 2796 1957 Patri
2830 1919 2956 1959 vero
2984 1905 3156 1971 Deus,
3186 1909 3504 1965 attribuens.
3545 1911 3677 1966 Nam
3709 1930 3778 1969 ea

2195 2008 2409 2062 quoque
2439 1994 2577 2048 solet
2606 2009 2748 2064 smpe
2781 2005 2988 2051 mutare
3016 1996 3288 2068 Scriptura
3312 2042 3326 2064 ,
3359 2011 3413 2055 ut
3442 2019 3561 2056 cum
3592 2004 3725 2059 dicit
3756 2048 3771 2068 ,

2196 2084 2338 2139 Dixit
2384 2085 2632 2142 Dominus
2683 2086 2904 2142 Domino
2934 2106 3078 2153 meo;
3124 2100 3180 2145 et
3227 2108 3451 2157 rursus,
3493 2094 3781 2168 Propterea

2196 2181 2342 2231 unxit
2369 2189 2415 2231 te
2462 2179 2628 2244 Deus,
2657 2179 2793 2234 Deus
2820 2191 2935 2234 tuus
2957 2181 2976 2250 (
2994 2181 3272 2238 Psal.109.
3293 2183 3408 2239 Le!
3447 2188 3535 2241 μ.
3564 2190 3649 2260 8);
3682 2202 3736 2243 et
3760 2234 3776 2252 .

2203 2269 2283 2322 Ea:
2330 2271 2505 2334 quibus
2533 2271 2762 2325 Christus
2801 2275 3076 2327 secundum
3121 2291 3354 2339 carnem,
3383 2279 3471 2343 qui
3514 2289 3586 2332 est
3623 2299 3784 2351 super

2198 2361 2368 2414 munia
2395 2361 2530 2416 Deus
2573 2362 2749 2434 (Rom.
2781 2364 2836 2418 9.
2866 2363 2943 2436 5).
2980 2365 3042 2418 Et
3089 2380 3234 2434 saepe
3264 2367 3462 2422 videris
3507 2369 3622 2424 htec
3660 2387 3790 2426 mu-

2201 2461 2302 2504 tata
2330 2455 2564 2507 nomina.
2609 2455 2664 2509 Si
2692 2465 2870 2510 autem
2915 2466 3096 2511 essent
3136 2460 3285 2527 quasi
3329 2472 3474 2514 sorte
3503 2465 3785 2534 assignata

2203 2543 2490 2613 unicuique
2545 2555 2748 2600 natura:
2769 2588 2782 2610 ,
2818 2563 2991 2618 neque
3039 2549 3178 2603 Deus
3200 2560 3345 2605 esset
3373 2550 3537 2605 Filius
3556 2595 3572 2620 ,
3602 2570 3786 2624 neque

2204 2634 2344 2688 Dens
2371 2645 2428 2688 ut
2460 2636 2646 2701 Pater,
2679 2653 2902 2692 manens
2928 2639 3126 2706 Filius;
3153 2657 3276 2695 cum
3307 2643 3470 2708 dixit,
3499 2645 3604 2699 Sed
3635 2648 3787 2701 nobis

2200 2744 2330 2781 unus
2362 2726 2528 2794 Deus,
2561 2729 2832 2800 superflue
2860 2731 3150 2788 addidisset
3181 2735 3308 2789 illud
3332 2777 3344 2797 ,
3369 2735 3558 2803 Pater,
3592 2738 3787 2795 volens

2200 2819 2504 2888 significare
2531 2823 2825 2892 ingenitum
2858 2842 2871 2878 :
2905 2827 3034 2879 satis
3059 2827 3201 2881 enim
3230 2827 3416 2885 fuisset
3437 2830 3587 2894 illud,
3614 2830 3784 2897 Deus,

2201 2913 2244 2962 si
2273 2911 2387 2979 ejus
2427 2913 2594 2967 solius
2623 2914 2901 2970 exhiberet
2935 2918 3299 2988 cognitionem
3323 2962 3337 2985 ,
3368 2921 3432 2974 ad
3481 2921 3532 2976 id
3580 2921 3792 2992 signiﬁ-

2199 3002 2450 3058 candum.
2486 3004 2600 3059 Non
2653 3005 2754 3060 hoc
2799 3016 2975 3061 autem
3019 3008 3229 3075 solum,
3260 3009 3354 3065 sed
3399 3011 3542 3065 aliud
3571 3028 3792 3084 quoque

2203 3093 2304 3146 dici
2342 3103 2535 3164 potest.
2590 3096 2644 3150 Si
2672 3097 2815 3151 enim
2847 3098 3048 3153 dixeris
3071 3139 3087 3164 ,
3118 3099 3239 3170 quia
3271 3102 3410 3158 Deus
3439 3119 3574 3157 unus
3608 3105 3793 3161 dictus

2204 3195 2318 3249 est,
2352 3187 2476 3241 illud
2503 3231 2518 3254 ,
2568 3188 2706 3243 Deus
2728 3230 2746 3257 ,
2787 3205 2891 3246 non
2921 3193 3168 3247 convenit
3195 3193 3363 3260 Filio;
3389 3196 3613 3251 observa
3641 3201 3791 3268 quod

2207 3279 2307 3334 hoc
2336 3282 2498 3336 etiam
2543 3282 2609 3336 de
2644 3285 2780 3338 Filio
2804 3283 2910 3339 dici
2953 3287 3136 3355 possit.
3173 3287 3382 3341 Etenim
3414 3288 3580 3342 Filius
3601 3331 3615 3355 ,
3645 3307 3792 3346 unus

2209 3370 2468 3426 Dominus
2501 3373 2676 3429 dictus
2705 3387 2821 3440 est;
2850 3391 3025 3446 neque
3053 3387 3229 3434 tamen
3259 3380 3382 3435 ideo
3412 3383 3538 3436 illud
3559 3425 3574 3450 ,
3602 3382 3790 3440 Domi-

2205 3478 2300 3515 nus
2320 3504 2334 3523 ,
2366 3463 2464 3532 ipsi
2495 3465 2596 3520 soli
2639 3477 2949 3535 competere
2985 3468 3230 3525 dicimus.
3260 3471 3599 3544 Quapropter
3623 3493 3788 3546 quam

2210 3557 2318 3610 vim
2350 3556 2508 3612 habet
2537 3558 2662 3613 illud
2686 3600 2700 3623 ,
2735 3558 2881 3615 Unus
2901 3603 2915 3628 ,
2944 3577 3067 3632 erga
3093 3563 3281 3618 Filium
3303 3607 3318 3630 ,
3349 3568 3592 3623 eamdem
3627 3571 3791 3628 habet

2206 3664 2330 3719 erga
2382 3651 2591 3705 Patrem
2623 3669 2638 3707 :
2667 3667 2731 3707 ac
2769 3655 3219 3722 quemadmodum
3270 3657 3359 3712 ille
3406 3675 3510 3715 non
3564 3663 3792 3733 impedit

2206 3741 2491 3808 quominus
2520 3742 2677 3797 Pater
2702 3743 2965 3798 Dominus
2987 3746 3077 3812 sit,
3107 3761 3172 3800 eo
3197 3747 3357 3804 modo
3385 3766 3489 3819 quo
3509 3751 3674 3807 Filius
3699 3766 3791 3811 est

2210 3832 2484 3898 Dominus,
2513 3848 2577 3888 eo
2607 3833 2747 3904 quod
2777 3835 2945 3890 Filius
2967 3853 3105 3892 unus
3151 3839 3405 3895 Dominus
3433 3840 3677 3896 dicatur:
3709 3845 3786 3900 ita

2208 3939 2380 3992 neque
2407 3923 2598 3978 Filium
2647 3925 2869 3995 impedit
2906 3928 3194 3995 quominus
3230 3932 3297 3985 sit
3328 3931 3464 3986 Deus
3485 3974 3500 3997 ,
3530 3948 3596 3988 eo
3625 3937 3793 3993 modo

2206 4029 2313 4083 quo
2338 4014 2497 4069 Pater
2526 4025 2608 4069 est
2651 4016 2789 4072 Deus
2807 4058 2822 4082 ,
2853 4017 2996 4086 quod
3025 4019 3181 4075 Pater
3209 4021 3415 4076 dicatur
3443 4039 3579 4078 unus
3623 4025 3787 4082 Deus.

2206 4103 2356 4169 Quod
2385 4106 2429 4159 si
2460 4105 2675 4182 quidam
2710 4107 2942 4162 dixernt
2967 4151 2980 4174 ,
3010 4125 3106 4164 cur
3141 4111 3399 4182 Spiritum
3447 4130 3552 4169 non
3584 4131 3784 4172 mento-

2208 4195 2376 4250 ravit?
2405 4197 2534 4250 illud
2564 4179 2886 4265 dixerimus,
2911 4201 3081 4270 ipsum
3105 4217 3296 4273 nempe
3327 4203 3632 4261 idololatras
3657 4208 3792 4262 allo-

2208 4288 2296 4356 qui
2318 4330 2332 4354 ,
2353 4299 2406 4342 et
2430 4289 2498 4343 de
2525 4289 2630 4346 diis
2654 4291 2840 4346 multis
2860 4291 3033 4362 deque
3057 4292 3290 4349 dominis
3318 4297 3498 4350 multis
3521 4312 3641 4352 esse
3667 4313 3791 4352 cer-

2211 4387 2407 4435 tamen.
2443 4379 2568 4433 ldeo
2595 4395 2714 4435 cum
2754 4382 2967 4437 Patrem
2995 4384 3160 4438 Deum
3189 4384 3433 4452 dixisset,
3460 4387 3648 4444 Filium
3681 4389 3793 4445 Do-
3847 4408 3850 4411 τ

2211 4469 2412 4524 minum
2461 4472 2768 4539 appellavit.
2812 4474 2866 4528 Si
2909 4489 3039 4544 ergo
3083 4475 3292 4532 Patrem
3341 4494 3449 4533 non
3497 4495 3661 4536 ausus
3706 4493 3792 4538 est

2217 4573 2356 4613 nunc
2384 4560 2653 4628 appellare
2683 4561 2965 4619 Dominum
2989 4579 3108 4619 cum
3141 4565 3295 4633 Filio,
3326 4584 3394 4624 ne
3423 4570 3476 4624 in
3518 4573 3790 4642 suspicio~

2212 4664 2332 4703 nem
2363 4650 2572 4706 veniret
2596 4651 2735 4722 quod
2767 4653 2901 4708 duos
2928 4655 3132 4711 diceret
3160 4657 3445 4724 Domitios,
3499 4677 3672 4732 neque
3698 4663 3790 4718 Fi-

2211 4739 2342 4794 lium
2391 4740 2559 4796 Deum
2602 4759 2722 4799 cum
2766 4745 2956 4811 Patre,
3003 4762 3070 4802 ne
3105 4756 3384 4818 putaretur
3427 4750 3563 4807 duos
3607 4753 3791 4810 dicere

2214 4829 2352 4884 Deos
2371 4869 2384 4895 ,
2403 4832 2527 4899 quid
2547 4834 2775 4900 miraris,
2797 4837 2841 4891 si
2859 4835 3112 4906 Spiritum
3133 4855 3239 4895 non
3258 4846 3672 4898 memoraverit?
3697 4847 3792 4900 ad-

2212 4937 2400 4978 versus
2428 4925 2548 4980 illos
2573 4929 2714 4980 enim
2745 4937 2853 4982 tum
2881 4931 3243 4998 concertabat,
3272 4943 3327 4988 ut
3348 4935 3659 4992 ostenderet
3681 4953 3788 4994 non

2212 5028 2331 5069 esse
2359 5016 2496 5085 apud
2539 5033 2636 5070 nos
2683 5019 3124 5088 multiplicitatem
3167 5022 3409 5078 deorum.
3453 5025 3578 5081 Ideo
3621 5029 3783 5095 illud,

2218 5104 2380 5172 Unus,
2411 5106 2626 5163 assidue
2659 5111 2852 5166 retinet
2883 5112 3088 5179 dicens,
3122 5113 3244 5170 Non
3273 5128 3345 5171 est
3368 5117 3508 5174 Deus
3535 5120 3668 5176 alius
3695 5125 3799 5178 nisi

2212 5213 2373 5261 unus;
2397 5209 2469 5263 et,
2506 5199 2667 5254 Nobis
2696 5219 2824 5256 unus
2851 5214 2923 5257 est
2955 5207 3088 5259 Deus
3109 5217 3157 5261 et
3183 5223 3313 5263 unus
3340 5210 3606 5266 Dominus.
3639 5215 3790 5271 Unde

2216 5289 2554 5344 manifestum
2583 5302 2666 5346 est
2701 5293 2881 5358 illum,
2912 5297 3212 5354 auditorum
3241 5301 3530 5357 infirmitati
3565 5319 3790 5375 parcen-

2217 5388 2342 5445 tem,
2376 5381 2478 5437 hoc
2503 5384 2758 5453 arguendi
2789 5386 2946 5441 modo
2975 5403 3125 5444 usum
3153 5406 3275 5447 esse
3295 5433 3310 5457 ,
3360 5393 3587 5465 ideoque
3616 5397 3788 5466 Spiri-

2214 5481 2324 5524 tum
2354 5487 2457 5527 non
2489 5478 2890 5533 memoravisse.
2939 5479 3071 5535 Nam
3122 5483 3166 5536 si
3213 5483 3318 5542 hoc
3363 5501 3468 5539 non
3497 5499 3661 5550 esset,
3693 5505 3791 5544 nec

2213 5561 2336 5615 alibi
2365 5565 2690 5631 oportuisset
2735 5568 2991 5636 Spiritum
3043 5587 3376 5640 memorare,
3421 5593 3598 5647 neque
3639 5579 3787 5633 illum

2215 5668 2334 5707 cum
2370 5655 2528 5711 Patre
2569 5668 2623 5711 et
2669 5659 2805 5714 Filio
2831 5662 3174 5732 conjungere.
3222 5666 3355 5721 Nam
3401 5669 3445 5722 si
3490 5683 3520 5722 a
3553 5670 3711 5725 Patre
3737 5681 3790 5726 et

2219 5745 2352 5801 Filio
2380 5759 2520 5804 esset
2548 5750 2795 5806 exclusus
2819 5794 2833 5817 ,
2866 5755 3030 5810 multo
3055 5758 3222 5826 magis
3265 5759 3414 5816 illum
3439 5761 3493 5818 in
3523 5762 3788 5834 baptismo
