4090 6216
332 327 438 382 163

321 441 426 497 οὐκ
455 439 570 512 ἔχει
605 439 833 512 βλάϐην,
873 439 948 504 ὡς
981 439 1296 514 ἀδιαφόροις
1325 439 1551 512 ἔμελλον
1585 442 1916 515 ἐπιτρέχειν·

321 530 663 595 κωλυθέντες
690 532 747 585 δὲ
776 531 960 585 αὐτῶν
981 531 1270 599 ἅπτεσθαι,
1291 533 1452 588 πάλιν
1484 534 1808 590 ὑπώπτευον
1836 538 1916 590 ὅτι

317 625 398 687 ὠς
425 623 577 694 ίσχὺν
600 624 834 692 ἐχόντων
856 626 934 687 είς
958 623 1018 677 τὸ
1045 624 1303 694 βλάπτειν
1333 626 1706 698 ἐκωλύθησαν.
1732 629 1830 682 Διά
1855 629 1918 699 δὴ

317 714 483 768 τοῦτο
530 713 775 767 καθελὼν
820 714 919 786 τὴν
969 715 1077 770 τῶν
1119 717 1356 772 εἰδώλων
1403 719 1680 783 ὑπόνοιαν,
1738 720 1918 774 αίτίαν

319 806 550 879 πρώτην
615 807 798 877 τίθησι
845 808 940 860 τοῦ
987 809 1310 880 ἀπέχεσθαι,
1364 811 1432 864 τὰ
1485 812 1756 866 σκάνδαλα
1809 812 1918 864 τῶν

321 899 590 969 ἀδελφῶν,
627 899 771 954 οὕτω
799 900 996 970 λέγων·
1027 897 1300 972 Περίτῆς
1331 903 1616 972 βρώσεως
1655 900 1769 959 οὖν
1802 905 1921 958 τῶν

325 991 760 1057 εἰδωλοθύτων,
791 994 1038 1064 οῖὸομεν
1071 995 1162 1049 ὅτι
1194 995 1379 1050 οὐδὲν
1429 996 1683 1050 εἴδωλον
1714 996 1784 1050 ἐν
1816 997 1918 1050 κό-

325 1099 478 1155 σμῳ.
511 1085 680 1139 Πάλιν
714 1085 889 1139 κοινὸν
913 1087 1044 1140 αὐτὸ
1079 1091 1244 1151 ποιεῖ,
1286 1088 1381 1142 καὶ
1421 1088 1481 1141 οὐ
1517 1091 1792 1158 συγχωρεῖ
1821 1087 1918 1157 μό-

326 1194 434 1230 νων
463 1177 688 1230 ἐκείνων
719 1178 974 1246 γενέσθαι
999 1179 1178 1247 τοῦτο,
1205 1180 1319 1234 ἀλλ’
1344 1181 1572 1234 ἐκτείνει
1593 1180 1691 1251 τὴν
1717 1180 1918 1248 γνῶσιν

323 1265 602 1336 πανταχοῦ
629 1269 727 1336 τῆς
755 1267 1100 1339 οἰκουμένης.
1127 1269 1264 1323 Οὑδέ
1291 1270 1400 1341 γὰρ
1423 1272 1550 1342 παρ’
1579 1272 1706 1340 ὑμῖν
1734 1270 1914 1341 μόνον,

324 1359 513 1426 φησὶν,
538 1358 674 1411 ἀλλά
699 1359 976 1430 πανταχοῦ
1001 1360 1102 1429 τῆς
1121 1361 1228 1432 γῆς
1246 1361 1406 1415 τοῦτο
1430 1365 1621 1432 κρατεί
1638 1363 1697 1415 τὸ
1716 1363 1913 1432 δόγμα·

322 1451 484 1503 Ποῖον
511 1450 575 1522 δὴ
608 1451 785 1517 τοῦτο,
825 1454 946 1506 ’Ότι
968 1452 1151 1507 οὐδὲν
1175 1454 1432 1509 εἴδωλον
1458 1455 1530 1510 ἐν
1553 1457 1782 1526 κόσμῳ,
1814 1458 1914 1512 καί

320 1541 412 1594 ὅτι
447 1542 647 1609 οὐδεὶς
674 1543 821 1611 Θεὸς
868 1545 1090 1614 ἔτερος,
1133 1549 1188 1601 εί
1215 1546 1301 1617 μὴ
1331 1543 1454 1614 sic;
1499 1549 1613 1602 Οὐκ
1646 1549 1794 1605 ἐστιν
1822 1547 1916 1606 οὖν

320 1631 554 1700 ε.ίδωλα;
594 1634 696 1688 οὐκ
727 1634 844 1688 ἐστι
879 1634 1074 1702 ξόανα;
1100 1638 1259 1692 Ἔστι
1319 1639 1442 1711 μέν,
1503 1641 1620 1695 ἀλλ’
1652 1643 1752 1696 οὐκ
1801 1643 1914 1715 ἔχει

319 1723 443 1778 τινὰ
484 1725 659 1794 ἰσχὺν,
684 1727 806 1780 οὐδὲ
837 1726 950 1782 θεοί
975 1731 1134 1795 εἰσιν,
1164 1729 1302 1784 ἀλλά
1327 1731 1464 1785 λίθοι
1500 1735 1602 1788 ικαὶ
1637 1735 1908 1806 δαίμονες.

322 1814 467 1886 Πρὸς
496 1816 604 1890 γὰρ
639 1819 984 1890 ἀμφοτέρους
1014 1821 1357 1876 ἀποτείνεται
1391 1822 1510 1888 νῦν,
1533 1827 1629 1880 καὶ
1655 1829 1780 1891 τοὺς
1809 1846 1914 1881 πα-

321 1906 585 1977 χυτέρους
645 1909 826 1963 αὐτῶν
901 1912 996 1965 καὶ
1042 1912 1171 1977 τοὺς
1223 1913 1515 1980 δοκοῦντας
1577 1917 1908 1988 φιλοσοφεῖν.

337 1998 557 2071 Ἐπειδὴ
594 1999 704 2072 γάρ
727 2003 776 2055 οί
807 2003 908 2074 μὲν
937 2005 1089 2058 οὐδὲν
1120 2007 1283 2062 πλέον
1307 2009 1418 2063 τῶν
1444 2009 1608 2065 λίθων
1640 2011 1838 2076 ίσασιν,
1864 2018 1911 2069 οί

320 2089 380 2140 δὲ
409 2088 631 2158 λέγουσι
663 2095 757 2146 καὶ
792 2095 1056 2167 δυνάμεις
1081 2099 1250 2162 ,τινάς
1289 2100 1459 2154 οίκεῖν
1503 2103 1564 2153 ὲν
1603 2101 1806 2168 αὐτοῖς,
1846 2104 1912 2169 ἃς

323 2180 420 2233 δαὶ
468 2181 623 2247 θεοὺς
660 2183 911 2250 καλοῦσι,
951 2187 1090 2256 πρὸς
1143 2187 1244 2257 μὲν
1291 2185 1386 2242 οὖν
1439 2189 1681 2253 ἐκείνους
1723 2193 1909 2261 φησὶν,

320 2273 406 2325 ἔτι
459 2275 627 2329 Οὐδὲν
668 2278 884 2331 εἴδωλον
927 2281 986 2332 ἐν
1025 2282 1248 2353 κόσμῳ·
1283 2282 1419 2354 πρὸς
1453 2283 1512 2336 δὲ
1549 2284 1793 2349 τούτους,
1828 2286 1910 2339 ὃτι

321 2365 514 2431 Οὐδεὶς
540 2366 672 2432 Θεὸς
697 2370 905 2441 ἔτερος,
923 2374 970 2425 εί
996 2373 1071 2444 μὴ
1098 2369 1200 2439 εἷς.

397 2485 637 2559 γαμη]
680 2487 842 2559 Ὁρᾷς
866 2489 982 2554 πῶς
1012 2491 1109 2562 οὐχ
1148 2492 1334 2558 ἁπλῶς
1347 2494 1692 2566 δογματίζων
1711 2498 1912 2567 γράφει

319 2580 512 2646 ταῦτα,
537 2580 673 2634 ἀλλά
699 2582 835 2652 πρὸς
857 2582 1262 2656 άντιδιαστολὴν
1293 2585 1400 2640 τῶν
1426 2585 1655 2653 ἐξωθενς
1682 2592 1774 2643 καὶ
1804 2594 1911 2660 γάρ

321 2672 416 2725 καὶ
456 2670 612 2725 τοῦτο
649 2673 926 2744 πανταχοῦ
965 2675 1070 2747 χρὴ
1111 2681 1472 2749 παρατηρεῖν,
1499 2681 1608 2733 εἴτε
1648 2683 1913 2735 ἀπολελυ-

321 2763 506 2832 μένως
533 2762 677 2832 λέγει
702 2782 775 2831 τι,
807 2766 917 2820 εἴτε
950 2767 1084 2838 πρός
1113 2785 1261 2832 τινας
1287 2770 1593 2842 ἱστάμενος.
1634 2774 1768 2826 Οὐδὲ
1802 2776 1910 2846 γάρ

318 2855 380 2906 τὸ
393 2855 563 2924 τυχὸν
585 2858 664 2919 είς
682 2855 780 2926 τὴν
803 2856 910 2912 τῶν
935 2857 1222 2929 δογμάτων
1244 2862 1373 2931 ἡμῖν
1399 2874 1423 2902 ι
1446 2863 1731 2936 ἀκρίϐειαν
1753 2865 1911 2920 τοῦτο

322 2951 586 3015 συντελεῖ,
617 2951 711 3003 καὶ
741 2952 822 3014 είς
849 2951 1020 3024 αὐτὴν
1046 2952 1155 3007 τῶν
1183 2952 1492 3026 λεγομένων
1519 2957 1619 3029 τὴν
1645 2960 1909 3031 κατανόη-

323 3059 424 3096 σιν.
466 3041 573 3096 Kal
621 3041 734 3112 γὰρ
772 3041 940 3113 ειπερ
977 3045 1095 3098 εἰσί
1141 3049 1454 3117 λεγόμενοι
1502 3051 1646 3115 θεοὶ,
1682 3053 1804 3106 εἴτε
1839 3054 1911 3107 ἐν

319 3132 556 3202 οὐρανῷ
575 3136 699 3188 εἴτε
723 3136 825 3189 ἐπὶ
849 3135 980 3206 τῆς,
1006 3137 1211 3210 ὥσπερ
1237 3137 1353 3196 οὖν
1368 3142 1485 3196 εἰσὶ
1515 3145 1636 3198 θεοί
1665 3147 1906 3212 πολλοὶ,

320 3228 419 3282 καί
465 3228 655 3297 κύριοι
686 3231 926 3284 πολλοί·
961 3232 1100 3286 ἀλλ’
1132 3233 1278 3302 ἡμῖν
1322 3232 1411 3301 εἷς
1446 3237 1592 3303 Θεὸς
1620 3241 1653 3291 ό
1683 3238 1906 3308 Πατὴρ,

317 3320 386 3384 ἐξ
417 3315 492 3375 οὗ
519 3322 590 3374 τὰ
609 3320 830 3384 πάντα,
859 3322 955 3376 καί
985 3323 1156 3394 ἡμεῖς
1198 3327 1287 3390 είς
1313 3327 1519 3381 αὐτόν·
1556 3329 1655 3382 καί
1679 3326 1766 3398 εἷς
1794 3334 1908 3386 Κύ-

312 3428 447 3476 μος
488 3412 720 3479 Ἰησοῦς
743 3413 1021 3480 Χριστὸς,
1049 3414 1125 3469 δι’
1148 3412 1222 3472 οὗ
1252 3415 1325 3471 τὰ
1357 3418 1572 3487 πάντα,
1600 3423 1697 3477 καί
1735 3424 1908 3493 ἡμεῖς

317 3503 395 3556 δι’
417 3503 627 3557 αὑτοῦ.
679 3504 896 3577 Ἐπειδὴ
934 3501 1086 3560 εἶπεν
1135 3509 1216 3562 ὅτι
1248 3509 1400 3564 οὐδὲν
1438 3511 1658 3568 εἴδωλον
1693 3516 1789 3570 καὶ
1818 3518 1908 3570 οὐ-

319 3594 430 3658 δεὶς
450 3594 583 3658 Θεὸς
615 3595 701 3648 ἒτε
712 3613 823 3668 ρος,
858 3593 927 3669 ἦν
954 3597 1008 3651 δὲ
1045 3599 1140 3652 καὶ⁵
1179 3601 1392 3668 ελίδωλα,
1426 3598 1564 3674 ἦσαν
1592 3606 1649 3660 δὲ
1679 3610 1772 3661 καὶ
1794 3607 1906 3663 θεοὶ

321 3687 624 3758 λεγόμενοι·
661 3688 748 3741 ῖνα
782 3689 858 3760 μὴ
886 3689 1012 3762 δόξῃ
1051 3694 1164 3755 τοῖς
1206 3695 1459 3766 φανεροῖς
1485 3697 1773 3768 μάχεσθαι,
1807 3702 1906 3756 ἐπι

325 3777 445 3845 ἀγει
484 3777 656 3847 λέγων
686 3779 801 3851 (καὶ
837 3781 945 3852 γὰρ
984 3784 1140 3855 εἴπερ
1179 3786 1286 3838 εἰσὶ
1318 3785 1599 3858 λεγόμενοι
1639 3790 1772 3854 θεοὶ,
1801 3791 1908 3847 ὥσ-

325 3886 430 3940 περ
449 3867 544 3923 οὖν
572 3872 664 3926 καὶ
693 3873 849 3939 εἰσὶν,
882 3874 980 3945 οὐχ
1011 3875 1198 3940 ἁπλῶς
1223 3878 1391 3945 είσιν,
1423 3879 1562 3934 ἀλλὰ
1600 3881 1904 3954 λεγόμενοι,

320 3961 423 4011 οὐκ
446 3961 504 4013 ἐν
531 3963 837 4032 πράγματι,
855 3964 971 4017 ἀλλ’
993 3967 1050 4019 ἐν
1071 3967 1280 4037 ῥήματι
1305 3968 1463 4024 τοῦτο
1491 3970 1748 4045 ἐχοντες)’
1768 3976 1907 4030 Εἴτε

320 4052 392 4104 ἐν
412 4053 667 4119 οὐρανῷ,
685 4055 806 4109 εἴτε
823 4056 922 4109 ἐπὶ
954 4055 1086 4127 ⁶Γῆς·
1118 4059 1176 4110 ἐν
1205 4060 1420 4131 οὐρανῷ
1437 4062 1531 4116 τὸν
1555 4064 1706 4135 ἣλιον
1733 4067 1906 4137 λέγων

319 4144 421 4197 καὶ
459 4145 559 4216 τὴν
586 4146 808 4219 σελήνην
841 4150 936 4203 καὶ
977 4150 1068 4203 τὸν
1095 4150 1282 4207 λοιπὸν
1314 4153 1425 4207 τῶν
1462 4153 1678 4226 ἄστρων
1719 4161 1903 4231 χορόν·

318 4235 418 4291 καὶ
452 4236 561 4308 γάρ
593 4239 683 4291 καὶ
721 4241 891 4294 ταῦτα
918 4245 1333 4315 προσεκύνησαν
1363 4246 1644 4319 Ἕλληνες·
1682 4253 1775 4306 ἐπὶ
1799 4253 1906 4324 γῆς

317 4329 374 4382 δὲ
402 4329 686 4400 δαίμονας,
733 4334 828 4386 καὶ
863 4336 990 4399 τοὺς
1032 4335 1092 4400 ἐξ
1131 4337 1433 4409 ἀνθρώπων
1486 4339 1904 4416 θεοποιηθέντας

319 4428 588 4490 ἅπαντας.
632 4430 795 4484 Ἀλλ’
821 4431 966 4501 ἡμῖν
992 4427 1080 4499 εἷς
1115 4433 1259 4501 Θεὸς
1302 4437 1335 4488 ό
1375 4435 1597 4505 Πατήρ.
1631 4439 1904 4514 Πρότερον

319 4519 436 4583 θεὶς
481 4522 650 4590 χωρὶς
690 4520 783 4573 τοῦ
816 4522 1029 4594 Πατρὸς
1056 4523 1106 4589 ιι,
1137 4525 1231 4578 καὶ
1267 4525 1457 4589 είπὼν,
1501 4527 1711 4595 Οὐδεὶς
1759 4532 1904 4599 Θεὸς

317 4609 539 4677 ἕτερος,
585 4613 638 4664 ει
676 4612 764 4679 μὴ
801 4609 910 4679 εἷς,
951 4613 1046 4667 νῦν
1077 4614 1172 4668 καὶ
1206 4615 1362 4669 τοῦτο
1401 4619 1781 4692 προστίθησιν,
1812 4623 1901 4677 ὅτε

318 4701 595 4766 παντελῶς
621 4702 860 4768 ἐκείνους
887 4704 1160 4772 ἐξέϐαλεν.
1195 4702 1328 4762 Εἶτα
1367 4710 1460 4763 καὶ
1485 4711 1621 4782 ὅπερ
1645 4713 1764 4766 ἐστὶ
1796 4714 1902 4767 δεῖ·

315 4806 431 4858 γμα
457 4790 717 4860 μέγιστον
741 4791 1014 4864 θεότητος,
1042 4796 1137 4848 καὶ
1163 4797 1321 4850 τοῦτο
1346 4800 1562 4869 ἐπάγει·
1603 4802 1704 4868 Ἐξ
1731 4800 1803 4860 οὗ
1829 4805 1902 4860 τὰ

315 4882 528 4937 πάντα.
594 4883 767 4938 Τοῦτο
803 4885 914 4959 γὰρ
964 4885 1207 4942 δείκνυσι
1258 4889 1540 4956 κάκείνους
1593 4893 1692 4948 οὐκ
1740 4895 1900 4962 ὄντας

314 4973 490 5038 θεοὺς.
519 4974 646 5028 Θεοὶ
677 4976 806 5048 γὰρ,
838 4978 1023 5047 φησὶν,
1059 4980 1110 5032 οἳ
1146 4980 1238 5033 τὸν
1270 4982 1500 5052 οὐρανὸν
1537 4985 1633 5039 καὶ
1669 4985 1768 5059 τὴν
1794 4989 1899 5058 γῆν

311 5064 411 5116 οὐκ
436 5065 721 5136 ἐποίησαν,
757 5067 1161 5123 ἀπολέσθωσαν.
1196 5069 1331 5126 Εῐτα
1349 5073 1445 5126 καὶ
1479 5075 1541 5128 τὸ
1567 5075 1760 5131 τούτου
1796 5080 1897 5133 οὐκ

311 5153 530 5208 ἔλαττον
573 5157 920 5230 προστίθησι·
960 5160 1070 5214 Καὶ
1114 5161 1288 5232 ἡμεῖς
1336 5167 1426 5232 είς
1478 5169 1684 5225 αὐτόν.
1728 5169 1896 5226 Ὅταν

312 5245 412 5312 μὲν
455 5246 564 5317 γὰρ
606 5249 760 5319 εἴπῃ,
804 5249 905 5314 Ἐξ
935 5247 1008 5306 οὗ
1049 5252 1123 5306 τὰ
1152 5253 1368 5320 πάντα,
1399 5255 1499 5329 τὴν
1536 5259 1895 5332 δημιουργίαν

307 5336 476 5404 λέγει,
505 5339 602 5390 καὶ
638 5341 738 5411 τὴν
767 5343 830 5394 ἐκ
853 5341 950 5396 τοῦ
984 5344 1057 5414 μὴ
1097 5343 1249 5408 ὄντος
1279 5349 1359 5411 εἰς
1382 5350 1445 5402 τὸ
1464 5345 1606 5404 εἶναι
1633 5369 1894 5425 παραγω-

305 5429 428 5497 τήν.
458 5429 589 5483 ὅταν
617 5430 678 5483 δὲ
716 5432 869 5503 εἴπῃ,
919 5436 1029 5488 Καὶ
1060 5436 1231 5504 ἡμεῖς
1278 5440 1367 5503 εἰς
1403 5441 1610 5509 αὑτὸν,
1650 5443 1741 5497 τὸν
1791 5446 1893 5517 τῆς

370 5626 397 5654 ⁸
421 5627 568 5692 Ἡμῖν
589 5630 739 5698 deest
779 5634 829 5681 in
864 5635 986 5698 Reg.
1055 5635 1083 5673 ³⁵
1130 5635 1213 5686 Sic
1249 5637 1394 5688 habet
1421 5639 1636 5690 Savilius
1660 5643 1711 5692 in
1757 5659 1887 5694 mar-

301 5692 612 5767 9428,3131:
635 5697 758 5764 legit
782 5703 924 5744 vetus
939 5692 1223 5767 interpres
1247 5700 1464 5767 Latinus,
1489 5703 1669 5767 absque
1713 5692 1882 5765 Ροιιιε,

303 5753 764 5832 υυὶμοξιεςτιῑιεςιη
782 5772 923 5832 ρωβί
971 5759 1078 5832 τετε
1094 5753 1300 5821 ἑθιηρει·
1321 5753 1497 5832 πατρὸς
1515 5753 1762 5832 είιεέετίὸί

304 5813 432 5888 and;
457 5826 598 5883 ειτυι·
618 5824 757 5887 quus
781 5817 948 5882 fuerit,
990 5829 1043 5871 ul
1066 5835 1126 5870 ex
1169 5813 1497 5884 séquenliﬁus'
1518 5813 1879 5891 Ιὶψιειζήιῖόνιῖἷξ

305 5891 442 5936 ιωρις
463 5891 550 5923 του
563 5892 678 5939 προς
701 5895 760 5928 τι.

1390 323 1455 380 IN
1495 324 1712 381 EPIST.
1757 325 1898 379 lAD
1934 324 2092 380 COIT.
2140 327 2374 386 HOMIL.
2445 332 2563 388 ΧΧ.

3517 347 3620 400 ιοι

2031 444 2272 508 πίστεως
2301 447 2398 500 καλ⁸
2426 448 2526 519 τῆς
2547 449 2874 514 οίκειώσεως
2908 448 3064 521 λόγον
3101 452 3268 523 λέγει·
3302 456 3330 508 ὃ
3383 458 3479 511 καὶ
3525 459 3622 530 ἔμ-

2030 537 2263 607 προσθεν
2295 539 2501 608 ἔλεγεν·
2539 541 2642 606 Ἐξ
2687 543 2875 597 αὐτοῦ
2921 544 2990 597 δὲ
3023 547 3121 600 καὶ
3165 547 3337 616 ὑμεῖς
3385 549 3526 602 ἐστε
3555 553 3626 604 ἐν

2026 628 2264 695 Χριστῷ
2300 632 2523 698 Ἰησοῦ.
2562 632 2734 705 Διπλῇ
2770 635 2878 707 γάρ
2910 637 3079 707 ἐσμεν
3103 637 3165 702 ἐξ
3202 639 3393 703 αὑτοῦ,
3427 643 3518 696 καὶ
3547 642 3625 710 τῷ

2031 719 2106 789 μὴ
2146 719 2299 783 ὄντες
2332 722 2606 788 γενέσθαι,
2639 726 2732 778 καὶ
2763 724 2842 796 τῷ
2871 727 3053 780 πιστοὶ
3075 728 3350 797 γενέσθαι·
3392 731 3490 786 καὶ¹
3514 731 3624 804 γὰρ

2026 814 2122 866 καὶ
2161 815 2318 867 τοῦτο
2349 815 2544 879 κτίσις·
2599 817 2628 869 6
2671 819 2764 872 καὶ
2797 818 3032 890 ἀλλαχοῦ
3075 837 3260 892 φησιν·
3299 824 3434 877 Ἵνα
3481 823 3624 890 τοὺς

2027 904 2136 959 δύο
2160 907 2340 976 κτίσῃ
2373 910 2443 962 ἐν
2473 909 2667 976 ἐαυτῷ
2708 913 2797 976 είς
2851 911 2963 965 ἕνα
3012 917 3229 968 καινὸν
3282 915 3619 986 ἄνθρωπον.

2026 999 2136 1052 Καὶ
2166 995 2254 1063 εἷς
2280 1002 2496 1067 Κύριος
2528 1001 2770 1069 Ἰησοῦς
2789 1003 3062 1071 Χριστὸς,
3089 1004 3166 1057 δι’
3194 1001 3266 1060 οὗ
3297 1004 3371 1060 τὰ
3398 1004 3618 1071 πάντα,

2027 1088 2126 1142 καί
2165 1089 2337 1158 ἡμεῖς
2375 1089 2449 1143 δι’
2489 1092 2694 1145 αὑτοῦ.
2738 1093 2850 1146 Καὶ
2889 1095 2983 1145 ἐπὶ
3026 1093 3122 1147 τοῦ
3163 1095 3400 1167 Χριστοῦ
3455 1097 3620 1151 πάλιν

2025 1178 2226 1248 ὁμοίως
2265 1178 2424 1231 τοῦτο
2465 1180 2704 1250 νοητέον.
2739 1182 2818 1235 Δι’
2849 1182 3012 1236 αὐτοῦ
3048 1184 3157 1255 γάρ
3189 1186 3281 1238 καὶ
3314 1186 3377 1239 ἐκ
3417 1185 3510 1240 τοῦ
3542 1185 3619 1259 μὴ

2025 1271 2176 1334 ὄντος
2217 1270 2470 1342 παρήχθη
2500 1273 2559 1325 τὸ
2588 1272 2697 1325 τῶν
2719 1272 3024 1346 ἀνθρώπων
3057 1275 3216 1344 γένος
3255 1278 3334 1340 εἰς
3359 1277 3421 1330 τὸ
3451 1274 3616 1346 εἷναι,

2028 1363 2122 1415 καὶ
2169 1363 2276 1417 ἀπὸ
2315 1364 2524 1435 πλάνης
2564 1366 2644 1428 εἰς
2675 1365 2936 1435 ἀλήθειαν
2967 1366 3289 1438 ἐπανῆλθεν.
3323 1369 3485 1422 Ὥστε
3531 1371 3614 1432 τὸ,

2037 1457 2142 1521 Ἐξ
2158 1453 2250 1520 οὗ,
2273 1456 2430 1510 τοῦτο
2450 1458 2549 1510 οὐκ
2576 1457 2713 1520 ἔστι,
2745 1459 2930 1530 Χωρὶς
2956 1459 3050 1514 τοῦ
3073 1461 3334 1532 Χριστοῦ·
3367 1461 3424 1526 ἐξ
3450 1463 3615 1532 αὑτοῦ

2024 1547 2132 1621 γάρ
2184 1549 2271 1601 διὰ
2314 1549 2406 1602 τοῦ
2458 1549 2696 1621 Χριστοῦ
2745 1551 3284 1624 ἐδημιουργήθημεν.
3331 1553 3405 1606 Οὐ
3438 1553 3616 1606 τοίνυν

2023 1641 2143 1694 οὐδὲ
2173 1641 2240 1694 τὰ
2273 1641 2515 1711 ὀνόματα
2548 1641 2622 1704 ὡς
2648 1641 3156 1716 ἀποκεκληρωμένα
3181 1645 3366 1711 διεῖλε,
3406 1645 3484 1717 τῷ
3514 1646 3615 1716 μὲν

2024 1730 2137 1802 Υίῷ
2180 1733 2258 1797 τὸ,
2295 1733 2521 1804 Κύριος.
2555 1732 2632 1803 τῷ
2659 1732 2716 1785 δέ
2763 1735 2938 1807 Πατρὶ
2971 1736 3051 1798 τὸ,
3083 1735 3235 1802 Θεὸς,
3267 1737 3611 1809 προσνέμων.

2023 1819 2146 1878 υἷδε
2174 1825 2284 1896 γάρ
2315 1826 2453 1878 αὐτά
2508 1825 2602 1878 καὶ
2638 1826 2981 1880 ἐναλλάττειν
3020 1830 3053 1899 ἡ
3085 1829 3278 1901 Γραφὴ
3324 1830 3611 1896 πολλάκις,

2019 1914 2095 1978 ὼς
2121 1917 2248 1968 ὅταν
2278 1917 2432 1988 κέγῃ·
2480 1914 2662 1970 Εἶπεν
2690 1921 2723 1971 ὀ
2757 1920 2975 1988 Κύριος
3003 1918 3082 1986 τῷ
3119 1923 3316 1989 Κυρίῳ
3348 1941 3486 1992 μου·
3517 1927 3610 1979 καὶ

2021 2006 2206 2070 πάλιν,
2249 2006 2353 2060 Διὰ
2395 2009 2569 2063 τοῦτο
2598 2008 2808 2078 ἐχρισέ
2848 2025 2922 2063 σε
2957 2013 2990 2064 ὁ
3030 2012 3194 2077 Θεὸς,
3225 2015 3259 2065 ὁ
3299 2015 3445 2078 Θεός
3471 2030 3612 2068 σου·

2021 2102 2138 2165 καὶ,
2180 2101 2282 2168 Ἐξ
2312 2095 2400 2155 ὧν
2426 2106 2458 2156 ό
2483 2101 2737 2170 Χριστὸς
2766 2101 2832 2156 τὸ
2866 2103 3014 2156 κατὰ
3041 2103 3258 2171 σάρκα,
3310 2107 3343 2159 ὁ
3385 2104 3471 2158 ὢν
3511 2103 3606 2159 ἐπί

2020 2197 2264 2248 πάντων
2293 2196 2457 2261 Θεός.
2499 2195 2613 2249 Καὶ
2653 2194 2919 2264 πολλαχοῦ
2963 2195 3029 2249 ἂν
3074 2196 3205 2260 ίδοις
3237 2195 3408 2250 ταῦτα
3445 2215 3612 2266 μετα-

2021 2288 2278 2343 σαίνοντα
2301 2289 2366 2343 τά
2387 2289 2643 2360 ὀνόματα.
2675 2291 2737 2342 El
2765 2290 2822 2343 δὲ
2845 2290 3352 2362 ἀποκεκληρωμένα
3385 2288 3453 2363 ἦν
3475 2293 3607 2348 ἐκά-

2023 2394 2124 2450 στῃ
2155 2378 2338 2447 φύσει,
2375 2380 2470 2432 καὶ
2509 2379 2628 2449 οὑχί
2663 2379 2795 2438 Θεὸς
2825 2375 2892 2451 ἧν
2930 2382 2959 2434 6
3002 2381 3149 2446 Υἱὸς,
3181 2383 3276 2436 καὶ
3302 2382 3436 2447 Θεὸς
3474 2383 3550 2449 ὡς
3581 2386 3610 2439 ό

2021 2469 2232 2542 Πατὴρ,
2273 2469 2449 2540 μένων
2498 2470 2646 2535 Υἱός·
2678 2469 2870 2534 εἰπὼν,
2924 2473 3078 2527 Ἀλλ’
3121 2472 3268 2541 ’ἡμῖν
3301 2468 3392 2540 εἷς
3443 2475 3610 2542 Θεὸς,

2022 2561 2291 2632 περιττῶς
2317 2561 2629 2632 προσετίθει
2657 2561 2718 2615 τὸ
2750 2561 2972 2631 Πατὴρ,
3001 2563 3322 2634 βουλόμενος
3344 2566 3612 2638 γνωρίσαι

2019 2652 2109 2705 τὸν
2147 2652 2461 2721 ἀγέννητον·
2496 2654 2656 2724 ἤρκει
2683 2653 2792 2725 γὰρ
2815 2654 2876 2707 τὸ
2904 2654 3066 2720 Θεὸς,
3093 2656 3146 2708 εί
3166 2673 3227 2723 γε
3255 2656 3420 2710 αὑτοῦ
3450 2658 3606 2728 μόνον

2019 2738 2088 2814 ἦν
2132 2746 2516 2816 γνωριστικὸν,
2543 2746 2700 2799 τοῦτο
2743 2747 3002 2818 δηλῶσαι.
3039 2749 3114 2801 Οὐ
3142 2748 3303 2802 τοῦτο
3333 2749 3389 2804 δὲ
3422 2751 3606 2821 μόνον,

2018 2837 2154 2891 ἀλλὰ
2200 2839 2292 2890 καὶ
2322 2838 2508 2909 ἕτερον
2541 2837 2686 2892 ἐστιν
2729 2840 2923 2892 είπείν.
2958 2838 3108 2912 [175]
3151 2841 3212 2894 Εί
3247 2841 3357 2912 γάρ
3403 2842 3606 2911 λέγοις,

2018 2929 2100 2982 ὅτι
2127 2930 2312 2989 ἐπειδὴ
2340 2926 2416 2994 εἷς
2433 2930 2566 2994 Θεὸς
2588 2931 2821 3002 εἴρηται,
2849 2933 2948 3003 οὐχ
2971 2934 3203 3005 ἁρμόζει
3232 2947 3259 2976 ι
3284 2937 3361 3006 τῷ
3388 2936 3502 3006 Υίῷ
3523 2938 3608 3005 τὸ,

2021 3023 2190 3090 Θεὸς,
2231 3024 2333 3094 ὅρα
2373 3027 2465 3078 καὶ
2503 3026 2595 3078 ἐπὶ
2645 3025 2739 3079 τοῦ
2767 3025 2898 3079 Υίοῦ
2937 3028 2998 3080 τὸ
3032 3026 3163 3081 αὐτὸ
3190 3027 3458 3098 κείμενον.
3500 3030 3609 3082 Καὶ

2019 3115 2127 3185 γάρ
2157 3116 2186 3168 6
2215 3115 2344 3178 Υἱὸς
2366 3109 2447 3178 εἷς
2477 3116 2681 3188 Κύριος
2707 3119 2941 3188 εἴρηται,
2967 3118 3059 3172 καὶ
3085 3119 3147 3171 οὐ
3170 3118 3256 3171 διὰ
3279 3117 3435 3172 τοῦτο
3460 3119 3609 3191 αὐτῷ

2021 3206 2170 3278 μόνῳ
2222 3205 2302 3272 τὸ,
2343 3209 2580 3276 Κύριος,
2615 3210 2908 3280 ἁρμόττειν
2959 3210 3157 3280 φαμέν.
3195 3211 3354 3264 Ὥστε
3397 3210 3464 3282 ἢν
3495 3210 3608 3281 ἔχει

2021 3299 2174 3369 ίσχὺν
2196 3298 2278 3365 τὸ,
2305 3293 2431 3365 Εἷς,
2459 3299 2551 3352 ἐπὶ
2576 3299 2669 3353 τοῦ
2703 3299 2857 3363 Υὶοῦ,
2886 3299 3088 3372 ταύτην
3119 3301 3212 3354 καὶ
3243 3302 3336 3354 ἐπὶ
3361 3300 3458 3356 τοῦ
3491 3303 3607 3355 Πα-

2016 3390 2165 3462 τρός·
2211 3390 2306 3444 καὶ
2352 3390 2605 3462 καθάπερ
2644 3391 2744 3444 οὐκ
2773 3390 2966 3455 ἐξωθεῖ
2991 3393 3083 3445 τὸν
3115 3392 3338 3464 Πατέρα
3371 3393 3467 3447 τοῦ
3499 3394 3608 3447 Κύ-

2018 3499 2136 3553 ριον
2167 3479 2328 3547 εἶναι,
2361 3477 2470 3546 οἷος
2491 3486 2520 3536 6
2549 3482 2676 3547 Υίός
2702 3485 2819 3536 ἐστι
2847 3482 3072 3556 Κύριος,
3107 3483 3197 3538 διὰ
3229 3485 3290 3539 τὸ
3319 3487 3414 3540 ἕνα
3443 3487 3607 3542 αὑτὸν

2016 3573 2270 3643 λέγεσθαι
2311 3575 2516 3646 Κύριον
2544 3576 2635 3630 τὸν
2673 3575 2821 3630 Υίόν·
2853 3574 3029 3640 οὕτως
3064 3577 3183 3630 οὐδὲ
3215 3578 3305 3631 τὸν
3339 3579 3470 3632 Υίὸν
3509 3583 3605 3634 ἐκ-

2017 3663 2203 3719 ϐάλλει
2224 3664 2318 3718 τοῦ
2346 3661 2487 3720 εἶναι
2507 3665 2663 3732 Θεὸν,
2703 3662 2813 3732 οἷός
2843 3666 2960 3719 ἐστι
2983 3665 3114 3732 Θεὸς
3139 3671 3167 3722 6
3196 3669 3407 3742 Πατὴρ,
3435 3671 3523 3726 διὰ
3545 3673 3606 3726 τὸ

2016 3754 2113 3808 ἕνα
2145 3755 2279 3808 Θεὸν
2317 3755 2571 3825 λέγεσθαι
2607 3757 2702 3810 τὸν
2736 3757 2976 3828 Πατέρα.
3021 3760 3083 3813 Εί
3107 3759 3165 3814 δέ
3200 3778 3345 3826 τινες
3371 3761 3600 3832 λέγοιεν·

2015 3847 2172 3908 Τίνος
2191 3846 2376 3899 ἕνεκεν
2396 3847 2537 3902 Πνεύ
2546 3865 2715 3918 ματος
2733 3849 2834 3902 οὐκ
2859 3851 3266 3921 ἐμνημόνευσεν
3286 3869 3300 3920 ;
3331 3855 3508 3908 ἐκεῖνο
3537 3855 3605 3909 ἂν

2015 3941 2287 4012 εἴποιμεν,
2332 3941 2416 3994 ὅτι
2460 3941 2598 4011 πρὸς
2638 3941 3031 4014 είδωλολάτρας
3075 3941 3143 4017 ἦν
3181 3949 3210 3999 6
3247 3947 3403 4016 λόγος
3431 3949 3601 4019 αὐτῷ,

2015 4034 2112 4087 καὶ
2148 4033 2276 4103 περὶ
2299 4031 2438 4086 θεῶν
2466 4032 2678 4086 πολλῶν
2701 4036 2730 4087 6
2757 4035 2926 4102 ἀγὼν,
2954 4037 3050 4089 καὶ
3081 4037 3211 4109 περὶ
3239 4039 3445 4109 κυρίων
3474 4040 3602 4092 πολ-

2013 4124 2143 4180 λῶν.
2177 4125 2270 4180 Διὸ
2299 4126 2396 4180 καὶ
2423 4125 2556 4180 Θεὸν
2583 4125 2674 4180 τὸν
2705 4127 2926 4199 Πατέρα
2957 4127 3148 4195 είπὼν,
3187 4130 3280 4183 τὸν
3309 4130 3437 4186 Υίὸν
3469 4133 3601 4186 ἐκά-

2013 4218 2138 4272 λεσε
2160 4218 2385 4288 Κύριον.
2415 4218 2480 4270 Εί
2515 4216 2694 4272 τοίνυν
2723 4219 2815 4272 τὸν
2846 4219 3066 4290 Πατέρα
3090 4221 3190 4274 οὐκ
3217 4220 3480 4292 ἐτόλμησε
3503 4238 3604 4274 κα-

2012 4305 2171 4359 λέσαι
2215 4305 2420 4377 Κύριον
2463 4307 2558 4360 νῦν
2591 4308 2728 4377 μετὰ
2766 4307 2862 4363 τοῦ
2903 4308 3056 4373 Υίοῦ,
3097 4308 3182 4363 ἵνα
3231 4309 3305 4382 μὴ
3338 4310 3432 4364 δύο
3468 4315 3600 4384 παρ’

2014 4397 2245 4460 ἐκείνοις
2282 4396 2656 4469 ὑποπτεύηται
2686 4397 2866 4466 λέγειν
2895 4400 3153 4471 Κυρίους,
3190 4400 3312 4453 οὺδέ
3351 4401 3443 4456 τὸν
3474 4403 3602 4455 Υίὸν

2012 4485 2146 4540 Θεὸν
2171 4485 2312 4557 μετά
2337 4485 2432 4541 τοῦ
2458 4487 2695 4558 Πατρὸς,
2725 4489 2813 4542 ἵνα
2855 4489 2932 4560 μὴ
2962 4488 3056 4542 δύο
3089 4487 3378 4562 νομίζηται
3418 4489 3600 4561 λέγειν

2013 4576 2170 4640 θεούς
2189 4593 2203 4607 ·
2230 4577 2284 4630 τί
2313 4577 2638 4649 θαυμάζεις,
2664 4580 2712 4632 εί
2741 4578 2838 4633 τοῦ
2882 4579 3201 4653 Πνεῦματος
3224 4582 3324 4635 οὐκ
3355 4583 3598 4653 ἐμνημό-

2011 4685 2204 4735 νευσε;
2233 4669 2368 4742 πρὸς
2401 4670 2511 4743 γὰρ
2537 4671 2779 4735 ἐκείνους
2807 4672 2956 4744 αὑτῷ
2983 4673 3125 4736 τέως
3155 4669 3224 4744 ἦν
3248 4675 3277 4726 ὁ
3303 4674 3474 4743 ἀγὼν,
3502 4679 3597 4732 καὶ

2009 4758 2070 4814 τὸ
2101 4761 2294 4828 δεῖξαι,
2338 4762 2421 4817 ὅτι
2466 4763 2566 4817 οὐκ
2606 4762 2720 4817 ἔστι
2764 4765 3022 4818 πολυθεῖα
3062 4767 3193 4837 παρ’
3225 4768 3375 4837 ἡμῖν.
3416 4769 3508 4820 Διὸ
3536 4768 3596 4821 τὸ

2009 4847 2117 4919 Εἷς
2168 4853 2330 4907 τοῦτο
2380 4854 2622 4926 συνεχῶς
2675 4855 2894 4925 κατέχει
2945 4855 3137 4926 λέγων·
3200 4857 3410 4924 Οὐδεὶς
3450 4858 3595 4924 Θεὸς

2007 4945 2227 5015 ἕτερος,
2285 4949 2338 5000 εὶ
2376 4947 2462 5016 μὴ
2503 4943 2608 5012 εἷς·
2663 4950 2778 5011 καὶ,
2829 4948 3002 5017 Ἡμῖν
3041 4945 3130 5016 εἷς
3169 4952 3316 5015 Θεὸς
3365 4951 3462 5003 καί
3503 4945 3594 5016 εἷς

2006 5041 2244 5109 Κύριος.
2292 5040 2454 5094 Ὅθεν
2496 5039 2655 5110 δῆλον
2707 5041 2788 5093 ὅτι
2819 5041 3131 5114 φειδόμενος
3176 5042 3276 5113 τῆς
3306 5042 3593 5106 ἀσθενείας

2006 5133 2113 5186 τῶν
2137 5133 2464 5196 ἀκουόντων,
2490 5131 2666 5205 ταύτῃ
2687 5135 2958 5204 ἐχρήσατο
2978 5138 3044 5206 τῇ
3073 5136 3361 5207 διασκευῇ,
3388 5138 3479 5190 καὶ
3502 5136 3592 5190 διὰ

2004 5225 2162 5278 τοῦτο
2193 5224 2314 5278 οὺδέ
2349 5223 2440 5276 τοῦ
2471 5224 2788 5294 Πνεύματος
2811 5226 3238 5296 ἐμνημόνευσεν·
3282 5227 3406 5279 ἐπεὶ
3433 5229 3481 5278 εί
3511 5228 3586 5296 μὴ

2003 5313 2162 5369 τοῦτό
2190 5317 2356 5378 ἐστιν,
2387 5313 2504 5367 οὐδὲ
2533 5313 2770 5385 ἀλλαχοῦ
2811 5316 3114 5386 μνησθῆναι
3150 5316 3256 5368 ἔδει
3294 5315 3388 5368 τοῦ
3427 5317 3589 5369 Πνεύο

2007 5425 2199 5480 ματος,
2237 5406 2356 5460 οὐδὲ
2393 5407 2782 5461 συντάττεσθαι
2814 5408 2966 5476 αὑτῷ
2993 5408 3174 5480 Πατρὶ
3216 5409 3311 5460 καὶ
3338 5407 3472 5479 Υίῷ.
3522 5409 3587 5464 El

2002 5499 2113 5571 γὰρ
2153 5497 2496 5570 ἀπέρριπται
2556 5497 2771 5568 Πατρὸς
2817 5499 2914 5552 καὶ
2948 5497 3102 5563 Υίοῦ,
3153 5497 3335 5569 πολλῷ
3384 5499 3586 5570 μᾶλλον

2003 5589 2095 5643 ἐπὶ
2121 5587 2216 5645 τοῦ
2253 5586 2631 5658 βαπτίσματος
2682 5585 2814 5640 αὐτὸ
2863 5586 3257 5643 συντάττεσθαι
3305 5589 3408 5644 οὐκ
3451 5591 3581 5659 ἔδει,

2061 5895 2087 5923 ³
2113 5895 2257 5955 Reg,
2283 5895 2322 5942 εἰ
2350 5894 2399 5943 δὲ
2422 5895 2649 5956 λέγοις...
2685 5893 2773 5956 οὐχ
2797 5893 3013 5957 ἁρμόσει,
