4086 6214
474 317 573 372 165

477 427 601 481 ἒνθα
635 423 868 494 μάλιστα
890 418 1144 489 φαίνεται
1167 413 1226 464 τὸ
1247 410 1468 477 ἀξίωμα
1499 405 1599 494 τῆς
1625 400 1904 494 θεότητος,
1956 392 2051 448 καὶ

472 486 672 583 δωρεαὶ
693 486 923 563 δίδονται
948 503 1068 572 Θεῷ
1105 499 1482 570 προσήκουσαι
1517 491 1661 561 μόνῳ
1693 486 1976 556 παρέχειν.

549 625 614 682 δ’.
639 628 780 698 Ἐγὼ
793 617 1295 696 μὲνούντῆναίτίαν
1315 610 1486 678 εἷπον,
1508 613 1574 666 δι’
1602 613 1672 682 ἢν
1696 609 1931 664 ἐνταῦθα
1965 624 2053 660 σε·

473 695 723 787 σίγηταιί
753 695 817 766 συ
859 711 939 774 δὲ,
967 709 1016 762 εί
1049 706 1125 777 μὴ
1155 704 1313 758 τοῦτό
1340 703 1509 765 ἐστιν,
1535 699 1657 754 εἰπὲ
1691 697 1782 752 διὰ
1806 698 1946 787 τίὲν
1973 695 2052 766 τῷ

475 785 815 873 βαπτίσματι
860 794 1242 850 συντάττεται.
1278 790 1418 843 Ἀλλ’
1449 791 1550 842 οὐκ
1585 788 1650 841 ἂν
1679 787 1825 856 ἔχοις
1859 785 2052 855 ἑτέραν

473 870 656 944 αιτιαν
701 887 899 946 εἰπεῖν,
927 882 961 954 ἦ
987 883 1067 946 τὸ,
1096 881 1358 952 ὁμότιμον
1389 876 1522 931 αὐτὸ
1542 870 1701 930 εἷναι.
1727 875 1897 927 Ὅταν
1922 871 2054 940 γοῦν

477 975 746 1048 μηδεμίαν
779 972 875 1043 ἔχῃ
908 969 1167 1038 τοιαύτην
1195 965 1464 1034 ἀνάγκην,
1498 963 1600 1032 ὅρα
1633 959 1750 1022 πῶς
1776 958 1915 1048 αύτδ
1937 974 2056 1048 συν-

471 1043 658 1118 τάττει
711 1059 856 1113 οὕτω
905 1057 1103 1125 λέγων⁹
1152 1056 1214 1109 Ἡ
1269 1052 1442 1121 χάρις
1475 1049 1582 1104 τοῦ
1634 1047 1856 1116 Κυρίου
1885 1043 2056 1115 ’ἡμῶν

485 1149 691 1218 Ἰησοῦ
722 1145 1000 1213 Χριστοῦ,
1050 1142 1147 1196 καί
1183 1142 1221 1208 ἡ
1253 1138 1454 1210 ἀγάπη
1486 1137 1593 1190 τοῦ
1626 1135 1774 1189 Θεοῦ
1808 1133 1906 1189 καί
1938 1136 2056 1186 Πα-

474 1238 635 1307 τρός,
670 1235 766 1290 κ(ιί
802 1236 838 1301 ἡ
869 1231 1152 1286 κοινωνία
1186 1227 1292 1281 τοῦ
1327 1227 1501 1295 ἁγίου
1533 1223 1879 1291 Πνεύματος
1903 1221 2056 1307 μετιὶ

473 1305 720 1381 πάντων
744 1321 931 1392 ὑμῶν’
967 1319 1063 1372 καί⁸
1093 1317 1278 1381 πάλιν,
1312 1315 1636 1382 Διαιρέσεις
1664 1309 1733 1363 δὲ
1765 1305 2057 1378 χαρισμά·

477 1433 595 1470 των
631 1413 770 1480 είσί,
824 1410 892 1464 τὸ
949 1409 1018 1463 δὲ
1069 1407 1214 1462 αὐτὸ
1253 1405 1533 1472 Πνεῦμα·
1590 1401 1689 1456 καὶ
1736 1398 2057 1467 διαιρέσεις

475 1500 794 1557 διακονιῶν
823 1501 1005 1560 εἰσιν,
1048 1499 1080 1549 d
1120 1494 1188 1548 δὲ
1219 1492 1403 1557 αὐτὸς
1435 1491 1669 1558 Κύριοςο
1712 1488 1808 1540 καί
1839 1485 2059 1553 διαιρέ-

475 1609 610 1658 σεις
639 1586 1052 1657 ἐνεργημάτων
1081 1582 1260 1646 εἰσὶν,
1293 1582 1324 1633 ὁ
1363 1578 1431 1631 δὲ
1469 1577 1652 1643 αὐτὸς
1701 1576 1866 1640 Θεός.
1915 1572 2056 1626 Ἀλλ’

478 1677 667 1746 ἐπειδὴ
693 1675 788 1727 νῦν
827 1672 964 1745 πρὸς
985 1670 1250 1740 Ἕλληνας
1296 1670 1324 1720 ό
1367 1665 1524 1727 λόγος
1547 1659 1614 1734 ἦν
1640 1661 1788 1732 αὐτῷ
1811 1661 1904 1714 καὶ
1931 1660 2059 1724 τοὺς

477 1764 541 1829 ἐξ
580 1763 848 1833 Ἐλλήνων
898 1757 1346 1826 ἀσθενεστέρους,
1403 1752 1491 1805 διὰ
1529 1750 1687 1803 τοῦτο
1735 1747 2060 1818 ταμιεύεται

478 1852 616 1915 τέως
639 1867 652 1878 ·
706 1852 842 1920 ὅπερ
877 1843 969 1899 οὖν
1016 1846 1108 1898 καὶ
1147 1846 1195 1896 οἱ
1236 1841 1512 1912 προφῆται
1565 1836 1812 1891 ποιοῦσιν
1843 1836 1936 1887 ἐπὶ
1965 1833 2059 1886 τοῦ

479 1941 634 2004 Υἰοῦ,
687 1935 924 2008 ούδαμοῦ
980 1933 1170 2000 σαφῶς
1225 1928 1391 1982 αὑτοῦ
1445 1926 1786 1998 μεμνημένοι
1823 1923 1910 1977 διὰ
1963 1921 2060 1993 τὴν

476 2028 766 2081 ἀσθένειαν
797 2024 907 2076 τῶν
939 2021 1267 2074 ἀκουόντων.
1307 2017 1460 2070 Ἀλλ’
1512 2017 1622 2068 οὑκ
1675 2014 1745 2066 ἐν
1797 2010 1989 2064 πᾶσιν
2021 2009 2060 2076 ἡ

479 2115 726 2186 γνῶσις,
757 2111 910 2183 φησί.
961 2109 1098 2163 Ποία
1124 2107 1298 2177 αὖτης
1337 2107 1370 2176 ή
1417 2104 1548 2170 περὶ
1599 2101 1695 2154 τοῦ
1741 2099 1969 2169 Θεοῦ,ἦ
2027 2099 2061 2169 ἡ

481 2207 613 2277 περὶ
643 2205 750 2257 τῶν
770 2200 1166 2265 εἰδωλοθύτων;
1206 2199 1277 2251 Ἦ
1313 2199 1422 2266 γάρ
1455 2193 1606 2267 [175]
1641 2193 1763 2257 τοὺς
1793 2190 2063 2260 Ἕλληνας

480 2293 779 2349 αἰνίττεται
832 2289 1088 2352 ἐνταῦθα,
1147 2287 1274 2356 τοὺς
1335 2283 1564 2346 πολλοὺς
1611 2280 1868 2349 λέγοντας
1907 2278 2064 2341 θεοὺς

481 2383 578 2437 καὶ
604 2381 848 2453 κυρίους.
873 2378 968 2432 καὶ
997 2378 1098 2430 οὐκ
1136 2375 1344 2436 εἰδότας
1372 2373 1463 2426 τὸν
1491 2371 1621 2424 ὄντα
1661 2369 1793 2422 Θεόν
1821 2385 1833 2399 ·
1870 2367 1901 2438 ἢ
1937 2366 2064 2429 τοὺς

478 2471 543 2536 ἐξ
576 2452 846 2540 Ἐλλήνων
871 2463 1293 2534 ἀσθενεστέρους
1326 2459 1430 2526 ἔτι,
1462 2459 1589 2521 τοὺς
1631 2455 1846 2510 οὐδέπω
1877 2452 2064 2521 σαφῶς

483 2558 714 2621 εἰδότας,
748 2558 829 2609 ὅτι
887 2555 949 2606 ού
1001 2552 1108 2623 χρὴ
1145 2548 1443 2604 δεδοικέναι
1481 2546 1552 2598 τά
1595 2543 1813 2604 εἴδωλα,
1849 2541 1946 2595 καὶ
1981 2543 2064 2594 ὃτι

479 2645 636 2699 οὐδὲν
685 2643 901 2695 εἴδωλον
947 2642 1004 2693 ὲν
1050 2639 1262 2708 κόσμῳ.
1320 2633 1493 2686 Τοῦτο
1543 2631 1600 2685 δὲ
1652 2629 1846 2693 εἰπὼν,
1882 2628 2065 2700 ἡρέμα

484 2729 916 2803 παρεμυθήσατο
963 2727 1056 2780 καὶ
1105 2727 1280 2795 ἐπῆρε
1311 2721 1554 2783 τούτους.
1590 2719 1725 2772 Οὐδὲ
1747 2719 1857 2788 γὰρ
1885 2717 2066 2770 πάντα

484 2816 864 2873 καθάπτεσθαι
893 2814 1018 2878 ἔδει,
1046 2813 1141 2866 καί¹
1174 2811 1412 2882 μάλιστα
1443 2807 1708 2879 μέλλοντα
1737 2806 1899 2861 πάλιν
1930 2803 2067 2858 καθ-

470 2903 754 2963 ικνεῖσθαι
790 2900 974 2956 αὐτῶν
1010 2899 1396 2970 σφοδρότερον.

562 3025 728 3091 Τινὲς
759 3022 828 3077 δὲ
858 3021 933 3091 τῇ
974 3018 1327 3086 συνειδήσει
1362 3018 1469 3072 τοῦ
1517 3017 1770 3071 εἰδώλου
1804 3015 1915 3082 ἕως
1941 3014 2069 3082 ἄρτι

487 3114 566 3180 ὡς
595 3112 1004 3167 εἰδωλοθύτων
1041 3108 1336 3172 ἐσθίουσι,
1370 3105 1470 3160 καί
1502 3105 1539 3172 ἠ
1571 3103 1934 3172 συνείδησις
1965 3104 2071 3155 ab.

489 3200 606 3256 τῶν
663 3197 931 3266 ἀσθενὴς
981 3192 1142 3252 οὖσα
1194 3195 1543 3265 μολύνεται.
1601 3191 1726 3246 Ἔτι
1783 3189 2069 3261 τρέμουσι,

490 3290 644 3360 φησὶ,
675 3289 745 3343 τὰ
775 3287 990 3341 εἴδωλα.
1045 3286 1136 3357 Μὴ
1182 3286 1293 3356 γάρ
1327 3300 1417 3354 μοι
1457 3283 1556 3354 τὴν
1589 3279 1876 3352 παροῦσαν
1910 3281 2072 3350 εῖπῃς

489 3378 849 3440 κατάστασιν,
899 3376 991 3430 καὶ
1045 3375 1129 3427 ὅτι
1187 3373 1254 3426 ἑκ
1307 3371 1591 3443 προγόνων
1639 3368 1739 3440 τὴν
1789 3367 2074 3421 εὐσέϐειαν

495 3464 680 3529 ἐδέξω*
714 3464 852 3517 ἀλλὰ
898 3461 1268 3533 παράπεμψον
1317 3459 1418 3527 τὴν
1453 3457 1694 3510 διάνοιαν
1719 3458 1799 3520 είς
1831 3455 2074 3520 ἐκείνους

491 3554 620 3615 τοὺς
661 3551 909 3622 χρόνους,
943 3550 1040 3602 καὶ
1094 3539 1370 3619 ὲννόησὸν,
1417 3546 1542 3618 ἄρτι
1571 3544 1664 3598 τοῦ
1718 3545 2076 3616 κηρύγματος

493 3639 919 3710 καθισταμένου,
947 3638 1043 3690 καὶ
1075 3636 1176 3706 τῆς
1212 3635 1469 3698 ἀσεϐείας
1507 3634 1587 3688 ἔτι
1616 3633 1947 3704 κρατούσης,
1982 3633 2077 3686 καὶ

499 3728 699 3800 βωμῶν
735 3726 1041 3797 καιομένων
1069 3727 1163 3779 καὶ
1189 3725 1392 3779 θυσιῶν
1418 3725 1514 3776 καὶ
1541 3723 1783 3776 σπονδῶν
1812 3723 2076 3793 τελουμέ-

499 3835 627 3883 νων,
682 3817 778 3871 καί⁵
835 3815 944 3870 τῶν
1001 3815 1266 3869 πλειόνων
1305 3814 1576 3885 Ἐλλήνων
1623 3813 1816 3876 ὄντων,
1848 3814 1975 3876 τοὺς
2013 3813 2081 3867 ἐκ

502 3903 784 3976 προγόνων
843 3902 1262 3973 διαδεξαμένους
1299 3901 1400 3973 τὴν
1433 3900 1720 3966 ἀσέϐειαν,
1774 3902 1870 3955 καὶ
1913 3901 2081 3954 πατέ-

500 4010 612 4064 ρων
656 3992 751 4046 καὶ
793 3991 1036 4045 πάππων
1086 3991 1180 4044 καὶ
1236 3989 1576 4043 έπιπάππων
1627 3989 1888 4043 τοιούτων
1919 3988 2079 4053 ὄντας

501 4081 778 4150 ἐκγόνους,
820 4082 915 4135 καὶ
950 4079 1122 4133 πολλά
1157 4077 1306 4150 παρά
1351 4075 1462 4131 τῶν
1492 4075 1765 4147 δαιμόνων
1809 4074 2082 4139 παθόντας

501 4168 670 4230 κακὰ,
691 4168 886 4239 ἀθρόον
918 4167 1314 4238 μεταστάντας,
1343 4166 1459 4229 πῶς
1491 4164 1636 4227 εἰκὸς
1659 4159 1726 4235 ἦν
1751 4162 2078 4217 διακεῖσθαι’

502 4257 621 4321 πῶς
653 4257 710 4311 δὲ
758 4257 1056 4311 δεδοικέναι
1088 4257 1182 4309 καὶ
1233 4255 1460 4327 τρέμειν
1492 4253 1593 4317 τὰς
1645 4252 1755 4307 τῶν
1807 4253 2082 4325 δαιμόνων

503 4344 817 4408 έπιϐουλάς’
852 4345 921 4398 δι’
951 4344 1045 4407 οὓς
1077 4345 1173 4396 καὶ
1198 4344 1572 4412 αἰνιττόμενος
1604 4343 1780 4412 ἔλεγε·
1823 4341 1986 4408 Τινὲς
2015 4340 2084 4394 δὲ

505 4431 582 4500 τῇ
621 4432 972 4498 συνειδήσει
1008 4431 1113 4484 τοῦ
1150 4431 1571 4486 εἰδωλοθύτου.
1604 4430 1744 4484 Ούτε
1774 4432 1883 4501 γὰρ
1913 4431 2084 4484 ἐκκα-

507 4517 699 4569 λύπτει
723 4519 920 4580 αὐτοὺς
948 4517 1156 4585 σαφῶς,
1187 4518 1274 4569 ἵνα
1307 4519 1382 4588 μὴ
1414 4517 1618 4588 πλήξῃ,
1656 4517 1778 4569 οὒτε
1808 4516 2088 4586 παρατρέ-

507 4619 593 4674 χει
624 4601 877 4666 καθόλου,
903 4603 1016 4654 ἀλλ’
1055 4603 1321 4671 ἀορίστως
1348 4603 1526 4655 αὐτῶν
1558 4604 1853 4672 μέμνηται,
1886 4603 2080 4670 λέγων·

514 4688 680 4757 Τινὲς
705 4688 773 4743 δὲ
801 4687 875 4758 τῇ
904 4688 1257 4754 συνειδήσει
1277 4689 1382 4742 τοῦ
1408 4689 1801 4743 εἰδωλοθύτου
1822 4689 1932 4756 ἕως
1955 4689 2088 4758 ἄρτι

507 4779 590 4843 ὡς
621 4777 1016 4832 εἰδωλόθυτον
1047 4775 1343 4829 ἐσθίουσι·
1387 4776 1654 4841 τουτέστι,
1686 4778 1825 4847 μετά
1862 4779 1960 4848 τῆς
1985 4778 2086 4831 αύ-

510 4866 609 4936 τῆς
637 4867 896 4930 διανοίας,
941 4865 1059 4936 μεθ’
1103 4860 1170 4938 ἧς
1205 4863 1492 4936 πρότερον·
1534 4863 1629 4916 καί
1658 4865 1697 4932 ἡ
1731 4864 2086 4933 συνείδησις

511 4951 710 5005 αὐτῶν
745 4955 1012 5021 ἀσθενὴς
1066 4948 1224 5008 οὖσα
1271 4952 1623 5022 μολύνεται⁹
1675 4951 1889 5005 οὐδέπω
1923 4953 2085 5006 δυνα-

517 5039 654 5108 μένη
689 5040 1100 5109 καταφρονῆσαι
1139 5041 1260 5093 οὐδὲ
1291 5041 1548 5108 καθάπαξ
1581 5041 1760 5097 αὐτῶν
1788 5041 2089 5110 καταγελά-

490 5143 628 5190 σαι,
663 5124 776 5178 ἀλλ’
808 5125 889 5178 ἔτι
922 5125 1329 5198 διακρινομένη.
1354 5132 1564 5203 Ὠσπερ
1597 5132 1663 5185 ἂν
1696 5130 1750 5184 εῖ
1778 5149 1860 5194 τις
1893 5131 1971 5202 τῷ
1999 5149 2089 5184 νε-

515 5212 652 5286 κροῦ
709 5212 974 5267 ἅπτεσθαι
1025 5215 1232 5286 νομίζοι
1265 5218 1511 5286 μολύνειν
1550 5221 1740 5275 ἑαυτὸν
1779 5221 1916 5274 κατὰ
1958 5222 2090 5274 Ἰου-

513 5303 705 5375 δαῖκὴν
760 5301 1070 5374 συνήθειαν,
1133 5300 1253 5356 εἶτα
1314 5306 1534 5377 ἑτέρους
1581 5309 1722 5380 ὁρῶν
1755 5311 2091 5381 ἁπτομένους

517 5392 658 5462 μετά
695 5390 936 5464 καθαροῦ
989 5391 1308 5456 συνειδότος,
1349 5395 1422 5466 μή
1458 5395 1764 5466 ἁπτόμενος
1805 5399 1944 5468 μετά
1991 5401 2091 5468 τῆς

517 5481 686 5549 αὐτῆς
711 5480 960 5552 γνώμης,
995 5479 1277 5552 μολύνοιτο
1299 5497 1312 5510 '
1345 5482 1489 5535 οὔτω
1518 5482 1760 5536 κάκεῖνοι
1796 5485 1914 5537 τότε
1957 5485 2093 5538 ἔπα-

521 5581 666 5634 σχον.
696 5568 856 5634 Ίὶνὲς
887 5571 1015 5639 γὰρ,
1046 5571 1199 5640 φησι,
1228 5568 1300 5638 τῇ
1335 5571 1685 5639 συνειδήσει
1715 5573 1820 5626 τοῦ
1839 5572 2090 5626 εἰδώλου

521 5651 632 5717 ἓως
656 5653 810 5718 ἄρτι.
854 5656 965 5726 Οὐχ
995 5658 1185 5720 άπλῶς
1221 5658 1302 5721 τὸ,
1323 5657 1470 5722 Ἕως
1498 5656 1649 5724 ἄρτι,
1675 5659 1942 5721 τέθεικεν,
1975 5657 2090 5711 ἀλλ’

524 5738 609 5794 ἵνα
654 5738 802 5810 δείξῃ
833 5741 915 5794 ὅτι
964 5744 1113 5796 οὐδὲν
1165 5747 1369 5815 ήνυσαν
1417 5745 1492 5815 μὴ
1541 5745 2086 5812 συγκαταϐαίνοντες.

1143 303 1201 356 S.
1241 295 1524 354 JOANNIS
1559 271 2045 344 CIIRYSOSTUMI
2084 279 2404 335 AKCHIEP.
2441 277 2991 336 CONSTAN'I‘INOP.

3627 277 3727 334 H36

2159 393 2292 446 οὐδὲ
2321 393 2428 464 γὰρ
2459 395 2632 458 οὕτως
2661 394 2858 456 αὐτοὺς
2889 392 3101 461 ἐνάγειν
3147 391 3336 462 ἐχρῆν,
3368 389 3482 444 ἀλλ’
3524 392 3731 460 ἑτέρως

2156 497 2274 543 πως
2303 481 2447 551 λόγῳ
2476 483 2764 544 πείθοντας
2795 481 2890 534 καὶ
2928 478 3270 548 διδασκαλίᾳ.
3319 477 3428 530 Καὶ
3460 475 3498 543 ἠ
3529 473 3732 530 συνεί⁴

2157 568 2337 635 δησις
2365 569 2564 622 αὐτῶν
2592 568 2862 636 ἀσθενὴς
2893 561 3054 622 οὖσα
3096 566 3447 639 μολύνεται.
3482 563 3733 633 Οὑδαμοῦ

2157 645 2297 720 τέως
2324 657 2450 727 περί
2479 657 2575 729 τὴν
2608 657 2768 727 φύσιν
2796 656 2891 710 τοῦ
2923 656 3248 725 πράγματος
3277 653 3367 706 τὸν
3394 652 3553 719 λόγον
3583 652 3736 722 ῖστη-

2163 761 2266 809 σιν,
2294 743 2410 797 ἀλλ’
2441 744 2552 798 ἄνω
2591 745 2685 798 καὶ
2719 745 2870 799 κάτω
2907 744 3033 816 περὶ
3063 743 3132 794 τὸ
3163 741 3402 805 συνειδὸς
3437 743 3532 793 τοῦ
3565 755 3733 809 μετα·

2159 830 2526 903 λαμϐάνοντος
2558 832 2869 901 στρέφεται.
2910 830 3127 884 Δέδοικε
3159 830 3270 900 γὰρ
3302 830 3374 898 μή
3423 844 3541 890 πως
3563 825 3738 878 θέλων
3807 853 3840 874 ρ

2157 918 2450 990 διορθῶσαι
2469 918 2558 971 τὸν
2585 917 2809 989 ἀσθενῆ,
2835 917 3013 990 πλήξῃ
3031 918 3123 970 τὸν
3151 916 3393 986 ἰσχυρὸν,
3419 914 3510 966 καί⁵
3533 912 3736 982 ἀσθενῆ

2159 1007 2255 1061 καὶ
2286 1006 2476 1060 τοῦτον
2498 1007 2824 1078 ἐργάσηται.
2854 1005 3055 1076 Διόπερ
3087 1005 3186 1074 οὐχ
3214 998 3378 1074 ἦττον
3403 1001 3594 1054 τούτου
3621 1000 3740 1068 φεί-

2158 1095 2328 1158 δεται,
2361 1094 2394 1165 ἢ
2438 1094 2670 1149 ἐκείνου.
2715 1095 2824 1147 Καὶ
2849 1094 2949 1146 οὐκ
2982 1091 3210 1162 ἀφίησιν
3244 1089 3378 1143 αὐτὸ
3411 1085 3742 1158 νομισθῆναί

2159 1199 2234 1246 τι,
2266 1181 2402 1235 ἀλλά
2454 1183 2621 1235 πολὺν
2673 1180 3079 1242 κατασκευάζει
3117 1178 3206 1232 τὸν
3257 1176 3435 1245 λόγον,
3473 1174 3615 1229 ὥστε
3664 1174 3739 1246 μὴ

2159 1269 2318 1323 τοῦτο
2372 1271 2798 1341 ὐποπτευθῆναι.
2866 1266 3076 1337 Βρῶμα
3119 1265 3189 1319 δὲ
3245 1262 3405 1334 ἡμᾶς
3454 1266 3527 1318 οὐ
3591 1278 3735 1330 πηρ-

2161 1358 2373 1426 ίστησι
2426 1356 2506 1423 τῷ
2546 1355 2686 1422 Θεῷ.
2723 1357 2873 1409 Οὔτε
2928 1353 3038 1425 γὰρ
3074 1355 3182 1408 ἐὰν
3209 1352 3505 1423 φάγωμεν,
3534 1366 3727 1421 περισο

2162 1445 2442 1514 σεύομενο
2499 1444 2638 1498 οὔτε
2700 1443 2810 1496 ἐὰν
2851 1441 2939 1513 μὴ
2987 1441 3285 1511 φάγωμεν,
3345 1437 3735 1506 ὑστεροῐᾳιεν.

2177 1532 2339 1602 Ὁρᾷς
2369 1531 2488 1594 πῶς
2514 1532 2676 1585 πάλιν
2704 1530 2885 1584 αὐτῶν
2911 1529 3128 1583 καθεῖλε
3148 1528 3208 1581 τὺ
3237 1527 3524 1598 φρόνημα;
3559 1523 3743 1578 Εἰπὼν

2165 1619 2274 1690 γὰρ
2310 1621 2390 1673 ὅτι
2425 1620 2487 1672 ού
2532 1619 2693 1689 μόνον
2721 1621 2939 1680 ἐκεῖνοι,
2974 1617 3108 1671 ἀλλὰ
3136 1617 3335 1678 πάντες
3364 1611 3516 1686 [175]
3543 1611 3743 1681 γνῶσιν

2167 1708 2381 1780 ἔχομεν,
2405 1707 2516 1771 καὶ,
2539 1708 2621 1760 ὅτι
2644 1707 2817 1769 οὐδεὶς
2840 1706 2990 1760 οὐδὲν
3005 1705 3209 1773 ἔγνωκε
3231 1701 3411 1764 καθὼς
3423 1701 3503 1754 δεῖ
3517 1701 3740 1769 γνῶναι,

2167 1799 2289 1861 καὶ,
2327 1797 2410 1850 ὅτι
2456 1798 2490 1866 ἡ
2534 1797 2735 1865 γνῶσις
2775 1798 2991 1867 φυσιοῖο
3035 1791 3156 1848 εἶτα
3203 1792 3743 1864 παραμυθησάμενος

2166 1887 2382 1948 αὐτοὺς,
2401 1885 2496 1937 καὶ
2512 1884 2700 1949 εἰπὼν,
2719 1886 2800 1938 ὅτι
2825 1885 2924 1937 οὐκ
2949 1885 3006 1936 ὲν
3035 1884 3198 1936 πᾶσιν
3223 1884 3256 1951 ἡ
3282 1879 3505 1948 γνῶσις,
3538 1880 3634 1932 καὶ
3659 1880 3744 1932 ὅτι

2165 1973 2233 2025 δι’
2257 1971 2538 2026 ἀσθένειαν
2575 1967 2720 2026 οὗτοι
2753 1969 3087 2044 μολύνονται·
3126 1972 3215 2024 ἵνα
3243 1970 3317 2041 μὴ
3335 1969 3568 2038 λέγωσιν
3599 1970 3746 2021 έκεῖ-

2167 2076 2269 2121 νοι,
2298 2059 2408 2112 Καὶ
2431 2058 2482 2111 τί
2513 2060 2648 2131 πρὸς
2675 2061 2842 2130 ἡμᾶς,
2872 2061 2918 2111 εἰ
2950 2059 3024 2130 μὴ
3050 2061 3106 2111 ὲν
3145 2061 3310 2113 πᾶσιν
3335 2059 3368 2127 ή
3400 2055 3631 2124 γνῶσις;
3657 2054 3746 2108 διά

2168 2147 2220 2201 τί
2253 2147 2360 2220 γὰρ
2399 2148 2474 2218 μὴ
2500 2146 2614 2218 ἔχει
2641 2147 2842 2216 γνῶσιν
2871 2149 2899 2200 ό
2925 2148 3104 2213 δεῖνα;
3138 2147 3227 2200 διὰ
3271 2145 3324 2199 τί
3351 2145 3625 2215 ἀσθενής;
3657 2144 3747 2196 ῖνα

2173 2235 2247 2306 μὴ
2290 2233 2467 2288 ταῦτα
2493 2234 2968 2307 άνθυποφέρωσιν,
2999 2235 3098 2286 οὐκ
3140 2233 3344 2295 εὐθέως
3370 2228 3534 2304 ἦλθεν
3563 2231 3654 2284 ἐπὶ
3687 2230 3749 2284 τὺ

2168 2323 2337 2389 δεῖξαι
2369 2322 2578 2391 σαφῶς,
2609 2323 2692 2376 ὅτι
2721 2322 2810 2375 διὰ
2838 2322 2936 2395 τὴν
2965 2322 3178 2376 ἐκείνου
3211 2320 3415 2392 βλάϐην
3443 2319 3748 2391 ἀπέχεσθαι

2169 2411 2249 2463 δεῖ
2270 2424 2285 2442 ο
2317 2409 2454 2463 ἀλλὰ
2481 2409 3090 2482 προακροϐολισάμενος
3125 2410 3286 2465 αὑτὸν
3315 2410 3474 2481 μόνον
3505 2409 3746 2479 πρῶτον,

2170 2499 2230 2551 τὸ
2260 2497 2452 2552 τούτου
2501 2497 2666 2552 πλέον
2708 2498 2970 2553 δείκνυσι.
3007 2499 3166 2552 Ποῖον
3208 2498 3272 2570 δὴ
3306 2499 3497 2564 τοῦτο;
3538 2499 3662 2551 Ὅτι
3698 2500 3749 2551 εί

2171 2586 2266 2638 καὶ
2320 2585 2508 2657 μηδεὶς
2557 2584 2878 2650 ὲϐλάπτετο,
2922 2585 3055 2656 μηδὲ
3085 2589 3118 2657 ή
3148 2585 3242 2640 τοῦ
3276 2587 3501 2657 πλησίον
3535 2585 3749 2657 προσῆν

2170 2673 2491 2746 διαστροφὴ,
2525 2674 2648 2726 οὐδὲ
2681 2673 2823 2726 οὕτω
2864 2675 2947 2726 δεῖ
2980 2672 3140 2726 τοῦτο
3188 2675 3360 2726 ποιεῖν
3383 2690 3396 2704 ο
3451 2690 3749 2743 ματαιοπο-

2172 2765 2282 2816 νεῖν
2313 2762 2422 2834 γὰρ
2447 2761 2606 2815 τοῦτό
2635 2763 2808 2816 ἐστιν.
2849 2762 2906 2815 ’0
2940 2763 3050 2833 γάρ
3075 2761 3314 2825 ἀκούσας
3341 2761 3422 2815 ὅτι
3452 2761 3748 2832 βλάπτεται

2177 2851 2276 2921 μὲν
2300 2849 2510 2920 ἕτερος,
2541 2848 2704 2912 αὐτὸς
2730 2848 2787 2901 δὲ
2833 2847 2944 2919 ἔχει
2973 2849 3034 2902 τδ
3073 2849 3284 2918 κέρδος,
3307 2849 3368 2902 οὐ
3402 2849 3608 2921 σφόδρα
3641 2851 3750 2917 άφο

2179 2940 2415 3002 ίσταται,
2446 2936 2583 2990 άλλά
2612 2937 2729 2990 τότε
2767 2937 2989 3006 μᾶλλον,
3017 2937 3145 2991 ὅταν
3183 2937 3330 3009 μάθῃ
3354 2938 3438 2990 ὅτι
3467 2937 3620 2991 οὐδὲν
3650 2937 3753 2990 αὑο

2174 3027 2268 3091 τὸς
2295 3027 2584 3096 ὠφελεῖται
2609 3026 2716 3079 ἀπὺ
2742 3024 2836 3078 τοῦ
2865 3024 3210 3096 πράγματος.
3239 3025 3339 3078 Διὰ
3360 3025 3517 3078 τοῦτο
3539 3026 3754 3096 πρῶτον

2170 3115 2336 3170 τοῦτο
2357 3114 2538 3185 τίθησι
2562 3115 2760 3183 λέγων’
2789 3113 3002 3183 Βρῶμα
3032 3113 3101 3166 δὲ
3139 3113 3291 3182 ἡμᾶς
3323 3114 3396 3168 οὐ
3424 3115 3757 3182 παρίστησι

2178 3203 2258 3270 τῷ
2302 3202 2443 3268 Θεῷ.
2475 3197 2629 3266 Εἶδες
2661 3202 2780 3265 πῶς
2827 3203 2959 3255 αὐτὸ
2993 3199 3336 3267 έξευτελίζει,
3369 3201 3398 3255 ὃ
3437 3202 3608 3256 έδόκει
3641 3201 3750 3256 ἀπὸ

2179 3292 2391 3354 τελείας
2443 3291 2698 3359 γνώσεως
2742 3290 3026 3359 γίνεσθαι;
3067 3291 3214 3344 Οὔτε
3266 3294 3373 3360 γὰρ
3421 3289 3532 3344 ἐὰν
3569 3289 3757 3360 φάτω-

2175 3397 2314 3450 μεν,
2347 3379 2805 3448 περισσεύομεν·
2841 3377 3143 3440 τουτέστιν,
3174 3376 3568 3448 εὑδοκιμοῦμεν
3609 3377 3759 3448 παρὰ

2181 3465 2258 3536 τῷ
2283 3465 2423 3536 Θεῷ,
2454 3466 2530 3528 ὼς
2572 3465 2780 3534 ἀγαθόν
2809 3482 2864 3517 τι
2906 3466 3230 3533 ποιήσαντες
3269 3464 3364 3518 καὶ
3409 3465 3582 3536 μέγα·
3623 3465 3761 3518 οὔτε

2180 3554 2292 3608 ἐὰν
2307 3553 2392 3624 μὴ
2416 3552 2715 3623 φάγωμεν,
2741 3551 3128 3621 ὑστεροῦμεν·
3155 3552 3453 3617 τουτέστιν,
3480 3553 3580 3606 οὐκ
3608 3552 3762 3606 ἐλατ-

2182 3642 2274 3707 ςιόν
2295 3659 2346 3695 τι
2379 3641 2595 3712 ἔχομεν.

2254 3820 2404 3884 Τέως
2446 3819 2544 3890 μὲν
2579 3814 2672 3873 οὖν
2708 3820 2839 3872 αὐτὸ
2892 3819 3059 3886 ἔδειξε
3107 3819 3354 3894 περιττὸν
3398 3819 3491 3872 καὶ
3526 3819 3694 3873 οὐδέν⁹
3733 3820 3764 3873 ὃ

2186 3911 2293 3981 γάρ
2327 3911 2464 3981 μήτε
2492 3910 2775 3979 γινόμενον
2805 3909 3023 3977 ὠφελεῖ,
3054 3913 3191 3981 μήτε
3220 3910 3292 3980 μὴ
3323 3910 3604 3977 γινόμενον
3632 3908 3762 3978 βλά-

2187 4015 2332 4064 πτει,
2362 3997 2614 4070 περιττὸν
2643 3996 2708 4051 ἂν
2739 3997 2844 4066 εἴη’
2879 3995 3086 4068 προῖὼν
3111 3997 3167 4050 δὲ
3200 3999 3293 4050 καὶ
3318 3996 3412 4068 τὴν
3439 3995 3644 4066 βλάϐην
3669 3997 3763 4050 ὲκ-

2187 4084 2450 4140 καλύπτει
2471 4085 2652 4138 πᾶσαν
2684 4083 2777 4137 τοῦ
2815 4083 3160 4152 πράγματος.
3201 4082 3314 4136 Νῦν
3351 4083 3533 4153 μέντοι
3561 4083 3659 4155 τὴν
3685 4085 3766 4144 είς

2187 4176 2314 4238 τοὺς
2337 4173 2600 4242 ἀδελφοὺς
2620 4171 2910 4242 γινομένην
2933 4171 3100 4240 λέγει·
3145 4170 3410 4225 Βλέπετε
3448 4171 3580 4240 γὰρ,
3612 4172 3763 4240 φησὶ,

2183 4260 2268 4330 μή
2304 4277 2428 4327 πως
2457 4261 2496 4327 ἠ
2525 4259 2778 4324 ἐξουσία
2823 4256 2991 4328 ὑμῶν
3029 4257 3180 4325 αὕτη
3214 4258 3570 4326 πρόσκομμα
3601 4255 3767 4324 γένη-

2189 4367 2282 4402 ται
2321 4349 2444 4416 τοῖς
2483 4346 2815 4402 ἀσθενοῦσι
2858 4345 2978 4398 τῶν
3002 4343 3300 4414 ἀδελφῶν.
3327 4346 3438 4398 Οὐκ
3482 4340 3654 4407 εἶπεν,
3683 4344 3767 4398 ὅτι

2201 4436 2265 4489 Ἦ
2297 4435 2513 4500 ἐξουσία
2534 4433 2687 4503 ὑμῶν
2722 4433 3053 4504 πρόσκομμα
3085 4432 3314 4502 γίνεται,
3343 4432 3459 4485 οὐδὲ
3489 4433 3772 4502 ἀπεφήναο

2189 4540 2270 4585 το,
2321 4521 2408 4574 ίνα
2469 4520 2544 4591 μὴ
2593 4519 3103 4591 ἀναισχυντοτέρους
3155 4521 3388 4591 ποιήσει’
3425 4519 3561 4572 ἀλλὰ
3619 4521 3769 4583 πῶς;

2192 4608 2472 4663 Βλέπετε⁸
2511 4606 2691 4675 φοϐῶν
2725 4606 2922 4670 αὐτοὺς
2953 4606 3049 4659 καὶ
3078 4607 3377 4677 ἐντρέπων,
3428 4607 3524 4660 καὶ
3555 4609 3646 4660 ἐπὶ
3675 4609 3772 4678 ἀρ-

2193 4710 2345 4765 νησιν
2377 4697 2525 4763 ἄγων
2557 4693 2650 4747 τοῦ
2681 4694 2755 4765 μὴ
2790 4697 2983 4749 ποιεῖν.
3007 4695 3116 4748 Καὶ
3145 4694 3245 4746 οὐκ
3274 4688 3449 4757 εἶπεν,
3487 4694 3549 4747 Ἡ
3577 4695 3773 4762 γνῶσις

2195 4781 2349 4853 ὑμῶν
2374 4781 2535 4853 αὕτη.
2575 4783 2712 4850 ὅπερ
2750 4777 2818 4852 ἦν
2843 4782 3121 4851 έγκωμίου
3148 4781 3370 4851 μᾶλλον·
3401 4781 3543 4845 οὐδὲ,
3589 4781 3654 4833 Ἦ
3685 4798 3774 4833 τε-

2193 4869 2404 4942 λειότης
2440 4870 2595 4940 ὑμῶν
2620 4870 2787 4941 αὕτη·
2819 4868 2954 4935 ἀλλ’,
2986 4869 3046 4922 Ἡ
3078 4868 3348 4932 ἐξουσία·
3390 4870 3528 4939 ὅπερ
3570 4885 3764 4940 προπεο

2193 4960 2343 5024 τείας
2374 4959 2576 5032 μᾶλλον
2625 4959 2720 5013 καὶ
2768 4957 3056 5020 αὐθαδείας
3113 4957 3206 5009 καὶ
3264 4955 3581 5020 ἀλαζονείας
3635 4952 3774 5011 εἶναι

2195 5048 2394 5102 ἐδόκει.
2452 5048 2560 5102 Καὶ
2608 5046 2706 5100 οὐκ
2761 5041 2901 5106 εἷπε,
2957 5043 3083 5108 Τοῖς
3128 5044 3396 5112 ἀδελφοῖς,
3443 5045 3600 5102 ἀλλὰ.
3649 5044 3775 5112 Τοῖς

2196 5134 2525 5190 ἀσθενοῦσι
2571 5131 2692 5187 τῶν
2723 5131 3019 5201 ἀδελφῶν·
3066 5129 3249 5196 αὔξων
3277 5131 3378 5202 τὴν
3415 5133 3772 5204 κατηγορίαν,

2195 5225 2280 5278 ὅτι
2311 5223 2432 5276 οὐδὲ
2467 5221 2838 5277 ἀσθενούντων
2867 5221 3156 5289 φείδονται,
3187 5223 3280 5275 καὶ
3304 5222 3478 5274 ταῦτα
3507 5221 3770 5290 ἀδελφῶν.

2202 5312 2382 5365 Ἔστω
2407 5310 2536 5380 γάρ,
2567 5309 2628 5362 ού
2657 5309 2886 5378 διορθοῖς
2923 5309 3043 5362 οὐδὲ
3075 5309 3331 5378 ὲγείρεις·
3358 5309 3411 5362 τί
3433 5310 3525 5362 καὶ
3553 5311 3778 5362 ὑποσκεο

2198 5395 2367 5461 λίζεις
2406 5398 2501 5450 καὶ
2548 5395 2910 5466 προσπταίειν
2949 5399 3141 5461 ποιεῖς,
3176 5396 3294 5452 δέον
3337 5400 3496 5468 χεῖρα
3525 5396 3774 5467 ὀρέγειν;

2211 5485 2348 5538 Ἀλλ’
2378 5484 2439 5537 ού
2483 5483 2659 5553 βούλει
2695 5483 2872 5537 τοῦτο⁹
2916 5484 3110 5538 ούκοῦν
3153 5485 3288 5555 μηδὲ
3327 5485 3661 5555 καταϐάλῃς.
3714 5482 3778 5538 El

2204 5574 2300 5644 μὲν
2329 5572 2439 5643 γάρ
2473 5572 2708 5642 πονηρὸς
2733 5567 2820 5642 ἦν,
2848 5571 3121 5638 κολάσεως
3143 5573 3332 5626 ὲδείτοο
3365 5575 3415 5625 εἰ
3438 5572 3494 5626 δὲ
3524 5571 3779 5643 ἀσθενὴς.

2203 5658 2462 5729 ἰατρείας.
2496 5658 2611 5712 Νῦν
2634 5659 2690 5712 δὲ
2720 5659 2820 5713 οὐκ
2844 5659 3078 5731 ἀσθενὴς
3122 5660 3301 5731 μόνον,
3341 5660 3478 5714 ἀλλὰ
3507 5661 3601 5715 καὶ
3623 5660 3782 5714 ἀδελ-

2201 5745 2320 5816 φός.
2353 5745 2541 5801 ὀταν
2575 5744 2686 5815 γάρ
2714 5763 2804 5812 τις
2833 5746 2930 5816 ῖδῃ
2961 5764 3035 5800 σε
3071 5747 3179 5801 τὸν
3209 5747 3427 5817 ἔχοντα
3457 5745 3686 5810 γνῶσιν
3712 5749 3783 5801 ἐν
