4086 6214
359 272 461 329 165

349 402 466 444 eum
497 384 628 456 ipsis
653 371 978 455 conjungere
1017 396 1123 437 non
1166 383 1526 454 oportuisset,
1559 385 1646 440 ubi
1690 385 1923 440 maxime

344 478 637 534 divinitatis
664 476 897 547 dignitas
922 482 1180 546 apparet,
1206 484 1261 531 et
1283 475 1421 531 dona
1451 476 1647 532 duntur
1670 492 1790 548 qua:
1814 478 1925 532 Deo

339 569 441 624 soli
471 568 605 623 dare
632 566 912 635 competit.

409 660 467 714 ὁ.
500 660 611 728 Ego
632 659 792 728 igitur
813 672 1027 711 causam
1066 655 1197 721 dixi,
1223 670 1321 712 cur
1343 656 1431 713 hic
1461 658 1677 714 silentio
1699 667 1916 728 prteter-

339 754 539 807 missus
566 752 638 806 sit
667 769 680 805 :
716 761 771 805 tu
798 766 950 818 vero,
983 754 1028 805 si
1053 766 1143 805 res
1169 765 1274 807 non
1307 752 1378 806 ita
1409 767 1469 807 se
1498 752 1683 819 habet,
1713 753 1800 808 dic
1825 767 1921 809 cur

342 845 394 898 in
418 845 686 913 baptismo
707 842 1070 912 conjungitur.
1098 841 1204 899 Sed
1249 858 1358 899 non
1395 843 1553 899 aliam
1596 845 1771 914 possis
1796 859 1923 900 cau-

340 951 451 992 sam
486 936 690 1000 dicere,
739 951 898 1006 quam
939 935 1082 1005 quod
1110 936 1181 991 sit
1222 935 1429 992 honore
1467 952 1581 1006 par.
1621 938 1750 993 Cum
1794 952 1923 1006 ergo

340 1030 537 1103 nullam
591 1028 751 1083 talem
802 1026 964 1083 habet
1016 1028 1427 1095 necessitatem,
1489 1028 1608 1084 vide
1654 1029 1923 1097 quomodo

339 1121 510 1192 ipsum
552 1118 849 1187 conjungit,
900 1118 972 1172 ita
1010 1117 1194 1173 dicens
1238 1137 1252 1175 :
1294 1118 1473 1174 Gratia
1518 1119 1721 1175 Domini
1763 1122 1921 1176 nostri

336 1214 461 1269 Jesu
486 1213 699 1278 Christi,
728 1221 777 1265 et
809 1212 996 1265 caritas
1023 1210 1121 1265 Dei
1151 1222 1201 1265 et
1235 1211 1429 1275 Patris,
1459 1222 1504 1265 et
1531 1212 1920 1266 communicatio

339 1306 569 1376 Spiritus
596 1305 758 1358 sancti
780 1305 849 1358 sit
869 1320 982 1357 cum
1007 1304 1237 1358 omnibus
1260 1305 1398 1358 vobis
1426 1304 1501 1374 (2.
1534 1305 1652 1359 Cor.
1682 1306 1770 1362 15.
1796 1307 1916 1377 15);

338 1409 391 1454 ct
433 1414 671 1465 rursum,
717 1396 1002 1451 Divisiones
1047 1398 1329 1467 gratiarum
1379 1406 1515 1464 sunt,
1573 1397 1706 1451 idem
1751 1409 1918 1453 autem

339 1485 606 1561 Spiritus;
636 1502 684 1545 et
712 1490 985 1544 divisiones
1013 1490 1440 1545 ministrationum
1478 1501 1614 1554 sunt,
1660 1490 1794 1544 idem
1820 1508 1916 1544 au-

336 1597 432 1639 tem
461 1582 753 1647 Dominus;
791 1590 839 1635 et
875 1582 1143 1636 divisiones
1190 1583 1545 1653 operationum
1594 1592 1733 1650 sunt,
1784 1582 1918 1638 idem

337 1685 500 1729 autent
536 1672 680 1728 Deus
708 1681 728 1744 (
756 1674 810 1728 1.
848 1672 965 1727 Cor.
999 1671 1086 1726 12.
1111 1673 1212 1728 4-6
1333 1673 1438 1729 Sed
1462 1674 1580 1744 quia
1637 1690 1779 1730 nunc
1826 1674 1919 1730 ad-

336 1787 519 1827 versus
545 1770 767 1826 Graecos
796 1782 977 1824 sermo
1005 1775 1140 1834 erat,
1181 1775 1237 1822 et
1265 1781 1360 1822 eos
1387 1767 1477 1837 qui
1508 1766 1712 1822 Gnecis
1747 1767 1915 1822 imbe-

334 1864 571 1918 cilliores
614 1869 791 1926 erant,
833 1867 1115 1930 propterea
1162 1858 1214 1913 id
1259 1859 1475 1915 interim
1520 1867 1828 1914 reservatur
1863 1867 1918 1914 et

335 1962 564 2008 tacetur.
597 1950 656 2005 id
695 1950 837 2020 quod
877 1950 1038 2005 etiam
1076 1947 1355 2020 prophetae
1399 1947 1598 2003 faciunt
1636 1947 1705 2003 de
1757 1948 1911 2018 Filio,

335 2061 490 2117 queui
521 2059 785 2113 nusquam
814 2051 999 2113 aperte
1026 2043 1307 2098 nominant
1330 2041 1401 2096 ob
1427 2041 1727 2097 auditorum
1756 2041 1918 2095 imbe-

332 2139 626 2193 cillitatem.
660 2137 713 2190 7.
750 2135 854 2191 Sed
883 2151 982 2189 non
1009 2136 1061 2189 in
1091 2135 1322 2189 omnibus
1346 2144 1420 2189 est
1448 2134 1681 2199 scientia,
1721 2134 1912 2203 inquit.

329 2232 587 2297 Quanam
618 2228 747 2282 illa?
774 2243 843 2281 an
872 2243 957 2293 ea,
990 2242 1108 2297 quae
1133 2236 1217 2282 est
1241 2227 1308 2282 de
1342 2226 1471 2289 Deo,
1503 2240 1571 2278 an
1598 2239 1680 2287 ea,
1707 2240 1824 2294 qua:
1849 2224 1916 2280 de

329 2327 396 2379 iis
425 2340 547 2393 qum
574 2321 847 2377 immolata
896 2330 1020 2376 sunt
1047 2320 1247 2375 idolis?
1272 2325 1378 2374 Aut
1403 2330 1550 2375 certe
1575 2318 1791 2374 Crteeos
1829 2316 1915 2372 hic

326 2416 657 2479 subindicat,
679 2414 769 2484 qui
796 2412 1043 2467 dicebant
1063 2412 1260 2467 multos
1280 2426 1401 2468 esse
1416 2410 1547 2465 deos
1570 2418 1624 2465 et
1642 2409 1910 2475 dominos,

324 2523 428 2563 nec
451 2506 699 2562 sciebant
733 2504 899 2560 Deum
932 2505 1022 2574 qui
1065 2519 1192 2560 vere
1231 2512 1313 2559 est
1343 2517 1359 2561 :
1388 2513 1481 2559 aut
1533 2517 1629 2558 eos
1653 2502 1745 2573 qui
1775 2503 1914 2558 inter

322 2600 561 2670 gentiles
584 2597 964 2653 imbecilliores
993 2605 1169 2664 erant,
1190 2595 1283 2666 qui
1302 2594 1535 2650 nondum
1552 2594 1696 2649 clare
1715 2593 1913 2648 scirent

320 2692 468 2747 idola
501 2705 613 2746 non
656 2704 776 2745 esse
819 2688 1076 2753 timenda,
1110 2699 1167 2743 et
1207 2687 1412 2743 nullum
1453 2701 1576 2743 esse
1611 2685 1811 2741 idolum
1856 2686 1912 2742 in

319 2782 556 2838 mundo.
588 2778 722 2837 Cum
750 2780 853 2836 hoc
877 2790 1056 2836 autem
1080 2780 1329 2844 dixisset,
1359 2779 1611 2850 paulatim
1640 2779 1758 2834 illos
1782 2793 1912 2835 con-

318 2875 532 2929 solatus
566 2882 650 2929 est
693 2881 749 2928 et
793 2872 983 2929 erexit.
1017 2871 1202 2941 Neque
1248 2871 1389 2928 enim
1431 2871 1611 2927 omnia
1659 2871 1911 2928 insectari

318 2967 632 3039 oportebat,
663 2980 783 3022 cum
834 2966 1067 3020 maxime
1115 2964 1234 3022 illos
1279 2980 1491 3022 rursum
1540 2964 1912 3021 vehementius

316 3067 469 3114 esset
500 3058 865 3128 itnpetiturus.

390 3148 475 3203 De
526 3147 1174 3218 idolotltytis.—Quidam
1225 3159 1394 3204 autem
1445 3166 1557 3205 cum
1602 3150 1908 3205 conscientia

315 3241 450 3296 idoli
477 3256 642 3311 usque
668 3256 804 3294 nunc
825 3241 970 3309 quasi
988 3239 1326 3311 idolotltytum
1349 3241 1655 3295 manducant
1678 3256 1696 3295 :
1716 3251 1760 3294 et
1785 3257 1907 3295 con-

314 3334 536 3388 scientia
564 3350 740 3388 eorum
769 3348 884 3387 cum
912 3333 976 3387 sit
1011 3333 1239 3402 inﬁrma,
1271 3333 1536 3400 polluitur.
1576 3333 1766 3390 Adhuc
1795 3342 1908 3390 tre-

314 3435 496 3493 munt,
521 3426 713 3497 inquit,
746 3434 801 3481 et
830 3433 1074 3480 metuunt
1106 3424 1266 3479 idola.
1304 3423 1383 3479 Ne
1419 3424 1549 3479 mihi
1584 3425 1726 3479 enim
1765 3439 1906 3494 prm-

314 3530 529 3576 sentem
559 3535 740 3576 rerum
771 3527 970 3574 statum
997 3518 1217 3584 dixeris,
1245 3528 1300 3574 et
1342 3517 1482 3588 quod
1522 3518 1664 3587 piam
1690 3517 1906 3588 religio-

315 3629 444 3668 nem
494 3628 526 3667 a
582 3612 876 3683 majoribus
938 3612 1259 3682 acceperis;
1327 3611 1422 3666 sed
1476 3620 1713 3667 mentem
1761 3621 1906 3667 tuam

315 3704 557 3760 transfer
583 3704 637 3759 in
662 3704 750 3758 illa
778 3712 1042 3773 tempora,
1071 3712 1125 3758 et
1150 3703 1347 3771 cogita,
1375 3718 1496 3757 eum
1524 3703 1685 3758 modo
1710 3705 1910 3760 consti-

317 3811 433 3856 tuta
459 3810 603 3856 esset
630 3799 957 3870 praedicatio,
985 3806 1040 3853 et
1070 3798 1315 3868 impietas
1339 3797 1515 3853 adhuc
1549 3807 1797 3868 regnaret
1820 3813 1909 3853 ar-

312 3894 623 3964 derentque
660 3907 769 3947 ara:
795 3900 848 3947 et
887 3890 1168 3956 sacriﬁcia,
1208 3890 1458 3945 libamina
1498 3897 1908 3966 peragerentur,

312 4000 374 4043 et
400 3987 587 4057 plures
616 3993 791 4041 essent
811 3983 1060 4056 gentiles,
1084 3983 1177 4055 qui
1204 3998 1232 4037 a
1257 3982 1552 4052 majoribus
1579 3982 1906 4051 impietatem

312 4087 673 4146 acceperant,
712 4091 742 4130 a
778 4077 1036 4146 patribus,
1084 4076 1198 4131 aris
1239 4084 1294 4131 et
1330 4074 1505 4130 atavis
1546 4074 1741 4131 talibus
1780 4076 1905 4141 orti,

312 4182 498 4239 atque
518 4181 548 4219 a
577 4166 898 4223 daemonibus
938 4167 1077 4221 mala
1123 4166 1287 4221 multa
1327 4165 1470 4235 passi
1501 4173 1685 4220 essent
1716 4183 1729 4218 :
1764 4165 1903 4229 illos,

315 4264 572 4329 inquam,
609 4267 824 4328 repente
862 4267 1118 4323 mutatos,
1165 4254 1437 4336 quomodo
1472 4254 1766 4310 verisimile
1793 4264 1908 4310 erat

315 4352 466 4408 afﬁci
497 4370 514 4405 :
542 4351 809 4419 quomodo
839 4349 1087 4405 timendae
1115 4348 1514 4417 tremendteque
1536 4356 1689 4402 erant
1708 4346 1909 4401 daemo-

319 4461 450 4500 num
494 4444 706 4500 insidia:
734 4461 747 4496 :
776 4452 997 4514 prepter
1046 4457 1181 4513 quos
1216 4442 1378 4498 etiam
1422 4438 1474 4495 id
1520 4438 1907 4494 subindicando

317 4538 556 4601 dicebat,
602 4537 825 4603 Quidam
867 4545 1037 4588 autem
1085 4550 1202 4587 cum
1250 4532 1559 4588 conscientia
1611 4530 1901 4602 idolotltyti.

315 4631 509 4702 Neque
536 4630 680 4685 enim
713 4637 899 4699 aperte
933 4627 1170 4682 declarat
1207 4625 1347 4691 illos,
1389 4639 1457 4679 nc
1500 4623 1776 4693 percellat,
1806 4637 1905 4677 ne—

317 4739 428 4794 que
452 4721 677 4777 omnino
711 4718 1093 4789 pnetercurrit,
1123 4715 1218 4772 sed
1264 4713 1541 4770 indeﬁnite
1565 4728 1752 4769 eorum
1796 4728 1909 4767 me-

318 4814 499 4876 minit,
526 4811 719 4866 dicens
749 4827 763 4862 :
795 4808 1018 4874 Quidam
1045 4816 1215 4862 autem
1243 4823 1359 4861 cum
1397 4806 1704 4860 conscientia
1740 4804 1906 4859 idolo-

321 4906 452 4975 tbyti
474 4918 636 4971 usque
659 4916 795 4955 nunc
816 4901 965 4970 quasi
987 4898 1325 4968 idolatltytum
1353 4898 1699 4962 manducant;
1727 4896 1779 4950 id
1802 4905 1904 4962 est,

319 5011 446 5049 cum
484 4994 677 5048 eadem
720 5001 903 5047 mente
939 5006 1042 5062 qua
1077 4992 1259 5062 prius;
1301 4998 1348 5043 et
1390 4989 1696 5044 conscientia
1732 5004 1907 5043 eorum

318 5102 436 5139 carm
472 5085 541 5139 sit
582 5084 808 5154 inﬁma,
852 5083 1099 5155 polluitur
1132 5097 1151 5137 :
1179 5097 1299 5137 cum
1331 5080 1565 5135 nondum
1602 5081 1769 5151 possit
1808 5081 1905 5135 dc-

317 5180 558 5249 spicere,
609 5192 786 5248 neque
816 5177 1034 5232 omnino
1083 5176 1175 5230 illa
1219 5174 1465 5241 irridere,
1496 5174 1589 5229 sed
1635 5174 1813 5231 adhuc
1855 5175 1906 5230 in

316 5271 491 5326 dubio
516 5279 785 5325 versetur.
813 5271 891 5325 Ac
922 5268 971 5324 si
993 5267 1133 5339 quis,
1158 5268 1202 5323 si
1233 5274 1413 5337 tangat
1442 5276 1732 5333 mortuum,
1759 5277 1909 5338 putet

318 5367 564 5436 seipsum
598 5363 860 5434 polluere,
905 5361 1198 5417 secundum
1242 5358 1517 5415 Judaieam
1564 5358 1911 5415 consuetudi-

319 5471 488 5517 irem;
532 5452 837 5523 deindeque
877 5452 1012 5507 alios
1053 5450 1238 5506 videns
1291 5458 1570 5521 tangentes
1607 5465 1728 5505 cum
1777 5465 1910 5520 pura

322 5547 679 5613 conscientia,
720 5561 826 5601 non
868 5561 990 5601 cum
1015 5544 1202 5600 eadem
1234 5554 1409 5600 mente
1435 5553 1679 5614 tangens,
1707 5545 1913 5616 pollue-

321 5655 474 5695 retur
502 5656 520 5707 ;
552 5639 635 5696 sic
661 5647 718 5694 et
744 5638 823 5692 illi
849 5646 974 5693 tunc
993 5645 1145 5693 erant
1170 5635 1366 5691 aﬂ‘ecti.
1396 5634 1618 5703 Quidam
1644 5637 1797 5701 enim,
1826 5636 1910 5692 in-

319 5734 459 5805 quit,
481 5750 602 5789 cum
623 5732 931 5786 conscientia
955 5731 1078 5785 idoli
1104 5746 1260 5800 usque
1279 5745 1431 5784 nunc.
1458 5727 1575 5786 Non
1604 5728 1720 5786 sine
1748 5745 1909 5787 causa

634 5820 907 5882 ΡΑτιιοι..
952 5820 1069 5883 Gn.
1121 5819 1281 5880 LXI.

1409 269 1472 325 IN
1512 270 1726 327 EPIST.
1767 271 1789 326 Ι
1850 272 1945 327 AD
1983 268 2139 330 COR.
2181 272 2411 332 HOMIL.
2452 278 2574 335 XX.

3508 295 3611 350 166

2034 386 2189 453 illud,
2226 387 2396 460 Usque
2419 408 2575 462 nunc,
2601 396 2798 463 posuit,
2827 397 2919 453 sed
2948 408 3006 453 ut
3030 399 3298 470 ostendat,
3330 403 3451 460 illos
3483 410 3611 465 nihil

2031 479 2323 547 profecisse
2351 498 2456 537 non
2478 498 2599 555 sese
2624 490 3115 547 accommodantes.
3146 491 3328 563 Neque
3356 498 3499 551 enim
3535 502 3609 554 sic

2032 568 2154 624 illos
2201 570 2455 628 inducere
2495 577 2801 644 oportebat,
2854 583 2948 635 sed
2993 581 3102 637 alio
3144 586 3323 654 modo,
3368 588 3533 643 verbo
3562 601 3615 645 et

2030 658 2274 716 doctrina
2325 679 2630 732 persuasos.
2675 667 2744 722 Et
2794 672 3099 726 conscientia
3148 675 3351 731 illorum
3390 697 3505 733 cum
3548 683 3615 736 sit

2029 752 2257 818 inﬁrma,
2279 754 2543 822 polluitur.
2577 758 2845 832 Nusquam
2874 764 3047 821 adhuc
3079 767 3219 823 circa
3257 771 3331 825 rei
3371 783 3611 828 naturam

2029 842 2190 897 verba
2219 844 2365 913 facit,
2393 848 2488 902 sed
2518 864 2733 921 semper
2761 861 2815 908 et
2845 856 3039 926 ubique
3060 859 3200 913 circa
3224 863 3608 920 conscientiam

2028 935 2339 1004 accipientis
2367 950 2632 995 versatur.
2657 942 2833 1000 Timet
2854 947 2998 1002 enim
3031 965 3123 1015 ne,
3153 951 3278 1006 dum
3314 954 3427 1008 vult
3466 957 3613 1010 inﬁr-

2028 1040 2175 1081 mum
2216 1030 2506 1100 corrigere,
2551 1034 2741 1090 fortem
2771 1040 3133 1111 perstringat,
3184 1044 3439 1116 illumque
3465 1047 3610 1103 inﬁr-

2026 1135 2171 1175 mum
2219 1124 2428 1178 reddat.
2475 1126 2812 1199 Quapropter
2862 1148 2967 1188 non
3016 1136 3194 1190 minus
3248 1138 3370 1195 huic
3417 1143 3606 1210 parcit,

2025 1228 2184 1284 quam
2229 1215 2328 1272 illi.
2376 1217 2562 1289 Neque
2601 1222 2728 1276 sinit
2775 1224 2903 1293 quid
2941 1227 3116 1282 simile
3163 1231 3479 1300 existimari,
3513 1238 3606 1290 sed

2025 1319 2274 1363 sermone
2299 1311 2470 1365 utitur
2496 1313 2723 1382 prolixo,
2765 1326 2917 1373 utne
2950 1320 3056 1375 tale
3083 1323 3209 1392 quid
3252 1325 3303 1378 iu
3340 1328 3605 1397 suspicio-

2025 1412 2148 1452 nem
2176 1400 2375 1456 veniat.
2401 1403 2458 1457 8.
2494 1402 2626 1458 Εεοα
2657 1416 2823 1461 autem
2864 1425 2956 1464 nos
2997 1428 3096 1465 non
3125 1417 3439 1471 τοηιυιεηάιιι
3476 1419 3602 1473 Deo.

2024 1486 2206 1560 Neque
2224 1493 2358 1546 enim
2381 1496 2428 1547 si
2447 1495 2938 1567 manducaverimus,
2967 1502 3319 1570 abundamus;
3364 1524 3522 1577 neque
3562 1516 3605 1564 si

2024 1598 2124 1636 non
2151 1586 2639 1656 manducaverimus,
2663 1589 2946 1660 deﬁcimus.
2976 1593 3164 1649 Viden’
3189 1600 3457 1668 quomodo
3489 1618 3609 1657 rur-

2022 1687 2114 1737 sus
2140 1690 2326 1732 eorum
2356 1677 2550 1734 fastum
2580 1681 2884 1752 deprimat?
2912 1684 3045 1740 Nam
3076 1702 3198 1743 cum
3226 1690 3469 1760 dixisset,
3497 1711 3602 1749 non

2019 1766 2182 1821 modo
2222 1768 2363 1835 illos,
2402 1771 2498 1826 sed
2530 1772 2688 1828 etiam
2728 1789 2918 1835 omnes
2958 1778 3236 1835 scientiam
3287 1782 3518 1851 habere;
3551 1774 3605 1842 et

2020 1858 2289 1914 neminem
2314 1861 2454 1917 scire
2473 1865 2928 1933 quemadmodum
2957 1871 3097 1924 scire
3123 1882 3364 1942 oportet;
3388 1885 3439 1930 et
3462 1878 3601 1947 quod

2018 1950 2238 2005 scientia
2277 1950 2456 2019 inﬂet;
2490 1954 2684 2012 deinde
2716 1972 2836 2011 cum
2868 1960 2986 2013 illos
3015 1973 3160 2016 esset
3189 1966 3512 2029 consolatus,
3542 1984 3604 2023 ac

2018 2038 2260 2107 dixisset,
2291 2058 2397 2099 non
2426 2044 2479 2098 in
2510 2047 2759 2104 omnibus
2788 2064 2911 2106 esse
2935 2054 3236 2122 scientiam,
3280 2066 3333 2111 et
3363 2056 3461 2113 hos
3483 2060 3601 2129 pol-

2017 2131 2091 2187 lut
2121 2143 2339 2204 propter
2365 2136 2820 2207 imbecillitatem;
2851 2158 2921 2197 ne
2947 2144 3189 2200 dicerent
3216 2147 3290 2202 illi
3325 2166 3339 2205 :
3372 2149 3441 2206 Et
3475 2152 3600 2221 quid

2016 2222 2080 2278 ad
2112 2238 2234 2289 nos,
2292 2226 2336 2281 si
2374 2242 2478 2282 non
2520 2239 2605 2285 est
2645 2231 2698 2286 in
2737 2235 2986 2290 onmibus
3028 2238 3290 2293 scientia?
3317 2256 3412 2295 cur
3458 2244 3598 2298 enim

2016 2312 2105 2369 ille
2135 2316 2256 2372 talis
2285 2333 2388 2372 non
2426 2318 2587 2375 habet
2630 2323 2950 2379 scientiam?
2976 2341 3072 2381 cur
3098 2337 3180 2383 est
3224 2328 3509 2388 infirmus?
3535 2351 3602 2390 ne

2017 2401 2133 2460 hinc
2161 2406 2473 2477 objicerent,
2504 2426 2609 2466 non
2639 2415 2817 2468 statim
2847 2416 2911 2470 ad
2938 2418 3136 2474 claram
3173 2420 3600 2481 demonstratio-

2016 2512 2141 2553 nem
2168 2500 2338 2567 venit,
2366 2503 2507 2574 quod
2537 2520 2605 2558 ne
2628 2506 2854 2563 lmdatur
2882 2509 2991 2577 ille,
3023 2511 3295 2570 abstinere
3316 2529 3557 2587 oporteat
3581 2536 3596 2583 ;

2014 2592 2109 2648 sed
2130 2593 2363 2661 primum
2389 2595 2617 2666 quadam
2642 2599 2957 2658 velitatione
2985 2603 3242 2661 adversus
3275 2607 3421 2663 illum
3452 2594 3593 2671 usus,

2015 2685 2250 2740 ostendit
2287 2686 2359 2752 id,
2384 2687 2525 2757 quod
2552 2699 2636 2745 est
2662 2690 2751 2745 illo
2787 2693 2979 2761 majus.
3029 2694 3307 2762 Quodnam
3345 2709 3427 2756 est
3455 2701 3557 2758 hoc
3576 2682 3609 2757 τΔ

2014 2775 2165 2844 Quod
2195 2778 2405 2834 etiamsi
2441 2795 2599 2835 nemo
2642 2781 2951 2851 laederetur,
2980 2801 3156 2856 neque
3202 2787 3430 2858 proximi
3478 2808 3599 2863 per-

2014 2868 2192 2923 versio
2219 2869 2505 2926 metuenda
2535 2881 2699 2937 esset,
2728 2889 2797 2930 ne
2828 2875 2906 2930 sic
2933 2877 3153 2948 quidem
3191 2880 3294 2938 hoc
3333 2886 3595 2955 agendum

2012 2969 2157 3017 esset
2185 2975 2200 3015 :
2229 2976 2397 3017 vanus
2439 2963 2636 3035 quippe
2668 2964 2821 3021 labor
2852 2967 2942 3023 ille
2971 2979 3133 3026 esset.
3169 2971 3299 3029 Nam
3330 2976 3420 3046 qui
3447 2978 3599 3034 audi-

2010 3054 2087 3107 vit
2104 3052 2267 3108 alium
2290 3053 2541 3121 lmdi,sed
2568 3055 2668 3110 sibi
2692 3056 2895 3112 lucrum
2920 3074 3057 3126 esse,
3092 3077 3196 3116 non
3222 3066 3443 3120 multum
3470 3068 3595 3125 abs-

2011 3145 2177 3211 tinet;
2200 3143 2297 3200 sed
2323 3154 2447 3200 tunc
2473 3147 2639 3217 magis
2664 3162 2783 3203 cum
2817 3148 3081 3219 didicerit,
3111 3154 3240 3208 nihil
3269 3170 3328 3211 se
3355 3157 3422 3213 ab
3448 3173 3509 3214 ea
3537 3177 3595 3218 re

2004 3236 2200 3308 juvari.
2239 3236 2362 3292 ideo
2406 3237 2507 3292 hoc
2546 3239 2773 3307 primum
2812 3242 2959 3310 ponit
2995 3242 3217 3301 dicens:
3258 3245 3394 3302 Esca
3429 3230 3594 3306 autem

2009 3347 2102 3385 nos
2132 3346 2233 3385 non
2259 3332 2577 3385 commendat
2617 3331 2745 3388 Deo.
2780 3333 2967 3390 Viden‘
2995 3348 3251 3407 quantum
3284 3339 3336 3394 id
3374 3342 3595 3414 viltpeu-

2009 3422 2121 3488 dat,
2152 3421 2293 3492 Quod
2321 3422 2600 3478 videbatur
2627 3438 2657 3477 a
2691 3424 2921 3494 perfecta
2948 3428 3166 3484 scientia
3198 3429 3381 3486 efﬁcit
3416 3433 3597 3508 Neque

2009 3516 2143 3570 enim
2181 3515 2226 3568 si
2265 3515 2757 3584 ntanducaverimus,
2783 3518 3156 3586 abundamus;
3207 3521 3260 3576 id
3305 3532 3408 3592 est,
3454 3527 3591 3597 apud

2010 3607 2179 3663 Deum
2214 3606 2420 3676 probati
2468 3620 2677 3673 sumus,
2713 3617 2770 3662 ut
2800 3609 2924 3678 quid
2968 3610 3165 3667 bonum
3210 3614 3293 3670 vel
3342 3632 3591 3697 magnum

2008 3696 2248 3768 operati;
2281 3714 2440 3767 neque
2462 3699 2506 3752 si
2532 3714 2632 3753 non
2678 3701 3165 3771 manducaverimus,
3190 3696 3509 3777 .deﬁcimus;
3541 3711 3590 3767 id

2008 3799 2110 3858 est,
2143 3791 2319 3845 minus
2343 3791 2467 3861 quid
2498 3792 2778 3849 habemus.
2818 3793 3034 3851 interim
3067 3797 3226 3869 igitur
3247 3801 3375 3857 illud
3406 3814 3590 3861 osten-

2008 3884 2087 3940 dit
2113 3882 2441 3955 superﬂuum
2471 3893 2523 3939 et
2553 3885 2683 3938 nihil
2732 3900 2851 3941 esse
2884 3905 2898 3942 :
2931 3904 3053 3943 nam
3086 3890 3137 3945 id
3158 3931 3174 3958 ,
3226 3894 3366 3963 quod
3419 3912 3592 3967 neque

2010 3979 2055 4033 si
2102 3977 2196 4032 ﬂat
2235 3976 2473 4045 prodest,
2506 3990 2681 4046 neque
2707 3977 2750 4031 si
2780 3993 2883 4033 non
2916 3979 3007 4033 ﬁat
3036 3990 3213 4050 nocet,
3260 3986 3585 4055 superﬂuum

2008 4079 2159 4124 certe
2197 4067 2373 4122 fuerit.
3319 4136 3329 4151 μ

2080 4161 2135 4216 5.
2156 4159 2474 4231 Progressus
2490 4168 2665 4215 autem
2686 4167 2851 4215 totum
2871 4162 2945 4215 rei
2966 4160 3213 4219 damnum
3232 4168 3417 4236 aperit.
3440 4170 3591 4230 Nunc

2009 4260 2187 4307 autem
2205 4250 2353 4313 dicit,
2374 4250 2426 4306 id
2452 4250 2593 4321 quod
2623 4249 2879 4307 fratribus
2892 4253 3085 4311 accidit
3110 4272 3123 4308 :
3157 4254 3208 4311 9.
3250 4256 3421 4315 Videte
3435 4265 3587 4334 enim,

2009 4343 2201 4413 inquit,
2219 4359 2282 4397 ne
2295 4342 2425 4411 forte
2441 4342 2548 4396 [nec
2559 4343 2759 4397 licentia
2780 4353 2941 4397 vestra
2960 4342 3321 4411 o/I‘endiculum
3337 4352 3429 4421 ﬁat
3450 4354 3589 4425 in/ir-

2009 4436 2104 4491 mis
2119 4433 2381 4503 fratribus.
2409 4432 2524 4488 Non
2539 4434 2691 4499 dixit,
2722 4432 2872 4502 Quod
2899 4432 3109 4489 licentia
3133 4447 3309 4493 vestra
3339 4440 3407 4495 sit
3425 4443 3592 4501 oﬂen-

2008 4526 2265 4590 diculum,
2312 4540 2486 4595 neque
2508 4523 2559 4578 id
2590 4523 2969 4595 pronuntiavit,
2994 4533 3049 4579 ut
3079 4541 3146 4581 ne
3172 4527 3590 4599 impudentiores

2009 4618 2131 4673 illos
2148 4616 2436 4682 redderet;
2470 4615 2562 4671 sed
2579 4615 2891 4687 quomodo?
2931 4614 3124 4683 Videte,
3157 4626 3361 4677 terrens
3382 4624 3502 4683 illos
3530 4644 3591 4684 ac

2008 4710 2215 4781 pudore
2238 4709 2479 4765 afﬁciens
2520 4721 2575 4765 et
2602 4705 2670 4762 ad
2692 4706 2920 4762 faciendi
2949 4709 3283 4779 negationem
3313 4714 3585 4777 inducens.

2009 4801 2195 4874 Neque
2222 4801 2378 4869 dixit,
2411 4800 2536 4854 llzec
2576 4808 2751 4854 vestra
2794 4799 3035 4866 scientia,
3077 4801 3218 4870 quod
3249 4806 3415 4875 magis
3444 4808 3587 4865 laudi

2010 4902 2195 4959 esset;
2237 4908 2431 4964 neque,
2473 4891 2599 4946 llaec
2629 4900 2807 4946 vestra
2843 4889 3133 4960 perfectio;
3184 4894 3277 4949 sed
3316 4894 3543 4955 Licentia
3571 4920 3591 4957 :

2011 4987 2153 5066 qugd
2182 4986 2350 5058 magis
2373 4982 2709 5048 temeritatis,
2733 4981 3037 5050 petulantia:
3057 4994 3112 5037 et
3136 4986 3452 5057 arrogantia:
3472 5008 3594 5050 esse

2014 5080 2310 5135 videbatur.
2341 5077 2450 5132 Nec
2491 5075 2644 5138 dixit,
2682 5074 2997 5143 Fratribus;
3041 5076 3135 5133 sed
3165 5077 3397 5165 Inﬁrmi;
3424 5086 3595 5154 [ratri-

2010 5172 2121 5237 bus,
2153 5171 2355 5226 crimen
2396 5182 2617 5239 augens,
2650 5166 2788 5238 quod
2831 5183 2900 5224 ne
2943 5168 3164 5227 inﬁrmis
3216 5174 3429 5242 quidem
3469 5195 3592 5248 par-

2013 5273 2155 5331 cant,
2187 5265 2294 5320 imo
2337 5261 2610 5317 fratribus.
2658 5261 2788 5317 Esto
2834 5262 3000 5329 enim,
3033 5279 3136 5319 non
3163 5267 3387 5338 corrigis
3418 5284 3592 5342 neque

2013 5358 2254 5420 excitas;
2293 5370 2389 5410 cur
2434 5353 2745 5424 Sttpplztntas
2791 5365 2844 5409 et
2891 5353 3100 5424 dejicis,
3151 5371 3273 5410 cum
3319 5369 3591 5427 oporteret

1994 5462 2231 5511 manum
2272 5446 2594 5518 porrigere?
2619 5445 2722 5501 Sed
2772 5445 2876 5500 hoc
2910 5462 3015 5499 non
3049 5445 3127 5499 vis
3155 5464 3171 5501 :
3200 5461 3329 5517 ergo
3359 5464 3429 5505 ne
3458 5452 3595 5523 deji-

2013 5543 2143 5597 cias.
2173 5539 2305 5595 Nam
2331 5538 2377 5594 si
2405 5539 2576 5593 malus
2600 5547 2760 5604 esset,
2803 5537 3134 5592 correctione
3170 5551 3304 5607 opus
3337 5526 3591 5613 haberet“:

2014 5635 2058 5689 si
2088 5643 2267 5689 autem
2296 5630 2555 5697 inﬁrmus,
2588 5631 2868 5686 medicina.
2908 5627 3060 5685 Nunc
3083 5639 3261 5685 autem
3295 5648 3401 5690 non
3439 5638 3597 5693 modo

2018 5728 2262 5787 inﬁrmus
2299 5735 2402 5794 est,
2442 5726 2537 5783 sed
2569 5727 2726 5783 etiam
2757 5724 2939 5782 frater.
2972 5725 3058 5782 10.
3090 5725 3215 5780 Cum
3254 5730 3367 5799 quis
3393 5735 3522 5787 enim
3555 5746 3599 5786 te

3163 5827 3220 5884 li
