4086 6214
451 292 548 348 lli?

455 404 630 462 viderit
651 400 912 456 scientiam
937 397 1199 450 habentem
1219 389 1270 440 in
1291 385 1449 438 idolio
1469 375 1852 435 recumbentem.
1870 383 2035 425 nonne

451 498 760 556 conscientia
792 495 920 564 ejus,
949 505 1061 542 cum
1083 487 1146 540 sit
1166 482 1418 550 inﬁrmus,
1449 471 1786 543 wdificabitur
1813 466 1880 520 ad
1905 479 2041 518 man-

453 589 744 649 ducandum
773 556 1098 652 idolothyta?
1121 575 1252 631 Cum
1279 571 1520 632 dixisset,
1560 564 1734 619 Videte
1756 578 1819 615 ne
1839 556 2041 614 licentia

451 695 617 742 vestra
643 682 708 737 sit
730 646 1110 744 oﬂ'cndictilnm,
1145 665 1270 721 dicit
1291 659 1558 732 quomodo
1584 659 1684 710 hoc
1713 654 1822 716 ﬁat,
1851 657 1906 704 et
1928 646 2044 702 ubi-

453 793 556 848 que
587 769 950 830 infirmitatem
990 761 1157 832 ponit,
1192 773 1260 812 ne
1298 754 1542 808 videatur
1567 748 1817 802 damnum
1849 756 1914 795 ex
1943 753 2041 792 na-

454 835 573 926 tura
617 863 697 921 rei
740 874 880 924 esse,
909 865 960 912 et
1001 851 1267 909 terribiles
1295 860 1415 902 esse
1445 841 1725 896 videantur
1749 835 2042 889 dremones.

455 963 606 1017 Nunc
634 957 776 1014 enim
814 965 980 1022 prope
1019 957 1122 1012 est,
1157 941 1348 1013 inquit,
1391 947 1450 992 ut
1475 937 1691 990 omnino
1726 928 1941 985 deﬁciat
1978 922 2046 978 ab

459 1053 618 1107 idolis
651 1066 665 1102 :
695 1056 751 1101 te
777 1053 955 1099 autem
982 1038 1170 1092 videns
1201 1047 1318 1087 cum
1349 1029 1452 1084 illis
1477 1027 1705 1080 libenter
1719 1025 2043 1077 versantem,

461 1159 573 1199 rem
625 1136 818 1206 accipit
847 1147 944 1202 pro
983 1124 1366 1184 admonitione,
1408 1127 1460 1173 et
1497 1117 1548 1169 in
1591 1114 1676 1168 illa
1707 1126 1765 1166 re
1802 1115 2049 1163 versatur

459 1239 621 1293 etiam
652 1201 787 1303 ipse.
819 1201 1002 1296 Itaque
1033 1237 1138 1276 non
1171 1217 1344 1273 solum
1374 1228 1437 1266 ex
1478 1210 1620 1264 illius
1659 1201 2044 1260 imbecillitate,

463 1329 559 1385 sed
588 1342 653 1383 ex
675 1295 1068 1386 intempestivo
1107 1320 1198 1366 tuo
1225 1320 1389 1377 opere
1430 1300 1636 1356 insidiae
1675 1295 1919 1351 oriuntur
1945 1305 1962 1343 ι
1993 1297 2048 1342 tu

465 1383 608 1480 enim
637 1418 784 1473 illum
813 1383 1162 1467 infirmiorem
1186 1399 1386 1456 reddis.
1414 1396 1498 1449 11.
1527 1389 1592 1444 Et
1616 1386 1794 1460 peribit
1819 1383 2052 1451 inﬁrmus

468 1521 632 1588 frater
657 1510 712 1563 in
742 1521 854 1560 esca
883 1511 987 1562 tua,
1016 1504 1222 1569 propter
1251 1503 1395 1559 quem
1428 1483 1658 1539 Christus
1692 1485 1919 1531 mortuus
1957 1480 2048 1526 est.

1375 1578 1386 1588 '
1519 1574 1529 1585 ·
1587 1578 1664 1588 κέ·
1701 1568 1758 1588 Α»
1797 1565 1899 1588 ι.--
1927 1563 2014 1588 :u-

471 1563 848 1669 namque
876 1563 1161 1658 sunt,‘qu:e
1193 1592 1243 1637 te
1267 1578 1422 1634 venia
1454 1574 1670 1645 privant
1693 1568 1764 1623 ob
1797 1565 1902 1620 hoc
1927 1563 2050 1617 illa-

471 1655 580 1752 t—uln
607 1655 883 1746 damnum.
917 1691 971 1737 et
1007 1655 1146 1748 quod
1186 1673 1449 1732 inﬁrmus,
1483 1674 1535 1718 et
1571 1659 1714 1734 quod
1747 1657 1910 1713 frater
1945 1655 2050 1715 sit;

473 1792 580 1844 imo
611 1783 825 1839 tertium
857 1744 1069 1847 quoque
1107 1765 1337 1826 additur,
1383 1755 1522 1828 quod
1573 1751 1811 1808 omnium
1849 1744 2058 1802 terribi-

475 1839 737 1935 lissimum
760 1880 860 1927 est.
877 1839 1180 1932 Quodnam
1214 1853 1340 1910 illud
1369 1849 1490 1906 est?
1514 1844 1667 1914 Quod
1688 1839 1935 1896 Christus
1961 1850 2057 1906 pro

441 1945 449 1953 ‘
473 1973 564 2029 illo
596 1966 729 2024 mori
761 1977 864 2016 non
894 1951 1255 2012 recusaverit;
1289 1956 1343 1999 tu
1372 1955 1503 1998 vero
1529 1953 1596 1993 ne
1615 1933 1828 2007 quidem
1856 1929 1920 1983 ad
1944 1926 2060 1997 ejus

474 2057 893 2119 imbecillitatem
922 2058 974 2103 te
1003 2054 1344 2112 attemperas.
1375 2035 1475 2090 Per
1514 2031 1629 2086 lure
1666 2036 1843 2082 autem
1879 2019 2057 2093 perfe-

663 2148 933 2206 admonet,
965 2136 1133 2210 qualis
1166 2135 1279 2202 ipse
1310 2127 1454 2198 prius
1493 2128 1653 2183 esset,
1685 2127 1742 2174 et
1782 2115 1923 2187 quod
1965 2125 2062 2181 pro

480 2293 617 2398 mori
645 2348 696 2392 te
722 2327 1030 2402 oportebat;
1059 2320 1153 2377 sed
1183 2314 1322 2387 quod
1357 2311 1525 2367 multo
1561 2305 1731 2376 majus
1758 2307 1894 2365 erat,
1922 2293 2062 2366 quod

479 2439 638 2496 etiam
666 2391 912 2489 Christus
939 2427 1158 2495 propter
1179 2415 1350 2486 ipsum
1376 2417 1459 2465 est
1479 2411 1737 2461 mortuus.
1766 2397 1854 2453 Sic
1884 2391 2064 2448 Domi-

481 2545 583 2588 nus
611 2524 826 2599 quidem
850 2492 970 2574 tuus
993 2527 1090 2584 pro
1118 2510 1213 2565 illo
1235 2503 1374 2568 mori,
1394 2516 1496 2556 non
1518 2492 1786 2553 recusavit
1806 2507 1820 2553 ;
1837 2497 1906 2591 .tu
1935 2496 2066 2539 νισι-ο

482 2625 597 2696 ejus
618 2581 825 2675 nullam
850 2610 1110 2667 rationem
1141 2600 1329 2663 habes,
1362 2605 1418 2650 nt
1450 2605 1549 2645 nec
1584 2593 1800 2658 propter
1837 2581 2010 2650 ipsum
2036 2591 2064 2629 a

1349 2688 1361 2696 .
1423 2687 1434 2696 .
1481 2685 1491 2696 .
1552 2683 1564 2694 .
1747 2673 1922 2696 *ηε-η
1951 2675 2064 2696 ηρ,

483 2673 712 2774 scelesta
733 2719 916 2764 mensa
938 2698 1242 2757 abstineas;
1271 2688 1364 2745 sed
1393 2685 1524 2742 sinis
1552 2683 1724 2751 ipsum
1747 2673 1924 2745 perire
1951 2675 2070 2739 post

487 2771 714 2867 salutem
744 2802 815 2854 ila
847 2801 1084 2868 partam;
1128 2783 1374 2855 quodque
1412 2772 1784 2848 gravissimum
1825 2771 1927 2827 est,
1974 2774 2071 2862 per

423 2953 425 2956 .
485 2850 707 2956 escam?
733 2850 917 2959 Neque
953 2850 1094 2937 enim
1140 2850 1301 2937 dixit,
1337 2869 1560 2934 Propter
1599 2871 1739 2914 tuam
1782 2850 2069 2926 perfectio-

489 2949 634 3050 nem,
675 2985 757 3039 vel
791 2949 1008 3049 propter
1043 2980 1185 3024 tuam
1215 2959 1516 3022 scientiam,
1543 2952 1636 3008 sed
1677 2949 1896 3018 PrOpter
1930 2952 2070 2996 tuam

486 3101 674 3144 escam.
697 3079 836 3134 Sunt
857 3075 1034 3140 itaque
1059 3073 1287 3136 quatuor
1306 3053 1552 3117 crimina,
1585 3047 1778 3115 illaque
1801 3038 2029 3096 maxima
2056 3051 2070 3087 :

490 3132 902 3251 frater
930 3132 1020 3225 sit,
1045 3132 1100 3212 et
1126 3151 1389 3209 infirmus.
1408 3152 1478 3251 let
1505 3139 1659 3208 cujus
1689 3132 1932 3190 Christus
1959 3137 2076 3251 tan;

492 3216 600 3326 t‘am
628 3260 812 3320 habuit
840 3255 1124 3312 ratimtem,
1157 3253 1214 3300 ut
1241 3255 1336 3311 pro
1367 3237 1459 3291 illo
1499 3237 1825 3288 moreretur;
1852 3232 1904 3277 et
1935 3216 2076 3290 quod

495 3369 615 3434 post
658 3355 774 3410 haec
816 3346 997 3406 omnia
1050 3345 1270 3408 propter
1300 3343 1476 3386 escam
1509 3329 1710 3428 pereat.
1743 3317 1827 3372 12.

497 3405 593 3508 rem
623 3451 886 3520 peccantes
923 3438 977 3491 in
1021 3435 1221 3504 fratres,
1266 3433 1312 3478 et
1355 3417 1683 3492 percutieutes
1722 3405 2081 3464 conscientiam

496 3503 672 3601 eorum
701 3536 981 3607 inﬁrmam,
1014 3503 1067 3581 in
1110 3509 1365 3578 Christum
1410 3510 1648 3582 peccatis.
1694 3503 1880 3558 Viden‘
1921 3513 2081 3570 quam

499 3639 698 3696 sensim
721 3595 774 3688 et
803 3625 1055 3699 paulatim
1085 3625 1361 3690 peccatum
1393 3608 1522 3665 illud
1549 3605 1613 3659 ad
1641 3603 1850 3658 culmen
1889 3595 2082 3664 iniqui—

501 3692 625 3787 tatis
653 3692 976 3783 deduserit?
1007 3715 1319 3778 Rursusque
1355 3696 1682 3759 infirmitatis
1721 3692 1932 3747 illorum
1971 3699 2084 3740 me-

505 3822 679 3882 miuit.
711 3815 843 3872 Nam
883 3806 1026 3880 quod
1055 3803 1154 3874 ipsi
1185 3813 1282 3871 pro
1309 3811 1369 3853 se
1394 3806 1513 3849 esse
1553 3782 1950 3844 existimabant,
1984 3775 2086 3830 hoc

817 3871 1028 3960 illo-rum
1049 3871 1209 3966 caput
1230 3885 1516 3947 convertit.
1538 3881 1722 3950 Neque
1747 3873 1901 3939 dixit,
1923 3871 2089 3985 Sepu-

509 3963 826 4069 daliiantes,
858 3995 952 4052 sed
981 3963 1348 4048 Percntientes,
1380 3989 1439 4034 ut
1465 3991 1562 4049 per
1589 3969 1836 4029 dictionis
1864 3963 2109 4032 empba-'

509 4106 591 4161 sin
622 4095 991 4157 crudelitatem
1019 4080 1349 4141 ostenderet.
1372 4069 1510 4139 Quid
1536 4067 1677 4123 enim
1704 4061 1897 4118 smvius
1931 4053 2092 4110 fuerit

512 4146 750 4257 homine,
781 4185 870 4258 qui
900 4193 1101 4251 agrum
1139 4163 1442 4244 percutiat?
1487 4158 1698 4217 Etenim
1742 4150 1930 4223 quovis
1969 4146 2092 4201 vul-

512 4303 647 4346 neto
679 4245 898 4355 gravius
921 4281 1006 4330 est
1042 4264 1425 4325 scandalizare,
1457 4270 1548 4309 seu
1585 4245 1964 4306 oﬂ‘endlculnm
1996 4255 2094 4311 po-

673 4339 859 4445 :usa‘pe
900 4377 1128 4436 namque
1159 4359 1260 4413 hoc
1307 4359 1533 4409 mortem
1575 4341 1801 4400 induxit.
1856 4339 1922 4445 Et
1964 4348 2099 4437 quo-

514 4471 677 4530 modo
703 4469 759 4523 in
787 4425 1060 4520 Christum
1091 4445 1354 4524 peccant?
1379 4442 1498 4499 Uno
1524 4436 1737 4509 quidem
1765 4429 1947 4530 modo,
1975 4425 2098 4497 quia

517 4579 636 4635 qua:
676 4522 800 4612 sunt
841 4522 1161 4606 famulorum
1203 4549 1262 4595 ut
1309 4533 1529 4635 propria
1552 4529 1651 4582 sibi
1692 4522 1969 4585 attribuit;
2006 4533 2101 4635 ‘se-

519 4607 715 4718 Zundo,
755 4643 898 4719 quod
940 4637 1030 4711 qui
1060 4633 1438 4690 verberantur,
1467 4622 1534 4676 ad
1563 4631 1757 4686 corpus
1783 4624 1837 4668 et
1862 4607 2102 4667 membra

520 4717 1047 4822 ipsiuspeirtineant;
1072 4723 1255 4790 tertio,
1278 4717 1421 4792 quod
1451 4729 1586 4785 opus
1608 4723 1760 4765 suum
1789 4723 1803 4760 :
1831 4721 1927 4777 per
1953 4718 2106 4758 suam

1143 4818 1175 4822 “
1194 4817 1213 4822 ‘
1479 4808 1490 4820 '
1540 4806 1574 4822 κ·
1619 4818 1713 4822 μμ*
1761 4798 2102 4822 -..ιΑιεΑ-Αη.

763 4829 1033 4905 propriam
1078 4817 1433 4877 mdificatum,
1479 4806 1577 4878 ipsi
1619 4818 1714 4874 per
1759 4798 2106 4905 ambitionem

523 4949 674 4991 suam
727 4887 960 4984 diruant.
1007 4919 1099 4975 15.
1157 4913 1499 4981 Quapropter,
1545 4899 1588 4954 si
1633 4911 1746 4951 esca
1794 4887 2108 4947 scandalizat

527 5027 737 5097 fratrem
765 5030 966 5075 meum,
1004 5024 1106 5062 non
1139 4999 1455 5057 ntanducabo
1504 5005 1704 5049 carnem
1745 4987 1799 5039 in
1842 4992 2103 5036 arternum.

529 5082 643 5174 iloc
689 5120 957 5177 tamquam
1005 5099 1242 5168 optimus
1286 5091 1564 5161 magister,
1608 5082 1778 5153 cujus'
1803 5085 1886 5133 est
1919 5088 2016 5145 per
2052 5087 2111 5126 se

533 5167 726 5265 ducere
754 5167 872 5272 qua!
898 5167 1249 5256 diciLNeque
1269 5183 1421 5244 dixit,
1440 5181 1564 5235 Sive
1586 5177 1727 5246 juste
1747 5171 1862 5226 sive
1883 5167 2074 5236 injuste
2095 5181 2108 5228 ;

534 5260 1178 5368 quomodocumque.
1207 5274 1314 5330 Nec
1345 5271 1489 5332 dico,
1519 5267 1711 5337 inquit,
1741 5262 1886 5317 idolo
1918 5260 2112 5314 immo-

536 5348 720 5458 latum,
753 5383 894 5459 quod
924 5348 1090 5436 etiam
1122 5377 1341 5443 propter
1371 5363 1528 5417 aliam
1569 5370 1783 5411 causam
1822 5361 1907 5409 est
1939 5348 2117 5421 prohi-

539 5447 743 5546 bitum';
768 5447 860 5532 sed
887 5474 930 5529 si
962 5467 1090 5541 quid
1115 5464 1278 5520 etiam
1304 5469 1514 5518 eorum,
1538 5463 1659 5520 qua:
1684 5447 1737 5500 in
1768 5450 2031 5515 potestate
2065 5447 2121 5494 ct

542 5531 799 5634 concessa
848 5531 996 5624 sunt.
1019 5557 1275 5620 ollendat,
1317 5549 1384 5605 ab
1421 5545 1529 5600 illis
1563 5553 1776 5612 quoque
1819 5531 2117 5596 abstinebo,

541 5685 649 5726 non
677 5678 782 5720 uno
808 5660 892 5714 vel
919 5657 1089 5711 altero
1113 5651 1222 5713 die,
1255 5642 1350 5700 sed
1382 5647 1495 5694 toto
1521 5637 1644 5689 vitae
1675 5646 1809 5686 mea:
1831 5638 2075 5726 tempore
2105 5638 2118 5674 :

552 5757 672 5812 Non
697 5747 1008 5810 manducabo
1040 5741 1204 5807 enim,
1233 5733 1400 5807 inquit
1410 5772 1424 5801 ,
1453 5742 1631 5782 carnes
1651 5725 1704 5778 in
1731 5731 1991 5777 (sternam.
2015 5714 2124 5770 Nec

1186 278 1243 331 S.
1284 268 1558 330 JOANNIS
1593 251 2067 322 CIIRYSOSTOMI
2105 247 2421 307 ARC‘IHEP.
2461 237 2992 302 CONSTANTINOP.

3625 236 3728 292 {BR

2147 363 2301 424 dixit,
2326 360 2404 416 Ne
2425 358 2644 430 perdam
2675 356 2915 418 fratrem,
2959 351 3055 408 sed
3094 351 3431 422 simpliciter,
3471 349 3552 405 Ne
3579 350 3733 419 fratri

2146 452 2456 520 offendiculo
2482 451 2598 504 sint.
2629 447 2839 502 Etenim
2871 455 3126 501 extrema:
3154 443 3444 498 dementia:
3477 442 3637 497 fuerit
3664 459 3730 498 ea

2147 563 2265 617 quae
2301 544 2516 599 Christo
2556 543 2626 596 ita
2663 537 2812 594 cordi
2855 537 3024 603 fuere,
3061 545 3116 590 et
3146 536 3268 590 talia
3315 543 3374 588 ut
3415 543 3630 604 propter
3668 549 3736 588 ea

2147 645 2374 691 mortem
2399 633 2643 704 elegerit,
2683 646 2780 686 nos
2811 631 2881 684 ita
2919 629 3064 698 parvi
3097 626 3294 690 facere,
3328 634 3386 680 ut
3413 639 3480 680 ne
3508 633 3734 696 propter

2148 727 2239 782 illa
2269 725 2484 797 quidem
2528 723 2596 778 ab
2637 722 2775 777 escis
2821 721 2924 775 illis
2968 718 3357 772 abstineamus.
3403 715 3532 770 llmc
3573 730 3739 784 porro

2150 839 2257 878 non
2283 822 2387 876 illis
2424 819 2619 886 solum,
2643 816 2737 872 sed
2760 815 2923 872 etiam
2955 813 3107 868 nobis
3127 807 3432 882 opportune
3464 809 3740 873 dicantur,

2151 917 2241 987 qui
2265 913 2491 984 proximi
2514 912 2739 966 salutem
2762 907 3106 978 despicimus,
3131 913 3186 958 et
3205 902 3441 958 satanica
3465 901 3549 956 illa
3572 899 3744 954 verba

2153 1009 2497 1080 proferimus.
2531 1005 2662 1060 Nam
2692 1003 2894 1068 dicere,
2924 1000 3060 1068 Quid
3099 998 3226 1053 mihi
3268 1012 3414 1052 cura:
3446 1004 3548 1058 est,
3575 995 3619 1049 si
3647 996 3749 1050 ille

2152 1102 2453 1159 offendatur
2487 1108 2542 1154 et
2585 1098 2676 1153 ille
2719 1095 2948 1168 pereat?
2987 1093 3239 1147 satanicaa
3285 1099 3370 1146 est
3405 1089 3750 1145 crudelitatis

2153 1205 2206 1250 et
2249 1190 2670 1248 inhumanitatis.
2705 1186 2866 1258 Atqui
2900 1195 3028 1240 tunc
3054 1183 3269 1254 quidem
3313 1182 3528 1237 illorum
3568 1181 3753 1236 imbe—

2154 1285 2389 1341 cillitatis
2415 1292 2552 1346 erat,
2597 1281 2790 1352 quibus
2833 1278 2948 1332 haec
2991 1273 3318 1330 oliendieulo
3364 1281 3551 1336 erant;
3599 1272 3751 1342 apud

2156 1393 2254 1433 nos
2279 1392 2406 1432 vero
2433 1389 2538 1430 non
2566 1375 2713 1429 item.
2737 1371 2868 1426 Nam
2897 1369 2983 1423 illa
3008 1375 3223 1437 peccata
3249 1364 3597 1430 admittimus,
3625 1379 3756 1432 qua:

2159 1469 2383 1525 fortibus
2423 1467 2583 1522 etiam
2629 1461 2954 1519 oil‘endiculo
2985 1461 3110 1515 sint.
3153 1458 3288 1514 Cum
3333 1456 3476 1512 enim
3512 1455 3757 1526 percuti-

2159 1578 2298 1626 mus,
2330 1560 2564 1630 rapimus
2598 1566 2652 1613 et
2691 1555 2929 1610 avaritia:
2957 1551 3258 1616 studemus,
3296 1549 3588 1617 liberisque
3610 1556 3760 1601 tam-

2159 1668 2316 1726 quam
2348 1651 2630 1722 mancipiis
2655 1649 2948 1712 abutimur,
2975 1645 3187 1701 cuinam
3219 1643 3333 1698 hare
3369 1657 3476 1697 non
3513 1639 3751 1696 offendi-

2161 1748 2282 1803 culo
2307 1745 2540 1801 fuerint?
2579 1743 2708 1799 Nam
2741 1756 2808 1796 ne
2835 1739 3060 1805 dixeris,
3089 1737 3187 1792 Ille
3212 1747 3387 1800 sutor,
3425 1735 3526 1789 iste
3553 1734 3762 1789 tinctor

2162 1852 2278 1906 est;
2313 1854 2486 1907 neque
2521 1835 2741 1901 dixeris,
2769 1833 3013 1890 jErarius
3041 1830 3191 1885 faber
3215 1829 3350 1882 alius
3376 1835 3458 1882 est
3489 1844 3501 1878 :
3536 1825 3629 1880 sed
3658 1841 3766 1880 cn-

2162 1933 2268 2004 gita
2294 1931 2443 1985 illum
2471 1943 2590 1982 esse
2615 1925 2823 1980 fidelem
2849 1931 2905 1979 et
2925 1922 3168 1977 fratrem.
3192 1918 3405 1973 Illorum
3427 1917 3566 1972 enim
3591 1915 3766 1970 disci-

2162 2027 2274 2098 puli
2319 2039 2525 2088 snmus,
2559 2022 2903 2090 piscatorum,
2957 2015 3387 2084 publicanorum.
3428 2010 3766 2066 tabernacu-

2167 2120 2340 2173 lorum
2393 2117 2646 2188 opilicum
2681 2129 2693 2165 :
2724 2112 2867 2166 illius
2892 2110 3065 2180 quiin
3115 2108 3274 2162 domo
3328 2104 3460 2159 fabri
3515 2103 3765 2157 nutritus

2169 2211 2286 2277 fuit,
2320 2209 2408 2280 qui
2447 2219 2700 2277 sponsam
2728 2203 2845 2272 ejus
2876 2210 3101 2255 matrem
3134 2197 3333 2253 habere
3363 2195 3612 2265 dignatus
3647 2201 3762 2255 est.

2169 2303 2256 2373 qui
2291 2298 2478 2370 pannis
2520 2296 2789 2351 involutus
2833 2293 2886 2346 in
2932 2288 3157 2362 prtesepi
3207 2285 3473 2352 recubuit,
3511 2284 3603 2355 qui
3647 2299 3765 2338 non

2169 2394 2401 2450 habebat
2427 2390 2518 2445 ubi
2546 2395 2709 2458 caput
2751 2385 3062 2446 reclinaret,
3094 2380 3182 2449 qui
3212 2387 3356 2433 tanta
3396 2376 3630 2446 suscepit
3671 2375 3772 2430 iti-

2170 2503 2318 2552 nera,
2345 2494 2403 2538 ut
2426 2499 2489 2538 ex
2520 2481 2602 2534 via
2634 2479 2808 2536 fessus
2834 2486 2996 2538 esset,
3027 2474 3116 2544 qui
3146 2471 3216 2526 ab
3241 2471 3362 2525 aliis
3397 2469 3766 2524 nutriebatur.

2243 2581 2295 2635 6.
2339 2577 2526 2631 Fastns
2553 2575 2803 2628 ltuntanus
2829 2569 2958 2623 nihil
2986 2577 3080 2622 est.
3099 2565 3313 2620 -H:ec
3346 2564 3543 2633 cogita,
3573 2571 3626 2618 et
3654 2561 3767 2616 hu-

2171 2685 2387 2727 manum
2410 2669 2604 2722 fastum
2633 2662 2765 2719 nihil
2798 2675 2916 2717 esse
2945 2669 3100 2729 putes
3126 2675 3141 2722 ;
3173 2657 3264 2713 sed
3296 2665 3350 2711 et
3381 2653 3767 2710 tabernaculo-

2174 2778 2292 2818 rum
2334 2758 2604 2830 opificem,
2649 2763 2706 2810 et
2735 2767 2857 2810 eum
2897 2751 2988 2822 qui
3029 2764 3190 2804 curru
3234 2747 3468 2810 vehitur,
3516 2756 3572 2801 et
3602 2744 3766 2800 mille

2176 2855 2405 2912 famulos
2433 2852 2613 2917 habet,
2637 2857 2692 2904 et
2713 2847 2833 2902 foro
2859 2845 3049 2900 obvios
3068 2849 3236 2907 arcet,
3262 2840 3482 2895 fratrem
3505 2853 3624 2894 esse
3643 2836 3773 2892 exi-

2176 2948 2330 3004 stima
2356 2962 2370 3011 ;
2404 2946 2512 2999 imo
2541 2943 2690 2996 illum
2722 2939 2892 3009 magis
2918 2951 3078 3007 quam
3104 2936 3264 2989 hunc.
3293 2931 3426 2987 Nam
3458 2931 3545 2986 ille
3568 2943 3772 3000 Oppor-

2179 3041 2358 3096 tuuius
2388 3037 2552 3092 frater
2572 3035 2800 3091 dicatur.
2833 3031 2925 3102 qui
2953 3029 3122 3100 magis
3145 3027 3336 3083 similis
3357 3032 3460 3082 est.
3485 3024 3616 3092 Quis
3633 3037 3772 3093 ergo

2179 3132 2370 3188 similis
2393 3139 2477 3185 est
2505 3123 2899 3198 piscatoribus?
2927 3123 3014 3192 qui
3045 3119 3361 3191 quotidiana
3388 3117 3548 3171 alitur
3573 3129 3768 3184 opere,

2193 3237 2303 3279 non
2328 3221 2535 3276 habens
2560 3215 2820 3271 famulum
2853 3224 3029 3280 neque
3050 3207 3415 3273 domicilium;
3441 3204 3534 3262 sed
3565 3206 3617 3259 in
3641 3219 3771 3258 om-

2196 3318 2358 3374 nibus
2374 3312 2698 3370 crucifixus:
2721 3322 2787 3361 an
2802 3306 2910 3363 ille.
2930 3303 3022 3372 qui
3036 3309 3188 3356 tanto
3205 3299 3348 3356 fastu
3369 3296 3768 3360 circumdatur,

2196 3418 2250 3466 et
2265 3399 2764 3470 contrariaiegibus
2785 3393 2985 3451 divinis
3008 3386 3301 3462 aperatur?
3319 3387 3400 3444 Ne
3426 3403 3556 3459 ergo
3582 3383 3773 3456 despi-

2195 3503 2306 3558 cias
2332 3496 2506 3560 illum,
2532 3491 2625 3562 qui
2653 3487 2826 3560 magis
2848 3485 3014 3541 frater
3040 3493 3168 3538 tuus
3191 3488 3276 3538 est
3301 3495 3314 3532 :
3341 3495 3466 3534 nam
3485 3478 3574 3532 ille
3594 3475 3775 3547 magis

2188 3590 2375 3644 similis
2405 3597 2488 3642 est
2514 3584 2821 3656 apostolicae
2851 3579 3087 3650 imagini.
3129 3580 3197 3632 At
3243 3591 3348 3630 non
3391 3574 3636 3634 libenter,
3677 3570 3783 3626 sed

2191 3681 2407 3740 invitus,
2438 3679 2646 3748 inquies
2677 3691 2690 3730 :
2720 3689 2827 3728 non
2873 3673 3016 3727 enim
3061 3685 3126 3726 ex
3171 3667 3332 3722 animi
3378 3664 3641 3720 sententia
3671 3661 3786 3718 hoc

2191 3772 2335 3826 facit.
2371 3767 2648 3825 Undeuam
2681 3763 2817 3818 hoc?
2839 3777 2944 3815 non
2970 3759 3212 3822 audistis,
3239 3754 3414 3810 Nolite
3431 3752 3689 3823 judicare,
3713 3762 3787 3806 ut

2192 3881 2292 3920 non
2311 3859 2608 3933 judicemini
2639 3857 2852 3928 (Matth.
2886 3856 2940 3908 7.
2984 3853 3034 3924 1)
3059 3853 3082 3906 ?
3109 3851 3175 3908 Ut
3201 3858 3378 3904 autem
3407 3847 3582 3900 discas
3622 3843 3784 3898 illum

2195 3972 2300 4011 non
2333 3955 2555 4010 invitum
2579 3948 2821 4020 operari.
2854 3945 3051 4002 accede
3090 3953 3145 4000 et
3189 3941 3253 3998 da
3301 3940 3376 3995 illi
3419 3937 3604 3994 decies
3627 3935 3788 3992 mille

2197 4049 2314 4104 auri
2344 4047 2565 4112 talenta,
2598 4052 2653 4098 et
2696 4041 2903 4097 videbis
2934 4039 3083 4093 illum
3127 4036 3244 4092 haec
3275 4047 3550 4090 recusare.
3597 4028 3790 4100 Itaque

2199 4141 2409 4198 etiamsi
2455 4155 2485 4194 a
2525 4136 2819 4206 majoribus
2855 4133 3069 4188 divitias
3108 4146 3215 4185 non
3255 4126 3542 4198 acceperit,
3588 4122 3682 4180 sed
3729 4133 3791 4179 et

2199 4248 2322 4287 cum
2349 4231 2593 4300 accipere
2621 4227 2828 4288 liceret,
2857 4238 2964 4278 non
2995 4221 3284 4291 acceperit,
3314 4232 3415 4274 nec
3439 4216 3550 4272 suis
3569 4213 3794 4270 addide-

2203 4326 2292 4390 rit,
2325 4337 2575 4394 magnum
2602 4319 2756 4374 affert
2781 4316 3034 4371 indicium
3066 4313 3209 4384 quod
3229 4309 3484 4382 pecunias
3504 4305 3790 4375 despiciat.

2203 4417 2336 4475 Nam
2367 4425 2423 4471 et
2449 4414 2688 4470 Joannes
2715 4409 2959 4466 Zebedtei
3007 4405 3294 4463 admodum
3349 4400 3600 4474 pauperis
3645 4396 3796 4452 (ilius

2205 4521 2320 4567 erat
2343 4525 2356 4574 ;
2385 4507 2480 4562 sed
2504 4521 2607 4560 non
2635 4511 2916 4574 propterea
2937 4507 3176 4556 coactam
3201 4497 3365 4552 fuisse
3387 4494 3627 4548 dicemus
3650 4487 3797 4542 illius

2211 4606 2599 4674 paupertatem.
2647 4596 2779 4651 Cum
2829 4608 2959 4664 ergo
3020 4591 3226 4648 videris
3277 4589 3419 4660 ligna
3463 4583 3793 4644 caedentem,

2212 4694 2406 4749 malleo
2449 4690 2784 4755 tundentem,
2817 4686 3034 4758 fuligine
3084 4684 3332 4749 tinctum,
3385 4696 3456 4736 ne
3499 4678 3621 4734 ideo
3662 4687 3798 4730 eon-

2211 4796 2440 4852 temnas,
2471 4781 2564 4839 sed
2611 4781 2732 4837 ideo
2761 4781 2991 4834 mireris.
3033 4777 3164 4833 Nam
3195 4786 3251 4831 et
3276 4775 3469 4830 Petrus
3494 4768 3803 4826 succinctus

2211 4886 2348 4943 erat,
2376 4889 2628 4947 sagenam
2657 4871 2924 4927 tractabat
2960 4877 3016 4924 et
3055 4867 3365 4937 piscabatur
3400 4870 3522 4934 post
3549 4870 3803 4913 resurre-

2214 4946 2454 5026 ctionem?
2481 4964 2712 5021 Domini.
2743 4961 2944 5032 Ecquid
2987 4959 3108 5014 dico
3151 4953 3413 5012 Petrum?
3447 4950 3645 5008 Paulus
3685 4946 3805 5016 ipse

2216 5071 2338 5133 post
2369 5072 2588 5115 emensa
2634 5064 2779 5110 tanta
2811 5063 3073 5108 terrarum
3115 5048 3309 5120 spatia,
3354 5051 3480 5116 post
3533 5049 3614 5099 tot
3659 5037 3804 5092 edita

2220 5152 2498 5213 miracula,
2536 5149 2590 5203 in
2625 5146 2977 5202 tentoriorum
3007 5141 3222 5198 ofﬁcina
3261 5148 3434 5203 stans,
3472 5134 3641 5206 pelles
3677 5143 3812 5185 con-

2221 5246 2429 5310 suebat,
2460 5251 2513 5296 et
2541 5237 2927 5296 reverebantur
2950 5251 3072 5292 eum
3101 5233 3276 5304 angeli
3298 5239 3354 5288 et
3375 5234 3670 5285 trementes
3692 5220 3812 5276 da:-

2223 5350 2412 5394 mones
2436 5330 2792 5388 formidabant
2826 5346 2841 5382 :
2869 5341 2972 5384 nec
2998 5325 3234 5398 pudebat
3254 5323 3436 5380 dicere
3465 5337 3480 5374 :
3516 5311 3814 5372 Necessita-

2224 5432 2353 5484 tibus
2397 5442 2540 5489 meis,
2588 5432 2636 5477 et
2678 5423 2742 5477 iis
2780 5420 2868 5492 qui
2915 5435 3113 5476 mecum
3162 5425 3342 5483 erant,
3398 5412 3816 5468 ministraeerunt

2227 5540 2405 5578 manas
2432 5523 2541 5576 ista:
2575 5519 2709 5590 (Act.
2737 5517 2827 5572 20.
2869 5516 2985 5588 54).
3025 5514 3231 5586 Ecquid
3263 5512 3406 5576 dico,
3444 5523 3550 5565 non
3581 5497 3820 5576 pudebat

2227 5617 2392 5674 eum?
2422 5617 2479 5671 In
2521 5614 2623 5669 hoc
2651 5620 2801 5667 certe
2836 5610 2930 5667 ille
2958 5609 3311 5681 gloriabatur.
3351 5603 3550 5674 Ecquis
3585 5605 3693 5658 est,
3730 5591 3822 5646 in-

2232 5711 2406 5784 quies,
2437 5720 2582 5764 nunc
2621 5703 2786 5762 Paulo
2810 5702 3008 5760 virtute
3055 5699 3190 5775 par?
3217 5699 3344 5756 Scio
3380 5705 3437 5752 et
3471 5708 3571 5766 ego
3609 5684 3822 5745 nullum
