4086 6214
527 306 629 360 199

525 420 603 479 δέ.
640 416 849 482 δίκαιος
883 415 950 471 ἂν
981 415 1064 484 εἴη
1098 411 1380 483 τιμᾶσθαι.
1413 411 1521 464 Καὶ
1555 409 1665 481 γὰρ
1701 411 1749 461 εἰ
1787 409 2095 480 στρατηγοῦ

528 504 621 556 καὶ
668 500 1000 573 στρατιώτου
1052 496 1208 568 ψιλοῦ
1252 495 1715 566 παραγενομένων
1752 494 2097 566 ἀμφοτέρων,

531 586 742 656 βασιλεῖ
757 585 922 654 φίλων
935 583 1124 636 ὄντων.
1141 580 1204 632 σὺ
1224 580 1319 649 τὴν
1332 578 1509 631 οἰκίαν
1533 578 1813 650 ἑκατέροις
1833 578 2097 646 ἀνέῳξας,

528 670 617 724 διὰ
654 670 798 730 τίνος
840 666 1037 736 μᾶλλον
1071 662 1255 727 ἔδοξας
1278 662 1345 717 ἂν
1369 662 1464 716 τὸν
1500 661 1722 732 βασιλέα
1760 663 1958 733 τιμᾷν;
1998 661 2102 715 Εὖ-

530 754 686 824 δῆλον
714 753 796 804 ὅτι
814 748 899 803 διὰ
934 749 1027 803 τοῦ
1054 745 1406 819 στρατιώτου.
1443 748 1504 799 '0
1540 746 1639 817 μὲν
1662 744 1771 816 γὰρ
1798 746 2102 817 στρατηγὸς

530 833 662 905 εἶχε,
679 834 894 903 καὶτῆς
918 832 1012 886 τοῦ
1041 831 1305 902 βασιλέως
1328 832 1512 901 φιλίας
1534 831 1723 902 χωρὶς,
1754 829 1922 883 πολλά
1944 831 2102 884 ἱκανὰ

529 920 716 969 πεῖσαι
739 916 942 986 ταύτην
966 917 1266 987 παρασχεῖν
1290 914 1437 985 αὑτῷ
1462 915 1561 985 τὴν
1587 915 1753 984 τιμήν
1773 929 1786 944 ·
1808 915 1836 966 ὁ
1852 913 1907 966 δὲ
1935 931 2101 985 στρα-

527 998 728 1069 τιώτης
752 1000 905 1054 οὐδὲν
934 1001 1139 1073 ἕτερον,
1172 1000 1205 1069 ἢ
1232 1000 1330 1069 τὴν
1356 998 1448 1052 τοῦ
1482 997 1744 1069 βασιλέως
1772 996 1974 1068 φιλίαν.
2006 998 2104 1051 Διὰ

529 1084 686 1136 τοῦτο
715 1085 810 1136 καὶ
835 1084 1042 1154 χωλοὺς
1072 1084 1165 1136 καὶ
1196 1083 1513 1152 ἀναπήρους
1543 1081 1637 1133 καὶ⁸
1664 1082 1791 1145 τοὺς
1820 1082 1920 1133 οὑκ
1953 1081 2103 1151 ἔχον-

529 1186 627 1232 τας
651 1167 975 1232 ἀντιδοῦναι,
1007 1164 1290 1219 καλεῖσθαι
1318 1166 1409 1217 ἐπὶ
1436 1165 1504 1218 τά
1530 1164 1721 1217 δεῖπνα
1746 1164 1839 1217 καὶ
1867 1164 1935 1218 τὰ
1965 1181 2105 1234 συμ-

534 1255 697 1308 πόσια
721 1251 879 1322 ἡμῶν
900 1250 1184 1303 ἐκέλευσεν
1212 1251 1239 1301 ὁ
1268 1248 1420 1312 Θεὸς,
1446 1248 1526 1301 ὃτι
1553 1242 1712 1302 αὗται
1743 1247 1976 1318 μάλιστα
2003 1266 2105 1302 κυ-

537 1339 667 1410 ρίως
710 1336 849 1389 εἰσὶν
884 1335 940 1387 αἱ
972 1334 1061 1387 διὰ
1093 1334 1186 1386 τὸν
1218 1334 1351 1385 Θεὸν
1386 1332 1670 1402 γινόμεναι
1707 1333 1967 1386 εὐπορίαι.
2008 1335 2106 1386 ’Λν

533 1422 591 1475 δὲ
618 1420 788 1489 μέγαν
811 1418 931 1471 τινὰ
952 1417 1047 1472 καὶ
1070 1416 1430 1487 περίϐλεπτον
1452 1415 1689 1486 ξενίσῃς,
1714 1416 1811 1486 οὑχ
1839 1416 1980 1470 οῦτω
2008 1435 2106 1470 κα-

536 1503 678 1574 ραρά
717 1500 1056 1583 ἐλεημοσύνη
1103 1500 1164 1551 τὸ
1204 1497 1509 1583 γινόμενον·
1550 1496 1686 1583 ἀλλά
1730 1498 2013 1583 μερίζεται
2052 1516 2107 1583 τι

539 1587 676 1655 πρὸς
721 1587 780 1638 σέ
813 1577 909 1638 καλ
936 1583 1210 1647 κενοδοξία
1253 1582 1543 1644 πολλάκις,
1592 1581 1687 1633 καὶ
1730 1581 1790 1634 τὸ
1819 1581 2011 1634 παθεῖν
2045 1577 2105 1635 εὗ

538 1669 631 1723 καὶ
659 1668 1060 1740 ἐπισημότερον
1088 1666 1395 1728 πολλοῖς-δι’
1427 1665 1635 1717 ἐκεῖνον
1665 1664 1932 1733 γίνεσθαι.
1973 1666 2109 1718 Πολ-

536 1753 662 1817 λοὺς
689 1752 820 1821 γοῦν
851 1752 1027 1822 ἔχοιμι
1054 1750 1117 1803 ἂν
1145 1748 1406 1814 ἐπιδεῖξαι
1430 1748 1524 1801 καὶ
1546 1747 1634 1800 διὰ
1656 1746 1812 1800 τοῦτο
1836 1747 1965 1812 τοὺς
1989 1750 2111 1801 ἐπι⁴

540 1840 876 1909 σημοτέρους
901 1835 1010 1889 τῶν
1037 1835 1215 1899 ’ἁγίων
1254 1831 1679 1904 θεραπεύοντας,
1714 1832 1800 1885 ἵνα
1831 1833 1927 1885 καὶ
1960 1832 2112 1903 παρά

537 1923 762 1993 ἄρχουσι
785 1921 1028 1983 πλείονος
1047 1919 1112 1972 δι’
1145 1918 1366 1971 ἐκείνων
1392 1916 1748 1970 ἀπολαύσωσι
1766 1918 2108 1988 παρρησίας,

538 2006 629 2059 καί
658 2007 772 2069 τοῖς
812 2003 991 2057 αὐτῶν
1026 2003 1315 2074 πράγμασι
1357 2001 1452 2055 καὶ
1482 2002 1605 2064 ταῖς
1634 2000 1835 2064 οἰκίαις
1864 1999 2112 2056 ἐντεῦθεν

539 2088 944 2161 χρησιμώτεροι
983 2087 1263 2157 γίνωνταιο
1308 2084 1404 2138 καὶ
1449 2082 1651 2147 πολλὰς
1700 2083 1959 2148 τοιαύτας
1988 2086 2131 2148 τοὺς·

540 2172 727 2241 ἁγίους
756 2172 997 2235 ἐκείνους
1028 2168 1319 2224 ἀπαιτοῦσι
1352 2167 1601 2238 χάριτας⁶
1632 2168 1771 2240 ὅπερ
1804 2168 1989 2231 αὑτοῖς
2018 2167 2113 2220 λυ-

542 2257 790 2328 μαίνεται
819 2256 916 2325 τῆς
962 2252 1266 2324 φιλοξενίας
1299 2250 1396 2321 τὴν
1443 2251 1710 2305 ἀντίδοσιν
1733 2290 1748 2314 ,
1775 2252 1901 2305 ὃταν
1947 2249 2115 2323 αὐτὴν

1201 298 1259 350 S.
1294 291 1580 351 JOANNIS
1618 287 2103 348 CHRYSOSTOMI
2142 286 2463 344 ARCHIEP.
2505 288 3057 347 CUDISTANTINOP.

3662 292 3768 350 Πυ

2201 408 2392 481 γνώμη
2416 407 2640 480 τοιαύτῃ
2674 406 2920 476 μετίωσι.
2949 404 3060 460 Καὶ
3086 404 3136 458 τί
3163 402 3267 476 χρὴ
3295 401 3478 473 λέγειν
3509 409 3637 477 περὶ
3666 409 3780 462 τῶν

2199 492 2371 559 ἁγίων
2411 489 2609 556 τοῦτο;
2653 490 2713 541 Ὁ
2754 489 2865 560 γὰρ
2898 489 3049 560 παρά
3082 487 3175 541 τοῦ
3228 487 3363 540 Θεοῦ
3409 488 3509 547 τάς
3544 491 3785 559 ἀμοιϐάς

2203 575 2311 626 τῶν
2340 573 2516 625 πόνων
2550 572 2784 626 ἐνταῦθα
2813 572 3015 642 ζητῶν,
3045 572 3142 624 καὶ
3167 571 3257 625 διὰ
3284 571 3353 624 τὰ
3383 572 3627 643 παρόντα
3658 591 3785 643 μετ-

2205 657 2298 710 ιὼν
2326 657 2547 728 ἀρετὴν,
2582 656 2897 726 ἠλάττωσεν
2927 654 3092 710 αὑτοῦ
3128 655 3219 708 τὸν
3264 654 3455 725 μισθόν
3477 673 3490 685 ’
3518 658 3547 709 ὀ
3572 657 3630 710 δέ
3669 657 3787 708 ὀλο-

2202 741 2437 811 κλήρους
2463 738 2710 793 ἀπαιτῶν
2757 741 2874 792 ἐκεῖ
2920 738 3047 802 τοὺς
3083 740 3417 808 στεφάνους,
3469 739 3605 794 πολὺ
3659 741 3786 794 θαυ-

2206 827 2541 897 μαστότερος
2579 824 2848 894 φαίνεται,
2884 823 3025 878 κατά
3054 825 3146 878 τὸν
3174 822 3425 895 Λάζαρον
3453 825 3665 878 ἐκεῖνον
3694 824 3788 877 τὸν

2205 910 2385 963 πάντα
2446 910 2560 962 ἐκεῖ
2612 908 3071 978 ἀπολαμϐάνοντα
3112 906 3182 960 τὰ
3218 908 3434 976 ἀγαθὰ,
3480 910 3623 963 κατά
3658 909 3789 973 τοῦς

2206 995 2399 1057 παῖδας
2425 995 2552 1056 τοὺς
2582 995 2754 1064 τρεῖς,
2795 992 2844 1045 οἳ
2884 993 3168 1062 μέλλοντες
3194 993 3273 1056 εἰς
3307 992 3407 1063 τὴν
3429 994 3658 1063 κάμινον
3682 994 3787 1063 ἐμ·
3898 984 3907 992 ’

2206 1079 2448 1141 πίπτειν,
2480 1076 2689 1146 ἔλεγον,
2713 1078 2794 1130 ὅτι
2824 1075 2998 1130 έΕστι
3024 1075 3166 1143 Θεὸς
3187 1077 3256 1130 ἐν
3277 1077 3557 1145 οὐρανοῖς
3582 1078 3791 1144 ἱκανὸς

2204 1161 2520 1227 ἐξελέσθαι
2550 1159 2727 1230 ἡμᾶς·
2762 1161 2860 1214 καὶ
2888 1161 2998 1214 ἐὰν
3023 1160 3109 1230 μὴ
3131 1201 3145 1226 ,
3174 1160 3448 1229 γνωστὸν
3476 1159 3633 1215 ἔστω
3663 1177 3785 1219 σοι.

2201 1243 2489 1310 βασιλεῦ,
2521 1243 2608 1296 ὅτι
2642 1243 2766 1309 τοῖς
2798 1244 2957 1309 θεοῖς
3002 1257 3119 1297 σου
3165 1245 3237 1297 οὐ
3265 1245 3659 1313 λατρεύομεν,
3690 1242 3789 1297 καί.

2206 1328 2282 1398 τῇ
2304 1331 2492 1383 εἰκόνι
2513 1327 2587 1396 τῇ
2611 1326 2812 1397 χρυσῇ
2838 1323 2878 1400 ᾖ
2893 1327 3184 1395 ἐστησας,
3207 1328 3279 1381 οὐ
3300 1327 3784 1398 προσκυνοῦμεν·

2207 1411 2348 1467 κατά
2389 1412 2481 1466 τὸν
2532 1411 2813 1482 Ἀϐραὰμ,
2856 1412 2916 1476 ὃς
2959 1413 3054 1466 καὶ
3101 1413 3345 1482 ἀνήγαγε
3399 1412 3490 1465 τὸν
3536 1412 3652 1465 υίὸν
3695 1414 3792 1466 καὶ

2210 1496 2446 1565 ἔσφαξε,
2480 1494 2784 1550 καὶταῦτα
2817 1497 2916 1549 οὐκ
2963 1496 3057 1550 ἐπὶ¹
3109 1494 3286 1566 μισθῷ
3333 1512 3440 1549 τινι
3497 1495 3788 1567 ἔπραττεν,

2210 1580 2348 1634 ἀλλά
2373 1579 2500 1651 μίαν
2527 1577 2830 1648 ἡγούμενος
2849 1577 3111 1650 μεγίστην
3135 1577 3393 1649 ἀμοιϐὴν,
3417 1578 3477 1633 τὸ
3497 1579 3791 1633 ὑπακούειν

2209 1664 2288 1735 τῷ
2324 1661 2589 1733 Δεσπότῃ.
2638 1660 2876 1725 Τούτους
2917 1661 3013 1716 καὶ
3052 1663 3215 1731 ἡμεῖς
3270 1659 3587 1731 μιμώμεθα.
3635 1660 3795 1715 Οῦτω

2207 1748 2317 1819 γᾲρ
2341 1746 2436 1800 καὶ
2468 1744 2696 1815 δαψιλὴς
2725 1747 2759 1816 ἡ
2796 1744 3070 1807 ἀντίδοσις
3099 1747 3234 1814 ἡμῖν
3262 1744 3382 1816 ἥξει
3409 1744 3515 1798 τῶν
3540 1743 3789 1813 ἀγαθῶν,

2209 1830 2292 1882 ὅτι
2328 1827 2464 1898 μετά
2491 1826 2747 1898 τοιαύτης
2793 1828 3007 1882 ἅπαντα
3050 1828 3365 1899 πράττομεν
3406 1827 3668 1899 γνώμης,
3702 1829 3797 1880 καὶ

2210 1912 2611 1983 λαμπροτέρων
2659 1909 3060 1981 ἐπιτευξόμεθα
3114 1914 3422 1981 στεφάνων
3467 1906 3540 1966 ὧν
3582 1913 3799 1980 γένοιτο

2213 1996 2424 2057 πάντας
2451 1996 2598 2066 ἡμᾶς
2619 1996 2921 2065 ἐπιτυχεῖν,
2946 1994 3132 2065 χάριτι
3161 1998 3258 2049 καὶ
3287 1995 3672 2066 φιλανθρωπία
3700 1996 3796 2049 τοῦ

2211 2078 2421 2149 Κυρίου
2454 2078 2613 2148 ἡμῶν
2680 2079 2857 2148 Ἰησοῦ
2891 2078 3167 2149 Χριστοῦ,
3226 2080 3343 2149 μεθ’
3387 2071 3447 2133 οὗ
3496 2078 3574 2150 τῷ
3620 2081 3800 2149 Πατρὶ

2218 2164 2337 2233 ἅμα
2366 2161 2446 2232 τῷ
2478 2162 2618 2233 ἀγίῳ
2650 2161 2930 2231 Πνεύματι
2954 2161 3099 2228 δόξα,
3131 2162 3354 2233 κράτος,
3384 2163 3547 2232 τιμὴ,
3583 2162 3680 2217 νῦν
3707 2165 3800 2217 καὶ

2218 2246 2327 2311 ἀεὶ,
2365 2245 2459 2299 καὶ
2485 2248 2567 2309 εἰς
2590 2245 2718 2310 τοῦς
2746 2243 2949 2309 αἰῶνας
2978 2245 3085 2298 τῶν
3114 2245 3347 2301 αἰώνων.
3383 2246 3577 2317 ’Δμήν.

1947 2456 2096 2532 [179]
2133 2461 2376 2515 OMIAIA
2419 2463 2553 2518 KA'.

544 2560 668 2613 Οὐκ
709 2556 825 2627 εἰμί
867 2556 1244 2627 ἀπόστολος-ί
1284 2557 1397 2609 οὐκ
1441 2555 1557 2625 εἰμί
1601 2556 1948 2627 ἐλεύθεροςς
1980 2555 2117 2624 οὑχί

626 2624 868 2695 Ἰησοῦν
895 2624 1156 2694 Χριστὸν
1177 2624 1285 2695 τὸν
1322 2624 1539 2695 Κύριον
1558 2625 1726 2695 ἡμῶν
1750 2625 2014 2694 ἐώρακα;
2044 2628 2116 2681 οὐ

618 2694 891 2766 τὸέργον
916 2713 1034 2766 μου
1070 2694 1238 2764 ὑμεῖς
1265 2694 1497 2750 ἐστεὲν
1518 2694 1751 2764 1mm),-

623 2816 692 2864 α’.
711 2805 929 2879 Ἐπειδὴ
954 2800 1126 2872 εἶπεν,
1142 2805 1223 2859 ὅτι
1251 2805 1388 2859 Ἐὰν
1405 2806 1615 2876 ,ϐρῶμα
1630 2806 1996 2877 σκανδαλίζῃ
2014 2809 2121 2863 τὸν

544 2891 814 2961 ἀδελφόν
850 2908 992 2961 μου,
1024 2891 1096 2944 οὐ
1124 2889 1211 2959 μὴ
1242 2889 1409 2959 φάγω
1450 2887 1592 2957 κρέα
1624 2892 1711 2956 εἰς
1761 2890 1868 2945 τὸν
1911 2889 2117 2955 αἰῶνα,

544 2979 726 3049 ὃπερει
744 2974 842 3029 οὐκ
870 2969 937 3045 ἦν
968 2974 1067 3046 μέν
1101 2971 1440 3044 πεποιηκὼς,
1460 2972 1729 3044 ὑπέσχετο
1759 2973 1815 3026 δὲ
1847 2974 2117 3046 ποιήσειν,

545 3061 596 3115 εί
630 3058 787 3132 χρεία
819 3057 1109 3124 ἀπαιτοίη’
1143 3057 1231 3110 ἵνα
1266 3056 1338 3127 μή
1370 3073 1452 3120 τις
1484 3054 1640 3128 λέγῃ,
1672 3057 1754 3109 ὅτι
1802 3058 2122 3127 Κομπάζεις

546 3144 693 3216 εἰκῆ,
729 3144 823 3198 καὶ
860 3143 1172 3213 φιλοσοφεῖς
1199 3142 1256 3192 ἐν
1283 3139 1492 3208 λόγοις,
1521 3140 1616 3193 καὶ
1643 3140 1875 3212 ὑπισχνῇ
1911 3141 2000 3195 διά
2025 3144 2126 3214 ρη-

551 3230 760 3301 μάτων,
786 3227 815 3281 ὃ
838 3229 933 3282 καὶ
954 3220 1087 3297 ’ἐμοὶ
1114 3224 1209 3278 καὶ
1237 3223 1314 3295 τῷ
1350 3223 1483 3277 δεῖνι
1524 3222 1744 3278 εῦκολον
1767 3238 1781 3252 ·
1809 3225 1857 3277 εί
1883 3225 1991 3298 γάρ
2016 3226 2123 3280 ἀπὸ

547 3314 726 3386 ψυχῆς
780 3310 952 3366 ταῦτα
998 3310 1199 3378 λέγεις,
1246 3305 1416 3371 δεῖξον
1458 3306 1548 3361 διὰ
1595 3306 1706 3361 τῶν
1751 3307 1930 3379 ἔργων
1980 3310 2124 3375 τίνος

548 3396 962 3468 κατεφρόνησας
993 3393 1135 3463 ὑπὲρ
1155 3389 1250 3444 τοῦ
1280 3392 1355 3461 μὴ
1387 3390 1735 3445 σκανδαλίσαι
1760 3391 1850 3445 τὸν
1874 3393 2119 3465 ἀδελφόν·

549 3481 637 3536 διὰ
665 3479 822 3534 τοῦτο
853 3476 1220 3545 ἀναγκάζεται
1246 3473 1433 3531 λοιπὸν
1455 3476 1533 3537 εἰς
1561 3476 1659 3544 τὴν
1688 3475 1962 3542 ἀπόδειξιν
2002 3477 2126 3531 τού..

552 3582 658 3618 των
680 3563 947 3626 καθεῖναι,
972 3561 1067 3613 καὶ
1091 3559 1261 3624 δεῖξαι
1295 3558 1409 3623 πῶς
1438 3558 1531 3613 καὶ
1565 3559 1674 3613 τῶν
1697 3578 1759 3615 συ
1772 3562 2126 3635 γκεχωρημέ-

552 3664 660 3702 νων
698 3645 954 3715 ἀπείχετο
993 3641 1133 3714 ὑπὲρ
1178 3641 1272 3695 τοῦ
1302 3643 1376 3714 μὴ
1412 3642 1795 3700 σκανδαλίσαι.
1843 3646 2019 3700 καίτοι
2060 3664 2125 3716 γε

553 3729 766 3794 οὐδενὸς
796 3728 957 3781 αὑτὸν
985 3725 1143 3779 τοῦτο
1170 3725 1679 3797 καταναγκάζοντος
1709 3729 1895 3800 νόμου.
1925 3731 2032 3786 Καὶ
2064 3729 2125 3784 οὐ

553 3812 710 3869 τοῦτό
732 3828 817 3864 πω
849 3808 1183 3879 θαυμαστὸν,
1211 3810 1414 3881 καίπερ
1439 3810 1497 3865 ὃν
1527 3811 1840 3883 θαυμαστὸν
1860 3852 1874 3877 ,
1902 3813 1984 3866 ὅτι
2015 3813 2123 3870 τῶν

555 3892 1061 3967 συγκεχωρημένων
1110 3893 1387 3964 ἀπείχετο,
1434 3896 1494 3948 οὑ
1532 3895 1691 3966 μόνον
1734 3896 1874 3968 ὑπὲρ
1911 3894 2007 3951 τοῦ
2049 3898 2124 3969 μὴ

555 3979 926 4042 σκανδαλίσαι,
956 3976 1068 4032 ἀλλ’
1092 3978 1175 4031 ὅτι
1200 3981 1293 4031 καὶ
1322 3978 1462 4049 μετὰ
1492 3980 1686 4033 πολλοῦ
1715 3981 1806 4034 τοῦ
1842 3981 2006 4035 πόνου
2031 3982 2125 4037 καὶ

553 4063 648 4119 τοῦ
679 4062 926 4118 κινδύνου
955 4060 1113 4115 τοῦτο
1142 4062 1340 4115 ἐποίει.
1377 4062 1443 4115 Τί
1469 4062 1575 4134 γὰρ
1594 4063 1622 4103 ὶ)
1658 4065 1762 4135 χρὴ
1792 4065 1971 4135 λέγειν
1999 4067 2128 4138 περὶ

552 4149 663 4202 τῶν
687 4145 1053 4202 εἰδωλοθύτων
1078 4161 1092 4209 ;
1125 4145 1276 4214 φησί·
1304 4142 1411 4197 Τοῦ
1438 4144 1547 4218 γὰρ
1571 4147 1805 4218 Χριστοῦ
1836 4149 2127 4216 ἐπιτάξαν-

555 4249 645 4296 τος
681 4233 807 4296 τοὺς
844 4230 902 4284 τὸ
933 4228 1267 4297 Εὑαγγέλιον
1304 4226 1669 4298 κηρύττοντας
1712 4234 1777 4285 ἐκ
1803 4232 1911 4286 τῶν
1953 4233 2127 4305 μαθη-

554 4315 860 4387 τευομένων
882 4313 1003 4384 ζῇν,
1029 4313 1138 4381 ἐγὼ
1163 4312 1320 4367 τοῦτο
1343 4315 1444 4367 οὐκ
1470 4315 1721 4386 ἐποίησα·
1748 4316 1863 4369 ἀλλ’
1882 4317 2124 4388 εἱλόμην,

556 4401 605 4453 εἰ
626 4399 753 4463 δέοι,
787 4398 881 4451 καὶ
909 4395 1051 4468 λιμῷ
1081 4395 1382 4450 καταλῦσαι
1414 4396 1506 4449 τὸν
1542 4397 1677 4468 βίον,
1714 4401 1806 4453 καὶ
1840 4401 1929 4454 τὸν
1965 4401 2127 4471 χαλε-

557 4481 806 4535 πώτατον
841 4480 1069 4533 θάνατον
1109 4478 1421 4543 ἀποθανεῖν,
1464 4478 1605 4533 ὥστε
1647 4480 1722 4551 μὴ
1755 4480 1937 4536 λαϐεῖν
1980 4482 2129 4554 παρὰ

558 4562 666 4614 τῶν
686 4560 1129 4630 κατηχουμένωψ
1161 4561 1259 4613 οὐκ
1283 4562 1470 4630 ἐπειδὴ
1499 4564 1944 4628 σκανδαλίζεσθαι
1971 4566 2130 4635 ἐμελ-

558 4645 669 4704 λον,
703 4645 752 4695 εἰ
788 4641 863 4713 μὴ
896 4640 1069 4704 λάϐοι,
1097 4642 1209 4694 ἀλλ’
1234 4644 1422 4712 ἐπειδὴ
1441 4645 1861 4715 οἰκοδομεῖσθαι,
1894 4648 1922 4701 ὃ
1949 4649 2128 4722 πολλῷ

560 4728 722 4781 πλέον
770 4722 857 4799 ἦν.
895 4725 1006 4779 Καὶ
1046 4723 1236 4778 τούτου
1284 4726 1564 4797 μάρτυρας
1608 4729 1805 4792 αὑτοὺς
1841 4733 1920 4795 είς
1967 4733 2129 4803 μέσον

562 4813 823 4884 παράγει,
877 4809 1007 4882 παρ’
1054 4804 1132 4874 οἷς
1177 4810 1269 4862 καὶ
1318 4808 1686 4881 ἐργαζόμενος
1724 4814 1817 4867 καὶ
1847 4813 2129 4886 λιμώττων

560 4893 680 4963 ἔζη,
717 4897 807 4949 καὶ
840 4896 967 4968 παρ’
998 4893 1199 4967 ἐτέρων
1240 4894 1592 4966 τρεφόμενος,
1628 4895 1724 4949 καὶ
1768 4900 2132 4972 στενοχωρού-

565 4992 746 5047 μενος,
784 4975 922 5029 ὥστε
951 4978 1026 5049 μὴ
1063 4977 1414 5033 σκανδαλίσαι
1448 4978 1662 5043 αὐτούς’
1697 4981 1875 5035 καίτοι
1904 5000 1968 5051 γε
2008 4986 2129 5057 εἰκῆ

562 5057 1022 5122 ἐσκανδαλίζοντο·
1048 5060 1211 5128 νόμον
1237 5061 1342 5133 γὰρ
1369 5057 1520 5127 οὗτος
1548 5062 1783 5136 ἐπλήρου
1803 5082 1816 5095 ·
1844 5066 1959 5120 ἀλλ’
1983 5068 2130 5140 ὅμως

559 5145 627 5198 ἐκ
655 5141 969 5224 περιουσίας
1000 5142 1177 5224 αὑτῶν
1210 5143 1468 5224 ἐφείδετο.
1498 5147 1561 5200 Et
1595 5147 1650 5201 δέ
1679 5148 1819 5221 ὑπὲρ
1848 5151 1938 5205 τὸν
1969 5152 2130 5224 νόμον

563 5226 820 5298 ἐποίησεν
844 5222 1031 5288 αὑτὸς,
1059 5223 1147 5278 ἵνα
1174 5222 1249 5295 μὴ
1280 5226 1729 5299 σκανδαλισθῶσι,
1757 5235 1852 5288 καὶ
1876 5234 1982 5289 τῶν
2012 5222 2135 5289 ἐπι-

562 5309 957 5391 τετραμμένων
992 5307 1252 5391 ἀπείχετο
1280 5311 1359 5374 εἰς
1391 5310 1682 5385 οἰκοδομὴν
1715 5318 1950 5391 ἐτέρων,
1990 5320 2134 5386 τίνος

561 5393 629 5448 ἂν
658 5380 769 5448 εἷεν
800 5393 937 5458 ἄξιοι
961 5380 1105 5448 οῦτοι
1133 5392 1184 5444 οἱ
1216 5391 1324 5445 τῶν
1352 5380 1714 5452 εἰδωλοθύτων
1748 5380 1824 5473 μῆ
1856 5380 2133 5474 ἀπεχόμεί

562 5495 664 5541 νοι,
700 5480 796 5533 καὶ
823 5477 994 5533 ταῦτα
1025 5477 1234 5532 πολλῶν
1262 5478 1510 5533 ἐντεῦθεν
1540 5481 1946 5555 ἀπολλυμένων,
1978 5488 2005 5542 ὃ
2039 5489 2135 5544 καὶ

563 5560 731 5630 χωρὶς
757 5561 851 5615 τοῦ
891 5562 1190 5617 σκανδάλου
1224 5564 1415 5633 φυγεῖν
1447 5563 1555 5619 ἔδει
1582 5565 1670 5621 διὰ
1712 5568 1774 5622 τὸ
1806 5570 1912 5624 τῶν
1947 5570 2138 5642 δαιμό-

628 5690 654 5719 ι
680 5690 751 5770 ια
775 5691 896 5768 Reg.
919 5693 1067 5745 bene.
1094 5696 1146 5745 In
1167 5696 1324 5768 [ﬁdius
1354 5698 1468 5809 ὅπερ
1486 5697 1646 5749 deest.
1708 5699 1741 5741 ’δ
1766 5703 1833 5751 Ita
1856 5701 1978 5767 Reg.
2001 5706 2131 5758 Edili

568 5762 702 5809 tero.
725 5768 947 5809 απιιχετο
966 5758 1082 5809 ὑπὲρ
1113 5774 1198 5807 του
1226 5761 1290 5809 ι.ιή
1319 5775 1415 5808 σκα
1469 5761 1649 5809 αλίσαι·
1686 5765 1791 5809 ἀλλ’
1817 5764 1889 5809 ὅτι
1916 5769 1992 5809 καὶ
2014 5774 2130 5809 ηρτά

2217 2575 2324 2611 νων
2344 2552 2484 2612 εῖναι
2510 2558 2609 2630 τὴν
2637 2557 2917 2629 τράπεζαν
2940 2576 2955 2625 ;
2983 2559 3057 2612 Τὸ
3086 2558 3186 2629 μὲν
3210 2554 3302 2614 οὖν
3329 2559 3624 2628 κεφάλαιον
3650 2559 3797 2615 ἆπαν

2216 2640 2376 2695 τοῦτό
2406 2643 2575 2705 ἐστιν,
2607 2642 2635 2695 ὂ
2662 2641 2752 2696 διὰ
2781 2642 2993 2698 πολλῶν
3025 2643 3320 2715 ἐργάζεται
3365 2645 3581 2715 στίχων.
3618 2646 3712 2697 Δεῖ
3734 2646 3792 2699 δὲ

2219 2724 2425 2779 ἀνωθεν
2456 2724 2768 2789 ἐπεξελθεῖν
2801 2727 2916 2790 τοῖς
2948 2727 3349 2798 προκειμένοις.
3384 2727 3521 2781 Οὑδέ
3552 2728 3660 2800 γὰρ
3695 2745 3792 2782 σα-

2220 2808 2336 2878 φῶς
2362 2808 2497 2861 αὑτδ
2520 2806 2713 2874 οὕτως,
2739 2808 2929 2881 ὥσπερ
2963 2804 3135 2877 εἷπον,
3157 2810 3422 2877 τέθεικεν,
3445 2810 3566 2863 οὑδέ
3590 2810 3796 2875 εὐθέως

2219 2889 2367 2962 αὐτῷ
2387 2891 2651 2964 ἐπιπηδᾷ,
2682 2892 2796 2946 ἀλλ’
2827 2892 3094 2965 ἑτέρωθεν
3118 2893 3406 2965 ἄρχεταιο,
3435 2893 3577 2948 οὕτω
3597 2894 3794 2964 λέγων’

2225 2977 2344 3029 οὐκ
2373 2974 2488 3044 εὶμί
2514 2975 2898 3043 ἀπόστολος;
2926 2976 3081 3031 Μετὰ
3105 2976 3214 3048 γὰρ
3243 2977 3352 3031 τῶν
3378 2976 3684 3050 εἰρημένων
3705 2977 3800 3032 καὶ

2222 3056 2361 3130 αῦτη
2406 3059 2467 3112 οὑ
2506 3058 2683 3130 μικρά
2713 3059 2979 3131 διαφορὰ,
3010 3060 3072 3113 τὸ
3115 3060 3210 3114 καὶ
3260 3060 3475 3114 Παῦλον
3522 3056 3662 3115 εἶναι
3707 3061 3799 3115 τὸν

2222 3141 2393 3195 ταῦτα
2427 3143 2702 3197 ποιοῦντα.
2728 3144 2847 3197 Ἵνα
2879 3141 2987 3216 γὰρ
3019 3142 3094 3214 μὴ
3123 3143 3357 3213 λέγωσιν
3379 3186 3394 3211 ,
3422 3145 3504 3198 ὅτι
3549 3144 3800 3208 Ἔξεστιν

2224 3224 2593 3294 ἀπογεύεσθαι
2622 3224 3000 3298 σφραγίζοντι,
3022 3226 3159 3290 τέως
3181 3227 3280 3295 μὲν
3302 3228 3403 3298 οὑχ
3429 3227 3642 3281 ἵσταται
3663 3227 3803 3299 πρὸς

2223 3308 2401 3373 τοῦτο,
2432 3309 2568 3364 ἀλλά
2598 3309 2777 3379 λέγει,
2807 3311 2890 3365 ὃτι
2929 3311 2993 3364 Et
3027 3311 3121 3366 καὶ
3142 3310 3289 3381 ἐξῆν,
3326 3312 3429 3366 οὑκ
3457 3313 3563 3365 ἔδει
3590 3311 3677 3365 διὰ
3702 3312 3803 3383 τὴν

2227 3393 2434 3464 βλάϐην
2461 3393 2569 3447 τῶν
2600 3393 2845 3464 ἀδελφῶν
2868 3392 3026 3447 τοῦτο
3053 3398 3246 3447 ποιεῖν·
3272 3393 3497 3467 ὕστερον
3521 3395 3577 3449 δέ
3598 3395 3804 3450 δείκνυ-

2227 3494 2311 3529 σιν
2357 3476 2439 3529 ὃτι
2472 3477 2595 3531 οὑδέ
2642 3477 2841 3542 ἔξεστι.
2879 3477 2994 3531 Νῦν
3031 3478 3214 3549 μέντοι
3249 3478 3311 3531 τὸ
3339 3480 3601 3551 πρότερον
3636 3496 3803 3532 κατα-

2228 3559 2480 3625 σκευάζει
2504 3560 2611 3614 ἁπὺ
2638 3560 2745 3614 τῶν
2767 3560 2891 3616 καθ’
2915 3562 3127 3615 ἑαυτόν·
3148 3562 3243 3616 καὶ
3266 3562 3472 3634 μέλλων
3496 3564 3696 3632 λέγειν,
3722 3564 3804 3616 ὅτι

2224 3643 2376 3697 οὐδὲν
2426 3645 2555 3715 παρ’
2595 3644 2774 3698 αὐτῶν
2826 3644 2975 3718 [180]
3020 3645 3232 3713 ἔλαϐεν,
3281 3648 3382 3700 οὑκ
3423 3646 3628 3709 εὐθέως
3674 3647 3807 3700 αὑτὸ

2225 3727 2459 3796 τίθησιν,
2492 3728 2629 3782 ἀλλά
2657 3728 2719 3782 τὸ
2762 3727 2980 3800 ἀξίωμα
3018 3729 3182 3783 αὑτοῦ
3218 3729 3433 3801 πρῶτον
3462 3729 3646 3796 λέγει·
3684 3732 3808 3784 Οὐκ

2232 3813 2348 3881 είμί
2374 3812 2755 3878 ἀπόστολος;
2778 3814 2889 3865 οὐκ
2918 3812 3033 3881 είμί
3057 3813 3404 3880 ἑλεὺθεροςῖ
3439 3810 3557 3864 Ἵνα
3588 3811 3696 3883 γὰρ
3729 3813 3808 3883 μὴ

2231 3894 2496 3964 λέγωσιν,
2529 3895 2611 3948 ὅτι
2648 3895 2713 3948 Εἰ
2759 3895 2853 3950 καὶ
2894 3898 2967 3966 μὴ
3002 3895 3212 3961 ἔλαϐες,
3242 3894 3430 3967 ἐπειδὴ
3457 3894 3575 3959 ἐξὸν
3611 3895 3687 3968 μὴ
3714 3891 3806 3969 ῆν,

2232 3980 2332 4035 οὐκ
2360 3978 2571 4043 ἔλαϐες,
2606 3977 2694 4033 διὰ
2716 3977 2877 4032 τοῦτο
2904 3978 3119 4050 πρῶτον
3147 3978 3325 4050 τίθησι
3362 3978 3462 4043 τὰς
3497 3979 3679 4043 αἰτίας
3702 4019 3716 4045 ,
3741 3979 3809 4032 δι’

2232 4062 2298 4129 ἃς
2328 4063 2562 4132 εὐλόγως
2586 4061 2652 4116 ἂν
2683 4061 2894 4127 ἐλαϐεν,
2925 4062 3084 4135 εἴπερ
3119 4063 3368 4117 ἐϐούλετο
3392 4062 3597 4118 λαϐεῖν.

2306 4144 2439 4201 Εἶτα
2456 4147 2541 4202 ἵνα
2564 4147 2637 4219 μὴ
2658 4146 2784 4219 δόξῃ
2804 4146 2929 4211 τοὺς
2950 4164 3017 4199 πε
3026 4147 3078 4219 ρ).
3100 4147 3307 4218 Πέτρον
3322 4146 3625 4201 διαϐάλλων
3642 4144 3808 4199 ταῦτα

2234 4231 2413 4300 λέγειν
2438 4233 2455 4304 (
2477 4231 2571 4286 καὶ
2595 4232 2704 4302 γὰρ
2727 4230 3034 4301 ἐλάμϐανον
3058 4231 3301 4301 ἐκεῖνοι),
3321 4230 3583 4303 πρότερον
3603 4228 3809 4282 δείκνυ-

2237 4333 2341 4380 σιν,
2370 4316 2421 4369 τί
2444 4314 2570 4385 ἐξῆν
2595 4316 2825 4378 ἐκείνοις
2851 4313 3172 4385 λαμϐάνεινυ
3198 4309 3314 4367 εἶτα
3344 4315 3429 4367 ἵνα
3457 4314 3529 4385 μή
3551 4330 3632 4376 τις
3654 4312 3806 4384 εἴπῃ,

2235 4398 2315 4452 ὅτι
2350 4397 2541 4468 Πέτρῳ
2572 4396 2669 4467 μὲν
2694 4397 2821 4468 ἐξῆν
2845 4396 3167 4468 λαμϐάνειν,
3193 4397 3277 4451 σοὶ
3303 4397 3359 4450 δὲ
3378 4399 3477 4451 οὑκ
3502 4396 3647 4468 ἐξῆν,
3671 4411 3810 4465 προ-

2238 4479 2646 4551 καταλαμϐάνει
2669 4479 2759 4534 τὸν
2781 4481 3057 4555 ἀκροατὴν
3079 4485 3191 4547 τοῖς
3220 4483 3514 4553 ἐγκωμίοις
3545 4482 3656 4545 τοῖς
3682 4481 3811 4553 περὶ

2238 4564 2450 4620 ἐαυτοῦ.
2482 4564 2593 4618 Καὶ
2611 4564 2751 4636 ὁρῶν
2778 4566 3025 4638 ἀνάγκην
3052 4563 3219 4621 οὖσαν
3246 4568 3439 4622 ἑαυτὸν
3466 4567 3811 4637 ἐγκωμιάσαι

2238 4648 2419 4717 (οῦτω
2463 4647 2572 4719 γὰρ
2608 4648 2887 4719 Κορίνθιοι
2918 4644 3303 4723 διωρθοῦντο),
3342 4652 3437 4705 καὶ
3481 4649 3649 4722 μηδὲν
3687 4648 3811 4719 βου-

2236 4732 2459 4804 λόμενος
2501 4732 2642 4802 μέγα
2672 4734 2798 4803 περὶ
2824 4734 3019 4788 ἑαυτοῦ
3048 4736 3224 4788 εἰπεῖν
3243 4774 3257 4799 ,
3295 4735 3394 4806 ὅρα
3427 4733 3543 4799 πῶς
3572 4732 3812 4805 ἀμφοτέ-

2240 4834 2352 4886 ροις
2397 4816 2477 4879 εἰς
2510 4814 2627 4867 δέον
2660 4815 2943 4888 κέχρηται,
2998 4818 3251 4872 τοσοῦτον
3300 4818 3493 4875 ἐαυτὸν
3548 4815 3811 4878 ἐπαινῶν,

2235 4901 2334 4971 οὑχ
2363 4900 2484 4953 ὅσον
2516 4898 2691 4970 ἐαυτῷ
2732 4900 2968 4971 συνῄδει,
3001 4902 3117 4955 ἀλλ’
3158 4902 3283 4955 ὅσον
3319 4900 3521 4972 ἀπῄτει
3556 4902 3656 4972 τῆς
3681 4917 3815 4971 προ-

2238 4983 2498 5055 κειμένης
2524 4983 2832 5046 ὑποθέσεως
2861 4985 2893 5054 ή
2926 4984 3105 5056 χρεία.
3142 4984 3449 5054 Δυνάμενος
3480 4983 3589 5055 γάρ
3619 4984 3814 5047 εἰπεῖν,
3880 4976 3885 4982 ’

2237 5068 2317 5120 ὃτι
2349 5066 2481 5138 Ἐμέ
2511 5066 2745 5138 μάλιστα
2764 5067 2982 5120 πάντων
3006 5068 3177 5140 ἐχρῆν
3208 5067 3527 5141 λαμϐάνεινο
3559 5066 3653 5119 καὶ
3678 5065 3815 5136 μᾶλ-

2229 5149 2318 5202 λον
2365 5149 2397 5220 ἢ
2447 5149 2723 5214 ἐκείνους,
2757 5150 2839 5203 ὅτι
2880 5153 3269 5224 περισσότερον
3303 5151 3484 5207 αὐτῶν
3520 5148 3813 5213 ἐκοπίασα,

2230 5233 2387 5287 τοῦτο
2422 5233 2520 5302 μὲν
2551 5234 2611 5286 οὑ
2637 5234 2808 5301 λέγει,
2839 5235 2976 5307 ὅπερ
3009 5233 3159 5307 εἶχεν
3199 5239 3495 5308 ὑπεροχήν·
3531 5236 3626 5305 ἀφ’
3648 5227 3725 5288 ὧν
3755 5234 3814 5288 δὲ

2230 5313 2370 5389 ἦσαν
2391 5319 2589 5371 ἐκεῖνοι
2617 5318 2869 5389 μεγάλοι,
2906 5320 3000 5373 καὶ
3025 5324 3117 5390 ἀφ’
3148 5315 3223 5376 ὧν
3246 5322 3467 5384 δικαίως
3487 5319 3816 5391 ἐλάμϐανον,

2232 5400 2405 5456 ταῦτα
2434 5400 2617 5472 τίθησι
2648 5404 2806 5472 μόνα,
2836 5403 3010 5471 λέγων
3031 5404 3227 5471 οὕτως·
3261 5408 3382 5460 Οὐκ
3408 5404 3526 5474 εἱμί
3554 5405 3823 5459 ἀπόστο-

2237 5489 2383 5550 λοςί
2412 5486 2521 5538 οὐκ
2545 5484 2660 5553 εἰμί
2696 5485 3045 5555 ἐλεύθερος;
3083 5488 3373 5543 Τουτέστιν
3392 5530 3408 5556 ,
3440 5489 3540 5542 οὑκ
3568 5488 3822 5554 ἐξουσίαν

2239 5568 2346 5638 έχω
2383 5567 2622 5638 ἐμαυτοῦ
2645 5586 2660 5634 ;
2692 5567 2766 5640 μὴ
2794 5569 2898 5624 ὑπό
2926 5573 3045 5628 τινά
3074 5574 3190 5644 εἰμι
3220 5572 3311 5627 τὸν
3338 5571 3722 5640 ἀναγκάζοντά
3748 5588 3819 5643 με

2239 5651 2333 5705 καὶ
2366 5652 2641 5706 κωλύοντα
2671 5651 2889 5722 λαϐεῖν;
2931 5654 3069 5709 Ἀλλ’
3098 5655 3283 5728 ἔχουσί
3315 5674 3365 5711 τι
3396 5655 3560 5710 πλέον
3593 5656 3818 5723 ἐκεῖνοι,

2302 5839 2325 5868 ε
2352 5837 2497 5897 Begu,
2522 5838 2734 5901 ἄρχεται,
2759 5854 2867 5903 qua:
2890 5841 3040 5892 lectio
3061 5854 3178 5891 vera
3219 5846 3315 5891 ρει.
3344 5840 3472 5891 Edili
3517 5842 3723 5905 ἔρχεται.
