4086 6214
307 331 421 388 163

298 461 459 510 esse;
489 444 584 501 sed
608 459 713 500 non
747 444 866 500 ideo
890 441 1264 500 contemnendi
1294 444 1380 513 qui
1414 458 1552 498 nunc
1581 451 1724 498 sunt.
1751 442 1884 498 Nam

297 540 342 592 si
397 546 622 608 propter
671 538 946 592 Christum
1013 536 1248 590 honores
1311 536 1395 590 vel
1453 535 1740 600 ultimum,
1799 535 1891 589 sed

299 631 539 698 ﬁdelem,
593 631 785 702 dignus
826 645 957 686 sane
1000 629 1199 699 estqui
1240 627 1558 682 honoretur.
1612 628 1820 681 Etenim
1850 628 1890 680 si

299 723 688 779 accedentibus
715 722 838 777 duci
869 722 1096 790 cuipiam
1115 730 1165 774 et
1190 721 1364 783 militi,
1397 720 1741 790 Imperatoris
1763 719 1894 771 ami-

299 816 406 881 cis,
456 815 720 870 ambobus
765 815 982 868 domum
1011 813 1328 882 aperueris;
1378 825 1474 881 per
1516 824 1676 880 quem
1727 806 1894 878 magis

306 907 692 978 Imperatorem
732 909 997 961 honorare
1029 903 1302 959 videaris?
1335 903 1496 958 Plane
1527 917 1620 972 per
1648 901 1890 955 militem.

306 1000 437 1055 Nam
467 999 573 1054 dux
605 1008 798 1069 praeter
825 997 1173 1070 Imperatoris
1207 996 1496 1051 amicitiam
1535 995 1762 1063 plurima
1803 994 1894 1047 ha-

305 1094 416 1158 bet,
444 1108 565 1164 quae
598 1092 697 1147 tibi
731 1091 959 1147 suadere
992 1099 1234 1160 possunt,
1263 1099 1320 1143 ut
1348 1089 1506 1144 talem
1547 1087 1622 1141 illi
1649 1087 1895 1142 conferas

307 1186 610 1250 honorem;
641 1184 799 1238 miles
827 1198 958 1238 vero
997 1182 1128 1236 nihil
1172 1181 1318 1236 aliud
1355 1195 1512 1252 quam
1552 1180 1894 1248 Imperatoris

303 1280 615 1333 amicitiam.
676 1278 799 1332 Ideo
853 1275 1092 1340 claudos,
1135 1276 1372 1339 mutilos,
1416 1283 1471 1328 et
1507 1287 1599 1327 eos
1648 1273 1738 1342 qui
1787 1287 1891 1325 non

305 1370 512 1440 possint
538 1369 765 1440 gratiam
799 1368 1019 1432 referre,
1051 1367 1115 1420 ad
1145 1381 1326 1421 coenas
1355 1375 1407 1420 et
1437 1364 1680 1418 convivia
1709 1373 1890 1415 nostra

303 1477 497 1516 vocare
528 1461 690 1531 jussit
733 1461 891 1522 Dens,
921 1461 1042 1530 quia
1086 1459 1200 1513 haec
1239 1458 1406 1527 magis
1434 1456 1648 1527 proprie
1677 1464 1893 1525 propter

306 1555 471 1610 Deum
528 1554 768 1624 praestita
836 1561 961 1612 sunt
998 1551 1292 1608 beneﬁcia.
1350 1549 1405 1606 Si
1459 1564 1588 1604 vero
1641 1563 1892 1619 magnum

304 1645 607 1717 quempiam
637 1654 692 1700 et
733 1645 996 1699 illustrem
1041 1643 1340 1712 exceperis,
1375 1643 1492 1696 lucc
1529 1654 1633 1695 non
1661 1639 1732 1693 ita
1765 1653 1890 1708 pura

304 1747 388 1793 est
412 1739 756 1808 eleemosyna
787 1755 802 1802 ;
851 1736 945 1792 sed
990 1744 1194 1806 partem
1225 1735 1456 1804 aliquam
1501 1732 1641 1802 apud
1669 1740 1720 1786 te
1747 1746 1892 1800 saepe

303 1829 406 1884 sibi
433 1830 673 1885 vindicat
699 1829 874 1883 inanis
895 1830 1082 1899 gloria,
1118 1837 1170 1883 et
1200 1827 1343 1898 quod
1372 1825 1633 1881 beneﬁcio
1658 1825 1732 1878 sis
1756 1823 1891 1879 all'e-

301 1931 440 1987 ctus,
485 1930 540 1976 et
588 1928 806 1990 prapter
834 1920 981 1974 illum
1010 1918 1151 1988 apud
1195 1919 1389 1973 multos
1417 1917 1674 1986 insignior
1701 1917 1775 1971 sis
1815 1915 1894 1970 ef-

303 2014 497 2069 fectus.
532 2013 727 2068 Multos
749 2021 896 2067 certe
926 2010 1211 2066 ostendere
1234 2010 1455 2080 possim,
1489 2008 1576 2078 qui
1609 2016 1891 2077 propterea

299 2108 684 2179 insignioribus
711 2117 1017 2162 sanctorum
1041 2105 1380 2170 famulantur,
1406 2113 1462 2156 ut
1488 2117 1584 2172 per
1605 2101 1726 2155 illos
1750 2099 1891 2169 apud

297 2201 575 2271 principes
619 2199 812 2268 majori
861 2198 1102 2252 fruantur
1148 2194 1362 2258 ﬁducia,
1411 2208 1472 2248 ac
1509 2193 1670 2247 rebus
1698 2191 1810 2245 suis
1839 2199 1894 2244 et

293 2293 510 2347 :edibus
537 2291 782 2347 utiliores
807 2289 938 2343 ﬁant
965 2307 978 2343 :
1010 2298 1064 2342 et
1091 2303 1121 2342 a
1147 2287 1348 2342 sanctis
1377 2285 1483 2340 illis
1512 2285 1676 2338 multa
1707 2281 1891 2351 hujus—

1356 328 1424 384 IN
1463 327 1674 385 EPIST.
1718 329 1738 384 ι
1803 332 1896 388 AI)
1934 331 2090 390 con.
2133 330 2364 386 unum.
2405 330 2548 384 xm.
3487 345 3580 396 ιτς,

2001 444 2142 499 modi
2177 445 2391 514 exigunt
2427 443 2716 510 beneficia;
2750 461 2856 516 quo
2887 447 2943 501 lit
2968 458 3025 504 ut
3057 449 3160 505 illis
3187 461 3371 521 pereat
3401 457 3582 526 hospi-

2003 536 2220 590 talitatis
2252 551 2478 600 mcrces,
2503 537 2717 604 quando
2746 538 2835 591 tali
2867 551 3043 596 mente
3062 543 3342 599 accedunt.
3367 545 3432 600 Et
3453 550 3581 615 quid

1998 642 2131 696 opus
2164 637 2245 682 est
2275 627 2375 681 hoc
2411 628 2477 681 de
2516 631 2715 682 sanctis
2763 629 2984 686 dicere?
3024 631 3234 690 Etenim
3273 636 3360 706 qui
3396 651 3428 691 a
3465 643 3579 698 Deo

1999 720 2239 774 laborum
2289 721 2509 789 praemia
2557 722 2642 776 hic
2688 725 2900 792 qumrit,
2933 733 2986 778 et
3034 735 3250 796 propter
3298 730 3581 796 praesentia

1998 812 2248 865 virtutem
2291 811 2420 877 adit,
2464 812 2772 867 mercedem
2819 829 2968 868 suam
3008 816 3236 870 minuit:
3268 818 3358 887 qui
3401 830 3578 875 autem

2000 903 2230 972 integras
2263 903 2370 958 illic
2407 904 2607 972 expetit
2643 919 2890 972 coronas,
2935 907 3090 978 longe
3129 910 3427 967 mirabilior
3453 928 3581 966 eva-

1997 993 2075 1047 dit
2103 1011 2117 1059 ;
2149 994 2285 1048 sicut
2311 993 2545 1048 Lazarus
2569 995 2676 1062 ille,
2709 999 2798 1068 qui
2821 998 2959 1053 bona
2983 1001 3162 1055 omnia
3187 1005 3425 1073 accepit;
3449 1006 3584 1060 sicut

1999 1096 2107 1140 tres
2140 1087 2311 1154 pueri,
2342 1087 2428 1155 qui
2461 1087 2512 1139 in
2542 1086 2811 1142 fornacem
2837 1105 2962 1144 mox
2993 1091 3264 1160 injiciendi
3292 1094 3581 1151 dicebant:

1999 1175 2090 1229 Est
2119 1175 2254 1232 Deus
2299 1179 2350 1230 in
2395 1179 2553 1244 caelis,
2592 1181 2676 1248 qui
2704 1182 2859 1248 possit
2902 1183 3094 1251 eripere
3118 1200 3208 1238 nos
3233 1201 3252 1250 ;
3277 1187 3354 1240 sin
3394 1189 3580 1252 minus,

1997 1278 2169 1321 notum
2199 1268 2262 1320 sit
2305 1267 2413 1334 tibi,
2456 1285 2566 1335 rex,
2614 1271 2751 1342 quod
2792 1273 2912 1326 deos
2943 1283 3055 1326 tuos
3087 1290 3189 1328 non
3229 1277 3462 1341 colimus,
3493 1295 3582 1331 nec

1996 1367 2215 1411 statuam
2241 1375 2451 1412 auream
2478 1376 2630 1425 quant
2670 1363 2873 1416 erexisti
2913 1364 3185 1420 adoramus
3217 1365 3376 1437 (Dan.
3407 1369 3460 1423 5.
3495 1371 3581 1424 l7.

1997 1449 2100 1518 18)
2127 1465 2140 1514 ;
2175 1448 2314 1504 sicut
2341 1449 2634 1517 Abraham,
2665 1453 2754 1522 qui
2781 1452 2945 1507 lilium
2966 1471 3120 1510 suum
3151 1457 3370 1512 adduxit
3395 1469 3448 1514 et
3475 1476 3586 1515 ηιθ-

1995 1539 2176 1602 etavit,
2223 1548 2278 1594 et
2322 1539 2438 1596 lucc
2469 1557 2572 1597 non
2607 1559 2703 1613 pro
2735 1546 2984 1602 mercede
3026 1546 3173 1612 fecit,
3204 1549 3299 1630 sed
3331 1567 3577 1622 magnam

1995 1632 2312 1687 existimans
2346 1640 2860 1704 remunerationem,
2893 1639 3035 1709 quod
3064 1641 3291 1697 Domino
3318 1644 3581 1702 obediret.

1997 1722 2105 1779 llos
2131 1735 2183 1779 et
2222 1741 2321 1781 nos
2345 1742 2554 1798 quoque
2581 1729 2874 1786 imitemur.
2905 1732 2996 1788 Sic
3021 1735 3163 1789 enim
3191 1738 3405 1808 copiosa
3432 1740 3586 1795 nobis

1992 1817 2258 1872 bonorum
2295 1820 2578 1876 retributio
2620 1824 2820 1891 veniet,
2870 1826 3011 1895 quod
3061 1829 3150 1882 tali
3193 1831 3374 1886 animo
3405 1833 3583 1888 omnia

1997 1909 2273 1976 faciamus,
2298 1921 2352 1965 et
2381 1912 2776 1981 splendidiores
2801 1931 3152 1987 assequemur
3173 1935 3427 1987 coronas;
3453 1941 3584 1994 quas

1996 2002 2196 2056 utinam
2227 2017 2323 2058 nos
2351 2019 2541 2060 omnes
2584 2007 2946 2077 adipiscamur
2969 2012 3140 2080 gratia
3167 2022 3222 2067 et
3254 2014 3583 2085 benignitate

1999 2095 2208 2150 Domini
2264 2100 2433 2153 nostri
2482 2098 2608 2155 Jesu
2658 2100 2879 2169 Christi,
2926 2104 3138 2172 quicum
3175 2105 3320 2160 Patri
3367 2123 3583 2178 unaque

1993 2186 2212 2259 Spiritui
2237 2202 2422 2246 sancto
2446 2195 2635 2262 gloria,
2661 2196 2971 2266 imperium,
2991 2198 3182 2267 honor,
3209 2218 3352 2258 nunc
3373 2215 3425 2260 et
3447 2221 3581 2260 som-

1995 2295 2112 2350 per,
2142 2291 2196 2337 et
2227 2283 2279 2337 in
2309 2285 2506 2339 smcula
2529 2286 2871 2342 saeculorum.
2900 2290 3093 2344 Amen.

296 2413 2454 2444 Μ

1699 2493 2046 2556 HOMILIA
2073 2495 2252 2558 XXI.

293 2656 427 2714 Cn.
462 2655 517 2711 9.
549 2670 600 2707 υ.
632 2656 686 2709 l.
717 2652 840 2706 Non
865 2669 975 2706 sum
999 2651 1302 2722 apostolus?
1324 2666 1426 2704 non
1445 2665 1554 2704 sum
1576 2648 1738 2703 liber?
1763 2665 1888 2701 non-

369 2765 436 2802 ne
467 2747 727 2801 Christum
766 2745 944 2800 Iesum
980 2743 1258 2798 Dominam
1283 2752 1511 2797 nostrum
1545 2741 1688 2795 vidi?
1727 2756 1893 2794 nonne

375 2857 511 2911 opus
551 2855 718 2893 meum
748 2854 835 2892 vos
864 2839 982 2892 estis
1006 2839 1057 2892 in
1083 2837 1346 2892 Domino?

367 2936 421 2988 ‘I.
455 2932 594 2999 Quia
622 2946 746 2986 cum
785 2931 1045 2997 dixisset,
1093 2931 1155 2986 Si
1198 2946 1311 2986 esca
1337 2929 1650 2984 scandalizat
1684 2932 1892 3000 fratrem

296 3040 597 3091 meum,nor:
606 3022 866 3077 comedam
883 3038 1059 3076 carnes
1073 3023 1126 3076 in
1143 3022 1406 3086 sarculum;
1417 3020 1555 3090 quod
1573 3035 1678 3074 non
1696 3019 1894 3074 fecerat

293 3115 514 3188 quidem
533 3157 548 3179 ,
581 3113 678 3168 sed
709 3124 767 3168 se
793 3114 1056 3167 facturum
1086 3113 1436 3182 promiserat,
1469 3113 1512 3166 si
1542 3126 1675 3182 opus
1706 3119 1885 3166 esset:

296 3226 365 3265 ne
395 3209 518 3279 quis
549 3206 760 3262 diceret
785 3246 798 3272 ,
845 3204 1064 3260 FruStra
1094 3205 1340 3276 gloriaris
1365 3214 1416 3260 et
1439 3205 1619 3261 verbis
1653 3204 1893 3274 philoso-

298 3302 482 3372 pharis
509 3315 713 3370 oreque
744 3299 1013 3369 promittis
1034 3341 1048 3363 ,
1082 3298 1223 3369 quod
1255 3307 1308 3353 et
1336 3297 1465 3353 mihi
1496 3306 1551 3353 et
1595 3297 1764 3353 cuivis
1811 3297 1893 3352 fa-

296 3397 405 3451 cile
433 3404 514 3450 est
540 3413 554 3448 :
590 3409 712 3448 nam
738 3394 781 3447 si
801 3408 864 3446 ex
898 3393 1075 3446 animo
1095 3392 1209 3448 hmc
1235 3380 1390 3459 dicis,
1415 3406 1474 3447 re
1493 3392 1605 3462 ipsa
1632 3392 1853 3447 ostende
1871 3433 1887 3459 ,

297 3487 425 3552 quid
457 3485 780 3554 despexeris
802 3527 816 3550 ,
847 3493 902 3538 ut
931 3499 996 3539 ne
1021 3484 1170 3539 fratri
1203 3484 1525 3540 oﬂ'endiculo
1545 3498 1694 3540 esses
1721 3501 1734 3535 :
1768 3484 1888 3538 ideo

297 3581 508 3651 cogitur
527 3579 786 3647 deinceps
815 3579 866 3632 in
896 3577 1086 3632 horum
1116 3577 1632 3634 demonstrationem
1659 3579 1888 3634 descen-

303 3671 468 3737 dere,
521 3671 958 3740 ostendereque,
1008 3669 1278 3740 quomodo
1333 3686 1362 3725 a
1412 3671 1572 3725 rebus
1620 3671 1890 3726 concessis

297 3764 620 3818 abStinuerit
641 3806 655 3831 ,
688 3762 832 3816 nulla
866 3762 982 3831 lege
1019 3761 1192 3830 ipsum
1222 3770 1470 3832 cogente.
1504 3761 1687 3832 Neque
1715 3762 1890 3816 adhuc

297 3857 494 3911 mirum
524 3856 629 3911 hoc
655 3863 770 3922 est,
801 3854 1007 3908 etiamsi
1037 3855 1107 3907 sit
1152 3853 1482 3917 mirandum,
1527 3856 1666 3924 quod
1698 3871 1726 3908 a
1755 3870 1889 3910 con-

296 3949 472 4004 cessis
499 3947 846 4012 abstinuerit,
877 3961 986 4000 non
1021 3945 1182 4000 modo
1212 3954 1270 4000 ut
1306 3962 1410 4000 non
1442 3945 1765 4001 offendiculo
1792 3963 1882 4003 es-

293 4050 411 4106 set,
443 4038 541 4093 sed
568 4039 722 4093 etiam
748 4037 887 4108 quod
911 4053 1030 4091 cum
1048 4036 1214 4091 multo
1239 4036 1421 4092 labore
1441 4047 1494 4091 et
1523 4038 1757 4107 periculo
1788 4038 1888 4093 hoc

297 4135 540 4187 faceret.
565 4130 698 4198 Quid
725 4131 858 4185 enim
887 4131 1067 4186 dicere
1095 4138 1324 4200 oportet,
1357 4131 1549 4199 inquit,
1582 4130 1648 4184 de
1677 4130 1740 4185 iis
1769 4147 1887 4202 qua:

294 4225 588 4282 immolata
616 4234 739 4279 sunt
766 4223 953 4279 idolis?
973 4223 1105 4277 Nam
1126 4239 1246 4277 cum
1276 4222 1520 4277 Christus
1543 4223 1804 4288 Statuerit,
1831 4233 1888 4277 ut

297 4324 372 4388 ii,
407 4321 499 4392 qui
531 4319 862 4388 evangelium
908 4317 1238 4388 praedicant,
1271 4331 1338 4372 ex
1363 4315 1618 4371 doctrina:
1649 4316 1886 4372 ministe-

301 4416 388 4468 rio
422 4412 635 4476 vivant,
670 4411 770 4466 hoc
795 4425 894 4481 ego
922 4426 1027 4465 non
1057 4410 1192 4475 feci;
1224 4409 1317 4464 sed
1345 4409 1539 4472 statui,
1571 4409 1611 4463 si
1643 4424 1775 4478 opus
1797 4424 1886 4463 es-

295 4517 414 4570 set,
445 4507 609 4559 etiam
641 4503 780 4560 fame
811 4504 973 4557 vitam
1005 4502 1160 4556 finire
1189 4510 1244 4557 et
1279 4509 1504 4556 mortem
1535 4502 1715 4557 subire
1737 4517 1887 4556 acer-

296 4599 600 4662 bissimam,
624 4612 691 4651 ne
706 4594 833 4665 quid
851 4595 1148 4664 acciperem
1167 4595 1234 4649 ab
1252 4594 1314 4648 iis
1330 4595 1416 4664 qui
1437 4594 1881 4649 instituebantur:

294 4708 406 4746 non
432 4691 578 4761 quod
613 4689 664 4744 id
693 4689 795 4743 illis
825 4686 1146 4743 oll'endiculo
1174 4686 1347 4752 foret,
1377 4687 1420 4740 si
1449 4702 1552 4740 non
1583 4687 1879 4756 acciperet,

301 4783 400 4839 sed
441 4784 567 4853 quia
619 4779 915 4835 mdilicandi
948 4787 1135 4842 erant;
1177 4777 1318 4846 quod
1367 4777 1520 4847 longe
1549 4777 1720 4844 majus
1747 4785 1882 4830 erat.

294 4877 365 4931 Et
394 4876 552 4944 hujus
600 4871 677 4927 rei
711 4880 875 4926 testes
906 4871 1048 4939 ipsos
1080 4870 1131 4924 in
1183 4869 1419 4923 medium
1445 4867 1696 4932 adducit,
1743 4865 1884 4936 apud

291 4985 433 5040 quos
454 4981 692 5037 operans
712 4975 764 5019 et
785 4966 1029 5020 esuriens
1053 4963 1214 5016 vixit:
1239 4972 1292 5014 et
1315 4960 1449 5029 apud
1473 4961 1607 5014 alios
1628 4962 1879 5025 nutritus,

291 5065 347 5119 in
398 5061 650 5130 angustia
695 5058 868 5120 vixit,
927 5065 984 5111 ut
1038 5071 1105 5110 ne
1175 5054 1278 5108 illis
1329 5050 1652 5106 oﬂ‘endiculo
1706 5048 1880 5105 foret:

291 5152 729 5212 etiamsifrustra
769 5149 960 5204 offensi
1004 5147 1268 5210 fuissent;
1302 5147 1414 5212 ipse
1441 5159 1672 5214 namque
1710 5144 1882 5213 legem

289 5248 574 5318 implebat,
609 5252 846 5298 attamen
878 5257 944 5296 ex
975 5239 1264 5294 abundanti
1299 5239 1404 5291 illis
1429 5237 1702 5306 parcebat.
1728 5235 1879 5304 Quod

286 5345 331 5395 si
367 5355 533 5412 supra
563 5339 733 5407 legem
768 5337 873 5390 hoc
901 5335 1124 5389 faciebat
1151 5333 1258 5397 ille,
1283 5340 1340 5384 ut
1365 5331 1684 5386 oﬂ‘endiculo
1713 5339 1875 5396 esset,

289 5445 340 5490 tl.
367 5435 437 5488 ab
461 5434 528 5488 iis
548 5447 670 5502 qua:
692 5430 954 5500 permissa
983 5427 1083 5480 sibi
1110 5433 1261 5480 erant
1287 5423 1544 5477 abstinuit
1563 5422 1628 5476 ad
1651 5422 1876 5476 aliorum

288 5525 745 5587 :cdiﬁeationem;
779 5520 909 5590 quid
932 5525 1208 5572 merentur
1227 5514 1338 5581 isti,
1356 5512 1447 5580 qui
1469 5515 1540 5568 ab
1569 5514 1880 5584 idolothytis

288 5635 393 5672 non
427 5615 748 5673 abstinent?
792 5611 951 5680 idque
993 5623 1113 5662 cum
1144 5607 1294 5660 multi
1323 5620 1390 5660 ex
1419 5619 1481 5659 ea
1525 5621 1582 5660 re
1616 5613 1873 5674 pereant,

285 5709 429 5778 quod
444 5717 601 5764 certe
621 5706 784 5760 etiam
807 5703 1005 5772 absque
1027 5698 1350 5755 oﬂ'endiculo
1368 5694 1553 5767 fugere
1579 5705 1873 5766 oporteret,

287 5817 355 5859 eo
381 5803 528 5873 quod
560 5801 633 5858 sit
676 5798 975 5855 dmntonutn
1027 5809 1236 5850 mensa.
1283 5791 1456 5861 Caput
1498 5791 1658 5860 igitur
1706 5800 1874 5844 totum

2003 2653 2106 2708 hoc
2133 2664 2251 2722 est,
2281 2657 2422 2727 quod
2455 2660 2634 2715 multis
2664 2669 2852 2717 tractat
2872 2662 3138 2720 versibus.
3164 2664 3578 2735 Oportetautcm

2002 2761 2118 2800 rem
2169 2750 2494 2818 prOpositam
2549 2752 2709 2808 altius
2755 2763 3015 2824 repetere.
3065 2755 3250 2827 Neque
3289 2759 3430 2813 enim
3481 2761 3582 2816 hoc

2000 2837 2143 2893 clare
2169 2841 2442 2909 exposuit,
2478 2850 2536 2897 ut
2556 2843 2666 2913 jam
2699 2845 2838 2909 dixi;
2872 2861 3044 2916 neque
3080 2848 3146 2902 ad
3177 2848 3229 2903 id
3272 2851 3452 2905 statim
3495 2867 3581 2907 re-

1999 2931 2140 2995 silit,
2173 2933 2267 2988 sed
2301 2934 2515 2991 aliunde
2543 2937 2727 3008 incipit
2773 2938 2858 2993 his
2884 2940 3103 2995 verbis:
3139 2939 3262 2997 Non
3302 2959 3416 2997 sum
3457 2961 3580 3013 apo-

1999 3022 2194 3078 stolus?
2215 3025 2344 3080 Nam
2371 3042 2491 3082 cum
2518 3029 2600 3092 iis,
2629 3047 2747 3100 qum
2775 3031 2914 3086 dicta
2943 3042 3067 3087 sunt
3091 3034 3338 3101 ,multutn
3359 3051 3571 3108 quoque

1999 3115 2324 3172 discriminis
2367 3121 2621 3186 interest,
2656 3124 2798 3193 quod
2825 3123 3022 3180 Paulus
3053 3126 3119 3179 sit
3149 3127 3240 3197 qui
3284 3127 3398 3182 hare
3424 3127 3573 3185 facit.

1997 3207 2074 3262 Ne
2097 3208 2337 3265 dicerent
2364 3212 2528 3280 enim,
2561 3212 2710 3269 Licet
2738 3230 2797 3270 se
2827 3217 3056 3288 signanti
3087 3229 3326 3288 gustare,
3357 3219 3573 3275 interim

1997 3300 2208 3370 quidem
2232 3301 2356 3356 huic
2380 3304 2460 3358 rei
2492 3319 2599 3358 non
2631 3305 2858 3371 insistit;
2890 3307 2987 3362 sed
3014 3307 3162 3377 dicit,
3194 3308 3417 3366 Etiamsi
3448 3312 3576 3367 lice—

1998 3403 2080 3446 ret
2105 3434 2121 3459 ,
2157 3392 2226 3448 ob
2255 3393 2474 3449 fratrum
2501 3395 2755 3450 damnum
2792 3403 3204 3468 non'oporteret
3232 3400 3334 3456 hoc
3366 3403 3539 3457 facrrc
3558 3446 3574 3471 ,

1997 3483 2324 3555 demumque
2345 3487 2581 3542 ostendit
2609 3503 2714 3542 non
2743 3489 2928 3545 licere.
2956 3489 3110 3546 Nune
3135 3502 3313 3548 autem
3344 3496 3576 3564 primum

1997 3575 2123 3629 illud
2157 3578 2344 3646 probat
2369 3593 2435 3633 ex
2458 3578 2524 3634 iis
2549 3595 2666 3649 quae
2694 3581 2759 3635 ad
2789 3596 2848 3638 se
2876 3594 3148 3655 spectant;
3181 3594 3236 3640 et
3255 3586 3492 3644 dicturus
3517 3606 3578 3646 se

1997 3667 2131 3721 nihil
2160 3668 2227 3723 ab
2253 3669 2357 3725 illis
2400 3672 2672 3742 accepisse
2692 3713 2706 3738 ,
2749 3687 2857 3728 non
2886 3675 3064 3729 statim
3095 3677 3224 3731 illud
3255 3681 3440 3748 ponit,
3473 3683 3568 3738 sed

1995 3757 2304 3828 dignitatem
2351 3775 2498 3816 suam
2531 3763 2706 3832 primo
2737 3762 2904 3818 dicit:
2948 3765 3070 3819 Non
3117 3783 3229 3840 sum
3275 3773 3578 3840 apostolus?

1995 3865 2096 3903 non
2120 3867 2232 3904 sum
2263 3850 2428 3906 liber?
2452 3853 2530 3908 Ne
2559 3854 2800 3909 dicereut
2827 3855 2970 3910 enim
2998 3875 3012 3911 :
3041 3843 3261 3915 Etiamsi
3287 3877 3392 3916 non
3416 3880 3573 3919 acce-

1995 3945 2170 4014 peris,
2199 3944 2341 4012 quod
2392 3960 2496 3999 non
2545 3945 2735 4001 liceret
2763 3961 2871 4001 non
2899 3951 3193 4018 accepisti;
3230 3951 3351 4007 ideo
3398 3955 3573 4024 primo

1994 4037 2144 4106 ponit
2167 4051 2377 4102 causas,
2407 4047 2626 4108 prepter
2653 4053 2787 4109 quas
2810 4038 2935 4109 jure
2958 4043 3273 4112 accepisset,
3302 4045 3347 4099 si
3375 4047 3576 4102 voluis-

1993 4135 2075 4182 set
2100 4127 2366 4197 accipere.

2065 4217 2265 4271 Paulus
2303 4235 2394 4272 cur
2420 4220 2642 4290 seipsum
2665 4220 2866 4276 laudet.
2884 4249 2958 4262 —
2987 4222 3188 4279 Deinde
3210 4239 3278 4280 ne
3296 4225 3575 4283 videretur

1994 4308 2109 4364 haec
2126 4308 2308 4365 dicens
2331 4312 2546 4366 Petrum
2561 4321 2614 4368 et
2631 4327 2756 4368 suos
2769 4313 3038 4369 criminari
3059 4315 3203 4385 (nam
3228 4316 3302 4371 illi
3332 4318 3565 4388 accipie-

1998 4401 2154 4475 bant)
2178 4420 2191 4458 :
2209 4405 2378 4473 primo
2398 4406 2630 4460 ostendit
2649 4405 2752 4461 illis
2765 4407 3007 4479 accipere
3027 4408 3268 4464 licuisse:
3286 4409 3481 4466 deinde
3499 4427 3568 4468 ne

1991 4494 2113 4564 quis
2137 4494 2338 4550 diceret
2363 4513 2376 4548 :
2407 4496 2564 4550 Petro
2587 4497 2802 4567 quidem
2829 4498 3075 4566 accipere
3106 4499 3288 4568 licuit,
3320 4502 3414 4556 tibi
3441 4517 3571 4558 vero

1993 4603 2099 4642 non
2144 4588 2327 4654 licuit;
2369 4590 2668 4645 auditorem
2712 4591 2990 4661 praevertit
3025 4591 3273 4649 laudibus
3301 4596 3452 4650 suis:
3489 4598 3568 4651 vi-

1991 4683 2230 4753 densque
2271 4686 2630 4738 necessarium
2655 4699 2777 4740 esse
2839 4695 2898 4740 ut
2927 4700 2988 4741 se
3017 4686 3258 4742 laudaret
3291 4688 3402 4759 (sic
3423 4691 3570 4745 enim

1990 4776 2255 4830 Corinthii
2285 4778 2759 4849 corrigebantur);
2801 4778 3042 4848 nihilque
3077 4789 3254 4834 tamen
3290 4781 3474 4836 volens
3502 4783 3570 4838 de

1989 4883 2048 4922 se
2071 4883 2318 4939 magnum
2339 4869 2518 4924 dicere
2535 4912 2548 4933 ,
2584 4870 2679 4924 sed
2703 4880 2958 4938 quantutn
2991 4871 3240 4940 exigebat
3267 4887 3396 4927 usus
3426 4890 3565 4942 pra:-

1989 4959 2158 5013 sentis
2187 4960 2439 5029 propositi
2465 4979 2477 5010 :
2519 4958 2637 5013 vide
2665 4959 2938 5027 quomodo
2964 4961 3205 5032 utrisque
3237 4971 3294 5017 ut
3328 4978 3359 5018 e
3382 4979 3438 5019 re
3467 4966 3570 5032 fuit

1993 5065 2120 5104 usus
2146 5060 2258 5117 est,
2287 5060 2490 5105 tantum
2513 5064 2572 5104 se
2602 5048 2824 5103 laudans
2844 5090 2860 5117 ,
2899 5065 3005 5106 non
3031 5035 3292 5122 quantum
3319 5055 3436 5125 ipse
3465 5057 3566 5112 sibi

1987 5140 2234 5196 conscius
2255 5150 2372 5195 erat
2389 5181 2406 5205 ,
2435 5139 2530 5194 sed
2557 5148 2810 5210 quantum
2838 5142 3083 5214 exigebat
3107 5161 3345 5214 przesens
3371 5163 3562 5203 neces-

1987 5231 2136 5284 sitas.
2165 5229 2295 5284 Cum
2326 5237 2505 5302 posset
2530 5231 2672 5285 enim
2702 5230 2904 5300 dicere,
2928 5233 3010 5289 Me
3035 5235 3154 5304 plus
3192 5252 3349 5307 quam
3377 5254 3567 5295 omnes

1987 5334 2040 5378 et
2067 5339 2223 5394 quam
2253 5323 2373 5377 illos
2396 5323 2677 5406 oportebat
2701 5327 2977 5395 accipere,
3008 5329 3128 5396 quia
3153 5328 3269 5396 plus
3299 5344 3457 5398 quam
3489 5331 3562 5384 illi

1987 5417 2252 5481 laboravi;
2284 5418 2384 5472 hoc
2411 5409 2624 5486 quidem
2648 5433 2754 5472 non
2776 5418 2926 5485 dicit,
2950 5419 3094 5489 quod
3123 5421 3404 5476 sublimius
3428 5421 3559 5478 fuis-

1985 5519 2098 5574 set;
2139 5510 2232 5564 sed
2261 5525 2321 5564 ea
2362 5509 2472 5564 sola
2504 5510 2689 5577 ponit,
2720 5524 2790 5564 ex
2816 5510 3009 5579 quibus
3037 5509 3114 5564 illi
3160 5513 3338 5582 magni
3361 5527 3516 5570 erant
3537 5557 3553 5580 ,

1983 5613 2038 5658 et
2065 5603 2202 5657 unde
2222 5603 2342 5672 jure
2364 5602 2731 5672 accipiebant,
2758 5602 2838 5657 sic
2865 5601 3088 5672 loquens
3113 5621 3128 5658 :
3159 5601 3280 5659 Non
3305 5621 3420 5660 sum
3438 5624 3565 5676 apo»

1983 5695 2178 5749 stolas?
2204 5713 2305 5749 non
2332 5712 2444 5750 sum
2470 5695 2632 5751 liber?
2655 5695 2710 5750 Id
2755 5705 2874 5751 est:
2905 5710 3084 5749 annon
3115 5697 3220 5752 mei
3267 5699 3433 5767 ipsius
3462 5715 3560 5770 po-

1983 5796 2228 5843 testatem
2258 5787 2471 5842 habeo?
2499 5802 2568 5843 an
2606 5787 2836 5858 cuipiam
2881 5787 3127 5846 subditus
3169 5805 3321 5865 sum,
3352 5791 3442 5862 qui
3463 5806 3558 5846 .uir
