4086 6214
533 330 624 384 1⁸71

539 451 693 514 cogat
718 448 773 495 et
802 446 942 494 vetet
984 431 1266 503 accipere?
1291 432 1360 484 At
1394 427 1468 481 illi
1491 422 1690 494 aliquid
1723 423 1844 494 plus
1873 421 2108 486 habent,

539 512 679 606 quod
714 530 911 586 fuerint
938 540 1058 582 cum
1087 522 1319 579 Christo.
1341 517 1538 572 Verum
1566 530 1633 570 ne
1657 515 1749 570 illo
1777 512 1991 584 quidem
2019 527 2118 566 ex-

538 603 660 696 pers
686 624 756 680 fui
783 643 798 678 :
831 621 950 676 ideo
977 617 1106 671 dicit
1129 631 1142 668 :
1176 610 1362 666 Nonne
1385 610 1663 664 Dominum
1687 613 1913 661 nostrum
1940 603 2121 656 Jesurn

536 721 792 776 Christum
829 711 976 768 vidi?
1024 706 1314 763 Novissime
1355 705 1542 774 quippe
1587 700 1852 766 omnium,
1910 697 2118 766 inquit,

535 823 788 880 tamquam
831 801 1057 859 abortivo
1093 799 1226 852 uisus
1269 807 1341 851 est
1391 806 1439 849 et
1477 793 1642 865 mihi(
1674 793 1728 848 1.
1755 790 1876 846 Cor.
1911 789 1997 843 15.
2027 786 2120 857 8).

535 904 650 958 Non
676 913 838 970 parva
869 903 1051 949 autem
1083 892 1197 947 hmc
1225 899 1342 946 erat
1365 887 1618 958 dignitas.
1649 882 1804 938 Multi
1824 881 1967 937 enim
1999 894 2124 949 pro-

539 997 700 1065 phetia
721 1001 768 1046 et
790 989 940 1060 justi,
968 987 1159 1056 inquit,
1193 985 1452 1039 uoluerunt
1479 980 1646 1034 ridere
1667 991 1784 1047 qua:
1812 991 1898 1028 vos
1921 973 2122 1034 videtis,

539 1063 584 1141 et
636 1101 738 1140 non
791 1081 1030 1137 uiderunt
1079 1074 1308 1148 (Matth.
1346 1075 1430 1128 15.
1474 1070 1572 1140 17)
1598 1085 1613 1134 ;
1644 1077 1732 1133 et,
1778 1064 1982 1120 Venient
2020 1063 2127 1116 dies

539 1177 742 1247 quando
768 1173 946 1229 voletis
966 1169 1138 1225 uidere
1157 1184 1315 1222 unum
1332 1181 1394 1219 ea:
1424 1163 1501 1217 Itis
1522 1162 1696 1215 diebus
1724 1157 1876 1229 (Luc.
1899 1155 1988 1210 l'l.
2010 1154 2124 1223 2‘2).

541 1269 678 1338 Quid
707 1279 843 1330 tum,
869 1263 1080 1321 etiamsi
1106 1261 1180 1316 sis
1205 1257 1484 1330 apostolus
1509 1266 1564 1309 et
1591 1253 1746 1317 liber,
1773 1259 1828 1306 et
1856 1248 2126 1304 Christum

543 1362 781 1426 videris;
813 1358 862 1414 si
889 1357 1094 1411 nullum
1118 1349 1428 1408 exhibueris
1454 1344 1681 1416 apostoli
1705 1357 1840 1411 opus
1865 1381 1880 1403 ,
1903 1352 2131 1410 quomo-

545 1457 616 1510 do
645 1452 812 1508 debes
857 1447 1145 1518 accipere?
1195 1443 1317 1499 Ideo
1369 1449 1556 1511 postea
1603 1434 1913 1506 subjunxit:
1946 1430 2134 1486 Nonne

544 1562 673 1617 opus
694 1558 861 1597 meum
888 1556 976 1595 vos
997 1537 1113 1593 estis
1138 1538 1191 1589 in
1220 1533 1423 1590 Christo
1446 1532 1472 1586 Ρ
1513 1530 1627 1584 Hoc
1652 1527 1850 1598 quippe
1875 1539 2129 1594 magnum

547 1615 629 1694 est
654 1655 668 1691 :
699 1651 823 1691 nam
851 1634 940 1688 illa
970 1631 1172 1700 absque
1201 1628 1304 1682 hoc
1333 1624 1467 1680 nihil
1500 1621 1704 1692 juvant.
1733 1617 1942 1674 Etenim
1969 1615 2134 1671 ludas

549 1728 825 1801 apostolus
848 1733 1043 1782 eratet
1073 1722 1210 1776 liber
1227 1759 1250 1786 ,
1276 1726 1438 1788 atque
1465 1713 1738 1768 Christum
1766 1710 2004 1773 viderat;
2036 1706 2133 1763 sed

549 1823 674 1896 quia
712 1819 941 1892 apostoli
971 1831 1105 1887 Opus
1147 1829 1254 1869 non
1286 1810 1502 1874 habuit,
1548 1804 1681 1861 nihil
1713 1803 1829 1859 lucc
1876 1802 1976 1872 ipsi
2007 1814 2135 1870 pro-

553 1918 785 1972 fuerunt.
828 1912 1120 1981 Propterea
1163 1913 1221 1962 et
1262 1903 1366 1958 hoc
1408 1899 1624 1970 adjicit,
1671 1898 1924 1968 ipsosque
1969 1902 2134 1948 testes

553 2022 726 2070 vocat.
757 2011 825 2066 Et
847 2007 970 2080 quia
998 2017 1250 2075 magnum
1275 2001 1525 2070 loquutus
1551 2002 1686 2059 erat,
1717 1991 1842 2049 vide
1867 1987 2138 2059 quomodo

555 2105 684 2162 illud
727 2103 956 2174 castiget
983 2099 1204 2159 dicens,
1238 2092 1304 2149 In
1351 2091 1567 2146 Domino
1595 2103 1615 2144 :
1651 2085 1704 2142 id
1731 2093 1853 2149 est,
1883 2083 1978 2139 Dei
2007 2097 2140 2174 opus

554 2209 676 2266 est,
708 2211 816 2252 non
845 2171 1043 2258 meum.
1072 2188 1127 2243 2.
1163 2187 1226 2243 Si
1269 2184 1384 2238 aliis
1425 2198 1531 2237 non
1567 2195 1682 2235 sum
1707 2175 1970 2246 apostolus
1991 2215 2006 2241 ,
2052 2171 2141 2228 sed

560 2301 729 2346 tamen
769 2286 906 2342 vobis
944 2298 1079 2338 sum.

624 2381 684 2438 2.
711 2378 875 2436 Vides
897 2372 1168 2448 quomodo
1208 2382 1317 2424 non
1357 2376 1791 2437 supervacaneus
1833 2358 1940 2414 sit?
1982 2356 2144 2428 Atqui

559 2481 768 2547 poterat
808 2469 989 2526 dicere
1033 2464 1218 2522 orbem
1271 2471 1428 2515 terrae
1473 2466 1529 2512 et
1572 2463 1760 2526 gentes
1800 2450 2052 2505 barbaras
2091 2458 2145 2502 et

561 2543 756 2624 ierram
783 2570 839 2620 et
865 2575 1046 2626 mare;
1073 2556 1170 2614 sed
1193 2554 1324 2611 nihil
1355 2552 1545 2607 borum
1576 2547 1708 2604 dicit
1733 2585 1751 2611 ,
1794 2543 1888 2600 sed
1929 2558 1995 2598 ex
2016 2556 2145 2596 con-

560 2659 806 2716 eessione
831 2663 885 2711 et
914 2667 981 2708 ex
1007 2647 1333 2706 abundantia
1358 2643 1543 2699 vincit.
1574 2639 1712 2707 Quid
1738 2636 1883 2694 enim
1904 2677 1920 2701 ,
1946 2635 2144 2704 inquit,

561 2749 695 2808 mihi
719 2761 856 2819 opus
881 2754 965 2802 est
995 2736 1446 2811 supervacaneis,
1478 2748 1598 2790 cum
1630 2733 1746 2786 hinc
1774 2727 2043 2784 sufﬁciant
2081 2724 2148 2779 ad

565 2856 804 2916 praesens
831 2831 1245 2907 argumentum?
1277 2829 1392 2886 Non
1418 2828 1538 2884 dico
1565 2825 1724 2896 igitur
1749 2823 1836 2878 illa
1865 2820 2146 2894 praeclara,

564 2951 686 3007 qua:
711 2931 850 3003 apud
877 2929 1066 2985 aliosa
1089 2940 1176 2980 tne
1198 2923 1334 2979 facta
1356 2929 1500 2984 sunt,
1541 2917 1636 2974 sed
1675 2932 1738 2972 ea
1780 2930 2009 2986 quorum
2054 2927 2152 2968 vos

567 3003 734 3084 testes
760 3022 914 3080 estis.
945 3019 1284 3090 Quapropter
1312 3010 1525 3069 etiamsi
1551 3024 1656 3064 non
1687 3005 1922 3074 aliunde,
1942 3021 1972 3060 a
1999 3003 2153 3060 vobis

569 3117 807 3176 maxime
833 3112 1150 3184 oportebat,
1179 3122 1266 3163 me
1296 3106 1540 3176 accipere
1568 3119 1581 3155 :
1614 3110 1848 3155 attamen
1881 3111 1912 3152 a
1960 3096 2153 3168 quibus

571 3226 657 3267 me
683 3208 914 3264 maxime
939 3201 1221 3274 oportebat
1249 3199 1495 3268 accipere
1521 3193 1752 3264 (doctor
1789 3189 1932 3245 enim
1976 3194 2159 3243 vester

572 3299 684 3374 fui)
710 3343 724 3367 ,
753 3299 821 3355 ab
848 3298 912 3353 iis
940 3311 1048 3351 nou
1073 3290 1277 3361 accepi.
1310 3287 1372 3344 Si
1407 3287 1523 3341 aliis
1565 3301 1668 3338 non
1703 3298 1817 3336 sunt
1856 3278 2154 3352 apostolus,

571 3396 660 3450 sed
706 3392 843 3447 vobis
895 3403 1033 3444 sum.
1080 3384 1287 3441 Rursus
1328 3396 1392 3435 ex
1424 3375 1697 3434 concessis
1727 3374 1958 3446 loquitur
1987 3389 2001 3426 :
2031 3386 2155 3427 nam

571 3487 720 3545 orbis
745 3483 1022 3555 apostolus
1051 3485 1187 3534 erat.
1217 3477 1464 3530 Attamen
1499 3471 1734 3526 bocnon
1765 3468 1920 3532 dico,
1951 3465 2152 3536 inquit,

576 3593 748 3650 neque
773 3591 952 3646 pugno
999 3581 1055 3628 et
1094 3565 1404 3630 contendo,
1455 3562 1553 3619 sed
1600 3561 1743 3631 quod
1787 3567 2024 3613 vestrum
2076 3566 2158 3610 est

577 3648 736 3745 pono.
769 3668 906 3725 Nam
932 3662 1250 3738 signaculum
1287 3657 1603 3730 apostolatus
1645 3654 1741 3707 ntei
1783 3668 1869 3706 vos
1911 3650 2030 3704 estis
2065 3648 2153 3720 (2.

577 3743 696 3821 Cor.
726 3761 816 3820 12.
846 3760 954 3831 12)
984 3775 1000 3816 :
1033 3756 1086 3812 id
1115 3765 1218 3820 est,
1247 3747 1655 3809 demonstratio.
1685 3747 1752 3800 Et
1788 3745 1834 3800 si
1863 3744 1982 3814 quis
2021 3743 2160 3798 scire

577 3858 707 3913 velit
754 3855 898 3912 unde
947 3851 1048 3908 sim
1095 3845 1412 3921 apostolus,
1482 3854 1583 3896 vos
1635 3837 1853 3910 profero
1911 3851 1926 3891 :
1979 3834 2158 3890 omnia

577 3952 721 4010 enim
766 3963 886 4018 qua:
925 3951 1054 4001 sunt
1093 3939 1358 4013 apostoli,
1409 3937 1466 3992 in
1505 3933 1657 3990 vobis
1700 3927 1912 3988 ostendi
1944 3936 2000 3986 et
2028 3924 2160 3981 nihil

580 4039 926 4116 przetermisi;
971 4046 1030 4093 ut
1075 4035 1129 4090 in
1176 4028 1421 4089 secunda.
1478 4039 1694 4100 quoque
1741 4021 1966 4094 epistola
2008 4018 2158 4085 dicit,

580 4136 794 4197 Etiamsi
852 4131 983 4188 nihil
1033 4145 1180 4195 sum,
1255 4123 1538 4195 inquiens,
1591 4121 1737 4190 signa
1803 4127 1970 4172 tamen
2035 4129 2163 4185 apo-

579 4229 698 4287 stoli
731 4228 789 4283 in
824 4225 962 4282 vobis
1014 4223 1149 4293 facta
1189 4226 1305 4273 sunt
1331 4217 1385 4269 in
1411 4213 1550 4269 omni
1599 4210 1855 4282 potentia,
1901 4209 1955 4262 in
2005 4208 2162 4278 signis

580 4332 626 4382 et
655 4318 902 4392 prodigiis
945 4324 993 4370 et
1033 4311 1293 4368 virtutibus
1325 4304 1505 4379 (Ibid.
1531 4319 1590 4360 v.
1642 4304 1727 4358 11.
1775 4308 1830 4357 et
1876 4299 1942 4356 19.
1960 4297 2161 4392 Qtiid

585 4388 670 4470 est
709 4388 889 4475 enim,
942 4404 1084 4478 quod
1127 4403 1304 4460 minus
1344 4396 1603 4452 habuistis
1646 4409 1754 4464 pra:
1799 4391 2007 4447 ceteris
2056 4388 2163 4443 Ec-

584 4501 801 4561 clesiis?
846 4500 970 4554 Ideo
1012 4497 1086 4551 ait
1141 4507 1154 4545 :
1207 4489 1542 4563 Signocnlum
1582 4484 1896 4557 apostolatus
1939 4481 2036 4534 mei
2079 4495 2163 4533 vos

593 4598 728 4654 estis.
757 4594 894 4651 Nam
916 4601 973 4646 ct
999 4592 1147 4659 signa
1173 4583 1410 4651 ostendi,
1436 4590 1491 4636 et
1521 4579 1690 4635 verbo
1711 4576 1897 4639 docui,
1923 4583 1979 4630 et
2021 4572 2163 4642 peri-

593 4690 712 4747 cula
740 4686 898 4752 subii,
925 4694 980 4739 et
1005 4683 1166 4736 vitam
1196 4676 1518 4746 inculpatam
1545 4671 1698 4726 duxi.
1731 4671 1799 4724 Et
1830 4669 1944 4722 haec
1986 4666 2162 4721 omnia

593 4791 777 4850 videre
801 4783 926 4839 licet
949 4791 1046 4850 per
1070 4774 1231 4829 hasce
1255 4768 1388 4824 duas
1416 4763 1668 4836 epistolas
1686 4802 1702 4830 ,
1730 4777 1886 4832 quam
1917 4767 2166 4815 accurato

597 4878 924 4953 nempelnec
939 4866 1145 4942 singula
1170 4865 1522 4921 demonstret.
1553 4857 1607 4912 5.
1645 4855 1764 4909 Mea
1789 4851 2032 4953 -t-lefensio
2066 4850 2162 4952 iis,

591 4941 680 5049 qui
706 4941 783 5028 me
809 4941 1161 5036 interrogant,
1190 4958 1297 5014 ba'c
1315 4963 1409 5010 est.
1441 4947 1729 5049 Quid-est,
1942 4941 2166 5015 defensio

591 5035 658 5123 iis
681 5106 696 5131 ,
725 5061 810 5134 qui
834 5074 914 5112 me
939 5035 1286 5120 interrogant,
1319 5047 1425 5101 lucc
1445 5042 1561 5099 est?
1590 5039 1658 5095 Iis
1686 5037 1775 5110 qui
1822 5035 2030 5092 discere
2073 5047 2168 5089 vo-

595 5127 712 5215 lunt
739 5127 1007 5209 undenam
1027 5143 1128 5198 sim
1149 5139 1421 5210 apostolus
1439 5177 1456 5202 ,
1484 5144 1576 5193 aut
1602 5133 1667 5189 iis
1710 5131 1801 5203 qui
1851 5145 1938 5184 me
1985 5127 2166 5183 crimi-

590 5259 784 5309 uantur
811 5251 871 5299 ut
900 5241 991 5312 qui
1014 5233 1266 5309 pecunias
1291 5230 1550 5299 accipiam
1577 5270 1592 5293 ,
1621 5235 1714 5282 aut
1741 5225 1806 5279 iis
1834 5221 1922 5293 qui
1949 5235 2162 5276 causam

591 5346 837 5418 quaerunt
858 5350 955 5391 cur
980 5344 1085 5387 non
1106 5322 1362 5394 accipiam
1381 5359 1397 5387 ,
1433 5327 1526 5374 aut
1551 5319 1614 5372 iis
1643 5317 1733 5387 qui
1757 5315 1941 5371 volunt
1985 5323 2166 5369 osten-

592 5406 754 5499 dere,
784 5443 872 5486 me
899 5440 1006 5484 non
1033 5432 1156 5477 esse
1180 5413 1482 5486 apostolum
1511 5451 1526 5475 ,
1558 5420 1734 5464 veStra
1766 5406 2026 5463 institutio
2050 5447 2063 5470 ,
2113 5412 2168 5458 et

593 5543 656 5584 ea
682 5496 804 5597 quae
826 5520 1067 5578 dicturus
1093 5525 1211 5569 sum
1232 5550 1248 5576 ,
1283 5506 1341 5562 in
1365 5500 1877 5561 demonstrationem
1903 5509 1957 5553 et
1983 5496 2168 5552 defen-

593 5587 800 5673 sionem
828 5613 1140 5669 atteruntur.
1171 5603 1425 5674 Quianam
1450 5603 1627 5651 autem
1656 5592 1783 5648 illa?
1817 5592 1869 5646 4.
1903 5587 2167 5656 Numquid

595 5724 697 5765 non
739 5705 975 5760 habemus
1019 5706 1310 5770 patestotem
1358 5686 1702 5750 manducandi
1743 5692 1792 5738 et
1828 5679 2073 5738 bibendi?
2108 5679 2161 5735 5.

592 5795 834 5862 numquid
869 5810 970 5850 non
1018 5788 1254 5844 habemus
1304 5790 1598 5854 potestatem
1642 5773 1901 5830 mulierem
1937 5784 2160 5825 sororem

1232 315 1286 371 S.
1328 310 1603 370 JOANNIS
1637 303 2116 368 CHRYSOSTOMI
2152 299 2469 362 ARCHIEP.
2507 300 3038 363 CONSTANTINOP.

2223 419 2637 474 circumducendi
2657 419 2683 473 ?
2707 417 3056 489 thttomodo
3071 416 3186 473 huic
3204 416 3448 474 defensio
3467 419 3629 474 sunt?
3649 421 3804 490 Quia,

2222 528 2344 568 cum
2373 512 2682 584 apparuerit
2707 527 2793 568 me
2816 512 2977 567 etiam
3003 526 3033 566 a
3061 511 3332 566 concessis
3359 510 3664 578 abstinere,
3696 528 3805 568 non

2221 608 2340 678 jure
2368 608 2422 662 in
2451 607 2808 678 suspicionem
2849 606 3090 662 venerim
3133 605 3277 675 quod
3322 605 3481 661 fallax
3531 606 3637 662 sim
3664 648 3680 673 ,
3723 608 3808 664 vel

3703 304 3804 363 1Ἷέ

2226 697 2369 768 quod
2396 699 2634 768 pecuniae
2661 712 2822 754 causa
2866 697 3068 768 aliquid
3111 696 3324 752 faciam.
3373 697 3448 753 Ea
3489 697 3651 768 igitur
3692 715 3813 770 quin

2230 791 2378 862 prius
2405 791 2547 846 dicta
2574 801 2718 857 sunt,
2749 799 2806 846 ct
2830 801 3006 846 vestra
3034 789 3299 856 doctrina,
3322 799 3376 845 et
3400 805 3518 861 qua:
3543 792 3656 861 jam
3676 793 3814 861 dixi,

2229 882 2295 936 ad
2324 881 2691 937 defensionem
2717 880 2867 937 vobis
2892 880 3203 948 sufﬁciunt;
3231 889 3287 938 et
3330 881 3588 937 adversus
3622 897 3818 939 omnes

2229 973 2318 1042 qui
2342 973 2671 1043 interrogant
2696 988 2784 1028 me
2807 1012 2823 1038 ,
2856 971 2942 1028 hic
2963 972 3073 1040 jam
3104 982 3226 1040 sto,
3257 981 3313 1029 et
3341 971 3457 1029 huc
3491 984 3545 1029 et
3589 975 3681 1030 illa
3726 975 3818 1029 dio

2230 1078 2359 1118 cens
2390 1082 2405 1120 :
2435 1064 2618 1118 Annon
2641 1063 2880 1118 habemus
2929 1073 3225 1134 potestatem
3267 1065 3612 1119 manducandi
3654 1076 3702 1120 et
3743 1065 3822 1120 bi-

2231 1155 2426 1210 bendi?
2451 1173 2622 1212 annon
2655 1157 2897 1211 habemus
2939 1165 3233 1224 potestatem
3282 1173 3505 1212 sororem
3554 1158 3822 1215 mulierem

2233 1247 2681 1304 circumducendi?
2729 1251 2978 1304 Attamen
3023 1249 3150 1304 licet
3207 1249 3469 1312 habeam,
3547 1250 3820 1307 abstineo.

2233 1339 2371 1405 Quid
2401 1341 2567 1411 ergo?
2609 1355 2717 1397 non
2759 1339 3152 1395 manducabat?
3199 1355 3306 1396 non
3360 1341 3619 1397 bibebat?
3665 1342 3827 1413 Saepe

2234 1441 2382 1487 certe
2414 1447 2526 1487 nec
2567 1432 2954 1500 rnanducabat,
3000 1447 3099 1488 nec
3147 1431 3404 1488 bibebat:
3435 1449 3558 1492 nam
3605 1437 3725 1491 ait:
3759 1436 3827 1492 In

2238 1527 2372 1595 [ante
2395 1535 2440 1578 et
2467 1524 2586 1593 siti,
2627 1524 2682 1579 in
2731 1527 2920 1598 {rigore
2961 1536 3008 1581 et
3057 1527 3284 1582 nuditate
3336 1526 3410 1594 (2
3435 1527 3554 1582 Cor.
3590 1529 3677 1585 11.
3710 1529 3824 1600 27)

2239 1616 2600 1671 versabantur.
2630 1616 2730 1673 Hic
2761 1626 2940 1673 autem
2985 1633 3092 1674 non
3146 1618 3250 1674 hoc
3293 1617 3462 1685 dicit;
3514 1618 3611 1675 sed
3657 1621 3830 1692 quid?

2239 1712 2355 1767 Non
2387 1712 2768 1767 manducamus
2795 1727 2894 1769 nec
2922 1712 3171 1777 bibimus,
3201 1727 3233 1768 a
3261 1711 3538 1782 discipulis
3557 1713 3834 1784 accipien-

2242 1813 2356 1873 tes,
2384 1805 2592 1862 etiamsi
2620 1813 2935 1874 potestatem
2966 1803 3260 1862 habeamus
3294 1804 3614 1875 accipiendi.
3657 1805 3855 1875 Ναωμ,

2243 1896 2363 1965 quid
2392 1913 2494 1951 non
2528 1896 2767 1951 habemus
2805 1905 3102 1966 potestatem
3148 1912 3374 1951 sororem
3420 1896 3683 1952 mulierem
3731 1899 3836 1953 cir-

2243 1988 2573 2043 cumducendi
2591 2028 2607 2055 ,
2639 1991 2769 2043 sicut
2799 1999 2845 2042 et
2878 1987 3047 2043 centeri
3082 1986 3302 2060 apostoli
3327 1997 3373 2044 et
3396 1992 3580 2060 fratres
3615 1987 3835 2044 Domini

2243 2087 2292 2132 et
2317 2077 2512 2149 Cepltas
2529 2079 2554 2133 .9

2318 2170 2475 2226 Pauli
2513 2171 3023 2243 sapiontia.—-Vide
3073 2172 3388 2244 sapientiam
3434 2189 3453 2227 ι
3484 2171 3838 2244 coryphzeum

2246 2265 2491 2319 ultimum
2515 2265 2696 2334 posuit
2727 2281 2742 2320 :
2774 2280 2895 2323 nam
2925 2264 3069 2336 quod
3101 2265 3239 2321 inter
3262 2264 3438 2335 capita
3469 2263 3662 2322 fortius
3710 2277 3800 2322 est
3821 2308 3838 2331 ,

2248 2367 2375 2413 tunc
2401 2358 2568 2428 ponit.
2595 2357 2780 2428 Neque
2807 2357 2952 2412 enim
2978 2358 3049 2411 ita
3075 2357 3376 2412 mirandum
3403 2367 3518 2412 erat
3539 2399 3555 2424 ,
3580 2358 3720 2413 alios
3746 2373 3844 2412 os-

2250 2451 2467 2507 tendere
2497 2450 2596 2506 boc
2620 2452 2894 2516 facientes,
2927 2459 2985 2504 ut
3015 2450 3243 2520 primum
3272 2460 3325 2505 et
3350 2465 3473 2505 eum
3503 2450 3589 2506 cui
3619 2449 3838 2506 tradita

2249 2554 2373 2600 sunt
2401 2544 2581 2600 claves
2606 2543 2755 2614 regni
2780 2542 3056 2598 caelorum.
3089 2541 3354 2597 Caeterum
3384 2558 3488 2596 non
3527 2539 3702 2595 solum
3739 2557 3843 2611 po-

2252 2639 2329 2693 nit
2348 2679 2364 2706 ,
2393 2636 2488 2690 sed
2512 2650 2700 2691 omnes
2722 2678 2738 2702 ,
2769 2650 2833 2690 ac
2852 2634 2895 2690 si
2924 2634 3127 2690 diceret
3153 2650 3170 2689 :
3200 2633 3326 2689 Sive
3370 2633 3653 2689 inferiores
3691 2650 3846 2704 qum-

2251 2745 2338 2785 ras
2365 2729 2477 2784 sive
2506 2727 2811 2798 superiores
2834 2768 2850 2793 ,
2883 2727 3126 2782 omnium
3177 2725 3350 2795 posita
3399 2735 3524 2779 sunt
3564 2726 3842 2794 exempla.

2255 2822 2464 2877 Etenim
2495 2821 2691 2876 fratres
2718 2820 2931 2875 Domini
2960 2836 2991 2873 a
3015 2816 3580 2890 prioreincredulitate
3604 2818 3843 2886 liberati,

2255 2915 2392 2970 inter
2413 2913 2668 2970 clariores
2695 2923 2876 2977 erant,
2907 2912 3006 2967 etsi
3034 2911 3100 2968 ad
3127 2912 3400 2982 apostolos
3427 2926 3535 2967 non
3579 2925 3846 2980 pervene~

2257 3014 2416 3062 rant:
2449 3004 2677 3075 ideoque
2700 3003 2752 3058 in
2779 3003 2956 3058 medio
2984 3002 3107 3057 illos
3137 3003 3316 3072 posuit
3341 3042 3357 3065 .
3389 3001 3616 3056 summis
3666 3006 3848 3056 utrin-

2255 3105 2360 3161 que
2393 3090 2599 3160 positis.
2634 3090 2689 3144 6.
2722 3089 2821 3142 Aut
2852 3105 2944 3160 ego
2970 3088 3108 3142 solus
3135 3097 3182 3144 ot
3223 3086 3489 3141 Barnabas
3531 3103 3632 3140 non
3679 3088 3846 3143 liabe-

2259 3202 2371 3239 mus
2398 3193 2693 3256 potestatem
2721 3198 2822 3237 non
2845 3181 3090 3252 operandi
3111 3178 3186 3254 (α)
3209 3181 3233 3237 ?
3261 3179 3394 3235 Vide
3413 3179 3774 3237 humilitatem
3795 3190 3850 3236 et

2257 3277 2491 3332 animam
2520 3275 2667 3330 omni
2694 3274 2886 3329 invidia
2919 3272 3166 3338 liberam,
3196 3271 3468 3342 quomodo
3490 3286 3612 3328 eum
3637 3311 3653 3336 ,
3682 3286 3848 3342 quem

2259 3383 2511 3425 curarum
2537 3367 2739 3423 socium
2771 3365 3013 3432 sciebat,
3046 3380 3152 3420 non
3182 3364 3428 3419 tacuerit.
3463 3363 3521 3419 Si
3549 3363 3691 3418 enim
3740 3364 3848 3419 alia

2259 3463 2561 3519 communia
2587 3503 2602 3527 ,
2631 3475 2728 3516 cur
2757 3460 2859 3515 hoc
2885 3474 2991 3514 non
3021 3473 3307 3514 commune
3356 3457 3562 3512 fuerit?
3601 3458 3849 3526 Apostoli

2260 3563 2386 3611 sunt
2412 3562 2467 3609 et
2493 3553 2565 3607 illi
2597 3563 2652 3608 et
2679 3566 2775 3606 nos
2795 3593 2811 3615 ,
2841 3559 2897 3606 et
2921 3549 3074 3606 liberi
3101 3567 3118 3616 ;
3144 3559 3201 3604 et
3225 3547 3495 3605 Christum
3524 3548 3758 3604 vidimus
3796 3557 3852 3603 et

2260 3662 2380 3719 quas
2405 3645 2766 3716 apostolorum
2793 3651 2949 3699 erant
2969 3641 3332 3698 exhibuimus.
3348 3641 3491 3710 Ergo
3514 3655 3614 3694 nos
3629 3655 3852 3710 quoque

2263 3749 2584 3812 potestatem
2616 3739 2873 3793 trahemus
2902 3737 2952 3791 iu
2979 3737 3092 3794 otio
3133 3733 3376 3802 vivendi,
3427 3741 3484 3788 et
3517 3733 3776 3788 alimenta
3822 3750 3852 3788 a

2263 3830 2543 3901 discipulis
2586 3827 2904 3899 accipiendi.
2937 3829 2991 3882 7.
3041 3827 3168 3894 Quis
3203 3827 3384 3880 militat
3427 3827 3533 3878 suis
3575 3825 3855 3890 stipendiis

2264 3923 2543 3995 umquam?
2571 3921 2704 3988 Quia
2729 3925 2872 3976 enim
2897 3960 2912 3986 ,
2961 3919 3105 3991 quod
3143 3917 3523 3973 validissimum
3572 3923 3692 3972 erat
3712 3957 3731 3982 ,
3783 3932 3851 3972 ex

2264 4016 2521 4093 apostolis
2549 4014 2785 4071 ostendit
2809 4055 2823 4079 ,
2855 4012 2999 4085 quod
3041 4024 3237 4084 nempe
3264 4011 3424 4067 liceat
3471 4010 3576 4066 hoc
3622 4009 3850 4078 facere;

2266 4111 2332 4168 ad
2363 4108 2608 4180 exempla
2633 4107 2848 4163 demum
2877 4106 3026 4160 venit
3053 4114 3109 4160 et
3155 4104 3221 4158 ad
3267 4117 3607 4160 communem
3653 4117 3811 4157 nsum
3833 4144 3849 4168 ,

2269 4212 2326 4258 ut
2349 4216 2464 4257 tnos
2486 4209 2570 4256 est
2593 4199 2667 4255 illi
2690 4198 2883 4254 facere.
2917 4195 3042 4263 Quis
3067 4195 3250 4249 militat
3289 4194 3398 4249 suis
3435 4192 3740 4264 stipendiis?
3772 4193 3854 4246 iu-

2271 4297 2404 4365 quit.
2435 4296 2514 4352 Tu
2534 4308 2664 4350 vero
2684 4293 2814 4348 mihi
2845 4290 3141 4363 perpendas
3162 4288 3344 4354 velim,
3371 4302 3530 4358 quam
3549 4294 3851 4354 opportuna

2269 4389 2374 4444 sint
2426 4385 2716 4458 propositae
2761 4383 2836 4438 rei
2884 4381 3127 4450 exempla
3178 4379 3299 4445 illa,
3351 4389 3406 4434 et
3428 4375 3696 4449 quomodo
3743 4377 3854 4446 pri-

2270 4495 2415 4534 mum
2469 4475 2776 4533 meminerit
2843 4474 3153 4544 periculosa:
3209 4470 3323 4537 rei,
3377 4470 3616 4532 militire,
3665 4482 3852 4522 armo-

2269 4587 2387 4627 rum
2416 4580 2472 4628 et
2509 4569 2653 4624 belli.
2696 4565 3005 4636 Huiusmodi
3053 4563 3195 4619 enim
3241 4578 3330 4618 res
3375 4570 3460 4617 est.
3499 4559 3851 4628 apostolatus,

2272 4668 2380 4720 imo
2409 4663 2491 4718 his
2517 4661 2684 4716 multo
2709 4659 2899 4729 major.
2936 4657 3119 4728 Neque
3142 4656 3283 4711 enim
3315 4654 3571 4709 adversus
3597 4651 3846 4710 homines

2274 4765 2478 4813 tantum
2507 4753 2708 4810 bellum
2737 4752 2868 4824 ipsis
2893 4759 3012 4806 erat
3030 4790 3046 4816 ,
3077 4748 3172 4804 sed
3201 4759 3256 4803 et
3279 4746 3536 4802 adversus
3577 4743 3852 4799 dzemones

2271 4861 2328 4908 et
2360 4849 2654 4922 principem
2676 4847 2887 4903 illorum
2912 4845 3172 4900 instructa
3207 4840 3370 4896 acies.
3403 4839 3512 4895 Hoc
3539 4847 3622 4893 est
3648 4848 3852 4900 autem,

2273 4944 2416 5016 quod
2459 4941 2629 4999 dicit:
2661 4940 2846 5010 Neque
2887 4936 3095 4994 externi
3141 4934 3409 5006 principes
3453 4933 3557 4986 hoc
3597 4930 3854 5000 exigunt,

2273 5041 2402 5097 srevi
2430 5038 2554 5094 licet
2577 5044 2633 5093 et
2659 5033 2823 5104 iniqui
2843 5073 2860 5096 ,
2889 5041 2946 5086 ut
2971 5029 3165 5084 milites
3193 5027 3395 5082 bellum
3422 5033 3610 5095 gerant
3634 5030 3689 5077 et
3711 5021 3853 5091 peri-

2273 5133 2395 5190 cula
2414 5131 2611 5188 adeant
2632 5171 2647 5195 ,
2679 5141 2853 5197 exque
2900 5125 3012 5180 suis
3058 5119 3401 5178 facultatibus
3436 5121 3649 5173 alantur
3680 5133 3694 5167 :
3724 5131 3856 5181 quu-

2273 5226 2434 5284 modo
2473 5240 2602 5295 ergo
2643 5221 2891 5278 Christus
2920 5217 3024 5272 hoc
3051 5229 3302 5285 umquam
3351 5209 3632 5282 exegerit?
3672 5207 3856 5277 Neque

2274 5334 2381 5376 uno
2403 5325 2688 5374 contentus
2711 5319 2792 5368 est
2815 5309 3082 5379 exemplo.
3121 5305 3255 5362 Nam
3284 5304 3364 5361 vel
3395 5301 3777 5373 sitnpliciorem
3801 5304 3856 5351 et

2272 5411 2593 5470 crassiorem
2619 5406 2723 5462 hoc
2765 5402 2999 5459 maxime
3026 5399 3180 5457 sedat
3223 5409 3278 5454 et
3325 5397 3520 5468 placat.
3553 5409 3674 5447 cum
3704 5388 3853 5444 videt

2272 5516 2612 5561 communem
2647 5493 3090 5554 consuetudinem
3117 5507 3236 5547 cum
3269 5489 3360 5545 Dei
3400 5485 3607 5556 legibus
3621 5495 3855 5538 consen-

2273 5601 2390 5656 tire.

2335 5713 2408 5776 ta)
2431 5711 2489 5762 In
2510 5704 2914 5776 νιξιεθυιεείιιξΐ
2939 5687 3855 5776 εέιέιᾶοξξέιξῑτξιέειετεξξέεέεῗεί

2273 5749 2548 5846 ψῖἷᾶἇῖἒηὶ
2558 5749 2909 5833 ῖιῖῖῖρὲῗᾶἦᾶἰ
2937 5761 2962 5814 .’
2984 5761 3037 5814 id
3054 5749 3182 5824 qti'od
3195 5757 3341 5809 etiam
3352 5766 3463 5804 etin:
3484 5755 3620 5804 serie
3632 5749 3851 5815 quadrat.
