4090 6216
478 429 532 480 5.
588 425 815 496 Ideoque
865 425 929 479 ad
975 425 1115 479 aliud
1161 427 1368 496 pergit,
1416 436 1468 481 et
1514 427 1629 480 ait:
1668 427 1793 491 Quis
1831 428 1978 494 plan-

403 529 477 572 tat
531 519 763 579 vineam,
819 527 864 571 et
922 535 985 571 ex
1026 518 1192 588 fructu
1236 521 1342 586 ejus
1381 536 1480 572 non
1522 519 1660 573 edit?
1697 521 1799 574 Per
1855 519 1980 573 illud

401 611 545 664 enim
598 609 868 679 pericula,
924 626 1018 678 per
1070 609 1168 664 hoc
1223 625 1349 664 vero
1399 611 1674 672 laborem.
1727 612 1982 682 defatiga-

400 702 600 756 tionem
654 703 875 756 multam
930 711 983 755 et
1033 717 1215 755 curam
1265 701 1576 757 declaravit.
1625 703 1976 775 Tertiumque

397 809 586 849 rursus
617 793 836 864 apponit
872 795 1174 863 exemplum
1223 789 1408 850 dicens
1441 815 1454 850 :
1493 796 1616 863 Quis
1663 799 1820 868 pascit
1867 817 1980 870 gre-

395 901 542 954 gem,
571 894 613 937 et
639 885 700 938 de
735 886 861 938 lacte
890 886 1000 956 ejus
1027 902 1126 938 non
1152 886 1294 940 edit?
1319 886 1510 942 Curam
1554 889 1774 944 multam
1799 931 1812 954 ,
1859 907 1978 962 qua:

395 976 670 1030 doctorem
699 976 748 1029 in
775 976 1076 1030 erudiendis
1095 977 1369 1046 discipulis
1406 978 1581 1047 decet,
1610 980 1697 1036 hic
1724 983 1974 1037 ostendit.

393 1066 525 1120 Nam
549 1076 602 1122 et
628 1067 822 1121 milites
846 1077 896 1122 et
918 1069 1164 1137 agricola:
1189 1077 1243 1123 et
1266 1079 1508 1138 pastores
1533 1071 1758 1141 apostoli
1792 1085 1972 1142 erant;

391 1175 499 1213 non
525 1168 681 1214 terra:
706 1174 878 1229 neque
901 1159 1175 1214 brutorum
1201 1177 1372 1232 neque
1391 1161 1648 1218 bellorum
1669 1165 1970 1232 sensilium,

391 1253 486 1307 sed
517 1252 815 1306 animarum
847 1253 1184 1307 rationalium
1229 1264 1284 1308 et
1329 1253 1498 1320 aciei,
1549 1272 1666 1325 quae
1714 1257 1974 1314 adversus

392 1345 667 1400 dmmonas
692 1346 990 1401 instruitur.
1025 1347 1159 1402 Illud
1190 1363 1401 1418 quoque
1427 1349 1818 1405 observandum
1848 1361 1930 1408 est
1954 1395 1968 1420 ,

390 1439 664 1509 quomodo
691 1439 885 1510 ubique
911 1438 1331 1495 moderationem
1351 1441 1670 1509 adhibuerit,
1689 1445 1969 1501 utilitatem

386 1533 561 1587 solum
590 1548 838 1604 quaerens
858 1575 872 1600 ,
905 1549 1011 1586 non
1044 1549 1133 1588 res
1159 1535 1475 1604 superﬂuas.
1505 1535 1620 1590 Non
1649 1539 1791 1593 enim
1813 1540 1963 1606 dixit,

385 1626 517 1694 Quis
543 1635 740 1697 pugnat
759 1634 815 1682 et
841 1643 946 1681 non
969 1626 1119 1682 dives
1144 1630 1268 1682 est?
1299 1627 1391 1683 sed
1413 1670 1427 1695 ,
1464 1628 1587 1694 Quis
1634 1631 1817 1685 militat
1861 1635 1964 1687 suis

383 1719 648 1787 stipendiis
677 1718 950 1787 umquam?
986 1717 1103 1774 Non
1129 1719 1281 1784 dixit,
1309 1719 1438 1785 Quis
1461 1720 1890 1790 plantatvineam
1913 1733 1966 1779 ct

382 1825 490 1865 non
511 1810 714 1882 colligit
739 1826 950 1876 aurum,
982 1821 1070 1864 aut
1097 1809 1327 1866 fructum
1356 1820 1522 1866 totum
1549 1829 1652 1870 non
1684 1812 1965 1884 decerpit?

381 1903 502 1971 sed,
533 1903 616 1958 Ea:
641 1908 812 1976 {ructu
840 1905 945 1974 ejus
972 1920 1070 1958 non
1105 1905 1361 1959 comedit?
1387 1905 1568 1975 Neque
1611 1906 1782 1974 dixit,
1831 1907 1961 1976 Quis

379 1997 548 2066 pascit
576 2012 791 2068 gregem
825 2007 878 2051 et
905 1997 971 2051 de
1001 1998 1152 2067 agnis
1179 2012 1285 2051 non
1315 2007 1529 2054 exercet
1560 2009 1911 2055 mereaturam
1937 2003 1962 2055 ?

305 2153 321 2162 ο
377 2087 474 2142 sed
500 2087 811 2158 quomodo?
842 2086 905 2140 Et
939 2105 1000 2142 ea:
1027 2089 1136 2158 ejus
1164 2089 1291 2143 lacte
1317 2106 1414 2142 non
1437 2091 1692 2144 comedit?
1734 2091 1848 2147 Non
1892 2109 1959 2148 ex

373 2181 552 2253 agnis,
577 2181 671 2237 sed
700 2180 782 2235 Ea:
801 2181 963 2247 lacte;
993 2181 1281 2238 ostendens
1297 2182 1568 2238 doctorem
1587 2199 1749 2254 parvo
1768 2185 1960 2242 solatio

373 2280 687 2329 contentum
715 2289 833 2328 esse
859 2284 1139 2343 oportere,
1185 2275 1409 2346 soloque
1460 2278 1764 2332 necessario
1814 2279 1954 2334 cibo.

371 2362 500 2418 Hac
525 2363 592 2417 ad
619 2378 712 2418 eos
735 2405 748 2428 ,
778 2365 868 2434 qui
900 2363 1080 2420 volunt
1100 2365 1275 2418 omnia
1302 2365 1586 2422 comedere
1606 2406 1620 2426 .
1650 2376 1702 2421 et
1726 2367 1952 2424 fructum

369 2463 544 2510 totum
576 2455 885 2525 decerpere.
933 2455 1080 2510 Hanc
1125 2465 1179 2510 ct
1223 2458 1479 2513 Dominus
1524 2458 1694 2530 legem
1741 2462 1950 2529 posuit,

367 2545 600 2601 dicens:
637 2545 833 2617 Dignus
862 2556 934 2601 est
979 2549 1241 2618 operarius
1283 2549 1392 2603 cibo
1446 2567 1538 2604 suo
1591 2551 1815 2619 (Matth.
1862 2555 1950 2610 10.

367 2639 504 2706 10).
533 2638 648 2693 Non
689 2640 790 2694 hoc
830 2650 1008 2695 autem
1056 2642 1230 2696 solum
1277 2644 1537 2712 exemplis
1590 2645 1810 2714 probat,
1859 2648 1950 2702 sed

365 2731 534 2784 etiam
582 2730 818 2785 ostendit
865 2731 1078 2801 qualem
1130 2742 1377 2803 Oporteat
1426 2749 1546 2789 esse
1595 2736 1948 2792 sacerdotem.

367 2821 585 2878 Etenim
613 2825 764 2880 militi
792 2825 988 2881 habere
1015 2825 1378 2884 fortitudinem
1409 2845 1544 2900 opus
1569 2840 1670 2897 est,
1704 2833 1950 2904 agricola:

363 2929 576 2983 curam,
609 2917 808 2986 pastori
836 2918 1251 2976 sollicitudinem
1288 2937 1300 2974 :
1332 2936 1395 2976 ac
1446 2931 1568 2992 post
1616 2925 1729 2977 hare
1771 2926 1948 2980 omnia

363 3003 499 3059 nihil
525 3005 754 3078 amplius
780 3023 1022 3079 qmerere
1051 3025 1208 3080 quam
1239 3013 1558 3068 necessaria.
1603 3011 1734 3068 Cum
1762 3024 1948 3070 osten-

363 3097 536 3154 disset
561 3113 710 3170 ergo,
739 3117 844 3156 non
871 3117 994 3158 esse
1014 3104 1235 3158 vetitum
1263 3104 1469 3161 doctori
1500 3108 1765 3177 accipere,
1797 3121 1850 3165 et
1881 3125 1946 3165 ex

362 3191 676 3249 doctoribus
702 3203 756 3249 et
782 3211 847 3250 ex
880 3196 1002 3251 vita:
1032 3197 1356 3266 quotidiana:
1381 3199 1644 3269 exemplis
1668 3241 1684 3262 ,
1715 3200 1782 3254 ad
1834 3209 1944 3257 ter-

364 3284 497 3338 tium
527 3294 687 3355 caput
711 3288 885 3354 venit,
914 3289 990 3342 sic
1025 3288 1210 3344 dicens
1239 3307 1252 3342 :
1281 3283 1335 3345 8.
1373 3289 1636 3361 Numquid
1672 3292 1947 3346 secundum

365 3377 617 3432 hominem
646 3379 751 3433 lucc
773 3380 884 3433 dico
907 3380 1012 3435 ?an
1034 3391 1080 3435 et
1107 3383 1190 3436 lex
1207 3382 1312 3435 lucc
1339 3399 1439 3436 non
1467 3384 1587 3436 dicit
1606 3384 1631 3438 ?
1649 3383 1779 3450 Quia
1803 3385 1945 3440 cnim

363 3468 623 3526 hactenus
652 3487 718 3526 ex
741 3472 1028 3542 Scripturis
1074 3473 1205 3528 nihil
1245 3475 1406 3539 dixit,
1460 3475 1554 3530 sed
1607 3465 1943 3531 communem

362 3563 580 3632 protulit
629 3564 1070 3620 consuetudinem
1100 3605 1114 3630 ,
1163 3564 1239 3620 Ne
1288 3566 1484 3637 putetis
1533 3582 1618 3622 me
1661 3609 1674 3632 ,
1733 3567 1941 3637 inquit,

363 3654 510 3710 hisce
541 3655 637 3709 niti
666 3655 796 3710 solis
819 3697 835 3722 ,
868 3671 1042 3726 neque
1073 3671 1138 3711 cx
1167 3655 1440 3711 hominum
1470 3657 1661 3726 placito
1690 3658 1802 3713 lucc
1831 3666 1943 3711 sta-

365 3755 512 3802 tuere
543 3765 555 3799 :
584 3763 800 3817 possum
848 3749 989 3802 enim
1036 3748 1359 3813 ostendere,
1409 3749 1524 3804 hinc
1573 3750 1682 3805 Deo
1731 3765 1944 3820 quoque

361 3839 550 3907 placita
569 3855 702 3903 esse,
726 3849 779 3894 et
803 3850 1032 3896 veterem
1053 3841 1171 3912 lego
1195 3842 1362 3911 legem
1388 3841 1500 3896 lucc
1524 3843 1940 3912 prascipienlem.

363 3931 490 3985 Ideo
525 3948 614 4000 per
644 3932 1115 4002 interrogationem
1153 3931 1486 4002 progreditur
1511 3974 1525 3998 ,
1559 3933 1630 3986 uti
1660 3933 1797 3987 solet
1827 3933 1941 3988 fieri

362 4022 422 4074 in
469 4023 572 4086 iis,
617 4037 731 4091 quze
775 4025 996 4078 omnino
1037 4025 1090 4077 in
1139 4025 1384 4078 Confesso
1428 4033 1570 4086 sunt,
1601 4025 1680 4079 sic
1708 4023 1938 4078 dicens:

372 4112 637 4183 Numquid
658 4118 924 4170 secundum
954 4119 1204 4170 hominem
1241 4119 1348 4171 htcc
1377 4117 1530 4171 dico?
1557 4117 1609 4172 Id
1639 4128 1720 4172 est
1748 4161 1763 4185 ,
1803 4117 1939 4172 Num

364 4205 617 4259 humanis
641 4215 831 4262 tantum
859 4209 1121 4278 exemplis
1153 4209 1326 4264 nitor?
1352 4210 1530 4262 Annon
1559 4211 1708 4263 etiam
1739 4210 1942 4263 (exhinc

361 4296 533 4350 dicit?
568 4296 618 4352 9.
653 4297 912 4368 Scriptum
943 4310 1014 4352 est
1045 4301 1176 4353 enim
1200 4301 1252 4353 in
1277 4300 1385 4370 lege
1411 4299 1463 4351 Μ
1472 4300 1604 4370 oysis
1634 4298 1793 4352 :Non
1823 4299 1942 4354 alli-

360 4386 505 4456 gabis
531 4405 585 4442 os
611 4388 720 4443 bovi
750 4392 1030 4445 trituranti.
1067 4392 1131 4445 Et
1162 4408 1255 4446 cur
1305 4393 1417 4446 huic
1469 4399 1765 4454 memorat,
1818 4407 1937 4445 cum

361 4476 584 4532 haberet
623 4481 926 4550 exemplum
958 4481 1336 4536 sacerdotum?
1367 4481 1666 4536 Admodum
1708 4480 1937 4535 ubertim

359 4569 476 4624 11.ρο
506 4572 734 4640 probare
764 4573 968 4628 volens.
989 4574 1209 4639 Deinde,
1235 4590 1300 4629 ne
1323 4575 1442 4645 quis
1463 4575 1665 4629 diceret
1696 4591 1709 4629 :
1741 4574 1939 4644 Ecquid

359 4662 424 4714 ad
456 4679 575 4730 nos,
595 4665 737 4734 quod
767 4666 833 4719 de
859 4667 1026 4720 bobus
1057 4667 1260 4722 dictum
1289 4677 1370 4722 est
1389 4669 1410 4721 ?
1431 4670 1530 4722 hoc
1546 4678 1792 4723 accurate
1820 4667 1938 4722 dis-

355 4753 489 4807 cutit
513 4753 700 4809 dicens
728 4774 740 4810 :
776 4754 1037 4826 Numquid
1067 4763 1131 4810 de
1181 4758 1332 4812 bobus
1355 4775 1476 4811 cura
1505 4769 1576 4812 est
1599 4757 1746 4814 Deo?
1771 4759 1940 4814 Boves

358 4859 488 4914 ergo
515 4859 623 4898 non
654 4856 828 4912 curat,
851 4862 1032 4916 quzeso
1061 4857 1134 4913 te,
1159 4847 1340 4903 Deus?
1365 4846 1532 4903 Curat
1576 4849 1758 4918 utique
1783 4889 1823 4915 ,,
1844 4849 1938 4904 sed

360 4951 471 4990 non
495 4937 587 5002 ita,
622 4946 681 4991 ut
705 4937 773 4992 dc
801 4939 884 4991 illa
909 4955 969 4994 re
1001 4940 1168 5010 legem
1199 4941 1398 4996 tulerit.
1434 4941 1769 5011 Quapropter
1792 4984 1806 5005 ,
1837 4944 1938 4997 nisi

358 5044 612 5099 magnum
643 5029 768 5100 quid
799 5030 1178 5100 subindicaret,
1207 5031 1418 5088 Judceos
1449 5049 1544 5102 per
1589 5033 1740 5088 bruta
1785 5049 1940 5087 exer-

357 5138 488 5178 cens
516 5123 582 5177 ad
615 5124 995 5194 benignitatem
1019 5168 1032 5191 ,
1057 5135 1215 5196 atque
1239 5127 1398 5181 etiam
1441 5126 1560 5180 illos
1589 5143 1681 5195 per
1720 5125 1835 5180 haec
1872 5126 1940 5181 de

357 5215 669 5269 doctoribus
700 5216 1001 5286 alloquens,
1029 5233 1133 5272 non
1165 5218 1270 5271 tale
1299 5216 1622 5286 suscepisset
1667 5217 1900 5271 studium
1922 5258 1938 5284 ,

358 5316 490 5361 utet
521 5308 690 5378 legem
716 5311 974 5364 scriberet
1015 5309 1082 5365 de
1127 5309 1297 5364 bobus
1336 5324 1490 5364 camo
1536 5327 1640 5363 non
1689 5310 1936 5380 ligandis.

359 5397 488 5454 Inde
515 5411 689 5454 autem
713 5400 854 5454 aliud
878 5401 1132 5466 ostendit,
1161 5403 1383 5456 multum
1405 5416 1527 5457 esse
1552 5401 1831 5458 doctorum
1863 5403 1940 5456 la-

358 5491 546 5544 borem
578 5499 782 5545 etesse
811 5489 1044 5556 debere;
1089 5492 1338 5560 aliudque
1386 5507 1617 5546 rursum.
1657 5492 1936 5559 Quodnam

357 5581 533 5636 illud?
559 5581 712 5648 Quod
743 5595 1092 5651 quaecumque
1114 5583 1165 5636 in
1193 5581 1363 5637 veteri
1391 5581 1505 5651 lege
1549 5583 1615 5636 dc
1661 5585 1938 5637 brutorum

355 5688 483 5727 cura
512 5673 784 5736 dicuntur,
818 5671 880 5726 ad
904 5672 1175 5728 hominum
1199 5673 1494 5730 doctrinam
1520 5676 1782 5747 prtccipue
1811 5691 1941 5730 con-

357 5763 573 5831 teram;
609 5774 665 5818 ut
695 5771 748 5817 ct
770 5762 870 5818 alia
892 5765 1066 5820 omnia
1100 5783 1112 5819 :
1143 5765 1286 5821 verbi
1313 5767 1502 5837 gratia,
1535 5782 1652 5836 qua:
1678 5766 1746 5822 de
1769 5766 1933 5821 variis

1429 313 1494 366 IN
1533 313 1744 369 EPIST.
1792 312 1807 366 l
1873 311 1964 368 AD
2001 310 2154 367 COlt.
2195 312 2424 368 llOMIL.
2468 315 2610 373 XXI.

3574 335 3670 388 171

2088 425 2346 494 vestibus,
2376 430 2574 498 qmede
2593 432 2780 497 vineis,
2808 433 2873 488 de
2895 437 3206 503 seminibus,
3233 439 3300 495 de
3333 451 3466 498 terra
3489 485 3503 506 ,
3528 451 3668 516 quod

2092 530 2196 569 non
2227 515 2434 574 diversa
2463 518 2702 576 facienda
2733 525 2836 590 sit,
2867 525 2933 580 de
2960 526 3142 599 lepra;
3191 530 3364 599 deque
3407 515 3563 600 aliis,
3612 548 3668 590 nt

2091 603 2160 657 ita
2182 605 2354 660 dicam
2375 649 2389 673 ,
2420 611 2686 666 omnibus.
2717 612 2847 668 Cum
2879 616 3018 671 enim
3045 619 3115 673 illi
3144 624 3436 678 crassiores
3467 639 3666 690 essent,

2089 691 2214 750 hinc
2238 697 2535 754 disserebat
2561 717 2682 756 cum
2717 705 2837 770 illis,
2873 707 3122 776 paulatim
3153 712 3294 781 ipsos
3322 715 3553 784 erigens.
3600 717 3666 772 Et

2086 785 2207 841 vide
2246 790 2515 858 quomodo
2562 792 2664 848 hoc
2703 811 2807 850 non
2855 798 2990 852 ultra
3033 803 3252 870 probet,
3303 815 3484 875 utpote
3523 809 3665 877 quod

2087 875 2299 944 planum
2331 887 2383 932 et
2412 895 2475 934 ex
2506 896 2564 936 se
2593 883 2927 940 manifestum
2959 890 3046 942 sit.
3077 888 3208 946 Cum
3241 893 3465 950 dixisset
3495 875 3662 964 enim,

2086 965 2350 1038 Numquid
2394 973 2457 1025 de
2498 973 2652 1028 bobus
2674 993 2794 1030 cura
2818 989 2887 1032 est
2916 979 3066 1036 Deo?
3099 985 3370 1054 sulijunxit
3401 1005 3413 1041 :
3447 990 3533 1045 10.
3582 995 3661 1049 An

2083 1067 2285 1127 propter
2313 1076 2403 1114 nos
2424 1064 2629 1118 omnino
2651 1066 2744 1120 hoc
2768 1069 2936 1124 dicit?
2977 1072 3084 1128 Nec
3125 1078 3240 1133 sine
3288 1096 3446 1136 causa
3489 1084 3614 1139 illud
3639 1127 3656 1150 ,

2085 1147 2322 1216 Omnino,
2347 1155 2518 1222 ponit,
2545 1158 2636 1211 sed
2675 1176 2740 1214 ne
2772 1161 2952 1218 liceret
2979 1167 3206 1224 auditori
3258 1172 3342 1228 vel
3391 1177 3656 1233 tantillum

2079 1241 2470 1299 Contradicere.
2507 1249 2677 1315 Atque
2703 1252 2753 1304 in
2787 1258 3096 1325 metaphora
3133 1274 3329 1328 perstat
3375 1266 3555 1322 dicens
3604 1280 3659 1325 et

2079 1337 2428 1401 pronuntians
2458 1355 2472 1389 :
2506 1339 2642 1395 Nam
2671 1357 2873 1415 propter
2899 1366 2989 1402 nos
3025 1353 3211 1421 scripta
3251 1368 3401 1423 sunt;
3442 1362 3560 1428 quia
3603 1363 3657 1418 in

2076 1443 2164 1496 spe
2192 1429 2331 1482 debet
2357 1433 2444 1498 qui
2464 1445 2574 1488 arat
2601 1453 2748 1491 arare
2776 1455 2795 1492 :
2820 1439 2868 1494 id
2895 1451 2995 1507 est,
3023 1444 3212 1500 doctor
3235 1447 3392 1504 debet
3414 1450 3652 1509 laborum

2076 1519 2378 1576 mercedem
2411 1521 2608 1580 habere
2640 1545 2653 1581 :
2685 1538 2730 1583 et
2750 1532 2836 1599 qui
2862 1535 3083 1600 triturat,
3118 1537 3168 1590 in
3203 1555 3292 1608 spe
3318 1543 3512 1612 [ructus
3540 1563 3655 1615 per-

2072 1611 2293 1679 cipiendi
2317 1631 2441 1670 esse.
2467 1618 2533 1672 Et
2560 1621 2677 1675 vide
2709 1625 3062 1691 prudentiam.
3094 1631 3134 1682 Α
3161 1611 3364 1688 semine
3402 1611 3549 1690 enim
3584 1639 3650 1692 ad

2071 1715 2249 1756 aream
2285 1720 2394 1760 rem
2429 1710 2698 1778 traduxit;
2749 1713 2834 1769 liic
2875 1733 3084 1772 rursum
3137 1722 3330 1777 multos
3372 1724 3648 1782 doctorum

2069 1794 2293 1850 sudores
2322 1801 2631 1870 ostendens,
2661 1807 2908 1874 quoniam
2941 1810 3038 1877 ipsi
3071 1822 3122 1864 et
3166 1822 3321 1868 arant
3361 1825 3416 1871 et
3464 1832 3642 1874 aream

2069 1894 2266 1942 terunt.
2311 1891 2376 1946 Et
2416 1893 2470 1948 in
2506 1896 2707 1951 arando
2744 1900 2978 1968 quidem,
3008 1905 3130 1972 quia
3159 1907 3332 1962 nullus
3351 1914 3648 1982 percipien-

2066 1977 2165 2034 dus
2193 1981 2395 2038 fructus
2417 1995 2533 2040 erat
2552 2029 2567 2052 ,
2597 1989 2691 2043 sed
2716 1989 2866 2046 labor
2888 2001 3090 2048 tantum
3119 1997 3304 2052 aderat
3323 1977 3516 2070 ,iSpeui
3554 2019 3647 2072 po-

2064 2071 2170 2124 suit
2202 2087 2216 2124 :
2247 2071 2298 2126 in
2332 2076 2550 2131 terenda
2580 2093 2708 2133 vero
2733 2095 2876 2148 area,
2903 2082 3010 2152 jam
3042 2100 3192 2140 usum
3237 2090 3465 2145 fructum
3513 2071 3643 2148 con-

2063 2162 2227 2217 cessit
2252 2163 2434 2220 dicens
2459 2183 2471 2220 :
2501 2167 2568 2222 Et
2601 2173 2687 2240 qui
2708 2173 2928 2242 triturat,
2958 2176 3068 2246 ejus
3095 2181 3200 2248 spei
3228 2184 3480 2254 particeps
3509 2197 3600 2240 est.

2133 2253 2186 2307 4.
2217 2255 2438 2326 Deinde,
2485 2275 2554 2316 ne
2593 2267 2712 2332 quis
2755 2264 2911 2331 dicat,
2961 2267 3207 2326 Hunccine
3248 2284 3330 2329 est
3374 2253 3639 2333 tantorum

2060 2357 2269 2400 merces
2311 2347 2592 2406 laborum?
2639 2353 2852 2424 adjecit,
2896 2357 2963 2412 In
3009 2377 3136 2431 spe,
3189 2364 3394 2421 scilicet
3437 2367 3636 2428 futura.

2060 2435 2199 2491 Nihil
2229 2453 2358 2510 ergo
2384 2442 2528 2498 aliud
2564 2445 2761 2502 clamat
2786 2463 2846 2502 os
2886 2449 3039 2520 hujus
3068 2455 3312 2512 animalis
3337 2474 3491 2516 camo
3534 2479 3636 2518 non

2060 2529 2300 2602 ligatum,
2343 2553 2499 2606 quam
2549 2541 2689 2610 quod
2739 2552 2984 2613 oporteat
3033 2547 3285 2604 doctores
3332 2551 3638 2612 laborantes

2058 2625 2306 2681 mercede
2333 2627 2455 2683 frui.
2487 2631 2572 2685 11.
2599 2631 2661 2687 Si
2686 2651 2776 2688 nos
2797 2635 2933 2689 vobis
2954 2638 3242 2705 spiritualia
3261 2645 3634 2713 seminavimus,

2055 2732 2294 2788 magnum
2337 2730 2431 2786 est,
2474 2722 2519 2775 si
2565 2739 2654 2778 nos
2694 2727 2923 2781 carnalia
2965 2741 3125 2783 vestra
3167 2736 3454 2789 metamus?
3498 2737 3637 2795 Ecce

2055 2818 2300 2875 quartum
2330 2811 2488 2866 etiam
2520 2813 2666 2870 addit
2693 2817 3028 2874 ratiocinium
3055 2861 3069 2885 ,
3097 2821 3237 2892 quod
3267 2834 3510 2892 oporteat
3535 2829 3636 2883 ali-

2056 2908 2232 2954 menta
2259 2902 2518 2970 prmbere.
2543 2904 2678 2972 Quia
2699 2907 2842 2962 enim
2871 2909 3024 2975 dixit,
3053 2912 3180 2979 Quis
3207 2915 3390 2970 militat
3415 2921 3636 2989 prapriis

2051 2991 2317 3061 stipendiis
2345 3000 2624 3066 umquam?
2646 3008 2719 3060 et.
2753 2999 2882 3065 Quis
2907 3003 3102 3072 plantat
3131 3007 3323 3061 vineam
3346 3009 3372 3062 ?
3398 3019 3470 3076 et,
3509 3011 3634 3077 Quis

2051 3085 2212 3154 pascit
2249 3089 2490 3158 gregem?
2533 3097 2586 3144 et
2615 3090 2834 3147 adduxit
2874 3093 3064 3151 bovem
3087 3098 3631 3167 triturantem;aliam

2052 3178 2252 3246 profert
2271 3195 2487 3236 causam
2510 3183 2702 3238 rationi
2723 3185 2878 3241 valde
2899 3202 3210 3256 consonam,
3234 3203 3452 3263 propter
3471 3212 3631 3266 quam

2047 3272 2167 3341 jure
2211 3275 2486 3343 accepturi
2531 3287 2718 3343 erant;
2751 3279 2895 3348 quod
2924 3295 3028 3336 non
3071 3283 3230 3338 modo
3275 3286 3629 3354 laborassem,

2050 3365 2142 3417 sed
2170 3373 2222 3419 et
2244 3365 2399 3436 longe
2423 3367 2626 3438 majora
2656 3371 3026 3438 praebuissent.
3057 3375 3313 3442 Quaenam
3356 3395 3482 3451 ergo
3511 3384 3631 3436 est?

2052 3459 2113 3514 Si
2139 3477 2230 3514 nos
2251 3464 2386 3517 vobis
2413 3465 2701 3532 spiritantia
2725 3468 3082 3523 seminavimus
3102 3513 3115 3536 ,
3150 3489 3387 3542 magnum
3437 3483 3507 3528 est
3531 3516 3545 3539 ,
3587 3477 3629 3530 si

2049 3567 2139 3604 nos
2169 3555 2396 3607 carnalia
2427 3566 2589 3608 vestra
2611 3567 2857 3614 metamus
2878 3559 2904 3612 ?
2931 3559 3182 3632 Vidistin‘.
3202 3579 3416 3618 causam
3437 3565 3627 3632 justis-

2047 3644 2260 3708 simam,
2284 3656 2334 3700 et
2357 3647 2524 3716 magis
2546 3663 2703 3718 quam
2735 3653 2940 3720 priores
2965 3654 3156 3707 rationi
3182 3659 3628 3712 consentancam?

2050 3736 2164 3790 Illic
2195 3753 2422 3808 namque
2467 3741 2614 3806 dicit,
2660 3743 2884 3797 Carnalc
2933 3760 3116 3801 semen
3165 3758 3266 3812 est,
3315 3751 3544 3803 carnalis
3574 3761 3629 3805 et

2049 3826 2292 3882 fructus?
2322 3829 2406 3884 hic
2451 3840 2626 3886 autem
2674 3847 2778 3887 non
2822 3833 2918 3900 sic,
2965 3836 3056 3890 sed
3085 3852 3267 3892 semen
3309 3841 3623 3908 spirituale,

2050 3935 2258 3976 merces
2285 3936 2412 3976 vero
2440 3925 2689 3978 carnalis.
2721 3925 2850 3979 Nam
2882 3942 2948 3982 ne
2981 3928 3203 3985 multum
3231 3931 3329 3985 sibi
3357 3933 3630 4002 placerent

2049 4012 2121 4078 ii,
2151 4012 2242 4081 qui
2282 4012 2481 4082 aliquid
2507 4013 2817 4071 doctoribus
2856 4018 3157 4085 praeberent
3180 4060 3194 4085 ,
3239 4023 3470 4076 ostendit
3501 4023 3623 4078 illos

2048 4105 2251 4174 majora
2278 4119 2436 4175 quam
2464 4105 2592 4161 dent
2617 4110 2882 4180 accipere.
2915 4111 3177 4180 Agricola:
3203 4127 3433 4184 namque
3457 4156 3471 4180 ,
3501 4131 3622 4185 qua:

2048 4197 2343 4264 seminam,
2372 4197 2559 4252 eadem
2591 4201 2704 4269 ipsa
2733 4203 2996 4272 accipiunt
3030 4220 3042 4256 :
3076 4219 3173 4260 nos
3203 4214 3415 4274 autem,
3449 4209 3535 4278 qui
3569 4208 3620 4262 in

2046 4287 2322 4342 animabus
2365 4289 2558 4343 vestris
2601 4291 2896 4359 spiritualia
2928 4293 3155 4349 serimus
3175 4336 3190 4362 ,
3220 4298 3468 4352 metimus
3497 4314 3620 4354 car-

2047 4379 2182 4432 nalia
2224 4397 2238 4433 :
2281 4380 2383 4434 tale
2429 4396 2656 4452 namque
2699 4392 2780 4437 est
2815 4384 3124 4440 alimentum
3173 4386 3241 4441 ab
3279 4387 3384 4444 illis
3418 4389 3622 4444 datum.

2049 4471 2250 4526 Deinde
2281 4471 2536 4542 majorem
2565 4473 2722 4529 infert
2747 4476 3006 4546 pudorem
3037 4495 3050 4535 :
3079 4478 3164 4533 12.
3196 4479 3257 4534 Si
3284 4479 3372 4533 alii
3399 4491 3619 4551 potestas

2047 4563 2108 4616 tis
2138 4572 2316 4617 vestrae
2341 4565 2614 4635 participes
2638 4576 2754 4620 sunt
2779 4608 2794 4633 ,
2828 4585 2985 4637 quare
3008 4587 3108 4624 non
3137 4573 3303 4642 potius
3328 4575 3462 4628 nos?
3487 4575 3624 4630 Ecce

2045 4658 2204 4711 aliam
2246 4658 2543 4722 rationem,
2587 4675 2705 4730 qua:
2734 4669 2786 4714 et
2816 4660 2926 4730 ipsa
2971 4661 3036 4716 ab
3065 4663 3324 4732 exemplis
3350 4666 3579 4719 sumitur
3602 4705 3618 4731 ,

2045 4749 2138 4804 sed
2187 4766 2291 4805 non
2338 4766 2367 4804 a
2409 4751 2691 4806 similibus.
2734 4751 2916 4824 Neque
2958 4754 3099 4808 enim
3148 4754 3233 4809 hic
3281 4755 3495 4810 Petrum
3527 4771 3624 4811 nec

2045 4845 2317 4913 apostolos
2345 4852 2641 4908 memorat,
2672 4846 2765 4900 sed
2809 4846 2944 4899 alios
2984 4846 3238 4915 quosdam
3269 4846 3620 4915 adulterinos,

2045 4945 2231 4990 contra
2259 4952 2392 5006 quos
2418 4938 2672 5005 deinceps
2702 4951 2928 5005 pugnam
2964 4937 3214 5002 instruit,
3247 4952 3309 4992 ac
3334 4937 3402 4992 de
3427 4941 3621 5009 quibus

2047 5028 2175 5083 dicit
2201 5046 2214 5082 :
2244 5027 2306 5083 Si
2331 5029 2442 5096 quis
2473 5043 2558 5080 vos
2583 5027 2815 5092 devorat,
2844 5028 2891 5080 si
2922 5028 3030 5096 quis
3060 5029 3275 5098 accipit,
3321 5031 3364 5082 si
3393 5033 3504 5099 quis
3529 5048 3622 5084 ex-

2047 5123 2262 5184 tollitur,
2285 5122 2328 5174 si
2355 5121 2466 5188 quis
2497 5124 2546 5172 in
2573 5119 2755 5190 faciem
2784 5135 2870 5174 vos
2897 5121 3045 5174 credit
3072 5122 3091 5191 (
3111 5119 3166 5174 2.
3201 5121 3316 5176 Cor.
3350 5124 3436 5178 11.
3464 5123 3536 5180 20
3559 5124 3579 5196 )
3604 5140 3621 5190 ;

2045 5223 2099 5266 et
2125 5211 2248 5265 belli
2277 5219 2458 5264 contra
2482 5224 2576 5264 eos
2596 5209 2812 5280 gerendi
2831 5210 2942 5281 jam
2965 5210 3088 5266 facit
3110 5213 3446 5281 praeludium.
3477 5213 3625 5268 Ideo-

2045 5318 2150 5372 que
2181 5318 2285 5357 non
2309 5303 2466 5369 dixit,
2498 5303 2554 5358 Si
2593 5304 2681 5358 alii
2711 5319 2740 5357 a
2770 5305 2920 5360 vobis
2960 5305 3268 5373 accipiunt;
3311 5305 3404 5359 scd
3446 5317 3627 5359 osten-

2045 5395 2181 5450 dens
2221 5395 2436 5448 illorum
2477 5396 2860 5466 arrogantiam,
2903 5395 3241 5468 tyrannidem
3278 5403 3332 5449 et
3357 5410 3626 5450 commer-

2045 5490 2186 5544 cium
2207 5531 2222 5556 ,
2246 5489 2374 5543 dicit
2407 5508 2421 5544 :
2450 5491 2512 5544 Si
2539 5491 2631 5543 alii
2657 5491 2914 5559 potestatis
2953 5501 3129 5543 vestrae
3168 5489 3437 5559 participes
3465 5501 3626 5548 sunt:

2047 5582 2098 5638 id
2127 5591 2239 5648 est.
2269 5583 2314 5638 si
2346 5582 2610 5653 imperant.
2631 5583 2781 5638 vobis
2805 5623 2821 5648 ,
2845 5583 2890 5636 si
2918 5591 3235 5652 potestatem
3265 5592 3552 5652 exercent,
3581 5587 3627 5641 si

2048 5683 2108 5729 ut
2144 5675 2354 5730 famulis
2380 5683 2600 5730 utuntur
2623 5717 2637 5740 ,
2667 5691 2772 5729 non
2805 5674 2965 5729 modo
2991 5675 3318 5744 accipientes
3341 5717 3356 5744 ,
3389 5677 3480 5733 sed
3507 5692 3629 5732 cum

2049 5768 2212 5822 multa
2235 5768 2575 5824 accurationc
2599 5777 2651 5824 et
2678 5766 3021 5824 auctoritate.
3067 5766 3191 5824 ldco
3232 5769 3436 5825 addidit
3458 5809 3476 5836 ,
3504 5767 3625 5824 Non
