4086 6214
407 249 506 307 I75

406 365 574 434 potius
600 363 734 420 nos?
760 361 902 436 quod
940 376 1046 419 non
1071 359 1324 430 dixisset,
1355 364 1399 415 si
1425 360 1492 416 de
1522 358 1780 430 apostolis
1818 371 1996 413 sermo

405 467 570 514 esset.
615 457 723 514 Sed
769 457 944 529 palam
990 463 1106 518 est,
1155 453 1302 508 illum
1350 451 1608 523 quosdam
1656 449 1995 506 subindicore

410 552 779 622 perniciosos,
834 550 924 621 qui
983 549 1129 618 ipsos
1176 545 1508 616 deciperent.
1559 543 1739 616 Itaque
1800 552 1997 613 pratter

408 641 606 715 Moysis
631 643 818 712 legem,
842 653 937 694 vos
969 630 1182 708 quoque
1220 636 1392 707 legem
1421 636 1632 698 tulistis,
1666 633 1808 706 quod
1853 651 1994 705 prm-

412 735 539 790 bere
560 741 823 806 oporteat.
845 729 978 786 Cum
1001 728 1134 784 dixit
1155 738 1329 783 autem
1344 769 1359 793 ,
1388 725 1508 781 Non
1535 731 1700 796 potius
1724 742 1814 780 nos
1833 724 1859 777 ?
1886 740 1993 779 non

411 827 601 897 probat
641 839 736 879 cur
782 823 947 879 multo
975 821 1144 893 magis
1169 828 1438 892 Oporteat,
1480 819 1573 874 sed
1623 819 1834 874 illorum
1865 831 1996 872 con-

409 917 650 974 scientiae
683 914 1018 987 probandum
1064 913 1356 984 relinquit,
1389 912 1657 983 simulque
1695 920 1750 967 et
1794 921 1996 965 terrere

409 1011 596 1066 volens
626 1019 682 1066 et
715 1010 972 1079 majorem
1021 1008 1263 1063 incutere
1306 1005 1588 1076 pudorem.
1633 1003 1741 1060 Sed
1775 1019 1877 1056 non
1917 1001 1998 1055 usi

408 1121 584 1160 sumus
634 1101 726 1158 tali
773 1110 1032 1174 potestate.
1067 1100 1122 1155 Id
1147 1108 1266 1166 est,
1295 1098 1411 1152 Non
1449 1097 1776 1166 accepimus.
1807 1094 1996 1150 Videnâ€˜

410 1195 702 1268 quomodo,
746 1210 869 1250 cum
911 1194 1061 1264 prius
1106 1202 1181 1247 tot
1228 1191 1520 1246 rationibus
1543 1189 1858 1262 probasset,
1891 1202 1995 1242 non

411 1305 533 1346 esse
563 1297 749 1344 contra
777 1287 950 1357 legem
977 1327 993 1351 ,
1025 1285 1271 1354 accipere
1296 1325 1310 1346 ,
1342 1293 1468 1338 tunc
1505 1282 1637 1337 dixit
1670 1301 1683 1336 :
1711 1281 1826 1336 Non
1859 1280 1998 1336 acci~

415 1385 613 1453 pimus,
658 1397 726 1438 ne
766 1379 1009 1435 videatur
1048 1378 1316 1433 abstinere
1349 1387 1615 1444 tamquam
1647 1389 1677 1428 a
1707 1372 1996 1444 prohibito.

413 1477 531 1533 Non
560 1477 726 1543 enim,
756 1474 946 1546 inquit,
973 1471 1117 1542 quod
1141 1487 1245 1526 non
1271 1470 1449 1532 liceat,
1480 1484 1586 1524 non
1613 1467 1852 1539 accipio;
1879 1468 2002 1522 licet

415 1570 580 1632 enim,
604 1576 660 1624 et
682 1566 784 1623 hoc
804 1581 868 1621 ex
893 1565 1072 1620 multis
1093 1563 1604 1627 demonstravimus;
1632 1575 1698 1616 ex
1719 1559 1999 1630 apostolis,

416 1678 483 1718 ex
513 1661 672 1717 rebus
697 1675 816 1730 qua:
847 1659 899 1713 in
929 1657 1035 1712 vita
1074 1657 1238 1720 llunt,
1271 1671 1336 1708 ex
1365 1654 1568 1719 milite,
1600 1652 1868 1723 agricola,
1899 1665 2002 1723 pa-

418 1763 564 1809 store
584 1794 601 1818 ,
633 1767 660 1805 a
693 1752 811 1821 lege
841 1749 1058 1820 Moysis,
1092 1746 1158 1802 ab
1187 1747 1298 1817 ipsa
1324 1749 1402 1800 rei
1432 1754 1619 1799 natura
1645 1786 1659 1807 ,
1690 1743 1810 1813 quia
1838 1741 1996 1798 semi-

417 1846 664 1901 navimus
701 1842 852 1898 vobis
891 1838 1220 1910 spiritualia;
1265 1851 1330 1891 ex
1362 1835 1427 1890 iis
1452 1877 1467 1902 ,
1513 1850 1632 1905 qua:
1662 1847 1758 1888 vos
1800 1832 2003 1888 fecistis

417 1952 542 2008 erga
582 1935 717 1990 alios
749 1951 762 1988 :
791 1931 886 1988 sed
917 1931 1093 1996 sicut,
1137 1943 1205 1984 ne
1235 1926 1504 1982 videretur
1543 1924 1746 1998 pudore
1787 1923 2003 1979 afficere

416 2028 711 2099 apostolos,
740 2023 830 2095 qui
857 2022 1214 2092 accipiebant,
1245 2018 1361 2075 haec
1387 2018 1584 2089 posuit,
1613 2016 1870 2087 pudorem
1901 2015 2003 2069 illis

422 2119 692 2176 incutiens
719 2126 774 2172 et
797 2115 1084 2171 ostendens
1125 2127 1184 2168 se
1211 2127 1318 2167 non
1348 2126 1379 2166 a
1406 2126 1465 2165 re
1493 2117 1550 2164 ut
1582 2107 1846 2179 prohibita
1874 2107 2002 2161 abs-

420 2215 591 2269 tinere
621 2230 636 2268 :
667 2211 742 2266 ita
770 2223 980 2265 rursum
1007 2249 1023 2274 ,
1065 2222 1134 2262 ne
1163 2220 1258 2276 per
1294 2203 1514 2260 multam
1561 2201 1702 2256 illam
1733 2199 2003 2271 probatio-

419 2320 544 2362 nem
583 2313 638 2360 et
678 2301 975 2372 frequentia
1001 2298 1270 2369 exempla,
1303 2296 1456 2368 queis
1483 2293 1720 2350 ostendit
1761 2293 2006 2362 accipere

417 2407 691 2472 Oportere,
715 2396 990 2452 videretur
1014 2402 1070 2448 ut
1087 2392 1315 2462 accipiat
1334 2403 1599 2461 quaerere,
1629 2387 1856 2458 ideoque
1885 2387 2006 2442 talia

421 2493 690 2566 proferre;
717 2491 829 2562 jam
870 2488 1002 2544 illud
1045 2486 1298 2556 corrigit;
1341 2493 1394 2540 et
1423 2483 1619 2538 clarius
1659 2482 1876 2537 demum
1906 2479 2008 2534 hnc

421 2585 622 2659 posuit,
654 2599 776 2639 cum
809 2580 976 2636 dicit:
1009 2578 1130 2634 Non
1169 2577 1350 2648 scripsi
1379 2584 1549 2629 autem
1586 2576 1697 2629 [nec
1719 2615 1734 2638 ,
1776 2583 1830 2628 ut
1855 2573 1926 2628 sic
1955 2573 2009 2627 in

424 2695 508 2732 me
532 2678 623 2746 fiat
652 2691 670 2730 :
699 2674 787 2729 hic
814 2687 975 2743 porro
999 2669 1148 2736 dicit,
1168 2669 1287 2724 Non
1312 2667 1392 2722 usi
1421 2683 1593 2722 sumus
1619 2667 1714 2719 hac
1741 2675 2004 2736 potestate.

421 2769 683 2839 Quodque
708 2765 879 2834 majus
899 2772 1001 2832 est,
1025 2761 1101 2818 Ne
1123 2761 1252 2816 illud
1273 2759 1488 2832 quidem
1511 2757 1708 2830 poterit
1728 2757 2008 2828 quisquam

423 2865 625 2928 dicere,
657 2859 798 2932 quod
821 2873 941 2913 cum
968 2857 1124 2921 nobis
1148 2855 1342 2927 amplae
1368 2854 1652 2910 facultates
1676 2861 1895 2918 essent,
1925 2849 2010 2905 his

428 2973 535 3012 non
563 2954 645 3010 usi
675 2954 873 3018 simus;
914 2948 1175 3021 siquidem
1224 2957 1449 3019 urgente
1493 2947 1851 3012 necessitate,
1901 2959 2009 2999 nott

423 3048 683 3106 cessimus
711 3043 1016 3102 necessitati
1049 3061 1062 3097 :
1097 3042 1149 3097 id
1175 3043 1317 3112 quod
1346 3041 1505 3098 etiam
1539 3041 1590 3094 in
1619 3038 1854 3094 secunda
1881 3037 1955 3094 ait
1991 3056 2004 3093 :

426 3144 570 3199 Alias
595 3140 852 3196 Ecclesias
874 3137 1150 3208 exspoliaui
1168 3176 1184 3200 ,
1211 3135 1460 3204 accipiens
1489 3134 1740 3205 stipendia
1763 3133 1832 3186 ad
1857 3132 2009 3187 mini-

425 3235 633 3290 sterium
661 3241 920 3294 uestrum;
960 3239 1004 3284 et
1041 3246 1154 3284 cum
1193 3244 1349 3282 essem
1379 3227 1519 3296 apud
1561 3242 1646 3280 uos
1684 3235 1730 3280 et
1772 3241 1966 3296 egerem
1987 3263 2007 3292 ,

426 3329 554 3382 nulli
580 3342 819 3381 onerosus
847 3325 924 3396 fui
953 3322 1029 3391 (2.
1061 3322 1178 3376 Cor.
1208 3321 1295 3375 II.
1329 3320 1388 3390 8)
1419 3336 1434 3383 ;
1477 3327 1532 3375 et
1572 3320 1624 3373 in
1655 3318 1756 3374 hac
1784 3334 1968 3373 rursus
1993 3335 2008 3372 :

428 3421 496 3477 Et
534 3421 782 3476 esurimus
817 3427 862 3473 et
895 3417 1094 3472 sitimus
1115 3425 1160 3468 et
1182 3413 1308 3467 nudi
1335 3429 1510 3467 sumus
1535 3422 1581 3467 et
1604 3412 1834 3482 colaphis
1857 3412 2013 3466 caedi-

428 3512 644 3585 mut-(1.
680 3511 797 3566 Cor.
839 3511 893 3566 4.
937 3510 1040 3577 ll).
1073 3508 1138 3562 Et
1174 3507 1262 3562 hic
1300 3520 1485 3562 rursus
1511 3506 1741 3577 idipsum
1765 3505 2010 3562 subindi-

427 3617 512 3662 cat
538 3647 554 3671 ,
600 3604 828 3666 dicens,
869 3602 974 3657 Sed
1019 3601 1189 3654 omnia
1225 3599 1548 3654 sustinemus.
1595 3599 1789 3654 Dicens
1834 3598 2009 3665 enim,

431 3696 617 3752 Omnia
659 3695 980 3758 sustinemus,
1029 3690 1222 3746 famem
1267 3690 1568 3746 subindicat
1609 3698 1661 3746 el
1706 3690 2009 3761 angustiam

428 3789 672 3852 multam,
697 3787 906 3857 aliaque
931 3786 1132 3841 omnia.
1158 3784 1262 3840 Sed
1296 3799 1470 3854 neque
1496 3784 1592 3848 sic,
1627 3783 1819 3855 inquit,
1841 3784 2012 3840 coacti

430 3894 618 3936 sumus
640 3878 850 3934 solvere
877 3879 1070 3956 legem,
1103 3891 1262 3946 quam
1296 3875 1450 3930 nobis
1475 3875 1605 3946 ipsis
1632 3875 2008 3945 imposuimus.

429 3971 648 4040 Quare?
671 3969 754 4025 Ne
778 3969 914 4040 quod
942 3967 1304 4036 olfendiculum
1325 3967 1502 4023 demus
1521 3967 1778 4039 euangelio
1802 3967 2010 4023 Christi.

429 4066 564 4134 Quia
589 4064 730 4120 enim
753 4061 1077 4118 infirmiores
1107 4060 1366 4117 Corinthii
1384 4069 1557 4126 erant,
1581 4059 1657 4114 Ne
1679 4075 1795 4127 vos,
1820 4059 2010 4131 inquit,

430 4157 825 4213 offenderamus
856 4154 1203 4224 accipientes,
1232 4151 1519 4207 maluimus
1546 4153 1664 4222 plus
1690 4167 1850 4223 quam
1877 4167 2014 4223 prteâ€”

428 4259 641 4320 ceptum
669 4256 786 4304 erat
820 4246 1017 4312 facere,
1048 4260 1207 4316 quam
1241 4243 1449 4300 obicem
1478 4245 1785 4314 quempiam
1820 4245 2013 4302 afferre

429 4339 739 4410 evangelio;
768 4337 820 4393 id
851 4347 953 4403 est,
989 4336 1308 4392 institutioni
1336 4345 1550 4392 vestrae.
1593 4335 1651 4393 Si
1681 4346 1858 4394 autem
1888 4353 2008 4406 nos,

430 4432 644 4490 etiamsi
671 4432 861 4488 liceret
897 4430 1050 4486 nobis
1077 4438 1131 4486 et
1157 4430 1376 4485 multam
1417 4431 1525 4485 vim
1559 4442 1884 4502 pateremur,
1914 4448 2011 4488 ex-

429 4527 772 4595 emplumque
805 4523 1123 4578 haberemus
1149 4522 1443 4593 apostolos,
1464 4522 1516 4577 id
1543 4538 1646 4579 non
1667 4524 1910 4592 fecimus,
1932 4523 2015 4580 Ne

431 4614 799 4684 oï¬‚'endiculum
825 4615 1000 4668 demus
1026 4615 1148 4685 (nec
1173 4615 1307 4669 dixit
1330 4616 1664 4672 eversionem
1685 4659 1700 4684 ,
1725 4618 1818 4673 sed
1844 4618 2017 4675 offen-

429 4710 690 4776 dioulum,
739 4721 841 4763 nec
885 4705 1197 4775 simpliciter
1224 4705 1603 4762 offendiculum
1624 4749 1640 4774 ,
1668 4708 1762 4764 sed
1788 4709 2014 4765 offendi-

429 4803 608 4858 culum
637 4799 904 4873 quoddam
930 4839 946 4865 ,
979 4806 1038 4853 ut
1061 4811 1128 4853 ne
1148 4797 1231 4853 vel
1258 4797 1584 4853 levissimam
1626 4815 1835 4856 moram
1861 4803 2012 4859 verbi

425 4895 610 4952 cursui
639 4893 978 4955 inferremus)
1005 4911 1018 4947 :
1047 4891 1092 4948 si
1121 4907 1250 4963 ergo
1277 4906 1378 4947 nos
1405 4900 1549 4946 tanta
1571 4894 1650 4948 usi
1677 4908 1861 4949 sumus
1891 4895 2014 4950 dili-

424 4989 637 5061 gentia,
672 4987 872 5056 inquit,
910 4996 1111 5056 quanto
1150 4986 1320 5058 magis
1348 5001 1476 5053 vos,
1509 4988 1600 5060 qui
1647 4988 1715 5043 ab
1753 4989 2012 5060 apostolis

425 5084 586 5153 longe
624 5078 843 5140 abestis,
890 5092 1064 5147 neque
1105 5077 1276 5148 legem
1307 5080 1529 5149 potestis
1569 5079 1752 5137 dicere
1795 5097 1916 5153 quae
1961 5084 2011 5140 id

428 5171 740 5246 permittat:
768 5169 862 5225 sed
889 5177 1076 5223 contra
1101 5169 1260 5223 etiam
1289 5171 1553 5239 prohibita
1583 5173 1818 5246 tangitis,
1849 5185 2012 5248 atque

426 5272 590 5324 etiam
611 5281 730 5338 qua:
756 5264 1010 5320 damnum
1036 5277 1284 5334 magnum
1311 5263 1541 5320 afferunt
1565 5270 1867 5340 evangelio;
1902 5251 2010 5326 non

425 5359 736 5418 nllâ€˜eadiculi
775 5357 934 5414 modo
962 5357 1162 5412 vitandi
1203 5371 1384 5424 cauSa,
1411 5357 1504 5413 sed
1536 5361 1737 5416 nullam
1767 5362 2010 5420 videntes

427 5459 714 5512 instantem
763 5452 1182 5519 necessitatem,
1239 5450 1511 5510 abstinere
1567 5463 1798 5524 oportet.
1861 5455 2010 5510 Hanc

429 5551 570 5605 enim
613 5557 780 5605 totam
824 5547 991 5604 movit
1016 5546 1313 5603 orationem
1346 5557 1566 5617 prOpter
1604 5548 1726 5606 illos
1751 5591 1766 5614 ,
1794 5549 1884 5620 qui
1914 5565 2010 5618 per

431 5640 606 5694 cibum
638 5639 1059 5711 idolothytorum
1086 5637 1529 5696 imbecillioribus
1557 5640 1814 5699 fratribus
1845 5639 2008 5698 Î¿Ï€Ï‰-

432 5731 604 5792 diculo
632 5739 805 5786 erant.

1145 245 1204 303 S.
1242 246 1520 304 JOANNIS
1555 240 2025 302 CBRYSUSTOMI
2053 241 2369 302 ARCHIEP.
2408 246 2939 310 CONSTAN'Iâ€˜INOIâ€™.

3577 262 3678 320 {75

2170 359 2223 415 5.
2251 360 2375 418 Haec
2402 377 2500 418 nos
2525 380 2735 435 quoque
2756 369 3054 437 audiamus,
3087 368 3290 439 dilecti,
3325 380 3381 428 ut
3411 388 3477 430 ne
3501 373 3679 446 despi-

2095 451 2300 508 ciamus
2336 468 2430 508 eos
2469 459 2556 526 qui
2585 456 2961 522 offenduntur.
2996 476 3062 516 ne
3106 460 3482 518 oll'endiculum
3515 482 3678 536 ponaâ€”

2095 556 2215 596 mus
2245 546 2518 615 evangelio
2556 546 2776 614 Christi,
2817 566 2919 606 neu
2953 562 3188 608 nostram
3226 555 3512 623 prodamus
3536 560 3678 612 salu-

2095 641 2223 686 tem.
2253 633 2328 689 Ne
2355 637 2482 690 mihi
2512 639 2654 692 enim
2677 640 2845 705 dicas,
2869 657 2992 696 cum
3017 643 3182 699 frater
3201 645 3492 703 oï¬‚'enditur
3517 666 3531 702 Îµ
3556 648 3673 704 ÎÎ¿Î¹Î¹

2095 727 2405 795 prohibetur
2429 728 2530 784 hoc
2551 731 2636 784 vel
2668 732 2794 786 illud
2819 734 2875 794 in
2902 750 3007 804 quo
3036 736 3125 791 iile
3156 737 3461 805 offenditur,
3491 751 3547 796 et
3570 743 3677 796 lici-

2097 829 2206 875 tmu
2253 831 2354 876 est.
2398 822 2512 892 Ego
2558 825 2700 879 enim
2748 827 2840 881 tibi
2891 829 3094 897 majora
3138 829 3261 884 dico
3289 850 3304 886 :
3331 832 3413 888 vel
3459 836 3505 888 si
3556 835 3674 905 ipse

2093 911 2341 967 Christus
2384 918 2712 985 permiserit,
2752 919 3057 990 viderisque
3089 920 3284 976 offendi
3327 925 3631 994 quempiam
3661 969 3676 990 ,

2095 1005 2303 1060 abstine
2331 1018 2382 1061 et
2414 1024 2481 1062 ne
2509 1010 2860 1078 permissione
2884 1013 3074 1067 utaris.
3104 1012 3216 1068 Iloe
3241 1016 3381 1069 enim
3409 1026 3461 1071 et
3483 1017 3680 1072 Paulus

2100 1098 2223 1153 fecit
2252 1117 2266 1153 :
2293 1100 2382 1170 qui
2421 1116 2540 1155 cum
2572 1103 2911 1170 permittente
2933 1103 3143 1158 Christo
3183 1106 3364 1163 liceret
3407 1110 3678 1179 accipere,

2099 1205 2205 1244 non
2242 1192 2466 1261 accepit.
2500 1190 2632 1247 Cum
2659 1192 2800 1248 enim
2843 1194 3099 1265 benignus
3126 1197 3193 1251 sit
3223 1197 3475 1254 Dominus
3496 1242 3510 1265 ,
3543 1201 3681 1253 mul-

2099 1288 2203 1335 tam
2249 1283 2529 1352 praeceptis
2569 1285 2680 1340 suis
2721 1285 2928 1340 mistâ€˜uit
2961 1288 3417 1342 mansuetudinem
3441 1332 3456 1354 ,
3485 1303 3542 1344 ut
3572 1309 3681 1346 non

2098 1375 2270 1428 solum
2303 1391 2365 1430 ex
2388 1375 2542 1444 jussu
2565 1417 2578 1441 ,
2620 1376 2713 1432 sed
2745 1378 2904 1432 etiam
2939 1378 3104 1434 multa
3133 1395 3200 1434 ex
3226 1380 3392 1436 libera
3420 1381 3679 1438 faciamus

2099 1465 2262 1519 animi
2303 1468 2586 1521 sententia.
2621 1468 2836 1524 P0terat
2880 1470 3053 1535 enim,
3095 1472 3195 1526 nisi
3240 1471 3342 1528 hoc
3383 1473 3678 1538 voluisset,

2102 1565 2365 1627 pnecepla
2395 1560 2561 1628 magis
2599 1575 2795 1630 augere
2832 1577 2896 1616 ac
2931 1562 3153 1620 dicere:
3185 1563 3283 1631 Qui
3326 1580 3428 1620 non
3471 1565 3685 1637 semper

2096 1648 2336 1718 jejunat,
2369 1651 2655 1718 puniatur;
2689 1653 2777 1722 qui
2809 1654 3165 1724 virginitatem
3195 1671 3300 1710 non
3332 1668 3529 1724 servat,
3555 1674 3683 1728 sup-

2104 1741 2260 1811 plicio
2285 1740 2577 1808 afficiatur;
2616 1744 2706 1814 qui
2735 1760 2839 1798 non
2870 1759 2928 1800 se
2957 1747 3205 1801 omnibus
3239 1749 3386 1802 exuit
3421 1749 3687 1804 facultati:

2103 1834 2202 1889 bus
2224 1876 2241 1901 ,
2273 1843 2540 1889 extremas
2583 1835 2672 1891 det
2702 1851 2909 1906 plenas.
2942 1838 3049 1893 Sed
3082 1855 3188 1894 non
3221 1840 3322 1895 hoc
3351 1841 3494 1907 fecit,
3520 1842 3684 1896 licen-

2105 1927 2230 1980 tiam
2263 1928 2353 1981 Î¹á½¶Î¹Î¹á½¶
2380 1927 2514 1982 dans
2539 1969 2555 1994 ,
2589 1929 2630 1981 si
2660 1929 2812 1995 velis,
2845 1930 3048 2000 majora
3086 1933 3432 2002 suscipiendi.
3477 1934 3686 1991 Idcirco

2104 2036 2225 2076 cum
2267 2021 2334 2076 de
2374 2021 2683 2089 virginitate
2726 2022 3069 2094 loqueretur,
3115 2024 3328 2080 dicebat
3357 2045 3370 2081 :
3398 2028 3496 2093 Qui
3527 2038 3692 2097 potest

2105 2131 2302 2186 capere,
2328 2116 2493 2183 capiat
2516 2115 2730 2184 (Matth.
2755 2115 2843 2171 19.
2872 2117 3003 2186 I2);
3035 2125 3089 2172 et
3112 2117 3260 2172 diviti
3284 2119 3385 2172 alia
3414 2120 3688 2188 prmcepit,

2106 2207 2206 2260 alia
2237 2206 2352 2276 ejus
2372 2209 2626 2263 voluntati
2661 2207 2918 2278 permisit.
2942 2208 3126 2280 Neque
3151 2211 3293 2265 enim
3314 2210 3468 2278 dixit,
3497 2212 3685 2268 Vende

2106 2315 2224 2369 qua:
2255 2298 2451 2367 habes;
2478 2299 2592 2363 sed,
2614 2299 2673 2355 Si
2696 2301 2770 2354 vis
2799 2305 3048 2374 perfectus
3067 2305 3480 2380 esse,vende(lb.
3497 2323 3545 2360 Ï….
3568 2307 3686 2381 21).

2107 2395 2178 2448 At
2219 2407 2316 2448 nos
2351 2409 2459 2448 non
2503 2393 2664 2448 modo
2694 2409 2800 2448 non
2839 2395 3038 2466 majora
3066 2397 3387 2466 suscipimus
3414 2416 3586 2470 neque
3625 2418 3691 2458 ea

2107 2500 2226 2555 quae
2259 2493 2518 2555 praecepta
2543 2494 2669 2540 sunt
2692 2501 3025 2556 superamus,
3056 2487 3152 2542 sed
3181 2488 3406 2544 multum
3433 2491 3605 2557 abest,
3631 2502 3690 2548 ut

2110 2587 2502 2650 praeceptorum
2531 2594 2836 2636 mensuram
2876 2581 3313 2650 itnpleamus..Et
3350 2585 3541 2639 Paulus
3568 2587 3688 2654 qui-

2109 2670 2232 2725 dem
2259 2671 2547 2740 esuriebat,
2579 2687 2646 2726 ne
2672 2671 3050 2728 oflâ€˜endiculum
3083 2673 3342 2743 prteberet
3374 2677 3688 2746 evangelio;

2112 2779 2209 2819 nos
2234 2773 2408 2820 autem
2435 2780 2502 2818 ne
2522 2763 2792 2819 recondita
2820 2765 3032 2833 quidem
3065 2766 3219 2820 nobis
3238 2767 3500 2837 attingere
3528 2768 3690 2823 aude-

2112 2843 2270 2924 tnus',
2321 2857 2632 2910 innumeras
2678 2855 2918 2910 videntes
2976 2859 3184 2912 animas
3234 2873 3474 2913 eversas.
3523 2859 3694 2915 Ilodat

2111 2949 2253 3003 enim
2273 2990 2288 3012 ,
2320 2948 2491 3018 inquit
2529 2947 2651 3014 ille,
2682 2948 2818 3002 tinea
2843 2989 2858 3014 ,
2887 2957 2942 3004 et
2970 2965 3076 3002 non
3108 2948 3262 3004 rodat
3305 2967 3540 3020 pauper;
3572 2952 3694 3008 edat

2111 3043 2341 3108 vermis,
2368 3052 2422 3097 et
2448 3057 2554 3096 non
2583 3041 2831 3096 induatur
2867 3041 3062 3097 nudus.
3089 3041 3275 3098 Omnia
3313 3055 3695 3100 consumantur

2117 3145 2376 3205 tempore,
2403 3144 2458 3190 et
2487 3149 2593 3188 non
2615 3134 2787 3188 alatur
2815 3134 3079 3197 Christus,
3111 3133 3237 3188 dum
3268 3137 3453 3190 esurit.

2183 3225 2371 3282 Contra
2412 3242 2610 3280 avaros.
2639 3255 2712 3266 --
2742 3225 2934 3297 Ecquis
2980 3226 3080 3280 hoc
3109 3225 3275 3282 dicit?
3313 3228 3540 3298 inquies.
3585 3229 3696 3286 Iloc

2115 3319 2258 3376 enim
2290 3334 2451 3390 grave
2477 3318 2762 3374 admodum
2786 3328 2902 3384 est,
2931 3320 3072 3390 quod
3105 3335 3212 3374 non
3244 3323 3423 3376 verbis
3447 3364 3461 3386 ,
3495 3324 3590 3378 sed
3620 3324 3696 3381 fa-

2113 3415 2214 3469 ctis
2242 3413 2356 3467 lucc
2394 3413 2656 3468 dicantur.
2687 3411 2816 3466 Nam
2848 3412 3021 3466 minus
3051 3428 3212 3482 grave
3252 3424 3395 3469 esset
3438 3416 3485 3470 si
3520 3417 3697 3471 verbis

2113 3508 2418 3573 diceretur,
2459 3521 2617 3577 quam
2648 3521 2770 3561 cum
2810 3506 2985 3575 reipsa
3016 3503 3266 3560 eflicitur.
3315 3507 3505 3562 Annon
3555 3509 3699 3563 enim

2115 3601 2231 3657 haec
2274 3599 2514 3672 quotidie
2555 3600 2750 3655 clamat
2778 3599 3000 3655 avaritia
3023 3641 3038 3664 ,
3070 3601 3319 3655 immanis
3355 3601 3444 3656 illa
3474 3611 3529 3657 et
3557 3617 3699 3658 saeva

2120 3693 2379 3766 tyrannis,
2427 3692 2654 3760 captivis
2697 3691 2849 3750 suis?
2894 3692 3246 3762 Apponantur
3296 3703 3474 3748 vestra
3517 3709 3697 3749 come-

2116 3785 2289 3841 denda
2321 3785 2665 3856 schphantis
2685 3825 2701 3850 ,
2731 3783 3028 3838 latronibus
3055 3791 3108 3838 et
3134 3783 3558 3850 insidiatoribus,
3589 3801 3701 3840 non

2115 3888 2292 3935 autem
2315 3877 2572 3932 famelicis
2597 3886 2651 3932 et
2681 3879 2884 3948 egenis.
2909 3878 3099 3932 Annon
3123 3892 3214 3932 vos
3237 3876 3405 3932 facitis
3423 3878 3698 3934 latrones?

2115 3988 2292 4029 annon
2339 3985 2434 4026 vos
2477 3986 2656 4027 escam
2705 3970 2954 4043 praebetis
2997 3972 3103 4042 igni
3148 3972 3492 4027 invidorum?
3519 3989 3698 4030 annon

2115 4081 2212 4121 vos
2240 4063 2411 4118 facitis
2441 4062 2690 4133 fugitivos
2716 4072 2768 4118 et
2799 4061 3158 4130 insidiatores,
3189 4063 3312 4118 dum
3337 4065 3488 4134 quasi
3513 4081 3697 4122 escam

2117 4157 2222 4211 illis
2244 4155 2456 4210 divitias
2478 4164 2684 4211 vestras
2715 4152 3023 4223 apponitis?
3049 4169 3168 4224 qua:
3191 4164 3275 4210 est
3303 4155 3419 4212 hinc
3445 4156 3652 4212 insania
3675 4160 3698 4212 â€˜zâ€˜

2116 4246 2326 4303 Insania
2361 4246 2556 4317 quippe
2598 4254 2655 4300 et
2683 4243 2961 4299 manifesta
2993 4246 3223 4300 amentia
3255 4255 3373 4313 est,
3406 4263 3559 4304 arcas
3590 4251 3696 4302 im-

2119 4341 2265 4411 plere
2301 4338 2561 4402 vestibus,
2594 4344 2650 4391 et
2676 4351 2822 4401 etim,
2851 4335 2940 4405 qui
2967 4335 3034 4391 ad
3061 4336 3344 4407 imaginem
3373 4349 3425 4393 et
3451 4341 3700 4394 similitu-

2117 4431 2294 4488 dinem
2340 4431 2430 4484 Dei
2480 4430 2648 4482 factus
2678 4438 2801 4494 est,
2830 4426 3030 4482 nudum
3052 4469 3067 4495 ,
3095 4443 3128 4483 a
3158 4428 3354 4500 frigore
3381 4440 3700 4488 trementem

2115 4541 2180 4582 ac
2215 4527 2302 4579 vix
2333 4533 2536 4578 rectum
2581 4529 2810 4576 stantem
2841 4521 3139 4592 despicere.
3181 4526 3251 4578 At
3281 4524 3370 4578 ille
3393 4567 3409 4591 ,
3456 4526 3662 4596 inquies
3683 4569 3700 4590 ,

2117 4627 2406 4671 tremorem
2435 4622 2491 4668 et
2521 4612 2882 4667 infirmitatem
2928 4614 3190 4669 simulat?
3221 4617 3410 4671 Annon
3447 4618 3603 4672 times
3633 4634 3702 4673 ne

2116 4709 2320 4765 fulmen
2369 4707 2437 4761 ab
2479 4707 2581 4762 hoc
2622 4707 2786 4762 verbo
2831 4722 3116 4764 accensum
3146 4725 3211 4766 ex
3241 4710 3349 4764 alto
3379 4710 3703 4781 dejiciatur?

2118 4804 2192 4859 ira
2225 4801 2370 4858 enim
2397 4800 2736 4870 disrumpor,
2770 4799 3048 4870 ignoscite.
3082 4802 3162 4856 'Iâ€˜u
3192 4803 3387 4874 quippe
3415 4806 3588 4859 ventri
3622 4806 3703 4859 in-

2115 4899 2338 4970 dulgens
2363 4905 2415 4952 et
2444 4895 2654 4968 pinguis
2673 4937 2690 4963 ,
2718 4902 2772 4951 et
2797 4895 2862 4950 ad
2891 4892 3208 4965 profundam
3231 4912 3398 4966 usque
3420 4913 3700 4967 vesperam

2116 4993 2563 5065 compotationem
2579 5005 2646 5046 ex
2655 4987 3254 5059 tendens,mollibusque
3277 4989 3416 5046 fotus
3432 4991 3699 5061 stragulis,

2117 5102 2222 5142 non
2244 5098 2432 5141 censes
2462 5094 2511 5138 te
2531 5097 2718 5155 ptenas
2741 5081 3008 5144 daturum,
3031 5096 3152 5136 cum
3175 5090 3280 5136 tam
3303 5082 3481 5152 inique
3500 5082 3592 5137 Dei
3610 5083 3706 5137 dn-

2116 5180 2200 5233 nis
2230 5177 2399 5231 utaris
2419 5176 2612 5247 (neque
2631 5175 2771 5230 enim
2794 5174 2976 5228 vinum
2994 5173 3174 5229 datum
3193 5185 3274 5230 est
3288 5189 3342 5229 ut
3357 5177 3697 5240 inebriemur,

2117 5286 2291 5341 neque
2332 5283 2620 5324 concessus
2666 5259 2819 5322 cibus
2866 5279 2922 5322 ut
2961 5276 3202 5323 ventrem
3242 5267 3609 5323 distendamus
3649 5277 3704 5324 et

2114 5359 2500 5434 dirumpamus)
2531 5379 2546 5415 :
2580 5375 2864 5431 pauperem
2890 5376 3038 5423 vero,
3063 5359 3337 5427 miserum,
3358 5376 3462 5416 non
3482 5360 3704 5416 meliore

2115 5455 2422 5512 conditione
2461 5468 2621 5525 quam
2653 5462 2953 5516 mortuum,
2988 5453 3170 5517 illum,
3199 5453 3449 5523 inquam,
3477 5452 3541 5507 ad
3569 5467 3704 5506 exa-

2114 5560 2254 5604 ctam
2285 5547 2549 5602 rationem
2575 5543 2901 5600 reddendam
2933 5546 3078 5614 cogis
3106 5562 3120 5612 ;
3149 5560 3247 5600 nec
3281 5545 3476 5600 metuis
3503 5544 3706 5600 Christi

2115 5639 2347 5695 tribunal
2386 5637 2513 5694 illud
2539 5636 2866 5692 horrendum
2891 5647 2947 5693 et
2974 5636 3358 5694 formidabile?
3383 5635 3516 5692 Nam
3548 5636 3592 5690 si
3623 5637 3705 5691 si-

2117 5733 2281 5790 mulal
2301 5773 2317 5799 ,
2347 5746 2411 5788 ex
2438 5729 2762 5789 necessitate
2789 5740 2844 5787 et
2867 5739 3106 5802 egestate
3136 5730 3388 5796 simulat,
3416 5729 3487 5784 ob
3514 5728 3703 5784 imma-
