4086 6214
417 298 522 354 175

406 411 548 464 ἀλλά
572 410 792 474 δεικνὺς
813 409 994 468 αὐτῶν
1014 410 1112 482 τὴν
1138 409 1430 464 αὐθάδειαν
1450 411 1544 466 καὶ
1561 411 1661 482 τὴν
1689 411 1985 482 τυραννίδα

407 495 506 548 καὶ
531 494 631 564 τὴν
659 495 951 565 ἐμπορίαν,
990 495 1172 564 φησίν·
1207 497 1275 548 Εἰ
1302 493 1479 548 ἄλλοι
1516 492 1627 562 τῆς
1674 494 1844 563 ὑμῶν
1879 495 1973 560 ἐξ·

406 582 627 645 ουσίας
647 581 990 651 μετέχουσι·
1026 585 1293 640 τουτέστι,
1338 579 1630 651 κρατοῦσιν
1668 580 1844 651 ὑμῶν,
1896 580 1988 647 ἐξ·

405 665 774 731 ουσιάζουσιν,
807 666 884 729 ὡς
923 665 1165 730 οἰκέταις
1206 665 1635 736 ἀποκέχρηνται,
1667 666 1730 718 οὑ
1767 665 1985 737 λαμϐά-

407 767 594 812 νοντες
629 749 810 818 μόνον,
841 748 975 804 ἀλλά
1021 751 1116 804 καὶ
1165 749 1303 820 μετά
1350 748 1553 819 πολλῆς
1606 748 1844 819 σπουδῆς
1893 751 1989 802 καὶ

409 834 508 904 τῆς
535 831 825 896 αὑθεντίας
857 845 908 886 ι.
950 833 1042 886 Διὸ
1080 833 1448 904 προσέθηκεν,
1495 834 1579 886 οὐ
1609 832 1818 899 πολλῷ
1847 831 1986 902 μᾶλα

409 921 528 971 λον
579 915 790 985 ἡμεῒς;
817 917 956 986 ὅπερ
1001 915 1100 969 οὑκ
1132 915 1218 979 ἂν,
1254 917 1304 970 εἰ
1333 915 1592 988 περὶτῶν
1619 916 1932 971 ἀποστόλων
1959 919 1988 972 6

408 1002 567 1068 λόγος
593 997 684 1072 ἦν,
716 997 868 1055 εἶπεν
894 1001 980 1054 ἀν.
1024 999 1163 1054 Ἀλλ’
1199 1000 1428 1073 εὑδηλον
1459 1002 1542 1055 ὅτι
1575 1001 1728 1065 τινάς
1757 1003 1989 1056 αἰνίττε-

409 1099 497 1136 ται
537 1083 826 1155 λυμεῶνας
870 1084 963 1138 καὶ
1009 1084 1340 1149 ἀπατῶντας
1381 1085 1599 1149 αὑτούς.
1637 1085 1799 1138 Ὥστε
1849 1085 1988 1157 μετά

411 1166 504 1220 τοῦ
531 1166 700 1237 νόμου
749 1166 841 1220 τοῦ
897 1168 1176 1232 Μωῦσέως
1209 1170 1304 1222 καὶ
1342 1169 1501 1240 ὑμεῖς
1527 1169 1681 1222 αὑτοὶ
1713 1169 1878 1236 νόμον
1899 1185 1987 1222 τε·-

411 1249 634 1304 θείκατε
684 1251 826 1321 ὑπὲρ
858 1249 952 1303 τοῦ
1005 1250 1117 1305 δεῖν
1167 1251 1450 1324 παρέχειν.
1495 1250 1681 1306 Εἰπὼν
1725 1252 1804 1316 δέ,
1835 1250 1985 1324 [185]

414 1336 498 1388 οὐ
527 1332 734 1399 πολλῷ
768 1332 1011 1402 μᾶλλον
1032 1333 1204 1404 ἡμεῖς
1224 1351 1243 1399 ;
1267 1337 1327 1388 οὑ
1367 1335 1770 1400 κατασκευάζει
1813 1334 1902 1387 διὰ
1933 1335 1988 1388 τί

409 1420 473 1472 οὑ
506 1417 689 1480 πολλῷ
726 1419 946 1489 μᾶλλον,
991 1418 1107 1473 ἀλλ’
1133 1420 1358 1491 ἀφίησιν
1386 1419 1566 1474 αὐτῶν
1607 1420 1687 1491 τῷ
1719 1419 1986 1474 συνειδότι

409 1504 501 1558 τὸν
533 1503 777 1574 ἔλεγχον,
803 1503 940 1574 όμοῦ
964 1505 1058 1557 καὶ
1082 1504 1314 1575 φοϐῆσαι
1347 1503 1665 1576 βουλόμενος
1693 1506 1787 1558 καὶ
1807 1503 1993 1576 ἐντρέ-

409 1589 511 1659 ψαι
547 1589 830 1659 μειζόνως.
871 1588 1021 1642 Ἀλλ’
1053 1590 1165 1642 οὐκ
1207 1589 1591 1660 ἐχρησάμεθα
1631 1589 1710 1658 τῇ
1738 1589 1990 1658 ἐξουσίᾳ

409 1674 621 1742 ταύτῃ.
660 1672 972 1734 Τουτέστιν,
1007 1673 1121 1726 Οὐκ
1151 1672 1436 1744 ἐλάϐομεν.
1477 1673 1640 1744 Ὁρᾷς
1679 1672 1771 1728 διὰ
1805 1673 1989 1726 πόσων

410 1758 835 1821 κατασκευάσας
864 1756 1147 1830 πρότερον,
1183 1758 1265 1811 ὅτι
1311 1757 1373 1810 οὑ
1419 1757 1736 1829 παράνομον
1759 1757 1822 1810 τὸ
1848 1755 1988 1828 λαμ-

409 1843 621 1902 ϐάνειν,
649 1842 770 1897 τότε
798 1838 972 1906 εἶπεν,
1002 1842 1085 1896 δτι
1119 1843 1194 1895 Οὑ
1223 1841 1591 1912 λαμϐάνομεν,
1627 1842 1715 1895 ῖνα
1751 1842 1826 1913 μὴ
1862 1841 1988 1914 δόξῃ

407 1925 485 1990 ὡς
541 1925 927 1996 κεκωλυμένου
987 1925 1324 1995 ἀπέχεσθαι;
1376 1925 1452 1978 Οὑ
1504 1925 1635 1997 γάρ,
1669 1923 1859 1996 ἐπειδὴ
1914 1924 1988 1995 μὴ

409 2011 616 2076 ἔξεστι,
649 2010 840 2080 φησὶν,
891 2008 950 2062 οὐ
1004 2007 1297 2079 λαμϐάνω·
1344 2008 1520 2073 ἔξεστι
1550 2010 1680 2080 γὰρ,
1710 2009 1804 2062 καὶ
1833 2006 1990 2061 τοῦτο

410 2094 522 2150 ἀπὸ
548 2093 760 2147 πολλῶν
793 2090 1178 2161 ἀπεδείξαμεν,
1213 2091 1323 2144 ἀπὸ
1366 2091 1474 2146 τῶν
1510 2091 1846 2156 ἀποστόλων,
1881 2090 1990 2145 ἀπὸ

417 2180 522 2234 τῶν
552 2180 612 2232 ἐν
659 2177 758 2248 βίῳ
816 2175 1179 2247 πραγμάτων,
1228 2172 1322 2228 τοῦ
1377 2176 1708 2246 στρατιώτου
1759 2176 1854 2229 καὶ
1895 2173 1989 2228 τοῦ

417 2260 664 2332 γεωργοῦ
696 2261 788 2313 καὶ
821 2258 914 2311 τοῦ
942 2257 1216 2327 ποιμένος,
1244 2258 1351 2311 ἀπὸ
1377 2258 1471 2312 τοῦ
1492 2259 1657 2330 νόμου
1687 2258 1990 2324 Μωῦσέως,

414 2347 508 2400 ἀπ’
547 2345 718 2414 αὐτῆς
751 2341 843 2395 τοῦ
876 2342 1198 2412 πράγματος
1224 2342 1324 2413 τῆς
1352 2341 1587 2411 φύσεως,
1612 2343 1694 2396 ὅτι
1728 2342 1989 2413 ἐσπείρα·

415 2447 516 2501 μεν
547 2429 677 2498 ὑμῖν
703 2425 1067 2496 πνευματικά,
1100 2425 1193 2494 ἀφ’
1221 2418 1295 2479 ὧν
1311 2426 1471 2496 ὑμεῖς
1498 2426 1627 2498 περὶ
1646 2427 1774 2489 τοὺς
1801 2425 1992 2489 ἀλλους

414 2514 753 2582 πεποιήκατε
778 2527 791 2540 ·
831 2509 946 2564 ἀλλ’
976 2509 1184 2579 ὥσπερ,
1227 2510 1315 2562 ἵνα
1353 2508 1426 2580 μὴ
1455 2509 1583 2581 δόξῃ
1609 2508 1992 2579 καταισχύνειν

421 2597 545 2659 τοὺς
575 2594 906 2658 ἀποστόλους
933 2593 1059 2656 τοὺς
1102 2592 1500 2662 λαμϐάνοντας,
1525 2591 1702 2646 ταῦτα
1726 2592 1990 2658 τέθεικεν,

416 2680 694 2752 ἐντρέπων
745 2679 941 2741 αὑτοὺς
987 2677 1080 2729 καὶ
1107 2676 1340 2740 δεικνὺς,
1383 2677 1466 2729 ὅτι
1505 2677 1564 2730 οὐ
1609 2675 1992 2748 κεκωλυμένου

416 2766 748 2837 πράγματος
788 2762 1088 2832 ἀπέχεται·
1137 2761 1281 2814 οὑτω
1311 2761 1492 2826 πάλιν,
1533 2761 1622 2815 ἵνα
1664 2760 1738 2831 μὴ
1774 2761 1862 2814 διά
1895 2760 1995 2829 τῆς

417 2850 625 2919 πολλῆς
681 2847 1029 2916 κατασκευῆς
1081 2847 1177 2900 καί⁵
1215 2845 1324 2899 τῶν
1378 2845 1838 2917 παραδειγμάτων
1885 2845 1995 2899 τῶν

422 2934 657 2998 πολλῶν,
698 2933 765 2986 δι’
809 2924 883 2986 ὧν
916 2930 1117 2995 ἔδειξεν
1147 2930 1228 2983 ὅτι
1254 2929 1335 2982 δεῖ
1366 2928 1684 2998 λαμϐάνειν,
1720 2930 1844 3002 δόξῃ
1874 2931 1994 2983 ἐπι-

418 3020 604 3092 ζητεῖν
627 3019 690 3072 τὺ
711 3016 1008 3088 λαμϐάνειν
1037 3015 1133 3069 καὶ
1169 3013 1257 3068 διά
1281 3012 1439 3067 τοῦτο
1465 3013 1640 3068 ταῦτα
1667 3014 1866 3084 λέγειν,
1895 3014 1994 3086 ἡδη

418 3103 728 3177 διορθοῦται
763 3101 926 3156 αὑτό·
985 3101 1078 3154 καὶ
1107 3099 1440 3170 σαφέστερον
1475 3099 1575 3169 μὲν
1609 3097 1837 3169 ὕστερον
1865 3098 1999 3153 αὐτὸ

419 3189 689 3249 τέθεικεν,
744 3186 872 3240 ὅταν
916 3183 1052 3254 λέγῃ
1073 3197 1087 3212 ⁸
1142 3185 1264 3237 οὐκ
1293 3182 1529 3252 ἔγραψα
1557 3181 1626 3236 δὲ
1657 3183 1865 3240 ταῦτα.
1898 3184 2000 3236 ἵνα

419 3273 576 3328 οὕτω
603 3270 846 3338 γένηται
883 3269 953 3322 ἐν
979 3267 1140 3336 ἐμοί·
1179 3265 1414 3320 ἐνταῦθα
1441 3266 1502 3320 δέ
1530 3283 1719 3336 φησιν,
1753 3267 1838 3320 δτι
1876 3268 1998 3321 οὐκ

420 3355 807 3425 ἐχρησάμεθα
837 3351 912 3420 τῇ
939 3350 1190 3419 ἐξουσίᾳ
1222 3350 1432 3419 ταύτῃ.
1474 3352 1587 3404 Καὶ
1611 3351 1672 3404 τὸ
1697 3350 1762 3423 δὴ
1791 3347 1997 3422 μεῖζον,

423 3442 506 3495 δτι
525 3441 650 3494 οὑδέ
679 3441 856 3493 ἐκεῖνο
884 3437 996 3508 ἔχοι
1026 3453 1110 3500 τις
1141 3435 1208 3490 ἀν
1236 3437 1430 3500 εἰπεῖν,
1460 3437 1541 3490 ὃτι
1584 3435 2002 3508 Ἐνεὺρυχωρίᾳ

422 3526 578 3588 ὄντες
613 3524 715 3577 οὑκ
764 3520 1136 3592 ἐχρησάμεθα,
1170 3519 1306 3574 ἀλλά
1339 3519 1433 3572 καὶ
1461 3519 1708 3589 ἀνάγκης
1745 3535 2000 3572 κατεπει-

420 3608 650 3679 γούσης,
684 3606 784 3660 οὑκ
810 3605 1032 3676 εῖξαμεν
1061 3606 1128 3676 τῇ
1155 3604 1385 3675 ἀνάγκη·
1421 3603 1449 3656 ὃ
1474 3603 1567 3656 καὶ
1597 3605 1655 3656 ἐν
1683 3605 1747 3673 τῇ
1775 3601 2002 3674 δευτέρᾳ

421 3695 613 3765 φησίν·
640 3692 864 3756 Ἀλλας
898 3689 1263 3758 Ἑκκλησίας
1288 3687 1589 3754 ἐσύλησα,
1623 3687 1824 3740 λαϐὼν
1851 3685 2005 3754 ὀψώ-

422 3795 525 3833 νια
573 3778 725 3847 πρὸς
751 3775 869 3843 τὴν
917 3773 1084 3843 ὑμῶν
1125 3772 1461 3826 διακονίαν·
1490 3771 1588 3824 καί
1622 3770 1827 3839 παρὼν
1853 3771 2003 3840 πρὸς

424 3862 585 3933 ὑμᾶς
617 3859 717 3914 καὶ
756 3858 1130 3928 ὑστερηθεὶς,
1155 3858 1228 3910 οὐ
1269 3855 1690 3924 κατενάρκησα
1718 3853 1998 3920 οὐδενός·

422 3948 528 4002 καὶ
575 3948 634 3999 ἐν
679 3944 854 4018 ταύτῃ
901 3943 1085 3995 πάλιν·
1127 3939 1236 3995 Καὶ
1271 3939 1572 4008 πεινῶμεν
1606 3940 1704 3994 καὶ
1736 3939 2006 4009 διψῶμεν

428 4032 533 4086 καί
557 4031 1005 4100 τυμνητεύομεν
1036 4026 1136 4080 καὶ
1178 4024 1632 4095 κολαφιζόμεθα.
1664 4027 1774 4079 Καὶ
1819 4023 2006 4078 ἐνταῦ-

433 4115 508 4169 θα
545 4116 705 4169 πάλιν
732 4116 790 4168 τὺ
818 4112 952 4168 αὑτὸ
995 4110 1292 4167 αἰνίττεται
1346 4109 1544 4179 λέγων,
1584 4108 1760 4163 Ἀλλὰ
1810 4107 2007 4163 πάντα

429 4199 747 4269 στέγομεν.
782 4198 968 4256 Εἰπὼν
1016 4197 1145 4268 γάρ,
1189 4197 1272 4251 ὃτι
1314 4194 1518 4250 Πάντα
1569 4194 1880 4264 στέγομεν,
1915 4195 2006 4248 καί

427 4285 596 4352 λιμὸν
614 4283 904 4338 αἰνίττεται
927 4283 1023 4336 καὶ
1051 4280 1416 4352 στενοχωρίαν
1441 4277 1644 4349 πολλὴν
1667 4277 1761 4330 καὶ
1786 4277 1854 4331 τὰ
1877 4277 2009 4332 ἀλλα

425 4369 635 4422 πάντα.
671 4368 810 4421 Ἀλλ’
840 4367 964 4421 οὑδέ
994 4366 1167 4429 οὕτως
1195 4361 1642 4434 ἠναγκάσθημεν,
1667 4361 1820 4431 φησὶ,
1851 4361 2009 4415 λῦσαι

424 4454 524 4506 τὸν
554 4455 742 4523 νόμον,
781 4451 839 4504 ὃν
873 4452 1085 4514 ἑαυτοῖς
1111 4448 1457 4518 τεθείκαμεν.
1493 4445 1591 4500 Διά
1623 4445 1715 4512 τί;
1755 4445 1880 4499 Ἵνα
1921 4446 2007 4516 μὴ

425 4535 700 4603 ἐγκοπήν
723 4551 859 4588 τινα
886 4533 1081 4601 δῶμεν
1113 4529 1192 4596 τῷ
1229 4531 1557 4600 εὐαγγελίῳ
1591 4528 1697 4584 τοῦ
1726 4530 2006 4598 Χριστοῦ.

442 4619 669 4688 Ἐπειδὴ
710 4618 822 4688 γὰρ
849 4614 1239 4685 ἀσθενέστερον
1274 4612 1551 4686 Κορίνθιοι
1583 4613 1867 4675 διέκειντο,
1893 4614 2012 4668 Ἵνα

432 4703 514 4775 μὴ
546 4704 842 4774 πλήξωμεν
872 4701 1037 4771 ὑμᾶς,
1064 4697 1219 4768 φησί,
1241 4697 1627 4768 λαμϐάνοντες,
1645 4697 1898 4768 εἱλόμεθα
1919 4699 2012 4752 καὶ

430 4789 577 4859 ὑπὲρ
604 4787 672 4840 τά
701 4782 1102 4854 ἐπιτεταγμένα
1136 4785 1377 4852 ποιῆσαι,
1409 4780 1441 4851 ἢ
1479 4782 1721 4850 ἐγκοπήν
1748 4799 1869 4834 τινα
1896 4781 2014 4835 δοῦ-

429 4889 526 4925 ναι
557 4870 640 4941 τῷ
677 4867 1006 4938 εὐαγγελίῳ,
1053 4865 1324 4930 τουτέστι,
1368 4867 1434 4937 τῇ
1486 4867 1788 4938 κατηχήσει
1832 4867 2007 4937 ὑμῶν.

435 4956 502 5009 ει
535 4955 595 5011 δὲ
617 4956 799 5027 ἡμεῖς,
838 4951 936 5006 καὶ
979 4948 1445 5021 ἐπιτετραμμένον
1490 4949 1642 5019 ἡμῖν,
1669 4949 1765 5002 καί¹
1812 4949 2015 5021 πολλὴν

436 5039 745 5108 πάσχοντες
789 5035 930 5107 βίαν,
961 5035 1057 5089 καὶ
1089 5033 1418 5096 ἀποστόλους
1453 5032 1664 5102 ἔχοντες
1689 5034 2013 5105 ὑπόδειγμα,

434 5125 541 5178 οὑκ
563 5123 926 5193 ἐποιήσαμεν,
952 5120 1078 5173 Ἵνα
1112 5115 1198 5186 μὴ
1245 5115 1516 5187 ἐγκοπὴν
1546 5115 1741 5186 δῶμεν
1773 5118 1888 5189 (καὶ
1917 5119 2017 5172 οὐκ

439 5205 620 5270 εἶπεν,
679 5207 1014 5276 ἀνατροπὴν,
1057 5202 1170 5256 ἀλλ’
1201 5199 1521 5269 Ἑτκοπὴν,
1555 5201 1651 5254 καὶ
1697 5202 1794 5271 οὑχ
1831 5201 2018 5266 ἁπλῶς

442 5289 709 5362 ἐγκοπὴν,
756 5287 892 5352 ἀλλ’,
941 5285 1246 5356 Ἐγκοπήν
1279 5300 1431 5338 τινα·
1473 5284 1561 5338 ἵνα
1597 5284 1730 5355 μηδέ
1775 5284 1876 5354 τὴν
1924 5303 2018 5338 τυ-

444 5375 672 5446 χοῦσαν,
697 5372 773 5435 ὡς
796 5371 861 5426 ἂν
889 5370 1035 5423 εἴποι
1062 5385 1166 5433 τις,
1199 5368 1458 5439 μέλλησιν
1494 5369 1588 5421 καὶ
1616 5367 1884 5438 ἀναϐολὴν
1920 5369 1943 5420 ἐ
1953 5387 2020 5440 μ-

444 5458 768 5528 ποιήσωμεν
795 5455 872 5526 τῷ
907 5453 1091 5526 δρόμῳ
1129 5450 1222 5505 τοῦ
1277 5451 1492 5520 λόγου)·
1551 5451 1601 5504 εἰ
1638 5451 1818 5504 τοίνυν
1861 5454 2020 5523 ἡμεῖς

441 5541 690 5615 τοσαύτῃ
715 5537 1071 5612 ἐχρησάμεθα
1093 5539 1160 5608 τῇ
1193 5535 1418 5606 σπουδῇ,
1445 5535 1599 5606 φησὶ,
1636 5535 1786 5606 πόσῳ
1823 5537 2022 5606 μᾶλλον

446 5626 599 5696 ὑμᾶς
653 5626 780 5688 τοὺς
828 5625 924 5676 καὶ
966 5621 1102 5675 πολὺ
1157 5619 1266 5673 τῶν
1311 5619 1625 5672 ἀποστόλων
1673 5620 2018 5686 ἀποδέοντας,

449 5712 548 5765 καὶ
605 5709 728 5763 οὑδὲ
782 5708 947 5778 νόμον
999 5706 1220 5776 ἔχοντας
1272 5705 1448 5757 εἰπεῖν
1498 5703 1590 5756 τὸν
1637 5703 2020 5773 ἐπιτρέποντα,

519 5821 544 5844 Α
573 5813 1095 5877 Μοτοιημετά-πολλῆς
1115 5817 1196 5870 τῆς
1215 5810 1470 5872 αὑθεντίας,
1493 5806 1686 5860 omissis
1719 5810 2024 5872 interpositis

458 5893 570 5928 uuae
598 5880 648 5928 in
673 5875 794 5938 Reg.
840 5875 1100 5926 habentur.

1429 293 1498 350 IN
1533 293 1750 354 EPIST.
1790 295 1814 350 1
1867 295 1959 351 AD
1994 294 2154 353 COR.
2198 296 2440 356 HOMIL.
2483 297 2626 358 XXI.

3557 313 3662 366 17b

2089 413 2228 470 ἀλλά
2257 415 2352 471 καὶ
2394 415 2708 470 τούναντίον
2735 416 2845 471 τῶν
2888 420 3286 491 κεκωλυμένων
3328 422 3664 493 ἁπτομένους

2090 499 2186 554 καὶ
2217 499 2328 553 τῶν
2349 499 2444 552 ἐπὶ
2477 499 2651 573 βλάϐῃ
2687 501 2901 575 μεγάλῃ
2937 501 3032 557 τοῦ
3076 505 3416 573 εὐαγγελίου,
3447 508 3547 561 οὑκ
3576 510 3667 562 ἐπὶ

2086 581 2149 634 τὸ
2182 580 2255 652 μὴ
2313 582 2557 654 ἐγκοπὴν
2621 582 2784 653 μόνον
2837 583 3046 650 δοῦναι,
3091 587 3211 641 ἀλλ’
3258 588 3378 642 οὐδὲ
3423 589 3669 659 ἀνάγκην

2086 664 2329 734 ὁρῶντας
2382 665 2764 736 ἐπικειμένην,
2817 667 3118 738 ἀπέχεσθαι
3169 671 3279 737 δεῖς
3333 671 3534 725 Τοῦτον
3561 673 3670 744 γὰρ

2087 747 2308 801 ἅπαντα
2345 749 2439 802 τὸν
2469 749 2629 819 λόγον
2666 750 2734 804 δι’
2768 751 3012 816 ἐκείνους
3059 753 3280 823 ἐκίνησε
3305 756 3429 818 τοὺς
3454 755 3539 808 διὰ
3569 756 3670 826 τῆς

2090 829 2348 902 βρώσεως
2424 830 2535 886 τῶν
2603 833 2971 888 εἰδωλοθύτων
3039 836 3489 903 σκανδαλίζοντας
3545 838 3670 902 τοὺς

2088 915 2517 986 ἀσθενεστέρους
2543 916 2833 987 ἀδελφούς.

2159 999 2307 1072 [186]
2335 999 2522 1054 Ταῦτα
2554 1002 2612 1055 δέ
2645 1003 2740 1056 καὶ
2777 1004 2939 1075 ἡμεῖς
2993 1003 3306 1075 ἀκούωμεν,
3355 1006 3666 1078 ἀγαπητοί·

2087 1084 2174 1139 ἵνα
2209 1085 2283 1157 μὴ
2325 1086 2760 1157 καταφρονῶμεν
2797 1087 2909 1141 τῶν
2953 1087 3494 1160 σκανδαλιζομένων,
3535 1090 3671 1161 μηδέ

2085 1171 2333 1242 ἐγκοπήν
2352 1188 2476 1224 τινα
2512 1171 2859 1243 ποιῶμεντῷ
2907 1171 3214 1243 εὐαγγελίῳ
3253 1171 3347 1226 τοῦ
3387 1173 3626 1246 Χριστοῦ
3653 1190 3669 1206 ·

2088 1253 2175 1307 ῖνα
2217 1255 2293 1326 μὴ
2321 1255 2662 1326 προδιδῶμεν
2689 1257 2790 1326 τὴν
2816 1255 3095 1325 ἡμετέραν
3125 1255 3421 1326 σωτηρίαν.
3450 1257 3542 1328 Μὴ
3567 1258 3673 1329 γάρ

2091 1355 2181 1408 μοι
2213 1337 2360 1407 λέγε,
2399 1339 2529 1392 ὅταν
2557 1337 2982 1410 σκανδαλίζηται
3014 1341 3042 1392 6
3075 1338 3324 1408 ἀδελφὸς,
3356 1340 3439 1392 ὅτι
3473 1341 3547 1394 Οὑ
3576 1357 3672 1393 κε-

2088 1419 2406 1475 κώλυταιτὸ
2433 1421 2527 1474 καὶ
2546 1422 2627 1486 τὸ,
2656 1422 2744 1491 ἐφ’
2765 1414 2809 1489 ᾧ
2837 1420 3272 1485 σκανδαλίζεται,
3302 1423 3396 1475 καὶ
3424 1424 3505 1476 ὅτι
3528 1425 3674 1491 ἐφεῐο

2087 1522 2200 1560 ται.
2251 1504 2393 1574 Ἐγὼ
2422 1507 2532 1577 γάρ
2565 1523 2646 1560 σοι
2691 1505 2917 1576 μείζονα
2954 1505 3136 1574 λέγω,
3181 1507 3265 1560 ὅτι
3311 1508 3414 1560 κᾶν
3453 1507 3616 1570 αὑτὸς
3644 1509 3675 1561 6

2089 1588 2325 1660 Χριστὸς
2350 1589 2731 1661 ἐπιτετραφὼς
2773 1585 2832 1662 ᾖ,
2866 1591 2984 1663 ῖδῃς
3010 1590 3067 1644 δέ
3102 1607 3225 1644 τινα
3273 1589 3670 1659 βλαπτόμενον,

2089 1673 2314 1744 ἐπίσχες
2343 1672 2438 1728 καὶ
2468 1673 2541 1745 μὴ
2575 1674 2754 1749 χρήσῃ
2788 1676 2854 1744 τῇ
2891 1675 3183 1745 ἐπιτροπῇ.
3220 1673 3400 1728 Τοῦτο
3440 1675 3548 1746 γάρ
3580 1677 3675 1728 καὶ

2090 1756 2300 1822 Παῦλος
2333 1758 2610 1828 ἐποίησεν,
2643 1757 2765 1823 ἐξὸν
2791 1757 2977 1811 λαϐεῖν
3012 1757 3247 1829 Χριστοῦ
3281 1760 3686 1830 συγχωρήσαν-’

2089 1856 2203 1904 τος,
2233 1841 2309 1911 μὴ
2345 1839 2545 1894 λαϐών.
2594 1841 2704 1894 Καὶ
2735 1839 2846 1912 γάρ
2881 1840 3267 1910 φιλάνθρωπος
3296 1839 3371 1894 ὢν
3413 1842 3442 1894 ὁ
3471 1839 3676 1894 Δεσπό-

2089 1940 2208 1994 της,
2249 1923 2447 1995 πολλὴν
2477 1927 2588 1988 τοῖς
2633 1925 3006 1995 ἐπιτάγμασιν
3050 1924 3315 1995 ἐκέρασεν
3359 1925 3675 1995 ἡμερότητα

2089 2012 2202 2071 τοῖς
2228 2006 2415 2069 αὑτοῦ,
2449 2008 2536 2061 ἵνα
2569 2007 2646 2078 μὴ
2685 2008 2846 2076 μόνον
2876 2007 2935 2071 ἐξ
2960 2008 3252 2077 ἐπιταγῆς,
3288 2007 3429 2061 ἀλλὰ
3480 2007 3574 2060 καὶ
3616 2006 3677 2072 ἐξ

2090 2093 2295 2156 οἰκείας
2326 2093 2496 2146 πολλά
2538 2091 2782 2163 ποιῶμεν
2822 2091 3068 2162 γνώμης.
3109 2091 3220 2144 Καὶ
3263 2090 3372 2160 γὰρ
3418 2089 3673 2160 ἠδύνατο,

2091 2178 2140 2231 εἰ
2195 2176 2271 2247 μὴ
2307 2177 2466 2230 τοῦτο
2511 2175 2781 2239 ἐϐούλετο,
2826 2175 3027 2245 μᾶλλον
3062 2175 3330 2227 ἐπιτεῖναι
3372 2175 3440 2231 τὰ
3483 2172 3676 2226 ἐπιτά-

2092 2277 2298 2331 γματα,
2317 2263 2408 2314 καὶ
2428 2261 2623 2314 εἰπεῖν·
2637 2260 2698 2312 '0
2717 2259 2792 2330 μὴ
2818 2259 2996 2311 διόλου
3016 2275 3079 2329 νη
3090 2257 3320 2318 στεύων,
3343 2256 3672 2320 κολαζέσθω·

2092 2343 2121 2396 6
2151 2343 2227 2414 μὴ
2268 2343 2641 2414 παρθενεύων,
2667 2341 3039 2413 τιμωρείσθω·
3071 2343 3099 2394 6
3128 2341 3202 2412 μὴ
3236 2342 3412 2396 πάντα
3445 2339 3675 2395 ἀποδυό-

2097 2445 2256 2499 μενος
2279 2426 2347 2480 τά
2371 2427 2518 2489 ὄντα,
2557 2427 2714 2497 δίκην
2751 2425 2942 2479 διδότω
2969 2426 3068 2494 τὴν
3104 2426 3365 2496 ἐσχάτην.
3408 2424 3547 2477 ’Δλλδ
3577 2425 3678 2478 οὑκ

2093 2513 2319 2584 ἐποίησε
2343 2513 2532 2576 τοῦτο,
2567 2512 2652 2565 σοὶ
2691 2511 2968 2582 παρέχων,
2999 2512 3049 2564 εἰ
3081 2510 3426 2581 βουληθείης,
3469 2512 3678 2578 φιλοτι-

2098 2598 2336 2668 μεῖσθαι.
2370 2596 2470 2651 Διά
2491 2597 2648 2650 τοῦτο
2674 2597 2767 2650 καὶ
2795 2598 2882 2650 ὅτε
2913 2596 3041 2666 περὶ
3061 2594 3361 2668 παρθενίας
3383 2594 3674 2662 διελέγετο,

2095 2681 2279 2750 ἔλεγεν
2305 2699 2320 2714 ·
2367 2682 2429 2735 '0
2462 2681 2798 2750 δυνάμενος
2843 2680 3088 2749 χωρεῖν,
3128 2679 3414 2748 χωρείτω·
3450 2679 3544 2730 καὶ
3585 2680 3678 2733 ἐπὶ

2093 2765 2190 2818 τοῦ
2224 2765 2481 2820 πλουσίου
2515 2764 2584 2818 τά
2636 2765 2734 2835 μὲν
2781 2763 3031 2827 ἐπέταξε,
3080 2763 3152 2816 τὰ
3195 2763 3251 2818 δέ
3305 2762 3572 2832 ἐπέτρεψε
3609 2766 3676 2835 τῇ

2096 2854 2315 2925 ἐξουσία
2343 2856 2442 2925 τῆς
2489 2853 2750 2917 διανοίας.
2812 2854 2888 2907 υὺ
2943 2852 3054 2922 γάρ
3090 2847 3250 2911 εἷπε,
3299 2851 3560 2920 Πώλησον
3609 2851 3680 2904 τὰ

2098 2938 2430 3008 ὑπάρχοντα,
2458 2937 2594 3000 ἀλλ’,
2615 2939 2680 2990 Εἰ
2702 2936 2897 3002 θέλεις
2919 2934 3150 3001 τέλειος
3172 2931 3345 2998 εἶναι,
3363 2933 3674 3001 πώλησον.

2111 3022 2251 3076 Ἀλλ’
2285 3024 2444 3092 ἡμεῖς
2474 3022 2536 3074 οὐ
2580 3024 2741 3092 μόνον
2774 3022 2834 3073 οὑ
2871 3018 3303 3090 φιλοτιμούμεθα
3345 3018 3464 3071 οὑδέ
3508 3019 3678 3088 ὑπερ-

2099 3104 2354 3176 ϐαίνομεν
2385 3105 2455 3157 τά
2485 3103 2903 3174 προστάγματα,
2923 3103 3059 3156 ἀλλά
3081 3103 3176 3156 καὶ
3208 3101 3302 3155 τοῦ
3338 3101 3538 3172 μέτρου
3569 3100 3680 3154 τῶν

2099 3188 2499 3242 κελευσθέντων
2530 3188 2734 3260 σφόδρα
2777 3185 3289 3257 ἀπολιμπανόμεθα.
3327 3185 3437 3238 Καὶ
3470 3182 3680 3247 Παῦλος

2104 3274 2204 3344 μὲν
2238 3271 2564 3344 ἐλίμωττεν,
2608 3271 2694 3324 ἵνα
2742 3271 2816 3344 μὴ
2855 3270 3096 3342 ἐγκοπὴν
3137 3268 3214 3339 τῷ
3248 3268 3550 3340 εὐαγγελίῳ
3583 3267 3676 3338 δῷ·

2101 3356 2262 3426 ἡμεῖς
2304 3355 2360 3408 δέ
2397 3355 2516 3408 οὑδέ
2548 3353 2658 3407 τῶν
2689 3353 3072 3424 ἀποκειμένων
3113 3353 3243 3422 ἡμῖν
3287 3351 3528 3420 ἅψασθαι
3557 3351 3680 3404 τολ-

2107 3441 2318 3512 μῶμεν,
2352 3438 2552 3510 μυρίας
2576 3439 2812 3510 ὁρῶντες
2833 3438 3283 3509 ἀνατρεπομένας
3303 3435 3502 3506 ψυχάς.
3525 3436 3684 3506 Τρω-

2102 3524 2249 3593 γέτω
2280 3523 2411 3595 γάρ,
2439 3524 2624 3594 φησὶν,
2656 3523 2684 3575 ὁ
2717 3523 2836 3594 σὴς,
2873 3523 2968 3576 καὶ
3005 3522 3080 3594 μὴ
3130 3521 3389 3592 τρωγέτω
3420 3523 3448 3574 6
3488 3521 3679 3589 πένης·

2101 3607 2440 3662 κατεσθιέτω
2458 3609 2486 3661 ὁ
2507 3606 2743 3678 σκώληξ,
2763 3609 2857 3660 καὶ
2877 3607 2950 3677 μὴ
2977 3604 3388 3679 περιϐαλλέσθω
3402 3606 3431 3657 6
3453 3605 3679 3676 γυμνός·

2102 3690 2474 3746 ἀναλισκέσθω
2505 3691 2682 3744 πάντα
2712 3688 2792 3760 τῷ
2838 3691 3037 3761 χρόνῳ,
3088 3690 3185 3744 καὶ
3225 3690 3301 3762 μὴ
3341 3689 3627 3762 τρεφέσθω
3654 3691 3685 3743 6

2102 3774 2360 3847 Χριστὸς,
2391 3771 2684 3827 καὶταῦτα
2715 3771 2936 3826 πεινῶν.

2176 3859 2286 3912 Καὶ
2307 3857 2392 3921 τίς
2417 3856 2575 3911 τοῦτο
2613 3851 2734 3908 εἶπε
2759 3874 2774 3922 ;
2801 3856 2954 3926 φησί.
2990 3855 3164 3910 Τοῦτο
3195 3856 3305 3927 γάρ
3333 3858 3450 3911 ἐστι
3480 3855 3680 3926 σφόδρα

2103 3941 2166 3995 τὸ
2203 3940 2396 4006 δεινὸν,
2452 3940 2534 3992 ὅτι
2578 3941 2679 3993 οὑκ
2723 3939 2782 3992 ἐν
2833 3941 2945 4001 τοῖς
2982 3939 3259 4008 ῥήμασιν,
3304 3939 3419 3992 ἀλλ’
3467 3940 3524 3993 ἐν
3569 3941 3684 4001 τοῖς

2105 4025 2393 4096 πράγμασι
2446 4023 2615 4076 ταῦτα
2664 4023 2905 4092 λέγεται.
2971 4023 3081 4074 Καὶ
3133 4020 3243 4090 γὰρ
3289 4017 3452 4093 ἦττον
3506 4020 3572 4073 ἂν
3614 4016 3682 4091 ἦν

2105 4109 2275 4163 δεινὸν
2303 4107 2398 4160 ἐπὶ
2430 4107 2540 4160 τῶν
2568 4105 2830 4177 ῥημάτων
2852 4104 3166 4173 λεγόμενον,
3190 4103 3223 4172 ἢ
3253 4104 3345 4155 ἐπὶ
3377 4102 3486 4156 τῶν
3507 4102 3683 4172 ἔργων

2106 4193 2410 4262 γινόμενον.
2446 4184 2522 4243 Ἥ
2545 4190 2655 4260 γάρ
2684 4190 2744 4242 οὑ
2775 4188 2950 4242 ταῦτα
2988 4186 3087 4257 βοᾷ
3120 4185 3242 4239 καθ’
3275 4185 3512 4256 ἑκάστην
3543 4186 3682 4256 ἡμέ⁹

2109 4277 2264 4346 ρανὴ
2301 4272 2670 4345 ἀπάνθρωπος
2707 4272 2800 4325 καὶ
2832 4271 2958 4341 ὠμὴ
2985 4271 3263 4340 τυραννὶς,
3293 4270 3326 4340 ἡ
3353 4268 3687 4340 φιλαργυρία

2107 4360 2221 4420 τοῖς
2247 4357 2418 4427 αὑτῆς
2439 4353 2837 4426 αἰχμαλώτοις;
2867 4351 3182 4425 Προκείσθω
3207 4353 3300 4406 καὶ
3322 4352 3686 4420 συκοφάνταις

2111 4443 2205 4496 καὶ
2229 4441 2454 4513 λῃσταῖς
2485 4439 2578 4494 καὶ
2614 4436 2919 4502 ἐπιϐούλοις
2957 4436 3096 4507 πρὸς
3122 4435 3333 4507 τρυφὴν
3366 4436 3394 4476 b
3443 4436 3511 4490 τά
3553 4433 3687 4506 ὑμέ-

2110 4543 2266 4596 τερα,
2295 4525 2388 4578 καὶ
2432 4523 2506 4595 μὴ
2537 4524 2649 4585 τοῖς
2679 4520 2903 4574 πεινῶσι
2951 4519 3083 4590 μηδέ
3115 4522 3230 4584 τοῖς
3266 4520 3542 4590 δεομένοις
3573 4519 3688 4573 δια-

2110 4610 2306 4680 τροφή.
2336 4607 2411 4661 Οὑ
2445 4610 2554 4678 γὰρ
2591 4607 2748 4676 ὑμεῖς
2783 4607 2984 4658 ποιεῖτε
3024 4604 3151 4668 τοὺς
3193 4603 3431 4676 λῃστάς;
3475 4603 3533 4656 οὑ
3579 4601 3687 4674 γάρ
3733 4599 3745 4615 ’

2114 4693 2272 4763 ὑμεῖς
2305 4691 2383 4761 τῷ
2408 4691 2542 4761 πυρὶ
2573 4689 2683 4742 τῶν
2715 4689 2999 4758 βασκάνων
3037 4686 3307 4757 παρέχετε
3351 4688 3591 4757 τροφὴν;
3623 4685 3686 4738 οὑ

2113 4774 2222 4847 γάρ
2239 4775 2396 4846 ὑμεῖς
2419 4776 2621 4827 ποιεῖτε
2641 4772 2767 4835 τοὺς
2784 4770 3056 4843 δραπέτας
3081 4771 3174 4823 καὶ
3200 4773 3324 4834 τοὺς
3348 4769 3686 4831 ἐπιϐούλους,

2115 4859 2367 4930 καθάπερ
2413 4859 2605 4928 δέλεαρ
2650 4857 2833 4919 αὑτοῖς
2877 4855 2967 4908 τὸν
3024 4855 3287 4924 ὑμέτερον
3344 4853 3688 4925 προτιθέντες

2117 4943 2385 5009 πλοῦτον;
2416 4943 2500 5005 τίς
2527 4944 2560 5011 ἡ
2595 4941 2763 5010 μανία
2792 4938 2966 5008 αῦτη;
3010 4938 3190 4990 Μανία
3223 4937 3331 5008 γὰρ
3373 4938 3464 4990 καὶ
3514 4953 3688 5008 παρα-

2118 5027 2318 5098 πληξία
2347 5024 2544 5095 σαφὴς,
2571 5023 2640 5074 τά
2664 5022 2761 5091 μὲν
2790 5019 3020 5074 κιϐώτια
3044 5020 3214 5090 μεστά
3238 5021 3470 5091 ἱματίων
3493 5023 3688 5085 ποιεῖν,

2117 5113 2208 5165 τὸν
2233 5111 2290 5164 δέ
2316 5108 2436 5162 κατ’
2460 5106 2644 5160 εἰκόνα
2671 5104 2806 5158 Θεοῦ
2835 5105 3128 5176 γενόμενον
3153 5105 3246 5158 καὶ
3271 5105 3396 5158 καθ’
3411 5105 3689 5175 ὁμοίωσιν,

2118 5193 2324 5264 γυμνὸν
2353 5191 2448 5245 καὶ
2479 5189 2752 5262 τρέμοντα
2783 5190 2888 5243 ὑπὸ
2916 5188 3011 5242 τοῦ
3042 5190 3255 5260 κρυμοῦ
3286 5191 3567 5260 περιορᾷν,
3596 5187 3691 5241 καὶ

2123 5277 2275 5348 μόλις
2319 5272 2672 5346 ὀρθούμενον.
2733 5272 2894 5326 Ἀλλά
2938 5273 3357 5343 προφασίζεται,
3403 5271 3556 5341 φησὶ,
3598 5269 3692 5322 τὸν

2118 5361 2320 5430 τρόμον
2370 5357 2464 5412 καὶ
2513 5357 2612 5428 τὴν
2667 5357 2972 5410 ἀσθένειαν.
3028 5352 3160 5408 Εἶτα
3209 5356 3270 5408 οὑ
3322 5355 3564 5415 δέδοικας
3614 5353 3690 5423 μὴ

2123 5442 2364 5511 σκηπτὸς
2400 5440 2603 5494 ἀνωθεν
2636 5439 2744 5492 ἀπὸ
2773 5438 2866 5490 τοῦ
2909 5439 3148 5506 ῥήματος
3191 5436 3452 5505 ἀναφθείς
3496 5435 3689 5490 τούτου

2123 5526 2456 5598 κατενεχθῇ;
2486 5524 2888 5595 διαρρἡνυμαι
2915 5522 3023 5591 γάρ
3059 5521 3163 5572 ὑπὸ
3201 5519 3298 5573 τοῦ
3337 5520 3530 5591 θυμοῦ·
3563 5520 3690 5592 σύγ-

2121 5628 2316 5682 γνωτε,
2353 5611 2425 5663 Σὺ
2460 5609 2555 5679 μὲν
2583 5609 2691 5678 γὰρ
2719 5603 3144 5676 γαστριζόμενος
3194 5605 3289 5658 καὶ
3324 5605 3690 5674 πιαινόμενος,

2124 5695 2220 5749 καὶ
2247 5695 2325 5757 εἰς
2355 5693 2592 5764 ἑσπέραν
2611 5691 2829 5760 βαθεῖαν
2857 5687 2948 5740 τὸν
2972 5686 3132 5740 πότον
3155 5691 3517 5760 παρατείνων,
3543 5687 3690 5761 [187]

2127 5779 2220 5835 καὶ
2255 5777 2518 5849 μαλακοῖς
2556 5773 2955 5843 ἐνθαλπόμενος
2997 5769 3330 5844 στρώμασιν,
3381 5776 3479 5829 οὐκ
3521 5773 3693 5840 ἀξιοῖς

2194 5869 2220 5910 δ
2247 5870 2392 5934 1103.,
2415 5867 2530 5933 πρὸς
2565 5867 2755 5930 τρυφήν.
2801 5863 2952 5925 Edili,
2991 5866 3106 5930 πρὸς
3131 5868 3321 5931 τροφήν.
