4086 6214
449 275 549 330 1ἷῖ

442 385 623 442 δοῦναι
651 384 829 455 δίκην,
862 383 1006 439 οὑτω
1051 385 1383 455 παρανόμως
1424 385 1539 447 τοῖς
1575 382 1670 437 τοῦ
1713 383 1848 437 Θεοῦ
1878 378 2019 453 χρὼ-

445 486 603 541 μενος
629 467 821 539 δώροις
854 468 994 540 (οὑδέ
1031 470 1139 537 γάρ
1186 467 1274 520 ἵνα
1315 466 1624 537 μεθύωμεν,
1648 468 1677 519 ὀ
1709 460 1871 530 οἶνος·
1907 463 2017 517 οὐδ’

441 555 529 608 ἵνα
558 551 1053 623 γαστριζώμεθα,ή
1077 548 1248 621 τροφὴ
1276 550 1519 618 γέγονεν’
1542 550 1651 603 οὐδ’
1679 549 1764 603 ἵνα
1786 547 2025 603 διασπῶ-

444 652 543 707 μεν
571 634 671 707 τὴν
720 634 983 703 γαστέρα,
1035 634 1105 687 τά
1156 632 1345 702 σιτία)·
1400 633 1491 687 τὸν
1528 634 1587 688 δὲ
1637 633 1882 704 πένητα,
1930 630 2023 685 τὸν

439 718 645 783 ἄθλιον,
676 718 767 771 τὸν
803 717 954 771 οὐδὲν
988 715 1212 786 ἄμεινον
1252 717 1450 789 νεκροῦ
1490 717 1864 787 διακείμενον,
1898 714 2024 769 τοῦ-

439 821 532 858 τον
564 800 789 865 εύθύνας
818 802 1070 863 ἀπαιτεῖς
1099 801 1371 872 ἀκριϐεῖς,
1407 803 1502 855 καὶ
1545 803 1607 855 οὑ
1653 800 1897 864 δέδοικας
1931 801 2023 854 τοῦ

438 885 676 957 Χριστοῦ
702 884 764 937 τὸ
789 884 1137 955 δικαστήριον
1164 884 1227 938 τὸ
1266 884 1495 955 φρικτὸν
1530 885 1706 938 ἐκεῖνο
1738 885 1833 939 καὶ
1863 884 2026 953 φοϐε-

443 970 569 1041 ρόν;
595 969 706 1021 Kal
720 968 830 1039 γάρ
859 969 908 1021 εί
935 969 1311 1040 ὑποκρίνεται,
1333 968 1390 1035 ἐξ
1408 969 1655 1037 ἀνάγκης
1673 968 2025 1039 ὑποκρίνεται

439 1054 535 1108 καί¹
562 1052 770 1116 ἐνδείας
804 1051 893 1105 διά
917 1051 1017 1124 τὴν
1044 1052 1307 1123 ὠμότητα
1334 1051 1432 1123 τὴν
1462 1051 1560 1121 σὴν
1588 1054 1683 1106 καὶ
1711 1051 1811 1123 τὴν
1853 1052 2026 1105 ἀπαν-

439 1136 685 1207 θρωπίαν
715 1136 814 1209 τὴν
839 1136 1098 1191 τοιούτων
1126 1136 1389 1209 δεομένην
1414 1136 1797 1209 προσωπείων,
1824 1136 1924 1207 τὴν
1949 1136 2023 1207 μὴ

440 1220 824 1292 ἐπικλωμένην
860 1221 995 1293 πρὸς
1027 1220 1196 1275 ἔλεον.
1242 1221 1338 1283 Τίς
1365 1219 1475 1292 γάρ
1511 1220 1683 1283 οὑτως
1711 1219 1895 1283 ἄθλιος
1931 1220 2027 1273 καὶ

438 1303 806 1374 ταλαίπωρος,
834 1303 908 1365 ὡς
938 1304 1209 1376 μηδεμιᾶς
1230 1303 1478 1375 ἀνάγκης
1503 1302 1864 1374 ἐπικειμένης
1885 1302 2026 1375 ὑπὲρ

442 1387 560 1453 ἐνὸς
585 1388 749 1459 άρτου
774 1386 1000 1441 τοιαῦτα
1020 1388 1351 1458 ἀσχημονεῖν
1368 1387 1463 1441 καὶ
1475 1387 1875 1442 κόπτεσθαικαὶ
1898 1403 2027 1440 τοσ-

440 1474 613 1544 αύτην
642 1472 935 1543 ὑπομένειν
984 1472 1170 1539 δίκην;
1198 1472 1361 1525 Ὥστε
1387 1471 1728 1545 ήὺπόκρισις
1760 1474 1793 1543 ἡ
1817 1472 2026 1526 ἐκείνου

442 1558 543 1626 τῆς
573 1557 673 1624 σῆς
698 1554 1097 1625 ἀπανθρωπίας
1128 1555 1477 1626 περιέρχεται
1508 1556 1806 1626 γιγνομένη
1830 1554 2023 1625 κῆρυξ.

455 1640 672 1711 Ἐπειδὴ
700 1638 809 1710 γὰρ
835 1639 1098 1693 ἱκετεύων
1128 1640 1221 1693 καὶ
1238 1639 1487 1709 λιπαρῶν
1510 1640 1603 1693 καὶ
1622 1637 1833 1692 ἐλεεινά
1852 1638 2029 1709 προϊέ-

408 1754 415 1767 -
447 1741 608 1789 μενος
638 1724 880 1795 ῥήματα,
927 1725 1021 1776 κα)⁸
1050 1723 1377 1794 ὀδυρόμενος
1406 1722 1500 1776 καὶ
1529 1721 1779 1793 δακρύων
1825 1722 1919 1775 καὶ
1960 1720 2029 1773 δι’

444 1808 572 1878 ὅλης
596 1806 826 1878 περιιὼν
863 1807 963 1877 τῆς
996 1806 1232 1877 ἡμέρας,
1256 1805 1378 1859 οὑδὲ
1407 1806 1508 1876 τῆς
1532 1805 1837 1878 ἀναγκαίας
1864 1804 2030 1857 εὑπο-

445 1872 778 1961 ρεῖτροφῆς,
805 1872 1256 1958 ἐπενόησεν-ἴσως
1284 1889 1380 1943 καὶ
1406 1872 1605 1959 ταύτην
1634 1872 1731 1959 τὴν
1754 1872 2028 1959 μηχανὴν,

443 1976 545 2028 οὑκ
580 1974 773 2045 ἐκείνῳ
802 1972 1095 2041 τοσαύτην,
1120 1973 1255 2043 ὅσην
1286 1973 1390 2037 σοὶ,
1421 1972 1696 2044 φέρουσαν
1724 1972 1821 2042 τὴν
1855 1974 2029 2041 ἀσχη-

446 2059 690 2131 μοσύνην
707 2059 802 2112 καὶ
826 2059 924 2130 τὴν
940 2058 1297 2129 κατηγορίαν.
1331 2058 1571 2121 Ἐκεῖνος
1598 2058 1695 2129 μὲν
1727 2060 1836 2128 γὰρ
1857 2058 2029 2110 ἐλεεῖ-

446 2143 571 2196 σθαι
609 2141 835 2206 δίκαιος,
868 2143 953 2194 ὅτι
1008 2142 1086 2205 εἰς
1134 2140 1406 2211 τοσαύτην
1444 2141 1709 2213 κατῆλθεν
1748 2142 2027 2211 ἀνάγκην·

443 2227 610 2297 ἡμεῖς
634 2225 692 2279 δὲ
727 2224 936 2296 μυρίων
978 2223 1119 2291 ἄξιοι
1151 2223 1460 2295 τιμωριῶν,
1496 2226 1579 2278 ὅτι
1623 2225 1749 2287 τοὺς
1793 2224 2032 2294 πένητας

443 2310 667 2365 τοιαῦτα
698 2309 994 2382 βιαζόμεθα
1034 2309 1283 2378 πάσχειν.
1315 2308 1377 2361 Et
1406 2308 1515 2380 γάρ
1543 2308 1601 2375 ἐξ
1633 2307 1880 2372 εὐκολίας
1904 2310 2032 2361 ἐπε-

446 2393 727 2465 κλὼμεθα,
758 2394 858 2449 οὑκ
883 2394 949 2448 ἀν
976 2408 1104 2446 ποτε
1129 2391 1305 2445 εἵλετο
1333 2394 1541 2458 ἐκεῖνος
1570 2391 1792 2446 τοιαῦτα
1821 2393 2029 2462 ὑπομέο

445 2495 578 2533 νειν.
615 2479 725 2532 Καὶ
757 2478 811 2532 τί
840 2477 984 2547 λέγω
1003 2475 1284 2547 γύμνωσιν
1303 2477 1398 2530 καὶ
1421 2476 1622 2548 τρόμον
1642 2493 1656 2540 ;
1685 2476 1761 2529 Τὸ
1785 2477 1893 2547 γὰρ
1911 2475 2033 2530 τού-

444 2578 537 2615 του
564 2560 1001 2632 φρικωδέστερον
1018 2558 1147 2627 ἐρῶ,
1165 2559 1249 2611 ὅτι
1270 2559 1365 2612 καὶ
1384 2558 1581 2623 παῖδας
1605 2560 2032 2631 ἡναγκάσθησαν

446 2664 522 2719 πη
533 2645 703 2719 ρῶσαί
727 2662 871 2708 τινες
898 2644 1076 2715 ἄωρον
1094 2645 1328 2712 ἀγοντας
1346 2643 1584 2715 ἡλικίαν,
1610 2644 1702 2697 ἵνα
1717 2646 1815 2715 τῆς
1835 2644 2033 2716 ἡμετέ-

449 2748 550 2802 ρας
578 2727 937 2799 ἀναισθησίας
963 2727 1317 2783 καθίκωνται.
1356 2729 1573 2798 Ἐπειδὴ
1603 2730 1711 2799 γὰρ
1742 2729 2033 2799 βλέποντες

447 2814 542 2866 καὶ
574 2812 773 2881 γυμνοὶ
825 2811 1164 2881 περιιόντες,
1206 2809 1328 2864 οὑτε
1369 2812 1477 2865 ἀπὸ
1514 2814 1611 2882 τῆς
1650 2811 1866 2880 ἡλικίας
1908 2810 2031 2865 οὔτε

448 2895 556 2950 ἀπὸ
577 2896 677 2966 τῆς
704 2896 988 2966 συμφορᾶς
1016 2894 1397 2947 ἐπεσπάσαντο
1426 2896 1550 2956 τοὺς
1580 2895 1847 2965 ἀνηλεεῖς,
1866 2910 2035 2964 προσ-

449 2980 655 3052 έθηκαν
689 2981 799 3043 τοῖς
840 2977 1116 3042 τοσούτοις
1162 2980 1352 3042 κακοῖς
1401 2977 1594 3049 ἑτέραν
1646 2977 2034 3048 χαλεπωτέραν

448 3063 778 3137 τραγῳδίαν,
817 3063 906 3117 ἵνα
935 3062 1137 3117 λύσωσι
1175 3062 1268 3115 τὸν
1309 3061 1485 3133 λιμὸν,
1520 3062 1850 3134 κουφότερον
1895 3058 2035 3115 εἶναι

449 3149 765 3219 νομίζοντες
798 3146 1208 3219 ἀπεστερῆσθαι
1254 3144 1349 3199 τοῦ
1400 3145 1581 3198 κοινοῦ
1623 3143 1815 3198 τούτου
1854 3145 2033 3214 φωτὸς

450 3233 675 3305 καὶτῆς
704 3234 841 3285 πᾶσι
887 3231 1180 3303 δεδομένης
1224 3230 1462 3292 ἀκτῖνος,
1519 3229 1551 3300 ἢ
1599 3228 1742 3300 λιμῷ
1783 3229 2035 3282 παλαίειν

450 3318 692 3391 διηνεκεῖ
712 3316 805 3370 καὶ
836 3315 926 3369 τὸν
942 3316 1213 3369 οἴκτιστον
1238 3313 1531 3383 ὑπομένειν
1550 3312 1797 3367 θάνατον.
1815 3312 2036 3384 Ἐπειδὴ

453 3402 564 3474 γάρ
592 3402 652 3455 οὑ
690 3400 879 3454 πενίαν
907 3399 1141 3470 ἐμάθετε
1171 3396 1363 3458 ἐλεεῖν,
1394 3395 1531 3449 ἀλλά
1562 3396 1859 3465 τέρπεσθαι
1892 3414 2027 3468 συμ-

454 3488 670 3558 φοραῖς,
690 3483 988 3555 πληροῦσιν
1006 3482 1159 3554 ὑμῶν
1175 3482 1276 3552 τὴν
1293 3480 1587 3552 ἀκόρεστον
1608 3480 1923 3551 ἐπιθυμίαν.
1943 3480 2037 3535 καὶ

455 3572 666 3632 ἑαυτοῖς
688 3570 781 3621 καὶ
804 3568 933 3638 ὑμῖν
958 3576 976 3597 ³
995 3564 1389 3636 χαλεπωτέραν
1409 3563 1509 3634 τῆς
1532 3565 1756 3636 γεέννης
1777 3565 2039 3618 ἀνάπτον·

454 3672 545 3717 τες
571 3655 668 3723 τὴν
695 3651 888 3721 φλόγα.
921 3649 1030 3703 Καὶ
1064 3650 1150 3703 ἵνα
1191 3649 1400 3719 μάθητε
1435 3649 1516 3702 ὅτι
1549 3649 1636 3701 διὰ
1678 3648 1834 3701 τοῦτο
1867 3647 2039 3701 ταῦτα

456 3737 666 3805 γίνεται
688 3735 784 3787 καὶ
811 3733 878 3787 τὰ
900 3732 1145 3797 τοιαῦτα,
1173 3734 1476 3803 τεκμήριον
1518 3732 1648 3803 ὑμῖν
1677 3730 2038 3802 ὡμολογημέ-

458 3837 547 3874 νον
575 3818 706 3890 ἐρῶ,
738 3817 875 3888 πρὸς
900 3816 929 3871 ὀ
959 3815 1145 3888 μηδεὶς
1167 3816 1402 3888 ἀντερεῖ.
1435 3816 1589 3869 Είσὶν
1610 3814 1787 3885 ἕτεροι
1810 3816 2039 3885 πένητες

457 3902 649 3972 κοῦφοι
675 3901 768 3954 καὶ
805 3901 1069 3971 μετέωροι
1099 3899 1196 3963 τὰς
1216 3899 1413 3970 ψυχὰς,
1440 3899 1534 3952 καὶ
1558 3899 1659 3951 οὑκ
1697 3897 1899 3962 εἰδότες
1938 3898 2038 3967 φέ-

459 4006 575 4061 ρειν
601 3987 778 4059 λιμὸν.
804 3985 940 4040 ἀλλὰ
960 3985 1137 4039 πάντα
1165 3986 1383 4056 μᾶλλον,
1408 3984 1440 4054 ἥ
1470 3982 1628 4037 τοῦτο
1651 3982 2037 4053 ὑπομένοντες.

458 4068 618 4128 Οὗτοι
648 4069 907 4135 πολλάκις
931 4070 1058 4140 ὑμῖν
1086 4069 1336 4131 ἐλεεινοῖς
1363 4069 1455 4121 καὶ
1480 4069 1722 4138 σχήμασι
1746 4067 1837 4120 καὶ
1863 4067 2041 4137 ῥήμα-

461 4173 543 4211 σιν
581 4155 915 4226 ἐντυχόντες,
961 4154 1147 4223 ἐπειδὴ
1176 4154 1330 4208 οὐδὲν
1376 4151 1591 4222 ῶνησαν
1623 4151 1723 4214 τὰς
1760 4151 2041 4223 ἱκετηρίας

458 4240 687 4310 ἀφέντες
742 4237 972 4300 ἐκείνας,
1024 4236 1151 4298 τοὺς
1198 4234 1638 4305 θαυματοποιοὺς
1682 4234 1813 4299 ὑμῖν
1853 4233 2038 4287 λοιπὸν

460 4325 805 4397 παρήλασαν,
831 4324 879 4377 οί
920 4321 1018 4392 μὲν
1053 4320 1300 4392 δέρματα
1329 4318 1692 4388 ὑποδημάτων
1722 4318 2039 4389 μασώμενοι

460 4408 870 4481 πεπονηκότων,
890 4407 941 4459 οἰ
962 4405 1017 4457 δὲ
1036 4405 1175 4457 κατά
1191 4403 1290 4473 τῆς
1317 4403 1559 4473 κεφαλῆς
1583 4401 1746 4472 ἥλους
1764 4403 1907 4467 ὀξεῖς
1927 4403 2039 4455 δια-

462 4494 763 4564 πείροντες,
792 4491 968 4560 ἕτεροι
1005 4488 1311 4557 πεπηγόσιν
1343 4486 1528 4539 ύδασιν
1562 4485 1669 4539 ὑπὸ
1692 4486 1787 4539 τοῦ
1825 4486 2037 4557 κρυμοῦ

461 4578 640 4647 γυμνῇ
688 4577 753 4644 τῇ
791 4576 991 4640 γαστρὶ
1039 4569 1524 4640 προσομιλοῦντες,
1581 4568 1730 4622 ἄλλοι
1772 4569 1828 4621 δὲ
1874 4570 2038 4639 ἕτερα

461 4656 783 4727 ἀτοπώτερα
811 4652 1014 4707 τούτων
1049 4652 1430 4721 ὑπομένοντες,
1474 4652 1560 4704 ἵνα
1591 4651 1651 4703 τὸ
1680 4651 1914 4723 πονηρὸν
1943 4669 2040 4704 πε-

464 4741 761 4816 ριστήσωσι
792 4736 1037 4807 θέατρον.

535 4831 607 4890 ς’,
643 4823 715 4876 Σὺ
742 4822 820 4887 δὲ,
855 4819 1062 4874 τούτων
1091 4817 1413 4889 γινομένων,
1444 4818 1680 4888 ἕστηκας
1725 4817 1897 4885 γελῶν
1946 4820 2039 4873 καὶ

469 4905 781 4977 θαυμάζων,
812 4905 905 4960 καὶ
930 4903 1303 4976 ἐμπομπεύων
1326 4906 1439 4967 τοῖς
1483 4902 1684 4971 ἐτέρων
1710 4905 1918 4966 κακοῖς,
1940 4906 2039 4974 τῆς

464 4992 648 5057 κοινῆς
675 4988 830 5060 [188]
863 4987 1078 5058 φύσεως
1109 4986 1544 5060 ἀσχημονούσης.
1569 4985 1677 5040 Kal
1717 4985 1768 5039 τί
1786 4985 1945 5039 πλέον
1974 4987 2042 5041 ἂν

463 5072 756 5145 ἐργάσαιτο
772 5070 978 5124 τούτων
1008 5069 1217 5141 δαίμων
1242 5073 1467 5141 ἄγριος;
1493 5065 1625 5125 Εἶτα
1658 5069 1742 5124 ἵνα
1768 5069 2039 5142 προθυμό-

463 5173 620 5228 τερον
658 5155 857 5226 ποιήσῃ
888 5153 1060 5206 ταῦτα
1081 5195 1096 5218 ,
1140 5152 1525 5224 δαψιλέστερον
1565 5153 1723 5217 δίδως
1753 5154 2035 5225 ἀργύριον.

464 5242 574 5295 Καὶ
594 5239 670 5310 τῷ
698 5239 794 5309 μὲν
818 5238 1096 5309 εὑχομένῳ
1123 5237 1219 5289 καὶ
1236 5236 1326 5290 τὸν
1346 5238 1478 5290 Θεὸν
1504 5238 1778 5301 καλοῦντι,
1802 5242 1893 5293 καὶ
1921 5240 2039 5310 μετ’

465 5323 765 5388 ἐπιεικείας
806 5321 1086 5391 προσιόντι
1121 5320 1264 5383 οὑδὲ,
1298 5321 1688 5391 ἀποκρίνεσθαι
1721 5324 1888 5390 ἀξιοῖς
1920 5324 2041 5377 οὑδέ

465 5407 754 5477 ἐμϐλέψαι,
797 5405 933 5460 ἀλλά
976 5406 1071 5460 καί⁹
1115 5404 1184 5458 τὰ
1227 5404 1460 5475 φορτικά
1500 5406 1683 5457 ἐκεῖνα
1714 5407 1849 5476 πρὸς
1877 5406 2039 5460 αὑτὸν

467 5491 680 5565 φθέγγῃ
710 5492 949 5562 ῥήματα.
981 5491 1109 5544 ὅταν
1135 5490 1373 5560 συνεχῶς
1417 5488 1678 5561 ἐνοχλήσει
1697 5507 1709 5520 ·
1747 5491 1949 5544 Τοῦτον
1984 5491 2040 5544 δὲ

465 5572 549 5625 δεῖ
568 5572 699 5642 ζῇνς
729 5574 984 5629 ἀναπνεῖν
1006 5575 1062 5628 δὲ
1091 5576 1252 5640 ὅλως,
1288 5573 1321 5643 ἦ
1353 5573 1445 5625 τὸν
1469 5573 1617 5642 ἥλιον
1652 5573 1842 5627 τοῦτον
1869 5574 2038 5645 ὁρῴη

468 5655 605 5725 πρὸς
636 5656 710 5708 δὲ’
741 5658 980 5719 ἐκείνους
1030 5659 1123 5711 καὶ
1170 5656 1393 5726 φαιῖρὸς
1448 5656 1543 5709 καὶ
1593 5657 1891 5726 φιλότιμος,
1945 5656 2040 5712 ἅτε

468 5737 810 5807 ἀγωνοθέτης
841 5757 924 5801 τις
952 5739 1026 5794 ῶν
1064 5745 1162 5811 τῆς
1186 5738 1592 5808 καταγελάστου
1626 5741 1718 5794 καὶ
1749 5738 2043 5811 σατανικῆς

526 5835 546 5858 ⁸
569 5835 713 5897 Rogo,
735 5837 815 5883 mi
837 5836 967 5897 ἡμῖν.

1070 243 1083 261 ⁸
1173 267 1232 325 s.
1275 264 1564 325 JOANNIS
1601 260 2097 323 CHRYSOS'I‘OMI
2138 262 2457 327 ABCIIIEP.
2495 265 3053 330 consumma

2125 382 2513 460 ἀσχημοσύνης
2538 388 2771 457 ἐκείνης.
2794 386 2885 439 Διὸ
2906 385 3001 439 καὶ
3026 381 3389 451 εὐλογώτερον
3419 379 3551 450 πρὸς
3573 384 3699 445 τοὺς

2125 468 2368 535 τιθέντας
2396 476 2523 537 τοὺς
2571 473 2789 543 ἀγῶνας
2827 471 3071 533 τούτους,
3108 467 3202 520 καὶ
3233 466 3307 538 μὴ
3348 464 3699 535 προϊεμένους

2126 554 2292 622 μηδὲν
2316 555 2423 619 ἓως
2447 556 2513 610 ἂν
2546 557 2696 609 ἴδωσι
2720 554 3116 622 κολαζομένους
3144 551 3391 621 ἐτέρους,
3422 548 3597 602 ταῦτα
3637 550 3701 601 ἂν

2124 636 2337 709 λεχθείη
2382 639 2450 693 τὰ
2506 642 2748 711 ῥήμαται
2783 641 2892 708 Ζῇν
2927 638 2986 690 δέ
3040 635 3267 699 τούτους
3292 674 3305 696 ,
3344 636 3605 687 ἀναπνεῖν
3650 634 3702 686 δέ

2124 721 2295 785 ὂλως;
2322 722 2415 776 τὸν
2439 722 2497 775 δὲ
2528 724 2679 795 ἥλιον
2711 721 2899 775 τοῦτον
2927 722 3059 792 ὀρᾷν
3092 720 3220 781 τοὺς
3267 719 3346 781 εἰς
3391 718 3490 787 τὴν
3520 718 3703 786 κοινὴν

2125 803 2582 876 παρανομοῦντας
2609 805 2793 875 φύσιν,
2823 805 2951 866 τοὺς
2972 805 3053 867 εἰς
3079 802 3170 855 τὸν
3189 801 3321 854 Θεὸν
3348 799 3703 871 ὑϐρίζοντας;

2125 889 2235 941 Καὶ⁸
2266 889 2361 943 τοῦ
2403 888 2502 960 μὲν
2536 889 2672 943 Θεοῦ
2711 889 2963 956 λέγοντος
2984 926 2998 948 ,
3027 886 3125 949 Δὸς
3168 883 3561 954 ἐλεημοσύνην,
3610 884 3706 934 καὶ

2124 970 2316 1041 δίδωμί
2367 989 2450 1025 σοι
2491 971 2770 1042 βασιλείαν
2814 969 3101 1041 οὐρανῶν,
3142 969 3243 1021 οὑκ
3292 969 3564 1038 ἤκουσας·
3608 965 3707 1018 τοῦ

2123 1053 2371 1108 διαϐόλου
2402 1056 2458 1109 δὲ
2488 1055 2730 1125 κεφαλὴν
2758 1054 3154 1126 καθηλωμένην
3190 1051 3529 1115 δεικνύντος,
3563 1049 3707 1113 ἐξαί-

2127 1154 2264 1207 φνης
2294 1138 2572 1209 φιλότιμος
2600 1138 2833 1207 γέγονας
2858 1155 2871 1167 ·
2921 1138 3015 1190 καὶ
3064 1135 3265 1207 μᾶλλον
3309 1133 3631 1204 ἐπέκαμψεν
3670 1134 3705 1201 ἡ

2121 1218 2217 1272 τοῦ
2247 1221 2484 1291 πονηροῦ
2508 1221 2763 1291 δαίμονος
2802 1223 3021 1292 μηχανὴ
3053 1219 3320 1289 τοσαύτην
3354 1219 3554 1289 ἔχουσα
3582 1217 3710 1287 βλά-

2127 1304 2312 1376 6ην,ἧ
2358 1307 2391 1375 ἡ
2431 1305 2525 1359 τοῦ
2558 1306 2697 1359 Θεοῦ
2750 1306 3046 1376 ὑπόσχεσις
3092 1304 3257 1376 μυρία
3304 1303 3607 1367 κομίζουσα
3638 1302 3710 1354 τά

2126 1388 2330 1457 ἀγαθά·
2358 1389 2499 1455 δέον,
2549 1390 2599 1443 εἱ
2628 1392 2722 1443 καὶ
2751 1390 2972 1460 χρυσίον
3001 1387 3329 1441 καταϐαλεῖν
3362 1386 3531 1457 ἐχρῆν
3567 1386 3709 1456 ὑπὲρ

2124 1474 2220 1529 τοῦ
2250 1472 2426 1528 ταῦτα
2464 1473 2539 1544 μὴ
2569 1473 2839 1543 γίνεσθαι,
2886 1472 3022 1543 μηδέ
3047 1472 3310 1543 γινόμενα
3342 1472 3495 1542 ὀρᾷν,
3528 1470 3708 1523 πάντα

2129 1560 2302 1612 ποιεῖν
2331 1558 2426 1611 καὶ
2456 1557 2776 1627 ὑπομένειν,
2805 1556 2946 1611 ὥστε
2980 1557 3188 1611 ἀνελεῖν
3219 1557 3318 1627 τὴν
3347 1555 3548 1627 πολλὴν
3575 1554 3710 1608 ταύ-

2126 1661 2228 1713 την
2259 1643 2495 1714 μανίανο
2543 1644 2701 1715 ὑμεῖς
2734 1644 2792 1697 δὲ
2840 1644 2982 1714 ὑπὲρ
3037 1641 3132 1695 τοῦ
3178 1643 3272 1695 καὶ
3318 1641 3565 1710 γίνεσθαι
3613 1640 3710 1693 καὶ

2129 1727 2390 1797 γινόμενα
2429 1729 2562 1800 ὀρᾷν
2585 1769 2601 1790 ,
2633 1728 2809 1783 πάντα
2838 1729 3042 1780 ποιεῖτε
3089 1727 3184 1780 καὶ
3228 1724 3709 1797 πραγματεύεσθε.

2133 1812 2254 1865 Ἔτι
2287 1809 2381 1865 οὖν
2428 1813 2659 1883 ἐρωτᾷς,
2716 1811 2840 1865 εἰπέ
2883 1828 2993 1882 μοι,
3043 1810 3134 1865 διά
3176 1810 3228 1864 τί
3269 1810 3498 1878 γέεννα;
3549 1808 3715 1861 ’Λλλά

2133 1895 2332 1966 μηκέτι
2377 1896 2537 1949 τοῦτο
2588 1894 2789 1967 ἐρώτα,
2823 1895 2959 1948 ἀλλά
2997 1894 3129 1959 πῶς-
3165 1895 3263 1965 μία
3312 1894 3509 1963 γέεννα
3549 1892 3711 1963 μόνη.

2134 1979 2320 2032 Πόσων
2372 1978 2480 2051 γάρ
2513 1978 2614 2031 οὑκ
2668 1978 2810 2044 ἄξιοι
2861 1978 3139 2033 κολάσεων
3168 1972 3312 2031 οὗτοι
3366 1978 3416 2030 οί
3460 1976 3520 2029 τὸ
3560 1974 3717 2045 ὠμὸν

2130 2060 2289 2115 τοῦτο
2308 2063 2402 2115 καὶ
2430 2061 2637 2132 ἀπηνὲς
2668 2061 3097 2133 συγκροτοῦντες
3120 2060 3366 2132 θέατρον,
3390 2059 3484 2112 καὶ
3505 2058 3711 2127 γελῶν-

2129 2160 2223 2208 τες
2249 2144 2334 2215 ἐφ’
2359 2139 2437 2208 οἷς
2465 2143 2722 2216 δακρύειν
2749 2144 2856 2198 ἔδει
2882 2144 3170 2207 κάκείνους
3197 2144 3289 2197 καὶ
3316 2143 3459 2213 ὑμᾶς
3479 2140 3713 2206 αὑτούς;

2134 2226 2334 2298 μᾶλλον
2366 2227 2424 2282 δέ
2454 2229 2599 2299 ὑμᾶς
2619 2229 2744 2293 τοὺς
2769 2228 2838 2282 τὰ
2859 2228 3087 2282 τοιαῦτα
3110 2228 3519 2295 ἀναγκάζοντας
3548 2226 3718 2295 ἀσχη-

2134 2313 2316 2381 μονεῖν
2341 2329 2357 2379 ;
2388 2311 2525 2365 Ἀλλ’
2546 2312 2646 2366 οὑκ
2668 2311 2986 2381 ἀναγκάζω,
3017 2312 3175 2382 φησι,
3202 2310 3325 2374 Πῶς
3354 2311 3452 2364 οὐκ
3473 2310 3718 2377 ἀναγκά-

2133 2394 2268 2461 ζεις,
2298 2396 2418 2451 είπέ
2449 2412 2561 2467 μοι,
2589 2398 2701 2459 τοῖς
2728 2394 2828 2467 μὲν
2847 2395 3280 2466 ἐπιεικεστέροις
3302 2394 3394 2447 καὶ
3421 2392 3718 2464 δακρύουσι

2134 2479 2230 2534 καὶ
2280 2478 2376 2533 τὸν
2409 2478 2541 2533 Θεὸν
2580 2478 2994 2550 παρακαλοῦσιν
3034 2479 3158 2532 οὑδὲ
3197 2478 3485 2549 προσέχειν
3519 2475 3716 2545 ἀνεχό-

2136 2576 2315 2633 μενος⁶
2347 2562 2561 2626 τούτοις
2608 2562 2666 2615 δὲ
2720 2563 2814 2615 καὶ
2854 2561 3118 2633 ἀργύριον
3164 2561 3418 2632 παρέχων
3460 2558 3714 2628 δαψιλὲς,

2133 2650 2225 2703 καὶ
2259 2648 2485 2713 πολλοὺς
2514 2647 2811 2720 περιιστῶν
2836 2650 2961 2712 τοὺς
2994 2647 3406 2718 θαυμάζοντας
3440 2645 3550 2698 Καὶ
3574 2644 3715 2697 ἀπο-

2134 2734 2368 2805 στῶμεν,
2404 2735 2591 2804 φησὶν,
2624 2733 2901 2797 ἐλεοῦντες
2935 2732 3156 2797 αὑτούς,
3189 2731 3300 2785 Kal
3338 2730 3401 2783 σὺ
3440 2727 3597 2782 τοῦτο
3623 2744 3716 2779 κε-

2133 2816 2337 2881 λεύεις;
2371 2818 2485 2871 Ούκ
2506 2817 2623 2871 ἐστι
2648 2817 2808 2870 τοῦτο
2837 2815 3025 2880 ἐλεεῖν,
3056 2815 3328 2886 ἄνθρωπε,
3355 2813 3418 2867 τὸ
3446 2811 3716 2882 τοσαύτην

2135 2902 2387 2955 ἀπαιτεῖν
2410 2901 2567 2971 δίκην
2597 2901 2738 2971 ὑπὲρ
2765 2899 2961 2968 ὀλίγων
2980 2898 3202 2962 ὀϐολῶν,
3226 2897 3288 2951 τὸ
3312 2895 3552 2951 κελεύειν
3571 2894 3718 2964 ὑπὲρ

2134 2985 2438 3052 ἀναγκαίας
2492 2982 2935 3039 κατακόπτεσθαι
2983 2984 3211 3054 τροφῆς,
3266 2979 3361 3034 καὶ
3413 2981 3493 3042 εἱς
3544 2977 3717 3032 πολλὰ

2133 3068 2439 3140 διατέμνειν
2466 3068 2566 3139 τῆς
2598 3066 2843 3138 κεφαλῆς
2866 3066 2967 3136 τῆν
2997 3064 3160 3137 δορὰν
3188 3062 3331 3118 οὑτω
3374 3060 3589 3134 πικρῶς
3624 3063 3720 3115 καὶ

2135 3152 2406 3216 ἐλεεινῶς.
2461 3152 2737 3223 Εὐφήμει,
2774 3151 2960 3222 φησίν·
2997 3150 3059 3203 οὑ
3113 3148 3222 3220 γὰρ
3254 3149 3417 3218 ἡμεῖς
3464 3148 3633 3215 ἐσμεν
3664 3145 3719 3197 οἱ

2135 3236 2233 3299 τὰς
2261 3235 2503 3305 κεφαλάς
2532 3234 2896 3305 καθηλοῦντες
2937 3234 3173 3297 ἐκείνας.
3215 3232 3342 3288 Εῖθε
3374 3230 3460 3284 σύο
3494 3230 3591 3284 καὶ⁵
3616 3229 3716 3281 οὑκ

2137 3316 2205 3391 ἦν
2236 3320 2378 3374 οὕτω
2405 3320 2576 3375 δεινὸν
2608 3319 2670 3373 τὸ
2710 3320 2902 3373 δεινόν.
2946 3318 3004 3373 '0
3036 3318 3146 3389 γάρ
3183 3317 3433 3388 σφάττων
3461 3313 3582 3368 τινὰ
3621 3311 3717 3366 τοῦ

2138 3404 2449 3469 κελεύοντος
2470 3404 2661 3458 ἐαυτὸν
2679 3402 2934 3474 σφάττειν
2953 3402 3132 3472 πολλῷ
3147 3399 3524 3471 χαλεπώτερον
3549 3398 3716 3450 ποιεῖ·

2136 3489 2165 3543 ὂ
2193 3489 2258 3560 δὴ
2288 3489 2386 3543 καὶ
2408 3489 2502 3541 ἐπὶ
2530 3487 2738 3542 τούτων
2774 3486 3083 3558 συμϐαίνει.
3118 3487 3227 3542 Καὶ
3253 3484 3363 3556 γὰρ
3388 3481 3716 3555 δριμυτέρας

2141 3572 2470 3642 ὑπομένουσι
2497 3571 2595 3637 τάς
2616 3570 2827 3635 ὀδύνας,
2855 3572 2984 3624 ὅταν
3013 3570 3109 3623 καὶ
3134 3569 3430 3641 αὐτουργοὶ
3455 3565 3713 3620 κελεύων⁸

2137 3675 2226 3709 ται
2258 3656 2501 3725 γίνεσθαι
2531 3655 2640 3709 τῶν
2670 3653 2926 3726 πονηρῶν
2954 3653 3160 3707 τούτων
3184 3652 3594 3721 ἐπιταγμάτων,
3620 3650 3715 3702 καὶ

2139 3738 2309 3793 ταῦτα
2365 3742 2422 3792 ἐν
2485 3739 2819 3809 Ἀντιοχείᾳ,
2871 3738 2930 3791 ἐν
3066 3737 3285 3809 πρῶτον
3337 3733 3715 3805 ἐχρημάτισαν

2140 3825 2486 3896 Χριστιανοὶ,
2532 3817 2658 3896 ἐνῇ
2713 3822 2972 3876 ἁπάντων
3027 3820 3326 3892 ἀνθρώπων
3373 3815 3712 3888 ἡμερώτεροι

2138 3910 2446 3979 γεγόνασιν,
2478 3910 2537 3962 ἐν
2644 3908 2810 3970 πολὺς
2836 3906 2938 3976 τῆς
2971 3904 3337 3978 ἐλεημοσύνης
3382 3903 3444 3954 τὸ
3484 3899 3713 3953 παλαιὸν

2138 3995 2312 4063 ἐκόμα
2354 3992 2583 4064 καρπός.
2618 3992 2754 4045 Οὑδὲ
2801 3991 2911 4062 γὰρ
2961 3992 3073 4053 τοῖς
3107 3986 3335 4059 παροῦσι
3369 3986 3548 4057 μόνον,
3578 3982 3715 4038 ἀλλὰ

2140 4075 2231 4127 καὶ
2257 4076 2370 4138 τοῖς
2400 4071 2681 4145 πόρρωθεν
2710 4071 2958 4140 ἔπεμπον
2989 4071 3054 4124 ἐκ
3104 4066 3300 4122 πολλοῦ
3355 4064 3452 4119 τοῦ
3494 4065 3709 4135 διαστή-

2142 4174 2331 4227 ματος,
2367 4157 2463 4211 καὶ
2516 4154 2688 4210 ταῦτα
2739 4153 2899 4224 λιμοῦ
2944 4151 3096 4225 [189]
3141 4148 3610 4222 προσδοκωμένου.
3650 4147 3714 4200 Τί

2138 4236 2233 4295 οῦν
2282 4240 2363 4294 δεῖ
2416 4242 2630 4303 ποιεῖν;
2671 4239 2837 4307 φησί’
2889 4236 2999 4307 Τῆς
3041 4236 3138 4307 μὲν
3168 4232 3460 4305 θηριωδίας
3510 4230 3713 4293 ταύτης

2140 4325 2484 4392 καθυφεῖναι,
2520 4324 2706 4374 πεῖσαι
2734 4321 2791 4374 δέ
2834 4321 2960 4382 τοὺς
2992 4318 3282 4388 δεομένους
3313 4316 3574 4379 ἅπαντας,
3627 4314 3713 4366 ὅτι

2136 4407 2311 4462 ταῦτα
2363 4407 2460 4478 μὲν
2508 4406 2786 4467 ποιοῦντες
2830 4404 2982 4457 οὑδέν
3024 4403 3321 4474 λήψονται,
3371 4399 3625 4462 ἐπιεικῶς
3656 4397 3714 4449 δὲ

2138 4492 2471 4563 προσιόντες,
2494 4489 2696 4558 πολλῆς
2723 4487 3120 4543 ἀπολαύσονται
3139 4487 3241 4557 τῆς
3267 4484 3597 4556 φιλοτιμίας.
3616 4483 3715 4534 ’Λν

2137 4576 2195 4629 δὲ
2234 4573 2404 4627 ταῦτα
2435 4571 2667 4644 μάθωσι,
2709 4572 2812 4625 κᾶν
2840 4572 3055 4624 πάντων
3086 4563 3217 4623 ὦσιν
3244 4568 3585 4638 ἀθλιώτεροι,
3617 4565 3715 4635 οὑχ

2138 4658 2453 4729 αἱρήσονται
2497 4653 2752 4708 οὐδέποτε
2804 4653 3025 4707 τοιαῦτα
3077 4651 3439 4716 κολάζεσθαι,
3483 4647 3596 4717 ἐγὼ
3624 4650 3715 4715 ἐγ-

2137 4744 2379 4813 γυῶμαι·
2413 4741 2548 4795 ἀλλά
2578 4743 2671 4793 καὶ
2700 4741 2861 4811 χάριν
2898 4741 3027 4809 ὑμῖν
3071 4740 3331 4801 εἴσονται,
3370 4737 3452 4789 ὅτι
3487 4734 3583 4787 καὶ¹
3619 4732 3715 4785 τοῦ

2137 4827 2373 4897 γέλωτος
2406 4827 2500 4880 καὶ
2527 4825 2626 4895 τῆς
2653 4825 2844 4894 ὀδύνης
2875 4824 3072 4885 αὑτούς
3101 4820 3445 4890 ἀπηλλάξατε
3477 4817 3714 4887 ἐκείνης.

2208 4912 2322 4966 Νῦν
2356 4911 2409 4964 δέ
2450 4911 2590 4982 ὑπὲρ
2616 4909 2716 4981 μὲν
2751 4909 2985 4978 ἡνιόχων
3014 4906 3109 4960 καὶ
3140 4906 3332 4968 παῖδας
3364 4903 3430 4957 ἂν
3471 4901 3714 4972 ἐκδοίητε

2135 4999 2263 5062 τοὺς
2298 4996 2620 5067 ὑμετέρους,
2665 4995 2758 5046 κει)⁵
2805 4994 2943 5063 ὑπὲρ
2991 4991 3274 5063 ὀρχηστῶν
3316 4989 3409 5042 καὶ
3439 4987 3611 5051 αὑτὰς
3648 4988 3715 5040 ἂν

2139 5079 2393 5152 πρόοισθε
2418 5080 2511 5140 τάς
2535 5077 2712 5147 ψυχάς
2735 5092 2747 5104 ·
2785 5075 2925 5146 ὑπὲρ
2945 5075 2999 5129 δέ
3022 5075 3114 5129 τοῦ
3134 5073 3372 5145 Χριστοῦ
3399 5071 3712 5133 πεινῶντος,

2137 5162 2259 5217 οὑδέ
2279 5162 2340 5213 τὸ
2373 5161 2662 5214 πολλοστὸν
2694 5159 2793 5228 τῆς
2837 5159 3025 5222 οὐσίας
3060 5158 3316 5228 προΐεσθε
3350 5158 3537 5227 μέρος*
3576 5153 3715 5208 ἀλλά

2135 5246 2202 5300 ἂν
2234 5245 2414 5313 ὀλίγον
2441 5244 2577 5297 δῶτε
2624 5244 2907 5314 ἀργύριον,
2954 5243 3028 5306 ὼς
3076 5242 3137 5294 τὸ
3190 5243 3296 5296 πᾶν
3344 5240 3713 5299 ἐκτετικότες.

2136 5330 2275 5382 οὓτω
2302 5328 2599 5388 διάκεισθε,
2642 5328 2742 5379 οὑκ
2781 5326 2980 5390 εἰδότες
3014 5327 3097 5380 ὅτι
3139 5326 3200 5378 οὑ
3235 5325 3295 5378 τδ
3328 5323 3533 5387 δοῦναι,
3576 5321 3714 5375 ἀλλά

2136 5412 2198 5466 τὸ
2261 5423 2400 5480 μετα
2448 5408 2727 5478 δαψιλείας
2782 5409 2998 5474 δοῦναι,
3056 5409 3214 5462 τοῦτο
3277 5407 3512 5480 μάλιστά
3566 5409 3714 5460 ἐστιν

2138 5492 2494 5564 ἐλεημοσύνη.
2544 5493 2642 5546 Διά
2672 5493 2827 5546 τοῦτο
2866 5493 2959 5546 καὶ
3004 5496 3033 5547 ὀ
3075 5495 3363 5565 προφήτης
3391 5493 3451 5545 οὑ
3481 5492 3609 5553 τοὺς
3636 5490 3712 5543 διο

2135 5580 2324 5639 δόντας
2348 5576 2534 5641 ἁπλῶς
2564 5577 2925 5648 ἀνακηρύττει
2956 5579 3047 5631 καὶ
3081 5576 3392 5648 μακαρίζει,
3426 5574 3562 5628 ἀλλά
3588 5577 3713 5636 70-3;

2139 5662 2386 5731 ἀφθόνως
2417 5661 2773 5732 παρέχοντας.
2800 5662 2874 5715 Οὑ
2905 5662 3015 5733 γάρ
3039 5661 3224 5724 ἁπλῶς
3256 5655 3712 5724 εἷπεν,Ἔδωκεν,

2140 5745 2278 5801 ἀλλά
2319 5745 2470 5809 πῶς;
2511 5745 2920 5814 'onc’pmasr,
2969 5744 3152 5797 ἔδωκε
3203 5742 3329 5806 τοῖς
3374 5739 3619 5804 πένησι.
3648 5737 3712 5789 Τί

2142 5830 2250 5895 γὰρ
2275 5825 2484 5894 ὄφελος,
2519 5828 2646 5883 ὅταν
2674 5828 2915 5883 πλουτῶν
2958 5827 3208 5883 τοσοῦτον
3241 5826 3363 5900 δῷς,
3391 5826 3514 5879 ὅσον
3534 5825 3602 5879 ἀν
3627 5835 3710 5885 τις
