4086 6214
385 304 486 356 177

375 421 600 473 nitatem
649 423 706 469 et
747 410 1002 467 saevitiam
1061 417 1200 462 tuam
1230 447 1244 469 ,
1303 421 1422 474 qua:
1469 400 1768 473 hujusmodi
1817 413 1950 467 opus

371 511 546 565 habet
590 506 770 570 larvis,
821 517 938 574 qua:
985 515 1090 555 non
1135 499 1366 554 flectitur
1406 497 1470 550 ad
1514 491 1953 550 misericordiam.

373 604 510 671 Quis
535 602 675 656 enim
706 598 841 653 adeo
867 597 1030 651 miser
1057 603 1140 650 est
1168 603 1220 648 et
1248 591 1444 656 infelix,
1471 598 1527 644 ut
1553 589 1696 644 nulla
1729 589 1958 642 instante

373 695 703 752 necessitate
728 706 826 762 pro
853 706 960 745 uno
991 703 1125 758 pane
1151 696 1256 741 tam
1285 684 1534 740 indecore
1561 696 1619 738 se
1645 690 1813 752 gerat,
1842 677 1960 750 pul-

371 797 546 848 setur,
585 794 640 840 et
667 795 844 837 tantas
870 780 1124 836 sustineat
1162 777 1385 846 poenas?
1415 775 1559 828 Illius
1591 775 1764 842 itaque
1791 772 1956 826 simu-

371 881 506 935 latio
549 857 741 933 circuit
786 874 1224 931 inbumanitatem
1265 880 1409 925 tuam
1458 868 1773 940 pratdicans.
1825 865 1956 931 Quia

371 973 520 1025 enim
549 970 888 1039 supplicans,
919 966 1206 1020 obsecrans
1227 1005 1241 1028 ,
1271 971 1326 1017 et
1351 960 1673 1015 miserabilia
1709 959 1958 1014 emittens

369 1063 562 1128 verba,
594 1063 912 1123 lamentans,
947 1057 1248 1128 lacrymans
1278 1065 1332 1109 et
1360 1068 1453 1123 per
1479 1062 1640 1106 totam
1678 1051 1817 1104 diem
1853 1050 1957 1103 cir-

369 1158 639 1220 cumiens,
670 1169 739 1209 ne
765 1151 1123 1208 necessarium
1151 1149 1366 1218 quidem
1395 1148 1595 1200 invenit
1621 1145 1953 1208 alimentum,

371 1249 516 1304 hanc
551 1248 778 1300 fortasse
810 1243 1056 1298 technam
1085 1240 1436 1310 excogitavit,
1467 1253 1585 1308 quae
1617 1251 1721 1290 non
1752 1243 1953 1289 tantum

368 1343 470 1405 illi,
514 1349 773 1411 quantum
815 1337 908 1392 tibi
947 1335 1100 1390 affert
1145 1334 1376 1389 dedecus
1413 1340 1466 1386 et
1503 1329 1774 1400 probrum.
1814 1328 1955 1382 Illius

368 1436 516 1490 enim
545 1442 603 1487 ut
639 1432 988 1486 misereamus
1027 1442 1238 1497 aequum
1267 1435 1366 1488 est,
1398 1423 1518 1494 quia
1549 1423 1601 1477 in
1635 1430 1831 1476 tantam
1865 1435 1951 1474 re-

367 1527 561 1582 dactus
592 1532 674 1579 est
722 1521 1093 1577 necessitatem
1129 1537 1142 1573 :
1173 1533 1272 1573 nos
1318 1533 1444 1571 vero
1488 1516 1636 1572 mille
1681 1513 1954 1584 suppliciis

368 1617 514 1687 digni
540 1659 554 1681 ,
585 1615 706 1685 quia
738 1626 998 1684 pauperes
1025 1610 1092 1665 ad
1125 1611 1239 1664 hmc
1267 1607 1502 1664 facienda
1531 1606 1789 1677 cogimus.
1817 1604 1950 1659 Nam

367 1711 415 1764 si
445 1709 604 1763 facile
628 1707 984 1770 flecteremur,
1015 1718 1300 1773 numquam
1329 1701 1418 1756 ille
1445 1699 1606 1754 vellet
1638 1699 1760 1753 talia
1786 1697 1950 1752 susti-

367 1816 520 1856 nere.
556 1801 622 1854 Et
667 1797 794 1868 quid
840 1799 961 1852 dico
1002 1795 1293 1851 nuditatem
1337 1801 1390 1848 et
1432 1789 1752 1846 tremorem?
1795 1788 1948 1855 Quod

367 1895 512 1948 enim
541 1893 702 1962 longe
729 1889 1037 1944 horribilius
1066 1897 1149 1943 est
1173 1887 1344 1942 dicam
1369 1903 1383 1941 :
1407 1886 1575 1940 coacti
1597 1882 1948 1954 suntquidam

366 1986 508 2039 filios
552 1998 832 2039 exerceare
872 1990 1028 2036 aetate
1073 1981 1384 2036 immaturos
1407 2019 1422 2045 ,
1453 1986 1511 2032 ut
1540 1978 1781 2031 iutantae
1809 1975 1948 2029 cala.

364 2077 573 2132 mitatis
620 2090 834 2130 sensum
882 2074 1208 2129 veniremus.
1259 2072 1389 2139 Quia
1433 2069 1575 2124 enim
1613 2068 1854 2123 videntes
1895 2076 1950 2122 et

363 2170 495 2224 nudi
525 2168 940 2232 circumeuntes,
973 2181 1145 2236 neque
1169 2180 1235 2218 ex
1265 2172 1421 2218 actate
1449 2177 1622 2232 neque
1648 2176 1712 2216 ex
1734 2159 1948 2215 calami-

363 2270 476 2316 tate
503 2257 958 2314 immisericordes
983 2257 1338 2322 attrahebant,
1369 2265 1446 2310 tot
1468 2255 1624 2308 malis
1647 2253 1803 2307 aliam
1829 2268 1949 2323 gra-

364 2353 575 2406 viorem
611 2350 922 2420 tragoediam
949 2349 1306 2416 addiderunt,
1343 2356 1400 2402 ut
1425 2347 1618 2401 famem
1658 2345 1944 2410 sedarent;

360 2437 538 2492 levius
567 2450 688 2490 esse
717 2436 1084 2490 existimantes
1112 2433 1212 2488 hac
1239 2433 1506 2489 communi
1541 2433 1655 2486 luce
1688 2441 1742 2486 et
1768 2431 1948 2485 omni~

359 2527 462 2581 bus
493 2540 754 2581 concesso
779 2525 929 2580 radio
957 2525 1173 2595 privari,
1200 2541 1358 2595 quam
1381 2539 1499 2579 cum
1527 2532 1779 2592 perpetua
1808 2521 1946 2577 fame

356 2620 548 2674 luctari
579 2628 637 2674 et
657 2628 881 2673 mortem
906 2618 1082 2673 subire
1108 2617 1483 2672 miserrimam.
1512 2613 1644 2682 Quia
1675 2615 1816 2670 enim
1839 2630 1944 2669 non

356 2713 627 2768 didicistis
655 2713 895 2767 misereri
925 2713 1272 2782 paupertatis,
1304 2711 1398 2766 sed
1427 2708 1816 2765 calamitatibus
1845 2708 1944 2763 de-

355 2805 547 2861 lectari
571 2847 586 2871 ,
623 2805 976 2860 insatiabilem
1019 2813 1249 2859 vestram
1290 2803 1516 2874 implent
1557 2801 1898 2872 cupiditatem
1923 2841 1940 2867 ,

355 2908 408 2952 et
460 2899 565 2951 sibi
619 2906 673 2952 et
723 2897 874 2952 vobis
923 2897 1164 2966 gebenna
1228 2897 1526 2966 graviorem
1596 2895 1944 2950 incendentes

356 2991 655 3045 flammam.
692 2989 759 3044 Et
789 3001 845 3044 ut
874 2990 1112 3056 discatis,
1139 2989 1252 3044 lucc
1279 2999 1331 3044 et
1357 2989 1549 3044 similia
1582 2988 1702 3044 ideo
1728 2988 1940 3042 contin-

354 3100 516 3154 gere,
549 3093 921 3154 argumentum
948 3084 1098 3138 vobis
1123 3082 1389 3153 proferam
1429 3082 1572 3153 quod
1612 3082 1664 3137 in
1695 3082 1944 3137 confesso

358 3177 468 3240 sit,
509 3175 597 3231 cui
628 3190 790 3230 nemo
816 3174 1166 3230 contradicet.
1199 3174 1332 3230 Sunt
1373 3174 1464 3227 alii
1497 3187 1759 3244 pauperes
1797 3172 1944 3226 leves

357 3271 647 3339 animoque
673 3268 819 3333 elati,
850 3268 939 3338 qui
969 3268 1159 3322 famem
1188 3266 1328 3322 ferre
1354 3266 1612 3332 nesciunt,
1640 3265 1732 3320 sed
1762 3263 1941 3319 omnia

359 3361 536 3430 potius
575 3375 735 3429 quam
768 3359 868 3414 hoc
893 3359 1182 3428 patiuntur.
1212 3358 1276 3413 Hi
1306 3373 1449 3428 saepe
1491 3371 1582 3410 vos
1623 3354 1944 3411 miserabili-

367 3453 462 3507 bus
487 3463 541 3508 et
587 3452 827 3523 gestibus
872 3461 926 3505 et
955 3450 1131 3506 verbis
1159 3449 1416 3504 adetmtes
1436 3491 1450 3514 ,
1483 3464 1604 3503 cum
1633 3447 1766 3501 nihil
1803 3461 1938 3501 con-

359 3544 566 3614 sequuti
610 3551 812 3608 essent,
862 3543 1040 3597 missis
1085 3540 1583 3612 supplicationibus,
1642 3537 1940 3609 praestigia-

361 3645 500 3692 tores
540 3636 764 3691 demum
811 3635 968 3705 longe
997 3645 1142 3690 retro
1185 3636 1549 3704 reliquerunt;
1593 3633 1680 3688 alii
1725 3633 1938 3704 quidem

362 3728 685 3784 mandentes
729 3729 874 3783 coria
900 3727 1217 3782 detritorum
1247 3726 1553 3780 calceorum
1579 3767 1594 3790 ,
1626 3725 1716 3778 alii
1755 3733 1941 3778 acutos

358 3822 543 3876 clavos
570 3821 626 3874 in
655 3828 820 3889 caput
844 3819 1144 3889 infigcntes.
1193 3819 1282 3873 alii
1329 3826 1506 3872 autem
1557 3819 1608 3870 in
1640 3817 1790 3886 aquis
1817 3815 1938 3886 gelu

361 3915 628 3969 concretis
678 3913 822 3968 nudo
874 3922 1063 3967 ventre
1089 3912 1476 3976 immorantes;
1520 3910 1607 3963 alii
1651 3917 1828 3963 autem
1858 3907 1939 3962 his

364 4005 675 4059 absurdiora
702 4013 758 4059 et
801 4003 1080 4058 acerbiora
1123 4001 1482 4068 sustinentes,
1531 4009 1590 4054 ut
1639 3999 1938 4070 improbum

365 4095 654 4151 exhibeant
683 4095 1069 4166 spectaculum.

437 4188 491 4240 6.
534 4186 610 4242 Tu
637 4196 815 4242 autem
851 4187 976 4241 dum
1005 4185 1121 4241 haec
1161 4185 1297 4240 unt
1325 4192 1436 4239 stas
1467 4184 1650 4240 ridens
1679 4193 1734 4239 et
1768 4183 1940 4239 admi-

361 4293 509 4344 rans,
543 4289 595 4334 et
620 4278 687 4334 de
726 4279 959 4334 aliorum
1007 4278 1162 4332 malis
1192 4293 1290 4333 ceu
1319 4291 1566 4347 pompam
1597 4293 1781 4348 agens,
1812 4277 1940 4332 dum

358 4372 664 4426 communis
685 4379 874 4426 natura
900 4371 1162 4426 dedecore
1185 4370 1431 4424 afficitur.
1470 4370 1533 4424 Et
1560 4369 1686 4439 quid
1713 4368 1942 4438 amplius

359 4463 560 4518 faceret
589 4463 841 4519 immanis
875 4461 1130 4516 daemon?
1161 4461 1362 4518 Deinde
1407 4470 1466 4517 ut
1503 4463 1799 4532 promptius
1827 4461 1943 4517 hanc

357 4553 537 4620 faciat,
567 4555 853 4624 largiorem
886 4554 1160 4623 pecuniam
1205 4568 1415 4624 erogas.
1447 4553 1512 4608 Et
1533 4554 1582 4608 ei
1611 4553 1825 4623 quidem
1852 4555 1944 4625 qui

359 4659 629 4717 precatur,
661 4647 830 4702 Deum
869 4647 1098 4712 invocat,
1135 4646 1443 4717 placideque
1487 4646 1714 4713 accedit,
1763 4662 1830 4702 ne
1858 4662 1946 4702 re-

359 4741 630 4812 spondere
676 4739 893 4810 quidem
935 4739 1171 4809 dignaris
1216 4754 1390 4806 neque
1444 4739 1710 4806 respicere
1756 4737 1941 4804 illum;

361 4835 464 4888 imo
505 4836 672 4890 etiam
717 4834 941 4889 molesta
971 4835 1022 4889 in
1066 4835 1212 4888 illum
1247 4833 1404 4887 verba
1448 4831 1698 4897 effundis,
1731 4829 1947 4901 quando

361 4927 671 4998 frequenter
723 4929 816 4983 tibi
871 4928 1207 4998 importunus
1254 4936 1378 4982 est:
1410 4925 1686 4981 llunccine
1734 4933 1949 4995 oportet

361 5020 580 5075 vivere?
612 5020 876 5075 huneciue
907 5025 1196 5090 respirare,
1225 5029 1318 5074 aut
1347 5020 1486 5074 hunc
1527 5017 1694 5073 solem
1724 5017 1947 5073 videre?

363 5128 481 5182 erga
515 5112 640 5168 illos
665 5124 842 5169 autem
873 5115 1026 5169 hctus
1064 5129 1123 5169 es
1152 5123 1206 5168 et
1234 5113 1490 5176 liberalis,
1521 5121 1706 5182 utpote
1743 5113 1834 5182 qui
1872 5112 1948 5167 sis

363 5219 460 5260 ceu
503 5206 832 5276 agonothela
873 5206 1088 5277 quidam
1134 5207 1276 5261 illius
1321 5205 1558 5262 ridiculae
1605 5215 1660 5259 et
1697 5205 1950 5260 satanicae

365 5298 731 5368 turpitudinis.
775 5299 1132 5367 Quamobrem
1179 5297 1560 5369 congruentius
1587 5297 1671 5362 iis,
1711 5297 1802 5366 qui
1835 5295 1952 5350 haec

365 5401 672 5460 proponunt
710 5392 1024 5458 certamina,
1071 5401 1126 5446 et
1154 5389 1288 5445 nihil
1318 5389 1571 5444 omittunt
1601 5387 1775 5444 donec
1814 5389 1952 5443 alios

364 5483 602 5537 viderint
642 5484 781 5538 male
806 5483 966 5548 affici,
1001 5483 1128 5537 talia
1157 5481 1319 5537 verba
1347 5480 1655 5536 dicerentur
1681 5501 1695 5536 :
1718 5479 1951 5536 Hoscine

362 5575 569 5643 vivere,
597 5577 820 5631 omnino
849 5576 1156 5647 respirare?
1183 5579 1324 5632 hunc
1348 5575 1516 5630 solem
1545 5575 1748 5641 videre,
1777 5577 1864 5646 qui
1899 5577 1953 5630 in

363 5681 710 5723 communem
733 5667 1048 5740 delinquunt
1070 5678 1336 5734 naturam,
1361 5676 1415 5722 et
1440 5667 1606 5721 Deum
1629 5667 1952 5722 contumelia

366 5759 651 5816 afciunt?
676 5761 744 5817 Et
775 5775 897 5817 cum
943 5761 1082 5817 Deus
1107 5759 1286 5816 dicat:
1331 5759 1406 5813 Da
1433 5757 1854 5830 eleemosynam,
1899 5769 1953 5818 ct

1512 283 1727 340 EPIST.
1773 280 1789 334 I
1855 279 1943 333 Al)
1981 276 2136 333 (.
2179 275 2406 331 .
2450 276 2590 332 XXI.

3546 282 3646 338 I78

2065 394 2136 450 do
2166 394 2258 450 tibi
2290 410 2510 467 regnum
2539 395 2830 456 caelorum:
2879 412 2983 452 non
3024 397 3220 452 audisti
3251 415 3265 452 :
3293 398 3510 455 diabolo
3553 419 3646 458 au-

2067 496 2172 543 tem
2201 490 2514 545 ostendente
2539 499 2698 560 caput
2721 490 2888 545 clavis
2913 490 3206 556 confixum,
3240 492 3418 546 statim
3447 492 3644 548 libera-

2063 580 2131 637 lis
2156 582 2375 637 efl'ectus
2399 598 2459 638 es
2487 601 2501 637 :
2533 583 2809 654 magisque
2838 593 2889 638 te
2910 583 3115 639 inflexit
3143 585 3360 654 maligni
3385 584 3646 640 daemonis

2064 676 2331 741 machina,
2363 685 2564 730 tantum
2614 677 2851 731 inferens
2891 676 3165 738 damnum.
3195 693 3353 748 quam
3396 679 3488 733 Dei
3521 693 3645 748 pro-

2063 767 2246 821 missio
2266 768 2428 821 millia
2455 767 2686 822 afferens
2708 769 2867 823 bona.
2899 767 3031 824 Cum
3060 772 3404 838 oportuisset,
3430 773 3643 828 etiamsi

2061 873 2251 913 aurum
2279 875 2560 914 numerare
2602 871 2896 931 Oporteret,
2945 872 3002 915 ut
3033 863 3149 916 lucc
3191 878 3296 916 non
3326 863 3515 919 fierent
3543 881 3642 919 nec

2063 949 2196 1003 facta
2227 960 2616 1019 spectarentur,
2650 953 2778 1007 nihil
2819 969 2923 1006 non
2952 968 3110 1023 agere
3155 964 3210 1009 ct
3243 956 3371 1024 pati,
3403 965 3464 1011 ut
3493 942 3638 1013 tanta

2063 1041 2149 1096 illa
2184 1042 2458 1098 tolleretur
2489 1044 2731 1108 insania;
2765 1059 2859 1098 vos
2887 1054 3083 1105 autem,
3119 1053 3175 1099 ut
3203 1056 3257 1100 et
3280 1041 3482 1101 fiant'et
3505 1048 3640 1104 facta

2061 1135 2360 1202 videantur,
2405 1137 2536 1190 nihil
2583 1153 2690 1190 non
2740 1137 2895 1206 agitis
2932 1147 2986 1192 et
3032 1139 3348 1206 Operamini.
3381 1139 3640 1195 Adhucue

2061 1227 2377 1297 interrogas,
2407 1227 2493 1281 dic
2523 1227 2673 1293 mihi,
2709 1243 2804 1282 cur
2832 1229 2901 1281 sit
2928 1228 3215 1298 gehenna?
3240 1231 3307 1282 At
3337 1245 3404 1285 ne
3434 1231 3535 1285 hoc
3562 1231 3640 1284 ul-

2059 1330 2138 1372 tra
2169 1319 2486 1389 interroges,
2518 1319 2611 1374 sed
2633 1336 2729 1374 cur
2751 1335 2850 1374 una
2877 1330 3080 1374 tantum
3114 1322 3183 1376 sit
3211 1324 3473 1390 geiienna.
3498 1325 3639 1391 Quot

2058 1411 2200 1464 enim
2233 1426 2338 1465 non
2373 1421 2496 1464 sunt
2521 1411 2794 1480 suppliciis
2822 1411 2965 1481 digni
2991 1413 3066 1476 hi,
3099 1413 3187 1482 qui
3217 1423 3321 1467 tam
3352 1413 3566 1469 crudele
3583 1425 3636 1469 et

2058 1502 2401 1557 inlmmanum
2447 1505 2772 1558 constituant
2817 1505 3200 1573 Spectaculum,
3247 1506 3526 1576 ridentque
3570 1508 3637 1562 de

2057 1596 2142 1661 iis,
2175 1596 2242 1651 de
2269 1597 2458 1666 quibus
2483 1598 2663 1666 lugere
2683 1607 2737 1652 et
2764 1598 2884 1652 illos
2912 1607 2966 1652 et
2994 1614 3087 1652 vos
3115 1611 3410 1668 oporteret,
3438 1601 3634 1671 magis-

2055 1702 2158 1756 que
2183 1702 2276 1742 vos
2307 1689 2398 1758 qui
2428 1688 2492 1742 ad
2526 1698 2629 1743 tam
2659 1689 2908 1746 indecore
2937 1691 3202 1761 agendum
3242 1693 3472 1763 cogitis?
3504 1695 3630 1762 Sed,

2055 1781 2284 1850 inquies,
2328 1796 2431 1835 non
2468 1796 2624 1852 cogo.
2655 1783 2956 1849 Quomodo,
3001 1799 3183 1853 quaso
3221 1795 3292 1850 te,
3327 1800 3434 1840 non
3464 1788 3632 1857 cogis,

2054 1874 2142 1943 qui
2172 1873 2585 1927 modestioribus
2609 1884 2660 1927 et
2686 1873 2935 1929 flentibus
2973 1890 3033 1928 ac
3064 1876 3230 1930 Deum
3264 1878 3633 1935 invocantibus

2053 1981 2123 2020 ne
2169 1980 2354 2020 aurem
2383 1967 2596 2036 quidem
2643 1969 2884 2036 pra'bere
2912 1967 3081 2033 velis;
3125 1968 3210 2022 his
3258 1985 3386 2024 vero
3418 1972 3636 2042 largiter

2053 2059 2333 2126 pecuniam
2356 2073 2566 2129 erogas,
2595 2069 2649 2113 ct
2690 2060 2886 2114 multos
2915 2061 3142 2115 advocas
3174 2061 3542 2118 admirantes?
3569 2065 3634 2120 Et

2051 2152 2386 2216 recedamus,
2421 2153 2652 2223 inquies,
2685 2167 2872 2208 eorum
2904 2155 3240 2209 miserentes.
3276 2155 3340 2209 Et
3377 2163 3504 2210 tune
3532 2156 3633 2212 hoc

2047 2247 2242 2317 jubes?
2266 2246 2382 2301 Non
2410 2255 2492 2301 est
2523 2247 2624 2302 hoc
2650 2247 2914 2311 misereri,
3006 2247 3185 2313 homo,
3219 2258 3392 2304 tantas
3420 2249 3632 2320 exigere

2051 2356 2240 2412 poenas
2259 2357 2355 2411 pro
2381 2341 2588 2396 duobus
2611 2340 2805 2405 obolis,
2849 2343 3140 2411 praecipere
3175 2349 3233 2396 ut
3260 2357 3356 2411 pro
3385 2357 3632 2397 necessu.

2051 2434 2132 2488 rio
2160 2433 2280 2489 cibo
2301 2449 2419 2488 sese
2451 2433 2702 2497 Iacerent,
2730 2443 2784 2488 et
2805 2433 2993 2504 capitis
3025 2442 3200 2488 cutem
3231 2443 3336 2487 tam
3365 2433 3556 2489 acerbe
3577 2443 3632 2489 et
3721 2501 3724 2506 _

2051 2525 2425 2581 miserabiliter
2450 2525 2502 2580 iu
2527 2525 2719 2580 multas
2741 2535 2918 2595 partes
2946 2526 3234 2581 dissecent.
3263 2527 3409 2580 Bona
3441 2528 3626 2594 verba,

2050 2616 2286 2687 inquies;
2332 2632 2503 2688 neque
2543 2618 2685 2672 enim
2731 2632 2831 2672 nos
2860 2618 3032 2688 capita
3077 2619 3243 2672 clavis
3289 2618 3626 2688 contigimus.

2052 2706 2264 2762 Utinam
2299 2717 2355 2762 tu
2387 2709 2612 2775 faceres,
2646 2717 2700 2763 et
2728 2723 2814 2764 res
2843 2724 2948 2763 non
2973 2717 3080 2763 tam
3105 2709 3281 2777 gravis
3310 2719 3472 2765 esset.
3497 2710 3630 2765 Nam

2047 2802 2136 2871 qui
2167 2802 2466 2872 quempiam
2496 2801 2764 2867 interficit,
2794 2800 2962 2856 multo
2989 2802 3202 2871 gravius
3230 2801 3373 2868 facit,
3403 2817 3560 2873 quam
3585 2804 3629 2857 is

2045 2893 2135 2963 qui
2164 2894 2398 2963 seipsum
2422 2893 2572 2963 jubet
2599 2894 2922 2948 interficere.
2951 2892 3103 2960 Quod
3129 2894 3289 2948 etiam
3336 2894 3389 2948 in
3417 2895 3500 2949 his
3530 2909 3628 2948 usu

2047 2986 2232 3040 venit:
2261 2985 2566 3040 acerbiores
2615 2986 2756 3040 enim
2797 2987 3062 3042 sustinent
3110 2986 3362 3051 dolores,
3409 2987 3625 3057 quando

2045 3091 2140 3132 sua
2181 3093 2342 3133 manu
2366 3079 2622 3148 jubentur
2651 3078 2765 3134 hare
2788 3080 2927 3134 male
2952 3079 3102 3150 jussa
3147 3081 3399 3150 exsequi;
3431 3090 3483 3136 et
3512 3081 3627 3137 haec

2045 3171 2364 3240 Antiochiae,
2396 3172 2484 3227 ubi
2513 3173 2741 3242 primum
2773 3173 3024 3243 appellati
3069 3181 3194 3226 sunt
3218 3172 3529 3240 Christiani,
3571 3175 3623 3228 in

2045 3281 2148 3337 qua
2177 3266 2324 3322 fuere
2353 3272 2588 3321 omnium
2626 3266 2898 3321 hominum
2926 3267 3212 3335 mitissimi,
3266 3267 3317 3321 in
3349 3282 3451 3337 qua
3493 3267 3623 3323 olim

2044 3359 2256 3430 vigebat
2297 3375 2520 3430 magnus
2570 3359 2933 3430 eleemosyna:
2980 3359 3202 3414 fructus.
3247 3359 3432 3428 Neque
3483 3361 3625 3414 enim

2046 3451 2399 3521 przesentibus
2426 3461 2652 3516 tantum,
2682 3451 2777 3506 sed
2804 3453 2962 3506 etiam
2987 3452 3050 3505 iis
3077 3451 3167 3520 qui
3196 3452 3377 3521 procul
3404 3450 3627 3506 aberant

2044 3545 2350 3610 mittebant,
2371 3544 2526 3614 idque
2547 3545 2672 3600 dum
2691 3546 2858 3600 fames
2877 3553 3295 3614 exspectaretur.
3315 3545 3451 3613 Quid
3474 3561 3622 3615 ergo,

2045 3635 2274 3707 inquies,
2302 3636 2632 3691 faciendum?
2662 3637 2809 3692 llanc
2830 3635 3094 3691 feritatem
3119 3637 3419 3701 demittere,
3443 3636 3627 3707 egenis

2044 3742 2174 3782 vero
2203 3727 2450 3784 omnibus
2480 3727 2712 3792 edicere,
2745 3728 2790 3782 si
2819 3727 2931 3782 hinc
2959 3727 3174 3789 faciant,
3204 3726 3335 3780 nihil
3376 3736 3620 3797 acceptu-

2045 3833 2136 3873 ros
2162 3819 2282 3872 illos
2303 3833 2457 3885 esse;
2489 3821 2532 3873 si
2557 3834 2684 3873 vero
2713 3819 2953 3874 modeste
2974 3818 3252 3883 accedant,
3284 3833 3472 3888 magna
3496 3817 3628 3872 frui-

2049 3921 2197 3965 turos
2222 3911 2485 3980 largitate.
2505 3911 2559 3966 Si
2579 3925 2736 3981 porro
2752 3913 2855 3965 hoc
2870 3911 3130 3974 ediscant,
3159 3911 3368 3965 etiamsi
3385 3911 3624 3965 omnium

2045 4002 2334 4058 miserrimi
2363 4001 2576 4066 fuerint,
2613 4016 2898 4071 numquam
2943 4016 3009 4056 eo
3038 4001 3356 4056 inducentur
3383 4010 3440 4056 ut
3463 4016 3522 4056 se
3548 4001 3630 4056 sic

2046 4096 2268 4162 lanient,
2295 4109 2395 4164 ego
2433 4093 2718 4165 polliceor;
2761 4093 2854 4148 sed
2900 4095 3060 4148 etiam
3092 4094 3242 4148 vobis
3269 4095 3492 4164 gratiam
3525 4093 3623 4147 ha-

2044 4188 2265 4254 bebunt,
2297 4185 2439 4258 quod
2465 4185 2584 4241 illos
2609 4186 2676 4240 ab
2706 4185 2950 4240 irrisione
2979 4194 3034 4241 et
3059 4185 3247 4240 dolore
3279 4186 3368 4239 tali
3395 4185 3614 4255 eripue-

2047 4279 2183 4334 ritis.

2119 4371 2452 4443 Eleemosyna
2483 4371 2688 4444 largiter
2708 4371 2899 4425 danda.
2925 4369 3251 4426 Antiocheam
3289 4369 3514 4424 errlesiar
3547 4383 3627 4424 re-

2047 4463 2184 4519 ditus
2225 4464 2278 4518 in
2319 4469 2564 4534 pauperes
2596 4462 2762 4531 effusi.
2797 4490 2866 4503 -
2893 4461 3045 4518 Nunc
3088 4469 3264 4517 autem
3297 4475 3396 4531 pro
3422 4459 3622 4531 aurigis

2049 4555 2208 4610 etiam
2229 4555 2368 4610 filios
2388 4556 2710 4622 obtuleritis,
2735 4565 2788 4609 et
2811 4570 2910 4625 pro
2938 4554 3282 4609 saltatoribus
3301 4553 3461 4608 etiam
3485 4552 3627 4622 ipsas

2051 4644 2392 4716 profuderitis
2443 4647 2685 4711 animas;
2721 4661 2817 4716 pro
2865 4647 3080 4702 Christo
3123 4654 3303 4701 autem
3355 4645 3626 4700 esuriente

2049 4753 2120 4794 ne
2163 4738 2436 4792 minimam
2486 4737 2700 4808 quidem
2743 4737 3052 4792 facultatum
3081 4747 3287 4808 partem
3336 4736 3626 4800 dederitis;

2049 4831 2143 4886 sed
2173 4832 2218 4886 si
2250 4832 2512 4886 tantillum
2539 4833 2745 4902 argenti
2776 4831 2933 4896 detis,
2981 4847 3042 4885 ac
3071 4832 3112 4884 si
3141 4839 3306 4884 totum
3337 4829 3627 4895 solveritis,

2052 4924 2132 4979 sic
2157 4924 2326 4980 affecti
2356 4925 2505 4992 estis,
2540 4925 2860 4987 nescientes,
2893 4922 3034 4992 quod
3067 4937 3172 4976 non
3202 4923 3353 4988 dare,
3383 4920 3478 4976 sed
3507 4936 3628 4975 cum

2053 5015 2299 5086 largitate
2335 5016 2484 5080 dare,
2538 5014 2664 5068 illud
2712 5013 2940 5068 maxime
2983 5022 3066 5068 est
3106 5013 3471 5084 eleemosyna.
3507 5013 3633 5068 Ideo

2053 5107 2311 5177 propheta
2342 5121 2446 5160 non
2476 5119 2570 5160 eos
2597 5106 2688 5176 qui
2717 5105 2888 5160 solum
2917 5105 3047 5160 dant
3079 5105 3332 5176 praedicat
3368 5115 3424 5162 et
3446 5106 3631 5162 beatos

2054 5197 2199 5264 dicit,
2243 5197 2336 5252 sed
2380 5211 2474 5251 eos
2513 5197 2604 5267 qui
2650 5197 2868 5267 largiter
2905 5197 3052 5254 dant.
3101 5197 3216 5254 Non
3260 5199 3432 5253 solum
3490 5198 3632 5252 enim

2055 5289 2208 5355 dixit,
2238 5289 2426 5355 Dedit;
2459 5289 2551 5346 sed
2583 5289 2897 5360 quomodo?
2925 5290 3194 5362 Dispersit,
3225 5289 3362 5344 dedit
3392 5289 3636 5360 pauperi-

2057 5385 2147 5439 bus
2186 5383 2354 5454 (Paul.
2389 5385 2512 5440 Mt.
2537 5385 2615 5456 9).
2647 5384 2784 5452 Quid
2813 5385 2954 5440 enim
2985 5383 3219 5454 prodest,
3252 5383 3298 5436 si
3338 5397 3402 5437 ex
3437 5381 3636 5436 divitiis

2059 5488 2261 5533 tantum
2286 5477 2524 5544 dederis,
2553 5486 2807 5547 quantum
2829 5475 3037 5532 dederit
3056 5474 3319 5545 quispiam
3345 5473 3490 5528 verbi
3515 5489 3634 5545 gra-

2059 5573 2129 5628 tia
2174 5588 2242 5627 ex
2282 5572 2414 5626 mari
2460 5570 2736 5643 cyathum,
2781 5584 2955 5640 neque
3000 5568 3171 5622 viduae
3219 5566 3637 5639 magnitudinem

2059 5665 2222 5720 animi
2260 5664 2541 5719 aemulatus
2581 5663 2780 5719 fueris?
2819 5661 3090 5735 quomodo
3133 5661 3355 5729 dixeris,
3401 5661 3634 5727 Domine,

2060 5762 2298 5816 miserere
2322 5762 2420 5816 mei
2453 5758 2730 5814 semiudum
2774 5773 3010 5830 magnam
3053 5756 3452 5813 misericordiam
3477 5764 3634 5820 tuam,
