4086 6214
357 215 460 271 I79

360 343 408 386 et
435 329 712 385 secundum
752 327 1126 383 nmititudinem
1163 323 1541 382 miserationum
1583 330 1785 375 tuarum
1821 318 1934 373 delc

359 423 674 493 iniquitatem
715 436 882 474 meam
933 416 1104 487 (Psal.
1145 414 1234 470 50.
1263 415 1358 483 3);
1388 428 1510 468 cum
1550 411 1664 483 ipse
1710 426 1818 465 non
1845 424 1934 463 se-

358 515 590 572 cundum
619 527 862 583 magnam
892 507 1314 565 misericordiam
1341 503 1677 571 miserearis;
1705 503 1814 558 imo
1831 501 1939 556 for-

359 605 518 660 tassis
575 619 748 674 neque
789 599 1080 656 secundum
1138 595 1389 668 parvam?
1443 594 1610 650 Valde
1663 595 1808 649 enim
1851 606 1938 647 me

361 694 545 765 pudet,
583 707 704 748 cum
733 690 888 746 video
927 688 1122 744 divites
1168 686 1364 743 multos
1401 685 1554 756 equis
1578 685 1731 740 freno
1773 695 1939 737 aureo

362 784 632 840 instructis
660 789 866 844 vectos,
897 779 986 850 qui
1015 793 1197 835 secum
1225 776 1444 832 trahunt
1479 775 1707 831 famulos
1749 789 1938 828 aurum

359 884 654 947 gestantes,
710 883 768 929 et
813 873 982 927 lectos
1021 870 1223 926 habent
1264 877 1550 940 argenteos
1605 865 1941 935 multumque

359 969 526 1024 alium
563 965 790 1030 fastum;
830 980 954 1020 cum
989 973 1168 1019 autem
1210 961 1428 1033 pauperi
1472 958 1804 1030 erogandum
1835 965 1936 1022 est,

360 1061 525 1116 etiam
552 1057 708 1113 valde
740 1055 1064 1127 pauperibus
1110 1068 1230 1109 esse
1271 1051 1638 1123 pauperiores.
1676 1047 1782 1104 Sed
1815 1045 1942 1118 quid

362 1162 446 1207 est
471 1149 605 1206 illud
635 1148 778 1220 quod
817 1162 962 1220 saepe
989 1144 1213 1202 dicunt?
1241 1143 1435 1208 Habet,
1465 1141 1658 1212 inquit,
1683 1137 1942 1196 Ecclesiae

363 1257 670 1299 commune.
720 1239 790 1296 Et
813 1221 939 1310 quid
975 1237 1080 1294 hoc
1120 1235 1188 1292 ad
1217 1235 1308 1291 te?
1355 1248 1529 1304 neque
1553 1232 1722 1300 enim,
1771 1231 1817 1286 si
1845 1243 1944 1300 ego

365 1339 589 1402 dedero,
632 1345 689 1390 tu
719 1336 902 1391 salvus
946 1334 1092 1389 eris:
1125 1345 1318 1402 neque,
1361 1329 1408 1384 si
1449 1327 1675 1384 ecclesia
1712 1325 1943 1388 dederit,

373 1440 432 1486 tu
482 1437 695 1500 peccata
746 1437 834 1480 tua
875 1423 1140 1480 delcvisti.
1197 1421 1430 1491 Ideoque
1485 1434 1590 1474 non
1643 1417 1772 1484 das,
1819 1415 1944 1487 quia

369 1521 593 1578 ecclesia
621 1519 751 1574 dare
777 1516 936 1574 debet
964 1514 1151 1585 egenis
1179 1530 1194 1568 :
1225 1513 1349 1583 quia
1376 1510 1684 1568 sacerdotes
1715 1523 1944 1579 precan-

369 1621 483 1682 tur,
506 1620 560 1665 tu
581 1622 870 1680 numquam
895 1615 1208 1677 precaturus
1231 1602 1328 1658 es?
1353 1610 1407 1658 et
1431 1603 1555 1672 quin
1570 1599 1661 1656 alii
1679 1598 1945 1669 jejunant,

373 1715 429 1760 tu
457 1711 716 1775 perpetuo
743 1698 924 1754 ebrius
954 1695 1114 1752 erisQ
1132 1694 1316 1750 Nescis
1347 1697 1470 1762 quia
1500 1706 1606 1745 non
1631 1689 1700 1745 ita
1730 1697 1949 1759 propter

369 1809 630 1867 pauperes
654 1793 1014 1862 eleemosyna:
1043 1789 1215 1858 legem
1246 1786 1426 1856 posuit
1448 1784 1612 1850 Deus,
1654 1792 1709 1838 ut
1730 1791 1950 1852 prapter

369 1902 465 1944 eos
497 1890 644 1958 ipsos
663 1886 753 1956 qui
785 1881 1121 1954 largiuntur?
1147 1882 1228 1936 An
1261 1879 1354 1934 tibi
1382 1877 1634 1933 sacerdos
1667 1881 1949 1945 suspectus

371 1981 496 2036 est?
539 1980 637 2034 Est
661 1976 879 2049 quidem
910 1974 1013 2030 hoc
1057 1989 1221 2045 grave
1267 1979 1587 2040 peccatum;
1629 1969 1726 2025 sed
1753 1967 1822 2025 de
1847 1966 1952 2022 hoc

377 2086 484 2128 non
512 2077 760 2126 accurate
790 2065 1076 2137 disputabo
1103 2081 1118 2118 :
1147 2075 1366 2136 propter
1397 2073 1450 2118 te
1473 2062 1654 2117 omnia
1679 2061 1861 2126 facito,
1896 2069 1952 2116 et

374 2164 453 2220 sic
472 2163 740 2234 duplicem
779 2158 1084 2230 assequeris
1115 2155 1440 2213 mercedem.
1469 2153 1681 2210 Etenim
1707 2167 1827 2223 qua:
1853 2166 1952 2207 nos

371 2259 440 2315 de
457 2259 795 2328 eleemosyna
815 2253 1062 2317 dicimus,
1090 2265 1196 2306 non
1211 2249 1438 2306 dicimus
1451 2258 1508 2302 ut
1526 2247 1595 2303 ad
1616 2262 1714 2302 nos
1735 2245 1951 2312 oil'eras,

371 2353 466 2410 sed
497 2363 554 2408 ut
583 2362 635 2406 tu
662 2363 759 2421 per
777 2347 1008 2418 teipsum
1031 2344 1322 2400 ministres.
1345 2341 1478 2397 Nam
1503 2342 1548 2397 si
1580 2340 1710 2396 mihi
1737 2338 1951 2404 offeras,

375 2445 620 2501 fortassis
659 2459 690 2498 a
737 2456 872 2497 vana
908 2438 1078 2510 gloria
1121 2434 1451 2505 corripieris,
1499 2446 1755 2504 saepeque
1791 2432 1954 2486 etiam

376 2538 616 2594 offensus
642 2533 862 2590 recedes
899 2532 1040 2586 mala
1077 2528 1417 2598 suspicatus:
1448 2524 1494 2581 si
1531 2533 1709 2582 autem
1739 2537 1834 2594 per
1859 2537 1956 2578 vos

378 2632 523 2700 ipsos
551 2629 731 2683 omnia
761 2624 989 2690 faciatis,
1021 2631 1077 2678 et
1105 2619 1491 2678 ollâ€˜ensionibus
1514 2628 1569 2675 et
1592 2617 1839 2674 absurdis
1865 2630 1956 2671 su-

374 2719 700 2794 spicionibus
728 2716 878 2772 liberi
907 2716 1078 2781 eritis,
1111 2717 1390 2785 majorque
1414 2711 1565 2769 vobis
1593 2725 1802 2767 merces
1831 2709 1954 2766 erit.

451 2813 507 2870 7.
547 2811 662 2868 Non
713 2810 872 2882 igitur
911 2809 1027 2865 hinc
1072 2808 1217 2875 dico,
1246 2815 1305 2863 ut
1340 2807 1448 2861 vim
1479 2805 1629 2860 vobis
1663 2803 1852 2860 faciam
1888 2803 1957 2858 ad

383 2907 638 2977 pecunias
676 2903 782 2960 huc
813 2902 1147 2969 atl'erendas;
1183 2914 1358 2973 neque
1402 2899 1709 2970 indignatus
1736 2905 1958 2968 propter

376 2995 687 3053 sacerdotes
722 2996 812 3068 qui
839 2995 976 3050 male
1005 2994 1250 3050 audiunt.
1295 2992 1426 3048 Nam
1469 2993 1514 3046 si
1559 3005 1876 3047 succensere
1905 2999 1962 3046 et

377 3089 561 3144 dolere
585 3095 821 3159 oportet,
851 3102 947 3158 pro
976 3085 1128 3142 vobis
1147 3085 1436 3141 dolendum
1462 3093 1545 3140 est
1582 3084 1675 3155 qui
1706 3083 1846 3140 male
1871 3083 1958 3138 di-

379 3181 523 3236 citis.
555 3179 626 3236 lis
655 3181 823 3248 enim,
851 3179 938 3249 qni
967 3177 1163 3233 frustra
1202 3185 1258 3233 et
1289 3186 1490 3231 temere
1533 3174 1670 3230 male
1712 3173 1958 3243 audiunt,

383 3285 594 3328 merces
621 3271 834 3341 major;
863 3268 1162 3324 dicentibus
1189 3277 1366 3322 autem
1390 3265 1648 3337 judicium
1677 3276 1731 3321 et
1760 3265 1963 3336 suppli-

379 3365 522 3420 cium
548 3363 762 3435 gravius
805 3363 927 3418 crit.
971 3359 1089 3417 Non
1117 3376 1246 3432 ergo
1273 3375 1369 3430 pro
1400 3360 1506 3415 illis
1534 3358 1651 3416 haec
1677 3358 1824 3424 dico,
1864 3358 1961 3414 sed

381 3455 523 3530 quod
553 3455 621 3512 de
649 3455 802 3512 vobis
828 3469 1011 3510 curam
1042 3461 1100 3509 et
1137 3451 1552 3508 sollicitudinem
1581 3466 1784 3522 geram.
1824 3450 1960 3518 Quid

381 3549 524 3606 enim
562 3549 776 3613 mirum,
808 3547 853 3602 si
881 3553 1042 3603 aetate
1066 3554 1249 3601 nostra
1276 3543 1490 3614 quidam
1520 3545 1574 3599 in
1603 3542 1963 3613 suspicionem

381 3644 626 3711 veniunt,
671 3655 794 3698 cum
823 3640 986 3696 etiam
1026 3640 1238 3696 illorum
1268 3647 1508 3710 tempore
1535 3645 1842 3693 sanctorum
1870 3637 1963 3706 qui

383 3735 606 3805 angelos
649 3731 1016 3798 imitabantur,
1047 3732 1137 3802 qui
1181 3730 1315 3787 nihil
1355 3730 1459 3787 sibi
1486 3731 1761 3801 proprium
1790 3729 1966 3800 possi-

385 3824 606 3891 debant,
635 3823 1003 3894 apostolorum
1034 3823 1272 3894 inquam,
1310 3837 1554 3878 murmur
1576 3819 1740 3877 fuerit
1780 3821 1834 3876 in
1867 3821 1969 3877 mi-

388 3917 612 3975 nisterio
657 3915 976 3982 viduarum,
1029 3916 1172 3987 quod
1221 3915 1625 3986 deSpicereutur
1663 3930 1964 3987 pauperes,

389 4009 602 4080 quando
627 4024 788 4065 nemo
808 4007 1095 4078 quidquam
1123 4022 1190 4063 ex
1211 4005 1323 4061 suis
1349 4006 1687 4063 facultatibus
1711 4005 1813 4062 sibi
1843 4019 1969 4076 pro-

386 4104 560 4175 prium
581 4117 702 4158 esse
726 4102 956 4168 dicebat,
982 4097 1078 4155 sed
1099 4108 1252 4156 erant
1275 4099 1405 4171 ipsis
1419 4100 1596 4157 omnia
1616 4099 1965 4156 communia?

385 4195 466 4252 Ne
493 4195 593 4251 hos
615 4195 950 4266 proferamus
967 4193 1240 4258 obtentus,
1267 4206 1370 4248 nec
1398 4190 1450 4246 in
1476 4190 1840 4247 defensionem
1871 4205 1972 4246 no-

388 4297 557 4345 stram
585 4287 832 4344 conferre
858 4293 1107 4357 putemus
1135 4282 1278 4354 quod
1313 4281 1551 4338 Ecclesia
1597 4281 1763 4338 multa
1793 4282 1968 4351 possi-

391 4381 536 4437 deat.
573 4379 709 4436 Cum
749 4378 892 4435 enim
917 4377 1230 4434 facultatum
1259 4374 1378 4445 ejus
1405 4373 1822 4445 magnitudinem
1849 4386 1973 4442 per-

392 4473 578 4543 spicis,
609 4471 785 4540 cogita
809 4468 972 4524 etiam
1017 4467 1393 4536 inscriptorum
1418 4479 1707 4535 pauperum
1731 4477 1970 4533 gregem,

391 4561 725 4618 infirmorum
747 4545 1164 4626 multitudinem,
1197 4558 1596 4616 innumerarum
1618 4567 1970 4625 expensorum

393 4655 704 4714 occasiones
728 4673 742 4710 :
764 4652 976 4711 curiose
1002 4649 1211 4723 inquire
1228 4659 1286 4706 et
1312 4657 1554 4705 scrutare
1579 4666 1594 4704 :
1620 4663 1780 4705 nemo
1805 4647 1976 4718 impe-

393 4752 494 4820 dit,
524 4751 634 4808 imo
675 4748 846 4822 parati
874 4761 1059 4803 sumus
1092 4745 1160 4804 ad
1193 4744 1432 4801 rationes
1455 4742 1608 4798 vobis
1647 4741 1972 4798 reddendas.

397 4847 503 4905 Sed
532 4845 834 4919 hyperbole
853 4844 929 4900 uti
959 4844 1103 4899 volo.
1131 4840 1269 4898 Cum
1292 4839 1434 4896 enim
1465 4837 1699 4894 rationes
1726 4835 1975 4892 reddide-

396 4939 587 5003 rimus,
616 4947 671 4992 et
695 4935 1087 4992 ostenderimus
1115 4945 1403 5004 expensam
1432 4937 1697 5002 proventu
1722 4943 1827 4984 non
1853 4942 1976 4985 esse

401 5030 688 5095 minorem,
735 5028 842 5082 imo
865 5037 918 5081 et
953 5025 1242 5096 aliquando
1269 5025 1523 5095 majorem
1550 5041 1564 5078 :
1593 5021 1725 5078 illud
1763 5035 1795 5076 a
1823 5021 1976 5078 vobis

397 5123 628 5178 libenter
668 5117 996 5185 sciscitarcr,
1038 5131 1161 5172 eum
1201 5116 1292 5170 illo
1319 5115 1746 5186 migraverimus,
1791 5121 1847 5168 et
1882 5128 1978 5168 au-

395 5217 655 5273 dierimus
695 5211 968 5270 Christum
1015 5211 1324 5266 dicentem:
1353 5208 1671 5264 Esurientem
1714 5225 1795 5264 me
1842 5209 1974 5263 nidi-

405 5311 515 5371 stis.
546 5319 594 5364 et
622 5323 723 5363 non
767 5322 845 5361 me
885 5303 1182 5369 nutrivistis,
1213 5301 1406 5357 nudum
1428 5343 1443 5366 ,
1473 5311 1521 5358 et
1567 5319 1668 5357 non
1711 5302 1979 5374 operuistis

403 5401 623 5464 (Matth.
642 5399 734 5456 25.
763 5398 859 5468 42)
888 5415 903 5452 :
929 5396 1054 5470 quid
1083 5396 1365 5452 dicemus?
1391 5411 1552 5467 quam
1575 5394 1861 5451 allâ€˜eremus
1883 5393 1978 5450 de-

402 5491 738 5548 fensionem?
781 5489 925 5547 hunc
958 5489 1042 5545 vel
1086 5489 1234 5544 illum
1275 5487 1600 5545 adducemus
1636 5487 1688 5543 in
1720 5486 1976 5549 medium,

404 5581 498 5653 qui
523 5578 609 5635 bis
634 5595 739 5634 non
767 5583 1092 5651 obsequutus
1115 5588 1228 5649 est,
1261 5589 1314 5638 et
1338 5579 1596 5650 quosdam
1625 5595 1690 5637 ex
1717 5578 1979 5648 suspectis

403 5669 818 5729 sacerdotibus?
867 5669 935 5724 Et
961 5670 1088 5742 quid
1115 5670 1218 5728 hoc
1244 5671 1311 5727 ad
1337 5676 1417 5728 te?
1438 5670 1669 5742 inquiet;
1707 5683 1808 5739 ego
1832 5666 1974 5722 enim

1059 209 1116 266 S.
1154 206 1427 265 JOANNIS
1460 202 1932 262 CIIRYSOS'Iâ€˜OMI
1970 202 2283 260 ARCHIEP.
2321 201 2853 260 CONSTANTINOP.

3519 196 3621 256 Â£80

2041 327 2314 374 teaccuso
2337 318 2405 376 de
2429 305 2678 390 peccatis,
2710 334 2832 391 quae
2855 316 3136 374 admisisti.
3168 316 3417 387 Purgatio
3436 330 3623 376 eorum

2041 419 2143 477 est,
2168 420 2226 464 ut
2252 411 2464 481 prepria
2489 398 2674 466 abluas
2701 418 2941 480 peccata,
2982 423 3088 464 non
3119 419 3177 464 ut
3205 407 3460 464 ostendas
3486 407 3622 464 alios

2041 503 2094 556 in
2125 502 2314 558 eadem
2344 503 2614 558 incidisse.
2643 503 2885 559 Ecclesia
2908 502 3051 558 enim
3089 501 3161 556 ob
3189 511 3424 556 vestram
3450 499 3624 571 parci-

2044 601 2209 649 tatem
2239 594 2474 650 retinere
2508 596 2718 666 cogitur
2741 609 2827 660 ea,
2855 609 2977 666 quae
3005 608 3147 649 nunc
3184 592 3365 648 habet.
3387 591 3543 659 Quod
3573 593 3618 647 si

2044 687 2222 740 omnia
2253 687 2547 743 secundum
2576 687 2898 759 apostolicas
2924 687 3070 757 leges
3096 694 3334 756 agerent,
3356 684 3474 755 ejus
3501 699 3625 755 pro-

2042 787 2261 834 ventum
2291 787 2565 849 oporteret
2604 793 2727 835 esse
2761 789 2998 834 vestrum
3023 777 3260 833 animum
3290 793 3304 832 :
3337 776 3476 848 quod
3503 777 3626 848 qui-

2045 867 2171 924 dem
2213 877 2269 924 et
2318 877 2488 924 tutum
2529 879 2674 926 esset
2718 870 3056 940 penuarium,
3109 877 3166 924 et
3208 867 3494 924 thesaurus
3535 868 3624 923 in-

2046 962 2362 1017 exhaustus.
2379 960 2530 1018 Nunc
2549 970 2728 1018 autem
2754 976 2878 1017 cum
2897 976 2992 1016 vos
3011 959 3228 1032 quidem
3250 960 3628 1016 thesaurizatis

2049 1056 2102 1112 in
2131 1066 2296 1125 terra,
2328 1066 2385 1113 et
2409 1057 2586 1113 omnia
2614 1057 2667 1113 in
2699 1057 2968 1127 penuariis
3007 1055 3200 1111 vestris
3223 1053 3471 1110 clauditis
3489 1068 3506 1119 ;
3527 1054 3627 1110 Ee-

2048 1150 2213 1206 clesia
2237 1165 2370 1206 vero
2398 1149 2709 1221 impendere
2743 1163 2968 1205 necesse
2990 1147 3172 1212 habet,
3211 1146 3489 1201 viduarum
3517 1159 3628 1200 cte-

2049 1242 2210 1310 tibus,
2239 1243 2505 1315 virginum
2543 1241 2744 1305 choris,
2791 1240 3056 1310 hospitum
3087 1237 3425 1302 adventibus,
3474 1251 3630 1306 pereâ€”

2047 1334 2371 1405 grinantium
2399 1333 2675 1400 aerumnis,
2704 1333 3000 1386 vinctorum
3028 1328 3442 1393 calamitatibus,
3473 1325 3628 1390 iulir-

2050 1440 2261 1481 morum
2289 1433 2346 1480 et
2369 1424 2682 1480 mutilorum
2724 1422 3154 1488 necessitatibus,
3186 1418 3304 1474 aliis
3325 1415 3629 1487 huiusmodi

2050 1517 2421 1574 occasionibus
2439 1536 2452 1572 :
2471 1516 2597 1586 quid
2617 1515 2912 1570 iaciendum
2929 1515 2953 1568 ?
2979 1528 3144 1570 eosne
3159 1527 3246 1568 om
3254 1526 3348 1568 nes
3364 1510 3626 1576 aversari,

2049 1619 2104 1664 et
2125 1617 2204 1664 tot
2231 1617 2417 1679 portus
2447 1607 2768 1664 obstruere?
2792 1607 2975 1676 ecquis
2998 1604 3286 1675 naufragiis
3317 1602 3444 1658 hinc
3463 1602 3629 1673 partis

2051 1702 2340 1769 suffecerit,
2371 1701 2602 1768 ï¬‚etibus,
2628 1700 2896 1765 lamentis,
2926 1697 3213 1768 eiulatibus
3241 1695 3474 1766 undique
3498 1695 3633 1750 alla-

2055 1793 2158 1848 tis?
2181 1793 2257 1848 Ne
2283 1808 2409 1864 ergo
2431 1802 2632 1848 temere
2659 1792 2941 1863 loquamur
2958 1788 3102 1860 quod
3124 1790 3177 1844 in
3205 1799 3438 1844 mentem
3469 1801 3632 1842 vene-

2055 1887 2145 1940 rit.
2173 1885 2327 1941 Nunc
2353 1886 2518 1952 enim,
2552 1895 2609 1939 ut
2631 1884 2738 1956 iam
2777 1884 2906 1947 dixi,
2939 1883 3176 1938 rationes
3205 1882 3360 1938 vobis
3404 1880 3632 1936 reddere

2055 1978 2225 2049 parati
2247 1993 2452 2034 sumus.
2495 1977 2555 2034 Si
2599 1989 2778 2032 autem
2825 1990 2982 2032 secus
3026 1989 3116 2031 res
3163 1989 3223 2030 se
3280 1973 3524 2039 haberet,
3577 1981 3634 2028 et

2054 2071 2099 2127 si
2128 2071 2380 2127 doctores
2409 2071 2680 2126 haberetis
2708 2077 3012 2138 corruptos,
3038 2068 3128 2138 qui
3157 2066 3333 2122 omnia
3381 2073 3636 2135 raperent

2055 2175 2111 2222 et
2132 2164 2276 2220 avari
2299 2174 2496 2229 essent,
2523 2178 2695 2234 neque
2717 2164 2794 2218 sic
2815 2161 3057 2233 purgatio
3072 2169 3247 2216 vestra
3273 2167 3419 2214 esset
3444 2174 3632 2214 eorum

2057 2257 2314 2329 nequitia.
2341 2257 2473 2313 Nam
2501 2257 2759 2326 benignus
2795 2255 2884 2310 ille
2908 2264 2964 2310 et
2991 2253 3416 2324 sapientissimus
3443 2252 3632 2320 unige-

2057 2355 2202 2410 nitus
2231 2353 2325 2409 Dei
2357 2353 2524 2408 Filius
2552 2352 2730 2407 omnia
2766 2351 2976 2416 videns,
3020 2350 3306 2420 sciensque
3333 2347 3473 2418 quod
3503 2361 3636 2402 con-

2058 2448 2226 2517 tingat
2269 2445 2466 2502 multos
2513 2445 2565 2500 in
2613 2445 2867 2500 diuturno
2915 2451 3252 2514 temporeâ€˜et
3299 2451 3444 2496 tanto
3491 2440 3638 2495 orbis

2058 2539 2231 2612 spatio
2255 2553 2378 2595 esse
2419 2537 2728 2594 sacerdotes
2755 2545 3076 2607 corruptos;
3107 2545 3165 2590 ut
3191 2551 3260 2591 ne
3290 2551 3387 2605 per
3424 2534 3636 2588 illorum

2061 2630 2338 2694 incuriam,
2369 2644 2554 2685 eorum
2587 2629 2675 2699 qui
2704 2629 2833 2699 ipsis
2862 2627 3056 2683 subditi
3106 2635 3231 2682 sunt
3264 2626 3509 2682 socordia
3543 2641 3636 2680 au-

2059 2732 2266 2794 geatur,
2293 2737 2506 2778 omnem
2529 2722 2724 2777 tollens
2749 2721 3084 2792 negligentiae
3109 2718 3507 2776 excusationem
3529 2719 3636 2773 ait:

2063 2817 2234 2887 Super
2263 2815 2560 2870 cathedram
2586 2813 2782 2885 Moysi:
2820 2813 3055 2868 sederunt
3081 2812 3261 2866 scriba:
3283 2821 3330 2866 et
3367 2809 3638 2864 Pharisaei.

2064 2907 2251 2963 Omnia
2275 2922 2416 2978 ergo,
2445 2921 2562 2974 quia
2596 2905 2818 2960 dixerint
2846 2905 2984 2958 vobis
3022 2907 3207 2975 facere,
3237 2903 3431 2974 facile:
3459 2918 3642 2956 secun-

2061 2999 2184 3052 dum
2211 3013 2367 3067 opera
2406 3007 2575 3051 autem
2603 2997 2808 3050 illorum
2842 3012 2905 3050 ne
2949 2995 3147 3064 faciatis
3185 2993 3401 3065 (Matth.
3430 2994 3520 3048 ÎµÎ´.
3549 2993 3640 3065 2);

2061 3089 2373 3156 ostendens,
2395 3087 2538 3159 quod
2567 3087 2778 3143 etiamsi
2797 3085 3070 3142 doctorem
3096 3084 3399 3156 improbum
3422 3083 3640 3150 habeas,

2062 3183 2194 3238 nihil
2223 3181 2316 3236 tibi
2341 3179 2598 3252 prodesse
2630 3179 2844 3250 poterit.
2886 3178 2988 3233 nisi
3018 3179 3084 3234 iis
3123 3193 3243 3248 qua:
3281 3178 3532 3233 dicuntur
3559 3186 3645 3232 at-

2064 3274 2271 3332 tendas.
2305 3273 2488 3346 Neque
2513 3273 2654 3328 enim
2698 3272 2766 3327 ab
2804 3271 2870 3327 iis
2895 3286 3015 3342 quae
3043 3270 3233 3326 doctor
3258 3279 3511 3342 operatus
3539 3279 3643 3334 est,

2063 3369 2158 3426 sed
2183 3368 2250 3422 ab
2272 3368 2336 3422 iis
2359 3381 2479 3438 qua:
2503 3365 2718 3430 audisti,
2744 3379 2844 3420 nec
2870 3355 3200 3434 obsequutus
3220 3363 3326 3419 illis
3349 3378 3408 3418 es
3429 3381 3443 3416 :
3466 3362 3533 3419 ab
3562 3362 3647 3418 liis

2066 3460 2160 3516 tibi
2185 3459 2449 3516 calculum
2481 3457 2620 3513 feret
2646 3458 2806 3512 Deus.
2841 3456 3023 3526 Itaque
3061 3455 3105 3511 si
3131 3470 3194 3510 ea
3225 3470 3347 3525 quae
3377 3464 3640 3524 praecepta

2064 3562 2189 3609 sunt
2216 3552 2428 3614 feceris,
2459 3566 2580 3606 cum
2627 3549 2795 3604 multa
2826 3559 2950 3604 tunc
2975 3548 3143 3604 stabis
3171 3547 3397 3614 ï¬ducia;
3445 3547 3488 3602 si
3518 3562 3647 3602 vero

2065 3646 2225 3702 dictis
2251 3660 2357 3700 non
2385 3643 2714 3714 obsequutus
2739 3641 2922 3707 lueris,
2953 3642 3162 3697 etiamsi
3191 3641 3333 3695 mille
3360 3650 3646 3710 corruptos

2068 3737 2376 3795 sacerdotes
2403 3736 2678 3802 ostendas,
2713 3735 2847 3791 nihil
2872 3735 2976 3790 hoc
3005 3735 3097 3789 tibi
3125 3733 3378 3805 proderit.
3424 3732 3557 3787 Nam
3589 3741 3645 3785 et

2067 3829 2231 3886 Iudas
2269 3828 2545 3899 apostolus
2570 3835 2718 3892 erat;
2751 3825 2856 3881 hoc
2899 3834 3078 3881 tamen
3125 3824 3252 3880 nihil
3279 3837 3534 3893 umquam
3562 3836 3650 3877 sa-

2069 3937 2283 3980 crorum
2300 3920 2623 3993 expilatores
2638 3928 2694 3975 et
2711 3932 2904 3974 avaros
2920 3918 3216 3974 excusabit.
3241 3916 3425 3988 Neque
3452 3915 3653 3985 poterit

2070 4014 2193 4086 quis
2217 4022 2501 4069 accusatus
2525 4010 2708 4068 dicere
2742 4027 2756 4063 :
2787 4009 3073 4065 Enimvero
3098 4009 3371 4080 apostolus
3398 4007 3484 4062 fur
3508 4015 3645 4072 erat,

2071 4120 2346 4162 sacrorum
2367 4104 2632 4175 expilator
2653 4112 2707 4159 et
2735 4101 2974 4173 proditor
3002 4120 3016 4156 :
3041 4101 3134 4158 sed
3168 4100 3271 4156 hoc
3301 4115 3398 4156 nos
3419 4101 3649 4155 maxime

2072 4199 2335 4269 supplicio
2357 4195 2530 4252 tradet
2553 4205 2608 4252 et
2627 4193 2922 4261 damnabit,
2945 4194 3087 4265 quod
3113 4208 3220 4249 non
3248 4193 3470 4248 aliorum
3493 4192 3650 4246 malis

2073 4292 2140 4348 ad
2166 4307 2351 4347 sanam
2371 4299 2604 4345 mentem
2630 4287 2835 4344 reducti
2865 4289 3054 4344 simus.
3085 4287 3212 4343 Ideo
3237 4289 3378 4343 enim
3401 4286 3486 4342 illa
3515 4285 3651 4339 scri-

2073 4394 2164 4456 pta
2193 4391 2336 4448 sunt,
2386 4391 2444 4436 ut
2473 4381 2736 4450 fugiamus
2774 4379 2987 4435 illorum
3032 4380 3406 4435 imitationem.
3452 4359 3655 4432 Idcirco

2075 4477 2217 4531 hunc
2243 4484 2299 4530 et
2325 4475 2473 4529 illum
2503 4473 2890 4542 relinquentes,
2937 4471 3091 4528 nobis
3116 4471 3247 4541 ipsis
3275 4468 3614 4526 attendamus
3639 4485 3654 4522 :

2076 4567 2442 4637 unusquisque
2485 4563 2628 4619 enim
2676 4573 2915 4619 nostrum
2958 4578 3056 4634 pro
3101 4580 3162 4620 se
3199 4563 3464 4619 rationem
3507 4562 3658 4617 dabit

2077 4660 2211 4716 Deo.
2257 4657 2329 4714 Ut
2370 4671 2501 4728 ergo
2542 4657 2680 4711 hanc
2717 4655 2979 4711 rationem
3020 4670 3144 4710 cum
3192 4655 3332 4709 bona
3371 4652 3660 4708 reddamus

2077 4752 2415 4825 purgatione,
2449 4759 2688 4806 nostram
2730 4764 3114 4819 componamus
3143 4749 3329 4816 vitam,
3373 4758 3427 4803 et
3455 4747 3658 4816 largam

2079 4861 2296 4903 manum
2323 4845 2506 4916 egenis
2534 4845 2871 4915 porrigamus
2899 4861 2913 4898 :
2945 4844 3179 4898 scientes
3202 4843 3340 4896 hanc
3361 4842 3528 4896 solam
3559 4855 3658 4894 uo-

2078 4948 2244 4996 stram
2269 4952 2389 4994 esse
2409 4936 2799 5002 defensionem,
2824 4937 2869 4990 si
2897 4935 3244 4991 ostendamus
3271 4947 3372 4989 nos
3392 4943 3658 5003 praecepta

2078 5044 2227 5090 recte
2245 5035 2567 5101 exseqututos
2584 5043 2738 5093 esse;
2768 5028 3075 5099 nullamque
3094 5041 3221 5084 esse
3241 5026 3420 5082 aliam.
3443 5024 3498 5080 Si
3525 5025 3668 5080 hanc

2079 5126 2334 5183 exhibere
2363 5124 2650 5194 possimus,
2682 5120 3044 5176 intolerabiles
3072 5120 3192 5175 illos
3219 5118 3480 5190 gehennm
3504 5116 3665 5172 dolo-

2081 5234 2169 5276 res
2208 5217 2541 5288 etl'ugiemus,
2587 5224 2642 5269 et
2671 5214 2847 5269 futura
2890 5227 3286 5284 consequemur
3327 5211 3508 5266 bona:
3541 5222 3664 5278 quae

2081 5327 2180 5367 nos
2221 5325 2409 5366 omnes
2447 5309 2667 5378 adipisci
2702 5309 2994 5376 contingat,
3025 5305 3194 5377 gratia
3237 5315 3292 5360 et
3333 5301 3663 5372 benignitate

2083 5402 2293 5458 Domini
2341 5402 2508 5457 nostri
2555 5400 2682 5456 Iesu
2731 5398 2954 5465 Christi,
3003 5400 3219 5471 quicum
3259 5397 3404 5453 Patri
3451 5409 3664 5467 unaque

2083 5493 2304 5565 Spiritui
2355 5503 2540 5550 sancto
2583 5493 2774 5564 gloria,
2823 5493 3132 5562 imperium,
3190 5492 3383 5560 honor,
3423 5503 3566 5546 nunc
3611 5501 3664 5548 et

2083 5600 2317 5656 semper,
2347 5596 2400 5641 et
2425 5586 2478 5641 in
2503 5585 2696 5642 sarcula
2723 5586 3064 5642 saeculorum.
3098 5587 3291 5641 Amen.
