4086 6214
348 264 462 322 ne
1348 270 1413 327 IN
1456 270 1677 328 EPIST.
1712 272 1735 327 ι

343 381 461 433 ἀπὸ
498 378 774 449 πελάγους
813 382 1016 438 κύαθον
1051 385 1166 458 δοίη
1190 428 1204 448 ,
1239 387 1329 439 καὶ
1371 388 1507 461 μηδὲ
1535 388 1711 460 χήρας
1741 405 1931 457 γυναι-

342 462 444 527 κὸς
477 464 886 537 μεγαλοψυχίαν
932 468 1221 544 ζηλώσῃςς
1271 472 1388 537 πῶς
1433 473 1490 526 δὲ
1541 475 1709 542 ἐρεῖς,
1732 473 1928 540 Κύριε,

338 547 614 617 ἐλέησόν
632 567 711 619 με
737 552 890 607 κατὰ
914 554 983 608 τὸ
1010 554 1165 624 μέγα
1190 557 1363 623 ἔλεός
1387 573 1528 621 σου,
1562 556 1662 611 καὶ
1685 558 1835 611 κατὰ
1862 556 1931 609 τό

337 632 587 703 πλῆθος
608 634 723 689 τῶν
739 638 1059 709 οἰκτιρμῶν
1077 655 1196 694 σου
1214 640 1545 711 ἐξάλειψον
1563 643 1631 696 τὸ
1654 640 1932 711 ἀνόμημὰ

331 734 483 786 μου·
518 721 579 772 οὐ
612 721 755 773 κατά
792 722 855 776 τὸ
894 725 1039 792 μέγα
1084 724 1234 789 ἔλεος
1271 726 1434 791 αὑτὸς
1469 726 1658 793 ἐλεῶν,
1692 726 1836 797 τάχα
1872 725 1932 778 δὲ

336 799 465 853 οὐδὲ
496 803 640 856 κατά
668 804 729 857 τὸ
756 807 954 877 μικρόν
980 825 995 872 ;
1036 810 1148 862 Kal
1180 808 1289 881 γὰρ
1320 810 1530 880 σφόδρα
1578 808 1929 880 αἰσχύνομαι,

335 884 470 938 ὅταν
498 886 596 940 ίδω
624 886 857 953 πολλοὺς
882 889 991 944 τῶν
1014 890 1392 946 πλουτούντων
1416 895 1502 962 ἐφ’
1528 892 1711 947 ῖππων
1734 908 1929 963 χρυσο⁸

334 970 575 1040 χαλίνων
623 974 997 1045 φερομένους,
1050 977 1147 1030 καὶ
1197 977 1415 1041 οἰκέτας
1459 976 1930 1049 χρυσοφοροῦντας

334 1057 811 1127 ἐπισυρομένους,
844 1060 940 1113 καὶ⁵
993 1059 1184 1126 κλίνας
1234 1063 1484 1133 ἀργυρᾶς
1535 1061 1780 1133 ἔχοντας,
1835 1061 1931 1114 καὶ

331 1140 534 1211 ἑτέραν
567 1140 791 1216 πλείονα
820 1144 1145 1212 φαντασίαν,
1185 1146 1279 1198 καὶ
1301 1145 1466 1216 ἡνίκα
1510 1144 1578 1199 ἀν
1617 1144 1812 1216 πένητι
1833 1143 1929 1216 δέῃ

331 1210 666 1296 παρασχεῖν,
690 1210 801 1279 τῶν
832 1210 1038 1299 σφόδρα
1072 1210 1332 1301 πενήτων·
1363 1229 1739 1301 πτωχοτέρους
1777 1242 1927 1297 γινο-

333 1312 560 1381 μένους.
607 1311 769 1366 ama:
812 1313 898 1377 τίς
943 1316 973 1367 6
1014 1315 1185 1379 πολὺς
1230 1315 1410 1370 αὑτῶν
1438 1315 1636 1383 λόγος;
1682 1314 1835 1384 Ἔχει
1866 1312 1928 1366 τὸ

328 1395 515 1448 κοινὸν
543 1394 645 1464 τῆς
672 1393 1027 1466 Ἐκκλησίας,
1057 1399 1213 1469 φησί.
1251 1399 1360 1453 Καὶ
1386 1398 1437 1452 τί
1466 1397 1625 1451 τοῦτο
1654 1396 1792 1469 πρὶς
1823 1397 1882 1449 σέ
1906 1413 1922 1463 ;

328 1478 455 1532 οὑδὲ
492 1477 622 1550 γάρ,
650 1478 748 1533 ἐὰν
776 1479 888 1548 ἐγὼ
912 1480 1008 1545 δῶ,
1052 1484 1118 1537 σὺ
1161 1482 1449 1552 διεσώθης·
1483 1482 1592 1535 οὐδ’
1626 1480 1694 1535 ἂν
1721 1483 1756 1552 ἡ
1798 1480 1924 1535 Ἐκ-

327 1566 536 1636 κλησία
579 1569 863 1641 παράσχῃ,
910 1570 974 1623 σὺ
1024 1568 1094 1622 τὰ
1133 1570 1507 1642 ἁμαρτήματα
1540 1568 1830 1640 ἐξήλειψας
1856 1567 1925 1620 τά

329 1654 425 1707 σά.
463 1655 528 1707 ΕΞ
559 1655 667 1725 γὰρ
691 1663 711 1685 ⁸
745 1654 834 1708 διὰ
857 1653 1015 1708 τοῦτο
1040 1654 1101 1707 ού
1134 1653 1313 1721 δίδως,
1342 1655 1530 1728 ἐπειδὴ
1558 1657 1591 1727 ἡ
1628 1653 1925 1726 Ἐκκλησία

327 1741 541 1809 ὀφείλει
590 1741 777 1794 δοῦναι
827 1743 940 1803 τοῖς
986 1739 1293 1812 δεομένοις·
1341 1741 1528 1814 ἐπειδὴ
1574 1739 1824 1812 εὔχονται
1873 1742 1922 1794 οί

327 1826 532 1895 ἱερεῖς,
568 1824 632 1878 σὺ
667 1825 767 1878 οὑκ
807 1823 939 1896 εὔξῃ
987 1825 1150 1892 ποτέ;
1200 1826 1294 1879 καὶ
1339 1825 1527 1897 ἐπειδὴ
1572 1824 1922 1897 νηστεύουσιν

324 1910 538 1978 ἕτεροι,
572 1909 637 1962 σὺ
669 1907 989 1980 μεθυσθήσῃ
1034 1908 1341 1978 διηνεκῶς;
1372 1911 1473 1964 ούκ
1511 1906 1688 1973 οἶσθα,
1714 1911 1797 1962 ὅτι
1825 1909 1922 1980 οὐχ

327 1993 477 2047 οῦτω
499 1993 590 2046 διά
619 1992 745 2056 τοὺς
781 1992 1019 2063 πένητας
1060 1994 1127 2046 τὰ
1163 1994 1293 2065 περὶ
1316 1992 1690 2066 ὲλεημοσύνης
1732 1995 1923 2064 ἐνομο-

323 2074 564 2148 θέτησεν
608 2072 637 2128 6
669 2075 832 2139 Θέδς,
888 2076 964 2138 ὡς
1009 2077 1076 2129 δι’
1121 2076 1321 2140 αὐτοὺς
1369 2077 1498 2143 τοὺς
1546 2077 1918 2148 παρέχοντας;

338 2159 488 2213 Ἀλλ’
528 2158 857 2222 ὑποπτεύεις
891 2158 980 2212 τὸν
1026 2159 1210 2232 ἱερέας
1259 2160 1518 2215 Μάλιστα
1564 2162 1665 2233 μὲν
1709 2160 1919 2232 χαλεπὴ

319 2246 425 2299 καὶ
452 2243 616 2298 τοῦτο
648 2243 915 2315 ἁμαρτία·
951 2243 1087 2316 πλὴν
1111 2245 1264 2298 οὐδὲν
1294 2245 1792 2318 ἀκριϐολογοῦμαι·
1832 2245 1921 2301 διὰ

322 2328 533 2382 σαυτοῦ
564 2328 744 2382 πάντα
784 2330 948 2389 ποίει,
985 2327 1079 2381 καὶ
1106 2327 1328 2382 διπλοῦν
1360 2328 1503 2383 οὕτω
1531 2327 1799 2402 καρπώσῃ
1829 2329 1919 2383 τὸν

324 2412 547 2483 μισθόν.
577 2413 690 2467 Καὶ
712 2411 821 2484 γὰρ
851 2411 994 2485 άπερ
1016 2413 1177 2483 ἡμεῖς
1196 2413 1337 2485 ὑπὲρ
1362 2413 1731 2486 έλεημοσύνης
1762 2414 1919 2483 λέγου-

319 2512 464 2565 μεν,
514 2497 616 2566 οὑχ
648 2496 735 2548 ῖνα
783 2496 917 2567 ἡμῖν
968 2497 1328 2570 προσαγάγῃς
1381 2497 1632 2569 λέγομεν,
1684 2497 1803 2551 ἀλλ’
1833 2497 1918 2551 ίνα

316 2578 494 2642 αὑτὸς
521 2578 612 2633 διά
638 2578 837 2633 σαυτοῦ
881 2579 1159 2652 διακονῇς.
1205 2582 1362 2652 Ἐμοὶ
1398 2583 1497 2653 μὲν
1529 2582 1640 2655 γὰρ
1673 2583 1915 2655 προσφέ·

319 2682 464 2738 ρων,
519 2665 651 2728 ῖσως
697 2664 792 2719 καὶ
834 2664 1114 2737 κενοδοξία
1166 2665 1374 2740 ἀλὼσῃ,
1422 2666 1687 2733 πολλάκις
1724 2668 1781 2722 δὲ
1824 2669 1919 2724 καὶ

318 2746 742 2813 σκανδαλισθεὶς
769 2748 1047 2823 ἀπελεύσῃ
1087 2749 1166 2822 τῷ
1202 2751 1419 2823 πονηρά
1451 2751 1819 2806 ὑποπτεῦσαι·
1850 2752 1917 2808 ἂν

316 2830 377 2884 δὲ
404 2829 479 2884 δι’
516 2831 726 2885 ἑαυτῶν
776 2831 956 2887 πάντα
994 2835 1215 2906 ποιῆτε,
1255 2834 1350 2888 καὶ
1389 2834 1701 2889 σκανδάλων
1741 2836 1910 2891 ἀπαλ-

317 2913 632 2982 λαγήσεσθε
668 2916 762 2970 καὶ
792 2915 1028 2986 ὑποψίας
1058 2917 1264 2972 ἀτόπου
1283 2958 1299 2971 .
1345 2918 1439 2973 καὶ
1480 2918 1686 2974 πλείων
1729 2920 1859 2993 ὑμῖν
1886 2921 1917 2975 6

319 2997 541 3066 μισθός.

380 3080 529 3147 ζ’.υὺ
554 3082 735 3138 τοίνυν
758 3084 1147 3156 ἐκϐιαζόμενος
1165 3085 1194 3138 ὑ
1202 3087 1310 3157 μᾶς
1330 3085 1567 3141 ἐνταῦθα
1585 3086 1835 3160 κομίζειν
1847 3086 1917 3143 τὰ

318 3167 607 3238 χρήματα,
638 3169 815 3223 ταῦτα
835 3169 1000 3237 λέγω.
1023 3170 1146 3224 οὑδὲ
1170 3170 1498 3249 ἀγανακτῶν
1521 3172 1663 3244 ὑπὲρ
1685 3172 1796 3228 τῶν
1817 3166 1928 3228 ιτα-ι’

318 3251 431 3315 κῶς
463 3251 776 3307 ἀκουόντων
804 3254 1022 3325 ἱερέων.
1084 3255 1149 3308 Εἰ
1177 3256 1284 3327 γὰρ
1318 3256 1651 3325 ἀγανακτεῖν
1686 3256 1793 3330 χρὴ
1819 3259 1916 3313 καὶ

320 3334 530 3402 ἀλγεῖν,
569 3336 713 3408 ὑπὲρ
741 3337 897 3407 ὑμῶν
923 3337 1110 3407 ἀλγεῖν
1149 3338 1233 3392 δεῖ
1258 3338 1367 3393 τῶν
1399 3339 1669 3410 λεγόντων
1704 3342 1910 3407 κακῶς.

317 3417 474 3491 U90]
495 3419 622 3484 Τοῖς
648 3418 748 3490 μὲν
770 3420 877 3493 γὰρ
909 3422 1203 3477 ἀκούουσιν
1229 3423 1351 3495 εἰκῆ
1387 3424 1481 3477 καὶ
1508 3424 1688 3497 μάτην
1724 3426 1914 3491 κακῶς

314 3505 348 3557 6
372 3504 571 3574 μισθὸς
606 3504 831 3575 μείζων,
864 3508 978 3571 τοῖς
1018 3506 1076 3561 δὲ
1103 3507 1321 3577 λέγουσι
1343 3509 1408 3563 τὸ
1448 3512 1626 3581 κρῖμα
1651 3511 1746 3566 καὶ
1770 3513 1802 3582 ἡ
1826 3527 1911 3564 τι-

320 3589 508 3658 μωρία
543 3586 844 3660 βαρυτέρα.
875 3591 951 3644 οὑ
983 3589 1164 3645 τοίνυν
1184 3592 1324 3665 ὑπὲρ
1345 3593 1527 3647 αὑτῶν
1545 3591 1719 3648 ταῦτα
1745 3594 1911 3664 λέγω,

319 3671 436 3724 ἀλλ’
467 3672 628 3743 ὑμῶν
677 3674 975 3745 κηδόμενος
1021 3677 1119 3729 καὶ
1168 3677 1489 3748 φροντίζων.
1541 3678 1606 3731 Τί
1636 3679 1743 3751 γὰρ
1785 3679 1909 3734 θαυ-

324 3757 555 3825 μαστὸν,
608 3758 658 3811 εί
712 3758 807 3811 ἐπὶ
835 3758 939 3829 τῆς
966 3760 1161 3830 γενεᾶς
1196 3777 1340 3827 τινες
1370 3761 1767 3817 ὑποπτεύονται
1812 3765 1913 3834 τῆς

316 3842 625 3911 ἡμετέρας,
652 3842 787 3896 ὅπου
831 3859 895 3911 γε
925 3844 1153 3898 ἐπὶτῶν
1187 3845 1360 3914 ἀγίων
1392 3846 1616 3902 ἐκείνων
1651 3849 1761 3903 τῶν
1786 3849 1912 3912 τοὺς

317 3927 594 3995 ἀγγέλους
616 3928 1037 3999 μιμησαμένων,
1058 3929 1164 3983 τῶν
1196 3930 1347 3985 οὐδὲν
1377 3931 1510 3985 ῑδιον
1536 3933 1911 4004 κεκτημένων,

315 4011 439 4066 τῶν
466 4011 779 4067 ἀποστόλων
810 4012 975 4082 λέγω,
1021 4014 1340 4086 γογγυσμὸς
1378 4010 1447 4087 ἦν
1479 4017 1539 4071 ὲν
1567 4020 1634 4089 τῇ
1666 4018 1913 4092 διακονία

319 4094 441 4148 τῶν
480 4095 680 4165 χηρῶν.
710 4097 794 4151 ὅτι
823 4096 1279 4168 παρεθεωροῦντο
1310 4099 1361 4153 οἱ
1404 4099 1656 4171 πένητες,
1693 4102 1782 4157 ὅτε
1824 4103 1914 4156 οὑ-

318 4178 444 4242 63i;
470 4197 524 4233 τι
550 4179 654 4233 τῶν
673 4181 1031 4254 ὑπαρχόντων
1054 4181 1206 4254 αὑτῷ
1231 4181 1421 4251 ἔλεγεν
1446 4182 1575 4239 ῖδιον
1610 4179 1771 4251 εἶναι,
1794 4185 1911 4240 ἀλλ’

316 4256 393 4333 ἦν
421 4262 605 4328 αὑτοῖς
643 4263 862 4319 ἅπαντα
898 4265 1093 4329 κοινάς
1128 4265 1220 4337 Μὴ
1264 4264 1329 4338 δὴ
1359 4267 1563 4330 ταύτας
1593 4267 1911 4341 προϐαλλώ-

321 4346 467 4417 μεθα
484 4346 584 4412 τὰς
612 4348 939 4419 προφάσεις,
966 4349 1103 4421 μηδὲ
1126 4349 1424 4416 ἀπολογίαν
1444 4346 1583 4406 εἶναι
1604 4351 1913 4425 νομίζωμεν

314 4431 379 4485 τὺ
411 4433 511 4502 τὴν
527 4432 858 4504 Ἐκκλησίαν
901 4431 1075 4487 πολλὰ
1112 4433 1440 4504 κεκτῆσθαι.
1476 4435 1646 4488 Ὅταν
1677 4435 1787 4506 γὰρ
1814 4436 1913 4507 τῆς

313 4515 506 4578 οὐσίας
539 4516 715 4587 αὐτῆς
738 4515 801 4571 τὸ
831 4516 1062 4587 μέγεθος
1096 4516 1240 4591 ῐδῃς,
1274 4517 1527 4589 ἐννόησον
1559 4519 1653 4572 καὶ
1682 4518 1793 4573 τῶν
1823 4522 1913 4589 ἐγ-

314 4599 727 4672 γεγραμμένων
759 4602 1010 4671 πενήτων
1038 4598 1136 4664 τάς
1160 4600 1387 4670 ἀγέλας.
1435 4600 1541 4655 τῶν
1569 4602 1913 4674 ἀρρωστούν-

313 4700 427 4738 των
461 4682 536 4737 τά
565 4683 767 4755 πλήθη,
799 4682 909 4737 τῶν
938 4683 1150 4756 μυρίων
1172 4683 1450 4756 χορηγιῶν
1477 4685 1576 4750 τὰς
1602 4686 1908 4752 ὑποθέσεις·

316 4768 711 4841 περιέργασαι,
744 4768 1300 4841 πολυπραγμόνησον,
1340 4770 1514 4835 οὐδεὶς
1553 4773 1584 4825 6
1627 4771 1908 4835 κωλύσων,

319 4853 461 4908 ἀλλά
493 4854 591 4907 καὶ
622 4853 832 4924 ἕτοιμοι
864 4853 1023 4923 λόγον
1052 4854 1182 4925 ὑμῖν
1213 4857 1538 4925 παρασχεῖν.
1571 4855 1717 4927 Πλὴν
1742 4856 1912 4927 ὑπερο

318 4934 487 5008 ϐολὴν
516 4936 847 5008 ποιήσασθαι
876 4936 1166 5009 βούλομαι.
1203 4939 1371 4992 Ὅταν
1404 4940 1513 5013 γάρ
1535 4941 1911 5012 παράσχωμεν

317 5020 421 5085 τὰς
452 5022 709 5085 εὐθύνας,
736 5021 832 5075 καὶ
852 5020 1119 5094 δείξωμεν
1150 5022 1253 5077 οὑκ
1281 5022 1544 5077 ἐλάττονα
1579 5023 1684 5092 τῆς
1741 5040 1912 5096 προσ-

313 5104 440 5158 όδου
466 5106 572 5175 τὴν
598 5105 845 5176 δαπάνην
871 5103 1059 5170 οὖσαν,
1111 5106 1227 5160 ἀλλ’
1254 5105 1400 5161 ἐστιν
1437 5107 1571 5161 ὅπου
1597 5107 1692 5162 καὶ
1715 5108 1906 5176 πλείω,

313 5188 489 5258 ἡδέως
514 5189 581 5243 ἂν
607 5189 755 5259 ὑμᾶς
788 5192 967 5245 έκεῖνο
1005 5189 1254 5262 ἐροίμην·
1288 5190 1450 5261 ἡνίκα
1486 5190 1553 5246 ἂν
1581 5193 1909 5265 ἀπέλθωμεν

315 5274 454 5337 ἐκεῖ,
473 5275 572 5327 καὶ⁵
592 5272 919 5345 ἀκούσωμεν
939 5273 1034 5328 τοῦ
1060 5273 1297 5345 Χριστοῦ
1317 5274 1587 5344 λέγοντος,
1606 5276 1910 5335 Πειγύντά

315 5372 393 5423 με
435 5356 661 5426 εἴδετε,
716 5358 816 5413 καὶ
868 5361 980 5413 οὐκ
1025 5358 1347 5429 ἐθρέψατε,
1403 5360 1654 5431 γυμνὸν,
1704 5362 1802 5417 καὶ
1835 5365 1908 5419 οὑ

314 5440 721 5509 περιεϐάλετέ,
740 5442 794 5495 τί
821 5441 1054 5514 ἐροῦμεν
1078 5459 1094 5508 ;
1121 5443 1174 5496 τί
1205 5444 1261 5498 δὲ
1286 5444 1775 5516 ἀπολογησόμεθα-ς
1803 5448 1910 5503 Τὸν

313 5522 467 5578 δεῖνα
497 5526 593 5578 καὶ
639 5524 733 5578 τὸν
761 5524 912 5580 δεῖνα
944 5527 1023 5590 είς
1054 5526 1218 5598 μέσον
1244 5528 1465 5599 οῖσομιν
1497 5528 1588 5584 τδν
1620 5530 1908 5603 παρακού-

318 5625 494 5662 σαντα
511 5609 741 5673 τούτων,
786 5613 881 5665 καί
922 5628 1071 5676 τινας
1103 5610 1214 5666 τῶν
1258 5611 1454 5687 ἱερέων
1482 5614 1592 5670 τῶν
1610 5616 1904 5685 ὑπόπτωνς

382 5757 399 5778 ⁸
433 5755 613 5808 Deerat
636 5757 678 5807 εἶ
708 5758 815 5822 γάρ.

1803 272 1896 331 AD
1926 271 2085 329 COR.
2129 270 2369 330 ιιυιιιι..
2411 272 2549 330 XXI.

3518 279 3624 335 180

2036 388 2143 440 Καὶ
2170 388 2225 440 τί
2247 388 2407 443 τοῦτο
2441 391 2579 464 πρὸς
2618 389 2716 447 σέ;
2751 386 2862 460 ἐγὼ
2894 393 3004 462 γάρ
3036 407 3119 444 σοι
3153 388 3392 457 ἐγκαλῶ,
3420 395 3614 462 φησὶν,

2034 470 2178 540 ἀπερ
2235 472 2397 536 αὐτὸς
2428 475 2697 546 ἥμαρτες.
2746 476 3035 545 ’Δπολογία
3088 474 3146 529 δὲ
3193 473 3401 528 τούτων
3449 475 3510 529 τδ
3549 480 3618 529 τὸ

2031 554 2208 609 οἰκεῖα
2240 556 2645 611 ἀπολούσασθαι
2675 559 3072 631 ἁμαρτήματα.
3101 558 3163 614 οὑ
3196 560 3259 612 τὸ
3291 557 3461 623 δεῖξαι
3500 559 3614 612 έτέ-

2034 653 2161 708 ρους
2204 639 2273 694 τά
2324 641 2467 696 αὑτά
2515 658 2599 696 σοι
2644 643 3203 716 πεπλημμεληκότας.
3269 643 3383 698 Kal
3442 643 3554 715 γὰρ
3583 646 3618 714 ἡ

2045 719 2344 792 Ἐκκλησία
2375 722 2464 778 διὰ
2489 726 2587 795 τὴν
2616 727 2892 798 ὑμετέραν
2915 726 3268 799 μικρολογίαν
3288 726 3432 797 ἔχειν
3457 727 3621 794 ἀναγ⁶

2031 804 2260 870 κάζεται
2300 807 2446 879 ἅπερ
2478 807 2594 880 ἔχει
2624 810 2741 864 νῦν·
2786 811 2862 875 ὡς
2886 811 2939 865 εί
2966 829 3032 881 γε
3059 811 3202 866 κατά
3227 812 3353 875 τοὺς
3381 811 3616 865 ἀποστοο

2030 887 2213 955 λικοὺς
2246 892 2425 947 πάντα
2455 894 2727 966 ἔπραττον
2753 896 2972 967 νόμους,
2998 895 3263 969 πρόσοδον
3282 894 3452 965 αὐτῆς
3474 888 3615 948 εἶναι

2029 974 2198 1046 ἐχρῆν
2222 976 2324 1047 τὴν
2352 976 2628 1050 ὑμετέραν
2666 979 2914 1052 γνώμην,
2947 979 2977 1034 δ
3020 980 3115 1034 καὶ
3157 980 3405 1049 ταμιεῖον
3437 978 3618 1046 ἀσφα-

2028 1055 2118 1122 λὲς
2153 1059 2221 1113 ἂν
2242 1055 2313 1131 ἦν
2332 1062 2429 1115 καὶ
2455 1063 2732 1130 ἀνάλωτος
2759 1063 3055 1136 θησαυρός.
3083 1062 3200 1116 Νῦν
3229 1062 3287 1117 δὲ
3310 1063 3437 1115 ὅταν
3457 1062 3616 1131 ὑμεῖς

2031 1143 2130 1212 μὲν
2165 1144 2537 1218 θησαυρίζητε
2582 1148 2677 1200 ἐπὶ
2718 1148 2821 1218 τῆς
2864 1148 2989 1218 γῆς,
3037 1148 3134 1200 καὶ
3185 1146 3362 1200 πάντα
3411 1146 3469 1198 ἐν
3499 1145 3614 1208 τοῖς

2028 1227 2301 1296 ταμιείοις
2323 1229 2654 1302 ἀποκλείητε
2671 1233 2785 1296 τοῖς
2806 1231 3115 1303 ὑμετέροις.
3136 1227 3274 1298 αῦτη
3297 1228 3355 1282 δε
3379 1227 3617 1295 ἀνιιγκά⁶

2029 1309 2190 1381 ζηται
2218 1312 2468 1385 δαπανᾷν
2500 1314 2686 1386 χηρῶν
2729 1314 3038 1383 συλλόγοις,
3079 1311 3364 1385 παρθένων
3408 1311 3612 1382 χοροῖς.

2030 1392 2196 1458 ξένων
2224 1397 2568 1470 έπιδημίαις,
2602 1399 3034 1471 ἀποδημούντων
3066 1393 3484 1467 ταλαιπωρίαις,
3523 1393 3613 1448 62-

2029 1481 2264 1552 σμωτῶν
2288 1488 2617 1557 συμφοραῖς,
2641 1485 3073 1559 ἀρρωστούντων
3098 1484 3193 1538 καὶ
3218 1478 3613 1550 λελωϐημένων

2026 1564 2315 1635 ἀνάγκαις,
2338 1568 2555 1640 ἑτέραις
2572 1570 2850 1633 τοιαύταις
2874 1570 3204 1643 προφάσεσι,
3236 1567 3289 1619 τί
3309 1564 3389 1618 δεῖ
3409 1564 3608 1626 ποιεῖνξ

2026 1650 2469 1724 ἀποστρέφεσθαι
2498 1652 2722 1719 τούτους
2738 1656 3010 1719 ἅπαντας,
3027 1654 3119 1708 καὶ⁵
3139 1649 3426 1715 τοσούτους
3445 1663 3613 1718 προσο

2024 1733 2201 1804 χῶσαι
2234 1733 2493 1808 λιμένας;
2529 1739 2623 1792 καὶ
2648 1739 2732 1804 τίς
2760 1739 2827 1793 ἂν
2856 1743 2968 1801 τοῖς
2995 1737 3303 1809 γινομένοις
3330 1731 3612 1801 ναυαγίοις

2024 1817 2313 1887 ἀρκέσειε;
2340 1824 2453 1885 τοῖς
2474 1822 2751 1893 ὀδυρμοῖς,
2775 1826 2890 1887 τοῖς
2919 1823 3158 1894 θρήνοις,
3186 1821 3304 1883 ταῖς
3342 1815 3610 1887 οἰμωγαῖς

2023 1904 2142 1965 ταῖς
2176 1903 2514 1973 πανταχόθεν
2555 1908 2918 1977 φερομέναις;
2962 1907 3055 1977 Μὴ
3102 1905 3281 1957 τοίνυν
3332 1900 3519 1963 ἀπλῶς
3549 1895 3611 1951 τδ

2024 1984 2179 2038 ἐπιὸν
2216 1986 2603 2058 φθεγγώμεθα.
2636 1990 2752 2043 Νῦν
2774 1992 2874 2061 μὲν
2904 1990 3036 2061 γὰρ,
3065 1992 3203 2060 ὅπερ
3230 1986 3399 2057 ἔφθην
3417 1981 3606 2045 εἰπὼν.

2023 2071 2118 2123 καὶ
2162 2070 2263 2136 τάς
2293 2072 2526 2137 εὐθύνας
2548 2078 2855 2146 παρασχεῖν
2885 2076 3014 2146 ὑμῖν
3047 2074 3279 2145 ἕτοιμοι·
3314 2072 3364 2125 εί
3412 2070 3469 2123 δὲ
3508 2067 3607 2122 καὶ

2021 2149 2333 2205 τούναντίον
2352 2147 2439 2224 ἦν.
2464 2156 2562 2208 καὶ
2585 2153 3014 2228 διεφθαρμένους
3042 2153 3221 2225 είχετε
3251 2148 3608 2209 διδασκάλους

2021 2233 2117 2286 καὶ
2168 2234 2345 2289 πάντα
2395 2234 2747 2307 ἁρπάζοντας
2805 2239 2902 2292 καὶ
2947 2234 3441 2299 πλεονεκτοῦντας,
3484 2230 3609 2285 οὐδὲ

2019 2314 2194 2381 οὑτως
2222 2318 2351 2389 ὑμῖν
2375 2320 2640 2392 ἀπολογία
2682 2323 2716 2393 ή
2751 2323 2976 2377 ἐκείνων
3019 2320 3255 2394 πονηρία
3279 2315 3370 2392 ἦν.
3408 2318 3469 2371 ὐ
3496 2316 3606 2388 γὰρ

2020 2401 2403 2476 φιλάνθρωπος
2449 2406 2543 2460 καὶ
2597 2409 2905 2478 πάνσοφος,
2946 2411 2975 2462 6
3010 2406 3306 2478 μονογενὴς
3349 2403 3482 2468 Υἱὸς
3509 2399 3605 2456 τοῦ

2018 2486 2175 2553 Θεοῦ,
2224 2489 2254 2541 6
2305 2489 2487 2545 πάντα
2520 2492 2683 2563 ὀρῶν,
2716 2492 2811 2547 καὶ
2835 2490 2993 2556 εἰδὼς
3024 2493 3107 2546 ὅτι
3144 2488 3435 2562 συμϐαίνει
3474 2485 3605 2540 πολ-

2018 2568 2143 2637 λοὺς
2172 2574 2230 2627 ὲν
2248 2571 2401 2649 [191]
2424 2573 2505 2648 τῷ
2532 2576 2731 2650 μακρῷ
2761 2577 2939 2648 χρόνῳ
2964 2577 3059 2630 καὶ
3078 2578 3147 2648 τῇ
3167 2572 3406 2646 τοσαύτῃ
3426 2571 3606 2625 οἰκον·

2020 2654 2160 2731 μένῃ
2205 2657 2387 2731 ἱερέας
2414 2659 2669 2729 γενέσθαι
2700 2661 3151 2734 διεφθαρμένους·
3195 2660 3283 2713 ἵνα
3325 2658 3399 2729 μὴ
3434 2657 3467 2727 ἡ
3495 2653 3605 2708 τῶν

2018 2737 2340 2811 ἀρχομένων
2395 2742 2639 2816 ῥᾳθυμία
2703 2746 3038 2816 ἐπιτείνηται
3093 2742 3190 2819 διά¹
3229 2744 3330 2814 τῆς
3379 2740 3604 2793 ἐκείνων

2016 2821 2328 2897 ὀλιγωρίας,
2347 2829 2529 2882 πᾶσαν
2550 2828 2790 2900 ἀναιρῶν
2814 2826 3115 2898 ἀπολογίαν
3139 2823 3435 2898 ῥᾳθυμίας,
3471 2821 3600 2875 Ἐπί

2015 2906 2128 2975 τῆς
2153 2908 2450 2979 καθέδρας
2473 2912 2794 2981 Μωῦσέως,
2824 2911 3012 2982 φησὶν,
3032 2909 3323 2966 ἐκάθισαν
3348 2909 3402 2960 οί
3425 2922 3606 2977 wan-

2010 2990 2223 3060 ματεῖς
2262 2993 2361 3047 καί
2388 2997 2444 3047 οι
2469 2995 2800 3065 Φαρισαῖοι·
2841 2994 3038 3049 πάντα
3079 2988 3217 3057 οὖν,
3252 2991 3372 3046 ὅσα
3397 2989 3476 3044 ἂν
3498 2987 3603 3043 λέ-

2015 3091 2202 3144 γωσιν
2222 3075 2368 3146 ὑμῖν
2394 3079 2610 3144 ποιεῖν,
2630 3079 2873 3134 ποιεῖτε·
2897 3077 3049 3133 κατὰ
3066 3076 3136 3132 δὲ
3154 3075 3226 3132 τὰ
3249 3075 3393 3147 ἔργα
3407 3071 3608 3128 αὐτῶν

2009 3157 2098 3229 μὴ
2120 3160 2364 3215 ποιεῖτε·
2390 3162 2606 3226 δεικνὺς
2630 3165 2712 3217 ὅτι
2737 3163 2843 3218 κᾶν
2863 3161 3188 3218 διδάσκαλον
3213 3159 3345 3233 ἔχῃς
3372 3157 3600 3230 φαῦλον.

2013 3244 2168 3298 οὐδέν
2202 3262 2261 3299 σε
2286 3246 2448 3301 τοῦτο
2483 3248 2677 3316 ὀνῆσαι
2725 3248 3045 3320 δυνήσεται,
3088 3246 3155 3301 ἂν
3203 3245 3278 3318 μὴ
3324 3242 3604 3317 προσέχῃς

2015 3329 2128 3393 τοῖς
2151 3328 2486 3401 λεγομένοις.
2516 3334 2592 3386 Οὑ
2613 3332 2720 3406 γὰρ
2746 3334 2840 3402 ἀφ’
2858 3326 2934 3386 ὧν
2951 3332 2980 3384 6
2996 3328 3312 3394 διδάσκαλος
3340 3327 3601 3399 ἔπραξεν,

2016 3411 2153 3467 ἀλλά
2181 3413 2274 3482 ἀφ’
2302 3406 2377 3469 ὧν
2410 3413 2651 3479 ἀκούσας
2689 3416 3082 3488 παρήκουσας,
3127 3412 3236 3468 ἀπὸ
3271 3411 3478 3466 τούτων
3518 3426 3602 3464 σοι

2016 3494 2174 3568 φέρει
2207 3496 2307 3562 τὰς
2333 3496 2547 3572 ψήφους
2581 3501 2611 3553 6
2656 3498 2807 3563 Θεός.
2848 3498 3011 3552 Ὥστε
3056 3498 3152 3552 ἐάν
3196 3497 3294 3567 μὲν
3340 3497 3498 3567 ποιῇς
3524 3495 3594 3548 τὰ

2014 3580 2440 3652 ἐπιτεταγμένα,
2486 3583 2626 3653 μετά
2671 3583 2871 3654 πολλῆς
2897 3583 3022 3637 τότε
3053 3582 3227 3654 στήσῃ
3254 3579 3358 3650 τῆς
3387 3580 3593 3650 παρρη-

2017 3664 2157 3727 σίας·
2183 3664 2250 3718 ἂν
2282 3664 2339 3718 δὲ
2370 3665 2728 3741 παρακούσῃς
2754 3666 2864 3720 τῶν
2882 3665 3210 3736 λεγομένων.
3231 3663 3337 3717 κᾶν
3369 3662 3595 3735 μυρίους

2018 3745 2199 3816 ἱερέας
2215 3745 2648 3821 διεφθαρμένους
2668 3746 2867 3821 δείξῃς,
2887 3747 3041 3802 οὑδέν
3064 3764 3156 3801 σου
3177 3746 3336 3802 τοῦτο
3358 3746 3599 3817 προστή-

2018 3844 2189 3884 σεται.
2234 3829 2391 3884 Ἐπεὶ
2430 3832 2525 3885 καὶ
2583 3831 2784 3895 Ἰούδας
2810 3830 3105 3895 ἀπόστολος
3152 3827 3240 3902 ῆν,
3287 3829 3403 3884 ἀλλ’
3448 3830 3601 3901 ὅμως

2013 3912 2167 3966 οὐδὲν
2187 3913 2346 3968 τοῦτο
2365 3914 2505 3988 ὑπὲρ
2527 3914 2634 3969 τῶν
2658 3913 2947 3987 ἱεροσύλων
2967 3918 3063 3970 καὶ
3085 3914 3439 3986 φιλαργύρων
3458 3914 3597 3967 ἀπο·-

2014 3994 2306 4070 λογήσεταί
2339 4015 2491 4053 ποτε.
2534 3998 2670 4054 Οὑδὲ
2723 3998 3012 4070 δυνήσεταί
3064 4015 3150 4062 τις
3197 3995 3598 4067 ἐγκαλούμενος

2011 4082 2190 4154 λέγειν
2218 4084 2298 4138 ὅτι
2323 4124 2340 4147 ,
2394 4084 2506 4139 Καὶ
2557 4084 2667 4157 γὰρ
2702 4086 2732 4138 6
2777 4082 3076 4148 ἀπόστολος
3106 4081 3345 4153 κλέπτης
3384 4074 3453 4151 ἦν
3503 4079 3600 4133 καὶ

2014 4166 2290 4238 ἱερόσυλος
2310 4166 2405 4223 καὶ
2431 4166 2719 4240 προδότης·
2754 4166 2870 4222 ἀλλ’
2896 4165 3029 4221 αύτδ
3059 4165 3159 4239 μὲν
3191 4158 3285 4219 οῦν
3313 4162 3471 4217 τοῦτο
3493 4161 3599 4233 μά-

2011 4250 2173 4305 λιστα
2210 4250 2357 4322 ἡμᾶς
2384 4253 2761 4323 τιμωρήσεται
2805 4251 2899 4306 καὶ
2932 4250 3284 4321 κατακρινεῖ,
3330 4248 3413 4301 ὅτι
3461 4245 3599 4318 μηδὲ

2010 4340 2127 4401 τοῖς
2164 4336 2369 4408 ἐτέρων
2402 4338 2593 4400 κακοῖς
2624 4334 3131 4407 έσωφρονίσθημεν.
3172 4332 3273 4387 Διά
3306 4331 3418 4403 γὰρ
3442 4328 3600 4386 τοῦτο

2002 4422 2110 4495 ,καὶ
2131 4420 2546 4492 ἀναγέγραπται
2575 4421 2783 4484 ἐκεῖνα,
2817 4419 2905 4474 ῖνα
2945 4418 3209 4490 φύγωμεν
3248 4417 3476 4471 ἐκείνων
3503 4414 3599 4469 τὸν

2013 4504 2194 4576 ζῆλον.
2241 4503 2332 4558 Διὸ
2374 4503 2464 4557 τὸν
2512 4502 2662 4559 δεῖνα
2694 4504 2791 4560 καὶ
2827 4503 2921 4558 τὸν
2947 4505 3095 4558 δεῖνα
3136 4501 3365 4571 ἀφέντες
3386 4544 3401 4567 ,
3435 4502 3598 4573 ἡμεῖς

2013 4590 2225 4653 ἑαυτοῖς
2257 4587 2635 4660 προσέχωμεν·
2658 4587 2889 4652 ἕκαστος
2918 4587 3029 4660 γὰρ
3054 4585 3210 4659 ἡμῶν
3240 4585 3379 4659 ὑπὲρ
3402 4584 3595 4640 ἑαυτοῦ

2012 4675 2169 4742 λόγον
2194 4671 2355 4727 δώσει
2384 4671 2463 4744 τῷ
2495 4671 2635 4743 Θεῷ.
2665 4672 2765 4727 Ἵν’
2789 4667 2883 4729 οὖν
2907 4671 3001 4726 τὸν
3036 4671 3193 4740 λόγον
3228 4668 3419 4724 τοῦτον
3460 4669 3595 4741 μετά

2012 4756 2186 4827 καλῆς
2206 4755 2581 4829 παράσχωμεν
2608 4756 2926 4827 ἀπολογίας,
2960 4755 3053 4810 τὸν
3081 4751 3292 4807 ἑαυτῶν
3315 4752 3595 4823 ῥυθμίσω-

2015 4858 2117 4912 μεν
2146 4839 2279 4912 βίον,
2319 4841 2414 4895 καὶ
2442 4839 2641 4913 δαψιλῆ
2667 4841 2765 4914 τὴν
2794 4844 2951 4913 χεῖρα
2978 4838 3315 4907 ὲκτείνωμεν
3339 4838 3453 4899 τοῖς
3484 4835 3592 4889 δεο-

2014 4924 2217 4996 μένοις,
2249 4924 2452 4988 είδότες
2486 4924 2570 4977 ὅτι
2597 4923 2736 4995 αῦτη
2778 4924 2916 4994 μόνη
2947 4924 3082 4994 ἡμῖν
3106 4921 3256 4974 ἐστιν
3303 4918 3591 4988 ἀπολογία,

2011 5009 2073 5063 τὸ
2090 5007 2262 5074 δεῖξαι
2286 5009 2320 5079 ἡ
2328 5008 2435 5078 μᾶς
2451 5006 2649 5069 αὑτοὺς
2677 5005 3109 5077 κατωρθωκότας
3131 5002 3201 5058 τὰ
3223 5004 3592 5075 ἐπιτεταγμέ-

2010 5109 2097 5158 να,
2122 5092 2287 5164 έτέρα
2315 5091 2374 5146 δὲ
2400 5089 2645 5161 οὐδεμία.
2677 5087 2795 5142 Κᾶν
2818 5087 3022 5161 ταύτην
3051 5088 3373 5162 δυνηθῶμεν
3408 5106 3627 5169 παρα-ἐ

2012 5179 2181 5248 σχεῖν,
2208 5175 2308 5239 τάς
2327 5174 2635 5246 ἀφορήτους
2659 5173 2873 5240 ὲκείνας
2891 5173 3086 5237 ὀδύνας
3108 5174 3206 5246 τῆς
3227 5173 3453 5245 γεέννης
3477 5171 3590 5227 δια-

2010 5258 2340 5331 φευξόμεθα,
2360 5256 2579 5312 καὶτῶν
2608 5256 2912 5330 μελλόντων
2931 5257 3328 5331 έπιτευξόμεθα
3348 5256 3587 5326 ἀγαθῶν·

2009 5337 2087 5399 ὧν
2113 5343 2323 5412 γένοιτο
2346 5341 2553 5407 πάντας
2580 5342 2726 5414 ἡμᾶς
2748 5342 3045 5413 ἐπιτυχεῖν,
3078 5343 3261 5413 χάριτι
3288 5342 3384 5396 καὶ
3400 5338 3587 5414 φιλανθ

2010 5426 2227 5500 θρωπίᾳ
2256 5424 2350 5480 τοῦ
2378 5413 2791 5500 Κυρίουηὴμῶν
2825 5424 3000 5492 Ἰησοῦ
3049 5421 3310 5495 Χριστοῦ,
3363 5421 3483 5495 μεθ’
3524 5413 3587 5477 οὗ

2006 5510 2087 5583 τῷ
2117 5511 2293 5581 Πατρὶ
2345 5511 2463 5583 ἅμα
2509 5508 2588 5581 τῷ
2638 5507 2781 5580 ἁγίῳ
2820 5507 3102 5578 Πνεύματι
3146 5505 3297 5574 δόξα,
3347 5504 3587 5579 κράτος,

2007 5594 2163 5668 τιμὴ,
2196 5592 2292 5651 νῦν
2322 5594 2419 5651 καὶ
2455 5593 2564 5663 ἀεὶ,
2602 5591 2701 5650 καὶ
2726 5592 2808 5657 είς
2837 5591 2965 5656 τοὺς
2990 5588 3193 5657 αἰῶνας
3219 5588 3329 5646 τῶν
3350 5589 3581 5654 αίώνως.

2023 5678 2214 5754 ⁹Δμήν.
