4086 6214
427 261 510 315 181
1150 261 1208 316 S.
1246 259 1531 316 JOANNIS
1567 252 2060 312 CIIRYSOSTOMI
2103 247 2420 307 ARCIIIEP.
2462 238 3024 302 CONSTANTINOP.

904 394 3418 436 ____________________________________.__._.—.

3563 227 3669 283 {83

3424 388 3670 405 Μ

1842 518 2084 570 ΟΜΙΛΙΑ
2124 517 2255 571 KB'.

430 614 553 666 Οὐκ
589 614 787 666 οἴδατε
835 612 923 664 ὅτι
967 616 1018 664 οὶ
1070 613 1139 664 τὰ
1185 611 1310 678 ιερὰ
1358 608 1748 677 ἐργαζόμενοι,
1787 608 1856 662 ὲκ
1890 607 1996 661 τοῦ

499 684 658 748 ἱεροῦ
712 683 1067 744 ἐσθίουσιν;
1106 686 1159 736 οἱ
1205 680 1285 744 τῷ
1331 680 1736 746 θυσιαστηρίῳ
1806 693 1996 745 προσ-

496 753 875 816 εδρεύοντες,
905 749 985 813 τῷ
1044 751 1447 818 θυσιαστηρίῳ
1505 748 1994 818 συμμερίζονται;

502 824 664 874 Οὕτω
693 822 787 873 καὶ
823 825 855 875 ὁ
898 822 1110 889 Κύριος
1139 816 1369 881 διέταξε
1404 816 1526 884 τοῖς
1556 816 1998 889 τὸίεύαγγέλιον

498 887 1042 961 καταγγέλλουσιν,
1068 892 1137 945 ἐκ
1166 891 1271 945 τοῦ
1296 889 1649 959 εὐαγγελίου
1679 887 1805 956 ζῇν.

501 1003 570 1051 α’.
590 996 797 1067 Πολλὴν
813 998 1047 1050 ποιεῖται
1068 998 1164 1068 τὴν
1193 996 1448 1066 σπουδὴν,
1465 993 1604 1048 ὥστε
1626 991 1794 1057 δεῖξαι
1817 990 1891 1062 μὴ
1910 1006 2000 1043 κε·

430 1079 747 1148 κωλυμένον
769 1080 829 1132 τὸ
854 1080 1171 1151 λαμϐάνειν.
1194 1080 1392 1151 Διόπερ
1419 1078 1655 1132 τοσαῦτα
1680 1075 1849 1129 εἰπὼν
1897 1076 1998 1145 ἐμ-

432 1162 687 1232 προσθεν,
713 1162 811 1215 οὑκ
840 1163 1105 1233 ἠρκέσθη,
1125 1162 1261 1217 ἀλλὰ
1278 1164 1370 1216 καὶ
1395 1162 1488 1214 ἐπὶ
1513 1161 1604 1214 τὸν
1629 1160 1791 1229 νόμον
1812 1159 1997 1230 χωρεῖ,

429 1248 753 1319 οἰκειότερον
781 1246 873 1299 τοῦ
901 1248 1168 1317 προτέρου
1211 1246 1463 1317 παρέχων
1499 1245 1823 1313 ὑπόδειγμα.
1864 1240 2000 1295 Οὑδέ

428 1332 537 1401 γὰρ
571 1327 637 1402 ἦν
668 1331 778 1383 ἴσον
806 1330 905 1394 τὰς
953 1329 1078 1400 βοῦς
1102 1341 1129 1370 ι
1161 1330 1505 1400 παραγαγεῖν
1552 1329 1632 1390 είς
1678 1327 1863 1398 μέσον,
1905 1326 2001 1379 καλ⁵

433 1413 610 1484 ῥητῶς
632 1415 758 1483 περὶ
781 1412 971 1484 ίερέων
996 1414 1157 1483 νόμον
1178 1412 1428 1481 κείμενον
1453 1412 1532 1473 εἰς
1561 1410 1725 1480 μέσον
1752 1409 1997 1477 ἀγαγεῖν.

430 1497 628 1551 Σκόπει
662 1497 719 1552 δέ
760 1514 850 1569 μοι
898 1498 998 1550 κάν
1028 1494 1203 1567 τούτῳ
1238 1494 1336 1565 τὴν
1370 1493 1582 1547 Παύλου
1614 1494 1847 1555 σύνεσιν,
1884 1489 2001 1554 πῶς

433 1580 704 1652 μέμνηται
741 1578 835 1634 τοῦ
870 1581 1189 1651 πράγματος
1230 1576 1677 1649 μεγαλοπρεπῶς.
1725 1575 1859 1630 Οὑδὲ
1892 1573 1999 1643 γὰρ

429 1660 603 1730 εἶπεν,
632 1664 698 1718 Ol
721 1663 787 1718 τὰ
816 1665 937 1735 ίερα
968 1662 1322 1734 ἐργαζόμενοι
1352 1663 1415 1715 ἐκ
1444 1659 1552 1713 τῶν
1582 1656 2000 1731 προσφερόντων

433 1745 579 1819 ζ192]
611 1747 996 1818 λαμϐάνουσιν·
1027 1744 1162 1800 ἀλλά
1185 1745 1238 1799 τί
1262 1762 1276 1809 ;
1323 1746 1425 1799 Ἐκ
1453 1744 1560 1798 τοῦ
1584 1743 1743 1812 ίεροῦ
1766 1741 2004 1797 ἐσθίου-

430 1844 554 1883 σιν·
587 1830 673 1884 ἵνα
707 1831 843 1901 μήτε
883 1831 933 1882 οἱ
967 1830 1332 1899 λαμϐάνοντες
1364 1826 1750 1891 ὀνειδίζωνται,
1787 1826 1923 1896 μήτε
1951 1822 2002 1876 οἱ

431 1916 762 1985 παρέχοντες
779 1914 1130 1984 ἐπαίρωνται.
1145 1913 1234 1965 Διὸ
1254 1912 1349 1967 καὶ
1364 1913 1423 1966 τὸ
1439 1912 1564 1981 ἐξῆς
1580 1909 1722 1964 οὑτω
1738 1909 1999 1962 τέθεικεν.

430 1997 566 2051 οὑδὲ
597 1998 703 2069 γὰρ
739 1996 860 2050 οὑδὲ
899 1995 1179 2050 ἐνταῦθαδ
1215 1990 1388 2058 εἶπεν,
1421 1996 1484 2049 υἱ
1521 1994 1600 2064 τῷ
1633 1991 2004 2061 θυσιαστηρίῳ

431 2079 880 2150 προσεδρεύοντες
907 2080 1015 2133 ἀπὸ
1036 2079 1142 2134 τῶν
1166 2079 1399 2133 θυόντων
1424 2077 1815 2148 λαμϐάνουσιν,
1845 2074 2002 2139 ἀλλὰ,

437 2162 522 2229 Τῷ
577 2164 981 2233 θυσιαστηρίῳ
1027 2162 1497 2233 συμμερίζονται.
1555 2161 1636 2215 Τὰ
1671 2160 1780 2231 γάρ
1837 2176 2005 2232 προσ-

432 2248 717 2319 ενεχθέντα
736 2249 920 2303 οὑκέτι
937 2249 1121 2302 λοιπὸν
1145 2248 1252 2301 τῶν
1272 2246 1750 2318 προσενεγκάντων
1766 2240 1853 2315 ἦν,
1869 2241 2005 2296 ἀλλά

433 2331 527 2385 τοῦ
562 2331 706 2403 ἱεροῦ
738 2333 831 2386 καὶ
864 2330 957 2386 τοῦ
990 2332 1400 2403 θυσιαστηρίου.
1442 2330 1553 2384 Kal
1587 2328 1688 2382 οὑκ
1722 2325 1895 2392 εἶπεν,
1921 2326 2004 2379 ὅτι

433 2419 514 2472 Τὰ
543 2418 663 2491 ἱερά
686 2419 1076 2489 λαμϐάνουσιν,
1108 2418 1244 2483 ἀλλ’,
1273 2420 1373 2473 Ἐκ
1397 2417 1503 2471 τοῦ
1527 2416 1687 2484 ἱεροῦ
1708 2415 2003 2479 ἐσθίουσι,

433 2503 645 2567 δεικνὺς
680 2503 842 2556 πάλιν
869 2503 967 2573 τὴν
996 2501 1358 2573 συμμετρίαν,
1402 2502 1497 2555 καὶ
1524 2501 1608 2554 ὄτι
1644 2499 1705 2552 οὑ
1738 2495 2006 2570 χρηματί-

433 2589 624 2652 ζεσθαι
655 2587 738 2640 δεῖ
763 2587 882 2641 οὐδὲ
917 2586 1187 2641 πλουτεῖν.
1240 2586 1302 2639 Εἰ
1331 2585 1387 2639 δέ
1428 2585 1595 2655 λέγει,
1643 2585 1724 2637 ὅτι
1779 2580 1861 2647 Τῷ
1902 2585 2006 2637 θυ-

435 2670 765 2736 σιαστηρίῳ
796 2669 1249 2739 συμμερίζονται
1269 2711 1285 2735 ,
1311 2669 1371 2721 οὑ
1406 2669 1502 2741 τὴν
1530 2667 1711 2739 eam;
1747 2665 2007 2735 διανομὴν

435 2753 602 2821 λέγει,
633 2752 768 2805 ἀλλά
807 2751 905 2824 τὴν
939 2751 996 2818 ἐξ
1029 2751 1252 2821 ὀφειλῆς
1286 2751 1571 2823 διδομένην
1612 2751 1795 2812 αὑτοῖς
1826 2763 2007 2818 παρα-

439 2836 655 2908 μυθίαν.
691 2836 967 2891 Καίτοιτὰ
994 2837 1104 2891 τῶν
1131 2837 1442 2891 ἀποστόλων
1470 2836 1692 2908 μείζονα
1720 2832 1898 2903 πολλῷ
1915 2827 2004 2903 ἦν.

448 2920 597 2974 Ἐκεῖ
625 2920 723 2991 μὲν
747 2920 854 2991 γὰρ
881 2919 1011 2992 τιμὴ
1037 2916 1103 2991 ἦν
1132 2923 1164 2992 ή
1191 2920 1454 2993 ἱερωσύνη
1479 2935 1493 2949 ·
1531 2918 1767 2973 ἐνταῦθα
1794 2916 1851 2969 δὲ
1888 2915 2006 2968 κίν-

436 3001 581 3057 δυνοι
607 3004 701 3058 καὶ
732 3004 938 3071 σφαγαὶ
968 3004 1061 3057 κα)⁸
1094 3004 1266 3074 φόνοι,
1317 3002 1515 3074 Διόπερ
1552 3002 1662 3055 τῶν
1698 2999 1873 3053 ἄλλων
1901 3014 2007 3050 πα-

438 3086 815 3158 ραδειγμάτων
837 3085 1092 3140 ἁπάντων
1124 3087 1256 3140 πολὺ
1309 3085 1491 3156 μεῖζον
1534 3080 1603 3157 ἦν
1631 3084 1693 3137 τὸ
1718 3082 1915 3151 λέγειν·
1940 3081 2008 3133 El

437 3171 611 3242 ἡμεῖς
637 3170 779 3241 ὑμῖν
801 3172 872 3226 τὰ
897 3173 1267 3241 πνευματικά
1291 3171 1673 3239 ἐσπείραμεν.
1707 3169 1875 3220 Ὅταν
1899 3166 2007 3236 γὰρ

439 3257 591 3329 εἴπῃ,
632 3255 1045 3324 Ἑσπείραμεν,
1081 3256 1206 3317 τοὺς
1231 3253 1503 3325 χειμῶνας
1538 3254 1629 3306 καὶ
1674 3251 1799 3313 τοὺς
1826 3249 2006 3303 κινδύ-

439 3356 583 3404 νους,
616 3340 708 3392 καὶ
732 3339 828 3402 τὰς
846 3337 1135 3402 ἐπιϐουλὰς
1149 3339 1243 3391 καὶ
1266 3339 1335 3390 τὰ
1364 3338 1543 3407 ἄφατα
1572 3335 1717 3389 κακά
1740 3333 2007 3387 ἐνδείκνυο

439 3439 552 3481 ται.
606 3422 749 3493 ἅπερ
801 3423 1069 3494 ὑπέμενον
1110 3422 1493 3495 κηρύττοντες.
1554 3420 1692 3473 Ἀλλ’
1722 3420 1871 3488 ὅμως
1916 3414 2010 3469 καὶ

440 3506 706 3575 τοσαύτης
726 3504 888 3577 οῦσης
917 3506 1013 3576 τῆς
1042 3505 1332 3578 ὑπεροχῆς,
1370 3506 1470 3557 οὑκ
1499 3502 1761 3574 ἠθέλησεν
1790 3499 1914 3551 οὑτε
1940 3497 2009 3550 τά

430 3589 541 3657 ,τῆς
584 3588 826 3650 Παλαιᾶς
869 3588 1224 3652 ταπεινῶσαι,
1256 3586 1378 3641 οὑτε
1420 3586 1489 3639 τὰ
1538 3584 1732 3639 ἐαυτοῦ
1777 3583 2006 3652 ἐπᾶραι·

443 3674 583 3729 ἀλλά
620 3674 716 3728 καὶ
746 3673 814 3725 τὰ
843 3671 1036 3727 ἐαυτοῦ
1076 3672 1374 3736 συστέλλει,
1420 3671 1519 3724 οὑκ
1558 3670 1665 3724 ἀπὸ
1690 3669 1797 3721 τῶν
1830 3664 2012 3720 κινδύ-

444 3774 573 3820 νων,
623 3755 739 3809 ἀλλ⁹
785 3756 891 3809 ἀπὸ
916 3754 1008 3807 τοῦ
1042 3755 1305 3826 μεγέθους
1342 3753 1442 3820 τῆς
1474 3754 1683 3825 δωρεᾶς
1712 3751 1884 3815 διδοὺς
1912 3751 2011 3821 τὴν

446 3840 737 3910 ὑπεροχήν.
784 3838 856 3892 Οὑ
889 3839 996 3907 γὰρ
1026 3832 1196 3904 εἶπεν,
1235 3838 1297 3891 Εἰ
1327 3836 1775 3907 ἐκινδυνεύσαμεν
1803 3836 1835 3906 ἢ
1871 3850 2013 3905 παρ’

445 3921 903 3992 ἐϐουλευσάμεθα,
929 3920 1066 3986 ἀλλ’,
1091 3924 1161 3975 El
1192 3920 1358 3991 ἡμεῖς
1382 3919 1525 3990 ὑμῖν
1545 3920 1616 3973 τὰ
1640 3915 2012 3987 πνευματικὰ

441 4006 830 4076 ἐσπείραμεν·
866 4008 960 4060 καὶ
990 4004 1060 4059 τὰ
1089 4005 1197 4060 τῶν
1251 4006 1462 4075 ἱερέων,
1497 4004 1571 4067 ὡς
1608 3997 1719 4056 οἷόν
1751 4002 1811 4055 τέ
1842 4002 2010 4064 ἐστιν,

445 4093 659 4161 ἐπαίρει
694 4089 894 4160 λέγων·
941 4092 1005 4144 Οί
1037 4087 1110 4143 τὰ
1139 4089 1264 4157 ιερὰ
1296 4087 1687 4157 ἐργαζόμενοι,
1725 4087 1821 4140 καί
1858 4089 1911 4140 οι
1934 4082 2014 4150 τῷ

446 4175 851 4241 θυσιαστηρίῳ
896 4170 1421 4241 προσεδρεύοντες,
1474 4171 1571 4241 τὴν
1618 4168 1840 4239 διηνεκῆ
1891 4167 2014 4220 δου-

444 4255 593 4309 λείαν
626 4257 807 4309 αὑτῶν
837 4256 929 4310 καὶ
969 4257 1066 4325 τὴν
1094 4254 1386 4327 καρτερίαν
1415 4253 1500 4307 διὰ
1546 4252 1749 4306 τούτων
1782 4250 2015 4315 ἐνδείξα-

447 4338 571 4393 σθαι
612 4338 951 4409 βουλόμενος.
988 4338 1098 4391 Kal
1128 4337 1295 4390 εἰπὼν
1340 4338 1467 4400 τοὺς
1501 4336 1680 4408 ἱερέας
1709 4336 1833 4398 τοὺς
1865 4333 2015 4409 παρὰ

458 4420 885 4485 Ἰουδαίοις,τούς
904 4438 963 4473 τε
976 4419 1205 4483 Λευίτας
1227 4419 1352 4481 τούς
1370 4437 1430 4472 τε
1451 4419 1761 4491 ἀρχιερέας,
1778 4417 2029 4487 έκάτεραγ

444 4502 515 4555 τὰ
564 4503 819 4573 τάγματα
854 4503 1112 4574 ἐδήλωσε,
1149 4504 1241 4557 καὶ
1287 4503 1355 4556 τὰ
1388 4503 1791 4573 καταδεέστερα
1822 4501 1917 4555 καὶ
1946 4502 2014 4555 τά

446 4585 809 4653 ὑπερέχοντα·
842 4586 910 4637 τὰ
961 4586 1058 4654 μέν
1089 4585 1175 4638 διὰ
1209 4586 1301 4638 τοῦ
1344 4585 1542 4652 λέγειν,
1576 4588 1641 4639 οι
1669 4586 1742 4638 τὰ
1771 4585 1896 4651 ἱερὰ
1924 4583 2017 4651 ἐρ-

445 4664 771 4737 γαζόμενοι,
795 4668 862 4722 τὰ
884 4667 939 4721 δέ
965 4668 1050 4720 διὰ
1069 4668 1160 4720 τοῦ
1189 4670 1381 4733 εἰπεῖν,
1415 4670 1478 4721 Οἱ
1503 4667 1583 4733 τῷ
1611 4668 2016 4735 θυσιαστηρίῳ

446 4752 972 4824 προσεδρεύοντες.
1007 4751 1138 4805 Οὑδέ
1171 4752 1277 4824 γὰρ
1313 4753 1478 4805 πᾶσιν
1504 4752 1562 4806 ἐν
1590 4753 2017 4822 ἐπιτεταγμένον

447 4837 606 4906 ἔργον
636 4833 703 4907 ἦν
724 4853 736 4866 ⁹
768 4837 881 4890 ἀλλ’
920 4837 968 4891 οἱ
1001 4835 1100 4908 μὲν
1150 4836 1218 4889 τὰ
1269 4834 1571 4907 παχύτερα,
1607 4837 1655 4888 οἱ
1689 4836 1745 4889 δέ
1782 4835 1850 4889 τὰ
1880 4836 2017 4907 ὑψη-

447 4918 641 4990 λότερα
669 4915 807 4989 ἦσαν
833 4919 1318 4991 ἐγκεχειρισμένοι.
1355 4919 1570 4983 Πάντας
1596 4919 1772 4972 τοίνυν
1793 4917 2017 4985 τούτους

448 5002 778 5072 περιλαϐὼν,
811 5004 897 5056 ἴνα
929 5006 1003 5074 μή
1054 5021 1138 5068 τις
1180 5004 1334 5076 λέγῃ,
1368 5003 1432 5056 Τί
1464 5004 1563 5075 τῆς
1607 5003 1855 5067 Παλαιᾶς
1886 5004 2017 5075 ἡμῖν

451 5086 763 5156 μέμνησαι;
789 5086 888 5139 οὑκ
918 5083 1070 5139 οἶσθα
1098 5088 1177 5139 ὃτι
1208 5088 1643 5159 προσταγμάτων
1669 5087 2016 5157 τελειοτέρων

448 5170 580 5240 ἡμῖν
612 5169 642 5223 ό
669 5168 893 5239 καιρόςς
940 5169 1058 5239 μετ’
1098 5169 1279 5223 ἐκεῖνα
1325 5173 1502 5226 πάντα
1528 5171 1589 5226 τὸ
1619 5172 1837 5227 πάντων
1869 5174 2019 5243 ἰσχυ-

452 5255 669 5325 ρότερον
720 5252 968 5307 τέθεικεν
1011 5252 1209 5306 εἰπών·
1256 5255 1419 5308 Οὕτω
1455 5257 1552 5309 καὶ
1589 5260 1623 5311 ὁ
1654 5260 1869 5327 Κύριος
1900 5258 2017 5311 διέ-

446 5338 591 5402 ταξε
615 5337 738 5403 τοῖς
769 5336 835 5391 τὸ
866 5337 1220 5408 εὐαγγέλιον
1246 5340 1785 5407 καταγγέλλουσιν.
1821 5342 1889 5396 ἐκ
1910 5340 2017 5395 τοῦ

449 5421 802 5491 εὐαγγελίου
825 5419 949 5490 ζῇν.
969 5421 1079 5475 Kal
1103 5421 1223 5475 οὑδέ
1245 5421 1478 5477 ἐνταῦθα
1503 5423 1567 5474 ἐκ
1583 5424 1691 5476 τῶν
1714 5422 2017 5495 ἀνθρώπων

451 5504 596 5569 λέγει
646 5504 959 5576 τρέφεσθαι,
995 5504 1110 5560 ἀλλ’
1137 5505 1324 5579 ὥσπερ
1370 5506 1603 5560 ἐπὶτῶν
1655 5508 1863 5579 ἱερέων,
1917 5507 2017 5560 Ἔα.

454 5586 560 5640 τοῦ
605 5590 786 5669 ίεροῦ,
832 5591 929 5643 καὶ
987 5591 1090 5645 Ἐκ
1122 5589 1229 5644 τοῦ
1262 5592 1719 5659 θυσιαστηρίου,
1749 5592 1891 5646 οὑτω
1924 5593 2017 5645 καὶ

519 5688 546 5764 ξ
578 5690 719 5764 Reg...
738 5692 859 5764 «toil;~
881 5692 1010 5754 βοῦς,
1031 5695 1272 5764 ριρευὶρ
1307 5698 1416 5764 ρρξί
1435 5693 1733 5764 ἱιόθηξςιὸμον
1767 5695 1842 5745 ἐπὶ
1862 5694 2017 5760 τούτῳ

462 5750 668 5811 κείμενον
688 5750 963 5812 ἀναγνῶναι.
1031 5756 1057 5795 ι)
1094 5750 1284 5813 Deerat,
1307 5750 1416 5802 οὐδὲ
1438 5754 1647 5802 ἐνταῦθα.

2098 604 2351 667 ἐνταῦθα,
2397 605 2499 657 Ἐκ
2545 601 2651 655 τοῦ
2698 599 3074 668 εὐαγγελίου,
3127 597 3297 667 φησί·
3335 594 3432 647 καὶ
3481 594 3671 666 ὥσπερ

2096 687 2213 739 ἐκεῖ
2239 686 2512 747 Ἐσθίειν,
2532 683 2705 743 οὑτως
2728 680 2959 736 ἐνταῦθα
2981 684 3026 734 Ζ
3034 679 3126 748 ἦν,
3148 681 3249 734 οὑκ
3268 677 3671 749 ἐμπορεύεσθαι

2095 768 2217 820 οὑδὲ
2260 764 2631 838 θησαυρίζειν.
2688 764 2883 829 Ἄξιος
2931 762 3061 835 γάρ,
3112 762 3297 833 φησὶν,
3342 764 3375 814 ὁ
3415 758 3674 829 ἐργάτης

2097 852 2204 905 τοῦ
2231 851 2453 921 μισθοῦ
2484 848 2693 904 αὐτοῦ.
2737 847 2876 916 Ἐγὼ
2905 846 2972 899 δὲ
3003 846 3206 900 οὐδενί
3240 846 3465 899 τούτων
3496 844 3672 913 ἐχρη-

2098 936 2322 1005 σάμην.
2366 935 2429 988 Τί
2456 930 2570 996 οὗν,
2606 936 2655 986 εἰ
2693 934 2766 1003 μὴ
2806 932 3044 1002 ἐχρήσω,
3102 930 3258 1001 φησὶ,
3291 928 3408 993 νῦν,
3443 929 3577 1000 πρὸς
3613 928 3672 980 δὲ

2098 1019 2160 1072 τὸ
2210 1018 2402 1089 μέλλον
2459 1017 2763 1089 χρήσασθαι
2808 1014 3007 1086 βούλει,
3053 1016 3147 1068 καὶ
3177 1014 3266 1068 διὰ
3297 1013 3452 1066 τοῦτο
3495 1010 3676 1066 ταῦτα

2099 1103 2307 1171 λέγειςς
2350 1103 2592 1170 Ἀπαγε·
2630 1103 2723 1155 καὶ
2755 1100 2864 1171 γὰρ
2893 1100 2980 1152 διὰ
3012 1100 3164 1153 τοῦτο
3210 1097 3418 1168 ταχέως
3449 1099 3513 1167 τῇ
3548 1098 3672 1148 ἐπι-

2103 1185 2386 1257 διορθώσει
2420 1187 2707 1256 ἐχρήσατο,
2741 1185 2913 1247 οὑτως
2958 1183 3147 1237 εἰπών·
3186 1185 3311 1237 Οὐιε
3342 1182 3575 1250 ἔγραψα
3606 1179 3676 1234 δὲ

2099 1270 2308 1336 ταῦτα,
2343 1269 2443 1322 ἵνα
2488 1268 2641 1322 οὕτω
2688 1267 2932 1339 γένηται
2974 1267 3045 1321 ἐν
3075 1267 3224 1335 ἐμοί.
3278 1266 3388 1318 Καὶ
3417 1266 3517 1335 ὅρα
3555 1264 3674 1334 μεθ’

2102 1354 2233 1424 ὅσης
2292 1351 2652 1422 σφοδρότητος
2735 1351 2979 1420 ἀρνεῖται
3036 1350 3131 1403 καὶ
3197 1347 3543 1418 διακρούεται
3610 1344 3674 1399 τὸ

2103 1437 2365 1507 πρᾶγμα·
2413 1434 2615 1489 Καλὸν
2648 1431 2761 1501 γάρ
2800 1450 2902 1502 μοι
2944 1429 3187 1502 μᾶλλον
3234 1428 3578 1493 ἀποθανεῖν,
3631 1429 3671 1494 ἣ

2101 1520 2167 1573 τὸ
2199 1520 2477 1588 καύχημά
2516 1536 2630 1585 μου
2673 1518 2773 1570 ἵνα
2804 1534 2893 1584 τις
2923 1517 3183 1585 κενώσῃ.
3236 1516 3346 1569 Kal
3375 1516 3473 1585 οὑχ
3524 1512 3675 1577 ἅπαξ

2102 1603 2222 1657 οὑδὲ
2267 1603 2368 1666 δὶς,
2426 1601 2561 1656 ἀλλὰ
2619 1602 2712 1655 καὶ
2758 1600 3019 1664 πολλάκις
3072 1600 3335 1670 κέχρηται
3391 1600 3456 1668 τῇ
3516 1598 3675 1668 ρήσει

2101 1684 2305 1757 ταύτῃ·
2360 1685 2454 1737 καὶ
2502 1684 2607 1755 γὰρ
2651 1684 2910 1755 ἀνωτέρω
2943 1682 3093 1755 [195]
3134 1679 3307 1746 εἶπεν,
3347 1684 3469 1735 Οὐκ
3502 1680 3677 1749 ἐχρη-

2103 1768 2333 1838 σάμεθα
2358 1766 2433 1835 τῇ
2457 1766 2711 1835 ἐξουσίᾳ
2740 1768 2926 1836 ταύτῃ
2948 1783 2961 1797 ·
3000 1767 3094 1820 καὶ
3124 1766 3261 1837 μετά
3290 1765 3461 1817 ταῦτα
3490 1762 3673 1824 πάλιν,

2104 1854 2209 1918 Είς
2250 1852 2317 1906 τὸ
2356 1850 2443 1920 μὴ
2496 1851 2994 1920 καταχρήσασθαί
3021 1867 3097 1919 με
3136 1849 3212 1919 τῇ
3248 1848 3501 1914 ἐξουσίᾳ
3524 1862 3674 1915 μου·

2104 1935 2198 1988 καὶ
2225 1934 2475 1996 ἐνταῦθα,
2529 1933 2670 2003 Ἐγὼ
2697 1933 2764 1986 δὲ
2801 1932 3004 1987 οὐδενὶ
3042 1933 3271 1986 τούτων
3302 1932 3675 1999 ἐχρησάμην.

2110 2019 2358 2080 Τούτων,
2392 2018 2592 2081 ποίωνς
2624 2016 2745 2070 Τῶν
2782 2015 2993 2069 πολλῶν
3030 2015 3509 2087 παραδειγμάτων.
3542 2013 3679 2066 Πολ-

2104 2100 2211 2154 λῶν
2246 2101 2355 2171 γάρ
2385 2118 2475 2167 μοι
2500 2100 2848 2170 παρεχόντων
2874 2100 3123 2166 ἐξουσίαν
3144 2138 3158 2161 ,
3188 2097 3284 2151 τοῦ
3320 2095 3677 2166 στρατιώτου,

2105 2182 2200 2237 τοῦ
2247 2182 2517 2255 γεωργοῦ,
2566 2182 2656 2235 τοῦ
2712 2182 2987 2253 ποιμένος,
3046 2181 3153 2235 τῶν
3208 2181 3542 2242 ἀποστόλων,
3584 2178 3679 2231 τοῦ

2105 2268 2291 2339 νόμου,
2320 2267 2426 2320 τῶν
2454 2264 2582 2337 παρ’
2608 2264 2766 2337 ἡμῶν
2790 2266 2869 2327 εἰς
2897 2265 3039 2335 ὑμᾶς
3065 2263 3390 2335 γινομένων,
3413 2263 3520 2314 τῶν
3550 2263 3681 2330 παρ’

2106 2350 2259 2421 ὑμῶν
2303 2351 2384 2412 είς
2430 2350 2555 2413 τοὺς
2588 2348 2801 2412 ἄλλους,
2832 2347 2940 2401 τῶν
2967 2348 3177 2418 ἱερέων,
3204 2346 3295 2399 τοῦ
3327 2345 3684 2416 προστάγμα-

2103 2451 2195 2497 τος
2224 2431 2319 2487 τοῦ
2350 2431 2609 2503 Χριστοῦ,
2640 2432 2813 2485 οὑδενὶ
2852 2430 3055 2483 τούτων
3092 2430 3353 2500 ἐπείσθην
3386 2431 3463 2493 είς
3490 2428 3550 2481 τὸ
3583 2446 3684 2481 κα-

2103 2518 2332 2573 ταλῦσαι
2378 2517 2469 2570 τὸν
2525 2516 2764 2587 ἐμαυτοῦ
2821 2516 3011 2586 νόμον,
3069 2516 3164 2569 καὶ
3201 2514 3407 2568 λαϐεῖν.
3465 2514 3573 2566 Kal
3603 2513 3679 2583 μή

2108 2619 2199 2674 μοι
2231 2601 2301 2656 τὰ
2350 2600 2687 2671 παρελθόντα
2733 2600 2857 2669 λέγε
2879 2617 2892 2630 ·
2925 2599 3102 2654 καίτοι
3133 2615 3195 2668 γε
3240 2599 3348 2669 ἔχω
3376 2599 3570 2661 εἰπεῖν,
3597 2596 3683 2649 ὅτι

2106 2684 2279 2739 πολλὰ
2307 2685 2403 2738 xal
2429 2685 2489 2737 ἐν
2530 2686 2641 2748 τοῖς
2670 2681 3035 2756 παρελθοῦσιν
3074 2682 3343 2753 ὑπέμεινα
3373 2680 3460 2733 διὰ
3488 2679 3678 2732 τοῦτο·

2105 2768 2220 2823 ἀλλ’
2251 2768 2399 2839 ὅμως
2426 2768 2526 2821 οὑκ
2552 2767 2781 2832 ἐκείνοις
2814 2765 3161 2840 ἰσχυρίζομαι
3192 2766 3394 2835 μόνοις,
3426 2763 3559 2817 ἀλλά
3588 2764 3680 2816 καὶ

2107 2850 2235 2923 περὶ
2294 2850 2401 2904 τῶν
2464 2850 2766 2921 μελλόντων
2825 2848 3223 2920 ὑπισχνοῦμαι,
3277 2849 3360 2901 ὅτι
3421 2844 3681 2916 αἱροῦμαι

2109 2934 2308 3005 μᾶλλον
2362 2933 2654 2988 ἀποθανεῖν
2703 2932 2869 3005 λιμῷ.
2914 2932 3184 3004 ἧτοὺτων
3240 2928 3681 3001 ἀποστερηθῆναι

2106 3013 2215 3067 τῶν
2244 3013 2542 3083 στεφάνων.
2572 3013 2774 3068 Καλὸν
2802 3011 2914 3083 γάρ
2941 3030 3044 3082 μοι
3069 3011 3312 3080 μᾶλλον
3333 3007 3681 3071 ἀποθανεῖνν

2110 3098 2293 3175 φλησὶν,
2336 3098 2375 3166 ἢ
2422 3097 2488 3151 τὸ
2533 3095 2811 3167 καύχημά
2855 3113 2974 3175 μου
3014 3096 3114 3148 ἵνα
3147 3112 3232 3161 τις
3274 3092 3683 3175 κ-ενώσῃ.

2108 3166 2280 3240 εἶπεν,
2317 3175 2387 3227 Ἦ
2430 3175 2521 3228 τὸν
2565 3166 2727 3245 νόμον
2776 3189 2878 3244 μου
2906 3174 2993 3226 ἵνα
3026 3189 3112 3236 τις
3163 3172 3465 3242 καταλύσῃ,
3524 3166 3679 3231 ἀλλὰ,

2115 3260 2184 3314 Τὸ
2224 3260 2520 3329 καύχημα.
2568 3260 2687 3313 ’Ὶνα
2723 3258 2833 3327 γὰρ
2864 3258 2939 3329 μὴ
2980 3257 3114 3328 λέγῃ
3153 3274 3257 3321 τις,
3291 3258 3374 3310 ὃτι
3406 3258 3556 3310 Ποιεῖ
3584 3254 3684 3326 μὲν

2110 3343 2262 3406 αὑτό,
2312 3344 2372 3396 οὑ
2421 3344 2625 3415 χαίρων
2672 3343 2748 3408 δὲ,
2785 3342 2921 3395 ἀλλὰ
2955 3342 3154 3395 στένων
3194 3341 3287 3395 καὶ
3325 3339 3680 3409 ὀδυνώμενος,

2108 3423 2210 3493 τὴν
2240 3422 2543 3495 ὑπερϐολὴν
2599 3424 2697 3494 τῆς
2743 3422 2917 3492 χαρᾶς
2976 3420 3147 3487 δεῖξαι
3210 3420 3378 3474 θέλων
3430 3419 3526 3473 xal
3585 3416 3684 3486 τὴν

2114 3506 2427 3577 περιουσίαν
2458 3507 2555 3578 τῆς
2586 3505 2912 3576 προθυμίας,
2944 3506 3038 3557 καὶ
3068 3504 3335 3575 καύχημα
3365 3503 3427 3556 τὸ
3454 3502 3684 3573 πρᾶγμα

2111 3589 2283 3643 καλεῖ.
2313 3589 2577 3643 Τοσοῦτον
2605 3590 2831 3659 ἀπεῖχεν
2856 3588 3164 3652 ὀδυνᾶσθαι,
3191 3589 3274 3641 ὅτι
3300 3587 3396 3640 xal
3416 3586 3685 3655 καυχᾶται

2113 3673 2205 3726 καὶ
2227 3671 2516 3727 ἀποθανεῖν
2552 3674 2786 3744 αἱρεῖται
2826 3671 3044 3743 μᾶλλον,
3074 3672 3107 3740 ἢ
3143 3673 3395 3723 ἐκπεσεῖν
3422 3669 3517 3722 τοῦ
3556 3686 3688 3722 καυ-

2112 3756 2355 3826 χήματος
2381 3755 2590 3810 τούτου.
2618 3755 2775 3808 Οὑτω
2802 3755 2894 3808 καὶ
2922 3754 3068 3825 ζωῆς
3096 3755 3241 3825 αὑτῷ
3267 3751 3595 3822 γλυκύτερον
3616 3746 3686 3820 ἦν

2111 3839 2171 3891 τὸ
2197 3838 2503 3906 γινόμενον.

2186 3923 2250 3994 β’.
2280 3918 2413 3977 Εἶτα
2441 3924 2535 3977 καὶ
2556 3920 2820 3994 ἐιῖέρωθεν
2865 3924 3085 3995 ἐπαίρει
3133 3922 3282 3987 αὐτὸ,
3308 3920 3403 3976 καὶ
3448 3919 3687 3974 δείκνυσι

2118 4006 2258 4077 μέγα
2272 4005 2350 4071 ὃν,
2368 4008 2466 4078 οὑχ
2482 4006 2568 4060 ἵνα
2587 4006 2775 4060 ἑαυτὸν
2795 4007 3046 4079 λαμπρὸν
3070 4008 3345 4078 ἀποφήνῃ·
3369 4005 3560 4078 πόρρω
3575 4004 3687 4077 γὰρ

2113 4083 2268 4152 οὗτος
2294 4090 2504 4145 ἐκείνου
2535 4090 2629 4144 τοῦ
2667 4089 2902 4155 πάθους·
2933 4090 3047 4144 ἀλλ’
3077 4092 3165 4145 ἴνα
3201 4091 3350 4164 δείξῃ
3375 4090 3457 4143 ὅτι
3485 4089 3683 4160 χαίρει,

2114 4174 2209 4227 καὶ
2232 4172 2332 4244 τὴν
2354 4173 2588 4243 ὑποψίαν
2613 4177 2676 4229 ἐκ
2703 4174 3018 4245 περιουσίας
3041 4175 3227 4246 ἀνέλῃ.
3258 4175 3358 4227 Διὰ
3383 4174 3491 4244 γὰρ
3510 4172 3601 4227 τοῦ
3611 4189 3685 4235 το,

2114 4256 2191 4319 ὼς
2219 4255 2388 4327 ἔφθην
2412 4257 2601 4321 εἰπὼν,
2632 4259 2728 4313 καὶ
2759 4257 3019 4329 καύχημα
3049 4259 3183 4312 αὑτὸ
3211 4258 3456 4312 ἐκάλεσε.
3487 4258 3594 4309 Kal
3633 4256 3688 4309 τί

2116 4355 2309 4409 φησιν;
2373 4340 2514 4394 Ἐὰν
2567 4340 2677 4409 γὰρ
2719 4340 3200 4411 εὐαγγελίζωμαι,
3252 4344 3364 4395 οὐκ
3409 4339 3541 4392 ἐστι
3585 4355 3688 4407 μοι

2118 4423 2432 4490 καύχημα·
2482 4423 2713 4492 ἀνάγκη
2761 4424 2871 4494 γάρ
2915 4443 3018 4495 μοι
3066 4426 3383 4479 ἐπίκειται·
3440 4422 3574 4475 οὐαί
3619 4419 3688 4473 δὲ

2113 4506 2217 4572 μοί
2252 4505 2442 4568 ἐστιν,
2493 4506 2601 4559 ἐὰν
2642 4507 2727 4575 μὴ
2762 4507 3258 4577 εὐαγγελίζωμαι]
3286 4510 3353 4560 El
3393 4505 3501 4577 γὰρ
3533 4505 3690 4557 ἑκὼν

2116 4586 2289 4639 τοῦτο
2317 4587 2592 4655 πράσσω,
2623 4590 2849 4659 μισθὸν
2889 4592 3006 4660 ἐχω
3026 4607 3039 4621 ·
3072 4593 3123 4644 εὶ
3153 4590 3222 4643 δὲ
3249 4591 3429 4654 ἄκων,
3457 4590 3690 4641 οἰκονο-

2109 4669 2257 4738 μίαν
2295 4670 2714 4741 πεπίστευμαι.
2772 4674 2866 4740 Τίς
2896 4671 3013 4729 οὖν
3044 4676 3148 4743 μοι
3177 4674 3347 4727 ἐστιν
3379 4675 3413 4726 ό
3432 4671 3689 4740 μισθός;

2119 4753 2254 4807 Ἰνα
2290 4755 2832 4826 εὐαγγελιζόμενος,
2871 4756 3188 4813 ἀδάπανον
3217 4758 3384 4824 θήσω
3416 4756 3482 4809 τὸ
3511 4757 3688 4823 εὐαγ-

2116 4839 2318 4908 γέλιον
2335 4838 2440 4894 τοῦ
2470 4842 2747 4909 Χριστοῦ,
2773 4844 2862 4908 είς
2890 4843 2957 4895 τὸ
2980 4842 3066 4911 μὴ
3095 4839 3591 4909 καταχρήσασθαι
3612 4836 3688 4905 τῇ

2115 4921 2365 4990 ἐξουσίᾳ
2416 4940 2536 4992 μου
2579 4925 2649 4977 ἐν
2698 4924 2777 4990 τῷ
2835 4926 3188 4994 εὐαγγελίῳ.
3227 4924 3292 4975 Τί
3333 4924 3531 4991 λέγεις,
3565 4922 3686 4974 εἰπέ

2120 5021 2243 5074 μοις
2292 5006 2387 5059 ἐὰν
2426 5006 2770 5079 εύαγγελίζῃ,
2811 5008 2911 5061 οὑκ
2950 5008 3065 5061 ἐστι
3119 5025 3203 5061 σοι
3247 5006 3530 5077 καύχημα,
3570 5006 3686 5059 ἀλλ’

2116 5089 2213 5142 ἐὰν
2245 5089 2516 5143 ἀδάπανον
2544 5091 2642 5161 θῇς
2680 5093 2741 5145 τὸ
2769 5092 3118 5160 εὑαγγέλιον;
3149 5091 3343 5145 οὑκοῦν
3381 5090 3541 5144 τοῦτο
3575 5092 3691 5159 μεῖ-

2118 5169 2209 5236 ζον
2234 5171 2472 5236 ἐκείνου;
2500 5174 2763 5243 Οὑδαμῶς
2784 5193 2796 5206 ·
2827 5175 2942 5228 ἀλλ’
2973 5174 3241 5246 ἑτέρωθεν
3268 5175 3380 5245 ἔχει
3409 5192 3463 5228 τι
3493 5173 3654 5227 πλέον
3672 5191 3684 5202 ·

2117 5254 2197 5306 ὅτι
2225 5253 2284 5305 τὸ
2315 5254 2415 5323 μέν
2452 5257 2598 5309 ἐστιν
2630 5257 2927 5329 ἐπίταγμα,
2959 5259 3020 5312 τδ
3051 5260 3108 5313 δέ
3133 5258 3235 5327 τῆς
3265 5259 3404 5328 ἐμῆς
3427 5256 3687 5327 προαιρέ-

2121 5353 2257 5398 σεως
2292 5337 2643 5409 κατόρθωμα.
2707 5341 2773 5393 *Α
2819 5342 2919 5412 μὲν
2974 5343 3085 5414 γὰρ
3141 5340 3281 5413 ὑπὲρ
3318 5341 3415 5411 τὴν
3468 5340 3689 5411 ἐντολὴν

2116 5418 2347 5488 γίνεται,
2388 5420 2555 5473 πολὺν
2582 5420 2697 5491 ἔχει
2725 5423 2818 5477 τὸν
2863 5426 3056 5493 μισθὸν
3085 5426 3230 5479 κατὰ
3254 5423 3415 5479 τοῦτο
3438 5441 3452 5455 ·
3484 5423 3520 5478 ἃ
3547 5423 3604 5477 δέ
3631 5425 3689 5476 ἐν

2117 5501 2334 5572 ἐντολῆς
2360 5502 2532 5567 τάξει,
2561 5504 2621 5556 οὑ
2666 5505 2939 5562 τοσοῦτον.
2972 5508 3132 5561 Ὥστε
3159 5508 3304 5562 κατά
3337 5507 3497 5561 τοῦτό
3531 5522 3688 5578 φησι,

2114 5582 2273 5637 τοῦτο
2318 5585 2526 5638 ἐκείνου
2572 5585 2732 5641 πλέον
2788 5585 2945 5654 εἶναι,
2977 5591 3039 5645 οὑ
3069 5593 3189 5645 κατ’
3216 5592 3386 5662 αὑτὴν
3413 5590 3508 5644 τοῦ
3549 5592 3692 5657 πρά-

2115 5682 2325 5736 γματος
2351 5667 2448 5738 τὴν
2498 5667 2679 5738 φύσιν.
2719 5673 2783 5725 Τί
2806 5673 2913 5744 γὰρ
2933 5675 3026 5728 τοῦ
3069 5674 3303 5746 κηρῦξαι
3336 5676 3481 5741 [σονς
3517 5673 3690 5726 Ἱοῦτο

2117 5752 2225 5820 γὰρ
2273 5753 2367 5808 καὶ
2423 5753 2559 5823 πρὸς
2606 5755 2731 5821 τοὺς
2784 5757 3045 5823 ἀγγέλους
3099 5762 3295 5824 αὐτοὺς
3338 5756 3687 5830 ’ἁμιλλᾶσθαι
