4090 6216
358 272 454 333 liii

1390 260 1454 317 IN
1493 257 1708 316 EPIST.
1752 258 1771 313 Ι
1835 255 1926 311 AD
1963 252 2121 310 CUll.
2164 249 2393 314 HOMIL.
2436 247 2604 313 XXII.

3532 262 3634 331 182

1647 467 1993 529 HOMILIA
2037 466 2245 529 XXII.

355 655 487 709 Car.
532 646 588 702 9.
631 660 683 700 ν.
725 643 812 697 l5.
871 639 1095 695 Nescitis
1136 637 1274 708 quod
1311 636 1398 706 qui
1445 651 1593 689 sacra
1644 643 1944 704 aperantur,

431 757 496 795 es:
522 735 748 793 sacrario
772 734 940 788 vivunt
961 731 988 784 .9
1011 731 1096 799 qui
1121 729 1275 784 altari
1295 727 1601 792 deserviunt,
1651 740 1767 777 cum
1793 722 1947 776 altari

327 839 336 884 Ξ
435 828 790 903 participant?
839 827 927 881 M.
979 823 1065 878 Ita
1098 832 1145 877 et
1186 821 1432 875 Dominus
1461 818 1710 873 ordinavit
1735 816 1825 883 iis,
1860 814 1948 886 qui

435 921 749 990 evangelium
777 916 1098 981 aununtiant,
1136 913 1201 968 de
1227 911 1485 983 evangelio
1512 911 1696 965 vivere.

434 1019 485 1071 l.
530 1013 748 1068 Multum
772 1017 924 1065 curat
950 1004 1236 1061 ostendere
1260 1019 1366 1059 non
1396 1017 1518 1059 esse
1543 1006 1770 1056 velitum
1801 999 1946 1057 acci-

365 1123 510 1180 pere.
545 1103 773 1172 Ideoque
799 1115 920 1154 cum
964 1105 1042 1152 tot
1072 1105 1326 1172 tantaque
1364 1101 1520 1146 antea
1563 1091 1808 1156 dixisset,
1841 1103 1947 1142 nou

359 1187 492 1256 satis
533 1196 738 1258 habuit,
793 1191 888 1247 sed
914 1191 1075 1246 etiam
1099 1187 1168 1243 ad
1199 1187 1370 1257 legem
1401 1182 1663 1254 procedit,
1697 1181 1945 1252 praebens

360 1290 674 1360 exemplum
707 1286 874 1359 priori
899 1279 1321 1339 convenientius.
1366 1275 1484 1332 Non
1538 1274 1680 1329 enim
1724 1289 1823 1352 par
1862 1287 1950 1333 res

359 1393 479 1437 erat
508 1381 670 1435 boves
699 1379 750 1431 in
777 1375 1013 1430 medium
1042 1369 1330 1433 adducere,
1380 1373 1436 1421 et
1459 1365 1634 1435 legem
1672 1362 1740 1418 de
1765 1376 1950 1417 sacer-

360 1473 580 1529 dotibus
608 1470 809 1524 diserte
835 1465 995 1518 latam
1033 1461 1247 1518 afferre.
1272 1455 1552 1527 Perpende
1594 1462 1775 1509 autem
1821 1451 1951 1508 mihi

361 1567 526 1620 etiam
561 1563 616 1617 iit
649 1561 748 1614 hoc
779 1557 926 1613 Pauli
956 1551 1320 1626 prudentiam,
1348 1563 1508 1619 quam
1533 1545 1731 1602 decore
1757 1554 1813 1601 et
1840 1559 1952 1598 ma-

364 1658 560 1727 gnitice
600 1668 716 1708 rent
754 1655 1034 1704 metuorel.
1079 1643 1261 1714 Neque
1286 1642 1428 1697 cuitu
1471 1638 1607 1694 dixit
1636 1657 1650 1692 :
1677 1637 1778 1704 Qui
1801 1649 1951 1727 sacra

367 1725 659 1822 operantur
696 1741 765 1796 ab
809 1736 1156 1798 offerentibus
1199 1732 1500 1803 accipiunt;
1532 1727 1626 1822 sed
1653 1727 1841 1822 quidt
1872 1725 1954 1780 Ea:

369 1818 595 1893 sacrario
626 1835 835 1899 sierint;
886 1839 943 1884 ut
972 1842 1073 1888 nec
1116 1826 1442 1899 accipientes
1473 1821 1670 1893 probro
1707 1818 1950 1875 allician-

371 1942 502 1995 tur,
555 1941 654 1982 nec
693 1924 782 1995 qui
831 1919 1073 1993 pratbeut
1117 1915 1464 1974 extollantur.
1512 1911 1850 1986 Quapropter
1897 1907 1953 1962 id

370 2022 513 2101 quod
564 2017 804 2088 sequitur
841 2016 920 2071 sic
961 2012 1157 2084 posuit.
1187 2010 1370 2084 Neque
1393 2007 1478 2067 hic
1507 2006 1650 2066 enim
1678 2005 1838 2101 dixit,
1839 2001 1954 2101 Qui

366 2092 526 2175 altari
553 2110 810 2174 assident,
838 2107 906 2170 ab
931 2103 1327 2160 immolantibus
1356 2099 1660 2170 accipiunt;
1689 2095 1806 2161 sed,
1829 2092 1956 2150 Cum

370 2206 523 2260 altari
549 2202 873 2273 participant.
908 2197 1038 2252 Nam
1061 2209 1180 2265 qua:
1203 2194 1382 2248 oblata
1415 2190 1646 2256 inerant,
1678 2202 1784 2242 non
1817 2185 1953 2240 ultra

371 2295 713 2353 offerentium
748 2300 922 2357 erant,
963 2287 1056 2344 sed
1088 2287 1309 2342 sacrarii
1348 2295 1401 2340 et
1425 2282 1630 2338 altaris.
1656 2280 1766 2335 Nec
1789 2279 1953 2342 dixit,

371 2390 534 2445 Sacra
556 2385 842 2455 accipiunt,
867 2381 983 2446 sed,
1005 2379 1087 2434 Ea:
1108 2379 1334 2434 sacrario
1356 2376 1557 2437 vivunt;
1577 2387 1762 2429 rursus
1779 2379 1960 2427 osten—

372 2483 507 2536 dens
535 2477 955 2534 moderationem
976 2515 990 2540 ,
1034 2482 1089 2529 et
1130 2471 1273 2542 quod
1302 2485 1408 2525 non
1432 2477 1682 2540 oporteat
1704 2464 1960 2536 pecunias

374 2575 632 2642 colligere
659 2584 758 2624 nec
785 2567 963 2624 ditari.
993 2564 1050 2621 Si
1077 2574 1257 2620 autem
1283 2562 1431 2628 dicit,
1468 2561 1595 2616 Cum
1619 2559 1772 2613 altari
1803 2557 1962 2627 parti-

372 2665 570 2732 cipant,
617 2675 721 2715 non
743 2675 808 2714 ex
835 2672 988 2728 atquo
1017 2655 1210 2710 laetam
1237 2652 1666 2709 distributionem
1689 2649 1837 2713 dicit,
1864 2647 1960 2702 sed

376 2755 429 2809 id
454 2753 597 2824 quod
627 2767 694 2806 ex
724 2750 906 2806 debito
928 2749 1084 2804 datur
1104 2746 1185 2802 eis
1207 2746 1475 2804 solatium.
1497 2743 1656 2818 Atqui
1675 2742 1829 2810 longe
1849 2754 1963 2794 ma~

373 2848 492 2916 jora
524 2843 664 2914 apud
690 2843 960 2913 apostolos
989 2848 1162 2898 erant.
1216 2837 1324 2896 Illic
1349 2839 1491 2892 enim
1522 2834 1696 2891 honor
1720 2842 1836 2888 erat
1873 2844 1964 2885 sa-

377 2938 678 2998 cerdotium
699 2916 831 3002 {hic
856 2944 1031 2990 autem
1065 2930 1328 3003 pericula,
1349 2927 1711 3007 jugulationes
1727 2968 1742 2992 ,
1765 2924 1961 2982 caedes.

381 3033 506 3092 Ideo
533 3030 783 3088 omnibus
806 3028 925 3082 aliis
946 3025 1206 3095 exemplis
1227 3024 1382 3092 longe
1411 3019 1585 3090 majus
1607 3027 1724 3078 erat
1747 3017 1798 3072 id
1823 3015 1963 3087 quod

381 3128 530 3189 dicit.
566 3124 627 3180 Si
658 3140 748 3180 nos
783 3120 920 3176 vobis
939 3117 1229 3191 spiritualia
1255 3115 1629 3170 seminavimus.
1656 3110 1788 3166 Cum
1820 3109 1963 3191 enim

381 3217 530 3281 dicit,
555 3213 952 3278 Seminaoimus,
969 3189 1350 3278 tempestates,
1381 3202 1638 3275 pericula,
1668 3189 1967 3255 insidias'et

382 3305 764 3368 inenarrabilia
798 3303 934 3361 mala
977 3297 1231 3371 ostendit,
1258 3312 1378 3368 qua:
1426 3292 1760 3351 sustinebant
1800 3291 1835 3345 ii
1877 3288 1966 3360 qui

385 3398 766 3471 przedicabant.
783 3397 1032 3450 Attamen
1055 3391 1154 3454 etsi
1183 3399 1324 3444 tanta
1351 3395 1498 3446 esset
1523 3385 1855 3451 excellentia,
1873 3398 1968 3437 no-

387 3493 483 3548 luit
512 3505 574 3544 ea
597 3503 716 3559 quae
749 3489 946 3542 veteris
974 3491 1130 3541 erant
1159 3482 1291 3552 legis
1316 3479 1641 3549 deprimere,
1678 3491 1850 3546 neque
1873 3489 1966 3530 sua

388 3584 643 3641 extollere
664 3600 677 3635 :
699 3581 794 3636 sed
813 3594 906 3635 sua
930 3574 1324 3648 quodammodo
1345 3571 1673 3645 comprimit,
1693 3587 1796 3626 non
1817 3585 1846 3625 a
1872 3585 1967 3642 pe-

391 3676 588 3742 riculis,
614 3673 709 3729 sed
733 3687 764 3726 a
788 3669 1154 3742 magnitudine
1177 3666 1300 3722 doni
1325 3666 1461 3722 dans
1484 3665 1560 3719 illi
1578 3663 1967 3720 excellentiam.

394 3768 509 3834 Non
541 3769 689 3822 enim
712 3765 871 3829 dixit,
893 3763 948 3818 Si
983 3764 1224 3834 pericula
1247 3762 1502 3826 adiimus,
1535 3760 1582 3816 si
1618 3759 1741 3815 vitae
1765 3764 1967 3814 nostra:

395 3874 500 3914 non
521 3855 931 3919 consuluimns,
957 3853 1069 3919 sed,
1092 3853 1256 3908 Sinos
1268 3853 1412 3907 vobis
1424 3848 1968 3922 spiritualiasemina-

393 3951 660 4011 vimus;et
678 3961 799 4018 quae
819 3953 948 4002 sunt
981 3944 1346 4011 sacerdotum,
1368 3948 1632 4012 quantum
1656 3939 1773 3994 ﬁeri
1791 3943 1971 4017 potest

389 4035 605 4090 extollit
645 4035 825 4093 dicens
859 4052 874 4089 :
907 4032 1010 4099 Qui
1037 4047 1184 4089 sacra
1212 4041 1487 4108 operantur
1507 4073 1522 4098 ,
1585 4041 1633 4086 et
1684 4032 1771 4102 qui
1820 4029 1973 4082 altari

391 4125 656 4187 assident;
695 4133 1000 4194 perpetuam
1043 4125 1254 4180 illorum
1293 4123 1606 4179 servitutem
1631 4129 1684 4176 et
1713 4134 1968 4191 perseve-

393 4218 626 4273 rantiam
657 4218 838 4273 volens
867 4218 1170 4274 ostendere.
1217 4217 1283 4272 Et
1319 4231 1441 4272 cum
1468 4215 1693 4269 dixisset
1724 4212 1973 4267 sacerdo-

392 4323 474 4367 tes
515 4312 605 4382 qui
646 4319 770 4366 sunt
804 4311 944 4382 apud
972 4309 1204 4376 Judmos,
1235 4318 1289 4366 et
1321 4309 1534 4364 Levitas
1563 4315 1618 4362 et
1642 4304 1930 4361 Pontiﬁces
1954 4345 1970 4371 ,

393 4415 647 4480 utrosque
692 4403 909 4457 ordines
963 4402 1180 4466 indicat,
1223 4409 1279 4456 et
1305 4401 1392 4474 qui
1435 4407 1560 4454 sunt
1597 4397 1877 4453 inferiores
1920 4405 1975 4451 et

390 4495 479 4567 qui
503 4496 824 4564 superiores,
853 4497 986 4550 alios
1005 4494 1217 4567 quidem
1244 4507 1363 4548 cum
1383 4493 1531 4557 dicit,
1567 4491 1665 4557 Qui
1691 4506 1836 4545 sacra
1855 4506 1975 4558 ope-

391 4598 605 4654 rantur;
639 4587 774 4642 alios
804 4602 932 4641 vero
961 4601 1080 4641 cum
1107 4587 1266 4653 dicit,
1301 4587 1400 4652 Qui
1425 4586 1574 4639 altari
1600 4585 1844 4639 assident.
1868 4583 1972 4638 Ne.

389 4695 496 4752 que
522 4680 667 4734 enim
701 4680 951 4740 omnibus
977 4695 1141 4739 unum
1166 4694 1300 4749 opus
1327 4678 1633 4732 mandatum
1679 4686 1830 4742 erat,
1878 4675 1973 4730 sed

390 4771 511 4825 aliis
549 4771 848 4835 crassiora,
877 4771 996 4828 aliis
1033 4771 1221 4825 altiora
1251 4769 1558 4825 concredita
1589 4768 1819 4822 inerant.
1861 4766 1970 4823 Hos

393 4864 552 4932 igitur
577 4877 766 4918 omnes
790 4864 1100 4934 complexus
1120 4904 1134 4928 ,
1164 4877 1231 4917 ne
1257 4862 1377 4931 quis
1403 4860 1626 4928 diceret,
1658 4859 1764 4914 Cur
1791 4867 1972 4914 vetera

393 4955 548 5010 nobis
575 4957 930 5011 memorasti?
969 4957 1143 5012 nescis
1176 4955 1554 5025 pertectiorum
1599 4952 1971 5012 mandatorum

394 5048 546 5102 nobis
572 5062 694 5102 esse
723 5048 969 5118 tempus?
1011 5057 1131 5119 post
1174 5047 1261 5102 illa
1301 5046 1504 5110 omnia,
1542 5044 1684 5114 quod
1722 5042 1972 5104 omnibus

391 5139 584 5193 fortius
615 5149 730 5195 erat
754 5141 933 5210 posuit
960 5139 1144 5195 dicens
1175 5155 1189 5193 ε
1229 5138 1315 5196 Ita
1355 5149 1404 5194 et
1434 5137 1684 5197 Dominus
1720 5136 1973 5198 ordinavit

389 5235 470 5298 iis,
523 5237 612 5304 qui
635 5235 946 5302 evangelium
970 5234 1294 5299 annuntiant,
1328 5232 1390 5287 de
1418 5233 1674 5304 evangelio
1697 5231 1878 5286 vivere.
1904 5228 1974 5288 Et

389 5341 564 5394 neque
611 5325 715 5380 hoc
746 5326 897 5392 dicit,
926 5327 1010 5389 Ali
1038 5326 1105 5381 ab
1134 5326 1480 5393 hominibus;
1510 5325 1606 5381 sed
1639 5325 1778 5384 sicut
1798 5325 1852 5380 in
1879 5338 1972 5378 sa-

388 5416 721 5482 cerdotibus,
777 5414 862 5472 Ea:
902 5433 1067 5483 sacro,
1114 5425 1170 5471 et
1210 5415 1294 5476 Ea;
1335 5416 1505 5481 altari,
1556 5416 1624 5470 ita
1665 5424 1719 5470 et
1749 5415 1856 5481 hic,
1888 5411 1973 5469 Ea:

389 5509 663 5580 evangelio,
690 5509 820 5563 dicit
846 5526 860 5563 :
890 5518 940 5564 et
962 5509 1098 5564 sicut
1122 5509 1232 5564 illic
1261 5508 1445 5574 Edere,
1479 5509 1547 5573 ita
1575 5517 1630 5564 et
1650 5508 1735 5563 ltic
1764 5507 1974 5576 Vivere;

389 5611 492 5653 non
520 5607 888 5656 mercaturam
915 5598 1094 5655 facere
1129 5599 1216 5655 vel
1249 5599 1632 5664 thesaurizare.
1674 5598 1875 5670 Dignus
1901 5608 1974 5653 est

388 5689 549 5760 enim,
580 5689 778 5762 inquit,
821 5693 1082 5758 operarius
1109 5691 1333 5751 mercede
1370 5708 1461 5747 sua
1485 5690 1698 5766 (Matth.
1737 5690 1822 5746 10.
1858 5689 1967 5763 ω).

703 5781 974 5844 Ρηιιοι.
1023 5781 1139 5843 (in.
1182 5779 1343 5848 LXI.

2055 630 2142 686 15.
2177 631 2289 701 Ego
2325 641 2492 686 autem
2526 633 2668 686 nullo
2695 634 2872 687 horum
2903 650 3022 688 usus
3051 651 3184 696 sum.
3213 637 3348 702 Quid
3381 645 3489 691 tutu
3511 678 3526 702 ,
3553 641 3636 692 in-

2054 723 2227 790 quies,
2257 724 2299 776 si
2331 736 2472 777 nunc
2500 738 2607 778 non
2635 739 2762 778 usus
2792 739 2870 792 es,
2901 726 2952 780 in
2993 725 3174 789 futuro
3201 737 3378 782 autem
3409 732 3488 783 vis
3521 734 3593 783 uti
3620 771 3636 789 .

2052 822 2106 868 et
2136 824 2419 894 propterea
2451 813 2567 877 haec
2592 814 2764 878 dicis?
2790 817 3010 886 Apage;
3040 819 3218 874 statim
3258 836 3488 891 namque
3518 838 3640 889 pro-

2055 913 2237 974 pterea
2263 921 2388 967 usus
2418 915 2503 960 est
2533 908 2886 974 correctione,
2917 909 2994 963 sic
3033 909 3219 976 dicens
3253 927 3267 965 :
3303 909 3354 964 Ν
3361 929 3426 965 ou
3454 915 3635 981 scripsi

2055 1008 2224 1050 autem
2250 998 2386 1063 hac,
2414 1007 2469 1052 ut
2498 998 2572 1061 sic
2589 999 2680 1066 ﬁat
2706 999 2759 1053 in
2789 1015 2887 1054 me.
2931 1000 2997 1054 Et
3025 1001 3145 1065 vide
3171 1017 3292 1063 cunt
3320 1013 3514 1072 quanta
3544 1020 3636 1058 ve-

2057 1090 2324 1146 hementia
2347 1106 2461 1146 rem
2489 1100 2644 1160 negat
2670 1101 2723 1155 et
2749 1092 2965 1163 depellit
2999 1111 3012 1146 :
3044 1092 3245 1155 Bonum
3266 1077 3488 1153 estenlm
3516 1097 3643 1159 milii

2057 1183 2220 1261 magis
2266 1183 2417 1252 mori,
2465 1200 2617 1254 quam
2645 1194 2697 1238 ut
2725 1183 2944 1256 gloriam
2975 1203 3134 1239 meam
3162 1187 3275 1256 quis
3300 1197 3526 1242 evacuet.
3576 1189 3642 1243 Et

2058 1290 2162 1328 non
2191 1275 2383 1342 semel,
2416 1289 2590 1344 neque
2615 1275 2718 1340 bis,
2762 1274 2856 1330 sed
2897 1277 3094 1346 smpius
3123 1278 3221 1332 Itac
3247 1279 3414 1332 utitur
3441 1278 3631 1335 dictio-

2058 1381 2126 1421 ne
2156 1383 2169 1419 :
2201 1363 2321 1420 nam
2345 1374 2401 1422 et
2429 1365 2679 1437 superius
2705 1367 2838 1422 dixit
2864 1384 2878 1421 :
2902 1365 3033 1422 'Non
3072 1368 3150 1422 usi
3176 1386 3350 1424 sumus
3377 1369 3471 1423 hac
3495 1379 3641 1440 pote-

2055 1469 2222 1524 state;
2269 1469 2323 1514 et
2365 1469 2552 1529 postea
2600 1475 2835 1524 rursum,
2889 1460 2958 1516 Ut
2996 1478 3095 1514 non
3128 1461 3313 1516 abutar
3357 1479 3466 1515 mea
3506 1472 3644 1533 pote-

2057 1560 2184 1610 state
2207 1568 2225 1616 ;
2265 1559 2320 1606 et
2349 1551 2434 1605 hic
2467 1571 2480 1605 :
2513 1536 2624 1623 Ego
2651 1562 2817 1606 autent
2847 1552 2988 1617 nullo
3016 1553 3197 1613 [torum
3224 1571 3344 1616 usus
3371 1571 3504 1620 sum.
3539 1555 3647 1611 llo-

2056 1657 2220 1704 rum:
2259 1644 2525 1713 quorum?
2568 1643 2854 1704 Multorum
2899 1645 3288 1715 exemplorum.
3323 1645 3456 1710 Cum
3501 1647 3642 1708 enim

2059 1736 2222 1790 multa
2251 1737 2380 1791 mihi
2412 1747 2732 1807 potestatem
2773 1738 3095 1808 praeberent,
3153 1741 3332 1806 miles,
3386 1743 3642 1811 agricola,

2059 1837 2262 1896 pastor,
2294 1828 2546 1896 apostoli,
2571 1829 2676 1892 lex,
2702 1844 2764 1884 ea
2789 1845 2908 1908 qua
2937 1844 2966 1884 a
2998 1830 3153 1889 nobis
3184 1831 3236 1892 in
3266 1846 3359 1886 vos
3392 1833 3544 1895 ﬁunt,
3577 1848 3638 1888 ea

2061 1935 2176 1989 qua:
2205 1934 2234 1972 a
2264 1920 2412 1974 vobis
2435 1919 2486 1974 in
2513 1919 2666 1986 alios,
2695 1920 3025 1985 sacerdotes,
3055 1933 3380 1992 praeceptum
3402 1923 3601 1979 Clu-isti
3629 1943 3643 1979 :

2061 2008 2188 2063 nulli
2216 2008 2405 2064 horum
2433 2009 2822 2079 obtemperavi,
2849 2020 2906 2065 ut
2933 2010 3106 2081 legem
3131 2027 3305 2066 meant
3330 2013 3646 2084 abrogarent

2061 2110 2114 2155 et
2141 2101 2463 2182 acciperem.
2487 2101 2596 2158 Nec
2623 2101 2752 2158 mihi
2774 2103 2923 2158 dicas
2962 2103 3048 2158 illa
3080 2119 3199 2174 qua:
3227 2105 3597 2174 prrcterieruut
3631 2126 3644 2161 :
3673 2130 3678 2136 ~

2061 2192 2271 2249 etiamsi
2313 2193 2519 2263 possim
2567 2193 2769 2260 dicere,
2802 2209 2891 2250 me
2939 2196 3106 2250 multa
3132 2196 3336 2266 pridetn
3365 2205 3645 2268 propterea

2064 2299 2276 2354 passum
2305 2299 2424 2340 esse
2457 2293 2728 2340 :attamen
2769 2299 2874 2340 non
2921 2285 3027 2339 illis
3073 2295 3277 2347 tantum
3324 2289 3503 2354 nitor;
3554 2287 3647 2353 sed

2061 2377 2222 2431 etiam
2239 2375 2306 2431 de
2334 2375 2523 2431 futuris
2553 2376 2829 2446 polliceor,
2849 2392 2935 2432 me
2961 2378 3119 2432 malle
3141 2379 3276 2432 mori
3308 2378 3464 2440 fante,
3491 2396 3649 2448 quam

2063 2468 2147 2524 his
2181 2468 2397 2524 coronis
2428 2469 2645 2540 privari.
2675 2469 2875 2523 Bonum
2896 2479 2970 2524 est
2997 2470 3131 2524 enim
3157 2471 3279 2524 mihi
3309 2472 3470 2541 magis
3498 2457 3649 2539 mori,

2065 2564 2251 2636 inquit,
2273 2581 2424 2635 quam
2450 2573 2506 2617 ut
2533 2564 2750 2635 gloriam
2780 2579 2942 2623 meam
2964 2565 3074 2635 quis
3103 2574 3322 2630 evacuet.
3350 2547 3464 2618 Non
3493 2564 3650 2628 dixit,

2064 2671 2223 2726 quam
2249 2666 2305 2710 ιιι
2334 2656 2505 2726 legem
2531 2671 2708 2711 meant
2733 2656 2851 2725 quis
2881 2657 3087 2718 solvat,
3113 2655 3207 2720 sed
3232 2698 3246 2722 ,
3274 2654 3524 2712 Gloriam.
3575 2655 3654 2712 Ne

2065 2750 2183 2820 quis
2222 2749 2365 2805 enim
2394 2749 2556 2815 dicat,
2591 2750 2762 2820 ipsum
2795 2750 2896 2806 hoc
2927 2748 3144 2819 quidem
3171 2748 3371 2818 facere,
3415 2749 3509 2805 sed
3543 2766 3650 2806 non

2065 2842 2408 2913 gaudentem,
2450 2840 2544 2895 sed
2588 2849 2892 2910 gementem
2933 2851 2987 2894 et
3031 2849 3347 2905 maerentem
3374 2857 3388 2904 ;
3416 2839 3654 2897 laetitiam

2068 2937 2339 3006 ingentem
2380 2934 2668 2991 ostendere
2695 2935 2880 2994 volens
2911 2949 3268 3015 magnamque
3294 2934 3652 3002 alacritatem,

2067 3043 2180 3082 rem
2209 3027 2377 3096 ipsam
2404 3026 2637 3096 appellat
2662 3025 3053 3096 gloriationent.
3105 3025 3331 3092 Tantum
3372 3026 3557 3081 aberat
3599 3037 3658 3082 ttt

2069 3118 2296 3186 doleret,
2345 3127 2402 3173 ut
2449 3119 2610 3172 etiam
2658 3117 3000 3193 gloriaretur,
3031 3126 3088 3174 et
3118 3119 3252 3172 mori
3281 3119 3452 3182 malit,
3493 3134 3654 3188 quam

2070 3211 2172 3265 hac
2215 3210 2386 3280 gloria
2429 3209 2700 3265 excidere.
2753 3210 2827 3266 lta
2859 3209 3002 3282 quod
3031 3219 3142 3267 tum
3171 3210 3353 3278 ﬁebat,
3406 3212 3519 3283 ipsa
3547 3212 3656 3268 vita

2069 3302 2278 3362 dulcius
2311 3304 2408 3373 ipsi
2437 3313 2572 3358 erat.

2141 3394 2197 3447 2.
2243 3393 2444 3448 Deinde
2490 3394 2702 3451 aliunde
2737 3396 2896 3450 etiam
2937 3395 2988 3455 id
3030 3396 3260 3464 extollit,
3306 3405 3362 3452 et
3411 3413 3656 3469 magnum

2072 3500 2194 3541 esse
2221 3485 2475 3552 ostendit,
2507 3502 2610 3540 non
2644 3497 2698 3544 ut
2723 3502 2782 3542 se
2810 3488 3148 3558 Splendidam
3177 3489 3510 3556 declararet;
3535 3507 3658 3562 pro-

2070 3579 2155 3634 cul
2181 3581 2324 3634 enim
2355 3580 2444 3634 ille
2465 3589 2583 3638 erat
2609 3581 2676 3636 ab
2705 3580 2810 3638 hoc
2832 3583 2995 3637 animi
3019 3581 3245 3646 affectu;
3275 3585 3367 3640 sed
3400 3593 3455 3639 ut
3481 3597 3660 3640 osten-

2073 3671 2231 3732 deret
2253 3687 2315 3728 se
2343 3672 2532 3741 laetari,
2561 3682 2616 3728 et
2641 3673 3002 3744 susliicionem
3033 3690 3247 3730 omnem
3268 3675 3335 3731 de
3357 3676 3532 3732 medio
3562 3676 3661 3730 tol-

2073 3763 2228 3820 leret.
2252 3764 2374 3826 ideo
2391 3765 2556 3831 enim,
2577 3774 2633 3820 ut
2653 3765 2762 3834 jam
2787 3765 2918 3831 dixi,
2943 3783 3057 3822 rem
3087 3777 3242 3823 vocat
3263 3769 3658 3838 gloriatiouent.

2074 3856 2140 3910 Et
2166 3855 2291 3926 quid
2318 3856 2434 3910 ait?
2476 3857 2562 3910 l6.
2598 3855 2737 3912 Nam
2766 3858 2809 3911 si
2839 3860 3264 3929 euangelizavero,
3296 3876 3396 3918 non
3424 3870 3494 3926 est
3535 3860 3660 3914 nti/ti

2074 3947 2238 4019 gloria
2262 3964 2281 4012 ;
2314 3947 2580 4002 necessitas
2606 3949 2738 4002 enim
2773 3950 2900 4002 mihi
2926 3951 3167 4005 incumbit
3191 3969 3210 4016 ;
3243 3967 3317 4016 va:
3340 3962 3508 4004 autem
3535 3951 3662 4005 milii

2075 4047 2169 4105 est,
2198 4039 2242 4092 si
2268 4054 2370 4091 non
2395 4039 2819 4112 euangelizavero.
2853 4042 2942 4095 17.
2991 4041 3054 4096 Si
3078 4042 3208 4100 enim
3234 4044 3405 4107 volens
3431 4043 3526 4098 Itoc
3565 4061 3658 4113 ego

2076 4126 2233 4197 facio,
2275 4127 2551 4182 mercedem
2583 4128 2739 4183 habeo
2766 4146 2784 4183 :
2812 4131 2855 4183 si
2883 4139 3052 4195 autem
3099 4132 3305 4197 invitus,
3349 4131 3660 4202 dispensatio

2076 4219 2202 4272 mihi
2251 4220 2444 4276 credita
2493 4230 2587 4274 est.
2632 4220 2718 4277 18.
2768 4220 2894 4290 Qua:
2925 4230 3000 4276 est
3031 4239 3151 4293 ergo
3177 4238 3364 4288 merces
3392 4225 3546 4290 mea?
3592 4221 3660 4285 Ut

2076 4309 2390 4382 evangelium
2415 4312 2719 4380 praedicans,
2749 4313 2858 4366 sine
2886 4323 3090 4383 sumptu
3124 4329 3309 4382 ponam
3345 4315 3658 4384 evangelium

2078 4399 2316 4456 Christi:
2354 4411 2408 4454 ut
2458 4419 2558 4458 non
2603 4403 2781 4456 abutar
2828 4413 3072 4475 potestate
3116 4421 3227 4458 mea
3275 4406 3327 4458 in
3379 4407 3659 4477 evangelio.

2075 4493 2236 4560 Quid,
2271 4509 2475 4570 quaeso,
2505 4495 2684 4557 dicis?
2719 4495 2764 4550 si
2799 4497 3154 4568 evangelizas,
3187 4513 3293 4564 non
3320 4509 3402 4554 est
3428 4499 3520 4564 tibi
3545 4501 3661 4570 glo-

2077 4586 2266 4653 riatio;
2317 4587 2412 4651 sed
2458 4588 2501 4642 si
2543 4589 2660 4643 sine
2713 4599 2925 4673 sumptu
2956 4605 3125 4661 ponas
3158 4591 3533 4661 evangelium?
3561 4591 3662 4646 hoc

2077 4693 2204 4748 ergo
2235 4679 2406 4748 majus
2431 4688 2514 4738 est
2544 4681 2674 4740 illo?
2720 4681 3102 4763 Nequaquam;
3148 4683 3244 4738 sed
3297 4683 3512 4739 aliunde
3558 4684 3659 4737 ali-

2077 4773 2205 4842 quid
2231 4774 2464 4846 amplius
2497 4774 2696 4840 habet;
2739 4777 2995 4848 quoniam
3039 4777 3180 4839 aliud
3217 4775 3432 4845 quidem
3462 4791 3662 4844 praece-

2076 4874 2223 4934 ptum
2249 4875 2353 4932 est,
2383 4865 2527 4920 aliud
2557 4878 2736 4922 autem
2766 4883 2795 4920 a
2821 4882 2938 4921 mea
2973 4867 3246 4931 voluntate
3275 4868 3530 4940 praeclare
3560 4883 3655 4938 ge-

2077 4965 2216 5020 stum
2258 4965 2360 5019 est.
2410 4955 2542 5011 Nam
2574 4973 2692 5026 qum
2721 4971 2880 5026 supra
2908 4956 3214 5021 mandatum
3249 4957 3404 5018 ﬁunt.
3436 4961 3659 5023 inultam

2076 5047 2158 5101 vel
2190 5047 2313 5103 inde
2342 5046 2643 5105 mercedem
2673 5045 2909 5111 habent;
2936 5063 3054 5116 quae
3084 5058 3262 5115 autem
3295 5062 3362 5104 ex
3383 5051 3658 5116 mandato,

2076 5152 2182 5191 non
2230 5145 2451 5191 tantam.
2497 5136 2680 5206 Itaque
2723 5137 2822 5192 hac
2868 5140 3074 5194 ratione
3101 5140 3248 5210 dicit,
3295 5140 3401 5198 hoc
3429 5141 3518 5196 illo
3538 5157 3662 5198 esse

2077 5228 2340 5307 amplius,
2384 5242 2489 5284 non
2529 5227 2822 5285 secundum
2868 5231 3035 5312 ipsam
3087 5233 3164 5300 rei
3211 5242 3452 5298 naturain
3483 5249 3496 5284 :
3529 5231 3655 5300 quid

2077 5320 2219 5380 enim
2243 5318 2607 5390 praedicationi
2629 5335 2725 5390 par
2752 5320 2950 5376 fuerit?
2983 5321 3093 5376 Hoc
3117 5323 3260 5387 enim
3291 5322 3474 5387 efﬁcit,
3497 5333 3554 5375 ut
3581 5320 3658 5374 illi

2077 5427 2200 5469 cum
2228 5411 2432 5482 angelis
2457 5420 2769 5468 concertent
2801 5431 2813 5466 :
2843 5423 3076 5466 attamen
3105 5413 3355 5485 quoniam
3385 5411 3511 5466 illud
3540 5413 3657 5482 qui-

2077 5503 2202 5560 dem
2252 5511 2576 5575 prseceptnm
2625 5509 2709 5556 est
2755 5510 2810 5556 et
2848 5501 3106 5566 debitum,
3139 5501 3238 5556 hoc
3264 5511 3438 5566 autem
3471 5502 3655 5558 libera:

2079 5596 2371 5662 voluntatis
2402 5610 2537 5666 opus
2565 5594 2813 5650 alacriter
2837 5606 3182 5663 susceptum;
3233 5593 3526 5650 secundum
3566 5593 3656 5649 illo

2079 5688 2308 5763 amplius
2334 5698 2435 5745 est.
2481 5687 2608 5745 ldeo
2633 5687 2726 5756 ait,
2767 5688 2869 5743 hoc
2892 5688 3064 5766 ipsum
3103 5688 3462 5758 interpretans
3506 5693 3652 5760 quod

3266 5779 3341 5843 12
