4108 6218
456 295 554 350 133
1198 293 1255 348 S.
1281 290 1557 348 JOANNIS
1595 287 2056 346 CHRYSOSTOMI
2099 291 2406 348 AliClllEP.
2449 294 2977 354 CONSTANTINOP.
3654 309 3750 367 ηε

449 424 592 464 nunc
615 408 732 464 dixi
765 427 777 463 :
805 410 866 466 Si
886 413 1019 466 enim
1043 409 1213 464 volens
1240 408 1334 460 hoc
1361 407 1515 478 facio,
1545 405 1821 459 mercedem
1848 405 2042 466 habeo;

442 517 486 554 st
522 510 690 555 autem
717 501 924 567 invitus,
952 501 1262 572 dispensatio
1287 500 1412 552 mihi
1439 499 1624 552 tradita
1647 507 1715 552 est
1741 515 1759 552 :
1790 497 1916 552 illud
1945 497 2045 552 Vo—

445 597 553 646 Iens
590 581 664 646 let
705 591 902 648 Invitus
951 592 1242 661 accipiens.
1275 605 1372 660 pro
1400 605 1466 645 eo
1502 591 1645 660 quod
1678 589 2043 645 concreditum

446 683 528 737 vel
566 701 672 739 non
699 684 1066 739 concreditum
1099 695 1200 738 est.
1235 683 1324 739 Sic
1353 684 1516 739 etiam
1553 683 1706 748 illud,
1748 682 2044 737 Necessitas

448 775 577 828 mihi
613 775 880 840 incumbit,
936 774 1341 845 intelligendum
1391 784 1492 838 est,
1528 791 1632 830 non
1672 773 1813 844 quod
1844 773 2042 844 aliquid

453 865 644 918 horum
677 864 874 919 invitus
905 862 1102 930 faciat,
1133 865 1274 919 absit
1300 882 1314 929 ;
1348 864 1443 919 sed
1477 874 1533 918 ut
1561 866 1653 934 qui
1682 865 1750 917 sit
1780 863 2043 917 obnoxius

452 956 514 1010 iis
547 972 665 1027 quae
707 955 854 1027 jussa
897 968 1058 1022 sunt,
1101 964 1156 1010 et
1198 955 1265 1010 ad
1316 955 1713 1010 distinctionem
1765 954 2030 1014 libertatis

449 1065 568 1119 qua:
599 1048 739 1103 dicta
770 1048 928 1102 estin
958 1047 1294 1116 accipiendo.
1328 1047 1556 1116 Ideoque
1583 1045 1865 1116 discipulis
1894 1044 2043 1100 dice-

452 1141 540 1194 bat
564 1137 809 1194 Christus
842 1156 853 1191 :
891 1139 1015 1191 Cum
1047 1139 1218 1192 omnia
1246 1139 1488 1209 feceritis,
1520 1138 1691 1202 dicite,
1736 1135 1882 1191 Servi
1931 1137 2044 1189 inu-

451 1233 561 1287 tiles
586 1251 794 1298 sumus;
819 1250 930 1304 qua:
957 1235 1090 1288 enim
1115 1232 1376 1286 debuimus
1402 1235 1592 1302 facere,
1630 1231 1841 1304 fecimus
1887 1229 2039 1303 (Luc.

453 1327 542 1380 17.
578 1325 689 1395 10).
731 1325 859 1392 Quae
901 1335 979 1380 est
1015 1341 1144 1396 ergo
1175 1339 1385 1380 merces
1411 1323 1570 1379 mea?
1619 1321 1686 1377 Ut
1730 1323 2043 1393 evangelium

451 1417 735 1486 prtedicans
767 1416 879 1470 sine
907 1427 1114 1486 sumptu
1143 1431 1330 1485 ponam
1351 1415 1687 1486 evangelium.
1725 1414 1862 1482 Quid
1889 1427 2040 1484 ergo,

450 1523 634 1577 quteso
670 1516 742 1574 te,
775 1507 964 1562 Petrus
997 1506 1306 1562 mercedem
1351 1522 1456 1561 non
1485 1505 1684 1560 habet?
1710 1505 1904 1575 etquis
1926 1521 2042 1557 um-

451 1614 608 1666 quam
639 1608 837 1653 tantam
871 1598 1136 1663 habuerit,
1166 1608 1419 1669 quantam
1447 1597 1574 1652 ille?
1597 1595 1724 1667 quid
1757 1611 1883 1650 vero
1914 1597 2044 1651 reli-

451 1689 539 1757 qui
565 1689 833 1759 apostoli?
865 1690 1134 1760 quomodo
1161 1706 1290 1760 ergo
1318 1689 1450 1744 dixit
1481 1707 1492 1742 :
1531 1688 1593 1743 Si
1631 1688 1800 1742 volens
1839 1687 2040 1758 quidem

453 1781 546 1832 hoc
569 1797 688 1850 ago,
712 1781 990 1834 mercedem
1020 1779 1217 1845 habeo;
1248 1781 1292 1833 si
1318 1780 1522 1845 invitus,
1563 1779 1872 1849 dispensatio
1919 1778 2041 1831 mihi

450 1873 642 1926 credita
676 1874 780 1926 est?
826 1871 987 1928 Vides
1029 1873 1116 1927 hic
1157 1889 1370 1943 quoque
1425 1871 1806 1942 prudentiam?
1857 1870 2040 1940 Neque

452 1963 592 2018 enim
621 1964 772 2029 dixit,
810 1963 866 2019 Si
893 1973 1070 2018 autem
1102 1964 1322 2029 invitus,
1359 1979 1463 2018 non
1495 1963 1668 2019 habeo
1699 1962 2039 2028 mercedem;

452 2056 580 2122 sed,
632 2055 958 2126 Dispensatio
1003 2059 1130 2112 mihi
1173 2057 1366 2112 credita
1403 2067 1518 2122 est;
1555 2057 1848 2112 ostendens
1876 2070 1936 2111 se
1963 2055 2040 2110 sic

451 2163 661 2217 quoque
693 2148 997 2204 mercedem
1029 2148 1247 2213 habere,
1281 2149 1374 2203 sed
1405 2149 1584 2212 talem,
1609 2148 1820 2219 qualem
1853 2146 1919 2213 is,
1948 2149 2038 2216 qui

450 2239 590 2309 quod
606 2239 816 2310 jussum
845 2252 961 2297 erat
988 2251 1314 2313 exsequutus
1337 2250 1454 2308 est;
1483 2256 1589 2296 non
1615 2241 1827 2312 qualem
1858 2241 1922 2304 is,
1948 2242 2039 2312 qui

452 2348 518 2385 ex
561 2341 706 2387 metu
761 2347 859 2389 suo
904 2333 1156 2388 alacriter
1183 2345 1507 2404 praeceptum
1537 2335 1835 2404 superavit.
1883 2334 2040 2402 Quar-

403 2418 410 2430 “
451 2440 572 2478 nam
603 2442 732 2496 ergo
761 2441 969 2482 merces
994 2427 1116 2480 est?
1165 2425 1233 2481 Ut
1266 2427 1578 2498 evangelium
1605 2425 1912 2496 prtedictms,
1959 2426 2040 2481 in-

453 2517 603 2586 quit,
634 2519 743 2570 sine
777 2528 984 2588 sumpta
1022 2535 1208 2588 ponam
1261 2517 1690 2588 evangelium;ut
1729 2534 1832 2584 non
1859 2517 2038 2574 abutar

451 2619 696 2676 potestate
734 2627 846 2665 mea
872 2611 923 2664 in
949 2611 1227 2682 evangelio.
1279 2610 1470 2665 Viden‘
1505 2611 1778 2682 quomodo
1827 2627 2040 2683 semper

452 2703 730 2768 potestatis
762 2703 978 2757 nomine
1007 2712 1226 2762 utatur:
1259 2703 1551 2759 ostendens
1581 2704 1731 2770 illud,
1761 2705 1901 2776 quod
1931 2705 2040 2761 fre-

449 2789 680 2860 quenter
705 2791 853 2856 dixi,
904 2793 1046 2864 quod
1090 2809 1187 2848 nec
1218 2795 1292 2848 illi
1321 2795 1559 2864 quidem,
1601 2784 1700 2866 qui
1745 2797 2034 2867 accipiunt,

450 2883 593 2954 digni
634 2884 742 2938 sint
778 2884 1241 2953 reprehensione?
1284 2887 1504 2942 Addidit
1547 2898 1747 2954 autem,
1780 2887 1847 2942 In
1881 2905 2036 2944 evan-

450 2975 601 3044 gelio,
630 2975 790 3029 simul
816 2975 1122 3047 signiﬁcans
1141 2977 1497 3048 evangelium,
1529 2987 1583 3033 et
1614 2978 1902 3049 prohibens
1924 2981 2039 3036 ubi-

451 3083 552 3137 que
579 3081 691 3121 rem
719 3067 974 3123 educere.
1027 3070 1320 3124 Docentem
1345 3069 1487 3124 enim
1519 3079 1732 3139 oportet
1759 3071 2036 3142 accipere,

451 3175 555 3214 non
588 3169 764 3215 autem
795 3161 1049 3215 otiosum.
1082 3159 1170 3216 19.
1193 3158 1331 3213 Ναηι
1357 3177 1473 3214 cum
1503 3159 1629 3215 liber
1656 3177 1814 3215 essem
1840 3179 1902 3216 ea:
1931 3179 2040 3217 om-

451 3252 616 3316 nibus,
650 3252 874 3305 omniunt
905 3267 982 3304 me
1002 3265 1199 3304 servum
1225 3251 1342 3321 feci,
1375 3259 1432 3303 ut
1457 3251 1628 3320 plures
1665 3252 2037 3323 lucrifacerem.

454 3342 550 3397 llic
593 3357 777 3397 rursus
807 3343 965 3398 aliam
1009 3342 1158 3412 ponit
1200 3342 1552 3412 hyperbolen.
1610 3343 1854 3415 Magnum
1896 3347 2038 3401 enim

452 3444 534 3488 ρει
562 3450 666 3488 non
690 3433 962 3503 accipere;
991 3431 1093 3489 hoc
1119 3441 1296 3486 autem
1321 3432 1460 3502 quod
1480 3432 1722 3490 dicturus
1746 3447 1848 3502 est,
1884 3436 2040 3508 longe

452 3526 625 3596 majus
656 3526 749 3580 illo
775 3534 875 3580 est.
908 3523 1046 3591 Quid
1092 3532 1271 3578 autem
1318 3533 1402 3580 est
1442 3523 1494 3580 id
1547 3525 1686 3595 quod
1731 3526 1892 3581 dicit?
1921 3527 2038 3582 Non

453 3617 628 3672 solum
677 3631 784 3671 non
824 3615 1026 3685 accepi,
1067 3615 1256 3684 inquit,
1311 3630 1486 3686 neque
1533 3617 1707 3671 solum
1752 3633 1857 3672 non
1909 3633 2039 3674 usus

454 3724 572 3763 sum
617 3707 719 3763 hac
765 3715 1029 3778 potestate
1053 3748 1067 3772 ,
1113 3707 1205 3762 sed
1236 3707 1394 3762 etiam
1427 3722 1514 3762 me
1537 3709 1782 3763 servituti
1809 3709 2037 3780 subjeci,

457 3799 566 3852 imo
594 3798 753 3851 varia:
780 3807 834 3852 et
861 3797 1036 3851 omnis
1060 3798 1273 3869 generis
1301 3799 1564 3854 servituti.
1597 3799 1780 3871 Neque
1807 3801 1951 3857 enim
1985 3803 2039 3858 in

456 3889 694 3958 pecuniis
720 3889 893 3944 solum
917 3906 930 3944 :
975 3889 1069 3944 sed
1096 3889 1237 3960 quod
1265 3890 1509 3961 pecuniis
1535 3891 1696 3964 longe
1729 3894 1904 3964 majus
1933 3905 2037 3961 est,

455 3986 508 4039 in
556 3983 738 4038 multis
780 3991 835 4037 et
864 3982 1028 4038 variis
1067 3983 1296 4053 negotiis
1337 3981 1440 4037 hoc
1477 3982 1650 4053 ipsum
1698 3985 1952 4040 exhibui:
1989 3995 2043 4042 et

453 4076 699 4132 servituti
733 4091 818 4130 me
856 4075 1084 4145 subjeci,
1125 4091 1248 4133 cum
1293 4074 1343 4128 in
1390 4072 1536 4130 nulla
1565 4089 1624 4130 re
1650 4076 1922 4145 subjectus
1951 4092 2040 4132 es-

453 4170 588 4233 sem‘,
616 4183 716 4222 nec
735 4167 839 4222 ulla
861 4167 1179 4222 necessitate
1199 4164 1463 4232 ducet-er;
1491 4163 1591 4221 hoc
1615 4167 1756 4221 enim
1779 4175 1862 4222 est
1891 4166 2038 4234 illud,

455 4257 604 4314 Liber
631 4275 746 4313 cum
771 4275 927 4313 essent
962 4275 1024 4312 ex
1055 4257 1286 4312 omnibus
1311 4272 1330 4318 ;
1359 4273 1532 4328 neque
1572 4258 1663 4312 uni
1707 4266 1910 4314 tantum
1955 4276 2042 4316 me

456 4352 681 4422 subjeci,
715 4351 809 4406 sed
856 4361 967 4405 toto
1014 4350 1132 4405 orbi
1182 4359 1446 4403 terrarum
1495 4366 1508 4402 :
1555 4359 1883 4421 quapropter
1911 4351 2036 4407 sub-

450 4445 647 4512 junxil,
682 4441 920 4495 Omnium
961 4457 1039 4494 me
1075 4457 1272 4494 servum
1301 4441 1416 4510 feci.
1446 4440 1578 4495 Nam
1607 4442 1897 4510 praedicare
1920 4442 2039 4511 jus-

455 4549 546 4586 sus
594 4548 739 4585 eram
762 4572 776 4593 ,
821 4541 876 4584 et
902 4532 1218 4586 annuntiare
1249 4547 1335 4596 ea,
1369 4546 1488 4599 qua:
1529 4531 1660 4586 mihi
1691 4532 1893 4586 credita
1927 4532 2042 4588 fuc—

457 4635 614 4680 rant:
666 4623 1075 4678 innumerabilia
1103 4634 1280 4677 autem
1312 4624 1603 4678 machinari
1632 4633 1687 4680 et
1713 4625 2038 4696 excogitare,

455 4737 521 4775 ex
549 4735 669 4775 ιιιου
697 4717 874 4773 studio
901 4713 1197 4788 profectum
1229 4725 1332 4770 est.
1382 4715 1517 4770 Nam
1566 4715 1834 4772 solvendae
1876 4732 2040 4788 pecu-

457 4815 557 4867 niae
590 4823 795 4867 tantum
825 4809 1092 4866 obnoxius
1118 4824 1265 4865 eram
1301 4826 1313 4862 :
1349 4823 1450 4878 ego
1492 4822 1622 4862 vero
1656 4823 1752 4878 pro
1793 4809 1882 4864 illa
1925 4811 2039 4864 exi-

455 4907 623 4974 genda
653 4906 783 4959 nihil
817 4921 921 4960 non
954 4903 1198 4976 agebam,
1232 4901 1382 4972 plura
1415 4909 1651 4966 tentans,
1677 4917 1835 4972 quam
1860 4902 2040 4972 jussus

459 5013 628 5051 eram.
679 4996 812 5063 Quia
853 4997 996 5050 enim
1039 5012 1102 5050 ex
1150 4995 1396 5058 arbitrio,
1429 4993 1713 5048 alacritate
1737 5001 1791 5048 et
1819 4997 2040 5050 caritate

456 5102 579 5156 erga
629 5085 901 5140 Christum
945 5087 1122 5139 omnia
1170 5087 1402 5156 agebat,
1448 5084 1735 5140 insatiabili
1775 5084 2041 5141 desiderio

454 5181 678 5234 salutem
711 5178 985 5232 hominum
1013 5179 1322 5248 exoptabat.

533 5271 726 5326 Paulus
745 5279 932 5342 quanta
961 5271 1137 5342 fecerit
1166 5287 1259 5340 pro
1285 5271 1502 5324 aliorum
1532 5274 1715 5327 salute.
1747 5303 1818 5313 —
1846 5273 2042 5344 Quam-

453 5369 638 5424 obrem
671 5382 738 5421 ex
772 5366 972 5436 ingenti
1004 5365 1285 5420 alacritate
1329 5374 1479 5435 septa
1522 5366 1894 5432 transiliebat,
1950 5381 2043 5436 per

463 5461 642 5513 omnia
673 5459 844 5529 ipsum
872 5473 1088 5529 quoque
1114 5457 1308 5512 caelum
1337 5456 1744 5531 transcendens.
1800 5458 1878 5513 Ac
1921 5472 2041 5513 cum

450 5549 765 5604 servitutem
816 5549 1062 5616 dixisset,
1108 5549 1285 5605 varios
1324 5549 1465 5604 illius
1507 5549 1696 5606 modos
1723 5547 1917 5603 deinde
1959 5561 2041 5601 re-

457 5652 664 5696 censet.
696 5643 920 5709 Quinam
950 5645 1026 5698 illi
1053 5645 1216 5698 sunt?
1241 5642 1334 5700 20.
1364 5640 1432 5696 Et
1459 5642 1624 5711 factus
1652 5657 1764 5696 sum
1784 5682 1797 5708 ,
1831 5639 2038 5710 inquit,

450 5733 667 5800 Judteis,
718 5743 973 5803 tamquam
1013 5735 1251 5802 ludatis,
1310 5744 1366 5789 ut
1416 5732 1629 5788 Judteos
1673 5733 1917 5786 lucrarer.
1975 5729 2041 5786 Et

2153 409 2421 476 quomodo
2463 411 2564 466 hoc
2595 413 2790 468 factum
2822 416 2945 470 est?
2989 416 3213 484 Quando
3264 419 3632 491 circumcidit,
3693 441 3746 482 ut

2153 511 2418 556 everteret
2454 503 2942 561 circnmcisionem.
2986 508 3113 562 Ideo
3145 526 3251 565 non
3279 509 3452 576 dixit,
3483 513 3744 583 Judaeus;

2152 590 2266 670 sed,
2295 589 2580 662 Tamquam
2619 595 2856 664 Judwus,
2889 599 3033 668 quod
3064 611 3181 654 erat
3219 602 3576 673 dispensatio.
3607 607 3749 676 Quid

2151 678 2328 736 dicis?
2377 699 2554 752 praeco
2599 689 2744 742 orbis
2763 732 2777 754 ,
2807 691 2895 759 qui
2924 692 3088 746 eteius
3118 693 3264 764 ipsos
3295 696 3490 766 tetigit,
3522 708 3576 754 et
3606 701 3746 756 adeo

2153 773 2204 828 in
2231 775 2398 844 gratia
2421 775 2588 843 fulsit,
2619 779 2664 834 is
2692 791 2913 849 repente
2955 792 3157 838 tantum
3189 786 3504 842 descendit?
3534 791 3741 856 Etiam;

2153 865 2256 919 hoc
2299 867 2441 922 enim
2475 878 2554 924 est
2580 871 2894 930 ascendere.
2924 872 3110 944 Neque
3148 877 3290 931 enim
3322 877 3422 933 hoc
3447 879 3620 936 solum
3655 897 3743 936 re-

2151 957 2368 1025 spicias,
2418 960 2558 1029 quod
2587 959 2898 1028 descendat,
2940 965 3035 1020 sed
3065 967 3208 1036 quod
3247 967 3405 1022 etiam
3437 985 3595 1038 eum,
3646 973 3737 1044 qui
3815 989 3828 1013 -.

2152 1047 2360 1105 inferne
2404 1050 2569 1119 jacet,
2616 1053 2788 1123 erigat
2825 1065 2882 1111 et
2922 1057 2986 1112 ad
3018 1072 3078 1112 se
3107 1057 3358 1114 adducat.
3398 1059 3489 1114 21.
3539 1060 3616 1116 lis
3654 1066 3742 1132 qui

2149 1139 2240 1190 sub
2285 1137 2389 1209 lege
2431 1150 2575 1207 sunt,
2613 1144 2758 1210 quasi
2787 1145 2876 1199 sub
2918 1145 3026 1216 lege
3062 1163 3220 1201 essent
3241 1189 3257 1213 ,
3299 1165 3414 1202 cum
3453 1167 3554 1206 non
3582 1169 3739 1206 essent

2149 1231 2241 1282 sub
2275 1230 2401 1300 lege,
2440 1241 2493 1285 ut
2520 1249 2604 1286 eos
2627 1235 2714 1302 qui
2733 1235 2823 1289 sub
2846 1235 2952 1307 lege
2975 1246 3093 1291 sunt
3120 1237 3486 1310 lucrifacerem.

2220 1321 2273 1374 5.
2316 1323 2422 1376 Aut
2465 1332 2546 1377 est
2592 1325 2880 1394 explicatio
2917 1328 3110 1396 prioris
3146 1330 3296 1398 dicti,
3333 1343 3426 1386 aut
3466 1332 3734 1404 quidpiam

2150 1411 2452 1468 subindicat
2475 1424 2668 1484 praeter
2698 1416 2826 1472 illud
2852 1419 2999 1487 prius
3035 1436 3048 1471 :
3076 1418 3290 1476 Judzeos
3319 1422 3532 1491 quidem
3554 1424 3738 1480 dicens

2150 1516 2265 1570 eos,
2299 1505 2388 1574 qui
2411 1505 2521 1574 jam
2551 1505 2678 1560 olim
2707 1507 2774 1562 ab
2805 1507 2955 1562 initio
2987 1509 3120 1564 tales
3145 1523 3332 1576 erant;
3369 1514 3468 1573 sub
3500 1514 3618 1585 lege
3642 1532 3739 1570 au-

2151 1602 2258 1649 tem
2278 1636 2293 1662 ,
2345 1597 2681 1668 proselytos,
2727 1607 2819 1654 aut
2847 1614 2942 1654 eos
2968 1601 3058 1671 qui
3090 1601 3277 1658 ﬁdeles
3303 1614 3456 1662 erant
3483 1616 3532 1660 et
3564 1607 3739 1664 adhuc

2151 1684 2250 1753 legi
2283 1685 2576 1742 haerebant.
2599 1687 2712 1743 Non
2740 1691 2880 1744 enim
2914 1691 3048 1744 ultra
3074 1704 3230 1748 erant
3254 1705 3522 1765 tamquam
3544 1697 3735 1767 Juda‘i,

2148 1777 2241 1840 sed
2291 1779 2394 1833 sub
2439 1779 2576 1851 lege.
2623 1780 2688 1834 Et
2716 1781 2931 1851 quando
2959 1784 3127 1841 factus
3152 1795 3235 1844 est
3262 1786 3360 1840 sub
3402 1787 3559 1858 lege?
3601 1789 3736 1845 Cum

2153 1876 2339 1925 tonsus
2369 1869 2504 1933 fuit,
2551 1886 2670 1925 cum
2705 1873 3050 1928 sacriﬁcavit.
3085 1875 3211 1930 llaec
3243 1892 3400 1945 porro
3427 1877 3564 1934 facta
3588 1889 3732 1946 sunt,

2147 1976 2254 2014 non
2283 1961 2423 2030 quod
2451 1962 2772 2018 sententiam
2799 1975 3090 2032 mutasset;
3141 1966 3324 2024 fuisset
3365 1971 3506 2024 enim
3552 1985 3615 2026 ea
3650 1986 3734 2026 res
3799 1967 3804 1975 ’

2149 2051 2328 2118 mala;
2385 2053 2479 2108 sed
2523 2053 2745 2109 caritate
2785 2070 2906 2111 sese
2947 2065 3356 2126 attemperante.
3400 2059 3530 2117 Nam
3561 2072 3616 2116 ut
3641 2077 3735 2117 eos

2147 2143 2236 2218 qui
2269 2159 2395 2198 vere
2420 2153 2574 2200 erant
2604 2145 2670 2200 ad
2702 2145 2816 2202 haec
2849 2147 3187 2218 traduceret,
3230 2150 3400 2206 factus
3428 2162 3512 2208 est
3541 2162 3595 2208 et
3623 2154 3734 2223 ipse

2149 2233 2167 2305 (
2185 2233 2399 2289 Judazus
2428 2235 2482 2304 ),
2530 2253 2634 2292 non
2666 2252 2790 2292 vere
2813 2279 2828 2302 ,
2860 2238 2956 2294 sed
2988 2247 3190 2295 tantum
3223 2242 3273 2296 id
3302 2257 3409 2312 pra:
3435 2258 3495 2298 se
3523 2244 3730 2308 ferens,

2147 2340 2268 2378 cum
2317 2336 2491 2381 tamen
2539 2328 2659 2386 talis
2700 2344 2806 2383 non
2838 2339 3016 2397 esset,
3051 2347 3150 2388 nec
3179 2347 3245 2388 ex
3273 2334 3453 2389 animo
3483 2335 3586 2390 hoc
3608 2353 3733 2392 vere

2148 2417 2368 2474 faceret.
2400 2419 2682 2486 Quomodo
2720 2421 2864 2477 enim
2907 2422 3158 2491 fecisset,
3184 2426 3276 2496 qui
3304 2425 3439 2482 alios
3467 2437 3730 2482 transum-

2149 2520 2262 2566 tare
2303 2512 2558 2578 curabat;
2604 2521 2658 2572 et
2697 2513 2818 2572 ideo
2846 2513 2948 2578 hoc
2974 2513 3240 2584 faciebat,
3275 2525 3332 2578 ut
3361 2517 3494 2572 alios
3526 2518 3627 2574 hoc
3651 2521 3726 2574 fa-

2147 2603 2352 2658 cientes
2402 2604 2654 2660 liberaret
2702 2606 2770 2659 ab
2822 2605 3121 2664 humilitate
3166 2608 3609 2678 hujusmodi?!is
3645 2615 3732 2685 qui

2145 2696 2254 2748 sine
2275 2694 2381 2766 lege
2409 2708 2570 2763 erant,
2597 2707 2853 2768 tamquam
2878 2699 2986 2756 sine
3011 2699 3118 2770 lege
3147 2716 3322 2756 essent.
3358 2701 3422 2756 lli
3445 2718 3617 2772 neque
3641 2704 3730 2760 Ju-

2147 2786 2250 2841 da:i
2283 2797 2437 2842 erant
2468 2802 2642 2858 neque
2667 2787 2962 2848 Christiani
2995 2805 3166 2861 neque
3193 2790 3396 2858 Graeci;
3445 2793 3540 2851 sed
3582 2805 3729 2849 extra

2149 2881 2320 2950 legem
2349 2891 2524 2948 erant,
2559 2890 2615 2936 ut
2637 2891 2754 2938 erat
2783 2881 3088 2950 Cornelius,
3119 2894 3173 2940 et
3195 2884 3240 2940 si
3271 2886 3358 2955 qui
3384 2885 3472 2940 alii
3508 2886 3726 2941 similes.

2147 2971 2228 3026 Ad
2258 2971 2377 3028 illos
2403 2973 2544 3029 enim
2576 2973 2904 3044 ingrediens,
2947 2976 3114 3029 multa
3141 2976 3207 3030 ad
3239 2976 3383 3046 ipsos
3411 2977 3731 3047 pertinentia

2149 3065 2455 3118 simulabat.-
2499 3065 2724 3136 Quidam
2756 3082 2885 3121 vero
2921 3067 3146 3132 dicunt,
3195 3067 3345 3134 illum
3394 3069 3729 3124 subiudicare

2147 3157 2583 3229 disputationem,
2636 3173 2794 3228 quam
2843 3159 3100 3214 habuerat
3148 3175 3269 3213 cum
3317 3161 3731 3216 Atheniensibus

2147 3251 2288 3304 circa
2335 3250 2736 3320 inscriptionem
2787 3249 2838 3304 in
2873 3266 2962 3303 ara
2996 3250 3221 3321 podiam
3247 3291 3261 3315 ,
3294 3260 3341 3305 et
3388 3251 3506 3306 ideo
3531 3251 3730 3316 dicere,

2148 3338 2223 3394 Iis
2247 3341 2331 3410 qui
2351 3341 2457 3394 sine
2483 3342 2589 3410 lege
2609 3350 2746 3406 sunt,
2777 3351 3029 3412 tamquam
3050 3341 3156 3395 sine
3181 3341 3288 3412 lege
3311 3357 3486 3396 essent.
3513 3343 3730 3407 Deinde,

2148 3447 2215 3486 ne
2247 3430 2365 3500 quis
2405 3440 2615 3500 putaret
2655 3447 2768 3484 rem
2807 3430 2954 3484 illam
2998 3445 3119 3486 esse
3158 3433 3438 3488 sententia:
3476 3435 3731 3488 mutatio-

2149 3540 2290 3586 nem,
2317 3523 2519 3578 addidit
2545 3542 2558 3578 :
2589 3523 2713 3577 Cum
2732 3523 2838 3577 sine
2865 3523 2972 3593 lege
3001 3521 3093 3576 Dei
3123 3538 3222 3576 non
3253 3539 3431 3586 essent,
3449 3525 3539 3578 sed
3559 3525 3608 3578 in
3631 3525 3736 3597 lege

2149 3634 2304 3680 essent
2343 3617 2550 3672 Christi.
2602 3615 2656 3670 ld
2701 3624 2816 3681 est,
2847 3613 2978 3670 Cum
3012 3631 3116 3669 non
3149 3615 3307 3670 modo
3337 3632 3442 3672 non
3478 3618 3594 3673 sine
3621 3618 3736 3689 lege

2147 3724 2322 3765 essem
2340 3749 2355 3774 ,
2384 3708 2476 3762 sed
2504 3708 2663 3762 etiam
2695 3722 2800 3760 non
2836 3706 3010 3761 solum
3039 3707 3138 3761 sub
3170 3707 3286 3777 lege
3313 3723 3490 3763 essem
3514 3749 3529 3775 ,
3558 3711 3652 3764 sed
3683 3719 3740 3766 et

2151 3800 2318 3870 legem
2343 3797 2596 3852 haberem
2626 3798 2793 3852 veteri
2822 3798 2979 3867 longe
3006 3796 3392 3862 sublimiorem,
3419 3799 3470 3852 id
3500 3809 3600 3862 est,
3625 3799 3736 3870 Spi-

2149 3893 2282 3948 ritus
2317 3901 2371 3946 et
2398 3891 2583 3962 gratiae
2615 3907 2627 3944 :
2661 3889 2887 3962 ideoque
2930 3889 3233 3962 subiungit,
3283 3887 3493 3945 Christi.
3541 3891 3734 3956 Postea

2151 4000 2272 4040 cum
2302 3983 2354 4040 id
2398 3983 2687 4049 cile-cisset,
2730 3992 2788 4037 ut
2833 3981 2901 4037 de
2947 3996 3042 4046 sua
3089 3981 3351 4047 sententia
3382 3980 3732 4051 conﬁderent,

2151 4078 2359 4132 lucrum
2391 4075 2587 4131 deinde
2618 4074 2738 4130 talis
2767 4089 2878 4129 suae
2905 4073 3366 4143 attemperationis
3410 4075 3596 4143 ponit,
3652 4074 3736 4127 di-

2149 4184 2278 4224 cens
2309 4189 2322 4224 :
2359 4166 2426 4224 Ut
2455 4168 2803 4240 lucrifacerem
2829 4183 2933 4228 eos,
2966 4167 3051 4236 qui
3079 4167 3188 4220 sine
3213 4166 3322 4235 lege
3344 4175 3506 4221 erant.
3535 4167 3606 4229 Et
3624 4165 3738 4220 ubi-

2149 4277 2252 4332 que
2279 4276 2498 4318 causam
2538 4260 2695 4316 aﬁ'ert
2721 4259 3186 4330 attemperationis
3231 4259 3392 4320 illius.
3436 4259 3618 4328 Neque
3666 4259 3736 4315 ibi

2150 4353 2376 4424 gradum
2413 4353 2576 4420 sistit,
2623 4351 2740 4418 sed,
2769 4351 2861 4406 ‘22.
2891 4350 2956 4404 Et
2981 4351 3216 4418 infirmus
3246 4351 3410 4420 factus
3440 4365 3551 4402 sum
3581 4358 3633 4401 ut
3657 4349 3741 4402 itt-

2150 4446 2324 4517 ﬁrmos
2350 4445 2697 4514 lucrifacerem
2721 4459 2740 4498 :
2769 4443 2870 4498 hoc
2900 4441 3116 4497 demum
3146 4441 3327 4494 dicens
3354 4437 3418 4492 ad
3452 4439 3573 4493 illos
3610 4454 3738 4510 per-

2153 4537 2348 4602 tinens,
2402 4546 2620 4605 propter
2665 4534 2807 4606 quod
2860 4534 2973 4589 haec
3018 4531 3194 4587 omnia
3222 4531 3362 4584 dicta
3386 4538 3534 4585 sunt.
3580 4529 3737 4600 Atqui

2152 4630 2240 4684 illa
2285 4637 2440 4684 erant
2483 4629 2640 4698 longe
2684 4627 2909 4698 majora,
2959 4626 3060 4680 hoc
3101 4639 3231 4678 vero
3275 4623 3681 4677 convenientius
3717 4639 3731 4674 :

2151 4722 2497 4792 quamobrem
2537 4731 2867 4792 postremum
2900 4717 3028 4773 illud
3063 4719 3230 4786 ponit.
3260 4715 3496 4785 ldipsum
3527 4727 3740 4784 quoque

2151 4813 2290 4883 apud
2333 4812 2608 4868 Romanos
2653 4810 2796 4876 fecit,
2825 4808 3042 4880 quando
3079 4807 3147 4862 de
3173 4807 3310 4861 cibis
3339 4803 3652 4869 accusabat,
3687 4809 3742 4856 ct

2154 4905 2204 4958 in
2227 4903 2404 4958 multis
2430 4903 2550 4958 aliis
2574 4902 2728 4956 locis.
2760 4899 2981 4965 Deinde,
3013 4913 3079 4953 ne
3107 4895 3313 4967 singula
3338 4902 3393 4948 et
3417 4892 3592 4947 omnia
3616 4907 3740 4963 per-

2150 5010 2380 5066 sequens
2420 4993 2615 5048 diutius
2657 4999 2918 5054 moretur,
2946 4989 3021 5042 ait
3050 5007 3062 5042 :
3101 4986 3350 5040 Omnibus
3377 4983 3547 5038 omnia
3574 4986 3741 5054 factus

2149 5103 2283 5154 sum,
2312 5095 2369 5140 ut
2387 5085 2590 5139 omnino
2611 5082 2855 5154 quosdam
2874 5081 3040 5136 salvos
3067 5083 3309 5149 facerem.
3334 5075 3523 5130 Viden’
3548 5072 3738 5145 hyper-

2150 5179 2309 5234 bolen
2336 5178 2360 5230 ?
2383 5175 2644 5232 Omnibus
2671 5175 2847 5228 omnia
2881 5173 3050 5227 factus
3081 5185 3220 5231 sum,
3253 5185 3358 5223 non
3381 5164 3525 5238 quod
3553 5179 3740 5219 omnes

2150 5269 2324 5323 salvos
2357 5267 2531 5322 facere
2557 5280 2853 5336 sperarem,
2899 5262 2992 5318 sed
3049 5271 3105 5315 ut
3156 5260 3344 5315 saltem
3393 5271 3592 5328 paucos
3639 5255 3742 5309 sal-

2151 5376 2247 5416 vos
2295 5361 2504 5415 faciam.
2539 5359 2606 5414 Et
2641 5358 2742 5413 hoc
2770 5357 2984 5428 quidem
3024 5355 3304 5422 studium,
3351 5350 3738 5408 ministerium-

2151 5469 2254 5523 que
2299 5453 2403 5508 tale
2438 5452 2613 5519 subii,
2665 5460 2928 5523 quantum
2974 5465 3070 5520 par
3109 5457 3226 5503 erat
3253 5462 3398 5511 eum,
3431 5446 3520 5515 qui
3549 5455 3739 5498 omnes

2151 5543 2328 5598 salvos
2352 5544 2570 5611 faceret,
2599 5558 2704 5598 non
2733 5552 2911 5597 tamen
2940 5553 3165 5611 sperans
3195 5553 3282 5593 me
3311 5549 3499 5590 omnes
3523 5548 3744 5604 supera-

2153 5644 2329 5690 turum
2355 5651 2477 5692 esse
2510 5655 2522 5690 :
2562 5637 2703 5708 quod
2733 5650 2863 5691 vere
2893 5647 3142 5706 magnum
3187 5639 3332 5694 erat,
3376 5623 3743 5692 ferventisque

2152 5727 2338 5785 animi.
2379 5729 2510 5785 Nam
2553 5732 2643 5801 qui
2684 5727 3004 5795 seminabat,
3035 5724 3229 5796 ubique
3274 5715 3598 5782 seminabat,
3634 5727 3736 5769 nec
