4086 6214
409 329 508 383 ιεε
1111 328 1172 384 S.
1209 325 1492 383 JOANNIS
1529 313 2014 377 CHRYSOSTOMI
2056 313 2378 369 ARCIIIEP.
2420 312 2974 369 CONSTANTINOP.
3276 382 3280 384 ἢ
3558 307 3665 363 186

407 444 601 514 τυχεῖν.
619 444 817 497 Πάντα
838 442 907 498 δὲ
931 441 1079 496 ποιῶ
1097 443 1195 496 διὰ
1220 442 1287 496 τὸ
1311 441 1683 511 εὐαγγέλιον,
1705 441 1810 492 ἵνα
1827 449 1972 500 avr-

405 527 691 594 κοινωνὸς
711 528 898 582 αὐτοῦ
926 526 1506 596 τένωμαιπουτέστιν,
1531 525 1619 579 ἵνα
1645 524 1784 590 δόξω
1803 538 1857 575 τι
1881 519 1973 572 καὶ

403 610 565 672 αὐτὸς
597 609 1097 680 συνεισενηνοχέναι
1130 610 1359 675 οἴκοθεν,
1390 609 1485 663 καὶ
1500 608 1817 677 κοινωνήσω
1868 602 1976 655 τῶν

404 692 780 762 ἀποκειμένων
836 691 1115 760 στεφάνων
1169 695 1282 755 τοῖς
1331 695 1563 755 πιστοῖς.
1598 691 1810 760 ’Ὠσπερ
1869 685 1980 758 γὰρ

403 773 605 842 ἔλεγεν,
643 775 738 826 Ἐκ
762 773 869 827 τοῦ
894 774 1248 844 εὐαγγελίου
1304 773 1431 843 ζῇν,
1460 772 1762 834 τουτέστιν,
1789 773 1855 824 ἐκ
1872 769 1980 823 τῶν

404 856 792 918 πιστευόντων,
828 855 971 910 οὕτω
1009 858 1105 911 καὶ
1141 856 1399 918 ἐνταῦθα,
1430 853 1842 926 Συγκοινωνὸς
1890 850 1982 922 τέ-

402 954 589 1006 νωμαι
623 938 731 991 τοῦ
754 940 1127 1009 εὐαγγελίου,
1168 940 1256 993 ἴνα
1281 937 1493 1009 δυνηθῶ
1522 936 1850 1006 κοινωνῆσαι
1872 936 1983 996 τοῖς

404 1016 462 1070 ἐν
495 1017 573 1088 τῷ
607 1019 910 1092 εὐαγγελίῳ
940 1021 1380 1075 πεπιστευκόσιν.
1420 1018 1575 1084 Εἶδες
1619 1033 1981 1089 ταπεινοφρο-

406 1098 595 1172 σύνην.
618 1102 736 1166 πῶς
755 1104 813 1155 ἐν
843 1107 916 1175 τῇ
948 1104 1058 1158 τῶν
1082 1104 1287 1176 μισθῶν
1309 1104 1570 1158 ἀντιδόσει
1606 1102 1703 1156 ’ἐνα
1723 1100 1830 1154 τῶν
1858 1101 1984 1153 πολ-

404 1180 513 1236 λῶν
543 1183 735 1236 ἐαυτὺν
770 1184 972 1254 τίθησι,
1006 1187 1220 1241 πάντων
1247 1186 1679 1256 ἐπλεονεκτήσας
1715 1186 1828 1246 τοῖς
1878 1182 1983 1235 πό-

403 1283 545 1332 νοις;
573 1266 736 1321 Ὅθεν
765 1268 945 1339 δῆλον,
969 1272 1050 1326 ὅτι
1079 1273 1307 1337 καὶτοῖς
1343 1270 1620 1335 ἐπάθλοις.
1662 1269 1802 1323 Ἀλλ’
1835 1269 1985 1339 ὅμως

403 1348 566 1415 αὐτὸς
592 1350 690 1405 οῦκ
710 1350 853 1416 ἀξιοῖ
870 1352 980 1407 τῶν
1001 1355 1285 1425 πρωτείων
1308 1352 1620 1420 ἀπολαύειν,
1633 1352 1748 1407 ἀλλ’
1770 1352 1981 1423 ἀγαπᾷ,

403 1430 471 1483 ἂν
495 1434 635 1502 μετὰ
664 1434 771 1489 τῶν
803 1434 976 1491 ἄλλων
996 1438 1300 1508 κοινωνήσῃ
1328 1435 1438 1489 τῶν
1464 1434 1842 1506 ἀποκειμένων
1865 1451 1985 1487 στε-

405 1513 609 1582 φάνων.
634 1515 821 1570 Ταῦτα
842 1518 902 1572 δὲ
922 1518 1129 1587 ἔλεγεν,
1164 1518 1263 1572 οὐκ
1281 1517 1468 1588 ἐπειδὴ
1487 1517 1663 1588 μισθῷ
1682 1534 1789 1570 τινι
1812 1516 1985 1570 ταῦτα

403 1595 692 1667 ἔπραττεν,
725 1599 841 1653 ἀλλ’
865 1600 952 1654 ἵνα
980 1602 1225 1665 ἐκείνους
1264 1600 1559 1656 κάντεῦθεν
1588 1601 1982 1673 ἐπισπάσηται,

404 1680 498 1733 καὶ
523 1682 641 1743 τοῖς
669 1681 847 1737 ἐλπίσι
867 1683 1094 1748 ταύταις
1118 1683 1284 1757 πείσῃ
1307 1683 1484 1738 πάντα
1517 1686 1691 1737 ποιεῖν
1719 1683 1858 1756 ὑπὲρ
1877 1683 1985 1737 τῶν

404 1762 670 1832 ἀδελφῶν.
697 1760 852 1829 Εἶδες
877 1766 1124 1832 σύνεσιν;
1184 1764 1323 1832 εἶδες
1361 1767 1646 1839 ἀκριϐείας
1687 1767 1981 1840 ὑπεροχὴν,

405 1844 522 1908 πῶς
557 1846 697 1918 ὑπὲρ
724 1848 793 1901 τά
825 1847 1232 1919 ἐπιτεταγμένα
1263 1848 1509 1920 ἐποίησε,
1538 1849 1615 1921 μὴ
1657 1848 1973 1919 λαμϐάνων,

405 1929 701 2000 λαμϐάνειν
738 1931 892 1999 ἐξόν;
952 1928 1093 1996 εἶδες
1134 1933 1597 2003 συγκαταϐάσεως
1658 1933 1983 2005 ὑπερϐολὴν,

408 2012 525 2075 πῶς
552 2012 580 2064 6
617 2012 840 2085 ἔννομος
871 2014 1110 2088 Χριστοῦ
1140 2017 1235 2070 καί⁵
1282 2016 1374 2069 16v
1401 2015 1662 2070 ἀνωτάτω
1689 2015 1873 2087 τηρῶν
1896 2017 1977 2070 νό-

409 2111 529 2163 μον,
551 2098 661 2159 τοῖς
688 2097 911 2167 ἀνόμοις
941 2098 1019 2162 ὼς
1047 2098 1248 2168 ἄνομος
1270 2094 1360 2170 ἦν,
1399 2101 1513 2163 τοῖς
1581 2100 1858 2163 Ἰουδαίοις
1908 2099 1985 2163 ώς

417 2178 688 2242 Ἰουδαῖος,
711 2181 768 2232 ἐν
799 2181 1080 2251 ἑκατέροις
1127 2182 1295 2251 ἀκρος
1330 2182 1518 2250 φανεὶς
1548 2183 1644 2235 καὶ
1675 2185 1882 2247 πάντας
1902 2200 1983 2236 νι-

405 2261 615 2331 κήσας;
650 2262 822 2317 Τοῦτο
851 2265 1029 2319 καὶσὺ
1063 2265 1229 2331 ποίει,
1270 2266 1364 2321 καὶ
1397 2264 1475 2336 μὴ
1512 2266 1699 2337 νόμιζε
1743 2268 1980 2321 καταπί-

405 2359 559 2398 πτειν
585 2343 753 2417 ἀκρος
776 2346 875 2413 ὢν,
891 2349 986 2403 ἐάν
1012 2366 1066 2402 τι
1090 2348 1177 2403 διὰ
1192 2349 1284 2402 τὸν
1309 2348 1534 2415 ἀδελφὸν
1556 2350 1854 2422 ύπομείνῃς
1873 2350 1983 2404 τῶν

403 2427 696 2482 ταπεινῶνο
724 2431 852 2483 οὐδὲ
875 2430 981 2502 γὰρ
1005 2434 1335 2486 καταπεσεῖν
1368 2432 1487 2486 ἐστι
1515 2432 1695 2497 τοῦτο,
1728 2434 1864 2489 ἀλλά
1891 2452 2013 2490 και,

408 2509 654 2581 ταϐἧναι.
699 2511 759 2565 '0
785 2512 884 2583 μὲν
922 2513 1033 2586 7&9
1088 2513 1294 2576 πεσὼν,
1347 2517 1522 2569 κεῖται
1579 2516 1731 2586 μόλις
1762 2517 1983 2571 ἀνιστά-

409 2610 587 2662 μενοςο
619 2596 648 2647 6
671 2592 727 2647 δὲ
763 2596 1029 2661 καταϐὰς,
1082 2598 1177 2653 καὶ
1225 2597 1560 2669 ἀναϐήσεται
1620 2600 1759 2670 μετά
1787 2600 1983 2655 πολλοῦ

405 2675 498 2728 τοῦ
531 2675 778 2746 κέρδους·
818 2678 1070 2751 καθάπερ
1094 2681 1188 2735 καὶ
1218 2678 1429 2744 Παῦλος
1450 2682 1642 2754 κατῄει
1678 2686 1774 2755 μὲν
1800 2684 1981 2753 μόνος,

406 2757 559 2829 ἀνῄει
602 2758 659 2810 δέ
687 2759 827 2829 μετά
872 2761 973 2831 τῆς
1003 2763 1351 2835 οἰκουμένης,
1392 2764 1489 2836 ούχ
1536 2767 1979 2837 ὑποκρινόμενος

406 2840 527 2892 οὐδὲ
560 2839 667 2913 7&9
700 2839 767 2895 ἀν
803 2842 864 2897 16
897 2843 1086 2917 κέρδος
1132 2846 1364 2917 ἐζήτησε
1397 2848 1505 2902 τῶν
1553 2850 1898 2920 σωζομένων,
1934 2852 1988 2906 εῖ

405 2939 467 2991 γε
493 2924 835 3007 ὑπεκρίνετο.
860 2928 971 2999 Τὴν
1002 2929 1109 3003 7&9
1143 2929 1418 2985 ἀπώλειαν
1437 2932 1466 2985 6
1484 2932 1782 3007 ὑποκριτὴς
1809 2934 1981 3005 ζητεῖ,

408 3007 501 3059 καὶ
539 3005 680 3087 ὥστε
736 3008 944 3077 λαϐεῖν,
1004 3014 1374 3083 ὑποκρίνεται,
1443 3015 1540 3087 οὐχ
1602 3005 1748 3070 ὥστε
1777 3018 1980 3075 δοῦναι.

414 3090 558 3176 ξιξλῖ
582 3084 738 3176 οῦτος
763 3094 862 3165 οὐχ
908 3094 1102 3160 οὕτως’
1144 3097 1261 3151 ἀλλ’
1323 3084 1758 3172 ῶσπερ-ἰατρὸς,
1794 3101 1983 3176 ῶσπερ

406 3171 745 3244 διδάσκαλος,
771 3176 962 3251 ὥσπερ
992 3178 1200 3252 πατὴρ,
1238 3182 1266 3234 6
1307 3180 1408 3252 μὲν
1435 3180 1514 3254 τῷ
1547 3171 1835 3254 κάμνοντι,
1868 3187 1895 3239 6
1925 3171 1982 3241 δέ

405 3256 486 3342 τῷ
518 3256 757 3342 μαθητῇ,
785 3259 890 3315 όδέ
943 3260 1020 3333 τῷ
1050 3263 1203 3317 παιδὶ
1244 3264 1670 3335 συγκαταϐαίνει
1714 3269 1796 3333 εἰς
1835 3268 1981 3342 διόρ-

404 3337 591 3409 θωσιν,
615 3341 716 3398 οὐκ
752 3343 832 3408 εἰς
863 3342 1090 3417 βλάϐηνο
1123 3345 1269 3402 οὕτω
1297 3348 1391 3403 xal
1419 3342 1593 3413 οὗτος.

479 3501 547 3559 δ’.
585 3504 709 3558 ὀτι
746 3504 854 3577 γὰρ
920 3506 1019 3579 οὐχ
1047 3507 1332 3582 ὑπόκρισις
1362 3505 1430 3582 ἦν
1455 3510 1523 3565 τὰ
1547 3512 1831 3583 εἰρημένα,
1859 3511 1986 3569 ὅταν

410 3585 578 3668 μηδὲν
597 3585 838 3641 τοιοῦτον
857 3588 1234 3662 ἀναγκάζηται
1254 3592 1472 3664 ποιεῖνῆ
1499 3593 1697 3662 λέγειν,
1719 3594 1856 3650 ἀλλά
1880 3596 1980 3668 τὴν

408 3665 558 3739 [197]
588 3668 829 3723 διάθεσιν
852 3670 1014 3726 αὐτοῦ
1053 3674 1149 3727 καὶ
1174 3674 1277 3747 τὴν
1322 3676 1632 3747 παρρησίαν
1661 3675 1831 3743 δεῖξαι
1862 3665 1990 3750 βούε

406 3751 591 3821 ληται,
622 3753 854 3811 ἄκουσον
881 3755 1048 3809 αὐτοῦ
1074 3756 1347 3825 λέγοντος⁸
1382 3756 1531 3813 Οὔτε
1578 3757 1690 3829 ζ’ωὴ
1722 3761 1860 3817 οὔτε
1885 3761 1986 3818 θά-

408 3850 611 3903 νατος,
636 3836 773 3891 οὔτε
800 3837 1039 3908 ἄγγελοι
1096 3841 1235 3895 οὔτε
1282 3841 1461 3911 ἀρχαί
1499 3842 1637 3897 οὔτε
1678 3842 1981 3915 δυνάμεις.

278 3922 291 3933 ’
410 3920 547 3974 οὔτε
570 3920 871 3975 ἐνεστῶτα
900 3923 1038 3978 οὔτε
1069 3925 1398 3993 μέλλοντα,
1426 3926 1567 3981 οὔτε
1598 3927 1817 3998 ὕψωμα
1848 3930 1986 3984 οὔτε

410 4002 617 4071 βάθος,
658 4005 798 4059 οὔτε
835 4023 925 4072 τις
979 4007 1150 4077 ἑτέρα
1202 4009 1402 4075 κτίσις
1459 4009 1788 4079 δυνήσεται
1827 4011 1987 4084 ἡμᾶς

410 4087 663 4154 χωρίσαι
685 4088 804 4143 ἀπὸ
828 4087 936 4158 τῆς
951 4088 1190 4160 ἀγάπης
1218 4091 1325 4145 τοῦ
1356 4093 1504 4148 Θεοῦ
1528 4092 1637 4162 τῆς
1657 4094 1727 4148 ἐν
1755 4096 1986 4164 Χριστῷ

414 4170 623 4255 Ἰησοῦ
656 4170 736 4255 τῷ
776 4173 970 4255 Κυρίῳ
998 4172 1188 4242 ἡμῶν.
1220 4170 1377 4239 Εἶδες
1406 4177 1631 4250 ἀγάπην
1665 4180 1838 4251 πυρὸς
1860 4180 1985 4255 θερ-

411 4253 685 4325 μοτέραν;
716 4254 876 4309 Οὕτω
901 4257 1176 4329 καὶνήμεῖς
1204 4259 1583 4333 ἀγαπήσωμεν
1616 4261 1707 4319 16v
1729 4253 1982 4335 Χριστόνι

384 4336 503 4420 ‘xal
536 4335 645 4408 7&9
676 4335 916 4420 εὔκολον,
953 4339 1019 4394 ἂν
1048 4340 1387 4413 βουλώμεθα.
1450 4345 1585 4399 Οὐδὲ
1633 4347 1742 4420 7&9
1781 4349 1987 4413 ἐκεῖνος

413 4419 571 4501 φύσει
594 4419 836 4485 τοιοῦτος
877 4417 964 4492 ἦν.
1024 4425 1124 4478 Διά
1160 4442 1244 4478 τοι
1278 4425 1437 4480 τοῦτο
1494 4429 1586 4483 καὶ
1623 4417 1720 4483 τάν
1747 4430 1987 4501 πρότερα

412 4500 578 4551 αὐτοῦ
615 4502 897 4582 ἀνεγράφη
916 4503 985 4556 τά
1013 4505 1231 4560 ἐναντία
1261 4507 1488 4572 τούτοις,
1517 4510 1604 4563 ῖνα
1628 4500 1885 4582 μάθωμεν
1906 4500 1987 4567 δτι

411 4580 785 4651 προαιρέσεως
815 4583 878 4635 16
924 4583 1101 4655 ἔργον,
1149 4589 1241 4641 καὶ
1286 4589 1627 4661 βουλομένοις
1650 4580 1859 4648 ἅπαντα
1896 4594 1988 4649 εῦ-

412 4663 567 4752 κολα.
592 4664 700 4752 ΔΜὴ
717 4665 898 4752 τοίνυν
922 4668 1268 4752 ἀπογνῶμεν,
1304 4672 1462 4734 ἀλλὰ,
1501 4673 1604 4728 κᾶν
1636 4674 1872 4748 λοίδορος
1898 4674 1984 4752 ᾗς,

415 4746 518 4802 κᾶν
549 4736 898 4820 πλεονέκτης,
930 4736 1051 4804 κᾶν
1078 4736 1278 4816 ὁτιοῦν,
1340 4754 1594 4824 ἐννόησον
1638 4759 1719 4812 ὅτι

416 4829 730 4903 βλάσφημος
784 4827 853 4904 ἧν
904 4833 1000 4888 καὶ
1045 4833 1278 4907 διώκτης
1316 4839 1412 4892 καὶ⁸
1441 4838 1724 4913 ὑϐριστὴς,
1758 4844 1852 4897 καὶ
1880 4845 1988 4899 τῶν

415 4912 755 5000 ἁμαρτωλῶν
787 4916 1023 5000 πρῶτος,
1058 4917 1152 4973 xal
1185 4919 1444 4994 ἐξαίφνης
1466 4923 1602 4994 πρὸς
1631 4912 1799 4996 αὐτὴν
1820 4927 1986 5000 ἀνέϐη

415 4995 521 5082 τὴν
543 4997 785 5082 κορυφὴν
810 4999 910 5068 τῆς
935 5001 1160 5073 ἀρετῆς,
1195 5006 1288 5059 καὶ
1315 5006 1465 5061 οὐδὲν
1488 5007 1637 5081 αύτῷ
1665 4995 1893 5082 κώλυμα
1920 4995 1989 5068 τά

418 5078 665 5164 πρότεραί
689 5080 900 5164 γέγονε·
934 5085 1108 5140 καίτοι
1140 5103 1203 5154 γε
1231 5090 1408 5154 οὐδεὶς
1436 5091 1579 5147 οὕτω
1609 5078 1750 5164 μετά
1797 5078 1991 5151 τοσαύ-

415 5180 515 5234 της
542 5163 737 5235 μανίας
763 5163 945 5235 ἔχεται
985 5169 1206 5231 κακίας,
1239 5171 1359 5242 μεθ’
1383 5174 1515 5246 ὅσης
1539 5163 1747 5242 ἐκεῖνος
1779 5178 1871 5232 τοῦ
1892 5197 1990 5235 που

417 5247 585 5334 λέμου
610 5247 704 5303 τοῦ
725 5249 890 5334 Δκατὰ
908 5250 1009 5334 τῆς
1047 5252 1395 5324 Ἐκκλησίας.
1422 5260 1531 5313 Kal
1559 5261 1667 5332 7&9
1692 5262 1792 5334 τὴν
1812 5262 1989 5334 ψυχὴν

417 5329 658 5416 ἐπέδωκε
686 5331 786 5416 τὴν
814 5331 1008 5416 ἐαυτοῦ
1025 5334 1163 5416 τότε,
1185 5336 1279 5388 καὶ
1303 5338 1384 5391 ὃτι
1414 5340 1488 5411 μὴ
1516 5329 1716 5413 μυρίας
1738 5329 1990 5416 6176766-

426 5428 547 5499 ρας,
567 5412 675 5499 *ἵνα
692 5414 896 5499 πάσαις
925 5415 1091 5487 βάλλῃ
1125 5416 1217 5471 τὸν
1269 5420 1557 5491 Στέφανον,
1590 5412 1763 5496 ἤλγει.
1792 5412 1992 5499 ⁷⁴ομως

418 5491 476 5544 δὲ
488 5496 589 5582 καὶ
619 5494 790 5582 οὕτως
811 5490 973 5582 εὗρεν
993 5499 1143 5582 ὅπως
1176 5490 1420 5582 πλείοσιν
1443 5490 1623 5561 αὑτὸν
1642 5490 1777 5581 βάλῃ
1808 5490 1987 5582 χερσὶ,

420 5577 537 5663 ταῖς
578 5577 688 5663 τῶν
714 5580 1194 5663 ψευδομαρτύρων,
1231 5578 1307 5637 ὧν
1343 5585 1414 5638 τὰ
1441 5589 1627 5657 ἱμάτια
1650 5577 1854 5663 ιτήρεῐ·
1876 5577 1992 5649 ,καὶ

421 5656 581 5743 ἡνίκα
603 5658 659 5743 δέ
689 5662 766 5724 εἰς
794 5661 891 5726 τὰς
914 5665 1087 5730 οἰκίας
1109 5666 1300 5738 εἰσῄει,
1332 5656 1585 5741 καθάπερ
1609 5656 1795 5743 θηρίον
1823 5675 1993 5742 οὕτως

420 5739 701 5823 εἰσεπήδα,
741 5743 939 5814 σύρων,
974 5749 1299 5821 σπαράττων
1330 5739 1559 5822 ἄνδρας,
1587 5739 1871 5823 γυναῖκας,
1907 5739 1994 5815 θοί-

423 5821 584 5893 ρύϐου
611 5825 703 5878 καὶ
738 5828 980 5894 ταραχῆς
1004 5831 1098 5883 καὶ
1125 5831 1335 5897 μυρίων
1366 5821 1616 5902 πολέμων
1644 5837 1818 5894 πάντα
1852 5821 1987 5907 πλη-

2080 427 2212 500 ρῶν.
2237 430 2392 484 Οὕτω
2425 429 2555 500 γοῦν
2584 430 2676 483 καὶ
2701 429 2930 501 φοϐερὸς
2956 421 3045 498 ἦν,
3072 425 3149 488 ὡς
3176 425 3301 488 τοὺς
3332 424 3658 492 ἀποστόλους

2081 511 2173 565 καὶ
2195 512 2335 583 μετὰ
2357 514 2456 579 τὴν
2480 512 2708 584 ἀρίστην
2733 510 3038 583 μεταϐολὴν
3063 508 3291 580 μηδέπω
3311 508 3517 579 τολμᾷν
3536 511 3657 562 κολα

2078 595 2275 649 λᾶσθαι
2312 594 2479 665 αύτῷ.
2529 595 2668 649 Ἀλλ’
2700 596 2852 666 ὅμως
2886 594 3025 664 μετὰ
3053 590 3235 645 πάντα
3262 590 3444 645 ἐκεῖνα
3471 592 3661 661 γέγονε

2080 677 2343 742 τοιοῦτος,
2376 671 2487 742 οἷος
2529 677 2772 746 γέγονεν·
2806 675 2961 730 ούδέν
2997 674 3107 747 7&9
3135 674 3217 727 δεῖ
3272 674 3435 727 πλέον
3466 677 3662 732 εἰπεῖν.

2083 759 2197 813 Ποῦ
2218 760 2402 813 τοίνυν
2423 759 2561 813 εἰσὶν
2582 760 2632 812 οἱ
2658 758 2755 830 τὴν
2786 759 2886 829 τῆς
2916 756 3259 830 εἱμαρμένης
3280 757 3526 827 ἀνάγκην
3550 761 3678 811 ἐπι-

2078 842 2406 914 τειχίζοντες
2441 846 2509 914 τῇ
2534 844 2635 913 τῆς
2668 841 3039 913 προαιρέσεως
3064 839 3378 911 ἐλευθερίας
3441 840 3661 894 ’Δκουέ-

2080 944 2263 981 τωσαν
2289 927 2485 993 ταῦτα,
2502 927 2597 980 καὶ
2629 923 3187 996 ἐπιστομιζέσθωσαν.
3214 922 3316 975 Τὸν
3345 921 3452 993 7&9
3475 921 3665 991 βουλό-

2084 1026 2244 1082 μενον
2275 1008 2525 1079 γενέσθαι
2544 1007 2747 1077 ἀγαθὸν
2762 1007 2914 1060 οὐδέν
2946 1008 3061 1059 ἐστι
3087 1005 3146 1058 16
3171 1003 3399 1068 κωλῦον,
3430 1004 3532 1058 κάν
3552 1005 3662 1058 τῶν
3723 1034 3747 1077 ὲ

2082 1093 2464 1164 πονηροτάτων
2497 1090 2806 1163 ἔμπροσθεν
2922 1088 3034 1143 Καὶ
3061 1086 3169 1158 γὰρ
3202 1087 3338 1158 πρὸς
3357 1087 3513 1140 τοῦτο
3541 1087 3652 1140 ἐπιο

2081 1176 2311 1247 τηδείως
2339 1174 2540 1247 μᾶλλον
2565 1173 2782 1245 ἔχομεν,
2835 1174 2958 1226 ὅσον
3001 1173 3095 1225 καὶ
3145 1170 3291 1223 κατά
3346 1169 3506 1238 φύσιν
3532 1171 3663 1240 ἡμῖν

2083 1259 2233 1311 ἐστιν
2272 1259 2306 1328 ή
2334 1258 2526 1328 ἀρετὴ,
2560 1258 2654 1311 xal
2685 1254 2840 1327 παρὰ
2871 1253 3034 1323 φύσιν
3088 1254 3124 1325 ἠ
3164 1253 3419 1324 πονηρία,
3474 1251 3662 1323 ὥσπερ

2084 1338 2180 1395 οὖν
2210 1340 2271 1394 16
2305 1344 2482 1395 νοσεῖν
2511 1341 2607 1394 καὶ
2636 1339 2920 1409 ὑγιαίνειν.
2943 1339 3052 1391 Καὶ
3065 1336 3174 1409 γὰρ
3194 1335 3507 1407 ὀφθαλμοὺς
3532 1338 3662 1408 ἡμῖν

2086 1423 2338 1477 ἔδωκενὸ
2380 1422 2536 1488 Θεὸς,
2570 1422 2670 1494 οὐχ
2698 1423 2787 1476 ἵνα
2839 1420 3155 1483 ἀκολάστως
3192 1418 3503 1489 βλέπωμεν,
3547 1418 3663 1473 ἀλλ’

2087 1507 2176 1563 ῐνα
2205 1508 2276 1563 τά
2300 1507 2760 1579 δημιουργήματα
2790 1504 2954 1559 αὐτοῦ
3001 1502 3395 1574 θαυμάζοντες,
3418 1519 3663 1576 προσκυ-

2086 1590 2266 1662 νῶμεν
2313 1590 2403 1644 τὸν
2442 1591 2766 1661 ποιήσαντα.
2820 1589 2932 1642 Kal
2979 1588 3063 1641 ὅτι
3104 1585 3246 1656 αῦτη
3284 1587 3321 1658 ἡ
3357 1586 3516 1657 χρεία
3552 1587 3663 1640 τῶν

2086 1674 2401 1744 ὀφθαλμῶν,
2433 1673 2589 1743 δῆλον
2621 1675 2686 1727 ἐκ
2712 1671 2823 1726 τῶν
2842 1671 3152 1743 ὁρωμένων.
3182 1669 3396 1735 Κάλλος
3429 1674 3527 1742 μὲν
3554 1673 3663 1744 γάρ

2086 1757 2238 1829 ἡλίου
2282 1758 2378 1811 καὶ
2406 1755 2637 1828 ούρανοῦ
2683 1755 2742 1822 ἐξ
2766 1754 2995 1826 ἀπείρου
3026 1753 3297 1824 βλέπομεν
3319 1752 3414 1807 τοῦ
3442 1755 3663 1827 διαστή-

2090 1857 2277 1912 ματος·
2294 1839 2554 1909 γυναικὸς
2582 1838 2640 1892 δέ
2670 1837 2972 1909 εὐμορφίαν
3001 1836 3101 1889 ούκ
3113 1837 3178 1891 ἀν
3202 1853 3287 1900 τις
3312 1837 3378 1891 ἐκ
3403 1837 3664 1891 τοσούτου

2086 1922 2411 1993 καταμάθοι.
2462 1923 2648 1992 Ὁρᾷς,
2681 1921 2761 1974 ὅτι
2793 1920 2929 1988 πρὸς
2949 1918 3109 1973 τοῦτο
3132 1920 3266 1989 ἡμῖν
3285 1919 3483 1989 μᾶλλον
3498 1922 3660 1989 γεγέ-

2085 2021 2246 2076 νηται
2279 2007 2307 2058 ὁ
2341 2002 2649 2074 ὀφθαλμός;
2685 2003 2854 2057 Πάλιν
2915 2001 3085 2073 ἀκοὴν
3115 2001 3390 2074 ἐποίησεν,
3437 2002 3534 2073 ούχ
3573 2006 3667 2060 ἵνα

2087 2086 2387 2158 βλάσφημα
2429 2085 2716 2157 δεχώμεθα
2744 2085 2987 2156 ῥήματα,
3037 2083 3150 2138 ἀλλ’
3184 2084 3273 2137 ἴνα
3297 2086 3538 2156 σωτήρια
3569 2086 3660 2138 δό-

2083 2187 2292 2242 γματα.
2322 2170 2423 2224 Διά.
2445 2186 2528 2223 τοι
2561 2169 2742 2231 τοῦτο,
2773 2169 2902 2223 ὅταν
2950 2168 3050 2239 μὲν
3087 2167 3303 2239 ἀπηχές
3336 2187 3389 2222 τι
3414 2169 3659 2239 δέξηται,

2084 2253 2180 2307 καὶ
2217 2254 2449 2325 ναρκᾷὴ
2486 2252 2632 2325 ψυχὴ
2660 2253 2755 2306 καὶ
2785 2252 2846 2306 16
2875 2251 3037 2323 σῶμα
3063 2252 3120 2306 δέ
3149 2252 3300 2308 αύτό.
3330 2255 3522 2308 Λαλπὰ
3550 2255 3662 2323 γὰρ

2084 2338 2430 2408 πολυόρκου
2449 2335 2776 2406 ἀνορθὼσει
2798 2338 3026 2406 τρίχας,
3051 2335 3203 2408 φησί.
3224 2336 3340 2391 Κᾶν
3361 2336 3532 2407 ὠμὸν,
3557 2338 3663 2390 κᾶν

2082 2428 2290 2499 ἀπηνές
2316 2446 2370 2482 τι
2394 2427 2736 2500 ἀκούσωμεν,
2768 2428 2931 2483 πάλιν
2954 2429 3269 2500 φρίττομεν’
3305 2426 3370 2481 ἂν
3403 2428 3459 2481 δὲ
3483 2429 3659 2501 ἐμμε-

2082 2512 2173 2576 λές
2195 2530 2248 2567 τι
2275 2514 2367 2567 καὶ
2391 2512 2792 2584 φιλάνθρωπον,
2811 2513 2907 2567 καί¹
2927 2511 3241 2583 γαννύμεθα
3260 2512 3355 2569 καὶ
3374 2512 3661 2583 χαίρομεν,

2082 2595 2193 2649 Kal
2206 2594 2267 2649 16
2281 2595 2455 2665 στόμα
2480 2594 2537 2648 δέ
2572 2594 2729 2667 ἡμῶν
2752 2594 2955 2667 αἰσχρά
2988 2593 3381 2664 φθεγγόμενον,
3410 2595 3663 2667 αἰσχύνε-

2083 2677 2208 2731 σθαι
2239 2678 2333 2733 καὶ
2359 2678 2800 2747 ἐγκαλύπτεσθαι
2864 2679 3027 2731 ποιεῖ’
3070 2677 3137 2731 ἂν
3173 2677 3232 2731 δέ
3287 2677 3484 2748 σεμνὰ,
3521 2678 3662 2748 μετὰ

2082 2760 2267 2824 ἀδείας
2298 2760 2548 2832 προΐεται
2593 2761 2771 2815 ταῦτα
2792 2761 2887 2815 καί
2911 2758 3221 2832 ἐλευθερίας
3252 2760 3491 2830 ἀπάσης.
3534 2761 3660 2823 Τοῖς

2084 2844 2308 2918 [198]δέ
2339 2845 2481 2900 κατά
2510 2845 2671 2915 φύσιν
2694 2846 2869 2909 οὐδεὶς
2903 2846 2969 2899 ἀν
2997 2844 3333 2915 αἰσχυνθείη,
3364 2844 3499 2899 ἀλλά
3545 2847 3660 2910 τοῖς

2084 2929 2233 3001 παρά
2273 2929 2454 2999 φύσιν.
2478 2929 2588 2985 Kal
2609 2932 2790 3000 χεῖρες
2817 2929 2937 2999 μὲν,
3001 2928 3128 2982 ὅταν
3187 2927 3495 3000 ἀρπάζωσι,
3526 2926 3662 2999 κρύ-

2083 3029 2307 3068 πτονται
2332 3015 2426 3068 καί
2453 3013 2748 3082 ἀπολογίας
2789 3011 3159 3083 ἐπιζητοῦσιν·
3207 3013 3256 3065 εἰ
3284 3010 3340 3065 δέ
3360 3011 3660 3083 ἐλεημοσύ-

2082 3111 2181 3164 νην
2212 3095 2373 3159 δοῖεν,
2397 3096 2491 3149 xal
2518 3095 3036 3165 ἐγκαλλωπίζονται.
3065 3094 3229 3148 ’Ὥστε
3272 3095 3339 3149 ἂν
3360 3093 3660 3165 ἐθέλωμεν,

2085 3177 2286 3249 πολλὴν
2310 3178 2504 3250 έχομεν
2525 3179 2789 3234 πάντοθεν
2839 3178 2975 3249 πρὸς
3017 3179 3217 3250 ἀρετὴν
3242 3178 3343 3250 τὴν
3381 3179 3575 3250 ῥοπήν.
3597 3179 3660 3236 El

2083 3260 2141 3315 δέ
2160 3260 2257 3333 τὴν
2272 3261 2469 3334 ἡδονήν
2495 3279 2585 3333 μοι
2632 3261 2815 3330 λέγεις
2843 3261 2941 3333 τὴν
2966 3260 3074 3316 ἀπὸ
3104 3261 3204 3332 τῆς
3229 3260 3449 3327 κακίας,
3479 3261 3664 3333 ἐννόη-

2085 3360 2178 3398 σον
2203 3344 2286 3398 ὃτι
2314 3344 2411 3398 καὶ
2438 3344 2597 3399 τοῦτο
2651 3343 2811 3399 πλέον
2846 3342 2997 3416 παρά
3040 3342 3140 3414 τῆς
3186 3343 3388 3415 ἀρετῆς
3419 3342 3665 3416 καρπούς

2087 3426 2249 3498 μεθα.
2285 3428 2398 3481 Kal
2420 3426 2528 3498 7&9
2554 3427 2616 3480 16
2643 3427 2883 3491 συνειδὸς
2898 3426 3044 3497 ἔχειν
3063 3425 3288 3496 ἀγαθὸν,
3316 3426 3490 3483 καὶτὸ
3510 3427 3663 3499 παρά

2085 3511 2305 3566 πάντων
2366 3508 2766 3582 θαυμάζεσθαι,
2828 3509 2923 3563 καὶ
2971 3508 3034 3563 τὸ
3078 3510 3322 3579 χρηστὰς
3371 3511 3662 3582 ἀναμένειν

2084 3593 2328 3657 ἐλπίδας,
2364 3593 2581 3651 πάντων
2635 3592 2783 3663 ἥδιον
2833 3590 2911 3661 τῷ
2966 3590 3127 3661 φύσιν
3158 3592 3351 3662 ἡδονῆς
3386 3593 3661 3664 ἐπεσκεμ-

2088 3676 2253 3752 μένῳθ
2288 3675 2480 3747 ὥσπερ
2505 3671 2599 3729 οὖν
2625 3674 2888 3729 τάναντία
2934 3674 3152 3728 πάντων
3181 3674 3547 3747 όδυνηρότερα
3582 3674 3663 3749 τῷ

2083 3758 2262 3831 λύπης
2302 3759 2464 3812 εἰδότι
2491 3756 2672 3828 φύσιν,
2722 3753 2832 3811 οἷον
2860 3757 2921 3811 16
2961 3758 3112 3829 παρὰ
3156 3757 3374 3812 πάντων
3401 3758 3661 3823 ὀνειδίζε-

2086 3843 2234 3908 σθαι,
2261 3841 2324 3896 τδ
2366 3839 2787 3912 κατηγορεῖσθαι
2832 3841 3063 3905 οἴκοθεν,
3111 3839 3172 3894 τὸ
3203 3840 3425 3912 τρέμειν
3456 3841 3550 3895 καὶ
3573 3841 3662 3895 δε-

2084 3927 2322 3986 δοικέναι
2354 3926 2451 3980 καὶ
2478 3926 2546 3981 τὰ
2580 3924 2842 3997 μέλλοντα
2868 3924 2963 3978 καὶ
2995 3924 3065 3979 τά
3090 3924 3355 3998 παρόντα.

2155 4092 2219 4144 ε’.
2243 4087 2353 4141 Kal
2378 4086 2465 4141 ῖνα
2491 4086 2821 4158 σαφέστερον
2847 4085 2876 4139 6
2896 4084 3039 4154 λέγω
3061 4085 3309 4156 γένηται,
3335 4083 3665 4158 ὐποθώμεθα

2085 4169 2166 4244 τῷ
2186 4169 2331 4241 λόγῳ
2376 4170 2572 4242 ἔχοντά
2604 4186 2726 4223 τινα
2758 4172 3012 4239 γυναῖκα,
3064 4168 3156 4223 τὸν
3178 4168 3275 4222 τοῦ
3302 4169 3529 4241 πλησίον
3587 4169 3667 4224 δι-

2085 4252 2332 4326 ορύττειν
2355 4253 2553 4325 γάμον,
2584 4253 2678 4309 καὶ
2725 4251 2944 4324 ἦδεσθαι
2960 4254 3025 4324 τῇ
3050 4254 3264 4324 πονηρᾷ
3288 4251 3459 4326 ταύτῃ
3491 4252 3665 4324 κλοπῇ

2085 4337 2186 4409 τῆς
2216 4335 2499 4409 ἐρωμένης
2558 4333 2916 4391 ἀπολαύοντα’
2977 4331 3096 4388 εἶτα
3134 4335 3439 4407 ἀντιθῶμεν
3488 4335 3667 4408 τούτῳ

2088 4418 2250 4472 πάλιν
2280 4418 2470 4489 ἕτερον
2487 4417 2580 4471 τὸν
2598 4418 2695 4490 τὴν
2715 4417 2881 4476 αὑτοῦ
2910 4418 3225 4491 στέργοντα·
3240 4419 3334 4472 καὶ
3354 4418 3441 4473 ἴνα
3465 4418 3668 4473 πλείων

2088 4501 2184 4556 καὶ
2218 4502 2531 4571 σαφεστέρα
2569 4501 2603 4574 ἡ
2632 4501 2759 4572 νίκη
2789 4496 3195 4573 γίνηται,οὗτος
3214 4504 3243 4556 6
3266 4502 3369 4573 τῆς
3390 4502 3555 4556 αὐτοῦ
3577 4503 3671 4574 μό-

2088 4601 2187 4655 νης
2209 4582 2516 4646 ἀπολαύων,
2547 4582 2730 4655 ἐράτω
2770 4584 2869 4655 μὲν
2906 4585 3000 4641 καὶ
3030 4583 3246 4654 ἐκείνης
3296 4585 3397 4656 τῆς
3423 4601 3672 4656 μοιχευο-

2092 4667 2280 4739 μένης,
2313 4666 2588 4738 κατεχέτω
2620 4665 2679 4720 δέ
2701 4666 2794 4721 τοῦ
2828 4666 3030 4738 ἔρωτος
3055 4668 3152 4723 καὶ
3182 4667 3350 4739 μηδὲν
3385 4668 3671 4740 πραττέτω

2090 4750 2350 4824 πονηρδψ
2409 4750 2587 4806 καίτοι
2626 4766 2691 4821 γε
2729 4749 2850 4806 οὐδὲ
2896 4750 3115 4827 καθαρὰ
3146 4749 3307 4804 τοῦτο
3347 4750 3670 4822 σωφροσύνη

2090 4833 2230 4886 ἐστί·
2257 4833 2398 4908 πλὴν
2431 4833 2545 4890 ἀλλ’
2574 4835 2640 4887 ἐκ
2665 4832 3003 4905 περιουσίας,
3032 4832 3122 4886 ἶνα
3153 4833 3333 4905 μάθῃς
3374 4834 3515 4906 πόση
3569 4833 3671 4904 τῆς

2090 4917 2294 4993 ἀρετῆς
2333 4919 2367 4991 ὴ
2400 4916 2585 4994 ἡδονὴ,
2645 4915 2733 4970 διὰ
2761 4914 2920 4969 τοῦτο
2947 4914 3091 4973 οὕτω
3130 4916 3192 4971 16
3227 4915 3415 4988 δρᾶμα
3438 4915 3669 4971 ἐπλάσα-

2093 5018 2214 5072 μεν.
2258 5001 2550 5064 Συνθέντες
2570 4999 2750 5054 τοίνυν
2774 5000 2991 5067 αὐτοὺς,
3022 4998 3197 5065 οὕτως
3222 4998 3479 5071 ἐρώμεθα
3492 5001 3671 5071 ἀμφο-

2090 5085 2301 5155 τέρους,
2330 5085 2475 5149 τίνος
2503 5083 2669 5155 ἡδίων
2692 5084 2720 5137 ό
2742 5082 2875 5155 βίος
2918 5083 3014 5137 καὶ
3037 5082 3245 5157 ἀκούσῃ
3275 5083 3370 5137 τοῦ
3427 5083 3529 5155 μέν
3576 5082 3673 5138 καὶ

2090 5169 2640 5242 ἐγκαλλωπιζομένου
2668 5172 2763 5225 καὶ
2816 5170 3146 5242 σκιρτῶντος
3195 5172 3286 5225 ἐπὶ
3342 5172 3406 5242 τῇ
3433 5170 3557 5243 νίκῃ
3605 5172 3671 5242 τῇ

2091 5252 2234 5309 κατά
2257 5253 2358 5325 τῆς
2377 5254 2695 5326 ἐπιθυμίας·
2717 5254 2908 5309 τούτου
2939 5254 3015 5308 δέ’
3051 5252 3253 5327 μᾶλλον
3279 5263 3299 5285 ·
3324 5254 3380 5308 δὲ
3405 5253 3529 5309 οὐδὲ
3544 5255 3673 5309 ἀνα-

2093 5339 2275 5408 μεῖναι
2308 5335 2472 5390 δεῖτὸ
2502 5339 2632 5409 παρ’
2658 5336 2823 5392 αὐτοῦ
2853 5354 2907 5392 τι
2930 5336 3142 5409 μαθεῖν’
3172 5336 3295 5407 ὄψει
3337 5336 3447 5409 γὰρ
3487 5337 3672 5398 αὐτὸν,

2090 5419 2193 5474 κᾶν
2228 5421 2489 5493 μυριάκις
2515 5421 2768 5492 ἀρνῆται,
2798 5420 3092 5493 δεσμωτῶν
3122 5420 3455 5493 ἀθλιώτερον
3470 5421 3674 5475 διακείο

2096 5519 2280 5574 μενον.
2306 5502 2411 5559 Kal
2440 5505 2550 5577 7&9
2576 5506 2821 5570 ἅπαντας
2849 5506 3053 5560 δέδοικε
3106 5505 3199 5559 καὶ
3225 5503 3542 5567 ὑποπτεύει,
3576 5505 3676 5559 καὶ

2091 5588 2190 5661 τὴν
2222 5590 2387 5644 αὑτοῦ
2423 5592 2654 5659 γυναῖκα
2706 5591 2801 5644 καὶ
2831 5590 2923 5645 16v
2948 5592 3046 5662 τῆς
3078 5590 3473 5662 μοιχευομένης
3504 5588 3676 5660 ἄνδρα

2093 5791 2177 5903 λος
2197 5790 2304 5855 Reg
2329 5832 2342 5854 ,
2369 5793 2535 5842 τούτου
2558 5794 2699 5842 δὲκαὶ
2720 5792 3060 5855 αἰσχυνομένου
3082 5790 3163 5839 καὶ
3183 5790 3530 5844 ὑπατεύοντος
3553 5789 3663 5848 μᾶλ-
