4108 6218
445 250 546 307 185

441 451 712 523 praestitit.
763 449 985 504 Etcum
1033 455 1368 502 servatorum
1411 444 1733 513 paucitatem
1782 442 2032 509 dixisset,

441 558 657 599 rursum
684 541 776 597 illa
797 540 978 594 addita
1006 553 1162 602 voce,
1210 536 1461 602 Omnino,
1484 535 1791 591 consolatus
1821 543 1906 588 est
1935 549 2028 589 eos

441 635 535 706 qui
566 632 633 688 de
657 631 724 687 iis
748 631 1018 687 dolerent.
1046 628 1177 684 Nam
1206 630 1305 683 etsi
1336 627 1452 682 fieri
1477 640 1585 681 non
1617 634 1813 696 potest,
1843 634 1902 678 ut
1944 635 2028 678 to—

441 736 556 780 tum
597 739 787 780 semen
822 723 1034 778 salvum
1071 723 1176 787 sit;
1239 730 1476 775 attamen
1527 729 1588 774 ut
1633 728 1802 773 totum
1849 727 2031 788 pereat

441 817 560 873 ﬁeri
593 817 800 888 nequit.
833 815 957 870 Ideo
985 813 1148 878 dixit,
1184 811 1410 866 Omnino
1434 827 1454 864 :
1475 811 1598 880 quia
1629 824 1851 864 necesse
1881 823 2032 878 pror-

440 925 537 966 sus
559 918 663 976 est,
694 917 754 963 ut
785 907 872 978 qui
900 916 1014 962 tam
1039 903 1307 960 ferventer
1332 918 1449 958 rem
1475 910 1622 956 curat
1644 902 1844 966 ,etiam
1875 914 2021 954 asse-

442 1010 656 1071 quatur.
681 999 772 1054 25.
811 997 994 1053 Omnia
1016 1004 1185 1050 autem
1204 995 1344 1064 facio
1368 1003 1575 1063 propter
1598 991 1936 1062 evangelium,
1967 999 2026 1044 ut

444 1093 706 1164 particeps
722 1089 832 1158 eius
853 1087 1058 1160 eﬁiciar.
1093 1084 1152 1142 ld
1190 1095 1294 1150 est,
1321 1094 1378 1140 ut
1406 1084 1589 1140 videar
1617 1094 1671 1138 et
1693 1083 1808 1154 ipse
1833 1082 2036 1152 aliquid

445 1197 515 1236 ex
539 1195 626 1236 me
644 1179 906 1243 attulisse,
934 1187 990 1233 et
1011 1177 1278 1248 particeps
1303 1176 1401 1230 sim
1424 1189 1742 1230 coronarmn
1761 1189 1879 1245 qua:
1907 1173 2035 1228 fide-

447 1273 590 1327 libus
642 1269 896 1340 repositae
940 1277 1086 1324 sunt.
1132 1265 1595 1335 Quemadmodum
1622 1265 1770 1321 enim
1800 1264 2032 1330 dicebat,

441 1362 536 1435 ,Ez
575 1362 834 1434 evangelio
878 1360 1062 1427 vivere,
1115 1358 1169 1413 id
1213 1368 1318 1425 est,
1361 1373 1426 1414 ex
1454 1357 1800 1414 credentibus
1833 1378 1846 1411 :
1879 1357 1956 1411 sie
1981 1362 2038 1410 et

449 1459 553 1513 hoc
579 1457 721 1521 loco,
746 1454 1017 1524 Particeps
1043 1453 1229 1523 efﬁciar
1256 1450 1502 1522 evangelii
1521 1492 1536 1516 ,
1566 1458 1624 1505 ut
1651 1450 1850 1521 possim
1885 1464 2037 1503 com-

449 1549 726 1604 municare
769 1562 894 1602 cum
943 1547 1044 1611 iis,
1088 1543 1180 1616 qui
1212 1543 1264 1598 in
1303 1541 1642 1613 evangelium
1671 1540 2034 1596 crediderunt.

451 1639 639 1695 Videu’
671 1638 1053 1704 humilitatem,
1103 1635 1378 1706 quomodo
1407 1633 1461 1688 in
1503 1633 1766 1688 mercedis
1805 1632 2038 1688 retribu-

451 1733 598 1787 tione
624 1745 785 1785 unum
813 1729 954 1784 inter
981 1728 1179 1782 multos
1206 1742 1328 1781 sese
1357 1735 1552 1796 ponat,
1585 1741 1707 1780 cum
1737 1726 1856 1796 plus
1879 1741 2036 1795 quant

450 1837 644 1878 omnes
679 1819 1041 1875 laboraverit?
1094 1818 1249 1875 Unde
1289 1818 1465 1887 palam
1499 1826 1616 1884 est,
1650 1817 1790 1872 illius
1822 1816 2040 1887 praemia

453 1914 658 1983 majora
685 1910 822 1967 fore.
853 1913 1103 1965 Attamen
1130 1925 1237 1964 non
1267 1923 1326 1964 se
1354 1906 1573 1979 dignum
1601 1918 1787 1963 censet
1811 1908 1900 1978 qui
1929 1908 2039 1977 pri-

454 2025 570 2064 mas
597 2015 798 2074 teneat,
830 2005 927 2063 sed
952 2012 1170 2076 exoptat
1197 2013 1255 2059 ut
1283 2019 1404 2060 cum
1431 2003 1550 2058 aliis
1575 2002 1841 2073 particeps
1860 2002 1929 2056 sit
1952 2016 2042 2056 co-

457 2117 707 2158 ronarum
734 2115 854 2171 quae
882 2098 1133 2168 repositae
1157 2107 1300 2152 sunt.
1334 2096 1461 2151 Haec
1488 2110 1651 2165 porro
1677 2094 1906 2158 dicebat,
1934 2107 2040 2147 non

457 2195 599 2264 quod
643 2209 741 2263 pro
783 2189 1033 2246 mercede
1077 2190 1253 2259 aiiqua
1297 2189 1400 2244 hoc
1439 2187 1674 2253 faceret,
1711 2185 1808 2242 sed
1836 2195 1895 2240 ut
1920 2184 2045 2241 illos

459 2285 582 2338 hinc
608 2298 817 2354 quoque
841 2280 1137 2336 atlraheret
1157 2320 1174 2345 ,
1222 2286 1276 2333 et
1306 2293 1401 2348 per
1426 2292 1577 2348 spem
1607 2275 1910 2346 huiusmodi
1937 2275 2045 2329 illis

460 2374 826 2443 persuaderet,
859 2381 916 2426 ut
959 2369 1137 2424 omnia
1168 2384 1264 2437 pro
1293 2367 1548 2423 fratribus
1581 2369 1838 2422 facerent.
1886 2365 2038 2420 Vidi-

457 2463 583 2519 stin’
617 2461 992 2533 prudentiam?
1020 2459 1254 2515 vidistin’
1273 2459 1566 2528 diligentiae
1597 2457 2039 2528 magnitudinem,

460 2554 732 2625 quomodo
781 2554 900 2623 plus
941 2568 1100 2623 quam
1140 2561 1466 2622 praeceptum
1494 2550 1670 2604 fuerat
1700 2549 1880 2605 fecerit
1915 2548 2045 2603 nihil

459 2649 753 2718 accipiens,
785 2661 908 2702 cum
952 2645 1197 2715 accipere
1244 2642 1468 2699 liceret?
1513 2642 1746 2696 vidistin’
1779 2657 2044 2696 summam

459 2741 985 2812 attemperationem,
1014 2737 1287 2809 quomodo
1318 2737 1410 2808 qui
1441 2737 1494 2790 in
1526 2737 1644 2807 lege
1667 2735 1862 2791 Christi
1893 2745 2008 2791 erat
2027 2777 2044 2804 ,

459 2845 518 2890 et
544 2848 846 2903 supremam
875 2833 1124 2887 servabat
1149 2831 1348 2901 legem,
1382 2829 1447 2884 iis
1466 2831 1556 2901 qui
1583 2830 1700 2884 sine
1725 2829 1842 2899 lege
1871 2838 2045 2896 erant,

464 2939 735 2995 tamquam
765 2924 883 2979 sine
911 2925 1030 2994 lege
1053 2931 1233 2987 esset;
1280 2921 1479 2978 Iudaeis
1514 2931 1782 2992 tamquam
1809 2920 2046 2986 Judacus,

466 3024 520 3072 in
567 3018 807 3086 utrisque
849 3030 1092 3070 summus
1134 3029 1400 3084 apparens
1443 3023 1497 3067 et
1541 3027 1731 3068 omnes
1789 3012 2050 3067 vincens?

476 3110 588 3164 lloc
610 3119 663 3164 et
697 3119 748 3162 tu
772 3107 962 3171 facito,
1003 3115 1056 3160 et
1083 3121 1150 3160 ne
1181 3116 1336 3176 putes
1365 3115 1416 3160 te
1442 3105 1634 3160 cadere
1660 3121 1781 3160 cum
1811 3119 2052 3158 summus

464 3203 579 3264 sis,
608 3200 654 3254 si
683 3197 812 3269 quid
850 3206 1074 3269 propter
1106 3197 1322 3252 fratrem
1356 3196 1559 3251 humile
1582 3206 1634 3250 et
1663 3195 1930 3264 abjectum
1960 3209 2052 3264 pa-

467 3293 660 3346 tiaris:
695 3305 798 3344 non
825 3298 908 3344 est
937 3289 1082 3344 enim
1116 3287 1246 3342 illud
1282 3287 1512 3353 cadere,
1561 3287 1673 3342 sed-
1699 3286 2051 3342 descendere.

468 3384 572 3449 Qui
599 3382 790 3437 cecidit
815 3381 980 3443 enim,
1003 3380 1148 3450 jacet
1171 3389 1225 3434 et
1254 3380 1339 3434 vix
1371 3380 1597 3447 resurgit
1629 3396 1643 3432 :
1674 3381 1760 3449 qui
1798 3395 1931 3434 vero
1956 3380 2050 3436 de-

471 3475 700 3538 scendit,
749 3471 1025 3538 ascendet,
1057 3482 1107 3525 et
1139 3486 1261 3525 cum
1287 3471 1452 3526 multo
1481 3471 1627 3525 lucro
1659 3487 1673 3523 ε
1703 3471 2056 3541 quemadmo-

470 3567 602 3620 dum
638 3565 798 3619 etiam
838 3563 1036 3618 Paulus
1063 3561 1341 3618 descendit
1369 3563 1516 3618 solus
1541 3564 1778 3633 quidem,
1810 3564 1905 3620 sed
1933 3579 2057 3619 cum

472 3657 607 3712 orbe
626 3653 869 3711 ascendit
895 3672 911 3710 :
935 3669 1040 3709 non
1065 3654 1362 3719 simulans;
1393 3670 1565 3724 neque
1593 3655 1735 3709 enim
1763 3670 1948 3710 eorum
1967 3657 2058 3726 qui

475 3748 672 3803 servati
701 3756 828 3802 sunt
851 3746 1057 3800 lucrum
1085 3745 1439 3815 quaesivisset,
1466 3745 1511 3799 si
1533 3746 1850 3802 simulasset.
1884 3747 2062 3817 llypo-

475 3839 609 3894 crita
645 3838 788 3892 enim
820 3836 1039 3890 exitium
1083 3834 1308 3905 quaerit,
1339 3845 1394 3892 et
1431 3836 1648 3890 simulat
1686 3845 1744 3891 ut
1789 3838 2056 3906 accipiat,

477 3946 587 3985 non
615 3939 666 3983 ut
694 3929 787 3982 det
819 3945 832 3983 :
862 3927 949 3981 hic
975 3941 1101 3982 vero
1125 3942 1230 3981 non
1259 3928 1359 3990 sic,
1387 3926 1482 3982 sed
1506 3936 1562 3981 ut
1589 3927 1848 3993 medicus,
1879 3937 1938 3984 ut
1966 3929 2062 3984 do-

477 4034 623 4086 ctor,
655 4031 710 4075 ut
736 4030 902 4090 pater,
929 4020 1018 4075 ille
1037 4019 1255 4093 quidem
1286 4030 1509 4090 aegroto,
1544 4020 1630 4074 hic
1656 4020 1942 4092 discipulo,
1973 4023 2062 4079 htc

482 4113 600 4166 tilio
640 4127 758 4166 sese
793 4121 1143 4183 attetnpcrat,
1195 4123 1256 4168 ut
1298 4114 1566 4184 corrigat,
1603 4128 1709 4169 non
1736 4124 1796 4170 ut
1821 4127 2011 4172 noceat
2045 4136 2058 4172 :

480 4206 555 4260 ita
581 4204 742 4259 etiam
771 4203 871 4260 hic.

553 4298 608 4351 4.
640 4295 758 4352 Non
805 4297 948 4367 quod
988 4313 1074 4363 ea,
1105 4313 1224 4368 qua:
1271 4297 1414 4354 dicta
1457 4309 1604 4366 sunt,
1635 4300 1906 4357 simulatio
1956 4319 2062 4359 non

478 4398 682 4455 essent,
703 4404 826 4444 cum
849 4388 981 4442 nihil
1013 4388 1316 4458 huiusmodi
1348 4390 1430 4444 vel
1455 4390 1636 4445 dicere
1661 4391 1743 4446 vel
1775 4391 1950 4448 facere
1974 4409 2064 4450 co-

473 4491 716 4554 geretur,
748 4482 842 4538 sed
871 4481 1013 4551 quod
1039 4481 1286 4536 ail‘ectum
1318 4497 1475 4538 suum
1502 4482 1856 4555 fiduciamque
1885 4496 2067 4541 osten-

476 4577 606 4631 dere
627 4577 811 4640 vellet,
840 4573 964 4629 audi
1011 4575 1184 4643 ipsum
1209 4573 1476 4630 dicentem
1505 4591 1521 4631 :
1552 4573 1731 4646 Neque
1768 4578 1868 4631 vita
1907 4595 2064 4650 neque

475 4684 632 4731 mors,
659 4681 820 4735 neque
843 4666 1011 4735 angeli
1037 4681 1197 4734 neque
1218 4666 1536 4736 principatus
1573 4683 1731 4733 neque
1771 4678 2061 4738 potestates,

475 4776 637 4828 neque
656 4759 903 4813 instantia
923 4774 1081 4828 neque
1098 4758 1296 4827 futura,
1331 4774 1488 4828 neque
1511 4759 1726 4813 altitudo
1763 4777 1919 4832 neque
1942 4778 2065 4831 pro-

473 4851 715 4918 fundum,
738 4864 898 4916 neque
918 4848 1089 4916 aliqua
1108 4848 1213 4902 alia
1232 4858 1487 4914 creatura,
1509 4850 1693 4918 poterit
1717 4867 1808 4905 nos
1828 4868 2066 4922 separare

474 4958 508 4992 a
533 4942 743 4996 caritate
774 4941 898 5008 Dei,
925 4957 1039 5010 qua:
1069 4951 1143 4996 est
1176 4942 1230 4995 in
1253 4940 1450 4996 Christo
1485 4940 1612 4997 Jesu
1653 4942 1871 4998 Domino
1888 4956 2064 5002 nostra

475 5033 653 5101 (Rom.
684 5033 739 5088 8.
766 5032 860 5089 38.
882 5033 996 5104 39).
1033 5031 1282 5088 Vidistin’
1307 5034 1587 5088 caritatem
1631 5034 1752 5104 igne
1795 5034 2064 5090 ardentio-

475 5125 629 5179 rem?
675 5125 751 5180 lta
786 5135 842 5181 et
870 5140 970 5182 nos
999 5140 1214 5196 quoque
1240 5125 1508 5182 Christum
1549 5126 1873 5197 diligamus;
1907 5129 2066 5186 facile

477 5233 710 5286 namque
725 5227 830 5284 est,
851 5217 896 5272 si
925 5217 1172 5272 velimus.
1196 5217 1378 5286 Neque
1403 5220 1546 5273 enim
1574 5218 1668 5275 ille
1690 5219 1810 5274 talis
1827 5228 1942 5274 erat
1971 5236 2066 5274 na-

475 5319 636 5361 tura:
661 5307 891 5379 ideoque
922 5309 1101 5379 priora
1126 5308 1269 5364 illius
1295 5309 1383 5364 his
1407 5311 1670 5365 contraria
1719 5311 1884 5366 fuisse
1933 5312 2064 5367 scri-

477 5408 628 5465 ptum
658 5409 780 5464 est,
812 5408 872 5454 ut
900 5399 1171 5455 discamus
1192 5415 1326 5469 opus
1353 5400 1485 5455 illud
1509 5400 1659 5457 liberi
1687 5401 1891 5456 arbitrii
1922 5417 2062 5468 esse,

476 5499 534 5544 et
552 5490 857 5546 volentibus
877 5493 1060 5547 omnia
1079 5507 1199 5551 esse
1223 5492 1416 5548 facilia.
1436 5491 1515 5548 Ne
1540 5493 1886 5563 desperemus
1906 5511 2064 5566 ergo;

475 5583 572 5636 sed
597 5586 698 5638 etsi
727 5584 1044 5640 maledicnis
1064 5602 1144 5650 es,
1176 5586 1277 5640 etsi
1304 5601 1514 5650 avarus,
1537 5588 1636 5641 etsi
1657 5588 1870 5657 quidvis
1898 5590 2064 5659 aliud,

480 5675 656 5745 cogita
701 5675 928 5732 Paulum
969 5675 1338 5747 blasphcmum
1380 5677 1565 5746 fuisse,
1595 5691 2064 5752 persequutorem,

1467 239 1534 297 lN
1570 237 1784 298 EPIST.
1828 238 1846 294 l
1908 238 2001 294 AD
2038 236 2196 293 ουκ.
2239 238 2470 297 HOMIL.
2512 240 2676 298 XXII.

444 373 615 418 totum
653 359 887 417 servavit
911 365 1246 420 sementem;
1288 362 1528 409 attamen
1555 353 1696 424 quod
1727 368 1882 408 suum
1910 363 2029 408 erat
2076 397 2078 399 .

3613 246 3719 302 ἰεῦ

2136 353 2609 421 contumeliosum,
2659 365 3107 428 peccatorumque
3155 359 3406 428 primum,
3451 369 3509 415 et
3555 360 3715 416 dere-

2139 455 2304 515 pente
2324 447 2390 500 ad
2437 447 2610 517 ipsum
2637 449 2850 505 virtutis
2891 450 3104 504 culmen
3146 451 3471 519 pervenisse,
3505 461 3560 506 et
3587 451 3715 505 nihil

2135 536 2235 606 ipsi
2284 537 2652 606 impedimenti
2693 541 2878 610 priora
2909 541 3185 596 attulisse:
3218 543 3363 611 atqui
3409 556 3568 596 nemo
3595 555 3717 596 cum

2139 637 2286 684 tanto
2341 629 2520 685 furore
2578 631 2868 701 nequitiam
2921 640 3181 698 sectatur,
3225 646 3348 687 cum
3387 641 3590 703 quanto
3631 631 3722 686 ille

2139 719 2335 773 bellum
2377 729 2565 776 contra
2603 721 2920 776 Ecclesiam.
2953 721 3084 776 Nam
3115 731 3240 776 tunc
3267 722 3383 790 ipse
3423 737 3575 778 suam
3609 731 3720 777 tra-

2138 809 2271 864 didit
2296 811 2562 876 animam;
2595 821 2651 866 et
2675 813 2798 880 quia
2831 827 2936 867 non
2964 812 3112 868 mille
3150 828 3341 868 manus
3369 812 3622 879 habebat,
3666 823 3724 866 ut

2138 901 2386 956 omnibus
2433 901 2766 972 Stephanum
2813 903 3118 974 impeteret,
3150 905 3385 960 dolebat.
3432 905 3500 959 Et
3544 914 3724 958 tamen

2139 993 2217 1047 sic
2237 1008 2451 1063 quoque
2474 992 2692 1048 modum
2725 994 2947 1060 invenit,
2969 1011 3075 1065 quo
3100 1004 3283 1066 posset
3306 996 3452 1050 illum
3485 995 3724 1064 pluribus

2138 1083 2299 1140 ferire
2324 1085 2573 1142 manibus
2602 1084 3373 1156 falsorum.testium,quorum
3400 1087 3514 1156 ipse
3545 1095 3724 1141 vestes

2139 1179 2408 1233 servabat.
2437 1179 2504 1234 Et
2543 1193 2675 1234 cum
2712 1180 2764 1234 in
2800 1179 2994 1234 domos
3039 1179 3286 1246 intraret,
3318 1188 3586 1248 tamquam
3613 1179 3723 1234 fera

2141 1269 2428 1337 insiliebat,
2468 1269 2687 1325 trahens
2729 1281 2786 1325 et
2833 1270 3074 1326 lacerans
3116 1270 3276 1336 viros,
3309 1269 3591 1335 mulieres;
3638 1278 3728 1324 tu-

2141 1362 2309 1416 multu
2340 1369 2395 1416 et
2418 1362 2644 1431 strepitu
2671 1376 2734 1416 ac
2773 1360 2930 1416 bellis
2957 1361 3227 1417 sexcentis
3253 1363 3433 1416 omnia
3472 1360 3723 1430 impletis.

2140 1453 2214 1508 Ita
2243 1469 2436 1524 nempe
2464 1452 2721 1508 terribilis
2756 1462 2894 1517 erat,
2923 1461 2984 1508 ut
3012 1454 3240 1524 apostoli
3263 1453 3421 1508 etiam
3452 1460 3574 1522 post
3592 1451 3730 1521 opti-

2141 1560 2282 1600 mam
2324 1545 2440 1615 ejus
2478 1545 2888 1601 conversionem
2929 1544 3169 1600 nondum
3208 1542 3466 1606 auderent
3490 1542 3590 1612 ipsi
3620 1543 3729 1598 ha:-

2144 1651 2284 1691 rere.
2308 1637 2557 1691 Attamen
2587 1646 2708 1706 post
2733 1636 2824 1690 illa
2845 1635 3026 1690 omnia
3055 1635 3174 1690 talis
3205 1633 3424 1689 effectus
3466 1644 3573 1699 est,
3595 1649 3751 1702 quoa--

2144 1727 2211 1782 lis
2236 1742 2363 1782 vere
2391 1727 2523 1782 fuit:
2554 1742 2728 1798 neque
2753 1728 2896 1783 enim
2922 1728 3071 1796 plura
3099 1727 3279 1782 dicere
3304 1741 3442 1796 opus
3467 1734 3569 1780 est.
3600 1725 3732 1781 Ubi-

2143 1835 2265 1873 nam
2295 1834 2424 1888 ergo
2467 1828 2593 1873 sunt
2634 1819 2732 1882 illi,
2763 1819 2852 1888 qui
2886 1817 2975 1871 fati
3005 1819 3383 1872 necessitatem
3433 1815 3732 1871 obtendunt

2142 1911 2398 1965 adversus
2425 1910 2630 1964 arbitrii
2673 1911 2842 1964 nostri
2872 1909 3213 1964 libertatem?
3252 1909 3376 1963 llaae
3404 1908 3645 1975 audiant,
3679 1920 3733 1963 et

2143 2015 2236 2056 ora
2268 2016 2363 2055 sua
2404 2000 2704 2056 obstruant.
2740 2000 2876 2054 Eum
2909 2000 3053 2053 enim
3082 2001 3174 2070 qui
3214 2001 3388 2055 bonus
3432 2016 3552 2056 esse
3581 2001 3730 2066 velit,

2149 2091 2284 2146 nihil
2312 2090 2556 2162 impedit,
2590 2091 2800 2146 etiamsi
2849 2091 2989 2146 inter
3021 2091 3381 2160 nequissimos
3417 2101 3574 2147 antea
3599 2107 3730 2148 cen-

2146 2178 2376 2240 seretur.
2402 2183 2483 2239 Ad
2516 2183 2620 2239 hoc
2655 2184 2799 2239 enim
2843 2187 3079 2253 aptiores
3105 2199 3313 2248 sumus,
3339 2195 3602 2254 quatenus
3643 2201 3730 2241 se-

2146 2276 2375 2332 cundum
2403 2285 2648 2332 naturam
2675 2275 2846 2331 virtus
2895 2277 3034 2331 inest
3060 2263 3235 2344 nobis,
3262 2285 3318 2333 et
3344 2287 3538 2348 praeter
3568 2288 3727 2333 natu-

2148 2383 2262 2421 ram
2308 2368 2532 2433 vitium;
2580 2367 2718 2422 sicut
2743 2368 2903 2422 etiam
2947 2377 3209 2438 :cgrotare
3254 2379 3312 2424 et
3353 2369 3492 2424 bene
3534 2371 3731 2425 valere.

2149 2459 2360 2514 Etenim
2406 2458 2589 2514 oculos
2628 2458 2784 2514 nobis
2830 2458 2976 2514 dedit
3021 2459 3182 2528 Deus,
3216 2474 3322 2514 non
3369 2468 3426 2515 ut
3470 2460 3736 2531 impudice

2149 2551 2510 2621 aspiciamus,
2541 2552 2636 2607 sed
2684 2559 2745 2606 ut
2786 2565 2876 2606 res
2917 2551 2985 2606 ab
3027 2567 3094 2607 eo
3135 2562 3348 2608 creatas
3385 2552 3728 2618 admirantes,

2148 2639 2490 2696 Conditorem
2537 2641 2843 2696 adoremus.
2875 2641 3028 2708 Quod
3055 2651 3231 2697 autem
3255 2641 3343 2698 hic
3369 2643 3439 2698 sit
3457 2644 3734 2699 oculorum

2152 2748 2302 2796 usus,
2335 2734 2508 2803 palam
2549 2742 2633 2788 est
2662 2749 2727 2788 ex
2767 2733 2927 2788 rebus
2956 2733 3056 2788 sub
3093 2744 3369 2804 aspectum
3400 2733 3734 2792 cadentibus.

2153 2824 2614 2880 l’ulchritudinem
2657 2841 2888 2896 namque
2936 2826 3067 2880 solis
3106 2834 3158 2881 et
3198 2825 3315 2880 οωιὶ
3357 2841 3423 2881 ex
3475 2827 3738 2882 iunneuso

2151 2917 2440 2987 aspicimus
2483 2917 2802 2973 intervallo:
2853 2919 3094 2974 mulieris
3132 2933 3262 2973 vero
3307 2919 3533 2974 formam
3579 2937 3739 2976 nemo

2153 3026 2216 3064 ex
2247 3019 2395 3064 tanto
2425 3012 2600 3080 spatio
2629 3011 2858 3066 noverit.
2890 3011 3070 3066 Viden‘
3100 3011 3314 3067 oculum
3349 3014 3505 3068 nobis
3543 3014 3608 3069 ad
3637 3014 3738 3070 hoc

2155 3102 2389 3156 maxime
2413 3101 2597 3156 datum
2624 3101 2834 3157 fuisse?
2877 3103 3083 3158 Rursus
3109 3103 3349 3159 auditum
3376 3104 3522 3170 fecit,
3550 3122 3658 3163 non
3685 3119 3741 3162 ut

2155 3193 2465 3263 blaspheme
2498 3195 2824 3264 excipiamus
2863 3196 3049 3261 verba,
3079 3196 3174 3251 sed
3217 3207 3275 3252 ut
3312 3197 3561 3253 salutaria
3605 3199 3739 3270 dog-

2156 3294 2322 3340 mata.
2389 3283 2621 3355 ldeoque
2682 3300 2802 3339 cum
2859 3285 3132 3356 quidpiam
3181 3287 3441 3344 absonum
3495 3291 3734 3360 excipit,

2158 3387 2213 3432 et
2241 3379 2452 3434 animus
2493 3387 2550 3433 et
2594 3379 2763 3448 ipsum
2807 3393 3001 3449 corpus
3045 3383 3319 3451 torpescit.
3377 3383 3558 3438 Sermo
3610 3388 3744 3441 enim

2160 3469 2378 3524 multum
2406 3471 2656 3540 jurantis,
2693 3472 2821 3541 pilos
2864 3472 3033 3543 erigit,
3069 3473 3261 3544 inquit.
3295 3475 3362 3530 Et
3399 3477 3443 3532 si
3471 3479 3597 3548 quid
3621 3495 3745 3534 cru-

2161 3561 2283 3618 dele
2310 3563 2394 3617 vel
2418 3563 2622 3618 immite
2647 3564 2950 3631 audiamus,
2985 3582 3176 3623 rursus
3203 3569 3519 3639 horremus;
3546 3573 3591 3627 si
3619 3590 3748 3630 vero

2162 3655 2288 3725 quid
2324 3671 2671 3711 numerosum
2716 3665 2771 3711 et
2803 3656 3120 3725 humanum,
3145 3669 3200 3714 et
3228 3662 3488 3730 gestimus
3513 3673 3569 3718 et
3599 3664 3746 3720 heta-

2163 3761 2304 3800 mur.
2337 3746 2410 3801 Os
2430 3762 2643 3817 quoque
2664 3755 2908 3803 nostrum
2945 3752 3118 3820 turpia
3141 3751 3386 3821 loquens,
3417 3754 3674 3824 pudorem
3695 3767 3752 3813 et

2163 3836 2544 3892 verecundiam
2589 3836 2785 3904 infert;
2822 3839 2904 3893 sin
2933 3849 3111 3895 autem
3153 3839 3401 3910 honesta,
3444 3846 3652 3915 placide
3695 3857 3752 3902 et

2165 3941 2286 3982 cum
2323 3928 2468 3982 omni
2506 3927 2754 3984 libertate
2799 3928 2888 3983 illa
2935 3931 3150 3984 emittit.
3178 3932 3254 3986 De
3296 3933 3360 3988 iis
3397 3945 3598 4003 autem,
3627 3952 3749 4007 quae

2167 4028 2292 4074 sunt
2312 4018 2606 4075 secundum
2635 4028 2881 4074 naturam
2912 4035 3071 4075 nemo
3094 4021 3401 4091 erubuerit;
3439 4025 3533 4080 sed
3559 4026 3628 4082 de
3661 4027 3748 4093 iis,

2167 4126 2287 4181 quae
2331 4119 2457 4165 sunt
2500 4122 2695 4180 praeter
2733 4119 3001 4166 naturam.
3035 4111 3105 4168 Et
3151 4127 3341 4169 manus
3369 4115 3586 4185 quidem
3629 4132 3751 4173 cum

2167 4202 2403 4272 rapiunt,
2433 4217 2493 4256 se
2539 4202 2814 4258 occultant
2836 4242 2852 4269 ,
2883 4212 2940 4258 et
2982 4203 3350 4260 defensionem
3381 4218 3662 4277 quarunt;
3708 4211 3755 4264 si

2168 4309 2300 4351 vero
2331 4293 2731 4366 eleemosynam
2763 4293 2914 4363 dent,
2944 4296 3106 4351 etiam
3135 4296 3454 4366 gloriantur.
3484 4299 3670 4372 itaque
3707 4301 3755 4356 si

2169 4386 2420 4453 velimus,
2445 4400 2694 4456 magnam
2721 4386 2955 4458 undique
2975 4386 3237 4444 habemus
3263 4389 3331 4444 ad
3352 4391 3601 4447 virtutem
3631 4407 3754 4462 pro-

2171 4477 2508 4548 pensionem.
2555 4477 2614 4534 Si
2655 4486 2834 4535 autem
2865 4479 3000 4536 mihi
3041 4481 3370 4553 voluptatein
3409 4499 3475 4538 ex
3520 4487 3756 4556 nequitia

2172 4579 2379 4641 partam
2423 4569 2590 4636 dicas,
2621 4571 2798 4643 cogita
2843 4586 2942 4626 nos
2990 4571 3138 4628 illam
3181 4574 3436 4645 majorem
3463 4592 3532 4632 ex
3559 4578 3757 4634 virtute

2171 4661 2485 4733 decerpere.
2511 4661 2725 4719 Etenim
2756 4663 2953 4719 bonam
2984 4663 3186 4722 habere
3204 4667 3612 4730 conscientiam,
3641 4683 3758 4722 om-

2172 4754 2330 4810 nibus
2360 4755 2412 4809 in
2459 4754 2816 4812 admiratione
2842 4772 2986 4824 esse,
3012 4758 3318 4828 bonamque
3361 4775 3514 4828 spem
3548 4771 3754 4828 tenere,

2171 4847 2409 4901 oumium
2432 4846 2884 4916 jucundissimum
2901 4857 2985 4903 est
3003 4849 3176 4918 ei,qui
3201 4851 3491 4921 voluptatis
3511 4862 3756 4908 naturam

2171 4937 2552 5007 perpenderit;
2584 4947 2642 4993 ut
2669 4938 2937 4993 contraria
2957 4941 3202 4996 omnium
3231 4944 3610 5000 molestissima
3633 4957 3760 5002 sunt

2171 5032 2241 5098 ei,
2259 5034 2349 5102 qui
2367 5031 2569 5087 doloris
2598 5041 2843 5088 naturam
2868 5034 3044 5089 novit:
3073 5035 3222 5092 verbi
3247 5039 3437 5108 gratia,
3468 5050 3520 5094 et
3546 5041 3758 5110 probris

2171 5123 2240 5178 ab
2280 5123 2528 5177 omnibus
2572 5121 2716 5178 affici
2743 5132 2796 5179 et
2829 5139 2859 5179 a
2906 5140 2966 5180 se
3001 5127 3118 5196 ipso
3162 5131 3425 5199 accusari,
3458 5135 3650 5189 timere
3685 5148 3750 5188 ac

2173 5223 2408 5268 tremere
2444 5217 2724 5283 praesentia
2751 5229 2814 5271 ac
2840 5215 3037 5272 futura.

2245 5309 2299 5364 5.
2349 5309 2596 5382 Voluptas
2623 5309 2783 5365 brevis
2812 5319 2905 5376 est,
2937 5310 3086 5366 dolor
3109 5313 3226 5368 hinc
3256 5322 3434 5382 partus
3460 5324 3757 5384 perpetuus.

2174 5406 2324 5461 —-—Et
2361 5417 2422 5462 ut
2465 5408 2517 5462 id
2558 5409 2699 5478 quod
2730 5409 2849 5463 dico
2877 5407 3076 5462 clarius
3116 5405 3344 5471 evadat,
3392 5419 3758 5475 supponamus

2173 5502 2477 5572 quempiam
2507 5516 2729 5556 uxorem
2772 5501 3056 5557 habentem
3092 5500 3324 5572 proximi
3370 5501 3581 5573 nuptias
3630 5519 3754 5571 per-

2177 5593 2381 5662 fodere,
2405 5603 2458 5649 et
2473 5609 2539 5650 ex
2571 5593 2671 5649 hoc
2700 5593 2944 5666 improbo
2975 5593 3117 5650 furto
3143 5595 3234 5651 illa
3261 5595 3363 5651 frui
3385 5611 3542 5666 quam
3564 5605 3709 5650 amat
3734 5617 3746 5658 ;

2173 5685 2369 5743 deinde
2413 5685 2576 5744 alium
2625 5687 2747 5745 huic
2787 5703 3120 5760 oppunamus
3147 5727 3162 5758 ,
3195 5688 3285 5761 qui
3329 5703 3556 5746 uxorein
3596 5705 3746 5745 suam
