4086 6214
376 239 477 303 187

372 363 760 435 complectatur
788 377 802 416 :
835 367 999 430 utque
1025 359 1249 413 victoria
1279 357 1474 412 clarior
1501 355 1692 411 evadat
1709 396 1723 420 ,
1755 355 1840 410 hic
1863 357 1954 425 qui

372 459 484 513 sola
511 472 607 514 sua
632 471 801 512 uxore
824 454 1018 510 fruitur
1035 494 1050 518 ,
1073 453 1233 508 etiam
1266 450 1410 506 illam
1437 459 1583 506 amet
1610 465 1730 521 qua:
1749 451 1957 506 adulte-

375 559 555 616 ratur,
590 549 687 605 sed
718 563 955 604 amorem
999 545 1250 599 cohibeat
1293 542 1534 614 nihilque
1575 544 1701 598 mali
1755 543 1952 610 faciat,

369 659 690 715 quamquam
723 658 790 696 ne
820 641 921 694 hoc
939 638 1154 708 quidem
1176 645 1261 692 est
1279 652 1409 708 pura
1441 638 1791 708 temperantia
1817 654 1831 700 ;
1861 653 1954 693 ve-

373 748 486 790 rum
515 735 582 789 ad
630 731 876 795 libitum,
908 738 966 783 ut
1011 727 1187 783 discas
1211 738 1406 799 quanta
1454 729 1525 783 sit
1555 728 1768 782 virtutis
1797 729 1952 783 volu-

372 835 506 895 ptas,
541 824 660 878 ideo
686 820 990 890 hujusmodi
1014 814 1199 875 drama
1226 820 1548 874 efﬁnximus.
1579 820 1674 875 llis
1698 834 1826 891 ergo
1847 833 1950 875 una

368 915 688 986 comparatis
708 956 723 980 ,
755 915 834 970 sic
857 913 1047 969 ambos
1071 914 1482 983 interrogemus,
1511 915 1682 968 utrius
1705 914 1810 967 vita
1832 913 1951 968 dul-

367 1009 479 1062 cior
503 1025 517 1061 :
545 1014 600 1060 et
618 1006 805 1060 audies
832 1006 979 1060 illum
1009 1005 1224 1076 quidem
1250 1005 1569 1076 gloriantem
1592 1014 1648 1062 et
1672 1009 1944 1062 exsultan-

367 1105 471 1154 tem
499 1099 566 1153 de
590 1099 816 1154 victoria
839 1139 855 1166 ,
885 1112 1046 1169 quam
1074 1107 1258 1153 contra
1295 1097 1569 1153 libidinem
1614 1100 1944 1168 reportavit;

367 1192 508 1246 hunc
533 1205 696 1256 vero;
722 1191 830 1244 imo
853 1204 957 1244 non
981 1189 1396 1259 exspectandum
1418 1200 1500 1245 est
1527 1200 1582 1244 ut
1603 1189 1674 1245 ab
1699 1190 1791 1245 illo
1819 1193 1946 1263 quid

365 1284 667 1338 ediscamus
701 1301 714 1337 :
746 1282 952 1338 videbis
990 1283 1134 1337 enim
1181 1283 1604 1350 illum,etiamsi
1651 1283 1702 1339 id
1750 1285 1945 1341 millies

366 1375 672 1447 negaverit,
703 1374 1058 1430 miserabilius
1079 1389 1242 1445 quam
1270 1374 1307 1428 ii
1345 1376 1436 1445 qui
1472 1383 1598 1429 sunt
1635 1375 1688 1429 in
1718 1377 1943 1432 vinculis

362 1469 634 1524 affectum.
667 1467 800 1521 Nam
828 1481 1015 1521 omnes
1054 1466 1203 1522 timet
1231 1475 1287 1522 et
1324 1475 1601 1536 suspectos
1645 1466 1845 1533 habet,
1891 1476 1946 1524 et

365 1571 585 1614 uxorem
607 1572 757 1612 suam
780 1566 834 1612 et
853 1557 1110 1613 adultera:
1131 1558 1302 1612 virum
1326 1557 1604 1628 ipsamque
1626 1558 1940 1625 adulteram,

364 1649 674 1714 familiares,
703 1649 907 1703 amicos
932 1690 947 1715 ,
975 1660 1254 1718 cognatos,
1285 1649 1540 1718 parietes,
1569 1647 1807 1716 umbras,
1839 1649 1945 1703 sei-

363 1753 515 1812 psum
542 1759 556 1806 ;
585 1751 640 1796 et
671 1740 812 1810 quod
841 1749 923 1795 est
964 1740 1201 1794 omnium
1228 1741 1599 1810 gravissimum
1621 1781 1637 1806 ,
1668 1741 1946 1796 conscien-

362 1837 489 1890 tiam
536 1835 695 1889 habet
739 1835 1120 1889 reclamantem
1166 1843 1221 1888 et
1259 1835 1496 1904 quotidie
1541 1835 1845 1891 latrantem.
1887 1835 1940 1890 Si

358 1943 487 1983 vero
506 1928 666 1982 etiam
697 1927 788 1982 Dei
822 1927 1049 1980 tribunal
1084 1926 1136 1981 in
1168 1935 1402 1982 mentem
1431 1927 1670 1993 venerit,
1699 1943 1768 1983 ne
1797 1937 1943 1983 stare

355 2018 571 2089 quidem
603 2019 818 2087 poterit.
851 2019 916 2071 Et
943 2016 1187 2088 voluptas
1208 2018 1424 2089 quidem
1448 2019 1627 2074 brevis
1653 2029 1756 2086 est,
1787 2019 1943 2074 dolor

354 2119 533 2164 autem
564 2111 687 2165 hine
717 2120 900 2179 partus
930 2121 1243 2180 perpetuus.
1287 2110 1419 2164 Nam
1462 2118 1517 2164 et
1555 2125 1775 2180 veSpere
1812 2120 1867 2165 et
1889 2111 1940 2165 in

354 2214 514 2259 nocte
543 2243 556 2266 ,
591 2203 644 2256 in
676 2202 964 2257 solitudine
988 2241 1002 2264 ,
1035 2203 1086 2256 in
1117 2202 1333 2257 civitate
1357 2209 1412 2256 et
1442 2195 1638 2272 ubique
1662 2211 1942 2256 accusator

356 2295 617 2364 sequitur,
648 2293 882 2364 gladium
913 2301 1220 2347 monstrans
1248 2304 1461 2346 acutum
1494 2303 1548 2347 et
1587 2292 1937 2348 intolerabilia

354 2386 611 2455 supplicia
639 2426 653 2449 ,
687 2396 832 2440 metu
873 2399 1197 2439 consumens
1245 2384 1416 2439 illum.
1458 2383 1550 2438 ille
1573 2398 1703 2438 vero
1733 2391 1936 2453 tempe-

353 2495 500 2542 rans,
537 2479 620 2532 his
648 2477 899 2530 omnibus
929 2490 1152 2541 vacuus,
1183 2475 1234 2529 in
1265 2473 1510 2529 libertate
1536 2482 1634 2539 est,
1666 2481 1722 2528 et
1748 2487 1938 2528 secure

353 2587 571 2626 uxorem
600 2583 753 2624 suam
780 2567 963 2632 videt,
998 2565 1133 2622 filios
1156 2607 1171 2630 ,
1201 2568 1403 2621 amicos
1435 2607 1448 2629 ,
1478 2573 1532 2620 et
1562 2565 1744 2620 liberis
1770 2563 1938 2619 oculis

351 2662 530 2716 omnia
559 2661 775 2732 aspicit.
823 2659 880 2713 Si
927 2667 1103 2713 autem
1133 2659 1177 2711 is
1209 2658 1296 2727 qui
1323 2665 1505 2721 amat,
1553 2665 1608 2710 et
1653 2665 1831 2710 tamen
1877 2669 1936 2711 se

353 2759 630 2821 continet,
685 2764 831 2811 tanta
872 2753 1069 2810 fruitur
1119 2752 1548 2822 voluptatetqni
1593 2767 1700 2805 non
1747 2759 1932 2817 amat,

355 2852 449 2905 sed
501 2866 635 2921 pure
690 2857 996 2919 temperans
1045 2856 1163 2914 est,
1219 2863 1326 2918 quo
1382 2855 1579 2916 portu,
1633 2859 1734 2914 qua
1787 2855 1934 2899 tran-

350 2943 612 3013 quillitate
650 2957 756 2996 non
795 2940 1091 2995 dulciorem
1133 2948 1186 2993 et
1241 2937 1588 3008 placidiorem
1637 2935 1936 3006 possidebit

350 3037 582 3089 animam
610 3033 634 3087 ?
665 3033 788 3088 Ideo
816 3042 964 3086 certe
997 3031 1270 3086 adulteros
1298 3029 1494 3083 videris
1525 3043 1721 3098 paucos
1746 3069 1761 3093 ,
1795 3038 1932 3082 tem-

351 3135 598 3196 perantes
618 3133 793 3180 autem
820 3124 1021 3194 plures.
1046 3122 1197 3190 Quod
1225 3122 1269 3176 si
1301 3120 1402 3174 hoc
1417 3118 1626 3174 dulcius
1647 3128 1807 3180 esset,
1834 3118 1934 3174 hoc

351 3221 524 3290 ipsum
555 3218 704 3272 multi
729 3217 1008 3286 eligerent.
1059 3214 1165 3268 Nec
1206 3213 1334 3266 mihi
1369 3212 1517 3266 dicas
1558 3211 1732 3281 legum
1773 3212 1931 3265 timo-

349 3326 500 3375 rem;
530 3323 703 3378 neque
730 3309 875 3362 enim
905 3306 991 3361 hic
1020 3306 1138 3360 illos
1161 3306 1399 3360 continet
1424 3345 1440 3368 ,
1471 3303 1563 3357 sed
1590 3303 1932 3357 absurditatis

350 3399 679 3472 magnitudo,
702 3406 756 3454 et
770 3399 910 3469 quod
941 3399 1088 3468 plura
1122 3397 1192 3451 ibi
1215 3398 1323 3450 sint
1352 3395 1520 3450 tristia
1545 3409 1702 3464 quam
1726 3397 1929 3463 suavia,

352 3491 770 3547 t-tconscicntize
820 3504 1032 3560 quoque
1076 3489 1332 3543 calculus.
1365 3489 1432 3542 Et
1472 3489 1683 3544 adulter
1711 3490 1925 3560 quidem

349 3583 473 3635 talis
496 3592 597 3636 est.
623 3582 680 3636 Si
710 3581 880 3650 placet
904 3590 1105 3644 autem,
1130 3595 1348 3633 avarum
1370 3594 1582 3650 quoque
1607 3580 1932 3636 adducamus

348 3673 402 3727 in
429 3673 661 3727 medium
683 3711 699 3738 ,
732 3671 894 3725 alium
928 3683 1115 3726 rursus
1144 3671 1380 3740 iniquum
1405 3687 1643 3725 amorem
1674 3671 1932 3741 detegen-

349 3775 448 3820 tes.
484 3763 693 3819 Etenim
717 3765 888 3833 ipsqu
913 3763 1071 3818 etiam
1104 3763 1398 3818 videbimus
1423 3765 1608 3819 eadem
1637 3765 1929 3819 formidati-

350 3870 479 3926 tem,
508 3872 608 3914 nec
632 3857 896 3913 valentem
921 3874 1048 3927 pura
1069 3857 1168 3912 frui
1193 3858 1483 3927 voluptate.
1508 3857 1682 3913 Mente
1704 3874 1932 3928 namque

345 3966 569 4007 versans
598 3966 691 4006 eos
716 3951 806 4023 qui
850 3952 1039 4020 injuria
1085 3952 1393 4006 afficiuntur
1418 3995 1432 4018 ,
1463 3963 1517 4006 et
1546 3967 1639 4006 eos
1661 3952 1748 4020 qui
1779 3967 1928 4007 com-

346 4045 689 4100 miseratione
718 4047 986 4099 ducuntur
1005 4086 1019 4108 ,
1046 4053 1098 4099 et
1123 4061 1461 4100 communem
1485 4046 1722 4100 omnium
1749 4045 1818 4100 de
1841 4045 1931 4099 illo

345 4139 608 4194 calculum
636 4179 650 4204 ,
681 4138 828 4194 mille
868 4139 1099 4210 agitatur
1143 4140 1255 4207 ipse
1295 4140 1560 4194 lluctihus.
1604 4139 1788 4210 Neque
1831 4140 1932 4195 hoc

347 4231 521 4285 solum
564 4231 850 4287 molestum
881 4233 976 4301 ipsi
1001 4241 1080 4286 est
1108 4275 1121 4296 ,
1153 4231 1246 4286 sed
1276 4247 1448 4302 neque
1477 4232 1668 4288 dilecta
1703 4249 1798 4287 sua
1830 4233 1930 4288 frui

347 4331 541 4393 potest.
569 4323 715 4378 Talis
739 4327 882 4378 enim
925 4335 1008 4377 est
1038 4335 1318 4377 avarorum
1357 4339 1472 4378 mos
1506 4341 1520 4378 :
1553 4323 1752 4379 habent
1775 4367 1789 4389 ,
1824 4340 1928 4379 non

349 4424 405 4468 ut
446 4414 723 4481 fruantur,
753 4415 846 4470 sed
879 4419 937 4469 ut
983 4430 1087 4468 non
1136 4414 1405 4471 fruantur.
1441 4414 1593 4482 Quod
1622 4417 1665 4470 si
1707 4417 1807 4471 hoc
1838 4417 1929 4470 tibi

347 4505 571 4572 a'nigma
598 4519 719 4558 esse
740 4505 973 4570 videtur,
1001 4504 1142 4574 quod
1164 4504 1337 4559 adhuc
1360 4506 1512 4574 pejus
1539 4515 1593 4560 et
1618 4507 1787 4574 magis
1811 4522 1930 4574 per-

350 4597 563 4665 plexum
592 4595 820 4649 estaudi
850 4613 863 4647 :
898 4596 1042 4665 ipsos
1081 4612 1275 4666 nempe
1312 4613 1417 4652 non
1465 4598 1586 4652 ideo
1626 4599 1800 4652 solum
1833 4615 1930 4654 vo-

349 4689 549 4756 luptate
577 4685 796 4758 privari,
819 4687 960 4758 quod
988 4702 1094 4741 non
1115 4687 1347 4741 audeant
1367 4689 1520 4744 bonis
1544 4687 1645 4742 frui
1665 4699 1722 4743 ιιι
1743 4691 1928 4759 velint,

349 4780 443 4834 sed
470 4781 631 4835 etiam
663 4781 806 4851 quod
836 4794 1126 4850 numquam
1162 4779 1481 4846 impleantur
1500 4821 1515 4846 ,
1541 4797 1603 4836 ac
1639 4798 1850 4851 semper
1879 4784 1929 4837 in

351 4872 437 4925 siti
469 4882 752 4926 versentur
779 4890 794 4927 :
825 4889 930 4942 quo
954 4872 1082 4943 quid
1112 4871 1388 4928 molestius
1413 4882 1466 4929 et
1490 4875 1705 4944 gravius
1733 4874 1934 4930 fuerit?

353 4966 421 5018 At
443 4961 618 5030 justus
659 4978 763 5017 non
791 4972 874 5017 est
901 4965 1022 5017 talis
1047 5005 1060 5029 ,
1090 4963 1184 5019 sed
1215 4973 1445 5020 tremore
1465 5006 1481 5030 ,
1520 4965 1678 5030 odio,
1712 4977 1854 5022 metu
1879 4976 1934 5022 et

355 5053 456 5108 hac
486 5052 765 5106 incurabill
791 5055 877 5106 siti
906 5055 1040 5108 liber
1063 5066 1165 5109 est.
1196 5055 1273 5109 Ac
1302 5057 1750 5126 quemadmodum
1782 5058 1931 5114 illum

379 5204 404 5212 ⁵
457 5205 476 5207 μ
485 5203 524 5207 __,
537 5199 880 5206 mw—
887 5199 922 5204 -.-
930 5199 1020 5204 ...υ-

1025 5199 1402 5209 —.———._...___

351 5415 486 5468 CAP.
511 5411 566 5466 9.
596 5420 654 5464 v.
683 5408 775 5466 at.
807 5402 1028 5464 Nescitis
1057 5407 1192 5478 quod
1221 5389 1290 5474 ἐξ,
1321 5410 1408 5478 qui
1438 5409 1491 5465 in
1518 5410 1684 5487 studio
1704 5422 1936 5478 currunt,

429 5519 602 5557 omnes
625 5503 822 5572 quidem
849 5511 1089 5566 currunt,
1115 5505 1204 5558 sed
1233 5519 1364 5557 unus
1389 5505 1574 5575 accipit
1602 5505 1826 5560 orarium
1845 5505 1872 5558 2

434 5594 485 5648 Ι.
510 5593 640 5647 Cum
663 5595 1004 5660 ostendisset,
1027 5611 1139 5651 rem
1161 5610 1282 5650 esse
1301 5595 1590 5650 admodum
1614 5597 1798 5652 utilem
1821 5607 1943 5651 sese

366 5689 738 5755 attemperare,
757 5690 812 5740 ct
842 5687 982 5741 hanc
996 5700 1118 5741 esse
1135 5699 1405 5743 summam
1435 5687 1820 5756 perfectionem
1847 5704 1860 5742 :
1887 5696 1941 5742 et

1103 241 1161 299 S.
1198 236 1474 298 ιοΑΝΝιε
1507 233 1982 296 οηιιγεοετοιιι
2021 235 2334 297 ARCillEP.
2375 241 2904 300 CONSTANTINOP.

3540 245 3645 306 188

2063 374 2251 415 omnes
2275 370 2645 427 exsecrantur,
2675 361 2744 416 ita
2779 362 2899 416 huic
2929 375 3115 417 omnes
3145 358 3284 418 bene
3307 374 3597 434 precantur
3620 408 3640 434 ,

2061 466 2124 506 ac
2152 452 2286 507 sicut
2328 454 2415 508 ille
2444 454 2648 508 nullum
2690 453 2852 509 habet
2877 455 3105 509 amicum
3130 497 3146 521 ,
3191 455 3269 512 sic
3299 456 3400 512 iste
3440 457 3639 513 nullum

2061 543 2352 598 inimicum.
2381 544 2517 613 Quid
2549 547 2724 615 igitur,
2751 545 2866 602 hzec
2893 547 2943 600 in
2969 546 3219 602 eonfesso
3239 562 3361 602 cum
3388 548 3519 614 sint,
3551 559 3642 605 aut

2060 634 2292 706 nequitia
2325 637 2681 707 injucundius,
2713 648 2805 693 aut
2836 640 3029 694 virtute
3056 639 3272 694 suavius
3302 639 3505 695 fuerit?
3527 639 3641 694 lmo

2059 743 2190 784 vero
2231 731 2438 786 etiamsi
2492 732 2768 788 innumera
2816 731 3148 800 dixerimus,
3182 748 3339 788 nemo
3382 734 3470 788 vel
3521 735 3636 788 vitii

2057 837 2344 878 maerorem
2367 865 2382 890 ,
2421 824 2502 879 vel
2531 825 2742 879 virtutis
2773 825 3102 894 voluptatem
3130 826 3306 880 verbis
3335 826 3638 896 exprimere

2057 915 2256 982 possit,
2287 915 2459 971 donec
2487 915 2571 971 illa
2604 916 2864 972 fruamur.
2893 916 3044 973 Tunc
3067 918 3209 972 enim
3237 927 3292 972 et
3338 917 3462 972 felle
3487 932 3636 972 ama-

2054 1009 2166 1062 rius
2193 1007 2525 1064 inveniemus
2553 1010 2740 1065 vilium
2761 1053 2774 1074 ,
2805 1026 2923 1066 cum
2954 1012 3056 1066 mel
3085 1011 3297 1066 virtutis
3327 1009 3632 1080 degustabi-

2054 1116 2194 1156 mus.
2225 1100 2322 1156 Est
2349 1103 2491 1156 enim
2515 1102 2675 1158 etiam
2705 1119 2844 1158 nunc
2869 1103 3075 1168 vitium,
3106 1102 3474 1174 iniucundum,
3504 1116 3634 1157 one.

2053 1207 2237 1248 rosum
2263 1205 2317 1250 et
2341 1195 2624 1250 molestum
2651 1213 2664 1262 ;
2694 1196 2836 1267 quod
2865 1212 3036 1267 neque
3063 1195 3133 1252 illi
3163 1204 3378 1267 negant,
3409 1195 3500 1266 qui
3531 1195 3630 1265 ipsi

2053 1285 2377 1341 famulantur
2403 1304 2415 1340 :
2446 1303 2565 1342 cum
2609 1297 2787 1344 autem
2819 1289 2887 1342 ah
2915 1289 3002 1343 illo
3029 1289 3486 1351 abscesserimus,
3517 1295 3630 1340 tum

2054 1377 2196 1431 illius
2215 1376 2403 1432 acerba
2421 1375 2568 1447 jussa
2595 1380 2894 1435 accuratius
2919 1381 3230 1434 sentiemus.
3255 1378 3406 1446 Quod
3429 1377 3473 1431 si
3495 1375 3632 1430 mula

2055 1468 2090 1521 ti
2119 1467 2184 1521 ad
2217 1468 2342 1523 illud
2368 1481 2668 1537 accurraut,
2698 1471 2829 1526 nihil
2858 1472 3050 1526 mirum
3076 1486 3092 1536 ;
3118 1467 3544 1542 quandoquidem
3574 1473 3630 1520 et

2051 1559 2198 1627 pueri
2238 1573 2416 1630 saepe,
2449 1563 2624 1617 minus
2662 1562 2835 1618 dulcia
2883 1563 3177 1633 eligentes,
3210 1576 3271 1616 ea
3300 1575 3419 1630 qua:
3459 1559 3627 1628 magis

2047 1649 2315 1709 delectant
2353 1652 2654 1724 despiciunt
2681 1655 2988 1724 ,etazgroti
3036 1669 3135 1724 pro
3182 1651 3321 1707 fluxa
3373 1651 3627 1719 brevique

2046 1747 2214 1815 gratia
2260 1755 2572 1818 perpetuam
2629 1748 2982 1816 tutioremque
3026 1745 3266 1800 lmtitiam
3309 1744 3603 1798 amiserunt

2049 1838 2159 1895 Hoc
2183 1848 2358 1894 autem
2385 1855 2452 1895 ex
2472 1840 2762 1894 amantium
2788 1839 3148 1893 imbecillitate
3172 1845 3226 1893 et
3252 1835 3472 1891 stultitia
3497 1849 3620 1904 pro-

2048 1931 2213 1997 venit,
2246 1946 2350 1985 non
2379 1947 2445 1985 ex
2474 1931 2585 2002 ipsa
2626 1945 2804 1986 rerum
2835 1939 3044 1984 natura.
3077 1929 3176 1996 Qui
3206 1929 3351 1982 enim
3377 1940 3498 1980 cum
3525 1941 3623 1977 vo-

2047 2021 2246 2091 luptate
2276 2023 2439 2089 vivit,
2486 2023 2532 2076 is
2562 2030 2644 2077 est
2671 2023 2760 2092 qui
2790 2021 3039 2076 virtutem
3069 2029 3307 2075 seetatur
3330 2055 3346 2083 ,
3378 2017 3465 2088 qui
3496 2031 3623 2072 vere

2044 2111 2195 2166 dives
2219 2122 2271 2167 et
2301 2127 2426 2167 vere
2451 2112 2584 2168 liber
2605 2121 2705 2167 est.
2735 2111 2887 2178 Quod
2917 2113 2962 2165 si
2991 2111 3110 2181 quis
3135 2111 3236 2164 alia
3266 2108 3478 2180 quidem
3509 2108 3621 2160 vir-

2045 2205 2139 2259 tuti
2166 2205 2516 2270 concesserit,
2545 2204 2867 2265 libertatem.
2897 2204 3237 2259 securitatem
3259 2244 3274 2269 ,
3303 2216 3332 2254 a
3358 2199 3499 2254 curis
3523 2214 3620 2252 va-

2042 2311 2198 2350 cuum
2227 2311 2384 2362 esse,
2426 2297 2693 2350 neminem
2739 2296 2962 2359 timere,
3005 2295 3272 2350 neminem
3315 2301 3619 2362 suspectum

2044 2387 2278 2451 habere;
2331 2389 2661 2458 voluptatem
2696 2401 2824 2444 vero
2860 2388 2958 2458 ipsi
3000 2403 3105 2443 non
3134 2387 3502 2451 concesserit,
3533 2385 3619 2440 hic

2042 2478 2171 2532 mihi
2213 2479 2262 2532 in
2312 2489 2542 2535 mentem
2587 2479 2765 2534 veniet
2808 2478 3029 2549 profuse
3066 2478 3264 2533 ridere.
3295 2476 3431 2546 Quid
3474 2477 3617 2531 enim

2039 2570 2182 2625 aliud
2213 2581 2291 2626 est
2317 2573 2580 2642 voluptas,
2611 2589 2770 2641 quam
2804 2587 2833 2624 a
2863 2573 3006 2628 curis
3030 2571 3242 2627 liberari
3269 2613 3284 2635 ,
3325 2587 3355 2626 a
3387 2571 3575 2625 timore
3597 2611 3614 2634 ,

2039 2680 2068 2719 a
2099 2679 2354 2733 mmrore,
2403 2674 2458 2720 et
2494 2681 2524 2719 a
2563 2667 2706 2720 nulla
2746 2681 2805 2721 re
2836 2680 2992 2734 posse
3022 2666 3205 2720 vinciri
3231 2666 3256 2718 ἲ
3283 2664 3415 2721 Uter
3436 2666 3576 2720 enim
3599 2705 3614 2728 ,

2039 2774 2218 2828 quaeso
2238 2800 2252 2824 ,
2283 2757 2333 2813 in
2360 2758 2635 2827 voluptate
2663 2767 2743 2813 est
2769 2797 2786 2823 ,
2813 2759 2927 2813 isne
2955 2756 3044 2828 qui
3076 2757 3223 2822 furit,
3255 2757 3484 2827 agitatur
3505 2765 3558 2812 et
3584 2771 3614 2809 a

2039 2851 2222 2906 multis
2241 2850 2618 2920 cupiditatibus
2646 2850 2976 2915 confoditur,
3021 2865 3196 2920 neque
3220 2847 3358 2918 apud
3399 2864 3458 2902 se
3481 2863 3612 2901 con-

2037 2944 2210 3007 sistit;
2245 2957 2310 2996 an
2343 2944 2431 3012 qui
2466 2942 2535 2998 ab
2579 2942 2828 2997 omnibus
2872 2941 3020 2996 hisce
3058 2941 3309 2996 fluctibus
3339 2940 3475 2994 liber
3501 2980 3516 3002 ,
3562 2940 3614 2994 in

2037 3033 2371 3104 philosophia
2424 3049 2522 3089 ceu
2566 3033 2616 3087 in
2662 3041 2818 3103 portu
2866 3032 3062 3087 sedet?
3091 3047 3267 3086 annon
3316 3033 3488 3101 palam
3533 3040 3616 3085 est

2038 3126 2178 3180 hunc
2204 3126 2364 3179 esse?
2390 3124 2492 3180 Sed
2521 3124 2622 3179 hoc
2647 3125 2884 3180 cernitur
2902 3124 3082 3178 virtuti
3111 3124 3404 3194 proprium.
3433 3123 3613 3193 Itaque

2037 3217 2220 3270 vitium
2249 3214 2420 3270 solum
2451 3230 2648 3270 nomen
2673 3215 2832 3270 habet
2855 3215 3143 3285 voluptatis
3163 3257 3178 3281 ,
3209 3230 3268 3270 re
3294 3225 3472 3270 autem
3502 3215 3613 3284 ipsa

2037 3323 2258 3364 vacuum
2285 3318 2404 3365 est:
2437 3319 2491 3364 et
2517 3319 2803 3379 antequam
2848 3308 2937 3362 illa
2987 3308 3180 3362 fruaris
3201 3348 3215 3373 ,
3258 3308 3460 3362 insania
3493 3316 3572 3362 est
3595 3348 3609 3370 .

2036 3415 2143 3455 non
2173 3401 2452 3469 voluptas;
2484 3409 2763 3471 postquam
2791 3399 2878 3454 illa
2908 3399 3007 3453 frui
3033 3401 3333 3470 contigerit,
3365 3401 3473 3470 ipsa
3500 3410 3610 3454 sta-

2036 3493 2129 3546 tim
2161 3493 2531 3562 exstinguitur.
2562 3492 2617 3547 Si
2645 3506 2773 3563 ergo
2799 3507 2970 3562 neque
3009 3491 3161 3546 initio
3181 3532 3195 3554 ,
3225 3506 3398 3562 neque
3430 3501 3613 3561 postea

2036 3583 2160 3638 licet
2184 3583 2299 3652 ejus
2321 3583 2502 3637 videre
2531 3583 2877 3651 voluptatem.
2903 3582 2988 3636 ubi
3012 3591 3260 3637 ceructur
3283 3593 3334 3637 et
3357 3582 3567 3652 quando
3589 3582 3612 3636 ἲ

2037 3673 2104 3729 Ut
2133 3683 2310 3729 autem
2339 3674 2390 3728 id
2416 3673 2556 3743 quod
2585 3672 2707 3728 dico
2732 3673 2928 3727 clarius
2956 3672 3165 3728 ediscas
3185 3714 3198 3736 ,
3226 3674 3474 3742 exemplo
3499 3689 3611 3727 rem

2037 3777 2324 3821 tractemus
2348 3783 2361 3819 :
2387 3765 2602 3819 attende
2627 3773 2824 3818 autem.
2847 3763 3045 3834 Captus
3067 3773 3148 3819 est
3176 3765 3434 3834 quispiam
3458 3778 3611 3817 amo-

2035 3874 2094 3913 re
2122 3857 2360 3913 mulieris
2390 3857 2627 3928 pulchrae
2655 3866 2709 3913 et
2740 3855 2989 3912 formosa:
3014 3874 3028 3912 :
3061 3855 3148 3912 hic
3169 3857 3336 3912 donec
3358 3870 3613 3924 assequa-

2037 3961 2120 4005 tur
2148 3959 2418 4019 optatum,
2451 3947 2746 4002 furentibus
2771 3956 2825 4003 et
2869 3947 3071 4003 insanis
3096 3947 3281 4001 similis
3311 3955 3431 4010 est;
3467 3954 3613 4016 post—

2035 4057 2195 4113 quam
2242 4050 2421 4096 autem
2474 4047 2793 4110 assequutus
2834 4049 2954 4104 est,
2983 4039 3470 4108 concupiscentiam
3523 4054 3615 4092 ex-

2035 4138 2240 4192 stinxit.
2271 4136 2325 4190 Si
2356 4149 2484 4204 ergo
2513 4148 2684 4204 neque
2711 4132 2861 4187 initio
2880 4132 3206 4202 voluptatem
3235 4131 3437 4195 habet;
3468 4131 3617 4185 furor

2035 4230 2176 4284 enim
2201 4237 2326 4282 tunc
2353 4237 2472 4291 est;
2505 4241 2676 4295 neque
2697 4226 2747 4279 in
2776 4225 2909 4288 fine;
2936 4240 3057 4279 nam
3079 4225 3364 4280 concubitu
3391 4235 3612 4279 (nstrum

2035 4319 2290 4375 exstinxit
2314 4338 2328 4373 :
2359 4317 2569 4372 ubinam
2603 4318 2744 4371 illam
2779 4316 3155 4370 inveniemus?
3183 4315 3288 4371 Sed
3312 4333 3398 4371 res
3421 4329 3615 4370 nosme

2037 4427 2140 4466 non
2174 4412 2244 4464 ita
2279 4426 2337 4464 se
2372 4410 2590 4474 habent,
2637 4408 2731 4463 sed
2782 4408 2930 4462 initio
2983 4407 3382 4476 perturbatione
3434 4422 3617 4462 vacua:

2034 4511 2179 4567 sunt,
2208 4510 2257 4556 et
2291 4515 2455 4568 usque
2486 4500 2538 4553 in
2583 4501 2740 4554 finem
2771 4500 3013 4568 voluptas
3057 4501 3239 4568 vigens
3267 4509 3574 4568 perseverat
3600 4517 3614 4564 ;

2037 4595 2144 4650 imo
2177 4594 2353 4664 potius
2384 4607 2489 4647 non
2536 4592 2656 4645 ﬁnis
2699 4602 2780 4645 est
2808 4591 3090 4660 voluptatis
3119 4593 3170 4645 in
3220 4595 3376 4646 nobis
3399 4635 3414 4655 .
3446 4607 3620 4663 neque

2036 4687 2174 4742 bona
2204 4695 2388 4740 nostra
2428 4687 2717 4739 terminum
2763 4683 2996 4750 habent,
3028 4700 3202 4753 neque
3234 4683 3348 4738 lucc
3377 4685 3621 4753 voluptas

2037 4791 2286 4848 umquam
2307 4775 2636 4830 dissolvitur.
2656 4774 2782 4829 Hmc
2807 4776 2986 4843 itaque
3015 4774 3191 4827 omnia
3223 4775 3543 4844 cogitantes,
3572 4777 3617 4828 si

2038 4871 2363 4940 voluptatem
2385 4883 2647 4933 amamus,
2673 4867 2922 4920 virtutem
2941 4866 3314 4934 suscipiamus,
3340 4875 3396 4919 ut
3413 4875 3465 4920 et
3485 4880 3622 4935 prai-

2037 4964 2208 5020 scutia
2246 4973 2299 5018 et
2349 4961 2518 5016 futura
2562 4959 2697 5012 bona
2728 4969 3075 5027 assequamur
3108 4975 3122 5008 :
3153 4973 3272 5026 qua:
3302 4958 3502 5012 utinam
3529 4974 3624 5012 nos

2039 5073 2228 5114 omnes
2248 5054 2469 5124 adipisci
2494 5051 2787 5121 contingat,
2815 5049 2983 5119 gratia
3011 5057 3066 5103 et
3095 5049 3450 5119 benignitate,
3474 5058 3583 5104 etc.

1679 5262 2022 5333 HOMILIA
2063 5264 2302 5334 XXIII.

2039 5412 2181 5484 quod
2199 5413 2311 5480 ipse
2329 5407 2572 5479 (Paulus)
2584 5449 2597 5471 ,
2612 5421 2734 5463 cum
2750 5405 2871 5477 plus
2888 5419 3046 5477 quam
3067 5419 3254 5460 omnes
3267 5403 3332 5459 ad
3352 5400 3635 5473 perfectio-

2041 5515 2163 5558 nem
2213 5497 2579 5565 ascendisset,
2611 5498 2722 5551 imo
2748 5496 3168 5553 transcendisset
3193 5537 3208 5560 ,
3233 5509 3300 5549 eo
3329 5491 3473 5564 quod
3521 5491 3541 5561 (
3568 5487 3633 5545 ad

2045 5595 2243 5648 victum
2271 5588 2612 5660 necessaria)
2641 5603 2748 5644 non
2779 5589 3045 5660 acceperit
3064 5630 3079 5654 ,
3108 5589 3229 5656 plus
3264 5600 3421 5656 quam
3449 5595 3640 5638 omnes

2045 5694 2226 5754 postea
2251 5681 2610 5751 descenderit,
2641 5689 2699 5738 et
2727 5681 3004 5751 utriusque
3033 5678 3109 5735 rei
3141 5687 3380 5748 tempora
3411 5679 3535 5730 nota
3563 5678 3639 5726 Ιεδ
