4108 6218
368 280 473 342 187

366 398 462 454 καὶ
474 396 572 468 τὴν
591 393 994 467 μοιχευομένην
1030 393 1224 467 αὐτὴν,
1243 394 1338 449 καὶ
1360 396 1596 460 οἰκείους
1630 395 1726 449 καί⁹
1754 393 1941 463 φίλους

367 482 460 536 καὶ
492 481 796 549 συγγενεῖς,
817 479 912 533 καὶ
927 478 1142 550 τοίχους
1162 478 1255 533 καὶ
1273 479 1430 543 σκιὰς
1458 479 1555 533 καὶ
1582 478 1795 541 ἑαυτὸν,
1825 475 1942 541 καὶ,

358 567 424 618 16
446 563 667 618 πάντων
689 561 1094 634 χαλεπώτερον,
1125 561 1185 616 16
1219 561 1459 626 συνειδὸς
1481 562 1593 633 ἔχει
1636 559 1942 623 καταϐοῶν,

364 646 630 701 ὕλακτοῦν
685 644 809 698 καθ’
847 645 1085 717 ἐκάστην
1132 645 1366 716 ἡμέραν.
1402 647 1501 699 Ἂν
1529 645 1588 699 δὲ
1635 643 1818 699 καὶτὸ
1851 642 1944 696 τοῦ

348 728 504 783 ¹θεοῦ
532 722 879 800 δικαστήριον
927 729 1178 801 ἐννοήσῃ,
1220 728 1341 783 οὐδὲ
1398 729 1587 800 στῆναι
1634 728 1942 801 δυνήσεται.

368 812 480 866 Καὶ
511 813 545 883 ἡ
579 810 679 883 μὲν
703 811 867 883 ἡδονὴ
923 811 1173 882 βραχεῖα,
1198 813 1232 882 ἡ
1279 812 1337 866 δὲ
1386 812 1495 866 ἀπὸ
1527 810 1731 882 ταύτης
1784 809 1947 880 ὀδύνη

368 896 642 967 διηνεκὴς.
664 896 775 950 Καὶ
800 895 909 964 γάρ
934 896 1028 949 καὶ
1055 897 1113 948 ἐν
1141 893 1351 967 ἑσπέρᾳ
1369 896 1466 949 καὶ¹
1492 894 1549 948 ἐν
1572 893 1749 958 νυκτὶ,
1776 893 1870 949 καὶ
1889 893 1948 948 ἐν

369 964 687 1053 ἐρημίᾳ-καὶ
714 980 773 1033 ἐν
803 979 977 1046 πόλει,
1008 980 1104 1035 καλ⁸
1151 964 1425 1052 πανταχοῦ
1448 980 1642 1035 ἓπεται
1662 979 1691 1030 6
1718 980 1949 1051 κατήγοο

368 1080 487 1135 ρος,
502 1063 653 1132 ξίφος
686 1063 901 1127 δεικνὺς
920 1064 1277 1135 ἠκονημένον,
1296 1065 1392 1117 καὶ
1416 1062 1515 1127 τὰς
1540 1063 1848 1134 ἀφορήτους
1865 1079 1950 1116 κο-

366 1146 573 1209 λάσεις,
596 1147 690 1199 καὶ
731 1144 808 1216 τῷ
840 1145 991 1218 φόϐῳ
1017 1145 1431 1201 καταναλίσκων
1457 1145 1616 1200 αὐτὸν
1643 1146 1737 1201 καὶ
1773 1146 1949 1199 δαπα-

367 1229 496 1282 νῶν.
538 1228 597 1281 '0
624 1227 680 1281 δέ
720 1227 953 1300 σώφρων
990 1231 1198 1294 ἐκεῖνος
1216 1230 1430 1285 πάντων
1473 1228 1679 1283 τούτων
1701 1229 1946 1300 ἀπήλλα-

366 1328 519 1378 κται,
546 1311 639 1364 καὶ
668 1310 817 1365 ἐστιν
850 1313 910 1365 ἐν
966 1312 1272 1386 ἐλευθερίᾳ,
1307 1315 1401 1367 καὶ
1453 1313 1593 1383 μετά
1618 1311 1802 1377 ἀδείας
1846 1314 1947 1385 ὁρᾷ

365 1392 466 1465 τὴν
493 1396 723 1461 γυναῖκα
754 1393 854 1466 τὴν
885 1395 1102 1458 ἑαυτοῦ,
1137 1395 1205 1450 τὰ
1226 1396 1435 1462 παιδία,
1457 1396 1584 1458 τοὺς
1599 1394 1811 1465 φίλους,
1850 1396 1947 1450 καὶ

363 1474 677 1548 ἐλευθέροις
712 1477 919 1532 ἀπασιν
945 1479 1244 1550 ὀφθαλμοῖς
1273 1479 1488 1549 ἀπαντᾷ
1520 1487 1561 1534 ⁸.
1589 1479 1653 1532 El
1672 1478 1729 1531 δέ
1750 1480 1779 1532 6
1805 1478 1946 1551 ἐρῶν

364 1559 492 1628 μὲν,
540 1560 755 1629 κρατῶν
784 1561 862 1627 δὲ,
901 1562 1170 1633 τοσαύτης
1231 1562 1601 1618 ἀπολαύσεται
1644 1562 1859 1634 ἡδονῆς,
1917 1563 1948 1617 6

367 1641 509 1713 μηδέ
531 1642 693 1714 ἐρῶν,
721 1643 858 1698 ἀλλά
878 1645 1138 1718 καθαρῶς
1168 1645 1482 1718 σωφρονῶν,
1507 1646 1654 1710 τίνος
1704 1645 1942 1716 λιμένος,

364 1726 527 1789 ποίας
574 1728 818 1800 γαλήνης
851 1730 951 1801 οὐχ
1004 1731 1140 1801 ἡδίω
1170 1732 1264 1784 καὶ
1295 1732 1658 1804 ἡμερωτέραν
1684 1735 1945 1803 κτήσεται

362 1810 575 1880 ψυχὴνς
637 1812 735 1866 Διά
760 1830 841 1867 τοι
865 1813 1023 1867 τοῦτο
1052 1815 1177 1877 τοὺς
1203 1814 1556 1886 μοιχεύοντας
1588 1815 1688 1885 μὲν
1730 1815 1944 1882 ὀλίγους

365 1894 436 1944 ἂν
466 1892 615 1961 ἴδοις,
646 1894 1053 1966 σωφρονοῦντας
1080 1897 1135 1950 δὲ
1176 1897 1410 1963 πλείους.
1435 1899 1498 1952 Εἰ
1529 1898 1586 1953 δὲ
1608 1898 1942 1970 τοῦτοῆδιον,

363 1976 525 2030 τοῦτο
548 1977 615 2032 ἀν
647 1980 849 2035 εἴλοντο
877 1983 926 2035 οί
959 1981 1164 2036 πολλοί.
1190 1983 1300 2035 Καὶ
1335 1985 1407 2054 μή
1446 2001 1535 2053 μοι
1566 1983 1691 2052 λέγε
1713 1985 1804 2038 τὸν
1837 1985 1945 2040 ἀπὸ

362 2061 374 2129 Ι
396 2060 518 2133 199]
548 2062 654 2115 τῶν
669 2063 849 2133 νόμων
871 2063 1056 2133 φόϐον·
1080 2064 1200 2118 οὐδὲ
1224 2065 1332 2137 γὰρ
1349 2061 1505 2129 οὗτός
1530 2068 1677 2120 ἐστιν
1699 2068 1896 2132 αὐτοὺς
1916 2070 1946 2122 6

364 2146 632 2223 κατέχων,
648 2147 760 2200 ἀλλ’
789 2148 822 2218 ἡ
852 2148 954 2219 τῆς
982 2149 1208 2213 ἀτοπίας
1226 2148 1522 2221 ὑπερϐολὴ,
1537 2151 1630 2204 καὶ
1646 2152 1704 2205 τὸ
1726 2152 1944 2223 πλείονα

361 2222 506 2280 εἷναι
530 2229 599 2283 τά
632 2229 856 2301 λυπηρά
883 2232 992 2285 τῶν
1016 2231 1222 2303 ἡδέων,
1263 2233 1360 2287 καὶ
1405 2235 1440 2304 ἡ
1496 2232 1591 2287 τοῦ
1645 2236 1943 2303 συνειδότος

358 2312 566 2381 ψῆφος.
590 2314 700 2367 Καὶ
729 2316 757 2368 6
786 2315 884 2384 μὲν
916 2314 1104 2386 μοιχὸς
1133 2315 1393 2382 τοιοῦτος.
1451 2318 1515 2372 El
1563 2319 1620 2372 δὲ
1662 2319 1941 2391 βούλεσθε,

360 2396 462 2448 καὶ
477 2394 569 2448 τὸν
592 2397 918 2469 πλεονέκτην
935 2399 1014 2462 εἰς
1046 2398 1210 2471 μέσον
1225 2402 1542 2472 ἀγάγωμεν,
1561 2402 1650 2456 ἒτε
1659 2420 1748 2474 ρον
1765 2404 1943 2475 ἔρωτα

361 2475 530 2530 πάλιν
563 2480 876 2552 παράνομον
895 2482 1359 2553 ἀπογυμνοῦντες.
1387 2485 1498 2539 Καὶ
1517 2485 1626 2556 γὰρ
1643 2486 1737 2539 καὶ
1754 2486 1943 2541 τοῦτον

357 2560 610 2630 ὀψόμεθα
639 2563 707 2617 τά
733 2564 872 2618 αὐτὰ
894 2564 1189 2626 δεδοικότα.
1237 2567 1332 2620 καὶ
1362 2568 1421 2620 66
1442 2568 1740 2640 δυνάμενον
1769 2570 1942 2625 καθα-

361 2646 467 2712 ρᾶς
492 2646 787 2699 ἀπολαύειν
813 2648 1022 2720 ἡδονῆς.
1041 2650 1152 2704 Καὶ
1167 2650 1278 2721 γὰρ
1297 2650 1391 2705 καὶ
1415 2655 1538 2715 τοὺς
1558 2651 1943 2726 ἀδικουμένους

364 2727 585 2811 ἐννοῶν,
607 2729 701 2782 καὶ
720 2732 847 2795 τοὺς
869 2732 1269 2803 συναλγοῦντας
1285 2736 1487 2800 αὐτοῖς,
1528 2738 1623 2791 καὶ
1642 2738 1740 2807 τὴν
1758 2739 1941 2811 κοινὴν

361 2809 620 2864 ἁπάντων
647 2813 774 2882 περὶ
795 2814 956 2867 αὑτοῦ
985 2816 1185 2887 ψῆφον,
1230 2817 1398 2888 μυρία
1425 2818 1644 2890 κύματα
1666 2821 1799 2891 ἔχει.
1832 2809 1941 2876 καὶ

357 2894 423 2944 66
456 2892 615 2948 τοῦτο
645 2897 805 2977 μόνον
827 2896 944 2950 ἐστὶ
966 2898 1027 2952 τὸ
1055 2899 1310 2971 χαλεπὸν,
1334 2900 1449 2954 ἀλλ’
1476 2903 1596 2956 οὐδὲ
1622 2907 1721 2976 τῆς
1738 2906 1942 2977 ἑρωμέ·

361 2992 459 3045 νης
486 2976 795 3031 ἀπολαῦσαι
817 2979 1057 3035 δύναται.
1088 2981 1341 3046 Τοιοῦτος
1366 2984 1474 3056 γὰρ
1493 2985 1522 3038 6
1549 2985 1657 3039 τῶν
1687 2976 1943 3059 φιλαργύο

362 3060 709 3145 ρωνᾼτρόπος·
740 3063 836 3133 οὐχ
865 3064 950 3118 ἵνα
972 3064 1318 3120 ἀπολαύωσιν
1339 3067 1575 3137 ἔχουσιν,
1617 3069 1837 3126 ἀλλ’ἵνα
1865 3072 1941 3145 μὴ

356 3143 730 3199 ἀπολαύωσιν.
753 3146 817 3200 Εί
850 3147 906 3201 δὲ
938 3149 1164 3220 αἴνιγμά
1196 3168 1278 3203 σοι
1303 3152 1461 3205 τοῦτο
1488 3147 1628 3206 εἶναι
1655 3154 1820 3220 δοκεῖ,
1846 3143 1942 3210 καί

360 3228 424 3280 16
444 3226 528 3281 ἔτι
557 3229 749 3283 τούτου
794 3233 976 3303 χεῖρον
1030 3234 1124 3287 καὶ
1151 3234 1499 3307 ἀπορώτερον
1541 3236 1727 3291 ἀκουε-
1767 3239 1850 3293 ὅτι
1878 3241 1939 3294 66

359 3311 532 3397 ταύτῃ
567 3313 726 3384 μόνον
749 3315 1069 3386 ἐστέρηνται
1092 3317 1193 3387 τῆς
1221 3319 1329 3372 τῶν
1348 3319 1517 3373 ὄντων
1540 3319 1753 3392 ἡδονῆς,
1770 3324 1847 3395 τῷ
1866 3324 1940 3397 μὴ

359 3395 569 3467 τολμᾷν
613 3398 797 3460 αὐτοῖς
850 3400 1104 3470 χρῆσθαι,
1138 3401 1213 3465 ὡς
1249 3401 1548 3472 βούλονται,
1573 3405 1710 3458 ἀλλά
1737 3408 1831 3460 καὶ
1862 3395 1941 3478 τῷ

364 3478 637 3562 μηδέποτε
694 3480 893 3562 αύτῶνῌ
917 3483 1327 3555 ἐμπίπλασθαι,
1392 3486 1507 3539 ἀλλ’
1540 3490 1599 3542 ἐν
1656 3488 1736 3559 τῷ
1781 3489 1940 3562 διψῇν

360 3556 503 3616 εἶναι
528 3562 812 3633 διηνεκῶς·
836 3558 897 3619 οὗ
917 3564 972 3618 τί
992 3566 1186 3634 γένοιτ’
1209 3567 1276 3623 ἂν
1329 3556 1734 3642 χαλεπώτερονξ
1802 3556 1939 3627 ’.ὧν

362 3645 459 3715 οὐχ
483 3647 513 3699 6
535 3645 741 3710 δίκαιος
761 3647 1021 3712 τοιοῦτος·
1050 3649 1186 3703 άλλά
1235 3652 1327 3705 καὶ
1353 3654 1553 3726 τρόμου
1592 3657 1687 3709 καὶ
1726 3656 1937 3726 μίσους,

364 3730 460 3783 καὶ
486 3729 650 3796 φόϐου
679 3731 775 3784 καὶ
793 3730 886 3784 τοῦ
910 3732 1130 3786 ἀνιάτου
1151 3735 1339 3790 τούτου
1364 3736 1548 3807 δίψους
1573 3740 1935 3811 ἀπήλλακται·

363 3813 459 3864 καὶ
480 3811 669 3886 ῶσπερ
699 3814 894 3884 ἐκείνῳ
918 3816 1120 3881 πάντες
1152 3818 1489 3888 ἐπαρῶνται,
1547 3821 1691 3875 οὕτω
1738 3824 1939 3890 πάντες

361 3894 537 3965 τούτῳ
574 3895 942 3968 συνεύχονται·
972 3901 1066 3953 καὶ
1095 3899 1347 3974 καθάπερ
1372 3905 1579 3967 ἐκεῖνος
1616 3905 1808 3960 οὐδένα
1848 3908 1938 3961 κέ-

359 3993 560 4050 κτηται
598 3979 771 4046 φίλον,
799 3979 973 4045 οὕτως
1004 3976 1158 4047 οὗτος
1192 3985 1382 4039 οὐδένα
1409 3986 1622 4058 ἐχθρόν.
1650 3988 1715 4040 Τί
1737 3989 1936 4056 τοίνυν,

355 4060 571 4113 τούτων
593 4061 763 4125 οὕτως
796 4061 1255 4137 ὡμολογημένων,
1287 4067 1319 4139 ἡ
1355 4068 1555 4133 κακίας
1587 4070 1932 4142 ἀηδέστερον,

356 4143 393 4212 ἡ
435 4143 646 4214 ἀρετῆς
689 4143 833 4214 ῆδιον
862 4147 1060 4214 γένοιτ’
1089 4147 1191 4215 ἀν;
1240 4150 1441 4218 μᾶλλον
1475 4150 1554 4216 δὲ,
1621 4151 1723 4205 κᾶν
1766 4153 1934 4225 μυρία

362 4232 632 4297 εἴπωμεν,
663 4228 832 4294 οὐδεὶς
850 4229 974 4285 οὔτε
998 4231 1211 4304 ἐκείνης
1231 4234 1331 4305 τὴν
1362 4235 1564 4307 λύπην,
1589 4234 1713 4289 οὔτε
1735 4236 1936 4309 ταύτης

421 4444 439 4465 ⁸
464 4441 727 4506 tegebant
753 4447 955 4498 ἅπαντα.

1371 280 1438 338 ΙΝ
1478 279 1699 339 ΕΡιετ.
1739 280 1761 335 Ι
1815 279 1906 333 AD
1934 277 2093 336 CUR.
2139 280 2375 339 HOMIL.
2410 283 2602 343 XXIII.

3522 291 3618 347 {83

2042 394 2143 466 τὴν
2173 395 2379 469 ἡδονὴν,
2398 398 2745 470 παραστῆσαι
2770 399 3058 469 δυνήσεται
3089 398 3261 470 λόγῳ,
3289 401 3393 466 ἓως
3439 404 3504 457 ἀν
3533 408 3626 462 a6-

2036 477 2143 547 1'71;
2170 479 2591 553 ἀπολαύσωμεν.
2645 482 2778 535 Τότε
2817 481 2927 554 γάρ
2964 485 3060 537 καὶ
3106 482 3432 555 πικρότερον
3463 486 3626 560 χολῆς

2042 560 2350 633 εὑρήσομεν
2377 563 2476 633 τὴν
2510 565 2731 629 κακίαν,
2760 565 2889 618 ὅταν
2915 566 3008 619 τοῦ
3040 566 3137 637 τῆς
3168 565 3374 638 ἀρετῆς
3386 567 3625 638 ἀπογευ.

2045 643 2269 714 σὼμεθα
2301 644 2535 716 μέλιτος.
2570 648 2727 701 Ἐστι
2758 646 2858 717 μὲν
2908 646 3017 719 γὰρ
3050 650 3146 703 καὶ
3188 649 3285 703 νῦν
3315 650 3485 722 ἀηδὴς
3537 654 3628 707 καὶ

2045 728 2279 798 φορτικὴ
2311 731 2405 784 καὶ
2437 730 2707 802 ἐπαχθὴς,
2753 733 2849 786 καὶ
2874 732 3013 804 1:96;
3039 731 3201 786 τοῦτο
3246 733 3368 787 οὐδὲ
3395 736 3550 790 αὐτοὶ
3577 738 3644 789 οἱ·

2045 807 2440 882 θεραπεύοντες
2471 813 2643 884 αὐτὴν
2693 813 3034 885 ἀντεροῦσιν·
3062 816 3191 869 ὅταν
3216 815 3272 869 δὲ
3297 816 3467 889 αὐτῆς
3495 820 3641 873 ἀπο-

2048 891 2282 964 στῶμεν,
2306 894 2430 948 τότε
2463 895 2635 966 αὐτῆς
2667 895 3060 968 ἀκριϐέστερον
3113 897 3484 970 αίσθανόμεθα
3519 900 3645 955 τῶνε

2046 975 2261 1047 πικρῶν
2286 977 2700 1051 ἐπιταγμάτων.
2729 980 2793 1033 El
2820 979 2879 1033 δὲ
2937 981 2988 1034 οἱ
3022 979 3209 1035 πολλοὶ
3265 981 3402 1053 1:96;
3456 982 3646 1054 αὐτὴψ

2047 1057 2323 1129 τρέχουσι,
2344 1059 2659 1132 θαυμαστὸν
2687 1062 2861 1117 οὐδέν·
2895 1063 3017 1117 ἐπεὶ
3047 1063 3142 1117 καὶ
3164 1066 3350 1129 παῖδες
3366 1065 3637 1130 πολλάκις.

2045 1142 2114 1196 τὰ
2143 1138 2305 1215 ἦττον
2339 1144 2469 1217 ἡδέα
2509 1145 2776 1217 ἑλόμενοι,
2808 1147 2918 1202 τῶν
2953 1146 3212 1218 μειζόνως
3231 1147 3636 1219 εὐφραινόντων

2046 1227 2469 1298 καταφρονοῦσι·
2502 1231 2596 1283 καὶ
2614 1230 2666 1282 οί
2694 1229 2978 1294 νοσοῦντες
3004 1230 3146 1303 ὑπὲρ
3177 1232 3516 1302 προσκαίρου
3533 1234 3627 1302 χά-

2050 1326 2194 1381 ριτος
2211 1311 2310 1382 τὴν
2332 1311 2559 1384 διηνεκῆ
2577 1314 2672 1367 καὶ
2689 1314 3107 1387 ἀσφαλεστέραν
3131 1314 3472 1387 εὐφροσύνην
3529 1318 3628 1370 ἀπ-

2046 1393 2460 1450 ώλεσαν.Τοῦτο
2489 1396 2545 1451 δὲ
2573 1398 2670 1469 τῆς
2697 1398 2808 1451 τῶν
2839 1396 3092 1470 ἐρώντων
3120 1398 3403 1463 ἀσθενείας
3433 1417 3493 1452 τε
3534 1402 3630 1454 καὶ

2045 1477 2229 1542 ἀνοίας
2258 1480 2424 1542 ἐστὶν,
2446 1481 2507 1533 66
2539 1482 2639 1552 τῆς
2663 1482 2772 1536 τῶν
2796 1482 3137 1553 πραγμάτων
3168 1481 3401 1553 φύσεως.
3448 1483 3506 1536 Ὀ
3520 1482 3630 1555 γὰρ

2051 1561 2169 1632 μεθ’
2191 1562 2386 1634 ἡδονῆς
2425 1564 2554 1630 ζῶν,
2573 1567 2601 1618 6
2626 1565 2879 1636 ἐνάρετός
2906 1567 3076 1629 ἐστιν,
3134 1567 3163 1619 6
3191 1565 3436 1620 πλουτῶν
3460 1566 3630 1632 ὅντως

2051 1647 2148 1700 καὶ
2172 1646 2342 1712 ὅντως
2368 1647 2653 1722 ἐλεύθερος
2686 1650 2781 1705 ῶν.
2816 1652 2881 1704 Εἰ
2908 1650 2966 1704 δέ
2989 1667 3071 1714 τις
3097 1648 3169 1704 τὰ
3191 1650 3292 1721 μὲν
3334 1650 3468 1705 ἀλλα
3494 1666 3629 1719 συγ-

2051 1729 2254 1800 χωροίη
2284 1733 2351 1802 τῇ
2378 1732 2569 1805 ἀρετῇ,
2606 1733 2943 1805 ἐλευθερίαν,
2978 1733 3185 1796 ἄδειαν,
3219 1733 3280 1787 16
3333 1733 3630 1805 φροντίδων

2050 1811 2418 1883 ἀπηλλάχθαι,
2454 1814 2517 1868 16
2550 1816 2754 1887 μηδένα
2787 1815 3105 1883 δεδοικέναι,
3166 1815 3230 1869 16
3274 1816 3481 1888 μηδένα
3523 1817 3629 1869 ὐπ-

2049 1893 2320 1960 οπτεύειν,
2349 1896 2448 1967 τὴν
2471 1897 2529 1950 δὲ
2559 1898 2751 1969 ἡδονὴν
2780 1898 2856 1969 μὴ
2885 1898 3218 1970 συγχωροίη,
3268 1901 3364 1952 καὶ
3400 1897 3630 1967 γελάσαι

2053 1994 2144 2047 μοι
2169 1977 2355 2032 λοιπὸν
2367 1979 2586 2050 δαψιλὲς
2612 1980 2847 2035 ἐνταῦθα
2875 1981 3189 2053 ἐπέρχεται.
3222 1980 3288 2033 Τί
3313 1980 3422 2051 γὰρ
3443 1981 3630 2050 ἕτερόν

2050 2062 2198 2113 ἐστιν
2225 2062 2408 2134 ἡδονὴ,
2452 2064 2486 2135 ἡ
2518 2063 2579 2117 16
2617 2064 2897 2136 φροντίδος
2949 2064 3294 2135 ἀπηλλάχθαι
3316 2064 3412 2116 καὶ
3462 2062 3628 2132 φόϐου

2050 2144 2145 2197 καὶ
2171 2143 2431 2214 ἀθυμίας,
2460 2148 2554 2199 καὶ
2588 2149 2756 2201 πᾶσιν
2781 2147 3078 2218 ἀχείρωτον
3100 2143 3273 2213 εἶναις
3311 2145 3408 2208 Τίς
3434 2144 3542 2215 γὰρ
3571 2147 3630 2197 ἐν

2047 2226 2230 2297 ἡδονῇ,
2259 2227 2380 2280 εἰπέ
2410 2245 2521 2299 μοι,
2549 2230 2578 2282 6
2602 2230 2925 2300 μαινόμενος
2953 2229 3050 2283 καὶ
3075 2223 3361 2299 σφαδάζων
3385 2228 3479 2280 καὶ
3510 2244 3630 2280 κεν·
3671 2232 3701 2248 ’ί

2047 2309 2308 2380 τούμενος
2336 2312 2441 2366 ὑπὸ
2464 2313 2769 2383 ἐπιθυμιῶν
2799 2312 3031 2378 πολλῶν,
3062 2313 3158 2367 καὶ
3185 2311 3307 2365 οὐδὲ
3341 2313 3399 2365 ἐν
3448 2311 3630 2380 ἑαυτῷ

2047 2392 2146 2458 ὢν,
2174 2395 2206 2466 ἡ
2233 2397 2262 2449 6
2284 2395 2489 2449 τούτων
2513 2396 2731 2450 πάντων
2752 2395 3176 2467 ἀπηλλαγμένος
3204 2395 3315 2449 τῶν
3344 2395 3627 2466 κυμάτων,

2049 2477 2145 2529 καὶ
2170 2476 2359 2548 ῶσπερ
2392 2480 2450 2530 ὲν
2490 2477 2671 2549 λιμένι
2701 2481 2766 2551 τῇ
2798 2479 3089 2550 φιλοσοφίᾳ
3128 2478 3470 2551 καθήμενος;
3528 2478 3629 2532 οὐκ

2047 2558 2268 2631 εὔδηλον
2298 2561 2379 2614 ὅτι
2411 2555 2594 2627 6616;;
2634 2560 2796 2615 Ἀλλά
2826 2562 2927 2632 τῆς
2949 2560 3150 2635 ἀρετῆς
3170 2562 3298 2615 ἴδιον
3326 2561 3484 2615 τοῦτο
3506 2562 3629 2615 ἀνε·

2047 2644 2212 2714 φάνη.
2245 2644 2405 2698 Ὥστε
2433 2646 2467 2716 ἡ
2492 2643 2659 2699 κακία
2707 2645 2884 2715 ὄνομα
2928 2644 3089 2716 μόνον
3118 2645 3311 2716 ἡδονῆς
3355 2644 3492 2716 ἔχει,
3531 2644 3628 2698 τοῦ

2046 2726 2104 2779 δὲ
2137 2727 2457 2799 πράγματός
2489 2730 2634 2782 ἐστιν
2665 2728 2889 2799 ἔρημος·
2940 2728 3036 2782 καὶ
3072 2728 3179 2800 πρὸ
3214 2729 3314 2800 μὲν
3343 2728 3441 2799 τῆς
3495 2729 3629 2781 ἀπο-

2048 2808 2290 2875 λαύσεως
2323 2809 2473 2882 [ΞΟΟ]
2531 2811 2698 2881 μανία
2727 2812 2897 2875 ἐστὶν,
2928 2812 3026 2881 οὐχ
3054 2811 3237 2882 ἡδονὴ,
3285 2811 3425 2882 μετά
3459 2810 3629 2881 δὲτὴν

2048 2893 2348 2947 ἀπόλαυσιν
2371 2893 2573 2957 εὐθέως
2597 2894 2691 2947 καὶ
2713 2893 2849 2964 αὐτὴ
2871 2893 3179 2948 σϐέννυται.
3211 2895 3273 2947 Εἰ
3299 2894 3479 2948 τοίνυν
3502 2895 3628 2947 οὔτε

2046 2978 2105 3029 ἐν
2127 2977 2267 3048 ἀρχῇ
2300 2974 2423 3029 οὔτε
2456 2976 2593 3047 μετὰ
2626 2975 2800 3031 ταῦτα
2837 2977 2986 3033 ἔστιν
3038 2979 3166 3032 ίδεῖν
3191 2978 3363 3050 αὐτῆς
3393 2978 3491 3049 τὴν
3510 2979 3628 3050 ἡδο-

2046 3058 2165 3129 νῆν,
2193 3059 2297 3112 ποῦ
2337 3062 2585 3129 φανεῖται
2609 3059 2705 3112 καὶ
2732 3060 2863 3113 πότε
2886 3078 2902 3127 ;
2932 3060 3051 3114 Ἵνα
3076 3061 3134 3115 δὲ
3180 3060 3513 3132 σαφέστερον
3534 3101 3548 3125 ,
3598 3060 3629 3114 6

2046 3143 2209 3213 λέγω,
2241 3142 2440 3215 μάθῃς,
2469 3144 2564 3196 ἐπὶ
2600 3143 2997 3215 ὑποδείγματος
3028 3144 3120 3198 τὸν
3147 3144 3305 3213 λόγον
3329 3146 3625 3215 γυμνάσω-

2047 3242 2172 3296 μεν·
2207 3226 2401 3279 σκόπει
2431 3225 2508 3278 δέ·
2551 3225 2767 3295 ἡράσθη
2797 3243 2880 3289 τις
2907 3227 3163 3295 γυναικὸς
3193 3226 3401 3298 ὡραίας
3422 3228 3515 3281 καὶ
3535 3227 3627 3279 εύ-

2049 3310 2276 3382 μόρφου·
2304 3303 2457 3373 οὗτος
2486 3308 2592 3373 ἓως
2637 3308 2737 3380 μὲν
2759 3307 2827 3363 ἂν
2857 3309 2933 3380 μὴ
2981 3308 3216 3376 ἐπιτύχῃ
3253 3309 3349 3363 τοῦ
3398 3309 3624 3380 ἔρωτος,

2044 3395 2156 3457 τοῖς
2181 3391 2530 3463 ἐξεστηκόσιν
2568 3391 2712 3446 ἐοικε
2742 3392 2836 3445 καὶ
2864 3392 3294 3463 παραπαίουσιν·
3321 3391 3542 3445 ἐπειδάν
3567 3391 3626 3444 δὲ

2046 3475 2300 3547 ἐπιτύχῃ,
2329 3474 2520 3528 ἔσϐεσε
2544 3473 2645 3545 τὴν
2663 3475 2986 3545 ἐπιθυμίαν.
3036 3476 3101 3529 El
3148 3474 3327 3528 τοίνυν
3379 3476 3516 3547 μήτε
3567 3478 3627 3526 ἐν

2045 3560 2188 3632 ἀρχῇ
2232 3560 2442 3631 ἡδεται·
2477 3558 2643 3629 μανία
2673 3558 2781 3630 γὰρ
2810 3559 2872 3612 16
2931 3559 3164 3631 πρᾶγμά
3209 3561 3345 3613 ἐστι’
3381 3561 3517 3631 μήτε
3568 3560 3626 3612 ἐν

2044 3642 2124 3713 τῷ
2155 3640 2321 3695 τέλει·
2374 3640 2630 3696 καταλύει
2680 3639 2790 3712 γὰρ
2827 3644 2894 3712 τῇ
2937 3642 3081 3713 μίξει
3116 3642 3208 3695 τὸν
3244 3635 3476 3714 οἶστρον·
3519 3640 3624 3694 ποῦ

2044 3725 2233 3781 λοιπὸν
2263 3725 2432 3797 αὐτὴν
2454 3726 2791 3797 εύρὴσομεν;
2834 3725 2974 3781 Ἀλλ’
3007 3726 3068 3779 66
3099 3725 3429 3797 τὰὴμέτερα
3448 3724 3624 3779 τοιαῦ-

2043 3826 2132 3871 τα,
2159 3808 2296 3862 ἀλλά
2325 3809 2418 3861 καὶ
2470 3811 2527 3862 ἐν
2557 3809 2698 3880 ἀρχῇ
2736 3810 2981 3880 ταραχῆς
3027 3810 3372 3883 ἀπήλλακται
3420 3808 3621 3879 πάσης,

2044 3892 2139 3946 καὶ
2183 3892 2346 3962 μέχρι
2388 3890 2574 3953 τέλους
2594 3891 2925 3960 ἀκμάζουσα
2966 3892 3116 3961 μένει
3146 3894 3179 3963 ἡ
3209 3892 3391 3964 ἡδονή·
3423 3892 3625 3963 μᾶλλον

2043 3975 2101 4029 δὲ
2128 3973 2251 4027 οὐδέ
2281 3976 2396 4027 ἐστι
2425 3972 2579 4035 τέλος
2608 3974 2741 4045 παρ’
2766 3974 2898 4045 ἡμῖν
2914 3974 3131 4045 ἡδονῆς,
3163 3974 3284 4028 οὐδὲ
3311 3974 3424 4045 ἔχει
3450 3975 3622 4044 πέρας

2042 4055 2199 4127 ἡμῶν
2229 4056 2298 4110 τὰ
2322 4054 2522 4125 ἀγαθὰ,
2551 4056 2673 4110 οὐδέ
2708 4054 3035 4111 καταλύεταί
3069 4073 3199 4110 ποτε
3217 4056 3355 4127 αὓτη
3380 4057 3415 4126 ἡ
3435 4056 3619 4127 ἡδονή.

2045 4138 2210 4193 Ταῦτ’
2255 4133 2350 4191 οῦν
2381 4137 2599 4192 ἅπαντα
2630 4139 3006 4210 ἐννοήσαντες,
3054 4138 3108 4193 εἴ
3134 4156 3200 4208 γε
3238 4138 3437 4209 ἡδονῆς
3484 4138 3623 4209 ἐρῶ-

2049 4238 2167 4294 μεν,
2207 4220 2595 4291 ἐπιλαϐώμεθα
2641 4223 2865 4295 ἀρετῆς,
2933 4222 3021 4276 ἵνα
3057 4222 3289 4276 καὶτῶν
3338 4220 3621 4294 παρόντων

2042 4302 2268 4359 καὶτῶν
2303 4304 2607 4375 μελλόντων
2640 4303 2988 4376 ἐπιτύχωμεν
3012 4304 3257 4375 ἀγαθῶν·
3292 4296 3366 4357 ὧν
3410 4303 3621 4372 γένοιτο

2043 4389 2251 4451 πάντας
2288 4388 2434 4458 ἡμᾶς
2479 4389 2778 4460 ἐπιτυχεῖν,
2825 4387 3010 4460 χάριτι
3077 4386 3171 4442 καὶ
3214 4385 3616 4460 φιλανθρωπίᾳ,

2048 4472 2145 4525 καὶ
2168 4472 2237 4525 τὰ
2267 4471 2412 4543 ἑξῆς.

365 4792 3589 4833 Ἦ,

1767 5062 2009 5118 ΟΜΙΛῙᾹ
2045 5063 2175 5119 ΚΡ.

355 5240 479 5293 οὐκ
493 5241 693 5318 οἴδατε
709 5242 798 5297 ὅτι
817 5247 870 5299 οἱ
892 5244 962 5318 ξεν
984 5247 1562 5318 ᾳταόἱῳίτρέχοντες,
1581 5246 1803 5318 πάντες
1812 5244 1929 5318 μὲν

479 5311 821 5380 τρέχουσιν,
862 5309 951 5382 εἷς
973 5313 1043 5369 δὲ
1068 5309 1366 5384 λαμϐάνέί
1395 5315 1461 5369 τὸ
1489 5309 1811 5383 βραϐεῖονς

420 5408 493 5462 α’.
510 5408 703 5474 Δείξας
724 5411 807 5465 ὅτι
830 5410 963 5467 πολὺ
984 5414 1254 5484 χρήσιμον
1267 5412 1327 5465 τὸ
1346 5411 1819 5481 συγκαταϐαίνειν,
1839 5414 1933 5468 καὶ

353 5488 427 5554 ὥς
458 5492 621 5546 τοῦτο
668 5495 703 5564 ἡ
749 5494 893 5565 ἄκρα
921 5495 1218 5566 τελειότης,
1259 5497 1355 5550 καὶ
1399 5495 1481 5549 ὅτι
1521 5497 1681 5563 αὐτὸς
1715 5498 1932 5552 πάντων

353 5573 513 5628 πλέον
550 5576 688 5645 πρὸς
717 5576 781 5631 16
808 5577 1021 5651 τθςειον⁹
1045 5577 1273 5643 ἀναϐἀς,
1301 5577 1502 5648 μᾶλλον
1526 5578 1584 5633 δὲ
1617 5579 1712 5635 καὶ
1748 5580 1930 5652 ὑπερ-

353 5653 451 5717 ϐἀς
484 5658 621 5711 αὐτὸ
662 5658 742 5727 τῷ
792 5660 867 5729 μή
915 5660 1236 5730 λαμϐάνειν,
1276 5660 1494 5715 πάντων
1532 5660 1691 5715 πλέον
1723 5664 1926 5736 κατέϐη

356 5739 539 5799 πάλιν.
567 5742 662 5795 καὶ
690 5743 966 5812 ἑκατέρων
991 5742 1194 5797 τούτων
1217 5745 1342 5807 τοὺς
1374 5746 1596 5817 καιροὺς
1622 5734 1930 5817 γνωρίμους

2031 5250 2262 5320 ποιήσας
2303 5251 2434 5320 ἡμῖν
2466 5249 2562 5305 καὶ
2588 5248 2690 5321 τῆς
2718 5250 3058 5316 τελειότητος
3085 5251 3179 5305 καὶ
3206 5251 3309 5320 τῆς
3336 5269 3612 5318 συγκατα-

2030 5329 2263 5393 ϐἀσεως,
2306 5331 2751 5402 πληκτικιὲηερον
2798 5333 2979 5387 αὐτῶν
3025 5332 3364 5386 καθικνεῖται
3402 5334 3609 5401 λοιπὸν,

2032 5414 2405 5486 αἰνιττόμενος
2432 5416 2516 5469 ὅτι
2547 5414 2708 5469 τοῦτο
2747 5414 2807 5468 16
2849 5414 2980 5485 παρ’
3001 5413 3181 5468 αὐτῶν
3204 5414 3486 5483 γινόμενον
3517 5419 3611 5470 καὶ

2033 5493 2224 5550 δοκοῦν
2254 5493 2396 5552 εἶναι
2424 5496 2781 5565 τελειότητος,
2833 5495 3196 5568 ματαιοπονία
3226 5495 3308 5561 τίς
3345 5497 3463 5550 ἐστι
3508 5515 3611 5553 πε-

2037 5580 2214 5651 ριττή.
2234 5579 2343 5634 Καὶ
2365 5580 2428 5634 o6
2451 5579 2602 5648 λέγει
2621 5577 2721 5651 μὲν
2737 5577 2868 5632 αὐτὸ
2894 5577 3037 5633 οὕτω
3060 5577 3266 5647 σαφῶς,
3287 5580 3375 5635 ἵνα
3407 5580 3483 5651 μὴ
3511 5582 3610 5636 ἀπ-

2036 5663 2521 5733 αναισχυντήσωσι·
2546 5661 2612 5715 δι’
2634 5655 2709 5716 ὧν
2726 5660 2783 5715 δέ
2810 5657 3228 5725 κατασκευάζει,
3247 5661 3401 5719 τοῦτο
3421 5662 3572 5735 δηλοῖ
3591 5679 3603 5692 ·

2039 5747 2130 5801 καὶ
2156 5747 2325 5804 εἰπὼν
2351 5749 2431 5802 ὅτι
2458 5748 2536 5812 εἰς
2562 5746 2652 5803 τὸν
2685 5744 2920 5817 Χριστὸν
2943 5745 3338 5813 ἁμαρτάνουσι,
3369 5749 3461 5803 καὶ
3485 5748 3607 5810 τοὺς
