4108 6218
422 294 525 351 189

420 411 582 464 cisset
621 403 799 471 nobis,
829 401 1172 476 perfectionis
1204 413 1397 470 nempe
1424 409 1480 454 et
1502 397 1996 470 attemperstionis;

415 499 523 570 iam
556 497 678 552 illos
705 496 885 551 acrius
917 495 1258 565 perstringit,
1287 491 1628 547 subindicans
1651 489 1754 544 hoc
1776 489 1844 544 ab
1873 488 2002 558 ipsis

418 586 781 656 factum,quod
801 585 1142 655 perfectionis
1161 598 1282 639 esse
1295 583 1724 647 videtur,vanum
1743 591 1796 636 et
1816 585 2004 650 super-

417 681 582 735 ﬁuum
615 693 735 733 esse
778 676 1041 732 laborem.
1072 670 1257 746 Neque
1299 691 1412 731 rem
1459 675 1529 728 ita
1567 673 1712 729 clare
1740 673 1902 738 dicit,
1936 685 2002 725 ne

415 773 781 844 impudentius
816 776 1070 842 agerent:
1094 784 1191 840 per
1216 769 1302 824 illa
1325 777 1499 823 autem
1522 782 1641 836 qua:
1667 755 1876 836 probat,
1903 763 2004 816 hoc

415 866 672 920 ostendit.
701 865 769 920 Et
796 880 916 919 cum
945 859 1179 918 dixisset
1215 861 1335 916 illos
1360 862 1411 914 in
1441 855 1708 914 Christum
1744 869 1965 927 peccare
1984 894 2000 920 ,

417 970 471 1013 et
493 953 691 1012 fratres
719 955 979 1026 perdere,
1004 952 1245 1023 nihilque
1274 952 1396 1006 illos
1423 949 1668 1004 utilitatis
1703 946 1946 1014 accipere
1973 957 2003 996 a

418 1047 656 1117 perfecta
687 1047 911 1102 scientia
932 1086 949 1111 ,
983 1043 1082 1098 nisi
1113 1042 1256 1096 adsit
1285 1041 1482 1096 caritas
1506 1057 1520 1104 ;
1554 1051 1741 1093 rursus
1764 1026 1832 1090 ad
1853 1049 2003 1089 com-

415 1155 579 1196 mune
605 1139 908 1208 exemplum
935 1136 1083 1191 venit
1111 1143 1163 1189 et
1190 1135 1265 1188 ait
1290 1151 1303 1185 :
1335 1131 1556 1186 Nescitis
1581 1125 1715 1199 quod
1738 1129 1777 1180 ii
1798 1169 1812 1192 ,
1844 1117 1930 1197 qui
1951 1125 2003 1178 in

412 1233 585 1288 stadio
611 1240 852 1295 currunt,
885 1245 1057 1284 omnes
1082 1228 1286 1298 quidem
1317 1234 1560 1289 currunt,
1589 1218 1677 1277 sed
1704 1237 1832 1275 unus
1865 1220 2002 1273 acci-

419 1327 495 1396 pit
531 1323 801 1378 brevium?
831 1322 941 1376 lioc
970 1331 1149 1376 autem
1178 1317 1328 1383 dicit,
1354 1333 1457 1372 non
1484 1316 1633 1386 quasi
1660 1314 1744 1371 hic
1771 1325 1910 1367 unus
1939 1326 2005 1365 ex

416 1417 602 1470 multis
631 1415 856 1470 salutem
900 1414 970 1467 sit
1015 1419 1482 1481 consequuturus,
1515 1407 1686 1472 absit;
1733 1403 1828 1459 sed
1864 1402 2004 1473 quod

420 1523 522 1560 nos
547 1505 836 1560 debeamus
865 1502 1099 1556 studium
1126 1499 1383 1554 adhibere
1408 1497 1652 1552 multum.
1686 1494 1835 1550 Sicut
1861 1493 2005 1547 enim

416 1596 494 1651 ibi
526 1597 709 1651 multis
736 1595 789 1649 in
817 1593 1048 1648 stadium
1077 1589 1558 1654 descendentibus,
1592 1601 1698 1641 non
1738 1598 2006 1640 coronan-

415 1698 507 1741 tur
530 1687 702 1750 multi,
727 1685 820 1740 sed
852 1700 989 1739 unus
1017 1683 1068 1738 id
1097 1682 1431 1752 assequitur;
1473 1694 1572 1734 nec
1591 1676 1788 1732 sufﬁcit
1812 1675 1866 1730 in
1891 1689 2008 1730 cer-

415 1787 597 1832 tamen
625 1775 988 1840 descendere,
1021 1790 1196 1844 neque
1225 1772 1408 1843 inungi
1435 1780 1490 1826 et
1527 1779 1879 1826 concertare:
1933 1767 2006 1821 ita

419 1881 482 1926 et
517 1870 608 1925 hic
633 1885 845 1938 quoque
880 1883 986 1922 non
1020 1866 1152 1922 satis
1181 1875 1262 1920 est
1291 1863 1606 1927 credidisse,
1637 1871 1692 1917 et
1721 1870 2008 1928 utcumque

417 1964 774 2025 de‘certasse;
815 1958 908 2014 sed
940 1958 1041 2012 nisi
1073 1957 1145 2011 ita
1170 1970 1451 2010 curramus
1480 1962 1536 2008 ut
1567 1969 1733 2022 usque
1758 1951 1812 2005 in
1846 1952 2004 2005 ﬁnem

417 2054 721 2122 incnlpatos
752 2066 851 2104 nos
881 2048 1250 2119 praebeamus,
1283 2055 1337 2100 et
1377 2045 1558 2100 bravio
1602 2035 1881 2114 propinqui
1931 2041 2004 2095 si-

417 2161 565 2210 mus,
591 2142 724 2196 nihil
751 2154 1120 2209 assequemur.
1155 2137 1213 2193 Si
1240 2137 1382 2191 enim
1415 2144 1466 2190 te
1496 2135 1789 2205 perfectum
1821 2129 2006 2185 existi-

419 2250 575 2298 mas,
622 2233 828 2302 inquit,
876 2230 1173 2286 secundum
1211 2227 1526 2289 scientiam,
1568 2223 1800 2279 nondum
1833 2231 2009 2275 tamen

423 2335 591 2378 totum
618 2321 870 2392 accipies,
897 2321 946 2374 id
969 2319 1110 2390 quod
1140 2318 1485 2373 subindicans
1506 2310 1717 2370 dicebat
1741 2331 1756 2368 :
1786 2309 1874 2368 Sic
1895 2322 2012 2365 cur-

421 2418 520 2469 rite
545 2425 596 2468 ut
624 2412 1081 2483 comprehendatis.
1132 2408 1376 2464 Nondum
1422 2422 1548 2478 ergo
1586 2402 2009 2474 comprehende-

421 2518 566 2560 rant.
615 2507 684 2560 Et
731 2520 852 2559 cum
899 2499 971 2557 ita
1022 2497 1282 2568 dixisset,
1331 2498 1548 2555 modum
1600 2493 1762 2554 etiam
1815 2497 2007 2551 docet:

421 2597 515 2652 25.
562 2595 740 2649 Omnis
770 2603 959 2658 autem,
991 2593 1076 2659 qui
1107 2594 1157 2646 in
1185 2609 1348 2663 agone
1375 2591 1660 2654 contendit,
1693 2588 1754 2642 ab
1783 2588 2013 2642 omnibus

423 2689 659 2742 abstinet.
695 2680 832 2756 Quid
862 2694 966 2750 'est,
1000 2682 1074 2739 Ab
1104 2679 1336 2739 omnibus
1365 2684 1620 2758 abstinet?
1661 2680 1773 2735 Non
1810 2679 1877 2734 ab
1913 2679 2014 2733 hoc

425 2780 642 2850 quidem
673 2777 927 2842 abstinet,
955 2778 1008 2831 in
1034 2777 1139 2832 alio
1161 2785 1336 2830 autem
1360 2785 1544 2845 peccat
1565 2759 1704 2838 {sed
1733 2781 1786 2826 et
1813 2788 1841 2825 a
1870 2772 2011 2841 gula,

425 2886 455 2923 a
485 2869 726 2935 lascivia,
748 2869 816 2924 ab
834 2869 1112 2934 ebrietate,
1139 2877 1191 2923 et
1220 2867 1287 2922 ab
1316 2867 1565 2921 omnibus
1591 2866 1732 2919 vitiis
1761 2863 2012 2918 abstinet.

423 2959 557 3016 Nam
589 2960 691 3014 hoc
714 3002 730 3026 ,
765 2960 973 3029 inquit,
1014 2954 1070 3012 in
1102 2958 1340 3013 externis
1378 2971 1589 3027 quoque
1634 2953 2015 3010 certaminibus

425 3055 766 3109 observatur.
798 3050 985 3122 Neque
1025 3050 1168 3106 enim
1200 3049 1527 3103 certantibus
1553 3045 1858 3100 certaminis
1884 3052 2017 3096 tem-

429 3161 559 3216 pore
587 3144 842 3201 inebriari
877 3145 1002 3198 licet
1027 3157 1199 3211 neque
1231 3140 1480 3205 scortari,
1510 3153 1577 3193 ne
1607 3137 1747 3192 vires
1771 3135 2013 3199 solvant;

427 3251 602 3309 neque
632 3232 720 3292 alii
754 3237 831 3292 rei
863 3236 1093 3306 cuipiam
1120 3249 1335 3303 operam
1368 3231 1526 3296 dare;
1559 3230 1651 3284 sed
1679 3228 1745 3283 ab
1771 3229 2018 3283 omnibus

427 3344 652 3402 prorsus
677 3329 1050 3392 abscedentes,
1078 3327 1211 3381 solis
1236 3324 1527 3397 gymnasiis
1547 3323 1676 3378 dant
1699 3335 1938 3390 operam.
1960 3319 2016 3373 Si

430 3434 610 3477 autem
653 3423 761 3476 illic
788 3421 906 3476 haec
935 3419 1105 3485 ﬁunt,
1146 3418 1233 3474 ubi
1265 3432 1463 3472 corona
1490 3409 1582 3470 uni
1611 3415 1803 3468 datur:
1851 3412 2019 3467 multo

437 3517 605 3586 magis
639 3516 746 3580 hic,
779 3514 870 3569 ubi
901 3506 1072 3584 major
1100 3523 1182 3567 est
1211 3509 1447 3582 largitas.
1489 3507 1674 3579 Neque
1700 3508 1841 3563 enim
1882 3522 2018 3561 unus

437 3618 641 3663 tantum
681 3617 764 3662 est
797 3606 890 3676 qui
931 3614 1237 3668 coronatur,
1279 3608 1334 3658 et
1375 3601 1591 3671 prmmia
1621 3600 1834 3654 labores
1864 3599 2020 3668 longe

435 3708 711 3768 superant.
767 3697 1000 3766 Ideoque
1027 3693 1285 3765 pudorem
1329 3693 1592 3747 incutiens
1630 3692 1702 3744 ita
1737 3689 1970 3759 loquitur
2004 3707 2018 3744 :

439 3793 505 3847 Et
531 3792 608 3845 illi
635 3791 838 3861 quidem
864 3799 920 3843 ut
948 3783 1322 3858 corruptibilem
1350 3797 1589 3838 Coronam
1615 3783 1902 3852 accipiant,
1930 3798 2021 3834 nos

435 3895 604 3939 alitem
632 3885 1000 3952 incorruptam.
1031 3874 1124 3934 26.
1154 3873 1264 3950 Ego
1291 3879 1448 3949 igitur
1465 3877 1537 3931 sic
1557 3892 1726 3939 curro,
1759 3891 1858 3928 non
1878 3873 2020 3942 quasi

435 3977 491 4028 in
520 3977 789 4028 incertum.
833 3973 962 4028 Cum
995 3972 1113 4025 iltos
1141 3971 1207 4023 ab
1237 3961 1473 4024 externis
1502 3963 1704 4036 pudore
1733 3963 2020 4027 affecisset,

441 4081 502 4118 se
528 4080 738 4134 quoque
766 4063 980 4118 demum
1010 4063 1062 4115 in
1095 4060 1328 4114 medium
1356 4059 1591 4120 adducit,
1623 4056 1762 4126 quod
1790 4067 1871 4110 est
1895 4056 2024 4124 Opti-

445 4171 570 4209 mus
590 4154 840 4209 doctrina:
864 4150 1074 4208 modus.
1093 4152 1295 4206 Idcirco
1321 4151 1516 4219 ubique
1538 4150 1609 4202 ita
1634 4147 1808 4203 facere
1829 4148 2022 4216 depre-

442 4245 717 4302 henditur.
744 4243 876 4313 Quid
911 4243 1014 4298 sibi
1044 4243 1156 4297 vult
1182 4251 1384 4296 autem.
1417 4239 1538 4293 Non
1567 4236 1619 4292 in
1644 4239 1924 4292 incertum?
1945 4237 2024 4291 Ad

439 4352 665 4406 scopum
709 4337 993 4407 quemdam
1035 4333 1260 4404 aspicio,
1289 4328 1479 4402 inquit,
1525 4346 1629 4384 non
1669 4329 1863 4383 frustra
1894 4340 1945 4383 et
1973 4329 2024 4382 in

437 4443 674 4493 cassum,
707 4428 851 4482 sicut
880 4441 998 4481 vos.
1030 4425 1165 4493 Quid
1194 4426 1336 4479 enim
1368 4420 1516 4478 vobis
1545 4421 1772 4492 amplius
1797 4420 2024 4487 accedit,

438 4537 560 4577 cum
605 4521 659 4575 in
700 4520 967 4575 idolorum
1011 4518 1203 4587 templa
1245 4517 1488 4580 intratis,
1518 4515 1566 4569 si
1609 4515 1751 4568 illam
1793 4517 2027 4568 ostente—

440 4613 510 4667 tis
553 4611 986 4681 perfectionem?
1033 4608 1198 4664 Nihil.
1243 4611 1310 4662 At
1340 4623 1446 4662 non
1479 4608 1600 4661 talis
1626 4621 1744 4661 sum
1769 4619 1868 4675 ego
1893 4623 1907 4670 ;
1935 4603 2029 4658 sed

441 4719 794 4774 quzecumque
841 4702 1016 4766 facio,
1063 4700 1130 4756 ad
1167 4701 1393 4755 salutem
1440 4698 1670 4768 proximi
1701 4696 1836 4751 facio
1853 4712 1870 4761 v;
1919 4696 2032 4751 sive

444 4795 833 4866 perfectionem
865 4795 1170 4860 ostendam,
1206 4802 1426 4864 propter
1457 4791 1664 4863 ipsum;
1697 4791 1812 4846 sive
1837 4803 1922 4844 me
1948 4799 2031 4844 at-

447 4902 772 4960 temperem,
805 4898 1027 4959 propter
1057 4888 1229 4957 ipsum
1256 4903 1272 4953 ;
1315 4887 1427 4941 sive
1457 4885 1675 4940 Petrum
1701 4895 1950 4952 superem
1981 4884 2033 4936 in

444 4996 511 5033 eo
538 4979 680 5052 quod
708 4979 838 5034 nihil
859 4975 1140 5048 accipiam,
1170 4992 1238 5031 ne
1264 4975 1394 5046 ipsis
1420 4972 1740 5032 oﬂ’endiculo
1765 4975 1896 5038 sim;
1925 4974 2037 5028 sive

448 5072 570 5140 plus
595 5085 753 5141 quam
782 5085 972 5125 omnes
1002 5084 1090 5124 me
1117 5065 1389 5123 demisero
1413 5108 1431 5136 ,
1461 5074 1523 5121 ut
1560 5066 1651 5136 qui
1681 5060 2038 5121 circumcidar

443 5176 498 5218 et
529 5163 775 5232 tondear,
807 5181 876 5220 ne
904 5163 1009 5234 ipsi
1033 5163 1466 5234 supplantantur.
1492 5161 1602 5214 Hoc
1629 5168 1712 5214 est
1740 5155 1889 5223 illud,
1916 5157 2041 5212 Non

445 5257 499 5307 in
533 5255 797 5309 incertum.
827 5255 908 5310 Tu
940 5269 1069 5310 vero
1098 5270 1211 5317 cur,
1243 5267 1427 5324 quaaso
1459 5262 1530 5318 te,
1563 5251 1802 5306 comedis
1830 5253 1881 5304 in
1909 5260 2042 5304 tem-

451 5349 542 5417 pio
569 5346 829 5402 idolorum
850 5347 874 5400 ’ἰ
893 5345 998 5402 Sed
1028 5344 1400 5400 rationabilem
1427 5356 1644 5399 causam
1669 5343 1909 5412 proferre
1936 5357 2040 5396 non

451 5438 649 5506 possis.
690 5437 857 5492 Cibus
909 5437 1054 5492 enim
1108 5444 1160 5491 te
1211 5451 1317 5490 non
1372 5435 1714 5489 commendat
1779 5433 1926 5496 Deo,
1990 5440 2046 5487 et

416 5535 426 5572 ³
455 5546 630 5600 neque
659 5530 703 5584 si
732 5529 986 5584 comedas
1009 5569 1025 5592 ,
1075 5528 1194 5598 plus
1221 5526 1386 5582 habes
1411 5541 1427 5590 ;
1467 5541 1642 5595 neque
1669 5526 1714 5579 si
1757 5541 1863 5578 non
1893 5540 2044 5580 com-

453 5624 618 5684 mlas,
654 5613 853 5674 minus.
897 5620 1118 5676 Frustra
1151 5634 1280 5688 ergo
1311 5627 1366 5672 et
1408 5617 1802 5672 inconsiderate
1831 5617 2043 5674 curris:

453 5709 560 5765 hoc
580 5712 726 5766 enim
758 5714 856 5769 sibi
886 5711 1183 5780 vult'illud,
1215 5707 1281 5761 In
1310 5707 1574 5763 incertam.
1601 5711 1690 5767 Sic
1714 5727 1906 5782 pugno,
1940 5724 2037 5764 nam

1412 281 1476 341 tu
1515 255 1732 342 srts'r.
1775 282 1796 338 ι
1855 279 1948 339 AD
1983 277 2138 336 con.
2179 279 2411 338 unum.
2454 281 2644 337 xxnr.

3587 280 3688 343 NO

2109 396 2256 465 quasi
2293 413 2461 451 aerem
2490 397 2774 452 verberans.
2809 395 3016 453 Rursus
3044 393 3176 454 illud
3199 441 3214 466 ,
3265 413 3371 456 non
3400 411 3602 459 temere
3636 416 3692 459 et

2108 487 2522 552 inconsiderate,
2546 484 2890 544 subindicans
2916 491 3017 545 hoc
3041 492 3113 545 ait
3139 511 3151 544 :
3182 483 3350 546 habeo
3369 493 3510 548 enim
3533 510 3691 563 quem

2108 577 2294 632 feriam
2319 619 2336 647 ,
2386 596 2578 650 nempe
2604 580 2872 636 diabolum
2901 600 2915 649 ;
2947 584 3003 638 tu
3031 599 3159 639 vero
3188 584 3362 654 ipsum
3391 601 3497 640 non
3525 585 3652 640 feris
3672 628 3689 650 ,

2107 669 2200 725 sed
2247 671 2389 728 vires
2421 683 2538 727 tuas
2582 684 2782 729 temere
2821 675 3074 731 effundis.
3120 676 3335 732 Interim
3379 677 3501 733 illos
3542 679 3694 748 quasi

2108 761 2410 828 sustinens,
2446 764 2515 817 ita
2547 759 2801 834 loquitur.
2834 767 2968 834 Quia
2997 768 3139 822 enim
3170 770 3542 825 vehementius
3574 770 3696 825 illos

2109 853 2402 911 insectatus
2447 856 2624 912 fuerat
2652 859 2703 912 in
2736 856 3198 928 praecedentiins,
3232 872 3422 917 rursus
3451 864 3696 933 reprimit

2109 945 2534 1015 increpationem
2555 987 2570 1012 ,
2589 949 2656 1004 ad
2678 950 2836 1005 tinem
2855 947 3116 1006 orationis
3139 953 3454 1022 profundam
3483 949 3693 1023 plagam

2109 1042 2412 1092 reservans.
2446 1027 2544 1093 Hic
2571 1041 2713 1094 enim
2742 1045 2817 1095 ait
2845 1041 2965 1096 illos
2995 1040 3195 1098 temere
3221 1052 3274 1098 et
3303 1045 3696 1099 inconsiderate

2111 1145 2276 1200 agere
2302 1147 2318 1195 ;
2360 1141 2545 1200 postea
2589 1133 2857 1200 ostendit,
2889 1127 3027 1203 quod
3070 1135 3227 1188 etiam
3261 1129 3311 1189 in
3341 1151 3582 1205 magnam
3614 1137 3693 1188 sui

2109 1222 2300 1290 capitis
2330 1215 2618 1291 perniciem
2644 1265 2660 1290 ,
2691 1232 2745 1278 et
2781 1224 2923 1294 quod
2963 1235 3157 1295 prmter
3186 1223 3437 1279 damnum
3469 1222 3688 1280 fratrum

2109 1326 2283 1381 neque
2305 1313 2405 1382 ipsi
2427 1306 2582 1384 culpa
2609 1323 2801 1369 vacent
2827 1313 2943 1370 haec
2966 1315 3241 1370 audentes.
3264 1307 3352 1369 Q7.
3380 1316 3485 1371 Sed
3508 1319 3696 1387 castigo
3737 1319 3740 1322 ’

2110 1417 2295 1470 corpus
2327 1419 2491 1456 meum
2526 1413 2571 1458 et
2615 1405 2667 1458 in
2710 1408 2997 1460 servitutem
3042 1407 3214 1476 redigo
3240 1447 3255 1470 ,
3287 1424 3351 1460 ne
3388 1411 3552 1476 forte,
3586 1419 3697 1460 cum

2110 1494 2228 1548 aliis
2270 1496 2610 1564 prwdicavero
2635 1538 2650 1562 ,
2693 1499 2803 1568 ipse
2830 1498 3072 1569 reprobus
3104 1501 3310 1569 eﬁiciar.
3345 1500 3440 1554 Hic
3468 1501 3700 1555 ostendit

2110 1601 2205 1640 eos
2252 1595 2308 1642 et
2364 1589 2568 1642 ventris
2616 1589 2870 1659 implendi
2919 1590 3191 1646 desiderio
3238 1593 3404 1646 teneri
3432 1633 3446 1657 ,
3498 1598 3553 1647 et
3601 1590 3698 1662 ipsi

2112 1677 2292 1734 laxare
2334 1677 2612 1746 habenas,
2656 1690 2709 1736 et
2758 1681 3102 1751 perfectionis
3145 1683 3368 1737 obtentu
3415 1684 3699 1754 ingluviem

2113 1769 2336 1838 implere
2359 1785 2543 1835 suam;
2568 1772 2707 1840 quod
2729 1774 2976 1842 superius
3001 1774 3181 1829 dicere
3203 1775 3553 1845 parturicbat,
3577 1791 3698 1829 cum

2113 1859 2182 1913 ita
2215 1861 2524 1931 loqueretur
2553 1880 2566 1914 :
2614 1862 2764 1917 Esca:
2792 1865 2950 1917 ventri
2973 1905 2986 1929 ,
3018 1874 3062 1919 et
3103 1877 3267 1919 venter
3297 1867 3423 1920 escis
3454 1866 3548 1936 (1.
3581 1865 3698 1921 Cor.

2113 1952 2169 2006 6.
2200 1945 2327 2024 l5).
2354 1952 2489 2019 Quia
2529 1953 2670 2006 enim
2702 1954 3107 2011 fornicationem
3135 1953 3337 2012 delicia:
3369 1961 3614 2026 pariunt,
3648 1969 3702 2012 et

2113 2043 2216 2098 hoc
2246 2043 2453 2112 peperit
2484 2039 2879 2110 idololatriam;
2908 2047 3030 2115 jure
3060 2057 3204 2116 sw'pe
3236 2048 3374 2103 hunc
3407 2049 3704 2104 insectatur

2113 2131 2382 2188 morbum.
2433 2133 2496 2188 Et
2540 2150 2661 2188 cum
2711 2132 3042 2192 ostendisset
3085 2148 3282 2208 quanta
3335 2154 3522 2209 passus
3559 2150 3703 2196 esset

2116 2234 2334 2294 propter
2363 2225 2722 2295 evangelium,
2745 2225 2846 2281 hoc
2870 2242 3083 2297 quoque
3112 2229 3262 2297 ponit
3290 2245 3410 2284 cum
3440 2231 3563 2286 illis.
3585 2231 3702 2285 Sic-

2117 2324 2174 2369 ut
2217 2315 2358 2370 enim
2383 2357 2398 2382 ,
2431 2316 2635 2386 inquit,
2669 2316 2915 2373 Mandata
2946 2334 3325 2391 supergressus
3360 2336 3512 2386 sum;
3548 2322 3704 2392 idque

2114 2421 2234 2460 cum
2263 2422 2366 2461 non
2399 2407 2517 2463 leve
2550 2403 2680 2463 illud
2710 2412 2975 2480 negotium
3007 2422 3151 2468 esset
3185 2414 3394 2485 (Omnia
3429 2416 3594 2483 enim,
3625 2418 3705 2470 in-

2116 2498 2252 2567 quit,
2282 2497 2610 2566 sustinemus)
2635 2517 2647 2552 :
2679 2499 2750 2554 ita
2778 2510 2832 2556 et
2860 2517 3002 2556 nunc
3027 2503 3255 2558 multum
3285 2506 3524 2560 sustineo
3553 2507 3704 2561 labo-

2117 2605 2230 2644 rem
2259 2631 2274 2654 ,
2325 2600 2384 2644 ut.
2431 2599 2797 2662 temperanter
2843 2596 3036 2650 vivam.
3070 2595 3204 2651 Nam
3250 2598 3351 2651 etsi
3396 2614 3502 2653 non
3552 2599 3707 2654 facile

2120 2680 2309 2751 litigari
2361 2692 2538 2751 potest
2567 2698 2687 2736 cum
2719 2684 3012 2753 cupiditate
3057 2695 3111 2740 et
3156 2689 3356 2741 ventris
3387 2690 3666 2759 tyrannide
3687 2731 3705 2758 ,

2118 2782 2350 2828 attamen
2378 2774 2545 2844 ipsam
2579 2774 2829 2839 refreno,
2863 2791 2962 2830 nec
3000 2793 3087 2832 me
3129 2779 3176 2832 ei
3219 2779 3359 2834 dedo
3385 2781 3704 2852 aegritudini,

2120 2865 2214 2921 sed
2242 2881 2455 2922 omnem
2487 2868 2654 2922 subeo
2683 2869 2944 2936 laborem,
2976 2880 3032 2924 ut
3059 2886 3127 2925 ne
3158 2873 3226 2927 ab
3254 2873 3339 2926 illa
3369 2875 3667 2929 abstrahor.

2192 2958 2248 3011 2.
2292 2956 2371 3012 Ne
2413 2958 2554 3012 enim
2590 2959 2788 3028 putetis
2818 2976 2903 3014 me
2932 2961 3136 3032 absque
3167 2964 3381 3034 negotio
3422 2965 3522 3018 hoc
3569 2981 3706 3034 prie,

2123 3057 2284 3103 stare.
2309 3048 2438 3103 Nam
2455 3060 2643 3106 curSus
2661 3061 2741 3106 est
2763 3061 2816 3105 et
2837 3053 3012 3106 omnis
3042 3069 3230 3123 pugnae
3249 3071 3418 3126 genus
3433 3067 3483 3111 et
3506 3068 3707 3112 natoue

2126 3139 2364 3209 tyrannis
2387 3137 2696 3210 frequenter
2731 3143 3032 3213 insurgens,
3063 3153 3120 3198 ut
3144 3145 3442 3202 libertatem
3459 3163 3710 3218 assequa-

2124 3239 2210 3285 tur
2239 3247 2252 3282 :
2284 3241 2340 3286 at
2370 3229 2510 3286 illam
2543 3249 2649 3288 non
2691 3233 2807 3290 fero
2833 3277 2849 3303 ,
2897 3236 2993 3292 sed
3037 3252 3263 3293 coercco
3293 3249 3347 3293 et
3376 3256 3494 3295 cum
3530 3245 3709 3298 multis

2121 3319 2411 3377 sudoribus
2440 3324 2652 3396 subigo.
2676 3325 2802 3380 Hmc
2833 3343 2994 3397 porro
3021 3329 3171 3395 dicit,
3194 3339 3252 3385 ut
3279 3347 3434 3386 nemo
3460 3332 3711 3404 desperet

2124 3415 2178 3469 in
2207 3417 2562 3486 suscipiendis
2609 3433 2704 3488 pro
2735 3419 2928 3475 virtute
2972 3425 3374 3490 certaminibus,
3407 3427 3527 3496 quia
3559 3428 3710 3481 labo-

2122 3508 2264 3562 riosa
2291 3523 2378 3562 res
2406 3518 2519 3564 est:
2550 3510 2671 3564 ideo
2697 3513 2791 3576 ait,
2825 3508 3028 3584 Castigo
3076 3524 3121 3569 et
3168 3517 3221 3569 in
3259 3518 3544 3572 servitutem
3591 3520 3710 3573 red-

2123 3599 2227 3670 igo.
2300 3592 2416 3654 Non
2466 3601 2632 3665 dixit,
2701 3601 2935 3668 Occido;
2989 3620 3094 3659 non
3163 3607 3304 3660 enim
3371 3609 3584 3664 inimica
3629 3619 3714 3664 est

2124 3707 2288 3756 caro;
2335 3692 2451 3757 sed,
2498 3692 2701 3764 Castigo
2727 3703 2772 3748 et
2801 3695 2852 3748 in
2883 3697 3167 3750 servitutem
3193 3694 3398 3769 redigo,
3441 3700 3581 3769 quod
3611 3701 3712 3755 do-

2125 3785 2255 3838 mini
2285 3796 2387 3850 est,
2416 3803 2520 3839 non
2552 3787 2751 3841 inimici
2776 3804 2790 3852 ;
2815 3788 3070 3854 doctoris,
3100 3806 3204 3844 non
3235 3791 3436 3852 hostis:
3467 3793 3714 3864 p:rdotri-

2127 3875 2231 3941 bte,
2265 3891 2370 3929 non
2401 3876 2719 3932 adversarii.
2762 3877 2846 3931 Ne
2883 3884 3016 3949 forte
3043 3897 3159 3933 cum
3189 3882 3304 3936 aliis
3334 3884 3672 3951 pra’dicavero
3694 3924 3709 3949 ,

2125 3968 2235 4036 ipse
2262 3966 2503 4034 reprobus
2531 3967 2734 4037 cﬂiciar.
2781 3967 2836 4023 Si
2878 3985 3006 4024 vero
3033 3970 3229 4025 Paulus
3266 3973 3368 4027 hoc
3411 3973 3584 4028 timuit
3623 3978 3712 4043 qui

2129 4067 2208 4112 tot
2253 4057 2499 4112 homines
2539 4059 2760 4124 docuit;
2803 4068 2857 4115 et
2900 4061 3074 4115 timuit
3103 4073 3380 4132 postquam
3413 4065 3718 4132 prmdicavit

2129 4159 2184 4206 et
2220 4149 2391 4205 factus
2434 4160 2516 4205 est
2556 4153 2812 4220 angelus,
2864 4153 3132 4224 totiusque
3178 4155 3322 4210 orbis
3368 4159 3715 4225 patrocinium

2130 4241 2384 4310 suscepit,
2415 4242 2541 4311 quid
2576 4257 2672 4296 nos
2699 4243 3038 4298 dixerimus?
3075 4261 3140 4299 ne
3178 4246 3374 4316 putetis
3411 4248 3553 4302 enim
3579 4291 3596 4314 ,
3640 4249 3718 4302 in-

2132 4334 2270 4403 quit,
2313 4334 2436 4404 quia
2481 4334 2805 4399 credidistis,
2849 4335 2952 4390 hoc
2989 4337 3141 4391 vobis
3181 4337 3428 4394 sufﬁcere
3472 4340 3536 4394 ad
3578 4342 3718 4395 salu-

2132 4435 2262 4481 tem.
2307 4425 2361 4482 Si
2404 4427 2548 4480 enim
2576 4428 2703 4480 mihi
2733 4428 3074 4496 prazdicasse,
3110 4430 3380 4499 docuisse,
3413 4435 3721 4489 inmuueros

2132 4515 2422 4572 adduxisse
2464 4534 2568 4572 non
2615 4519 2744 4573 satis
2784 4529 2870 4574 est
2908 4517 2975 4574 ad
3021 4522 3244 4577 salutem
3273 4563 3288 4587 ,
3338 4525 3438 4578 nisi
3483 4541 3545 4578 ca
3603 4543 3722 4594 qua:

2134 4624 2220 4663 me
2247 4616 2488 4679 spectant
2517 4609 2787 4679 inculpata
2818 4610 3087 4681 proferam
3114 4629 3129 4675 ;
3160 4613 3328 4668 multo
3355 4615 3524 4685 magis
3547 4616 3718 4670 vobis.

2137 4699 2340 4754 Deinde
2380 4700 2445 4754 ad
2491 4700 2593 4753 alia
2640 4699 2884 4769 exempla
2932 4702 3303 4772 progreditur;
3346 4714 3400 4758 et
3457 4714 3514 4758 nt
3568 4715 3723 4760 antea

2138 4786 2379 4860 exempla
2411 4792 2588 4861 posuit
2616 4793 2979 4860 apostolorum
2999 4835 3013 4858 ,
3044 4795 3346 4848 communis
3377 4797 3724 4851 consuetudi-

2141 4884 2244 4949 nis,
2277 4885 2638 4948 sacerdotum,
2667 4894 2720 4940 et
2750 4900 2845 4939 sua
2876 4894 3088 4954 quoque
3118 4904 3130 4938 :
3164 4887 3242 4940 sic
3268 4895 3324 4943 et
3365 4905 3503 4944 nunc
3541 4889 3726 4961 Olym-

2143 4975 2382 5045 picorum
2409 4976 2784 5031 certaminum.
2812 4975 2878 5028 Et
2906 4985 3186 5047 postquam
3214 4993 3306 5032 sua
3331 4981 3523 5049 posuit,
3543 4998 3731 5038 rursus

2142 5069 2208 5121 ad
2238 5068 2484 5137 antiquas
2513 5067 2686 5136 pergit
2712 5066 2986 5124 historias.
3016 5069 3082 5124 Et
3110 5071 3232 5142 quia
3265 5074 3510 5144 asperius
3537 5074 3730 5146 loquu-

2146 5166 2296 5211 tuws
2324 5167 2426 5220 est,
2457 5170 2797 5213 communem
2827 5159 2950 5214 facit
2978 5161 3396 5218 admonitionem
3420 5205 3435 5228 ,
3469 5181 3640 5234 neque
3665 5165 3734 5220 de

2146 5247 2435 5316 propositis
2461 5256 2663 5302 tantum
2684 5291 2698 5314 ,
2741 5247 2834 5304 sed
2863 5251 3024 5304 etiam
3056 5251 3124 5306 de
3151 5252 3398 5307 omnibus
3425 5253 3732 5308 Corinthio-

2148 5356 2265 5396 rum
2287 5340 2692 5410 :cgritudinibus
2709 5343 2867 5397 verba
2889 5341 3033 5398 facit.
3055 5345 3118 5396 Et
3135 5343 3202 5398 de
3225 5345 3460 5399 externis
3482 5345 3735 5399 certami-

2150 5433 2325 5496 nibus,
2344 5431 2582 5496 Nescitis,
2600 5433 2769 5501 inquit
2789 5449 2802 5496 ;
2821 5434 2905 5487 hic
2921 5444 3118 5494 autem,
3144 5432 3414 5503 (Cap.10.)
3437 5434 3629 5488 LNoto
3644 5453 3738 5489 au-

2152 5534 2247 5579 tem
2271 5541 2355 5578 vos
2373 5525 2628 5594 ignorare,
2647 5526 2850 5593 fratres.
2871 5523 2982 5578 Hoc
2999 5532 3179 5577 autem
3202 5524 3434 5588 dicebat,
3453 5527 3740 5583 Ostendcns

2154 5619 2298 5687 ipsos
2328 5615 2426 5670 hac
2451 5616 2518 5668 de
2550 5629 2609 5669 re
2636 5631 2740 5668 non
2769 5629 2888 5669 esse
2917 5615 3204 5669 admodutn
3236 5616 3491 5671 eruditos.
3530 5618 3593 5672 Et
3614 5621 3738 5687 quid

2155 5718 2237 5764 est
2265 5707 2394 5763 illud
2419 5748 2432 5773 ,
2481 5707 2622 5776 quod
2668 5723 2772 5761 non
2817 5706 2894 5761 vis
2936 5722 3031 5761 nos
3061 5707 3348 5777 ignorare?
3400 5708 3548 5776 Quod
3577 5720 3743 5778 pati-cs
