4086 6214
373 241 465 299 m
1141 229 1202 285 s.
1241 225 1518 284 JOANNIS
1555 215 2023 280 CHRYSOSTOMI
2062 217 2377 275 saeuum.
2419 220 2954 282 CONSTANTINOP.

371 350 532 408 nostri
553 365 729 404 omnes
752 389 768 417 ,
813 345 1020 419 inquit,
1055 345 1145 401 sub
1176 343 1306 397 nube
1344 345 1575 413 fuerunt,
1604 345 1650 390 et
1692 353 1784 406 per
1818 349 1958 388 mare

371 445 712 500 transierunt:
737 442 792 496 2.
809 441 870 496 Et
899 441 950 494 in
980 438 1160 507 Moyse
1187 434 1430 504 baptismi
1455 440 1571 484 sunt
1597 430 1648 483 in
1677 429 1805 482 nube
1831 437 1877 482 et
1906 428 1959 481 in

373 539 504 589 mari
531 551 546 587 :
586 535 638 591 5.
658 532 720 586 Et
754 549 925 586 omnes
953 528 1178 585 eamdem
1205 541 1368 579 escam
1395 522 1709 594 spiritualem
1737 519 1957 574 mandu-

371 636 634 691 raveruut,
657 629 709 680 6.
727 624 796 678 Et
813 622 1040 677 eumdem
1069 628 1242 687 potum
1268 614 1578 686 spiritualem
1607 614 1833 667 biberunt
1859 612 1962 681 (ὑπ-ο

373 719 549 770 bebant
573 717 707 771 enim
733 717 795 767 de
824 710 1082 780 spirituali
1111 717 1440 777 consequente
1467 723 1552 760 eos
1582 715 1720 774 petra
1757 719 1774 756 :
1816 711 1959 773 petra

371 818 539 860 autem
565 814 670 858 erat
709 802 939 856 Christus
970 800 1031 870 ):
1058 797 1228 855 5.Sed
1275 815 1378 851 non
1424 797 1477 850 in
1523 794 1748 864 pluribus
1786 807 1958 846 eorum

369 897 734 964 beneplacilum
782 901 854 946 est
909 891 1038 946 Deo.
1095 891 1162 944 Et
1207 904 1311 960 qua
1359 889 1427 944 de
1467 901 1624 943 causa
1657 884 1772 939 hac
1796 883 1958 937 dicit?

374 986 440 1042 Ut
461 985 728 1051 ostendat,
755 983 899 1054 quod
922 984 1056 1038 sicut
1081 982 1184 1036 illis
1210 996 1314 1035 non
1343 978 1559 1050 profuit,
1587 977 1727 1048 quod
1753 983 1956 1030 tantum

367 1079 670 1149 acceperint
723 1077 971 1140 donum;
1027 1075 1098 1129 ita
1149 1089 1322 1143 neque
1370 1073 1437 1128 iis
1486 1070 1760 1142 proderit,
1813 1065 1955 1138 quod

367 1171 628 1240 baptisma
683 1167 992 1237 acceperint
1044 1176 1098 1221 et
1163 1163 1521 1235 spiritualium
1579 1159 1954 1233 mysteriorum

366 1270 650 1316 consortes
697 1259 937 1336 fuerint,
991 1258 1094 1312 nisi
1137 1257 1301 1310 vitam
1345 1265 1486 1309 tanta
1529 1252 1694 1324 gratia
1741 1250 1952 1317 dignam

367 1350 700 1406 exhibeant:
754 1349 981 1418 ideoque
1021 1347 1237 1403 adducit
1277 1345 1610 1415 baptismatis
1652 1351 1709 1399 et
1750 1351 1951 1412 myste-

366 1445 568 1497 riorum
599 1453 774 1514 typos.
801 1441 940 1508 Quid
966 1441 1066 1496 sibi
1096 1440 1208 1494 vult
1234 1439 1385 1505 illud,
1415 1437 1482 1492 In
1512 1435 1690 1507 Moyse
1717 1433 1954 1506 baptisati

365 1534 524 1588 sunt?
564 1533 1023 1602 Quemadmodum
1055 1548 1152 1586 nos
1180 1531 1395 1586 Christo
1423 1529 1704 1584 credentes
1745 1535 1798 1581 et
1839 1525 1954 1594 ejus

366 1627 767 1694 rcsurrectioni,
796 1625 1150 1696 baptizamur,
1179 1633 1237 1678 ut
1259 1624 1346 1693 qui
1375 1631 1429 1678 et
1449 1621 1548 1691 ipsi
1576 1619 1953 1692 mysteriorum

365 1719 650 1788 participes
689 1717 854 1772 futuri
885 1719 1088 1781 simus;
1122 1715 1462 1784 Baptizamur
1503 1713 1647 1767 enim
1675 1753 1690 1776 ,
1738 1707 1950 1779 inquit,

365 1825 462 1877 pro
495 1810 722 1863 mortuis
769 1807 862 1879 (1.
897 1807 1016 1861 Cor.
1049 1807 1138 1861 15.
1167 1806 1319 1875 29);
1371 1803 1422 1858 id
1468 1813 1550 1858 est
1577 1843 1591 1865 ,
1638 1800 1974 1872 corporibus.

365 1900 564 1954 nostris
590 1919 603 1955 :
634 1901 706 1954 ita
746 1909 801 1955 et
845 1901 954 1965 illi,
991 1899 1157 1969 Moysi
1191 1897 1447 1962 ﬁdentes,
1480 1894 1532 1948 id
1563 1902 1679 1958 est,
1708 1890 1953 1946 videntes

363 1991 513 2045 illum
543 1991 775 2060 primum
811 1990 1164 2060 trajicientem
1192 2029 1210 2054 ,
1238 1987 1352 2042 ausi
1381 1993 1505 2040 sunt
1531 1993 1586 2039 et
1615 1983 1714 2053 ipsi
1741 1996 1953 2052 quoque

363 2082 415 2136 in
443 2096 608 2150 aquas
636 2081 862 2152 ingredi.
891 2080 997 2136 Sed
1023 2080 1145 2151 quia
1177 2079 1287 2134 vult
1319 2078 1536 2147 ﬁguram
1566 2089 1730 2144 prope
1758 2071 1954 2127 verita-

361 2185 470 2229 tem
499 2174 797 2240 adducere,
827 2189 932 2229 non
966 2173 1035 2228 ita
1065 2173 1222 2237 dicit,
1257 2170 1350 2226 sed
1377 2168 1618 2224 veritatis
1649 2167 1952 2222 nominibus

361 2270 521 2321 etiam
562 2267 617 2321 in
663 2275 788 2336 typo
830 2281 957 2320 usus
995 2273 1098 2319 est.
1141 2265 1204 2318 Et
1242 2263 1344 2318 hoc
1371 2259 1586 2332 quidem
1617 2267 1699 2314 cst
1736 2257 1948 2330 symbo-

362 2357 694 2412 lumlavacri
722 2373 738 2422 ;
779 2372 901 2426 qua:
933 2365 1234 2423 sequuntur
1267 2362 1443 2407 autem
1467 2393 1482 2417 ,
1527 2365 1696 2406 sacrae
1727 2363 1946 2404 mensre.

365 2447 436 2502 Ut
478 2447 622 2503 enim
669 2456 724 2502 tu
768 2461 966 2516 corpus
996 2445 1328 2500 Dominicum
1358 2443 1598 2497 comedis
1625 2483 1640 2506 ,
1688 2440 1767 2494 sic
1796 2447 1849 2494 et
1875 2439 1948 2493 illi

362 2554 594 2606 manna;
636 2549 692 2595 et
730 2548 790 2593 ttt
828 2547 884 2593 tu
925 2538 1238 2606 sanguinem
1273 2535 1444 2600 bibis,
1474 2535 1543 2588 ita
1580 2543 1635 2588 et
1660 2533 1730 2588 illi
1756 2546 1949 2602 aquam

359 2633 429 2688 de
466 2641 637 2704 petra.
682 2629 907 2686 Etiamsi
941 2631 1083 2686 enim
1125 2629 1342 2685 sensilia
1383 2637 1561 2683 essent
1597 2627 1685 2680 illa
1716 2641 1834 2696 qua:
1865 2624 1951 2680 ﬁe-

361 2723 522 2785 bant,
563 2732 617 2776 at
645 2723 995 2792 spiritualiter
1035 2721 1451 2792 prtebebantur,
1499 2735 1603 2773 non
1651 2717 1949 2773 secundum

364 2824 569 2866 naturae
608 2813 1072 2882 consequentiam,
1102 2810 1196 2866 sed
1239 2827 1306 2866 ex
1349 2809 1476 2864 doni
1506 2809 1717 2880 gratia;
1751 2817 1949 2862 etcum

359 2920 587 2973 corpore
615 2905 848 2959 animam
880 2919 1095 2974 quoque
1122 2901 1427 2958 nutriebant
1452 2943 1467 2969 ,
1495 2901 1561 2955 ad
1591 2900 1750 2956 ﬁdem
1791 2899 1950 2955 indu-

360 2996 560 3050 centia.
606 2994 728 3050 Ideo
773 2993 842 3050 de
885 2994 1006 3049 cibo
1036 2993 1250 3064 quidctn
1281 2991 1412 3047 nihil
1455 2991 1626 3057 dixit;
1655 2999 1772 3045 erat
1807 2992 1950 3046 enim

361 3096 617 3151 mutatus,
643 3101 750 3141 non
779 3095 985 3140 tantum
1007 3085 1186 3148 modo,
1215 3084 1307 3140 sed
1332 3084 1490 3139 etiam
1514 3092 1731 3147 natura;
1758 3098 1950 3136 manna

361 3178 558 3249 quippe
585 3187 738 3241 erat;
786 3177 851 3233 de
881 3188 1011 3249 potu
1049 3192 1176 3232 vero
1197 3218 1211 3240 ,
1249 3175 1374 3248 quia
1403 3174 1562 3232 dandi
1590 3175 1780 3229 modus
1805 3173 1953 3229 solus

362 3280 557 3340 praeter
585 3270 890 3339 opinionem
922 3279 1058 3334 erat,
1090 3268 1249 3324 etiam
1292 3267 1604 3339 probatione
1625 3281 1762 3339 opus
1790 3260 1955 3322 habe-

363 3363 491 3416 bat:
538 3360 656 3416 ideo
695 3376 816 3414 cum
860 3359 1112 3422 dixisset,
1145 3357 1394 3414 Euntdem
1423 3368 1600 3432 potum
1634 3356 1953 3429 spiritualem

371 3453 598 3508 biberunt
623 3495 638 3518 ,
678 3453 954 3524 subjunxit
977 3469 992 3519 ;
1023 3451 1267 3506 Bibebaut
1293 3453 1426 3507 enim
1449 3469 1518 3507 ea:
1543 3452 1800 3523 spirituali
1825 3468 1950 3506 con-

361 3554 598 3616 sequente
639 3555 822 3616 petra;
850 3553 904 3599 et
947 3543 1183 3607 addidit,
1235 3542 1391 3598 Petra
1437 3553 1606 3598 autem
1647 3552 1755 3597 erat
1800 3542 1954 3597 Chri-

362 3647 492 3690 stus.
523 3634 638 3689 Non
679 3635 823 3690 enim
865 3643 1032 3704 petra:
1076 3643 1264 3690 natura
1301 3650 1492 3705 aquam
1523 3635 1837 3702 emittebat,
1867 3635 1955 3690 in-

361 3727 508 3798 quit,
560 3726 792 3795 alioquin
843 3737 1022 3781 autem
1069 3735 1225 3781 antea
1279 3725 1651 3791 scaturiisset;
1711 3726 1805 3781 sed
1851 3724 1952 3780 alia

367 3817 612 3885 quaedam
641 3824 792 3886 petra
823 3816 1114 3886 spiritualis
1147 3817 1249 3873 hoc
1277 3827 1445 3872 totum
1473 3815 1739 3883 faciebat;
1769 3816 1820 3872 id
1847 3825 1951 3884 est,

357 3908 614 3963 ’Christus
639 3949 654 3970 ,
701 3906 790 3978 qui
819 3923 1034 3978 semper
1071 3908 1200 3979 ipsis
1238 3922 1477 3979 przcsens
1511 3917 1661 3976 erat,
1693 3917 1748 3964 et
1775 3909 1953 3964 omnia

363 3999 682 4055 mirabiliter
727 3999 1069 4070 Operabatur.
1119 3999 1246 4056 Ideo
1278 4015 1512 4071 namque
1549 4000 1717 4068 dicit,
1763 3999 1953 4056 Conse-

358 4105 564 4165 quente.
629 4094 878 4150 Vidistiu'
918 4094 1072 4149 Pauli
1117 4094 1437 4165 sapientiam
1464 4133 1479 4159 ,
1524 4094 1794 4165 quomodo
1829 4110 1953 4148 cum

357 4186 599 4242 ostendit
657 4197 944 4258 utrumque
983 4187 1450 4257 suppeditavisse,
1501 4194 1557 4242 et
1601 4186 1702 4242 hac
1748 4187 1955 4242 ratione

359 4289 548 4351 typum
575 4295 744 4351 prope
769 4281 1048 4336 veritatem
1077 4280 1338 4334 adduxit?
1357 4279 1457 4349 Qui
1479 4280 1621 4335 enim
1651 4279 1738 4334 illa
1763 4280 1951 4350 inquit,

363 4371 494 4440 ipsis
517 4370 912 4441 suppeditavit;
956 4371 1043 4425 hic
1065 4371 1178 4442 ipse
1214 4370 1350 4425 hanc
1372 4368 1649 4441 apparavit
1680 4385 1950 4426 mensam:

357 4472 419 4517 et
477 4463 616 4517 idem
662 4464 776 4533 ipse
831 4463 953 4517 illos
1009 4479 1107 4534 per
1151 4477 1336 4532 mare,
1385 4472 1436 4518 te
1487 4477 1582 4532 per
1629 4463 1952 4533 baptismum

359 4551 554 4613 duxit;
595 4552 806 4620 illisque
835 4568 1029 4606 manna
1057 4564 1113 4607 et
1141 4569 1332 4623 aquam
1356 4593 1371 4620 ,
1401 4553 1495 4608 tibi
1522 4569 1717 4622 corpus
1743 4564 1798 4608 et
1825 4569 1952 4608 san-

359 4642 578 4712 guinem
608 4643 853 4712 praebuit.
904 4644 970 4698 Et
1016 4645 1140 4698 talia
1179 4654 1305 4699 sunt
1341 4660 1404 4699 ea
1441 4660 1561 4714 qua:
1598 4643 1798 4698 donum
1839 4645 1955 4714 ejus

359 4743 629 4804 spectant.
663 4733 957 4790 Videamus
984 4750 1116 4789 vero
1141 4735 1302 4790 etiam
1329 4737 1608 4805 sequentia
1635 4773 1651 4799 ,
1697 4744 1751 4788 et
1778 4737 1954 4790 consi-

359 4827 615 4884 deremus
656 4844 723 4883 an
745 4870 760 4894 ,
793 4843 914 4884 cum
945 4828 1088 4884 dono
1119 4826 1321 4898 indigni
1352 4825 1452 4881 visi
1478 4835 1659 4882 essent
1686 4827 1794 4892 illi,
1827 4827 1955 4896 ipsis

367 4921 689 4990 pepercerit.
722 4921 793 4976 At
822 4921 927 4977 hoc
955 4922 1136 4978 dicere
1165 4936 1271 4977 non
1303 4920 1474 4993 possis
1499 4937 1512 4973 :
1545 4918 1667 4975 ideo
1691 4919 1951 4976 subdidit:

367 5011 474 5067 Sed
505 5028 605 5065 non
634 5013 688 5064 in
717 5013 946 5082 pluribus
972 5032 1144 5070 eorum
1173 5014 1542 5085 beneplacitum
1569 5023 1644 5068 est
1681 5010 1822 5081 Deo,
1853 5014 1952 5070 etsi

364 5113 519 5159 tanto
557 5102 679 5157 illos
717 5103 924 5158 honore
967 5105 1218 5176 dignatus
1254 5114 1360 5162 est.
1410 5106 1480 5160 At
1525 5103 1658 5159 nihil
1703 5103 1806 5160 hoc
1848 5105 1955 5161 illis

367 5194 609 5266 profuit;
656 5193 750 5248 sed
796 5192 980 5263 plures
1019 5209 1087 5250 ex
1128 5195 1194 5248 iis
1241 5195 1536 5265 perierunt.
1577 5197 1736 5266 Atqui
1764 5212 1953 5253 omnes

364 5286 614 5358 periere;
669 5301 738 5342 ne
784 5293 966 5339 autem
1012 5284 1254 5340 videatur
1294 5285 1398 5340 illis
1436 5295 1731 5341 extremam
1777 5289 1952 5358 perni-

359 5381 502 5435 ciem
533 5379 877 5450 prOphetare,
909 5377 1029 5435 ideo
1055 5377 1210 5442 dixit,
1239 5379 1430 5450 plures.
1477 5378 1640 5448 Atqui
1675 5388 1830 5435 erant
1865 5381 1950 5435 in-

351 5470 753 5538 numerabiles,
789 5469 882 5525 sed
916 5470 1046 5525 nihil
1076 5468 1274 5541 profuit
1306 5468 1592 5525 multitudo
1620 5485 1633 5523 :
1665 5471 1951 5540 omniaque

363 5561 456 5617 illa
499 5572 656 5617 erant
697 5564 898 5620 amoris
930 5564 1120 5620 indicia
1149 5581 1163 5630 ;
1195 5563 1289 5620 sed
1323 5579 1496 5633 neque
1539 5563 1639 5618 hoc
1669 5562 1796 5632 ipsis
1823 5579 1948 5631 pro-

365 5649 458 5708 fuit
487 5693 502 5717 ,
547 5653 798 5720 quoniam
827 5670 947 5725 qua:
985 5655 1185 5710 amoris
1227 5663 1380 5710 erant
1421 5667 1529 5709 non
1560 5651 1940 5721 rependerant.

3548 225 3651 282 192

2073 333 2206 407 Quia
2250 337 2391 392 enim
2440 335 2505 392 iis
2543 354 2662 409 quae
2700 339 2768 395 de
2802 339 3047 410 gehenna
3089 339 3340 394 dicuntur
3365 337 3516 394 multi
3544 355 3650 395 non

2066 425 2331 492 credunt,
2393 438 2577 498 utpote
2636 446 2756 499 qua:
2801 447 2905 484 non
2953 440 3241 499 appareant
3290 445 3389 485 nec
3431 431 3650 486 videan-

2068 525 2190 583 tur;
2233 517 2302 572 ab
2349 519 2412 574 iis
2451 535 2569 588 qua:
2606 519 2718 590 jam
2763 519 2898 575 facta
2945 520 3155 575 fuerant
3197 520 3451 583 ostendit,
3485 523 3650 578 Deum

2067 607 2257 676 punire
2298 619 2610 678 peccatores
2637 652 2652 675 ,
2685 611 2896 666 etiamsi
2938 611 3234 667 innumeris
3262 612 3384 668 illos
3412 613 3654 670 aﬁ'ccerit

2064 697 2383 754 beneﬁciis:
2419 717 2538 754 nam
2569 702 2613 756 si
2656 703 2848 760 futuris
2888 719 2994 760 non
3031 705 3282 768 creditis,
3332 708 3540 773 inquit,
3588 709 3654 764 iis

2064 798 2213 844 certe
2241 805 2360 858 quze
2386 791 2497 859 jam
2530 791 2666 846 facta
2699 803 2823 847 sunt
2852 809 2958 848 non
2994 794 3149 848 ﬁdem
3181 796 3461 866 negabitis.

2137 878 2191 933 5.
2233 877 2582 937 Considerate
2633 898 2762 954 ergo
2806 895 2936 954 quot
2984 884 3240 940 beneﬁcia
3294 887 3394 941 illis
3434 888 3650 958 przrsti-

2065 970 2192 1026 terit
2220 971 2324 1027 :ab
2375 971 2611 1045 Egypto
2659 984 2715 1030 et
2768 991 2797 1030 a
2840 978 3151 1047 captivitate
3195 981 3342 1049 ipsos
3382 980 3645 1045 liberavit,

2063 1079 2213 1119 mare
2240 1066 2448 1132 stravit,
2484 1083 2548 1122 ex
2575 1067 2708 1122 melo
2738 1084 2930 1123 manna
2958 1069 3194 1136 demisit,
3222 1086 3287 1126 ex
3312 1081 3447 1126 terra
3475 1072 3650 1128 fontes

2062 1169 2318 1225 aquarum
2351 1174 2456 1213 non
2501 1168 2840 1229 exspectatos
2870 1161 3080 1228 emisit;
3115 1162 3246 1232 ipsis
3274 1163 3468 1234 ubique
3514 1180 3652 1234 prae-

2061 1263 2186 1305 sens
2207 1259 2322 1305 erat
2345 1251 2602 1306 miracula
2645 1252 2832 1321 edens,
2862 1263 2916 1309 et
2937 1254 3172 1325 undique
3201 1255 3346 1324 ipsos
3378 1258 3644 1313 muniens.

2061 1342 2310 1396 Attamen
2343 1343 2466 1412 quia
2517 1354 2663 1399 tanto
2690 1344 2833 1400 dono
2875 1345 3093 1416 dignum
3145 1345 3277 1400 nihil
3324 1347 3644 1416 exhibuere,

2060 1450 2166 1489 non
2196 1437 2436 1506 pepercit
2472 1437 2598 1501 illis,
2623 1437 2719 1493 sed
2747 1454 2937 1495 omnes
2960 1439 3213 1510 perdidit.
3243 1439 3382 1494 Nam
3409 1444 3648 1510 prostrati

2059 1536 2198 1594 sunt,
2223 1527 2412 1598 inquit,
2434 1529 2486 1581 in
2503 1528 2732 1594 deserto;
2760 1531 3095 1598 repentinum
3120 1529 3328 1585 illorum
3349 1531 3642 1598 interitum,

2059 1630 2247 1684 pteuas
2275 1625 2330 1672 et
2352 1617 2610 1690 supplicia
2639 1618 2896 1673 divinitus
2924 1619 3160 1674 immissa
3194 1635 3289 1690 per
3316 1619 3419 1676 hoc
3445 1621 3643 1676 dictum

2060 1707 2366 1777 declarans,
2409 1718 2463 1764 et
2487 1710 2628 1779 quod
2669 1717 2941 1781 pr0poslta
2974 1712 3190 1782 praemia
3219 1728 3324 1766 non
3357 1714 3466 1769 sint
3492 1729 3644 1768 asse—

2059 1801 2186 1854 cuti.
2221 1800 2401 1872 Neque
2431 1803 2576 1857 enim
2604 1803 2654 1857 in
2681 1813 2818 1858 terra
2849 1804 3221 1874 promissionis
3249 1803 3362 1861 lucc
3391 1807 3470 1862 eis
3498 1806 3642 1872 fecit;

2058 1890 2152 1944 sed
2176 1902 2324 1945 extra
2356 1902 2411 1946 et
2441 1893 2628 1964 procul
2655 1893 2722 1948 ab
2753 1895 2838 1948 illa
2869 1895 3108 1965 regione,
3163 1895 3360 1964 duplici
3405 1895 3645 1951 afﬁciens

2057 1983 2342 2051 supplicio,
2363 1994 2418 2038 et
2438 1984 2577 2054 quod
2602 2001 2704 2040 non
2725 1987 3046 2042 concederet
3068 1987 3196 2057 ipsis
3219 1996 3412 2041 terram
3441 1989 3640 2047 videre.

2057 2088 2215 2142 quam
2245 2073 2373 2143 ipsis
2397 2077 2736 2145 promiserat,
2761 2086 2816 2132 et
2839 2076 2977 2147 quod
3002 2077 3150 2147 gravi
3171 2078 3432 2148 supplicio
3449 2078 3643 2133 all‘ece-

2057 2167 2147 2221 rit.
2179 2167 2245 2221 Et
2271 2168 2396 2236 quid
2426 2167 2562 2233 bzec,
2594 2169 2821 2240 inquies,
2851 2170 2915 2224 ad
2951 2171 3090 2224 nos?
3120 2169 3199 2225 Ad
3231 2180 3282 2225 te
3309 2173 3490 2242 utique
3518 2188 3643 2242 spe-

2055 2268 2202 2312 etant
2233 2277 2245 2311 :
2280 2259 2401 2314 ideo
2426 2259 2698 2330 subjunxit
2731 2281 2745 2316 :
2778 2262 2831 2318 6.
2867 2261 2992 2316 Ila'c
3021 2272 3190 2316 autem
3233 2263 3284 2316 in
3316 2263 3482 2333 ﬁgura
3510 2267 3645 2332 facta

2055 2361 2171 2406 sunt
2201 2353 2382 2406 nostri.
2414 2353 2561 2408 Sicut
2591 2353 2733 2408 enim
2774 2353 2910 2410 dona
2941 2354 3124 2423 ﬁgura:
3156 2365 3302 2422 sunt,
3333 2356 3403 2409 ita
3431 2371 3643 2426 quoque

2056 2442 2316 2511 supplicia
2367 2443 2548 2513 ﬁgura:
2583 2462 2597 2498 :
2629 2453 2684 2498 et
2709 2445 2848 2499 sicut
2895 2445 3157 2515 baptisma
3189 2453 3244 2500 et
3273 2461 3459 2501 mensa
3497 2449 3642 2515 prius

2055 2533 2520 2601 describebantur,
2549 2535 2621 2590 ita
2666 2536 2718 2590 in
2753 2537 3102 2606 sequentibus
3130 2547 3348 2609 propter
3376 2555 3476 2593 nos
3503 2556 3638 2610 pra:-

2056 2623 2411 2692 signiﬁcatum
2453 2635 2556 2692 est,
2604 2626 2745 2695 quod
2790 2627 2880 2696 qui
2914 2628 3001 2682 tali
3051 2628 3194 2684 dono
3215 2628 3416 2700 indigni
3449 2629 3646 2684 fuerint

2056 2716 2316 2785 supplicio
2364 2715 2634 2771 afﬁciendi
2681 2717 2807 2780 sint,
2850 2728 2907 2774 nt
2951 2718 3147 2774 talibus
3174 2721 3431 2790 exemplis
3459 2723 3642 2776 moniti

2057 2808 2502 2877 temperantiores
2517 2808 2706 2862 simus.
2723 2808 2848 2864 Ideo
2863 2809 3098 2865 addidit:
3125 2809 3192 2866 Ut
3221 2828 3321 2866 non
3346 2812 3502 2866 simus
3525 2829 3646 2867 con-

2057 2901 2366 2970 cupiscentes
2407 2900 2677 2968 malorum,
2731 2904 2857 2958 sicut
2901 2913 2949 2958 et
2973 2905 3051 2958 illi
3090 2907 3467 2976 concupierunt.
3498 2907 3646 2964 Sicut

2057 2992 2198 3045 enim
2224 2991 2276 3045 in
2313 2991 2587 3049 beneﬁciis
2623 2994 2733 3066 typi
2766 3005 3160 3065 przecesserunt
3207 3007 3263 3052 et
3314 3007 3535 3068 sequuta
3563 3010 3645 3054 est

2059 3083 2253 3135 veritas
2284 3102 2297 3137 :
2327 3084 2404 3137 sic
2450 3093 2503 3138 et
2547 3085 2600 3139 iu
2650 3086 2926 3156 suppliciis
2969 3097 3244 3159 sequetur.
3276 3088 3462 3145 Viden‘
3508 3107 3645 3160 quo-

2058 3173 2218 3228 modo
2246 3175 2515 3240 o~tcndat,
2566 3191 2672 3231 non
2723 3177 2883 3232 modo
2914 3179 3056 3250 quod
3097 3178 3352 3251 puniendi
3392 3181 3520 3248 sint,
3549 3182 3642 3237 sed

2057 3267 2216 3321 etiam
2243 3267 2385 3336 quod
2415 3269 2583 3338 magis
2622 3284 2782 3339 quam
2813 3270 2928 3325 illi?
2957 3271 3089 3326 Nam
3143 3273 3187 3327 si
3245 3273 3377 3328 illud
3431 3274 3642 3345 quidem

2059 3365 2217 3427 typus
2243 3368 2342 3424 est,
2380 3359 2482 3414 hoc
2521 3370 2700 3416 autem
2727 3362 2945 3427 veritas,
2998 3378 3220 3418 necesse
3247 3373 3332 3418 est
3363 3366 3413 3418 in
3440 3365 3642 3434 suppli-

2057 3449 2157 3503 ciis
2186 3465 2435 3520 magnum
2465 3465 2586 3507 esse
2613 3453 2848 3522 culmen,
2872 3465 2928 3509 ut
2958 3455 3119 3510 etiam
3146 3456 3197 3510 in
3225 3455 3402 3513 donis.
3425 3456 3494 3512 Et
3523 3474 3646 3526 pcr-

2059 3539 2234 3610 pende
2260 3541 2312 3594 in
2346 3543 2604 3611 quosnam
2629 3544 2858 3614 primum
2889 3545 3213 3612 invehatur;
3249 3547 3300 3601 in
3332 3563 3427 3603 eos
3454 3565 3647 3619 nempe

2059 3631 2148 3701 qui
2179 3631 2228 3684 in
2261 3631 2477 3700 templis
2515 3633 2780 3688 idolorum
2827 3637 3198 3692 comedebant.
3249 3639 3383 3693 Cum
3423 3639 3646 3694 dixisset

2059 3722 2224 3788 enim,
2276 3722 2362 3776 Ne
2407 3723 2519 3778 sitis
2571 3727 2978 3797 concupiscentes
3018 3729 3288 3795 malorum,
3338 3729 3478 3800 quod
3531 3730 3647 3784 nni-

2058 3813 2268 3868 versale
2297 3823 2433 3878 erat,
2465 3814 2606 3884 quod
2628 3816 2678 3870 in
2702 3818 2884 3886 Specie
2903 3827 3019 3874 erat
3040 3818 3330 3890 subjunxit,
3354 3821 3644 3875 ostendens

2061 3905 2270 3976 singula
2329 3916 2545 3975 peccata
2589 3923 2656 3962 ex
2700 3909 2835 3962 mala
2854 3924 2978 3967 esse
2999 3911 3392 3984 cupiditate;et
3415 3916 3641 3982 primum

2061 3997 2166 4052 hoc
2191 3997 2327 4053 dixit
2350 4017 2364 4054 :
2395 4000 2447 4052 7.
2478 3997 2653 4070 Neque
2677 4001 2961 4055 idololatra:
2985 4002 3265 4073 eﬂiciamini
3289 4005 3414 4058 sirut
3439 4004 3648 4075 quidam

2059 4105 2122 4144 ea:
2163 4090 2288 4160 ipsis
2309 4132 2321 4154 ,
2362 4090 2785 4161 quemadmodum
2822 4094 3065 4162 scriptum
3099 4103 3170 4148 est
3197 4111 3215 4148 :
3244 4095 3391 4150 Sedit
3430 4098 3649 4167 populus

2059 4180 2372 4234 manducare
2416 4191 2463 4235 et
2509 4183 2692 4244 bibere,
2740 4194 2785 4236 et
2822 4197 3145 4240 surrexerunt
3195 4187 3390 4242 ludere.
3437 4187 3647 4242 Audisti

2059 4273 2331 4342 quomodo
2359 4273 2570 4328 tandem
2614 4274 2920 4332 idololatras
2946 4277 3134 4331 vocet?
3175 4278 3270 4332 sed
3304 4278 3390 4332 hic
3432 4278 3646 4349 quidem

2063 4364 2447 4433 pronuntians,
2496 4375 2680 4434 postea
2711 4375 2886 4422 autem
2937 4368 3098 4423 etiam
3133 4369 3384 4439 probans.
3418 4372 3644 4424 Causam

2059 4463 2236 4510 autem
2267 4456 2446 4525 posuit
2479 4457 2548 4513 ob
2570 4474 2727 4529 quam
2757 4459 2825 4514 ad
2854 4475 3067 4516 mensas
3105 4461 3222 4516 illas
3248 4463 3603 4518 accurrebant
3631 4479 3647 4517 :

2060 4561 2122 4601 ea
2152 4555 2267 4600 erat
2291 4548 2434 4616 gula.
2458 4548 2795 4620 Quapmpter
2813 4566 2934 4606 cum
2959 4551 3211 4620 dixisset,
3242 4552 3324 4607 Ne
3341 4557 3499 4628 simus
3529 4572 3648 4608 cou-

2059 4637 2368 4708 cupiscentes
2393 4639 2666 4707 malorum,
2687 4651 2740 4695 et
2754 4641 3064 4708 addidisset,
3099 4641 3182 4698 Ne
3213 4645 3324 4700 sitis
3341 4644 3647 4710 idololatria,

2060 4729 2282 4800 hujusce
2333 4732 2625 4802 iniquitatis
2653 4748 2866 4790 causam
2909 4737 3120 4806 posuit;
3165 4735 3282 4792 haec
3325 4748 3504 4794 autem
3534 4751 3652 4794 erat

2057 4821 2205 4891 gula.
2229 4821 2375 4877 Sedit
2402 4825 2568 4891 cnim,
2599 4825 2790 4895 inquit,
2817 4826 3035 4896 populus
3058 4828 3366 4882 manducare
3387 4839 3434 4883 et
3460 4830 3645 4884 bibere.

2061 4912 2126 4968 Et
2155 4913 2315 4968 ﬁnem
2347 4915 2471 4970 inde
2509 4927 2817 4988 sequentem
2843 4917 3009 4980 addit,
3053 4934 3266 4989 nempe,
3305 4919 3650 4975 Surrexerunt

2059 5005 2254 5060 ludere.
2285 5006 2356 5064 Ut
2386 5008 2485 5075 illi,
2523 5009 2717 5079 inquit,
2751 5025 2780 5065 a
2818 5009 3028 5065 deliciis
3057 5012 3124 5066 ad
3167 5012 3521 5068 idololatriam
3549 5012 3647 5068 de-

2059 5109 2320 5153 venerunt
2352 5116 2364 5151 :
2392 5098 2470 5152 sic
2501 5099 2793 5155 timendum
2819 5111 2994 5156 estne
3021 5116 3114 5156 vos
3140 5102 3264 5159 inde
3280 5119 3345 5158 eo
3365 5103 3643 5158 decidatis.

2060 5187 2308 5243 Vidistiu'
2335 5190 2606 5260 quomodo
2633 5192 2881 5246 ostendat
2903 5193 3067 5250 hosce
3098 5194 3365 5262 perfectos
3394 5195 3502 5251 illis
3526 5209 3649 5251 esse

2058 5281 2518 5354 imperfectiores?
2540 5299 2676 5354 quos
2706 5285 2972 5355 pungebat
3012 5302 3118 5342 non
3150 5302 3217 5343 eo
3256 5288 3453 5355 solum,
3503 5285 3648 5358 quod

2065 5390 2172 5430 non
2197 5375 2554 5440 sustinerent;
2586 5374 2680 5429 sed
2723 5375 2865 5445 quod
2913 5379 3076 5432 etiam
3100 5377 3182 5432 illi
3217 5393 3283 5432 ex
3313 5377 3609 5448 ignorantia
3629 5418 3644 5442 ,

2055 5467 2147 5520 alii
2164 5481 2229 5522 ex
2252 5465 2482 5536 ingluvie
2504 5476 2786 5536 peccarent
2809 5483 2823 5521 :
2845 5477 2901 5524 et
2921 5469 3130 5525 illorum
3158 5469 3373 5540 quidem
3393 5469 3645 5540 perniciei

2058 5558 2384 5626 punitionem
2414 5555 2496 5611 bis
2519 5557 2730 5622 tribuit;
2762 5556 2862 5614 hos
2883 5569 3060 5614 autem
3090 5575 3195 5615 non
3236 5560 3364 5615 sinit
3394 5560 3474 5613 sui
3516 5574 3644 5629 pec-

2061 5650 2165 5706 cati
2193 5664 2408 5706 causam
2457 5650 2656 5707 rcfcrrc
2703 5651 2755 5708 in
2803 5652 2985 5719 alium,
3010 5651 3102 5709 sed
3133 5662 3187 5709 et
3213 5653 3295 5709 sui
3340 5664 3392 5710 ct
3419 5652 3648 5706 aliorum
