4086 6214
347 286 451 344 191

343 417 458 468 τρα
486 395 566 469 ἦν
584 401 617 454 ὀ
646 399 944 467 Χριστός)’
970 398 1107 453 ἀλλ’
1131 399 1242 451 οὐκ
1269 397 1337 451 ἑν
1364 398 1486 464 τοῖς
1510 398 1788 451 πλείοσιν
1813 396 1922 448 αὑ-

340 483 466 536 τῶν
511 482 858 549 ηὐδόκησεν
887 485 920 535 ό
963 483 1127 548 Θεός.
1178 484 1286 536 Kal
1315 482 1456 545 τίνος
1501 481 1718 544 ἕνεκεν,
1761 479 1919 550 φησὶ,

336 567 520 620 ταῦτα
566 565 744 634 λέγεις
789 565 908 618 Ἰνα
956 565 1141 636 δείξῃ,
1186 567 1268 619 ὄτι
1305 564 1495 636 ῶσπερ
1545 565 1787 628 ἐκείνους
1825 563 1925 616 οὐκ

335 651 523 716 ὢνησε
562 649 623 701 τὸ
657 648 926 718 τοσαύτης
959 649 1266 702 ἀπολαῦσαι
1295 649 1525 719 δωρεᾶς,
1561 646 1733 712 οὓτως
1773 645 1922 718 [203]

332 735 463 786 οὐδὲ
498 733 720 795 τούτους
757 733 819 785 τὸ
852 733 1226 802 βαπτίσματος
1259 735 1440 803 τυχεῖν
1477 733 1572 786 καὶ
1607 733 1924 803 μυστηρίων

333 815 734 884 πνευματικῶν
766 815 1106 878 ἀπολαῦσαι,
1153 817 1200 867 εί
1247 816 1322 884 μὴ
1371 814 1612 884 μέλλοιεν
1651 816 1797 882 ἄξιον
1823 811 1924 886 τῆς

336 903 568 968 χάριτος
598 897 1008 952 ἐπιδείκνυσθαι
1039 898 1172 968 βίον.
1206 897 1296 951 Διὸ
1327 897 1419 952 καὶ
1446 901 1571 962 τοὺς
1602 898 1694 952 τοῦ
1731 899 1922 968 βαπτί-

339 993 572 1045 σματος,
606 980 702 1033 καὶ
743 981 870 1044 τοὺς
901 981 1007 1032 τῶν
1063 981 1380 1051 μυστηρίων
1417 981 1656 1052 παράγει
1698 981 1917 1045 τύπους.

336 1063 404 1114 Τί
431 1063 488 1115 δέ
519 1061 690 1125 ἐστιν,
725 1065 827 1129 Εἰς
855 1064 964 1115 τὸν
999 1062 1267 1130 Μωϋσνῆν
1290 1064 1725 1129 Mundam-to;
1769 1063 1918 1117 Καθ-

334 1147 484 1218 άπερ
517 1148 681 1215 ἡμεῖς
704 1145 783 1216 τῷ
813 1146 1033 1217 Χριστῷ
1064 1145 1458 1210 πιστεύσαντες
1477 1148 1570 1200 καὶ
1590 1148 1656 1216 τῇ
1680 1147 1916 1199 ἀναστά-

333 1244 422 1278 σει
463 1226 630 1278 αύτοῦ
656 1267 671 1287 ,
703 1225 1110 1297 βαπτιζόμεθα,
1147 1229 1222 1291 ὼς
1261 1230 1354 1281 καὶ
1386 1228 1540 1282 αὐτοὶ¹
1582 1229 1690 1280 τῶν
1735 1227 1916 1280 αὐτῶν

333 1309 660 1378 μυστηρίων
691 1311 1132 1381 κοινωνήσοντες
1164 1310 1550 1381 Βαπτιζόμεθα
1573 1312 1702 1380 γὰρ,
1730 1311 1912 1380 φησὶν,

328 1393 479 1463 ὑπὲρ
511 1394 617 1446 τῶν
640 1393 872 1464 νεκρῶν,
903 1394 1170 1457 τουτέστι,
1208 1394 1318 1447 τῶν
1351 1395 1618 1464 σωμάτων
1639 1393 1747 1446 τῶν
1774 1395 1912 1464 ἠμε-

326 1475 529 1546 τέρωνο
548 1476 690 1527 οὔτω
710 1477 952 1529 κάκεῖνοι
983 1476 1356 1548 θαρρήσαντες
1383 1476 1460 1546 τῷ
1487 1478 1730 1539 Μωύσεῖ,
1759 1494 1912 1529 τουτ-

325 1556 502 1621 ἐστιν,
542 1557 742 1620 ἰδόντες
775 1558 940 1611 αὐτὸν
983 1558 1246 1612 διαϐάντα
1293 1560 1544 1629 πρῶτον,
1575 1557 1911 1630 κατετόλμη-

329 1656 434 1692 σαν
465 1642 562 1692 καὶ
589 1641 740 1693 αὐτοὶ
764 1639 870 1693 τῶν
898 1641 1128 1695 ὑδάτων.
1170 1641 1309 1694 Ἀλλ’
1339 1640 1526 1712 ἐπειδὴ
1553 1640 1801 1711 βούλεται
1821 1642 1913 1695 τὸν

326 1721 503 1776 τύπον
533 1725 703 1790 ἐγγὺς
735 1724 836 1792 τῆς
869 1724 1127 1793 ἀληθείας
1158 1726 1408 1794 ἀγαγεῖν,
1439 1726 1501 1778 ού
1541 1725 1688 1794 λέγει
1716 1725 1908 1790 οὕτως,

326 1806 469 1858 ἀλλὰ
499 1809 607 1866 τοῖς
636 1806 734 1876 τῆς
755 1806 1010 1876 ἀληθείας
1035 1807 1258 1876 ὀνόμασι
1283 1806 1546 1880 κέχρηται
1567 1807 1663 1860 καὶ
1691 1808 1783 1859 ἐπὶ
1813 1808 1907 1860 τοῦ

323 1889 526 1941 τύπου.
563 1890 672 1942 Kal
705 1889 864 1942 τοῦτο
897 1889 996 1959 μὲν
1021 1889 1116 1943 τοῦ
1154 1890 1381 1963 λουτροῦ
1421 1891 1707 1961 σύμϐολονσ
1745 1890 1813 1943 τά
1851 1891 1908 1943 δέ

330 1972 477 2040 μετὰ
500 1970 672 2024 ταῦτα
694 2013 707 2032 ,
736 1971 835 2041 τῆς
867 1973 1017 2043 ἱεράς
1049 1973 1348 2044 τραπέζης.
1394 1973 1662 2042 Καθάπερ
1701 1973 1810 2041 γάρ
1841 1974 1904 2025 σὺ

323 2054 388 2106 τὸ
437 2053 597 2124 σῶμα
644 2053 846 2117 ἐσθίεις
889 2055 951 2108 τὸ
995 2055 1349 2122 δεσποτικὸν,
1394 2055 1567 2118 οὕτως
1608 2057 1804 2108 ἐκεῖνοι
1847 2055 1910 2107 τὸ

325 2137 528 2205 μάννα*
586 2137 680 2188 καὶ
741 2136 927 2207 ῶσπερ
984 2138 1046 2190 σὺ
1093 2138 1152 2190 τὸ
1203 2133 1341 2208 αἷμα
1381 2139 1576 2202 πίνεις,
1626 2136 1767 2189 οὓτω
1815 2139 1912 2190 καὶ

322 2219 530 2272 ἐκεῖνοι
569 2219 714 2290 ὓδωρ
757 2221 820 2272 ἐκ
859 2220 1080 2290 πέτρας.
1115 2222 1178 2273 Εἰ
1210 2222 1317 2292 γὰρ
1358 2222 1454 2275 καὶ
1483 2219 1716 2289 αἰσθητά
1741 2215 1809 2290 ἦν
1844 2220 1910 2274 τά

318 2302 612 2372 γινόμενα,
638 2301 776 2356 ἀλλά
802 2304 1180 2372 πνευματικῶς
1207 2304 1518 2375 παρείχετο,
1543 2304 1602 2357 ού
1629 2304 1773 2356 κατὰ
1801 2303 1907 2370 φύ-

322 2401 468 2447 σεως
503 2384 846 2445 ἀκολουθίαν,
877 2385 1012 2438 ἀλλά
1036 2385 1176 2438 κατά
1199 2386 1407 2455 δωρεᾶς
1435 2386 1616 2459 χάριν,
1645 2385 1738 2439 καὶ⁵
1771 2385 1910 2454 μετά

319 2468 419 2520 τοῦ
479 2467 731 2536 σώματος
773 2468 866 2521 καὶ
924 2467 1022 2538 τήν
1077 2468 1257 2539 ψυχὴν
1307 2469 1534 2540 ἔτρεφεν
1585 2471 1665 2533 εἰς
1724 2469 1908 2522 πίστιν

320 2550 614 2616 ἐνάγοντα.
658 2549 757 2603 Διά
795 2567 878 2602 τοι
907 2549 1067 2603 τοῦτο
1096 2553 1226 2621 περὶ
1255 2550 1352 2621 μὲν
1391 2551 1488 2622 τῆς
1513 2553 1720 2622 τροφῆς
1755 2551 1908 2606 οὐδὲν

320 2629 516 2684 εἶπεν⁶
566 2633 946 2704 ἐξηλλαγμένη
986 2633 1094 2705 γάρ
1125 2629 1213 2705 ἦν,
1255 2635 1314 2686 ού
1363 2633 1440 2705 τῷ
1493 2635 1677 2704 τρόπῳ
1724 2635 1902 2704 μόνον,

320 2716 465 2768 ἀλλὰ
498 2718 592 2768 καὶ
627 2719 690 2786 τῇ
721 2715 882 2784 φύσει
904 2733 916 2745 ο
949 2717 1124 2786 μάννα
1151 2715 1257 2788 γάρ
1277 2711 1364 2787 ἦν*
1392 2717 1484 2769 ἐπὶ
1511 2717 1566 2770 δὲ
1593 2715 1687 2769 τοῦ
1717 2716 1904 2783 ποτοῦ,

321 2797 518 2869 ἐπειδὴ
546 2800 573 2851 ό
594 2799 792 2870 τρόπος
813 2799 913 2867 τῆς
939 2799 1200 2869 χορηγίας
1233 2799 1390 2868 μόνος
1418 2794 1487 2870 ἦν
1526 2801 1556 2851 ὁ
1581 2799 1900 2870 παράδοξος,

321 2883 418 2933 καὶ
447 2881 788 2950 κατασκευῆς
817 2881 1014 2952 ἐδεήθη
1035 2892 1046 2909 ⁵
1082 2881 1268 2950 διόπερ
1296 2881 1487 2949 εἰπὼν,
1515 2883 1596 2934 ὅτι
1641 2882 1712 2935 Τὸ
1756 2882 1905 2936 αὐτὸ

317 2971 486 3039 πόμα
519 2974 928 3041 πνευματικὸν
947 2971 1138 3035 ἔπιον,
1171 2973 1451 3043 ἐπήγαγεν
1472 2989 1486 3003 ·
1518 2975 1768 3026 Ἐπινον
1795 2973 1904 3042 γὰρ

315 3053 389 3107 ἐκ
423 3053 834 3124 πνευματικῆς
855 3055 1318 3123 ἀκολουθούσης
1342 3053 1580 3124 πέτρας·
1607 3057 1702 3109 καὶ
1730 3070 1901 3127 προσ-

318 3136 551 3208 έθηκεν,
607 3137 675 3190 Ἣ
703 3133 769 3189 δὲ
800 3135 984 3204 πέτρα
1009 3133 1085 3207 ἦν
1118 3141 1149 3190 ό
1181 3139 1452 3205 Χριστός.
1487 3140 1559 3192 Ού
1595 3140 1704 3212 γὰρ
1745 3140 1902 3212 ἡτῆς

318 3219 532 3290 πέτρας
565 3219 728 3289 φύσις
753 3219 814 3271 τὸ
845 3219 987 3290 ὕδωρ
1015 3220 1164 3288 ἠφίει
1185 3261 1200 3282 ,
1232 3223 1414 3291 φησίνο
1442 3217 1477 3292 ἦ
1511 3222 1620 3294 γὰρ
1650 3225 1716 3278 ἂν
1752 3232 1771 3255 ⁸
1807 3226 1901 3278 καὶ

319 3304 429 3373 πρὸ
449 3303 640 3356 τούτου
665 3303 954 3368 ἀνέϐλυζεν
975 3319 987 3331 ·
1015 3304 1129 3356 ἀλλ’
1159 3305 1318 3376 ἑτέρα
1345 3323 1426 3370 τις
1454 3307 1626 3378 πέτρα
1656 3326 1900 3379 πνευμα-

315 3385 447 3456 τικὴ
475 3387 538 3438 τὸ
562 3388 670 3439 πᾶν
698 3386 1004 3456 εἰργάζετο,
1033 3388 1333 3452 τουτέστιν,
1361 3391 1389 3442 ὁ
1409 3391 1640 3462 Χριστὸς
1659 3393 1687 3446 ό
1711 3391 1898 3464 παρὼν

313 3469 502 3532 αὐτοῖς
531 3468 831 3538 πανταχοῦ,
856 3468 952 3521 καὶ
975 3470 1154 3523 πάντα
1179 3469 1629 3544 θαυματουργῶν.
1660 3475 1757 3528 Διά
1791 3475 1896 3548 γὰρ

316 3549 478 3604 τοῦτο
510 3547 697 3616 εἶπεν,
751 3550 1196 3622 ’Ᾱκολουθούσης.
1240 3548 1392 3617 Εἶδες
1436 3555 1646 3609 Παύλου
1683 3547 1894 3628 σοφίαν,

319 3631 437 3694 πῶς
475 3632 755 3704 ἑκατέρων
805 3633 966 3686 αὐτὸν
1016 3634 1146 3687 ὄντα
1202 3637 1438 3707 χορηγὸν
1483 3638 1752 3704 δείκνυσι,
1801 3641 1898 3694 καὶ

314 3713 488 3786 ταύτῃ
518 3716 608 3768 τὸν
636 3715 807 3798 τύπον
843 3718 1009 3784 ἐγγὺς
1041 3717 1143 3788 τῆς
1181 3720 1438 3788 ἀληθείας
1467 3721 1646 3790 άγωνς
1692 3723 1751 3776 'U
1794 3726 1894 3798 γάρ

317 3799 500 3850 ἐκεῖνα
539 3797 837 3869 παρασχὼν
863 3801 1120 3863 ἐκείνοις,
1148 3803 1346 3872 φησὶν,
1379 3799 1532 3868 οὗτος
1565 3807 1656 3859 καὶ
1693 3806 1896 3879 ταύτην

317 3881 690 3933 κατεσκεύασε
737 3882 835 3950 τὴν
871 3883 1150 3950 τράπεζαν
1171 3898 1183 3911 ⁸
1230 3885 1324 3938 καὶ
1354 3888 1382 3939 ὁ
1416 3887 1580 3951 αὐτὸς
1611 3889 1897 3954 κάκείνους

307 3962 405 4015 διά
423 3965 523 4031 τῆς
549 3963 839 4034 θαλάττης,
870 3966 962 4017 καὶ
985 3965 1042 4018 σέ
1065 3966 1152 4019 διὰ
1180 3967 1274 4020 τοῦ
1300 3967 1676 4040 βαπτίσματος
1696 3973 1892 4044 ἠγάγεο

311 4046 595 4108 κάκείνοις
632 4049 803 4116 μάννα
842 4049 939 4101 καὶ
978 4049 1142 4120 ὕδωρ.
1180 4053 1272 4105 καὶ
1314 4053 1396 4104 σοὶ
1433 4053 1592 4124 σῶμα
1625 4057 1718 4108 καὶ
1754 4051 1892 4127 αίμα

310 4127 589 4197 παρέσχε.
637 4131 735 4182 Kal
766 4131 838 4184 τά
877 4133 974 4202 μὲν
1019 4134 1118 4202 τῆς
1160 4134 1369 4205 δωρεᾶς
1421 4136 1586 4190 αὑτοῦ
1635 4139 1890 4192 τοιαῦτα·

307 4211 525 4281 ἴδωμεν
563 4210 618 4263 δέ
657 4215 743 4266 καὶ
796 4217 865 4268 τά
910 4213 1070 4285 ἑξῆς,
1117 4219 1210 4270 καὶ
1245 4219 1644 4286 σκοπήσωμεν,
1692 4225 1739 4275 εί
1790 4225 1890 4294 τῆς

306 4295 525 4364 δωρεᾶς
557 4296 791 4360 ἀναξίων
836 4299 1113 4366 φανέντων
1162 4301 1365 4354 τούτων
1412 4303 1684 4370 ἐφείσατο.
1749 4307 1888 4360 Ἀλλ’

303 4378 409 4430 ούκ
435 4377 504 4430 ἀν
533 4377 676 4447 ἔχοις
706 4381 865 4433 τοῦτο
893 4383 1087 4434 εἰπεῖν’
1127 4382 1209 4436 διὸ
1247 4385 1344 4437 καὶ
1385 4384 1685 4456 ἐπήγαγεν,
1727 4388 1888 4444 Ἀλλ’

305 4463 422 4514 οὐκ
462 4461 535 4514 ἐν
570 4461 696 4528 τοῖς
725 4463 1008 4517 πλείοσιν
1038 4465 1240 4519 αὐτῶν
1279 4467 1627 4535 ηὐδόκησεν
1654 4474 1686 4524 ό
1721 4473 1883 4540 Θεὸς,

305 4545 496 4597 καίτοι
521 4563 585 4613 γε
616 4546 856 4616 τιμήσας
887 4549 1087 4611 αὐτοὺς
1115 4549 1350 4622 τοσαύτη
1377 4555 1530 4623 τιμῇ.
1569 4554 1710 4607 Ἀλλ’
1736 4557 1887 4611 οὐδὲν

302 4628 505 4690 αὐτοὺς
535 4629 696 4681 τοῦτο
723 4629 952 4700 ὤνησεν,
982 4631 1098 4684 ἀλλ’
1122 4634 1171 4685 οί
1201 4633 1417 4699 πλείους
1443 4636 1738 4693 ἀπώλοντο.
1776 4643 1885 4696 Kal

303 4711 414 4780 μὴν
448 4711 655 4774 πάντες
688 4711 986 4768 ἀπώλοντο·
1019 4715 1134 4768 ἀλλ’
1167 4716 1252 4769 ἵνα
1287 4717 1360 4787 μὴ
1393 4717 1518 4791 δόξῃ
1550 4723 1642 4774 καὶ
1674 4723 1884 4789 τούτοις

303 4793 690 4864 πανωλεθρίαν
754 4797 1152 4867 προφητεύειν,
1217 4799 1306 4854 διὰ
1361 4801 1518 4856 τοῦτο
1567 4799 1752 4868 εἶπεν,
1819 4812 1883 4863 Ol

295 4877 576 4940 πλείους.
633 4877 824 4931 Καίτοι
878 4897 944 4948 γε
982 4879 1200 4952 ἄπειροι
1249 4879 1424 4954 ἦσαν,
1480 4886 1595 4939 ἀλλ’
1635 4889 1784 4942 οὐδὲν
1820 4889 1882 4944 τὸ

303 4956 511 5044 πλῆθος
539 4958 792 5044 ῶφέλησε
815 4978 829 4992 ·
865 4963 964 5044 καὶ
1006 4964 1182 5019 πάντα
1212 4967 1397 5020 ἐκεῖνα
1423 4968 1643 5040 ἀγάπης
1672 4974 1880 5044 τεκμή-

303 5056 394 5123 ρια
418 5035 509 5123 ἦν,
533 5041 649 5095 ἀλλ’
671 5043 794 5097 οὐδὲ
814 5043 974 5098 τοῦτο
994 5048 1195 5110 αὐτοὺς
1219 5047 1448 5120 ὤνησεν,
1471 5035 1611 5105 ἐπεὶ.⁷
1623 5054 1755 5123 μηδὲ
1774 5035 1879 5108 ἀύ-

299 5122 382 5174 τοὶ
412 5122 486 5174 τὰ
518 5123 616 5194 τῆς
650 5125 872 5196 ἀγάπης
915 5129 1312 5186 ἐπεδείκνυντο.
1367 5134 1581 5204 Ἐπειδὴ
1622 5122 1730 5206 7&9
1766 5141 1876 5202 τοῖς

297 5206 430 5275 περὶ
462 5207 688 5278 γεέννης
722 5208 872 5282 [τοι]
914 5209 1094 5280 λόγοις
1141 5215 1193 5266 οί
1231 5216 1416 5269 πολλοὶ
1461 5217 1832 5273 διαπιστούσιν
1855 5261 1870 5284 ,

295 5286 392 5338 ita
424 5288 502 5374 μή
530 5288 766 5374 παροῦσι
802 5293 938 5362 μηδέ
974 5296 1340 5366 φαινομένοις,
1377 5299 1486 5353 ἀπὸ
1511 5300 1622 5354 τῶν
1656 5303 1756 5374 ήδη
1784 5321 1874 5371 γε-

294 5371 617 5439 γενημένων
645 5372 940 5440 δείκνυσιν,
961 5377 1044 5429 ὅτι
1065 5377 1279 5445 κολάζει
1307 5383 1431 5447 τοὺς
1458 5371 1873 5455 ἁμαρτάνοντας

292 5455 320 5506 ὁ
346 5455 507 5540 θεὸς,
532 5455 636 5509 κᾶν
662 5457 924 5528 μυριάκις
943 5461 1319 5534 εύεργετηκὼς
1424 5469 1485 5520 Εἰ
1507 5471 1614 5540 γὰρ
1641 5472 1734 5524 καὶ
1760 5475 1871 5537 τοῖς

293 5535 586 5604 μέλλουσιν
611 5540 922 5605 ἀπιστεῖτε,
955 5545 1151 5614 φησὶν,
1185 5547 1300 5600 ἀλλ’
1331 5535 1390 5602 ού
1433 5535 1602 5620 δήπου
1639 5554 1730 5607 καὶ
1761 5535 1872 5618 τοῖς

293 5620 681 5690 γεγενημένοις
712 5624 1062 5695 ἀπιστήσετε.

347 5778 377 5806 ⁸
399 5778 486 5827 Sic
513 5779 639 5843 Reg.
660 5789 712 5832 el.
734 5782 885 5834 Savil.
905 5785 968 5836 At
993 5786 1185 5845 Morel..
1207 5792 1260 5840 οὐ
1278 5793 1363 5855 γὰρ
1392 5794 1463 5841 ἀν.

1368 275 1435 340 IN
1477 283 1692 342 EPIST.
1735 283 1756 339 ι
1819 282 1910 340 AD
1949 280 2108 339 con.
2152 281 2383 339 IIOMIL.
2420 269 2613 342 Xxm.

3499 293 3603 350 ιιη

2101 395 2442 463 γ’.Σκοπεῖτε
2473 394 2602 462 γοῦν
2632 393 2792 464 ἡλίκα
2817 393 3148 468 εὐηργέτησε
3169 397 3411 464 τούτουςο
3436 406 3602 472 Αἰγύ-

2028 495 2165 530 πτου
2203 479 2298 531 καὶ
2334 477 2434 546 τῆς
2461 480 2578 530 ἐκεῖ
2600 478 2839 542 δουλείας
2865 480 3160 550 ἀπήλλαξε,
3191 485 3292 556 τὴν
3322 485 3600 544 θάλασσαν
3705 508 3710 517 ·

2025 561 2412 632 ύπεστόρεσεν,
2444 559 2502 623 ἐξ
2529 559 2760 629 ούρανοῦ
2792 561 2966 630 μάννα
2993 567 3316 635 κατήνεγκε,
3353 569 3598 626 κάτωθεν
3705 595 3711 632 ;

2021 643 2230 696 ὑδάτων
2260 642 2444 711 πηγὰς
2475 641 2631 706 ξένας
2667 644 2762 696 καὶ
2795 645 3127 714 παραδόξους
3160 649 3329 718 ἀνῆκε
3351 690 3364 714 ,
3413 653 3598 722 παρῆν

2021 725 2205 787 αὐτοῖς
2247 722 2526 792 πανταχοῦ
2565 723 3035 793 θαυματουργῶν,
3067 729 3161 780 καὶ
3199 730 3462 786 πάντοθεν
3491 735 3595 786 αύ-

2018 806 2144 868 τοὺς
2171 805 2440 876 τειχίζων·
2478 805 2592 858 ἀλλ’
2635 808 2815 876 ὅμως,
2848 809 3034 880 ἐπειδὴ
3073 809 3174 878 τῆς
3220 811 3427 882 δωρεᾶς
3468 817 3598 869 ταύ-

2015 902 2117 958 της
2135 887 2286 942 ούδέν
2306 887 2455 952 ἀξιον
2481 887 2840 953 ἐπεδείξαντο,
2859 891 2960 942 ούκ
2984 893 3238 958 ἐφείσατο
3265 894 3461 956 αὐτῶν,
3479 899 3594 951 ἀλλ’

2016 971 2296 1024 ἀπώλεσεν
2320 971 2584 1034 ἅπαντας.
2618 972 3131 1040 Κατεστρὼθησιιν
3152 975 3284 1043 γὰρ,
3311 979 3494 1046 φησὶν,
3526 980 3598 1033 ἐν

2015 1051 2090 1120 τῇ
2112 1052 2328 1121 ἐρήμῳ·
2345 1054 2446 1123 τήν
2465 1070 2522 1104 τε
2548 1053 2750 1123 ἀθρόαν
2767 1055 2945 1108 αὐτῶν
2974 1057 3248 1110 ἀπώλειαν
3273 1060 3367 1112 καὶ
3393 1061 3489 1122 τὰς
3513 1080 3597 1115 κο·

2014 1133 2198 1197 λάσεις
2226 1135 2318 1187 καὶ
2345 1135 2446 1197 τάς
2470 1136 2740 1206 τιμωρίας
2763 1138 2859 1199 τὰς
2885 1137 3177 1206 θεηλάτους
3205 1142 3483 1210 ἐμφαίνων
3507 1144 3595 1198 διά

2011 1217 2109 1286 τῆς
2130 1217 2329 1284 λέξεως
2348 1218 2573 1288 ταύτης,
2605 1220 2700 1271 καὶ
2725 1219 2806 1273 ὅτι
2835 1220 2957 1273 οὐδὲ
2978 1221 3085 1272 τῶν
3107 1223 3482 1292 προκειμένων
3505 1229 3595 1280 ἐπ-

2014 1300 2189 1356 άθλων
2212 1301 2494 1371 ἐπέτυχον.
2531 1302 2666 1355 Ούδέ
2699 1303 2807 1374 γὰρ
2838 1305 2894 1356 ἐν
2921 1307 2987 1375 τῇ
3024 1309 3094 1376 γῇ
3128 1307 3227 1374 τῆς
3257 1307 3593 1376 ἐπαγγελίας

2012 1384 2182 1437 ταῦτα
2212 1385 2392 1448 αὐτοῖς
2421 1386 2734 1455 εἰργάσατο,
2764 1387 2880 1440 ἀλλ’
2904 1387 3008 1451 ἐξω
3029 1389 3125 1441 καὶ
3157 1391 3347 1461 πόρρω
3369 1409 3470 1445 που
3497 1395 3593 1448 καὶ

2013 1468 2231 1538 μακράν
2257 1469 2358 1537 τῆς
2382 1469 2563 1540 χώρας
2587 1470 2822 1541 ἐκείνης,
2857 1471 3015 1542 διπλῇ
3058 1474 3298 1545 τιμωρίᾳ
3332 1475 3588 1545 κολάσας,

2012 1552 2106 1604 καὶ
2122 1551 2200 1622 τῷ
2219 1553 2292 1623 μὴ
2311 1554 2664 1624 συγχωρῆσαι
2687 1556 2787 1625 τὴν
2805 1555 2908 1625 γῆν
2934 1555 3080 1622 ἰδεῖν,
3105 1557 3199 1610 καὶ
3223 1557 3395 1612 ταῦτα
3415 1561 3588 1632 ἐπηγ-

2009 1635 2278 1705 γελμένην
2319 1637 2521 1702 αὐτοῖς,
2555 1638 2648 1691 καὶ
2682 1638 2760 1707 τῷ
2802 1638 3031 1692 κολάσαι
3083 1641 3356 1710 χαλεπιῖις.
3393 1645 3503 1696 Kal
3535 1644 3589 1697 τί

2011 1716 2147 1786 πρὸς
2176 1719 2322 1786 ἡμᾶς
2356 1718 2558 1784 ταύτα;
2605 1723 2775 1792 φησί·
2809 1723 2953 1793 Πρὸς
2993 1724 3052 1776 σέ
3086 1725 3186 1793 μὲν
3213 1720 3306 1778 οὖν
3329 1743 3342 1756 '
3375 1725 3457 1780 διὸ
3494 1727 3590 1780 καὶ

2009 1801 2277 1870 ἐπήγαγε·
2349 1804 2538 1856 Ταῦτα
2593 1805 2662 1857 δὲ
2725 1807 2898 1859 τύποι
2953 1807 3124 1876 ἡμῶν
3185 1808 3584 1878 ἐγενήθησαν.

2011 1882 2224 1954 Ὠσπερ
2260 1883 2368 1952 7&9
2400 1887 2456 1937 αἰ
2480 1886 2683 1956 δωρεαὶ
2713 1887 2896 1950 τύποι,
2929 1889 3073 1942 οὓτω
3109 1891 3201 1943 καὶ
3243 1893 3299 1945 al
3337 1892 3588 1956 κολάσεις

2007 1965 2197 2018 τύποι·
2229 1969 2324 2019 καὶ
2355 1967 2544 2040 ῶσπερ
2573 1971 2633 2022 τὸ
2666 1970 2951 2040 βάπτισμα
2982 1973 3075 2024 καὶ
3103 1975 3134 2042 ἡ
3167 1974 3416 2042 τράπεζα
3448 1993 3585 2044 προ-

2006 2047 2350 2116 διεγράφετο,
2381 2049 2524 2102 οὕτω
2571 2053 2663 2103 καὶ
2707 2051 2795 2104 διὰ
2823 2053 2930 2106 τῶν
2966 2054 3104 2121 μετὰ
3144 2055 3348 2119 ταῦτα,
3374 2057 3456 2108 δτι
3490 2057 3586 2108 καὶ

2007 2129 2433 2200 κολασθήσονται
2479 2133 2528 2184 οἰ
2578 2133 2780 2204 ταύτης
2821 2135 3026 2200 ἀνάξιοι
3061 2137 3160 2207 τῆς
3195 2137 3426 2206 δωρεᾶς,
3461 2155 3587 2209 πω·

2007 2217 2334 2282 ανεφωνεῖτο
2362 2215 2428 2268 δι’
2453 2217 2629 2285 ἡμᾶς,
2661 2217 2800 2270 ὥστε
2833 2219 3304 2290 σωφρονεστέρους
3328 2222 3582 2288 γενέσθαι

2003 2300 2117 2359 τοῖς
2148 2299 2586 2368 παραδείγμασιν
2617 2302 2864 2364 ἐκείνοις.
2895 2303 2986 2355 Διὸ
3020 2304 3114 2356 καὶ
3143 2304 3422 2374 ἐπήγαγεν
3441 2322 3454 2336 °
3479 2306 3586 2370 Εἰς

2003 2382 2070 2432 τὸ
2101 2379 2187 2448 μὴ
2213 2377 2366 2434 εἶναι
2399 2383 2558 2451 ἡμᾶς
2597 2385 2965 2452 ἐπιθυμητὰς
3006 2386 3228 2448 κακῶν,
3259 2387 3454 2452 καθὼς
3479 2389 3582 2442 κά-

2004 2461 2187 2515 κεῖνοι
2207 2465 2613 2534 ἐπεθύμησαν.
2637 2467 2853 2536 Ὥσπερ
2874 2468 2984 2539 γάρ
3009 2470 3069 2521 ἐν
3097 2471 3217 2532 ταῖς
3241 2471 3583 2539 εὐεργεσίαις

2001 2547 2050 2598 οί
2079 2546 2237 2599 τύποι
2268 2549 2586 2619 προέλαϐον,
2605 2551 2698 2604 καὶ
2719 2551 3086 2622 ἠκολούθησεν
3107 2555 3140 2622 ἡ
3170 2553 3417 2624 ἀλήθεια,
3439 2553 3581 2606 οὕτω

2001 2631 2096 2682 καὶ
2127 2631 2185 2681 ἐν
2208 2634 2330 2693 ταῖς
2363 2634 2652 2703 τιμωρίαις
2677 2635 2888 2702 ἕψεται.
2935 2636 3098 2706 Ὁρᾷς
3139 2635 3258 2698 πῶς
3284 2635 3578 2699 δείκνυσιν,

2001 2713 2098 2782 οὐχ
2129 2714 2208 2766 ὅτι
2239 2715 2669 2786 κολασθήσονται
2709 2719 2890 2788 μόνον,
2925 2719 3040 2771 ἀλλ’
3071 2721 3152 2772 ὅτι
3188 2720 3281 2772 καί
3317 2718 3578 2789 μειζόνως

2001 2795 2033 2864 ἠ
2059 2797 2284 2861 ἐκεῖνοι;
2308 2797 2368 2850 Εί
2391 2799 2497 2871 γὰρ
2523 2799 2582 2852 τὸ
2608 2801 2704 2869 μὲν
2727 2801 2915 2864 τύπος,
2937 2801 2998 2853 τὸ
3016 2801 3071 2854 δὲ
3092 2801 3336 2873 ἀλήθεια,
3363 2802 3576 2871 ἀνάγκη

2000 2881 2095 2930 καὶ
2134 2880 2191 2931 ἐν
2235 2883 2355 2944 ταῖς
2402 2883 2697 2952 τιμωρίαις
2737 2883 2939 2954 πολλὴν
2974 2880 3114 2938 εἶναι
3145 2885 3244 2955 τὴν
3280 2885 3574 2956 ὑπεροχὴν,

1999 2960 2187 3033 ὥσπερ
2220 2965 2313 3017 καὶ
2344 2967 2401 3016 ἐν
2433 2970 2553 3029 ταῖς
2587 2967 2836 3037 δωρεαῖς.
2873 2969 2983 3021 Kal
3017 2969 3210 3022 σκόπει
3242 2970 3405 3022 τίνων
3444 2970 3576 3022 καθ-

2001 3046 2230 3102 άπτεται
2273 3048 2520 3116 πρῶτον·
2558 3051 2665 3104 τῶν
2705 3053 2762 3106 ἐν
2791 3055 2904 3115 τοῖς
2944 3053 3234 3116 εἰδωλείοις
3267 3053 3573 3109 ἐσθιόντων.

1999 3129 2182 3184 Εἰπὼν
2208 3130 2336 3202 7&9,
2374 3131 2469 3200 Μὴ
2498 3129 2650 3188 εἷναι
2686 3136 3052 3206 ἐπιθυμητὰς
3090 3135 3314 3202 κακῶν,
3349 3139 3484 3208 ὅπερ
3508 3133 3575 3208 ἦν

1999 3213 2304 3278 καθολικὸν,
2361 3216 2556 3284 ἐπάγει
2597 3217 2692 3269 καὶ
2733 3218 2793 3270 τὸ
2836 3221 2956 3271 κατ’
3010 3215 3183 3282 είδος,
3233 3219 3446 3283 δεικνὺς
3493 3221 3573 3273 ὅτι

1997 3295 2227 3350 ’ἑκαστον
2255 3297 2361 3350 τῶν
2395 3299 2810 3370 ἁμαρτημάτων
2839 3303 2904 3354 ἐκ
2928 3303 3172 3372 πονηρᾶς
3204 3302 3425 3371 γέγονεν
3456 3306 3572 3356 ἐπιο

1997 3379 2219 3449 θυμίας·
2251 3382 2343 3434 καὶ
2370 3381 2586 3452 πρῶτον
2613 3383 2770 3436 τοῦτο
2796 3383 2920 3456 ἔφη·
2952 3385 3118 3452 Μηδέ
3150 3384 3571 3454 εἰδωλολάτραι

1995 3466 2235 3533 γίνεσθε
2253 3505 2268 3529 ,
2309 3465 2501 3532 καθώς
2531 3485 2690 3534 τινες
2718 3469 2949 3536 αὐτῶν,
2989 3470 3192 3539 ὥσπερ
3228 3470 3570 3539 τέτραπταιο

2009 3547 2322 3603 Ἐκάθισεν
2352 3552 2385 3602 ό
2417 3551 2566 3616 λαὸς
2597 3552 2809 3621 φαγεῖν
2836 3555 2932 3606 καὶ
2970 3555 3153 3616 πιεῖν,
3187 3555 3284 3607 καί
3317 3553 3566 3620 ἀνέστηο

1996 3647 2117 3682 σαν
2140 3629 2388 3690 παίζειν.
2413 3633 2690 3696 Ἤκουσας
2717 3634 2834 3698 πῶς
2859 3635 3043 3688 λοιπὸν
3059 3636 3154 3690 καὶ
3179 3635 3568 3706 είδωλολάτρας

1995 3713 2188 3778 καλεῖ;
2216 3713 2330 3766 ἀλλ’
2359 3714 2592 3768 ἐνταῦθα
2623 3717 2719 3785 μὲν
2746 3719 3180 3790 ἀποφαινόμενος
3199 3761 3214 3785 ,
3256 3718 3482 3791 ὕστερον
3511 3720 3567 3772 δὲ

1995 3797 2089 3848 καὶ
2117 3796 2562 3860 κατασκευάζων.
2591 3799 2699 3851 Kal
2727 3799 2825 3869 τὴν
2860 3802 3038 3854 αἰτίαν
3067 3801 3123 3854 δὲ
3147 3802 3379 3868 τέθεικε,
3409 3803 3475 3855 δι’
3502 3803 3567 3874 ἢν

1993 3881 2072 3942 είς
2094 3879 2193 3942 τὰς
2207 3879 2485 3950 τραπέζας
2505 3883 2716 3945 ἐκείνας
2745 3882 2964 3954 ἔτρεχον
2981 3901 2993 3914 ·
3021 3884 3159 3957 αὕτη
3176 3887 3232 3939 δὲ
3252 3883 3320 3958 ἦν
3344 3905 3565 3959 γαστριι

1995 3963 2222 4034 μαργία.
2255 3963 2453 4035 Διόπερ
2490 3964 2678 4029 εἰπὼν,
2716 3969 2813 4032 Εἰς
2839 3969 2906 4021 τὸ
2931 3966 3018 4036 μὴ
3050 3966 3203 4023 εἶναι
3249 3972 3408 4040 ἡμᾶς
3437 3974 3564 4025 ἐπι·-

1991 4047 2256 4116 θυμητὰς
2289 4047 2485 4100 κακῶν
2507 4089 2520 4112 ,
2558 4049 2651 4102 καὶ
2681 4050 2976 4119 ἐπαγαγὼν
2996 4092 3011 4115 ,
3046 4055 3212 4119 Μηδέ
3247 4055 3562 4108 alanna/ta"

1989 4147 2131 4198 τρας
2157 4131 2447 4200 γίνεσθαι,
2480 4132 2576 4202 τὴν
2599 4133 2777 4186 αἰτίαν
2805 4135 2906 4204 τῆς
2930 4136 3188 4206 τοιαύτης
3219 4140 3562 4208 παρανομίας

1988 4212 2200 4284 τίθησιν
2221 4233 2233 4247 ·
2265 4213 2402 4285 αὕτη
2431 4215 2487 4269 δὲ
2516 4212 2584 4277 ἦν
2607 4218 2638 4287 ὴ
2662 4221 3092 4290 γαστριμαργία.
3135 4221 3412 4276 Ἐκὰθισε
3429 4223 3559 4293 7&9.

1988 4297 2173 4365 φησὶν,
2205 4301 2238 4352 ὀ
2277 4299 2427 4366 λαὸς
2457 4301 2670 4371 φαγεῖν
2702 4303 2802 4356 καί
2840 4303 3020 4359 πιεῖν.
3066 4305 3175 4358 Kal
3215 4306 3276 4359 τὸ
3303 4307 3362 4373 ἐξ
3390 4308 3560 4376 αὐτῆς

1985 4380 2137 4444 τέλος
2163 4381 2534 4454 προστίθησιν,
2561 4386 2644 4438 ὅτι
2681 4386 3049 4454 Ἀνέστησαν
3073 4387 3318 4448 παίζειν.
3347 4389 3560 4462 Ὠσπερ

1985 4463 2093 4532 γὰρ
2127 4465 2344 4528 ἐκεῖνοι,
2387 4468 2570 4536 φησὶν,
2604 4469 2711 4521 ἀπὸ
2743 4470 2957 4541 τρυφῆς
2990 4473 3070 4532 είς
3113 4471 3558 4544 είδωλολατρείαν

1984 4545 2282 4616 ἐξέδησαν·
2314 4547 2457 4603 οὕτω
2495 4550 2646 4615 δέος,
2690 4553 2765 4622 μὴ
2812 4555 2906 4606 καὶ
2948 4553 3105 4623 ὑμεῖς
3141 4555 3394 4608 ἐντεῦθεν
3444 4560 3557 4611 ἐκΞί

1985 4629 2210 4699 πέσητε.
2240 4625 2392 4695 Εἶδες
2427 4633 2544 4696 πῶς
2578 4634 2746 4701 ἔδειξε
2791 4637 2918 4700 τοὺς
2961 4637 3122 4707 δῆθεν
3152 4638 3392 4703 τελείους
3431 4641 3556 4694 τούο

1980 4724 2104 4774 τους
2136 4711 2286 4785 [205]
2314 4715 2538 4768 ἐκείνων
2579 4718 3002 4790 ἀτελεστέρους;
3041 4719 3134 4784 οὓς
3183 4721 3445 4792 ἔπληττεν
3492 4725 3552 4776 οὐ

1979 4795 2154 4866 τούτῳ
2186 4798 2345 4866 μόνον
2377 4799 2455 4870 τῷ
2487 4802 2560 4872 μὴ
2589 4802 2992 4868 διαϐαστάζειν,
3033 4803 3168 4856 ἀλλὰ
3197 4806 3291 4856 καὶ
3323 4806 3400 4875 τῷ
3428 4807 3552 4870 τοὺς

1981 4878 2082 4949 μὲν
2110 4880 2220 4934 ἀπὸ
2242 4883 2486 4950 ἀγνοίας,
2515 4888 2642 4948 τοὺς
2669 4887 2726 4939 δὲ
2757 4888 2864 4939 ἀπὸ
2893 4889 3334 4959 γαστριμαργίας
3365 4891 3547 4960 ἀμαρ-

1977 4961 2164 5016 τάνειν
2189 4981 2202 4996 ·
2233 4966 2328 5018 καὶ
2365 4969 2464 5037 τῆς
2500 4969 2600 5037 μὲν
2630 4969 2856 5021 ἐκείνων
2895 4969 3172 5034 ἀπωλείας
3203 4972 3302 5042 τὴν
3332 4973 3551 5027 κόλασιν

1975 5045 2185 5110 τούτοις
2213 5047 2506 5115 λογίζεται,
2537 5049 2756 5113 τούτους
2780 5051 2836 5104 δὲ
2861 5052 2960 5106 οὐκ
2985 5053 3228 5124 ἀφίησιν,
3255 5056 3334 5119 εἰς
3362 5056 3548 5126 ἕτερον

1975 5131 2286 5198 ἀνενεγκεῖν
2307 5132 2406 5200 τῆς
2435 5133 2642 5194 οἰκείας
2667 5135 2942 5206 ἁμαρτίας
2962 5139 3061 5208 τὴν
3090 5140 3380 5209 πρόφασιν,
3411 5141 3544 5194 ἀλλά

1975 5213 2066 5268 καὶ
2089 5215 2189 5285 τῆς
2210 5217 2431 5269 ἐκείνων
2457 5216 2661 5290 βλάϐης
2687 5222 2780 5274 καὶ
2806 5222 2906 5292 τῆς
2929 5224 3135 5276 ἑαυτῶν
3159 5227 3356 5288 αὐτοὺς
3377 5226 3538 5277 ὑπευο

1975 5298 2166 5361 θύνους
2198 5299 2580 5367 ἀποφαίνεται.
2613 5305 2779 5374 Μηδέ
2809 5311 3210 5379 πορνεύωμεν,
3244 5309 3436 5374 καθώς
3462 5327 3542 5362 τι·

1971 5396 2076 5445 νες
2101 5379 2302 5434 αὐτῶν
2327 5382 2724 5451 ἐπόρνευσαν.
2757 5390 2914 5453 Τίνος
2942 5392 3128 5444 ἕνεκεν
3156 5393 3255 5461 τῆς
3283 5391 3540 5461 πορνείας

1971 5462 2204 5516 ἐνταῦθα
2247 5464 2521 5537 μέμνηται
2569 5469 2752 5533 πάλιν,
2796 5473 3035 5527 τοσαῦτα
3080 5475 3206 5542 περὶ
3227 5475 3394 5542 αὐτῆς
3437 5473 3538 5543 ἐμ-

1971 5545 2206 5628 προσθεν
2235 5546 2570 5617 διαλεχθείς;
2603 5549 2762 5614 Ἕθος
2781 5553 2868 5604 ἀεὶ
2896 5553 2975 5624 τῷ
3005 5555 3222 5624 Παύλῳ,
3244 5557 3372 5609 ὅταν
3399 5557 3537 5628 ὑπὲρ

1970 5627 2180 5680 πολλῶν
2205 5629 2619 5700 ἁμαρτημάτων
2651 5634 2877 5706 ἐγκαλῇ,
2902 5637 2996 5690 καὶ
3023 5638 3171 5704 τάξει
3201 5637 3343 5691 αύτά
3365 5627 3536 5692 διατιὲ

1969 5709 2119 5763 θέναι
2155 5713 2249 5764 καὶ
2294 5711 2417 5765 καθ’
2455 5713 2684 5767 ἕκαστον
2723 5719 2932 5772 ἐπιέναι
2976 5722 3086 5783 τοῖς
3128 5722 3532 5792 προκειμένοις,

1975 5792 2067 5844 καὶ
2111 5793 2272 5849 πάλιν
2303 5797 2359 5847 ἐν
2391 5797 2502 5860 τοῖς
2532 5799 2656 5862 περὶ
2699 5799 2898 5867 ἐτέρων
2925 5802 3101 5870 λόγοις
3133 5806 3226 5857 καὶ
3269 5805 3374 5858 τῶν
3404 5820 3530 5871 προ-
