4086 6214
498 228 602 286 [93

492 344 666 413 τέρων
709 338 1056 410 μεμνῆσθαιο
1084 340 1112 392 6
1142 338 1204 410 δὴ
1256 340 1350 392 καὶ
1392 339 1419 390 6
1448 334 1579 398 Θεὸς
1630 331 1802 385 ἐποίει
1835 330 1927 382 ἐπὶ
1947 406 1952 413 ί
1969 327 2070 392 τῆς

493 412 758 487 Παλαιᾶς,
791 423 913 477 καθ’
948 424 1174 476 ἕκαστον
1203 424 1311 476 τῶν
1351 415 1907 493 πεπλημμελημένων
1934 412 2067 465 ἀνα-

495 510 818 578 μιμνήσκων
837 506 932 559 τοῦ
957 507 1155 576 μόσχου
1175 506 1302 566 τοὺς
1331 502 1638 563 Ἰουδαίους,
1659 499 1752 552 καὶ
1773 497 1870 568 τὴν
1893 497 2071 578 ἀμαρ-

491 574 616 644 τίαν
658 574 876 657 ’ἐκείνην
921 574 1000 651 είς
1050 589 1211 656 μέσον
1254 589 1423 655 ἄγων.
1472 585 1642 637 Τοῦτο
1691 584 1868 636 τοίνυν
1912 574 2006 633 καὶ
2043 579 2072 631 6

493 674 706 736 ῐΙαῦλος
737 671 972 725 ἐνταῦθα
1013 673 1175 736 ποιεῖ,
1204 669 1342 739 όμυῦ
1372 686 1432 721 τε
1464 668 1680 736 ἐκείνης
1709 666 1903 728 αὐτοὺς
1942 665 2072 717 ἀναο

495 757 823 825 μιμνήσκων
875 754 974 822 τῆς
1022 752 1318 822 ἁμαρτίας,
1367 752 1462 803 καὶ
1506 749 1806 812 διδάσκων,
1857 749 1936 800 ὅτι
1976 745 2072 799 καὶ

491 838 649 889 τοῦτο
697 833 948 887 ἐντεῦθεν
1001 835 1194 905 ἐτέχθη
1238 835 1300 886 τὸ
1333 833 1535 896 κακὸν,
1577 833 1686 887 ἀπὸ
1723 831 1937 902 τρυφῆς
1979 829 2070 882 καὶ

489 919 949 989 γαστριμαργίας.
968 918 1059 970 Διὸ
1076 919 1170 972 κα)⁵
1190 919 1462 989 ἐπήγαγεο
1479 916 1647 985 Μηδὲ
1662 915 2066 982 πορνεύωμεν,

489 1000 683 1064 καθώς
715 1018 873 1066 τινες
905 1000 1105 1054 αὐτῶν
1148 1000 1561 1068 ἐπόρνευσαν,
1596 998 1694 1052 καὶ
1733 999 1960 1051 ἔπεσον
1999 997 2071 1050 ἐν

486 1083 593 1154 μιᾷ
632 1083 823 1154 ἡμέρᾳ
877 1084 1230 1152 εἰκοσιτρεῖς
1285 1083 1574 1152 χιλιάδες.
1624 1082 1845 1136 Καὶδιά
1890 1081 1942 1134 τί
1991 1079 2068 1150 μὴ

489 1167 672 1238 τίθησι
701 1167 796 1220 καὶ
825 1167 924 1238 τὴν
959 1167 1054 1220 ἐπὶ
1091 1168 1194 1237 τῆς
1219 1167 1667 1238 εἰδωλολατρείας
1696 1166 1922 1219 κόλασιν
1948 1182 1962 1228 ;
1998 1166 2069 1218 Ἢ

488 1251 678 1321 ἐπειδὴ
725 1251 882 1321 δῆλον
921 1247 989 1321 ἦν
1019 1252 1115 1304 καὶ
1161 1251 1515 1324 σαφέστερον·
1654 1240 1842 1322 ἐπειδὴ
1885 1249 2069 1320 πληγὴ

486 1335 723 1405 τοσαύτη
754 1336 814 1388 οὐ
846 1335 1037 1404 γέγονε
1066 1334 1211 1398 τότε,
1243 1336 1342 1406 ὅση
1375 1335 1467 1388 ἐπὶ
1498 1334 1594 1388 τοῦ
1626 1333 1873 1404 Βαλαάμ,
1905 1335 2069 1405 ἡνίκα

488 1418 852 1487 ἐτελέσθησαν
885 1417 963 1488 τῷ
998 1416 1338 1488 Βεελφεγὼρ,
1387 1418 1495 1471 τῶν
1534 1417 1929 1471 Μαδιανιτίδων
1969 1435 2068 1486 γυο

488 1500 693 1554 ναικῶν
730 1501 824 1553 ἐπὶ
848 1500 944 1570 τῆς
969 1499 1326 1571 παρατάξεως
1351 1499 1618 1568 φανεισῶν
1639 1500 1732 1553 καὶ
1763 1499 2070 1568 ἐφελκυσα-

492 1584 671 1653 μένων
716 1583 914 1646 αὐτοὺς
958 1584 1039 1645 εἰς
1087 1583 1377 1650 ἀσέλγειαν
1423 1581 1564 1635 κατὰ
1605 1582 1706 1652 τὴν
1755 1580 2070 1652 συμϐουλὴν

491 1668 738 1737 Βαλαάμ.
769 1667 893 1720 Ὅτι
930 1666 1038 1738 7&9
1079 1667 1172 1720 τοῦ
1220 1667 1449 1736 Βαλαὰμ
1478 1662 1546 1736 ῆν
1589 1668 1622 1737 ἡ
1670 1665 1883 1736 πονηρά
1929 1665 2068 1738 αὕτη

397 1765 400 1768 ·
493 1749 806 1820 συμϐουλὴ,
837 1749 988 1820 δηλοί
1017 1749 1259 1819 Μωῦσῆς
1305 1748 1446 1818 μετά
1489 1748 1665 1801 ταῦτα
1713 1747 1889 1817 λέγων
1923 1747 2072 1801 οὕτω

489 1835 628 1903 πρὸς
654 1833 732 1902 τῷ
762 1833 905 1884 τέλει
936 1830 1030 1884 τοῦ
1077 1830 1283 1900 βιϐλίου
1319 1830 1430 1882 τῶν
1471 1829 1745 1902 Ἀριθμῶν
1765 1846 1779 1860 ⁸
1807 1829 1918 1884 Καὶ
1965 1829 2072 1884 τὸν

489 1919 741 1985 Βαλαὰμ
783 1916 919 1968 υίύν
972 1912 1133 1980 Βεὼρ
1175 1911 1535 1966 ἀπέκτειναν
1580 1913 1650 1965 ἐν
1697 1912 1778 1976 τῷ
1831 1913 2071 1981 πολέμῳ

490 1999 733 2068 Μαδιάμ
757 1998 909 2067 μετὰ
947 1997 1063 2050 τῶν
1090 1995 1474 2066 τραυματιῶν
1493 2003 1513 2026 ⁸
1535 2035 1550 2058 ,
1591 1997 1690 2050 καὶ
1723 1995 1953 2065 ἤγαγον
1999 1998 2072 2051 τὰ

489 2081 714 2135 σκῦλα.
754 2081 864 2134 Καὶ
892 2079 1154 2148 ὠργίσθη
1181 2077 1471 2145 Μωῢσῆς,
1497 2078 1595 2131 καί
1625 2074 1812 2132 εἶπεν·
1847 2079 1982 2134 Ἵνα
2014 2079 2071 2131 τί

486 2164 857 2234 ἐζωγρήσατε
909 2163 1034 2218 πᾶν
1085 2161 1283 2231 θῆλυ;
1341 2158 1528 2216 Αὖται
1575 2163 1685 2231 γὰρ
1731 2158 1892 2232 ἦσαν
1944 2161 2069 2230 τοῖς

485 2245 640 2312 υίοῖς
683 2245 922 2314 Ἰσραὴλ
963 2247 1051 2311 εὶς
1079 2243 1454 2307 σκάνδαλον,
1488 2243 1640 2297 κατὰ
1668 2243 1734 2297 τὸ
1758 2243 1926 2313 ῥῆμα
1955 2243 2069 2298 Βα-

484 2329 668 2398 λαὰμ,
732 2330 840 2383 τοῦ
887 2327 1237 2394 ἀποστῆσαι
1287 2327 1386 2381 καί
1441 2327 1746 2395 ὑπεριδεῖν
1789 2327 1858 2381 τὸ
1905 2326 2070 2397 ῥῆμα

486 2414 707 2480 Κυρίου
745 2412 956 2466 ἕνεκεν
999 2409 1216 2480 Φεγώρ.
1276 2409 1442 2478 Μηδὲ
1480 2411 1911 2480 ἐκπειράζωμεν
1961 2412 2070 2466 τὸν

484 2496 765 2564 Χριστὸν,
797 2494 991 2560 καθὼς
1024 2494 1124 2548 καί
1153 2509 1312 2558 τινες
1343 2491 1544 2547 αὐτῶν
1572 2493 1926 2563 ἐπείρασαν,
1965 2494 2065 2549 καὶ

484 2579 607 2633 ὑπὸ
632 2577 751 2631 τῶν
776 2577 974 2646 ὄφεων
989 2577 1328 2630 ἀπώλοντο.

557 2660 626 2714 δ’.
661 2660 761 2713 Διά
794 2660 982 2713 τούτου
1011 2659 1172 2712 πάλιν
1195 2658 1380 2729 ἓτερον
1412 2657 1706 2712 αἰνίττεται
1739 2658 2010 2730 ἔγκλημα,
2036 2659 2065 2712 δ

486 2744 583 2797 καὶ
615 2744 751 2815 πρὸς
776 2743 854 2813 τῷ
878 2742 1021 2795 τέλει
1043 2743 1275 2812 τίθησιν,
1306 2741 1554 2809 ἐγκαλῶν
1585 2742 1790 2805 αὐτοῖς,
1815 2743 1896 2795 ὃτι
1932 2744 2060 2811 περὶ

486 2827 729 2897 σημείων
748 2826 1033 2896 ἐμάχοντο,
1053 2825 1147 2878 καὶ
1159 2823 1266 2877 τῶν
1287 2823 1608 2895 πειρασμῶν
1626 2825 1682 2878 δὲ
1701 2824 1888 2878 ἕνεκεν
1915 2826 2068 2894 ἐγόγ-

482 2907 648 2978 γυζον
668 2907 940 2976 λέγοντες,
966 2907 1102 2960 Πότε
1124 2905 1242 2978 ἥξει
1261 2905 1330 2960 τά
1354 2906 1556 2975 ἀγαθὰ,
1581 2906 1710 2959 πότε
1731 2907 1800 2960 τά
1825 2907 2061 2974 έπαθλα;

481 2992 576 3044 Διὸ
619 2992 715 3046 καὶ
749 2990 946 3058 ἐπάγει
986 2989 1188 3044 τούτων
1216 2989 1404 3042 ἕνεκεν
1442 2989 1822 3060 διορθούμενος
1865 2991 2063 3055 αὐτοὺς

482 3075 580 3129 καὶ
597 3075 798 3144 φοϐῶν·
817 3073 984 3142 Μηδὲ
1001 3070 1330 3143 γογγύζετε,
1349 3072 1543 3138 καθὼς
1562 3073 1664 3127 καί
1683 3091 1844 3141 τινες
1863 3074 2062 3128 αὐτῶν

479 3157 844 3228 ἐγόγγυσαν,
877 3156 974 3210 καί
1021 3155 1337 3210 ἀπώλοντο
1379 3156 1497 3210 ὑπὸ
1537 3155 1643 3210 τοῦ
1677 3157 2058 3224 ὀλοθρευτοῦ.

480 3241 618 3295 οὐδέ
644 3241 752 3312 7&9
777 3241 936 3294 τοῦτό
955 3242 1069 3293 ἐστι
1089 3239 1150 3292 τδ
1176 3237 1506 3310 ζητούμενον
1529 3239 1713 3310 μόνον,
1741 3235 1802 3292 τὸ
1831 3241 2060 3310 πάσχειν

480 3323 623 3394 ὑπὲρ
649 3323 742 3376 τοῦ
770 3321 1010 3395 Χριστοῦ
1033 3361 1049 3387 ,
1077 3322 1214 3377 ἀλλά
1238 3321 1331 3374 καὶ
1356 3321 1417 3374 τὸ
1445 3321 1708 3390 γενναίως
1733 3323 1801 3376 τά
1841 3323 2062 3377 ἐπιόντα

480 3407 690 3478 φέρειν,
723 3407 817 3461 καὶ
847 3407 966 3478 μεθ’
1002 3407 1197 3477 ἡδονῆς
1242 3405 1482 3476 ἀπάσης.
1515 3404 1685 3458 Τοῦτο
1712 3405 1821 3477 γάρ
1853 3408 2000 3459 ἐστιν
2032 3409 2061 3462 6

482 3489 745 3559 στέφανος
796 3490 977 3553 ἅπας·
1027 3490 1124 3554 ὠς,
1159 3489 1226 3542 ἂν
1271 3488 1348 3560 μὴ
1397 3488 1555 3542 τοῦτο
1599 3486 1670 3562 ᾖ,
1707 3491 1803 3543 καὶ
1840 3491 2061 3555 κόλασις

479 3573 672 3642 ἕψεται
692 3575 805 3636 τοῖς
826 3571 1306 3642 δυσανασχετοῦσι.
1337 3571 1436 3624 Διά
1465 3570 1625 3625 τοῦτο
1646 3575 1741 3626 καὶ
1762 3575 1810 3626 οἱ
1829 3573 2062 3628 ἀπόστο-

479 3656 561 3709 λοι
593 3655 982 3726 μαστιζόμενοι
1009 3655 1247 3725 ἔχαιρον,
1274 3655 1369 3706 καὶ
1395 3653 1603 3717 Παῦλος
1628 3654 1688 3708 ἐν
1725 3657 1839 3720 τοῖς
1863 3657 2060 3728 παθή-

483 3755 649 3808 μασιν
689 3738 979 3806 ἐκαυχᾶτο.
1028 3736 1233 3790 Πάντα
1268 3737 1336 3789 δὲ
1374 3737 1558 3790 ταῦτα
1606 3738 1869 3807 τυπικῶς
1911 3756 2062 3795 συν-

477 3819 721 3874 έϐαινον
738 3820 1012 3885 ἐκείνοις·
1031 3819 1258 3889 ἐγράφη
1275 3819 1344 3874 δὲ
1359 3821 1508 3888 πρὸς
1523 3824 1850 3877 νουθεσίαν
1867 3824 2055 3894 ἡμῶν.

477 3906 568 3971 εις
597 3903 706 3970 οὓς
732 3904 805 3958 τὰ
827 3904 971 3972 τέλη
995 3903 1110 3958 τῶν
1134 3903 1365 3959 αἰώνων
1388 3905 1751 3974 κατήντησε.

549 3995 720 4050 Πάλιν
772 3995 929 4064 φοϐεῖ
975 3996 1052 4067 τῷ
1089 3997 1158 4050 τά
1183 3997 1309 4068 τέλη
1340 3997 1540 4066 λέγειν,
1567 3999 1660 4052 καὶ
1693 3999 1917 4068 μείζονα
1948 4002 2059 4056 τῶν

476 4077 858 4147 γεγενημένων
887 4077 1184 4148 προσδοκᾷν
1215 4079 1636 4150 παρασκευάζει.
1671 4079 1793 4133 Ὅτι
1819 4081 1920 4151 μὲν
1950 4081 2058 4154 γὰρ

477 4160 722 4231 δώσομεν
751 4161 928 4230 δίκην,
954 4161 1061 4214 ἀπὸ
1082 4161 1189 4213 τῶν
1219 4163 1544 4231 εἰρημένων,
1583 4163 1737 4234 φησὶ,
1769 4163 1930 4235 δῆλον
1963 4166 2058 4219 καὶ

476 4251 586 4312 τοῖς
609 4247 898 4302 ἀπιστοῦσι
927 4251 1040 4311 τοίς
1084 4248 1212 4318 περὶ
1249 4249 1471 4318 γεέννης
1500 4249 1676 4318 λόγοις
1698 4251 1867 4324 [206]-
1896 4253 2057 4306 ὅτιδέ

477 4333 574 4386 καὶ
635 4331 1044 4403 χαλεπωτέραν,
1101 4330 1194 4400 ἀφ’
1245 4326 1317 4385 ῶν
1365 4332 1625 4386 πλειόνων
1664 4335 2056 4405 ἀπελαύσαμεν

474 4415 826 4484 εὐεργεσιῶν,
853 4415 946 4468 καὶ
968 4415 1059 4484 ἀφ’
1091 4408 1166 4467 ὧν
1199 4415 1382 4467 ἐκεῖνα
1411 4415 1592 4468 τύποι.
1621 4416 1685 4470 Et
1714 4415 1824 4487 7&9
1848 4419 1905 4470 ἐν
1933 4421 2054 4480 ταῖς

469 4499 703 4567 δωρεαῖς
729 4499 992 4568 ὑπεροχὴ,
1020 4498 1240 4568 εῠδηλον
1274 4500 1356 4552 ὅτι
1375 4499 1469 4552 καὶ¹
1493 4501 1551 4552 ἐν
1576 4505 1641 4570 τῇ
1680 4503 1938 4574 τιμωρίᾳ.
1957 4504 2055 4557 Διά

472 4580 750 4632 τοῦτοκαὶ
791 4583 992 4643 τύπους
1045 4583 1294 4649 ἐκάλεσε,
1344 4584 1434 4636 καὶ
1463 4583 1528 4636 δι’
1568 4587 1716 4654 ἡμᾶς
1743 4587 2052 4657 γεγράφθαι

470 4663 600 4734 ἔφη,
631 4663 725 4716 καί⁵
772 4663 959 4726 τέλους
1011 4665 1434 4734 ἐμνημόνευσεν,
1489 4666 1575 4719 ἵνα
1625 4669 1913 4742 ἀναμνήσῃ
1954 4671 2054 4742 τῆς

471 4748 799 4812 συντελείας.
841 4749 916 4801 Οὐ
943 4746 1048 4819 7&9
1108 4748 1356 4800 τοιαῦται
1404 4749 1526 4802 τότε
1571 4751 1628 4804 αἱ
1659 4754 1942 4825 τιμωρίαι,
1975 4757 2052 4822 ὡς

469 4833 563 4884 καὶ
598 4833 771 4903 πέρας
792 4831 1088 4903 λαμϐάνειν
1141 4831 1237 4885 καὶ
1273 4830 1659 4896 καταλύεσθαι,
1689 4834 1804 4888 ἀλλ’
1835 4837 2052 4905 αἰώνιος

468 4913 503 4983 ἡ
531 4914 770 4978 κόλασις.
808 4915 1018 4987 Ὠσπερ
1044 4914 1153 4985 7&9
1181 4916 1238 4968 αί
1270 4914 1506 4969 ἐνταῦθα
1560 4916 1810 4982 κολάσεις
1837 4921 1915 4992 τῷ
1943 4939 2049 4977 πα-

468 4995 620 5066 ρόντι
652 4999 1114 5066 συγκαταλύονται
1169 5000 1289 5070 βίῳ,
1319 4999 1493 5066 οὕτως
1541 5003 1597 5055 αί
1647 5004 1764 5056 ἐκεῖ
1786 5003 2050 5075 διηνεκῶς

359 5115 366 5121 .
467 5078 740 5148 μένουσιν.
801 5081 970 5132 Ὅταν
1019 5082 1076 5133 δέ
1127 5085 1278 5154 εῐπῃ,
1341 5087 1416 5138 Τὰ
1472 5084 1616 5153 τέλη
1644 5085 1760 5139 τῶν
1795 5087 2044 5155 αἰώνων,

465 5161 618 5216 οὐδὲν
645 5161 774 5216 ἄλλο
801 5162 968 5230 λέγει,
1001 5163 1032 5232 ἥ
1063 5164 1140 5215 ὅτι
1169 5165 1438 5234 ἐφέστηκε
1468 5168 1661 5222 λοιπὸν
1694 5169 1756 5222 τὸ
1781 5170 2048 5243 δικαστή-

467 5265 583 5320 ριον
608 5247 669 5302 τὺ
699 5246 949 5318 φοϐερόν.
979 5248 1159 5301 Ὥστε
1190 5252 1222 5302 ό
1248 5249 1442 5304 δοκῶν
1470 5253 1738 5319 ἑστάναι,
1765 5256 2046 5319 βλεπέτω

463 5335 546 5405 μὴ
569 5336 751 5404 πέσῃ.
802 5335 971 5390 Πάλιν
1023 5334 1204 5388 αὐτῶν
1234 5336 1325 5390 τὸν
1374 5337 1542 5406 τῦφον
1573 5341 1787 5395 καθεῖλε
1813 5343 1922 5396 τῶν
1949 5345 2043 5396 ἐπὶ

463 5421 530 5489 τῇ
561 5420 757 5488 γνώσει
801 5419 945 5490 μέγα
1004 5419 1364 5490 φρονούντων.
1419 5422 1480 5474 Εί
1536 5423 1645 5494 γὰρ
1677 5427 1726 5477 οί
1774 5427 2044 5479 τοσούτων

464 5502 872 5569 ἀπολαύσαντες
897 5505 1119 5559 τοιαῦτα
1171 5505 1392 5570 ἔπαθον,
1425 5508 1519 5559 καὶ
1546 5508 1596 5560 οἱ
1626 5509 1724 5579 μὲν
1753 5510 1892 5580 ὑπὲρ
1913 5527 2041 5578 γογ-

525 5730 544 5757 ⁹
570 5735 826 5801 tegebatur
850 5742 1097 5802 γυναικῶν.

1170 228 1231 280 S.
1267 220 1555 280 JOANMS
1589 209 2082 273 CURYSUSTOMI
2125 205 2448 268 AHCHIEP.
2489 210 3036 274 CUNSTANTINOP.

3647 223 3747 280 1θὸ

2177 330 2388 398 γυσμοῦ
2419 331 2578 402 μόνον
2606 332 2862 402 τοιαύτην
2887 333 3078 388 ἔδοσαν
3105 332 3284 404 δίκην,
3323 333 3373 386 οἱ
3399 334 3456 387 δὲ
3489 335 3630 408 ὑπὲρ
3658 335 3750 394 τοῦ

2175 413 2454 482 πειράσαι,
2501 417 2596 468 καὶ
2633 409 2756 470 οὔτε
2797 417 2858 468 τὸ
2889 415 3095 485 πλῆθος
3142 409 3460 488 ἐδυσὼπησε
3491 417 3578 471 τὸν
3599 420 3751 486 Θεὸν,

2170 493 2296 548 οὔτε
2331 498 2394 550 τὸ
2422 499 2680 552 τοιούτων
2706 501 3005 569 ἑπιτυχείν⁶
3029 492 3206 569 πολλῷ
3225 499 3424 570 μᾶλλον
3455 502 3543 570 ἐφ’
3573 501 3752 573 ἡμῶν,

2173 575 2238 634 ἂν
2260 581 2335 651 μὴ
2370 582 2651 654 νήφωμεν,
2685 582 2843 636 τοῦτο
2870 582 3040 636 ἐσται.
3073 583 3183 636 Καὶ
3225 583 3407 647 καλῶς
3455 580 3607 637 εἶπεν
3635 603 3648 616 ο
3690 585 3754 640 ’0

2171 661 2367 716 δοκῶν
2395 664 2661 722 ἑστάναι.
2695 665 2869 718 Τοῦτο
2896 665 3004 736 7&9
3049 666 3172 719 οὐδὲ
3209 666 3431 720 ἑστάναι
3479 670 3648 733 ἐστὶν,
3679 671 3754 734 ὡς

2171 746 2392 800 ἑστάναι
2415 748 2543 818 χρὴ,
2572 743 2634 802 τό
2671 749 2892 820 θαρρεῖν
2917 747 3113 819 ἑαυτῷ·
3143 749 3352 819 ταχέως
3381 751 3488 820 γὰρ
3515 753 3543 804 6
3577 747 3755 805 τοιοῦ-

2171 840 2262 893 τος
2297 835 2562 885 πεσεῖταιο
2593 833 2715 884 ἐπεὶ
2740 832 2833 884 καὶ
2856 833 3078 894 ἐκεῖνοι,
3106 832 3154 884 εί
3178 833 3253 902 μὴ
3279 831 3422 902 μέγα
3451 835 3757 906 ἐφρόνησαν

2171 913 2266 968 καὶ⁸
2318 911 2652 988 ἐθάρρησαν,
2692 907 2805 969 ἀλλ’
2849 910 2991 985 ἦσαν
3053 915 3505 986 κατεσταλμένοι,
3556 912 3658 971 οὐκ
3689 919 3758 973 ἂν

2172 1001 2345 1053 ταῦτα
2373 1000 2594 1053 ἔπαθον.
2627 999 2790 1052 Ὅθεν
2843 997 3022 1069 δῆλον,
3075 999 3157 1052 ὅτι
3204 992 3490 1063 ἀλαζονεία
3519 999 3758 1072 μάλιστα

2172 1076 2266 1135 καὶ
2298 1081 2540 1153 ῥᾳθυμία
2572 1083 2699 1154 ἑξῆς
2731 1079 2826 1136 καὶ
2850 1082 2883 1150 ἡ
2909 1079 3329 1152 γαστριμαργία
3374 1082 3581 1136 τούτων
3615 1081 3758 1136 είσὶν

2168 1165 2224 1216 αί
2247 1163 2420 1235 πηγαὶ
2437 1163 2548 1218 τῶν
2577 1165 2781 1219 κακῶν.
2815 1161 2977 1217 ’Ὥστε
3009 1166 3058 1217 εἰ
3083 1167 3176 1219 καὶ
3199 1165 3458 1236 ἕστηκας,
3485 1165 3754 1234 φυλάττου

2170 1247 2231 1300 τὸ
2265 1247 2340 1319 μὴ
2366 1243 2573 1303 πεσεῖν,
2609 1250 2684 1302 Τὸ
2703 1249 2810 1321 7&9
2839 1251 3071 1306 ἐνταῦθα
3089 1251 3279 1322 στῆναι
3308 1249 3408 1303 οὐκ
3426 1250 3572 1303 ἐστιν
3601 1249 3755 1304 ἑστά-

2171 1347 2258 1384 ναι
2290 1330 2542 1401 βεϐαίως,
2568 1325 2672 1397 ἕως
2711 1333 2777 1387 ἂν
2801 1327 3202 1405 ἀπαλλαγῶμεν
3239 1327 3347 1386 τῶν
3371 1332 3634 1404 κυμάτων
3658 1334 3754 1388 τοῦ

2173 1413 2436 1482 παρόντος
2457 1414 2596 1484 βίου,
2632 1415 2725 1468 καὶ
2771 1412 2907 1486 πρὸς
2937 1417 3027 1470 τὸν
3080 1413 3338 1470 εῦδιεινὸν
3359 1415 3755 1470 καταπλεύσω-

2173 1513 2272 1566 μεν
2293 1497 2508 1567 λιμένα.
2540 1499 2633 1568 Μὴ
2669 1498 2847 1552 τοίνυν
2875 1499 2967 1552 ἐπὶ
3015 1502 3080 1571 τῇ
3124 1500 3312 1553 στάσει
3366 1499 3550 1570 φρόνει
3587 1499 3751 1569 μέγα,

2171 1580 2307 1633 ἀλλά
2339 1580 2607 1648 φυλάττου
2635 1580 2732 1652 τὴν
2757 1581 2986 1634 πτῶσιν.
3022 1579 3086 1636 Εἰ
3120 1583 3228 1654 γὰρ
3256 1581 3466 1644 Παῦλος
3495 1582 3752 1648 δέδοικεν,

2170 1663 2198 1715 6
2225 1661 2444 1714 πάντων
2475 1663 2848 1734 στερρότερος,
2879 1663 3060 1734 πολλῷ
3116 1662 3316 1734 μᾶλλον
3348 1666 3496 1734 ἡμᾶς
3521 1665 3756 1717 δεδοικέ-

2171 1763 2260 1798 ναι
2289 1747 2416 1816 χρή.
2458 1746 2516 1798 Ὁ
2549 1743 2646 1816 μὲν
2670 1741 2763 1800 οῦν
2804 1743 3123 1811 Ἀπόστολος
3155 1748 3360 1816 ἔλεγεν,
3387 1749 3568 1802 Ὥστε
3595 1751 3627 1801 ὁ
3651 1747 3755 1802 6o-

2171 1829 2294 1884 κῶν
2325 1829 2596 1890 ἑστάναι.
2621 1831 2899 1894 ,ϐλεπέτω
2922 1831 3009 1901 μὴ
3065 1830 3247 1900 πέσῃ·
3303 1835 3466 1901 ἡμεῖς
3519 1832 3576 1884 δὲ
3630 1833 3755 1886 ούδέ

2169 1913 2326 1968 τοῦτο
2343 1913 2616 1984 δυνάμεθα
2642 1912 2832 1975 εἰπεῖν,
2861 1917 3098 1980 πάντων,
3132 1915 3208 1979 ὡς
3241 1915 3436 1979 εἰπεῖν,
3469 1915 3753 1968 πεπτωκό-

2169 2013 2277 2050 των
2309 1997 2400 2050 καὶ
2453 1997 2915 2067 κατεστρωμένων
2969 1997 3062 2050 καὶ
3091 1997 3266 2066 χαμαὶ
3297 1998 3587 2066 κειμένων.
3632 1998 3756 2050 Τίνι

2169 2083 2279 2150 γάρ
2311 2081 2450 2132 εῐπω
2469 2079 2626 2132 τοῦτο
2645 2099 2658 2146 ;
2675 2080 2750 2150 τῷ
2780 2081 3079 2150 ἀρπάζοντι
3106 2081 3227 2134 καθ’
3254 2081 3751 2151 ἑκάστηνήμέρανε

2171 2164 2308 2218 ἀλλά
2337 2167 2514 2218 κεῖται
2547 2164 2691 2234 μέγα
2732 2167 2932 2234 πτῶμα
2986 2163 3188 2218 πεσών.
3227 2161 3388 2218 Ἀλλά
3420 2164 3497 2234 τῷ
3527 2164 3752 2236 πόρνῳς

2170 2247 2306 2300 ἀλλά
2330 2247 2584 2320 ἔρριπται
2614 2246 2809 2316 χαμαί.
2851 2245 3014 2298 Ἀλλά
3040 2246 3117 2316 τῷ
3156 2245 3440 2316 μεθύοντι;
3479 2246 3615 2300 ἀλλά
3657 2248 3754 2299 καὶ

2169 2331 2333 2394 αὐτὸς
2365 2332 2569 2384 κεῖταισ
2607 2331 2701 2383 καὶ
2733 2331 2876 2394 οὐδὲ,
2927 2331 3008 2383 ὅτι
3064 2332 3262 2395 κεῖται,
3294 2325 3456 2384 οῐδεν.
3483 2332 3643 2383 ’Ὥστε
3689 2332 3750 2383 οὐ

2168 2413 2358 2468 τούτου
2399 2412 2586 2484 καιρὸς
2611 2412 2704 2466 τοῦ
2745 2413 3008 2484 ῥήματος,
3036 2413 3151 2466 ἀλλ’
3179 2414 3386 2466 ἐκείνου
3411 2411 3504 2466 τοῦ
3537 2431 3751 2484 7:90:91;—

2166 2495 2344 2560 τικοῦ,
2379 2496 2408 2550 δ
2437 2496 2691 2566 καὶπρὸς
2748 2494 3034 2558 Ἰουδαίους
3067 2496 3242 2564 ἔλεγε·
3307 2495 3402 2564 Μὴ
3441 2499 3474 2550 ό
3518 2498 3752 2549 πίπτων

2167 2583 2280 2636 οὐκ
2307 2582 2660 2645 ἀνίσταται;
2692 2579 2804 2634 Καὶ
2833 2579 2944 2650 γάρ
2979 2578 3468 2643 ἅπαντεςκεῖνται,
3496 2580 3585 2631 καὶ
3614 2582 3741 2633 ἀνα.

2170 2665 2362 2735 στῆναι
2412 2665 2474 2717 οὐ
2510 2663 2813 2734 βούλονται.
2851 2665 3012 2717 Ὥστε
3060 2667 3094 2734 ἡ
3159 2663 3441 2735 προτροπὴ
3475 2665 3604 2732 ἡμῖν
3653 2663 3750 2732 οὐχ

2167 2749 2308 2820 ὑπὲρ
2339 2743 2431 2802 τοῦ
2459 2747 2534 2818 μὴ
2567 2749 2777 2812 πεσεῖν,
2806 2747 2920 2800 ἀλλ’
2967 2747 3106 2818 ὑπὲρ
3151 2745 3247 2799 τοῦ
3299 2747 3425 2810 τοὺς
3467 2745 3748 2814 κειμένους

2165 2830 2458 2901 δυνηθῆναι
2491 2830 2807 2899 ἀναστῆναι.
2874 2829 3222 2900 Ἀναστῶμεν
3274 2829 3456 2882 τοίνυν
3494 2827 3589 2896 ὀψὲ
3618 2827 3746 2895 γοῦν

2167 2930 2320 2979 ποτε,
2358 2914 2651 2983 ἀγαπητοὶ,
2676 2912 3022 2980 ἀναστῶμεν,
3058 2914 3154 2965 καὶ
3203 2911 3419 2982 στῶμεν
3471 2910 3744 2978 γενναίως.

2164 2997 2342 3068 Μέχρι
2403 2996 2545 3058 τίνος
2592 2995 2855 3065 κείμεθα;
2906 2995 3070 3066 μέχρι
3128 2994 3272 3059 τίνος
3325 2994 3630 3065 μεθύομεν,
3675 2995 3744 3062 τῇ

2164 3078 2333 3150 πολλῇ
2362 3077 2472 3132 τῶν
2497 3076 2767 3149 βιωτικῶν
2794 3077 3060 3148 ἐπιθυμίᾳ
3084 3078 3500 3148 κεκαρωμένοι;
3548 3072 3745 3128 Εὔκαι-

2165 3179 2258 3234 ρον
2297 3161 2392 3215 καλ⁸
2425 3161 2520 3214 νῦν
2548 3162 2742 3214 εἰπεῖν·
2772 3160 2914 3232 Πρὸς
2939 3160 3060 3213 τίνα
3089 3160 3305 3231 λαλήσω
3330 3161 3424 3211 καὶ
3449 3156 3750 3228 διαμαρτύ-

2164 3261 2358 3316 ρομαι;
2393 3242 2535 3299 οὕτω
2563 3244 2761 3307 πάντες
2794 3245 2890 3296 καὶ
2929 3243 3065 3315 πρὸς
3091 3243 3261 3312 αὐτὴν
3293 3243 3390 3312 τῆς
3415 3243 3616 3312 ἀρετῆς
3646 3241 3752 3307 τὴν

2161 3327 2508 3381 διδασκαλίαν
2542 3327 2650 3379 εἰσὶ
2681 3325 3100 3396 κεκωφωμένοι,
3122 3327 3216 3378 καὶ
3255 3325 3468 3378 πολλῶν
3497 3322 3750 3376 ἐντεῦθεν

2163 3410 2612 3481 ἐμπεπλησμένοι
2642 3409 2858 3464 κακῶνι
2894 3409 3003 3461 Καὶ
3033 3409 3081 3460 εἰ
3110 3407 3208 3471 τὰς
3237 3407 3416 3478 ψυχὰς
3437 3409 3648 3478 γυμνὰς
3676 3401 3743 3476 ῆν

2165 3494 2314 3560 ίδεῖν,
2359 3493 2610 3563 καθάπερ
2630 3493 2724 3546 ἐπὶ
2751 3492 2860 3546 τῶν
2897 3492 3276 3562 στρατοπέδων
3310 3493 3409 3562 τῆς
3468 3490 3744 3562 συμϐολῆς

2161 3577 2558 3649 παρελθούσης,
2582 3577 2708 3640 τοὺς
2736 3577 2836 3646 μὲν
2873 3576 3099 3646 νεκροὺς
3128 3577 3243 3629 ἐστι
3271 3575 3590 3637 θεάσασθαι,
3617 3575 3744 3636 τοὺς

2158 3663 2216 3716 δέ
2241 3661 2810 3734 τετραυματισμένους
2831 3657 3006 3732 [207],
3029 3659 3171 3714 οὕτω
3189 3663 3284 3713 καὶ
3300 3663 3392 3714 ἐπὶ
3408 3661 3507 3729 τῆς
3523 3663 3742 3734 Ἐκκληο

2162 3747 2283 3810 σίας
2310 3747 2522 3816 εἴδομεν
2551 3746 2636 3800 ἄν.
2675 3744 2767 3797 Διὸ
2820 3744 3011 3814 δέομαι
3055 3745 3148 3797 καὶ
3206 3746 3530 3816 παρακαλῶ,
3582 3752 3743 3820 χεῖρα

2160 3834 2406 3906 ἀλλήλοις
2441 3831 2716 3904 ὀρέξωμεν
2745 3832 2840 3886 καὶ
2894 3831 3286 3903 διαναστῶμεν.
3344 3835 3453 3886 Καὶ
3485 3833 3592 3904 γὰρ
3625 3835 3742 3904 ἐγὼ

2161 3919 2266 3972 τῶν
2293 3916 2649 3987 πεπληγότων
2697 3915 2834 3985 είμὶ,
2864 3915 2957 3968 καὶ
3017 3913 3284 3985 δεομένων
3328 3914 3420 3967 τοῦ
3469 3917 3741 3988 φάρμακα

2160 4004 2529 4075 ἐπιθήσοντος.
2567 4000 2726 4054 Ἀλλά
2774 4000 2850 4071 μὴ
2904 4001 3189 4077 ἀπογνῶτε
3223 4000 3312 4055 διά
3344 4001 3522 4055 τοῦτο·
3553 4007 3601 4057 εί
3629 4006 3740 4078 7&9

2159 4093 2252 4146 καὶ
2275 4090 2509 4162 χαλεπαὶ
2565 4089 2622 4143 αἱ
2671 4087 2902 4159 πληγαὶ,
2941 4087 3057 4140 ἀλλ’
3087 4090 3186 4142 οὐκ
3215 4089 3445 4144 ἀνίατοι.
3485 4090 3738 4157 Τοιοῦτος

2159 4179 2363 4252 ήμῶνό
2403 4179 2605 4250 ἱατρός·
2660 4177 2819 4250 μόνον
2867 4175 3183 4246 αἰσθώμεθα
3227 4177 3336 4229 τῶν
3384 4180 3733 4248 τραυμάτων,

2159 4267 2262 4320 κᾶν
2291 4269 2372 4330 είς
2399 4266 2531 4320 αὐτὸ
2560 4265 2622 4318 τὸ
2651 4265 2878 4335 ἔσχατον
2901 4263 3146 4334 ἔλθωμεν
3170 4263 3272 4333 τῆς
3301 4265 3513 4329 κακίας,
3536 4265 3734 4330 πολλάς

2156 4355 2308 4418 ὁδοὺς
2355 4354 2540 4425 τέμνει
2589 4351 2861 4422 σωτηρίας
2913 4352 3065 4422 ἡμῖν.
3093 4349 3214 4404 Κᾶν
3263 4350 3371 4422 7&9
3403 4351 3477 4422 τῷ
3508 4351 3735 4422 πλησίον

2156 4443 2300 4513 ἀφῇς
2349 4441 2540 4512 ὀργὴν,
2584 4438 2917 4510 ἀφεθήσεταί
2966 4455 3048 4490 σοι
3087 4437 3553 4508 πλημμελήματα’
3592 4441 3736 4494 Ἐὰν

2157 4531 2267 4600 γὰρ
2319 4527 2533 4598 ἀφῆτε,
2581 4526 2738 4596 φησὶ,
2801 4524 2923 4591 τοῖς
2981 4523 3332 4593 ἀνθρώποις,
3372 4526 3597 4594 ἀφήσει
3633 4529 3734 4582 και

2155 4615 2299 4686 ὑμῖν
2324 4617 2356 4669 ό
2381 4613 2584 4682 Πατὴρ
2607 4609 2775 4684 ὑμῶν
2800 4616 2833 4666 ό
2853 4611 3153 4682 οὐράνιος.
3185 4612 3302 4666 Κᾶν
3361 4613 3734 4686 ἐλεημοσύνην

2153 4705 2280 4775 δῷς,
2313 4706 2656 4773 συγχωρήσει
2676 4717 2758 4754 σοι
2783 4701 2850 4754 τά
2881 4700 3256 4771 ἁμαρτήματα
3275 4717 3289 4730 ο
3327 4699 3444 4766 Τὰς
3458 4703 3566 4772 γὰρ
3591 4703 3733 4756 ἀνο.

2147 4789 2289 4857 μίας
2311 4803 2451 4854 σου,
2484 4785 2751 4857 φησὶν,ὲν
2769 4783 3236 4854 ἐλεημοσύναις·
3261 4784 3581 4852 λύτρωσαι.
3613 4785 3733 4838 Κᾶν

2153 4870 2282 4944 εὔξῃ
2329 4869 2661 4934 σπουδαίως,
2716 4866 3045 4930 ἀπολαύσεις
3085 4867 3352 4933 ἀφέσεως.
3403 4869 3514 4920 Καὶ
3577 4867 3733 4920 τοῦτο

2149 4955 2418 5010 δείκνυσιν
2445 4956 2479 5025 ἡ
2509 4955 2651 5024 χήρα
2679 4953 2713 5022 ἡ
2739 4951 2833 5004 τὸν
2879 4949 3029 5020 ὠμὸν
3079 4951 3286 5003 ἐκεῖνον
3325 4949 3586 5019 δικαστὴν
3613 4952 3732 5002 ἐπι-

2150 5041 2419 5111 κάμψασα
2449 5041 2516 5108 τῇ
2549 5036 2799 5108 συνεχείᾳ
2841 5035 2941 5106 τῆς
2977 5034 3292 5098 ἐντεύξεως.
3340 5034 3460 5088 Κᾶν
3487 5051 3728 5104 κατηγο-

2151 5126 2324 5196 ρήσῃς
2357 5123 2466 5177 τῶν
2487 5121 2921 5193 ἁμαρτημάτων,
2960 5118 3104 5189 ἔχεις
3137 5116 3524 5190 παραμυθίανο
3575 5119 3727 5187 Λέγε

2148 5209 2257 5276 γὰρ
2288 5207 2370 5259 σὺ
2399 5205 2505 5270 τὰς
2521 5204 2808 5273 ἁμαρτίας
2835 5217 2952 5257 σου
2969 5201 3223 5271 πρῶτος,
3255 5203 3355 5256 ἵνα
3381 5200 3723 5268 δικαιωθῇς.

2148 5295 2264 5351 Κᾶν
2298 5294 2696 5363 σκυθρωπάσῃς
2723 5293 2864 5362 ὑπὲρ
2895 5291 3119 5356 τούτων,
3155 5292 3250 5345 καὶ
3279 5291 3439 5344 τοῦτό
3471 5307 3552 5345 σοι
3584 5293 3723 5361 φάρ-

2149 5397 2322 5450 μακον
2360 5378 2511 5430 ἔσται
2547 5379 2799 5446 μέγιστον
2825 5390 2838 5405 ·
2863 5371 3046 5429 Εἶδον
3076 5375 3206 5446 γὰρ,
3233 5375 3416 5445 φησὶν,
3445 5375 3534 5428 ὅτι
3581 5375 3722 5428 ἐλυ-

2145 5463 2306 5530 πήθη
2341 5462 2438 5516 καί
2481 5460 2772 5528 ἐπορεύθη
2827 5459 3112 5530 στυγνὸς,
3163 5461 3261 5514 καί
3316 5460 3578 5531 ἰασάμην
3618 5460 3728 5525 τὰς

2209 5739 2522 5806 ﬁngebatur
2549 5741 2679 5804 φησὶ,
2715 5740 3025 5804 ἐλεημοσύνη.
