4086 6214
409 309 518 362 193

393 422 577 476 tlatnui
609 423 754 494 ipsos
778 424 1040 480 obnoxios
1068 427 1399 496 pronuntiat.
1436 427 1615 499 Neque
1645 430 1984 500 fornicemur,

391 513 526 566 sicut
548 513 756 579 quidam
785 531 848 568 ex
871 515 996 584 ipsis
1023 517 1263 587 fornicati
1287 526 1424 572 sunt.
1449 517 1626 584 Quare
1648 519 1734 573 hic
1755 519 1988 575 fornica-

393 609 599 660 tionem
627 619 915 672 memorat,
943 623 1064 662 cum
1089 608 1156 663 de
1186 610 1274 664 illa
1312 619 1467 665 antea
1491 619 1694 665 tantum
1723 611 1990 667 disserue-

390 698 501 751 rit?
529 697 645 752 Mos
671 709 754 753 est
783 713 999 768 semper
1041 699 1226 766 Paulo,
1260 715 1381 755 cum
1429 701 1497 756 de
1541 702 1724 756 multis
1768 713 1989 757 accusat

389 789 650 857 peccatis,
688 789 876 842 ordine
905 788 995 843 illa
1020 804 1222 859 ponere
1263 800 1317 845 et
1364 792 1637 862 proposita
1684 792 1986 862 singulatim

389 881 643 950 persequi
666 897 681 944 ;
710 895 772 934 ac
799 895 984 935 rursus
1008 881 1095 936 ubi
1119 881 1184 936 de
1205 883 1323 937 aliis
1346 883 1600 953 loquitur,
1625 885 1804 954 priora
1828 886 1986 940 etiam

390 981 655 1041 repetere.
692 972 844 1040 Quod
875 973 1015 1028 Dens
1044 989 1258 1044 quoque
1289 975 1519 1030 faciebat
1549 977 1602 1031 in
1655 977 1838 1033 Veteri
1888 979 1989 1033 Te-

386 1071 698 1127 ammento;
731 1064 782 1117 in
813 1064 1034 1134 singulis
1062 1064 1273 1120 delictis
1303 1067 1523 1121 vitulum
1550 1067 1750 1122 Judzeis
1781 1085 1989 1124 memo-

388 1152 563 1214 rabat.
593 1161 648 1207 et
679 1153 807 1206 illttd
839 1165 1113 1222 peccatum
1165 1155 1214 1209 in
1244 1155 1476 1210 medium
1504 1157 1821 1212 adducebat.
1873 1159 1985 1216 Hoc

388 1246 571 1315 itaque
599 1254 654 1300 et
683 1244 878 1300 Paulus
906 1245 993 1302 hic
1016 1246 1172 1314 facit,
1203 1248 1331 1302 illud
1357 1250 1514 1304 simul
1557 1265 1985 1310 commemorans

385 1348 693 1405 peccatum,
723 1348 778 1394 et
799 1339 1001 1395 docens
1031 1339 1133 1395 hoc
1163 1342 1426 1410 prodiisse
1453 1357 1520 1397 ex
1540 1343 1746 1399 deliciis
1765 1354 1820 1400 et
1838 1345 1978 1414 gula.

384 1430 728 1499 QuaprOpter
777 1432 1012 1501 adjecit:
1047 1431 1224 1506 Neque
1267 1435 1732 1503 fornicemur,sicut
1775 1437 1982 1507 quidam

383 1538 562 1576 eorum
592 1524 829 1593 fornicati
852 1533 990 1590 sunt,
1037 1535 1084 1578 et
1111 1526 1393 1580 ceciderunt
1434 1545 1535 1581 una
1563 1529 1644 1582 die
1667 1529 1844 1599 viginti
1884 1531 1981 1582 tria

385 1613 574 1666 millia.
611 1613 676 1667 Et
700 1629 794 1668 cur
814 1630 918 1669 non
940 1617 1089 1685 ponit
1104 1619 1262 1672 etiam
1287 1617 1600 1673 idololatria:
1618 1620 1979 1688 punitionem?

382 1705 493 1758 Ant
519 1705 641 1774 quia
671 1706 872 1760 clarum
911 1717 1026 1762 erat
1050 1717 1104 1762 et
1143 1709 1481 1764 manifestum
1517 1729 1530 1764 :
1559 1720 1650 1764 aut
1679 1711 1802 1781 quia
1854 1719 1978 1766 tunc

385 1796 541 1867 plaga
579 1813 684 1851 non
716 1807 859 1852 tanta
893 1797 1012 1865 fuit,
1053 1810 1246 1870 quanta
1296 1801 1529 1856 Balaami
1564 1811 1822 1871 tempore.
1853 1817 1974 1856 cum

384 1889 581 1942 initiati
609 1898 735 1942 sunt
777 1889 1128 1960 Beelpbegor,
1172 1890 1524 1945 Madianiticis
1569 1891 1883 1946 mulieribus
1922 1893 1973 1946 in

380 1984 559 2035 aciem
589 1980 968 2036 accedentibus
1015 1983 1263 2052 ipsosque
1288 1983 1354 2036 ad
1387 1982 1660 2037 libidinem
1687 1983 1974 2038 allicienti-

382 2073 507 2138 bus,
557 2074 852 2128 secumlnm
895 2074 1126 2128 Balaami
1180 2075 1478 2130 consilium.
1530 2074 1660 2129 Nam
1701 2076 1844 2146 quod
1874 2077 1974 2132 hoc

383 2164 588 2218 malum
646 2165 928 2220 consilium
979 2165 1210 2220 Balaami
1259 2178 1423 2231 esset,
1479 2167 1719 2222 declarat
1765 2167 1972 2242 Moyses

381 2266 571 2326 postea
602 2258 786 2312 dicens
810 2259 860 2312 itt
895 2258 998 2313 line
1027 2260 1145 2314 libri
1173 2260 1527 2318 Numerorum
1561 2281 1573 2318 :
1605 2261 1820 2318 Balaam
1844 2279 1969 2331 quo-

377 2369 478 2421 que
502 2353 668 2421 ﬁlium
696 2351 828 2405 Beor
868 2354 1160 2406 occiderunt
1207 2355 1260 2408 in
1305 2355 1434 2409 bello
1482 2355 1695 2409 Madlan
1718 2373 1833 2410 cum
1855 2358 1970 2408 vnl-

385 2440 610 2501 iteratis,
643 2451 689 2494 et
713 2442 1036 2499 adduxerunt
1059 2444 1241 2512 spolia.
1275 2442 1339 2498 Et
1367 2445 1527 2499 iratus
1555 2455 1627 2500 est
1659 2445 1858 2518 Moyses
1881 2488 1896 2510 ,
1921 2457 1969 2500 et

376 2531 513 2586 dixit
538 2549 558 2586 :
596 2532 697 2587 Cur
720 2534 858 2588 vivas
906 2535 1106 2605 cepistis
1158 2553 1328 2590 omnes
1376 2539 1645 2595 mulieres?
1674 2537 1812 2608 Ipsa,
1836 2541 1968 2594 enim

374 2633 526 2676 erant
573 2624 694 2692 ﬁliis
723 2623 892 2680 Israel
936 2627 989 2680 in
1011 2626 1308 2680 scandalum
1337 2630 1611 2684 secundum
1642 2629 1838 2682 verbum
1864 2629 1968 2683 Ba-

375 2715 539 2779 laam,
568 2724 620 2767 ut
644 2714 914 2783 deﬁcerent
933 2726 986 2770 et
1015 2717 1324 2789 despicerent
1368 2719 1570 2772 verbum
1613 2717 1820 2773 Domini
1844 2739 1964 2791 pro-

374 2819 490 2876 pter
508 2806 717 2878 Phegar
746 2806 946 2878 (Num.
979 2810 1067 2865 51.
1098 2810 1152 2866 8.
1183 2810 1269 2864 14.
1301 2811 1422 2880 16),
1447 2810 1500 2866 9.
1529 2809 1706 2882 Neque
1724 2821 1964 2867 tentenms

371 2897 652 2964 Christum,
682 2901 812 2953 sicut
838 2901 1044 2969 quidam
1071 2917 1243 2956 eorum
1285 2911 1596 2956 temaverunt
1624 2913 1668 2958 et
1705 2919 1737 2956 a
1760 2920 1964 2974 serpen-

373 2990 506 3043 tibus
549 2990 824 3060 perierunt.

446 3084 500 3136 4.
533 3081 634 3137 Per
661 3082 763 3137 hoc
792 3098 980 3138 rursus
1005 3081 1149 3137 aliud
1194 3083 1502 3139 subindicat
1545 3083 1768 3147 crimen,
1822 3085 1961 3156 quod

371 3174 534 3228 etiam
568 3174 620 3228 in
652 3174 754 3229 line
781 3176 949 3244 ponit,
980 3189 1238 3230 accusans
1268 3175 1388 3228 illos
1417 3173 1558 3244 quod
1578 3175 1646 3230 de
1671 3175 1834 3245 signis
1858 3192 1960 3244 pu-

369 3277 618 3336 gnarent,
659 3277 712 3322 et
746 3277 964 3338 propter
1005 3268 1325 3322 tentatioues
1350 3277 1749 3321 murmurarent
1771 3267 1957 3322 dicen-

371 3371 453 3416 tes
485 3380 498 3416 :
530 3361 754 3429 Quando
774 3362 989 3416 venient
1017 3360 1190 3414 bona?
1211 3360 1424 3429 quando
1457 3361 1706 3429 prmmia?
1732 3359 1958 3431 Ideoque

369 3454 646 3522 subjungit
675 3453 794 3507 illos
814 3452 1088 3522 corrigens
1116 3465 1179 3506 ac
1211 3459 1420 3506 terrens
1453 3467 1467 3504 :
1499 3452 1586 3505 l0.
1611 3449 1788 3522 Neque
1817 3469 1956 3506 mur-

368 3545 709 3611 muraveritis,
755 3544 884 3598 sicut
933 3543 1141 3613 quidam
1175 3558 1347 3596 eorum
1392 3553 1864 3607 murmuraverunt,
1909 3553 1957 3597 et

368 3637 624 3706 perimat
661 3636 725 3689 ab
763 3636 1168 3688 exterminatore.
1191 3633 1308 3687 Non
1333 3633 1505 3688 solum
1531 3633 1674 3688 enim
1703 3633 1957 3702 qua~rltur

370 3728 476 3796 pati
501 3743 596 3797 pro
614 3725 850 3791 Christo,
873 3725 966 3780 sed
994 3723 1151 3778 etiam
1174 3739 1294 3792 quae
1314 3723 1561 3778 accidunt
1582 3723 1789 3779 fortiter
1817 3724 1955 3780 ferre

366 3829 422 3872 et
442 3833 563 3873 cum
594 3818 740 3872 omni
767 3816 1057 3885 voluptate.
1085 3813 1199 3869 Hoc
1225 3822 1306 3869 est
1325 3815 1466 3870 enim
1485 3816 1702 3869 omnino
1723 3830 1950 3882 corona;

365 3919 428 3964 ut
485 3910 532 3964 si
569 3909 673 3964 hoc
718 3925 824 3963 non
856 3907 1034 3972 fuerit,
1067 3922 1225 3976 paena
1279 3909 1439 3962 etiam
1469 3918 1723 3977 sequatur
1749 3924 1842 3964 eos
1863 3911 1951 3980 qtti

364 4016 516 4070 aegre
545 4000 732 4054 ferunt.
763 3999 885 4054 Ideo
910 4001 1137 4068 apostoli
1162 3999 1340 4070 ﬂagris
1366 4001 1489 4055 ctesi
1529 4000 1831 4070 gaudebant
1851 4044 1865 4068 ,
1899 4013 1954 4058 et

367 4091 574 4146 Paulus
597 4091 648 4143 in
677 4089 1045 4145 afﬂictionibus
1073 4090 1421 4160 gloriabatur.
1475 4091 1564 4145 11.
1611 4089 1740 4144 Hcec
1783 4103 1951 4150 autem

359 4181 546 4236 omnia
573 4182 623 4234 in
652 4181 813 4251 ﬁgura
843 4180 1201 4250 contingebant
1232 4182 1377 4248 illis;
1405 4181 1597 4252 scripta
1624 4192 1740 4236 sunt
1783 4194 1950 4238 autem

359 4273 436 4326 ad
461 4273 824 4342 correptionem
851 4281 1096 4338 nostram,
1120 4273 1188 4326 ad
1207 4288 1333 4343 quos
1372 4273 1500 4341 ﬁnes
1522 4273 1820 4328 saeculorum
1861 4276 1949 4330 de-

355 4375 624 4420 uenerunt.

434 4457 611 4512 Preme
637 4462 824 4528 fatum
849 4467 1000 4513 erunt
1026 4469 1246 4513 veterna.
1271 4488 1340 4498 —
1362 4457 1566 4514 Rursus
1592 4468 1757 4516 terret
1786 4462 1944 4516 linem

357 4562 692 4614 memorans,
719 4559 771 4603 et
804 4549 869 4602 ad
892 4548 1095 4618 majora
1125 4548 1392 4618 prioribus
1421 4550 1776 4619 exspectanda
1807 4567 1946 4622 prte-

357 4647 530 4710 parat.
558 4637 691 4692 Nam
725 4638 866 4709 quod
895 4652 1081 4709 pmnas
1120 4639 1294 4693 daturi
1333 4639 1520 4706 simus,
1549 4657 1618 4696 ex
1650 4641 1828 4709 dictis,
1859 4642 1944 4696 in-

353 4731 490 4798 quit,
513 4729 732 4800 planum
760 4738 844 4784 est
865 4731 1024 4785 etiam
1057 4729 1123 4783 iis
1145 4731 1232 4800 qui
1256 4729 1325 4785 de
1343 4730 1587 4801 gehenna
1609 4731 1764 4787 dictis
1786 4733 1941 4788 iidem

355 4837 464 4875 non
491 4819 726 4886 habent;
757 4820 902 4892 quod
931 4832 1112 4875 autem
1136 4821 1430 4891 graviores,
1455 4837 1521 4876 ex
1542 4837 1608 4877 eo
1629 4823 1768 4893 quod
1792 4824 1940 4894 plura

353 4913 673 4983 consulumi
722 4912 890 4967 simus
937 4912 1218 4980 beneﬁcia,
1268 4921 1322 4966 ct
1349 4927 1414 4968 ex
1445 4928 1512 4968 eo
1541 4914 1684 4983 quod
1713 4914 1801 4968 illa
1831 4917 1941 4988 typi

352 5014 556 5062 essent.
589 5004 724 5060 Nam
768 5006 812 5060 si
859 5006 912 5060 in
941 5005 1096 5060 donis
1117 5005 1493 5075 exsuperantia
1525 5005 1616 5071 llt;
1656 5006 1831 5076 palam
1859 5018 1942 5063 est

351 5103 403 5154 ln
430 5099 698 5170 supplicio
723 5113 939 5169 quoque
967 5098 1100 5154 fore.
1146 5098 1379 5168 Ideoque
1404 5097 1601 5168 figuras
1625 5099 1936 5167 appellavit,

349 5201 402 5244 et
433 5199 656 5260 propter
686 5205 784 5244 nos
809 5189 1006 5258 scripta
1037 5188 1199 5244 fuisse
1215 5189 1366 5254 dixit,
1387 5197 1440 5244 et
1469 5187 1626 5243 linem
1658 5189 1710 5244 in
1733 5205 1938 5245 memo-

349 5284 483 5337 riam
506 5284 801 5351 revocavit,
830 5291 890 5336 ut
927 5281 1405 5336 consummationis
1432 5283 1758 5338 mentionem
1789 5283 1933 5338 face-

346 5384 451 5431 ret.
472 5373 591 5430 Non
618 5375 765 5430 enim
797 5375 922 5430 talia
953 5383 1079 5429 tunc
1123 5385 1277 5429 erant
1313 5374 1595 5445 supplicia,
1627 5391 1747 5446 qua:
1775 5376 1933 5430 linem

351 5468 684 5537 tccipiebant
722 5478 778 5524 et
823 5468 1181 5532 tollebantur;
1229 5467 1323 5523 sed
1369 5483 1528 5537 ptena
1559 5469 1661 5522 erit
1703 5478 1926 5524 aeterna.

349 5560 490 5616 Sicut
513 5561 660 5616 enim
693 5560 854 5630 hujus
879 5561 1002 5616 vita:
1029 5575 1199 5630 pense
1237 5561 1394 5615 simul
1423 5575 1548 5615 cum
1579 5560 1684 5614 vita
1712 5560 1930 5614 solvun-

342 5663 450 5722 tur,
490 5653 571 5708 sic
595 5653 706 5709 illic
732 5669 907 5722 poena:
941 5662 1158 5709 mternze
1187 5662 1369 5709 erunt.
1400 5652 1532 5708 Cum
1569 5661 1744 5707 autem
1775 5652 1924 5718 dicit,

341 5743 504 5801 Fines
532 5743 860 5808 mulorum.
887 5745 1020 5801 nihil
1042 5734 1192 5802 aliud
1206 5745 1359 5816 dicit,
1392 5759 1550 5816 quam
1566 5744 1708 5816 quod
1736 5744 1803 5800 de
1823 5759 1927 5799 cac-

1423 313 1486 370 IN
1528 315 1737 370 EPIST.
1780 316 1797 368 I
1863 317 1952 371 AD
1989 315 2143 374 COR.
2186 320 2415 378 IIOMII..
2459 319 2649 378 XXIII.

3573 340 3675 398 I94

2105 442 2219 488 tero
2247 435 2404 490 instet
2432 435 2688 502 judicium
2721 437 2847 494 illud
2883 439 3228 499 horrendum.
3265 447 3351 501 19.
3383 449 3563 512 Itaque
3591 459 3676 524 qui

2094 541 2148 577 se
2173 525 2432 580 existimat
2457 537 2614 592 stare,
2638 529 2803 584 videat
2830 548 2892 585 ne
2908 534 3082 589 cadat.
3113 535 3317 594 Rursus
3345 539 3554 598 illorum
3597 547 3677 598 fa-
3713 582 3726 618 ι

2093 625 2235 669 stum
2263 617 2478 687 dejecit,
2508 623 2597 690 qui
2621 621 2688 676 de
2718 623 2937 678 scientia
2959 642 3051 679 sua
3083 629 3248 683 altum
3283 633 3583 702 sapiebant.
3619 637 3674 691 Si

2092 706 2235 760 enim
2265 707 2361 774 illi,
2394 710 2482 779 qui
2517 719 2659 764 tanta
2693 723 2816 768 sunt
2839 713 2973 768 bona
3003 722 3340 789 consequuti,
3373 724 3497 779 talia
3532 728 3673 796 passi

2091 807 2236 861 sunt,
2269 808 2322 854 et
2366 801 2458 854 alii
2498 802 2712 872 quidem
2745 819 2841 874 pro
2873 812 3295 868 murmuratione
3333 816 3506 870 solum
3539 819 3676 874 tales

2093 886 2309 942 luerunt
2333 905 2547 958 pwnas;
2579 893 2666 946 alii
2697 895 2840 965 quod
2873 907 3186 969 tentassent,
3215 916 3267 957 et
3298 920 3472 976 neque
3503 924 3673 980 popu-

2093 976 2176 1031 lus
2210 978 2373 1033 Deum
2399 992 2482 1036 est
2509 985 2790 1052 reveritus,
2835 1003 3009 1058 neque
3035 993 3176 1060 quod
3209 1002 3313 1048 tam
3345 976 3515 1052 multa
3536 976 3671 1055 con-

2090 1077 2347 1138 sequutus
2374 1080 2551 1137 esset;
2581 1075 2751 1130 multo
2780 1079 2948 1147 magis
2980 1080 3030 1134 in
3060 1082 3215 1136 nobis
3249 1085 3348 1138 nisi
3391 1088 3671 1158 vigilemus

2089 1157 2191 1214 Itoc
2212 1161 2334 1216 erit.
2363 1161 2428 1217 Et
2454 1166 2698 1234 apposite
2719 1167 2852 1223 dixit
2874 1189 2887 1224 :
2921 1172 3017 1241 Qut
3045 1190 3098 1228 se
3117 1177 3368 1230 existimat
3385 1157 3536 1234 stare.
3559 1183 3670 1239 Hoc

2088 1250 2229 1304 enim
2261 1267 2366 1306 non
2396 1263 2478 1307 est
2504 1264 2647 1311 stare
2701 1268 2758 1313 ut
2787 1268 2931 1315 stare
2957 1272 3187 1332 oportet,
3235 1267 3336 1320 sibi
3369 1269 3466 1338 ipsi
3500 1274 3672 1327 conli-

2087 1339 2249 1397 dere:
2283 1344 2372 1414 qui
2409 1346 2530 1400 talis
2557 1357 2638 1402 est
2661 1351 2826 1417 enim,
2872 1354 3031 1413 citius
3057 1357 3246 1412 cadet:
3274 1375 3396 1415 nam
3430 1363 3504 1418 illi
3527 1381 3666 1435 quo-

2083 1447 2208 1500 que,
2237 1436 2338 1489 nisi
2365 1437 2530 1492 altum
2561 1444 2867 1510 sapuissent
2890 1453 2947 1500 et
2967 1448 3336 1516 confidissent,
3356 1453 3450 1508 sed
3475 1455 3521 1509 si
3548 1471 3668 1513 sese

2084 1524 2476 1596 cohibuissem,
2519 1547 2625 1586 non
2655 1532 2769 1589 haec
2796 1537 2937 1604 passi
2965 1549 3168 1596 essent.
3202 1541 3354 1600 Unde
3383 1545 3546 1617 liquet
3575 1565 3668 1604 ar-

2083 1616 2379 1710 rogantiam
2413 1623 2669 1690 maxime,
2711 1625 3012 1700 deindeque
3039 1633 3340 1690 socordiam
3370 1616 3664 1710 etgulam.

2082 1701 2272 1759 horum
2299 1723 2420 1764 esse
2459 1711 2632 1768 fontes
2673 1717 2959 1774 malorum.
2989 1720 3170 1792 Itaque
3197 1725 3243 1779 si
3273 1735 3406 1792 stas,
3437 1701 3567 1786 cave
3599 1701 3666 1788 ne
3717 1791 3729 1798 ,

2079 1794 2261 1886 cadas.
2311 1799 2441 1854 Nam
2487 1803 2572 1857 hic
2600 1815 2764 1874 stare,
2800 1824 2904 1863 non
2932 1822 3016 1866 est
3043 1813 3270 1871 ﬁrmiter
3301 1828 3464 1886 stare,
3493 1825 3665 1878 donec

2081 1883 2372 1986 liberemur
2400 1907 2427 1944 a
2464 1899 2746 1964 praesentis
2775 1901 2896 1956 vita:
2923 1903 3195 1971 ﬂuctibus,
3223 1919 3278 1964 et
3307 1911 3372 1966 ad
3399 1883 3662 1986 tranquil-

2078 1973 2185 2028 lum
2209 1989 2422 2076 portum
2451 1985 2802 2076 appellamus.
2831 1991 2908 2046 Ne
2938 1994 3117 2065 itaque
3141 1997 3306 2054 altum
3324 2003 3500 2072 sapias
3518 1973 3661 2076 quod

2077 2075 2219 2167 stes,
2255 2069 2529 2167 sed‘cave
2573 2075 2803 2146 lapsum.
2857 2081 2912 2141 Si
2966 2101 3196 2158 namque
3224 2069 3421 2149 Paulus
3463 2069 3658 2167 timuit,

2075 2159 2312 2213 onmium
2363 2160 2709 2234 fortissimus,
2743 2173 2910 2227 multo
2941 2179 3112 2247 magis
3141 2195 3239 2236 nos
3282 2184 3470 2240 timere
3499 2159 3661 2256 opor;

2077 2258 2169 2346 tet.
2198 2253 2488 2320 Apostolus
2520 2259 2700 2330 itaque
2726 2263 2976 2322 dicebat:
3008 2269 3327 2343 Quapropter
3353 2282 3438 2346 qui
3467 2253 3561 2334 sibi
3582 2285 3658 2335 vi-

2073 2340 2221 2395 detur
2247 2355 2399 2412 stare,
2430 2349 2598 2404 videat
2619 2370 2681 2407 ne
2697 2357 2846 2410 cadat
2871 2375 3004 2414 :nos
3030 2340 3207 2418 autem
3220 2340 3297 2420 tne
3317 2340 3417 2424 hoc
3441 2372 3655 2440 quidem

2074 2446 2356 2531 possumus
2387 2439 2584 2508 dicere,
2620 2460 2742 2501 cum
2775 2465 2962 2506 omnes
2990 2452 3104 2510 fere
3148 2455 3284 2526 lapsi
3316 2469 3369 2514 et
3403 2439 3654 2531 prostrati

2070 2522 2179 2579 sint
2206 2525 2461 2600 humique
2483 2534 2719 2602 jaceant.
2747 2538 2844 2593 Cui
2871 2543 3012 2596 enim
3039 2544 3139 2600 ltoc
3161 2522 3374 2604 dicam?
3399 2522 3654 2626 illinequi

2070 2619 2306 2712 quotidie
2337 2625 2511 2692 rapit?
2543 2627 2636 2681 sed
2676 2628 2821 2697 jacet
2849 2632 2940 2686 ille
2978 2650 3172 2706 magno
3212 2638 3362 2710 lapsu
3389 2619 3650 2712 dejectns.

2069 2708 2139 2760 At
2165 2713 2484 2766 scortatori?
2505 2716 2597 2770 sed
2625 2716 2770 2772 humi
2803 2722 3074 2791 proiectus
3101 2735 3201 2782 est.
3225 2708 3307 2787 Ain
3338 2708 3655 2793 ebrioso?“

2068 2797 2182 2866 ipse
2203 2815 2425 2894 quoque
2432 2805 2598 2874 jacet,
2634 2818 2689 2864 et
2714 2813 2886 2869 nescit
2906 2829 2966 2869 se
2985 2816 3188 2889 jacere.
3223 2821 3404 2892 Itaque
3415 2825 3527 2894 jam
3546 2844 3650 2884 non

2066 2896 2152 2988 est
2181 2898 2401 2988 tempus
2413 2893 2574 2988 Itujus
2601 2899 2908 2969 proferendi
2940 2907 3108 2974 verbi,
3136 2910 3229 2965 sed
3259 2912 3400 2969 illius
3420 2893 3651 2988 preplteo

2067 2980 2176 3046 tici,
2199 2983 2342 3052 quod
2371 2984 2582 3043 dicebat
2607 2991 2846 3050 Judteis:
2881 2996 3022 3052 Nunt
3042 3001 3132 3070 qui
3161 3004 3316 3069 cadit,
3342 2980 3442 3060 non
3476 2980 3650 3064 resur-

2063 3074 2134 3143 git
2161 3075 2334 3145 (Psal.
2365 3079 2455 3134 40.
2490 3081 2583 3152 9)?
2614 3085 2824 3141 Etenim
2853 3104 3040 3146 omnes
3076 3093 3277 3162 jacent,
3329 3114 3426 3154 nec
3465 3104 3650 3160 volunt

2064 3179 2365 3237 resurgere.
2396 3171 2757 3238 Quamobrem
2795 3179 3104 3237 adhortatio
3134 3187 3286 3241 nobis
3317 3198 3420 3255 est,
3457 3207 3561 3245 non
3593 3205 3649 3248 ut

2063 3271 2130 3311 ne
2153 3260 2430 3328 cadamus,
2460 3263 2553 3319 sed
2595 3275 2655 3320 ut
2699 3269 2732 3322 ii
2777 3272 2867 3340 qui
2893 3273 3075 3340 jacent
3104 3279 3312 3345 possint
3342 3295 3646 3353 resurgere.

2062 3348 2424 3422 Resurgamus
2454 3356 2617 3426 igitur
2658 3361 2739 3415 vel
2781 3377 2906 3418 sero
2948 3367 3190 3434 tandem,
3219 3369 3427 3440 dileCti,
3461 3348 3646 3431 resur-

2061 3455 2246 3510 gamus
2265 3455 2318 3498 et
2340 3445 2552 3504 fortiter
2577 3460 2801 3507 stemus.
2826 3456 3113 3528 Quousque
3138 3460 3415 3528 iacemus?
3436 3483 3641 3536 quous-

2059 3547 2164 3600 que
2184 3534 2314 3590 ebrii
2345 3553 2552 3606 sumus,
2591 3544 2754 3597 multa
2785 3561 2964 3602 rerum
3007 3552 3342 3608 smcularium
3384 3534 3642 3632 concupi-

2059 3624 2263 3678 scentia
2303 3630 2549 3695 gravati?
2591 3632 2962 3702 Opportunum
3014 3648 3097 3694 est
3139 3658 3281 3699 nunc
3310 3646 3528 3704 dicere:
3557 3624 3641 3706 λιι

2057 3725 2216 3780 quem
2247 3714 2435 3786 loquar
2472 3729 2528 3775 et
2558 3723 2920 3780 testiﬁcabor?
2963 3745 3130 3799 usque
3170 3734 3304 3790 adeo
3344 3754 3533 3796 omnes
3573 3744 3640 3797 ad

2057 3801 2226 3872 ipsam
2253 3807 2462 3864 virtutis
2477 3811 2776 3869 doctrinam
2798 3817 3214 3890 obsurduerunt,
3239 3836 3294 3880 et
3316 3829 3496 3885 multis
3515 3832 3640 3888 hinc

2057 3897 2244 3967 repleti
2271 3909 2398 3953 sunt
2427 3903 2602 3958 malis.
2631 3905 2698 3959 Et
2718 3907 2760 3960 si
2787 3924 3064 3976 possemus
3085 3913 3290 3969 animas
3320 3919 3502 3974 videre
3543 3938 3642 3976 nn-

2055 3987 2173 4055 das,
2208 3990 2341 4045 utin
2368 3994 2696 4050 exercitibus
2737 4008 2859 4065 post
2901 4000 3226 4069 conflictum,
3276 4007 3366 4061 alii
3415 4014 3634 4080 mortui,

2055 4082 2145 4136 alii
2201 4084 2463 4141 vulnerati
2511 4087 2788 4155 videntur;
2817 4091 2972 4146 sicin
3027 4092 3264 4149 Ecclesia
3307 4097 3632 4165 videremus,

2053 4172 2412 4239 Quamobrem
2468 4180 2696 4235 obsecro
2743 4192 2798 4236 et
2839 4199 2936 4238 oro
2965 4226 2981 4251 ,
3033 4201 3250 4246 manum
3303 4190 3440 4246 alter
3481 4194 3636 4254 alteri

2059 4269 2390 4340 porrigamus
2405 4280 2460 4326 et
2485 4287 2856 4342 exsurgamus.
2883 4276 3014 4332 Nam
3043 4288 3095 4334 et
3119 4295 3219 4350 ego
3240 4297 3305 4337 ex
3327 4286 3634 4342 sauciorum

2055 4375 2281 4414 numero
2307 4375 2446 4426 sum,
2479 4371 2533 4417 ct
2559 4378 2744 4418 eorum
2787 4366 2877 4436 qui
2919 4367 3222 4436 pharmacis
3252 4388 3387 4443 opus
3415 4373 3629 4432 habent.

2050 4449 2156 4505 Sed
2188 4465 2256 4506 ne
2286 4451 2407 4506 ideo
2431 4453 2664 4509 animum
2690 4453 3101 4526 despondeatis:
3126 4476 3247 4516 nam
3292 4465 3394 4518 etsi
3441 4469 3630 4535 gravia

2048 4550 2175 4597 sunt
2219 4543 2463 4610 vulnera,
2516 4555 2571 4600 at
2618 4561 2724 4601 non
2779 4547 3119 4604 incurabilia.
3162 4551 3308 4608 Talis
3337 4563 3420 4608 est
3449 4565 3632 4612 noster

2049 4637 2319 4700 medicus;
2353 4637 2514 4693 modo
2544 4639 2765 4696 vulnera
2795 4641 3110 4708 sentiamus,
3137 4643 3347 4698 etiamsi
3377 4646 3426 4699 in
3453 4656 3631 4703 extre-

2048 4741 2194 4782 mum
2242 4728 2490 4797 nequitiae
2534 4730 2860 4795 venerimus,
2903 4732 3098 4787 multas
3125 4732 3281 4789 nobis
3306 4735 3479 4804 aperit
3513 4739 3624 4792 vias

2048 4819 2253 4874 salutis.
2285 4819 2416 4875 Nam
2438 4821 2483 4876 si
2514 4823 2758 4891 proximo
2789 4822 2924 4877 iram
2965 4823 3262 4889 remiseris,
3286 4826 3627 4883 remittentur

2048 4913 2144 4968 tibi
2174 4914 2401 4970 delicta:
2437 4914 2499 4969 Si
2539 4916 2694 4979 enim,
2740 4915 2934 4984 inquit,
2982 4916 3276 4970 remiseritis
3319 4917 3624 4989 hominibus,

2044 5005 2258 5058 remittet
2285 5014 2332 5058 et
2360 5005 2496 5058 vobis
2525 5003 2682 5057 Pater
2707 5013 2866 5058 vester
2894 5003 3105 5060 caelestis
3153 5005 3363 5077 (Matth.
3409 5006 3465 5061 6.
3512 5009 3620 5079 ll).

2044 5095 2110 5150 Et
2137 5097 2180 5149 si
2208 5095 2605 5164 eleemosynam
2631 5093 2866 5161 dederis,
2894 5095 3222 5150 condonabit
3245 5096 3338 5151 tibi
3365 5107 3578 5167 peccata
3605 5117 3619 5152 :

2041 5184 2070 5237 Ι
2079 5187 2343 5255 niquitates
2369 5185 2511 5239 enim
2534 5193 2667 5251 tuas,
2692 5185 2886 5256 inquit,
2905 5185 3235 5258 elemosynis
3251 5187 3442 5240 redime
3458 5187 3616 5253 (Dan.

2039 5277 2093 5329 4.
2121 5274 2235 5343 24).
2270 5274 2325 5329 Si
2350 5274 2634 5345 diligenter
2659 5276 2920 5344 oraveris,
2952 5277 3274 5331 remissione
3305 5275 3521 5330 frueris.
3553 5276 3618 5330 Et

2040 5368 2141 5422 hoc
2170 5369 2404 5424 ostendit
2432 5368 2610 5436 vidua,
2640 5385 2758 5439 quae
2781 5371 3067 5426 immanem
3095 5370 3244 5424 illum
3261 5369 3493 5438 judicem
3511 5367 3617 5423 fre-

2037 5462 2222 5532 quenti
2253 5462 2512 5532 petitione
2541 5462 2766 5516 inflexit.
2799 5462 2854 5518 Si
2879 5472 3100 5532 peccata
3133 5471 3222 5516 tua
3249 5463 3612 5528 accusaveris,

2037 5555 2202 5610 habes
2219 5555 2675 5609 consolationem:
2700 5551 2798 5605 Dic
2819 5563 2872 5606 tu
2893 5554 3034 5608 enim
3062 5554 3255 5623 primus
3284 5560 3487 5621 peccata
3504 5561 3610 5618 tua,

2034 5658 2091 5702 ut
2111 5647 2408 5718 justiﬁceris
2431 5643 2588 5716 (Isai.
2620 5645 2708 5700 45.
2747 5644 2862 5715 26).
2889 5645 2944 5701 Si
2978 5661 3074 5715 pro
3117 5647 3182 5700 iis
3223 5645 3390 5699 tristis
3427 5643 3610 5708 fueris.

2037 5753 2091 5797 et
2131 5740 2232 5796 hoc
2277 5738 2372 5794 tibi
2416 5738 2764 5810 pltarmacum
2805 5737 2908 5795 erit
2938 5741 3262 5797 maximum:
3300 5735 3416 5793 Vidi
3453 5736 3609 5802 enim.
