4108 6218
506 285 610 342 res
645 271 648 274 ’

505 403 693 473 inquit,
726 381 863 469 quod
886 402 1061 456 dolore
1088 399 1301 466 a/Tectus
1321 400 1406 462 sit,
1438 407 1483 451 et
1509 398 1687 451 abierit
1714 399 1893 464 tristis,
1923 409 1970 451 et
1990 415 2080 452 cu-

503 495 734 548 ruvivias
762 494 873 564 ejus
904 493 1056 562 (1εαὶ.
1084 492 1173 546 57.
1209 491 1293 544 i7.
1341 491 1451 561 18).
1484 490 1550 544 Ει
1577 491 1620 543 si
1651 490 1775 559 quid
1809 490 1934 544 mali
1963 505 2082 560 pas-

503 600 617 645 sus,
651 583 860 638 fortiter
891 581 1016 636 illud
1051 580 1259 644 tuleris,
1290 589 1457 634 totum
1487 579 1702 635 exuisti.
1730 580 1841 634 lloc
1871 595 2085 650 quoque

504 676 645 729 enim
673 675 820 727 diviti
863 673 938 726 illi
979 670 1245 724 Abraham
1286 670 1545 726 dicebat:
1593 670 1814 740 Recepit
1852 671 2087 726 Lazarus

505 767 643 819 mala
671 780 786 826 sua,
821 771 874 817 et
904 762 987 816 hic
1014 763 1438 817 consolationem
1474 763 1635 817 habet
1671 762 1822 832 (Luc.
1848 763 1936 817 16.
1965 762 2083 832 25).

504 857 556 910 Si
583 855 756 908 vidnie
778 856 1028 908 misertus
1055 855 1236 918 fueris,
1269 855 1555 909 abluuntur
1575 864 1790 924 peccata
1822 865 1941 910 tua:
1963 871 2084 910 nam

501 947 576 998 ait
601 962 614 997 :
638 944 673 997 ,1
679 945 880 998 udicate
908 945 1129 1014 pupillo,
1163 945 1422 1017 defendite
1464 946 1691 1012 viduam,
1726 957 1772 1000 at
1800 946 1959 999 venite
2005 946 2086 1000 di-

499 1045 800 1098 sceplemns,
834 1039 911 1089 ait
943 1037 1229 1102 Dominus;
1281 1047 1327 1090 et
1371 1038 1414 1090 si
1463 1037 1656 1108 fuerint
1685 1047 1893 1106 peccata
1923 1047 2086 1092 vestra

499 1131 627 1183 sicut
649 1132 937 1198 puniceum,
970 1140 1023 1182 ut
1051 1131 1211 1182 nivem
1234 1129 1517 1194 dentbabo;
1544 1140 1593 1184 et
1617 1130 1659 1182 si
1685 1131 1874 1200 fuerint
1901 1139 1952 1182 ut
1973 1146 2090 1183 coc-

500 1223 690 1289 cinum,
721 1232 773 1275 ut
803 1223 977 1275 lanam
1015 1210 1258 1275 dealbabo
1303 1219 1456 1292 (Isai.
1505 1223 1556 1276 1.
1608 1223 1695 1278 l7.
1744 1221 1850 1292 18).
1900 1220 2085 1292 Neque

500 1314 643 1366 enim
673 1313 756 1366 vel
782 1311 1090 1367 cicatricem
1116 1313 1400 1366 vulnerum
1429 1313 1558 1366 sinit
1587 1327 1870 1382 apparere.

572 1407 624 1460 5.
668 1405 986 1460 Paenitentiw
1007 1407 1080 1460 vis
1105 1405 1157 1459 in
1185 1407 1279 1459 hac
1308 1407 1429 1471 vita,
1453 1406 1701 1459 inutilitas
1742 1407 1794 1460 in
1838 1407 2088 1463 altera.—

497 1499 603 1554 Sed
628 1500 837 1554 etiamsi
868 1500 1174 1554 venerimus
1205 1500 1256 1553 in
1289 1499 1414 1553 illud
1447 1498 1762 1568 profundum
1801 1500 2083 1562 malorum,

498 1592 551 1646 in
579 1591 718 1662 quod
750 1591 940 1646 incidit
975 1591 1020 1646 is
1048 1592 1138 1662 qui
1172 1601 1390 1660 paterna
1423 1591 1559 1644 bona
1593 1591 1774 1644 exedit
1799 1600 1855 1644 et
1880 1590 2086 1659 siliquis

496 1685 835 1750 vescebatur,
866 1693 921 1738 et
953 1685 1323 1754 pcenitentiam
1373 1685 1665 1753 egerimus,
1698 1684 1918 1737 omnino
1949 1683 2082 1738 salvi

497 1777 732 1831 erimus:
757 1775 966 1830 etiamsi
997 1774 1182 1830 decem
1217 1775 1379 1828 millia
1424 1757 1620 1828 talenta
1672 1773 1985 1839 debeamus,
2013 1785 2087 1829 et

499 1865 860 1936 procidamns,
913 1865 1337 1934 iujuriarnmque
1379 1865 1693 1918 memoriam
1733 1863 2084 1933 deponamus,

499 1958 678 2011 omnia
723 1956 877 2011 nobis
922 1956 1315 2011 remittuntur:
1355 1957 1565 2010 etiamsi
1611 1955 1718 2010 illic
1745 1956 2087 2010 aberraveri-

499 2064 642 2113 mus,
673 2049 760 2103 ubi
791 2048 906 2102 ovis
933 2048 1000 2102 ab
1029 2049 1156 2102 ovili
1187 2048 1478 2111 aberravit,
1515 2048 1638 2104 inde
1670 2048 1760 2102 ille
1800 2062 1898 2102 nos
1924 2047 2085 2101 redu-

500 2143 595 2208 cit,
623 2143 665 2196 si
690 2140 848 2196 modo
876 2141 1122 2207 velimus,
1148 2140 1325 2196 dilecti
1349 2159 1362 2193 :
1383 2141 1643 2211 benignus
1663 2142 1804 2195 enim
1827 2149 1910 2195 est
1925 2139 2084 2197 Deus.

503 2234 631 2289 Ideo
680 2233 847 2289 etiam
901 2234 1032 2287 satis
1072 2233 1148 2287 illi
1185 2233 1300 2298 fuit,
1347 2233 1489 2303 quod
1519 2234 1564 2287 is
1593 2233 1682 2304 qui
1713 2233 1899 2288 decem
1923 2233 2085 2287 millia

503 2325 701 2379 talenta
731 2323 982 2392 debebat,
1037 2333 1161 2379 ante
1191 2339 1251 2380 se
1301 2325 1694 2394 procumberet,
1726 2334 1781 2382 et
1809 2324 1951 2396 quod
1997 2324 2084 2393 qui

505 2425 724 2487 paterna
743 2417 880 2470 bona
899 2417 1288 2486 absumpserat,
1307 2417 1478 2470 solum
1497 2427 1933 2482 reverteretur,et
1947 2415 2087 2488 quod

503 2524 692 2564 errans
717 2510 833 2564 ovis
861 2511 1062 2578 portari
1093 2509 1272 2564 vellet.
1304 2509 1616 2580 Cogitantes
1643 2511 1803 2581 igitur
1841 2510 2088 2581 benigni-

506 2601 633 2653 tatis
659 2599 774 2669 ejns
803 2599 1248 2669 magnitudinem,
1283 2600 1368 2655 hic
1416 2601 1566 2654 illum
1600 2602 1752 2656 nobis
1799 2603 2085 2672 propitium

505 2690 816 2758 reddamus,
850 2698 904 2744 et
932 2705 1367 2760 praeoccupemus
1398 2691 1585 2747 faciem
1625 2693 1744 2762 ejus
1789 2693 1841 2746 in
1877 2692 2089 2747 confes-

507 2784 681 2849 sione,
702 2791 759 2836 ut
784 2797 850 2836 ne
874 2781 998 2836 hinc
1017 2781 1277 2837 abeuntes
1298 2783 1414 2839 sine
1431 2783 1766 2851 defensione,
1789 2794 2088 2840 extremum

508 2875 801 2930 subeamus
821 2873 1172 2942 supplicium.
1203 2873 1259 2928 Si
1290 2874 1432 2927 enim
1463 2874 1514 2928 in
1544 2875 1798 2946 praesenti
1828 2878 1933 2930 vita
1960 2892 2092 2946 qua-

509 2969 847 3037 lemcumqnc
871 2966 1222 3022 adhibeamus
1261 2966 1617 3037 diligentiam,
1651 2969 1882 3024 maxima
1910 2971 2086 3026 lucra-

510 3061 716 3116 bimur:
742 3061 785 3114 si
815 3070 994 3115 autem
1022 3075 1128 3114 non
1158 3062 1411 3117 meliores
1438 3061 1615 3117 effecti
1645 3063 2087 3130 abscesserit-ius,

509 3155 720 3209 etiamsi
774 3154 881 3208 illic
923 3153 1225 3208 vehementi
1273 3154 1584 3224 paenitentia
1627 3155 1904 3221 ducamur,
1959 3156 2091 3215 nihil

511 3248 664 3302 nobis
693 3247 946 3317 proderit.
977 3247 1273 3317 Oportebat
1313 3249 1457 3304 enim
1493 3249 1627 3303 intra
1673 3259 1822 3319 septa
1869 3266 2093 3305 manen-

510 3350 619 3401 tem
664 3341 959 3404 decertare,
1007 3357 1112 3394 non
1156 3352 1334 3396 autem
1385 3351 1666 3412 postquam
1716 3343 1946 3399 solutum
1995 3345 2091 3401 fuit

514 3432 778 3486 theatrum
829 3430 1110 3486 lamentari
1151 3431 1360 3486 etllere
1404 3431 1700 3499 inutiliter,
1728 3442 1785 3486 ut
1807 3434 1958 3490 dives
2003 3435 2091 3491 ille

508 3523 756 3587 faciebat,
789 3523 1093 3578 lamentans
1119 3531 1175 3576 et
1203 3521 1433 3589 ejulans,
1461 3523 1553 3577 sed
1572 3523 1682 3593 jam
1708 3523 1902 3580 frustra
1929 3537 1982 3581 et
2007 3527 2090 3581 in-

508 3628 744 3678 cassum,
774 3612 897 3681 quia
931 3621 1142 3680 tempns
1183 3611 1312 3665 illud
1343 3611 1684 3682 despexerat,
1725 3630 1830 3682 quo
1871 3614 1985 3670 hzcc
2011 3615 2090 3669 fa-

508 3716 634 3756 cere
664 3702 920 3770 oportuit.
954 3701 1068 3755 Non
1114 3701 1204 3756 ille
1249 3712 1425 3756 autem
1475 3704 1642 3767 siilns,
1688 3705 1781 3760 sed
1815 3706 1965 3761 multi
1999 3707 2090 3763 alii

505 3794 614 3864 jam
639 3801 764 3848 sunt
784 3792 976 3848 divites
1007 3793 1106 3862 ipsi
1137 3793 1364 3858 similes,
1385 3794 1472 3864 qui
1495 3797 1748 3864 pecunias
1763 3797 1976 3868 quidem
1997 3798 2091 3854 de-

508 3886 718 3955 spicere
739 3884 949 3949 nolunt,
973 3883 1068 3938 sed
1101 3883 1219 3939 loco
1247 3887 1593 3954 pecuniarum
1636 3888 1867 3944 animam
1904 3889 2088 3961 despi-

507 3978 690 4030 ciunt:
723 3974 865 4046 quod
896 3975 1082 4030 mirari
1123 3976 1267 4030 subit
1307 3978 1458 4044 mihi,
1491 3993 1612 4032 cum
1652 3979 1808 4036 video
1845 3981 1965 4036 illus
1997 3983 2087 4038 Dei

509 4067 928 4124 misericordiam
958 4079 1259 4138 precantes,
1292 4078 1347 4124 et
1377 4070 1448 4124 ita
1473 4070 1694 4125 affectos
1722 4087 1850 4143 erga
1883 4076 2089 4144 seipsos

507 4169 566 4214 ut
588 4160 912 4215 incurabiles
941 4160 1068 4223 sint,
1098 4162 1399 4230 animaeque
1426 4175 1537 4216 sua:
1563 4171 1832 4234 tamquam
1858 4167 2088 4222 inimica:

508 4267 616 4305 non
642 4261 942 4321 parcentes.
978 4251 1054 4305 Ne
1081 4251 1351 4317 ludamus,
1402 4268 1436 4307 o
1476 4253 1681 4322 dilecti,
1723 4272 1793 4313 ne
1819 4257 2084 4328 ludamus,

506 4359 681 4412 neque
708 4359 804 4397 nos
833 4343 978 4414 ipsos
1008 4343 1389 4419 despiciamns,
1413 4345 1540 4402 dum
1573 4364 1824 4418 rogamus
1844 4352 2014 4410 Deum
2032 4361 2088 4411 ut

505 4438 677 4492 uestri
706 4436 1040 4500 misereatur,
1063 4446 1116 4491 et
1142 4438 1528 4493 misericordiae
1553 4441 1668 4510 ejus
1695 4446 1968 4512 pecunias,
1988 4446 2086 4504 de-

503 4529 655 4583 licias
673 4537 727 4580 et
745 4529 922 4581 omnia
939 4529 1336 4595 anteponimus.
1365 4529 1548 4603 Neque
1575 4534 1740 4593 enim.
1769 4538 1814 4590 si
1842 4539 1962 4607 quis
1990 4540 2084 4596 tibi

505 4620 680 4675 dicam
709 4617 946 4680 offerret,
976 4628 1030 4671 et
1056 4621 1360 4688 quempiam
1388 4637 1646 4682 accusans
1673 4625 1901 4694 diceret,
1931 4631 2080 4687 illum

500 4708 650 4769 mille
677 4717 878 4761 mortes
905 4706 1230 4774 subiturum,
1260 4723 1381 4765 cum
1427 4723 1608 4780 posset
1648 4716 1858 4773 modica
1917 4736 2081 4792 pecu-

513 4802 596 4856 nia
645 4816 767 4856 sese
815 4800 1104 4866 redimere,
1155 4801 1316 4857 malle
1369 4807 1507 4859 mori
1561 4821 1721 4877 quam
1763 4811 1964 4881 aliquid
2016 4831 2080 4871 ex

499 4890 611 4946 suis
667 4908 986 4959 numerare;
1039 4894 1411 4950 misericordia
1457 4907 1549 4952 aut
1586 4900 1741 4957 venia
1788 4904 1934 4960 illum
1961 4922 2082 4964 esse

498 4981 714 5050 dignum
744 4981 970 5039 diceres.
1002 4984 1114 5040 [loc
1149 5001 1280 5056 ergo
1315 4997 1368 5042 et
1396 4987 1462 5043 de
1491 4989 1664 5059 teipso
1692 5005 1880 5062 reputa
1910 5013 1924 5051 :
1956 5013 2078 5054 nam

499 5089 599 5128 nos
626 5089 836 5142 quoque
863 5074 961 5128 hoc
990 5077 1232 5144 facimus,
1261 5089 1317 5135 ct
1357 5081 1588 5139 salutem
1632 5095 1869 5142 nostram
1898 5088 2078 5160 despi-

498 5168 723 5228 cientes,
757 5167 992 5233 pecuniis
1020 5170 1306 5236 parcimus.
1327 5172 1607 5238 Quomodo
1623 5193 1752 5249 ergo
1771 5180 1937 5236 Deum
1959 5199 2078 5252 pre-

496 5260 637 5314 caris
663 5269 720 5312 ut
745 5259 836 5313 tibi
864 5271 1066 5328 parcat,
1097 5277 1219 5319 cum
1249 5272 1301 5318 tu
1331 5264 1445 5333 ipse
1490 5269 1581 5322 tibi
1626 5287 1732 5327 non
1771 5288 1980 5342 parcas,
2023 5286 2078 5331 et

494 5353 690 5408 anima:
718 5354 968 5422 pecunias
1012 5354 1301 5423 praiferas?
1343 5358 1602 5422 Quocirca
1643 5362 1932 5420 admodum
1975 5367 2078 5420 ob.

492 5451 746 5515 stnpesco
771 5447 1032 5517 cogitans,
1062 5455 1278 5517 quantae
1305 5449 1360 5504 in
1398 5453 1642 5520 pecuniis
1681 5454 1885 5512 lateant
1929 5472 2073 5526 prte-

494 5535 698 5602 stigiaa;
727 5537 834 5590 imo
861 5552 966 5592 non
1006 5538 1059 5591 in
1090 5541 1353 5609 pecuniis,
1385 5543 1478 5597 sed
1510 5544 1560 5598 iu
1589 5559 1773 5599 eorum
1801 5548 1890 5617 qui
1919 5547 2070 5602 deci-

495 5625 714 5693 piantur
738 5627 952 5684 animis.
983 5630 1120 5684 Sunt
1147 5632 1311 5697 enim,
1341 5644 1466 5687 sunt
1492 5636 1694 5705 utique,
1725 5638 1819 5708 qui
1847 5638 2070 5694 multum

424 5773 433 5795 '
493 5711 658 5776 hasce
711 5720 1004 5791 praistigias
1044 5721 1290 5780 irrident.
1337 5722 1474 5791 Quid
1519 5728 1660 5782 enim
1706 5725 1760 5783 in
1801 5727 1909 5784 illis
1951 5739 2057 5799 est,

1209 284 1264 340 S.
1306 283 1584 342 JOANNIS
1620 283 2084 342 CIIRYSOSTOMI
2124 286 2442 343 ARCIIIEP.
2484 289 3012 350 CONSTANTINOP.

3672 308 3772 363 196

2193 400 2334 469 quod
2393 416 2491 456 nos
2541 404 2805 460 fascinare
2858 408 3074 476 possit?
3125 423 3304 466 nonne
3350 412 3638 470 inanimata
3692 431 3774 474 est

2193 495 2437 560 materia,
2485 511 2665 552 nonne
2704 497 2880 554 ﬂuxa?
2932 515 3111 554 nonne
3163 502 3326 558 infida
3379 513 3464 560 est
3502 507 3617 576 ejus
3645 524 3770 578 pos-

2191 587 2396 641 sessio?
2421 603 2597 643 annon
2628 590 2907 646 timoribus
2935 592 3091 661 plena
3108 605 3191 648 est
3208 605 3259 648 et
3285 597 3575 664 periculis?
3593 617 3771 659 annon

2192 677 2431 732 cmdibus
2457 689 2509 734 et
2536 680 2776 736 insidiis?
2802 698 2982 737 annon
3011 683 3290 739 inimicitia
3317 694 3372 740 et
3398 687 3567 742 odio?
3595 704 3771 745 annon

2191 768 2435 822 socordia
2462 780 2515 823 et
2541 771 2773 840 nequitia
2803 773 3002 828 multa?
3029 756 3209 830 annon
3239 785 3379 832 terra
3409 789 3492 833 est
3517 787 3574 834 et
3599 781 3776 836 cinis?

2190 873 2312 927 (pne
2340 857 2581 913 insania?
2607 863 2725 930 quis
2764 863 3024 918 morbus?
3065 866 3133 920 At
3174 881 3280 921 non
3322 870 3610 926 accusandi
3649 884 3775 927 sunt

2193 958 2419 1014 tantum,
2450 951 2683 1020 inquies,
2727 953 2829 1007 hoc
2867 955 3055 1010 morbo
3097 956 3428 1025 laborantes,
3473 961 3569 1017 sed
3611 964 3772 1026 etiam

2191 1040 2480 1097 solvendus
2505 1052 2588 1097 est
2614 1058 2786 1098 amor.
2839 1045 2906 1100 Et
2954 1062 3061 1117 quo
3110 1049 3217 1103 alio
3269 1051 3428 1106 modo
3479 1054 3770 1120 solvemus,

2190 1147 2348 1201 quam
2373 1134 2717 1192 ostendentes
2735 1152 2848 1192 rem
2877 1153 2996 1194 esse
3022 1140 3216 1195 malam
3243 1143 3644 1217 innumerisque
3661 1149 3774 1218 plc-

2191 1238 2314 1276 nam
2343 1226 2532 1280 malis?
2575 1227 2644 1280 At
2684 1242 2790 1283 non
2820 1229 2975 1284 facile
3001 1242 3084 1286 est
3111 1232 3162 1291 id
3191 1236 3392 1290 amanti
3420 1239 3768 1307 persuadere.

2191 1313 2373 1383 Itaque
2396 1315 2498 1368 alia
2527 1316 2627 1386 ipsi
2657 1317 2998 1386 pulchritudo
3037 1325 3356 1391 opponenda
3384 1336 3488 1382 est.
3517 1327 3624 1384 Sed
3649 1346 3769 1385 cum

2190 1415 2434 1472 aegrotet,
2455 1408 2824 1477 incorpoream
2849 1426 2955 1465 non
2973 1412 3120 1467 videt
3142 1414 3592 1482 pulchritudinem
3616 1436 3769 1476 :cor—

2190 1510 2408 1565 porcam
2437 1512 2564 1568 ergo
2592 1499 2666 1554 illi
2694 1502 3063 1570 ostendamus,
3092 1514 3146 1560 et
3171 1505 3412 1563 dicamus
3444 1511 3552 1566 illi:
3585 1513 3769 1584 Cogita

2190 1596 2365 1657 prata,
2393 1597 2449 1644 et
2474 1589 2634 1645 ﬂores
2659 1592 2748 1662 qui
2778 1593 2828 1647 in
2858 1594 2962 1648 illis
2988 1605 3131 1662 sunt,
3162 1601 3350 1667 quovis
3375 1616 3508 1656 auro
3547 1605 3766 1676 elegan-

2190 1679 2376 1745 tiores,
2407 1688 2461 1734 et
2487 1682 2762 1752 quibusvis
2789 1683 2984 1754 lapillis
3033 1695 3089 1741 et
3137 1692 3362 1758 gemmis
3410 1695 3672 1762 gratiores
3716 1707 3772 1753 et

2190 1771 2599 1841 pellucidiores:
2631 1776 2814 1847 cogita
2842 1777 3061 1848 limpida
3091 1779 3318 1839 fontium
3342 1784 3560 1853 ﬂuenta,
3581 1788 3770 1846 fluvios

2189 1863 2280 1933 qui
2308 1864 2478 1918 instar
2503 1865 2608 1920 olei
2635 1867 2751 1921 sine
2777 1873 3004 1940 strepitu
3031 1887 3062 1927 e
3090 1883 3232 1930 terra
3261 1877 3527 1945 profluunt
3548 1899 3560 1936 :
3580 1897 3770 1938 ascen-

2190 1952 2257 2007 de
2284 1955 2335 2007 in
2366 1955 2556 2009 caelum
2585 1965 2639 2012 et
2668 1957 2788 2014 vide
2817 1961 2950 2016 solis
2989 1962 3468 2037 pulchritudinem,
3503 1971 3643 2026 luna:
3671 1974 3767 2028 dc-

2190 2059 2396 2112 corem,
2441 2047 2715 2103 stellarum
2762 2049 2942 2107 ﬂores.
2985 2053 3054 2109 Et
3082 2056 3208 2125 quid
3236 2056 3358 2125 hoc,
3389 2062 3631 2131 inquies?
3662 2080 3766 2119 non

2190 2137 2336 2192 enim
2369 2138 2478 2194 illis
2500 2140 2700 2195 utimur
2720 2151 2778 2196 ut
2805 2146 3066 2212 pecuniis.
3096 2149 3252 2219 Atqui
3283 2152 3453 2221 magis
3481 2170 3638 2223 quam
3672 2171 3769 2224 pe-

2191 2229 2386 2296 cuniis,
2426 2241 2693 2301 quatenus
2721 2248 2910 2290 eorum
2947 2252 3074 2291 usus
3105 2249 3187 2293 est
3216 2242 3383 2310 magis
3414 2247 3767 2308 necessarius.

2195 2330 2251 2376 et
2280 2321 2345 2376 iis
2372 2320 2602 2376 fruimur
2629 2324 2892 2380 securius.
2922 2325 3110 2398 Neque
3155 2332 3298 2385 enim
3347 2333 3524 2400 times,
3558 2351 3626 2391 ne
3653 2339 3769 2407 quis

2192 2413 2280 2467 illa
2306 2423 2362 2466 ut
2391 2415 2646 2483 pecunias
2674 2417 2922 2473 auferens
2948 2417 3216 2488 discedat;
3265 2423 3358 2478 sed
3407 2425 3530 2482 licet
3575 2428 3668 2483 tibi
3703 2428 3772 2487 de

2192 2506 2257 2560 iis
2281 2513 2539 2574 perpetuo
2567 2506 2863 2576 confidere,
2895 2519 3057 2579 atque
3087 2513 3204 2568 sine
3228 2515 3334 2569 nlla
3357 2531 3486 2572 cura
3511 2520 3592 2573 vel
3619 2521 3771 2577 solli-

2192 2594 2447 2652 citudine.
2471 2594 2526 2651 Si
2549 2605 2730 2652 autem
2756 2598 2877 2654 ideo
2904 2599 3075 2668 doles,
3099 2605 3241 2674 quod
3272 2621 3394 2663 cum
3426 2609 3545 2664 aliis
3572 2609 3767 2668 fruaris

2192 2685 2321 2752 illis,
2349 2695 2406 2741 et
2433 2686 2578 2756 quod
2607 2702 2711 2742 non
2743 2689 2892 2745 solus
2928 2691 3017 2747 illa
3057 2695 3350 2762 possideas,
3397 2706 3454 2752 ut
3480 2702 3765 2769 pecunias;

2193 2791 2299 2833 non
2329 2778 2600 2846 pecunias,
2631 2778 2726 2833 sed
2757 2781 3030 2836 avaritiam
3058 2784 3226 2838 solam
3256 2788 3384 2842 mihi
3410 2803 3594 2847 amare
3620 2792 3771 2849 vide-

2194 2866 2314 2922 ris:
2362 2881 2461 2922 nec
2509 2868 2766 2938 pecunias
2805 2885 3039 2937 amares,
3079 2874 3123 2928 si
3165 2890 3479 2936 communes
3522 2883 3771 2940 omnibus

2194 2967 2518 3029 prostarent.
2548 2957 2680 3014 Cum
2704 2960 2864 3030 igitur
2889 2961 3134 3018 dilectam
3164 2965 3546 3036 invenerimus,
3579 2987 3772 3042 nempe

2195 3052 2505 3119 avaritiam;
2534 3067 2653 3123 age,
2689 3054 2968 3110 ostendam
2999 3057 3114 3123 tibi,
3143 3061 3414 3129 quomodo
3442 3063 3530 3117 illa
3560 3074 3610 3120 te
3649 3066 3771 3120 odio

2195 3142 2390 3199 habeat
2431 3154 2485 3199 et
2531 3157 2844 3204 aversetur:
2879 3159 3009 3224 quot
3038 3161 3223 3207 contra
3255 3160 3308 3209 te
3345 3153 3552 3224 gladios
3591 3167 3768 3224 acuat,

2195 3251 2352 3305 quam
2379 3239 2546 3290 multa
2581 3237 2748 3294 fodiat
2778 3241 3051 3310 barathra,
3081 3260 3241 3312 quam
3269 3249 3464 3303 multos
3491 3250 3674 3306 tendat
3695 3252 3773 3306 las

2194 3345 2384 3400 queos,
2413 3340 2609 3401 quanta
2637 3342 2860 3403 apparet
2887 3337 3213 3406 praecipitia;
3239 3349 3296 3394 ut
3321 3341 3398 3396 sic
3423 3357 3660 3399 amorem
3679 3362 3770 3402 cx-

2195 3423 2455 3493 stinguas.
2498 3423 2777 3481 Undenam
2820 3427 2936 3483 haec
2967 3431 3095 3486 sciri
3135 3437 3392 3502 possunt?
3433 3439 3508 3492 Ex
3556 3441 3675 3508 viis,
3704 3457 3768 3498 ex

2193 3514 2372 3582 bellis,
2417 3532 2483 3571 ex
2523 3519 2682 3585 mari,
2713 3534 2779 3575 ex
2809 3521 3184 3579 tribunalibus.
3229 3525 3360 3581 Nam
3394 3547 3541 3588 mare
3586 3533 3773 3605 implet

2193 3609 2474 3678 sanguine,
2499 3620 2553 3663 et
2577 3609 2810 3678 iudicum
2835 3628 2979 3683 sazpe
3003 3625 3246 3671 cruentat
3268 3619 3493 3690 gladios,
3525 3641 3668 3696 saepe
3694 3629 3774 3683 in.

2188 3696 2356 3769 juste,
2389 3712 2588 3769 eosque
2613 3702 2702 3770 qui
2731 3711 2891 3758 noctu
2915 3715 2968 3759 et
2997 3705 3225 3762 interdiu
3249 3711 3301 3771 in
3332 3711 3428 3768 viis
3456 3714 3773 3776 insidiantur

2194 3791 2308 3860 ipsa
2347 3801 2540 3858 armat,
2570 3802 2624 3848 et
2651 3793 2842 3850 suadet
2889 3797 3136 3868 ignorare
3163 3809 3444 3861 naturam:
3475 3811 3771 3876 parricidas

2194 3881 2321 3936 facit
2349 3894 2401 3937 et
2431 3883 2760 3952 matricidas,
2815 3893 2871 3943 et
2898 3891 3074 3944 omnia
3124 3892 3260 3948 mala
3292 3893 3346 3947 in
3394 3897 3552 3952 vitam
3586 3898 3768 3958 infert.

2263 3973 2316 4029 6.
2371 3972 2601 4044 Ideoque
2645 3977 2842 4034 Paulus
2867 3991 3023 4036 vocat
3051 3982 3194 4043 illam
3220 3985 3481 4044 malorum
3514 3991 3766 4058 radicem,

2193 4063 2310 4136 Ipsa
2338 4076 2608 4123 amatores
2634 4083 2759 4124 suos
2786 4085 2892 4125 non
2925 4073 3148 4135 meliore
3167 4077 3475 4136 conditione
3497 4081 3678 4157 jacere
3698 4084 3769 4143 si-

2195 4158 2292 4224 nit,
2333 4175 2491 4230 quam
2513 4177 2608 4218 eos
2630 4167 2719 4234 qui
2742 4166 2954 4222 metalla
2980 4178 3288 4238 operantur.
3311 4175 3767 4242 Quemadmodum

2191 4255 2331 4312 enim
2356 4255 2429 4308 illi
2451 4265 2711 4325 perpetuo
2737 4258 2788 4312 in
2817 4261 3051 4316 tenebris
3075 4265 3310 4321 conclusi
3336 4277 3390 4322 et
3416 4270 3574 4326 vincti
3614 4272 3770 4329 inuti-.-

2191 4345 2314 4400 liter
2331 4346 2573 4404 laborant
2597 4368 2610 4402 :
2633 4348 2710 4402 sic
2729 4359 2782 4402 et
2803 4350 2886 4404 isti
2910 4353 2960 4405 in
2984 4355 3254 4422 speluncis
3278 4359 3517 4418 avaritia:
3545 4361 3766 4430 defessi,

2193 4438 2406 4492 neruine
2434 4439 2805 4496 necessitatem
2856 4441 3138 4512 inferente,
3171 4461 3266 4501 sua
3291 4459 3483 4518 sponte
3513 4453 3612 4509 sibi
3643 4469 3770 4524 sup.

2191 4528 2406 4596 plicium
2429 4528 2722 4597 attrahunt,
2739 4546 2798 4586 se
2818 4533 3189 4591 insolubilibus
3207 4538 3637 4612 circumligautcs
3657 4547 3768 4600 viu-

2188 4619 2344 4673 culis.
2374 4618 2442 4674 Et
2463 4619 2530 4677 ad
2559 4623 2771 4677 metalla
2797 4623 3030 4680 damnati
3057 4628 3294 4697 quidem,
3325 4645 3548 4700 veSpere
3579 4636 3765 4696 Saltem

2188 4711 2504 4767 adveniente
2550 4729 2578 4766 a
2626 4714 2897 4772 laboribus
2943 4719 3256 4787 solvuntur;
3311 4721 3365 4780 hi
3413 4740 3538 4779 vero
3584 4737 3638 4782 et
3682 4728 3768 4783 die

2189 4814 2242 4860 et
2282 4813 2438 4860 nocte
2475 4805 2715 4873 improba
2761 4808 2876 4865 btec
2923 4811 3134 4868 metalla
3185 4813 3464 4873 defodiunt
3505 4837 3518 4870 :
3565 4830 3618 4874 et
3662 4821 3765 4874 illis

2187 4897 2402 4968 quidem
2425 4898 2614 4952 modus
2645 4909 2728 4954 est
2755 4903 3077 4958 constitutus
3099 4905 3381 4965 laboriosa:
3408 4909 3549 4967 illius
3580 4927 3767 4979 opera-

2188 4990 2385 5054 tionis;
2415 4989 2469 5044 hi
2502 5006 2627 5046 vero
2653 4994 2856 5051 nullum
2902 4995 3118 5051 modum
3151 5009 3367 5066 norunt,
3397 5001 3492 5056 sed
3520 5019 3626 5071 quo
3657 5021 3765 5057 nia-

2184 5087 2264 5154 gis
2290 5082 2538 5150 foderint,
2559 5098 2624 5138 eo
2644 5086 2900 5156 majorem
2921 5099 3172 5159 appetunt
3193 5093 3481 5148 miseriam.
3507 5096 3562 5150 Si
3586 5107 3761 5154 autem

2185 5177 2261 5232 illi
2299 5177 2512 5247 quidem
2560 5179 2726 5243 inviti,
2763 5181 2817 5236 bi
2857 5198 2985 5236 vero
3033 5195 3223 5252 sponte
3271 5201 3387 5252 sua,
3418 5188 3589 5244 morbi
3633 5188 3783 5246 mihi.

2183 5271 2316 5326 dicis
2341 5276 2677 5344 gravitatem,
2703 5275 2843 5346 quod
2865 5293 3058 5348 nempe
3085 5279 3299 5337 liberari
3328 5298 3432 5338 non
3465 5285 3686 5353 possint,
3720 5287 3763 5339 si

2182 5364 2396 5433 quidem
2429 5367 2620 5424 malam
2651 5385 2801 5423 suam
2831 5378 3034 5426 sortem
3063 5388 3168 5431 non
3196 5375 3439 5430 oderunt.
3477 5377 3584 5434 Sed
3613 5379 3763 5448 qnaSi

2183 5471 2274 5512 sus
2299 5458 2352 5512 in
2381 5459 2510 5525 luto,
2545 5461 2623 5516 sic
2643 5461 2718 5516 illi
2747 5463 2799 5517 in
2829 5463 3067 5522 avaritia:
3095 5465 3378 5525 fetoribus
3403 5470 3623 5528 Vulutati
3665 5472 3765 5525 sibi

2181 5549 2430 5620 placent,
2457 5551 2698 5621 graviora
2731 5555 2993 5624 patientes
3033 5571 3192 5626 quam
3239 5557 3474 5614 damnati
3506 5561 3599 5623 illi.
3629 5561 3764 5617 Nam

2180 5639 2321 5709 quod
2353 5641 2535 5712 pejore
2559 5644 2866 5702 conditione
2910 5647 3053 5715 sint,
3082 5649 3204 5704 andi
3232 5665 3352 5720 qua:
3379 5650 3443 5706 ad
3471 5651 3594 5706 illos
3635 5669 3763 5722 Spo-

2183 5740 2346 5802 ctant,
2383 5741 2438 5790 et
2466 5743 2593 5792 tunc
2625 5737 2813 5795 audies
2849 5754 2970 5811 qua:
2998 5739 3070 5797 ad
3105 5740 3204 5797 bos
3240 5742 3528 5812 pertinent.
3559 5743 3764 5807 Dicitur
