  <div class='ocr_page' id='page_1' title='image "/cluster/home/n/w/nwhite01/storage/ocr_20150623/61/hvd.32044054166368/200.png"; bbox 0 0 4086 6214; ppageno 0'>
   <div class='ocr_carea' id='block_1_1' title="bbox 396 308 500 365">
    <p class='ocr_par' dir='ltr' id='par_1_1' title="bbox 396 308 500 365">
     <span class='ocr_line' id='line_1_1' title="bbox 396 308 500 365; baseline -0.019 0"><span class='ocrx_word' id='word_1_1' title='bbox 396 308 500 365; x_wconf 75' lang='grc'>195</span> 
     </span>
    </p>
   </div>
   <div class='ocr_carea' id='block_1_2' title="bbox 385 427 1978 496">
    <p class='ocr_par' dir='ltr' id='par_1_2' title="bbox 385 427 1978 496">
     <span class='ocr_line' id='line_1_2' title="bbox 385 427 1978 496; baseline -0.001 -16"><span class='ocrx_word' id='word_1_2' title='bbox 385 427 571 491; x_wconf 70' lang='grc' dir='ltr'>ὀδοὺς</span> <span class='ocrx_word' id='word_1_3' title='bbox 594 428 802 482; x_wconf 82' lang='grc' dir='ltr'>αὐτοῦ.</span> <span class='ocrx_word' id='word_1_4' title='bbox 835 427 953 480; x_wconf 77' lang='grc' dir='ltr'>Κάν</span> <span class='ocrx_word' id='word_1_5' title='bbox 993 427 1162 480; x_wconf 86' lang='grc' dir='ltr'>κακόν</span> <span class='ocrx_word' id='word_1_6' title='bbox 1207 443 1258 478; x_wconf 90' lang='grc' dir='ltr'>τι</span> <span class='ocrx_word' id='word_1_7' title='bbox 1281 427 1488 490; x_wconf 86' lang='grc' dir='ltr'>παθὼν,</span> <span class='ocrx_word' id='word_1_8' title='bbox 1530 427 1795 496; x_wconf 82' lang='grc' dir='ltr'>γενναίως</span> <span class='ocrx_word' id='word_1_9' title='bbox 1823 427 1978 495; x_wconf 82' lang='grc' dir='ltr'>ἐνέγ-</span> 
     </span>
    </p>
   </div>
   <div class='ocr_carea' id='block_1_3' title="bbox 385 509 1976 580">
    <p class='ocr_par' dir='ltr' id='par_1_3' title="bbox 385 509 1976 580">
     <span class='ocr_line' id='line_1_3' title="bbox 385 509 1976 580; baseline -0.001 -17"><span class='ocrx_word' id='word_1_10' title='bbox 385 527 516 580; x_wconf 83' lang='grc' dir='ltr'>κῃς,</span> <span class='ocrx_word' id='word_1_11' title='bbox 545 511 608 562; x_wconf 83' lang='grc' dir='ltr'>τὸ</span> <span class='ocrx_word' id='word_1_12' title='bbox 642 513 749 564; x_wconf 82' lang='grc' dir='ltr'>πᾶν</span> <span class='ocrx_word' id='word_1_13' title='bbox 771 510 1046 564; x_wconf 86' lang='grc' dir='ltr'>ἀπεδύσω.</span> <span class='ocrx_word' id='word_1_14' title='bbox 1083 510 1254 564; x_wconf 84' lang='grc' dir='ltr'>Τοῦτο</span> <span class='ocrx_word' id='word_1_15' title='bbox 1282 511 1390 580; x_wconf 80' lang='grc' dir='ltr'>γὰρ</span> <span class='ocrx_word' id='word_1_16' title='bbox 1418 511 1512 563; x_wconf 73' lang='grc' dir='ltr'>καὶ</span> <span class='ocrx_word' id='word_1_17' title='bbox 1529 511 1666 580; x_wconf 65' lang='grc' dir='ltr'>πρὸς</span> <span class='ocrx_word' id='word_1_18' title='bbox 1694 511 1786 562; x_wconf 74' lang='grc' dir='ltr'>τὸν</span> <span class='ocrx_word' id='word_1_19' title='bbox 1812 509 1976 564; x_wconf 82' lang='grc' dir='ltr'>πλού-</span> 
     </span>
    </p>
   </div>
   <div class='ocr_carea' id='block_1_4' title="bbox 386 592 1982 664">
    <p class='ocr_par' dir='ltr' id='par_1_4' title="bbox 386 592 1982 664">
     <span class='ocr_line' id='line_1_4' title="bbox 386 592 1982 664; baseline 0.001 -19"><span class='ocrx_word' id='word_1_20' title='bbox 386 609 505 645; x_wconf 90' lang='grc' dir='ltr'>σιον</span> <span class='ocrx_word' id='word_1_21' title='bbox 545 595 574 645; x_wconf 89' lang='grc' dir='ltr'>ὁ</span> <span class='ocrx_word' id='word_1_22' title='bbox 627 592 878 664; x_wconf 76' lang='grc' dir='ltr'>Ἀϐραάμ</span> <span class='ocrx_word' id='word_1_23' title='bbox 914 593 1122 660; x_wconf 75' lang='grc' dir='ltr'>ἔλεγεν,</span> <span class='ocrx_word' id='word_1_24' title='bbox 1166 594 1246 646; x_wconf 83' lang='grc' dir='ltr'>ὅτι</span> <span class='ocrx_word' id='word_1_25' title='bbox 1308 594 1571 647; x_wconf 79' lang='grc' dir='ltr'>Ἀπέλαϐε</span> <span class='ocrx_word' id='word_1_26' title='bbox 1615 592 1864 663; x_wconf 82' lang='grc' dir='ltr'>Λάζαρος</span> <span class='ocrx_word' id='word_1_27' title='bbox 1914 592 1982 646; x_wconf 83' lang='grc' dir='ltr'>τὰ</span> 
     </span>
    </p>
   </div>
   <div class='ocr_carea' id='block_1_5' title="bbox 384 674 1979 747">
    <p class='ocr_par' dir='ltr' id='par_1_5' title="bbox 384 674 1979 747">
     <span class='ocr_line' id='line_1_5' title="bbox 384 674 1979 747; baseline 0.002 -22"><span class='ocrx_word' id='word_1_28' title='bbox 384 674 539 727; x_wconf 85' lang='grc' dir='ltr'>κακά</span> <span class='ocrx_word' id='word_1_29' title='bbox 570 675 758 738; x_wconf 82' lang='grc' dir='ltr'>αὐτοῦ,</span> <span class='ocrx_word' id='word_1_30' title='bbox 779 677 869 729; x_wconf 77' lang='grc' dir='ltr'>καὶ</span> <span class='ocrx_word' id='word_1_31' title='bbox 896 675 1127 729; x_wconf 85' lang='grc' dir='ltr'>ἐνταῦθα</span> <span class='ocrx_word' id='word_1_32' title='bbox 1166 677 1591 747; x_wconf 85' lang='grc' dir='ltr'>παρακαλεῖται.</span> <span class='ocrx_word' id='word_1_33' title='bbox 1633 676 1752 730; x_wconf 83' lang='grc' dir='ltr'>Κάν</span> <span class='ocrx_word' id='word_1_34' title='bbox 1803 676 1979 747; x_wconf 74' lang='grc' dir='ltr'>χήραν</span> 
     </span>
    </p>
   </div>
   <div class='ocr_carea' id='block_1_6' title="bbox 381 758 1974 831">
    <p class='ocr_par' dir='ltr' id='par_1_6' title="bbox 381 758 1974 831">
     <span class='ocr_line' id='line_1_6' title="bbox 381 758 1974 831; baseline 0.001 -21"><span class='ocrx_word' id='word_1_35' title='bbox 381 758 639 829; x_wconf 79' lang='grc' dir='ltr'>ἐλεήσῃς,</span> <span class='ocrx_word' id='word_1_36' title='bbox 674 759 928 813; x_wconf 86' lang='grc' dir='ltr'>πλύνεταί</span> <span class='ocrx_word' id='word_1_37' title='bbox 948 777 1042 813; x_wconf 89' lang='grc' dir='ltr'>σου</span> <span class='ocrx_word' id='word_1_38' title='bbox 1073 760 1140 813; x_wconf 88' lang='grc' dir='ltr'>τά</span> <span class='ocrx_word' id='word_1_39' title='bbox 1165 761 1561 831; x_wconf 81' lang='grc' dir='ltr'>ἁμαρτήματα·</span> <span class='ocrx_word' id='word_1_40' title='bbox 1581 761 1830 828; x_wconf 80' lang='grc' dir='ltr'>Κρίνατε</span> <span class='ocrx_word' id='word_1_41' title='bbox 1845 760 1974 830; x_wconf 92' lang='grc' dir='ltr'>γάρ,</span> 
     </span>
    </p>
   </div>
   <div class='ocr_carea' id='block_1_7' title="bbox 382 841 1981 912">
    <p class='ocr_par' dir='ltr' id='par_1_7' title="bbox 382 841 1981 912">
     <span class='ocr_line' id='line_1_7' title="bbox 382 841 1981 912; baseline 0 -18"><span class='ocrx_word' id='word_1_42' title='bbox 382 843 574 910; x_wconf 69' lang='grc' dir='ltr'>φησὶν,</span> <span class='ocrx_word' id='word_1_43' title='bbox 606 842 869 912; x_wconf 64' lang='grc' dir='ltr'>ὀρφανῷ,</span> <span class='ocrx_word' id='word_1_44' title='bbox 906 843 1003 896; x_wconf 82' lang='grc' dir='ltr'>καὶ</span> <span class='ocrx_word' id='word_1_45' title='bbox 1035 843 1390 896; x_wconf 79' lang='grc' dir='ltr'>δικαιώσατε</span> <span class='ocrx_word' id='word_1_46' title='bbox 1409 842 1625 912; x_wconf 76' lang='grc' dir='ltr'>χήραν,</span> <span class='ocrx_word' id='word_1_47' title='bbox 1665 843 1763 896; x_wconf 79' lang='grc' dir='ltr'>καὶ</span> <span class='ocrx_word' id='word_1_48' title='bbox 1809 841 1981 896; x_wconf 81' lang='grc' dir='ltr'>δεῦτε</span> 
     </span>
    </p>
   </div>
   <div class='ocr_carea' id='block_1_8' title="bbox 379 920 1980 996">
    <p class='ocr_par' dir='ltr' id='par_1_8' title="bbox 379 920 1980 996">
     <span class='ocr_line' id='line_1_8' title="bbox 379 920 1980 996; baseline 0 -18"><span class='ocrx_word' id='word_1_49' title='bbox 379 927 483 978; x_wconf 75' lang='grc' dir='ltr'>καὶ</span> <span class='ocrx_word' id='word_1_50' title='bbox 512 924 942 996; x_wconf 73' lang='grc' dir='ltr'>διαλεχθῶμεν,</span> <span class='ocrx_word' id='word_1_51' title='bbox 973 927 1132 996; x_wconf 66' lang='grc' dir='ltr'>,λέγει</span> <span class='ocrx_word' id='word_1_52' title='bbox 1180 927 1416 992; x_wconf 76' lang='grc' dir='ltr'>Κύριος·</span> <span class='ocrx_word' id='word_1_53' title='bbox 1458 925 1557 979; x_wconf 78' lang='grc' dir='ltr'>καὶ</span> <span class='ocrx_word' id='word_1_54' title='bbox 1588 925 1696 978; x_wconf 83' lang='grc' dir='ltr'>ἐὰν</span> <span class='ocrx_word' id='word_1_55' title='bbox 1744 920 1894 978; x_wconf 80' lang='grc' dir='ltr'>ὦσιν</span> <span class='ocrx_word' id='word_1_56' title='bbox 1921 927 1980 978; x_wconf 83' lang='lat' dir='ltr'><strong><em>al</em></strong></span> 
     </span>
    </p>
   </div>
   <div class='ocr_carea' id='block_1_9' title="bbox 378 1006 1973 1080">
    <p class='ocr_par' dir='ltr' id='par_1_9' title="bbox 378 1006 1973 1080">
     <span class='ocr_line' id='line_1_9' title="bbox 378 1006 1973 1080; baseline 0 -20"><span class='ocrx_word' id='word_1_57' title='bbox 378 1009 660 1076; x_wconf 77' lang='grc' dir='ltr'>ἁμαρτίαι</span> <span class='ocrx_word' id='word_1_58' title='bbox 691 1007 859 1080; x_wconf 75' lang='grc' dir='ltr'>ὑμῶν</span> <span class='ocrx_word' id='word_1_59' title='bbox 889 1009 970 1076; x_wconf 87' lang='grc' dir='ltr'>ὠς</span> <span class='ocrx_word' id='word_1_60' title='bbox 1007 1007 1346 1078; x_wconf 70' lang='grc' dir='ltr'>φοινικοῦν,</span> <span class='ocrx_word' id='word_1_61' title='bbox 1372 1009 1451 1074; x_wconf 85' lang='grc' dir='ltr'>ὡς</span> <span class='ocrx_word' id='word_1_62' title='bbox 1483 1008 1655 1076; x_wconf 79' lang='grc' dir='ltr'>χιόνα</span> <span class='ocrx_word' id='word_1_63' title='bbox 1676 1006 1973 1061; x_wconf 73' lang='grc' dir='ltr'>λευκανῶ·</span> 
     </span>
    </p>
   </div>
   <div class='ocr_carea' id='block_1_10' title="bbox 373 1087 1974 1160">
    <p class='ocr_par' dir='ltr' id='par_1_10' title="bbox 373 1087 1974 1160">
     <span class='ocr_line' id='line_1_10' title="bbox 373 1087 1974 1160; baseline 0.001 -18"><span class='ocrx_word' id='word_1_64' title='bbox 373 1091 492 1143; x_wconf 79' lang='grc' dir='ltr'>ἐὰν</span> <span class='ocrx_word' id='word_1_65' title='bbox 522 1091 591 1144; x_wconf 80' lang='grc' dir='ltr'>δὲ</span> <span class='ocrx_word' id='word_1_66' title='bbox 617 1087 769 1146; x_wconf 80' lang='grc' dir='ltr'>ὦσιν</span> <span class='ocrx_word' id='word_1_67' title='bbox 796 1092 876 1157; x_wconf 85' lang='grc' dir='ltr'>ὠς</span> <span class='ocrx_word' id='word_1_68' title='bbox 893 1093 1197 1156; x_wconf 74' lang='grc' dir='ltr'><em>κόκκινον,</em></span> <span class='ocrx_word' id='word_1_69' title='bbox 1249 1091 1392 1144; x_wconf 80' lang='grc' dir='ltr'>ὡσεὶ</span> <span class='ocrx_word' id='word_1_70' title='bbox 1453 1092 1614 1160; x_wconf 79' lang='grc' dir='ltr'>ἔριον</span> <span class='ocrx_word' id='word_1_71' title='bbox 1675 1091 1974 1145; x_wconf 76' lang='grc' dir='ltr'>λευκανῶ.</span> 
     </span>
    </p>
   </div>
   <div class='ocr_carea' id='block_1_11' title="bbox 376 1174 1975 1248">
    <p class='ocr_par' dir='ltr' id='par_1_11' title="bbox 376 1174 1975 1248">
     <span class='ocr_line' id='line_1_11' title="bbox 376 1174 1975 1248; baseline 0.002 -24"><span class='ocrx_word' id='word_1_72' title='bbox 376 1175 518 1227; x_wconf 76' lang='grc' dir='ltr'>Οὐδὲ</span> <span class='ocrx_word' id='word_1_73' title='bbox 562 1177 668 1247; x_wconf 76' lang='grc' dir='ltr'>γὰρ</span> <span class='ocrx_word' id='word_1_74' title='bbox 718 1175 880 1247; x_wconf 70' lang='grc' dir='ltr'>οὐλὴν</span> <span class='ocrx_word' id='word_1_75' title='bbox 927 1175 1036 1228; x_wconf 89' lang='grc' dir='ltr'>τῶν</span> <span class='ocrx_word' id='word_1_76' title='bbox 1089 1176 1419 1248; x_wconf 79' lang='grc' dir='ltr'>τραυμάτων</span> <span class='ocrx_word' id='word_1_77' title='bbox 1478 1175 1672 1246; x_wconf 85' lang='grc' dir='ltr'>ἀφίησι</span> <span class='ocrx_word' id='word_1_78' title='bbox 1741 1174 1975 1246; x_wconf 87' lang='grc' dir='ltr'>φανῆναί</span> 
     </span>
    </p>
   </div>
   <div class='ocr_carea' id='block_1_12' title="bbox 373 1274 524 1310">
    <p class='ocr_par' dir='ltr' id='par_1_12' title="bbox 373 1274 524 1310">
     <span class='ocr_line' id='line_1_12' title="bbox 373 1274 524 1310; baseline 0 0"><span class='ocrx_word' id='word_1_79' title='bbox 373 1274 524 1310; x_wconf 85' lang='grc' dir='ltr'>τινα.</span> 
     </span>
    </p>
   </div>
   <div class='ocr_carea' id='block_1_13' title="bbox 451 1340 1968 1412">
    <p class='ocr_par' dir='ltr' id='par_1_13' title="bbox 451 1340 1968 1412">
     <span class='ocr_line' id='line_1_13' title="bbox 451 1340 1968 1412; baseline 0.003 -19"><span class='ocrx_word' id='word_1_80' title='bbox 451 1348 514 1394; x_wconf 90' lang='grc' dir='ltr'>ε’.</span> <span class='ocrx_word' id='word_1_81' title='bbox 553 1340 713 1393; x_wconf 82' lang='grc' dir='ltr'>Ἀλλὰ</span> <span class='ocrx_word' id='word_1_82' title='bbox 738 1341 844 1394; x_wconf 75' lang='grc' dir='ltr'>κᾶν</span> <span class='ocrx_word' id='word_1_83' title='bbox 882 1342 961 1404; x_wconf 84' lang='grc' dir='ltr'>είς</span> <span class='ocrx_word' id='word_1_84' title='bbox 979 1343 1152 1394; x_wconf 80' lang='grc' dir='ltr'>ἐκεῖνο</span> <span class='ocrx_word' id='word_1_85' title='bbox 1169 1340 1408 1412; x_wconf 75' lang='grc' dir='ltr'>ἔλθωμεν</span> <span class='ocrx_word' id='word_1_86' title='bbox 1425 1341 1490 1395; x_wconf 82' lang='grc' dir='ltr'>τὸ</span> <span class='ocrx_word' id='word_1_87' title='bbox 1525 1340 1688 1412; x_wconf 84' lang='grc' dir='ltr'>βάθος</span> <span class='ocrx_word' id='word_1_88' title='bbox 1721 1342 1831 1396; x_wconf 90' lang='grc' dir='ltr'>τῶν</span> <span class='ocrx_word' id='word_1_89' title='bbox 1864 1360 1968 1398; x_wconf 90' lang='grc' dir='ltr'>κα-</span> 
     </span>
    </p>
   </div>
   <div class='ocr_carea' id='block_1_14' title="bbox 374 1425 1972 1498">
    <p class='ocr_par' dir='ltr' id='par_1_14' title="bbox 374 1425 1972 1498">
     <span class='ocr_line' id='line_1_14' title="bbox 374 1425 1972 1498; baseline 0.001 -19"><span class='ocrx_word' id='word_1_90' title='bbox 374 1425 515 1490; x_wconf 85' lang='grc' dir='ltr'>κῶν,</span> <span class='ocrx_word' id='word_1_91' title='bbox 543 1427 619 1489; x_wconf 82' lang='grc' dir='ltr'>εἰς</span> <span class='ocrx_word' id='word_1_92' title='bbox 646 1425 672 1478; x_wconf 84' lang='grc' dir='ltr'>ὃ</span> <span class='ocrx_word' id='word_1_93' title='bbox 703 1425 1010 1478; x_wconf 81' lang='grc' dir='ltr'>κατέπεσεν</span> <span class='ocrx_word' id='word_1_94' title='bbox 1037 1427 1065 1479; x_wconf 87' lang='grc' dir='ltr'>δ</span> <span class='ocrx_word' id='word_1_95' title='bbox 1101 1425 1168 1478; x_wconf 83' lang='grc' dir='ltr'>τὰ</span> <span class='ocrx_word' id='word_1_96' title='bbox 1192 1425 1422 1498; x_wconf 81' lang='grc' dir='ltr'>πατρῷα</span> <span class='ocrx_word' id='word_1_97' title='bbox 1469 1425 1844 1495; x_wconf 85' lang='grc' dir='ltr'>κατεδηδοκὼς</span> <span class='ocrx_word' id='word_1_98' title='bbox 1876 1428 1972 1480; x_wconf 77' lang='grc' dir='ltr'>καὶ</span> 
     </span>
    </p>
   </div>
   <div class='ocr_carea' id='block_1_15' title="bbox 374 1507 1974 1579">
    <p class='ocr_par' dir='ltr' id='par_1_15' title="bbox 374 1507 1974 1579">
     <span class='ocr_line' id='line_1_15' title="bbox 374 1507 1974 1579; baseline 0.001 -18"><span class='ocrx_word' id='word_1_99' title='bbox 374 1509 616 1579; x_wconf 76' lang='grc' dir='ltr'>κεράτια</span> <span class='ocrx_word' id='word_1_100' title='bbox 649 1508 868 1575; x_wconf 90' lang='grc' dir='ltr'>ἐσθίων,</span> <span class='ocrx_word' id='word_1_101' title='bbox 905 1509 1002 1561; x_wconf 69' lang='grc' dir='ltr'>καὶ</span> <span class='ocrx_word' id='word_1_102' title='bbox 1047 1509 1493 1579; x_wconf 76' lang='grc' dir='ltr'>μετανοήσωμεν,</span> <span class='ocrx_word' id='word_1_103' title='bbox 1525 1507 1808 1579; x_wconf 87' lang='grc' dir='ltr'>σωζόμεθα</span> <span class='ocrx_word' id='word_1_104' title='bbox 1841 1511 1974 1563; x_wconf 80' lang='grc' dir='ltr'>πάν-</span> 
     </span>
    </p>
   </div>
   <div class='ocr_carea' id='block_1_16' title="bbox 371 1592 1970 1664">
    <p class='ocr_par' dir='ltr' id='par_1_16' title="bbox 371 1592 1970 1664">
     <span class='ocr_line' id='line_1_16' title="bbox 371 1592 1970 1664; baseline 0.001 -18"><span class='ocrx_word' id='word_1_105' title='bbox 371 1610 509 1656; x_wconf 79' lang='grc' dir='ltr'>τωςο</span> <span class='ocrx_word' id='word_1_106' title='bbox 537 1594 643 1646; x_wconf 82' lang='grc' dir='ltr'>κάν</span> <span class='ocrx_word' id='word_1_107' title='bbox 683 1593 854 1664; x_wconf 84' lang='grc' dir='ltr'>μύρια</span> <span class='ocrx_word' id='word_1_108' title='bbox 884 1592 1120 1645; x_wconf 88' lang='grc' dir='ltr'>τάλαντα</span> <span class='ocrx_word' id='word_1_109' title='bbox 1157 1592 1483 1662; x_wconf 87' lang='grc' dir='ltr'>ὀφείλωμεν,</span> <span class='ocrx_word' id='word_1_110' title='bbox 1518 1593 1611 1645; x_wconf 76' lang='grc' dir='ltr'>καὶ</span> <span class='ocrx_word' id='word_1_111' title='bbox 1649 1595 1970 1664; x_wconf 88' lang='grc' dir='ltr'>προσπέσω-</span> 
     </span>
    </p>
   </div>
   <div class='ocr_carea' id='block_1_17' title="bbox 375 1675 1965 1746">
    <p class='ocr_par' dir='ltr' id='par_1_17' title="bbox 375 1675 1965 1746">
     <span class='ocr_line' id='line_1_17' title="bbox 375 1675 1965 1746; baseline 0.003 -20"><span class='ocrx_word' id='word_1_112' title='bbox 375 1692 481 1744; x_wconf 87' lang='grc' dir='ltr'>μεν</span> <span class='ocrx_word' id='word_1_113' title='bbox 518 1677 611 1728; x_wconf 78' lang='grc' dir='ltr'>καὶ</span> <span class='ocrx_word' id='word_1_114' title='bbox 651 1675 726 1745; x_wconf 84' lang='grc' dir='ltr'>μὴ</span> <span class='ocrx_word' id='word_1_115' title='bbox 775 1675 1302 1746; x_wconf 83' lang='grc' dir='ltr'>μνησικακήσωμεν,</span> <span class='ocrx_word' id='word_1_116' title='bbox 1343 1676 1522 1729; x_wconf 87' lang='grc' dir='ltr'>πάντα</span> <span class='ocrx_word' id='word_1_117' title='bbox 1549 1679 1681 1746; x_wconf 78' lang='grc' dir='ltr'>ἡμῖν</span> <span class='ocrx_word' id='word_1_118' title='bbox 1706 1676 1965 1746; x_wconf 73' lang='grc' dir='ltr'>ἀφίεται*</span> 
     </span>
    </p>
   </div>
   <div class='ocr_carea' id='block_1_18' title="bbox 372 1752 1969 1830">
    <p class='ocr_par' dir='ltr' id='par_1_18' title="bbox 372 1752 1969 1830">
     <span class='ocr_line' id='line_1_18' title="bbox 372 1752 1969 1830; baseline 0.001 -18"><span class='ocrx_word' id='word_1_119' title='bbox 372 1759 481 1812; x_wconf 76' lang='grc' dir='ltr'>κᾶν</span> <span class='ocrx_word' id='word_1_120' title='bbox 514 1762 692 1812; x_wconf 90' lang='grc' dir='ltr'>ἐκεῖσε</span> <span class='ocrx_word' id='word_1_121' title='bbox 728 1757 1226 1830; x_wconf 88' lang='grc' dir='ltr'>ἀποπλανηθῶμεν,</span> <span class='ocrx_word' id='word_1_122' title='bbox 1253 1752 1313 1812; x_wconf 73' lang='grc' dir='ltr'>οὗ</span> <span class='ocrx_word' id='word_1_123' title='bbox 1337 1759 1398 1812; x_wconf 86' lang='grc' dir='ltr'>τὸ</span> <span class='ocrx_word' id='word_1_124' title='bbox 1427 1759 1698 1830; x_wconf 90' lang='grc' dir='ltr'>πρόϐατον</span> <span class='ocrx_word' id='word_1_125' title='bbox 1732 1759 1969 1814; x_wconf 82' lang='grc' dir='ltr'>ἀπεϐου-</span> 
     </span>
    </p>
   </div>
   <div class='ocr_carea' id='block_1_19' title="bbox 372 1840 1964 1912">
    <p class='ocr_par' dir='ltr' id='par_1_19' title="bbox 372 1840 1964 1912">
     <span class='ocr_line' id='line_1_19' title="bbox 372 1840 1964 1912; baseline -0.001 -17"><span class='ocrx_word' id='word_1_126' title='bbox 372 1841 610 1912; x_wconf 79' lang='grc' dir='ltr'>κολήθη,</span> <span class='ocrx_word' id='word_1_127' title='bbox 641 1840 896 1894; x_wconf 89' lang='grc' dir='ltr'>κάκεῖθεν</span> <span class='ocrx_word' id='word_1_128' title='bbox 929 1843 1075 1911; x_wconf 78' lang='grc' dir='ltr'>ἡμᾶς</span> <span class='ocrx_word' id='word_1_129' title='bbox 1128 1843 1429 1895; x_wconf 82' lang='grc' dir='ltr'>ἀνακτᾶται</span> <span class='ocrx_word' id='word_1_130' title='bbox 1453 1856 1466 1869; x_wconf 85' lang='lat'><strong><em>°</em></strong></span> <span class='ocrx_word' id='word_1_131' title='bbox 1495 1841 1656 1910; x_wconf 85' lang='grc' dir='ltr'>μόνον</span> <span class='ocrx_word' id='word_1_132' title='bbox 1691 1840 1964 1911; x_wconf 83' lang='grc' dir='ltr'>βουληθῶ-</span> 
     </span>
    </p>
   </div>
   <div class='ocr_carea' id='block_1_20' title="bbox 378 1923 1967 1996">
    <p class='ocr_par' dir='ltr' id='par_1_20' title="bbox 378 1923 1967 1996">
     <span class='ocr_line' id='line_1_20' title="bbox 378 1923 1967 1996; baseline 0.001 -20"><span class='ocrx_word' id='word_1_133' title='bbox 378 1941 505 1994; x_wconf 86' lang='grc' dir='ltr'>μεν,</span> <span class='ocrx_word' id='word_1_134' title='bbox 535 1923 849 1995; x_wconf 86' lang='grc' dir='ltr'>ἀγαπητοί·</span> <span class='ocrx_word' id='word_1_135' title='bbox 880 1923 1257 1996; x_wconf 85' lang='grc' dir='ltr'>φιλάνθρωπος</span> <span class='ocrx_word' id='word_1_136' title='bbox 1279 1925 1387 1996; x_wconf 79' lang='grc' dir='ltr'>γὰρ</span> <span class='ocrx_word' id='word_1_137' title='bbox 1418 1927 1446 1978; x_wconf 86' lang='grc' dir='ltr'>ό</span> <span class='ocrx_word' id='word_1_138' title='bbox 1465 1925 1618 1991; x_wconf 88' lang='grc' dir='ltr'>Θεός.</span> <span class='ocrx_word' id='word_1_139' title='bbox 1669 1926 1768 1978; x_wconf 80' lang='grc' dir='ltr'>Διά</span> <span class='ocrx_word' id='word_1_140' title='bbox 1809 1926 1967 1978; x_wconf 86' lang='grc' dir='ltr'>τοῦτο</span> 
     </span>
    </p>
   </div>
   <div class='ocr_carea' id='block_1_21' title="bbox 371 2005 1962 2081">
    <p class='ocr_par' dir='ltr' id='par_1_21' title="bbox 371 2005 1962 2081">
     <span class='ocr_line' id='line_1_21' title="bbox 371 2005 1962 2081; baseline 0.002 -22"><span class='ocrx_word' id='word_1_141' title='bbox 371 2008 471 2059; x_wconf 73' lang='grc' dir='ltr'>καὶ</span> <span class='ocrx_word' id='word_1_142' title='bbox 501 2009 593 2060; x_wconf 76' lang='grc' dir='ltr'>ἐπὶ</span> <span class='ocrx_word' id='word_1_143' title='bbox 617 2006 710 2059; x_wconf 87' lang='grc' dir='ltr'>τοῦ</span> <span class='ocrx_word' id='word_1_144' title='bbox 765 2005 836 2059; x_wconf 80' lang='grc' dir='ltr'>τὰ</span> <span class='ocrx_word' id='word_1_145' title='bbox 885 2007 1052 2078; x_wconf 89' lang='grc' dir='ltr'>μύρια</span> <span class='ocrx_word' id='word_1_146' title='bbox 1081 2009 1318 2062; x_wconf 85' lang='grc' dir='ltr'>τάλαντα</span> <span class='ocrx_word' id='word_1_147' title='bbox 1359 2009 1662 2080; x_wconf 79' lang='grc' dir='ltr'>ὀφείλοντος</span> <span class='ocrx_word' id='word_1_148' title='bbox 1700 2013 1765 2081; x_wconf 80' lang='grc' dir='ltr'>τῇ</span> <span class='ocrx_word' id='word_1_149' title='bbox 1793 2026 1962 2080; x_wconf 83' lang='grc' dir='ltr'>προσ-</span> 
     </span>
    </p>
   </div>
   <div class='ocr_carea' id='block_1_22' title="bbox 369 2091 1963 2166">
    <p class='ocr_par' dir='ltr' id='par_1_22' title="bbox 369 2091 1963 2166">
     <span class='ocr_line' id='line_1_22' title="bbox 369 2091 1963 2166; baseline 0.002 -22"><span class='ocrx_word' id='word_1_150' title='bbox 369 2091 582 2144; x_wconf 84' lang='grc' dir='ltr'>πτώσει</span> <span class='ocrx_word' id='word_1_151' title='bbox 612 2094 852 2163; x_wconf 62' lang='grc' dir='ltr'>⁴ἠρκεῖτο,</span> <span class='ocrx_word' id='word_1_152' title='bbox 892 2099 986 2147; x_wconf 78' lang='grc' dir='ltr'>καὶ</span> <span class='ocrx_word' id='word_1_153' title='bbox 1010 2093 1099 2146; x_wconf 70' lang='grc' dir='ltr'>ἐπὶ</span> <span class='ocrx_word' id='word_1_154' title='bbox 1129 2092 1224 2146; x_wconf 89' lang='grc' dir='ltr'>τοῦ</span> <span class='ocrx_word' id='word_1_155' title='bbox 1253 2093 1322 2146; x_wconf 88' lang='grc' dir='ltr'>τά</span> <span class='ocrx_word' id='word_1_156' title='bbox 1344 2094 1574 2166; x_wconf 80' lang='grc' dir='ltr'>πατρῷα</span> <span class='ocrx_word' id='word_1_157' title='bbox 1609 2094 1963 2164; x_wconf 72' lang='grc' dir='ltr'>κατεδηδοκό-</span> 
     </span>
    </p>
   </div>
   <div class='ocr_carea' id='block_1_23' title="bbox 366 2175 1962 2248">
    <p class='ocr_par' dir='ltr' id='par_1_23' title="bbox 366 2175 1962 2248">
     <span class='ocr_line' id='line_1_23' title="bbox 366 2175 1962 2248; baseline 0.002 -21"><span class='ocrx_word' id='word_1_158' title='bbox 366 2191 464 2238; x_wconf 86' lang='grc' dir='ltr'>τος</span> <span class='ocrx_word' id='word_1_159' title='bbox 495 2177 563 2245; x_wconf 79' lang='grc' dir='ltr'>τῇ</span> <span class='ocrx_word' id='word_1_160' title='bbox 598 2175 841 2246; x_wconf 84' lang='grc' dir='ltr'>ἐπανόδῳ</span> <span class='ocrx_word' id='word_1_161' title='bbox 867 2175 1022 2248; x_wconf 79' lang='grc' dir='ltr'>μόνῃ,</span> <span class='ocrx_word' id='word_1_162' title='bbox 1054 2176 1148 2228; x_wconf 74' lang='grc' dir='ltr'>καὶ</span> <span class='ocrx_word' id='word_1_163' title='bbox 1187 2177 1279 2230; x_wconf 76' lang='grc' dir='ltr'>ἐπὶ</span> <span class='ocrx_word' id='word_1_164' title='bbox 1309 2177 1402 2229; x_wconf 89' lang='grc' dir='ltr'>τοῦ</span> <span class='ocrx_word' id='word_1_165' title='bbox 1433 2175 1708 2246; x_wconf 90' lang='grc' dir='ltr'>προϐάτου</span> <span class='ocrx_word' id='word_1_166' title='bbox 1729 2176 1808 2248; x_wconf 81' lang='grc' dir='ltr'>τῷ</span> <span class='ocrx_word' id='word_1_167' title='bbox 1835 2177 1962 2246; x_wconf 84' lang='grc' dir='ltr'>βου-</span> 
     </span>
    </p>
   </div>
   <div class='ocr_carea' id='block_1_24' title="bbox 365 2258 1963 2331">
    <p class='ocr_par' dir='ltr' id='par_1_24' title="bbox 365 2258 1963 2331">
     <span class='ocr_line' id='line_1_24' title="bbox 365 2258 1963 2331; baseline 0.001 -20"><span class='ocrx_word' id='word_1_168' title='bbox 365 2258 604 2329; x_wconf 84' lang='grc' dir='ltr'>ληθῆναι</span> <span class='ocrx_word' id='word_1_169' title='bbox 638 2258 1028 2329; x_wconf 81' lang='grc' dir='ltr'>βασταχθῆναι.</span> <span class='ocrx_word' id='word_1_170' title='bbox 1056 2259 1436 2329; x_wconf 76' lang='grc' dir='ltr'>Ἐννοήσαντες</span> <span class='ocrx_word' id='word_1_171' title='bbox 1464 2258 1642 2313; x_wconf 81' lang='grc' dir='ltr'>τοίνυν</span> <span class='ocrx_word' id='word_1_172' title='bbox 1655 2259 1718 2313; x_wconf 81' lang='grc' dir='ltr'>τὸ</span> <span class='ocrx_word' id='word_1_173' title='bbox 1737 2261 1963 2331; x_wconf 85' lang='grc' dir='ltr'>μέγεθος</span> 
     </span>
    </p>
   </div>
   <div class='ocr_carea' id='block_1_25' title="bbox 366 2342 1962 2415">
    <p class='ocr_par' dir='ltr' id='par_1_25' title="bbox 366 2342 1962 2415">
     <span class='ocr_line' id='line_1_25' title="bbox 366 2342 1962 2415; baseline 0.003 -21"><span class='ocrx_word' id='word_1_174' title='bbox 366 2342 539 2396; x_wconf 82' lang='grc' dir='ltr'>αὑτοῦ</span> <span class='ocrx_word' id='word_1_175' title='bbox 563 2343 662 2412; x_wconf 80' lang='grc' dir='ltr'>τῆς</span> <span class='ocrx_word' id='word_1_176' title='bbox 695 2342 1130 2414; x_wconf 82' lang='grc' dir='ltr'>φιλανθρωπίας,</span> <span class='ocrx_word' id='word_1_177' title='bbox 1155 2343 1390 2398; x_wconf 86' lang='grc' dir='ltr'>ἐνταῦθα</span> <span class='ocrx_word' id='word_1_178' title='bbox 1445 2343 1607 2397; x_wconf 82' lang='grc' dir='ltr'>αὑτὸν</span> <span class='ocrx_word' id='word_1_179' title='bbox 1647 2345 1962 2415; x_wconf 79' lang='grc' dir='ltr'>ποιήσωμεν</span> 
     </span>
    </p>
   </div>
   <div class='ocr_carea' id='block_1_26' title="bbox 368 2425 1962 2498">
    <p class='ocr_par' dir='ltr' id='par_1_26' title="bbox 368 2425 1962 2498">
     <span class='ocr_line' id='line_1_26' title="bbox 368 2425 1962 2498; baseline 0.004 -22"><span class='ocrx_word' id='word_1_180' title='bbox 368 2425 530 2477; x_wconf 82' lang='grc' dir='ltr'>ἵλεων</span> <span class='ocrx_word' id='word_1_181' title='bbox 564 2427 715 2495; x_wconf 76' lang='grc' dir='ltr'>ἡμῖν,</span> <span class='ocrx_word' id='word_1_182' title='bbox 741 2426 838 2492; x_wconf 74' lang='grc' dir='ltr'>⁴καὶ</span> <span class='ocrx_word' id='word_1_183' title='bbox 867 2427 1272 2496; x_wconf 80' lang='grc' dir='ltr'>προφθάσωμεν</span> <span class='ocrx_word' id='word_1_184' title='bbox 1294 2427 1356 2480; x_wconf 82' lang='grc' dir='ltr'>τὸ</span> <span class='ocrx_word' id='word_1_185' title='bbox 1385 2427 1679 2498; x_wconf 85' lang='grc' dir='ltr'>πρόσωπον</span> <span class='ocrx_word' id='word_1_186' title='bbox 1713 2428 1878 2482; x_wconf 81' lang='grc' dir='ltr'>αὐτοῦ</span> <span class='ocrx_word' id='word_1_187' title='bbox 1902 2430 1962 2482; x_wconf 86' lang='grc' dir='ltr'>ἐν</span> 
     </span>
    </p>
   </div>
   <div class='ocr_carea' id='block_1_27' title="bbox 364 2508 1960 2580">
    <p class='ocr_par' dir='ltr' id='par_1_27' title="bbox 364 2508 1960 2580">
     <span class='ocr_line' id='line_1_27' title="bbox 364 2508 1960 2580; baseline 0.003 -18"><span class='ocrx_word' id='word_1_188' title='bbox 364 2509 778 2580; x_wconf 67' lang='grc' dir='ltr'>ἐξομολογήσει,</span> <span class='ocrx_word' id='word_1_189' title='bbox 810 2508 896 2562; x_wconf 82' lang='grc' dir='ltr'>ἵνα</span> <span class='ocrx_word' id='word_1_190' title='bbox 928 2510 1003 2580; x_wconf 81' lang='grc' dir='ltr'>μὴ</span> <span class='ocrx_word' id='word_1_191' title='bbox 1024 2509 1350 2574; x_wconf 76' lang='grc' dir='ltr'>ἀπελθόντες</span> <span class='ocrx_word' id='word_1_192' title='bbox 1403 2511 1655 2564; x_wconf 88' lang='grc' dir='ltr'>ἐντεῦθεν</span> <span class='ocrx_word' id='word_1_193' title='bbox 1696 2513 1960 2566; x_wconf 82' lang='grc' dir='ltr'>ἀναπολό-</span> 
     </span>
    </p>
   </div>
   <div class='ocr_carea' id='block_1_28' title="bbox 361 2593 1958 2666">
    <p class='ocr_par' dir='ltr' id='par_1_28' title="bbox 361 2593 1958 2666">
     <span class='ocr_line' id='line_1_28' title="bbox 361 2593 1958 2666; baseline 0.003 -22"><span class='ocrx_word' id='word_1_194' title='bbox 361 2609 551 2663; x_wconf 85' lang='grc' dir='ltr'>γητοι,</span> <span class='ocrx_word' id='word_1_195' title='bbox 581 2593 681 2660; x_wconf 80' lang='grc' dir='ltr'>τὴν</span> <span class='ocrx_word' id='word_1_196' title='bbox 699 2593 938 2663; x_wconf 76' lang='grc' dir='ltr'>ἐσχάτην</span> <span class='ocrx_word' id='word_1_197' title='bbox 972 2593 1352 2663; x_wconf 82' lang='grc' dir='ltr'>ὑπομείνωμεν</span> <span class='ocrx_word' id='word_1_198' title='bbox 1408 2593 1698 2666; x_wconf 85' lang='grc' dir='ltr'>τιμωρίαν.</span> <span class='ocrx_word' id='word_1_199' title='bbox 1727 2595 1824 2647; x_wconf 78' lang='grc' dir='ltr'>Ἂν</span> <span class='ocrx_word' id='word_1_200' title='bbox 1860 2595 1958 2665; x_wconf 84' lang='grc' dir='ltr'>μὲν</span> 
     </span>
    </p>
   </div>
   <div class='ocr_carea' id='block_1_29' title="bbox 361 2674 1957 2746">
    <p class='ocr_par' dir='ltr' id='par_1_29' title="bbox 361 2674 1957 2746">
     <span class='ocr_line' id='line_1_29' title="bbox 361 2674 1957 2746; baseline 0 -17"><span class='ocrx_word' id='word_1_201' title='bbox 361 2676 478 2746; x_wconf 78' lang='grc' dir='ltr'>γὰρ</span> <span class='ocrx_word' id='word_1_202' title='bbox 507 2675 650 2728; x_wconf 80' lang='grc' dir='ltr'>κατὰ</span> <span class='ocrx_word' id='word_1_203' title='bbox 672 2674 762 2727; x_wconf 76' lang='grc' dir='ltr'>τὸν</span> <span class='ocrx_word' id='word_1_204' title='bbox 795 2674 1036 2745; x_wconf 89' lang='grc' dir='ltr'>παρόντα</span> <span class='ocrx_word' id='word_1_205' title='bbox 1090 2674 1202 2744; x_wconf 87' lang='grc' dir='ltr'>βίον</span> <span class='ocrx_word' id='word_1_206' title='bbox 1264 2675 1662 2744; x_wconf 76' lang='grc' dir='ltr'>ἐπιδειξὼμεθα</span> <span class='ocrx_word' id='word_1_207' title='bbox 1716 2677 1957 2746; x_wconf 81' lang='grc' dir='ltr'>σπουδὴν</span> 
     </span>
    </p>
   </div>
   <div class='ocr_carea' id='block_1_30' title="bbox 361 2752 1956 2830">
    <p class='ocr_par' dir='ltr' id='par_1_30' title="bbox 361 2752 1956 2830">
     <span class='ocr_line' id='line_1_30' title="bbox 361 2752 1956 2830; baseline -0.001 -16"><span class='ocrx_word' id='word_1_208' title='bbox 361 2760 475 2814; x_wconf 86' lang='grc' dir='ltr'>κᾶν</span> <span class='ocrx_word' id='word_1_209' title='bbox 505 2760 606 2830; x_wconf 82' lang='grc' dir='ltr'>τὴν</span> <span class='ocrx_word' id='word_1_210' title='bbox 633 2759 924 2828; x_wconf 80' lang='grc' dir='ltr'>τυχοῦσαν,</span> <span class='ocrx_word' id='word_1_211' title='bbox 975 2757 1043 2812; x_wconf 88' lang='grc' dir='ltr'>τά</span> <span class='ocrx_word' id='word_1_212' title='bbox 1075 2758 1306 2828; x_wconf 90' lang='grc' dir='ltr'>μέγιστα</span> <span class='ocrx_word' id='word_1_213' title='bbox 1354 2752 1720 2829; x_wconf 82' lang='grc' dir='ltr'>κερδανοῦμεν</span> <span class='ocrx_word' id='word_1_214' title='bbox 1743 2776 1756 2790; x_wconf 76' lang='grc' dir='ltr'><strong>ο</strong></span> <span class='ocrx_word' id='word_1_215' title='bbox 1806 2759 1872 2813; x_wconf 85' lang='grc' dir='ltr'>ἂν</span> <span class='ocrx_word' id='word_1_216' title='bbox 1900 2760 1956 2814; x_wconf 84' lang='grc' dir='ltr'>δὲ</span> 
     </span>
    </p>
   </div>
   <div class='ocr_carea' id='block_1_31' title="bbox 365 2841 1955 2914">
    <p class='ocr_par' dir='ltr' id='par_1_31' title="bbox 365 2841 1955 2914">
     <span class='ocr_line' id='line_1_31' title="bbox 365 2841 1955 2914; baseline 0.001 -18"><span class='ocrx_word' id='word_1_217' title='bbox 365 2844 536 2914; x_wconf 81' lang='grc' dir='ltr'>μηδὲν</span> <span class='ocrx_word' id='word_1_218' title='bbox 567 2843 798 2897; x_wconf 87' lang='grc' dir='ltr'>ἐνταῦθα</span> <span class='ocrx_word' id='word_1_219' title='bbox 853 2842 1133 2912; x_wconf 86' lang='grc' dir='ltr'>γενόμενοι</span> <span class='ocrx_word' id='word_1_220' title='bbox 1189 2841 1428 2912; x_wconf 82' lang='grc' dir='ltr'>βελτίους</span> <span class='ocrx_word' id='word_1_221' title='bbox 1477 2842 1822 2912; x_wconf 82' lang='grc' dir='ltr'>ἀπέλθωμεν,</span> <span class='ocrx_word' id='word_1_222' title='bbox 1853 2843 1955 2900; x_wconf 85' lang='grc' dir='ltr'>κᾶν</span> 
     </span>
    </p>
   </div>
   <div class='ocr_carea' id='block_1_32' title="bbox 363 2923 1952 2996">
    <p class='ocr_par' dir='ltr' id='par_1_32' title="bbox 363 2923 1952 2996">
     <span class='ocr_line' id='line_1_32' title="bbox 363 2923 1952 2996; baseline 0 -17"><span class='ocrx_word' id='word_1_223' title='bbox 363 2927 726 2996; x_wconf 76' lang='grc' dir='ltr'>σφοδρότερον</span> <span class='ocrx_word' id='word_1_224' title='bbox 771 2927 890 2978; x_wconf 85' lang='grc' dir='ltr'>ἐκεῖ</span> <span class='ocrx_word' id='word_1_225' title='bbox 939 2925 1383 2995; x_wconf 77' lang='grc' dir='ltr'>μετανοήσωμεν,</span> <span class='ocrx_word' id='word_1_226' title='bbox 1439 2923 1591 2977; x_wconf 70' lang='grc' dir='ltr'>οὐδὲν</span> <span class='ocrx_word' id='word_1_227' title='bbox 1621 2926 1752 2994; x_wconf 75' lang='grc' dir='ltr'>ἡμῖν</span> <span class='ocrx_word' id='word_1_228' title='bbox 1801 2925 1952 2979; x_wconf 77' lang='grc' dir='ltr'>ἔσται</span> 
     </span>
    </p>
   </div>
   <div class='ocr_carea' id='block_1_33' title="bbox 362 3005 1951 3078">
    <p class='ocr_par' dir='ltr' id='par_1_33' title="bbox 362 3005 1951 3078">
     <span class='ocr_line' id='line_1_33' title="bbox 362 3005 1951 3078; baseline 0.001 -17"><span class='ocrx_word' id='word_1_229' title='bbox 362 3009 551 3062; x_wconf 80' lang='grc' dir='ltr'>πλέον.</span> <span class='ocrx_word' id='word_1_230' title='bbox 581 3007 820 3078; x_wconf 78' lang='grc' dir='ltr'>Καὶγάρ</span> <span class='ocrx_word' id='word_1_231' title='bbox 851 3007 956 3060; x_wconf 77' lang='grc' dir='ltr'>ἔδει</span> <span class='ocrx_word' id='word_1_232' title='bbox 1000 3006 1108 3060; x_wconf 87' lang='grc' dir='ltr'>τῶν</span> <span class='ocrx_word' id='word_1_233' title='bbox 1161 3008 1503 3078; x_wconf 89' lang='grc' dir='ltr'>σκαμμάτων</span> <span class='ocrx_word' id='word_1_234' title='bbox 1558 3005 1686 3061; x_wconf 73' lang='grc' dir='ltr'>εἵσω</span> <span class='ocrx_word' id='word_1_235' title='bbox 1723 3007 1951 3078; x_wconf 85' lang='grc' dir='ltr'>μένοντα</span> 
     </span>
    </p>
   </div>
   <div class='ocr_carea' id='block_1_34' title="bbox 362 3093 1950 3166">
    <p class='ocr_par' dir='ltr' id='par_1_34' title="bbox 362 3093 1950 3166">
     <span class='ocr_line' id='line_1_34' title="bbox 362 3093 1950 3166; baseline 0 -17"><span class='ocrx_word' id='word_1_236' title='bbox 362 3095 762 3164; x_wconf 85' lang='grc' dir='ltr'>ἀγωνίσασθαι,</span> <span class='ocrx_word' id='word_1_237' title='bbox 799 3095 859 3147; x_wconf 83' lang='grc' dir='ltr'>ού</span> <span class='ocrx_word' id='word_1_238' title='bbox 898 3095 1035 3166; x_wconf 86' lang='grc' dir='ltr'>μετά</span> <span class='ocrx_word' id='word_1_239' title='bbox 1071 3094 1131 3147; x_wconf 78' lang='grc' dir='ltr'>τὸ</span> <span class='ocrx_word' id='word_1_240' title='bbox 1152 3093 1378 3164; x_wconf 86' lang='grc' dir='ltr'>λυθῆναι</span> <span class='ocrx_word' id='word_1_241' title='bbox 1403 3094 1463 3147; x_wconf 81' lang='grc' dir='ltr'>τὸ</span> <span class='ocrx_word' id='word_1_242' title='bbox 1489 3094 1714 3165; x_wconf 84' lang='grc' dir='ltr'>θέατρον</span> <span class='ocrx_word' id='word_1_243' title='bbox 1748 3095 1950 3149; x_wconf 87' lang='grc' dir='ltr'>ἀποδύ-</span> 
     </span>
    </p>
   </div>
   <div class='ocr_carea' id='block_1_35' title="bbox 363 3176 1949 3249">
    <p class='ocr_par' dir='ltr' id='par_1_35' title="bbox 363 3176 1949 3249">
     <span class='ocr_line' id='line_1_35' title="bbox 363 3176 1949 3249; baseline 0 -17"><span class='ocrx_word' id='word_1_244' title='bbox 363 3179 560 3249; x_wconf 85' lang='grc' dir='ltr'>ρεσθαι</span> <span class='ocrx_word' id='word_1_245' title='bbox 590 3180 684 3231; x_wconf 73' lang='grc' dir='ltr'>καὶ</span> <span class='ocrx_word' id='word_1_246' title='bbox 712 3176 968 3249; x_wconf 77' lang='grc' dir='ltr'>δακρύειν</span> <span class='ocrx_word' id='word_1_247' title='bbox 986 3177 1218 3247; x_wconf 84' lang='grc' dir='ltr'>ἀνόνητα</span> <span class='ocrx_word' id='word_1_248' title='bbox 1236 3193 1249 3206; x_wconf 74' lang='grc' dir='ltr'><strong><em>ο</em></strong></span> <span class='ocrx_word' id='word_1_249' title='bbox 1274 3177 1412 3248; x_wconf 81' lang='grc' dir='ltr'>ὅπερ</span> <span class='ocrx_word' id='word_1_250' title='bbox 1429 3179 1456 3230; x_wconf 88' lang='grc' dir='ltr'>ό</span> <span class='ocrx_word' id='word_1_251' title='bbox 1479 3178 1733 3241; x_wconf 90' lang='grc' dir='ltr'>πλούσιος</span> <span class='ocrx_word' id='word_1_252' title='bbox 1747 3181 1949 3242; x_wconf 83' lang='grc' dir='ltr'>ἐκεῖνος</span> 
     </span>
    </p>
   </div>
   <div class='ocr_carea' id='block_1_36' title="bbox 361 3261 1950 3334">
    <p class='ocr_par' dir='ltr' id='par_1_36' title="bbox 361 3261 1950 3334">
     <span class='ocr_line' id='line_1_36' title="bbox 361 3261 1950 3334; baseline 0.002 -19"><span class='ocrx_word' id='word_1_253' title='bbox 361 3263 558 3328; x_wconf 78' lang='grc' dir='ltr'>ἐποίει,</span> <span class='ocrx_word' id='word_1_254' title='bbox 595 3261 809 3332; x_wconf 88' lang='grc' dir='ltr'>θρηνῶν</span> <span class='ocrx_word' id='word_1_255' title='bbox 837 3261 936 3332; x_wconf 80' lang='grc' dir='ltr'>μὲν</span> <span class='ocrx_word' id='word_1_256' title='bbox 969 3262 1061 3314; x_wconf 74' lang='grc' dir='ltr'>καὶ</span> <span class='ocrx_word' id='word_1_257' title='bbox 1083 3261 1500 3334; x_wconf 78' lang='grc' dir='ltr'>ὀλοφυρόμενος,</span> <span class='ocrx_word' id='word_1_258' title='bbox 1535 3264 1659 3333; x_wconf 79' lang='grc' dir='ltr'>εἰκῆ</span> <span class='ocrx_word' id='word_1_259' title='bbox 1687 3262 1742 3316; x_wconf 80' lang='grc' dir='ltr'>δὲ</span> <span class='ocrx_word' id='word_1_260' title='bbox 1766 3263 1950 3318; x_wconf 73' lang='grc' dir='ltr'>λοιπὸν</span> 
     </span>
    </p>
   </div>
   <div class='ocr_carea' id='block_1_37' title="bbox 361 3344 1946 3417">
    <p class='ocr_par' dir='ltr' id='par_1_37' title="bbox 361 3344 1946 3417">
     <span class='ocr_line' id='line_1_37' title="bbox 361 3344 1946 3417; baseline 0.002 -18"><span class='ocrx_word' id='word_1_261' title='bbox 361 3347 460 3399; x_wconf 71' lang='grc' dir='ltr'>καὶ</span> <span class='ocrx_word' id='word_1_262' title='bbox 497 3347 696 3416; x_wconf 84' lang='grc' dir='ltr'>μάτην,</span> <span class='ocrx_word' id='word_1_263' title='bbox 732 3345 918 3416; x_wconf 81' lang='grc' dir='ltr'>ἐπειδὴ</span> <span class='ocrx_word' id='word_1_264' title='bbox 938 3345 1028 3398; x_wconf 78' lang='grc' dir='ltr'>τὸν</span> <span class='ocrx_word' id='word_1_265' title='bbox 1079 3346 1270 3417; x_wconf 82' lang='grc' dir='ltr'>καιρὸν</span> <span class='ocrx_word' id='word_1_266' title='bbox 1316 3344 1489 3417; x_wconf 77' lang='grc' dir='ltr'>[ἳο8],</span> <span class='ocrx_word' id='word_1_267' title='bbox 1517 3347 1637 3400; x_wconf 86' lang='grc' dir='ltr'>καθ’</span> <span class='ocrx_word' id='word_1_268' title='bbox 1665 3347 1724 3400; x_wconf 93' lang='grc' dir='ltr'>ὂν</span> <span class='ocrx_word' id='word_1_269' title='bbox 1773 3347 1946 3403; x_wconf 88' lang='grc' dir='ltr'>ταῦτα</span> 
     </span>
    </p>
   </div>
   <div class='ocr_carea' id='block_1_38' title="bbox 361 3429 1946 3502">
    <p class='ocr_par' dir='ltr' id='par_1_38' title="bbox 361 3429 1946 3502">
     <span class='ocr_line' id='line_1_38' title="bbox 361 3429 1946 3502; baseline 0.002 -18"><span class='ocrx_word' id='word_1_270' title='bbox 361 3431 535 3502; x_wconf 85' lang='grc' dir='ltr'>ἐχρῆν</span> <span class='ocrx_word' id='word_1_271' title='bbox 553 3431 749 3492; x_wconf 86' lang='grc' dir='ltr'>ποιεῖν,</span> <span class='ocrx_word' id='word_1_272' title='bbox 784 3429 1086 3501; x_wconf 80' lang='grc' dir='ltr'>ὑπερεῖδεν.</span> <span class='ocrx_word' id='word_1_273' title='bbox 1110 3431 1224 3483; x_wconf 76' lang='grc' dir='ltr'>Οὐκ</span> <span class='ocrx_word' id='word_1_274' title='bbox 1256 3432 1460 3494; x_wconf 86' lang='grc' dir='ltr'>ἐκεῖνος</span> <span class='ocrx_word' id='word_1_275' title='bbox 1512 3431 1568 3484; x_wconf 82' lang='grc' dir='ltr'>δὲ</span> <span class='ocrx_word' id='word_1_276' title='bbox 1598 3433 1780 3502; x_wconf 88' lang='grc' dir='ltr'>μόνος,</span> <span class='ocrx_word' id='word_1_277' title='bbox 1812 3434 1946 3488; x_wconf 88' lang='grc' dir='ltr'>ἀλλά</span> 
     </span>
    </p>
   </div>
   <div class='ocr_carea' id='block_1_39' title="bbox 360 3513 1942 3584">
    <p class='ocr_par' dir='ltr' id='par_1_39' title="bbox 360 3513 1942 3584">
     <span class='ocr_line' id='line_1_39' title="bbox 360 3513 1942 3584; baseline 0.003 -16"><span class='ocrx_word' id='word_1_278' title='bbox 360 3518 459 3568; x_wconf 75' lang='grc' dir='ltr'>καὶ</span> <span class='ocrx_word' id='word_1_279' title='bbox 505 3513 690 3567; x_wconf 80' lang='grc' dir='ltr'>πολλοὶ</span> <span class='ocrx_word' id='word_1_280' title='bbox 742 3513 922 3584; x_wconf 70' lang='grc' dir='ltr'>ἕτεροι</span> <span class='ocrx_word' id='word_1_281' title='bbox 983 3515 1103 3571; x_wconf 87' lang='grc' dir='ltr'>κατ’</span> <span class='ocrx_word' id='word_1_282' title='bbox 1152 3517 1358 3570; x_wconf 84' lang='grc' dir='ltr'>ἐκεῖνον</span> <span class='ocrx_word' id='word_1_283' title='bbox 1395 3515 1490 3569; x_wconf 86' lang='grc' dir='ltr'>νῦν</span> <span class='ocrx_word' id='word_1_284' title='bbox 1543 3518 1647 3570; x_wconf 80' lang='grc' dir='ltr'>εἰσι</span> <span class='ocrx_word' id='word_1_285' title='bbox 1679 3517 1942 3584; x_wconf 89' lang='grc' dir='ltr'>πλούσιοι,</span> 
     </span>
    </p>
   </div>
   <div class='ocr_carea' id='block_1_40' title="bbox 358 3597 1944 3676">
    <p class='ocr_par' dir='ltr' id='par_1_40' title="bbox 358 3597 1944 3676">
     <span class='ocr_line' id='line_1_40' title="bbox 358 3597 1944 3676; baseline -0.014 -8"><span class='ocrx_word' id='word_1_286' title='bbox 358 3599 663 3668; x_wconf 72' lang='grc' dir='ltr'>χρημάτων</span> <span class='ocrx_word' id='word_1_287' title='bbox 697 3597 796 3667; x_wconf 76' lang='grc' dir='ltr'>μὲν</span> <span class='ocrx_word' id='word_1_288' title='bbox 825 3597 886 3652; x_wconf 72' lang='grc' dir='ltr'>οὗ</span> <span class='ocrx_word' id='word_1_289' title='bbox 918 3597 1232 3669; x_wconf 81' lang='grc' dir='ltr'>βουλόμενοι</span> <span class='ocrx_word' id='word_1_290' title='bbox 1252 3602 1636 3671; x_wconf 79' lang='grc' dir='ltr'>καταφρονεῖν,</span> <span class='ocrx_word' id='word_1_291' title='bbox 1663 3601 1839 3676; x_wconf 75' lang='grc' dir='ltr'>ψυχῆς</span> <span class='ocrx_word' id='word_1_292' title='bbox 1887 3603 1944 3657; x_wconf 71' lang='grc' dir='ltr'>δὲ</span> 
     </span>
    </p>
   </div>
   <div class='ocr_carea' id='block_1_41' title="bbox 360 3682 1945 3758">
    <p class='ocr_par' dir='ltr' id='par_1_41' title="bbox 360 3682 1945 3758">
     <span class='ocr_line' id='line_1_41' title="bbox 360 3682 1945 3758; baseline 0.005 -24"><span class='ocrx_word' id='word_1_293' title='bbox 360 3683 484 3734; x_wconf 72' lang='grc' dir='ltr'>ἀντὶ</span> <span class='ocrx_word' id='word_1_294' title='bbox 515 3683 814 3753; x_wconf 84' lang='grc' dir='ltr'>χρημάτων</span> <span class='ocrx_word' id='word_1_295' title='bbox 863 3682 1329 3753; x_wconf 80' lang='grc' dir='ltr'>καταφρονοῦντες</span> <span class='ocrx_word' id='word_1_296' title='bbox 1352 3700 1364 3713; x_wconf 72' lang='grc'><strong>”</strong></span> <span class='ocrx_word' id='word_1_297' title='bbox 1391 3683 1483 3748; x_wconf 83' lang='grc' dir='ltr'>οὒς</span> <span class='ocrx_word' id='word_1_298' title='bbox 1512 3685 1700 3755; x_wconf 79' lang='grc' dir='ltr'>ἔμοιγε</span> <span class='ocrx_word' id='word_1_299' title='bbox 1731 3687 1945 3758; x_wconf 87' lang='grc' dir='ltr'>θαυμά-</span> 
     </span>
    </p>
   </div>
   <div class='ocr_carea' id='block_1_42' title="bbox 359 3766 1943 3840">
    <p class='ocr_par' dir='ltr' id='par_1_42' title="bbox 359 3766 1943 3840">
     <span class='ocr_line' id='line_1_42' title="bbox 359 3766 1943 3840; baseline 0.004 -22"><span class='ocrx_word' id='word_1_300' title='bbox 359 3767 476 3831; x_wconf 87' lang='grc' dir='ltr'>ζειν</span> <span class='ocrx_word' id='word_1_301' title='bbox 501 3766 731 3831; x_wconf 80' lang='grc' dir='ltr'>ἔπεισιν,</span> <span class='ocrx_word' id='word_1_302' title='bbox 753 3767 885 3820; x_wconf 80' lang='grc' dir='ltr'>ὅταν</span> <span class='ocrx_word' id='word_1_303' title='bbox 916 3766 1008 3819; x_wconf 87' lang='grc' dir='ltr'>ῖδω</span> <span class='ocrx_word' id='word_1_304' title='bbox 1037 3766 1115 3837; x_wconf 83' lang='grc' dir='ltr'>τῷ</span> <span class='ocrx_word' id='word_1_305' title='bbox 1164 3766 1263 3838; x_wconf 78' lang='grc' dir='ltr'>μὲν</span> <span class='ocrx_word' id='word_1_306' title='bbox 1295 3766 1414 3838; x_wconf 81' lang='grc' dir='ltr'>Θεῷ</span> <span class='ocrx_word' id='word_1_307' title='bbox 1446 3769 1576 3840; x_wconf 73' lang='grc' dir='ltr'>περὶ</span> <span class='ocrx_word' id='word_1_308' title='bbox 1620 3769 1770 3824; x_wconf 89' lang='grc' dir='ltr'>ἐλέου</span> <span class='ocrx_word' id='word_1_309' title='bbox 1816 3787 1943 3825; x_wconf 86' lang='grc' dir='ltr'>συν-</span> 
     </span>
    </p>
   </div>
   <div class='ocr_carea' id='block_1_43' title="bbox 356 3849 1944 3924">
    <p class='ocr_par' dir='ltr' id='par_1_43' title="bbox 356 3849 1944 3924">
     <span class='ocr_line' id='line_1_43' title="bbox 356 3849 1944 3924; baseline 0.004 -21"><span class='ocrx_word' id='word_1_310' title='bbox 356 3849 500 3919; x_wconf 82' lang='grc' dir='ltr'>εχῶς</span> <span class='ocrx_word' id='word_1_311' title='bbox 527 3850 980 3920; x_wconf 83' lang='grc' dir='ltr'>ἐντυγχάνοντας,</span> <span class='ocrx_word' id='word_1_312' title='bbox 1008 3851 1206 3911; x_wconf 75' lang='grc' dir='ltr'>αὐτοὺς</span> <span class='ocrx_word' id='word_1_313' title='bbox 1230 3850 1286 3904; x_wconf 83' lang='grc' dir='ltr'>δὲ</span> <span class='ocrx_word' id='word_1_314' title='bbox 1314 3851 1382 3904; x_wconf 89' lang='grc' dir='ltr'>τὰ</span> <span class='ocrx_word' id='word_1_315' title='bbox 1413 3853 1687 3924; x_wconf 82' lang='grc' dir='ltr'>ἀνήκεστα</span> <span class='ocrx_word' id='word_1_316' title='bbox 1717 3855 1944 3922; x_wconf 79' lang='grc' dir='ltr'>ἑαυτοὺς</span> 
     </span>
    </p>
   </div>
   <div class='ocr_carea' id='block_1_44' title="bbox 353 3932 1942 4008">
    <p class='ocr_par' dir='ltr' id='par_1_44' title="bbox 353 3932 1942 4008">
     <span class='ocr_line' id='line_1_44' title="bbox 353 3932 1942 4008; baseline 0.005 -23"><span class='ocrx_word' id='word_1_317' title='bbox 353 3933 717 3997; x_wconf 75' lang='grc' dir='ltr'>διατιθέντας,</span> <span class='ocrx_word' id='word_1_318' title='bbox 751 3934 844 3986; x_wconf 74' lang='grc' dir='ltr'>καὶ</span> <span class='ocrx_word' id='word_1_319' title='bbox 872 3933 1064 4003; x_wconf 84' lang='grc' dir='ltr'>ῶσπερ</span> <span class='ocrx_word' id='word_1_320' title='bbox 1112 3932 1396 4004; x_wconf 85' lang='grc' dir='ltr'>πολεμίας,</span> <span class='ocrx_word' id='word_1_321' title='bbox 1427 3935 1569 3988; x_wconf 75' lang='grc' dir='ltr'>οὕτω</span> <span class='ocrx_word' id='word_1_322' title='bbox 1602 3937 1700 4008; x_wconf 83' lang='grc' dir='ltr'>τῆς</span> <span class='ocrx_word' id='word_1_323' title='bbox 1735 3939 1942 3993; x_wconf 80' lang='grc' dir='ltr'>ἑαυτῶν</span> 
     </span>
    </p>
   </div>
   <div class='ocr_carea' id='block_1_45' title="bbox 352 4015 1940 4095">
    <p class='ocr_par' dir='ltr' id='par_1_45' title="bbox 352 4015 1940 4095">
     <span class='ocr_line' id='line_1_45' title="bbox 352 4015 1940 4095; baseline 0.002 -25"><span class='ocrx_word' id='word_1_324' title='bbox 352 4015 711 4082; x_wconf 81' lang='grc' dir='ltr'>ἀφειδοῦντας</span> <span class='ocrx_word' id='word_1_325' title='bbox 735 4016 930 4086; x_wconf 79' lang='grc' dir='ltr'>ψυχῆς.</span> <span class='ocrx_word' id='word_1_326' title='bbox 964 4016 1054 4088; x_wconf 84' lang='grc' dir='ltr'>Μὴ</span> <span class='ocrx_word' id='word_1_327' title='bbox 1083 4015 1146 4087; x_wconf 81' lang='grc' dir='ltr'>δὴ</span> <span class='ocrx_word' id='word_1_328' title='bbox 1191 4017 1497 4088; x_wconf 79' lang='grc' dir='ltr'>παίζωμεν,</span> <span class='ocrx_word' id='word_1_329' title='bbox 1535 4020 1828 4091; x_wconf 77' lang='grc' dir='ltr'>ἀγαπητοὶ,</span> <span class='ocrx_word' id='word_1_330' title='bbox 1866 4022 1940 4095; x_wconf 80' lang='grc' dir='ltr'>μὴ</span> 
     </span>
    </p>
   </div>
   <div class='ocr_carea' id='block_1_46' title="bbox 353 4097 1941 4175">
    <p class='ocr_par' dir='ltr' id='par_1_46' title="bbox 353 4097 1941 4175">
     <span class='ocr_line' id='line_1_46' title="bbox 353 4097 1941 4175; baseline 0.004 -23"><span class='ocrx_word' id='word_1_331' title='bbox 353 4097 672 4167; x_wconf 76' lang='grc' dir='ltr'>παίζωμεν,</span> <span class='ocrx_word' id='word_1_332' title='bbox 715 4100 840 4169; x_wconf 82' lang='grc' dir='ltr'>μηδὲ</span> <span class='ocrx_word' id='word_1_333' title='bbox 879 4097 1378 4170; x_wconf 83' lang='grc' dir='ltr'>παραλογιζὼμεθα</span> <span class='ocrx_word' id='word_1_334' title='bbox 1428 4102 1673 4168; x_wconf 78' lang='grc' dir='ltr'>ἑαυτοὺς,</span> <span class='ocrx_word' id='word_1_335' title='bbox 1704 4103 1797 4156; x_wconf 84' lang='grc' dir='ltr'>τὸν</span> <span class='ocrx_word' id='word_1_336' title='bbox 1841 4105 1941 4175; x_wconf 86' lang='grc' dir='ltr'>μὲν</span> 
     </span>
    </p>
   </div>
   <div class='ocr_carea' id='block_1_47' title="bbox 347 4181 1938 4253">
    <p class='ocr_par' dir='ltr' id='par_1_47' title="bbox 347 4181 1938 4253">
     <span class='ocr_line' id='line_1_47' title="bbox 347 4181 1938 4253; baseline 0.005 -18"><span class='ocrx_word' id='word_1_337' title='bbox 347 4183 497 4235; x_wconf 79' lang='grc' dir='ltr'>Θεὸν</span> <span class='ocrx_word' id='word_1_338' title='bbox 555 4181 824 4246; x_wconf 80' lang='grc' dir='ltr'>ἀξιοῦντες</span> <span class='ocrx_word' id='word_1_339' title='bbox 880 4184 1025 4253; x_wconf 75' lang='grc' dir='ltr'>ἡμᾶς</span> <span class='ocrx_word' id='word_1_340' title='bbox 1075 4183 1318 4252; x_wconf 88' lang='grc' dir='ltr'>ἐλεῆσαι,</span> <span class='ocrx_word' id='word_1_341' title='bbox 1379 4183 1532 4237; x_wconf 79' lang='grc' dir='ltr'>αὐτοὶ</span> <span class='ocrx_word' id='word_1_342' title='bbox 1567 4183 1624 4237; x_wconf 82' lang='grc' dir='ltr'>δὲ</span> <span class='ocrx_word' id='word_1_343' title='bbox 1663 4186 1757 4240; x_wconf 90' lang='grc' dir='ltr'>τοῦ</span> <span class='ocrx_word' id='word_1_344' title='bbox 1787 4188 1938 4244; x_wconf 82' lang='grc' dir='ltr'>ἐλέου</span> 
     </span>
    </p>
   </div>
   <div class='ocr_carea' id='block_1_48' title="bbox 348 4265 1940 4339">
    <p class='ocr_par' dir='ltr' id='par_1_48' title="bbox 348 4265 1940 4339">
     <span class='ocr_line' id='line_1_48' title="bbox 348 4265 1940 4339; baseline 0.003 -18"><span class='ocrx_word' id='word_1_345' title='bbox 348 4266 550 4322; x_wconf 80' lang='grc' dir='ltr'>τούτου</span> <span class='ocrx_word' id='word_1_346' title='bbox 591 4265 684 4318; x_wconf 81' lang='grc' dir='ltr'>καὶ</span> <span class='ocrx_word' id='word_1_347' title='bbox 715 4268 973 4337; x_wconf 79' lang='grc' dir='ltr'>χρήματα</span> <span class='ocrx_word' id='word_1_348' title='bbox 1005 4266 1099 4320; x_wconf 79' lang='grc' dir='ltr'>καὶ</span> <span class='ocrx_word' id='word_1_349' title='bbox 1134 4267 1349 4339; x_wconf 82' lang='grc' dir='ltr'>τρυφὴν</span> <span class='ocrx_word' id='word_1_350' title='bbox 1393 4267 1486 4321; x_wconf 78' lang='grc' dir='ltr'>καὶ</span> <span class='ocrx_word' id='word_1_351' title='bbox 1549 4268 1724 4323; x_wconf 90' lang='grc' dir='ltr'>πάντα</span> <span class='ocrx_word' id='word_1_352' title='bbox 1755 4273 1940 4338; x_wconf 87' lang='grc' dir='ltr'>ἀπλῶς</span> 
     </span>
    </p>
   </div>
   <div class='ocr_carea' id='block_1_49' title="bbox 350 4347 1934 4428">
    <p class='ocr_par' dir='ltr' id='par_1_49' title="bbox 350 4347 1934 4428">
     <span class='ocr_line' id='line_1_49' title="bbox 350 4347 1934 4428; baseline 0.006 -28"><span class='ocrx_word' id='word_1_353' title='bbox 350 4347 726 4419; x_wconf 78' lang='grc' dir='ltr'>προτιθέντες.</span> <span class='ocrx_word' id='word_1_354' title='bbox 766 4348 902 4402; x_wconf 84' lang='grc' dir='ltr'>Οὑδέ</span> <span class='ocrx_word' id='word_1_355' title='bbox 934 4349 1064 4419; x_wconf 89' lang='grc' dir='ltr'>γὰρ,</span> <span class='ocrx_word' id='word_1_356' title='bbox 1100 4349 1154 4402; x_wconf 84' lang='grc' dir='ltr'>εῐ</span> <span class='ocrx_word' id='word_1_357' title='bbox 1204 4350 1290 4414; x_wconf 89' lang='grc' dir='ltr'>τίς</span> <span class='ocrx_word' id='word_1_358' title='bbox 1336 4368 1418 4404; x_wconf 90' lang='grc' dir='ltr'>σοι</span> <span class='ocrx_word' id='word_1_359' title='bbox 1462 4351 1620 4422; x_wconf 84' lang='grc' dir='ltr'>δίκην</span> <span class='ocrx_word' id='word_1_360' title='bbox 1668 4359 1934 4428; x_wconf 83' lang='grc' dir='ltr'>προσῆγε,</span> 
     </span>
    </p>
   </div>
   <div class='ocr_carea' id='block_1_50' title="bbox 348 4431 1938 4508">
    <p class='ocr_par' dir='ltr' id='par_1_50' title="bbox 348 4431 1938 4508">
     <span class='ocr_line' id='line_1_50' title="bbox 348 4431 1938 4508; baseline 0.004 -22"><span class='ocrx_word' id='word_1_361' title='bbox 348 4435 446 4486; x_wconf 79' lang='grc' dir='ltr'>καὶ</span> <span class='ocrx_word' id='word_1_362' title='bbox 474 4431 798 4502; x_wconf 88' lang='grc' dir='ltr'>κατηγορῶν</span> <span class='ocrx_word' id='word_1_363' title='bbox 825 4431 918 4485; x_wconf 89' lang='grc' dir='ltr'>τοῦ</span> <span class='ocrx_word' id='word_1_364' title='bbox 946 4432 1113 4496; x_wconf 90' lang='grc' dir='ltr'>δεῖνος</span> <span class='ocrx_word' id='word_1_365' title='bbox 1136 4433 1342 4501; x_wconf 74' lang='grc' dir='ltr'>ἔλεγεν,</span> <span class='ocrx_word' id='word_1_366' title='bbox 1373 4435 1454 4488; x_wconf 84' lang='grc' dir='ltr'>ὅτι</span> <span class='ocrx_word' id='word_1_367' title='bbox 1474 4435 1700 4506; x_wconf 87' lang='grc' dir='ltr'>μυρίους</span> <span class='ocrx_word' id='word_1_368' title='bbox 1727 4439 1938 4508; x_wconf 83' lang='grc' dir='ltr'>μέλλων</span> 
     </span>
    </p>
   </div>
   <div class='ocr_carea' id='block_1_51' title="bbox 347 4515 1936 4594">
    <p class='ocr_par' dir='ltr' id='par_1_51' title="bbox 347 4515 1936 4594">
     <span class='ocr_line' id='line_1_51' title="bbox 347 4515 1936 4594; baseline 0.002 -24"><span class='ocrx_word' id='word_1_369' title='bbox 347 4516 645 4586; x_wconf 85' lang='grc' dir='ltr'>ὑπομένειν</span> <span class='ocrx_word' id='word_1_370' title='bbox 673 4515 956 4579; x_wconf 85' lang='grc' dir='ltr'>θανάτους,</span> <span class='ocrx_word' id='word_1_371' title='bbox 1011 4517 1105 4571; x_wconf 82' lang='grc' dir='ltr'>καὶ</span> <span class='ocrx_word' id='word_1_372' title='bbox 1152 4516 1337 4588; x_wconf 89' lang='grc' dir='ltr'>κύριος</span> <span class='ocrx_word' id='word_1_373' title='bbox 1380 4516 1456 4570; x_wconf 88' lang='grc' dir='ltr'>ῶν</span> <span class='ocrx_word' id='word_1_374' title='bbox 1499 4518 1656 4575; x_wconf 89' lang='grc' dir='ltr'>λῦσαι</span> <span class='ocrx_word' id='word_1_375' title='bbox 1706 4523 1804 4586; x_wconf 86' lang='grc' dir='ltr'>τὰς</span> <span class='ocrx_word' id='word_1_376' title='bbox 1829 4522 1936 4594; x_wconf 78' lang='grc' dir='ltr'>ψή-</span> 
     </span>
    </p>
   </div>
   <div class='ocr_carea' id='block_1_52' title="bbox 346 4598 1934 4673">
    <p class='ocr_par' dir='ltr' id='par_1_52' title="bbox 346 4598 1934 4673">
     <span class='ocr_line' id='line_1_52' title="bbox 346 4598 1934 4673; baseline 0.006 -22"><span class='ocrx_word' id='word_1_377' title='bbox 346 4616 483 4666; x_wconf 88' lang='grc' dir='ltr'>φους</span> <span class='ocrx_word' id='word_1_378' title='bbox 550 4599 829 4670; x_wconf 81' lang='grc' dir='ltr'>χρήμασιν</span> <span class='ocrx_word' id='word_1_379' title='bbox 878 4598 1098 4667; x_wconf 85' lang='grc' dir='ltr'>ὀλίγοις,</span> <span class='ocrx_word' id='word_1_380' title='bbox 1152 4600 1326 4654; x_wconf 79' lang='grc' dir='ltr'>εἵλετο</span> <span class='ocrx_word' id='word_1_381' title='bbox 1365 4601 1564 4670; x_wconf 80' lang='grc' dir='ltr'>μᾶλλον</span> <span class='ocrx_word' id='word_1_382' title='bbox 1612 4604 1934 4673; x_wconf 84' lang='grc' dir='ltr'>ἀποθανεῖν,</span> 
     </span>
    </p>
   </div>
   <div class='ocr_carea' id='block_1_53' title="bbox 343 4681 1936 4760">
    <p class='ocr_par' dir='ltr' id='par_1_53' title="bbox 343 4681 1936 4760">
     <span class='ocr_line' id='line_1_53' title="bbox 343 4681 1936 4760; baseline 0.015 -29"><span class='ocrx_word' id='word_1_383' title='bbox 343 4683 382 4760; x_wconf 70' lang='grc' dir='ltr'><strong>ἧ</strong></span> <span class='ocrx_word' id='word_1_384' title='bbox 416 4699 468 4734; x_wconf 87' lang='grc' dir='ltr'>τι</span> <span class='ocrx_word' id='word_1_385' title='bbox 496 4682 608 4735; x_wconf 90' lang='grc' dir='ltr'>τῶν</span> <span class='ocrx_word' id='word_1_386' title='bbox 641 4681 808 4736; x_wconf 88' lang='grc' dir='ltr'>αὑτοῦ</span> <span class='ocrx_word' id='word_1_387' title='bbox 836 4682 1116 4760; x_wconf 78' lang='grc' dir='ltr'>προέσθαι,</span> <span class='ocrx_word' id='word_1_388' title='bbox 1157 4683 1306 4737; x_wconf 85' lang='grc' dir='ltr'>ἐλέου</span> <span class='ocrx_word' id='word_1_389' title='bbox 1339 4684 1486 4749; x_wconf 83' lang='grc' dir='ltr'>τινὸς</span> <span class='ocrx_word' id='word_1_390' title='bbox 1525 4686 1559 4757; x_wconf 76' lang='grc' dir='ltr'>ἢ</span> <span class='ocrx_word' id='word_1_391' title='bbox 1604 4689 1936 4760; x_wconf 81' lang='grc' dir='ltr'>συγγνώμης</span> 
     </span>
    </p>
   </div>
   <div class='ocr_carea' id='block_1_54' title="bbox 343 4757 1933 4829">
    <p class='ocr_par' dir='ltr' id='par_1_54' title="bbox 343 4757 1933 4829">
     <span class='ocr_line' id='line_1_54' title="bbox 343 4757 1933 4829; baseline 0.007 -17"><span class='ocrx_word' id='word_1_392' title='bbox 343 4759 482 4829; x_wconf 79' lang='grc' dir='ltr'>ἔφης</span> <span class='ocrx_word' id='word_1_393' title='bbox 507 4762 672 4814; x_wconf 82' lang='grc' dir='ltr'>αὐτὸν</span> <span class='ocrx_word' id='word_1_394' title='bbox 699 4760 848 4825; x_wconf 82' lang='grc' dir='ltr'>ἄξιον</span> <span class='ocrx_word' id='word_1_395' title='bbox 882 4757 1044 4816; x_wconf 77' lang='grc' dir='ltr'>εἶναι.</span> <span class='ocrx_word' id='word_1_396' title='bbox 1075 4761 1246 4816; x_wconf 89' lang='grc' dir='ltr'>Τοῦτο</span> <span class='ocrx_word' id='word_1_397' title='bbox 1268 4763 1447 4817; x_wconf 90' lang='grc' dir='ltr'>τοίνυν</span> <span class='ocrx_word' id='word_1_398' title='bbox 1490 4766 1585 4818; x_wconf 76' lang='grc' dir='ltr'>καὶ</span> <span class='ocrx_word' id='word_1_399' title='bbox 1615 4767 1709 4820; x_wconf 79' lang='grc' dir='ltr'>ἐπὶ</span> <span class='ocrx_word' id='word_1_400' title='bbox 1739 4757 1933 4823; x_wconf 80' lang='grc' dir='ltr'>σαυτοῦ</span> 
     </span>
    </p>
   </div>
   <div class='ocr_carea' id='block_1_55' title="bbox 344 4841 1932 4921">
    <p class='ocr_par' dir='ltr' id='par_1_55' title="bbox 344 4841 1932 4921">
     <span class='ocr_line' id='line_1_55' title="bbox 344 4841 1932 4921; baseline 0.009 -29"><span class='ocrx_word' id='word_1_401' title='bbox 344 4841 588 4910; x_wconf 79' lang='grc' dir='ltr'>λογίζου·</span> <span class='ocrx_word' id='word_1_402' title='bbox 625 4845 721 4898; x_wconf 80' lang='grc' dir='ltr'>καὶ</span> <span class='ocrx_word' id='word_1_403' title='bbox 750 4843 862 4916; x_wconf 80' lang='grc' dir='ltr'>γὰρ</span> <span class='ocrx_word' id='word_1_404' title='bbox 884 4846 978 4899; x_wconf 77' lang='grc' dir='ltr'>καὶ</span> <span class='ocrx_word' id='word_1_405' title='bbox 1008 4846 1169 4916; x_wconf 77' lang='grc' dir='ltr'>ἡμεῖς</span> <span class='ocrx_word' id='word_1_406' title='bbox 1196 4845 1356 4899; x_wconf 90' lang='grc' dir='ltr'>τοῦτο</span> <span class='ocrx_word' id='word_1_407' title='bbox 1379 4847 1664 4918; x_wconf 79' lang='grc' dir='ltr'>ποιοῦμεν,</span> <span class='ocrx_word' id='word_1_408' title='bbox 1699 4851 1796 4904; x_wconf 75' lang='grc' dir='ltr'>καὶ</span> <span class='ocrx_word' id='word_1_409' title='bbox 1832 4851 1932 4921; x_wconf 87' lang='grc' dir='ltr'>τῆς</span> 
     </span>
    </p>
   </div>
   <div class='ocr_carea' id='block_1_56' title="bbox 345 4926 1932 5003">
    <p class='ocr_par' dir='ltr' id='par_1_56' title="bbox 345 4926 1932 5003">
     <span class='ocr_line' id='line_1_56' title="bbox 345 4926 1932 5003; baseline 0.008 -27"><span class='ocrx_word' id='word_1_410' title='bbox 345 4926 624 4995; x_wconf 81' lang='grc' dir='ltr'>σωτηρίας</span> <span class='ocrx_word' id='word_1_411' title='bbox 650 4926 810 4996; x_wconf 81' lang='grc' dir='ltr'>ἡμῶν</span> <span class='ocrx_word' id='word_1_412' title='bbox 836 4927 1326 4998; x_wconf 65' lang='grc' dir='ltr'>καταφρονοῦντες,</span> <span class='ocrx_word' id='word_1_413' title='bbox 1365 4931 1474 4983; x_wconf 89' lang='grc' dir='ltr'>τῶν</span> <span class='ocrx_word' id='word_1_414' title='bbox 1495 4933 1790 5003; x_wconf 89' lang='grc' dir='ltr'>χρημάτων</span> <span class='ocrx_word' id='word_1_415' title='bbox 1815 4951 1932 5002; x_wconf 88' lang='grc' dir='ltr'>φει-</span> 
     </span>
    </p>
   </div>
   <div class='ocr_carea' id='block_1_57' title="bbox 343 5003 1933 5079">
    <p class='ocr_par' dir='ltr' id='par_1_57' title="bbox 343 5003 1933 5079">
     <span class='ocr_line' id='line_1_57' title="bbox 343 5003 1933 5079; baseline 0.008 -23"><span class='ocrx_word' id='word_1_416' title='bbox 343 5003 567 5073; x_wconf 71' lang='grc' dir='ltr'>δόμεθαυ</span> <span class='ocrx_word' id='word_1_417' title='bbox 596 5007 720 5070; x_wconf 85' lang='grc' dir='ltr'>Πῶς</span> <span class='ocrx_word' id='word_1_418' title='bbox 739 5003 832 5062; x_wconf 83' lang='grc' dir='ltr'>οὖν</span> <span class='ocrx_word' id='word_1_419' title='bbox 855 5007 948 5061; x_wconf 68' lang='grc' dir='ltr'>τὸν</span> <span class='ocrx_word' id='word_1_420' title='bbox 970 5007 1100 5061; x_wconf 69' lang='grc' dir='ltr'>Θεὸν</span> <span class='ocrx_word' id='word_1_421' title='bbox 1122 5007 1293 5074; x_wconf 83' lang='grc' dir='ltr'>ἀξιοῖς</span> <span class='ocrx_word' id='word_1_422' title='bbox 1311 5027 1402 5063; x_wconf 90' lang='grc' dir='ltr'>σου</span> <span class='ocrx_word' id='word_1_423' title='bbox 1434 5011 1742 5079; x_wconf 88' lang='grc' dir='ltr'>φείσασθαι,</span> <span class='ocrx_word' id='word_1_424' title='bbox 1768 5014 1933 5078; x_wconf 85' lang='grc' dir='ltr'>αὐτὸς</span> 
     </span>
    </p>
   </div>
   <div class='ocr_carea' id='block_1_58' title="bbox 346 5083 1927 5163">
    <p class='ocr_par' dir='ltr' id='par_1_58' title="bbox 346 5083 1927 5163">
     <span class='ocr_line' id='line_1_58' title="bbox 346 5083 1927 5163; baseline 0.008 -30"><span class='ocrx_word' id='word_1_425' title='bbox 346 5083 548 5135; x_wconf 78' lang='grc' dir='ltr'>σαυτοῦ</span> <span class='ocrx_word' id='word_1_426' title='bbox 600 5084 772 5150; x_wconf 76' lang='grc' dir='ltr'>οὕτως</span> <span class='ocrx_word' id='word_1_427' title='bbox 830 5087 1104 5154; x_wconf 81' lang='grc' dir='ltr'>ἀφειδῶν,</span> <span class='ocrx_word' id='word_1_428' title='bbox 1157 5089 1251 5141; x_wconf 80' lang='grc' dir='ltr'>καὶ</span> <span class='ocrx_word' id='word_1_429' title='bbox 1317 5090 1578 5161; x_wconf 82' lang='grc' dir='ltr'>χρήματα</span> <span class='ocrx_word' id='word_1_430' title='bbox 1643 5093 1927 5163; x_wconf 79' lang='grc' dir='ltr'>προτιμῶν</span> 
     </span>
    </p>
   </div>
   <div class='ocr_carea' id='block_1_59' title="bbox 341 5164 1926 5247">
    <p class='ocr_par' dir='ltr' id='par_1_59' title="bbox 341 5164 1926 5247">
     <span class='ocr_line' id='line_1_59' title="bbox 341 5164 1926 5247; baseline 0.009 -31"><span class='ocrx_word' id='word_1_431' title='bbox 341 5164 558 5236; x_wconf 49' lang='grc' dir='ltr'>ψυχῆς</span> <span class='ocrx_word' id='word_1_432' title='bbox 607 5169 700 5221; x_wconf 84' lang='grc' dir='ltr'>Διὸ</span> <span class='ocrx_word' id='word_1_433' title='bbox 751 5170 844 5223; x_wconf 76' lang='grc' dir='ltr'>καὶ</span> <span class='ocrx_word' id='word_1_434' title='bbox 909 5170 1113 5241; x_wconf 87' lang='grc' dir='ltr'>σφόδρα</span> <span class='ocrx_word' id='word_1_435' title='bbox 1169 5172 1584 5244; x_wconf 77' lang='grc' dir='ltr'>ἐκπέπληγμαι,</span> <span class='ocrx_word' id='word_1_436' title='bbox 1642 5177 1782 5247; x_wconf 84' lang='grc' dir='ltr'>πόση</span> <span class='ocrx_word' id='word_1_437' title='bbox 1814 5181 1926 5242; x_wconf 87' lang='grc' dir='ltr'>τοῖς</span> 
     </span>
    </p>
   </div>
   <div class='ocr_carea' id='block_1_60' title="bbox 342 5251 1924 5326">
    <p class='ocr_par' dir='ltr' id='par_1_60' title="bbox 342 5251 1924 5326">
     <span class='ocr_line' id='line_1_60' title="bbox 342 5251 1924 5326; baseline 0.009 -24"><span class='ocrx_word' id='word_1_438' title='bbox 342 5251 624 5317; x_wconf 77' lang='grc' dir='ltr'>χρήμασιν</span> <span class='ocrx_word' id='word_1_439' title='bbox 669 5253 1044 5324; x_wconf 79' lang='grc' dir='ltr'>ἐγκέκρυπται</span> <span class='ocrx_word' id='word_1_440' title='bbox 1087 5256 1335 5325; x_wconf 83' lang='grc' dir='ltr'>γοητεία,</span> <span class='ocrx_word' id='word_1_441' title='bbox 1392 5257 1592 5326; x_wconf 78' lang='grc' dir='ltr'>μᾶλλον</span> <span class='ocrx_word' id='word_1_442' title='bbox 1621 5259 1677 5313; x_wconf 88' lang='grc' dir='ltr'>δὲ</span> <span class='ocrx_word' id='word_1_443' title='bbox 1711 5262 1770 5314; x_wconf 84' lang='grc' dir='ltr'>οὐ</span> <span class='ocrx_word' id='word_1_444' title='bbox 1809 5266 1924 5326; x_wconf 87' lang='grc' dir='ltr'>τοῖς</span> 
     </span>
    </p>
   </div>
   <div class='ocr_carea' id='block_1_61' title="bbox 339 5333 1928 5412">
    <p class='ocr_par' dir='ltr' id='par_1_61' title="bbox 339 5333 1928 5412">
     <span class='ocr_line' id='line_1_61' title="bbox 339 5333 1928 5412; baseline 0.012 -31"><span class='ocrx_word' id='word_1_445' title='bbox 339 5333 642 5400; x_wconf 72' lang='grc' dir='ltr'>χρήμασιν,</span> <span class='ocrx_word' id='word_1_446' title='bbox 660 5333 798 5388; x_wconf 90' lang='grc' dir='ltr'>ἀλλά</span> <span class='ocrx_word' id='word_1_447' title='bbox 821 5337 942 5398; x_wconf 88' lang='grc' dir='ltr'>ταῖς</span> <span class='ocrx_word' id='word_1_448' title='bbox 991 5335 1100 5388; x_wconf 89' lang='grc' dir='ltr'>τῶν</span> <span class='ocrx_word' id='word_1_449' title='bbox 1149 5339 1526 5410; x_wconf 85' lang='grc' dir='ltr'>ἀπατωμένων</span> <span class='ocrx_word' id='word_1_450' title='bbox 1554 5342 1770 5412; x_wconf 79' lang='grc' dir='ltr'>ψυχαῖς.</span> <span class='ocrx_word' id='word_1_451' title='bbox 1801 5345 1928 5399; x_wconf 75' lang='grc' dir='ltr'>Εἰσὶ</span> 
     </span>
    </p>
   </div>
   <div class='ocr_carea' id='block_1_62' title="bbox 305 5413 1921 5498">
    <p class='ocr_par' dir='ltr' id='par_1_62' title="bbox 305 5413 1921 5498">
     <span class='ocr_line' id='line_1_62' title="bbox 305 5413 1921 5498; baseline 0.012 -35"><span class='ocrx_word' id='word_1_452' title='bbox 305 5413 470 5496; x_wconf 56' lang='grc' dir='ltr'>.γάρ,</span> <span class='ocrx_word' id='word_1_453' title='bbox 504 5415 640 5467; x_wconf 78' lang='grc' dir='ltr'>είαὶν</span> <span class='ocrx_word' id='word_1_454' title='bbox 667 5418 714 5469; x_wconf 75' lang='grc' dir='ltr'>οἱ</span> <span class='ocrx_word' id='word_1_455' title='bbox 747 5418 841 5470; x_wconf 69' lang='grc' dir='ltr'>καὶ</span> <span class='ocrx_word' id='word_1_456' title='bbox 871 5418 1074 5489; x_wconf 78' lang='grc' dir='ltr'>σφόδρα</span> <span class='ocrx_word' id='word_1_457' title='bbox 1105 5422 1202 5490; x_wconf 84' lang='grc' dir='ltr'>τῆς</span> <span class='ocrx_word' id='word_1_458' title='bbox 1231 5423 1567 5491; x_wconf 86' lang='grc' dir='ltr'>μαγγανείας</span> <span class='ocrx_word' id='word_1_459' title='bbox 1591 5427 1793 5498; x_wconf 87' lang='grc' dir='ltr'>ταύτης</span> <span class='ocrx_word' id='word_1_460' title='bbox 1822 5446 1921 5481; x_wconf 78' lang='lat' dir='ltr'>xa-</span> 
     </span>
    </p>
   </div>
   <div class='ocr_carea' id='block_1_63' title="bbox 337 5498 1921 5579">
    <p class='ocr_par' dir='ltr' id='par_1_63' title="bbox 337 5498 1921 5579">
     <span class='ocr_line' id='line_1_63' title="bbox 337 5498 1921 5579; baseline 0.012 -31"><span class='ocrx_word' id='word_1_461' title='bbox 337 5498 699 5566; x_wconf 83' lang='grc' dir='ltr'>ταγελῶντες.</span> <span class='ocrx_word' id='word_1_462' title='bbox 721 5501 789 5554; x_wconf 88' lang='grc' dir='ltr'>Τί</span> <span class='ocrx_word' id='word_1_463' title='bbox 815 5503 923 5572; x_wconf 82' lang='grc' dir='ltr'>γὰρ</span> <span class='ocrx_word' id='word_1_464' title='bbox 951 5504 1045 5557; x_wconf 74' lang='grc' dir='ltr'>καὶ</span> <span class='ocrx_word' id='word_1_465' title='bbox 1073 5506 1422 5577; x_wconf 83' lang='grc' dir='ltr'>ἱκανὸνήμᾶς</span> <span class='ocrx_word' id='word_1_466' title='bbox 1469 5509 1577 5562; x_wconf 87' lang='grc' dir='ltr'>τῶν</span> <span class='ocrx_word' id='word_1_467' title='bbox 1631 5512 1688 5564; x_wconf 90' lang='grc' dir='ltr'>ἐν</span> <span class='ocrx_word' id='word_1_468' title='bbox 1735 5515 1921 5579; x_wconf 79' lang='grc' dir='ltr'>αὐτοῖς</span> 
     </span>
    </p>
   </div>
   <div class='ocr_carea' id='block_1_64' title="bbox 335 5581 1918 5667">
    <p class='ocr_par' dir='ltr' id='par_1_64' title="bbox 335 5581 1918 5667">
     <span class='ocr_line' id='line_1_64' title="bbox 335 5581 1918 5667; baseline 0.012 -35"><span class='ocrx_word' id='word_1_469' title='bbox 335 5581 633 5649; x_wconf 86' lang='grc' dir='ltr'>γοητεῦσαι</span> <span class='ocrx_word' id='word_1_470' title='bbox 659 5599 674 5648; x_wconf 89' lang='grc'>;</span> <span class='ocrx_word' id='word_1_471' title='bbox 707 5584 829 5654; x_wconf 77' lang='grc' dir='ltr'>οὐχὶ</span> <span class='ocrx_word' id='word_1_472' title='bbox 853 5584 1058 5656; x_wconf 79' lang='grc' dir='ltr'>ἄψυχός</span> <span class='ocrx_word' id='word_1_473' title='bbox 1081 5587 1228 5641; x_wconf 87' lang='grc' dir='ltr'>ἐστιν</span> <span class='ocrx_word' id='word_1_474' title='bbox 1256 5590 1289 5661; x_wconf 80' lang='grc' dir='ltr'>ἡ</span> <span class='ocrx_word' id='word_1_475' title='bbox 1327 5588 1450 5662; x_wconf 77' lang='grc' dir='ltr'>ὕλη,</span> <span class='ocrx_word' id='word_1_476' title='bbox 1480 5593 1600 5662; x_wconf 77' lang='grc' dir='ltr'>οὐχὶ</span> <span class='ocrx_word' id='word_1_477' title='bbox 1624 5593 1918 5667; x_wconf 82' lang='grc' dir='ltr'>ἐπίκηρος;</span> 
     </span>
    </p>
   </div>
   <div class='ocr_carea' id='block_1_65' title="bbox 333 5669 1918 5751">
    <p class='ocr_par' dir='ltr' id='par_1_65' title="bbox 333 5669 1918 5751">
     <span class='ocr_line' id='line_1_65' title="bbox 333 5669 1918 5751; baseline 0.011 -32"><span class='ocrx_word' id='word_1_478' title='bbox 333 5669 452 5739; x_wconf 77' lang='grc' dir='ltr'>οὐχὶ</span> <span class='ocrx_word' id='word_1_479' title='bbox 483 5670 717 5734; x_wconf 76' lang='grc' dir='ltr'>ἄπιστος</span> <span class='ocrx_word' id='word_1_480' title='bbox 758 5672 939 5726; x_wconf 85' lang='grc' dir='ltr'>αὐτῶν</span> <span class='ocrx_word' id='word_1_481' title='bbox 967 5674 1000 5744; x_wconf 77' lang='grc' dir='ltr'><strong>ἡ</strong></span> <span class='ocrx_word' id='word_1_482' title='bbox 1048 5675 1273 5744; x_wconf 87' lang='grc' dir='ltr'>κτῆσις;</span> <span class='ocrx_word' id='word_1_483' title='bbox 1327 5677 1388 5730; x_wconf 85' lang='grc' dir='ltr'>οὐ</span> <span class='ocrx_word' id='word_1_484' title='bbox 1428 5679 1608 5747; x_wconf 86' lang='grc' dir='ltr'>φόϐων</span> <span class='ocrx_word' id='word_1_485' title='bbox 1637 5681 1796 5751; x_wconf 85' lang='grc' dir='ltr'>γέμει</span> <span class='ocrx_word' id='word_1_486' title='bbox 1822 5684 1918 5736; x_wconf 77' lang='grc' dir='ltr'>καὶ</span> 
     </span>
    </p>
   </div>
   <div class='ocr_carea' id='block_1_66' title="bbox 335 5757 1913 5836">
    <p class='ocr_par' dir='ltr' id='par_1_66' title="bbox 335 5757 1913 5836">
     <span class='ocr_line' id='line_1_66' title="bbox 335 5757 1913 5836; baseline 0.011 -29"><span class='ocrx_word' id='word_1_487' title='bbox 335 5757 634 5823; x_wconf 74' lang='grc' dir='ltr'>κινδύνωνς</span> <span class='ocrx_word' id='word_1_488' title='bbox 667 5760 728 5812; x_wconf 84' lang='grc' dir='ltr'>ού</span> <span class='ocrx_word' id='word_1_489' title='bbox 760 5759 934 5827; x_wconf 84' lang='grc' dir='ltr'>φόνων</span> <span class='ocrx_word' id='word_1_490' title='bbox 960 5762 1051 5814; x_wconf 76' lang='grc' dir='ltr'>καὶ</span> <span class='ocrx_word' id='word_1_491' title='bbox 1071 5762 1398 5832; x_wconf 85' lang='grc' dir='ltr'>ἐπιϐουλῆς;</span> <span class='ocrx_word' id='word_1_492' title='bbox 1431 5767 1529 5820; x_wconf 76' lang='grc' dir='ltr'>οὐκ</span> <span class='ocrx_word' id='word_1_493' title='bbox 1566 5767 1764 5836; x_wconf 78' lang='grc' dir='ltr'>ἔχθρας</span> <span class='ocrx_word' id='word_1_494' title='bbox 1819 5772 1913 5826; x_wconf 81' lang='grc' dir='ltr'>καὶ</span> 
     </span>
    </p>
   </div>
   <div class='ocr_carea' id='block_1_67' title="bbox 1350 308 2585 368">
    <p class='ocr_par' dir='ltr' id='par_1_67' title="bbox 1350 308 2585 368">
     <span class='ocr_line' id='line_1_67' title="bbox 1350 308 2585 368; baseline 0.002 -3"><span class='ocrx_word' id='word_1_495' title='bbox 1350 311 1417 365; x_wconf 84' lang='lat' dir='ltr'><strong>IN</strong></span> <span class='ocrx_word' id='word_1_496' title='bbox 1464 309 1680 365; x_wconf 80' lang='lat' dir='ltr'>EPIST.</span> <span class='ocrx_word' id='word_1_497' title='bbox 1721 310 1739 364; x_wconf 90' lang='lat' dir='ltr'><strong>l</strong></span> <span class='ocrx_word' id='word_1_498' title='bbox 1789 308 1880 364; x_wconf 84' lang='lat' dir='ltr'>AD</span> <span class='ocrx_word' id='word_1_499' title='bbox 1924 309 2080 364; x_wconf 68' lang='grc' dir='ltr'>υυιι.</span> <span class='ocrx_word' id='word_1_500' title='bbox 2118 309 2355 365; x_wconf 71' lang='lat' dir='ltr'><strong>IIOMIL.</strong></span> <span class='ocrx_word' id='word_1_501' title='bbox 2395 311 2585 368; x_wconf 74' lang='lat' dir='ltr'><strong>XXIII.</strong></span> 
     </span>
    </p>
   </div>
   <div class='ocr_carea' id='block_1_68' title="bbox 3570 318 3671 375">
    <p class='ocr_par' dir='ltr' id='par_1_68' title="bbox 3570 318 3671 375">
     <span class='ocr_line' id='line_1_68' title="bbox 3570 318 3671 375; baseline -0.01 0"><span class='ocrx_word' id='word_1_502' title='bbox 3570 318 3671 375; x_wconf 79' lang='lat' dir='ltr'>I96</span> 
     </span>
    </p>
   </div>
   <div class='ocr_carea' id='block_1_69' title="bbox 2086 427 3662 502">
    <p class='ocr_par' dir='ltr' id='par_1_69' title="bbox 2086 427 3662 502">
     <span class='ocr_line' id='line_1_69' title="bbox 2086 427 3662 502; baseline 0.004 -24"><span class='ocrx_word' id='word_1_503' title='bbox 2086 427 2180 479; x_wconf 82' lang='grc' dir='ltr'>καὶ</span> <span class='ocrx_word' id='word_1_504' title='bbox 2207 429 2435 495; x_wconf 87' lang='grc' dir='ltr'>σποδός;</span> <span class='ocrx_word' id='word_1_505' title='bbox 2469 429 2550 492; x_wconf 84' lang='grc' dir='ltr'>τίς</span> <span class='ocrx_word' id='word_1_506' title='bbox 2578 431 2610 500; x_wconf 76' lang='grc' dir='ltr'>η</span> <span class='ocrx_word' id='word_1_507' title='bbox 2661 431 2846 500; x_wconf 89' lang='grc' dir='ltr'>μανία,</span> <span class='ocrx_word' id='word_1_508' title='bbox 2879 431 2960 494; x_wconf 84' lang='grc' dir='ltr'>τίς</span> <span class='ocrx_word' id='word_1_509' title='bbox 2989 433 3022 502; x_wconf 78' lang='grc' dir='ltr'>ἡ</span> <span class='ocrx_word' id='word_1_510' title='bbox 3075 431 3258 493; x_wconf 76' lang='grc' dir='ltr'>νόσοςί</span> <span class='ocrx_word' id='word_1_511' title='bbox 3297 430 3432 486; x_wconf 88' lang='grc' dir='ltr'>ἀλλά</span> <span class='ocrx_word' id='word_1_512' title='bbox 3460 431 3570 499; x_wconf 75' lang='grc' dir='ltr'>γὰρ</span> <span class='ocrx_word' id='word_1_513' title='bbox 3602 433 3662 487; x_wconf 87' lang='grc' dir='ltr'>ού</span> 
     </span>
    </p>
   </div>
   <div class='ocr_carea' id='block_1_70' title="bbox 2085 518 3710 588">
    <p class='ocr_par' dir='ltr' id='par_1_70' title="bbox 2085 518 3710 588">
     <span class='ocr_line' id='line_1_70' title="bbox 2085 518 3710 588; baseline 0.005 -21"><span class='ocrx_word' id='word_1_514' title='bbox 2085 519 2416 587; x_wconf 85' lang='grc' dir='ltr'>κατηγορεῖν</span> <span class='ocrx_word' id='word_1_515' title='bbox 2461 518 2542 570; x_wconf 86' lang='grc' dir='ltr'>δεῖ</span> <span class='ocrx_word' id='word_1_516' title='bbox 2586 519 2746 588; x_wconf 89' lang='grc' dir='ltr'>μόνον</span> <span class='ocrx_word' id='word_1_517' title='bbox 2799 519 2908 572; x_wconf 89' lang='grc' dir='ltr'>τῶν</span> <span class='ocrx_word' id='word_1_518' title='bbox 2959 519 3259 575; x_wconf 87' lang='grc' dir='ltr'>νοσούντων</span> <span class='ocrx_word' id='word_1_519' title='bbox 3306 519 3374 572; x_wconf 86' lang='grc' dir='ltr'>τά</span> <span class='ocrx_word' id='word_1_520' title='bbox 3420 518 3666 587; x_wconf 85' lang='grc' dir='ltr'>τοιαῦτα,</span> <span class='ocrx_word' id='word_1_521' title='bbox 3698 554 3710 583; x_wconf 71' lang='grc' dir='ltr'>,υ</span> 
     </span>
    </p>
   </div>
   <div class='ocr_carea' id='block_1_71' title="bbox 2084 602 3667 679">
    <p class='ocr_par' dir='ltr' id='par_1_71' title="bbox 2084 602 3667 679">
     <span class='ocr_line' id='line_1_71' title="bbox 2084 602 3667 679; baseline 0.003 -23"><span class='ocrx_word' id='word_1_522' title='bbox 2084 603 2271 673; x_wconf 78' lang='grc' dir='ltr'>φησὶν,</span> <span class='ocrx_word' id='word_1_523' title='bbox 2297 602 2436 656; x_wconf 90' lang='grc' dir='ltr'>ἀλλά</span> <span class='ocrx_word' id='word_1_524' title='bbox 2472 604 2565 656; x_wconf 73' lang='grc' dir='ltr'>καὶ</span> <span class='ocrx_word' id='word_1_525' title='bbox 2594 606 2886 660; x_wconf 84' lang='grc' dir='ltr'>καταλύειν</span> <span class='ocrx_word' id='word_1_526' title='bbox 2911 607 3002 661; x_wconf 72' lang='grc' dir='ltr'>τὸν</span> <span class='ocrx_word' id='word_1_527' title='bbox 3019 606 3219 679; x_wconf 73' lang='grc' dir='ltr'>ἔρωτα.</span> <span class='ocrx_word' id='word_1_528' title='bbox 3258 608 3368 660; x_wconf 84' lang='lat' dir='ltr'>Kal</span> <span class='ocrx_word' id='word_1_529' title='bbox 3409 606 3528 668; x_wconf 88' lang='grc' dir='ltr'>πῶς</span> <span class='ocrx_word' id='word_1_530' title='bbox 3553 607 3667 660; x_wconf 74' lang='grc' dir='ltr'>ἐτέο</span> 
     </span>
    </p>
   </div>
   <div class='ocr_carea' id='block_1_72' title="bbox 2084 689 3664 768">
    <p class='ocr_par' dir='ltr' id='par_1_72' title="bbox 2084 689 3664 768">
     <span class='ocr_line' id='line_1_72' title="bbox 2084 689 3664 768; baseline 0.004 -27"><span class='ocrx_word' id='word_1_531' title='bbox 2084 705 2193 758; x_wconf 92' lang='grc' dir='ltr'>ρως</span> <span class='ocrx_word' id='word_1_532' title='bbox 2218 689 2615 760; x_wconf 83' lang='grc' dir='ltr'>καταλύσομεν,</span> <span class='ocrx_word' id='word_1_533' title='bbox 2650 693 2764 744; x_wconf 80' lang='grc' dir='ltr'>ἀλλ’</span> <span class='ocrx_word' id='word_1_534' title='bbox 2795 693 2826 764; x_wconf 81' lang='grc' dir='ltr'>ἢ</span> <span class='ocrx_word' id='word_1_535' title='bbox 2853 694 3160 758; x_wconf 85' lang='grc' dir='ltr'>δεικνύντες</span> <span class='ocrx_word' id='word_1_536' title='bbox 3180 694 3384 763; x_wconf 87' lang='grc' dir='ltr'>φαῦλον</span> <span class='ocrx_word' id='word_1_537' title='bbox 3413 693 3545 768; x_wconf 79' lang='grc' dir='ltr'>δντα</span> <span class='ocrx_word' id='word_1_538' title='bbox 3573 694 3664 747; x_wconf 63' lang='grc' dir='ltr'>καὶ</span> 
     </span>
    </p>
   </div>
   <div class='ocr_carea' id='block_1_73' title="bbox 2085 777 3666 849">
    <p class='ocr_par' dir='ltr' id='par_1_73' title="bbox 2085 777 3666 849">
     <span class='ocr_line' id='line_1_73' title="bbox 2085 777 3666 849; baseline 0.006 -22"><span class='ocrx_word' id='word_1_539' title='bbox 2085 777 2295 847; x_wconf 78' lang='grc' dir='ltr'>μυρίων</span> <span class='ocrx_word' id='word_1_540' title='bbox 2317 777 2507 831; x_wconf 85' lang='grc' dir='ltr'>κακῶν</span> <span class='ocrx_word' id='word_1_541' title='bbox 2539 781 2875 849; x_wconf 82' lang='grc' dir='ltr'>ἀνάμεστον;</span> <span class='ocrx_word' id='word_1_542' title='bbox 2917 782 3079 836; x_wconf 85' lang='grc' dir='ltr'>Ἀλλά</span> <span class='ocrx_word' id='word_1_543' title='bbox 3111 782 3269 836; x_wconf 88' lang='grc' dir='ltr'>τοῦτο</span> <span class='ocrx_word' id='word_1_544' title='bbox 3311 783 3411 834; x_wconf 80' lang='grc' dir='ltr'>οὐκ</span> <span class='ocrx_word' id='word_1_545' title='bbox 3442 780 3666 836; x_wconf 78' lang='grc' dir='ltr'>εὔκολον</span> 
     </span>
    </p>
   </div>
   <div class='ocr_carea' id='block_1_74' title="bbox 2080 857 3664 934">
    <p class='ocr_par' dir='ltr' id='par_1_74' title="bbox 2080 857 3664 934">
     <span class='ocr_line' id='line_1_74' title="bbox 2080 857 3664 934; baseline 0.004 -24"><span class='ocrx_word' id='word_1_546' title='bbox 2080 857 2170 911; x_wconf 81' lang='grc' dir='ltr'>τὸν</span> <span class='ocrx_word' id='word_1_547' title='bbox 2197 860 2408 931; x_wconf 84' lang='grc' dir='ltr'>ἐρῶντα</span> <span class='ocrx_word' id='word_1_548' title='bbox 2437 865 2622 916; x_wconf 87' lang='grc' dir='ltr'>πεῖσαι</span> <span class='ocrx_word' id='word_1_549' title='bbox 2654 865 2782 934; x_wconf 74' lang='grc' dir='ltr'>περὶ</span> <span class='ocrx_word' id='word_1_550' title='bbox 2824 864 2930 918; x_wconf 88' lang='grc' dir='ltr'>τῶν</span> <span class='ocrx_word' id='word_1_551' title='bbox 2964 865 3250 921; x_wconf 80' lang='grc' dir='ltr'>παιδικῶν.</span> <span class='ocrx_word' id='word_1_552' title='bbox 3297 863 3509 918; x_wconf 80' lang='grc' dir='ltr'>Οὐκοῦν</span> <span class='ocrx_word' id='word_1_553' title='bbox 3543 865 3664 917; x_wconf 78' lang='grc' dir='ltr'>ἐτε-</span> 
     </span>
    </p>
   </div>
   <div class='ocr_carea' id='block_1_75' title="bbox 2083 943 3664 1019">
    <p class='ocr_par' dir='ltr' id='par_1_75' title="bbox 2083 943 3664 1019">
     <span class='ocr_line' id='line_1_75' title="bbox 2083 943 3664 1019; baseline 0.003 -23"><span class='ocrx_word' id='word_1_554' title='bbox 2083 959 2173 1012; x_wconf 89' lang='grc' dir='ltr'>ρον</span> <span class='ocrx_word' id='word_1_555' title='bbox 2205 943 2353 1014; x_wconf 70' lang='grc' dir='ltr'>αὐτῷ</span> <span class='ocrx_word' id='word_1_556' title='bbox 2401 945 2595 1010; x_wconf 86' lang='grc' dir='ltr'>κάλλος</span> <span class='ocrx_word' id='word_1_557' title='bbox 2649 949 2969 1019; x_wconf 83' lang='grc' dir='ltr'>ἀντιστῆσαι</span> <span class='ocrx_word' id='word_1_558' title='bbox 3018 950 3116 1003; x_wconf 86' lang='grc' dir='ltr'>δεῖ.</span> <span class='ocrx_word' id='word_1_559' title='bbox 3163 949 3323 1002; x_wconf 80' lang='grc' dir='ltr'>Ἀλλά</span> <span class='ocrx_word' id='word_1_560' title='bbox 3371 946 3664 1019; x_wconf 82' lang='grc' dir='ltr'>ἀσώματον</span> 
     </span>
    </p>
   </div>
   <div class='ocr_carea' id='block_1_76' title="bbox 2076 1027 3661 1102">
    <p class='ocr_par' dir='ltr' id='par_1_76' title="bbox 2076 1027 3661 1102">
     <span class='ocr_line' id='line_1_76' title="bbox 2076 1027 3661 1102; baseline 0.004 -24"><span class='ocrx_word' id='word_1_561' title='bbox 2076 1027 2172 1098; x_wconf 77' lang='grc' dir='ltr'>οὐχ</span> <span class='ocrx_word' id='word_1_562' title='bbox 2207 1028 2310 1100; x_wconf 81' lang='grc' dir='ltr'>ὁρᾷ</span> <span class='ocrx_word' id='word_1_563' title='bbox 2337 1030 2550 1094; x_wconf 85' lang='grc' dir='ltr'>κάλλος,</span> <span class='ocrx_word' id='word_1_564' title='bbox 2595 1031 2673 1084; x_wconf 74' lang='grc' dir='ltr'>ἔτι</span> <span class='ocrx_word' id='word_1_565' title='bbox 2720 1033 2909 1085; x_wconf 80' lang='grc' dir='ltr'>νοσῶν⁸</span> <span class='ocrx_word' id='word_1_566' title='bbox 2948 1033 3142 1086; x_wconf 81' lang='grc' dir='ltr'>οὐκοῦν</span> <span class='ocrx_word' id='word_1_567' title='bbox 3189 1033 3501 1102; x_wconf 78' lang='grc' dir='ltr'>σωματικὸν</span> <span class='ocrx_word' id='word_1_568' title='bbox 3537 1035 3661 1086; x_wconf 87' lang='grc' dir='ltr'>ἐπι-</span> 
     </span>
    </p>
   </div>
   <div class='ocr_carea' id='block_1_77' title="bbox 2075 1109 3660 1186">
    <p class='ocr_par' dir='ltr' id='par_1_77' title="bbox 2075 1109 3660 1186">
     <span class='ocr_line' id='line_1_77' title="bbox 2075 1109 3660 1186; baseline 0.003 -24"><span class='ocrx_word' id='word_1_569' title='bbox 2075 1109 2359 1182; x_wconf 81' lang='grc' dir='ltr'>δείξωμεν,</span> <span class='ocrx_word' id='word_1_570' title='bbox 2401 1115 2495 1167; x_wconf 80' lang='grc' dir='ltr'>καὶ</span> <span class='ocrx_word' id='word_1_571' title='bbox 2529 1117 2770 1185; x_wconf 82' lang='grc' dir='ltr'>εἴπωμεν</span> <span class='ocrx_word' id='word_1_572' title='bbox 2802 1116 2938 1186; x_wconf 80' lang='grc' dir='ltr'>πρὸς</span> <span class='ocrx_word' id='word_1_573' title='bbox 2987 1117 3170 1170; x_wconf 70' lang='grc' dir='ltr'>αὐτόν*</span> <span class='ocrx_word' id='word_1_574' title='bbox 3210 1115 3496 1184; x_wconf 84' lang='grc' dir='ltr'>Ἐννόησον</span> <span class='ocrx_word' id='word_1_575' title='bbox 3533 1115 3660 1176; x_wconf 77' lang='grc' dir='ltr'>τοὺς</span> 
     </span>
    </p>
   </div>
   <div class='ocr_carea' id='block_1_78' title="bbox 2074 1191 3659 1270">
    <p class='ocr_par' dir='ltr' id='par_1_78' title="bbox 2074 1191 3659 1270">
     <span class='ocr_line' id='line_1_78' title="bbox 2074 1191 3659 1270; baseline 0.009 -25"><span class='ocrx_word' id='word_1_576' title='bbox 2074 1191 2344 1264; x_wconf 82' lang='grc' dir='ltr'>λειμῶνας</span> <span class='ocrx_word' id='word_1_577' title='bbox 2374 1199 2468 1250; x_wconf 79' lang='grc' dir='ltr'>καὶ</span> <span class='ocrx_word' id='word_1_578' title='bbox 2488 1199 2556 1251; x_wconf 81' lang='grc' dir='ltr'>τά</span> <span class='ocrx_word' id='word_1_579' title='bbox 2578 1200 2635 1251; x_wconf 89' lang='grc' dir='ltr'>ἐν</span> <span class='ocrx_word' id='word_1_580' title='bbox 2654 1201 2848 1267; x_wconf 67' lang='grc' dir='ltr'>ξαὺτοῖς</span> <span class='ocrx_word' id='word_1_581' title='bbox 2880 1199 3038 1270; x_wconf 88' lang='grc' dir='ltr'>ἄνθη,</span> <span class='ocrx_word' id='word_1_582' title='bbox 3091 1199 3158 1252; x_wconf 82' lang='grc' dir='ltr'>τὰ</span> <span class='ocrx_word' id='word_1_583' title='bbox 3202 1197 3426 1269; x_wconf 81' lang='grc' dir='ltr'>χρυσίου</span> <span class='ocrx_word' id='word_1_584' title='bbox 3458 1197 3659 1260; x_wconf 81' lang='grc' dir='ltr'>παντὸς</span> 
     </span>
    </p>
   </div>
   <div class='ocr_carea' id='block_1_79' title="bbox 2075 1279 3658 1352">
    <p class='ocr_par' dir='ltr' id='par_1_79' title="bbox 2075 1279 3658 1352">
     <span class='ocr_line' id='line_1_79' title="bbox 2075 1279 3658 1352; baseline 0.002 -21"><span class='ocrx_word' id='word_1_585' title='bbox 2075 1279 2403 1352; x_wconf 88' lang='grc' dir='ltr'>φαιδρότερα</span> <span class='ocrx_word' id='word_1_586' title='bbox 2452 1283 2546 1335; x_wconf 77' lang='grc' dir='ltr'>καὶ</span> <span class='ocrx_word' id='word_1_587' title='bbox 2624 1283 2730 1335; x_wconf 87' lang='grc' dir='ltr'>τῶν</span> <span class='ocrx_word' id='word_1_588' title='bbox 2776 1282 3133 1336; x_wconf 83' lang='grc' dir='ltr'>παντοδαπῶν</span> <span class='ocrx_word' id='word_1_589' title='bbox 3180 1282 3509 1352; x_wconf 88' lang='grc' dir='ltr'>χαριέστερα</span> <span class='ocrx_word' id='word_1_590' title='bbox 3564 1281 3658 1334; x_wconf 78' lang='grc' dir='ltr'>καὶ</span> 
     </span>
    </p>
   </div>
   <div class='ocr_carea' id='block_1_80' title="bbox 2071 1361 3658 1434">
    <p class='ocr_par' dir='ltr' id='par_1_80' title="bbox 2071 1361 3658 1434">
     <span class='ocr_line' id='line_1_80' title="bbox 2071 1361 3658 1434; baseline 0.001 -20"><span class='ocrx_word' id='word_1_591' title='bbox 2071 1361 2432 1434; x_wconf 83' lang='grc' dir='ltr'>διαυγέστερα</span> <span class='ocrx_word' id='word_1_592' title='bbox 2475 1364 2670 1418; x_wconf 81' lang='grc' dir='ltr'>λίθων’</span> <span class='ocrx_word' id='word_1_593' title='bbox 2704 1366 2956 1434; x_wconf 82' lang='grc' dir='ltr'>ἐννόησον</span> <span class='ocrx_word' id='word_1_594' title='bbox 2983 1365 3052 1418; x_wconf 90' lang='grc' dir='ltr'>τά</span> <span class='ocrx_word' id='word_1_595' title='bbox 3093 1365 3261 1434; x_wconf 87' lang='grc' dir='ltr'>διειδῆ</span> <span class='ocrx_word' id='word_1_596' title='bbox 3317 1365 3426 1417; x_wconf 87' lang='grc' dir='ltr'>τῶν</span> <span class='ocrx_word' id='word_1_597' title='bbox 3463 1365 3658 1434; x_wconf 87' lang='grc' dir='ltr'>πηγῶν</span> 
     </span>
    </p>
   </div>
   <div class='ocr_carea' id='block_1_81' title="bbox 2075 1447 3657 1520">
    <p class='ocr_par' dir='ltr' id='par_1_81' title="bbox 2075 1447 3657 1520">
     <span class='ocr_line' id='line_1_81' title="bbox 2075 1447 3657 1520; baseline 0 -22"><span class='ocrx_word' id='word_1_598' title='bbox 2075 1447 2287 1518; x_wconf 78' lang='grc' dir='ltr'>ῥεῖθρα,</span> <span class='ocrx_word' id='word_1_599' title='bbox 2315 1449 2441 1512; x_wconf 76' lang='grc' dir='ltr'>τοὺς</span> <span class='ocrx_word' id='word_1_600' title='bbox 2487 1450 2770 1520; x_wconf 76' lang='grc' dir='ltr'>ποταμοὺς</span> <span class='ocrx_word' id='word_1_601' title='bbox 2809 1450 2935 1512; x_wconf 81' lang='grc' dir='ltr'>τοὺς</span> <span class='ocrx_word' id='word_1_602' title='bbox 2977 1449 3160 1504; x_wconf 88' lang='grc' dir='ltr'>ἐλαίου</span> <span class='ocrx_word' id='word_1_603' title='bbox 3207 1449 3365 1517; x_wconf 87' lang='grc' dir='ltr'>δίκην</span> <span class='ocrx_word' id='word_1_604' title='bbox 3413 1447 3657 1518; x_wconf 74' lang='grc' dir='ltr'>ἀψοφητὶ</span> 
     </span>
    </p>
   </div>
   <div class='ocr_carea' id='block_1_82' title="bbox 2071 1529 3654 1605">
    <p class='ocr_par' dir='ltr' id='par_1_82' title="bbox 2071 1529 3654 1605">
     <span class='ocr_line' id='line_1_82' title="bbox 2071 1529 3654 1605; baseline 0.001 -24"><span class='ocrx_word' id='word_1_605' title='bbox 2071 1529 2293 1600; x_wconf 78' lang='grc' dir='ltr'>ῥέοντας</span> <span class='ocrx_word' id='word_1_606' title='bbox 2328 1533 2435 1586; x_wconf 71' lang='grc' dir='ltr'>ἀπὸ</span> <span class='ocrx_word' id='word_1_607' title='bbox 2479 1533 2579 1603; x_wconf 84' lang='grc' dir='ltr'>τῆς</span> <span class='ocrx_word' id='word_1_608' title='bbox 2609 1533 2714 1602; x_wconf 88' lang='grc' dir='ltr'>γῆς</span> <span class='ocrx_word' id='word_1_609' title='bbox 2745 1551 2758 1564; x_wconf 69' lang='grc'><strong><em>⁸</em></strong></span> <span class='ocrx_word' id='word_1_610' title='bbox 2809 1533 3044 1605; x_wconf 87' lang='grc' dir='ltr'>ἀνάϐηθι</span> <span class='ocrx_word' id='word_1_611' title='bbox 3097 1532 3234 1603; x_wconf 72' lang='grc' dir='ltr'>πρὸς</span> <span class='ocrx_word' id='word_1_612' title='bbox 3275 1531 3367 1585; x_wconf 78' lang='grc' dir='ltr'>τὸν</span> <span class='ocrx_word' id='word_1_613' title='bbox 3403 1530 3654 1602; x_wconf 78' lang='grc' dir='ltr'>οὐρανὸν,</span> 
     </span>
    </p>
   </div>
   <div class='ocr_carea' id='block_1_83' title="bbox 2071 1608 3654 1684">
    <p class='ocr_par' dir='ltr' id='par_1_83' title="bbox 2071 1608 3654 1684">
     <span class='ocr_line' id='line_1_83' title="bbox 2071 1608 3654 1684; baseline 0.001 -25"><span class='ocrx_word' id='word_1_614' title='bbox 2071 1608 2165 1662; x_wconf 68' lang='grc' dir='ltr'>καί</span> <span class='ocrx_word' id='word_1_615' title='bbox 2189 1609 2263 1662; x_wconf 87' lang='grc' dir='ltr'>ῖδε</span> <span class='ocrx_word' id='word_1_616' title='bbox 2295 1609 2387 1663; x_wconf 87' lang='grc' dir='ltr'>τοῦ</span> <span class='ocrx_word' id='word_1_617' title='bbox 2417 1611 2570 1681; x_wconf 77' lang='grc' dir='ltr'>ἡλίου</span> <span class='ocrx_word' id='word_1_618' title='bbox 2595 1611 2655 1664; x_wconf 85' lang='grc' dir='ltr'>τὸ</span> <span class='ocrx_word' id='word_1_619' title='bbox 2689 1612 2906 1676; x_wconf 75' lang='grc' dir='ltr'>κάλλος,</span> <span class='ocrx_word' id='word_1_620' title='bbox 2935 1613 3029 1683; x_wconf 85' lang='grc' dir='ltr'>τῆς</span> <span class='ocrx_word' id='word_1_621' title='bbox 3065 1611 3294 1684; x_wconf 83' lang='grc' dir='ltr'>σελήνης</span> <span class='ocrx_word' id='word_1_622' title='bbox 3315 1609 3414 1682; x_wconf 75' lang='grc' dir='ltr'>τὴν</span> <span class='ocrx_word' id='word_1_623' title='bbox 3447 1609 3654 1678; x_wconf 84' lang='grc' dir='ltr'>εὐπρέ-</span> 
     </span>
    </p>
   </div>
   <div class='ocr_carea' id='block_1_84' title="bbox 2067 1691 3645 1770">
    <p class='ocr_par' dir='ltr' id='par_1_84' title="bbox 2067 1691 3645 1770">
     <span class='ocr_line' id='line_1_84' title="bbox 2067 1691 3645 1770; baseline 0.001 -28"><span class='ocrx_word' id='word_1_624' title='bbox 2067 1707 2250 1758; x_wconf 88' lang='grc' dir='ltr'>πειαν,</span> <span class='ocrx_word' id='word_1_625' title='bbox 2286 1691 2395 1746; x_wconf 89' lang='grc' dir='ltr'>τῶν</span> <span class='ocrx_word' id='word_1_626' title='bbox 2417 1695 2631 1764; x_wconf 83' lang='grc' dir='ltr'>ἄστρων</span> <span class='ocrx_word' id='word_1_627' title='bbox 2662 1695 2730 1748; x_wconf 76' lang='grc' dir='ltr'>τὰ</span> <span class='ocrx_word' id='word_1_628' title='bbox 2746 1695 2902 1765; x_wconf 84' lang='grc' dir='ltr'>ἄνθη.</span> <span class='ocrx_word' id='word_1_629' title='bbox 2939 1696 3050 1748; x_wconf 91' lang='lat' dir='ltr'>Kal</span> <span class='ocrx_word' id='word_1_630' title='bbox 3107 1696 3161 1748; x_wconf 88' lang='grc' dir='ltr'>τί</span> <span class='ocrx_word' id='word_1_631' title='bbox 3208 1693 3370 1748; x_wconf 88' lang='grc' dir='ltr'>τοῦτο</span> <span class='ocrx_word' id='word_1_632' title='bbox 3393 1710 3415 1770; x_wconf 72' lang='grc' dir='ltr'>⁸ς</span> <span class='ocrx_word' id='word_1_633' title='bbox 3447 1693 3609 1763; x_wconf 89' lang='grc' dir='ltr'>φησίν</span> <span class='ocrx_word' id='word_1_634' title='bbox 3632 1706 3645 1720; x_wconf 86' lang='grc'>⁶</span> 
     </span>
    </p>
   </div>
   <div class='ocr_carea' id='block_1_85' title="bbox 2067 1773 3650 1848">
    <p class='ocr_par' dir='ltr' id='par_1_85' title="bbox 2067 1773 3650 1848">
     <span class='ocr_line' id='line_1_85' title="bbox 2067 1773 3650 1848; baseline -0.002 -19"><span class='ocrx_word' id='word_1_635' title='bbox 2067 1775 2125 1829; x_wconf 78' lang='grc' dir='ltr'>οὐ</span> <span class='ocrx_word' id='word_1_636' title='bbox 2157 1775 2265 1846; x_wconf 89' lang='grc' dir='ltr'>γάρ</span> <span class='ocrx_word' id='word_1_637' title='bbox 2304 1775 2368 1848; x_wconf 81' lang='grc' dir='ltr'>δὴ</span> <span class='ocrx_word' id='word_1_638' title='bbox 2408 1778 2726 1848; x_wconf 80' lang='grc' dir='ltr'>κεχρήμεθα</span> <span class='ocrx_word' id='word_1_639' title='bbox 2768 1779 2951 1842; x_wconf 83' lang='grc' dir='ltr'>αὐτοῖς</span> <span class='ocrx_word' id='word_1_640' title='bbox 2973 1778 3048 1841; x_wconf 84' lang='grc' dir='ltr'>ὡς</span> <span class='ocrx_word' id='word_1_641' title='bbox 3090 1781 3202 1840; x_wconf 86' lang='grc' dir='ltr'>τοῖς</span> <span class='ocrx_word' id='word_1_642' title='bbox 3235 1777 3504 1848; x_wconf 86' lang='grc' dir='ltr'>χρήμασι.</span> <span class='ocrx_word' id='word_1_643' title='bbox 3539 1773 3650 1828; x_wconf 80' lang='grc' dir='ltr'>Καὶ</span> 
     </span>
    </p>
   </div>
   <div class='ocr_carea' id='block_1_86' title="bbox 2071 1858 3651 1932">
    <p class='ocr_par' dir='ltr' id='par_1_86' title="bbox 2071 1858 3651 1932">
     <span class='ocr_line' id='line_1_86' title="bbox 2071 1858 3651 1932; baseline -0.001 -22"><span class='ocrx_word' id='word_1_644' title='bbox 2071 1858 2176 1930; x_wconf 82' lang='grc' dir='ltr'>μὴν</span> <span class='ocrx_word' id='word_1_645' title='bbox 2209 1859 2392 1927; x_wconf 83' lang='grc' dir='ltr'>πλέον,</span> <span class='ocrx_word' id='word_1_646' title='bbox 2428 1860 2594 1930; x_wconf 82' lang='grc' dir='ltr'>ἢτοῖς</span> <span class='ocrx_word' id='word_1_647' title='bbox 2624 1863 2920 1932; x_wconf 82' lang='grc' dir='ltr'>χρήμασιν,</span> <span class='ocrx_word' id='word_1_648' title='bbox 2965 1863 3075 1931; x_wconf 83' lang='grc' dir='ltr'>ὅσῳ</span> <span class='ocrx_word' id='word_1_649' title='bbox 3105 1862 3199 1915; x_wconf 79' lang='grc' dir='ltr'>καὶ</span> <span class='ocrx_word' id='word_1_650' title='bbox 3251 1859 3651 1930; x_wconf 84' lang='grc' dir='ltr'>ἀναγκαιοτέρα</span> 
     </span>
    </p>
   </div>
   <div class='ocr_carea' id='block_1_87' title="bbox 2067 1939 3650 2014">
    <p class='ocr_par' dir='ltr' id='par_1_87' title="bbox 2067 1939 3650 2014">
     <span class='ocr_line' id='line_1_87' title="bbox 2067 1939 3650 2014; baseline -0.004 -18"><span class='ocrx_word' id='word_1_651' title='bbox 2067 1941 2250 1996; x_wconf 84' lang='grc' dir='ltr'>αὐτῶν</span> <span class='ocrx_word' id='word_1_652' title='bbox 2281 1944 2313 2012; x_wconf 83' lang='grc' dir='ltr'>ὴ</span> <span class='ocrx_word' id='word_1_653' title='bbox 2347 1944 2530 2013; x_wconf 90' lang='grc' dir='ltr'>χρεία,</span> <span class='ocrx_word' id='word_1_654' title='bbox 2557 1944 2650 1997; x_wconf 75' lang='grc' dir='ltr'>καὶ</span> <span class='ocrx_word' id='word_1_655' title='bbox 2675 1944 3056 2014; x_wconf 85' lang='grc' dir='ltr'>ἀσφαλεστέρα</span> <span class='ocrx_word' id='word_1_656' title='bbox 3083 1946 3116 2014; x_wconf 86' lang='grc' dir='ltr'>ή</span> <span class='ocrx_word' id='word_1_657' title='bbox 3158 1944 3478 2004; x_wconf 85' lang='grc' dir='ltr'>ἀπόλαυσις.</span> <span class='ocrx_word' id='word_1_658' title='bbox 3515 1939 3650 1993; x_wconf 76' lang='grc' dir='ltr'>Οὐδὲ</span> 
     </span>
    </p>
   </div>
   <div class='ocr_carea' id='block_1_88' title="bbox 2013 2026 3648 2104">
    <p class='ocr_par' dir='ltr' id='par_1_88' title="bbox 2013 2026 3648 2104">
     <span class='ocr_line' id='line_1_88' title="bbox 2013 2026 3648 2104; baseline -0.002 -23"><span class='ocrx_word' id='word_1_659' title='bbox 2013 2086 2029 2104; x_wconf 42' lang='grc' dir='ltr'>ι</span> <span class='ocrx_word' id='word_1_660' title='bbox 2065 2030 2176 2098; x_wconf 84' lang='grc' dir='ltr'>γὰρ</span> <span class='ocrx_word' id='word_1_661' title='bbox 2209 2029 2474 2096; x_wconf 88' lang='grc' dir='ltr'>δέδοικας,</span> <span class='ocrx_word' id='word_1_662' title='bbox 2530 2032 2605 2103; x_wconf 85' lang='grc' dir='ltr'>μή</span> <span class='ocrx_word' id='word_1_663' title='bbox 2659 2049 2779 2095; x_wconf 89' lang='grc' dir='ltr'>τις,</span> <span class='ocrx_word' id='word_1_664' title='bbox 2830 2031 3020 2103; x_wconf 82' lang='grc' dir='ltr'>ὥσπερ</span> <span class='ocrx_word' id='word_1_665' title='bbox 3052 2031 3120 2084; x_wconf 89' lang='grc' dir='ltr'>τά</span> <span class='ocrx_word' id='word_1_666' title='bbox 3161 2031 3460 2102; x_wconf 82' lang='grc' dir='ltr'>χρήματα,</span> <span class='ocrx_word' id='word_1_667' title='bbox 3511 2026 3648 2079; x_wconf 71' lang='grc' dir='ltr'>αὐτὰ</span> 
     </span>
    </p>
   </div>
   <div class='ocr_carea' id='block_1_89' title="bbox 2064 2115 3647 2192">
    <p class='ocr_par' dir='ltr' id='par_1_89' title="bbox 2064 2115 3647 2192">
     <span class='ocr_line' id='line_1_89' title="bbox 2064 2115 3647 2192; baseline -0.001 -23"><span class='ocrx_word' id='word_1_668' title='bbox 2064 2115 2246 2170; x_wconf 88' lang='grc' dir='ltr'>λαϐὼν</span> <span class='ocrx_word' id='word_1_669' title='bbox 2285 2118 2524 2191; x_wconf 82' lang='grc' dir='ltr'>ἀπέλθῃ·</span> <span class='ocrx_word' id='word_1_670' title='bbox 2556 2120 2672 2174; x_wconf 81' lang='grc' dir='ltr'>ἀλλ’</span> <span class='ocrx_word' id='word_1_671' title='bbox 2698 2119 2874 2187; x_wconf 82' lang='grc' dir='ltr'>ἔξεστί</span> <span class='ocrx_word' id='word_1_672' title='bbox 2909 2137 2990 2173; x_wconf 86' lang='grc' dir='ltr'>σοι</span> <span class='ocrx_word' id='word_1_673' title='bbox 3031 2120 3249 2192; x_wconf 76' lang='grc' dir='ltr'>θαρρεῖν</span> <span class='ocrx_word' id='word_1_674' title='bbox 3293 2118 3430 2190; x_wconf 77' lang='grc' dir='ltr'>ὑπὲρ</span> <span class='ocrx_word' id='word_1_675' title='bbox 3465 2115 3647 2170; x_wconf 77' lang='grc' dir='ltr'>αὐτῶν</span> 
     </span>
    </p>
   </div>
   <div class='ocr_carea' id='block_1_90' title="bbox 2062 2206 3642 2280">
    <p class='ocr_par' dir='ltr' id='par_1_90' title="bbox 2062 2206 3642 2280">
     <span class='ocr_line' id='line_1_90' title="bbox 2062 2206 3642 2280; baseline -0.003 -18"><span class='ocrx_word' id='word_1_676' title='bbox 2062 2207 2348 2277; x_wconf 85' lang='grc' dir='ltr'>διηνεκῶς,</span> <span class='ocrx_word' id='word_1_677' title='bbox 2373 2209 2652 2263; x_wconf 71' lang='grc' dir='ltr'>καὶταῦτα</span> <span class='ocrx_word' id='word_1_678' title='bbox 2675 2209 2748 2280; x_wconf 84' lang='grc' dir='ltr'>μὴ</span> <span class='ocrx_word' id='word_1_679' title='bbox 2779 2208 3113 2280; x_wconf 83' lang='grc' dir='ltr'>μεριμνῶντι</span> <span class='ocrx_word' id='word_1_680' title='bbox 3139 2208 3271 2280; x_wconf 80' lang='grc' dir='ltr'>μηδέ</span> <span class='ocrx_word' id='word_1_681' title='bbox 3285 2206 3642 2278; x_wconf 79' lang='grc' dir='ltr'>φροντίζοντι.</span> 
     </span>
    </p>
   </div>
   <div class='ocr_carea' id='block_1_91' title="bbox 2062 2293 3642 2366">
    <p class='ocr_par' dir='ltr' id='par_1_91' title="bbox 2062 2293 3642 2366">
     <span class='ocr_line' id='line_1_91' title="bbox 2062 2293 3642 2366; baseline -0.002 -18"><span class='ocrx_word' id='word_1_682' title='bbox 2062 2294 2124 2348; x_wconf 84' lang='lat' dir='ltr'><strong>EI</strong></span> <span class='ocrx_word' id='word_1_683' title='bbox 2147 2295 2220 2359; x_wconf 85' lang='grc' dir='ltr'>δ’,</span> <span class='ocrx_word' id='word_1_684' title='bbox 2255 2295 2336 2349; x_wconf 84' lang='grc' dir='ltr'>ὃτι</span> <span class='ocrx_word' id='word_1_685' title='bbox 2369 2297 2508 2366; x_wconf 82' lang='grc' dir='ltr'>μετὰ</span> <span class='ocrx_word' id='word_1_686' title='bbox 2538 2297 2648 2350; x_wconf 85' lang='grc' dir='ltr'>τῶν</span> <span class='ocrx_word' id='word_1_687' title='bbox 2674 2296 2849 2350; x_wconf 86' lang='grc' dir='ltr'>ἄλλων</span> <span class='ocrx_word' id='word_1_688' title='bbox 2875 2295 3165 2359; x_wconf 86' lang='grc' dir='ltr'>ἀπολαύεις</span> <span class='ocrx_word' id='word_1_689' title='bbox 3198 2294 3398 2358; x_wconf 74' lang='grc' dir='ltr'>αὐτῶν,</span> <span class='ocrx_word' id='word_1_690' title='bbox 3437 2293 3642 2362; x_wconf 84' lang='grc' dir='ltr'>ἀλγεῖς,</span> 
     </span>
    </p>
   </div>
   <div class='ocr_carea' id='block_1_92' title="bbox 2063 2381 3640 2455">
    <p class='ocr_par' dir='ltr' id='par_1_92' title="bbox 2063 2381 3640 2455">
     <span class='ocr_line' id='line_1_92' title="bbox 2063 2381 3640 2455; baseline -0.002 -19"><span class='ocrx_word' id='word_1_691' title='bbox 2063 2385 2157 2437; x_wconf 79' lang='grc' dir='ltr'>καὶ</span> <span class='ocrx_word' id='word_1_692' title='bbox 2188 2383 2264 2455; x_wconf 83' lang='grc' dir='ltr'>μὴ</span> <span class='ocrx_word' id='word_1_693' title='bbox 2288 2383 2448 2454; x_wconf 90' lang='grc' dir='ltr'>μόνος</span> <span class='ocrx_word' id='word_1_694' title='bbox 2482 2383 2621 2438; x_wconf 84' lang='grc' dir='ltr'>αύτά</span> <span class='ocrx_word' id='word_1_695' title='bbox 2649 2384 2901 2454; x_wconf 87' lang='grc' dir='ltr'>κατέχεις</span> <span class='ocrx_word' id='word_1_696' title='bbox 2926 2383 3116 2455; x_wconf 84' lang='grc' dir='ltr'>ὥσπερ</span> <span class='ocrx_word' id='word_1_697' title='bbox 3162 2383 3230 2436; x_wconf 86' lang='grc' dir='ltr'>τά</span> <span class='ocrx_word' id='word_1_698' title='bbox 3275 2382 3553 2452; x_wconf 81' lang='grc' dir='ltr'>χρήματα,</span> <span class='ocrx_word' id='word_1_699' title='bbox 3579 2381 3640 2433; x_wconf 80' lang='grc' dir='ltr'>οὐ</span> 
     </span>
    </p>
   </div>
   <div class='ocr_carea' id='block_1_93' title="bbox 2061 2471 3636 2544">
    <p class='ocr_par' dir='ltr' id='par_1_93' title="bbox 2061 2471 3636 2544">
     <span class='ocr_line' id='line_1_93' title="bbox 2061 2471 3636 2544; baseline -0.001 -17"><span class='ocrx_word' id='word_1_700' title='bbox 2061 2473 2383 2543; x_wconf 86' lang='grc' dir='ltr'>χρημάτων,</span> <span class='ocrx_word' id='word_1_701' title='bbox 2411 2473 2548 2528; x_wconf 90' lang='grc' dir='ltr'>ἀλλά</span> <span class='ocrx_word' id='word_1_702' title='bbox 2579 2473 2894 2539; x_wconf 84' lang='grc' dir='ltr'>π)εονεξίας</span> <span class='ocrx_word' id='word_1_703' title='bbox 2929 2491 3017 2544; x_wconf 91' lang='grc' dir='ltr'>μοι</span> <span class='ocrx_word' id='word_1_704' title='bbox 3045 2473 3222 2536; x_wconf 84' lang='grc' dir='ltr'>δοκεῖς</span> <span class='ocrx_word' id='word_1_705' title='bbox 3265 2472 3396 2542; x_wconf 78' lang='grc' dir='ltr'>ἐρᾷν</span> <span class='ocrx_word' id='word_1_706' title='bbox 3451 2471 3636 2542; x_wconf 87' lang='grc' dir='ltr'>μόνης.</span> 
     </span>
    </p>
   </div>
   <div class='ocr_carea' id='block_1_94' title="bbox 2061 2559 3640 2632">
    <p class='ocr_par' dir='ltr' id='par_1_94' title="bbox 2061 2559 3640 2632">
     <span class='ocr_line' id='line_1_94' title="bbox 2061 2559 3640 2632; baseline 0 -21"><span class='ocrx_word' id='word_1_707' title='bbox 2061 2559 2172 2612; x_wconf 83' lang='lat' dir='ltr'>Kal</span> <span class='ocrx_word' id='word_1_708' title='bbox 2193 2560 2314 2614; x_wconf 79' lang='grc' dir='ltr'>οὐδὲ</span> <span class='ocrx_word' id='word_1_709' title='bbox 2353 2560 2422 2614; x_wconf 82' lang='grc' dir='ltr'>τὰ</span> <span class='ocrx_word' id='word_1_710' title='bbox 2470 2562 2734 2632; x_wconf 78' lang='grc' dir='ltr'>χρήματα</span> <span class='ocrx_word' id='word_1_711' title='bbox 2790 2563 3054 2632; x_wconf 88' lang='grc' dir='ltr'>ἐφίλησας</span> <span class='ocrx_word' id='word_1_712' title='bbox 3083 2559 3169 2624; x_wconf 79' lang='grc' dir='ltr'>ἂν,</span> <span class='ocrx_word' id='word_1_713' title='bbox 3203 2562 3251 2612; x_wconf 78' lang='grc' dir='ltr'>εἰ</span> <span class='ocrx_word' id='word_1_714' title='bbox 3282 2559 3435 2614; x_wconf 84' lang='grc' dir='ltr'>κοινά</span> <span class='ocrx_word' id='word_1_715' title='bbox 3465 2559 3640 2630; x_wconf 85' lang='grc' dir='ltr'>πρού-</span> 
     </span>
    </p>
   </div>
   <div class='ocr_carea' id='block_1_95' title="bbox 2059 2647 3638 2722">
    <p class='ocr_par' dir='ltr' id='par_1_95' title="bbox 2059 2647 3638 2722">
     <span class='ocr_line' id='line_1_95' title="bbox 2059 2647 3638 2722; baseline -0.001 -22"><span class='ocrx_word' id='word_1_716' title='bbox 2059 2664 2213 2700; x_wconf 89' lang='grc' dir='ltr'>κειτο</span> <span class='ocrx_word' id='word_1_717' title='bbox 2267 2649 2436 2702; x_wconf 79' lang='grc' dir='ltr'>πᾶσιν</span> <span class='ocrx_word' id='word_1_718' title='bbox 2492 2647 2665 2722; x_wconf 74' lang='lat'>[209].</span> <span class='ocrx_word' id='word_1_719' title='bbox 2721 2648 2931 2703; x_wconf 80' lang='grc' dir='ltr'>Οὐκοῦν</span> <span class='ocrx_word' id='word_1_720' title='bbox 2973 2648 3162 2720; x_wconf 81' lang='grc' dir='ltr'>ἐπειδὴ</span> <span class='ocrx_word' id='word_1_721' title='bbox 3202 2649 3300 2718; x_wconf 82' lang='grc' dir='ltr'>τὴν</span> <span class='ocrx_word' id='word_1_722' title='bbox 3353 2647 3638 2719; x_wconf 82' lang='grc' dir='ltr'>ἐρωμένην</span> 
     </span>
    </p>
   </div>
   <div class='ocr_carea' id='block_1_96' title="bbox 2057 2734 3634 2808">
    <p class='ocr_par' dir='ltr' id='par_1_96' title="bbox 2057 2734 3634 2808">
     <span class='ocr_line' id='line_1_96' title="bbox 2057 2734 3634 2808; baseline 0 -23"><span class='ocrx_word' id='word_1_723' title='bbox 2057 2734 2397 2805; x_wconf 81' lang='grc' dir='ltr'>εὑρήκαμεν,</span> <span class='ocrx_word' id='word_1_724' title='bbox 2455 2736 2554 2808; x_wconf 79' lang='grc' dir='ltr'>τὴν</span> <span class='ocrx_word' id='word_1_725' title='bbox 2602 2736 2916 2804; x_wconf 86' lang='grc' dir='ltr'>πλεονεξίαν</span> <span class='ocrx_word' id='word_1_726' title='bbox 2961 2736 3124 2804; x_wconf 87' lang='grc' dir='ltr'>λέγω,</span> <span class='ocrx_word' id='word_1_727' title='bbox 3179 2737 3310 2806; x_wconf 82' lang='grc' dir='ltr'>φέρε</span> <span class='ocrx_word' id='word_1_728' title='bbox 3345 2752 3428 2788; x_wconf 89' lang='grc' dir='ltr'>σοι</span> <span class='ocrx_word' id='word_1_729' title='bbox 3456 2735 3634 2800; x_wconf 81' lang='grc' dir='ltr'>δείξω,</span> 
     </span>
    </p>
   </div>
   <div class='ocr_carea' id='block_1_97' title="bbox 2057 2820 3638 2895">
    <p class='ocr_par' dir='ltr' id='par_1_97' title="bbox 2057 2820 3638 2895">
     <span class='ocr_line' id='line_1_97' title="bbox 2057 2820 3638 2895; baseline 0.001 -23"><span class='ocrx_word' id='word_1_730' title='bbox 2057 2821 2175 2884; x_wconf 89' lang='grc' dir='ltr'>πῶς</span> <span class='ocrx_word' id='word_1_731' title='bbox 2206 2839 2263 2874; x_wconf 92' lang='grc' dir='ltr'>σε</span> <span class='ocrx_word' id='word_1_732' title='bbox 2305 2826 2458 2892; x_wconf 88' lang='grc' dir='ltr'>μισεῖ</span> <span class='ocrx_word' id='word_1_733' title='bbox 2489 2821 2629 2895; x_wconf 77' lang='grc' dir='ltr'>αὕτη</span> <span class='ocrx_word' id='word_1_734' title='bbox 2681 2825 2776 2877; x_wconf 78' lang='lat' dir='ltr'><strong><em>xal</em></strong></span> <span class='ocrx_word' id='word_1_735' title='bbox 2822 2823 3249 2894; x_wconf 84' lang='grc' dir='ltr'>ἀποστρέφεται,</span> <span class='ocrx_word' id='word_1_736' title='bbox 3311 2822 3454 2875; x_wconf 83' lang='grc' dir='ltr'>πόσα</span> <span class='ocrx_word' id='word_1_737' title='bbox 3482 2820 3638 2891; x_wconf 82' lang='grc' dir='ltr'>θήγει</span> 
     </span>
    </p>
   </div>
   <div class='ocr_carea' id='block_1_98' title="bbox 2055 2910 3638 2986">
    <p class='ocr_par' dir='ltr' id='par_1_98' title="bbox 2055 2910 3638 2986">
     <span class='ocr_line' id='line_1_98' title="bbox 2055 2910 3638 2986; baseline 0.001 -24"><span class='ocrx_word' id='word_1_738' title='bbox 2055 2911 2197 2963; x_wconf 83' lang='grc' dir='ltr'>κατά</span> <span class='ocrx_word' id='word_1_739' title='bbox 2225 2910 2318 2964; x_wconf 89' lang='grc' dir='ltr'>σοῦ</span> <span class='ocrx_word' id='word_1_740' title='bbox 2351 2912 2499 2984; x_wconf 86' lang='grc' dir='ltr'>ξίφη,</span> <span class='ocrx_word' id='word_1_741' title='bbox 2527 2914 2670 2968; x_wconf 89' lang='grc' dir='ltr'>πόσα</span> <span class='ocrx_word' id='word_1_742' title='bbox 2706 2913 2921 2986; x_wconf 81' lang='grc' dir='ltr'>ὀρύττει</span> <span class='ocrx_word' id='word_1_743' title='bbox 2958 2913 3229 2984; x_wconf 87' lang='grc' dir='ltr'>βάραθρα,</span> <span class='ocrx_word' id='word_1_744' title='bbox 3255 2913 3454 2974; x_wconf 77' lang='grc' dir='ltr'>πόσους</span> <span class='ocrx_word' id='word_1_745' title='bbox 3506 2911 3638 2964; x_wconf 86' lang='grc' dir='ltr'>ἀνά-</span> 
     </span>
    </p>
   </div>
   <div class='ocr_carea' id='block_1_99' title="bbox 2053 2997 3635 3072">
    <p class='ocr_par' dir='ltr' id='par_1_99' title="bbox 2053 2997 3635 3072">
     <span class='ocr_line' id='line_1_99' title="bbox 2053 2997 3635 3072; baseline 0.002 -22"><span class='ocrx_word' id='word_1_746' title='bbox 2053 3015 2173 3050; x_wconf 86' lang='grc' dir='ltr'>πτει</span> <span class='ocrx_word' id='word_1_747' title='bbox 2204 2997 2451 3069; x_wconf 83' lang='grc' dir='ltr'>βρόχους,</span> <span class='ocrx_word' id='word_1_748' title='bbox 2499 3001 2700 3064; x_wconf 84' lang='grc' dir='ltr'>πόσους</span> <span class='ocrx_word' id='word_1_749' title='bbox 2752 3000 3162 3072; x_wconf 77' lang='grc' dir='ltr'>παρασκευάζει</span> <span class='ocrx_word' id='word_1_750' title='bbox 3207 3000 3503 3072; x_wconf 88' lang='grc' dir='ltr'>κρημνούς·</span> <span class='ocrx_word' id='word_1_751' title='bbox 3549 2999 3635 3053; x_wconf 84' lang='grc' dir='ltr'>ἵνα</span> 
     </span>
    </p>
   </div>
   <div class='ocr_carea' id='block_1_100' title="bbox 2053 3085 3630 3161">
    <p class='ocr_par' dir='ltr' id='par_1_100' title="bbox 2053 3085 3630 3161">
     <span class='ocr_line' id='line_1_100' title="bbox 2053 3085 3630 3161; baseline 0.001 -20"><span class='ocrx_word' id='word_1_752' title='bbox 2053 3087 2156 3142; x_wconf 82' lang='grc' dir='ltr'>κᾶν</span> <span class='ocrx_word' id='word_1_753' title='bbox 2184 3087 2324 3140; x_wconf 78' lang='grc' dir='ltr'>οὕτω</span> <span class='ocrx_word' id='word_1_754' title='bbox 2357 3089 2556 3161; x_wconf 84' lang='grc' dir='ltr'>σϐέσῃς</span> <span class='ocrx_word' id='word_1_755' title='bbox 2585 3091 2644 3144; x_wconf 87' lang='grc' dir='ltr'>τὸ</span> <span class='ocrx_word' id='word_1_756' title='bbox 2671 3091 2913 3161; x_wconf 87' lang='grc' dir='ltr'>φίλτρον.</span> <span class='ocrx_word' id='word_1_757' title='bbox 2948 3090 3116 3142; x_wconf 86' lang='grc' dir='ltr'>Πόθεν</span> <span class='ocrx_word' id='word_1_758' title='bbox 3164 3085 3255 3142; x_wconf 77' lang='grc' dir='ltr'>οὖν</span> <span class='ocrx_word' id='word_1_759' title='bbox 3305 3089 3420 3142; x_wconf 78' lang='grc' dir='ltr'>ἐστι</span> <span class='ocrx_word' id='word_1_760' title='bbox 3454 3087 3630 3142; x_wconf 85' lang='grc' dir='ltr'>ταῦτα</span> 
     </span>
    </p>
   </div>
   <div class='ocr_carea' id='block_1_101' title="bbox 2051 3175 3633 3246">
    <p class='ocr_par' dir='ltr' id='par_1_101' title="bbox 2051 3175 3633 3246">
     <span class='ocr_line' id='line_1_101' title="bbox 2051 3175 3633 3246; baseline 0.001 -18"><span class='ocrx_word' id='word_1_761' title='bbox 2051 3176 2282 3242; x_wconf 82' lang='grc' dir='ltr'>είδέναι;</span> <span class='ocrx_word' id='word_1_762' title='bbox 2327 3176 2458 3229; x_wconf 74' lang='grc' dir='ltr'>Ἀπὸ</span> <span class='ocrx_word' id='word_1_763' title='bbox 2497 3178 2606 3232; x_wconf 90' lang='grc' dir='ltr'>τῶν</span> <span class='ocrx_word' id='word_1_764' title='bbox 2639 3177 2792 3243; x_wconf 80' lang='grc' dir='ltr'>ὁδῶν,</span> <span class='ocrx_word' id='word_1_765' title='bbox 2821 3177 2933 3230; x_wconf 78' lang='grc' dir='ltr'>ἀπὸ</span> <span class='ocrx_word' id='word_1_766' title='bbox 2959 3176 3068 3228; x_wconf 86' lang='grc' dir='ltr'>τῶν</span> <span class='ocrx_word' id='word_1_767' title='bbox 3092 3177 3366 3246; x_wconf 86' lang='grc' dir='ltr'>πολέμων,</span> <span class='ocrx_word' id='word_1_768' title='bbox 3401 3175 3511 3230; x_wconf 76' lang='grc' dir='ltr'>ἀπὸ</span> <span class='ocrx_word' id='word_1_769' title='bbox 3533 3175 3633 3246; x_wconf 80' lang='grc' dir='ltr'>τῆς</span> 
     </span>
    </p>
   </div>
   <div class='ocr_carea' id='block_1_102' title="bbox 2051 3261 3633 3334">
    <p class='ocr_par' dir='ltr' id='par_1_102' title="bbox 2051 3261 3633 3334">
     <span class='ocr_line' id='line_1_102' title="bbox 2051 3261 3633 3334; baseline -0.001 -20"><span class='ocrx_word' id='word_1_770' title='bbox 2051 3261 2344 3332; x_wconf 79' lang='grc' dir='ltr'>θαλάττης,</span> <span class='ocrx_word' id='word_1_771' title='bbox 2373 3262 2483 3315; x_wconf 81' lang='grc' dir='ltr'>ἀπὸ</span> <span class='ocrx_word' id='word_1_772' title='bbox 2531 3262 2640 3315; x_wconf 88' lang='grc' dir='ltr'>τῶν</span> <span class='ocrx_word' id='word_1_773' title='bbox 2689 3262 3077 3334; x_wconf 85' lang='grc' dir='ltr'>δικαστηρίων.</span> <span class='ocrx_word' id='word_1_774' title='bbox 3129 3262 3239 3314; x_wconf 89' lang='lat' dir='ltr'>Kal</span> <span class='ocrx_word' id='word_1_775' title='bbox 3285 3262 3394 3333; x_wconf 88' lang='grc' dir='ltr'>γάρ</span> <span class='ocrx_word' id='word_1_776' title='bbox 3444 3263 3536 3314; x_wconf 72' lang='grc' dir='ltr'>καὶ</span> <span class='ocrx_word' id='word_1_777' title='bbox 3573 3261 3633 3313; x_wconf 84' lang='grc' dir='ltr'>τὸ</span> 
     </span>
    </p>
   </div>
   <div class='ocr_carea' id='block_1_103' title="bbox 2050 3345 3632 3417">
    <p class='ocr_par' dir='ltr' id='par_1_103' title="bbox 2050 3345 3632 3417">
     <span class='ocr_line' id='line_1_103' title="bbox 2050 3345 3632 3417; baseline -0.002 -18"><span class='ocrx_word' id='word_1_778' title='bbox 2050 3347 2285 3414; x_wconf 86' lang='grc' dir='ltr'>πέλαγος</span> <span class='ocrx_word' id='word_1_779' title='bbox 2346 3348 2597 3417; x_wconf 76' lang='grc' dir='ltr'>αἱμάτων</span> <span class='ocrx_word' id='word_1_780' title='bbox 2639 3346 2924 3417; x_wconf 85' lang='grc' dir='ltr'>ἐνέπλησε,</span> <span class='ocrx_word' id='word_1_781' title='bbox 2973 3346 3068 3399; x_wconf 75' lang='grc' dir='ltr'>καὶ</span> <span class='ocrx_word' id='word_1_782' title='bbox 3103 3345 3172 3398; x_wconf 84' lang='grc' dir='ltr'>τὰ</span> <span class='ocrx_word' id='word_1_783' title='bbox 3213 3346 3322 3398; x_wconf 87' lang='grc' dir='ltr'>τῶν</span> <span class='ocrx_word' id='word_1_784' title='bbox 3363 3345 3632 3398; x_wconf 86' lang='grc' dir='ltr'>δικαστῶν</span> 
     </span>
    </p>
   </div>
   <div class='ocr_carea' id='block_1_104' title="bbox 2051 3428 3632 3501">
    <p class='ocr_par' dir='ltr' id='par_1_104' title="bbox 2051 3428 3632 3501">
     <span class='ocr_line' id='line_1_104' title="bbox 2051 3428 3632 3501; baseline -0.001 -19"><span class='ocrx_word' id='word_1_785' title='bbox 2051 3432 2317 3499; x_wconf 86' lang='grc' dir='ltr'>φοινίσσει</span> <span class='ocrx_word' id='word_1_786' title='bbox 2370 3430 2498 3500; x_wconf 82' lang='grc' dir='ltr'>ξίφη</span> <span class='ocrx_word' id='word_1_787' title='bbox 2548 3430 2882 3501; x_wconf 89' lang='grc' dir='ltr'>παρανόμως</span> <span class='ocrx_word' id='word_1_788' title='bbox 2915 3429 3194 3496; x_wconf 84' lang='grc' dir='ltr'>πολλάκις,</span> <span class='ocrx_word' id='word_1_789' title='bbox 3226 3431 3321 3481; x_wconf 78' lang='grc' dir='ltr'>καὶ</span> <span class='ocrx_word' id='word_1_790' title='bbox 3354 3428 3477 3492; x_wconf 77' lang='grc' dir='ltr'>τοὺς</span> <span class='ocrx_word' id='word_1_791' title='bbox 3511 3430 3632 3490; x_wconf 86' lang='grc' dir='ltr'>ταῖς</span> 
     </span>
    </p>
   </div>
   <div class='ocr_carea' id='block_1_105' title="bbox 2048 3510 3630 3584">
    <p class='ocr_par' dir='ltr' id='par_1_105' title="bbox 2048 3510 3630 3584">
     <span class='ocr_line' id='line_1_105' title="bbox 2048 3510 3630 3584; baseline -0.003 -18"><span class='ocrx_word' id='word_1_792' title='bbox 2048 3514 2181 3576; x_wconf 82' lang='grc' dir='ltr'>ὁδοῖς</span> <span class='ocrx_word' id='word_1_793' title='bbox 2216 3512 2604 3584; x_wconf 80' lang='grc' dir='ltr'>ἐφεδρεύοντας</span> <span class='ocrx_word' id='word_1_794' title='bbox 2642 3512 2858 3583; x_wconf 87' lang='grc' dir='ltr'>νύκτωρ</span> <span class='ocrx_word' id='word_1_795' title='bbox 2895 3515 2986 3565; x_wconf 75' lang='grc' dir='ltr'>καὶ</span> <span class='ocrx_word' id='word_1_796' title='bbox 3015 3512 3133 3583; x_wconf 82' lang='grc' dir='ltr'>μεθ’</span> <span class='ocrx_word' id='word_1_797' title='bbox 3182 3511 3394 3583; x_wconf 78' lang='grc' dir='ltr'>ἡμέραν</span> <span class='ocrx_word' id='word_1_798' title='bbox 3420 3510 3630 3575; x_wconf 79' lang='grc' dir='ltr'>ὁπλίζει</span> 
     </span>
    </p>
   </div>
   <div class='ocr_carea' id='block_1_106' title="bbox 2047 3593 3629 3667">
    <p class='ocr_par' dir='ltr' id='par_1_106' title="bbox 2047 3593 3629 3667">
     <span class='ocr_line' id='line_1_106' title="bbox 2047 3593 3629 3667; baseline -0.004 -16"><span class='ocrx_word' id='word_1_799' title='bbox 2047 3596 2329 3667; x_wconf 74' lang='grc' dir='ltr'>αὖτη,καὶ</span> <span class='ocrx_word' id='word_1_800' title='bbox 2381 3597 2542 3665; x_wconf 86' lang='grc' dir='ltr'>φύσιν</span> <span class='ocrx_word' id='word_1_801' title='bbox 2585 3596 2851 3665; x_wconf 85' lang='grc' dir='ltr'>ἀγνοῆσαι</span> <span class='ocrx_word' id='word_1_802' title='bbox 2889 3597 3098 3661; x_wconf 79' lang='grc' dir='ltr'>ἔπεισε,</span> <span class='ocrx_word' id='word_1_803' title='bbox 3153 3595 3247 3648; x_wconf 73' lang='grc' dir='ltr'>καὶ</span> <span class='ocrx_word' id='word_1_804' title='bbox 3300 3593 3629 3665; x_wconf 82' lang='grc' dir='ltr'>πατραλοίας</span> 
     </span>
    </p>
   </div>
   <div class='ocr_carea' id='block_1_107' title="bbox 2047 3676 3628 3750">
    <p class='ocr_par' dir='ltr' id='par_1_107' title="bbox 2047 3676 3628 3750">
     <span class='ocr_line' id='line_1_107' title="bbox 2047 3676 3628 3750; baseline -0.001 -18"><span class='ocrx_word' id='word_1_805' title='bbox 2047 3680 2269 3750; x_wconf 88' lang='grc' dir='ltr'>ἐποίησε</span> <span class='ocrx_word' id='word_1_806' title='bbox 2289 3680 2381 3732; x_wconf 78' lang='grc' dir='ltr'>καὶ</span> <span class='ocrx_word' id='word_1_807' title='bbox 2421 3679 2778 3750; x_wconf 85' lang='grc' dir='ltr'>μητραλοίας,</span> <span class='ocrx_word' id='word_1_808' title='bbox 2826 3680 2922 3733; x_wconf 80' lang='grc' dir='ltr'>καὶ</span> <span class='ocrx_word' id='word_1_809' title='bbox 2963 3681 3140 3734; x_wconf 87' lang='grc' dir='ltr'>πάντα</span> <span class='ocrx_word' id='word_1_810' title='bbox 3179 3679 3519 3749; x_wconf 82' lang='grc' dir='ltr'>ἐπεισήγαγε</span> <span class='ocrx_word' id='word_1_811' title='bbox 3550 3676 3628 3748; x_wconf 81' lang='grc' dir='ltr'>τῷ</span> 
     </span>
    </p>
   </div>
   <div class='ocr_carea' id='block_1_108' title="bbox 2048 3763 2434 3835">
    <p class='ocr_par' dir='ltr' id='par_1_108' title="bbox 2048 3763 2434 3835">
     <span class='ocr_line' id='line_1_108' title="bbox 2048 3763 2434 3835; baseline 0.005 -19"><span class='ocrx_word' id='word_1_812' title='bbox 2048 3763 2149 3835; x_wconf 86' lang='grc' dir='ltr'>βίῳ</span> <span class='ocrx_word' id='word_1_813' title='bbox 2180 3764 2248 3818; x_wconf 83' lang='grc' dir='ltr'>τά</span> <span class='ocrx_word' id='word_1_814' title='bbox 2271 3765 2434 3818; x_wconf 89' lang='grc' dir='ltr'>κακά.</span> 
     </span>
    </p>
   </div>
   <div class='ocr_carea' id='block_1_109' title="bbox 2113 3844 3621 3917">
    <p class='ocr_par' dir='ltr' id='par_1_109' title="bbox 2113 3844 3621 3917">
     <span class='ocr_line' id='line_1_109' title="bbox 2113 3844 3621 3917; baseline -0.002 -17"><span class='ocrx_word' id='word_1_815' title='bbox 2113 3846 2203 3900; x_wconf 88' lang='grc' dir='ltr'>Διὸ</span> <span class='ocrx_word' id='word_1_816' title='bbox 2264 3847 2359 3901; x_wconf 78' lang='grc' dir='ltr'>καὶ</span> <span class='ocrx_word' id='word_1_817' title='bbox 2398 3847 2555 3917; x_wconf 75' lang='grc' dir='ltr'>ῥίζαν</span> <span class='ocrx_word' id='word_1_818' title='bbox 2601 3846 2781 3899; x_wconf 80' lang='grc' dir='ltr'>αὐτῶν</span> <span class='ocrx_word' id='word_1_819' title='bbox 2832 3847 2860 3899; x_wconf 89' lang='grc' dir='ltr'>ό</span> <span class='ocrx_word' id='word_1_820' title='bbox 2922 3845 3136 3910; x_wconf 88' lang='grc' dir='ltr'>Παῦλος</span> <span class='ocrx_word' id='word_1_821' title='bbox 3195 3846 3396 3910; x_wconf 79' lang='grc' dir='ltr'>ταύτην</span> <span class='ocrx_word' id='word_1_822' title='bbox 3446 3844 3621 3898; x_wconf 88' lang='grc' dir='ltr'>καλεῖ.</span> 
     </span>
    </p>
   </div>
   <div class='ocr_carea' id='block_1_110' title="bbox 2043 3928 3619 4002">
    <p class='ocr_par' dir='ltr' id='par_1_110' title="bbox 2043 3928 3619 4002">
     <span class='ocr_line' id='line_1_110' title="bbox 2043 3928 3619 4002; baseline -0.004 -16"><span class='ocrx_word' id='word_1_823' title='bbox 2043 3929 2192 4002; x_wconf 76' lang='grc' dir='ltr'>Αὕτη</span> <span class='ocrx_word' id='word_1_824' title='bbox 2221 3932 2347 3994; x_wconf 81' lang='grc' dir='ltr'>τοὺς</span> <span class='ocrx_word' id='word_1_825' title='bbox 2393 3930 2564 4000; x_wconf 83' lang='grc' dir='ltr'>αὐτῆς</span> <span class='ocrx_word' id='word_1_826' title='bbox 2593 3929 2834 4000; x_wconf 76' lang='grc' dir='ltr'>ἐραστὰς</span> <span class='ocrx_word' id='word_1_827' title='bbox 2865 3929 2971 3982; x_wconf 88' lang='grc' dir='ltr'>τῶν</span> <span class='ocrx_word' id='word_1_828' title='bbox 3003 3930 3072 3982; x_wconf 86' lang='grc' dir='ltr'>τά</span> <span class='ocrx_word' id='word_1_829' title='bbox 3107 3928 3350 3999; x_wconf 87' lang='grc' dir='ltr'>μέταλλα</span> <span class='ocrx_word' id='word_1_830' title='bbox 3390 3928 3619 3996; x_wconf 81' lang='grc' dir='ltr'>ἐργαζο-</span> 
     </span>
    </p>
   </div>
   <div class='ocr_carea' id='block_1_111' title="bbox 2046 4010 3629 4084">
    <p class='ocr_par' dir='ltr' id='par_1_111' title="bbox 2046 4010 3629 4084">
     <span class='ocr_line' id='line_1_111' title="bbox 2046 4010 3629 4084; baseline -0.002 -20"><span class='ocrx_word' id='word_1_831' title='bbox 2046 4013 2224 4084; x_wconf 86' lang='grc' dir='ltr'>μένων</span> <span class='ocrx_word' id='word_1_832' title='bbox 2255 4013 2405 4067; x_wconf 82' lang='grc' dir='ltr'>ούδέν</span> <span class='ocrx_word' id='word_1_833' title='bbox 2455 4014 2678 4082; x_wconf 86' lang='grc' dir='ltr'>ἄμεινον</span> <span class='ocrx_word' id='word_1_834' title='bbox 2733 4013 2925 4082; x_wconf 87' lang='grc' dir='ltr'>ἀφίησι</span> <span class='ocrx_word' id='word_1_835' title='bbox 2985 4012 3309 4066; x_wconf 86' lang='grc' dir='ltr'>διακεῖσθαι.</span> <span class='ocrx_word' id='word_1_836' title='bbox 3355 4010 3629 4081; x_wconf 79' lang='grc' dir='ltr'>Καθάπερ</span> 
     </span>
    </p>
   </div>
   <div class='ocr_carea' id='block_1_112' title="bbox 2041 4093 3622 4167">
    <p class='ocr_par' dir='ltr' id='par_1_112' title="bbox 2041 4093 3622 4167">
     <span class='ocr_line' id='line_1_112' title="bbox 2041 4093 3622 4167; baseline -0.003 -18"><span class='ocrx_word' id='word_1_837' title='bbox 2041 4097 2149 4166; x_wconf 87' lang='grc' dir='ltr'>γάρ</span> <span class='ocrx_word' id='word_1_838' title='bbox 2175 4097 2370 4148; x_wconf 87' lang='grc' dir='ltr'>ἐκεῖνοι</span> <span class='ocrx_word' id='word_1_839' title='bbox 2407 4095 2668 4166; x_wconf 85' lang='grc' dir='ltr'>διηνεκῶς</span> <span class='ocrx_word' id='word_1_840' title='bbox 2701 4097 2758 4149; x_wconf 85' lang='grc' dir='ltr'>ἐν</span> <span class='ocrx_word' id='word_1_841' title='bbox 2783 4096 2959 4167; x_wconf 85' lang='grc' dir='ltr'>σκότῳ</span> <span class='ocrx_word' id='word_1_842' title='bbox 2989 4093 3506 4164; x_wconf 83' lang='grc' dir='ltr'>κατακεκλεισμένοι</span> <span class='ocrx_word' id='word_1_843' title='bbox 3529 4095 3622 4146; x_wconf 77' lang='grc' dir='ltr'>καὶ</span> 
     </span>
    </p>
   </div>
   <div class='ocr_carea' id='block_1_113' title="bbox 2040 4173 3622 4250">
    <p class='ocr_par' dir='ltr' id='par_1_113' title="bbox 2040 4173 3622 4250">
     <span class='ocr_line' id='line_1_113' title="bbox 2040 4173 3622 4250; baseline -0.001 -20"><span class='ocrx_word' id='word_1_844' title='bbox 2040 4177 2312 4248; x_wconf 84' lang='grc' dir='ltr'>δεδεμένοι</span> <span class='ocrx_word' id='word_1_845' title='bbox 2343 4180 2596 4232; x_wconf 87' lang='grc' dir='ltr'>πονοῦσιν</span> <span class='ocrx_word' id='word_1_846' title='bbox 2632 4179 2868 4250; x_wconf 81' lang='grc' dir='ltr'>ἀνόνητα</span> <span class='ocrx_word' id='word_1_847' title='bbox 2891 4196 2902 4207; x_wconf 94' lang='grc'><strong>·</strong></span> <span class='ocrx_word' id='word_1_848' title='bbox 2940 4178 3081 4232; x_wconf 83' lang='grc' dir='ltr'>οῦτω</span> <span class='ocrx_word' id='word_1_849' title='bbox 3111 4180 3202 4232; x_wconf 74' lang='grc' dir='ltr'>καὶ</span> <span class='ocrx_word' id='word_1_850' title='bbox 3233 4173 3380 4232; x_wconf 82' lang='grc' dir='ltr'>οὗτοι</span> <span class='ocrx_word' id='word_1_851' title='bbox 3415 4177 3472 4229; x_wconf 88' lang='grc' dir='ltr'>ἐν</span> <span class='ocrx_word' id='word_1_852' title='bbox 3507 4179 3622 4240; x_wconf 78' lang='grc' dir='ltr'>τοῖς</span> 
     </span>
    </p>
   </div>
   <div class='ocr_carea' id='block_1_114' title="bbox 2043 4262 3622 4334">
    <p class='ocr_par' dir='ltr' id='par_1_114' title="bbox 2043 4262 3622 4334">
     <span class='ocr_line' id='line_1_114' title="bbox 2043 4262 3622 4334; baseline -0.002 -19"><span class='ocrx_word' id='word_1_853' title='bbox 2043 4263 2330 4332; x_wconf 89' lang='grc' dir='ltr'>σπηλαίοις</span> <span class='ocrx_word' id='word_1_854' title='bbox 2354 4263 2453 4333; x_wconf 86' lang='grc' dir='ltr'>τῆς</span> <span class='ocrx_word' id='word_1_855' title='bbox 2501 4263 2864 4334; x_wconf 89' lang='grc' dir='ltr'>φιλαργυρίας</span> <span class='ocrx_word' id='word_1_856' title='bbox 2925 4262 3433 4333; x_wconf 85' lang='grc' dir='ltr'>κατορωρυγμένοι,</span> <span class='ocrx_word' id='word_1_857' title='bbox 3471 4262 3622 4314; x_wconf 63' lang='grc' dir='ltr'>οὐδες</span> 
     </span>
    </p>
   </div>
   <div class='ocr_carea' id='block_1_115' title="bbox 2039 4345 3623 4418">
    <p class='ocr_par' dir='ltr' id='par_1_115' title="bbox 2039 4345 3623 4418">
     <span class='ocr_line' id='line_1_115' title="bbox 2039 4345 3623 4418; baseline 0 -20"><span class='ocrx_word' id='word_1_858' title='bbox 2039 4345 2129 4409; x_wconf 80' lang='grc' dir='ltr'>νὸς</span> <span class='ocrx_word' id='word_1_859' title='bbox 2154 4347 2336 4410; x_wconf 71' lang='grc' dir='ltr'>αὐτοῖς</span> <span class='ocrx_word' id='word_1_860' title='bbox 2394 4348 2641 4418; x_wconf 88' lang='grc' dir='ltr'>ἀνάγκην</span> <span class='ocrx_word' id='word_1_861' title='bbox 2686 4346 3038 4412; x_wconf 81' lang='grc' dir='ltr'>ἐπιτιθέντος,</span> <span class='ocrx_word' id='word_1_862' title='bbox 3071 4348 3368 4418; x_wconf 79' lang='grc' dir='ltr'>αὐτόματοι</span> <span class='ocrx_word' id='word_1_863' title='bbox 3403 4345 3503 4418; x_wconf 80' lang='grc' dir='ltr'>τὴν</span> <span class='ocrx_word' id='word_1_864' title='bbox 3527 4347 3623 4398; x_wconf 59' lang='grc' dir='ltr'>κός</span> 
     </span>
    </p>
   </div>
   <div class='ocr_carea' id='block_1_116' title="bbox 2039 4427 3620 4500">
    <p class='ocr_par' dir='ltr' id='par_1_116' title="bbox 2039 4427 3620 4500">
     <span class='ocr_line' id='line_1_116' title="bbox 2039 4427 3620 4500; baseline 0.001 -20"><span class='ocrx_word' id='word_1_865' title='bbox 2039 4427 2194 4483; x_wconf 91' lang='grc' dir='ltr'>λασιν</span> <span class='ocrx_word' id='word_1_866' title='bbox 2226 4430 2590 4491; x_wconf 84' lang='grc' dir='ltr'>ἐπισπῶνται,</span> <span class='ocrx_word' id='word_1_867' title='bbox 2628 4431 2843 4494; x_wconf 76' lang='grc' dir='ltr'>ἑαυτοῖς</span> <span class='ocrx_word' id='word_1_868' title='bbox 2875 4430 3107 4500; x_wconf 83' lang='grc' dir='ltr'>δεσμοὺς</span> <span class='ocrx_word' id='word_1_869' title='bbox 3131 4429 3448 4500; x_wconf 84' lang='grc' dir='ltr'>περιθέντες</span> <span class='ocrx_word' id='word_1_870' title='bbox 3482 4428 3620 4482; x_wconf 87' lang='grc' dir='ltr'>ἀλύ-.</span> 
     </span>
    </p>
   </div>
   <div class='ocr_carea' id='block_1_117' title="bbox 2037 4512 3621 4586">
    <p class='ocr_par' dir='ltr' id='par_1_117' title="bbox 2037 4512 3621 4586">
     <span class='ocr_line' id='line_1_117' title="bbox 2037 4512 3621 4586; baseline 0.001 -21"><span class='ocrx_word' id='word_1_871' title='bbox 2037 4527 2184 4576; x_wconf 88' lang='grc' dir='ltr'>τους.</span> <span class='ocrx_word' id='word_1_872' title='bbox 2209 4513 2321 4566; x_wconf 88' lang='lat' dir='ltr'>Kal</span> <span class='ocrx_word' id='word_1_873' title='bbox 2342 4515 2391 4566; x_wconf 82' lang='grc' dir='ltr'>οἱ</span> <span class='ocrx_word' id='word_1_874' title='bbox 2422 4515 2518 4585; x_wconf 81' lang='grc' dir='ltr'>μὲν</span> <span class='ocrx_word' id='word_1_875' title='bbox 2561 4513 2868 4576; x_wconf 85' lang='grc' dir='ltr'>κατάδικοι,</span> <span class='ocrx_word' id='word_1_876' title='bbox 2922 4513 3023 4569; x_wconf 83' lang='grc' dir='ltr'>κᾶν</span> <span class='ocrx_word' id='word_1_877' title='bbox 3085 4513 3323 4586; x_wconf 78' lang='grc' dir='ltr'>ἑσπέρας</span> <span class='ocrx_word' id='word_1_878' title='bbox 3371 4512 3621 4566; x_wconf 67' lang='grc' dir='ltr'>καταλιμ-</span> 
     </span>
    </p>
   </div>
   <div class='ocr_carea' id='block_1_118' title="bbox 2037 4593 3618 4668">
    <p class='ocr_par' dir='ltr' id='par_1_118' title="bbox 2037 4593 3618 4668">
     <span class='ocr_line' id='line_1_118' title="bbox 2037 4593 3618 4668; baseline -0.001 -17"><span class='ocrx_word' id='word_1_879' title='bbox 2037 4597 2239 4667; x_wconf 86' lang='grc' dir='ltr'>ϐούσης</span> <span class='ocrx_word' id='word_1_880' title='bbox 2271 4598 2513 4652; x_wconf 87' lang='grc' dir='ltr'>ἀνίενται</span> <span class='ocrx_word' id='word_1_881' title='bbox 2534 4597 2645 4650; x_wconf 87' lang='grc' dir='ltr'>τῶν</span> <span class='ocrx_word' id='word_1_882' title='bbox 2681 4598 2894 4668; x_wconf 83' lang='grc' dir='ltr'>μόχθων</span> <span class='ocrx_word' id='word_1_883' title='bbox 2914 4614 2927 4627; x_wconf 81' lang='lat'><strong><em>°</em></strong></span> <span class='ocrx_word' id='word_1_884' title='bbox 2961 4593 3107 4656; x_wconf 75' lang='grc' dir='ltr'>οὗτοι</span> <span class='ocrx_word' id='word_1_885' title='bbox 3133 4598 3189 4652; x_wconf 83' lang='grc' dir='ltr'>δὲ</span> <span class='ocrx_word' id='word_1_886' title='bbox 3216 4598 3313 4650; x_wconf 80' lang='grc' dir='ltr'>καὶ</span> <span class='ocrx_word' id='word_1_887' title='bbox 3337 4599 3396 4650; x_wconf 84' lang='grc' dir='ltr'>ὲν</span> <span class='ocrx_word' id='word_1_888' title='bbox 3432 4597 3618 4668; x_wconf 59' lang='grc' dir='ltr'>ἡμέρα</span> 
     </span>
    </p>
   </div>
   <div class='ocr_carea' id='block_1_119' title="bbox 2035 4682 3610 4755">
    <p class='ocr_par' dir='ltr' id='par_1_119' title="bbox 2035 4682 3610 4755">
     <span class='ocr_line' id='line_1_119' title="bbox 2035 4682 3610 4755; baseline -0.003 -17"><span class='ocrx_word' id='word_1_889' title='bbox 2035 4685 2131 4738; x_wconf 80' lang='grc' dir='ltr'>καὶ</span> <span class='ocrx_word' id='word_1_890' title='bbox 2157 4687 2214 4738; x_wconf 83' lang='grc' dir='ltr'>ἐν</span> <span class='ocrx_word' id='word_1_891' title='bbox 2239 4685 2394 4738; x_wconf 71' lang='grc' dir='ltr'>νυκτὶ</span> <span class='ocrx_word' id='word_1_892' title='bbox 2433 4682 2766 4755; x_wconf 84' lang='grc' dir='ltr'>διορύττουσι</span> <span class='ocrx_word' id='word_1_893' title='bbox 2795 4683 2863 4737; x_wconf 85' lang='grc' dir='ltr'>τὰ</span> <span class='ocrx_word' id='word_1_894' title='bbox 2900 4683 3111 4752; x_wconf 87' lang='grc' dir='ltr'>πονηρά</span> <span class='ocrx_word' id='word_1_895' title='bbox 3134 4683 3305 4739; x_wconf 80' lang='grc' dir='ltr'>ταῦτα</span> <span class='ocrx_word' id='word_1_896' title='bbox 3350 4682 3610 4752; x_wconf 63' lang='grc' dir='ltr'>μέταλλαν</span> 
     </span>
    </p>
   </div>
   <div class='ocr_carea' id='block_1_120' title="bbox 2036 4765 3614 4838">
    <p class='ocr_par' dir='ltr' id='par_1_120' title="bbox 2036 4765 3614 4838">
     <span class='ocr_line' id='line_1_120' title="bbox 2036 4765 3614 4838; baseline -0.001 -18"><span class='ocrx_word' id='word_1_897' title='bbox 2036 4769 2130 4821; x_wconf 73' lang='grc' dir='ltr'>καὶ</span> <span class='ocrx_word' id='word_1_898' title='bbox 2161 4771 2272 4831; x_wconf 85' lang='grc' dir='ltr'>τοῖς</span> <span class='ocrx_word' id='word_1_899' title='bbox 2308 4768 2407 4838; x_wconf 83' lang='grc' dir='ltr'>μὲν</span> <span class='ocrx_word' id='word_1_900' title='bbox 2434 4767 2631 4838; x_wconf 86' lang='grc' dir='ltr'>μέτρον</span> <span class='ocrx_word' id='word_1_901' title='bbox 2660 4769 2808 4820; x_wconf 83' lang='grc' dir='ltr'>ἐστὶν</span> <span class='ocrx_word' id='word_1_902' title='bbox 2849 4767 3154 4837; x_wconf 81' lang='grc' dir='ltr'>ὡρισμένον</span> <span class='ocrx_word' id='word_1_903' title='bbox 3202 4768 3299 4834; x_wconf 84' lang='grc' dir='ltr'>τῆς</span> <span class='ocrx_word' id='word_1_904' title='bbox 3335 4765 3614 4836; x_wconf 79' lang='grc' dir='ltr'>μοχθηρᾶς</span> 
     </span>
    </p>
   </div>
   <div class='ocr_carea' id='block_1_121' title="bbox 2035 4847 3610 4921">
    <p class='ocr_par' dir='ltr' id='par_1_121' title="bbox 2035 4847 3610 4921">
     <span class='ocr_line' id='line_1_121' title="bbox 2035 4847 3610 4921; baseline -0.003 -17"><span class='ocrx_word' id='word_1_905' title='bbox 2035 4851 2296 4921; x_wconf 85' lang='grc' dir='ltr'>ἐργασίας</span> <span class='ocrx_word' id='word_1_906' title='bbox 2318 4851 2554 4921; x_wconf 87' lang='grc' dir='ltr'>ἐκείνης,</span> <span class='ocrx_word' id='word_1_907' title='bbox 2583 4848 2806 4907; x_wconf 75' lang='grc' dir='ltr'>οὗτοιδέ</span> <span class='ocrx_word' id='word_1_908' title='bbox 2840 4849 3040 4920; x_wconf 87' lang='grc' dir='ltr'>μέτρον</span> <span class='ocrx_word' id='word_1_909' title='bbox 3055 4849 3208 4900; x_wconf 80' lang='grc' dir='ltr'>οὐδὲν</span> <span class='ocrx_word' id='word_1_910' title='bbox 3245 4849 3447 4910; x_wconf 73' lang='grc' dir='ltr'>ἴσασιν,</span> <span class='ocrx_word' id='word_1_911' title='bbox 3496 4847 3610 4900; x_wconf 81' lang='grc' dir='ltr'>ἀλλ’</span> 
     </span>
    </p>
   </div>
   <div class='ocr_carea' id='block_1_122' title="bbox 2032 4932 3610 5006">
    <p class='ocr_par' dir='ltr' id='par_1_122' title="bbox 2032 4932 3610 5006">
     <span class='ocr_line' id='line_1_122' title="bbox 2032 4932 3610 5006; baseline -0.001 -18"><span class='ocrx_word' id='word_1_912' title='bbox 2032 4936 2155 4988; x_wconf 88' lang='grc' dir='ltr'>ὅσον</span> <span class='ocrx_word' id='word_1_913' title='bbox 2183 4936 2249 4987; x_wconf 79' lang='grc' dir='ltr'>ἂν</span> <span class='ocrx_word' id='word_1_914' title='bbox 2277 4934 2534 5006; x_wconf 80' lang='grc' dir='ltr'>όρύξωσι,</span> <span class='ocrx_word' id='word_1_915' title='bbox 2564 4932 2803 5001; x_wconf 85' lang='grc' dir='ltr'>τοσούτῳ</span> <span class='ocrx_word' id='word_1_916' title='bbox 2836 4933 3082 5002; x_wconf 80' lang='grc' dir='ltr'>μείζονος</span> <span class='ocrx_word' id='word_1_917' title='bbox 3135 4933 3384 5001; x_wconf 81' lang='grc' dir='ltr'>ἐφίενται</span> <span class='ocrx_word' id='word_1_918' title='bbox 3420 4933 3610 4988; x_wconf 77' lang='grc' dir='ltr'>τάλαι-ι</span> 
     </span>
    </p>
   </div>
   <div class='ocr_carea' id='block_1_123' title="bbox 2033 5012 3606 5089">
    <p class='ocr_par' dir='ltr' id='par_1_123' title="bbox 2033 5012 3606 5089">
     <span class='ocr_line' id='line_1_123' title="bbox 2033 5012 3606 5089; baseline 0.001 -19"><span class='ocrx_word' id='word_1_919' title='bbox 2033 5018 2270 5089; x_wconf 83' lang='grc' dir='ltr'>πωρίας.</span> <span class='ocrx_word' id='word_1_920' title='bbox 2301 5019 2365 5071; x_wconf 83' lang='grc' dir='ltr'><strong>Εἰ</strong></span> <span class='ocrx_word' id='word_1_921' title='bbox 2387 5018 2444 5070; x_wconf 80' lang='grc' dir='ltr'>δὲ</span> <span class='ocrx_word' id='word_1_922' title='bbox 2466 5019 2664 5070; x_wconf 83' lang='grc' dir='ltr'>ἐκεῖνοι</span> <span class='ocrx_word' id='word_1_923' title='bbox 2697 5015 2794 5085; x_wconf 80' lang='grc' dir='ltr'>μὲν</span> <span class='ocrx_word' id='word_1_924' title='bbox 2817 5015 3063 5080; x_wconf 73' lang='grc' dir='ltr'>ἄκοντες,</span> <span class='ocrx_word' id='word_1_925' title='bbox 3096 5012 3242 5071; x_wconf 77' lang='grc' dir='ltr'>οῦτοι</span> <span class='ocrx_word' id='word_1_926' title='bbox 3261 5017 3319 5070; x_wconf 82' lang='grc' dir='ltr'>δὲ</span> <span class='ocrx_word' id='word_1_927' title='bbox 3367 5018 3606 5080; x_wconf 82' lang='grc' dir='ltr'>ἑκόντες,</span> 
     </span>
    </p>
   </div>
   <div class='ocr_carea' id='block_1_124' title="bbox 2030 5099 3608 5172">
    <p class='ocr_par' dir='ltr' id='par_1_124' title="bbox 2030 5099 3608 5172">
     <span class='ocr_line' id='line_1_124' title="bbox 2030 5099 3608 5172; baseline 0.001 -18"><span class='ocrx_word' id='word_1_928' title='bbox 2030 5101 2091 5154; x_wconf 82' lang='grc' dir='ltr'>τὸ</span> <span class='ocrx_word' id='word_1_929' title='bbox 2117 5101 2351 5170; x_wconf 88' lang='grc' dir='ltr'>χαλεπόν</span> <span class='ocrx_word' id='word_1_930' title='bbox 2381 5117 2471 5170; x_wconf 92' lang='grc' dir='ltr'>μοι</span> <span class='ocrx_word' id='word_1_931' title='bbox 2492 5099 2673 5167; x_wconf 84' lang='grc' dir='ltr'>λέγεις</span> <span class='ocrx_word' id='word_1_932' title='bbox 2696 5099 2788 5156; x_wconf 90' lang='grc' dir='ltr'>τοῦ</span> <span class='ocrx_word' id='word_1_933' title='bbox 2811 5101 3140 5172; x_wconf 84' lang='grc' dir='ltr'>νοσήματος,</span> <span class='ocrx_word' id='word_1_934' title='bbox 3165 5102 3246 5154; x_wconf 85' lang='grc' dir='ltr'>ὅτι</span> <span class='ocrx_word' id='word_1_935' title='bbox 3279 5100 3402 5155; x_wconf 82' lang='grc' dir='ltr'>ούδέ</span> <span class='ocrx_word' id='word_1_936' title='bbox 3432 5103 3608 5156; x_wconf 87' lang='grc' dir='ltr'>ἀπαλ-</span> 
     </span>
    </p>
   </div>
   <div class='ocr_carea' id='block_1_125' title="bbox 2034 5182 3606 5256">
    <p class='ocr_par' dir='ltr' id='par_1_125' title="bbox 2034 5182 3606 5256">
     <span class='ocr_line' id='line_1_125' title="bbox 2034 5182 3606 5256; baseline 0.001 -20"><span class='ocrx_word' id='word_1_937' title='bbox 2034 5184 2267 5252; x_wconf 85' lang='grc' dir='ltr'>λαγῆναι</span> <span class='ocrx_word' id='word_1_938' title='bbox 2305 5182 2578 5248; x_wconf 87' lang='grc' dir='ltr'>δύνανται,</span> <span class='ocrx_word' id='word_1_939' title='bbox 2615 5183 2746 5251; x_wconf 84' lang='grc' dir='ltr'>εἴγε</span> <span class='ocrx_word' id='word_1_940' title='bbox 2779 5184 2913 5254; x_wconf 80' lang='grc' dir='ltr'>μηδὲ</span> <span class='ocrx_word' id='word_1_941' title='bbox 2942 5185 3162 5256; x_wconf 88' lang='grc' dir='ltr'>μισοῦσι</span> <span class='ocrx_word' id='word_1_942' title='bbox 3211 5185 3308 5255; x_wconf 83' lang='grc' dir='ltr'>τὴν</span> <span class='ocrx_word' id='word_1_943' title='bbox 3359 5187 3606 5239; x_wconf 86' lang='grc' dir='ltr'>κακοπά-</span> 
     </span>
    </p>
   </div>
   <div class='ocr_carea' id='block_1_126' title="bbox 2027 5263 3605 5344">
    <p class='ocr_par' dir='ltr' id='par_1_126' title="bbox 2027 5263 3605 5344">
     <span class='ocr_line' id='line_1_126' title="bbox 2027 5263 3605 5344; baseline -0.001 -21"><span class='ocrx_word' id='word_1_944' title='bbox 2027 5271 2198 5324; x_wconf 82' lang='grc' dir='ltr'>θειαν.</span> <span class='ocrx_word' id='word_1_945' title='bbox 2245 5267 2385 5321; x_wconf 81' lang='grc' dir='ltr'>Ἀλλ’</span> <span class='ocrx_word' id='word_1_946' title='bbox 2420 5267 2610 5341; x_wconf 82' lang='grc' dir='ltr'>ὥσπερ</span> <span class='ocrx_word' id='word_1_947' title='bbox 2633 5265 2696 5332; x_wconf 77' lang='grc' dir='ltr'>ὗς</span> <span class='ocrx_word' id='word_1_948' title='bbox 2733 5271 2790 5322; x_wconf 86' lang='grc' dir='ltr'>ἐν</span> <span class='ocrx_word' id='word_1_949' title='bbox 2834 5270 3100 5344; x_wconf 82' lang='grc' dir='ltr'>βορϐόρῳ,</span> <span class='ocrx_word' id='word_1_950' title='bbox 3144 5269 3286 5323; x_wconf 78' lang='grc' dir='ltr'>οὕτω</span> <span class='ocrx_word' id='word_1_951' title='bbox 3325 5271 3419 5323; x_wconf 75' lang='grc' dir='ltr'>καὶ</span> <span class='ocrx_word' id='word_1_952' title='bbox 3459 5263 3605 5324; x_wconf 79' lang='grc' dir='ltr'>οὗτοι</span> 
     </span>
    </p>
   </div>
   <div class='ocr_carea' id='block_1_127' title="bbox 2028 5352 3606 5425">
    <p class='ocr_par' dir='ltr' id='par_1_127' title="bbox 2028 5352 3606 5425">
     <span class='ocr_line' id='line_1_127' title="bbox 2028 5352 3606 5425; baseline 0.001 -18"><span class='ocrx_word' id='word_1_953' title='bbox 2028 5357 2148 5418; x_wconf 87' lang='grc' dir='ltr'>ταῖς</span> <span class='ocrx_word' id='word_1_954' title='bbox 2194 5353 2293 5424; x_wconf 87' lang='grc' dir='ltr'>τῆς</span> <span class='ocrx_word' id='word_1_955' title='bbox 2349 5352 2715 5423; x_wconf 86' lang='grc' dir='ltr'>φιλαργυρίας</span> <span class='ocrx_word' id='word_1_956' title='bbox 2774 5353 3060 5416; x_wconf 85' lang='grc' dir='ltr'>δυσωδίαις</span> <span class='ocrx_word' id='word_1_957' title='bbox 3127 5353 3606 5425; x_wconf 88' lang='grc' dir='ltr'>ἐγκαλινδούμενοι</span> 
     </span>
    </p>
   </div>
   <div class='ocr_carea' id='block_1_128' title="bbox 2023 5436 3606 5509">
    <p class='ocr_par' dir='ltr' id='par_1_128' title="bbox 2023 5436 3606 5509">
     <span class='ocr_line' id='line_1_128' title="bbox 2023 5436 3606 5509; baseline 0.001 -19"><span class='ocrx_word' id='word_1_958' title='bbox 2023 5439 2261 5509; x_wconf 76' lang='grc' dir='ltr'>ἥδονται,</span> <span class='ocrx_word' id='word_1_959' title='bbox 2289 5436 2656 5507; x_wconf 69' lang='grc' dir='ltr'>χαλεπώτερα</span> <span class='ocrx_word' id='word_1_960' title='bbox 2681 5437 2983 5505; x_wconf 87' lang='grc' dir='ltr'>πάσχοντες</span> <span class='ocrx_word' id='word_1_961' title='bbox 2999 5437 3110 5488; x_wconf 87' lang='grc' dir='ltr'>τῶν</span> <span class='ocrx_word' id='word_1_962' title='bbox 3135 5437 3442 5490; x_wconf 84' lang='grc' dir='ltr'>καταδίκων</span> <span class='ocrx_word' id='word_1_963' title='bbox 3461 5437 3606 5492; x_wconf 84' lang='grc' dir='ltr'>ἐκεί-</span> 
     </span>
    </p>
   </div>
   <div class='ocr_carea' id='block_1_129' title="bbox 2023 5519 3602 5593">
    <p class='ocr_par' dir='ltr' id='par_1_129' title="bbox 2023 5519 3602 5593">
     <span class='ocr_line' id='line_1_129' title="bbox 2023 5519 3602 5593; baseline 0.001 -18"><span class='ocrx_word' id='word_1_964' title='bbox 2023 5539 2149 5577; x_wconf 89' lang='grc' dir='ltr'>νων.</span> <span class='ocrx_word' id='word_1_965' title='bbox 2187 5522 2310 5575; x_wconf 81' lang='grc' dir='ltr'>Ὅτι</span> <span class='ocrx_word' id='word_1_966' title='bbox 2348 5521 2458 5592; x_wconf 90' lang='grc' dir='ltr'>γάρ</span> <span class='ocrx_word' id='word_1_967' title='bbox 2480 5523 2538 5573; x_wconf 80' lang='grc' dir='ltr'>ἐν</span> <span class='ocrx_word' id='word_1_968' title='bbox 2556 5519 2968 5591; x_wconf 79' lang='grc' dir='ltr'>χείροσίνείσιν,</span> <span class='ocrx_word' id='word_1_969' title='bbox 2998 5521 3234 5578; x_wconf 82' lang='grc' dir='ltr'>ἄκουσον</span> <span class='ocrx_word' id='word_1_970' title='bbox 3265 5521 3333 5575; x_wconf 83' lang='grc' dir='ltr'>τὰ</span> <span class='ocrx_word' id='word_1_971' title='bbox 3356 5522 3602 5593; x_wconf 81' lang='grc' dir='ltr'>ἐκείνων,</span> 
     </span>
    </p>
   </div>
   <div class='ocr_carea' id='block_1_130' title="bbox 2023 5602 3603 5678">
    <p class='ocr_par' dir='ltr' id='par_1_130' title="bbox 2023 5602 3603 5678">
     <span class='ocr_line' id='line_1_130' title="bbox 2023 5602 3603 5678; baseline 0.001 -18"><span class='ocrx_word' id='word_1_972' title='bbox 2023 5609 2117 5660; x_wconf 75' lang='grc' dir='ltr'>καὶ</span> <span class='ocrx_word' id='word_1_973' title='bbox 2149 5606 2270 5658; x_wconf 86' lang='grc' dir='ltr'>τότε</span> <span class='ocrx_word' id='word_1_974' title='bbox 2294 5605 2416 5678; x_wconf 76' lang='grc' dir='ltr'>εἴσῃ</span> <span class='ocrx_word' id='word_1_975' title='bbox 2450 5606 2520 5657; x_wconf 77' lang='grc' dir='ltr'>τὰ</span> <span class='ocrx_word' id='word_1_976' title='bbox 2544 5604 2772 5656; x_wconf 85' lang='grc' dir='ltr'>τούτων.</span> <span class='ocrx_word' id='word_1_977' title='bbox 2797 5603 3030 5670; x_wconf 81' lang='grc' dir='ltr'>Λέγεται</span> <span class='ocrx_word' id='word_1_978' title='bbox 3069 5602 3304 5677; x_wconf 80' lang='grc' dir='ltr'>τοίνυνή</span> <span class='ocrx_word' id='word_1_979' title='bbox 3355 5608 3603 5676; x_wconf 83' lang='grc' dir='ltr'>χρυσῖτις</span> 
     </span>
    </p>
   </div>
   <div class='ocr_carea' id='block_1_131' title="bbox 2021 5687 3602 5764">
    <p class='ocr_par' dir='ltr' id='par_1_131' title="bbox 2021 5687 3602 5764">
     <span class='ocr_line' id='line_1_131' title="bbox 2021 5687 3602 5764; baseline 0.001 -20"><span class='ocrx_word' id='word_1_980' title='bbox 2021 5692 2202 5760; x_wconf 79' lang='grc' dir='ltr'>ἐκείνη</span> <span class='ocrx_word' id='word_1_981' title='bbox 2262 5690 2334 5759; x_wconf 90' lang='grc' dir='ltr'>γῆ</span> <span class='ocrx_word' id='word_1_982' title='bbox 2389 5690 2676 5759; x_wconf 74' lang='grc' dir='ltr'>χηραμοὺς</span> <span class='ocrx_word' id='word_1_983' title='bbox 2712 5687 2808 5741; x_wconf 77' lang='grc' dir='ltr'>καὶ</span> <span class='ocrx_word' id='word_1_984' title='bbox 2850 5687 3176 5754; x_wconf 80' lang='grc' dir='ltr'>καταδύσεις</span> <span class='ocrx_word' id='word_1_985' title='bbox 3218 5689 3364 5764; x_wconf 77' lang='grc' dir='ltr'>ἔχειν</span> <span class='ocrx_word' id='word_1_986' title='bbox 3393 5692 3454 5744; x_wconf 80' lang='grc' dir='ltr'>ἐν</span> <span class='ocrx_word' id='word_1_987' title='bbox 3489 5694 3602 5755; x_wconf 85' lang='grc' dir='ltr'>τοῖς</span> 
     </span>
    </p>
   </div>
   <div class='ocr_carea' id='block_1_132' title="bbox 2021 5768 3600 5845">
    <p class='ocr_par' dir='ltr' id='par_1_132' title="bbox 2021 5768 3600 5845">
     <span class='ocr_line' id='line_1_132' title="bbox 2021 5768 3600 5845; baseline -0.001 -16"><span class='ocrx_word' id='word_1_988' title='bbox 2021 5776 2270 5845; x_wconf 75' lang='grc' dir='ltr'>ζοφεροῖς</span> <span class='ocrx_word' id='word_1_989' title='bbox 2295 5773 2576 5844; x_wconf 81' lang='grc' dir='ltr'>σπηλαίοις</span> <span class='ocrx_word' id='word_1_990' title='bbox 2601 5771 2837 5837; x_wconf 80' lang='grc' dir='ltr'>ἐκείνοις</span> <span class='ocrx_word' id='word_1_991' title='bbox 2857 5789 2870 5802; x_wconf 90' lang='grc'><strong>·</strong></span> <span class='ocrx_word' id='word_1_992' title='bbox 2903 5772 2992 5826; x_wconf 76' lang='grc' dir='ltr'>τὸν</span> <span class='ocrx_word' id='word_1_993' title='bbox 3012 5768 3106 5826; x_wconf 75' lang='grc' dir='ltr'>οὖν</span> <span class='ocrx_word' id='word_1_994' title='bbox 3147 5773 3450 5844; x_wconf 82' lang='grc' dir='ltr'>κακοῦργον</span> <span class='ocrx_word' id='word_1_995' title='bbox 3509 5775 3600 5828; x_wconf 77' lang='grc' dir='ltr'>τὸν</span> 
     </span>
    </p>
   </div>
   <div class='ocr_carea' id='block_1_133' title="bbox 337 5845 3593 5928">
    <p class='ocr_par' dir='ltr' id='par_1_133' title="bbox 337 5845 3593 5928">
     <span class='ocr_line' id='line_1_133' title="bbox 337 5845 3593 5928; baseline 0.001 -19"><span class='ocrx_word' id='word_1_996' title='bbox 337 5845 524 5913; x_wconf 70' lang='grc' dir='ltr'>μίσους</span> <span class='ocrx_word' id='word_1_997' title='bbox 548 5864 563 5906; x_wconf 74' lang='grc' dir='ltr'>ς</span> <span class='ocrx_word' id='word_1_998' title='bbox 591 5846 652 5898; x_wconf 78' lang='grc' dir='ltr'>οὐ</span> <span class='ocrx_word' id='word_1_999' title='bbox 693 5847 965 5917; x_wconf 65' lang='grc' dir='ltr'>ῥᾳθυμίας</span> <span class='ocrx_word' id='word_1_1000' title='bbox 991 5850 1084 5904; x_wconf 73' lang='grc' dir='ltr'>καὶ</span> <span class='ocrx_word' id='word_1_1001' title='bbox 1115 5851 1309 5915; x_wconf 84' lang='grc' dir='ltr'>κακίας</span> <span class='ocrx_word' id='word_1_1002' title='bbox 1332 5852 1528 5923; x_wconf 80' lang='grc' dir='ltr'>πολλῆς</span> <span class='ocrx_word' id='word_1_1003' title='bbox 1551 5872 1563 5920; x_wconf 87' lang='grc'>;</span> <span class='ocrx_word' id='word_1_1004' title='bbox 1588 5857 1904 5924; x_wconf 73' lang='grc' dir='ltr'>οὑ”γῆἐστιν</span> <span class='ocrx_word' id='word_1_1005' title='bbox 2017 5863 2126 5923; x_wconf 66' lang='grc' dir='ltr'>τοῖς</span> <span class='ocrx_word' id='word_1_1006' title='bbox 2157 5859 2272 5914; x_wconf 79' lang='grc' dir='ltr'>ἐκεῖ</span> <span class='ocrx_word' id='word_1_1007' title='bbox 2299 5857 2771 5914; x_wconf 82' lang='grc' dir='ltr'>καταδικασθέντα</span> <span class='ocrx_word' id='word_1_1008' title='bbox 2813 5857 3056 5928; x_wconf 81' lang='grc' dir='ltr'>μόχθοις,</span> <span class='ocrx_word' id='word_1_1009' title='bbox 3095 5859 3183 5919; x_wconf 75' lang='grc' dir='ltr'>διά</span> <span class='ocrx_word' id='word_1_1010' title='bbox 3216 5859 3370 5918; x_wconf 86' lang='grc' dir='ltr'>τοῦτο</span> <span class='ocrx_word' id='word_1_1011' title='bbox 3403 5862 3593 5928; x_wconf 85' lang='grc' dir='ltr'>λύχνον</span> 
     </span>
    </p>
   </div>
  </div>
