4086 6214
493 285 596 345 19⁸1

481 400 828 474 λαμϐάνοντα
867 402 962 457 καὶ
993 401 1260 465 δίκελλαν,
1291 402 1463 465 οὕτως
1497 404 1724 457 εἰσιέναι
1749 403 1916 466 ἔνδον,
1959 408 2052 458 καὶ

482 486 738 558 ληκύθιον
763 485 1139 556 ἐπιφέρεσθαι,
1167 487 1308 538 ὥστε
1339 489 1648 552 ἐπιστάζειν
1675 488 1922 545 ἐντεῦθεν
1973 488 2052 558 τῷ

482 573 659 639 λύχνῳ
691 567 752 621 τὸ
771 567 970 632 ἔλαιον,
997 568 1086 620 διά
1140 570 1201 621 τὸ
1251 569 1441 634 σκότος
1473 567 1613 624 εἶναι
1637 572 1731 624 καὶ
1768 573 1826 625 ἐν
1865 572 2051 643 ἡμέρᾳ

481 651 740 720 ἀφεγγὲς,
774 647 962 719 ὥσπερ
994 649 1164 721 ἔφθην
1201 652 1391 708 είπὼν.
1413 648 1546 706 Εἶτα
1562 655 1781 707 ἐπειδὰν
1808 656 1836 707 ὁ
1864 654 2053 729 καιρὸς

482 737 574 786 ἐπὶ
606 734 704 802 τὴν
734 732 1079 803 ταλαίπωρον
1101 734 1264 786 αὑτὸν
1297 735 1436 812 καλῇ
1469 737 1696 811 τροφήν,
1746 737 1906 790 αὑτὸν
1955 737 2054 807 μὲν

481 817 692 884 ἀγνοεῖν
715 815 804 866 τὸν
834 814 1043 885 καιρὸν,
1065 815 1154 868 τὸν
1178 815 1235 869 δέ
1266 817 1651 886 δεσμοφύλακα
1708 820 1800 872 τὸν
1843 820 2051 872 ἐκείνου

483 896 685 952 ἀνωθεν
709 895 1023 960 κατάξαντα
1053 898 1297 968 σφοδρῶς
1326 900 1386 952 τὸ
1414 900 1698 970 σπήλαιον,
1731 901 1822 954 διὰ
1838 901 1931 955 τοῦ
1951 919 2055 954 πα-

478 983 645 1049 τάγου
668 981 761 1034 καὶ
787 983 886 1052 τῆς
906 982 1088 1052 φωνῆς
1116 984 1329 1053 ἐκείνης
1355 983 1546 1053 δηλοῦν
1577 989 1689 1050 τοῖς
1710 989 1859 1041 κάτω
1892 989 2055 1063 ἐργα-

479 1065 728 1135 ζομένοις
750 1063 851 1133 τῆς
886 1065 1102 1143 ἡμέρας
1131 1067 1192 1120 τὸ
1229 1067 1400 1131 τέλος.
1463 1064 1589 1139 'Ap’
1646 1072 1746 1124 οὐκ
1796 1072 2052 1142 ἐφρίξατε

479 1149 654 1200 ταῦτα
683 1147 1055 1216 άκούσαντες;
1090 1151 1318 1219 Ἰδωμεν
1346 1151 1550 1216 τοίνυν,
1578 1155 1626 1206 εί
1679 1153 1755 1226 μὴ
1809 1155 2054 1224 χαλεπώ-

480 1248 612 1310 τερα
643 1229 851 1283 τούτων
877 1231 1178 1300 πάσχουσιν
1202 1237 1250 1286 οί
1291 1235 1638 1309 φιλάργυροι.
1676 1237 1785 1288 Καὶ
1817 1237 1927 1310 γάρ
1960 1239 2055 1292 καὶ

479 1307 625 1366 οὗτοι
683 1311 981 1384 βαρύτερον
1020 1315 1201 1390 έχουσι
1247 1307 1632 1387 δεσμοφύλακα
1663 1317 1760 1389 τὴν
1787 1307 2056 1390 φιλαργυ-

482 1397 627 1465 ρίαν,
653 1395 745 1448 καὶ
771 1395 1011 1470 τοσούτῳ
1044 1397 1360 1472 βαρύτερον,
1389 1402 1497 1470 ὅσῳ
1529 1401 1668 1470 μετά
1692 1401 1784 1455 τοῦ
1805 1401 2055 1472 σώματος

482 1479 575 1531 καὶ
604 1478 702 1547 τὴν
731 1477 910 1547 ψυχὴν
934 1479 1118 1543 αὐτοῖς
1154 1481 1349 1534 συνδεῖ.
1369 1483 1479 1536 Καὶ
1493 1484 1554 1536 τὸ
1575 1485 1761 1554 σκότος
1786 1484 1844 1537 δὲ
1871 1483 2050 1547 τοῦτο,

479 1563 686 1616 ἐκείνου
719 1562 1151 1640 φρικωδέστερον
1175 1583 1189 1596 ο
1223 1567 1284 1619 οὐ
1310 1569 1420 1639 γάρ
1459 1570 1606 1622 ἐστιν
1641 1567 1916 1638 αἰσθητὸν,
1939 1567 2054 1621 ἀλλ’

481 1649 690 1701 ἔνδοθεν
718 1646 850 1699 αὐτὸ
879 1646 1173 1712 τίκτοντες,
1195 1651 1439 1728 ὅπουπερ
1461 1651 1528 1705 ἂν
1582 1653 1809 1716 ἀπίωσι,
1849 1669 2054 1706 παντα-

479 1732 576 1802 χοῦ
611 1731 730 1802 μεθ’
763 1729 972 1784 ἑαυτῶν
1027 1733 1436 1808 περιφέρουσιν.
1475 1735 1770 1788 Ἔσϐεσται
1809 1738 1917 1806 γὰρ
1955 1736 2054 1790 αύ-

477 1820 587 1880 τοῖς
620 1817 648 1868 ό
671 1813 771 1884 τῆς
789 1813 970 1888 ψυχῆς
997 1814 1296 1885 ὀφθαλμός.
1329 1817 1420 1870 Διὸ
1454 1818 1548 1870 καὶ
1573 1819 1807 1887 μάλιστα
1838 1820 2054 1872 πάντων

478 1899 673 1960 αὐτοὺς
699 1897 728 1948 ό
774 1897 1006 1966 Χριστὸς
1052 1897 1325 1962 ταλανίζει
1378 1899 1551 1967 λέγων
1573 1917 1587 1930 ·
1636 1901 1702 1953 El
1730 1900 1799 1952 δὲ
1831 1901 1898 1953 τὸ
1928 1901 2056 1970 φῶς

477 1983 545 2034 τὸ
574 1982 643 2034 ἐν
679 1978 800 2041 σοί,
830 1980 1070 2045 σκότος,
1097 1980 1160 2033 τὸ
1226 1982 1451 2047 σκότος
1513 1982 1748 2036 «door!
1797 1985 2055 2038 Κάκεῖνοι

482 2065 579 2133 μὲν
617 2062 719 2116 κᾶν
750 2060 942 2130 λύχνον
978 2062 1161 2132 έχουσι
1206 2063 1488 2136 φαίνοντα,
1519 2060 1664 2119 οὗτοι
1699 2067 1756 2120 δὲ
1794 2069 1887 2119 καὶ
1923 2066 2056 2120 ταύο

478 2165 577 2217 της
612 2145 1018 2213 ἀπεστέρηνται
1062 2145 1165 2216 τῆς
1202 2147 1379 2217 αύγῆς
1433 2146 1616 2220 [210]°
1650 2149 1730 2202 διὸ
1789 2151 1884 2204 καὶ
1930 2149 2054 2203 καθ’

479 2232 719 2299 ἑκάστην
749 2226 963 2296 ἡμέραν
1025 2231 1105 2292 είς
1160 2230 1330 2301 μυρία
1382 2231 1718 2301 ἐμπίπτουσι
1782 2231 2053 2304 βάραθρα.

482 2312 590 2364 Καὶ
623 2313 672 2364 οἱ
733 2309 831 2379 μὲν
896 2311 1198 2374 κατάδικοι,
1256 2310 1451 2373 νυκτὸς
1507 2313 2054 2384 καταλαμϐανούσης,

479 2393 861 2461 ἀναπνέουσιν,
913 2397 994 2457 είς
1059 2394 1158 2463 τὴν
1212 2393 1398 2464 κοινὴν
1430 2394 1538 2447 τῶν
1603 2395 2056 2467 δυσημερούντων

485 2478 958 2542 καταπλεύσαντες
983 2478 1248 2548 γαλήνην,
1279 2477 1379 2547 τὴν
1421 2477 1592 2532 νύκτα
1631 2479 1808 2548 λέγω*
1850 2483 1963 2544 τοῖς
1999 2479 2057 2538 δὲ

483 2561 838 2632 φιλαργύροις
869 2563 963 2617 καὶ
987 2559 1179 2616 τοῦτον
1209 2562 1242 2630 ή
1279 2560 1563 2624 πλεονεξία
1607 2562 1922 2633 προσέχωσε
1963 2561 2056 2616 τὸν

482 2645 708 2713 λιμένα·
742 2643 980 2697 τοσαῦτα
1021 2643 1117 2697 καὶ
1141 2648 1198 2696 ἐν
1225 2643 1380 2696 νυκτὶ
1411 2645 1758 2714 φροντίζουσι
1781 2644 2053 2714 χαλεπῶς,

482 2731 578 2781 fit:
616 2727 840 2799 μηδενὸς
855 2727 1202 2798 ἐνοχλοῦντος
1234 2726 1374 2797 μετά
1410 2728 1606 2799 σχολῆς
1634 2731 1855 2799 ἀπάσης
1884 2746 2056 2786 κατα-

480 2811 774 2874 κόπτοντες
811 2808 1058 2872 ἐαυτούς.
1097 2810 1203 2862 Καὶ
1253 2810 1321 2862 τὰ
1357 2810 1454 2879 μὲν
1495 2809 1729 2864 ἐνταῦθα
1781 2810 2008 2868 τοιαῦτα
2038 2827 2052 2841 ο

484 2895 546 2946 τά
579 2892 634 2944 δὲ
671 2895 806 2959 ἐκεῖ,
841 2897 992 2954 ποῖος
1018 2895 1356 2962 παραστήσει
1397 2893 1589 2961 λόγος;
1635 2894 1733 2957 τὰς
1785 2895 2054 2965 καμίνους

487 2975 580 3037 τὰς
619 2976 952 3047 ἀφορήτους,
1016 2976 1142 3038 τοὺς
1197 2975 1699 3046 πυριφλεγέθοντας
1745 2979 2049 3048 ποταμοὺς,

481 3059 605 3121 τοὺς
622 3058 989 3133 βρυχομένους
1021 3058 1263 3125 ὀδόντας,
1318 3060 1386 3113 τά
1415 3060 1591 3127 δεσμά
1638 3061 1706 3114 τὰ
1752 3061 2059 3126 ἄλυτα,τδν

484 3141 742 3210 σκώληκα
809 3142 900 3196 τὸν
957 3141 1180 3206 ἰοϐόλον,
1229 3143 1289 3201 τὸ
1331 3142 1522 3213 σκότος
1577 3143 1638 3197 τὸ
1689 3145 1951 3221 ἀφεγγὲς,
1992 3145 2062 3199 τά

483 3223 752 3293 μηδέποτε
783 3225 956 3299 πέρας
998 3223 1343 3296 λαμϐάνοντα
1385 3227 1551 3285 κακά.
1584 3227 1920 3298 Φοϐηθῶμεν
1948 3229 2061 3286 τοί-

481 3325 596 3374 νυν,
630 3310 928 3380 ἀγαπητοὶ,
970 3307 1298 3382 φοϐηθῶμεν
1316 3308 1411 3379 τὴν
1442 3310 1624 3382 πηγὴν
1653 3310 1762 3365 τῶν
1791 3311 2062 3372 τοσούτων

481 3389 784 3462 τιμωριῶν,
835 3391 933 3461 τὴν
979 3392 1277 3462 ἀκόρεστον
1338 3393 1556 3462 μανίαν,
1594 3393 1693 3460 τὴν
1752 3393 1931 3467 λύμην
1961 3395 2063 3465 τῆς

482 3473 760 3544 ἡμετέρας
783 3475 1076 3544 σωτηρίας.
1113 3474 1188 3526 Οὐ
1219 3475 1327 3545 γὰρ
1355 3475 1502 3529 ἔστιν
1518 3475 1656 3546 ὁμοῦ
1684 3478 1777 3530 καὶ
1797 3477 2061 3548 ἀργύριον

484 3557 657 3624 φιλεῖν
689 3558 782 3610 καὶ
837 3556 1036 3624 ψυχήν.
1088 3558 1366 3628 Μάθωμεν
1421 3559 1502 3611 ὅτι
1531 3560 1600 3629 γῆ
1642 3560 1734 3612 καὶ
1768 3560 1961 3623 σποδὸς
1994 3560 2064 3621 τὰ

483 3641 765 3711 χρήματα,
803 3641 886 3692 ὅτι
921 3641 1286 3712 ἀπολιμπάνει
1345 3643 1490 3714 ἡμᾶς
1527 3643 1944 3714 ἀποδημοῦντας
1978 3646 2064 3698 ἐν-

483 3723 694 3788 τεῦθεν,
761 3724 964 3795 μᾶλλον
1031 3723 1090 3776 δὲ
1148 3727 1232 3778 ὅτι
1277 3726 1371 3779 καὶ
1426 3726 1533 3798 πρὸ
1593 3727 1691 3797 τῆς
1752 3726 2063 3804 ἀποδημίας

485 3807 747 3872 πολλάκις
799 3809 956 3881 ήμῶν
1015 3809 1295 3880 ἀποπηδᾷ,
1355 3812 1450 3865 καί⁸
1502 3811 1637 3884 πρὸς
1691 3810 1759 3865 τά
1802 3811 2064 3888 μέλλοντα

487 3892 890 3960 παραϐλάπτει,
919 3893 1016 3950 καὶ
1060 3893 1199 3966 πρὸς
1251 3894 1349 3965 τὴν
1401 3893 1685 3967 παροῦσαν
1726 3894 1892 3966 ζωήν.
1953 3895 2064 3949 Καὶ

486 3975 595 4046 γάρ
631 3975 736 4046 πρὸ
765 3975 865 4054 τῆς
894 3975 1124 4049 γεέννης
1155 3978 1250 4030 καὶ
1276 3977 1383 4048 πρὸ
1405 3979 1504 4055 τῆς
1540 3977 1816 4042 κολάσεως
1849 3979 2064 4050 ἐκείνης

491 4058 706 4129 μυρίοις
737 4059 1017 4113 κάνταῦθα
1055 4062 1201 4132 ἡμᾶς
1257 4061 1572 4136 περιϐάλλει
1631 4063 1914 4135 πολέμοις,
1969 4064 2064 4116 καὶ

489 4144 707 4205 στάσεις
737 4143 943 4218 ἐγείρει
975 4144 1069 4197 καὶ
1098 4144 1298 4215 μάχας.
1334 4145 1498 4198 Οὐδὲν
1523 4145 1632 4217 γὰρ
1651 4145 1794 4200 οὔτω
1827 4146 2062 4219 πολεμο-

487 4225 660 4292 ποιὸν,
689 4226 764 4290 ὡς
792 4227 1128 4302 φιλαργυρία
1148 4243 1162 4258 ·
1194 4228 1346 4282 οὐδὲν
1403 4227 1545 4282 οὕτω
1572 4231 1932 4302 πτωχοποιὸν,
1955 4230 2062 4289 κᾶν

1141 281 1200 338 S.
1235 281 1524 338 JOANNIS
1559 280 2046 338 CHRYSOSTOMI
2087 279 2407 337 Αιιωιιιςι).
2451 283 3002 344 CONS‘I‘ANTINQP.

3631 291 3735 342 £98

2153 404 2210 454 ἐν
2239 403 2475 475 πλούτῳ,
2511 405 2614 458 κᾶν
2639 405 2696 456 ἐν
2728 403 2889 473 πενίᾳ
2928 404 3092 473 φανῇ.
3129 400 3327 456 Φύεται
3369 404 3476 472 γάρ
3530 407 3622 458 καὶ
3680 412 3738 460 ἐν

2153 488 2400 557 πενήτων
2466 485 2667 556 ψυχαῖς
2729 485 2793 538 τὸ
2843 483 3079 554 χαλεπὸν
3136 483 3297 536 τοῦτο
3349 485 3588 555 νόσημα.
3640 491 3733 542 καὶ

2155 567 2315 622 πλέον
2342 569 2520 622 αὐτῶν
2557 568 2938 638 ἐπιτρίϐειτὴν
2966 567 3178 622 πενίαν.
3199 567 3318 624 Κάν
3336 569 3536 641 εὑρεθῇ
3568 573 3736 638 πένης

2153 651 2509 724 φιλάργυρος,
2571 652 2671 704 οὐκ
2723 653 2780 703 ἐν
2832 652 3114 721 χρήμασιν
3155 651 3187 702 ό
3241 652 3508 718 τοιοῦτος,
3532 654 3651 707 ἀλλ’
3680 657 3736 709 ἐν

2153 733 2300 805 λιμῷ
2329 734 2510 788 δίδωσι
2533 733 2712 804 δίκην.
2755 735 2830 786 Ού
2873 735 2983 806 γὰρ
3025 733 3278 808 ἀνέχεται
3333 735 3441 791 τῶν
3493 738 3737 809 μετρίων

2153 816 2334 873 αὐτῶν
2362 814 2668 874 ἀπολαῦσαι
2700 815 2840 885 μετά
2871 815 3076 879 ἀδείας,
3101 815 3235 870 ἀλλὰ
3259 818 3353 872 καὶ
3373 817 3474 889 τὴν
3491 823 3738 889 γαστέρα

2153 897 2295 970 λιμῷ
2326 899 2654 966 κατατείνει,
2694 899 2788 952 καὶ
2822 898 2888 955 τὸ
2917 898 3077 970 σῶμα
3107 899 3256 953 ἆπαν
3301 903 3607 974 γυμνότητι
3639 907 3738 957 καὶ

2154 979 2351 1055 κρυμῷ
2379 983 2722 1054 τιμωρεῖται,
2751 986 2846 1034 καὶ
2866 981 2976 1034 τῶν
3029 982 3326 1051 δεσμωτῶν
3361 984 3562 1054 μᾶλλον
3604 987 3738 1057 αύχ-

2157 1066 2273 1136 μῶν
2299 1066 2394 1119 καὶ
2432 1065 2622 1135 ῥυπῶν
2659 1064 2934 1136 πανταχοῦ
2971 1065 3242 1134 φαίνεται·
3278 1067 3372 1120 καὶ
3416 1068 3505 1120 ἀεὶ
3547 1069 3738 1140 θρηνεῖ

2154 1148 2250 1204 καὶ
2288 1147 2559 1220 ὀδύρεται,
2612 1147 2801 1220 ὥσπερ
2853 1147 3068 1200 πάντων
3099 1145 3175 1200 ῶν
3241 1148 3595 1220 ἀθλιώτερος,
3633 1151 3736 1206 κᾶν

2158 1227 2388 1302 μυρίους
2423 1229 2785 1300 πενεστέρους
2843 1230 2961 1299 ἔχῃ.
3006 1221 3197 1294 Οὗτος,
3251 1231 3355 1283 κᾶν
3401 1232 3482 1295 είς
3527 1233 3735 1305 ἀγορὰν

2156 1312 2422 1386 ἐμϐάλλῃ,
2454 1312 2682 1376 πολλοὺς
2710 1311 2924 1365 λαϐὼν·
2953 1311 3138 1365 ἄπεισι
3175 1312 3451 1383 μώλωπας
3472 1329 3485 1341 ·
3522 1314 3627 1370 κάν
3656 1317 3737 1379 εἰς

2159 1397 2465 1468 βαλανεῖον,
2491 1395 2591 1449 κᾶν
2620 1397 2699 1460 είς
2736 1395 2985 1466 θέατρον,
3038 1395 3261 1450 πλείονα
3309 1396 3537 1471 λήψεται
3569 1401 3736 1471 τραύο

2160 1497 2326 1551 ματα,
2355 1479 2456 1532 οὐκ
2475 1478 2580 1531 ἀπὸ
2610 1478 2721 1531 τῶν
2749 1477 3098 1550 θεωρούντων
3120 1478 3302 1549 μόνον,
3334 1478 3470 1534 ἀλλά
3499 1483 3596 1539 καὶ
3630 1483 3737 1540 ἀπὸ

2157 1562 2264 1614 τῶν
2293 1562 2387 1613 ἐπὶ
2423 1559 2526 1630 τῆς
2561 1561 2789 1633 σκηνῆς,
2821 1561 2947 1616 ὅταν
2983 1561 3066 1636 ἴδῃ
3092 1559 3293 1623 πολλάς
3324 1561 3434 1616 τῶν
3476 1581 3737 1634 πορνευο-

2160 1646 2336 1716 μένων
2373 1643 2650 1712 γυναικῶν
2729 1644 2940 1719 χρυσίῳ
2987 1643 3513 1715 καταλαμπομένας.
3565 1643 3739 1711 αὗτος

2155 1728 2261 1785 κᾶν
2298 1728 2397 1799 τὴν
2429 1726 2702 1780 θάλατταν
2732 1726 2892 1801 πλέῃ,
2942 1727 3066 1790 τοὺς
3112 1727 3387 1798 ἐμπόρους
3439 1729 3605 1784 πάλιν
3643 1733 3737 1791 καὶ

2155 1811 2252 1874 τάς
2285 1809 2668 1882 μυριαγώγους
2695 1809 2825 1873 ναῦς
2855 1809 3054 1868 ἐννοῶν
3094 1811 3190 1865 καὶ
3213 1811 3281 1862 τά
3313 1812 3518 1882 ἄπειρα
3545 1814 3734 1890 κέρδη,

2154 1894 2276 1953 οὐδὲ
2315 1894 2413 1968 ζῇν
2437 1893 2626 1946 ἐαυτὸν
2651 1894 2942 1962 ήγήσεται’
2985 1891 3090 1948 κᾶν
3135 1893 3224 1946 διά
3249 1894 3353 1966 γῆς
3399 1895 3578 1966 ὁδεύῃ,
3610 1899 3738 1961 τοὺς

2157 1969 2382 2049 ἀγροὺς,
2405 1976 2470 2030 τὰ
2501 1976 2822 2046 προάστεια,
2858 1975 2926 2028 τὰ
2949 1974 3330 2045 καταλύματα,
3357 1978 3426 2030 τὰ
3456 1977 3737 2049 βαλανεῖα,

2155 2061 2252 2124 τάς
2271 2062 2336 2112 ἐκ
2365 2058 2572 2112 τούτων
2632 2057 2930 2130 προσόδους
2989 2059 3465 2131 ἀναλογιζόμενος,
3507 2062 3741 2117 ἀϐίωτον

2157 2141 2340 2212 ἐαυτῷ
2361 2144 2452 2194 τὸν
2510 2140 2624 2212 βίον
2651 2141 2923 2211 ἡγήσεται
2946 2137 3086 2195 εἶναι
3120 2142 3325 2196 λοιπόν
3366 2143 3470 2197 κᾶν
3518 2145 3660 2199 οἴκοι
3682 2148 3740 2200 δὲ

2156 2223 2530 2295 κατακλείσῃς
2578 2223 2762 2287 αὐτὸν,
2810 2223 2880 2276 τά
2898 2223 3007 2276 ἀπὸ
3049 2225 3151 2294 τῆς
3190 2225 3396 2296 ἀγορᾶς
3440 2230 3740 2301 τραύματα

2157 2307 2482 2374 ἀναξαίνων,
2529 2305 2652 2360 καθ’
2692 2306 2884 2360 ἐαυτὸν
2943 2307 3208 2377 μειζόνως
3263 2308 3592 2380 λυμανεῖται
3639 2314 3740 2384 τὴν

2155 2391 2352 2466 ψυχήνο
2402 2390 2495 2442 καὶ
2542 2389 2671 2463 μίαν
2711 2385 2822 2443 οἶδε
2859 2391 3218 2461 παραμυθίαν
3253 2393 3423 2466 μόνην
3449 2396 3557 2449 τῶν
3608 2415 3742 2451 κατ-

2156 2475 2387 2544 εχόντων
2426 2473 2590 2529 αὑτὸν
2632 2473 2842 2539 κακῶν,
2876 2474 2967 2527 τὸν
2999 2474 3230 2530 θάνατον
3271 2477 3366 2532 καὶ
3416 2479 3514 2550 τὴν
3555 2479 3743 2540 ἐντεῇ..

2159 2557 2249 2615 θεν
2289 2557 2635 2630 ἀπαλλαγήν.
2677 2556 2863 2616 Ταῦτα
2898 2557 2958 2610 δὲ
2987 2558 3085 2631 οὐχ
3107 2560 3135 2612 ό
3181 2559 3351 2635 πένης
3389 2561 3569 2630 μόνον,
3602 2561 3740 2625 ἀλλά

2157 2641 2252 2694 καὶ
2301 2641 2330 2692 ὁ
2382 2639 2638 2704 πλούσιος
2691 2641 2722 2695 ό
2761 2639 2936 2716 τούτῳ
2976 2641 3291 2712 περιπεσὼν
3345 2644 3422 2716 τῷ
3469 2647 3740 2716 νοσήματι

2158 2722 2428 2787 πείσεται,
2465 2724 2560 2784 καὶ
2589 2722 2831 2798 τοσούτῳ
2857 2723 3059 2795 μᾶλλον
3081 2725 3175 2778 τοῦ
3205 2726 3457 2798 πένητος,
3492 2727 3604 2799 ὅσῳ
3645 2730 3741 2788 καὶ

2161 2805 2496 2878 σφοδροτέρα
2526 2805 2804 2864 ἐπίκειται
2830 2807 3006 2878 τούτῳ
3025 2811 3058 2878 ὴ
3091 2809 3366 2879 τυραννὶς,
3409 2810 3504 2869 καὶ
3539 2799 3741 2870 πλείων

2159 2889 2192 2959 ή
2227 2889 2385 2959 μέθη.
2419 2889 2510 2942 Διὸ
2571 2891 2667 2942 καὶ
2719 2889 2936 2945 πάντων
2968 2891 3294 2962 πενέστερον
3347 2893 3541 2946 ἑαυτὸν
3585 2888 3743 2957 οὗτος

2161 2974 2426 3045 ήγήσεται
2452 2972 2624 3046 [2H],
2663 2974 2864 3044 μᾶλλον
2895 2975 2952 3027 δὲ
2981 2976 3078 3034 καὶ
3126 2975 3242 3030 ἐστι
3273 2978 3620 3048 πενέστερος.
3662 2980 3739 3042 Οὺ

2162 3055 2270 3128 γὰρ
2309 3055 2385 3127 τῷ
2411 3056 2593 3127 μέτρῳ
2624 3057 2723 3126 τῆς
2764 3057 2973 3121 οὐσίας,
3023 3057 3157 3110 ἀλλὰ
3213 3062 3285 3136 τῇ
3340 3058 3574 3113 διαθέσει
3640 3061 3742 3130 τῆς

2161 3139 2386 3210 γνώμης
2416 3141 2444 3192 ό
2472 3139 2700 3204 πλούτος
2736 3140 2832 3193 καὶ
2861 3142 2898 3218 ή
2933 3141 3092 3200 πενία
3128 3140 3426 3212 κρίνονταιο
3467 3144 3561 3196 καὶ
3597 3144 3744 3195 ἐκεῖς-

2162 3239 2251 3286 νος
2283 3222 2483 3299 μᾶλλόν
2529 3223 2679 3281 ἐστιν
2715 3225 2743 3276 ό
2788 3224 3008 3277 πάντων
3065 3223 3432 3294 πτωχότατος,
3464 3225 3493 3277 ό
3534 3225 3622 3277 ἀεὶ
3645 3226 3743 3284 τοῦ

2163 3307 2410 3378 πλείονος
2436 3306 2742 3377 ἐπιθυμῶν,
2783 3308 2875 3360 καὶ
2904 3307 3178 3378 μηδέποτε
3207 3307 3402 3378 στῆσαι
3436 3308 3739 3380 δυνάμενος

2163 3391 2262 3466 τὴν
2303 3389 2546 3470 πονηράν
2567 3389 2774 3460 ταύτην
2804 3389 3123 3460 ἐπιθυμίαν.
3148 3391 3246 3446 Διά
3272 3392 3336 3463 δὴ
3355 3391 3527 3446 ταῦτα
3561 3395 3743 3454 πάντα

2164 3472 2458 3542 φεύγωμεν
2505 3470 2604 3541 τὴν
2664 3473 3051 3544 φιλαργυρίαν,
3097 3471 3196 3544 τὴν
3247 3474 3614 3545 πτωχοποιὸν,
3645 3477 3746 3546 τὴν

2161 3555 2525 3631 ψυχοφθόρον,
2589 3553 2688 3624 τὴν
2739 3555 2967 3625 γεέννης
3023 3556 3208 3628 φίλην,
3269 3557 3367 3628 τὴν
3412 3559 3612 3629 ἐχθρὰν
3644 3549 3744 3624 τῆς

2167 3638 2447 3708 βασιλείας
2467 3635 2576 3689 τῶν
2600 3636 2868 3708 οὐρανῶν,
2930 3637 3028 3708 τὴν
3089 3639 3303 3710 μητέρα
3351 3641 3570 3702 πάντων
3608 3643 3744 3710 ὁμοῦ

2165 3721 2274 3775 τῶν
2303 3721 2512 3774 κακῶν·
2553 3721 2648 3774 καὶ
2678 3721 3111 3792 καταφρονῶμεν
3140 3723 3460 3799 χρημάτων,
3495 3723 3582 3776 ἴνα
3603 3727 3746 3785 ἀπο-

2165 3802 2451 3874 λαύσωμεν
2513 3804 2834 3875 χρημάτων,
2906 3803 3001 3857 καὶ
3063 3804 3200 3872 μετά
3271 3803 3382 3857 τῶν
3440 3807 3746 3876 χρημάτων

2165 3887 2592 3957 ἀπολαυσόμεθα
2612 3887 2707 3938 καὶ
2733 3887 2842 3940 τῶν
2864 3885 3286 3958 ἐπηγγελμένων
3336 3887 3470 3956 ἡμῖν
3495 3887 3743 3954 ἀγαθῶν·

2163 3963 2238 4026 ὧν
2269 3970 2480 4043 γένοιτο
2537 3968 2748 4038 πάντας
2800 3962 3287 4041 ἡμᾶς’ἐπιτυχεῖν,
3339 3962 3434 4032 καὶ
3473 3969 3544 4032 τὰ
3592 3970 3748 4045 ἐξῆς.

2239 4242 2265 4272 ⁸³
2291 4241 2374 4292 Sic
2401 4241 2526 4306 Reg.
2549 4245 2602 4291 el
2621 4238 2769 4294 Savil.
2795 4239 2849 4290 In
2874 4239 3045 4289 Morel.
3072 4241 3232 4298 λαϐών
3259 4241 3589 4298 desideratur.

1690 4373 3716 4402 -—-———9—-'—-——-——-—_—————-—————-p——_—.

1945 4506 2191 4564 ΟΜΙΛΙΑ
2229 4507 2356 4564 KA'.

491 4611 825 4680 Πειρασμός
857 4611 1012 4682 ὑμᾶς
1039 4615 1150 4682 οὐκ
1183 4616 1454 4682 εἴληφεν,
1485 4616 1536 4666 εί
1556 4614 1644 4682 μὴ
1664 4614 2064 4682 ἀνθρώπινος.

561 4683 778 4746 Πιστὸς
809 4681 875 4733 δὲ
895 4684 936 4752 ,ό
961 4681 1126 4752 θεὸς.
1151 4683 1218 4748 ὃς
1246 4681 1356 4738 οὐκ
1371 4683 1538 4736 ἐάσει
1559 4681 1717 4752 ὑμᾶς
1742 4683 2068 4750 πειρασθῆ-

561 4770 659 4808 ναι
699 4752 849 4820 ὑπὲρ
880 4750 910 4804 ὃ
952 4751 1238 4822 δύνασθε,
1274 4753 1437 4807 ἀλλὰ
1477 4750 1609 4822 σὺν(
1644 4753 1723 4818 τῷ
1763 4752 2071 4822 πειρασμῷ

563 4823 800 4888 ,ποιήσει
843 4822 943 4894 καί
993 4821 1106 4890 τὴν
1149 4822 1401 4894 ἑκϐασιν
1444 4821 1551 4876 τοῦ
1579 4821 1876 4877 δύνασθαι
1917 4821 2071 4894 ὑμᾶς

563 4893 939 4960 ὑπενεγκεῖν,
965 4895 1060 4948 καί
1097 4895 1169 4948 τὰ
1200 4891 1362 4962 ἑξῆς.

572 5029 642 5075 α’.
661 5023 992 5096 Ἐπειδήπερ
1022 5028 1289 5099 ἐφόϐησεν
1306 5029 1502 5092 αὐτοὺς
1532 5026 1750 5092 ἱκανῶς,
1773 5027 1841 5081 τὰ
1865 5027 2072 5081 παλαιά

495 5106 896 5176 διηγησάμενος
925 5109 1367 5179 παραδείγματα,
1397 5113 1489 5166 καὶ
1511 5114 1591 5176 είς
1613 5112 1852 5181 ἀγωνίαν
1881 5112 2072 5165 ἐνέϐα-

498 5193 608 5257 λεν,
641 5189 828 5255 εἰπὼν,
874 5190 937 5244 Ὀ
963 5191 1159 5245 δοκῶν
1188 5194 1453 5260 ἑστάναι,
1470 5197 1750 5259 βλεπέτω
1772 5195 1859 5266 μὴ
1889 5197 2073 5264 πέσῃ,

498 5273 637 5348 ἦσαν
675 5275 728 5328 δὲ
773 5276 868 5328 καὶ
911 5277 1250 5347 πειρασμοὺς
1303 5278 1617 5346 ἐνηνοχότες
1672 5281 1932 5345 πολλοὺς,
1982 5282 2077 5334 καὶ

498 5373 566 5430 γυ
576 5359 910 5431 μνασάμενοι
935 5359 1192 5424 πολλάκις
1214 5359 1273 5414 ἐν
1297 5357 1526 5424 τούτοις
1555 5362 1665 5416 Καὶ
1693 5363 1802 5434 γάρ
1820 5363 1890 5417 ἐν
1908 5363 2078 5418 ἀσθε-

498 5445 650 5512 νείᾳ,
705 5445 879 5516 φησι,
930 5445 1029 5498 καί
1076 5444 1146 5497 ἐν
1187 5445 1350 5513 φόϐῳ
1394 5444 1493 5500 καὶ
1525 5444 1595 5497 ἐν
1629 5448 1822 5515 τρόμῳ
1869 5444 2078 5510 πολλῷ

495 5528 790 5596 ἐγενόμην
830 5528 980 5597 πρὸς
1022 5527 1196 5598 ὑμᾶς’
1259 5530 1344 5582 ἶνα
1385 5529 1460 5599 μὴ
1502 5529 1736 5598 λέγωσι,
1772 5529 1837 5580 Τί
1889 5527 2074 5596 φοϐεῖς

495 5609 646 5679 ἡμᾶς
678 5611 772 5662 καὶ
821 5612 1062 5684 δεδίττῃ;
1120 5613 1221 5664 οὐκ
1273 5611 1439 5678 ἐσμὲν
1482 5613 1690 5665 τούτων
1749 5610 2073 5680 ἀμελέτητοι

497 5693 606 5745 τῶν
657 5691 868 5743 κακῶν·
921 5695 1016 5746 καὶ
1070 5693 1179 5762 γάρ
1237 5692 1516 5762 ὴλάθημεν
1580 5694 1671 5746 καὶ
1740 5692 2074 5761 ἐδιώχθημεν

505 5777 597 5836 καὶ
643 5773 869 5838 πολλοὺς
914 5776 1004 5829 καὶ
1048 5780 1288 5848 συνεχεῖς
1333 5775 1705 5847 ὑπεμείναμεν
1754 5775 2068 5842 κινδύνους⁹

2172 4613 2550 4668 καταστέλλων
2599 4615 2782 4670 αὐτῶν
2831 4617 2990 4671 πάλιν
3032 4616 3093 4669 τὸ
3142 4615 3405 4688 φύσημα,
3436 4617 3589 4688 φησὶ,
3623 4621 3752 4673 Πει-

2163 4695 2400 4764 ρασμὸς
2444 4695 2600 4765 ὑμᾶς
2641 4702 2752 4754 οὐκ
2795 4701 3080 4769 ετληεοεν,
3123 4703 3175 4754 εί
3218 4701 3305 4769 μὴ
3359 4701 3748 4769 (ιιι-θριδὶιιπινοςς

2171 4779 2456 4843 τουτέστι,
2524 4782 2753 4853 μικρὸς,
2803 4783 3049 4857 βραχὺς,
3115 4783 3450 4854 σύμμετρος.
3513 4785 3588 4837 Τὸ
3648 4787 3756 4861 γάρ

2172 4861 2513 4934 ἀνθρώπινον
2557 4865 2652 4916 ἐπὶ
2696 4866 2792 4918 τοῦ
2837 4868 3038 4938 μικροῦ
3090 4867 3273 4934 λέγει,
3307 4867 3383 4928 ὡς
3411 4868 3538 4920 ὃταν
3583 4859 3753 4940 λέγῃῖ

2187 4945 2578 5013 Ἀνθρώπινον
2599 4947 2752 5017 λέγω
2776 4948 2872 5004 διὰ
2899 4951 3016 5018 τὴν
3039 4950 3362 5006 ἀσθένειαν
3386 4949 3496 5019 τῆς
3527 4953 3758 5018 σαρκὸς

2173 5027 2361 5098 ὑμῶν.
2399 5029 2489 5097 Μὴ
2527 5030 2707 5083 τοίνυν
2757 5032 2901 5101 μέγα
2944 5037 3225 5105 φρονεῖτε,
3263 5033 3449 5104 φησὶν,
3485 5033 3560 5097 ὡς
3603 5051 3759 5105 περι-

2175 5111 2454 5180 γενόμενοι
2481 5111 2573 5163 τοῦ
2603 5113 2913 5169 κλυδωνίουο
2944 5117 3200 5171 οὐδέποτε
3231 5117 3342 5187 γάρ
3374 5116 3542 5169 εἰδετε
3576 5117 3759 5169 κίνδυ-

2178 5211 2267 5247 νον
2325 5193 2555 5249 θάνατον
2606 5197 2952 5264 ἀπειλοῦντα,
3008 5201 3130 5253 ούδέ
3177 5200 3488 5270 πειρασμὸν
3545 5199 3760 5270 σφαγὴν

2177 5279 2692 5354 ἐπανατεινόμενον·
2724 5281 2753 5334 ὃ
2786 5282 2882 5336 καὶ
2922 5284 3202 5355 Ἑϐραίοις
3226 5283 3435 5357 ἔλεγεν·
3464 5282 3642 5336 οὔπω
3664 5281 3760 5349 μέ-

2178 5377 2310 5430 χρις
2346 5361 2594 5430 αἳματος
2626 5366 3091 5435 ἀντικατέστητε
3139 5367 3290 5436 πρὸς
3319 5366 3435 5435 τὴν
3465 5365 3762 5434 ἁμαρτίαν

2175 5444 2719 5516 ἀνταγωνιζόμενοι.
2752 5445 2886 5507 Εἶτα
2934 5451 3121 5524 ἐπειδὴ
3162 5449 3453 5520 ἐφόϐησεν,
3497 5449 3602 5525 ὅρα
3646 5449 3762 5509 πῶς

2181 5529 2344 5581 πάλιν
2377 5529 2572 5594 αὐτοὺς
2604 5531 2855 5604 ἀνίστησι
2886 5535 3024 5605 μετά
3061 5534 3154 5588 τοῦ
3181 5536 3366 5586 πεῖσαι
3413 5530 3760 5603 μετριάζειν,

2181 5612 2354 5679 λέγων
2373 5626 2385 5638 ⁶
2417 5613 2638 5676 Πιστὸς
2662 5614 2730 5667 δὲ
2761 5619 2793 5669 ό
2823 5619 2988 5686 Θεὸς,
3022 5617 3090 5684 ὃς
3117 5620 3228 5672 οὐκ
3261 5615 3431 5670 ἐάσει
3459 5612 3615 5683 ὑμᾶς
3639 5628 3761 5665 πει-

2174 5692 2480 5764 ρασθῆναι
2525 5696 2680 5767 ὑπὲρ
2719 5699 2751 5752 ὃ
2791 5701 3074 5756 δύνασθε.
3120 5701 3262 5771 Ἄρα
3294 5699 3402 5751 είσὶ
3441 5695 3761 5767 πειρασμῶν

2182 5778 2277 5843 οὓς
2306 5778 2366 5831 οὐ
2395 5777 2620 5838 δυνατὸν
2644 5785 2984 5853 ὑπενεγκεῖν.
3017 5786 3126 5841 Καὶ
3152 5787 3298 5849 τίνες
3321 5777 3468 5838 οὗτοι
3487 5799 3500 5811 ⁸
3531 5780 3763 5844 Πάντες,
