4108 6218
303 325 404 382 197

296 451 423 505 ergo
469 443 609 490 terra
650 432 737 488 illa
777 431 1008 487 aurifera
1050 427 1266 484 latibula
1307 436 1359 481 et
1395 437 1637 480 recessus
1672 418 1870 476 habere

291 531 346 584 in
370 525 669 581 tenebrosis
695 523 800 578 illis
823 522 1088 592 speluncis
1116 540 1131 574 :
1163 518 1537 581 facinorosum,
1555 515 1642 585 qui
1664 513 1731 568 ad
1755 513 1872 571 illos

297 618 506 671 Laliorcs
527 615 810 669 damnatus
837 622 950 678 est,
979 611 1100 666 ideo
1145 611 1414 664 lucernam
1446 606 1789 674 accipientem
1819 611 1875 657 et

295 708 548 777 iigonem,
578 707 650 761 ita
698 705 924 776 ingredi,
951 713 1006 760 et
1049 703 1376 774 gutturniuin
1423 699 1633 760 afferre,
1664 707 1722 752 ut
1750 695 1874 751 inde

297 800 476 854 oleum
504 799 558 852 in
591 797 862 852 lucernam
911 794 1170 860 infundat,
1203 794 1325 862 quia
1355 790 1588 846 tenebras
1619 788 1727 843 illic
1752 794 1876 842 sunt

298 893 460 948 etiam
507 889 758 955 interdiu,
783 899 842 944 ut
864 889 974 959 jam
1019 888 1148 942 dixi.
1179 885 1380 942 Deinde
1421 882 1634 954 quando
1668 890 1876 950 tempus

300 981 568 1037 infelicem
599 981 745 1036 illum
791 988 942 1033 vocat
967 977 1032 1032 ad
1057 977 1232 1032 cibum
1251 1019 1264 1042 ,
1292 978 1462 1046 ipsum
1492 972 1703 1044 quidem
1745 982 1879 1026 tem-

301 1089 400 1144 pus
439 1073 686 1143 ignorare
715 1080 959 1137 narrant;
991 1070 1154 1125 vincti
1186 1083 1313 1123 vero
1345 1065 1620 1122 custodem
1647 1078 1879 1134 superne

302 1165 648 1218 vehementer
685 1162 985 1232 pulsantem
1022 1161 1353 1231 speluncam,
1386 1172 1481 1228 per
1515 1156 1790 1226 strepitum
1826 1161 1881 1209 et

300 1267 491 1308 vocem
526 1251 760 1308 indicare
795 1251 953 1307 finem
994 1265 1114 1305 esse
1151 1249 1276 1304 diei.
1309 1249 1500 1303 Annon
1539 1244 1881 1300 inhorruistis

299 1343 416 1398 hrec
443 1343 751 1398 audientes?
775 1343 1056 1398 Videamus
1074 1355 1201 1411 ergo
1220 1354 1395 1394 annon
1420 1337 1502 1394 his
1526 1339 1766 1407 graviora
1789 1350 1883 1405 pa-

303 1437 503 1490 tiantur
527 1435 691 1488 avari.
720 1434 853 1489 Nam
886 1435 940 1488 hi
969 1447 1180 1504 quoque
1215 1432 1511 1502 graviorem
1540 1430 1739 1485 habent
1765 1444 1883 1484 ear-

302 1526 445 1582 ceris
493 1525 787 1590 custodem,
831 1524 1128 1589 avaritiam,
1175 1530 1229 1577 et
1273 1537 1336 1577 eo
1375 1520 1690 1592 graviorem,
1737 1518 1878 1590 quod

301 1633 423 1672 cum
453 1631 679 1686 corpore
702 1615 935 1669 animam
966 1613 1124 1669 simul
1149 1612 1379 1682 colliget.
1424 1612 1516 1666 llae
1558 1626 1768 1682 quoque
1799 1621 1878 1666 te-

305 1707 484 1763 nebrze
517 1715 642 1762 sunt
676 1706 778 1760 illis
809 1705 1211 1769 horribiliores;
1242 1719 1346 1757 non
1379 1712 1502 1758 sunt
1532 1704 1674 1757 enim
1703 1702 1879 1758 sensi-

305 1800 458 1865 biles,
511 1799 608 1856 sed
663 1800 785 1854 illas
835 1800 975 1852 intus
1028 1795 1297 1866 parientes
1338 1797 1502 1862 avari,
1551 1809 1883 1866 quocumque

304 1890 568 1956 abierint,
599 1889 795 1958 ubique
821 1901 1001 1943 secum
1034 1884 1414 1941 circumferunt
1439 1903 1452 1938 :
1480 1884 1773 1939 exstinctus
1803 1893 1885 1939 est

304 1979 446 2034 enim
507 1979 635 2048 ipsis
686 1980 879 2032 animae
929 1976 1135 2031 oculus.
1188 1974 1419 2046 Ideoque
1468 1975 1714 2030 Christus
1766 1975 1886 2029 illos

306 2071 538 2123 maxime
566 2069 803 2123 omnium
834 2068 1058 2122 miseros
1096 2065 1560 2144 prmdicatdicens
1589 2082 1602 2118 :
1634 2065 1695 2119 Si
1721 2075 1886 2118 autem

305 2163 474 2214 tanien
518 2159 652 2230 quod
699 2161 752 2213 in
792 2169 838 2213 te
881 2168 985 2220 est,
1015 2157 1227 2212 tenebrat
1271 2157 1401 2224 sint,
1431 2156 1646 2210 tenebrat
1687 2166 1889 2225 quanta:

305 2263 450 2304 erunt
475 2251 701 2321 (Matth.
728 2251 780 2305 6.
807 2251 878 2306 2â€˜5
897 2251 914 2320 )
935 2250 958 2303 ?
980 2249 1045 2303 Et
1069 2249 1142 2304 illi
1166 2247 1381 2319 quidem
1403 2248 1592 2302 saltem
1615 2247 1885 2301 lucernam

306 2343 508 2398 habent
548 2345 814 2398 lucentem
847 2359 860 2397 :
905 2342 958 2396 bi
986 2353 1163 2396 autem
1194 2341 1281 2395 illa
1312 2341 1588 2410 privamur
1620 2357 1633 2394 :
1666 2338 1890 2408 ideoque

304 2434 544 2504 quotidie
563 2435 614 2487 in
633 2433 880 2488 barathra
901 2434 1137 2489 incidunt
1159 2434 1458 2489 innumera.
1480 2431 1796 2487 Etdamnati
1815 2432 1888 2486 illi

307 2527 526 2596 quidem
550 2526 866 2581 adveniente
892 2536 1048 2581 nocte
1068 2527 1353 2597 respirant,
1378 2526 1428 2580 in
1450 2540 1784 2580 communem
1803 2539 1892 2580 eo-

306 2635 424 2672 rum
455 2619 549 2688 qui
570 2617 710 2673 diem
737 2618 1020 2673 infeliciter
1048 2624 1419 2688 transegerunt
1457 2616 1891 2686 tranquillitatem

309 2709 643 2778 navigantes,
664 2709 715 2762 in
735 2718 944 2763 noctem
965 2708 1113 2776 dico;
1135 2709 1313 2763 avaris
1329 2718 1503 2763 autem
1522 2707 1663 2762 hunc
1681 2716 1892 2777 portum

311 2801 584 2855 obstruxit
624 2802 843 2856 avaritia
872 2818 886 2854 :
919 2810 998 2856 tot
1023 2810 1076 2856 et
1102 2802 1260 2856 tantis
1284 2801 1427 2856 curis
1451 2811 1609 2856 noctu
1637 2799 1895 2855 distinen-

312 2905 397 2949 tur
423 2896 475 2949 in
505 2896 638 2960 alio,
668 2895 884 2949 nemine
912 2895 1181 2964 negotium
1213 2894 1458 2961 faciente,
1489 2895 1692 2963 seipsos
1722 2907 1894 2946 mace-

311 2998 513 3040 rantes.
563 2987 633 3040 Et
659 3003 778 3056 qua:
808 2987 893 3040 hic
921 2986 1132 3056 quidem
1181 2997 1410 3056 aguntur
1437 2985 1558 3040 talia
1590 2992 1744 3050 sunt;
1776 2999 1895 3054 qua:

311 3093 440 3132 vero
463 3079 594 3143 illic,
625 3078 742 3146 quis
765 3093 942 3133 sermo
965 3092 1245 3132 recensere
1278 3076 1462 3146 possit,
1488 3076 1731 3132 fornaces
1760 3075 1896 3130 into-

313 3168 567 3223 lerabiles
588 3211 603 3235 ,
636 3168 827 3224 fluvios
873 3169 992 3238 igne
1039 3168 1289 3223 ardentes
1311 3209 1324 3233 ,
1357 3168 1543 3224 dentes
1573 3169 1858 3224 stridentes
1878 3209 1892 3232 ,

313 3262 613 3316 insolubilia
644 3261 870 3327 vincula,
899 3276 1134 3316 vermcm
1165 3272 1506 3326 venenatum,
1538 3261 1784 3316 tenebras
1811 3260 1894 3314 lu-

315 3354 392 3406 cis
419 3365 688 3423 expertes,
722 3352 860 3407 mala
890 3369 1173 3423 numquam
1202 3352 1358 3407 linem
1389 3353 1655 3407 habentia.
1690 3351 1899 3406 Timea-

317 3462 434 3500 mus
462 3461 610 3516 ergo,
640 3445 842 3510 dilecti,
873 3444 1132 3514 fugiamus
1161 3445 1360 3499 fontem
1393 3453 1658 3500 tantorum
1689 3445 1897 3500 crucia-

320 3549 488 3601 tuum,
506 3538 736 3592 furorem
762 3537 1134 3600 insatiabilem,
1162 3546 1356 3591 nostra:
1376 3537 1563 3591 salutis
1587 3537 1895 3606 perniciem.

318 3628 431 3682 Non
475 3636 700 3698 possunt
746 3629 887 3681 enim
933 3626 1091 3681 simul
1130 3627 1297 3680 amari
1338 3627 1557 3695 pecunia
1606 3635 1660 3682 et
1697 3628 1895 3681 anima.

319 3721 595 3776 Discamus
616 3723 869 3791 pecunias
891 3735 1010 3775 esse
1035 3729 1233 3775 terram
1253 3728 1306 3774 et
1328 3720 1622 3789 pulverem,
1642 3714 1782 3791 quod
1803 3735 1899 3775 nos

317 3811 570 3866 deserant
597 3811 721 3866 hinc
749 3810 1132 3881 demigrantes,
1167 3812 1275 3864 imo
1303 3825 1431 3864 vero
1456 3826 1599 3882 saepe
1638 3819 1762 3866 ante
1803 3812 1896 3866 de-

317 3918 530 3958 cessum
556 3913 792 3958 nostrum
817 3904 1076 3966 resiliant,
1107 3901 1246 3972 quod
1268 3901 1334 3956 ad
1354 3901 1584 3956 futuram
1606 3909 1832 3958 noceant
1850 3912 1903 3958 et

315 3997 382 4050 ad
405 4005 728 4066 praesentem
754 3997 932 4050 vitam.
968 3995 1102 4049 Nam
1131 4006 1183 4049 et
1207 4004 1328 4049 ante
1370 3995 1667 4066 gehennam
1698 4004 1752 4050 et
1779 4005 1903 4051 ante

314 4085 650 4156 supplicium
678 4085 800 4140 illud
827 4087 876 4140 in
904 4085 1043 4140 bella
1068 4085 1150 4139 hic
1175 4100 1270 4140 nos
1292 4086 1565 4141 innumera
1592 4087 1900 4157 conjiciunt,

1321 307 1385 364 Î™Î
1424 304 1634 363 EPIST.
1677 300 1696 357 1
1759 301 1848 356 AD
1886 298 2039 356 COR.
2082 297 2308 354 IlOMlL.
2347 297 2533 354 XXIV.

3461 301 3554 358 198

1981 416 2269 472 seditiones
2297 416 2529 470 excitant
2555 424 2609 470 et
2638 429 2858 486 pugnas.
2889 415 3028 470 Nihil
3067 418 3207 473 enim
3252 419 3320 474 ita
3363 421 3556 481 bellum

1980 509 2209 564 concitat
2244 518 2300 563 ut
2335 508 2582 574 avaritia;
2617 510 2747 564 nihil
2788 511 2858 564 ita
2898 509 3111 580 inopem
3141 512 3345 579 reddit,
3370 514 3481 571 sive
3509 517 3558 572 in

1981 601 2176 655 divitiis
2200 643 2215 666 ,
2248 601 2359 656 sive
2397 601 2450 655 in
2498 602 2748 671 pauperie
2788 604 3111 672 apparuerit.
3140 604 3387 662 Nascitur
3419 610 3560 665 enim

1981 695 2141 748 etiam
2166 695 2217 747 in
2242 708 2533 764 pauperum
2555 695 2745 750 animis
2764 696 2940 766 gravis
2961 696 3047 752 hic
3067 699 3300 764 morbus,
3326 701 3564 756 illorum-

1983 799 2087 853 que
2106 793 2471 855 paupertatem
2497 786 2664 856 magis
2683 787 2881 841 atterit.
2902 786 2958 841 Si
2978 796 3153 843 autem
3181 790 3427 846 inventus
3455 793 3565 849 fue-

1985 875 2053 929 rit
2073 891 2272 945 pauper
2297 891 2507 942 avarus,
2533 892 2637 930 non
2664 877 2717 930 in
2745 877 2942 932 divitiis
2970 879 3077 943 ille,
3096 880 3188 935 sed
3221 881 3271 936 in
3302 881 3444 939 fame
3473 884 3564 940 dat

1984 980 2190 1036 poenas.
2237 965 2353 1021 Non
2381 966 2521 1022 enim
2552 974 2728 1038 potest
2757 968 2840 1023 vel
2870 968 3092 1024 modicis
3123 970 3227 1024 illis
3253 988 3370 1040 quae
3401 973 3564 1032 habet

1986 1058 2150 1112 libere
2169 1057 2292 1125 frui,
2313 1055 2405 1112 sed
2428 1068 2481 1112 et
2501 1065 2740 1113 ventrem
2764 1055 2903 1113 fame
2924 1066 3097 1125 vexat,
3118 1069 3168 1112 et
3187 1074 3382 1130 corpus
3399 1073 3562 1119 totum

1987 1148 2223 1203 nuditate
2259 1158 2313 1203 et
2352 1147 2548 1218 frigore
2583 1149 2855 1204 ulciscitur
2876 1190 2890 1215 ,
2921 1159 2976 1204 et
3005 1150 3071 1204 iis
3100 1151 3187 1220 qui
3219 1160 3343 1205 sunt
3368 1154 3418 1207 in
3447 1157 3565 1209 vin-

1987 1239 2122 1294 culis
2149 1239 2340 1308 ubique
2387 1239 2679 1310 squalidior
2706 1248 2761 1294 et
2787 1240 3053 1295 sordidior
3080 1252 3163 1296 est
3190 1259 3204 1296 :
3233 1260 3342 1299 sem
3355 1261 3447 1314 per
3474 1247 3566 1303 llet

1987 1339 2043 1384 et
2067 1330 2403 1395 lamentatur,
2435 1345 2496 1384 ac
2523 1330 2566 1385 si
2597 1331 2835 1385 omnium
2869 1332 3202 1390 miserrimus
3233 1335 3323 1403 sit,
3357 1339 3562 1392 etiamsi

1989 1421 2252 1476 innumeri
2274 1423 2380 1477 sint
2403 1423 2492 1477 illo
2513 1421 2876 1492 pauperiores.
2900 1423 2998 1480 Hic
3019 1424 3062 1479 si
3087 1425 3136 1478 in
3161 1425 3332 1480 forum
3358 1428 3562 1496 ingres-

1982 1533 2074 1572 sus
2113 1516 2290 1581 fuerit,
2324 1516 2435 1570 abit
2471 1516 2652 1570 multis
2694 1517 2927 1586 acceptis
2969 1517 3256 1584 vibicibus;
3282 1519 3324 1573 si
3353 1519 3403 1574 in
3450 1521 3567 1576 bal-

1984 1624 2164 1672 neum,
2203 1608 2245 1662 si
2279 1608 2330 1661 in
2360 1607 2642 1670 theatrum,
2675 1608 2822 1676 plura
2851 1607 3075 1678 accipiet
3111 1611 3328 1664 vulnera
3354 1653 3367 1674 ,
3403 1627 3507 1666 non
3536 1627 3566 1666 a

1982 1698 2372 1768 spectatoribus
2406 1699 2580 1753 solum
2603 1740 2615 1762 ,
2639 1697 2732 1752 sed
2774 1700 2932 1753 etiam
2975 1697 3043 1753 ab
3077 1700 3142 1754 iis
3178 1701 3266 1770 qui
3316 1702 3366 1756 in
3406 1717 3566 1758 scena

1984 1801 2252 1858 sunt,cum
2273 1792 2461 1848 viderit
2481 1793 2789 1846 meretrices
2805 1792 2996 1848 multas
3017 1808 3148 1848 auro
3169 1793 3450 1864 fulgentes.
3474 1796 3570 1851 llic

1985 1887 2146 1940 etiam
2177 1886 2220 1940 si
2253 1885 2304 1938 in
2337 1885 2470 1938 mari
2501 1883 2744 1953 naviget,
2780 1892 3106 1939 mercatores
3132 1894 3185 1940 et
3211 1902 3372 1942 naves
3399 1889 3569 1958 pluri-

1986 1976 2090 2030 mis
2118 1984 2338 2030 onustas
2370 1974 2636 2030 mercibus
2666 1974 2907 2045 cogitans
2937 1986 2991 2030 et
3019 1977 3162 2031 lucra
3194 1977 3446 2048 ingentia,
3478 1995 3571 2034 ne-

1987 2083 2092 2138 que
2120 2083 2180 2124 se
2204 2069 2388 2123 vivere
2413 2068 2617 2138 putabit
2645 2085 2658 2121 :
2683 2068 2891 2123 etiamsi
2919 2084 3013 2138 per
3041 2079 3236 2124 terram
3281 2071 3383 2126 iter
3426 2083 3564 2143 agat,

1988 2176 2166 2231 agros,
2213 2161 2408 2230 praedia
2457 2160 2780 2226 suburbana,
2827 2161 3140 2227 diversoria,
3193 2162 3400 2228 balnea,
3444 2181 3571 2237 pro-

1990 2261 2179 2306 ventus
2209 2251 2331 2306 inde
2359 2261 2542 2322 partos
2585 2252 2845 2322 cogitans,
2887 2267 2993 2306 non
3041 2252 3253 2308 vitalem
3283 2255 3384 2309 sibi
3411 2257 3570 2312 vitam

1990 2357 2109 2398 esse
2136 2352 2318 2412 postea
2350 2345 2570 2414 putabit.
2594 2343 2744 2411 Quod
2769 2344 2814 2397 si
2841 2343 2991 2398 illum
3015 2345 3173 2399 etiam
3198 2345 3333 2400 intra
3356 2347 3570 2404 domum

1993 2434 2306 2500 incluseris;
2354 2450 2472 2506 qua:
2521 2435 2574 2489 in
2619 2434 2734 2489 foro
2778 2435 2984 2504 accepit
3026 2436 3243 2491 vulnera
3293 2436 3572 2506 refricans,

1993 2525 2131 2595 apud
2161 2541 2221 2581 se
2253 2527 2421 2595 magis
2448 2527 2681 2580 animum
2703 2527 3000 2581 cruci-abit:
3030 2542 3295 2598 unamque
3321 2531 3467 2584 novit
3489 2545 3576 2586 so-

1995 2618 2104 2672 lum
2122 2618 2537 2673 consolationem
2560 2619 2818 2672 malorum
2837 2619 3029 2689 quibus
3049 2620 3327 2689 premitur,
3348 2630 3574 2676 mortem

1996 2717 2050 2762 et
2078 2724 2140 2764 es
2173 2707 2271 2763 hac
2303 2712 2409 2762 vita
2435 2709 2824 2778 migrationem.
2869 2709 2994 2764 Haec
3023 2726 3126 2764 non
3156 2725 3357 2780 pauper
3381 2711 3540 2767 modo
3560 2754 3575 2777 ,

1995 2798 2088 2854 sed
2117 2800 2278 2854 etiam
2307 2800 2477 2868 dives,
2505 2801 2594 2871 qui
2625 2801 2678 2855 in
2707 2800 2847 2856 hunc
2876 2801 3124 2857 inciderit
3165 2803 3411 2858 morbum
3437 2845 3450 2869 ,
3480 2819 3578 2874 pa-

1997 2891 2176 2957 tietur,
2200 2900 2256 2947 et
2278 2900 2424 2948 tanto
2452 2895 2618 2963 magis
2645 2909 2801 2964 quam
2826 2909 3046 2963 pauper,
3071 2903 3269 2963 quanto
3290 2896 3580 2952 vehemen-

1998 2984 2100 3040 tior
2130 2985 2373 3040 imminet
2401 2986 2476 3040 illi
2508 2987 2748 3058 tyrannis
2767 3027 2781 3052 ,
2809 2996 2862 3041 et
2889 2986 3056 3056 major
3086 2987 3338 3042 ebrietas.
3374 2987 3498 3043 ldeo
3523 3004 3581 3043 se

1996 3076 2234 3130 omnium
2277 3078 2672 3147 pauperrimum
2707 3077 2929 3146 putabit,
2954 3077 3062 3131 imo
3096 3077 3254 3132 etiam
3295 3093 3419 3133 vere
3455 3093 3586 3148 pau-

1998 3169 2263 3238 perrimus
2305 3179 2406 3225 est.
2447 3169 2564 3224 Non
2611 3171 2752 3224 enim
2795 3185 2860 3224 ex
2904 3169 3214 3225 facultatum
3265 3172 3454 3240 modo,
3487 3174 3582 3227 Sed

1997 3279 2060 3318 ex
2089 3264 2283 3318 mentis
2306 3263 2500 3317 affectu
2528 3261 2860 3318 testimantur
2886 3263 3086 3317 divitiae
3113 3271 3168 3318 et
3193 3273 3492 3334 paupertas.
3514 3263 3584 3320 Et

2000 3355 2087 3408 ille
2116 3355 2284 3424 magis
2309 3364 2390 3409 est
2411 3355 2646 3410 omnium
2671 3353 3059 3424 pauperrimus,
3081 3355 3169 3425 qui
3195 3370 3408 3424 semper
3434 3355 3584 3425 plura

1999 3446 2350 3516 concupiscit,
2380 3454 2434 3500 et
2463 3461 2754 3515 numquam
2802 3446 2993 3500 sistere
3023 3454 3196 3515 potest
3225 3446 3359 3501 hanc
3389 3447 3584 3503 malam

2000 3538 2508 3607 concupiscentiam.
2538 3537 2766 3607 Propter
2793 3539 2906 3592 haec
2934 3539 3110 3592 omnia
3137 3537 3396 3608 fugiamus
3415 3539 3585 3594 avari-

2003 3631 2150 3695 tiam,
2195 3645 2314 3698 quae
2356 3639 2721 3699 paupertatem
2762 3629 2996 3696 inducit,
3027 3630 3234 3684 animas
3259 3632 3585 3702 corrumpit,

2000 3720 2258 3790 gehennae
2289 3720 2537 3785 amicam,
2570 3719 2836 3774 inimicam
2868 3721 3015 3791 regni
3046 3720 3300 3776 caelorum
3319 3762 3334 3787 ,
3363 3732 3586 3777 matrem

2005 3813 2242 3868 ninnium
2272 3812 2432 3867 simul
2464 3813 2763 3878 malorum;
2796 3822 2851 3868 et
2881 3814 3131 3883 pecunias
3158 3823 3587 3884 contemnamus,

2005 3913 2062 3958 nt
2103 3903 2342 3959 fruamur
2369 3902 2626 3973 pecuniis,
2659 3912 2713 3958 et
2741 3919 2860 3960 cum
2893 3904 3131 3973 pecuniis
3163 3904 3404 3961 fruemur
3429 3909 3588 3962 etiam

2005 3997 2161 4052 bonis
2186 3997 2340 4052 nobis
2365 3995 2647 4066 promissis
2683 4013 2696 4049 :
2729 4011 2846 4065 quae
2878 3996 3077 4050 utinam
3107 4011 3206 4052 nos
3232 4013 3418 4054 omnes
3443 4015 3576 4056 asse-

2006 4087 2098 4158 qui
2122 4087 2414 4158 contiugat,
2437 4095 2541 4141 etc.

3179 4229 3542 4243 â€”â€”â€”â€”â€”.â€”._

1701 4299 2041 4364 HOMILIA
2085 4302 2321 4368 XXIV.

316 4453 448 4511 Car.
487 4453 572 4509 Î¹Î¿.
599 4468 654 4508 v.
687 4453 773 4507 l5.
815 4452 1043 4507 Teutatio
1069 4468 1153 4507 vos
1193 4467 1292 4506 non
1318 4448 1650 4521 apprehendit
1679 4449 1777 4504 nisi
1798 4449 1890 4502 hu-

391 4561 569 4601 mana.
597 4543 794 4598 Fidelis
823 4551 990 4598 autem
1029 4553 1099 4596 est
1137 4539 1294 4607 Deus,
1327 4541 1412 4612 qui
1448 4556 1547 4595 non
1577 4540 1790 4608 patietur
1812 4555 1898 4593 vos

389 4637 573 4690 tentari
595 4653 755 4706 supra
782 4636 834 4688 id
860 4635 994 4704 quod
1018 4635 1240 4705 potestis,
1291 4634 1378 4686 sed
1425 4633 1571 4704 faciet
1600 4647 1712 4685 cum
1741 4639 1902 4683 tenta-

392 4727 528 4781 tione
556 4736 874 4796 proventum,
903 4737 955 4780 ut
985 4727 1186 4796 possitis
1212 4727 1475 4790 sustinere,
1503 4733 1600 4776 etc.

392 4823 445 4877 l.
515 4821 804 4888 Postquam
856 4821 984 4875 satis
1039 4820 1225 4874 terruit
1275 4833 1369 4874 eos
1445 4825 1623 4872 vetera
1680 4831 1904 4872 narrans

317 4914 589 4983 exempla,
619 4922 785 4985 atque
830 4913 883 4967 in
924 4913 1087 4967 animi
1117 4926 1368 4980 angorem
1411 4909 1660 4980 conjecit,
1696 4909 1902 4974 dicens,

324 5007 424 5074 Qui
471 5007 667 5060 videtur
713 5017 883 5072 stare,
939 5007 1101 5061 videat
1153 5021 1218 5059 tte
1259 5005 1444 5070 cadat;
1480 5005 1674 5059 multas
1725 5013 1901 5059 autem

321 5101 560 5154 tulerant
583 5103 928 5163 tentationes,
959 5108 1012 5154 et
1042 5098 1092 5152 in
1122 5099 1186 5153 iis
1213 5113 1357 5167 sape
1377 5113 1496 5153 sese
1512 5107 1863 5153 exercuerant
1888 5115 1900 5148 :

319 5208 444 5246 tam
494 5190 560 5246 In
611 5193 923 5261 inï¬miitate,
970 5192 1160 5262 inquit,
1207 5201 1254 5245 et
1301 5191 1352 5244 iu
1402 5190 1577 5242 timore
1607 5199 1653 5242 et
1696 5198 1907 5242 tremore

319 5285 482 5336 inulto
513 5284 592 5352 fui
616 5284 756 5352 apud
781 5285 964 5353 vos(l.
997 5283 1114 5337 Cor.
1141 5282 1194 5336 2.
1235 5283 1330 5352 3);
1377 5297 1447 5336 ne
1495 5279 1753 5346 dicereut,
1801 5278 1907 5333 Cur

319 5391 420 5430 nos
445 5385 618 5429 terres
644 5385 698 5431 et
725 5376 918 5429 timore
945 5373 1154 5429 afficis?
1184 5389 1288 5428 non
1335 5387 1523 5427 sumus
1567 5371 1619 5424 in
1663 5371 1725 5424 iis
1753 5369 1904 5424 malis

321 5469 708 5530 inexercitati;
757 5484 880 5522 nam
920 5468 1058 5537 pulsi
1105 5481 1288 5521 sumus
1335 5477 1389 5521 et
1433 5463 1902 5534 persequutionem

323 5561 486 5629 p-cssi,
520 5559 690 5614 multa
712 5570 763 5613 et
786 5557 1079 5628 frequentia
1107 5557 1364 5612 subiimus
1390 5555 1625 5627 pericula
1653 5573 1665 5609 :
1693 5553 1903 5608 illorunt

324 5665 511 5706 rursus
543 5661 812 5705 tumorem
839 5649 1132 5720 reprimens
1161 5650 1235 5702 ait
1273 5665 1285 5701 :
1319 5647 1549 5702 Tentatia
1578 5662 1662 5701 vos
1690 5662 1789 5700 non
1815 5662 1909 5712 ap-

327 5744 594 5813 prvhendit
640 5743 738 5794 nisi
769 5742 1023 5806 limitatio;
1053 5741 1103 5796 id
1133 5749 1235 5806 est,
1273 5753 1456 5810 parva,
1492 5738 1691 5805 brevis,
1724 5734 1907 5791 mode-

646 5838 915 5894 Î¡Î¹Î¹Ï„Î¹Î¹Î¿Î¹.
964 5837 1075 5895 Gn.
1135 5833 1288 5897 LXl.

2008 4456 2140 4501 rata.
2176 4447 2476 4502 Humanum
2521 4447 2664 4503 enim
2697 4446 2828 4502 dicit
2873 4447 2941 4503 de
2991 4441 3176 4518 parvo,
3220 4461 3274 4504 ut
3314 4465 3434 4506 cum
3464 4453 3536 4506 ait
3572 4471 3584 4506 :

2012 4537 2305 4592 Humanum
2320 4539 2432 4592 dico
2454 4548 2657 4610 praptcr
2674 4537 3019 4609 inï¬rmitatem
3041 4543 3206 4594 carnis
3223 4552 3399 4597 vestra:
3412 4541 3586 4616 (Rom.

2009 4634 2061 4687 6.
2094 4630 2204 4703 l9}.
2234 4630 2312 4686 Ne
2359 4633 2537 4703 itaque
2580 4631 2744 4686 altum
2786 4633 3024 4702 sapiatis,
3057 4631 3248 4703 inquit,
3281 4647 3345 4687 ac
3374 4633 3418 4688 si
3453 4644 3587 4689 temo

2009 4731 2268 4795 pestatem
2307 4723 2688 4795 superaveritis
2719 4742 2733 4780 :
2760 4723 3000 4778 nondum
3036 4724 3177 4778 enim
3215 4724 3418 4777 vidistis
3449 4725 3579 4794 peri-

2010 4817 2186 4870 culum
2218 4817 2359 4884 quod
2406 4824 2634 4872 mortem
2677 4817 2992 4880 minaretur,
3039 4830 3210 4882 neque
3241 4816 3586 4872 tentationem

2011 4915 2235 4960 mortem
2264 4905 2638 4962 intentantem.
2681 4905 2834 4972 Quod
2863 4905 3022 4960 etiam
3071 4904 3306 4960 Hebraeis
3337 4906 3586 4962 dicebat:

2012 4995 2256 5052 Nondum
2282 5016 2436 5064 usque
2457 4993 2525 5052 ad
2553 4998 2849 5068 sanguinem
2873 4997 3122 5050 restitistis
3143 4996 3384 5052 adversus
3412 5017 3590 5071 pecca-

2011 5100 2114 5144 tum
2140 5102 2477 5161 repugnantes
2506 5089 2686 5160 (Hebr.
2735 5086 2820 5142 Î·.
2859 5089 2937 5156 4).
2989 5089 3189 5145 Deinde
3236 5090 3359 5160 quia
3405 5102 3590 5148 exter-

2011 5189 2210 5244 ruerat,
2243 5179 2361 5234 vide
2390 5177 2658 5248 quomodo
2688 5195 2872 5235 rursus
2915 5179 3036 5234 illos
3072 5181 3264 5250 erigat,
3306 5193 3588 5253 postquam

2012 5281 2347 5341 persuaserat
2385 5270 2491 5325 illis
2517 5281 2574 5326 ut
2599 5271 2837 5327 modeste
2860 5282 3102 5342 agerent,
3134 5273 3356 5327 dicens:
3391 5273 3588 5327 Fidelis

2010 5373 2080 5416 est
2102 5359 2239 5416 Deus
2259 5363 2346 5431 qui
2375 5378 2475 5416 non
2506 5363 2720 5432 patietur
2744 5377 2829 5415 vos
2855 5361 3038 5415 tentari
3067 5377 3224 5431 supra
3261 5361 3315 5413 id
3339 5361 3474 5431 quod
3499 5378 3586 5431 ÏÎ¿-
3610 5394 3615 5400 -

2014 5454 2166 5507 testis.
2204 5453 2346 5522 Ergo
2391 5461 2514 5507 sunt
2545 5452 2865 5508 tentationes
2895 5466 3017 5522 qua:
3047 5453 3172 5505 ferri
3203 5466 3309 5504 non
3341 5460 3585 5521 possunt.

2015 5547 2080 5601 Et
2106 5562 2348 5617 quaenam
2370 5547 2515 5601 illm?
2541 5544 2762 5613 Omnes,
2785 5557 2842 5601 ut
2870 5546 2942 5601 ita
2963 5545 3157 5600 dicam.
3183 5545 3424 5601 Potestas
3445 5547 3584 5602 enim

2013 5641 2065 5695 in
2089 5641 2180 5695 Dei
2211 5649 2342 5695 nutu
2370 5640 2470 5694 sita
2497 5647 2599 5706 est,
2626 5655 2781 5710 quam
2805 5655 2898 5710 per
2927 5639 3216 5694 voluntatis
3245 5650 3440 5695 nostrm
3461 5655 3582 5696 sen-

2015 5732 2233 5788 tentiam
2277 5731 2615 5788 attrahimus.
2649 5730 3002 5798 Quamobrem
3038 5742 3092 5787 ut
3121 5731 3294 5787 discas
3319 5743 3588 5792 accurate,

3174 5832 3249 5893 13
