4086 6214
535 327 653 383 ’199

545 436 693 512 quad
726 450 831 492 non
859 433 1029 490 solum
1054 425 1191 501 illas,
1214 443 1330 504 qua:
1361 439 1596 486 nostram
1619 435 1871 500 superant
1899 435 2135 498 potesta-

534 540 682 595 tem,
713 529 807 584 sed
835 542 1006 598 neque
1046 525 1207 582 hasce
1237 524 1498 579 humanas
1535 522 1802 593 possimus
1833 520 1949 575 sine
1993 518 2133 574 illius

548 621 749 677 auxilio
777 619 930 675 facile
954 617 1117 683 ferre,
1143 614 1418 686 subjunxit
1448 630 1462 668 :
1493 613 1600 669 Sed
1626 613 1777 685 [aciei
1817 627 1932 664 cum
1973 619 2135 664 tenta-

550 717 686 770 tione
705 720 1020 784 proventum,
1044 718 1098 763 ut
1123 708 1327 782 possitis
1345 706 1610 763 sustinere.
1645 704 1828 773 Neque
1851 703 1995 758 enim
2017 701 2134 756 illas

553 805 878 870 t'noderatas,
911 812 968 857 ut
993 801 1138 865 dixi,
1175 799 1388 871 propria
1427 799 1624 854 virtute
1665 797 1929 861 feremus;
1959 793 2052 850 sed
2079 793 2131 846 in

540 898 634 952 bis
663 911 874 967 quoque
904 895 1022 966 ejus
1050 909 1270 965 egemus
1299 893 1518 959 auxilio,
1549 903 1605 946 ut
1636 905 1729 946 eas
1756 887 2129 960 pervadamus,

543 1001 602 1045 et
649 999 932 1059 antequam
975 986 1326 1057 pervadamus
1366 987 1615 1041 feramus.
1663 982 1782 1054 Ipse
1828 994 2056 1050 namque
2081 987 2134 1033 rt

551 1081 862 1151 patientium
889 1078 1000 1144 dat,
1045 1087 1097 1133 et
1127 1087 1423 1148 promptam
1452 1073 1816 1132 liberationem
1840 1071 2028 1136 affert;
2061 1069 2132 1124 ita

551 1182 607 1226 ut
637 1175 734 1226 hac
761 1170 967 1225 ratione
996 1170 1221 1224 tentatio
1250 1167 1376 1224 ferri
1410 1167 1599 1239 possit.
1631 1166 1741 1221 lloc
1777 1164 1921 1220 enim
1948 1162 2132 1218 subin-

549 1265 744 1318 dicarit
759 1263 945 1318 dicens
967 1279 978 1314 :
1010 1260 1188 1315 Faciet
1213 1261 1400 1315 exitum
1423 1271 1475 1313 ut
1497 1260 1700 1331 possitis
1721 1258 1999 1321 sustinere;
2017 1269 2130 1309 om-

551 1359 743 1428 niaque
767 1357 838 1410 illi
870 1355 1130 1420 attribuit,
1162 1355 1248 1408 14.
1281 1353 1499 1424 Propter
1522 1350 1687 1422 quod,
1720 1346 1972 1403 carissimi
1998 1345 2129 1412 mei,

550 1450 708 1519 [agite
727 1448 788 1501 ob
810 1448 1060 1501 idolorum
1079 1446 1236 1500 cuitu.
1266 1445 1469 1498 Rursus
1494 1443 1613 1498 illos
1633 1441 1824 1497 leniter
1844 1439 2132 1510 alloquitur

551 1539 732 1594 addito
756 1535 1088 1608 cognationis
1116 1535 1354 1600 nomine,
1386 1543 1441 1589 et
1467 1548 1588 1589 cum
1628 1545 1817 1603 magna
1850 1539 2001 1600 urget
2039 1543 2130 1584 ce-

552 1630 760 1686 leritate
791 1637 847 1684 ut
873 1627 941 1682 ab
969 1627 1071 1683 hoc
1104 1635 1320 1698 peccato
1349 1626 1662 1681 liberentur.
1687 1623 1804 1678 Non
1830 1622 1973 1677 enim
2001 1621 2133 1676 dicit

551 1722 748 1784 solum,
784 1718 1068 1784 Discedite,
1101 1717 1216 1780 sed,
1251 1714 1473 1786 Fugite:
1499 1729 1561 1769 ac
1586 1729 1700 1769 rem
1727 1721 1884 1767 vocat
1912 1711 2136 1766 idolola-

552 1814 704 1866 triam
731 1828 745 1876 ;
773 1820 828 1865 et
865 1811 932 1865 ob
962 1809 1186 1879 proximi
1225 1808 1474 1863 damnum
1508 1807 1618 1878 jam
1663 1820 1769 1861 non
1819 1804 1978 1860 modo
2002 1804 2132 1858 abs-

552 1904 744 1959 cedere
765 1903 935 1972 jubet,
967 1903 1060 1956 sed
1093 1916 1204 1956 rem
1243 1900 1410 1970 ipsam
1457 1914 1553 1970 per
1592 1913 1652 1954 se
1680 1897 1925 1953 sufficere
1952 1897 2025 1950 ait
2064 1893 2132 1950 ad

553 2011 796 2067 magnam
829 1993 1157 2050 aﬂ‘erendam
1202 1993 1513 2064 perniciem.
1563 1992 1652 2048 l5.
1703 1989 1769 2046 Ut
1808 1990 2134 2062 prudentibus

550 2089 730 2156 loquor
747 2101 767 2152 ;
793 2101 876 2140 vos
892 2085 1122 2156 judicote
1138 2085 1272 2155 quod
1293 2084 1424 2138 dico.
1445 2083 1577 2150 Quia
1591 2083 1733 2138 enim
1756 2098 1867 2137 rem
1884 2096 2131 2151 magnam

551 2181 802 2250 loquutus
829 2187 926 2244 est,
971 2187 1025 2233 et
1065 2178 1270 2232 crimen
1316 2177 1464 2232 auxit
1507 2189 1705 2232 vocans
1735 2175 2128 2240 idolulatriam;

549 2285 617 2326 ne
645 2271 916 2325 videretur
941 2282 1261 2338 exasperare
1291 2266 1409 2324 illos
1429 2276 1481 2322 et
1509 2267 1735 2322 molesta
1763 2265 1838 2320 uti
1869 2263 2129 2330 oratione,

549 2364 657 2420 illis
685 2365 901 2420 demum
924 2362 1182 2434 judicium
1205 2360 1485 2433 permittit,
1515 2369 1570 2417 et
1595 2375 1716 2416 cum
1744 2358 1900 2415 laude
1923 2357 2132 2428 judices

548 2444 824 2511 conSIituit
855 2455 992 2510 illos.
1025 2453 1093 2510 Ut
1140 2452 1472 2524 prudentibus
1503 2453 1703 2522 loquor,
1747 2451 1920 2521 inquit
1947 2467 1960 2505 :
1989 2447 2131 2520 quod

548 2559 632 2605 est
677 2547 963 2604 admodum
1011 2546 1331 2602 confidentis
1372 2561 1550 2602 causa:
1601 2553 1650 2599 et
1699 2544 1803 2615 juri
1851 2559 1966 2608 suo,
2009 2556 2130 2597 cum

548 2655 741 2708 nempe
771 2639 920 2694 illum
949 2639 1036 2708 qui
1065 2645 1348 2692 accusatur
1388 2636 1514 2692 dicti
1552 2634 1786 2706 judiccm
1832 2632 2128 2690 constituit.

547 2727 660 2784 Hoc
687 2727 982 2783 auditorem
1010 2726 1177 2798 magis
1204 2726 1379 2798 erigit,
1409 2725 1621 2796 quando
1649 2727 1753 2780 non
1780 2724 1930 2794 quasi
1962 2724 2131 2793 impe-

547 2831 672 2874 rans
693 2828 746 2874 et
767 2818 935 2888 legem
965 2818 1162 2884 terens,
1205 2817 1301 2872 sed
1344 2817 1494 2886 quasi
1522 2814 1806 2870 consulens
1836 2823 1890 2867 et
1917 2813 2127 2868 illorum

541 2911 800 2983 judicium
828 2921 1165 2980 exspecmns,
1197 2910 1276 2965 sic
1305 2907 1543 2963 disserit.
1575 2905 1710 2961 Cum
1737 2904 1939 2961 JUdiBiS
1960 2905 2128 2971 enim,

548 3016 730 3076 utpote
757 3004 940 3058 insana
965 3011 1019 3057 et
1040 3001 1229 3072 puerili
1261 3010 1442 3055 mente
1466 2997 1720 3068 praeditis,
1754 3012 1861 3051 non
1883 2995 1960 3052 sic
1989 2995 2128 3051 Deus

546 3094 883 3167 loquebatur,
913 3107 1087 3163 neque
1130 3105 1344 3162 semper
1373 3089 1477 3144 illis
1522 3087 1893 3144 mandatorum
1938 3099 2129 3142 causas

546 3187 853 3258 indicabat;
879 3186 971 3241 sed
1006 3194 1207 3240 tantum
1224 3182 1445 3255 jubebat
1473 3201 1484 3236 :
1516 3181 1603 3237 hic
1629 3189 1829 3247 autem,
1860 3181 1981 3251 quia
2014 3194 2130 3233 ma-

544 3295 645 3350 gna
690 3280 937 3334 libertate
990 3276 1235 3339 fruimur,
1291 3284 1346 3329 et
1397 3272 1678 3327 consilium
1734 3270 1888 3326 nobis
1931 3270 2123 3337 adest,

545 3383 601 3426 ut
632 3371 834 3425 amicos
865 3383 964 3424 nos
1005 3366 1292 3438 alloquitur
1330 3374 1383 3420 et
1409 3365 1483 3418 ait
1524 3382 1537 3417 :
1579 3363 1694 3418 Non
1721 3375 1855 3432 opus
1883 3370 1964 3416 est
1994 3359 2127 3415 mihi

543 3465 661 3518 aliis
688 3463 954 3534 jndicihus
987 3480 999 3516 :
1031 3475 1124 3516 vos
1152 3458 1281 3515 mihi
1305 3458 1568 3513 calculum
1601 3456 1756 3524 ferte,
1795 3469 1892 3509 vos
1921 3455 2125 3525 accipio

539 3556 765 3626 judices.
796 3554 885 3609 16.
911 3553 1057 3609 Catia:
1077 3550 1455 3616 benedictionis,
1481 3549 1562 3603 cui
1584 3548 1939 3613 benedicimus,
1959 3561 2126 3602 nonne

543 3645 926 3701 communicatio
952 3643 1213 3715 sanguinis
1244 3641 1429 3698 Christi
1448 3651 1518 3696 est
1537 3641 1562 3695 ?
1581 3639 1719 3709 Quid
1740 3639 1894 3706 dicis,
1919 3654 1952 3694 0
1972 3639 2124 3695 beate

543 3737 744 3794 Paule?
792 3747 850 3792 ut
890 3735 1188 3791 auditorem
1235 3733 1437 3806 pudore
1481 3733 1724 3800 afficias,
1767 3733 2124 3804 mysteriaque

544 3831 809 3888 horrenda
862 3844 1204 3897 memorans,
1251 3827 1642 3885 benedictionis
1694 3827 1917 3882 calicem
1961 3839 2124 3881 vocas

543 3925 838 3983 terribilem
865 3924 1012 3979 illum
1044 3933 1202 3994 atque
1225 3922 1612 3978 formidandmn
1639 3920 1898 3976 calicem?
1927 3919 2120 3986 Etiam,

542 4020 713 4092 inquit
744 4037 757 4074 :
788 4033 894 4074 non
924 4031 1086 4089 parva
1132 4017 1274 4072 enim
1315 4030 1402 4072 res
1445 4024 1528 4071 est
1569 4031 1690 4086 quae
1733 4013 1948 4070 dicitur.
1989 4013 2121 4068 Nam

541 4129 662 4168 cum
693 4110 1121 4168 benedictionem
1149 4110 1291 4175 dico,
1331 4123 1546 4164 omnem
1571 4108 1786 4176 explico
1823 4106 1917 4162 Dei
1955 4106 2120 4162 bene-

542 4204 770 4260 ficentia:
800 4203 1132 4269 thesaurum,
1162 4208 1217 4255 et
1244 4213 1433 4270 magna
1462 4199 1550 4254 illa
1570 4197 1709 4253 dona
1734 4198 1786 4253 in
1808 4197 2120 4253 memoriam

541 4311 751 4354 revoco.
782 4294 913 4351 Nam
939 4310 1038 4350 nos
1057 4309 1269 4364 quoque
1295 4293 1361 4348 ad
1383 4293 1602 4349 calicem
1625 4300 1968 4348 recens-entes
1989 4289 2125 4347 inef-

543 4388 722 4444 fabilia
764 4386 860 4441 Dei
889 4385 1168 4453 beneficia,
1213 4395 1266 4441 et
1305 4387 1482 4440 omnia
1526 4384 1720 4455 quibus
1765 4384 2009 4450 fruimur,
2043 4385 2121 4440 sic

542 4481 691 4533 illum
731 4476 1004 4532 offerimus
1046 4485 1100 4531 et
1139 4476 1619 4544 communicamus,
1668 4477 1864 4547 gratias
1900 4486 2120 4547 agentes

539 4567 679 4638 quod
728 4581 897 4638 genus
940 4567 1230 4622 humanum
1275 4569 1344 4622 ab
1385 4583 1570 4624 errore
1609 4569 1944 4636 liberaverit;
1976 4568 2117 4639 quod

539 4675 654 4726 cos,
684 4659 774 4732 qui
816 4659 1027 4729 procul'
1043 4669 1216 4724 erant,
1263 4674 1431 4730 prope
1470 4660 1688 4727 fecerit;
1735 4662 1874 4731 quod
1899 4677 1990 4717 eos
2027 4664 2115 4734 qui

536 4769 686 4825 spem
712 4767 815 4808 non
847 4751 1108 4807 haberent
1135 4761 1189 4806 et
1227 4747 1369 4808 athei
1407 4760 1560 4808 erant
1594 4753 1646 4806 in
1679 4755 1894 4821 mundo,
1928 4755 2118 4811 fratres

537 4862 666 4901 suos
690 4857 742 4902 et
769 4843 1061 4902 coheredes
1088 4843 1445 4901 constituerit.
1492 4842 1596 4899 Pro
1635 4844 1717 4899 his
1755 4855 1811 4901 et
1853 4846 2116 4903 similibus

536 4935 734 5002 gratias
758 4943 997 5005 agentes,
1038 4934 1117 4992 sic
1163 4933 1484 4991 accedimus.
1531 4933 1811 5003 Quomodo
1838 4951 1940 4990 non
1981 4951 2113 4992 con-

536 5022 699 5077 traria
728 5021 919 5085 facitis,
943 5024 1171 5094 inquies,
1198 5040 1236 5080 o
1259 5023 1547 5093 Corinthii,
1581 5025 1692 5080 Deo
1716 5025 1929 5097 quidem
1951 5026 2115 5085 bene-

537 5117 797 5182 dicentes,
827 5114 968 5184 quod
995 5129 1091 5169 vos
1120 5115 1188 5170 ab
1226 5116 1382 5172 idolis
1409 5118 1738 5186 liberaverit,
1777 5118 1904 5175 dum
1929 5135 2114 5175 rursus

535 5206 604 5264 ad
630 5206 840 5262 illorum
873 5218 1086 5260 mensas
1115 5206 1431 5262 accurritis't‘
1455 5207 1604 5264 Catia:
1630 5210 2007 5277 benedictionis,
2030 5211 2112 5265 cui

532 5302 887 5368 benedicimus,
911 5315 1075 5354 nonne
1097 5299 1485 5353 communicatio
1505 5305 1766 5374 sanguinis
1791 5303 1979 5360 Christi
1997 5303 2113 5358 est?

535 5396 700 5452 Valde
729 5394 957 5451 fideliter
983 5391 1116 5447 dixit
1157 5401 1211 5447 et
1259 5391 1572 5448 terribiliter
1613 5413 1626 5450 :
1666 5395 1770 5451 hoc
1814 5397 1956 5451 enim
1998 5395 2112 5450 vult

529 5489 830 5559 significare
858 5505 874 5552 ;
904 5486 1016 5543 Hoc
1044 5484 1185 5558 quod
1231 5484 1288 5540 in
1316 5485 1483 5542 calice
1505 5495 1607 5551 est,
1637 5486 1767 5542 illud
1799 5489 1968 5558 ipsum
2006 5497 2107 5554 est,

529 5581 670 5648 quod
695 5595 762 5634 ex
793 5580 961 5636 latere
990 5578 1166 5644 ﬂuxit,
1193 5589 1248 5633 et
1275 5577 1418 5632 illius
1448 5593 1634 5634 sumus
1661 5580 1969 5650 participes.
2001 5579 2104 5634 Ca-

527 5669 685 5724 licem
715 5679 890 5724 autem
934 5669 1328 5734 benedictionis
1370 5669 1598 5732 vocavit,
1638 5670 1760 5738 quia
1805 5670 1952 5723 illum
1999 5685 2107 5739 prae

530 5759 770 5816 manibus
813 5760 1092 5826 habentes,
1133 5760 1210 5815 sic
1241 5760 1412 5828 ipsum
1441 5758 1799 5827 celebramus,
1829 5758 2100 5816 admiran-

1356 320 1413 376 S.
1440 316 1713 377 JOANNIS
1749 311 2219 374 CHRYSOSTOMI
2258 309 2569 368 ARCIIIEP.
2611 313 3134 370 CONSTANTINOP.

3717 319 3817 378 200

2244 429 2343 492 tes,
2373 431 2578 481 terrore
2605 427 2830 494 perculsi
2870 427 2938 482 de
2963 425 3215 481 ineffabili
3245 425 3407 494 dono,
3435 428 3816 490 benedicentcs

2235 515 2374 586 quod
2399 517 2570 586 ipsum
2593 516 2855 583 effuderit,
2891 529 2948 573 ut
2979 535 3045 573 ne
3073 519 3125 573 in
3152 535 3337 575 errore
3367 537 3738 591 maneremus;
3765 541 3816 581 et

2237 621 2340 661 non
2366 608 2538 663 solum
2567 607 2832 676 eﬂ‘uderit,
2855 610 2948 663 sed
2978 610 3141 664 etiam
3166 626 3288 665 eum
3319 613 3490 682 ipsum
3515 614 3672 671 nobis
3695 632 3811 670 om-

2238 695 2394 752 nibus
2422 698 2757 769 impertierit.
2791 699 2972 771 Itaque
2998 702 3043 756 si
3076 703 3387 772 sanguinem
3413 705 3588 775 cupis,
3623 707 3812 776 inquit,

2237 801 2306 846 ne
2334 788 2599 844 idolorum
2625 804 2771 844 aram
2803 792 3081 846 brutorum
3110 793 3278 860 crede,
3312 795 3407 850 sed
3439 795 3610 851 altare
3638 812 3814 853 meum

2235 884 2493 952 sanguine
2522 897 2642 938 meo
2667 893 2906 939 cruenta.
2939 884 3076 951 Quid
3099 884 3198 942 hac
3224 903 3284 943 re
3313 887 3648 944 horribilius?
3669 891 3815 961 quid,

2235 984 2437 1043 quaeso,
2461 971 2780 1028 amabilius?

2303 1061 2360 1116 2.
2411 1063 2521 1117 [loc
2550 1071 2604 1119 et
2633 1072 2899 1120 amatores
2930 1065 3150 1124 faciunt.
3188 1068 3319 1125 Cum
3352 1069 3536 1126 vident
3557 1081 3655 1127 eos
3681 1087 3816 1144 quos

2233 1164 2414 1211 amant
2439 1157 2612 1212 aliena
2642 1159 3083 1230 concupiscentes
3109 1169 3162 1216 et
3187 1177 3282 1216 sua
3317 1161 3699 1233 deSpicientes,
3723 1180 3814 1219 sua

2234 1249 2423 1305 dantes
2448 1250 2770 1321 persuadent
2798 1252 3085 1309 abscedere
3111 1255 3264 1310 abiis
3289 1271 3408 1326 quae
3434 1256 3646 1311 illorum
3670 1269 3811 1312 sunt.

2235 1341 2340 1397 Sed
2375 1344 2463 1413 qui
2491 1353 2692 1409 amant,
2726 1345 2778 1399 in
2809 1347 3048 1415 pecuniis
3087 1357 3140 1402 et
3168 1349 3412 1404 vestibus
3437 1360 3489 1405 et
3516 1353 3815 1421 possessio-

2234 1433 2391 1489 nibus
2421 1433 2558 1488 hanc
2603 1434 2860 1491 exhibent
2906 1437 3316 1507 liberalitatem;
3348 1442 3399 1496 in
3430 1445 3692 1514 sanguine
3717 1459 3814 1499 au-

2236 1531 2344 1582 tem
2399 1526 2580 1581 nullus
2624 1543 2921 1597 umquam:
2967 1531 3210 1587 Christus
3237 1548 3364 1590 vero
3409 1534 3463 1590 in
3503 1536 3605 1592 hoc
3634 1551 3813 1592 curam

2235 1631 2385 1672 suam
2408 1618 2643 1674 ostendit
2670 1632 2724 1676 et
2748 1619 3025 1678 ardentem
3053 1639 3176 1695 erga
3208 1641 3307 1682 nos
3335 1630 3634 1685 caritatem.
3666 1631 3731 1686 Et
3761 1633 3812 1688 in

2236 1709 2400 1764 veteri
2430 1709 2644 1780 quidem
2676 1710 2812 1781 lege,
2837 1713 2958 1783 quia
3000 1713 3427 1786 imperfectiores
3445 1730 3618 1784 erant,
3655 1737 3812 1792 quem

2235 1800 2392 1855 idolis
2421 1801 2718 1859 offerebant
2755 1807 3090 1876 sanguinem,
3118 1824 3240 1864 eum
3272 1811 3388 1882 ipse
3415 1813 3667 1884 excipere
3691 1831 3812 1872 sus-

2237 1892 2412 1957 tinuit,
2445 1901 2500 1948 ut
2533 1895 2600 1948 ab
2644 1895 2746 1950 illis
2770 1896 3093 1967 abduceret;
3120 1900 3261 1970 quod
3289 1903 3465 1973 ipsum
3494 1922 3679 1963 rursus
3702 1920 3816 1967 erat

2234 1985 2434 2040 amoris
2465 1986 2788 2044 ineffabilis:
2832 1989 2920 2045 hic
2956 1999 3135 2047 autem
3179 1994 3232 2049 in
3277 2009 3390 2052 rem
3422 1997 3812 2058 horribiliorem

2235 2086 2290 2132 et
2318 2078 2828 2148 magnificentiorem
2879 2085 3264 2144 sacerdotalem
3309 2093 3579 2148 transtulit
3621 2111 3814 2167 cpera-

2236 2167 2455 2234 tionem,
2489 2168 2606 2240 ipso
2636 2181 2840 2228 mutato
2865 2176 3157 2246 sacrificio,
3187 2187 3242 2235 ct
3269 2197 3365 2252 pro
3394 2183 3672 2242 brutorum
3703 2206 3816 2245 ma-

2234 2260 2466 2314 ctatione
2483 2260 2716 2330 seipsum
2733 2261 3106 2333 jussitoﬂ'ct'ri.
3137 2267 3294 2325 Panis
3339 2290 3484 2343 quem
3503 2281 3814 2353 frangimus,

2235 2365 2402 2404 nonne
2426 2353 2810 2410 communicatio
2834 2359 3062 2428 corporis
3097 2359 3284 2416 Christi
3313 2375 3387 2419 est
3406 2367 3432 2419 Ρ
3459 2366 3567 2424 Cur
3593 2385 3697 2425 non
3729 2373 3813 2427 di-

2234 2440 2328 2504 xit,
2363 2439 2738 2512 l‘articipatio?
2761 2444 2892 2514 Quia
2937 2449 3098 2505 voluit
3133 2453 3258 2520 quid
3288 2458 3514 2527 amplius
3552 2461 3814 2533 significa-

2235 2545 2315 2599 rc,
2350 2543 2404 2587 ct
2442 2548 2687 2604 magnam
2732 2536 2970 2595 indicare
3013 2544 3467 2613 conjunctionem.
3507 2551 3622 2607 Non
3669 2556 3815 2612 enim

2235 2637 2355 2678 cum
2408 2626 2788 2697 participamus
2835 2639 3038 2687 tantum
3081 2641 3135 2689 et
3171 2639 3464 2709 sumimus,
3515 2643 3610 2699 sed
3654 2647 3814 2704 etiam

2233 2728 2355 2768 cum
2407 2717 2780 2789 conjungimur
2829 2726 3308 2784 communicamus.
3356 2732 3813 2800 Quemadmodum

2234 2805 2375 2860 enim
2406 2821 2600 2902 corpus
2643 2810 2776 2867 illud
2819 2812 3034 2870 Chrisw
3068 2817 3345 2890 jungitur:
3378 2823 3446 2879 ita
3488 2837 3540 2882 et
3585 2844 3681 2885 nos
3721 2847 3815 2902 per

2232 2910 2427 2994 partem
2451 2899 2592 2994 hunc
2621 2904 2852 2960 unimur.
2882 2906 2990 2962 Cur
3013 2920 3189 2966 autem
3220 2913 3445 2984 addidit,
3479 2918 3639 2987 Quem
3665 2899 3812 2994 [ran-

2232 2990 2434 3060 gimus?
2459 2993 2561 3049 hoc
2600 2997 2743 3052 enim
2786 2997 2840 3053 in
2879 3000 3197 3059 eucharistia
3239 3007 3352 3062 ﬁeri
3385 3011 3565 3068 videre
3601 2990 3710 3081 est;
3758 3018 3812 3073 in

2231 3097 2392 3138 cruce
2420 3099 2548 3141 vero
2575 3102 2679 3142 non
2712 3089 2836 3144 item
2857 3131 2872 3156 ,
2904 3091 3010 3146 imo
3033 3097 3358 3153 contrarium
3386 3117 3399 3153 :
3433 3102 3506 3156 ait
3532 3105 3674 3160 enim
3693 3149 3709 3174 ,
3742 3107 3814 3163 0s

2232 3191 2332 3229 non
2358 3179 2724 3268 comminuetur
2770 3181 2967 3252 (Nunt.
3000 3185 3052 3240 9.
3087 3186 3154 3240 12
3177 3206 3192 3256 ;
3217 3187 3388 3248 Exod.
3421 3193 3506 3247 12.
3546 3195 3671 3268 46).
3706 3199 3812 3254 Sed

2231 3267 2372 3338 quod
2403 3284 2506 3324 non
2538 3286 2726 3340 passus
2767 3283 2849 3329 est
2872 3275 2922 3329 in
2949 3291 3138 3346 cruce,
3169 3278 3270 3336 hoc
3297 3293 3514 3356 propter
3539 3295 3590 3342 te
3615 3267 3813 3359 patitur

2233 3361 2286 3452 in
2332 3359 2640 3431 oblatione,
2685 3374 2741 3419 et
2780 3364 2952 3438 frangi
3001 3370 3200 3438 patitur
3241 3381 3298 3427 ut
3340 3389 3528 3434 omnes
3571 3380 3808 3452 impleat.

2231 3451 2432 3509 Deinde
2458 3456 2577 3524 quia
2618 3456 2792 3525 dixit,
2829 3459 3225 3519 Communicatio
3256 3471 3516 3540 corporis,
3547 3451 3690 3544 quod
3713 3490 3812 3530 au-

2231 3553 2338 3599 tem
2373 3549 2765 3618 communicat,
2810 3551 2952 3606 aliud
2982 3565 3063 3608 eSt
3094 3555 3160 3610 ab
3201 3571 3268 3612 eo
3305 3561 3392 3614 cui
3419 3565 3812 3632 communicat;

2230 3635 2366 3691 hanc
2394 3639 2575 3702 etiam,
2605 3654 2724 3709 qua:
2764 3656 2925 3710 parva
2964 3635 3239 3701 videbatur
3267 3662 3414 3719 esse,
3456 3652 3812 3710 ditl‘ereutiam

2228 3729 2460 3784 sustulit.
2483 3729 2616 3786 Cum
2655 3731 2879 3790 dixisset
2907 3736 3048 3792 enim
3075 3779 3089 3806 ,
3123 3738 3518 3798 Communicatio
3556 3750 3810 3817 corporis,

2227 3822 2473 3892 qumsivit
2521 3838 2732 3878 rursum
2778 3827 2978 3897 aliquid
3037 3832 3378 3901 propinquius
3419 3833 3636 3901 dicere;
3686 3838 3815 3895 ideo

2227 3911 2541 3982 Subjunxit:
2574 3916 2661 3970 l7.
2707 3915 2959 3984 Quoniam
3005 3937 3135 3976 unus
3179 3923 3322 3988 panis
3359 3931 3404 3978 ct
3439 3941 3596 3980 unum
3624 3945 3812 4000 corpus

2227 4005 2376 4060 multi
2409 4023 2603 4062 sumus.
2633 4008 2769 4076 Quid
2798 4011 2962 4078 enim,
2994 4014 3185 4083 inquit,
3214 4015 3332 4070 dico
3360 4019 3810 4076 communicatio-

2226 4100 2390 4154 nem?
2418 4101 2545 4156 illud
2569 4103 2739 4173 ipsum
2762 4118 2954 4174 corpus
2976 4121 3180 4162 sunms.
3207 4108 3344 4176 Quid
3366 4122 3444 4166 est
3467 4113 3609 4168 enim
3634 4115 3812 4183 panis?

2225 4193 2434 4263 Corpus
2474 4194 2695 4250 Christi.
2741 4196 2876 4263 Quid
2918 4207 3095 4252 autem
3137 4201 3267 4254 fiunt
3303 4205 3809 4261 communicantes?

2225 4288 2433 4358 Corpus
2456 4287 2684 4356 Christi;
2716 4305 2821 4344 non
2852 4306 3075 4361 corpora
3120 4295 3307 4362 multa,
3342 4297 3437 4351 sed
3479 4313 3640 4352 unum
3679 4313 3801 4354 cur-

2227 4393 2344 4450 pus.
2371 4380 2518 4435 Sicut
2547 4381 2691 4436 enim
2719 4381 2871 4451 panis
2901 4397 2966 4436 ex
2993 4384 3174 4438 multis
3192 4387 3373 4455 granis
3393 4397 3665 4456 constans,
3689 4392 3808 4446 uni-

2228 4484 2310 4529 tus
2337 4483 2439 4540 est,
2483 4474 2552 4528 ita
2598 4485 2655 4529 ut
2693 4490 2859 4546 grana
2899 4489 3159 4546 nuSquam
3209 4491 3530 4548 appareant;
3561 4481 3656 4537 sed
3698 4483 3808 4538 sint

2223 4566 2436 4637 quidem
2463 4566 2598 4636 ipsa,
2632 4583 2739 4623 non
2781 4568 3061 4624 manifesta
3089 4580 3265 4626 autem
3298 4573 3366 4627 sit
3402 4573 3616 4629 illorum
3645 4575 3804 4632 diffe-

2223 4661 2394 4715 rentia
2434 4669 2654 4731 propter
2701 4661 3131 4732 conjunctionem
3167 4682 3180 4719 :
3223 4664 3299 4720 sic
3327 4682 3425 4722 nos
3451 4676 3506 4722 et
3535 4678 3723 4724 mutuo
3755 4680 3810 4724 et

2222 4766 2342 4806 eum
2368 4751 2580 4807 Christo
2610 4752 3003 4823 conjungimur.
3033 4754 3148 4810 Non
3187 4756 3329 4811 enim
3370 4772 3437 4812 ex
3482 4758 3652 4813 altero
3679 4774 3805 4814 cor-

2223 4859 2353 4913 pore
2375 4843 2481 4911 hic,
2505 4859 2569 4899 ex
2597 4844 2766 4898 altero
2794 4845 2884 4900 ille
2929 4846 3178 4912 nutritur,
3209 4845 3302 4902 sed
3347 4862 3414 4901 ex
3455 4847 3645 4903 eodem
3690 4849 3809 4920 ipso

2221 4950 2458 4992 omnes:
2505 4936 2731 5007 ideoque
2760 4937 2974 5007 adjecit,
3024 4936 3210 4993 Omnes
3257 4939 3390 4994 enim
3435 4957 3626 4995 επηηο
3675 4960 3809 5012 pane

2221 5031 2604 5101 participamus.
2651 5030 2704 5085 Si
2735 5037 2914 5085 autem
2941 5047 3006 5085 ex
3033 5031 3243 5098 eodem,
3279 5042 3333 5087 et
3373 5032 3600 5103 idipsum
3637 5034 3810 5090 effici-

2222 5137 2341 5176 mur
2365 5135 2574 5188 omnes,
2602 5135 2698 5176 cur
2729 5134 2834 5175 non
2868 5120 3111 5175 eamdem
3151 5125 3430 5178 caritatem
3463 5123 3804 5192 exhibemus,

2219 5221 2274 5268 et
2299 5227 2362 5268 ea
2409 5212 2617 5268 ratione
2653 5229 2814 5267 unum
2855 5213 3160 5268 efficimur?
3203 5213 3336 5269 Nam
3380 5217 3511 5270 olim
3537 5217 3806 5286 majorum

2219 5315 2523 5361 n05trorum
2556 5315 2795 5376 tempore
2821 5306 2922 5362 hoc
2947 5315 3062 5362 erat
3089 5324 3102 5361 :
3133 5307 3483 5363 Multitudinis
3509 5311 3651 5365 enim
3686 5327 3805 5364 ere~

2217 5399 2461 5464 dentium,
2491 5398 2678 5468 inquit,
2707 5413 2797 5451 cor
2835 5415 2994 5453 unum
3021 5409 3067 5452 et
3093 5400 3263 5453 animo
3293 5417 3395 5454 una
3421 5410 3527 5455 erat
3563 5400 3698 5472 (Act.
3743 5401 3804 5456 4.

2216 5487 2330 5556 52).
2358 5490 2426 5541 At
2450 5502 2558 5541 non
2597 5503 2755 5553 nunc,
2801 5490 2908 5544 imo
2937 5498 3105 5544 totum
3135 5492 3463 5546 contrarium
3499 5511 3512 5547 :
3545 5491 3714 5546 multa
3750 5499 3808 5546 et

2216 5579 2356 5634 varia
2386 5587 2510 5632 sunt
2552 5578 2692 5632 inter
2720 5593 2909 5635 omnes
2955 5581 3115 5649 bella,
3163 5591 3219 5637 et
3262 5583 3388 5637 feris
3437 5583 3633 5639 saevius
3671 5580 3805 5638 affe-

2213 5669 2284 5725 cti
2331 5684 2517 5724 sumus
2561 5670 2696 5724 alter
2747 5670 2798 5724 in
2842 5670 3066 5727 alterius
3121 5672 3383 5728 membra.
3445 5673 3508 5728 Et
3554 5675 3807 5730 Christus

2213 5763 2429 5837 quidem
2470 5772 2540 5832 te,
2591 5763 2692 5820 etsi
2742 5772 2944 5820 tantum
2997 5765 3064 5820 ab
3115 5766 3232 5838 ipso
3263 5765 3627 5838 disjunctum,
3676 5766 3800 5822 uni-
