4108 6218
299 332 399 392 I99

276 447 366 517 ’ὣς
406 451 603 505 εἰπεῖν·
651 450 711 505 rb
763 450 872 523 7&9
912 449 1142 505 δυνατὸν
1175 450 1234 503 ἐν
1273 453 1341 522 τῇ
1392 450 1488 505 τοῦ
1534 450 1670 505 Θεοῦ
1722 451 1860 522 ῥοπῇ

288 537 496 599 κεῖται,
525 535 593 606 ἢν
632 534 719 588 διά
745 534 847 604 τ’ἠς
890 534 1164 605 ἡμετέρας
1204 532 1562 606 ἐπισπώμεθα
1607 532 1853 604 γνώμης.

289 616 491 689 Διόπερ
528 617 616 671 ἵνα
658 616 834 689 μάθῃς
878 616 1140 687 ἀκριϐῶς,
1187 616 1269 669 ὅτι
1302 617 1362 669 οὐ
1411 616 1569 687 μόνον
1616 616 1859 681 ἐκείνους

288 701 416 763 τοὺς
441 697 866 772 ὑπερϐαίνοντας
888 701 922 768 ή
929 699 1045 769 μῶν
1071 698 1168 770 τήν
1188 696 1436 767 δύναμιν,
1460 697 1575 752 ἀλλ’
1596 698 1716 752 οὐδέ
1735 696 1860 751 τού-

287 799 414 843 τους
429 784 558 845 τοὺς
578 782 950 853 ἀνθρωπίνους
969 782 1049 837 ἐνι
1068 783 1236 853 χωρὶς
1257 782 1357 851 τῆς
1378 781 1585 836 ἐκεῖθεν
1609 778 1860 852 βοηθείας

293 860 490 937 ῥᾳδίως
509 866 775 932 ἐνεγκεῖν,
807 866 1107 934 ἐπήγαγενο
1142 864 1329 919 Ἀλλὰ
1352 863 1591 933 ποιήσει
1628 864 1751 918 σὺν
1781 862 1861 930 τῷ

293 945 600 1016 πειρασμῷ
625 946 723 1001 καί
752 948 866 1018 τὴν
889 948 1140 1002 ἑκϐασιν
1162 946 1269 1001 τοῦ
1297 946 1592 1003 δύνασθαι
1614 949 1861 1017 ὑπενεγ-

291 1029 438 1084 κεῖν.
462 1030 596 1085 Οὐδέ
613 1030 720 1104 7&9
745 1030 983 1093 ἐκείνους
1009 1029 1136 1093 τοὺς
1163 1031 1530 1102 συμμέτρους,
1548 1030 1683 1100 ὅπερ
1703 1030 1858 1099 ἔφην,

292 1113 447 1182 φησὶ,
474 1115 541 1183 τῇ
579 1111 683 1183 ἰδίᾳ
719 1112 944 1182 δυνάμει
973 1111 1265 1182 διοίσομεψ
1294 1113 1429 1166 ἀλλά
1456 1111 1733 1166 κάνταῦθα
1761 1112 1860 1184 τῆς

293 1194 426 1263 παρ’
457 1193 624 1247 αὐτοῦ
647 1194 881 1265 δεόμεθα
903 1195 1241 1265 συμμαχίας,
1269 1194 1410 1249 ὥστε
1438 1196 1636 1260 αὐτοὺς
1659 1194 1860 1261 διεξελ-

291 1277 428 1343 θεῖν,
475 1276 569 1331 καὶ
611 1277 741 1347 πρὶν
782 1276 817 1348 ἢ
854 1275 1160 1342 διεξελθεῖν,
1191 1276 1341 1349 [212]
1387 1279 1649 1347 ἐνεγκεῖν.
1689 1277 1861 1341 Αὐτὸς

292 1359 400 1431 7&9
426 1361 522 1414 καί
545 1359 644 1431 τὴν
670 1358 950 1429 ὑπομονήν
973 1358 1178 1426 δίδωσι,
1208 1361 1299 1413 καὶ
1325 1361 1420 1431 τὴν
1440 1363 1662 1431 ταχεῖαν
1687 1360 1862 1415 ἀπαλ‹

292 1441 465 1512 λαγὴν
493 1442 709 1509 ἐπάγει,
736 1440 879 1495 ὥστε
907 1441 1000 1494 καὶ
1028 1440 1201 1513 ταύτῃ
1232 1441 1466 1513 φορητὸν
1499 1442 1749 1510 γενέσθαι
1770 1442 1862 1498 τὸν

294 1523 617 1596 πειρασμόν.
648 1524 823 1579 Τοῦτο
857 1523 966 1597 γὰρ
995 1524 1214 1595 ᾐνίξατο
1253 1524 1442 1589 εἰπὼν,
1476 1523 1722 1590 Ποιήσει
1764 1524 1863 1580 καί

293 1608 410 1676 τὴν
431 1608 686 1662 ἔκϐασιν
707 1608 813 1662 τοῦ
833 1607 1133 1663 δύνασθαι
1163 1606 1538 1676 ὑπενεγκεῖν⁹
1566 1608 1659 1662 καὶ
1687 1607 1863 1662 πάντα

294 1689 442 1761 αὐτῷ
465 1688 770 1761 ἀνατίθησι.
799 1691 1026 1759 Διόπερ,
1049 1690 1301 1760 ἀδελφοί
1310 1707 1450 1759 μου,
1475 1691 1721 1760 φεύγετε
1744 1688 1862 1745 ἀπὸ

293 1773 406 1841 τῆς
445 1770 957 1842 ειδωλολατρείας.
1001 1774 1171 1829 Πάλιν
1216 1774 1412 1838 αὐτοὺς
1458 1773 1751 1846 θεραπεύει
1785 1772 1864 1846 τῷ

293 1857 395 1926 τῆς
420 1857 739 1927 συγγενείας
767 1857 1013 1928 ὀνόματι,
1042 1858 1134 1912 καὶ
1165 1856 1303 1930 μετά
1328 1857 1523 1912 πολλοῦ
1550 1858 1642 1912 τοῦ
1668 1859 1866 1929 τάχους

294 1939 505 2008 ἐπείγει
528 1940 629 2011 τῆς
655 1940 933 2011 ἁμαρτίας
952 1939 1335 2011 ἀπαλλαγῆναι
1352 1939 1574 2007 ταύτης.
1599 1940 1733 1994 Οὐδέ
1757 1940 1864 2010 7&9

295 2015 467 2087 εἶπεν,
517 2021 838 2091 ’Δποστῆτε,
891 2021 1099 2088 ἁπλῶς,
1149 2022 1317 2089 ἀλλά,
1353 2023 1634 2092 Φεύγετε’
1673 2020 1765 2076 καὶ
1802 2020 1864 2074 rb

293 2107 528 2176 πρᾶγμα
551 2103 993 2177 εἰδωλολατρείαν
1014 2104 1188 2169 καλεῖ,
1215 2104 1309 2159 καὶ
1333 2104 1516 2159 οὐκέτι
1535 2102 1624 2158 διά
1651 2104 1751 2174 τὴν
1770 2102 1862 2157 τοῦ

296 2188 527 2260 πλησίον
555 2187 760 2258 βλάϐην
786 2187 1117 2256 ἀφίστασθαι
1149 2188 1310 2258 μόνον
1335 2188 1546 2242 κελεύει
1566 2230 1580 2255 ,
1613 2185 1749 2242 ἀλλά
1771 2185 1865 2240 καὶ

293 2271 426 2325 αὐτὸ
464 2269 589 2324 καθ’
618 2269 780 2323 ἐαυτὺ
808 2269 1082 2323 δείκνυσιν
1114 2269 1298 2325 ἱκανὸν
1344 2269 1588 2340 μεγάλην
1620 2269 1865 2338 ἐνεγκεῖν

294 2353 495 2424 λύμην.
536 2352 634 2418 Ὠς
652 2352 964 2422 φρονίμοις
988 2352 1161 2421 λέγω
1188 2351 1427 2420 κρίνατε
1452 2350 1622 2421 ὑμεῖς
1638 2349 1673 2403 ὅ
1689 2365 1860 2419 φημι.

306 2437 530 2508 Ἐπειδὴ
563 2438 671 2508 7&9
705 2435 847 2508 μέγα
878 2434 1206 2504 ἐφθέγξατο,
1253 2433 1349 2488 καὶ
1391 2434 1491 2506 τὴν
1532 2433 1865 2504 κατηγορίαν

292 2519 555 2592 ηὔξησεν,
585 2518 1024 2591 είδωλολατρείαν
1068 2517 1324 2582 καλέσας,
1356 2517 1443 2570 ῖνα
1473 2517 1548 2588 μὴ
1580 2517 1706 2589 δόξῃ
1734 2534 1867 2587 τρα-

294 2603 475 2673 χύνειν
503 2604 702 2665 αὐτοὺς
734 2603 830 2656 καὶ
862 2602 1120 2675 φορτικὸν
1149 2604 1322 2656 ποιεῖν
1351 2600 1444 2655 τδν
1471 2600 1650 2669 λόγον,
1682 2600 1865 2663 αὐτοῖς

293 2685 481 2738 λοιπον
530 2684 813 2754 ἐπιτρέπει
859 2684 959 2755 τήν
1007 2686 1226 2757 κρίσιν,
1272 2682 1367 2738 καὶ
1425 2686 1543 2756 μετ’
1590 2684 1863 2753 ἐγκωμίου

295 2768 512 2832 καθίζει
538 2766 663 2828 τοὺς
695 2767 1034 2831 δικάζοντας.
1078 2767 1174 2833 Ὧς
1203 2766 1516 2835 φρονίμοις
1550 2766 1659 2837 7&9
1684 2765 1862 2835 λέγω,

298 2849 500 2920 φησίν*
530 2849 666 2917 ὅπερ
707 2848 910 2920 σφόδρα
950 2848 1279 2919 θαρῤοῦντός
1325 2850 1441 2902 ἐστι
1483 2850 1595 2913 τοῖς
1644 2849 1866 2912 οίκείοις

297 2932 652 3002 δικαιώμασι,
685 2931 746 2985 τὸ
775 2931 868 2984 τὸν
901 2930 1302 3002 ἐγκαλούμενον
1330 2932 1488 2986 αὐτὸν
1516 2931 1732 2988 καθίσαι
1758 2933 1865 2986 τῶν

296 3014 605 3085 λεγομένων
629 3015 845 3085 κριτήν.
894 3013 1064 3067 Τοῦτο
1114 3012 1209 3067 καὶ
1258 3013 1348 3069 τὸν
1398 3014 1672 3086 ἀκροατὴν
1720 3014 1865 3084 αίρει

313 3097 598 3166 μειζόνως,
647 3097 775 3150 ὃταν
810 3098 886 3168 μὴ
932 3096 1009 3160 ὡς
1041 3096 1344 3151 ἐπιτάττων
1374 3096 1509 3166 μηδέ
1543 3095 1618 3160 ὡς
1643 3096 1867 3165 νομοθε-

296 3179 426 3239 τῶν,
449 3178 567 3232 ἀλλ’
595 3178 671 3242 ὡς
705 3178 1087 3250 συμϐουλεύων
1123 3178 1218 3231 καὶ¹
1262 3177 1394 3249 παρ’
1428 3179 1611 3241 αὐτοῖς
1635 3178 1867 3245 ἐκείνοις

297 3261 678 3333 δικαζόμενος,
726 3260 868 3314 οὕτω
915 3261 1252 3331 διαλέγηται.
1287 3261 1563 3325 Ἰουδαίοις
1594 3260 1693 3332 μὲν
1733 3261 1866 3333 7&9,

299 3344 395 3397 ἅτε
420 3344 780 3414 ἀνοητότερον
806 3342 1170 3414 διακειμένοις
1198 3345 1293 3397 καὶ
1334 3342 1744 3414 παιδικώτερον,
1770 3345 1867 3415 οὐχ

296 3424 472 3487 οὕτως
496 3426 528 3477 ὁ
552 3425 684 3488 Θεὸς
713 3423 1004 3493 διελέγετο,
1040 3426 1161 3478 οὐδὲ
1219 3424 1498 3496 πανταχοῦ
1544 3425 1644 3488 τὰς
1689 3426 1867 3491 αἰτίας

296 3508 482 3568 αὐτοῖς
507 3506 662 3576 ἔλεγε
684 3507 794 3561 τῶν
834 3508 1245 3578 ἐπιταγμάτων,
1277 3507 1392 3560 ἀλλ’
1415 3506 1635 3562 ἐκέλευε
1667 3512 1827 3579 μόνον
1849 3524 1865 3541 ο

296 3590 535 3645 ἐνταῦθα
558 3591 636 3654 δὲ,
661 3590 850 3660 ἐπειδὴ
884 3589 1083 3660 πολλῆς
1120 3589 1435 3661 ἐλευθερίας
1458 3590 1865 3661 ἀπελαύσαμεν,

297 3672 395 3726 καὶ
438 3671 749 3743 συμϐουλῆς
776 3672 1144 3744 ἀπολαύομεν,
1184 3673 1278 3726 καὶ
1305 3672 1382 3735 ὡς
1414 3672 1589 3742 φίλοις
1624 3673 1869 3742 διαλέγε-

297 3772 388 3809 ται
422 3754 516 3808 καί
552 3770 739 3827 φησιν’
793 3755 869 3809 υύ
914 3754 1105 3825 δέομαι
1154 3754 1361 3824 ἐτέρων
1389 3755 1681 3810 δικαστῶν’
1713 3756 1869 3810 αὐτοί

302 3854 393 3907 μοι
424 3836 526 3908 τὴν
547 3838 727 3907 ψῆφον
756 3837 916 3908 ὑμεῖς
942 3837 1136 3909 φέρετε
1164 3838 1391 3907 ταύτην,
1434 3839 1580 3909 ὑμᾶς
1606 3836 1870 3909 λαμϐάνω

297 3921 515 3989 κριτάς.
567 3920 641 3975 Τὸ
705 3919 992 3989 ποτήριον
1038 3918 1147 3988 τῆς
1172 3921 1477 3991 εὐλογίας,
1505 3921 1537 3975 b
1579 3921 1867 3990 εὐλογοῦ-

294 4020 436 4075 μεν,
479 4002 619 4070 οὐκὶ
675 4003 951 4057 κοινωνία
1002 4003 1108 4057 τοῦ
1153 4004 1404 4072 αἵματος
1454 4004 1562 4058 τοῦ
1609 4001 1869 4072 Χριστοῦ

294 4089 438 4143 ἐστι
468 4101 488 4148 ;
524 4084 591 4137 Τί
611 4084 807 4153 λέγεις,
833 4079 879 4139 ὦ
911 4087 1147 4157 μακάριε
1187 4086 1399 4153 Haase;
1427 4086 1595 4140 θέλων
1618 4085 1868 4158 ἐντρέψαι

293 4171 393 4226 τὸν
412 4168 714 4239 ἀκροατήν,
742 4168 832 4222 καὶ
873 4170 1187 4240 μυστηρίων
1215 4169 1561 4240 μεμνημένος
1605 4169 1866 4241 φρικτῶν,

296 4253 558 4321 εὐλογίας
582 4252 830 4322 ποτήριον
856 4252 1042 4316 καλεῖς
1067 4253 1126 4306 rb
1156 4254 1413 4325 ποτήριον
1438 4253 1498 4307 τὸ
1520 4252 1746 4324 φοϐερὸν
1774 4253 1870 4306 καί

298 4335 740 4408 φρικωδέστατον
766 4337 975 4402 ἐκεῖνο;
1030 4336 1159 4399 Ναὶ,
1191 4337 1358 4405 φησίν
1378 4353 1395 4369 θ
1430 4336 1491 4389 οὐ
1532 4333 1641 4407 γὰρ
1674 4335 1870 4406 μικρὸν

295 4422 358 4475 rb
417 4420 727 4492 εἰρημένον.
789 4419 1053 4487 Εὐλογίαν
1087 4418 1195 4490 γὰρ
1245 4420 1377 4473 ὅταν
1415 4418 1575 4483 εἴπω,
1622 4419 1798 4472 πάντα
1841 4429 1867 4460 ι

296 4503 632 4558 ἀναπτύσσει)
671 4500 764 4556 τδν
788 4503 888 4572 τῆς
915 4501 1236 4573 εὐεργεσίας
1277 4500 1373 4555 τοῦ
1411 4501 1543 4555 Θεοῦ
1575 4500 1867 4573 θησαυρὸν,

298 4589 395 4643 καὶ
412 4588 523 4641 τῶν
552 4586 802 4657 μεγάλων
823 4586 1047 4640 ἐκείνων
1070 4586 1474 4657 ἀναμιμνήσκω
1493 4584 1732 4658 δωρεῶν.
1759 4586 1872 4639 Καὶ

297 4672 413 4742 γὰρ
438 4671 534 4726 καὶ
562 4673 724 4741 ήμεῖς
751 4670 1095 4739 ἐπιλέγοντες
1119 4669 1199 4740 τῷ
1233 4668 1481 4740 ποτηρίῳ
1502 4671 1601 4733 τὰς
1631 4669 1872 4739 ἀφάτους

297 4752 618 4823 εὐεργεσίας
646 4751 740 4805 τοῦ
762 4751 919 4815 Θεοῦ,
943 4753 1037 4806 καὶ
1048 4753 1189 4806 ὅσων
1206 4751 1676 4822 ἀπολελαύκαμεν,
1701 4752 1873 4816 οὕτως

297 4836 432 4887 αὐτὸ
460 4833 810 4905 προσάγομεν
836 4835 865 4874 h
894 4836 988 4888 καὶ
1012 4834 1398 4905 κοινωνοῦμεν,
1428 4834 1873 4906 εὐχαριστοῦντες

298 4917 383 4970 δτι
411 4916 514 4985 τῆς
548 4916 755 4986 πλάνης
797 4916 1074 4986 ἀπήλλαξε
1100 4917 1164 4971 rb
1208 4916 1318 4972 τῶν
1359 4917 1661 4989 ἀνθρώπων
1685 4918 1869 4984 γένος·

299 4998 384 5051 ὃτι
418 4998 637 5066 μακράν
681 4998 863 5063 ὄντας,
910 5000 1077 5067 ἐγγὺς
1126 4999 1385 5070 ἐποίησεν
1411 5016 1426 5031 ο
1456 5000 1538 5053 ὅτι
1578 4998 1769 5053 ἐλπίδα
1797 4998 1873 5068 μὴ

298 5079 524 5149 ἔχοντας
574 5081 672 5133 καὶ
708 5081 904 5144 ἀθέους
946 5083 1004 5136 ἐν
1035 5080 1113 5153 τῷ
1140 5081 1352 5153 κόσμῳ,
1384 5081 1646 5150 ἀδελφοὺς
1679 5081 1873 5137 ἐαυτοῦ

299 5161 676 5217 κατεσκεύασε
703 5164 801 5217 καὶ
830 5163 1325 5235 συγκληρονόμους.
1364 5164 1533 5235 Ὑπὲρ
1556 5162 1761 5217 τούτων
1780 5163 1875 5217 καὶ

299 5244 409 5298 τῶν
438 5245 696 5300 τοιούτων
721 5247 975 5302 ἀπάντων
1001 5246 1470 5317 εὐχαριστοῦντες,
1529 5246 1670 5300 οὔτω
1703 5246 1875 5316 πρόσ-

299 5344 449 5396 ιμεν.
480 5326 608 5391 Πῶς
639 5324 732 5382 οὖν
763 5330 862 5382 οὐκ
892 5329 1113 5384 ἐναντία
1139 5332 1363 5392 ποιεῖτε,
1387 5330 1572 5399 φησιν,
1609 5324 1654 5383 ὧ
1682 5328 1877 5399 Κορίν-

300 5408 429 5472 θιοι,
461 5409 816 5478 εὐλογοῦντες
864 5412 963 5480 μὲν
1016 5411 1108 5466 τὸν
1153 5412 1309 5475 Θεὸν,
1351 5412 1433 5466 ὅτι
1482 5412 1591 5467 τῶν
1643 5410 1878 5464 εἰδώλων

303 5489 449 5559 ὑμᾶς
478 5492 782 5563 ἀπήλλαξε,
816 5493 979 5548 πάλιν
1000 5493 1059 5548 δέ
1085 5496 1177 5548 ἐπὶ
1215 5494 1314 5558 τάς
1339 5493 1564 5549 ἐκείνων
1595 5495 1879 5566 τρέχοντες

304 5574 622 5643 τραπέζαςς
665 5576 736 5629 Τὸ
790 5575 1080 5644 ποτήριον
1121 5576 1231 5645 τῆς
1284 5576 1584 5645 εὐλογίας,
1648 5575 1679 5630 ὃ
1712 5579 1881 5630 εὐλο-

312 5833 333 5845 _
370 5773 396 5805 ⁸
435 5774 579 5845 ιιι-ει,
624 5777 739 5845 ὅταν
782 5780 920 5845 είπω,
964 5781 1262 5845 εὐχαριστίαν
1302 5782 1443 5842 λέγω·
1464 5781 1780 5845 εὐχαριστίαν
1828 5784 1879 5831 δὲ

306 5839 421 5884 ὅταν
440 5839 577 5888 εἴπω.
604 5839 774 5889 πάντα.
840 5841 866 5879 δ
890 5839 1047 5905 μεθ’,
1077 5839 1193 5891 αὐτὸ
1241 5839 1612 5907 προσερχόμεθαζ

1255 327 1320 385 IN
1359 328 1579 387 EPIST.
1620 328 1641 386 ἰ
1673 329 1768 386 AD
1796 327 1957 386 COR.
1998 327 2235 385 HOMIL.
2277 328 2466 384 XXIV.

1960 447 2203 521 γοῦμεν,
2237 447 2376 520 οὐχί
2403 448 2685 504 κοινωνία
2712 448 2818 504 τοῦ
2845 448 3099 519 αἳματος
3121 449 3231 506 τοῦ
3271 452 3530 520 Χριστοῦ

1961 534 2135 598 ἐστι;
2171 532 2382 603 Σφόδρα
2413 532 2621 596 πιστῶς
2650 533 2744 586 καὶ
2771 533 3014 603 φοϐερῶς
3045 533 3285 606 εἴρηκεν.
3320 536 3388 589 Ὃ
3427 536 3536 608 7&9

1961 613 2131 683 λέγει,
2165 614 2323 668 τοῦτό
2355 617 2523 681 ἐστιν,
2553 615 2635 668 ὅτι
2682 614 2852 669 Τοῦτο
2875 614 3035 688 [215]
3074 616 3136 669 rb
3161 617 3220 669 ἐν
3260 616 3341 688 τῷ
3374 635 3535 688 ποτη-

1966 697 2066 769 ρίῳ
2097 696 2178 761 ὃν,
2214 696 2389 751 ἐκεῖνό
2426 697 2541 751 ἐστι
2571 691 2631 750 rb
2659 697 2766 751 ἀπὸ
2793 698 2894 769 τῆς
2927 698 3168 770 πλευρᾶς
3199 699 3419 770 ρεῦσαν,
3447 701 3539 754 καὶ

1964 780 2172 834 ἐκείνου
2206 780 2524 851 μετέχομεν.
2573 780 2835 851 Ποτήριοι
2869 781 2925 834 δέ
2960 781 3211 850 εὐλογίας
3256 783 3535 847 ἐκάλεσεν,

1963 861 2153 934 ἐπειδὴ
2174 861 2314 916 αὐτὸ
2360 865 2500 933 μετά
2543 863 2731 934 χεῖρας
2755 861 2990 934 ἔχοντες,
3025 863 3198 928 οὕτως
3227 865 3408 925 ,αὐτὸν
3446 867 3539 920 ἀν-

1965 944 2271 1017 υμνοῦμεν,
2295 945 2666 1017 θαυμάζοντες
2689 946 2783 1000 καὶ
2812 946 3367 1019 ἐκπληττόμενοι,τῆς
3396 950 3539 1019 ἀφά-

1965 1048 2062 1084 του
2087 1030 2314 1100 δωρεᾶς,
2348 1029 2700 1099 εὐλογοῦντες
2725 1030 2807 1083 ὅτι
2830 1029 2924 1083 καὶ
2953 1029 3085 1083 αὐτὸ
3112 1030 3269 1085 τοῦτο
3299 1028 3533 1103 ἐξέχεεν,

1967 1111 2054 1166 ῖνα
2085 1110 2160 1183 μή
2198 1112 2472 1183 μείνωμεν
2495 1113 2553 1165 ἐν
2578 1114 2646 1183 τῇ
2670 1110 2849 1185 πλάνῃ
2868 1127 2884 1144 ’
2909 1111 3002 1164 καὶ
3024 1112 3084 1165 οὐ
3113 1112 3271 1181 μόνον
3299 1115 3534 1185 ἐξέχεεν,

1965 1195 2100 1248 ἀλλά
2148 1195 2244 1249 καὶ
2292 1197 2460 1249 πᾶσιν
2500 1196 2633 1266 ήμῖν
2682 1191 2847 1248 αὐτοῦ
2899 1193 3224 1264 μετέδωκεν.
3265 1197 3429 1251 Ὥστε
3485 1201 3535 1253 εί

1966 1279 2193 1349 αἵματος
2218 1279 2525 1351 ἐπιθυμεῖς,
2547 1277 2702 1351 φησὶ,
2737 1276 2812 1349 μὴ
2837 1276 2928 1331 τὸν
2952 1277 3061 1330 τῶν
3089 1278 3321 1334 εἰδώλων
3356 1280 3536 1354 βωμὸν

1964 1360 2042 1431 τῷ
2067 1361 2174 1415 τῶν
2211 1361 2419 1430 ἀλόγων
2457 1362 2623 1431 φόνῳ,
2651 1360 2785 1414 ἀλλά
2818 1360 2879 1413 τὸ
2901 1359 3283 1433 θυσιαστήριον
3312 1363 3375 1416 rb
3406 1364 3537 1434 ἐμὸν

1964 1443 2043 1512 τῷ
2075 1442 2195 1513 ἐμῷ
2231 1441 2473 1512 φοίνισσε
2504 1442 2719 1513 αἵματι.
2754 1442 2820 1496 Τί
2845 1444 3036 1497 τούτου
3080 1444 3535 1517 φρικωδέστερονς

1968 1526 2021 1579 τί
2050 1526 2107 1580 δέ
2131 1525 2638 1598 φιλοστοργότερονς
2662 1525 2785 1580 εἰπέ
2829 1542 2938 1595 μοι.

2039 1609 2105 1680 β’.
2123 1608 2293 1663 Τοῦτο
2322 1610 2413 1662 καὶ
2439 1609 2489 1662 οί
2522 1608 2752 1679 ἐρῶντες
2771 1608 3034 1665 ποιοῦσιν.
3054 1607 3222 1665 Ὅταν
3246 1610 3395 1665 ίδωσι
3413 1612 3538 1676 τοὺς

1967 1686 2274 1757 ἐρωμένους
2319 1685 2426 1741 τῶν
2468 1685 2766 1756 ἀλλοτρίων
2808 1688 3206 1759 ἐπιθυμοῦντας
3233 1698 3259 1729 ο
3298 1690 3395 1744 καὶ
3429 1689 3538 1743 τῶν

1966 1769 2183 1824 οἰκείων
2211 1766 2707 1840 καταφρονοῦντας,
2748 1769 2819 1823 τὰ
2852 1769 3031 1823 αὐτῶν
3057 1769 3290 1836 διδόντες
3319 1770 3537 1825 πείθου-

1970 1870 2054 1909 σιν
2080 1856 2384 1925 ἀποστῆναι
2408 1854 2520 1909 τῶν
2545 1855 2792 1910 ἐκείνων.
2839 1855 2978 1909 Ἀλλ’
3008 1857 3058 1910 οί
3088 1856 3322 1928 ἐρῶντες
3349 1859 3452 1929 μὲν
3480 1860 3539 1912 ἐν

1966 1941 2070 2011 χρή
2080 1956 2213 2011 μασι
2232 1938 2327 1993 καὶ
2354 1937 2588 2008 ἱματίοις
2606 1939 2700 1991 καὶ
2719 1938 2961 2009 κτήμασι
2983 1940 3185 2009 ταύτην
3207 1940 3539 1994 ἐπιδείκνυν-

1967 2042 2058 2080 ται
2090 2027 2188 2098 τήν
2218 2025 2553 2097 φιλοτιμίαν,
2580 2027 2639 2080 ἐν
2670 2025 2861 2098 αἵματι
2891 2024 2948 2080 δέ
2975 2026 3151 2090 οὐδεὶς
3178 2027 3436 2081 οὐδέποτε
3463 2043 3477 2059 ⁸
3508 2028 3538 2081 ὁ

1966 2107 2025 2163 δέ
2051 2110 2284 2180 Χριστὸς
2315 2110 2410 2163 καὶ
2438 2110 2496 2162 ἐν
2539 2107 2715 2180 τούτῳ
2745 2108 2844 2180 τήν
2873 2108 3197 2180 κηδεμονίαν
3229 2109 3540 2176 ἐπεδείξατο

1970 2192 2063 2246 καὶ
2097 2195 2195 2263 τὴν
2226 2191 2433 2264 θερμὴν
2473 2191 2602 2262 περὶ
2646 2191 2793 2264 ἡμᾶς
2830 2191 3072 2264 ἀγάπην.
3113 2192 3225 2245 Καὶ
3251 2193 3308 2246 ἐν
3337 2193 3435 2264 μέν
3470 2196 3538 2266 τῇ

1970 2275 2182 2348 Παλαιᾷ
2202 2276 2389 2347 ἐπειδὴ
2414 2275 2765 2347 ἀτελέστερον
2793 2275 3072 2343 διέκειντο,
3111 2276 3140 2331 δ
3166 2279 3278 2342 τοῖς
3300 2276 3541 2344 εἰδώλοις

1970 2360 2305 2431 προσέφερον
2348 2355 2509 2432 αἷμα,
2553 2359 2713 2413 τοῦτο
2749 2357 2911 2422 αὐτὸς
2943 2359 3202 2430 ὑπέμεινε
3244 2359 3541 2428 καταδέξα-

1971 2441 2114 2510 σθαι,
2148 2442 2233 2496 ῐνα
2258 2441 2545 2515 ἀποστήσῃ
2588 2440 2833 2508 ἐκείνων,
2862 2439 2890 2492 δ
2919 2440 3012 2495 καὶ
3050 2442 3182 2495 αὐτὸ
3210 2442 3371 2498 πάλιν
3401 2445 3541 2515 ἀφά-

1968 2540 2062 2578 του
2095 2523 2476 2596 φιλοστοργίας
2505 2520 2606 2597 ἦν·
2642 2523 2873 2578 ἐνταῦθα
2903 2522 2960 2577 δέ
2987 2524 3081 2579 ἐπὶ
3110 2525 3173 2579 rb
3202 2525 3383 2598 πολλῷ
3412 2545 3539 2600 φρι-

1969 2606 2298 2679 κωδέστερον
2332 2608 2427 2663 καὶ
2475 2606 3052 2681 μεγαλοπρεπέστερον
3098 2606 3197 2680 τήν
3233 2608 3542 2681 ἱερουργίαν

1973 2690 2363 2761 μετεσκεύασε,
2421 2694 2519 2746 καὶ⁹
2571 2691 2669 2763 τήν
2712 2691 2903 2746 θυσίαν
2952 2690 3124 2763 αὐτὴν
3160 2692 3420 2764 ἀμείψας,
3452 2695 3544 2748 καὶ

1970 2772 2092 2827 ἀντὶ
2118 2773 2217 2844 τῆς
2239 2773 2348 2828 τῶν
2383 2773 2596 2843 ἀλόγων
2635 2774 2851 2845 σφαγῆς
2883 2772 3072 2828 ἐαυτὸν
3101 2775 3432 2847 προσφέρειν
3460 2793 3547 2830 κε-

1968 2856 2184 2921 λεύσας.
2232 2858 2297 2912 ’0
2328 2856 2526 2926 ἄρτος,
2566 2856 2640 2912 ὃν
2669 2855 2927 2927 κλῶμεν,
2957 2856 3093 2926 οὐχὶ
3134 2858 3414 2912 κοινωνία
3435 2858 3543 2912 τοῦ

1970 2939 2244 3011 σώματος
2272 2940 2377 2996 τοῦ
2397 2941 2655 3011 Χριστοῦ
2683 2941 2815 2995 ἐστι
2832 2956 2852 3004 ;
2893 2940 2993 2994 Διά
3022 2939 3075 2992 τί
3107 2940 3182 3013 μή
3221 2937 3365 3004 εἷπε,
3396 2943 3544 2995 Μετ-

1969 3025 2109 3095 οχή;
2146 3023 2269 3078 Ὀτι
2306 3024 2466 3078 πλέον
2496 3040 2552 3077 τι
2605 3022 2845 3095 δηλῶσαι
2875 3021 3176 3095 ἠϐουλήθη,
3217 3023 3310 3077 καὶ
3344 3022 3545 3094 πολλὴν

1972 3106 2307 3174 ἐνδείξασθαι
2348 3105 2445 3178 τὴν
2472 3105 2781 3175 συνάφειαν.
2814 3106 2888 3160 Οὐ
2919 3106 3029 3178 7&9
3060 3104 3137 3176 τῷ
3168 3105 3414 3177 μετέχειν
3445 3106 3543 3176 μό-

1972 3207 2063 3246 νον
2102 3190 2194 3245 καὶ
2223 3189 2678 3261 μεταλαμϐάνειν,
2728 3188 2862 3243 ἀλλά
2898 3190 2989 3242 καὶ
3027 3188 3104 3260 τῷ
3142 3187 3390 3242 ἐνοῦσθαι
3434 3205 3546 3241 κοι-

1972 3272 2267 3345 νωνοῦμεν.
2295 3271 2559 3342 Καθάπερ
2592 3270 2701 3342 7&9
2737 3270 2798 3322 rb
2832 3270 2988 3340 σῶμα
3028 3271 3203 3323 ἐκεῖνο
3233 3270 3437 3339 ἥνωται
3467 3266 3547 3341 τῷ

1974 3354 2215 3426 Χριστῷ,
2248 3353 2390 3407 οὕτω
2414 3354 2505 3407 καὶ
2537 3352 2698 3425 ήμεῖς
2730 3352 2879 3423 αὐτῷ
2911 3352 2998 3406 διά
3034 3352 3127 3406 τοῦ
3158 3353 3323 3423 ἄρτου
3354 3352 3543 3407 τούτου

1974 3436 2258 3507 ἐνούμεθα.
2292 3435 2389 3489 Διά
2414 3436 2467 3489 τί
2492 3436 2549 3489 δέ
2579 3434 2942 3506 προσέθηκεν,
2976 3436 3078 3488 Ὃν
3095 3433 3365 3504 κλῶμεν;
3387 3432 3546 3488 τοῦτο

1974 3520 2082 3590 γὰρ
2116 3520 2207 3573 ἐπὶ
2253 3518 2352 3589 μὲν
2381 3518 2479 3588 τῆς
2510 3516 2859 3588 εὐχαριστίας
2886 3516 3035 3571 ἐστιν
3071 3516 3199 3570 ίδεῖν
3228 3517 3544 3588 γινόμενονο

1974 3602 2065 3654 ἐπὶ
2092 3601 2148 3654 δέ
2175 3600 2269 3653 τοῦ
2300 3597 2534 3670 σταυροῦ
2560 3598 2765 3663 οὐκέτι,
2804 3598 2942 3652 ἀλλά
2962 3597 3058 3653 καὶ
3087 3597 3390 3652 τούναντίον
3418 3597 3548 3651 τού-

1974 3696 2091 3751 τῳ·
2145 3678 2394 3733 Ὀστοῦν
2444 3676 2552 3750 γάρ
2604 3675 2813 3743 αὐτοῦ,
2865 3678 3050 3747 φησὶν,
3102 3677 3176 3731 οὐ
3230 3676 3550 3746 συντριϐή-

1974 3778 2162 3817 σεται.
2200 3760 2338 3814 Ἀλλ’
2360 3760 2496 3830 ὅπερ
2517 3760 2616 3812 οὐκ
2642 3758 2842 3813 ἔπαθεν
2869 3760 2962 3813 ἐπὶ
2986 3759 3080 3813 τοῦ
3107 3759 3366 3832 σταυροῦ,
3389 3760 3549 3815 τοῦτο

1976 3846 2173 3915 πάσχει
2203 3844 2295 3896 ἐπὶ
2314 3842 2413 3913 τῆς
2437 3844 2751 3915 προσφορᾶς
2791 3840 2879 3897 διά
2913 3843 2993 3907 σέ,
3030 3842 3127 3896 καλ⁵
3152 3842 3404 3913 ἀνέχεται
3430 3842 3547 3896 δια-

1975 3926 2272 3997 κλώμενος,
2299 3922 2386 3977 ἵνα
2423 3925 2631 3987 πάντας
2678 3924 2954 3996 ἐμπλήσῃ.
3006 3919 3140 3978 Εῐτα
3170 3925 3356 3997 ἐπειδὴ
3402 3922 3545 3987 εῐπε,

1974 4004 2267 4061 Κοινωνία
2310 4003 2418 4058 τοῦ
2464 4001 2770 4071 σώματος,
2820 4002 2883 4055 rb
2926 4002 2985 4056 δέ
3031 4003 3319 4055 κοινωνοῦν
3361 4001 3547 4073 ἔτερόν

1975 4089 2122 4142 ἐστιν
2147 4086 2380 4149 ἐκείνου,
2403 4076 2464 4138 οὐ
2488 4086 2752 4146 κοινωνεῖ,
2790 4084 2885 4137 καὶ
2909 4084 3111 4151 ταύτην
3141 4082 3239 4154 τὴν
3282 4081 3548 4137 δοκοῦσαν

1976 4160 2113 4218 εἶναι
2144 4163 2346 4235 μικράν
2385 4160 2648 4233 διαφορὰν
2674 4162 2899 4214 ἀνεῖλεν.
2941 4158 3127 4213 Εἰπὼν
3154 4161 3283 4232 γὰρ,
3323 4164 3547 4215 Κοινω-

1975 4245 2076 4299 νια
2116 4244 2224 4299 τοῦ
2252 4242 2548 4313 σώματος,
2581 4243 2814 4314 ἐζήτησε
2849 4241 3010 4295 πάλιν
3049 4242 3348 4314 ἐγγύτερόν
3381 4260 3434 4296 τι
3469 4245 3547 4297 εἰ·

1978 4326 2102 4378 πεῖν
2122 4338 2137 4353 ο
2188 4322 2269 4376 διὸ
2303 4323 2399 4375 καὶ
2434 4321 2735 4392 ἐπήγαγεν,
2768 4320 2897 4373 ’Ὀτι
2926 4314 3015 4385 εἷς
3042 4318 3242 4388 ἄρτος,
3275 4318 3346 4373 ἐν
3373 4318 3547 4389 σῶμά

1976 4402 2163 4472 ἐσμεν
2189 4404 2246 4456 οι
2290 4400 2532 4455 πολλοί.
2568 4400 2633 4452 Τί
2676 4397 2785 4469 7&9
2826 4397 2968 4466 λέγω
3005 4397 3326 4465 κοινωνίαν;
3357 4399 3542 4468 φησίν·

1977 4484 2109 4540 αὐτό
2137 4485 2302 4554 ἐσμεν
2327 4485 2502 4536 ἐκεῖνο
2532 4481 2594 4534 rb
2621 4481 2795 4550 σῶμα.
2833 4479 2899 4532 Τί
2936 4480 3044 4551 γάρ
3087 4481 3235 4532 ἐστιν
3272 4482 3301 4534 ὁ
3342 4478 3546 4551 άρτοςς

1978 4563 2144 4635 Σῶμα
2171 4562 2427 4634 Χριστοῦ.
2468 4561 2536 4615 Τί
2566 4560 2623 4615 δέ
2661 4560 2901 4631 γίνονται
2933 4559 2982 4613 οι
3012 4558 3546 4630 μεταλαμϐάνοντεςς

1978 4647 2144 4717 Σῶμα
2172 4644 2408 4717 Χριστοῦ
2428 4661 2441 4675 ·
2472 4644 2593 4714 οὐχὶ
2619 4641 2848 4715 σώματα
2881 4642 3071 4709 πολλὰ,
3110 4642 3247 4697 ἀλλὰ
3281 4642 3442 4715 σῶμα
3465 4641 3546 4697 ἐν.

1978 4729 2245 4801 Καθάπερ
2278 4728 2390 4800 7&9
2428 4728 2457 4781 ὁ
2485 4727 2647 4800 ἄρτος
2690 4729 2754 4781 ἐκ
2784 4726 2997 4781 πολλῶν
3033 4726 3389 4796 συγκείμενος
3420 4726 3550 4779 κόκ-

1979 4825 2091 4864 κων
2129 4809 2354 4880 ἥνωται,
2397 4807 2474 4871 ῶς
2528 4805 2779 4878 μηδαμοῦ
2810 4804 3096 4876 φαίνεσθαι
3128 4806 3256 4868 τοὺς
3292 4804 3549 4865 κόκκους,

1979 4892 2094 4948 ἀλλ’
2129 4888 2268 4946 εἶναι
2311 4891 2409 4961 μὲν
2457 4890 2675 4954 αὐτοὺς,
2717 4890 2912 4959 ἀδηλον
2953 4889 3012 4942 δέ
3050 4887 3230 4941 αὐτῶν
3260 4884 3401 4942 εἶναι
3447 4886 3550 4956 τὴν

1979 4975 2238 5047 διαφορὰν
2274 4978 2342 5047 τῇ
2381 4974 2647 5044 συναφείᾳ
2689 4987 2703 5005 ο
2733 4970 2879 5026 οῦτω
2936 4970 3032 5024 καὶ
3067 4969 3317 5042 ἀλλήλοις
3345 4970 3444 5023 καὶ
3471 4971 3551 5042 τῷ

1981 5057 2204 5130 Χριστῷ
2240 5056 2643 5127 σνναπτόμεθα.
2680 5054 2756 5109 Οὐ
2783 5052 2893 5124 γάρ
2920 5055 2979 5121 ἐξ
3015 5053 3203 5125 ἐτέρου
3238 5053 3338 5124 μέν
3366 5052 3551 5124 σώμαο
3613 5076 3615 5079 τ

1981 5161 2072 5208 τος
2104 5146 2191 5211 σὺ,
2218 5144 2277 5210 ἐξ
2317 5143 2504 5213 ἐτέρου
2545 5141 2604 5197 δὲ
2651 5143 2855 5205 ἐκεῖνος
2889 5141 3165 5211 τρέφεται,
3206 5140 3321 5193 ἀλλ’
3359 5141 3424 5193 ἐκ
3454 5139 3551 5193 τοῦ

1978 5225 2148 5281 ἀὖτοῦ
2203 5226 2405 5289 πάντες
2442 5240 2460 5256 σ
2512 5224 2595 5278 διὸ
2641 5225 2736 5278 καὶ
2783 5222 2938 5297 [2M]
2981 5224 3261 5294 ἐπήγαγεν
3283 5239 3297 5251 ·
3335 5224 3400 5276 οι
3442 5222 3553 5290 γὰρ

1982 5308 2202 5374 πάντες
2226 5308 2297 5362 ἐκ
2318 5306 2428 5363 τοῦ
2449 5307 2588 5375 ἐνὸς
2618 5308 2801 5377 ἄρτου
2823 5307 3173 5377 μετέχομεν.
3203 5306 3267 5358 Et
3289 5303 3349 5358 δὲ
3375 5305 3440 5356 ἐκ
3456 5302 3553 5356 τοῦ

1983 5390 2170 5458 αὐτοῦ,
2210 5392 2305 5446 καὶ
2333 5391 2394 5445 rb
2422 5392 2554 5446 αὐτὸ
2588 5391 2852 5460 γινόμεθα
2897 5390 3120 5453 πάντες,
3148 5386 3237 5441 διά
3267 5385 3322 5439 τί
3349 5385 3426 5459 μὴ
3460 5386 3556 5440 καὶ

1982 5476 2081 5548 τὴν
2110 5475 2279 5548 αὐτὴν
2325 5478 2546 5552 ἀγάπην
2574 5476 3016 5548 ἐπιδεικνύμεθα,
3048 5475 3143 5529 καὶ
3173 5471 3433 5544 γινόμεθα
3459 5471 3556 5526 καὶ

1984 5561 2126 5616 κατὰ
2139 5559 2298 5614 τοῦτο
2327 5561 2419 5628 ἐν;
2450 5560 2560 5615 Καὶ
2586 5560 2693 5632 γὰρ
2720 5560 2816 5614 καὶ
2840 5561 2902 5615 rb
2923 5559 3149 5614 παλαιὸν
3173 5558 3267 5613 ἐπὶ
3294 5556 3402 5612 τῶν
3422 5573 3556 5630 προ-

1986 5645 2156 5713 γόνων
2201 5640 2310 5699 τῶν
2345 5645 2630 5718 ἡμετέρων
2675 5644 2833 5700 τοῦτο
2864 5642 2950 5719 ἦν.
2985 5648 3097 5705 Τοῦ
3138 5646 3248 5721 7&9
3285 5647 3561 5719 πλήθους

2053 5843 2075 5872 ε
2105 5840 2251 5902 893.,
2279 5836 2561 5903 ἐφιεμένους.
