4094 6222
542 293 660 352 ’τοι

558 410 676 466 τῶν
701 408 1180 468 πιστευσάντων,
1201 404 1384 474 φησὶν,
1411 397 1491 472 ἦν
1520 400 1560 468 ἠ
1591 398 1804 468 καρδία
1826 397 1924 452 καὶ
1948 399 1985 465 ἠ
2011 402 2123 468 wu-

557 495 637 567 κὴ
659 497 786 565 μία.
825 492 964 546 Ἀλλ’
1001 490 1119 558 οὐχὶ
1145 487 1260 551 νῦν,
1291 484 1424 538 ἀλλὰ
1457 483 1764 567 τούναντίον
1787 481 1932 535 ἅπαν
1952 497 1963 508 ·
1985 481 2124 567 -πολ-

557 563 638 633 λοὶ
661 563 764 632 *καὶ
795 573 1022 628 ποικίλοι
1059 568 1259 640 μεταξὺ
1291 568 1507 621 πάντων
1544 567 1593 618 οἱ
1632 565 1878 634 πόλεμοι,
1914 565 2007 617 καὶ
2033 563 2130 634 θη-

558 661 688 733 ρίων
719 655 1090 728 χαλεπώτερον
1112 651 1248 720 πρὸς
1273 650 1340 733 τά
1357 647 1944 733 ἀλλήλων-διακείμεθα
1960 645 2124 733 μέληέ

559 728 666 798 Καὶ
699 743 728 793 ὁ
775 739 871 809 μὲν
919 734 1151 805 Χριστὸς
1195 731 1448 786 τοσοῦτόν
1488 747 1549 783 σε
1594 729 1912 799 διεστηκότα
1953 728 2129 798 ἐαυτῷ

554 827 762 896 ἦνωσε·
801 821 864 872 σὺ
899 818 957 871 δέ
987 817 1113 871 οὑδέ
1143 815 1220 886 τῷ
1248 814 1460 884 ἀδελφῷ
1498 813 1667 879 ἀξιοῖς
1706 813 1945 884 ἡνῶσθαι
1988 813 2128 883 μετὰ

556 904 840 977 ἀκριϐείας
881 901 982 970 τῆς
1020 897 1424 970 προσηκούσης,
1463 897 1599 951 ἀλλά
1624 897 1940 967 ἀποσχίζεις
1972 914 2131 950 σεαυ-

554 989 666 1054 τὸν,
695 986 962 1054 τοσαύτης
981 984 1075 1037 καὶ
1103 983 1323 1051 ἀγάπης
1351 982 1444 1034 καὶ
1471 978 1617 1048 ζωῆς
1637 978 1948 1041 ἀπολαύσας
1982 978 2131 1050 παρά

552 1070 646 1125 τοῦ
677 1068 969 1122 Δεσπότου.
995 1064 1130 1118 Οὑδέ
1159 1064 1265 1133 γὰρ
1304 1062 1489 1126 ἁπλῶς
1520 1061 1582 1114 τὸ
1613 1061 1772 1131 σῶμα
1810 1060 1975 1114 αὐτοῦ
2003 1060 2130 1113 ἐδω-

555 1170 648 1208 κεν
667 1169 679 1183 ·
710 1150 823 1204 ἀλλ’
844 1146 1031 1217 ἐπειδὴ
1061 1148 1094 1216 ἡ
1133 1144 1372 1216 προτέρα
1409 1143 1509 1214 τῆς
1539 1142 1738 1214 σαρκὸς
1770 1142 1928 1212 φύσις
1949 1145 1982 1213 ὴ
2021 1141 2128 1196 ἀπὸ

553 1236 656 1304 γῆς
688 1228 1096 1293 διαπλασθεῖσα,
1127 1227 1236 1279 ἀπὸ
1269 1227 1368 1297 τῆς
1404 1226 1676 1296 ἁμαρτίας
1703 1225 1904 1293 ἔφθασε
1926 1241 2130 1294 νεκρω-

555 1318 710 1388 θῆναι
733 1314 828 1366 καὶ
855 1312 997 1382 ζωῆς
1023 1308 1273 1376 γενέσθαι
1301 1308 1524 1380 ἔρημος,
1549 1307 1762 1379 ἑτέραν,
1791 1308 1866 1371 ὼς
1889 1307 1952 1361 ἂν
1981 1308 2128 1359 εἴποι

553 1418 658 1467 τις,
694 1397 871 1468 μᾶζαν
899 1394 990 1447 καὶ
1036 1391 1214 1462 ζύμην
1241 1393 1599 1462 ἐπεισήγαγε,
1639 1395 1734 1462 τὴν
1777 1391 1970 1445 ἑαυτοῦ
2001 1392 2130 1463 σάρ-

555 1501 646 1550 κα,
673 1480 834 1550 φύσει
874 1477 971 1548 μὲν
999 1472 1165 1528 οὖσαν
1185 1473 1282 1546 τὴν
1308 1474 1476 1546 αὐτὴν
1502 1515 1517 1539 ,
1553 1475 1826 1546 ἁμαρτίας
1858 1475 1914 1528 δὲ
1953 1473 2129 1547 ἀπηλα

556 1564 830 1635 λαγμένην
854 1561 948 1614 καὶ
985 1557 1132 1628 ζωῆς
1157 1556 1454 1626 γέμουσαν,
1483 1558 1575 1611 καὶ
1612 1559 1777 1610 πᾶσιν
1801 1557 2002 1611 ἔδωκεν
2032 1557 2129 1610 αὺ-

556 1648 657 1717 τῆς
690 1641 1147 1716 μεταλαμϐάνειν,
1188 1639 1274 1717 ἵνα
1307 1638 1478 1709 ταύτῃ
1524 1639 1872 1717 τρεφόμενοι,
1900 1639 1995 1692 καὶ
2031 1638 2130 1717 τὴν

558 1709 830 1798 προτέραν
863 1709 1189 1789 ἀποθέμενοι
1217 1716 1314 1788 τὴν
1353 1709 1571 1789 νεκρὰν,
1615 1721 1693 1782 εἰς
1721 1719 1819 1788 τὴν
1847 1716 1994 1789 ζωὴν
2033 1709 2129 1789 ⁴ἰὴν

548 1809 853 1864 ἀθάνατον·
879 1802 966 1855 διὰ
991 1802 1088 1870 τῆς
1108 1799 1384 1871 τραπέζης
1417 1801 1881 1873 ἀνακερασθῶμεν
1907 1801 2127 1870 ταύτης.

543 1890 815 1946 Βλέπετε
849 1889 955 1938 τὸν
987 1881 1224 1950 Ἰσραὴλ
1253 1882 1403 1935 κατὰ
1424 1882 1650 1952 σάρκα·
1688 1886 1800 1951 οὐχ
1827 1886 1880 1938 οί
1903 1883 2132 1937 ἐσθίον-

554 1989 651 2038 τες
678 1971 785 2035 τὰς
815 1967 1030 2032 θυσίας
1060 1965 1330 2018 κοινωνοὶ
1381 1964 1489 2017 τοῦ
1518 1966 1947 2034 θυσιαστηρίου
1973 1965 2093 2020 εὶσί
2109 1983 2129 2031 ;

553 2051 725 2109 Πάλιν
744 2051 856 2105 ἀπὸ
883 2049 982 2118 τῆς
1004 2046 1247 2109 Παλαιᾶς
1281 2047 1374 2100 καὶ
1399 2048 1478 2109 είς
1514 2046 1672 2100 τοῦτο
1701 2048 1906 2116 ἐνάγει.
1949 2049 2128 2102 Ἐπειο

554 2137 619 2210 δὴ
645 2137 753 2206 γὰρ
781 2132 916 2186 πολὺ
953 2129 1047 2184 τοῦ
1089 2127 1357 2200 μεγέθους
1386 2129 1492 2182 τῶν
1530 2129 1826 2200 λεχθέντων
1866 2126 2005 2201 ἦσαν
2033 2149 2129 2184 τα-

559 2220 877 2288 πεινότεροι,
907 2215 1001 2269 καὶ
1028 2213 1136 2267 ἀπὸ
1158 2213 1268 2266 τῶν
1304 2214 1584 2285 προτέρων
1617 2214 1813 2278 αὐτοὺς
1854 2216 1947 2268 καὶ
2005 2231 2131 2268 συν-

555 2303 702 2375 ήθων
737 2299 931 2353 πείθει.
964 2296 1077 2350 Καὶ
1117 2295 1318 2357 καλῶς,
1365 2298 1526 2350 Κατὰ
1557 2295 1774 2366 σάρκα,
1827 2297 2011 2367 φησιν,
2055 2297 2130 2360 ὡς

554 2385 731 2440 αὐτῶν
773 2383 913 2436 κατά
957 2378 1174 2450 πνεῦμα
1229 2378 1416 2432 δντων.
1471 2379 1537 2431 Ὀ
1569 2378 1626 2431 δέ
1670 2379 1840 2448 λέγει,
1891 2378 2130 2432 τοιοῦτόν

555 2472 703 2522 ἐστι’
730 2465 846 2519 Κᾶν
875 2463 980 2518 ἀπὸ
1004 2462 1111 2515 τῶν
1138 2460 1458 2532 παχυτέρων
1493 2459 1838 2532 παιδευθῆτε,
1857 2461 1937 2514 δτι
1967 2462 2016 2514 οἱ
2041 2462 2130 2513 ἐσ-

557 2551 762 2612 θίοντες
785 2549 882 2610 τὰς
926 2543 1113 2608 θυσίας
1148 2543 1396 2598 κοινωνοὶ
1424 2543 1516 2596 τοῦ
1551 2543 1933 2614 θυσιαστηρίου
1969 2544 2126 2600 εἰσίν.

565 2633 728 2704 Ὁρᾷς
752 2629 865 2693 πῶς
890 2627 1156 2681 δείκνυσιν
1186 2626 1286 2679 οὐκ
1307 2625 1526 2695 ἔχοντας
1551 2626 1753 2695 γνῶσιν
1773 2626 1984 2680 τελείαν
2005 2627 2129 2689 τοὺς

527 2714 843 2774 ’δοκοῦντας
883 2707 1020 2764 εἶναι
1056 2709 1320 2774 τελείους,
1367 2708 1421 2759 εί
1451 2725 1515 2776 γε
1559 2707 1694 2779 μηδέ
1734 2709 1891 2762 τοῦτο
1931 2711 2125 2775 ἴσασιν,

555 2799 637 2851 ὅτι
665 2794 913 2849 κοινωνία
958 2809 1041 2856 τις
1072 2792 1178 2845 ἀπὸ
1207 2791 1410 2844 τούτων
1449 2790 1543 2844 καὶ
1576 2791 1728 2860 φιλία
1755 2790 1966 2854 πολλοῖς
1995 2790 2127 2843 πολ-

555 2883 709 2942 λάκις
737 2878 873 2948 πρὸς
904 2875 1163 2945 δαίμονας
1190 2873 1422 2941 γίνεται,
1452 2873 1592 2926 κατὰ
1619 2874 1816 2944 μικρὸν
1860 2873 1962 2943 τῆς
2003 2890 2128 2925 συν-

549 2962 742 3035 ,ηθείας
767 2959 963 3020 αὐτοὺς
992 2956 1388 3027 ἐφελκομένης;
1413 2955 1475 3007 Εἰ
1504 2957 1610 3025 γὰρ
1643 2957 1726 3006 ἐπ’
1744 2955 2043 3026 ἀνθρώπων
2067 2954 2130 3007 τὸ

557 3046 828 3102 κοινωνεῖν
853 3041 994 3095 ἀλῶν
1017 3041 1112 3094 καὶ
1133 3039 1411 3108 τραπέζης
1435 3037 1615 3108 φιλίας
1638 3037 1859 3109 ἀφορμὴ
1881 3040 1975 3091 καὶ
2000 3038 2130 3106 σύμ-

558 3131 712 3184 ϐολον
742 3127 974 3196 γίνεται,
999 3125 1232 3194 ἐγχωρεῖ
1256 3125 1348 3176 καὶ
1383 3123 1476 3174 ἐπί
1499 3121 1765 3192 δαιμόνων
1797 3121 1958 3174 τοῦτο
1989 3139 2128 3190 συμ-

559 3215 717 3286 ϐῆναι
746 3228 759 3242 ·
795 3211 859 3264 σὺ
888 3211 942 3262 δέ
969 3225 1056 3278 μοι
1087 3206 1298 3272 σκόπει,
1332 3204 1446 3267 πῶς
1471 3205 1560 3258 ἐπὶ
1586 3205 1683 3274 μὲν
1713 3203 1820 3262 τῶν
1859 3205 2128 3260 Ἰουδαίων

557 3298 657 3350 οὐκ
684 3291 854 3358 εἶπεν,
894 3293 974 3344 ὅτι
1007 3290 1084 3358 τῷ
1110 3289 1229 3358 Θεῷ
1257 3286 1624 3351 κοινωνοῦσιν,
1663 3287 1818 3352 ἀλλά,
1845 3288 2127 3342 Κοινωνοὶ

558 3378 664 3434 τοῦ
692 3374 1127 3440 θυσιαστηρίου
1159 3371 1281 3424 εὶσί
1297 3387 1312 3400 ·
1350 3371 1444 3423 καὶ
1470 3369 1577 3440 γὰρ
1607 3370 1929 3423 κατεκαίετο
1960 3371 2020 3424 τὸ
2049 3389 2130 3425 τε·

557 3462 804 3532 θειμένον
824 3459 851 3497 b
876 3473 888 3485 ·
918 3457 1009 3509 ἐπὶ
1035 3455 1092 3507 δέ
1125 3452 1219 3504 τοῦ
1250 3452 1500 3522 σώματος
1531 3450 1629 3504 τοῦ
1661 3451 1896 3522 Χριστοῦ
1921 3455 2019 3523 οὐχ
2039 3452 2130 3506 ού-

728 3539 864 3594 ἀλλά
905 3538 1057 3603 πῶς;
1098 3535 1387 3590 Κοινωνία
1422 3534 1530 3588 τοῦ
1559 3531 1831 3603 σώματος
1862 3535 1968 3589 τοῦ
2012 3538 2130 3589 Κυ-

549 3629 686 3697 ρίου
727 3623 918 3677 ἐστίν.
963 3621 1038 3673 Οὐ
1071 3620 1178 3688 γὰρ
1221 3619 1312 3671 τοῦ
1349 3617 1752 3687 θυσιαστηρίου,
1800 3617 1914 3670 ἀλλ’
1962 3618 2127 3672 αὑτοῦ

558 3708 651 3762 τοῦ
691 3703 924 3776 Χριστοῦ
957 3703 1200 3756 κοινωνοὶ
1222 3699 1502 3771 γινόμεθα.
1543 3698 1724 3752 Εἰπὼν
1759 3698 1836 3767 δὲ,
1865 3700 1946 3752 ὅτι
1992 3704 2126 3754 Κοι-

558 3790 736 3845 νωνοὶ
787 3787 894 3841 τοῦ
941 3786 1374 3852 θυσιαστηρίου
1421 3783 1599 3849 εὶσὶν,
1651 3779 1770 3837 εἶτα
1824 3783 2006 3847 δείσας
2051 3784 2126 3856 μὴ

558 3874 686 3946 δόξῃ
712 3870 954 3942 ὡσπερεὶ
997 3871 1149 3939 ἰσχὺν
1193 3866 1425 3937 ἐχόντων
1467 3865 1576 3919 τῶν
1613 3865 1842 3920 εἰδώλων
1884 3866 2126 3935 διαλέγε-

553 3957 684 4010 -σθαι
709 3959 801 4009 καὶ⁸
831 3954 1142 4023 δυναμένων
1167 3969 1218 4003 τι
1247 3949 1445 4020 βλάψαι
1468 3965 1480 3977 ο
1514 3950 1617 4020 ὅρα
1646 3949 1758 4014 πῶς
1783 3949 1923 4004 αύτά
1945 3949 2128 4003 καθαι-

555 4043 644 4112 ρεῖ
669 4039 827 4093 πάλιν
851 4038 1022 4106 λέγων
1043 4053 1056 4066 ·
1105 4035 1163 4088 Τί
1198 4029 1314 4089 οὖν
1348 4050 1494 4102 φημι
1509 4048 1528 4097 ;
1556 4032 1643 4086 ὅτι
1665 4033 1917 4087 εἰδωλόν
1946 4033 2002 4087 τί
2020 4034 2126 4087 ἐσ-

559 4139 680 4186 tm;
711 4122 750 4190 ἢ
783 4120 872 4173 ὅτι
907 4117 1301 4174 εὶδωλόθυτόν
1325 4117 1380 4168 τί
1409 4117 1585 4179 ἐστι;

631 4205 700 4275 γ’.
723 4203 909 4258 Ταῦτα
933 4203 988 4255 δὲ
1015 4201 1178 4268 λέγω,
1206 4198 1358 4269 φησὶ,
1382 4197 1714 4265 καὶ-ἀπάγω,
1746 4197 1845 4268 οὐχ
1871 4197 1945 4260 ὼς
1965 4196 2125 4251 δυνα-

561 4291 734 4360 μένων
766 4285 964 4357 βλάψαι
984 4300 1035 4338 τι
1063 4281 1172 4334 τῶν
1197 4280 1429 4334 εἰδώλων
1453 4281 1485 4350 ἣ
1510 4281 1659 4350 ἰσχὺν
1680 4279 1912 4348 ἐχόντων
1931 4295 1945 4308 ο
1975 4280 2126 4333 οὐδὲν

556 4373 666 4442 γάρ
695 4372 868 4422 ἐστιν’
905 4365 1040 4420 ἀλλά
1071 4364 1330 4435 βούλομαι
1365 4365 1724 4433 καταφρονεῖν
1755 4361 1936 4415 αὐτῶν
1960 4363 2122 4432 ὑμᾶς.

559 4455 670 4508 Καὶ
695 4454 744 4505 εί
781 4450 960 4520 βούλει
1001 4449 1383 4518 καταφρονεῖν,
1412 4447 1565 4516 φησὶ,
1598 4445 1744 4506 τίνος
1772 4444 1956 4497 ἐνεκεν
1989 4445 2126 4514 μετά

561 4533 792 4601 σπουδῆς
823 4531 999 4584 αὐτῶν
1023 4531 1170 4599 ἡμᾶς
1194 4529 1429 4597 ἀπάγει;
1453 4528 1574 4580 Ὀτι
1598 4527 1660 4580 οὐ
1694 4526 2027 4595 προσάγεται
2047 4526 2125 4598 τῷ

561 4614 712 4688 [315]
741 4612 988 4683 Δεσπότῃ
1015 4611 1092 4680 τῷ
1124 4609 1219 4680 σῷ.
1254 4613 1323 4662 Ὃ
1360 4609 1469 4678 γὰρ
1511 4609 1658 4672 θύει,
1679 4609 1832 4677 φησι,
1852 4608 1924 4661 τὰ
1955 4608 2122 4677 ἔθνη,

556 4695 888 4767 δαιμονίοις
912 4695 1058 4758 θύει,
1083 4691 1180 4744 καὶ
1209 4694 1280 4746 οὐ
1305 4689 1445 4756 Θεῷ.
1463 4689 1555 4760 Μὴ
1575 4689 1751 4743 τοίνυν
1775 4689 1998 4760 τρέχετε
2029 4692 2124 4746 ἐπὶ

557 4786 626 4839 τὰ
664 4780 901 4837 ἐναντία.
929 4776 1073 4832 om
1110 4777 1237 4846 γὰρ,
1263 4778 1310 4828 εί
1339 4773 1603 4845 βασιλέως
1625 4774 1739 4836 υίὸς
1775 4768 1863 4842 ἧς,
1888 4769 2008 4828 εἶτα
2027 4775 2126 4846 τῆς

559 4865 832 4937 πατρικῆς
877 4857 1173 4917 ἀπολαύων
1208 4855 1508 4932 τραπέζης,
1546 4854 1705 4924 ἀφεὶς
1744 4856 1980 4927 ἐκείνην,
2027 4857 2126 4928 τῆς

557 4949 667 5002 τῶν
705 4947 1012 5002 καταδίκων
1039 4945 1134 5000 καὶ
1179 4941 1472 5016 δεσμωτῶν
1502 4939 1772 5011 ἠθέλησας
1800 4940 2126 5010 κοινωνῆσαι

559 5033 617 5084 ἐν
639 5029 717 5098 τῷ
745 5027 1124 5098 δεσμωτηρίῳ,
1163 5026 1464 5099 ἐπέτρεψεν
1502 5023 1567 5078 ἂν
1586 5026 1614 5078 ὁ
1636 5025 1822 5094 πατήρ
1837 5039 1852 5053 ·
1877 5022 2014 5076 ἀλλά
2033 5025 2126 5077 καὶ

563 5114 700 5184 μετά
727 5109 928 5180 πολλῆς
961 5110 1026 5163 ἀν
1073 5112 1325 5181 ἀπήγαγε
1367 5113 1466 5181 τῆς
1509 5107 1886 5179 σφοδρότητος,
1914 5109 2013 5179 οὐχ
2051 5109 2124 5172 ὡς

548 5195 865 5267 δυναμένης
897 5196 996 5264 τῆς
1024 5193 1303 5263 τραπέζης
1345 5194 1565 5263 βλάψαι,
1588 5192 1703 5246 ἀλλ’
1722 5192 1796 5256 ὼς
1832 5209 2125 5261 καταισχυ-

559 5283 755 5353 νούσης
777 5294 873 5332 σου
900 5279 1000 5347 τὴν
1035 5277 1313 5344 εὐγένειαν
1343 5277 1436 5328 καὶ
1469 5279 1566 5346 τὴν
1591 5276 1867 5347 τράπεζαν
1891 5279 1990 5348 τὴν
2025 5275 2123 5346 βα-

550 5368 792 5438 σιλικήν.
826 5364 934 5419 Καὶ
958 5363 1066 5435 γάρ
1091 5364 1183 5416 καὶ
1205 5355 1349 5416 οὗτοι
1374 5359 1583 5414 οἰκέται
1616 5361 1722 5414 εἰσὶ
1750 5376 2122 5431 προσκεκρου-

548 5455 731 5519 κότες,
795 5448 1145 5522 ἠτιμωμένοι,
1202 5446 1501 5509 κατάδικοι,
1541 5443 1814 5522 δεσμῶται
1869 5446 2122 5515 ἀφορήτῳ

556 5537 772 5590 κολάσει
807 5521 1152 5606 τηρούμενοι,
1193 5531 1402 5602 μυρίοις
1437 5521 1726 5582 ὑπεύθυνοι
1763 5529 1971 5590 κακοτς.
2000 5526 2121 5589 Πῶς

556 5614 649 5672 οὖν
675 5620 775 5672 οὐκ
803 5617 1030 5688 αἰσχύνῃ
1059 5617 1200 5671 κατά
1231 5613 1356 5675 τοὺς
1394 5613 1729 5683 λαιμάργους
1759 5611 1856 5664 καὶ
1897 5608 2118 5663 ἀνελευ-

618 5756 643 5782 ⁸
672 5753 816 5816 ἣτε,
843 5755 907 5807 εἰς
926 5753 1011 5816 τῂν
1037 5754 1192 5806 ζῶσαν
1215 5752 1310 5816 καὶ-
1331 5747 1572 5816 ἀθάνατον.
1641 5747 1666 5786 ιι
1690 5747 1835 5809 323.,
1860 5746 2117 5805 τιθέμενον.

555 5811 770 5868 Savﬂiui
793 5813 1058 5882 legendum
1082 5818 1219 5875 pum
1241 5811 1500 5871 τεθυμένον.

1133 251 1138 266 1
1232 289 1290 346 S.
1325 283 1608 344 JOANNIS
1641 280 2126 339 CHRYSOSTOMI
2168 283 2485 342 ARCHIEP.
2527 281 3076 341 CONSTANTINOP.

3685 285 3798 340 ιιὶί

2233 401 2443 474 θέρους,
2475 405 2602 458 ὅταν
2628 401 2761 455 θῶσι
2786 397 3069 472 τράπεζαν
3097 399 3147 450 οἱ
3173 397 3457 453 κατάδικοι
3481 393 3648 464 οῦτοι,
3685 401 3809 471 τρι⁴

2233 501 2342 553 χων
2388 485 2502 538 ἐκεῖ
2547 485 2641 538 καὶ
2697 484 2939 554 μετέχων
2977 480 3084 534 τῶν
3126 481 3538 551 προκειμένων;
3585 484 3687 535 Διά
3739 482 3806 552 δὴ

2231 565 2388 618 τοῦτο
2413 566 2606 635 ἀπάγω
2623 583 2635 595 °
2660 569 2687 618 ὁ
2702 565 2808 635 γάρ
2831 563 3029 627 σκοπὸς
3057 563 3162 616 τῶν
3183 564 3416 618 θυόντων
3445 564 3613 618 καὶτὸ
3639 564 3808 636 πρόσ-

2233 665 2379 701 ωπον
2407 647 2512 702 τῶν
2545 647 2845 718 δεχομένων
2874 648 3158 718 ἀκάθαρτα
3181 651 3323 702 ποιεῖ
3349 647 3418 701 τά
3442 648 3803 720 προκείμενα.

2237 732 2318 782 Οὐ
2351 729 2500 782 θέλω
2529 729 2596 782 δὲ
2641 727 2795 798 ὑμᾶς
2839 729 3166 796 κοινωνοὺς
3193 729 3311 784 τῶν
3347 729 3671 800 δαιμονίων
3721 731 3807 801 τί·

2233 817 2460 868 νεσθαι.
2486 812 2636 877 Εἶδες
2663 815 2842 882 φιλίαν
2871 813 3075 884 πατρὸς
3118 815 3514 885 κηδεμονικοῦ;
3545 811 3688 880 εἶδες
3713 814 3808 869 καὶ

2233 896 2365 950 αὐτὸ
2407 896 2468 948 τὸ
2507 897 2660 966 ῥῆμα
2691 896 2890 966 πολλὴν
2937 896 3058 966 ἔχον
3081 897 3179 967 τὴν
3220 896 3454 966 ἔμφασιν
3489 897 3592 967 τῆς
3621 896 3806 951 διαθέ-

2235 997 2406 1043 σεωςς
2438 981 2606 1032 Οὐδὲν
2641 981 2748 1052 γὰρ
2781 979 3035 1050 βούλομαι
3081 981 3259 1034 κοινὸν
3301 981 3445 1052 ἐχειν
3481 982 3625 1052 ὑμᾶς
3670 981 3808 1052 πρὸς

2233 1061 2494 1124 ἐκείνους,
2549 1063 2734 1132 φησίν.
2771 1058 2903 1115 Εἶτα
2931 1062 3115 1134 ἐπειδὴ
3147 1065 3206 1115 ἐν
3238 1064 3387 1130 τάξει
3432 1063 3808 1132 παραινέσεως

2231 1144 2323 1198 τὸν
2351 1144 2506 1212 λόγον
2529 1147 2841 1214 εισήγαγεν,
2877 1145 2962 1200 ἴνα
2991 1147 3064 1217 μή
3099 1163 3179 1210 τις
3213 1147 3323 1199 τῶν
3353 1145 3678 1216 παχυτέρων
3706 1163 3807 1200 κα-

2231 1229 2566 1298 ταφρονήσῃ,
2584 1227 2659 1290 ὡς
2675 1229 2922 1294 ἐξουσίαν
2936 1228 3094 1298 ἔχων,
3117 1229 3303 1301 ἐπειδὴ
3331 1224 3504 1294 εἶπεν,
3529 1233 3611 1284 οὐ
3629 1230 3804 1296 om,

2235 1311 2327 1364 καὶ
2361 1312 2556 1379 Ὑμεῖς
2599 1312 2865 1380 κρίνατε,
2917 1311 3274 1382 ἀποφαίνεται
3308 1311 3492 1365 λοιπδν
3521 1313 3618 1366 καὶ
3645 1329 3806 1384 νομο⁹

2234 1393 2379 1448 θετεῖ
2407 1395 2576 1462 λέγων
2594 1412 2609 1426 ·
2639 1397 2720 1449 Οὐ
2740 1395 3002 1450 δύνασθε
3025 1395 3309 1463 ποτήριον
3332 1396 3554 1463 Κυρίου
3581 1394 3801 1460 πίνειν,

2234 1477 2333 1531 καὶ
2376 1477 2664 1546 ποτήριον
2709 1476 3029 1548 δαιμονίων
3056 1493 3070 1507 ·
3104 1481 3174 1533 οὐ
3218 1475 3480 1532 δύνασθε
3515 1475 3806 1546 τραπέζης

2233 1561 2453 1629 Κυρίου
2500 1560 2788 1629 μετέχειν,
2845 1560 2942 1614 καὶ
2985 1559 3271 1629 τραπέζης
3305 1562 3646 1631 δαιμονίων.
3695 1563 3806 1616 Καὶ

2233 1643 2482 1713 ἀρκεῖται
2513 1645 2624 1706 τοῖς
2650 1642 2876 1712 ὀνόμασι
2911 1642 3092 1712 μόνοις
3115 1645 3194 1707 εὶς
3226 1644 3324 1714 τὴν
3353 1644 3678 1715 ἀπαγωγήν.
3713 1638 3806 1696 Εἷ-

2233 1742 2301 1778 τα
2325 1726 2418 1779 καὶ
2439 1727 2525 1778 ἐντ
2534 1725 2804 1797 ρεπτικῶς
2819 1742 2832 1756 ·
2867 1725 2935 1780 Ἦ
2952 1724 3404 1796 παραζηλοῦμεν
3424 1728 3529 1781 τὸν
3552 1727 3806 1796 Κύριονς

2227 1807 2314 1878 μὴ
2344 1809 2716 1877 ὶσχυρότεροι
2753 1807 2938 1862 αὑτοῦ
2982 1809 3202 1878 ἐσμεν;
3230 1810 3508 1876 Τουτέστι,
3540 1808 3807 1883 Πειράζοο

2238 1908 2336 1963 μεν
2369 1891 2548 1956 αὐτὸν,
2574 1893 2622 1944 εί
2647 1891 2870 1945 δύναται
2893 1891 3118 1946 κολάσαι
3151 1894 3316 1963 ἡμᾶς,
3346 1893 3442 1946 καὶ
3468 1892 3807 1964 παρακνίζο-

2238 1991 2335 2046 μεν
2379 1974 2540 2027 αὐτὸν
2577 1973 2712 2042 πρὸς
2750 1976 2876 2039 τοὺς
2925 1975 3201 2040 ἐναντίους
3233 1975 3664 2047 ἀποχωροῦντες,
3709 1975 3809 2030 καὶ

2239 2058 2376 2128 μετά
2399 2057 2505 2111 τῶν
2521 2057 2685 2111 αὑτοῦ
2715 2058 2986 2129 πολεμίων
3010 2061 3323 2130 ταττόμενοι
3343 2077 3357 2125 ;
3385 2058 3556 2113 Τοῦτο
3575 2060 3630 2113 δὲ
3657 2055 3801 2124 εἷπε,

2235 2141 2666 2212 ἀναμιμνήσκων
2693 2141 2890 2205 αὐτοὺς
2921 2141 3157 2205 παλαιᾶς
3195 2142 3434 2213 ἱστορίας
3465 2143 3561 2196 καὶ¹
3609 2157 3806 2212 πατριο

2235 2224 2338 2294 κῆς
2371 2225 2724 2296 παρανομίας.
2761 2225 2850 2278 Διδ
2892 2227 2987 2278 καὶ
3015 2229 3080 2296 τῇ
3125 2225 3267 2290 λέξει
3309 2226 3481 2298 ταύτῃ
3516 2225 3805 2296 κέχρηται⁹

2234 2303 2384 2382 ᾗκαὶ
2414 2308 2548 2379 πρὸς
2587 2307 2870 2372 Ἰουδαίους
2903 2309 2931 2360 ό
2961 2307 3199 2378 Μωῦσῆς
3231 2308 3500 2378 ἐχρήσατό
3530 2324 3680 2370 ποτε,
3715 2310 3805 2373 ἐγ-

2235 2391 2412 2445 καλῶν
2443 2393 2584 2462 ύπὲρ
2611 2391 3050 2462 είδωλολατρείας
3085 2393 3150 2444 ἐκ
3182 2390 3473 2461 προσώπου
3504 2389 3597 2443 τοῦ
3627 2389 3764 2442 Θεοῦ
3786 2407 3800 2419 ·

2227 2475 2401 2528 Αὐτοὶ
2445 2475 2570 2546 γάρ,
2627 2477 2782 2544 φησι,
2825 2474 3253 2544 παρεζήλωσάν
3282 2491 3359 2544 με
3397 2473 3490 2526 ἐπ’
3538 2475 3609 2528 οὐ
3658 2473 3803 2538 Θεῷ,

2233 2555 2612 2626 παρώρτισάν
2633 2575 2711 2628 με
2733 2559 2802 2611 ἐν
2823 2560 2946 2622 τοῖς
2965 2557 3232 2623 εἰδώλοις
3259 2555 3476 2612 αὐτῶν.
3503 2558 3599 2626 Μὴ
3632 2559 3805 2624 ισχυ-

2227 2641 2456 2709 ρότεροι
2497 2641 2683 2695 αὐτοῦ
2731 2642 2962 2710 ἐσμεν;
3015 2638 3166 2704 Εἶδες
3199 2637 3315 2702 πῶς
3363 2638 3627 2710 φοϐερῶς,
3684 2639 3805 2701 πῶς

2235 2724 2476 2794 φρικτῶς
2501 2723 2822 2796 ἐπέπληξεν,
2855 2724 2993 2778 αὑτά
3023 2725 3297 2787 διασείσας
3322 2724 3498 2779 αὐτῶν
3519 2724 3589 2777 τά
3607 2722 3803 2794 νεῦρα,

2234 2808 2327 2859 καὶ
2354 2810 2418 2878 τῇ
2449 2808 2530 2870 είς
2559 2807 2760 2861 ἄτοπον
2802 2810 3070 2878 ἀπαγωγῇ
3102 2807 3304 2878 σφόδρα
3342 2808 3518 2860 αὐτῶν
3556 2805 3803 2875 καθαψά-

2235 2906 2395 2960 μενος
2425 2891 2520 2942 καὶ
2544 2889 2890 2958 κατενεγκὼν
2911 2889 3088 2943 αὐτῶν
3116 2890 3177 2942 τὸ
3213 2890 3473 2960 φύσημα;
3506 2889 3614 2943 Καὶ
3643 2888 3730 2941 διά
3753 2888 3804 2940 τί

2236 2972 2311 3042 μὴ
2349 2971 2408 3038 ἐξ
2431 2972 2606 3044 ἀρχῆς
2643 2972 2817 3027 ταῦτα
2856 2973 3130 3036 τέθεικεν,
3167 2973 3351 3044 φησὶν,
3387 2972 3422 3026 ἃ.
3456 2972 3691 3043 μάλιστα
3737 2973 3804 3026 ἂν

2234 3055 2429 3118 αὐτοὺς
2465 3057 2780 3126 ἀπήγαγεν;
2827 3057 2947 3110 Ὀτι
2994 3055 3113 3118 έθος
3147 3056 3296 3127 αὐτῷ
3326 3057 3412 3110 διὰ
3474 3056 3734 3109 πλειόνων
3768 3056 3802 3109 ἀ

2235 3137 2480 3210 βούλεται
2508 3139 2954 3204 κατασκευάζειν,
2992 3140 3084 3192 καὶ
3114 3139 3182 3192 τὰ
3225 3139 3547 3210 ἰσχυρότερα
3578 3136 3804 3210 ὕστερον

2232 3223 2456 3290 τιθέναι,
2488 3223 2584 3277 καὶ
2623 3225 2690 3278 ἐκ
2727 3225 3042 3296 περιουσίας
3080 3226 3256 3296 νικᾷν.
3290 3226 3387 3278 Διά
3411 3225 3475 3285 δὴ
3507 3223 3665 3278 τοῦτο
3695 3224 3804 3278 ἀπὸ

2231 3307 2340 3362 τῶν
2395 3310 2831 3382 καταδεεστέρων
2884 3311 3210 3381 ἀρξάμενος,
3262 3311 3355 3362 ἐπὶ
3399 3310 3462 3362 τὸ
3510 3310 3803 3378 κεφάλαιον

2231 3385 2362 3461 ἦλθε
2393 3391 2499 3444 τῶν
2523 3391 2729 3446 κακῶν.
2767 3391 2922 3445 Οὕτω
2950 3393 3058 3463 γὰρ
3084 3392 3179 3445 καὶ
3208 3391 3364 3444 τοῦτο
3396 3393 3457 3445 εὑ
3470 3391 3802 3462 παράδεκτον

2237 3473 2434 3544 μᾶλλον
2473 3476 2700 3543 ἐγίνετο,
2739 3477 2850 3539 τοῖς
2893 3475 3178 3546 προτέροις
3225 3477 3323 3542 τῆς
3355 3477 3592 3540 διανοίας
3621 3476 3802 3529 αὐτῶν

2234 3557 2706 3626 καταλεανθείσης.
2732 3557 2935 3612 Πάντα
2944 3575 3042 3628 μοι
3063 3559 3322 3623 ἔξεστιν,
3343 3560 3479 3613 ἀλλ’
3506 3561 3578 3613 οὐ
3607 3558 3801 3612 πάντα

2231 3640 2552 3711 συμφέρει·
2605 3639 2803 3694 πάντα
2842 3658 2946 3709 μοι
3001 3641 3262 3705 ἔξεστιν,
3317 3642 3451 3695 ἀλλ’
3500 3644 3572 3696 οὐ
3609 3640 3802 3695 πάντα

2231 3723 2546 3792 οἰκοδομεῖ.
2585 3723 2804 3791 Μηδεὶς
2827 3724 2893 3778 τὸ
2913 3723 3130 3778 ἑαυτοῦ
3153 3724 3405 3791 ζητείτω,
3424 3725 3586 3778 ἀλλὰ
3614 3725 3680 3778 τὸ
3699 3723 3803 3778 τοῦ

2231 3807 2434 3876 ἐτέρου
2457 3807 2733 3871 ἕκαστος.
2760 3807 2922 3876 Ὁρᾷς
2944 3805 3156 3860 σύνεσιν
3177 3806 3585 3875 ἡκριδωμένην;
3624 3806 3803 3859 Ἐπει-

2231 3892 2298 3960 δὴ
2331 3891 2438 3962 γὰρ
2464 3891 2610 3954 εἰκὸς
2643 3885 2711 3960 ἦν
2744 3890 2940 3953 αὐτοὺς
2963 3891 3162 3958 λέγειν,
3190 3891 3268 3943 ὃτι
3294 3888 3505 3952 Τέλειός
3543 3891 3661 3959 εἰμι
3705 3891 3802 3944 καὶ

2232 3976 2421 4049 κύριος
2450 3973 2710 4046 ἐμαυτοῦ,
2751 3974 2845 4027 καὶ
2879 3974 3032 4027 οὐδὲν
3063 3974 3427 4045 βλαπτόμενος
3457 3974 3801 4044 ἀπογεύομαι

2232 4059 2340 4113 τῶν
2362 4057 2736 4129 προκειμένων
2760 4071 2775 4087 ’
2811 4056 2938 4121 Ναὶ,
2957 4059 3112 4126 φησὶ,
3140 4057 3340 4120 τέλειος
3364 4057 3461 4127 μὲν
3479 4051 3528 4109 εἷ
3552 4057 3644 4109 καὶ⁵
3670 4075 3796 4110 σαυ-

2231 4142 2324 4194 τοῦ
2361 4140 2511 4213 [216]
2535 4141 2722 4212 κύριος
2743 4156 2756 4169 ·
2783 4138 2917 4193 ἀλλά
2941 4140 3016 4208 μὴ
3051 4138 3210 4192 τοῦτο
3248 4141 3461 4203 σκόπει,
3499 4139 3611 4192 ἀλλ’
3641 4140 3690 4192 εὶ
3725 4141 3800 4210 μὴ

2234 4223 2435 4295 βλάϐην
2483 4225 2597 4294 ἔχει
2627 4224 2688 4277 τὸ
2713 4221 3013 4292 γινόμενον,
3047 4221 3160 4274 ἀλλ’
3195 4223 3241 4274 εί
3275 4223 3350 4292 μὴ
3399 4224 3794 4295 καταστροφήν.

2231 4308 2342 4360 Καὶ
2362 4308 2468 4378 γάρ
2493 4306 2778 4376 ἀμφότερα
2804 4307 3042 4375 εἴρηκεν,
3075 4306 3156 4357 οὐ
3184 4304 3381 4357 πάντα
3401 4304 3711 4373 συμφέρει,
3728 4305 3798 4357 οὐ

2231 4393 2430 4442 πάντα
2464 4386 2778 4456 οἰκοδομεῖ,
2829 4387 3021 4455 λέγων,
3054 4387 3149 4439 καὶ
3182 4385 3243 4438 τὸ
3271 4385 3369 4456 μὲν
3401 4386 3538 4456 ὑπὲρ
3581 4384 3798 4448 ἑαυτοῦ,

2230 4471 2290 4524 τὸ
2310 4470 2365 4522 δὲ
2392 4470 2531 4540 ὑπὲρ
2577 4468 2668 4522 τοῦ
2709 4468 2938 4538 ἀδελφοῦ
2987 4468 3175 4531 τιθείς.
3222 4468 3295 4522 Τὸ
3328 4469 3428 4539 μὲν
3463 4468 3571 4538 γάρ
3602 4469 3796 4531 εἰπεῖν,

2235 4553 2316 4606 Οὐ
2359 4549 2669 4620 συμφέρει,
2725 4551 2822 4623 τὴν
2866 4551 3078 4605 ἐκείνου
3119 4550 3394 4605 ἀπώλειαν
3432 4549 3798 4618 αἰνιττομένου

2232 4633 2378 4695 ἐστίε
2407 4632 2468 4686 τὸ
2499 4632 2555 4686 δέ
2593 4633 2791 4701 εἰπεῖν,
2840 4637 2963 4689 Οὐκ
2993 4633 3311 4703 οἰκοδομεῖ,
3337 4634 3400 4686 τδ
3443 4630 3538 4685 τοῦ
3565 4628 3797 4700 ἀδελφοῦ

2233 4715 2544 4772 σκάνδαλον.
2576 4717 2666 4770 Διὸ
2692 4719 2787 4771 καὶ
2815 4720 3081 4789 ἐπήγαγε,
3113 4718 3334 4788 Μηδεὶς
3366 4717 3434 4771 τὸ
3463 4716 3682 4770 ἑαυτοῦ
3701 4714 3796 4780 ζη-

2229 4803 2429 4858 τείτω·
2474 4801 2504 4855 ὃ
2561 4801 2837 4873 πανταχοῦ
2895 4803 2986 4856 καὶ
3035 4800 3124 4855 διά
3172 4803 3352 4874 πάσης
3402 4799 3799 4863 κατασκευάζει

2231 4885 2539 4955 ἐπιστολῆς,
2569 4887 2662 4940 καὶ
2699 4887 2757 4938 ἐν
2789 4889 2854 4957 τῇ
2890 4885 3024 4957 πρὸς
3060 4886 3364 4957 Ῥωμαίους
3403 4903 3419 4919 ο
3454 4885 3530 4948 ὼς
3555 4887 3682 4939 ὃταν
3711 4885 3795 4938 λέ·

2230 4991 2302 5046 γῃ
2327 4989 2340 5002 ·
2388 4971 2494 5027 Καὶ
2533 4971 2643 5041 τὰρ
2674 4973 2707 5024 ό
2740 4969 2996 5038 Χριστὸς
3047 4973 3160 5039 οὐχ
3209 4970 3401 5036 ἐαυτῷ
3432 4969 3615 5039 ἡρεσε
3638 4987 3652 5000 ·
3705 4970 3801 5023 καὶ

2231 5057 2413 5121 πάλιν,
2447 5054 2652 5118 Καθὼς
2681 5053 2842 5123 κάγὼ
2867 5053 3062 5108 πάντα
3091 5054 3284 5110 πᾶσιν
3305 5055 3562 5123 ἀρέσκω,
3579 5053 3668 5123 μὴ
3707 5052 3799 5119 ζηο

2229 5141 2348 5196 τῶν
2377 5138 2444 5192 τὸ
2475 5137 2734 5207 ἐμαυτοῦ
2756 5136 3066 5207 συμφέρον
3085 5155 3098 5168 '
3133 5141 3226 5193 καὶ
3249 5138 3480 5192 ἐνταῦθα
3507 5137 3670 5192 πάλιν
3688 5153 3702 5166 °
3735 5137 3799 5190 οὐ

2234 5224 2340 5295 μὴν
2373 5220 2793 5292 ἐπεξεργάζεται
2847 5222 2979 5275 αὐτὸ
3019 5222 3274 5276 ἐνταῦθα.
3331 5221 3546 5293 Ἐπειδὴ
3589 5221 3699 5293 γὰρ
3741 5221 3799 5272 ἐν

2228 5309 2337 5367 τοῖς
2390 5303 2696 5374 ἔμπροσθεν
2747 5304 2836 5357 διά
2865 5303 3077 5358 πολλῶν
3117 5305 3249 5358 αὐτὸ
3294 5304 3664 5358 κατεσκεύασε
3703 5303 3799 5355 καὶ

2229 5384 2530 5449 ἀπέδειξεν,
2579 5385 2659 5438 ὅτι
2709 5385 2946 5455 οὐδαμοῦ
2997 5387 3059 5440 τὸ
3100 5385 3264 5441 αὐτοῦ
3307 5387 3478 5456 ζητεῖ,
3528 5386 3664 5440 ἀλλά
3707 5385 3798 5438 καὶ

2241 5468 2510 5531 Ἰουδαίοις
2541 5467 2616 5530 ὡς
2659 5467 2906 5534 Ἰουδαῖος
2934 5473 3168 5540 ἐγένετο,
3208 5473 3300 5526 καὶ
3324 5471 3544 5542 ἀνόμοις
3575 5469 3652 5532 ὡς
3676 5469 3798 5524 avo-

2231 5569 2350 5623 μσς.
2378 5551 2472 5604 καὶ
2493 5554 2560 5621 τῇ
2585 5550 2864 5624 ἐλευθερίᾳ
2901 5557 2966 5625 τῇ
3004 5555 3199 5608 ἐαυτοῦ
3233 5556 3326 5606 καὶ
3347 5557 3412 5624 τῇ
3449 5551 3668 5622 ἐξουσίᾳ
3700 5551 3799 5620 οὐχ

2227 5634 2412 5695 ἁπλῶς
2462 5633 2748 5703 ἐχρήσατο,
2793 5636 2905 5689 ἀλλ’
2943 5639 3023 5700 είς
3064 5639 3126 5691 τὸ
3157 5638 3288 5691 πᾶσι
3330 5635 3629 5707 συμφέρον,
3676 5633 3799 5687 δου-

2227 5717 2397 5770 λεύων
2434 5714 2668 5767 ἅπασιν·
2705 5717 2902 5785 ὀλίγοις
2947 5719 3232 5789 ἀρκεσθεὶς
3269 5720 3510 5790 ῥήμασιν
3561 5714 3798 5772 ἐνταῦθα

2229 5797 2533 5871 ἀπηλλάγη,
2559 5801 2636 5862 εἰς
2669 5802 2884 5873 μνήμην
2915 5802 3000 5856 διὰ
3028 5803 3133 5858 τῶν
3162 5804 3354 5872 ὀλίγων
3387 5804 3592 5855 τούτων
3621 5815 3800 5872 παρα-
