4094 6222
296 282 405 338 ΞΜ

288 401 371 455 vit
403 416 416 453 :
449 408 505 454 tu
549 411 680 454 vero
720 411 789 452 ne
831 394 979 451 fratri
1029 392 1243 465 quidem
1284 392 1435 465 jungi
1472 389 1708 462 dignaris
1751 402 1873 443 cum

285 490 476 547 debita
518 488 880 551 moratione,
918 486 1012 541 sed
1054 484 1320 548 abscindis
1360 493 1436 549 te,
1474 490 1678 538 tantam
1711 495 1739 534 a
1776 480 1877 534 Do-

286 583 444 636 mino
469 589 527 636 et
550 579 823 635 caritatem
850 586 905 632 et
929 577 1090 631 vitam
1112 584 1495 645 consequutus.
1521 572 1705 642 Neque
1733 571 1874 626 enim

281 670 638 727 solummodo
674 683 868 739 corpus
896 682 1050 722 suum
1090 666 1272 732 dedit;
1306 664 1399 719 sed
1426 664 1546 735 quia
1579 662 1724 733 prior
1751 675 1873 717 car-

282 766 375 819 nis
406 774 597 819 natura
643 777 712 818 ex
752 769 890 816 terra
920 757 1165 825 formata,
1193 772 1221 811 a
1255 765 1474 827 peccato
1516 755 1663 825 prius
1701 760 1873 807 morte

282 856 484 912 aﬂecta
513 864 569 909 et
596 852 793 908 amissa
838 852 944 907 vita
980 851 1174 916 aliam,
1214 857 1271 903 ut
1312 848 1429 917 quis
1468 846 1684 911 dixerit,
1726 860 1870 898 mas-

283 964 411 1004 sam
468 954 522 1001 et
575 945 896 1000 fermentum
949 941 1197 1007 induxit;
1246 953 1460 995 carnem
1511 952 1704 1003 suam,
1751 951 1869 1006 quae

281 1052 481 1097 natura
525 1038 715 1094 eadem
760 1045 896 1100 erat,
940 1043 1158 1105 peccato
1205 1042 1381 1089 autem
1422 1032 1643 1087 liberam
1669 1039 1723 1085 et
1761 1030 1867 1083 vita

279 1138 519 1209 plenam,
549 1132 798 1190 omnibus
835 1128 1253 1201 participandam
1288 1126 1456 1194 dedit,
1491 1132 1549 1180 ut
1581 1138 1644 1180 ea
1682 1122 1865 1179 nutriti

273 1236 335 1285 et
365 1225 610 1296 deposita
651 1224 832 1299 priore
857 1238 976 1295 qua:
1026 1231 1234 1279 mortua
1278 1230 1415 1286 erat,
1460 1218 1512 1273 in
1554 1217 1715 1271 vitam
1760 1215 1863 1268 im-

275 1317 571 1374 mortalem
601 1330 697 1385 per
742 1314 880 1370 hanc
918 1326 1159 1368 mensam
1203 1319 1596 1380 coaptaremur.
1645 1307 1733 1362 18.
1768 1303 1861 1359 Vi-

272 1411 393 1465 dete
435 1406 605 1465 Israel
653 1406 926 1461 secundum
969 1421 1171 1458 carnem
1204 1420 1226 1460 :
1262 1419 1428 1458 nonne
1462 1402 1551 1474 qui
1583 1400 1735 1455 edunt
1771 1399 1863 1452 lio-

269 1503 425 1567 stias,
451 1499 723 1571 participes
749 1507 867 1553 sunt
885 1497 1104 1552 altaris?
1127 1496 1331 1551 Rursus
1352 1510 1417 1551 ex
1447 1493 1614 1549 veteri
1646 1492 1762 1563 lege
1789 1491 1859 1545 ad

272 1596 421 1651 idem
453 1593 677 1651 inducit.
705 1592 838 1660 Quia
883 1594 1026 1645 enim
1074 1589 1230 1660 longe
1274 1587 1653 1643 imbecilliores
1705 1590 1858 1639 erant

270 1702 438 1758 quam
470 1693 528 1740 ut
551 1684 815 1743 dictorum
850 1679 1267 1757 magnitudinem
1293 1685 1582 1749 caperent,
1609 1690 1638 1730 a
1664 1674 1855 1747 priori-

269 1779 375 1834 bus
404 1785 461 1833 et
492 1776 721 1832 assuetis
746 1775 853 1829 illis
882 1771 1187 1844 persuadet.
1220 1772 1286 1827 Et
1313 1769 1555 1840 apposite
1594 1769 1706 1835 ait,
1752 1766 1854 1822 Se-

264 1872 498 1927 cundum
521 1884 747 1935 carnem,
769 1865 911 1941 quod
928 1865 1027 1935 ipsi
1055 1872 1236 1921 essent
1264 1862 1556 1920 secundum
1584 1860 1852 1931 Spiritum.

265 1964 385 2020 Hoc
414 1970 596 2018 autem
622 1944 734 2014 vult
762 1957 1063 2029 significare
1086 1974 1099 2010 :
1124 1956 1298 2012 Etiam
1320 1969 1347 2009 a
1378 1953 1729 2010 crassioribus
1756 1951 1853 2005 do-

262 2052 469 2111 cemini
490 2094 507 2119 ,
536 2052 678 2123 quod
705 2050 795 2124 qui
826 2049 1026 2105 hostias
1051 2046 1378 2113 comedunt,
1420 2044 1706 2115 participes
1745 2042 1851 2097 sint

261 2145 478 2204 altaris.
510 2143 696 2197 Viden’
722 2138 989 2212 quomodo
1013 2136 1258 2195 ostendat
1285 2151 1399 2203 eos,
1426 2137 1516 2206 qui
1543 2134 1850 2189 viderentur

256 2253 387 2294 esse
411 2234 655 2307 perfecti,
679 2249 786 2289 non
809 2233 1006 2288 habere
1039 2231 1323 2303 perlectam
1353 2228 1709 2299 cognitionem
1739 2267 1754 2294 ,
1800 2224 1846 2280 si

257 2345 334 2386 ne
358 2330 463 2384 hoc
483 2327 698 2397 quidem
729 2326 962 2393 scirent,
994 2324 1136 2395 quod
1156 2339 1221 2380 ex
1254 2322 1339 2378 his
1366 2336 1509 2391 saepe
1548 2319 1845 2375 communi-

252 2423 404 2478 catio
432 2420 678 2492 quredam
707 2421 886 2474 multis
916 2420 983 2473 sit
1010 2427 1063 2473 et
1086 2416 1315 2472 amicitia
1344 2429 1465 2469 cum
1489 2412 1840 2479 daemonibus,

252 2513 655 2573 consuetudine
702 2511 955 2583 paulatim
997 2510 1142 2580 ipsos
1195 2508 1540 2565 attrahente?
1590 2506 1644 2562 Si
1697 2505 1838 2561 enim

250 2605 395 2679 apud
421 2606 668 2661 homines
691 2605 820 2660 salis
863 2612 917 2659 et
963 2617 1162 2658 mensae
1202 2601 1548 2672 eonjunetio,
1590 2596 1839 2655 amicitiae

248 2697 475 2754 occasio
503 2706 559 2753 et
581 2695 881 2769 symbolum
908 2705 990 2751 est
1012 2737 1027 2762 ,
1060 2695 1288 2764 idipsum
1314 2703 1367 2748 et
1407 2695 1459 2749 in
1505 2692 1838 2749 daemonibus

248 2798 572 2860 contingere
603 2797 805 2860 potest.
845 2787 925 2843 Tu
953 2801 1081 2842 vero
1111 2786 1240 2842 mihi
1272 2784 1541 2856 perpende
1568 2782 1837 2855 quomodo

247 2882 317 2935 de
341 2880 552 2936 Judaeis
578 2878 796 2951 quidem
826 2893 932 2933 non
963 2876 1159 2933 dixerit
1183 2918 1199 2943 ,
1228 2875 1369 2947 quod
1397 2890 1519 2931 cum
1552 2876 1661 2930 Deo
1682 2889 1831 2929 com-

246 2972 551 3036 municent,
579 2969 697 3038 sed,
732 2968 883 3035 Quod
909 2968 1180 3039 participes
1205 2968 1381 3022 altaris
1401 2977 1555 3030 sunt;
1585 2966 1835 3022 urebatur

245 3061 392 3116 enim
444 3059 592 3131 quod
646 3060 1043 3130 superpositum
1099 3066 1257 3114 erat:
1292 3058 1343 3113 in
1382 3063 1607 3129 corpore
1653 3065 1830 3111 autem

242 3152 447 3207 Christi
476 3166 588 3206 non
614 3151 729 3214 sic;
761 3149 856 3205 scd
883 3149 1189 3221 quomodo?
1230 3149 1624 3205 Communicatio
1647 3164 1830 3218 carpo-

242 3245 317 3297 ris
348 3243 562 3297 Domini
583 3252 677 3297 est.
700 3241 817 3297 Non
844 3245 987 3298 enim
1013 3242 1196 3297 altaris
1219 3281 1235 3308 ,
1284 3240 1378 3296 sed
1421 3241 1588 3312 ipsius
1629 3239 1828 3295 Christi

243 3335 541 3407 participes
571 3335 853 3391 efﬁcimur.
886 3331 1018 3390 Cum
1045 3343 1220 3390 autem
1247 3332 1510 3401 dixisset,
1546 3331 1828 3404 Participes

239 3437 364 3482 sunt
385 3427 589 3493 altaris,
613 3424 808 3481 deinde
835 3426 1027 3481 timens
1055 3440 1124 3482 ne
1148 3424 1422 3481 videretur
1448 3425 1514 3480 de
1555 3424 1711 3480 idolis
1750 3424 1829 3480 lo-

240 3519 372 3589 qui,
407 3532 473 3573 ac
504 3518 551 3572 si
582 3525 899 3587 potestatem
922 3517 1206 3586 quamdam
1236 3516 1495 3572 haberent
1535 3524 1590 3571 et
1629 3530 1826 3573 nocere

241 3619 502 3679 possent;
535 3609 657 3665 vide
677 3608 944 3681 quomodo
972 3609 1073 3664 hoc
1092 3609 1161 3664 de
1186 3608 1364 3666 medio
1392 3610 1540 3665 tollat
1565 3650 1580 3675 ,
1607 3624 1821 3664 rursum

166 3708 169 3711 ’
241 3703 435 3757 dicens
459 3718 474 3754 :
506 3701 597 3756 i9.
632 3699 770 3768 Quid
794 3717 909 3771 ergo
938 3699 1093 3755 dico?
1121 3699 1257 3770 quod
1278 3698 1472 3755 idolum
1492 3700 1556 3754 sit
1591 3700 1818 3770 aliquid,

238 3803 330 3846 aut
348 3793 503 3849 idolis
524 3792 843 3847 immolatum
867 3792 930 3846 sit
954 3792 1146 3862 aliquid
1165 3792 1192 3846 2

310 3884 364 3938 3.
398 3882 526 3938 Hzec
550 3891 728 3939 autem
758 3883 898 3952 dico,
929 3883 1119 3953 inquit,
1146 3891 1200 3938 et
1224 3882 1292 3938 de
1314 3882 1490 3939 medio
1515 3883 1643 3939 tollo
1667 3924 1682 3948 ,
1712 3898 1821 3938 non

233 3974 383 4047 ειυυά
413 3974 623 4047 possint
640 3974 777 4029 idola
803 3975 857 4028 in
887 3974 1065 4045 aliquo
1101 3987 1298 4029 nocere
1319 3982 1411 4029 aut
1451 3974 1683 4044 aliquam
1710 3973 1819 4029 vim

234 4069 518 4132 habeant;
542 4066 672 4121 nihil
689 4076 807 4122 sunt
826 4067 1000 4133 enim;
1041 4066 1134 4124 sed
1160 4066 1281 4122 volo
1308 4081 1402 4121 vos
1430 4081 1491 4122 ea
1517 4065 1814 4135 despicere.

235 4162 369 4218 Etsi
394 4160 502 4223 vis,
528 4159 749 4230 inquies,
768 4175 861 4217 nos
881 4177 943 4218 ea
959 4160 1255 4232 despicere,
1276 4174 1373 4217 cur
1386 4174 1506 4215 cum
1529 4159 1705 4215 studio
1720 4175 1815 4216 nos

232 4259 301 4311 ab
324 4254 433 4309 illis
446 4252 706 4307 abducis?
729 4253 862 4321 Quia
888 4269 992 4308 non
1021 4253 1317 4310 offeruntur
1340 4253 1567 4308 Domino
1593 4263 1701 4307 tuo.
1718 4253 1809 4309 ΞΟ.

237 4344 372 4411 Qua
383 4341 520 4396 enim
538 4342 801 4395 immolant
814 4352 1003 4413 gentes,
1033 4342 1220 4413 inquit,
1243 4343 1507 4397 daemoniis
1526 4344 1810 4411 immolant,

230 4445 279 4487 rt
300 4449 403 4487 non
426 4431 557 4487 Dea.
577 4431 655 4488 Ne
670 4434 896 4489 curratis
912 4448 1041 4504 ergo
1054 4433 1120 4489 ad
1136 4434 1421 4490 contraria.
1441 4434 1623 4505 Neque
1642 4435 1808 4502 enim,

229 4527 275 4581 si
297 4525 440 4597 regis
458 4526 598 4581 filius
621 4540 791 4594 esses,
815 4524 1008 4581 deinde
1035 4539 1215 4581 mensa
1240 4526 1419 4582 fruens
1448 4536 1690 4596 paterna,
1720 4526 1809 4581 illa

230 4617 440 4683 relicta,
467 4616 842 4672 damnatorum
873 4625 929 4672 et
955 4617 1252 4673 vinctorum
1274 4618 1325 4673 in
1362 4632 1582 4674 carcere
1608 4633 1811 4673 mensa:

228 4723 457 4764 consors
486 4723 610 4764 esse
632 4709 798 4765 velles
816 4750 833 4776 ,
868 4709 923 4765 id
962 4719 1112 4780 pater
1139 4711 1505 4780 permitteret;
1554 4711 1662 4765 imo
1687 4726 1808 4767 cum

227 4800 569 4856 vehementia
592 4816 781 4872 magna
804 4811 856 4858 te
882 4802 1207 4868 abduceret,
1230 4817 1335 4857 non
1362 4802 1505 4874 quod
1534 4818 1714 4858 mensa
1753 4813 1806 4860 te

227 4893 424 4948 lat-dere
444 4904 647 4962 posset,
673 4893 768 4949 sed
792 4894 934 4965 quod
960 4910 1021 4950 ea
1053 4895 1383 4951 nobilitatem
1410 4904 1550 4950 tuam
1578 4904 1632 4950 et
1652 4911 1803 4951 men-

225 4998 341 5040 sam
370 4986 572 5057 regiam
602 4986 969 5043 dedecoraret.
1000 4987 1137 5043 Sunt
1156 4989 1298 5043 enim
1328 4988 1378 5042 hi
1415 5003 1626 5060 quoque
1663 4988 1804 5044 servi

226 5077 473 5144 scelesti,
499 5077 758 5144 infames,
786 5080 1062 5146 damnati,
1103 5080 1298 5147 vincti,
1336 5080 1654 5136 intolerabili
1680 5096 1804 5151 sup-

230 5167 391 5236 plicio
416 5172 718 5237 reservati,
745 5170 904 5226 malis
934 5172 1148 5226 obnoxii
1180 5172 1489 5227 innumeris.
1524 5171 1803 5245 Quomodo

227 5274 353 5330 ergo
381 5274 490 5315 non
525 5261 797 5318 erubescis
823 5278 974 5318 more
1000 5262 1309 5318 helluonum
1348 5272 1405 5320 et
1439 5263 1798 5331 illiberalium,

224 5366 339 5407 cum
364 5352 603 5408 damnati
622 5354 697 5409 illi
726 5369 965 5412 mensam
991 5366 1286 5426 apponunt,
1310 5355 1432 5411 illuc
1446 5371 1725 5415 accurrere
1749 5367 1802 5414 et

224 5444 589 5513 appositorum
630 5447 897 5517 particeps
926 5447 1085 5504 esse?
1127 5447 1251 5504 ldeo
1302 5456 1355 5504 te
1387 5449 1635 5504 abduco:
1677 5464 1799 5504 nam

226 5535 611 5594 immolantium
643 5554 838 5609 scopus
867 5550 922 5595 ct
947 5541 1319 5611 accipientium
1348 5556 1599 5612 persona,
1631 5558 1797 5612 appo-
1822 5614 1828 5620 ,

225 5623 316 5689 sita
343 5628 579 5684 reddunt
603 5631 835 5701 impura.
865 5630 1003 5687 Nolo
1041 5643 1213 5688 autem
1240 5650 1325 5690 vos
1348 5635 1523 5691 socios.
1551 5636 1660 5705 ﬁeri
1686 5637 1795 5691 da:-

225 5724 517 5779 mmioruns.
548 5721 788 5780 Vidistin'
809 5725 1093 5782 amicitiam
1124 5726 1289 5797 patris
1311 5743 1488 5789 curam
1511 5711 1793 5803 gerentis?

1328 252 1397 335 tu
1430 275 1642 333 EPIST.
1684 271 1719 328 r
1765 270 1857 327 AD
1893 270 2050 329 con.
2097 274 2323 337 llOMlL.
2370 282 2556 341 xxrv.

3461 298 3580 355 ειη

1990 384 2228 496 vidistin“
2498 397 2667 496 ipsum
2712 404 2852 496 quod
2894 405 3141 468 allectum
3172 431 3294 474 cum
3323 429 3575 496 emphasi

1983 478 2275 579 exhibeat?
2299 484 2444 542 Nihil
2475 489 2617 545 enim
2644 506 2765 548 cum
2794 495 2896 553 illis
2925 514 3210 564 commune
3240 478 3341 567 vos
3367 478 3564 579 1.575;;

1982 570 2343 668 volo,inquit.
2376 579 2577 637 Deinde
2600 586 2723 656 quia
2749 587 3137 654 adhortationis
3162 604 3325 661 modo
3350 570 3561 668 seruio:

1979 676 2103 718 nem
2135 664 2436 737 induxerat,
2468 689 2534 729 ne
2575 677 2693 746 quis
2721 693 2787 735 ex
2816 686 3166 747 crassioribus
3220 695 3271 750 id
3315 664 3557 759 contem-

1978 764 2149 864 iteret,
2358 774 2671 832 potestatem
2707 771 2926 843 habens,
2970 781 3089 849 quia
3115 783 3341 856 dixerat,
3380 792 3559 864 Nolo;

1977 855 2049 947 et,
2091 846 2187 904 Vos
2201 852 2462 947 judicate,
2502 865 2822 922 sententiam
2854 877 2908 924 et
2946 846 3116 943 legem
3146 846 3339 947 postea.

1974 937 2197 1036 dicens:
2245 942 2368 1000 Non
2405 952 2613 1015 potestis
2640 956 2846 1013 calicem
2876 937 3085 1020 Domini
3124 937 3289 1028 bibere
3320 937 3553 1036 et:

1973 1043 2098 1133 ccnt.
2131 1032 2496 1094 daemoniorutn
2547 1058 2568 1095 :
2620 1043 2709 1100 21.
2770 1065 2872 1104 non
2916 1059 3125 1123 potestis
3185 1079 3370 1121 mensor

1972 1130 2115 1220 mini
2152 1139 2259 1180 esse
2315 1130 2587 1202 participes
2636 1145 2683 1190 et
2745 1156 2930 1197 meum
2978 1146 3362 1211 dtemoniorum.
3412 1160 3552 1220 Solis

1970 1211 2150 1317 verbis
2195 1226 2279 1272 est
2342 1230 2626 1280 contentus
2684 1237 2757 1283 utr
2796 1232 3047 1292 abducat.
3122 1241 3323 1302 Deinde

1969 1312 2088 1401 rem
2131 1305 2395 1367 incutiens
2426 1330 2440 1367 :
2469 1314 2557 1368 22.
2595 1318 2672 1372 An
2699 1325 3000 1381 matulamur
3032 1329 3351 1395 Dominum?
3377 1305 3545 1401 'num-

1965 1398 2456 1498 quid-fortioresillo
2481 1413 2699 1466 sumus?
2725 1414 2888 1472 ld‘est
2910 1460 2923 1484 ,
2954 1431 3218 1485 tentamus
3257 1446 3377 1488 eum

1966 1491 2134 1587 possit
2161 1509 2257 1550 nos
2296 1499 2514 1567 punire,
2561 1512 2614 1557 et
2643 1503 2913 1566 irritamus
2951 1528 3070 1569 eum
3111 1519 3176 1574 ad
3205 1491 3549 1587 adversarios.

1962 1578 2294 1652 deficientes,
2324 1595 2520 1644 etcum
2549 1592 2778 1653 inimicis
2805 1599 2919 1670 ejus
2942 1603 2992 1657 in
3014 1607 3128 1663 acie
3153 1578 3544 1679 stantes

1961 1680 2149 1771 autem
2188 1675 2356 1746 dixit,
2399 1680 2451 1734 in
2495 1689 2807 1743 memoriam
2854 1691 2958 1748 illis
3005 1713 3262 1759 revocans
3305 1675 3555 1771 veterem.

1960 1761 2261 1832 historiam,
2289 1778 2344 1824 et
2376 1780 2581 1840 patrum
2610 1784 3106 1853 transgressionem.
3133 1790 3255 1849 ldeo
3283 1761 3383 1853 hac

1958 1864 2039 1909 est
2067 1871 2214 1930 vqce.
2236 1874 2338 1929 qua
2366 1862 2623 1921 adversus
2647 1868 2862 1929 Judacos
2882 1875 3093 1948 Moyses
3117 1884 3246 1940 olim
3274 1905 3401 1947 usus
3432 1858 3533 1958 est.

1957 1961 2216 2052 accusans
2252 1966 2351 2052 eos
2386 1954 2454 2010 de
2500 1956 2798 2016 idololatria
2843 1983 2907 2020 ex
2948 1983 3178 2038 persona
3226 1978 3320 2041 Dei
3361 1998 3381 2039 ;
3427 1954 3536 2052 Ipsi

1956 2043 2100 2138 enim
2127 2043 2389 2138 ,‘inquit,
2418 2065 2810 2119 prouocauerunt
2838 2076 2916 2114 me
2960 2062 3012 2116 in
3060 2082 3117 2119 eo
3154 2071 3241 2138 qui
3283 2089 3381 2128 non
3427 2043 3533 2132 erat

1954 2127 2094 2237 ecus
2114 2173 2142 2235 ,.
2151 2132 2478 2237 irritaverant
2514 2158 2594 2196 me
2628 2145 2680 2198 in
2710 2147 2861 2203 idolis
2899 2157 3003 2209 suis
3033 2127 3222 2226 (Desit.
3269 2163 3357 2218 32.

1954 2219 2095 2316 Nam
2123 2223 2215 2278 illo
2246 2228 2478 2298 fortiores
2505 2249 2680 2290 sumus
2703 2237 2728 2290 7
2751 2238 2991 2298 Vidistin’
3036 2219 3193 2316 quam
3222 2219 3532 2316 terribiliter

1951 2320 2006 2367 et
2036 2312 2362 2374 horribiliter
2390 2322 2535 2392 ipsos
2561 2325 2887 2399 increpavit,
2927 2312 3071 2406 ipsos
3110 2356 3294 2399 eorum
3334 2312 3530 2408 nervos

1949 2408 2283 2500 concutiens,
2308 2427 2367 2466 ea
2392 2428 2453 2468 re
2477 2415 2527 2470 in
2551 2418 2932 2480 absurditatem
2959 2429 3208 2500 adducta,
3230 2436 3347 2493 illos
3378 2444 3528 2498 valde

1949 2497 2316 2593 perstringens
2339 2544 2353 2568 ,
2385 2504 2703 2580 illorumque
2756 2520 3018 2573 tumorem
3066 2497 3413 2593 deprimens?

1943 2600 2060 2687 cur,
2094 2590 2321 2687 inquies,
2351 2596 2466 2655 haec
2492 2600 2561 2656 ab
2586 2603 2738 2660 initio
2765 2621 2870 2663 non
2897 2614 3091 2680 posuit,
3122 2590 3239 2687 quae
3263 2620 3384 2678 illos
3415 2642 3527 2682 ma-

1944 2681 2086 2786 xime
2114 2684 2504 2786 abduxissent?
2533 2693 2665 2761 Quia
2693 2712 2809 2752 mos
2830 2710 2914 2755 est
2941 2702 3017 2757 illi
3056 2681 3294 2774 plu-ribus
3322 2729 3385 2770 ea
3406 2733 3524 2786 qua:

1945 2772 2055 2828 vult
2082 2777 2308 2874 probare
2329 2820 2346 2845 ,
2381 2790 2435 2835 et
2463 2782 2681 2840 fortiora
2715 2790 2895 2846 ultima
2927 2772 3155 2864 ponere,
3193 2812 3350 2874 atque
3379 2772 3447 2865 cit

1942 2878 2130 2968 magna
2162 2866 2396 2968 vincere.
2426 2870 2564 2968 ideo
2602 2879 2956 2968 aminoribus
3002 2901 3195 2957 orsus,
3242 2866 3309 2949 ad
3361 2911 3523 2968 caput

1942 2958 2397 3059 m-aloruniaenit.
2422 2963 2512 3020 Sic
2540 2976 2593 3021 et
2613 2966 2715 3024 hoc
2736 2974 2903 3043 magis
2928 2991 3204 3049 acceptum
3229 2984 3345 3052 fuit,
3372 2958 3517 3059 prio.-

1940 3048 2089 3105 ribus
2116 3051 2339 3109 delinito
2369 3055 2579 3112 illorum
2606 3062 2806 3117 animo.
2843 3064 3027 3122 Omnia
3062 3048 3196 3126 imi/ti
3226 3048 3396 3145 licent',
3430 3084 3520 3137 sed

1939 3158 2040 3196 non
2070 3144 2238 3198 omnia
2266 3147 2536 3217 expediunt
2565 3167 2583 3204 :
2608 3153 2699 3206 ‘23.
2727 3159 2897 3212 omnia
2926 3162 3051 3215 mihi
3070 3163 3218 3220 licent
3240 3208 3255 3234 ,
3301 3144 3391 3225 sed
3414 3190 3516 3228 non

1937 3234 2106 3287 omnia
2130 3234 2403 3328 mdiﬁcant.
2433 3238 2520 3295 24.
2573 3239 2739 3299 Nemo
2767 3248 2903 3317 quod
2920 3268 3067 3306 suum
3100 3270 3170 3309 est
3195 3271 3406 3328 quterat,
3428 3267 3518 3319 scd

1936 3327 2072 3422 quod
2089 3327 2308 3422 alterius
2338 3334 2692 3406 unusquisque.
2720 3337 2906 3395 Viden’
2932 3356 3233 3404 accuratam
3275 3327 3513 3422 pruden-

1938 3417 2108 3472 tiam?
2137 3420 2270 3487 Quia
2299 3424 2440 3478 enim
2481 3428 2770 3485 verisimile
2812 3445 2927 3488 erat
2955 3435 3075 3492 illos
3121 3417 3342 3500 dicere:
3377 3444 3509 3504 Per-

1934 3509 2105 3566 fectus
2133 3526 2253 3567 sum
2281 3523 2335 3570 et
2361 3516 2464 3571 mei
2497 3517 2635 3588 juris
2657 3560 2674 3587 ,
2701 3528 2755 3575 et
2785 3522 2915 3579 nihil
2952 3526 3110 3584 laesus
3136 3535 3374 3602 apposita
3415 3536 3510 3594 da-

1930 3610 2085 3671 gusto
2111 3620 2124 3657 :
2155 3604 2349 3672 Etiam,
2379 3606 2568 3677 inquit,
2594 3611 2861 3679 perfectus
2880 3628 3007 3673 eset
3032 3621 3103 3675 tui
3122 3621 3260 3692 juris
3281 3643 3306 3687 ;.
3319 3628 3412 3685 sed
3438 3645 3525 3694 ne.

1930 3694 2059 3748 illud
2087 3698 2366 3789 attendas,
2398 3701 2492 3756 sed
2522 3717 2647 3756 num
2676 3704 2803 3761 illud
2833 3708 3084 3768 damnum
3115 3715 3299 3775 all‘erat
3318 3763 3334 3789 ,
3378 3738 3504 3782 num

1926 3787 2284 3843 eversionem.
2307 3788 2439 3845 Nam
2482 3801 2768 3866 utrumque
2791 3799 2950 3867 dixit,
2982 3803 3103 3861 Non
3131 3813 3300 3866 omnia
3320 3787 3505 3888 confe-

1928 3891 2064 3945 runt,
2088 3896 2189 3934 non
2219 3881 2390 3935 omnia
2410 3883 2685 3951 aediﬁcant,
2715 3897 2769 3942 et
2794 3889 2937 3947 aliud
2980 3910 3074 3963 pro
3096 3900 3273 3970 seipso
3297 3945 3312 3970 ,
3359 3881 3501 3962 aliud

1927 3986 2022 4040 pro
2053 3971 2213 4027 fratre
2238 3973 2432 4042 posuit.
2464 3973 2595 4029 Nam
2620 3975 2817 4046 dicere,
2849 3979 2970 4035 Non
2992 3988 3208 4055 expedit,
3241 4000 3323 4046 est
3352 4008 3501 4051 suam

1925 4062 2216 4132 perniciem
2241 4064 2626 4157 subindicantis
2655 4086 2669 4124 :
2695 4070 2874 4127 dicere
2893 4084 3090 4139 autem,
3113 4077 3233 4135 Non
3255 4084 3500 4157 aediﬁcat,

1924 4157 2102 4211 fratris
2129 4156 2435 4213 scandalum
2457 4160 2777 4218 subindicat.
2812 4164 2938 4220 ldeo
2968 4167 3243 4239 subjunxit
3270 4195 3285 4227 :
3334 4156 3517 4241 Nemo.

1920 4247 2056 4318 quod
2079 4264 2228 4302 suum
2248 4259 2320 4303 est
2338 4260 2562 4320 quierat;
2586 4253 2726 4322 q‘uod
2755 4255 2948 4329 ubique
2976 4269 3029 4314 et
3059 4275 3154 4331 per
3180 4273 3342 4321 totam
3365 4283 3497 4326 con-

1922 4338 2096 4395 firmat
2117 4339 2418 4408 epistolam,
2447 4351 2500 4397 et
2526 4342 2577 4396 in
2610 4344 2846 4421 Epistola
2866 4349 2931 4402 ad
2959 4348 3233 4410 Romanos
3262 4373 3382 4413 cum
3413 4360 3496 4415 di-

1919 4430 1991 4484 eit
2012 4447 2026 4485 :
2051 4427 2501 4524 EtenimACItristus
2522 4450 2620 4489 non
2637 4437 2733 4490 sibi
2756 4438 2857 4507 ipsi
2873 4441 3061 4510 placuit
3085 4446 3104 4517 (
3119 4442 3269 4502 Rom.
3301 4421 3387 4506 l3.
3416 4452 3495 4524 ὅ).

1919 4530 1970 4575 et
1989 4536 2220 4588 rursum,
2248 4520 2394 4578 Sicut
2421 4534 2467 4579 et
2493 4543 2583 4596 ego
2609 4544 2697 4598 per
2721 4532 2893 4597 omnia
2919 4534 3149 4590 omnibus
3166 4539 3362 4608 placeo,
3393 4518 3501 4599 non

1917 4628 2144 4680 quwrens
2156 4631 2318 4669 meam
2329 4616 2592 4670 utilitatem
2611 4619 2660 4693 (l
2672 4658 2687 4673 .
2704 4620 2822 4676 Cor.
2844 4623 2930 4680 10.
2951 4626 3064 4696 33);
3085 4638 3137 4683 et
3156 4627 3241 4686 hic
3258 4648 3494 4701 rursum;

1918 4718 2023 4759 non
2054 4714 2231 4761 tamen
2262 4706 2390 4762 illud
2413 4706 2499 4764 hic
2526 4712 2747 4766 excutit.
2771 4712 2904 4780 Quia
2927 4717 3068 4771 enim
3088 4722 3335 4790 superius
3363 4723 3521 4781 illud;

1918 4796 2158 4866 pluribus
2178 4799 2560 4869 probaveratet
2577 4789 3056 4874 demonstraverat,
3073 4789 3213 4879 quod
3230 4829 3491 4884 nusquam

1915 4902 1976 4943 ea
2004 4904 2123 4959 qute
2152 4905 2247 4945 sua
2274 4900 2398 4946 sunt
2423 4904 2626 4963 quaerat
2649 4937 2665 4963 ,
2693 4895 2786 4950 sed
2825 4897 2965 4966 quod
2992 4898 3191 4956 Iudaeis
3223 4910 3516 4975 tamquam~

1913 4979 2130 5035 Judaaus
2150 4980 2323 5044 factus
2338 4984 2426 5048 sit,
2450 4993 2504 5039 et
2539 4984 2646 5038 illis
2671 4986 2759 5055 qui
2788 4995 2913 5040 sunt
2940 4988 3054 5043 sine
3075 4989 3191 5061 lege
3220 5001 3497 5066 tamquam

1913 5074 2030 5128 sine
2057 5074 2192 5144 lege,
2224 5076 2443 5146 etquod
2474 5076 2719 5143 libertate
2749 5086 3118 5152 potestateque
3139 5101 3232 5141 sua
3274 5102 3381 5144 non
3413 5097 3495 5146 te-

1912 5180 2059 5228 mere
2078 5167 2147 5221 sit
2170 5182 2316 5234 nsus,
2341 5169 2433 5233 sed
2449 5168 2513 5223 ad
2537 5168 2588 5223 id
2610 5171 2753 5241 quod
2774 5173 3019 5229 omnibus
3040 5176 3170 5233 utile
3188 5189 3351 5247 esset,
3370 5197 3490 5238 ser-

1910 5264 2061 5316 viens
2076 5262 2352 5326 omnibus;
2376 5263 2555 5332 paucis
2576 5273 2859 5320 contentus
2884 5266 3063 5323 verbis
3076 5269 3178 5325 huc
3197 5270 3374 5335 desiit,
3394 5287 3499 5342 per.

1912 5352 2025 5408 hmc
2038 5367 2201 5423 pauca
2222 5353 2326 5419 illis
2344 5354 2397 5408 in
2417 5356 2728 5416 memoriam
2748 5373 3005 5415 revocans
3020 5361 3198 5414 omnia
3210 5376 3330 5429 quae
3346 5362 3488 5418 dicta

1908 5454 2052 5501 sunt.
2067 5446 2194 5500 Haec
2209 5460 2339 5518 ergo
2351 5462 2448 5502 nos
2463 5462 2673 5521 quoque
2691 5463 2810 5504 cum
2826 5451 3076 5517 sciamus,
3093 5450 3294 5518 dilecti,
3315 5453 3491 5509 fratri.

1909 5539 2007 5593 bus
2035 5537 2441 5609 prospiciamus,
2465 5548 2520 5594 et
2541 5539 2795 5595 unitatem
2822 5556 2940 5595 cum
2970 5541 3073 5607 illis
3091 5557 3393 5601 servemus.
3426 5545 3485 5601 ιη

1910 5628 2011 5685 hoc
2044 5629 2184 5687 enim
2210 5644 2308 5687 nos
2336 5629 2538 5686 inducit
2571 5630 2890 5693 sacrificium
2920 5631 3049 5688 illud
3078 5632 3409 5693 horrendum
3431 5647 3489 5694 et

1903 5724 2257 5797 tremendum,
2285 5723 2474 5795 iubens
2490 5739 2588 5783 nos
2601 5740 2719 5781 cum
2735 5724 3019 5782 concordia
3035 5726 3269 5785 maxime
3293 5726 3385 5786 illo
3398 5744 3491 5789 ae-
