4108 6218
527 267 635 327 903

529 388 722 442 cedere
747 393 801 440 et
825 398 946 441 eum
974 379 1194 436 caritate
1233 372 1490 437 ferventi,
1521 378 1574 426 et
1601 367 1723 423 inde
1747 363 1949 436 aquilas
1987 360 2115 416 effe-

531 491 666 542 ctos.
695 478 764 532 ita
792 474 858 530 ad
891 475 1064 544 ipsum
1093 467 1345 523 advolare
1369 463 1578 518 eazlum.
1609 458 1706 514 Ubi
1727 458 1866 512 enim
1897 454 1998 510 erit
2029 469 2114 505 ca-

529 572 700 636 dauer,
731 565 939 636 inquit,
985 563 1053 616 ibi
1079 569 1126 614 et
1151 557 1338 628 aquilte
1365 553 1578 628 (Matth.
1605 550 1697 605 21.
1729 549 1856 619 9.8);
1887 545 2114 600 cadaver

529 633 724 730 corpus
753 633 1020 711 mortuum
1053 663 1270 704 vocans.
1315 646 1425 702 Nisi
1465 645 1607 700 enim
1656 641 1746 696 ille
1791 636 2112 702 cecidisset,

530 742 631 806 nos
672 762 799 802 non
862 741 1372 800 resurrexissemus.
1431 734 1652 804 Aquilas
1709 739 1886 784 autem
1940 735 2096 780 vocat

531 839 821 896 ostendens
850 835 1135 888 sublimem
1163 844 1283 885 esse
1313 837 1563 898 Oportere
1602 823 1748 878 illum
1797 821 1887 891 qni
1917 819 1982 872 ad
2012 819 2112 872 hoc

531 945 724 1000 corpus
750 927 983 990 accedit,
1014 932 1068 979 et
1099 922 1228 977 nihil
1259 935 1380 974 cum
1410 927 1548 973 terra
1579 927 1863 970 commune
1891 910 2107 975 habere,

530 1037 705 1093 neque
733 1021 986 1076 deorsum
1011 1015 1151 1071 trahi
1185 1029 1248 1068 ac
1272 1025 1509 1081 serpere,
1538 1007 1630 1062 sed
1659 1005 1870 1062 assidue
1900 1018 2112 1072 semper

529 1129 742 1169 sursum
775 1110 994 1173 volare,
1037 1116 1091 1162 et
1133 1106 1197 1161 ad
1227 1105 1395 1160 solem
1439 1100 1663 1171 justitiae
1703 1097 1970 1165 respicere
1994 1136 2009 1160 ,
2057 1105 2111 1149 et

530 1207 724 1263 mentis
748 1203 961 1260 oculum
989 1211 1203 1256 acutum
1233 1197 1429 1252 habere
1452 1213 1465 1250 :
1485 1191 1779 1263 aquilarum
1808 1189 1972 1254 enim,
2005 1202 2110 1241 non

526 1298 862 1367 graculorum
895 1294 1009 1348 haec
1043 1302 1123 1348 est
1155 1304 1361 1346 mensa.
1410 1287 1513 1356 lpsi
1550 1297 1674 1340 tunc
1701 1291 1987 1337 occurrent
2017 1280 2110 1335 de-

532 1389 802 1448 scendenti
832 1386 900 1442 de
929 1385 1098 1450 cwlis,
1127 1382 1217 1453 qui
1245 1394 1385 1436 nunc
1413 1377 1572 1450 digne
1590 1373 1918 1447 percipiunt,
1938 1381 1996 1426 ut
2020 1369 2110 1441 qni

532 1480 743 1550 tndigne
768 1487 1004 1533 extrema
1033 1473 1314 1544 patientur.

612 1572 666 1626 4.
710 1567 952 1640 Corporis
985 1564 1171 1619 Christi
1204 1561 1447 1616 sanctitas
1485 1567 1531 1614 et
1573 1559 1750 1612 virtus.
1778 1586 1847 1596 —
1873 1553 1928 1611 Si
1969 1554 2109 1608 enim

532 1679 703 1734 regem
753 1662 872 1732 quis
921 1673 1024 1714 non
1058 1665 1346 1724 utcumque
1405 1665 1506 1707 nec
1554 1648 1912 1722 perfunctorie
1954 1661 2109 1701 acce-

532 1757 664 1826 perit
695 1773 706 1808 :
749 1752 874 1824 quid
907 1765 1085 1820 regem
1117 1746 1280 1802 dico?
1319 1759 1384 1800 ne
1415 1752 1618 1798 vestem
1657 1740 1873 1811 quidem
1908 1737 2109 1808 regiam

532 1847 650 1916 quis
690 1843 912 1912 impuris
952 1839 1198 1896 manibus
1247 1834 1515 1904 tetigerit,
1560 1831 1772 1887 etiamsi
1827 1830 1878 1884 in
1919 1828 2106 1882 solitu-

525 1937 651 1990 dine
695 1935 794 1996 sit,
840 1929 1050 1986 etiamsi
1097 1927 1244 1981 solus
1298 1935 1351 1979 et
1405 1937 1564 1979 nemo
1617 1921 1801 1976 adsit:
1854 1919 2108 1988 atquini-

531 2025 597 2080 hil
647 2023 790 2077 aliud
834 2032 916 2077 est
947 2020 1113 2074 vestis
1137 2032 1294 2088 quam
1322 2025 1527 2070 stamen
1575 2011 1858 2067 vermium.
1893 2007 1948 2064 Si
1981 2023 2110 2064 vero

529 2120 809 2170 tineturam
837 2110 1072 2176 miraris,
1105 2118 1157 2164 et
1187 2108 1300 2178 ipsa
1327 2119 1540 2178 quoque
1568 2103 1764 2158 mortui
1787 2101 1948 2172 piscis
1985 2116 2111 2156 san-

529 2209 642 2276 guis
682 2214 810 2271 est;
857 2217 1016 2258 nemo
1061 2211 1238 2255 tamen
1299 2213 1462 2252 ausus
1517 2195 1678 2251 fuerit
1718 2195 1860 2250 illam
1930 2193 2108 2248 sordi-

529 2303 608 2358 dis
641 2308 977 2356 contrectare
1013 2294 1280 2350 manibus.
1313 2291 1369 2348 Si
1413 2300 1590 2345 autem
1631 2289 1918 2342 humanum
1949 2284 2111 2340 vesti-

529 2403 762 2449 mentum
785 2402 944 2444 nemo
969 2401 1130 2441 ausus
1149 2383 1309 2440 fuerit
1333 2391 1532 2437 temere
1559 2387 1810 2450 tangere;
1841 2375 2110 2448 quomodo

527 2499 721 2556 corpus
773 2483 1143 2537 universorum
1188 2477 1280 2532 Dei
1335 2473 1730 2530 immaculatum
1775 2479 1830 2526 et
1878 2484 2106 2540 purum,

528 2579 664 2651 quod
717 2591 836 2632 cum
878 2573 1057 2630 divina
1103 2571 1191 2625 illa
1260 2577 1446 2624 natura
1500 2574 1770 2621 versatum
1831 2571 1949 2628 est,
2011 2577 2110 2632 per

528 2669 664 2741 quod
684 2681 870 2723 sumus
893 2673 946 2720 et
973 2664 1224 2728 vivimus,
1245 2675 1338 2730 per
1363 2656 1502 2728 quod
1531 2665 1699 2729 porta:
1721 2655 1908 2710 mortis
1930 2652 2109 2708 fractae

525 2769 653 2818 sunt
678 2770 731 2813 et
755 2757 986 2811 fornices
1012 2753 1125 2809 οωιί
1167 2751 1336 2821 aperti
1367 2754 1529 2813 sunt,
1558 2761 1679 2802 cum
1732 2753 1877 2800 tanta
1918 2752 2108 2798 contu-

526 2853 682 2907 melia
703 2845 1063 2918 accipiemus?
1083 2842 1180 2908 Ne,
1203 2853 1404 2912 quaeso,
1433 2853 1501 2893 ne
1523 2850 1620 2891 nos
1641 2836 1787 2905 ipsos
1807 2833 2110 2904 jugulemus

530 2961 626 3016 per
657 2940 1040 3011 impudentiam
1069 2953 1084 3004 ;
1118 2934 1212 2990 sed
1243 2947 1365 2988 cum
1388 2930 1608 2984 horrore
1632 2935 1686 2982 et
1715 2925 1941 2996 puritate
1964 2924 2108 2979 omni

526 3015 591 3093 ad
619 3037 789 3108 ipsum
818 3031 1134 3088 accedamus
1161 3042 1176 3092 ;
1217 3032 1274 3081 et
1298 3037 1418 3079 cum
1446 3021 1616 3091 ipsum
1643 3017 1842 3072 videris
1865 3015 2111 3087 proposi-

528 3141 663 3196 tum,
693 3128 784 3184 tibi
814 3126 912 3197 ipsi
943 3123 1027 3178 die
1057 3139 1070 3177 :
1102 3121 1325 3188 Propter
1355 3116 1456 3170 hoc
1479 3127 1672 3182 corpus
1702 3127 1806 3166 non
1855 3124 1972 3164 sum
2012 3123 2110 3179 ego

529 3221 757 3291 amplius
785 3229 922 3273 terra
953 3223 1007 3269 et
1030 3213 1187 3276 cinis,
1212 3225 1316 3264 non
1347 3207 1486 3262 ultra
1514 3203 1773 3274 captivus,
1815 3201 1908 3256 sed
1932 3199 2066 3255 liber
2095 3217 2108 3254 :

532 3312 653 3368 ideo
677 3309 839 3364 caelos
865 3318 1024 3378 spero
1055 3310 1109 3358 et
1156 3301 1294 3356 bona
1327 3298 1435 3352 illic
1472 3294 1703 3365 reposita
1749 3308 1836 3348 me
1863 3299 2109 3361 acceptu-

529 3418 646 3458 rum
665 3414 806 3466 esse,
832 3393 1187 3452 immortalem
1212 3391 1394 3455 vitam,
1419 3387 1727 3457 angelorum
1749 3393 1968 3449 sortem,
1991 3398 2110 3438 cum

529 3491 746 3548 Christo
771 3484 1214 3544 consuetudinem
1245 3499 1258 3536 :
1282 3479 1385 3534 hoc
1408 3493 1602 3548 corpus
1627 3476 1794 3532 clavis
1815 3475 2108 3542 confixum,

533 3583 712 3652 ﬂagris
732 3593 951 3641 cursum,
983 3588 1128 3631 mors
1150 3587 1257 3628 non
1297 3570 1444 3636 tulit,
1500 3569 1602 3624 hoc
1643 3582 1836 3638 corpus
1877 3567 1959 3623 sol
1992 3581 2111 3621 cum

533 3672 846 3729 crucifixum
878 3668 1104 3734 videret,
1138 3663 1318 3720 radios
1351 3660 1545 3716 avertit
1573 3677 1588 3713 :
1617 3659 1735 3714 ideo
1765 3667 1892 3714 tunc
1935 3658 2111 3713 velum

531 3764 756 3819 scissum
787 3768 890 3827 est,
914 3768 1078 3829 petra:
1098 3764 1267 3826 rupta:
1289 3761 1432 3819 sunt,
1466 3761 1522 3807 et
1541 3752 1790 3807 universa
1819 3759 1958 3804 terra
1980 3764 2112 3804 eon-

527 3856 822 3913 cutiebatur
854 3869 868 3906 :
919 3851 1019 3906 hoc
1066 3857 1151 3905 est
1175 3845 1306 3902 illud
1337 3858 1533 3916 corpus
1556 3885 1571 3910 ,
1605 3841 1747 3914 quod
1775 3850 2112 3896 cruentatum

530 3953 643 4015 fuit,
669 3951 850 4004 lancea
879 3943 1180 4016 perfossum
1205 3981 1220 4006 ,
1257 3937 1399 4010 quod
1427 3938 1690 3992 salutares
1719 3934 1893 3990 fontes
1932 3944 2113 3990 scatu-

459 4074 465 4079 -
531 4045 655 4100 rivit
674 4041 790 4097 orbi
813 4080 830 4106 ,
860 4038 1022 4094 alium
1050 4031 1344 4104 sanguinis,
1372 4029 1533 4083 alium
1560 4043 1732 4098 aqum.
1756 4025 1849 4081 Vis
1902 4024 2115 4080 aliunde

531 4139 648 4208 ejus
674 4135 780 4189 vim
808 4126 1052 4187 discere?
1075 4125 1342 4194 Interroga
1370 4120 1645 4175 mulierem
1669 4116 1940 4186 sanguinis
1968 4115 2114 4170 fluxu

532 4229 887 4288 laborantem,
912 4234 1031 4292 quae
1060 4232 1164 4272 non
1199 4215 1396 4286 ipsum.
1441 4210 1536 4267 sed
1563 4211 1679 4279 ejus
1711 4209 2110 4272 vestimentum,

532 4325 642 4378 imo
671 4335 776 4374 non
809 4324 998 4378 totum,
1031 4309 1125 4366 sed
1154 4307 1414 4363 fimbriam
1442 4304 1646 4374 tetigit:
1673 4303 1936 4372 interroga
1969 4315 2115 4355 mare

531 4411 672 4484 quod
699 4409 861 4464 dorso
887 4419 984 4461 suo
1017 4403 1190 4474 ipsum
1220 4397 1448 4470 gestavit
1480 4415 1492 4450 :
1526 4396 1793 4463 interroga
1839 4401 1895 4448 et
1941 4391 2115 4464 ipsum

531 4503 823 4566 diabolum,
852 4507 906 4554 et
944 4496 1031 4552 dic
1063 4513 1078 4547 :
1111 4491 1260 4549 Unde
1301 4487 1466 4544 habes
1497 4488 1703 4557 plagam
1737 4487 1878 4540 illam
1907 4485 2116 4538 insana-

533 4593 693 4646 bilem
717 4589 740 4641 ’ρ
768 4586 905 4641 unde
937 4585 994 4637 fit
1019 4589 1078 4638 ut
1108 4581 1236 4636 nihil
1264 4580 1373 4650 jam
1406 4576 1616 4648 possis?
1637 4575 1899 4630 undenam
1930 4582 2116 4644 captus

533 4683 628 4740 es?
654 4696 685 4736 a
712 4693 818 4751 quo
838 4677 1087 4734 detentus
1108 4673 1250 4728 tuisti
1276 4671 1399 4726 dum
1429 4669 1679 4739 fugeres?
1721 4677 1776 4723 et
1804 4667 1933 4722 nihil
1973 4667 2114 4724 aliud

537 4778 699 4842 dicet,
733 4786 892 4844 quam
921 4775 1115 4838 corpus
1137 4762 1469 4819 crucifixum.
1501 4759 1603 4816 Per
1634 4759 1736 4814 hoc
1764 4760 1962 4814 stimuli
2002 4758 2117 4828 ejus

533 4866 792 4924 confracti
821 4872 967 4930 sunt,
1015 4875 1113 4932 per
1139 4857 1242 4913 hoc
1278 4867 1475 4924 corpus
1499 4851 1616 4922 ejus
1651 4851 1940 4907 contritum
1965 4891 1979 4916 ,
2023 4867 2118 4921 per

537 4958 642 5012 hoc
686 4956 1012 5026 principatus
1042 4961 1097 5009 et
1146 4957 1438 5024 potestates
1483 4943 1739 5000 traductte
1770 4953 1936 4998 sunt:
1982 4942 2119 5014 Spo-

538 5049 669 5102 liam
696 5045 858 5110 enim,
883 5044 1076 5113 inquit,
1121 5041 1436 5112 principatus
1477 5043 1523 5091 et
1561 5043 1850 5106 potestates,
1893 5035 2118 5089 traduxit

533 5141 870 5210 conﬁdenter,
899 5137 1217 5205 triumphans
1245 5136 1308 5189 de
1345 5135 1448 5190 illis
1482 5136 1534 5187 in
1576 5131 1843 5199 sentetipso
1883 5129 2017 5203 (Cof.
2056 5131 2112 5185 2.

536 5233 606 5290 15
625 5232 668 5304 ).
707 5229 979 5297 Interroga
1005 5234 1232 5278 mortem
1258 5264 1271 5286 .
1316 5233 1369 5277 et
1399 5225 1483 5277 dic
1513 5242 1525 5277 :
1558 5223 1836 5280 Undenam
1876 5224 2117 5279 sublatus

542 5333 626 5382 est
649 5319 897 5380 stimulus
942 5315 1106 5371 tuus?
1137 5312 1401 5369 undenam
1437 5313 1608 5367 soluta
1633 5326 1714 5369 est
1737 5325 1821 5369 tua
1854 5315 2117 5370 victoria?

541 5418 807 5473 undenam
837 5409 1045 5488 pracisi
1076 5416 1199 5464 sunt
1240 5407 1388 5462 nervi
1434 5406 1546 5473 tui,
1586 5417 1636 5461 et
1662 5408 1857 5478 puellis
1899 5407 2116 5462 infanti-

545 5507 748 5578 busque
777 5507 915 5560 facta
941 5519 998 5558 es
1023 5499 1267 5564 ridicula,
1298 5515 1416 5570 qua:
1447 5498 1684 5570 tyrannis
1708 5507 1763 5554 et
1799 5499 1956 5567 justis
1996 5511 2113 5552 om-

545 5599 704 5658 nibus
722 5595 948 5654 autehac
974 5591 1324 5650 formidabilis
1341 5604 1461 5646 eras
1482 5589 1506 5642 ‘i
1533 5597 1586 5644 et
1615 5587 1737 5644 huic
1755 5587 1967 5656 corpori
1992 5601 2120 5641 cau-

545 5701 656 5743 sam
683 5687 966 5744 adseribet.
990 5685 1118 5740 Cum
1142 5685 1283 5740 enim
1311 5680 1732 5753 crucifigvbatur,
1763 5689 1886 5735 tunc
1914 5682 2112 5734 mortui

1269 253 1325 311 8.
1367 249 1644 308 JOANNIS
1682 240 2152 304 CllRYSOSTOMI
2185 241 2497 298 ARClllEP.
2531 243 3058 306 CONSTANTINOP.

3701 263 3804 320 ΞΜ

2227 355 2656 428 resurrexcrunt,
2690 373 2812 419 tunc
2841 379 3026 421 carcer
3057 366 3144 421 ille
3185 352 3375 439 ruptus
3421 381 3502 426 est
3553 383 3607 428 et
3637 389 3804 445 portae

2224 467 2378 508 terea:
2403 453 2687 510 confracta:
2714 467 2854 523 sunt,
2881 467 2933 512 et
2960 459 3154 513 mortui
3185 459 3363 516 emissi
3397 471 3540 530 sunt,
3585 473 3638 519 et
3659 467 3802 536 jani-

2223 552 2366 599 tores
2387 543 2576 600 inferni
2604 561 2791 602 omnes
2821 547 3172 617 obstupefacti
3205 560 3348 605 sunt.
3397 552 3555 625 Atqui
3586 556 3630 609 si
3668 556 3808 612 fuis-

2221 645 2302 688 set
2330 651 2466 689 uuus
2495 652 2560 691 ex
2602 638 2804 706 multis,
2832 641 3160 694 contrarium
3204 642 3451 698 accidere
3500 646 3800 715 Oportebat,

2221 736 2448 782 mortem
2478 728 2642 786 fuisse
2670 733 3044 800 potentiorem,
3075 733 3170 787 sed
3201 748 3306 789 non
3335 733 3433 790 fuit
3464 755 3478 790 ε
3509 752 3616 792 non
3658 741 3800 793 enim

2219 829 2337 875 erat
2365 837 2499 876 unus
2528 838 2592 876 ex
2625 825 2844 890 multis;
2877 825 2998 880 ideo
3042 826 3128 880 illa
3169 828 3341 884 soluta
3389 827 3506 883 fuit.
3553 831 3617 884 Et
3664 830 3802 888 sicut

2221 911 2254 966 ii
2281 913 2368 982 qui
2398 913 2708 969 alimentum
2739 917 3028 987 accipiunt,
3071 919 3212 989 quod
3255 920 3486 976 retinere
3522 938 3626 977 non
3672 939 3800 994 pos-

2217 1005 2341 1070 sint,
2371 1007 2531 1062 ctiam
2563 1022 2682 1077 qua:
2707 1009 2855 1080 prius
2883 1021 3131 1081 percepta
3178 1011 3388 1067 fuerant
3417 1023 3632 1084 prepter
3669 1017 3797 1074 illud

2216 1109 2470 1154 evomunt
2497 1118 2509 1156 :
2545 1100 2615 1155 ita
2647 1103 2805 1157 etiam
2833 1103 3024 1158 accidit
3049 1103 3101 1158 in
3141 1113 3336 1158 morte.
3365 1103 3570 1174 Corpus
3593 1146 3609 1172 ,
3655 1107 3797 1176 quod

2219 1189 2330 1257 ipsa
2377 1205 2482 1244 non
2516 1201 2723 1261 poterat
2753 1194 3020 1248 conficere
3045 1234 3060 1260 ,
3111 1195 3412 1263 accipiens,
3462 1195 3547 1251 illa
3587 1212 3800 1268 quoque

2219 1282 2402 1353 rejecit
2426 1299 2546 1354 qua:
2579 1285 2719 1340 intus
2743 1285 3006 1341 retinebat
3034 1303 3047 1339 :
3082 1301 3202 1342 cum
3235 1286 3360 1341 illud
3388 1287 3530 1342 intus
3559 1287 3796 1358 haberet,

2217 1376 2545 1446 parturiebat
2593 1385 2648 1431 et
2697 1377 3056 1446 premebatur,
3109 1376 3282 1432 donec
3331 1377 3503 1448 ipsum
3541 1381 3797 1438 evomuit.

2217 1465 2343 1522 Ideo
2367 1465 2445 1520 ait
2463 1465 2787 1538 Apostolus:
2836 1467 3032 1524 Salutis
3075 1467 3334 1524 doloribus
3360 1470 3533 1522 mortis
3559 1469 3690 1538 (Act.
3737 1469 3794 1524 2.

2213 1557 2350 1630 24).
2402 1558 2557 1615 Nulla
2609 1560 2752 1616 enim
2808 1560 3002 1617 mulier
3057 1576 3341 1633 prmgnans
3393 1563 3799 1632 parturiensque

2216 1660 2363 1707 tanto
2408 1651 2590 1708 labore
2631 1654 2913 1723 premitur,
2967 1661 3168 1723 quanto
3215 1651 3301 1707 illa
3351 1667 3545 1722 corpus
3594 1653 3797 1708 habens

2215 1744 2545 1799 Dominicum
2562 1743 2974 1800 dilacerabatur.
3006 1743 3069 1798 Et
3088 1743 3228 1814 quod
3258 1746 3307 1797 in
3334 1743 3656 1812 Babylonico
3673 1743 3796 1798 dra-

2212 1850 2348 1892 cone
2376 1836 2589 1903 accidit,
2619 1851 2738 1892 cum
2769 1847 2991 1906 accepto
3035 1836 3156 1891 cibo
3195 1835 3399 1890 medius
3425 1837 3666 1908 diruptus
3691 1846 3794 1903 est,

2216 1925 2317 1980 hoc
2345 1935 2400 1980 et
2425 1926 2512 1980 isti
2558 1927 2760 1984 evenit.
2789 1925 2906 1981 Non
2932 1926 3074 1986 enim
3101 1925 3344 1981 Christus
3375 1941 3470 1998 per
3499 1942 3562 1982 os
3609 1925 3798 1984 mortis

2213 2031 2461 2086 egressus
2483 2027 2584 2081 est,
2611 2017 2707 2072 sed
2739 2017 2854 2088 ipso
2883 2016 3062 2072 medio
3091 2014 3342 2071 draconis
3366 2025 3551 2072 ventre
3579 2015 3795 2088 dirupto

2213 2120 2267 2165 et
2294 2109 2547 2177 dissecto,
2576 2111 2654 2164 sic
2698 2125 2762 2165 ex
2796 2110 3156 2180 penetralibus
3200 2108 3431 2180 prodiit,
3463 2125 3582 2163 eum
3615 2110 3795 2178 splen-

2213 2201 2344 2256 dore
2371 2202 2564 2269 multo,
2593 2201 2877 2272 radiosque
2907 2201 3178 2268 emittens,
3225 2216 3328 2256 non
3377 2215 3544 2273 usque
3586 2201 3652 2256 ad
3691 2200 3795 2256 hoc

2214 2293 2427 2360 cadum,
2458 2293 2552 2348 sed
2592 2309 2760 2364 usque
2788 2293 2855 2348 ad
2886 2293 3057 2364 ipsum
3086 2308 3373 2362 supernum
3404 2292 3596 2349 Solium
3623 2310 3637 2348 :
3668 2308 3792 2347 nam

2212 2385 2342 2440 illnc
2365 2400 2576 2456 quoque
2603 2385 2774 2456 ipsum
2801 2384 3040 2440 adduxit.
3075 2384 3188 2440 Hoc
3213 2399 3407 2456 corpus
3449 2385 3596 2441 dedit
3637 2385 3793 2441 nobis

2211 2485 2265 2530 et
2290 2476 2575 2532 tenendum
2598 2485 2651 2530 et
2675 2475 3083 2543 comedendum,
3115 2475 3256 2546 quod
3289 2477 3510 2531 intonsae
3552 2476 3794 2534 dilectio-

2213 2566 2294 2621 nis
2325 2565 2443 2621 fuit.
2492 2565 2601 2621 Eos
2641 2567 2782 2622 enim
2829 2581 2964 2637 quos
3016 2567 3266 2621 ardenter
3307 2581 3584 2630 amamus,
3631 2567 3792 2622 etiam

2212 2670 2355 2726 saepe
2384 2655 2710 2712 mordemus.
2741 2656 2866 2712 Ideo
2909 2657 3009 2712 Job
3037 2672 3274 2712 amorem
3332 2656 3669 2725 famulorum,
3701 2658 3790 2728 qui

2211 2746 2355 2801 circa
2399 2747 2544 2801 illum
2577 2759 2728 2802 erant
2756 2748 3044 2803 ostendens
3073 2748 3305 2814 dicebat,
3337 2749 3457 2803 illos
3494 2749 3663 2818 ipsum
3693 2763 3786 2804 ve-

2217 2836 2499 2894 hementer
2521 2848 2763 2894 amantes
2783 2839 2984 2894 dixisse
3014 2857 3027 2889 τ
3057 2841 3181 2906 Quis
3205 2839 3344 2894 nobis
3371 2839 3452 2896 det
3468 2840 3530 2893 de
3557 2841 3792 2894 carnibus

2212 2929 2318 2983 suis
2343 2939 2397 2983 ut
2424 2931 2725 2999 impleantur
2751 2929 2894 3002 (Job.
2927 2933 3016 2987 ⁸51.
3047 2931 3163 3001 51)?
3189 2932 3276 2987 Sic
3295 2942 3347 2986 et
3376 2931 3621 2986 Christus
3646 2931 3794 2987 dedit

2213 3021 2368 3076 nobis
2405 3035 2594 3076 carnes
2618 3036 2742 3077 suas
2789 3031 2846 3077 ut
2895 3022 3233 3094 impleamur,
3283 3022 3350 3077 ad
3383 3022 3641 3092 majurem
3691 3037 3792 3078 nos

2215 3115 2500 3169 amicitiam
2530 3115 2825 3170 attrahens.

2285 3205 2338 3260 5.
2369 3204 2695 3260 Accedamus
2722 3205 2879 3276 igitur
2904 3219 3025 3260 cum
3059 3203 3266 3260 fervore
3287 3203 3354 3258 ad
3384 3204 3555 3271 illum,
3587 3213 3787 3258 etcum

2213 3294 2419 3350 ardenti
2441 3296 2662 3350 caritate
2683 3335 2697 3359 ,
2729 3304 2784 3350 et
2812 3309 2879 3349 ne
2904 3295 3190 3350 subeamus
3213 3295 3552 3365 supplicium.
3580 3295 3792 3362 Quanto

2213 3391 2354 3447 enim
2382 3389 2583 3460 majora
2613 3386 2871 3443 beneficia
2901 3388 3294 3457 acceperimus,
3323 3396 3469 3442 tanto
3497 3388 3664 3458 magis
3691 3401 3790 3456 pu-

2216 3485 2611 3548 niemur,cum
2669 3479 2946 3536 beneficiis
2997 3479 3195 3550 indigni
3241 3480 3634 3550 apparebimus.
3683 3480 3794 3534 lloc

2215 3578 2374 3632 etiam
2411 3590 2604 3645 corpus
2643 3573 2695 3629 in
2747 3572 2973 3644 praesepi
3013 3572 3198 3643 jacens
3229 3573 3441 3628 reveriti
3470 3582 3596 3627 sunt
3630 3572 3791 3641 magi.

2216 3668 2283 3723 Et
2309 3667 2402 3721 viri
2431 3666 2576 3736 impii
2598 3680 2661 3720 ac
2685 3663 2900 3719 barbari
2932 3665 3100 3733 patria
3123 3663 3392 3732 domoque
3421 3663 3626 3724 relicta,
3653 3663 3791 3715 viam

2215 3757 2417 3812 emensi
2444 3766 2568 3811 sunt
2597 3756 2839 3824 longam,
2869 3763 2924 3810 et
2947 3755 3222 3810 venientes
3247 3769 3365 3808 cum
3397 3753 3587 3808 timore
3612 3762 3666 3808 et
3695 3761 3796 3806 tre-

2218 3864 2366 3903 more
2391 3847 2560 3902 tnulto
2589 3845 2760 3916 ipsum
2800 3845 3178 3900 adoraverunt.
3222 3844 3493 3898 Imitemur
3517 3857 3645 3913 ergo
3687 3843 3797 3898 sal-

2218 3950 2324 3996 tem
2367 3939 2659 4003 barbaros,
2693 3953 2790 3993 nos
2835 3937 3089 3992 czelorum
3136 3937 3299 3992 cives.
3339 3936 3417 3990 llli
3458 3951 3690 4006 namque
3740 3935 3796 3990 in

2218 4047 2460 4103 praesepe
2499 4031 2848 4102 respicientes
2878 4039 2933 4086 et
2960 4031 3013 4085 in
3043 4030 3252 4102 tugurio
3275 4069 3291 4094 ,
3339 4037 3394 4084 et
3439 4028 3570 4082 nihil
3610 4042 3796 4084 eorum

2218 4126 2586 4195 respicientes,
2617 4140 2736 4195 qua:
2767 4135 2822 4180 tu
2846 4139 2988 4179 nunc
3018 4123 3190 4186 vides,
3220 4138 3339 4178 cum
3364 4129 3599 4176 tremore
3626 4121 3794 4176 multo

2218 4225 2562 4272 accesserunt
2589 4233 2602 4270 :
2637 4224 2692 4271 tu
2719 4231 2847 4270 vero
2874 4229 2977 4269 non
3003 4215 3054 4269 in
3079 4228 3320 4285 praesepe
3345 4211 3570 4282 respicis
3588 4253 3603 4276 ,
3626 4210 3717 4265 sed
3741 4212 3794 4264 in

2217 4311 2423 4375 altare;
2476 4323 2582 4363 non
2637 4307 2916 4362 mulierem
2967 4315 3279 4370 tenentem,
3322 4303 3416 4360 sed
3465 4303 3793 4358 sacerdotem

2220 4403 2518 4457 adstantem
2541 4441 2556 4465 ,
2585 4408 2640 4454 et
2665 4398 2921 4469 Spiritum
2947 4412 3067 4452 cum
3091 4395 3338 4451 ubertate
3369 4409 3557 4464 magna
3593 4394 3644 4447 in
3673 4407 3800 4462 pro-

2222 4495 2389 4564 posita
2445 4490 2899 4560 supervolantem.
2953 4487 3066 4543 Non
3126 4486 3444 4557 simpliciter
3481 4484 3583 4541 hoc
3625 4485 3797 4556 ipsum

2219 4599 2415 4654 corpus
2438 4582 2612 4650 vides,
2641 4591 2695 4636 ut
2724 4581 2797 4636 illi
2822 4623 2837 4649 ,
2869 4580 2964 4637 sed
2994 4581 3130 4635 nosti
3161 4579 3326 4652 ipsius
3356 4586 3409 4635 et
3437 4578 3688 4634 virtutem
3737 4586 3794 4633 et

2219 4675 2672 4747 dispensationem
2705 4687 2939 4737 omnem,
2971 4681 3024 4728 et
3050 4671 3184 4726 nihil
3216 4672 3430 4742 ignoras
3464 4685 3650 4725 eorum
3679 4683 3800 4738 quae

2221 4780 2316 4836 per
2346 4766 2518 4836 ipsum
2550 4761 2782 4834 perfecta
2813 4771 2977 4829 sunt,
3008 4776 3130 4816 cum
3163 4762 3340 4815 omnia
3369 4759 3605 4814 initiatus
3639 4773 3798 4812 accu-

2221 4867 2336 4912 rate
2364 4854 2632 4910 didiceris.
2667 4853 2975 4909 Excitemus
2997 4851 3174 4923 itaque
3201 4864 3298 4905 nos
3320 4849 3465 4918 ipsos
3491 4858 3545 4904 et
3583 4848 3804 4902 horrea-

2223 4967 2374 5017 mus,
2407 4959 2460 5004 et
2488 4947 2655 5002 multo
2683 4945 2941 5018 majorem
2971 4958 3129 5018 quam
3168 4940 3383 4998 barbari
3426 4940 3501 4995 illi
3547 4940 3801 5010 pietatem

2223 5043 2576 5098 exhibeamus
2601 5081 2618 5106 ,
2663 5047 2720 5094 ut
2758 5053 2864 5093 non
2907 5047 3108 5092 temere
3134 5043 3189 5090 et
3217 5032 3612 5088 inconsiderate
3644 5046 3801 5086 acce-

2222 5134 2448 5200 dentes,
2491 5132 2664 5204 ignem
2692 5130 2744 5184 in
2781 5135 2939 5198 caput
2983 5137 3222 5183 nostrum
3251 5136 3622 5195 congeramus.
3679 5121 3805 5176 lla‘c

2221 5234 2400 5279 autem
2429 5223 2587 5290 dico,
2633 5237 2738 5276 non
2778 5228 2837 5274 ut
2879 5234 2946 5274 ne
2974 5217 3331 5282 accedamus;
3360 5214 3454 5271 sed
3495 5229 3563 5269 ne
3602 5222 3804 5267 temere

2221 5317 2560 5372 accedamus.
2589 5314 2739 5370 Sicut
2770 5312 2910 5367 enim
2942 5320 3148 5366 temere
3171 5309 3432 5364 accedere
3451 5347 3467 5373 ,
3504 5305 3800 5377 perieulum

2221 5418 2305 5464 est
2331 5425 2345 5461 :
2377 5409 2455 5464 sic
2481 5407 2566 5462 bis
2590 5405 2826 5477 mysticis
2853 5402 3024 5460 omnis
3053 5417 3159 5456 non
3188 5399 3604 5463 communicare,
3635 5395 3804 5451 fames

2221 5506 2305 5552 est
2329 5506 2382 5552 et
2420 5512 2584 5551 mors.
2614 5495 2739 5550 Hmc
2765 5495 2905 5550 enim
2933 5507 3121 5548 mensa
3151 5489 3300 5546 nervi
3338 5490 3529 5543 animae
3560 5493 3760 5540 nostra:
3782 5525 3799 5550 ,

2222 5589 2416 5645 mentis
2457 5589 2728 5646 vinculum
2750 5627 2765 5650 .
2821 5585 3030 5641 ﬁduciae
3072 5599 3232 5642 causa
3254 5626 3270 5653 ,
3299 5596 3423 5652 spes
3444 5623 3459 5647 ,
3483 5579 3660 5645 salus,
3693 5576 3806 5637 lux.

2226 5681 2334 5736 vita
2373 5691 2472 5736 est.
2510 5681 2567 5736 Si
2606 5695 2724 5734 cum
2755 5679 2854 5736 hoc
2881 5677 3146 5734 sacrificio
3187 5676 3277 5731 illo
3301 5674 3591 5730 abierimus
3619 5711 3635 5738 ,
3681 5682 3806 5723 cum
