  <div class='ocr_page' id='page_1' title='image "/cluster/home/n/w/nwhite01/storage/ocr_20150623/61/hvd.32044054166368/209.png"; bbox 0 0 4108 6218; ppageno 0'>
   <div class='ocr_carea' id='block_1_1' title="bbox 496 219 602 274">
    <p class='ocr_par' dir='ltr' id='par_1_1' title="bbox 496 219 602 274">
     <span class='ocr_line' id='line_1_1' title="bbox 496 219 602 274; baseline 0 0"><span class='ocrx_word' id='word_1_1' title='bbox 496 219 602 274; x_wconf 74' lang='grc' dir='ltr'>εοε</span> 
     </span>
    </p>
   </div>
   <div class='ocr_carea' id='block_1_2' title="bbox 495 332 2080 407">
    <p class='ocr_par' dir='ltr' id='par_1_2' title="bbox 495 332 2080 407">
     <span class='ocr_line' id='line_1_2' title="bbox 495 332 2080 407; baseline 0.006 -21"><span class='ocrx_word' id='word_1_2' title='bbox 495 332 740 400; x_wconf 70' lang='grc' dir='ltr'>ἐκείνων,</span> <span class='ocrx_word' id='word_1_3' title='bbox 762 334 921 406; x_wconf 65' lang='grc' dir='ltr'>λιμὸς</span> <span class='ocrx_word' id='word_1_4' title='bbox 948 335 1043 389; x_wconf 75' lang='grc' dir='ltr'>καὶ</span> <span class='ocrx_word' id='word_1_5' title='bbox 1066 333 1312 399; x_wconf 86' lang='grc' dir='ltr'>θάνατος.</span> <span class='ocrx_word' id='word_1_6' title='bbox 1338 334 1488 407; x_wconf 77' lang='grc' dir='ltr'>Αὕτη</span> <span class='ocrx_word' id='word_1_7' title='bbox 1509 333 1619 406; x_wconf 99' lang='lat'>7&amp;9</span> <span class='ocrx_word' id='word_1_8' title='bbox 1646 336 1680 404; x_wconf 76' lang='grc' dir='ltr'><strong>ἡ</strong></span> <span class='ocrx_word' id='word_1_9' title='bbox 1707 333 1958 405; x_wconf 79' lang='grc' dir='ltr'>τράπεζα</span> <span class='ocrx_word' id='word_1_10' title='bbox 1980 333 2080 402; x_wconf 79' lang='grc' dir='ltr'>τῆς</span> 
     </span>
    </p>
   </div>
   <div class='ocr_carea' id='block_1_3' title="bbox 493 416 2080 490">
    <p class='ocr_par' dir='ltr' id='par_1_3' title="bbox 493 416 2080 490">
     <span class='ocr_line' id='line_1_3' title="bbox 493 416 2080 490; baseline 0 -19"><span class='ocrx_word' id='word_1_11' title='bbox 493 417 671 489; x_wconf 81' lang='grc' dir='ltr'>ψυχῆς</span> <span class='ocrx_word' id='word_1_12' title='bbox 695 418 854 490; x_wconf 77' lang='grc' dir='ltr'>ἡμῶν</span> <span class='ocrx_word' id='word_1_13' title='bbox 878 419 947 473; x_wconf 79' lang='grc' dir='ltr'>τὰ</span> <span class='ocrx_word' id='word_1_14' title='bbox 969 418 1158 488; x_wconf 82' lang='grc' dir='ltr'>νεῦρα,</span> <span class='ocrx_word' id='word_1_15' title='bbox 1190 419 1289 489; x_wconf 86' lang='grc' dir='ltr'>τῆς</span> <span class='ocrx_word' id='word_1_16' title='bbox 1313 418 1554 481; x_wconf 73' lang='grc' dir='ltr'>διανοίας</span> <span class='ocrx_word' id='word_1_17' title='bbox 1580 420 1609 471; x_wconf 90' lang='lat'>6</span> <span class='ocrx_word' id='word_1_18' title='bbox 1641 417 1960 488; x_wconf 79' lang='grc' dir='ltr'>σύνδεσμος,</span> <span class='ocrx_word' id='word_1_19' title='bbox 1980 416 2080 487; x_wconf 86' lang='grc' dir='ltr'>τῆς</span> 
     </span>
    </p>
   </div>
   <div class='ocr_carea' id='block_1_4' title="bbox 494 498 2077 572">
    <p class='ocr_par' dir='ltr' id='par_1_4' title="bbox 494 498 2077 572">
     <span class='ocr_line' id='line_1_4' title="bbox 494 498 2077 572; baseline 0 -18"><span class='ocrx_word' id='word_1_20' title='bbox 494 501 861 572; x_wconf 75' lang='grc' dir='ltr'>παρρησίαςη</span> <span class='ocrx_word' id='word_1_21' title='bbox 905 501 1181 566; x_wconf 81' lang='grc' dir='ltr'>ὑπόθεσις,</span> <span class='ocrx_word' id='word_1_22' title='bbox 1222 502 1256 572; x_wconf 81' lang='grc' dir='ltr'>ἠ</span> <span class='ocrx_word' id='word_1_23' title='bbox 1291 500 1468 568; x_wconf 75' lang='grc' dir='ltr'>ἐλπὶς,</span> <span class='ocrx_word' id='word_1_24' title='bbox 1501 502 1536 572; x_wconf 79' lang='grc' dir='ltr'>η</span> <span class='ocrx_word' id='word_1_25' title='bbox 1563 500 1823 571; x_wconf 86' lang='grc' dir='ltr'>σωτηρία,</span> <span class='ocrx_word' id='word_1_26' title='bbox 1851 499 1911 553; x_wconf 83' lang='lat'>:0</span> <span class='ocrx_word' id='word_1_27' title='bbox 1940 498 2077 570; x_wconf 81' lang='grc' dir='ltr'>φῶς,</span> 
     </span>
    </p>
   </div>
   <div class='ocr_carea' id='block_1_5' title="bbox 494 580 2078 654">
    <p class='ocr_par' dir='ltr' id='par_1_5' title="bbox 494 580 2078 654">
     <span class='ocr_line' id='line_1_5' title="bbox 494 580 2078 654; baseline -0.001 -19"><span class='ocrx_word' id='word_1_28' title='bbox 494 584 528 652; x_wconf 77' lang='grc' dir='ltr'>ἡ</span> <span class='ocrx_word' id='word_1_29' title='bbox 562 582 699 653; x_wconf 78' lang='grc' dir='ltr'>ζωή.</span> <span class='ocrx_word' id='word_1_30' title='bbox 727 583 881 636; x_wconf 82' lang='grc' dir='ltr'>Μετὰ</span> <span class='ocrx_word' id='word_1_31' title='bbox 902 583 1107 653; x_wconf 83' lang='grc' dir='ltr'>ταύτης</span> <span class='ocrx_word' id='word_1_32' title='bbox 1131 583 1459 646; x_wconf 79' lang='grc' dir='ltr'>ἀπελθόντες</span> <span class='ocrx_word' id='word_1_33' title='bbox 1490 584 1606 635; x_wconf 87' lang='grc' dir='ltr'>ἐκεῖ</span> <span class='ocrx_word' id='word_1_34' title='bbox 1635 582 1736 654; x_wconf 81' lang='grc' dir='ltr'>τῆς</span> <span class='ocrx_word' id='word_1_35' title='bbox 1764 580 1976 648; x_wconf 78' lang='grc' dir='ltr'>θυσίας,</span> <span class='ocrx_word' id='word_1_36' title='bbox 2020 583 2078 634; x_wconf 79' lang='grc' dir='ltr'>ἐν</span> 
     </span>
    </p>
   </div>
   <div class='ocr_carea' id='block_1_6' title="bbox 494 664 2075 738">
    <p class='ocr_par' dir='ltr' id='par_1_6' title="bbox 494 664 2075 738">
     <span class='ocr_line' id='line_1_6' title="bbox 494 664 2075 738; baseline 0 -21"><span class='ocrx_word' id='word_1_37' title='bbox 494 667 777 738; x_wconf 78' lang='grc' dir='ltr'>παρρησίᾳ</span> <span class='ocrx_word' id='word_1_38' title='bbox 807 667 975 737; x_wconf 81' lang='grc' dir='ltr'>πολλῇ</span> <span class='ocrx_word' id='word_1_39' title='bbox 1017 668 1127 720; x_wconf 89' lang='grc' dir='ltr'>τῶν</span> <span class='ocrx_word' id='word_1_40' title='bbox 1157 667 1318 738; x_wconf 71' lang='grc' dir='ltr'>ιερῶν</span> <span class='ocrx_word' id='word_1_41' title='bbox 1340 665 1719 737; x_wconf 84' lang='grc' dir='ltr'>ἐπιϐησόμεθα</span> <span class='ocrx_word' id='word_1_42' title='bbox 1757 664 2075 736; x_wconf 89' lang='grc' dir='ltr'>προθύρων,</span> 
     </span>
    </p>
   </div>
   <div class='ocr_carea' id='block_1_7' title="bbox 493 749 2076 821">
    <p class='ocr_par' dir='ltr' id='par_1_7' title="bbox 493 749 2076 821">
     <span class='ocr_line' id='line_1_7' title="bbox 493 749 2076 821; baseline 0.001 -19"><span class='ocrx_word' id='word_1_43' title='bbox 493 749 681 819; x_wconf 86' lang='grc' dir='ltr'>ῶσπερ</span> <span class='ocrx_word' id='word_1_44' title='bbox 712 750 858 802; x_wconf 72' lang='grc' dir='ltr'>τισὶν</span> <span class='ocrx_word' id='word_1_45' title='bbox 892 750 1077 814; x_wconf 79' lang='grc' dir='ltr'>ὅπλοις</span> <span class='ocrx_word' id='word_1_46' title='bbox 1122 753 1344 821; x_wconf 80' lang='grc' dir='ltr'>χρυσοῖς</span> <span class='ocrx_word' id='word_1_47' title='bbox 1388 750 1901 821; x_wconf 82' lang='grc' dir='ltr'>περιπεφραγμένοι</span> <span class='ocrx_word' id='word_1_48' title='bbox 1942 749 2076 803; x_wconf 88' lang='grc' dir='ltr'>πάν-</span> 
     </span>
    </p>
   </div>
   <div class='ocr_carea' id='block_1_8' title="bbox 491 832 2074 904">
    <p class='ocr_par' dir='ltr' id='par_1_8' title="bbox 491 832 2074 904">
     <span class='ocr_line' id='line_1_8' title="bbox 491 832 2074 904; baseline 0 -18"><span class='ocrx_word' id='word_1_49' title='bbox 491 832 665 887; x_wconf 76' lang='grc' dir='ltr'>τοθεν.</span> <span class='ocrx_word' id='word_1_50' title='bbox 690 832 802 885; x_wconf 80' lang='grc' dir='ltr'>Καὶ</span> <span class='ocrx_word' id='word_1_51' title='bbox 833 833 888 885; x_wconf 88' lang='grc' dir='ltr'>τί</span> <span class='ocrx_word' id='word_1_52' title='bbox 924 833 1068 903; x_wconf 90' lang='grc' dir='ltr'>λέγω</span> <span class='ocrx_word' id='word_1_53' title='bbox 1092 835 1162 888; x_wconf 83' lang='grc' dir='ltr'>τά</span> <span class='ocrx_word' id='word_1_54' title='bbox 1192 835 1495 904; x_wconf 87' lang='grc' dir='ltr'>μέλλοντα;</span> <span class='ocrx_word' id='word_1_55' title='bbox 1536 833 1800 887; x_wconf 81' lang='grc' dir='ltr'>Ἐνταῦθα</span> <span class='ocrx_word' id='word_1_56' title='bbox 1843 834 1950 903; x_wconf 88' lang='grc' dir='ltr'>γάρ</span> <span class='ocrx_word' id='word_1_57' title='bbox 1991 851 2074 886; x_wconf 92' lang='grc' dir='ltr'>σοι</span> 
     </span>
    </p>
   </div>
   <div class='ocr_carea' id='block_1_9' title="bbox 489 914 2072 989">
    <p class='ocr_par' dir='ltr' id='par_1_9' title="bbox 489 914 2072 989">
     <span class='ocr_line' id='line_1_9' title="bbox 489 914 2072 989; baseline 0.002 -22"><span class='ocrx_word' id='word_1_58' title='bbox 489 914 589 985; x_wconf 80' lang='grc' dir='ltr'>τὴν</span> <span class='ocrx_word' id='word_1_59' title='bbox 616 915 720 983; x_wconf 82' lang='grc' dir='ltr'>γῆν</span> <span class='ocrx_word' id='word_1_60' title='bbox 747 916 978 987; x_wconf 79' lang='grc' dir='ltr'>οὐρανὸν</span> <span class='ocrx_word' id='word_1_61' title='bbox 1028 920 1173 970; x_wconf 89' lang='grc' dir='ltr'>ποιεῖ</span> <span class='ocrx_word' id='word_1_62' title='bbox 1204 919 1354 971; x_wconf 76' lang='grc' dir='ltr'>τουτὶ</span> <span class='ocrx_word' id='word_1_63' title='bbox 1382 917 1443 970; x_wconf 86' lang='lat'>:0</span> <span class='ocrx_word' id='word_1_64' title='bbox 1482 917 1798 989; x_wconf 82' lang='grc' dir='ltr'>μυστήριον.</span> <span class='ocrx_word' id='word_1_65' title='bbox 1845 916 2072 970; x_wconf 78' lang='grc' dir='ltr'>’Δναπέ-</span> 
     </span>
    </p>
   </div>
   <div class='ocr_carea' id='block_1_10' title="bbox 488 996 2069 1070">
    <p class='ocr_par' dir='ltr' id='par_1_10' title="bbox 488 996 2069 1070">
     <span class='ocr_line' id='line_1_10' title="bbox 488 996 2069 1070; baseline 0.004 -22"><span class='ocrx_word' id='word_1_66' title='bbox 488 1013 654 1049; x_wconf 80' lang='grc' dir='ltr'>τασον</span> <span class='ocrx_word' id='word_1_67' title='bbox 690 996 822 1066; x_wconf 87' lang='grc' dir='ltr'>γοῦν</span> <span class='ocrx_word' id='word_1_68' title='bbox 850 998 945 1051; x_wconf 91' lang='grc' dir='ltr'>τοῦ</span> <span class='ocrx_word' id='word_1_69' title='bbox 975 1000 1208 1069; x_wconf 87' lang='grc' dir='ltr'>ούρανοῦ</span> <span class='ocrx_word' id='word_1_70' title='bbox 1242 1001 1341 1064; x_wconf 80' lang='grc' dir='ltr'>τάς</span> <span class='ocrx_word' id='word_1_71' title='bbox 1385 1000 1577 1064; x_wconf 85' lang='grc' dir='ltr'>πύλας,</span> <span class='ocrx_word' id='word_1_72' title='bbox 1625 1000 1720 1053; x_wconf 68' lang='grc' dir='ltr'>καὶ</span> <span class='ocrx_word' id='word_1_73' title='bbox 1768 998 2029 1070; x_wconf 85' lang='grc' dir='ltr'>διάκυψον</span> <span class='ocrx_word' id='word_1_74' title='bbox 2056 1016 2069 1029; x_wconf 93' lang='grc'><strong>·</strong></span> 
     </span>
    </p>
   </div>
   <div class='ocr_carea' id='block_1_11' title="bbox 492 1080 2073 1154">
    <p class='ocr_par' dir='ltr' id='par_1_11' title="bbox 492 1080 2073 1154">
     <span class='ocr_line' id='line_1_11' title="bbox 492 1080 2073 1154; baseline 0.004 -23"><span class='ocrx_word' id='word_1_75' title='bbox 492 1080 695 1149; x_wconf 79' lang='grc' dir='ltr'>μᾶλλον</span> <span class='ocrx_word' id='word_1_76' title='bbox 731 1080 789 1134; x_wconf 80' lang='grc' dir='ltr'>δέ</span> <span class='ocrx_word' id='word_1_77' title='bbox 819 1082 939 1152; x_wconf 78' lang='grc' dir='ltr'>ούχὶ</span> <span class='ocrx_word' id='word_1_78' title='bbox 984 1083 1079 1136; x_wconf 91' lang='grc' dir='ltr'>τοῦ</span> <span class='ocrx_word' id='word_1_79' title='bbox 1128 1083 1385 1154; x_wconf 87' lang='grc' dir='ltr'>ούρανοῦ,</span> <span class='ocrx_word' id='word_1_80' title='bbox 1417 1082 1555 1137; x_wconf 87' lang='grc' dir='ltr'>άλλά</span> <span class='ocrx_word' id='word_1_81' title='bbox 1577 1082 1672 1137; x_wconf 88' lang='grc' dir='ltr'>τοῦ</span> <span class='ocrx_word' id='word_1_82' title='bbox 1705 1082 1939 1154; x_wconf 86' lang='grc' dir='ltr'>ούρανοῦ</span> <span class='ocrx_word' id='word_1_83' title='bbox 1965 1081 2073 1137; x_wconf 91' lang='grc' dir='ltr'>τῶν</span> 
     </span>
    </p>
   </div>
   <div class='ocr_carea' id='block_1_12' title="bbox 488 1163 2075 1240">
    <p class='ocr_par' dir='ltr' id='par_1_12' title="bbox 488 1163 2075 1240">
     <span class='ocr_line' id='line_1_12' title="bbox 488 1163 2075 1240; baseline 0.004 -24"><span class='ocrx_word' id='word_1_84' title='bbox 488 1163 757 1234; x_wconf 80' lang='grc' dir='ltr'>οὐρανῶν,</span> <span class='ocrx_word' id='word_1_85' title='bbox 808 1166 903 1219; x_wconf 82' lang='grc' dir='ltr'>καὶ</span> <span class='ocrx_word' id='word_1_86' title='bbox 946 1166 1070 1219; x_wconf 88' lang='grc' dir='ltr'>τότε</span> <span class='ocrx_word' id='word_1_87' title='bbox 1108 1167 1227 1237; x_wconf 80' lang='grc' dir='ltr'>δψει</span> <span class='ocrx_word' id='word_1_88' title='bbox 1254 1167 1315 1220; x_wconf 87' lang='lat'>:0</span> <span class='ocrx_word' id='word_1_89' title='bbox 1343 1167 1657 1239; x_wconf 65' lang='grc' dir='ltr'>εἰρημένον.</span> <span class='ocrx_word' id='word_1_90' title='bbox 1688 1165 1761 1219; x_wconf 91' lang='lat' dir='ltr'><strong>T0</strong></span> <span class='ocrx_word' id='word_1_91' title='bbox 1786 1165 1892 1240; x_wconf 83' lang='lat'>7&amp;9</span> <span class='ocrx_word' id='word_1_92' title='bbox 1938 1166 2075 1221; x_wconf 83' lang='grc' dir='ltr'>πάν·</span> 
     </span>
    </p>
   </div>
   <div class='ocr_carea' id='block_1_13' title="bbox 487 1248 2072 1322">
    <p class='ocr_par' dir='ltr' id='par_1_13' title="bbox 487 1248 2072 1322">
     <span class='ocr_line' id='line_1_13' title="bbox 487 1248 2072 1322; baseline 0.002 -21"><span class='ocrx_word' id='word_1_93' title='bbox 487 1266 596 1302; x_wconf 86' lang='grc' dir='ltr'>των</span> <span class='ocrx_word' id='word_1_94' title='bbox 643 1248 760 1301; x_wconf 79' lang='grc' dir='ltr'>ἐκεῖ</span> <span class='ocrx_word' id='word_1_95' title='bbox 800 1248 1155 1321; x_wconf 84' lang='grc' dir='ltr'>τιμιώτερον,</span> <span class='ocrx_word' id='word_1_96' title='bbox 1205 1249 1361 1305; x_wconf 87' lang='grc' dir='ltr'>τοῦτό</span> <span class='ocrx_word' id='word_1_97' title='bbox 1392 1267 1473 1305; x_wconf 91' lang='grc' dir='ltr'>σοι</span> <span class='ocrx_word' id='word_1_98' title='bbox 1510 1251 1602 1305; x_wconf 68' lang='grc' dir='ltr'>ἐπὶ</span> <span class='ocrx_word' id='word_1_99' title='bbox 1641 1250 1741 1322; x_wconf 81' lang='grc' dir='ltr'>τῆς</span> <span class='ocrx_word' id='word_1_100' title='bbox 1782 1250 1884 1321; x_wconf 84' lang='grc' dir='ltr'>γῆς</span> <span class='ocrx_word' id='word_1_101' title='bbox 1914 1249 2072 1315; x_wconf 85' lang='grc' dir='ltr'>δείξω</span> 
     </span>
    </p>
   </div>
   <div class='ocr_carea' id='block_1_14' title="bbox 487 1330 2070 1406">
    <p class='ocr_par' dir='ltr' id='par_1_14' title="bbox 487 1330 2070 1406">
     <span class='ocr_line' id='line_1_14' title="bbox 487 1330 2070 1406; baseline 0.004 -24"><span class='ocrx_word' id='word_1_102' title='bbox 487 1330 760 1400; x_wconf 85' lang='grc' dir='ltr'>κείμενον.</span> <span class='ocrx_word' id='word_1_103' title='bbox 799 1331 1012 1403; x_wconf 80' lang='grc' dir='ltr'>Ὠσπερ</span> <span class='ocrx_word' id='word_1_104' title='bbox 1046 1334 1156 1406; x_wconf 87' lang='grc' dir='ltr'>γὰρ</span> <span class='ocrx_word' id='word_1_105' title='bbox 1195 1334 1252 1387; x_wconf 87' lang='grc' dir='ltr'>ἐν</span> <span class='ocrx_word' id='word_1_106' title='bbox 1278 1336 1391 1398; x_wconf 89' lang='grc' dir='ltr'>τοῖς</span> <span class='ocrx_word' id='word_1_107' title='bbox 1437 1333 1731 1405; x_wconf 81' lang='grc' dir='ltr'>βασιλείοις</span> <span class='ocrx_word' id='word_1_108' title='bbox 1759 1333 1821 1386; x_wconf 88' lang='lat'>:0</span> <span class='ocrx_word' id='word_1_109' title='bbox 1852 1334 2070 1388; x_wconf 84' lang='grc' dir='ltr'>πάντων</span> 
     </span>
    </p>
   </div>
   <div class='ocr_carea' id='block_1_15' title="bbox 487 1415 2070 1491">
    <p class='ocr_par' dir='ltr' id='par_1_15' title="bbox 487 1415 2070 1491">
     <span class='ocr_line' id='line_1_15' title="bbox 487 1415 2070 1491; baseline 0.004 -25"><span class='ocrx_word' id='word_1_110' title='bbox 487 1415 829 1487; x_wconf 87' lang='grc' dir='ltr'>σεμνότερον,</span> <span class='ocrx_word' id='word_1_111' title='bbox 865 1417 925 1469; x_wconf 90' lang='grc' dir='ltr'>ού</span> <span class='ocrx_word' id='word_1_112' title='bbox 956 1421 1157 1489; x_wconf 90' lang='grc' dir='ltr'>τοῖχοι,</span> <span class='ocrx_word' id='word_1_113' title='bbox 1201 1418 1302 1472; x_wconf 81' lang='grc' dir='ltr'>ούκ</span> <span class='ocrx_word' id='word_1_114' title='bbox 1338 1417 1535 1489; x_wconf 73' lang='grc' dir='ltr'>ὄροφος</span> <span class='ocrx_word' id='word_1_115' title='bbox 1562 1417 1816 1491; x_wconf 78' lang='grc' dir='ltr'>χρυσοῦς,</span> <span class='ocrx_word' id='word_1_116' title='bbox 1845 1418 1983 1472; x_wconf 85' lang='grc' dir='ltr'>ἀλλά</span> <span class='ocrx_word' id='word_1_117' title='bbox 2008 1419 2070 1472; x_wconf 86' lang='grc' dir='ltr'>τὸ</span> 
     </span>
    </p>
   </div>
   <div class='ocr_carea' id='block_1_16' title="bbox 485 1496 2069 1573">
    <p class='ocr_par' dir='ltr' id='par_1_16' title="bbox 485 1496 2069 1573">
     <span class='ocr_line' id='line_1_16' title="bbox 485 1496 2069 1573; baseline 0.004 -24"><span class='ocrx_word' id='word_1_118' title='bbox 485 1496 760 1567; x_wconf 82' lang='grc' dir='ltr'>βασιλικὸν</span> <span class='ocrx_word' id='word_1_119' title='bbox 795 1499 954 1570; x_wconf 85' lang='grc' dir='ltr'>σῶμα</span> <span class='ocrx_word' id='word_1_120' title='bbox 987 1500 1049 1553; x_wconf 85' lang='lat'>:0</span> <span class='ocrx_word' id='word_1_121' title='bbox 1080 1499 1388 1573; x_wconf 78' lang='grc' dir='ltr'>καθήμενον</span> <span class='ocrx_word' id='word_1_122' title='bbox 1415 1502 1510 1556; x_wconf 79' lang='grc' dir='ltr'>ἐπὶ</span> <span class='ocrx_word' id='word_1_123' title='bbox 1554 1501 1650 1556; x_wconf 90' lang='grc' dir='ltr'>τοῦ</span> <span class='ocrx_word' id='word_1_124' title='bbox 1683 1501 1894 1567; x_wconf 81' lang='grc' dir='ltr'>θρόνου·</span> <span class='ocrx_word' id='word_1_125' title='bbox 1926 1501 2069 1556; x_wconf 77' lang='grc' dir='ltr'>οὕτω</span> 
     </span>
    </p>
   </div>
   <div class='ocr_carea' id='block_1_17' title="bbox 483 1581 2063 1657">
    <p class='ocr_par' dir='ltr' id='par_1_17' title="bbox 483 1581 2063 1657">
     <span class='ocr_line' id='line_1_17' title="bbox 483 1581 2063 1657; baseline 0.006 -24"><span class='ocrx_word' id='word_1_126' title='bbox 483 1581 578 1633; x_wconf 82' lang='grc' dir='ltr'>καὶ</span> <span class='ocrx_word' id='word_1_127' title='bbox 611 1584 672 1635; x_wconf 78' lang='grc' dir='ltr'>ἐν</span> <span class='ocrx_word' id='word_1_128' title='bbox 700 1585 813 1647; x_wconf 85' lang='grc' dir='ltr'>τοῖς</span> <span class='ocrx_word' id='word_1_129' title='bbox 841 1584 1091 1656; x_wconf 83' lang='grc' dir='ltr'>οὐρανοῖς</span> <span class='ocrx_word' id='word_1_130' title='bbox 1118 1583 1180 1636; x_wconf 84' lang='grc' dir='ltr'>τὸ</span> <span class='ocrx_word' id='word_1_131' title='bbox 1208 1584 1305 1638; x_wconf 90' lang='grc' dir='ltr'>τοῦ</span> <span class='ocrx_word' id='word_1_132' title='bbox 1350 1584 1618 1656; x_wconf 85' lang='grc' dir='ltr'>βασιλέως</span> <span class='ocrx_word' id='word_1_133' title='bbox 1666 1586 1848 1657; x_wconf 87' lang='grc' dir='ltr'>σῶμα.</span> <span class='ocrx_word' id='word_1_134' title='bbox 1902 1585 2063 1642; x_wconf 86' lang='grc' dir='ltr'>Ἀλλὰ</span> 
     </span>
    </p>
   </div>
   <div class='ocr_carea' id='block_1_18' title="bbox 479 1663 2064 1742">
    <p class='ocr_par' dir='ltr' id='par_1_18' title="bbox 479 1663 2064 1742">
     <span class='ocr_line' id='line_1_18' title="bbox 479 1663 2064 1742; baseline 0.003 -25"><span class='ocrx_word' id='word_1_135' title='bbox 479 1663 639 1717; x_wconf 84' lang='grc' dir='ltr'>τοῦτό</span> <span class='ocrx_word' id='word_1_136' title='bbox 672 1682 754 1718; x_wconf 90' lang='grc' dir='ltr'>σοι</span> <span class='ocrx_word' id='word_1_137' title='bbox 784 1666 878 1719; x_wconf 91' lang='grc' dir='ltr'>νῦν</span> <span class='ocrx_word' id='word_1_138' title='bbox 905 1666 1114 1731; x_wconf 78' lang='grc' dir='ltr'>ἔξεστιν</span> <span class='ocrx_word' id='word_1_139' title='bbox 1134 1668 1226 1720; x_wconf 77' lang='grc' dir='ltr'>ἐπὶ</span> <span class='ocrx_word' id='word_1_140' title='bbox 1246 1668 1349 1738; x_wconf 81' lang='grc' dir='ltr'>γῆς</span> <span class='ocrx_word' id='word_1_141' title='bbox 1375 1668 1525 1723; x_wconf 84' lang='grc' dir='ltr'>ἰδεῖν.</span> <span class='ocrx_word' id='word_1_142' title='bbox 1555 1669 1630 1722; x_wconf 88' lang='grc' dir='ltr'>Ού</span> <span class='ocrx_word' id='word_1_143' title='bbox 1658 1669 1768 1742; x_wconf 88' lang='lat'>7&amp;9</span> <span class='ocrx_word' id='word_1_144' title='bbox 1798 1671 2064 1740; x_wconf 74' lang='grc' dir='ltr'>ἀγγέλους</span> 
     </span>
    </p>
   </div>
   <div class='ocr_carea' id='block_1_19' title="bbox 479 1747 2069 1825">
    <p class='ocr_par' dir='ltr' id='par_1_19' title="bbox 479 1747 2069 1825">
     <span class='ocr_line' id='line_1_19' title="bbox 479 1747 2069 1825; baseline 0.004 -24"><span class='ocrx_word' id='word_1_145' title='bbox 479 1747 602 1801; x_wconf 73' lang='grc' dir='ltr'>οὐδὲ</span> <span class='ocrx_word' id='word_1_146' title='bbox 634 1750 1011 1821; x_wconf 87' lang='grc' dir='ltr'>ἀρχαγγέλους</span> <span class='ocrx_word' id='word_1_147' title='bbox 1038 1750 1161 1804; x_wconf 79' lang='grc' dir='ltr'>οὐδὲ</span> <span class='ocrx_word' id='word_1_148' title='bbox 1198 1752 1463 1823; x_wconf 79' lang='grc' dir='ltr'>οὐρανοὺς</span> <span class='ocrx_word' id='word_1_149' title='bbox 1492 1754 1588 1806; x_wconf 83' lang='grc' dir='ltr'>καὶ</span> <span class='ocrx_word' id='word_1_150' title='bbox 1618 1754 1884 1824; x_wconf 80' lang='grc' dir='ltr'>οὐρανοὺς</span> <span class='ocrx_word' id='word_1_151' title='bbox 1912 1755 2069 1825; x_wconf 77' lang='grc' dir='ltr'>ούρα-</span> 
     </span>
    </p>
   </div>
   <div class='ocr_carea' id='block_1_20' title="bbox 479 1831 2066 1907">
    <p class='ocr_par' dir='ltr' id='par_1_20' title="bbox 479 1831 2066 1907">
     <span class='ocr_line' id='line_1_20' title="bbox 479 1831 2066 1907; baseline 0.003 -22"><span class='ocrx_word' id='word_1_152' title='bbox 479 1831 606 1895; x_wconf 81' lang='grc' dir='ltr'>νῶν,</span> <span class='ocrx_word' id='word_1_153' title='bbox 633 1832 749 1885; x_wconf 86' lang='grc' dir='ltr'>ἀλλ’</span> <span class='ocrx_word' id='word_1_154' title='bbox 776 1832 923 1906; x_wconf 71' lang='grc'>[219]</span> <span class='ocrx_word' id='word_1_155' title='bbox 948 1834 1109 1887; x_wconf 84' lang='grc' dir='ltr'>αὑτὸν</span> <span class='ocrx_word' id='word_1_156' title='bbox 1127 1835 1219 1889; x_wconf 77' lang='grc' dir='ltr'>τὸν</span> <span class='ocrx_word' id='word_1_157' title='bbox 1241 1835 1449 1889; x_wconf 88' lang='grc' dir='ltr'>τούτων</span> <span class='ocrx_word' id='word_1_158' title='bbox 1477 1853 1558 1889; x_wconf 92' lang='grc' dir='ltr'>σοι</span> <span class='ocrx_word' id='word_1_159' title='bbox 1587 1835 1837 1907; x_wconf 80' lang='grc' dir='ltr'>δείκνυμι</span> <span class='ocrx_word' id='word_1_160' title='bbox 1867 1838 2066 1891; x_wconf 73' lang='grc' dir='ltr'>Δεσπόο</span> 
     </span>
    </p>
   </div>
   <div class='ocr_carea' id='block_1_21' title="bbox 477 1913 2058 1992">
    <p class='ocr_par' dir='ltr' id='par_1_21' title="bbox 477 1913 2058 1992">
     <span class='ocr_line' id='line_1_21' title="bbox 477 1913 2058 1992; baseline 0.004 -24"><span class='ocrx_word' id='word_1_161' title='bbox 477 1932 599 1986; x_wconf 86' lang='grc' dir='ltr'>την.</span> <span class='ocrx_word' id='word_1_162' title='bbox 634 1913 790 1979; x_wconf 79' lang='grc' dir='ltr'>Εἶδες</span> <span class='ocrx_word' id='word_1_163' title='bbox 822 1916 940 1980; x_wconf 86' lang='grc' dir='ltr'>πῶς</span> <span class='ocrx_word' id='word_1_164' title='bbox 962 1918 1025 1971; x_wconf 89' lang='lat'>:0</span> <span class='ocrx_word' id='word_1_165' title='bbox 1056 1918 1274 1972; x_wconf 87' lang='grc' dir='ltr'>πάντων</span> <span class='ocrx_word' id='word_1_166' title='bbox 1306 1917 1631 1991; x_wconf 84' lang='grc' dir='ltr'>τιμιώτερον</span> <span class='ocrx_word' id='word_1_167' title='bbox 1658 1921 1790 1992; x_wconf 75' lang='grc' dir='ltr'>ὁρᾷς</span> <span class='ocrx_word' id='word_1_168' title='bbox 1814 1920 1906 1975; x_wconf 86' lang='grc' dir='ltr'>ἐπί</span> <span class='ocrx_word' id='word_1_169' title='bbox 1926 1920 2058 1992; x_wconf 66' lang='grc' dir='ltr'>γῆςίς</span> 
     </span>
    </p>
   </div>
   <div class='ocr_carea' id='block_1_22' title="bbox 478 1998 2061 2078">
    <p class='ocr_par' dir='ltr' id='par_1_22' title="bbox 478 1998 2061 2078">
     <span class='ocr_line' id='line_1_22' title="bbox 478 1998 2061 2078; baseline 0.004 -27"><span class='ocrx_word' id='word_1_170' title='bbox 478 1998 572 2051; x_wconf 78' lang='grc' dir='ltr'>καὶ</span> <span class='ocrx_word' id='word_1_171' title='bbox 606 1999 705 2069; x_wconf 82' lang='grc' dir='ltr'>ούχ</span> <span class='ocrx_word' id='word_1_172' title='bbox 739 2001 869 2070; x_wconf 76' lang='grc' dir='ltr'>ὁρᾷς</span> <span class='ocrx_word' id='word_1_173' title='bbox 905 1999 1086 2070; x_wconf 88' lang='grc' dir='ltr'>μόνον,</span> <span class='ocrx_word' id='word_1_174' title='bbox 1122 1999 1260 2054; x_wconf 90' lang='grc' dir='ltr'>ἀλλά</span> <span class='ocrx_word' id='word_1_175' title='bbox 1308 2002 1401 2056; x_wconf 83' lang='grc' dir='ltr'>καὶ</span> <span class='ocrx_word' id='word_1_176' title='bbox 1439 2005 1619 2075; x_wconf 62' lang='lat' dir='ltr'><strong><em>(iam;</em></strong></span> <span class='ocrx_word' id='word_1_177' title='bbox 1655 2004 1751 2056; x_wconf 75' lang='grc' dir='ltr'>καὶ</span> <span class='ocrx_word' id='word_1_178' title='bbox 1788 2004 1886 2075; x_wconf 81' lang='grc' dir='ltr'>οὐχ</span> <span class='ocrx_word' id='word_1_179' title='bbox 1915 2005 2061 2078; x_wconf 74' lang='grc' dir='ltr'>ἅπτῃ</span> 
     </span>
    </p>
   </div>
   <div class='ocr_carea' id='block_1_23' title="bbox 479 2081 2059 2160">
    <p class='ocr_par' dir='ltr' id='par_1_23' title="bbox 479 2081 2059 2160">
     <span class='ocr_line' id='line_1_23' title="bbox 479 2081 2059 2160; baseline 0.006 -28"><span class='ocrx_word' id='word_1_180' title='bbox 479 2082 660 2151; x_wconf 84' lang='grc' dir='ltr'>μόνον,</span> <span class='ocrx_word' id='word_1_181' title='bbox 683 2081 818 2137; x_wconf 86' lang='grc' dir='ltr'>ἀλλά</span> <span class='ocrx_word' id='word_1_182' title='bbox 841 2083 936 2136; x_wconf 75' lang='grc' dir='ltr'>καὶ</span> <span class='ocrx_word' id='word_1_183' title='bbox 963 2083 1185 2149; x_wconf 83' lang='grc' dir='ltr'>ἐσθίεις,</span> <span class='ocrx_word' id='word_1_184' title='bbox 1211 2085 1305 2139; x_wconf 68' lang='grc' dir='ltr'>καλ⁵</span> <span class='ocrx_word' id='word_1_185' title='bbox 1327 2084 1507 2139; x_wconf 84' lang='grc' dir='ltr'>λαϐὼν</span> <span class='ocrx_word' id='word_1_186' title='bbox 1525 2086 1705 2141; x_wconf 83' lang='grc' dir='ltr'>οίκαδε</span> <span class='ocrx_word' id='word_1_187' title='bbox 1723 2086 2059 2160; x_wconf 89' lang='grc' dir='ltr'>ἀναχωρεῖς;</span> 
     </span>
    </p>
   </div>
   <div class='ocr_carea' id='block_1_24' title="bbox 490 2164 2057 2241">
    <p class='ocr_par' dir='ltr' id='par_1_24' title="bbox 490 2164 2057 2241">
     <span class='ocr_line' id='line_1_24' title="bbox 490 2164 2057 2241; baseline 0.004 -23"><span class='ocrx_word' id='word_1_188' title='bbox 490 2164 803 2237; x_wconf 80' lang='grc' dir='ltr'>’Λπόσμηχε</span> <span class='ocrx_word' id='word_1_189' title='bbox 839 2166 1017 2221; x_wconf 81' lang='grc' dir='ltr'>τοίνυν</span> <span class='ocrx_word' id='word_1_190' title='bbox 1044 2166 1143 2239; x_wconf 75' lang='grc' dir='ltr'>τὴν</span> <span class='ocrx_word' id='word_1_191' title='bbox 1171 2167 1370 2239; x_wconf 80' lang='grc' dir='ltr'>ψυχὴν,</span> <span class='ocrx_word' id='word_1_192' title='bbox 1404 2169 1791 2241; x_wconf 79' lang='grc' dir='ltr'>παρασκεύαζε</span> <span class='ocrx_word' id='word_1_193' title='bbox 1820 2170 1918 2240; x_wconf 84' lang='grc' dir='ltr'>τὴν</span> <span class='ocrx_word' id='word_1_194' title='bbox 1944 2170 2057 2225; x_wconf 89' lang='grc' dir='ltr'>διά-</span> 
     </span>
    </p>
   </div>
   <div class='ocr_carea' id='block_1_25' title="bbox 476 2248 2060 2325">
    <p class='ocr_par' dir='ltr' id='par_1_25' title="bbox 476 2248 2060 2325">
     <span class='ocr_line' id='line_1_25' title="bbox 476 2248 2060 2325; baseline 0.004 -25"><span class='ocrx_word' id='word_1_195' title='bbox 476 2264 626 2301; x_wconf 89' lang='grc' dir='ltr'>νοιαν</span> <span class='ocrx_word' id='word_1_196' title='bbox 646 2248 783 2320; x_wconf 81' lang='grc' dir='ltr'>πρὸς</span> <span class='ocrx_word' id='word_1_197' title='bbox 812 2250 911 2320; x_wconf 82' lang='grc' dir='ltr'>τὴν</span> <span class='ocrx_word' id='word_1_198' title='bbox 937 2250 1143 2304; x_wconf 87' lang='grc' dir='ltr'>τούτων</span> <span class='ocrx_word' id='word_1_199' title='bbox 1166 2252 1273 2305; x_wconf 89' lang='grc' dir='ltr'>τῶν</span> <span class='ocrx_word' id='word_1_200' title='bbox 1298 2252 1613 2323; x_wconf 83' lang='grc' dir='ltr'>μυστηρίων</span> <span class='ocrx_word' id='word_1_201' title='bbox 1638 2253 1924 2325; x_wconf 79' lang='grc' dir='ltr'>ὑποδοχήν.</span> <span class='ocrx_word' id='word_1_202' title='bbox 1949 2254 2060 2308; x_wconf 75' lang='grc' dir='ltr'>Καὶ</span> 
     </span>
    </p>
   </div>
   <div class='ocr_carea' id='block_1_26' title="bbox 475 2328 2056 2407">
    <p class='ocr_par' dir='ltr' id='par_1_26' title="bbox 475 2328 2056 2407">
     <span class='ocr_line' id='line_1_26' title="bbox 475 2328 2056 2407; baseline 0.006 -26"><span class='ocrx_word' id='word_1_203' title='bbox 475 2328 585 2400; x_wconf 84' lang='grc' dir='ltr'>γὰρ</span> <span class='ocrx_word' id='word_1_204' title='bbox 617 2331 666 2383; x_wconf 80' lang='grc' dir='ltr'>εί</span> <span class='ocrx_word' id='word_1_205' title='bbox 695 2330 906 2385; x_wconf 83' lang='grc' dir='ltr'>παιδίον</span> <span class='ocrx_word' id='word_1_206' title='bbox 946 2330 1222 2402; x_wconf 75' lang='grc' dir='ltr'>βασιλικὸν</span> <span class='ocrx_word' id='word_1_207' title='bbox 1267 2334 1406 2405; x_wconf 86' lang='grc' dir='ltr'>μετά</span> <span class='ocrx_word' id='word_1_208' title='bbox 1446 2335 1541 2389; x_wconf 89' lang='grc' dir='ltr'>τοῦ</span> <span class='ocrx_word' id='word_1_209' title='bbox 1585 2336 1792 2406; x_wconf 82' lang='grc' dir='ltr'>κόσμου</span> <span class='ocrx_word' id='word_1_210' title='bbox 1830 2336 1924 2390; x_wconf 73' lang='grc' dir='ltr'>καὶ</span> <span class='ocrx_word' id='word_1_211' title='bbox 1955 2336 2056 2407; x_wconf 82' lang='grc' dir='ltr'>τῆς</span> 
     </span>
    </p>
   </div>
   <div class='ocr_carea' id='block_1_27' title="bbox 476 2412 2054 2492">
    <p class='ocr_par' dir='ltr' id='par_1_27' title="bbox 476 2412 2054 2492">
     <span class='ocr_line' id='line_1_27' title="bbox 476 2412 2054 2492; baseline 0.006 -27"><span class='ocrx_word' id='word_1_212' title='bbox 476 2412 790 2485; x_wconf 87' lang='grc' dir='ltr'>ἀλουργίδος</span> <span class='ocrx_word' id='word_1_213' title='bbox 817 2416 912 2469; x_wconf 76' lang='grc' dir='ltr'>καὶ</span> <span class='ocrx_word' id='word_1_214' title='bbox 949 2415 1044 2469; x_wconf 89' lang='grc' dir='ltr'>τοῦ</span> <span class='ocrx_word' id='word_1_215' title='bbox 1077 2416 1406 2489; x_wconf 80' lang='grc' dir='ltr'>διαδήματος</span> <span class='ocrx_word' id='word_1_216' title='bbox 1447 2419 1819 2492; x_wconf 89' lang='grc' dir='ltr'>ἐνεχειρίσθης</span> <span class='ocrx_word' id='word_1_217' title='bbox 1848 2421 2054 2491; x_wconf 90' lang='grc' dir='ltr'>φέρειν,</span> 
     </span>
    </p>
   </div>
   <div class='ocr_carea' id='block_1_28' title="bbox 474 2496 2055 2573">
    <p class='ocr_par' dir='ltr' id='par_1_28' title="bbox 474 2496 2055 2573">
     <span class='ocr_line' id='line_1_28' title="bbox 474 2496 2055 2573; baseline 0.003 -22"><span class='ocrx_word' id='word_1_218' title='bbox 474 2498 651 2551; x_wconf 80' lang='grc' dir='ltr'>πάντα</span> <span class='ocrx_word' id='word_1_219' title='bbox 696 2496 762 2553; x_wconf 82' lang='grc' dir='ltr'>ἂν</span> <span class='ocrx_word' id='word_1_220' title='bbox 793 2497 1024 2571; x_wconf 77' lang='grc' dir='ltr'>ἔρριψας</span> <span class='ocrx_word' id='word_1_221' title='bbox 1062 2499 1131 2554; x_wconf 82' lang='grc' dir='ltr'>τά</span> <span class='ocrx_word' id='word_1_222' title='bbox 1162 2500 1220 2553; x_wconf 91' lang='grc' dir='ltr'>ἐν</span> <span class='ocrx_word' id='word_1_223' title='bbox 1260 2503 1325 2573; x_wconf 80' lang='grc' dir='ltr'>τῇ</span> <span class='ocrx_word' id='word_1_224' title='bbox 1357 2503 1450 2573; x_wconf 77' lang='grc' dir='ltr'>γῇ·</span> <span class='ocrx_word' id='word_1_225' title='bbox 1484 2503 1601 2555; x_wconf 78' lang='grc' dir='ltr'>νυνὶ</span> <span class='ocrx_word' id='word_1_226' title='bbox 1645 2501 1703 2555; x_wconf 66' lang='grc' dir='ltr'>δὲ</span> <span class='ocrx_word' id='word_1_227' title='bbox 1741 2503 1802 2556; x_wconf 86' lang='grc' dir='ltr'>ού</span> <span class='ocrx_word' id='word_1_228' title='bbox 1846 2502 2055 2557; x_wconf 75' lang='grc' dir='ltr'>παιδίον</span> 
     </span>
    </p>
   </div>
   <div class='ocr_carea' id='block_1_29' title="bbox 1171 194 3036 276">
    <p class='ocr_par' dir='ltr' id='par_1_29' title="bbox 1171 194 3036 276">
     <span class='ocr_line' id='line_1_29' title="bbox 1171 194 3036 276; baseline 0.001 -4"><span class='ocrx_word' id='word_1_229' title='bbox 1171 217 1228 273; x_wconf 92' lang='lat' dir='ltr'>s.</span> <span class='ocrx_word' id='word_1_230' title='bbox 1267 217 1555 275; x_wconf 79' lang='lat' dir='ltr'>JOANNIS</span> <span class='ocrx_word' id='word_1_231' title='bbox 1590 194 2083 273; x_wconf 64' lang='lat' dir='ltr'>cumsosr‘om</span> <span class='ocrx_word' id='word_1_232' title='bbox 2118 212 2441 273; x_wconf 76' lang='lat' dir='ltr'>ARCHIEP.</span> <span class='ocrx_word' id='word_1_233' title='bbox 2487 214 3036 276; x_wconf 64' lang='lat' dir='ltr'>cousnmmop.</span> 
     </span>
    </p>
   </div>
   <div class='ocr_carea' id='block_1_30' title="bbox 3643 218 3751 275">
    <p class='ocr_par' dir='ltr' id='par_1_30' title="bbox 3643 218 3751 275">
     <span class='ocr_line' id='line_1_30' title="bbox 3643 218 3751 275; baseline 0.009 -1"><span class='ocrx_word' id='word_1_234' title='bbox 3643 218 3751 275; x_wconf 73' lang='lat'>206</span> 
     </span>
    </p>
   </div>
   <div class='ocr_carea' id='block_1_31' title="bbox 2181 332 3756 407">
    <p class='ocr_par' dir='ltr' id='par_1_31' title="bbox 2181 332 3756 407">
     <span class='ocr_line' id='line_1_31' title="bbox 2181 332 3756 407; baseline -0.001 -18"><span class='ocrx_word' id='word_1_235' title='bbox 2181 332 2468 407; x_wconf 85' lang='grc' dir='ltr'>ἀνθρώπου</span> <span class='ocrx_word' id='word_1_236' title='bbox 2495 334 2793 406; x_wconf 78' lang='grc' dir='ltr'>βασιλικὸν,</span> <span class='ocrx_word' id='word_1_237' title='bbox 2830 334 2948 390; x_wconf 79' lang='grc' dir='ltr'>ἀλλ’</span> <span class='ocrx_word' id='word_1_238' title='bbox 2983 332 3146 390; x_wconf 79' lang='grc' dir='ltr'>αὐτὸν</span> <span class='ocrx_word' id='word_1_239' title='bbox 3182 333 3275 388; x_wconf 78' lang='grc' dir='ltr'>τὸν</span> <span class='ocrx_word' id='word_1_240' title='bbox 3310 333 3572 406; x_wconf 88' lang='grc' dir='ltr'>μονογενῆ</span> <span class='ocrx_word' id='word_1_241' title='bbox 3613 333 3756 406; x_wconf 79' lang='grc' dir='ltr'>λαμ-</span> 
     </span>
    </p>
   </div>
   <div class='ocr_carea' id='block_1_32' title="bbox 2181 415 3757 488">
    <p class='ocr_par' dir='ltr' id='par_1_32' title="bbox 2181 415 3757 488">
     <span class='ocr_line' id='line_1_32' title="bbox 2181 415 3757 488; baseline 0.001 -20"><span class='ocrx_word' id='word_1_242' title='bbox 2181 415 2360 470; x_wconf 86' lang='grc' dir='ltr'>ϐάνων</span> <span class='ocrx_word' id='word_1_243' title='bbox 2386 417 2484 471; x_wconf 89' lang='grc' dir='ltr'>τοῦ</span> <span class='ocrx_word' id='word_1_244' title='bbox 2507 418 2646 472; x_wconf 88' lang='grc' dir='ltr'>Θεοῦ</span> <span class='ocrx_word' id='word_1_245' title='bbox 2677 417 2869 483; x_wconf 82' lang='grc' dir='ltr'>Παῖδα,</span> <span class='ocrx_word' id='word_1_246' title='bbox 2910 418 2974 472; x_wconf 88' lang='grc' dir='ltr'>ού</span> <span class='ocrx_word' id='word_1_247' title='bbox 3014 418 3261 488; x_wconf 84' lang='grc' dir='ltr'>φρίττεις</span> <span class='ocrx_word' id='word_1_248' title='bbox 3283 456 3299 480; x_wconf 93' lang='grc'>,</span> <span class='ocrx_word' id='word_1_249' title='bbox 3333 416 3454 469; x_wconf 74' lang='grc' dir='ltr'>εἰπέ</span> <span class='ocrx_word' id='word_1_250' title='bbox 3502 432 3614 487; x_wconf 88' lang='grc' dir='ltr'>μοι,</span> <span class='ocrx_word' id='word_1_251' title='bbox 3660 418 3757 472; x_wconf 85' lang='grc' dir='ltr'>καὶ</span> 
     </span>
    </p>
   </div>
   <div class='ocr_carea' id='block_1_33' title="bbox 2180 500 3757 572">
    <p class='ocr_par' dir='ltr' id='par_1_33' title="bbox 2180 500 3757 572">
     <span class='ocr_line' id='line_1_33' title="bbox 2180 500 3757 572; baseline 0.001 -18"><span class='ocrx_word' id='word_1_252' title='bbox 2180 501 2360 555; x_wconf 87' lang='grc' dir='ltr'>πάντα</span> <span class='ocrx_word' id='word_1_253' title='bbox 2392 502 2485 555; x_wconf 77' lang='grc' dir='ltr'>τὸν</span> <span class='ocrx_word' id='word_1_254' title='bbox 2519 502 2627 555; x_wconf 88' lang='grc' dir='ltr'>τῶν</span> <span class='ocrx_word' id='word_1_255' title='bbox 2659 502 2928 572; x_wconf 81' lang='grc' dir='ltr'>βιωτικῶν</span> <span class='ocrx_word' id='word_1_256' title='bbox 2969 500 3255 564; x_wconf 80' lang='grc' dir='ltr'>ἐκϐάλλεις</span> <span class='ocrx_word' id='word_1_257' title='bbox 3289 501 3490 572; x_wconf 69' lang='grc' dir='ltr'>ἔρωτα,</span> <span class='ocrx_word' id='word_1_258' title='bbox 3544 502 3641 554; x_wconf 75' lang='grc' dir='ltr'>καὶ</span> <span class='ocrx_word' id='word_1_259' title='bbox 3678 501 3757 572; x_wconf 78' lang='grc' dir='ltr'>τῷ</span> 
     </span>
    </p>
   </div>
   <div class='ocr_carea' id='block_1_34' title="bbox 2179 582 3753 659">
    <p class='ocr_par' dir='ltr' id='par_1_34' title="bbox 2179 582 3753 659">
     <span class='ocr_line' id='line_1_34' title="bbox 2179 582 3753 659; baseline 0 -22"><span class='ocrx_word' id='word_1_260' title='bbox 2179 584 2370 656; x_wconf 84' lang='grc' dir='ltr'>κόσμῳ</span> <span class='ocrx_word' id='word_1_261' title='bbox 2398 585 2719 659; x_wconf 83' lang='grc' dir='ltr'>καλλωπίςῃ</span> <span class='ocrx_word' id='word_1_262' title='bbox 2756 586 2915 657; x_wconf 89' lang='grc' dir='ltr'>μόνον</span> <span class='ocrx_word' id='word_1_263' title='bbox 2957 585 3172 655; x_wconf 81' lang='grc' dir='ltr'>ἐκείνῳ,</span> <span class='ocrx_word' id='word_1_264' title='bbox 3216 582 3334 637; x_wconf 79' lang='grc' dir='ltr'>ἀλλ’</span> <span class='ocrx_word' id='word_1_265' title='bbox 3367 582 3449 636; x_wconf 67' lang='grc' dir='ltr'>ἔτι</span> <span class='ocrx_word' id='word_1_266' title='bbox 3478 584 3624 655; x_wconf 67' lang='grc' dir='ltr'>πρὸς</span> <span class='ocrx_word' id='word_1_267' title='bbox 3656 585 3753 655; x_wconf 76' lang='grc' dir='ltr'>τὴν</span> 
     </span>
    </p>
   </div>
   <div class='ocr_carea' id='block_1_35' title="bbox 2180 666 3753 739">
    <p class='ocr_par' dir='ltr' id='par_1_35' title="bbox 2180 666 3753 739">
     <span class='ocr_line' id='line_1_35' title="bbox 2180 666 3753 739; baseline 0.001 -20"><span class='ocrx_word' id='word_1_268' title='bbox 2180 666 2283 736; x_wconf 74' lang='grc' dir='ltr'>γῆν</span> <span class='ocrx_word' id='word_1_269' title='bbox 2323 668 2475 738; x_wconf 82' lang='grc' dir='ltr'>ὁρᾷς,</span> <span class='ocrx_word' id='word_1_270' title='bbox 2525 670 2620 723; x_wconf 77' lang='grc' dir='ltr'>καὶ</span> <span class='ocrx_word' id='word_1_271' title='bbox 2675 667 2975 739; x_wconf 79' lang='grc' dir='ltr'>χρημάτων</span> <span class='ocrx_word' id='word_1_272' title='bbox 3029 668 3161 738; x_wconf 75' lang='grc' dir='ltr'>ἐρᾷς</span> <span class='ocrx_word' id='word_1_273' title='bbox 3218 667 3313 719; x_wconf 77' lang='grc' dir='ltr'>καὶ</span> <span class='ocrx_word' id='word_1_274' title='bbox 3368 666 3507 737; x_wconf 78' lang='grc' dir='ltr'>πρὸς</span> <span class='ocrx_word' id='word_1_275' title='bbox 3555 666 3753 737; x_wconf 77' lang='grc' dir='ltr'>χρυσὸν</span> 
     </span>
    </p>
   </div>
   <div class='ocr_carea' id='block_1_36' title="bbox 2179 748 3753 821">
    <p class='ocr_par' dir='ltr' id='par_1_36' title="bbox 2179 748 3753 821">
     <span class='ocr_line' id='line_1_36' title="bbox 2179 748 3753 821; baseline 0.002 -20"><span class='ocrx_word' id='word_1_276' title='bbox 2179 750 2479 820; x_wconf 82' lang='grc' dir='ltr'>ἐπτόησαι;</span> <span class='ocrx_word' id='word_1_277' title='bbox 2526 751 2620 803; x_wconf 77' lang='grc' dir='ltr'>καὶ</span> <span class='ocrx_word' id='word_1_278' title='bbox 2651 752 2773 804; x_wconf 89' lang='grc' dir='ltr'>τίνα</span> <span class='ocrx_word' id='word_1_279' title='bbox 2825 752 2890 805; x_wconf 86' lang='grc' dir='ltr'>ἂν</span> <span class='ocrx_word' id='word_1_280' title='bbox 2940 750 3127 821; x_wconf 83' lang='grc' dir='ltr'>σχοίης</span> <span class='ocrx_word' id='word_1_281' title='bbox 3180 748 3542 820; x_wconf 85' lang='grc' dir='ltr'>συγγνώμην;</span> <span class='ocrx_word' id='word_1_282' title='bbox 3597 748 3753 804; x_wconf 79' lang='grc' dir='ltr'>ποίαν</span> 
     </span>
    </p>
   </div>
   <div class='ocr_carea' id='block_1_37' title="bbox 2176 829 3752 903">
    <p class='ocr_par' dir='ltr' id='par_1_37' title="bbox 2176 829 3752 903">
     <span class='ocr_line' id='line_1_37' title="bbox 2176 829 3752 903; baseline 0.002 -20"><span class='ocrx_word' id='word_1_283' title='bbox 2176 832 2506 901; x_wconf 86' lang='grc' dir='ltr'>ἀπολογίαν;</span> <span class='ocrx_word' id='word_1_284' title='bbox 2557 834 2671 887; x_wconf 82' lang='grc' dir='ltr'>Ούκ</span> <span class='ocrx_word' id='word_1_285' title='bbox 2707 829 2864 887; x_wconf 77' lang='grc' dir='ltr'>οἶσθα</span> <span class='ocrx_word' id='word_1_286' title='bbox 2897 833 3015 896; x_wconf 89' lang='grc' dir='ltr'>πῶς</span> <span class='ocrx_word' id='word_1_287' title='bbox 3066 835 3285 887; x_wconf 73' lang='grc' dir='ltr'>ἃπασαν</span> <span class='ocrx_word' id='word_1_288' title='bbox 3340 832 3438 903; x_wconf 85' lang='grc' dir='ltr'>τὴν</span> <span class='ocrx_word' id='word_1_289' title='bbox 3492 831 3752 903; x_wconf 75' lang='grc' dir='ltr'>βιωτικὴν</span> 
     </span>
    </p>
   </div>
   <div class='ocr_carea' id='block_1_38' title="bbox 2177 915 3752 987">
    <p class='ocr_par' dir='ltr' id='par_1_38' title="bbox 2177 915 3752 987">
     <span class='ocr_line' id='line_1_38' title="bbox 2177 915 3752 987; baseline 0.001 -20"><span class='ocrx_word' id='word_1_290' title='bbox 2177 915 2525 969; x_wconf 78' lang='grc' dir='ltr'>πολυτέλειαν</span> <span class='ocrx_word' id='word_1_291' title='bbox 2570 916 2973 987; x_wconf 84' lang='grc' dir='ltr'>ἀποστρέφεταί</span> <span class='ocrx_word' id='word_1_292' title='bbox 3018 932 3111 969; x_wconf 89' lang='grc' dir='ltr'>σου</span> <span class='ocrx_word' id='word_1_293' title='bbox 3145 918 3172 968; x_wconf 97' lang='lat'>6</span> <span class='ocrx_word' id='word_1_294' title='bbox 3205 915 3518 985; x_wconf 86' lang='grc' dir='ltr'>Δεσπότης;</span> <span class='ocrx_word' id='word_1_295' title='bbox 3567 916 3628 967; x_wconf 83' lang='grc' dir='ltr'>ού</span> <span class='ocrx_word' id='word_1_296' title='bbox 3664 915 3752 969; x_wconf 88' lang='grc' dir='ltr'>διά</span> 
     </span>
    </p>
   </div>
   <div class='ocr_carea' id='block_1_39' title="bbox 2174 996 3751 1072">
    <p class='ocr_par' dir='ltr' id='par_1_39' title="bbox 2174 996 3751 1072">
     <span class='ocr_line' id='line_1_39' title="bbox 2174 996 3751 1072; baseline 0.001 -23"><span class='ocrx_word' id='word_1_297' title='bbox 2174 996 2331 1050; x_wconf 87' lang='grc' dir='ltr'>τοῦτο</span> <span class='ocrx_word' id='word_1_298' title='bbox 2378 999 2437 1051; x_wconf 87' lang='grc' dir='ltr'>ἐν</span> <span class='ocrx_word' id='word_1_299' title='bbox 2475 998 2652 1072; x_wconf 80' lang='grc' dir='ltr'>φάτνῃ</span> <span class='ocrx_word' id='word_1_300' title='bbox 2694 999 2852 1070; x_wconf 85' lang='grc' dir='ltr'>ἐτέθη</span> <span class='ocrx_word' id='word_1_301' title='bbox 2896 997 3132 1069; x_wconf 75' lang='grc' dir='ltr'>τεχθεὶς,</span> <span class='ocrx_word' id='word_1_302' title='bbox 3179 999 3274 1052; x_wconf 70' lang='grc' dir='ltr'>καὶ</span> <span class='ocrx_word' id='word_1_303' title='bbox 3318 999 3531 1068; x_wconf 89' lang='grc' dir='ltr'>μητέρα</span> <span class='ocrx_word' id='word_1_304' title='bbox 3560 996 3751 1051; x_wconf 79' lang='grc' dir='ltr'>ἔλαϐεν</span> 
     </span>
    </p>
   </div>
   <div class='ocr_carea' id='block_1_40' title="bbox 2173 1079 3751 1153">
    <p class='ocr_par' dir='ltr' id='par_1_40' title="bbox 2173 1079 3751 1153">
     <span class='ocr_line' id='line_1_40' title="bbox 2173 1079 3751 1153; baseline 0.001 -22"><span class='ocrx_word' id='word_1_305' title='bbox 2173 1079 2394 1150; x_wconf 86' lang='grc' dir='ltr'>εύτελῆ;</span> <span class='ocrx_word' id='word_1_306' title='bbox 2421 1081 2481 1133; x_wconf 80' lang='grc' dir='ltr'>ού</span> <span class='ocrx_word' id='word_1_307' title='bbox 2510 1081 2600 1135; x_wconf 73' lang='grc' dir='ltr'>διὰ</span> <span class='ocrx_word' id='word_1_308' title='bbox 2628 1082 2788 1134; x_wconf 89' lang='grc' dir='ltr'>τοῦτο</span> <span class='ocrx_word' id='word_1_309' title='bbox 2815 1081 3007 1152; x_wconf 87' lang='grc' dir='ltr'>ἐκείνῳ</span> <span class='ocrx_word' id='word_1_310' title='bbox 3029 1080 3107 1151; x_wconf 84' lang='grc' dir='ltr'>τῷ</span> <span class='ocrx_word' id='word_1_311' title='bbox 3138 1081 3274 1153; x_wconf 79' lang='grc' dir='ltr'>πρὸς</span> <span class='ocrx_word' id='word_1_312' title='bbox 3300 1080 3602 1151; x_wconf 79' lang='grc' dir='ltr'>καπηλείαν</span> <span class='ocrx_word' id='word_1_313' title='bbox 3634 1079 3751 1151; x_wconf 81' lang='grc' dir='ltr'>βλέ-</span> 
     </span>
    </p>
   </div>
   <div class='ocr_carea' id='block_1_41' title="bbox 2173 1164 3749 1235">
    <p class='ocr_par' dir='ltr' id='par_1_41' title="bbox 2173 1164 3749 1235">
     <span class='ocr_line' id='line_1_41' title="bbox 2173 1164 3749 1235; baseline 0.001 -20"><span class='ocrx_word' id='word_1_314' title='bbox 2173 1179 2328 1216; x_wconf 89' lang='grc' dir='ltr'>ποντι</span> <span class='ocrx_word' id='word_1_315' title='bbox 2358 1165 2564 1235; x_wconf 74' lang='grc' dir='ltr'>ἐλεγενο</span> <span class='ocrx_word' id='word_1_316' title='bbox 2607 1166 2670 1218; x_wconf 86' lang='lat'>&#39;0</span> <span class='ocrx_word' id='word_1_317' title='bbox 2709 1164 2778 1217; x_wconf 80' lang='grc' dir='ltr'>δὲ</span> <span class='ocrx_word' id='word_1_318' title='bbox 2815 1166 2948 1232; x_wconf 82' lang='grc' dir='ltr'>Υίὸς</span> <span class='ocrx_word' id='word_1_319' title='bbox 2986 1166 3093 1220; x_wconf 89' lang='grc' dir='ltr'>τοῦ</span> <span class='ocrx_word' id='word_1_320' title='bbox 3134 1164 3450 1234; x_wconf 79' lang='grc' dir='ltr'>ἀνθρώπου</span> <span class='ocrx_word' id='word_1_321' title='bbox 3485 1166 3598 1219; x_wconf 79' lang='grc' dir='ltr'>οὐκ</span> <span class='ocrx_word' id='word_1_322' title='bbox 3624 1165 3749 1233; x_wconf 63' lang='grc' dir='ltr'>ἔχει</span> 
     </span>
    </p>
   </div>
   <div class='ocr_carea' id='block_1_42' title="bbox 2172 1246 3748 1321">
    <p class='ocr_par' dir='ltr' id='par_1_42' title="bbox 2172 1246 3748 1321">
     <span class='ocr_line' id='line_1_42' title="bbox 2172 1246 3748 1321; baseline 0.002 -22"><span class='ocrx_word' id='word_1_323' title='bbox 2172 1246 2287 1300; x_wconf 84' lang='grc' dir='ltr'>ποῦ</span> <span class='ocrx_word' id='word_1_324' title='bbox 2318 1246 2435 1315; x_wconf 83' lang='grc' dir='ltr'>τὴν</span> <span class='ocrx_word' id='word_1_325' title='bbox 2465 1248 2744 1318; x_wconf 72' lang='grc' dir='ltr'>κεφαλὴν</span> <span class='ocrx_word' id='word_1_326' title='bbox 2767 1251 2981 1318; x_wconf 80' lang='grc' dir='ltr'>κλίνῃ;</span> <span class='ocrx_word' id='word_1_327' title='bbox 3005 1249 3070 1302; x_wconf 87' lang='grc' dir='ltr'>Τί</span> <span class='ocrx_word' id='word_1_328' title='bbox 3092 1249 3148 1302; x_wconf 81' lang='grc' dir='ltr'>δὲ</span> <span class='ocrx_word' id='word_1_329' title='bbox 3181 1250 3231 1302; x_wconf 88' lang='grc' dir='ltr'>οί</span> <span class='ocrx_word' id='word_1_330' title='bbox 3264 1249 3505 1321; x_wconf 87' lang='grc' dir='ltr'>μαθηταί</span> <span class='ocrx_word' id='word_1_331' title='bbox 3528 1266 3543 1316; x_wconf 91' lang='lat'>;</span> <span class='ocrx_word' id='word_1_332' title='bbox 3574 1250 3635 1302; x_wconf 89' lang='grc' dir='ltr'>ού</span> <span class='ocrx_word' id='word_1_333' title='bbox 3655 1249 3748 1303; x_wconf 82' lang='grc' dir='ltr'>τὸν</span> 
     </span>
    </p>
   </div>
   <div class='ocr_carea' id='block_1_43' title="bbox 2171 1328 3748 1403">
    <p class='ocr_par' dir='ltr' id='par_1_43' title="bbox 2171 1328 3748 1403">
     <span class='ocr_line' id='line_1_43' title="bbox 2171 1328 3748 1403; baseline 0.003 -22"><span class='ocrx_word' id='word_1_334' title='bbox 2171 1328 2336 1383; x_wconf 72' lang='grc' dir='ltr'>αὐτὸν</span> <span class='ocrx_word' id='word_1_335' title='bbox 2368 1329 2653 1403; x_wconf 84' lang='grc' dir='ltr'>διετήρουν</span> <span class='ocrx_word' id='word_1_336' title='bbox 2681 1333 2870 1402; x_wconf 87' lang='grc' dir='ltr'>νόμον,</span> <span class='ocrx_word' id='word_1_337' title='bbox 2904 1334 2986 1396; x_wconf 83' lang='grc' dir='ltr'>εἰς</span> <span class='ocrx_word' id='word_1_338' title='bbox 3019 1332 3119 1396; x_wconf 85' lang='grc' dir='ltr'>τὰς</span> <span class='ocrx_word' id='word_1_339' title='bbox 3151 1332 3261 1385; x_wconf 88' lang='grc' dir='ltr'>τῶν</span> <span class='ocrx_word' id='word_1_340' title='bbox 3288 1333 3540 1403; x_wconf 80' lang='grc' dir='ltr'>πενήτων</span> <span class='ocrx_word' id='word_1_341' title='bbox 3573 1332 3748 1397; x_wconf 90' lang='grc' dir='ltr'>οἰκίας</span> 
     </span>
    </p>
   </div>
   <div class='ocr_carea' id='block_1_44' title="bbox 2171 1413 3747 1489">
    <p class='ocr_par' dir='ltr' id='par_1_44' title="bbox 2171 1413 3747 1489">
     <span class='ocr_line' id='line_1_44' title="bbox 2171 1413 3747 1489; baseline 0.002 -24"><span class='ocrx_word' id='word_1_342' title='bbox 2171 1413 2555 1485; x_wconf 83' lang='grc' dir='ltr'>καταγόμενοι,</span> <span class='ocrx_word' id='word_1_343' title='bbox 2611 1415 2707 1468; x_wconf 79' lang='grc' dir='ltr'>καὶ</span> <span class='ocrx_word' id='word_1_344' title='bbox 2760 1416 2789 1469; x_wconf 93' lang='lat'>6</span> <span class='ocrx_word' id='word_1_345' title='bbox 2842 1415 2942 1487; x_wconf 82' lang='grc' dir='ltr'>μὲν</span> <span class='ocrx_word' id='word_1_346' title='bbox 2992 1416 3129 1486; x_wconf 76' lang='grc' dir='ltr'>πρὸς</span> <span class='ocrx_word' id='word_1_347' title='bbox 3159 1415 3399 1488; x_wconf 86' lang='grc' dir='ltr'>βυρσέα,</span> <span class='ocrx_word' id='word_1_348' title='bbox 3446 1418 3476 1470; x_wconf 91' lang='lat'>6</span> <span class='ocrx_word' id='word_1_349' title='bbox 3519 1416 3575 1469; x_wconf 80' lang='grc' dir='ltr'>δέ</span> <span class='ocrx_word' id='word_1_350' title='bbox 3613 1416 3747 1489; x_wconf 80' lang='grc' dir='ltr'>πρὸς</span> 
     </span>
    </p>
   </div>
   <div class='ocr_carea' id='block_1_45' title="bbox 2172 1496 3744 1570">
    <p class='ocr_par' dir='ltr' id='par_1_45' title="bbox 2172 1496 3744 1570">
     <span class='ocr_line' id='line_1_45' title="bbox 2172 1496 3744 1570; baseline 0.004 -24"><span class='ocrx_word' id='word_1_351' title='bbox 2172 1496 2550 1568; x_wconf 78' lang='grc' dir='ltr'>σκηνορῤάφον</span> <span class='ocrx_word' id='word_1_352' title='bbox 2566 1497 2828 1551; x_wconf 82' lang='grc' dir='ltr'>κατέλυον</span> <span class='ocrx_word' id='word_1_353' title='bbox 2856 1500 2949 1552; x_wconf 78' lang='grc' dir='ltr'>καὶ</span> <span class='ocrx_word' id='word_1_354' title='bbox 2971 1498 3105 1569; x_wconf 79' lang='grc' dir='ltr'>πρὸς</span> <span class='ocrx_word' id='word_1_355' title='bbox 3126 1500 3227 1568; x_wconf 84' lang='grc' dir='ltr'>τὴν</span> <span class='ocrx_word' id='word_1_356' title='bbox 3258 1498 3744 1570; x_wconf 77' lang='grc' dir='ltr'>πορφυροπώλιδας</span> 
     </span>
    </p>
   </div>
   <div class='ocr_carea' id='block_1_46' title="bbox 2167 1578 3743 1656">
    <p class='ocr_par' dir='ltr' id='par_1_46' title="bbox 2167 1578 3743 1656">
     <span class='ocr_line' id='line_1_46' title="bbox 2167 1578 3743 1656; baseline 0.001 -20"><span class='ocrx_word' id='word_1_357' title='bbox 2167 1579 2230 1636; x_wconf 74' lang='grc' dir='ltr'>ού</span> <span class='ocrx_word' id='word_1_358' title='bbox 2266 1578 2371 1651; x_wconf 88' lang='grc' dir='ltr'>γὰρ</span> <span class='ocrx_word' id='word_1_359' title='bbox 2406 1582 2584 1645; x_wconf 88' lang='grc' dir='ltr'>οίκίας</span> <span class='ocrx_word' id='word_1_360' title='bbox 2613 1582 2996 1654; x_wconf 83' lang='grc' dir='ltr'>περιφάνειαν,</span> <span class='ocrx_word' id='word_1_361' title='bbox 3028 1582 3165 1638; x_wconf 90' lang='grc' dir='ltr'>ἀλλά</span> <span class='ocrx_word' id='word_1_362' title='bbox 3209 1583 3397 1655; x_wconf 87' lang='grc' dir='ltr'>ψυχῶν</span> <span class='ocrx_word' id='word_1_363' title='bbox 3422 1585 3621 1656; x_wconf 83' lang='grc' dir='ltr'>ἀρετάς</span> <span class='ocrx_word' id='word_1_364' title='bbox 3642 1588 3743 1638; x_wconf 83' lang='grc' dir='ltr'>ἐπ-</span> 
     </span>
    </p>
   </div>
   <div class='ocr_carea' id='block_1_47' title="bbox 2166 1660 3746 1742">
    <p class='ocr_par' dir='ltr' id='par_1_47' title="bbox 2166 1660 3746 1742">
     <span class='ocr_line' id='line_1_47' title="bbox 2166 1660 3746 1742; baseline 0.008 -27"><span class='ocrx_word' id='word_1_365' title='bbox 2166 1660 2414 1735; x_wconf 74' lang='grc' dir='ltr'>εζήτουν.</span> <span class='ocrx_word' id='word_1_366' title='bbox 2448 1666 2686 1732; x_wconf 82' lang='grc' dir='ltr'>Τούτους</span> <span class='ocrx_word' id='word_1_367' title='bbox 2733 1668 2913 1723; x_wconf 88' lang='grc' dir='ltr'>τοίνυν</span> <span class='ocrx_word' id='word_1_368' title='bbox 2955 1671 3050 1723; x_wconf 76' lang='grc' dir='ltr'>καὶ</span> <span class='ocrx_word' id='word_1_369' title='bbox 3072 1670 3232 1740; x_wconf 75' lang='grc' dir='ltr'>ἡμεῖς</span> <span class='ocrx_word' id='word_1_370' title='bbox 3273 1668 3624 1742; x_wconf 81' lang='grc' dir='ltr'>ζηλώσωμεν·</span> <span class='ocrx_word' id='word_1_371' title='bbox 3675 1672 3746 1727; x_wconf 85' lang='grc' dir='ltr'>τά</span> 
     </span>
    </p>
   </div>
   <div class='ocr_carea' id='block_1_48' title="bbox 2168 1747 3742 1826">
    <p class='ocr_par' dir='ltr' id='par_1_48' title="bbox 2168 1747 3742 1826">
     <span class='ocr_line' id='line_1_48' title="bbox 2168 1747 3742 1826; baseline 0.004 -25"><span class='ocrx_word' id='word_1_372' title='bbox 2168 1747 2269 1817; x_wconf 79' lang='grc' dir='ltr'>μὲν</span> <span class='ocrx_word' id='word_1_373' title='bbox 2295 1749 2466 1820; x_wconf 82' lang='grc' dir='ltr'>κάλλη</span> <span class='ocrx_word' id='word_1_374' title='bbox 2491 1750 2598 1804; x_wconf 89' lang='grc' dir='ltr'>τῶν</span> <span class='ocrx_word' id='word_1_375' title='bbox 2626 1750 2822 1805; x_wconf 88' lang='grc' dir='ltr'>κιόνων</span> <span class='ocrx_word' id='word_1_376' title='bbox 2850 1752 2943 1806; x_wconf 71' lang='grc' dir='ltr'>καὶ</span> <span class='ocrx_word' id='word_1_377' title='bbox 2975 1751 3084 1805; x_wconf 89' lang='grc' dir='ltr'>τῶν</span> <span class='ocrx_word' id='word_1_378' title='bbox 3120 1754 3429 1824; x_wconf 88' lang='grc' dir='ltr'>μαρμάρων</span> <span class='ocrx_word' id='word_1_379' title='bbox 3461 1754 3742 1826; x_wconf 73' lang='grc' dir='ltr'>παρατρέ-</span> 
     </span>
    </p>
   </div>
   <div class='ocr_carea' id='block_1_49' title="bbox 2164 1833 3741 1908">
    <p class='ocr_par' dir='ltr' id='par_1_49' title="bbox 2164 1833 3741 1908">
     <span class='ocr_line' id='line_1_49' title="bbox 2164 1833 3741 1908; baseline 0.004 -23"><span class='ocrx_word' id='word_1_380' title='bbox 2164 1848 2370 1901; x_wconf 85' lang='grc' dir='ltr'>χοντες,</span> <span class='ocrx_word' id='word_1_381' title='bbox 2407 1834 2698 1906; x_wconf 79' lang='grc' dir='ltr'>ζητοῦντες</span> <span class='ocrx_word' id='word_1_382' title='bbox 2727 1833 2783 1888; x_wconf 77' lang='grc' dir='ltr'>δὲ</span> <span class='ocrx_word' id='word_1_383' title='bbox 2811 1834 2912 1900; x_wconf 82' lang='grc' dir='ltr'>τὰς</span> <span class='ocrx_word' id='word_1_384' title='bbox 2939 1835 3050 1889; x_wconf 78' lang='grc' dir='ltr'>ἄνω</span> <span class='ocrx_word' id='word_1_385' title='bbox 3081 1835 3268 1908; x_wconf 82' lang='grc' dir='ltr'>μονὰς,</span> <span class='ocrx_word' id='word_1_386' title='bbox 3306 1836 3401 1890; x_wconf 74' lang='grc' dir='ltr'>καὶ</span> <span class='ocrx_word' id='word_1_387' title='bbox 3440 1838 3616 1891; x_wconf 90' lang='grc' dir='ltr'>πάντα</span> <span class='ocrx_word' id='word_1_388' title='bbox 3643 1836 3741 1891; x_wconf 76' lang='grc' dir='ltr'>τῦο</span> 
     </span>
    </p>
   </div>
   <div class='ocr_carea' id='block_1_50' title="bbox 2165 1917 3742 1993">
    <p class='ocr_par' dir='ltr' id='par_1_50' title="bbox 2165 1917 3742 1993">
     <span class='ocr_line' id='line_1_50' title="bbox 2165 1917 3742 1993; baseline 0.003 -22"><span class='ocrx_word' id='word_1_389' title='bbox 2165 1934 2265 1989; x_wconf 90' lang='grc' dir='ltr'>φον</span> <span class='ocrx_word' id='word_1_390' title='bbox 2291 1918 2382 1971; x_wconf 83' lang='grc' dir='ltr'>τὸν</span> <span class='ocrx_word' id='word_1_391' title='bbox 2409 1917 2643 1973; x_wconf 83' lang='grc' dir='ltr'>ἐνταῦθα</span> <span class='ocrx_word' id='word_1_392' title='bbox 2679 1922 3011 1991; x_wconf 81' lang='grc' dir='ltr'>πατήσωμεν</span> <span class='ocrx_word' id='word_1_393' title='bbox 3047 1921 3186 1992; x_wconf 88' lang='grc' dir='ltr'>μετά</span> <span class='ocrx_word' id='word_1_394' title='bbox 3226 1921 3325 1992; x_wconf 81' lang='grc' dir='ltr'>τῆς</span> <span class='ocrx_word' id='word_1_395' title='bbox 3366 1920 3475 1974; x_wconf 87' lang='grc' dir='ltr'>τῶν</span> <span class='ocrx_word' id='word_1_396' title='bbox 3525 1923 3742 1993; x_wconf 79' lang='grc' dir='ltr'>χρημάο</span> 
     </span>
    </p>
   </div>
   <div class='ocr_carea' id='block_1_51' title="bbox 2163 2001 3743 2076">
    <p class='ocr_par' dir='ltr' id='par_1_51' title="bbox 2163 2001 3743 2076">
     <span class='ocr_line' id='line_1_51' title="bbox 2163 2001 3743 2076; baseline 0.003 -23"><span class='ocrx_word' id='word_1_397' title='bbox 2163 2017 2273 2055; x_wconf 92' lang='grc' dir='ltr'>των</span> <span class='ocrx_word' id='word_1_398' title='bbox 2311 2001 2627 2073; x_wconf 81' lang='grc' dir='ltr'>ἐπιθυμίας,</span> <span class='ocrx_word' id='word_1_399' title='bbox 2659 2004 2753 2057; x_wconf 75' lang='grc' dir='ltr'>καὶ</span> <span class='ocrx_word' id='word_1_400' title='bbox 2782 2002 2983 2074; x_wconf 80' lang='grc' dir='ltr'>ὑψηλὸν</span> <span class='ocrx_word' id='word_1_401' title='bbox 3030 2002 3287 2073; x_wconf 89' lang='grc' dir='ltr'>λάϐωμεν</span> <span class='ocrx_word' id='word_1_402' title='bbox 3334 2002 3608 2076; x_wconf 87' lang='grc' dir='ltr'>φρόνημα.</span> <span class='ocrx_word' id='word_1_403' title='bbox 3643 2005 3743 2058; x_wconf 77' lang='grc' dir='ltr'>Ἂν</span> 
     </span>
    </p>
   </div>
   <div class='ocr_carea' id='block_1_52' title="bbox 2164 2078 3741 2158">
    <p class='ocr_par' dir='ltr' id='par_1_52' title="bbox 2164 2078 3741 2158">
     <span class='ocr_line' id='line_1_52' title="bbox 2164 2078 3741 2158; baseline 0.003 -22"><span class='ocrx_word' id='word_1_404' title='bbox 2164 2084 2273 2153; x_wconf 86' lang='lat'>7&amp;9</span> <span class='ocrx_word' id='word_1_405' title='bbox 2310 2086 2591 2156; x_wconf 77' lang='grc' dir='ltr'>νήφωμεν,</span> <span class='ocrx_word' id='word_1_406' title='bbox 2626 2078 2748 2138; x_wconf 87' lang='grc' dir='ltr'>ούδέ</span> <span class='ocrx_word' id='word_1_407' title='bbox 2776 2088 2803 2139; x_wconf 89' lang='lat'>6</span> <span class='ocrx_word' id='word_1_408' title='bbox 2826 2087 3027 2156; x_wconf 88' lang='grc' dir='ltr'>κόσμος</span> <span class='ocrx_word' id='word_1_409' title='bbox 3056 2088 3089 2156; x_wconf 80' lang='grc' dir='ltr'>ἡ</span> <span class='ocrx_word' id='word_1_410' title='bbox 3099 2086 3213 2156; x_wconf 83' lang='grc' dir='ltr'>μῶν</span> <span class='ocrx_word' id='word_1_411' title='bbox 3243 2079 3396 2150; x_wconf 79' lang='grc' dir='ltr'>οὗτος</span> <span class='ocrx_word' id='word_1_412' title='bbox 3419 2085 3587 2151; x_wconf 82' lang='grc' dir='ltr'>ἀξιος,</span> <span class='ocrx_word' id='word_1_413' title='bbox 3608 2088 3741 2158; x_wconf 84' lang='grc' dir='ltr'>μήτι</span> 
     </span>
    </p>
   </div>
   <div class='ocr_carea' id='block_1_53' title="bbox 2171 2169 3740 2241">
    <p class='ocr_par' dir='ltr' id='par_1_53' title="bbox 2171 2169 3740 2241">
     <span class='ocr_line' id='line_1_53' title="bbox 2171 2169 3740 2241; baseline 0.002 -22"><span class='ocrx_word' id='word_1_414' title='bbox 2171 2183 2234 2237; x_wconf 85' lang='grc' dir='ltr'>γε</span> <span class='ocrx_word' id='word_1_415' title='bbox 2267 2169 2417 2221; x_wconf 77' lang='grc' dir='ltr'>στοαὶ</span> <span class='ocrx_word' id='word_1_416' title='bbox 2442 2169 2535 2222; x_wconf 78' lang='grc' dir='ltr'>καὶ</span> <span class='ocrx_word' id='word_1_417' title='bbox 2570 2170 2879 2240; x_wconf 85' lang='grc' dir='ltr'>περίπατοι.</span> <span class='ocrx_word' id='word_1_418' title='bbox 2913 2170 3023 2236; x_wconf 83' lang='grc' dir='ltr'>Διὸ,</span> <span class='ocrx_word' id='word_1_419' title='bbox 3061 2169 3382 2241; x_wconf 86' lang='grc' dir='ltr'>παρακαλῶ,</span> <span class='ocrx_word' id='word_1_420' title='bbox 3420 2169 3519 2241; x_wconf 77' lang='grc' dir='ltr'>τὴν</span> <span class='ocrx_word' id='word_1_421' title='bbox 3560 2169 3740 2241; x_wconf 75' lang='grc' dir='ltr'>ψυχὴν</span> 
     </span>
    </p>
   </div>
   <div class='ocr_carea' id='block_1_54' title="bbox 2164 2252 3741 2324">
    <p class='ocr_par' dir='ltr' id='par_1_54' title="bbox 2164 2252 3741 2324">
     <span class='ocr_line' id='line_1_54' title="bbox 2164 2252 3741 2324; baseline 0.003 -20"><span class='ocrx_word' id='word_1_422' title='bbox 2164 2253 2264 2322; x_wconf 75' lang='grc' dir='ltr'>τὴν</span> <span class='ocrx_word' id='word_1_423' title='bbox 2292 2252 2502 2306; x_wconf 88' lang='grc' dir='ltr'>ἐαυτῶν</span> <span class='ocrx_word' id='word_1_424' title='bbox 2523 2252 2975 2324; x_wconf 75' lang='grc' dir='ltr'>καλλωπίζωμεν,</span> <span class='ocrx_word' id='word_1_425' title='bbox 3006 2254 3107 2324; x_wconf 77' lang='grc' dir='ltr'>τὴν</span> <span class='ocrx_word' id='word_1_426' title='bbox 3143 2254 3320 2307; x_wconf 84' lang='grc' dir='ltr'>οἰκίαν</span> <span class='ocrx_word' id='word_1_427' title='bbox 3339 2252 3543 2322; x_wconf 89' lang='grc' dir='ltr'>ταύτην</span> <span class='ocrx_word' id='word_1_428' title='bbox 3571 2270 3741 2308; x_wconf 84' lang='grc' dir='ltr'>κατα-</span> 
     </span>
    </p>
   </div>
   <div class='ocr_carea' id='block_1_55' title="bbox 2165 2335 3740 2407">
    <p class='ocr_par' dir='ltr' id='par_1_55' title="bbox 2165 2335 3740 2407">
     <span class='ocr_line' id='line_1_55' title="bbox 2165 2335 3740 2407; baseline 0.003 -20"><span class='ocrx_word' id='word_1_429' title='bbox 2165 2335 2539 2406; x_wconf 80' lang='grc' dir='ltr'>σκευάζωμεν,</span> <span class='ocrx_word' id='word_1_430' title='bbox 2576 2338 2641 2407; x_wconf 81' lang='grc' dir='ltr'>ἢν</span> <span class='ocrx_word' id='word_1_431' title='bbox 2673 2340 2768 2391; x_wconf 74' lang='grc' dir='ltr'>καὶ</span> <span class='ocrx_word' id='word_1_432' title='bbox 2794 2337 3050 2400; x_wconf 81' lang='grc' dir='ltr'>λαϐόντες</span> <span class='ocrx_word' id='word_1_433' title='bbox 3075 2336 3506 2407; x_wconf 80' lang='grc' dir='ltr'>ἀπελευσόμεθα,</span> <span class='ocrx_word' id='word_1_434' title='bbox 3537 2337 3621 2390; x_wconf 89' lang='grc' dir='ltr'>ῖνα</span> <span class='ocrx_word' id='word_1_435' title='bbox 3644 2337 3740 2391; x_wconf 76' lang='grc' dir='ltr'>καὶ</span> 
     </span>
    </p>
   </div>
   <div class='ocr_carea' id='block_1_56' title="bbox 2160 2417 3741 2492">
    <p class='ocr_par' dir='ltr' id='par_1_56' title="bbox 2160 2417 3741 2492">
     <span class='ocr_line' id='line_1_56' title="bbox 2160 2417 3741 2492; baseline 0.003 -23"><span class='ocrx_word' id='word_1_436' title='bbox 2160 2417 2268 2470; x_wconf 85' lang='grc' dir='ltr'>τῶν</span> <span class='ocrx_word' id='word_1_437' title='bbox 2297 2418 2529 2472; x_wconf 83' lang='grc' dir='ltr'>αἰωνίων</span> <span class='ocrx_word' id='word_1_438' title='bbox 2560 2418 2905 2492; x_wconf 83' lang='grc' dir='ltr'>ἐπιτύχωμεν</span> <span class='ocrx_word' id='word_1_439' title='bbox 2936 2420 3176 2492; x_wconf 76' lang='grc' dir='ltr'>ἀγαθῶν,</span> <span class='ocrx_word' id='word_1_440' title='bbox 3221 2420 3404 2492; x_wconf 83' lang='grc' dir='ltr'>χάριτι</span> <span class='ocrx_word' id='word_1_441' title='bbox 3431 2420 3524 2473; x_wconf 81' lang='grc' dir='ltr'>καὶ</span> <span class='ocrx_word' id='word_1_442' title='bbox 3554 2419 3741 2490; x_wconf 79' lang='grc' dir='ltr'>φιλαν-</span> 
     </span>
    </p>
   </div>
   <div class='ocr_carea' id='block_1_57' title="bbox 2165 2498 2820 2574">
    <p class='ocr_par' dir='ltr' id='par_1_57' title="bbox 2165 2498 2820 2574">
     <span class='ocr_line' id='line_1_57' title="bbox 2165 2498 2820 2574; baseline 0.011 -22"><span class='ocrx_word' id='word_1_443' title='bbox 2165 2498 2402 2573; x_wconf 70' lang='grc' dir='ltr'>θρωπία,</span> <span class='ocrx_word' id='word_1_444' title='bbox 2444 2502 2539 2556; x_wconf 75' lang='grc' dir='ltr'>καὶ</span> <span class='ocrx_word' id='word_1_445' title='bbox 2572 2503 2641 2557; x_wconf 86' lang='grc' dir='ltr'>τά</span> <span class='ocrx_word' id='word_1_446' title='bbox 2672 2504 2820 2574; x_wconf 81' lang='grc' dir='ltr'>ἐξῆς.</span> 
     </span>
    </p>
   </div>
   <div class='ocr_carea' id='block_1_58' title="bbox 1972 2799 2388 2856">
    <p class='ocr_par' dir='ltr' id='par_1_58' title="bbox 1972 2799 2388 2856">
     <span class='ocr_line' id='line_1_58' title="bbox 1972 2799 2388 2856; baseline 0.007 -3"><span class='ocrx_word' id='word_1_447' title='bbox 1972 2801 2214 2855; x_wconf 78' lang='grc' dir='ltr'>ΟΜῘΛΙΑ</span> <span class='ocrx_word' id='word_1_448' title='bbox 2256 2799 2388 2856; x_wconf 81' lang='grc' dir='ltr'>ΚΕ’.</span> 
     </span>
    </p>
   </div>
   <div class='ocr_carea' id='block_1_59' title="bbox 474 2913 2059 2987">
    <p class='ocr_par' dir='ltr' id='par_1_59' title="bbox 474 2913 2059 2987">
     <span class='ocr_line' id='line_1_59' title="bbox 474 2913 2059 2987; baseline -0.003 -11"><span class='ocrx_word' id='word_1_449' title='bbox 474 2919 604 2977; x_wconf 76' lang='grc' dir='ltr'>Πᾶν</span> <span class='ocrx_word' id='word_1_450' title='bbox 634 2917 699 2973; x_wconf 86' lang='grc' dir='ltr'>τὸ</span> <span class='ocrx_word' id='word_1_451' title='bbox 726 2916 796 2971; x_wconf 73' lang='grc' dir='ltr'>ἐν</span> <span class='ocrx_word' id='word_1_452' title='bbox 826 2913 1113 2986; x_wconf 68' lang='grc' dir='ltr'>μακέλλῳ</span> <span class='ocrx_word' id='word_1_453' title='bbox 1141 2915 1535 2985; x_wconf 75' lang='grc' dir='ltr'>πωλούμενον</span> <span class='ocrx_word' id='word_1_454' title='bbox 1573 2916 1827 2981; x_wconf 77' lang='grc' dir='ltr'>ἐσθίετε,</span> <span class='ocrx_word' id='word_1_455' title='bbox 1861 2917 2059 2987; x_wconf 80' lang='grc' dir='ltr'>μηδὲν</span> 
     </span>
    </p>
   </div>
   <div class='ocr_carea' id='block_1_60' title="bbox 711 3004 1806 3077">
    <p class='ocr_par' dir='ltr' id='par_1_60' title="bbox 711 3004 1806 3077">
     <span class='ocr_line' id='line_1_60' title="bbox 711 3004 1806 3077; baseline -0.001 -14"><span class='ocrx_word' id='word_1_456' title='bbox 711 3007 1138 3075; x_wconf 78' lang='grc' dir='ltr'>ἀνακρίνοντες</span> <span class='ocrx_word' id='word_1_457' title='bbox 1165 3004 1263 3062; x_wconf 84' lang='grc' dir='ltr'>διὰ</span> <span class='ocrx_word' id='word_1_458' title='bbox 1283 3005 1397 3074; x_wconf 81' lang='grc' dir='ltr'>τὴν</span> <span class='ocrx_word' id='word_1_459' title='bbox 1424 3006 1806 3077; x_wconf 85' lang='grc' dir='ltr'>συνείδησιν.</span> 
     </span>
    </p>
   </div>
   <div class='ocr_carea' id='block_1_61' title="bbox 543 3103 2057 3175">
    <p class='ocr_par' dir='ltr' id='par_1_61' title="bbox 543 3103 2057 3175">
     <span class='ocr_line' id='line_1_61' title="bbox 543 3103 2057 3175; baseline -0.003 -12"><span class='ocrx_word' id='word_1_460' title='bbox 543 3107 612 3163; x_wconf 82' lang='grc' dir='ltr'>α’.</span> <span class='ocrx_word' id='word_1_461' title='bbox 636 3105 820 3162; x_wconf 83' lang='grc' dir='ltr'>Εἰπὼν</span> <span class='ocrx_word' id='word_1_462' title='bbox 852 3107 933 3158; x_wconf 75' lang='grc' dir='ltr'>ότι</span> <span class='ocrx_word' id='word_1_463' title='bbox 960 3103 1220 3159; x_wconf 89' lang='grc' dir='ltr'>ἀδύνατον</span> <span class='ocrx_word' id='word_1_464' title='bbox 1249 3106 1505 3174; x_wconf 86' lang='grc' dir='ltr'>ποτήριον</span> <span class='ocrx_word' id='word_1_465' title='bbox 1540 3104 1746 3175; x_wconf 82' lang='grc' dir='ltr'>Κυρίου</span> <span class='ocrx_word' id='word_1_466' title='bbox 1771 3104 1943 3159; x_wconf 88' lang='grc' dir='ltr'>πίνειν</span> <span class='ocrx_word' id='word_1_467' title='bbox 1965 3106 2057 3160; x_wconf 73' lang='grc' dir='ltr'>καὶ</span> 
     </span>
    </p>
   </div>
   <div class='ocr_carea' id='block_1_62' title="bbox 467 3185 2055 3263">
    <p class='ocr_par' dir='ltr' id='par_1_62' title="bbox 467 3185 2055 3263">
     <span class='ocr_line' id='line_1_62' title="bbox 467 3185 2055 3263; baseline -0.002 -18"><span class='ocrx_word' id='word_1_468' title='bbox 467 3194 730 3263; x_wconf 80' lang='grc' dir='ltr'>ποτήριον</span> <span class='ocrx_word' id='word_1_469' title='bbox 766 3188 1081 3258; x_wconf 84' lang='grc' dir='ltr'>δαιμονίων,</span> <span class='ocrx_word' id='word_1_470' title='bbox 1137 3187 1232 3241; x_wconf 79' lang='grc' dir='ltr'>καὶ</span> <span class='ocrx_word' id='word_1_471' title='bbox 1290 3185 1547 3254; x_wconf 76' lang='grc' dir='ltr'>καθάπαξ</span> <span class='ocrx_word' id='word_1_472' title='bbox 1591 3188 1896 3257; x_wconf 84' lang='grc' dir='ltr'>ἀπαγαγὼν</span> <span class='ocrx_word' id='word_1_473' title='bbox 1946 3189 2055 3242; x_wconf 88' lang='grc' dir='ltr'>τῶν</span> 
     </span>
    </p>
   </div>
   <div class='ocr_carea' id='block_1_63' title="bbox 465 3270 2052 3347">
    <p class='ocr_par' dir='ltr' id='par_1_63' title="bbox 465 3270 2052 3347">
     <span class='ocr_line' id='line_1_63' title="bbox 465 3270 2052 3347; baseline -0.003 -18"><span class='ocrx_word' id='word_1_474' title='bbox 465 3273 759 3347; x_wconf 76' lang='grc' dir='ltr'>τραπεζῶν</span> <span class='ocrx_word' id='word_1_475' title='bbox 797 3273 1047 3337; x_wconf 82' lang='grc' dir='ltr'>ἐκείνων,</span> <span class='ocrx_word' id='word_1_476' title='bbox 1089 3270 1198 3325; x_wconf 84' lang='grc' dir='ltr'>ἀπὸ</span> <span class='ocrx_word' id='word_1_477' title='bbox 1232 3271 1694 3343; x_wconf 85' lang='grc' dir='ltr'>παραδειγμάτων</span> <span class='ocrx_word' id='word_1_478' title='bbox 1726 3272 2052 3337; x_wconf 80' lang='grc' dir='ltr'>Ἰουδαϊκῶν,</span> 
     </span>
    </p>
   </div>
   <div class='ocr_carea' id='block_1_64' title="bbox 466 3354 2054 3428">
    <p class='ocr_par' dir='ltr' id='par_1_64' title="bbox 466 3354 2054 3428">
     <span class='ocr_line' id='line_1_64' title="bbox 466 3354 2054 3428; baseline -0.001 -16"><span class='ocrx_word' id='word_1_479' title='bbox 466 3358 577 3413; x_wconf 78' lang='grc' dir='ltr'>ἀπὸ</span> <span class='ocrx_word' id='word_1_480' title='bbox 604 3356 880 3428; x_wconf 86' lang='grc' dir='ltr'>λογισμῶν</span> <span class='ocrx_word' id='word_1_481' title='bbox 912 3354 1292 3426; x_wconf 88' lang='grc' dir='ltr'>ἀνθρωπίνων,</span> <span class='ocrx_word' id='word_1_482' title='bbox 1322 3354 1430 3407; x_wconf 86' lang='grc' dir='ltr'>ἀπὸ</span> <span class='ocrx_word' id='word_1_483' title='bbox 1460 3355 1569 3408; x_wconf 88' lang='grc' dir='ltr'>τῶν</span> <span class='ocrx_word' id='word_1_484' title='bbox 1610 3356 1922 3425; x_wconf 88' lang='grc' dir='ltr'>μυστηρίων</span> <span class='ocrx_word' id='word_1_485' title='bbox 1945 3356 2054 3410; x_wconf 85' lang='grc' dir='ltr'>τῶν</span> 
     </span>
    </p>
   </div>
   <div class='ocr_carea' id='block_1_65' title="bbox 466 3437 2054 3514">
    <p class='ocr_par' dir='ltr' id='par_1_65' title="bbox 466 3437 2054 3514">
     <span class='ocr_line' id='line_1_65' title="bbox 466 3437 2054 3514; baseline -0.003 -18"><span class='ocrx_word' id='word_1_486' title='bbox 466 3441 734 3514; x_wconf 70' lang='grc' dir='ltr'>φρικτιῖιν,</span> <span class='ocrx_word' id='word_1_487' title='bbox 765 3440 871 3493; x_wconf 68' lang='grc' dir='ltr'>ἀπὸ</span> <span class='ocrx_word' id='word_1_488' title='bbox 893 3438 1001 3491; x_wconf 88' lang='grc' dir='ltr'>τῶν</span> <span class='ocrx_word' id='word_1_489' title='bbox 1033 3440 1091 3491; x_wconf 86' lang='grc' dir='ltr'>ἐν</span> <span class='ocrx_word' id='word_1_490' title='bbox 1115 3440 1228 3500; x_wconf 85' lang='grc' dir='ltr'>τοῖς</span> <span class='ocrx_word' id='word_1_491' title='bbox 1255 3437 1493 3500; x_wconf 80' lang='grc' dir='ltr'>εἰδώλοις</span> <span class='ocrx_word' id='word_1_492' title='bbox 1520 3449 1544 3477; x_wconf 76' lang='grc' dir='ltr'>α</span> <span class='ocrx_word' id='word_1_493' title='bbox 1571 3437 1930 3509; x_wconf 80' lang='grc' dir='ltr'>τελουμένων,</span> <span class='ocrx_word' id='word_1_494' title='bbox 1959 3440 2054 3492; x_wconf 78' lang='grc' dir='ltr'>καὶ</span> 
     </span>
    </p>
   </div>
   <div class='ocr_carea' id='block_1_66' title="bbox 465 3518 2053 3595">
    <p class='ocr_par' dir='ltr' id='par_1_66' title="bbox 465 3518 2053 3595">
     <span class='ocr_line' id='line_1_66' title="bbox 465 3518 2053 3595; baseline -0.003 -15"><span class='ocrx_word' id='word_1_495' title='bbox 465 3527 633 3580; x_wconf 80' lang='grc' dir='ltr'>πολὺν</span> <span class='ocrx_word' id='word_1_496' title='bbox 663 3525 825 3595; x_wconf 88' lang='grc' dir='ltr'>φόϐον</span> <span class='ocrx_word' id='word_1_497' title='bbox 867 3522 1044 3585; x_wconf 82' lang='grc' dir='ltr'>ἐνθεὶς</span> <span class='ocrx_word' id='word_1_498' title='bbox 1084 3522 1267 3586; x_wconf 82' lang='grc' dir='ltr'>αὐτοῖς</span> <span class='ocrx_word' id='word_1_499' title='bbox 1301 3538 1314 3550; x_wconf 75' lang='grc' dir='ltr'><strong><em>ο</em></strong></span> <span class='ocrx_word' id='word_1_500' title='bbox 1349 3518 1436 3575; x_wconf 57' lang='lat' dir='ltr'><strong><em>Ra</em></strong></span> <span class='ocrx_word' id='word_1_501' title='bbox 1473 3523 1547 3592; x_wconf 80' lang='grc' dir='ltr'>μὴ</span> <span class='ocrx_word' id='word_1_502' title='bbox 1582 3521 1661 3593; x_wconf 83' lang='grc' dir='ltr'>τῷ</span> <span class='ocrx_word' id='word_1_503' title='bbox 1701 3522 1850 3594; x_wconf 87' lang='grc' dir='ltr'>φόϐῳ</span> <span class='ocrx_word' id='word_1_504' title='bbox 1881 3523 2053 3594; x_wconf 85' lang='grc' dir='ltr'>τούτῳ</span> 
     </span>
    </p>
   </div>
   <div class='ocr_carea' id='block_1_67' title="bbox 463 3608 2051 3681">
    <p class='ocr_par' dir='ltr' id='par_1_67' title="bbox 463 3608 2051 3681">
     <span class='ocr_line' id='line_1_67' title="bbox 463 3608 2051 3681; baseline -0.003 -13"><span class='ocrx_word' id='word_1_505' title='bbox 463 3613 627 3668; x_wconf 85' lang='grc' dir='ltr'>πάλιν</span> <span class='ocrx_word' id='word_1_506' title='bbox 644 3612 725 3675; x_wconf 87' lang='grc' dir='ltr'>εἰς</span> <span class='ocrx_word' id='word_1_507' title='bbox 750 3610 945 3681; x_wconf 77' lang='grc' dir='ltr'>ἑτέραν</span> <span class='ocrx_word' id='word_1_508' title='bbox 964 3608 1231 3681; x_wconf 81' lang='grc' dir='ltr'>ἀμετρίαν</span> <span class='ocrx_word' id='word_1_509' title='bbox 1248 3609 1444 3673; x_wconf 80' lang='grc' dir='ltr'>αὐτοὺς</span> <span class='ocrx_word' id='word_1_510' title='bbox 1473 3608 1741 3681; x_wconf 80' lang='grc' dir='ltr'>ἐξωθησῃ.</span> <span class='ocrx_word' id='word_1_511' title='bbox 1760 3611 1852 3663; x_wconf 75' lang='grc' dir='ltr'>καὶ</span> <span class='ocrx_word' id='word_1_512' title='bbox 1881 3613 2051 3680; x_wconf 85' lang='grc' dir='ltr'>ἀναγ-</span> 
     </span>
    </p>
   </div>
   <div class='ocr_carea' id='block_1_68' title="bbox 468 3692 2051 3764">
    <p class='ocr_par' dir='ltr' id='par_1_68' title="bbox 468 3692 2051 3764">
     <span class='ocr_line' id='line_1_68' title="bbox 468 3692 2051 3764; baseline -0.003 -12"><span class='ocrx_word' id='word_1_513' title='bbox 468 3696 716 3753; x_wconf 86' lang='grc' dir='ltr'>κασθῶσι</span> <span class='ocrx_word' id='word_1_514' title='bbox 747 3694 952 3746; x_wconf 90' lang='grc' dir='ltr'>πλείονι</span> <span class='ocrx_word' id='word_1_515' title='bbox 984 3692 1276 3764; x_wconf 81' lang='grc' dir='ltr'>περιεργίᾳ</span> <span class='ocrx_word' id='word_1_516' title='bbox 1314 3694 1644 3764; x_wconf 77' lang='grc' dir='ltr'>κεχρημένοι</span> <span class='ocrx_word' id='word_1_517' title='bbox 1694 3694 1789 3747; x_wconf 85' lang='grc' dir='ltr'>τοῦ</span> <span class='ocrx_word' id='word_1_518' title='bbox 1840 3695 2051 3760; x_wconf 81' lang='grc' dir='ltr'>δέοντος</span> 
     </span>
    </p>
   </div>
   <div class='ocr_carea' id='block_1_69' title="bbox 460 3767 2050 3851">
    <p class='ocr_par' dir='ltr' id='par_1_69' title="bbox 460 3767 2050 3851">
     <span class='ocr_line' id='line_1_69' title="bbox 460 3767 2050 3851; baseline -0.001 -16"><span class='ocrx_word' id='word_1_519' title='bbox 460 3777 779 3840; x_wconf 76' lang='grc' dir='ltr'>δεδοικέναι,</span> <span class='ocrx_word' id='word_1_520' title='bbox 815 3777 1029 3847; x_wconf 83' lang='grc' dir='ltr'>μήποτε</span> <span class='ocrx_word' id='word_1_521' title='bbox 1060 3776 1155 3828; x_wconf 83' lang='grc' dir='ltr'>καὶ</span> <span class='ocrx_word' id='word_1_522' title='bbox 1187 3767 1527 3843; x_wconf 73' lang='grc' dir='ltr'>ἀγνοούντων</span> <span class='ocrx_word' id='word_1_523' title='bbox 1553 3776 1734 3830; x_wconf 79' lang='grc' dir='ltr'>αὐτῶν</span> <span class='ocrx_word' id='word_1_524' title='bbox 1759 3778 2050 3851; x_wconf 76' lang='grc' dir='ltr'>ἐπεισέλθῃ</span> 
     </span>
    </p>
   </div>
   <div class='ocr_carea' id='block_1_70' title="bbox 458 3858 2049 3931">
    <p class='ocr_par' dir='ltr' id='par_1_70' title="bbox 458 3858 2049 3931">
     <span class='ocr_line' id='line_1_70' title="bbox 458 3858 2049 3931; baseline 0 -17"><span class='ocrx_word' id='word_1_525' title='bbox 458 3880 513 3914; x_wconf 91' lang='grc' dir='ltr'>τι</span> <span class='ocrx_word' id='word_1_526' title='bbox 544 3859 806 3924; x_wconf 87' lang='grc' dir='ltr'>τοιοῦτον,</span> <span class='ocrx_word' id='word_1_527' title='bbox 838 3859 871 3931; x_wconf 78' lang='grc' dir='ltr'>ἦ</span> <span class='ocrx_word' id='word_1_528' title='bbox 896 3858 955 3923; x_wconf 84' lang='grc' dir='ltr'>ἐξ</span> <span class='ocrx_word' id='word_1_529' title='bbox 983 3860 1192 3930; x_wconf 85' lang='grc' dir='ltr'>ἀγορᾶς</span> <span class='ocrx_word' id='word_1_530' title='bbox 1217 3859 1250 3930; x_wconf 82' lang='grc' dir='ltr'>ἦ</span> <span class='ocrx_word' id='word_1_531' title='bbox 1288 3859 1508 3914; x_wconf 83' lang='grc' dir='ltr'>ἄλλοθέν</span> <span class='ocrx_word' id='word_1_532' title='bbox 1534 3859 1719 3926; x_wconf 86' lang='grc' dir='ltr'>ποθεν,</span> <span class='ocrx_word' id='word_1_533' title='bbox 1746 3863 1927 3929; x_wconf 72' lang='grc' dir='ltr'>ἀφιεὶς</span> <span class='ocrx_word' id='word_1_534' title='bbox 1956 3864 2049 3915; x_wconf 82' lang='grc' dir='ltr'>αύ-</span> 
     </span>
    </p>
   </div>
   <div class='ocr_carea' id='block_1_71' title="bbox 458 3942 2046 4018">
    <p class='ocr_par' dir='ltr' id='par_1_71' title="bbox 458 3942 2046 4018">
     <span class='ocr_line' id='line_1_71' title="bbox 458 3942 2046 4018; baseline 0 -19"><span class='ocrx_word' id='word_1_535' title='bbox 458 3948 585 4009; x_wconf 79' lang='grc' dir='ltr'>τοῦς</span> <span class='ocrx_word' id='word_1_536' title='bbox 597 3944 804 4016; x_wconf 84' lang='grc' dir='ltr'>ταύτης</span> <span class='ocrx_word' id='word_1_537' title='bbox 832 3945 931 4015; x_wconf 77' lang='grc' dir='ltr'>τῆς</span> <span class='ocrx_word' id='word_1_538' title='bbox 959 3943 1226 4013; x_wconf 74' lang='grc' dir='ltr'>ἀνάγκης,</span> <span class='ocrx_word' id='word_1_539' title='bbox 1257 3945 1409 4015; x_wconf 80' lang='grc' dir='ltr'>φησί’</span> <span class='ocrx_word' id='word_1_540' title='bbox 1433 3942 1565 4001; x_wconf 87' lang='grc' dir='ltr'>Πᾶν</span> <span class='ocrx_word' id='word_1_541' title='bbox 1585 3946 1648 3999; x_wconf 89' lang='grc' dir='ltr'>τὸ</span> <span class='ocrx_word' id='word_1_542' title='bbox 1674 3945 1745 3999; x_wconf 86' lang='grc' dir='ltr'>ἐν</span> <span class='ocrx_word' id='word_1_543' title='bbox 1766 3945 1914 4018; x_wconf 71' lang='grc'>[220]</span> <span class='ocrx_word' id='word_1_544' title='bbox 1934 3963 2046 4016; x_wconf 81' lang='grc' dir='ltr'>μα-</span> 
     </span>
    </p>
   </div>
   <div class='ocr_carea' id='block_1_72' title="bbox 458 4026 2042 4098">
    <p class='ocr_par' dir='ltr' id='par_1_72' title="bbox 458 4026 2042 4098">
     <span class='ocr_line' id='line_1_72' title="bbox 458 4026 2042 4098; baseline 0.001 -16"><span class='ocrx_word' id='word_1_545' title='bbox 458 4028 657 4098; x_wconf 70' lang='grc' dir='ltr'>κέλλῳ</span> <span class='ocrx_word' id='word_1_546' title='bbox 678 4028 1072 4098; x_wconf 70' lang='grc' dir='ltr'>πωλούμενον</span> <span class='ocrx_word' id='word_1_547' title='bbox 1096 4027 1351 4094; x_wconf 83' lang='grc' dir='ltr'>ἐσθίετε,</span> <span class='ocrx_word' id='word_1_548' title='bbox 1378 4026 1578 4098; x_wconf 84' lang='grc' dir='ltr'>μηδὲν</span> <span class='ocrx_word' id='word_1_549' title='bbox 1598 4029 2042 4096; x_wconf 78' lang='grc' dir='ltr'>ἀνακρίνοντες.</span> 
     </span>
    </p>
   </div>
   <div class='ocr_carea' id='block_1_73' title="bbox 471 4109 2046 4184">
    <p class='ocr_par' dir='ltr' id='par_1_73' title="bbox 471 4109 2046 4184">
     <span class='ocr_line' id='line_1_73' title="bbox 471 4109 2046 4184; baseline -0.003 -16"><span class='ocrx_word' id='word_1_550' title='bbox 471 4114 598 4169; x_wconf 81' lang='grc' dir='ltr'>Ἐὰν</span> <span class='ocrx_word' id='word_1_551' title='bbox 629 4111 738 4184; x_wconf 88' lang='grc' dir='ltr'>γὰρ</span> <span class='ocrx_word' id='word_1_552' title='bbox 769 4110 1001 4180; x_wconf 88' lang='grc' dir='ltr'>ἀγνοῶν,</span> <span class='ocrx_word' id='word_1_553' title='bbox 1043 4110 1199 4181; x_wconf 81' lang='grc' dir='ltr'>φησί,</span> <span class='ocrx_word' id='word_1_554' title='bbox 1246 4110 1425 4181; x_wconf 72' lang='grc' dir='ltr'>φάγῃς</span> <span class='ocrx_word' id='word_1_555' title='bbox 1476 4110 1571 4163; x_wconf 74' lang='grc' dir='ltr'>καὶ</span> <span class='ocrx_word' id='word_1_556' title='bbox 1619 4110 1692 4182; x_wconf 73' lang='grc' dir='ltr'>μὴ</span> <span class='ocrx_word' id='word_1_557' title='bbox 1728 4109 1905 4174; x_wconf 85' lang='grc' dir='ltr'>εἰδὼς,</span> <span class='ocrx_word' id='word_1_558' title='bbox 1947 4111 2046 4181; x_wconf 79' lang='grc' dir='ltr'>οὐχ</span> 
     </span>
    </p>
   </div>
   <div class='ocr_carea' id='block_1_74' title="bbox 457 4194 2045 4267">
    <p class='ocr_par' dir='ltr' id='par_1_74' title="bbox 457 4194 2045 4267">
     <span class='ocr_line' id='line_1_74' title="bbox 457 4194 2045 4267; baseline -0.001 -17"><span class='ocrx_word' id='word_1_559' title='bbox 457 4198 748 4250; x_wconf 82' lang='grc' dir='ltr'>ύπόκεισαι</span> <span class='ocrx_word' id='word_1_560' title='bbox 788 4198 854 4267; x_wconf 74' lang='grc' dir='ltr'>τῇ</span> <span class='ocrx_word' id='word_1_561' title='bbox 891 4194 1130 4265; x_wconf 84' lang='grc' dir='ltr'>τιμωρίᾳ</span> <span class='ocrx_word' id='word_1_562' title='bbox 1160 4212 1174 4226; x_wconf 90' lang='grc'><strong>·</strong></span> <span class='ocrx_word' id='word_1_563' title='bbox 1210 4194 1310 4265; x_wconf 81' lang='grc' dir='ltr'>τῆς</span> <span class='ocrx_word' id='word_1_564' title='bbox 1350 4194 1458 4266; x_wconf 89' lang='lat'>7&amp;9</span> <span class='ocrx_word' id='word_1_565' title='bbox 1495 4194 1717 4263; x_wconf 81' lang='grc' dir='ltr'>ἀγνοίας</span> <span class='ocrx_word' id='word_1_566' title='bbox 1759 4194 1943 4249; x_wconf 71' lang='grc' dir='ltr'>λοιπὸν</span> <span class='ocrx_word' id='word_1_567' title='bbox 1984 4196 2045 4248; x_wconf 88' lang='grc' dir='ltr'>τὸ</span> 
     </span>
    </p>
   </div>
   <div class='ocr_carea' id='block_1_75' title="bbox 457 4277 2046 4352">
    <p class='ocr_par' dir='ltr' id='par_1_75' title="bbox 457 4277 2046 4352">
     <span class='ocr_line' id='line_1_75' title="bbox 457 4277 2046 4352; baseline 0 -20"><span class='ocrx_word' id='word_1_568' title='bbox 457 4283 713 4352; x_wconf 73' lang='grc' dir='ltr'>πρᾶγμα,</span> <span class='ocrx_word' id='word_1_569' title='bbox 751 4279 872 4349; x_wconf 77' lang='grc' dir='ltr'>ούχί.</span> <span class='ocrx_word' id='word_1_570' title='bbox 908 4278 1006 4348; x_wconf 81' lang='grc' dir='ltr'>τῆς</span> <span class='ocrx_word' id='word_1_571' title='bbox 1041 4277 1395 4349; x_wconf 88' lang='grc' dir='ltr'>λαιμαργίας.</span> <span class='ocrx_word' id='word_1_572' title='bbox 1430 4278 1538 4331; x_wconf 81' lang='lat' dir='ltr'>Ka‘:</span> <span class='ocrx_word' id='word_1_573' title='bbox 1565 4278 1627 4330; x_wconf 89' lang='grc' dir='ltr'>ού</span> <span class='ocrx_word' id='word_1_574' title='bbox 1655 4277 1858 4350; x_wconf 86' lang='grc' dir='ltr'>ταύτης</span> <span class='ocrx_word' id='word_1_575' title='bbox 1885 4279 2046 4350; x_wconf 90' lang='grc' dir='ltr'>μόνον</span> 
     </span>
    </p>
   </div>
   <div class='ocr_carea' id='block_1_76' title="bbox 457 4360 2042 4432">
    <p class='ocr_par' dir='ltr' id='par_1_76' title="bbox 457 4360 2042 4432">
     <span class='ocr_line' id='line_1_76' title="bbox 457 4360 2042 4432; baseline -0.002 -15"><span class='ocrx_word' id='word_1_576' title='bbox 457 4366 654 4425; x_wconf 76' lang='grc' dir='ltr'>αὐτοὺς</span> <span class='ocrx_word' id='word_1_577' title='bbox 676 4361 1008 4417; x_wconf 82' lang='grc' dir='ltr'>ἀπαλλάττει</span> <span class='ocrx_word' id='word_1_578' title='bbox 1050 4360 1151 4431; x_wconf 78' lang='grc' dir='ltr'>τῆς</span> <span class='ocrx_word' id='word_1_579' title='bbox 1199 4362 1456 4429; x_wconf 86' lang='grc' dir='ltr'>ἀγωνίας,</span> <span class='ocrx_word' id='word_1_580' title='bbox 1503 4360 1639 4414; x_wconf 89' lang='grc' dir='ltr'>ἀλλά</span> <span class='ocrx_word' id='word_1_581' title='bbox 1685 4361 1780 4414; x_wconf 69' lang='grc' dir='ltr'>καὶ</span> <span class='ocrx_word' id='word_1_582' title='bbox 1828 4361 2042 4432; x_wconf 87' lang='grc' dir='ltr'>ἐτέρας,</span> 
     </span>
    </p>
   </div>
   <div class='ocr_carea' id='block_1_77' title="bbox 458 4442 2040 4516">
    <p class='ocr_par' dir='ltr' id='par_1_77' title="bbox 458 4442 2040 4516">
     <span class='ocr_line' id='line_1_77' title="bbox 458 4442 2040 4516; baseline -0.002 -15"><span class='ocrx_word' id='word_1_583' title='bbox 458 4446 660 4516; x_wconf 83' lang='grc' dir='ltr'>πολλὴν</span> <span class='ocrx_word' id='word_1_584' title='bbox 690 4445 877 4498; x_wconf 74' lang='grc' dir='ltr'>ἄδειαν</span> <span class='ocrx_word' id='word_1_585' title='bbox 904 4442 995 4496; x_wconf 77' lang='grc' dir='ltr'>καὶ</span> <span class='ocrx_word' id='word_1_586' title='bbox 1031 4442 1347 4516; x_wconf 86' lang='grc' dir='ltr'>ἐλευθερίαν</span> <span class='ocrx_word' id='word_1_587' title='bbox 1374 4444 1559 4507; x_wconf 79' lang='grc' dir='ltr'>αὐτοῖς</span> <span class='ocrx_word' id='word_1_588' title='bbox 1595 4445 2040 4509; x_wconf 74' lang='grc' dir='ltr'>κατασκευάζων.</span> 
     </span>
    </p>
   </div>
   <div class='ocr_carea' id='block_1_78' title="bbox 456 4526 2042 4601">
    <p class='ocr_par' dir='ltr' id='par_1_78' title="bbox 456 4526 2042 4601">
     <span class='ocr_line' id='line_1_78' title="bbox 456 4526 2042 4601; baseline -0.001 -19"><span class='ocrx_word' id='word_1_589' title='bbox 456 4528 590 4582; x_wconf 83' lang='grc' dir='ltr'><strong>Οὐδὲ</strong></span> <span class='ocrx_word' id='word_1_590' title='bbox 630 4527 740 4597; x_wconf 82' lang='grc' dir='ltr'>γάρ</span> <span class='ocrx_word' id='word_1_591' title='bbox 783 4526 1097 4601; x_wconf 84' lang='grc' dir='ltr'>ἀνακρίνειν</span> <span class='ocrx_word' id='word_1_592' title='bbox 1147 4526 1365 4597; x_wconf 86' lang='grc' dir='ltr'>ἀφίησι,</span> <span class='ocrx_word' id='word_1_593' title='bbox 1414 4526 1713 4593; x_wconf 79' lang='grc' dir='ltr'>τουτέστιν,</span> <span class='ocrx_word' id='word_1_594' title='bbox 1769 4526 2042 4593; x_wconf 77' lang='grc' dir='ltr'>ἐξετάζειν</span> 
     </span>
    </p>
   </div>
   <div class='ocr_carea' id='block_1_79' title="bbox 455 4605 2037 4680">
    <p class='ocr_par' dir='ltr' id='par_1_79' title="bbox 455 4605 2037 4680">
     <span class='ocr_line' id='line_1_79' title="bbox 455 4605 2037 4680; baseline -0.001 -15"><span class='ocrx_word' id='word_1_595' title='bbox 455 4610 550 4665; x_wconf 75' lang='grc' dir='ltr'>καὶ</span> <span class='ocrx_word' id='word_1_596' title='bbox 579 4605 971 4670; x_wconf 84' lang='grc' dir='ltr'>πυνθάνεσθαι,</span> <span class='ocrx_word' id='word_1_597' title='bbox 992 4608 1105 4661; x_wconf 73' lang='grc' dir='ltr'>εἴτε</span> <span class='ocrx_word' id='word_1_598' title='bbox 1130 4607 1499 4673; x_wconf 85' lang='grc' dir='ltr'>εἰδωλόθυτον,</span> <span class='ocrx_word' id='word_1_599' title='bbox 1525 4610 1635 4663; x_wconf 84' lang='grc' dir='ltr'>είτε</span> <span class='ocrx_word' id='word_1_600' title='bbox 1663 4609 1740 4680; x_wconf 79' lang='grc' dir='ltr'>μὴ</span> <span class='ocrx_word' id='word_1_601' title='bbox 1764 4608 2002 4663; x_wconf 87' lang='grc' dir='ltr'>τοιοῦτον</span> <span class='ocrx_word' id='word_1_602' title='bbox 2023 4626 2037 4639; x_wconf 82' lang='grc'><em>’</em></span> 
     </span>
    </p>
   </div>
   <div class='ocr_carea' id='block_1_80' title="bbox 452 4686 2042 4761">
    <p class='ocr_par' dir='ltr' id='par_1_80' title="bbox 452 4686 2042 4761">
     <span class='ocr_line' id='line_1_80' title="bbox 452 4686 2042 4761; baseline -0.001 -14"><span class='ocrx_word' id='word_1_603' title='bbox 452 4692 571 4747; x_wconf 91' lang='grc' dir='ltr'>ἀλλ’</span> <span class='ocrx_word' id='word_1_604' title='bbox 613 4687 802 4754; x_wconf 84' lang='grc' dir='ltr'>ἀπλῶς</span> <span class='ocrx_word' id='word_1_605' title='bbox 841 4686 1045 4744; x_wconf 84' lang='grc' dir='ltr'>ἐσθίειν</span> <span class='ocrx_word' id='word_1_606' title='bbox 1077 4689 1221 4743; x_wconf 77' lang='grc' dir='ltr'>άπαν</span> <span class='ocrx_word' id='word_1_607' title='bbox 1262 4689 1323 4742; x_wconf 91' lang='lat'>:0</span> <span class='ocrx_word' id='word_1_608' title='bbox 1367 4690 1427 4754; x_wconf 83' lang='grc' dir='ltr'>ἐξ</span> <span class='ocrx_word' id='word_1_609' title='bbox 1460 4691 1685 4761; x_wconf 80' lang='grc' dir='ltr'>ἀγορᾶς,</span> <span class='ocrx_word' id='word_1_610' title='bbox 1724 4691 1859 4761; x_wconf 83' lang='grc' dir='ltr'>μηδὲ</span> <span class='ocrx_word' id='word_1_611' title='bbox 1884 4690 2042 4746; x_wconf 88' lang='grc' dir='ltr'>τοῦτο</span> 
     </span>
    </p>
   </div>
   <div class='ocr_carea' id='block_1_81' title="bbox 455 4772 2040 4847">
    <p class='ocr_par' dir='ltr' id='par_1_81' title="bbox 455 4772 2040 4847">
     <span class='ocr_line' id='line_1_81' title="bbox 455 4772 2040 4847; baseline 0.001 -19"><span class='ocrx_word' id='word_1_612' title='bbox 455 4776 768 4847; x_wconf 80' lang='grc' dir='ltr'>μανθάνειν,</span> <span class='ocrx_word' id='word_1_613' title='bbox 798 4775 828 4831; x_wconf 86' lang='grc' dir='ltr'><strong>ὃ</strong></span> <span class='ocrx_word' id='word_1_614' title='bbox 848 4790 900 4827; x_wconf 91' lang='grc' dir='ltr'>τι</span> <span class='ocrx_word' id='word_1_615' title='bbox 924 4772 1055 4827; x_wconf 82' lang='grc' dir='ltr'>ποτέ</span> <span class='ocrx_word' id='word_1_616' title='bbox 1084 4774 1202 4826; x_wconf 75' lang='grc' dir='ltr'>ἐστι</span> <span class='ocrx_word' id='word_1_617' title='bbox 1239 4772 1299 4825; x_wconf 84' lang='grc' dir='ltr'>τὸ</span> <span class='ocrx_word' id='word_1_618' title='bbox 1321 4772 1702 4843; x_wconf 87' lang='grc' dir='ltr'>προκείμενον.</span> <span class='ocrx_word' id='word_1_619' title='bbox 1738 4774 1900 4827; x_wconf 83' lang='grc' dir='ltr'>Ὥστε</span> <span class='ocrx_word' id='word_1_620' title='bbox 1924 4776 2040 4830; x_wconf 78' lang='grc' dir='ltr'>ἔστι</span> 
     </span>
    </p>
   </div>
   <div class='ocr_carea' id='block_1_82' title="bbox 451 4854 2037 4932">
    <p class='ocr_par' dir='ltr' id='par_1_82' title="bbox 451 4854 2037 4932">
     <span class='ocr_line' id='line_1_82' title="bbox 451 4854 2037 4932; baseline -0.001 -17"><span class='ocrx_word' id='word_1_621' title='bbox 451 4861 546 4915; x_wconf 80' lang='grc' dir='ltr'>καὶ</span> <span class='ocrx_word' id='word_1_622' title='bbox 576 4859 822 4929; x_wconf 81' lang='grc' dir='ltr'>φαγόντα</span> <span class='ocrx_word' id='word_1_623' title='bbox 843 4858 872 4899; x_wconf 73' lang='grc' dir='ltr'>δ</span> <span class='ocrx_word' id='word_1_624' title='bbox 910 4856 1209 4926; x_wconf 81' lang='grc' dir='ltr'>ἀγνοοῦντα</span> <span class='ocrx_word' id='word_1_625' title='bbox 1241 4854 1607 4928; x_wconf 86' lang='grc' dir='ltr'>ἀπηλλάχθαι.</span> <span class='ocrx_word' id='word_1_626' title='bbox 1644 4856 1882 4912; x_wconf 86' lang='grc' dir='ltr'>Τοιαῦτα</span> <span class='ocrx_word' id='word_1_627' title='bbox 1927 4860 2037 4932; x_wconf 83' lang='lat'>7&amp;9</span> 
     </span>
    </p>
   </div>
   <div class='ocr_carea' id='block_1_83' title="bbox 448 4940 2038 5014">
    <p class='ocr_par' dir='ltr' id='par_1_83' title="bbox 448 4940 2038 5014">
     <span class='ocr_line' id='line_1_83' title="bbox 448 4940 2038 5014; baseline 0.001 -19"><span class='ocrx_word' id='word_1_628' title='bbox 448 4944 519 4995; x_wconf 75' lang='grc' dir='ltr'>τά</span> <span class='ocrx_word' id='word_1_629' title='bbox 580 4942 657 5013; x_wconf 80' lang='grc' dir='ltr'>μὴ</span> <span class='ocrx_word' id='word_1_630' title='bbox 704 4946 773 5014; x_wconf 77' lang='grc' dir='ltr'>τῇ</span> <span class='ocrx_word' id='word_1_631' title='bbox 826 4942 983 5012; x_wconf 84' lang='grc' dir='ltr'>φύσει</span> <span class='ocrx_word' id='word_1_632' title='bbox 1038 4940 1273 5013; x_wconf 80' lang='grc' dir='ltr'>πονηρά,</span> <span class='ocrx_word' id='word_1_633' title='bbox 1312 4940 1428 4996; x_wconf 85' lang='grc' dir='ltr'>ἀλλ’</span> <span class='ocrx_word' id='word_1_634' title='bbox 1473 4940 1583 4999; x_wconf 80' lang='grc' dir='ltr'>ἀπὸ</span> <span class='ocrx_word' id='word_1_635' title='bbox 1639 4941 1741 5012; x_wconf 81' lang='grc' dir='ltr'>τῆς</span> <span class='ocrx_word' id='word_1_636' title='bbox 1797 4942 2038 5009; x_wconf 88' lang='grc' dir='ltr'>διανοίας</span> 
     </span>
    </p>
   </div>
   <div class='ocr_carea' id='block_1_84' title="bbox 449 5023 2096 5097">
    <p class='ocr_par' dir='ltr' id='par_1_84' title="bbox 449 5023 2096 5097">
     <span class='ocr_line' id='line_1_84' title="bbox 449 5023 2096 5097; baseline 0.002 -20"><span class='ocrx_word' id='word_1_637' title='bbox 449 5024 709 5079; x_wconf 84' lang='grc' dir='ltr'>ποιοῦντα</span> <span class='ocrx_word' id='word_1_638' title='bbox 738 5026 798 5077; x_wconf 89' lang='lat'>:0</span> <span class='ocrx_word' id='word_1_639' title='bbox 826 5025 1159 5096; x_wconf 82' lang='grc' dir='ltr'>ἀκάθαρτον.</span> <span class='ocrx_word' id='word_1_640' title='bbox 1192 5024 1290 5079; x_wconf 84' lang='grc' dir='ltr'>Διά</span> <span class='ocrx_word' id='word_1_641' title='bbox 1317 5023 1476 5082; x_wconf 84' lang='grc' dir='ltr'>τοῦτό</span> <span class='ocrx_word' id='word_1_642' title='bbox 1496 5042 1650 5097; x_wconf 81' lang='grc' dir='ltr'>φησι,</span> <span class='ocrx_word' id='word_1_643' title='bbox 1666 5024 1873 5093; x_wconf 82' lang='grc' dir='ltr'>Μηδὲν</span> <span class='ocrx_word' id='word_1_644' title='bbox 1886 5027 2035 5083; x_wconf 75' lang='grc' dir='ltr'>ἀνα·</span> <span class='ocrx_word' id='word_1_645' title='bbox 2091 5088 2096 5092; x_wconf 28' lang='grc' dir='ltr'>ι</span> 
     </span>
    </p>
   </div>
   <div class='ocr_carea' id='block_1_85' title="bbox 451 5106 2034 5178">
    <p class='ocr_par' dir='ltr' id='par_1_85' title="bbox 451 5106 2034 5178">
     <span class='ocr_line' id='line_1_85' title="bbox 451 5106 2034 5178; baseline 0.002 -17"><span class='ocrx_word' id='word_1_646' title='bbox 451 5109 782 5178; x_wconf 75' lang='grc' dir='ltr'>κρίνοντες.</span> <span class='ocrx_word' id='word_1_647' title='bbox 833 5106 942 5160; x_wconf 87' lang='grc' dir='ltr'>Τοῦ</span> <span class='ocrx_word' id='word_1_648' title='bbox 983 5107 1093 5175; x_wconf 77' lang='grc' dir='ltr'>γὰρ</span> <span class='ocrx_word' id='word_1_649' title='bbox 1126 5108 1348 5174; x_wconf 89' lang='grc' dir='ltr'>Κυρίου</span> <span class='ocrx_word' id='word_1_650' title='bbox 1390 5110 1429 5178; x_wconf 72' lang='grc' dir='ltr'><strong><em>ἡ</em></strong></span> <span class='ocrx_word' id='word_1_651' title='bbox 1460 5107 1536 5177; x_wconf 78' lang='grc' dir='ltr'>τῆ</span> <span class='ocrx_word' id='word_1_652' title='bbox 1570 5108 1669 5164; x_wconf 81' lang='grc' dir='ltr'>καί</span> <span class='ocrx_word' id='word_1_653' title='bbox 1695 5107 1762 5164; x_wconf 87' lang='grc' dir='ltr'>τὸ</span> <span class='ocrx_word' id='word_1_654' title='bbox 1793 5107 2034 5178; x_wconf 74' lang='grc' dir='ltr'>πλήρω-</span> 
     </span>
    </p>
   </div>
   <div class='ocr_carea' id='block_1_86' title="bbox 447 5188 2034 5265">
    <p class='ocr_par' dir='ltr' id='par_1_86' title="bbox 447 5188 2034 5265">
     <span class='ocr_line' id='line_1_86' title="bbox 447 5188 2034 5265; baseline 0.001 -19"><span class='ocrx_word' id='word_1_655' title='bbox 447 5208 530 5262; x_wconf 81' lang='grc' dir='ltr'>μα</span> <span class='ocrx_word' id='word_1_656' title='bbox 554 5188 767 5260; x_wconf 76' lang='grc' dir='ltr'>αὐτῆς,</span> <span class='ocrx_word' id='word_1_657' title='bbox 830 5188 950 5259; x_wconf 75' lang='grc' dir='ltr'>οὐχὶ</span> <span class='ocrx_word' id='word_1_658' title='bbox 993 5188 1101 5241; x_wconf 85' lang='grc' dir='ltr'>τῶν</span> <span class='ocrx_word' id='word_1_659' title='bbox 1137 5189 1427 5258; x_wconf 87' lang='grc' dir='ltr'>δαιμόνων.</span> <span class='ocrx_word' id='word_1_660' title='bbox 1472 5192 1534 5245; x_wconf 85' lang='grc' dir='ltr'>Εἰ</span> <span class='ocrx_word' id='word_1_661' title='bbox 1575 5193 1633 5247; x_wconf 85' lang='grc' dir='ltr'>δέ</span> <span class='ocrx_word' id='word_1_662' title='bbox 1667 5193 1801 5265; x_wconf 85' lang='grc' dir='ltr'>ήγῆ</span> <span class='ocrx_word' id='word_1_663' title='bbox 1842 5194 1939 5248; x_wconf 69' lang='grc' dir='ltr'>κα)⁸</span> <span class='ocrx_word' id='word_1_664' title='bbox 1985 5196 2034 5249; x_wconf 89' lang='grc' dir='ltr'>οί</span> 
     </span>
    </p>
   </div>
   <div class='ocr_carea' id='block_1_87' title="bbox 450 5270 2029 5351">
    <p class='ocr_par' dir='ltr' id='par_1_87' title="bbox 450 5270 2029 5351">
     <span class='ocr_line' id='line_1_87' title="bbox 450 5270 2029 5351; baseline -0.001 -20"><span class='ocrx_word' id='word_1_665' title='bbox 450 5275 655 5349; x_wconf 65' lang='grc' dir='ltr'>καρποὶ</span> <span class='ocrx_word' id='word_1_666' title='bbox 681 5275 776 5330; x_wconf 76' lang='grc' dir='ltr'>καὶ</span> <span class='ocrx_word' id='word_1_667' title='bbox 804 5272 872 5329; x_wconf 89' lang='grc' dir='ltr'>τά</span> <span class='ocrx_word' id='word_1_668' title='bbox 901 5272 1070 5342; x_wconf 83' lang='grc' dir='ltr'>ἄλογα</span> <span class='ocrx_word' id='word_1_669' title='bbox 1093 5270 1256 5325; x_wconf 75' lang='grc' dir='ltr'>αὐτοῦ</span> <span class='ocrx_word' id='word_1_670' title='bbox 1288 5273 1485 5337; x_wconf 90' lang='grc' dir='ltr'>πάντα,</span> <span class='ocrx_word' id='word_1_671' title='bbox 1515 5276 1666 5333; x_wconf 77' lang='grc' dir='ltr'>οὐδὲν</span> <span class='ocrx_word' id='word_1_672' title='bbox 1688 5277 2029 5351; x_wconf 87' lang='grc' dir='ltr'>ἀκάθαρτον·</span> 
     </span>
    </p>
   </div>
   <div class='ocr_carea' id='block_1_88' title="bbox 448 5354 2032 5432">
    <p class='ocr_par' dir='ltr' id='par_1_88' title="bbox 448 5354 2032 5432">
     <span class='ocr_line' id='line_1_88' title="bbox 448 5354 2032 5432; baseline -0.001 -17"><span class='ocrx_word' id='word_1_673' title='bbox 448 5361 561 5415; x_wconf 77' lang='grc' dir='ltr'>ἀλλ’</span> <span class='ocrx_word' id='word_1_674' title='bbox 602 5360 804 5432; x_wconf 82' lang='grc' dir='ltr'>ἑτέρως</span> <span class='ocrx_word' id='word_1_675' title='bbox 827 5356 1136 5427; x_wconf 87' lang='grc' dir='ltr'>ἀκάθαρτον</span> <span class='ocrx_word' id='word_1_676' title='bbox 1161 5354 1388 5423; x_wconf 86' lang='grc' dir='ltr'>γίνεται,</span> <span class='ocrx_word' id='word_1_677' title='bbox 1418 5355 1524 5408; x_wconf 85' lang='grc' dir='ltr'>ἀπὸ</span> <span class='ocrx_word' id='word_1_678' title='bbox 1554 5358 1652 5427; x_wconf 85' lang='grc' dir='ltr'>τῆς</span> <span class='ocrx_word' id='word_1_679' title='bbox 1671 5358 1911 5424; x_wconf 87' lang='grc' dir='ltr'>διανοίας</span> <span class='ocrx_word' id='word_1_680' title='bbox 1938 5362 2032 5416; x_wconf 80' lang='grc' dir='ltr'>καί</span> 
     </span>
    </p>
   </div>
   <div class='ocr_carea' id='block_1_89' title="bbox 449 5437 2028 5516">
    <p class='ocr_par' dir='ltr' id='par_1_89' title="bbox 449 5437 2028 5516">
     <span class='ocr_line' id='line_1_89' title="bbox 449 5437 2028 5516; baseline -0.001 -19"><span class='ocrx_word' id='word_1_681' title='bbox 449 5445 558 5502; x_wconf 80' lang='grc' dir='ltr'>ἀπὸ</span> <span class='ocrx_word' id='word_1_682' title='bbox 607 5445 702 5516; x_wconf 80' lang='grc' dir='ltr'>τῆς</span> <span class='ocrx_word' id='word_1_683' title='bbox 738 5442 1042 5516; x_wconf 84' lang='grc' dir='ltr'>παρακοῆς.</span> <span class='ocrx_word' id='word_1_684' title='bbox 1086 5438 1186 5497; x_wconf 76' lang='grc' dir='ltr'>Διὰ</span> <span class='ocrx_word' id='word_1_685' title='bbox 1214 5437 1370 5494; x_wconf 82' lang='grc' dir='ltr'>τοῦτο</span> <span class='ocrx_word' id='word_1_686' title='bbox 1419 5439 1478 5493; x_wconf 79' lang='grc' dir='ltr'>ού</span> <span class='ocrx_word' id='word_1_687' title='bbox 1522 5440 1681 5511; x_wconf 89' lang='grc' dir='ltr'>μόνον</span> <span class='ocrx_word' id='word_1_688' title='bbox 1710 5442 2028 5513; x_wconf 82' lang='grc' dir='ltr'>ἐπέτρεψεν,</span> 
     </span>
    </p>
   </div>
   <div class='ocr_carea' id='block_1_90' title="bbox 451 5521 2032 5594">
    <p class='ocr_par' dir='ltr' id='par_1_90' title="bbox 451 5521 2032 5594">
     <span class='ocr_line' id='line_1_90' title="bbox 451 5521 2032 5594; baseline 0.001 -17"><span class='ocrx_word' id='word_1_689' title='bbox 451 5526 584 5578; x_wconf 84' lang='grc' dir='ltr'>αλλά</span> <span class='ocrx_word' id='word_1_690' title='bbox 616 5528 728 5590; x_wconf 78' lang='grc' dir='ltr'>καὶ,</span> <span class='ocrx_word' id='word_1_691' title='bbox 793 5525 936 5581; x_wconf 78' lang='grc' dir='ltr'>Ἐάν</span> <span class='ocrx_word' id='word_1_692' title='bbox 967 5542 1058 5591; x_wconf 85' lang='grc' dir='ltr'>τις</span> <span class='ocrx_word' id='word_1_693' title='bbox 1101 5521 1277 5594; x_wconf 80' lang='grc' dir='ltr'>ὑμᾶς,</span> <span class='ocrx_word' id='word_1_694' title='bbox 1327 5525 1481 5594; x_wconf 85' lang='grc' dir='ltr'>φησὶ,</span> <span class='ocrx_word' id='word_1_695' title='bbox 1535 5522 1697 5593; x_wconf 73' lang='grc' dir='ltr'>καλῇ</span> <span class='ocrx_word' id='word_1_696' title='bbox 1734 5526 1852 5581; x_wconf 87' lang='grc' dir='ltr'>τῶν</span> <span class='ocrx_word' id='word_1_697' title='bbox 1897 5527 2032 5580; x_wconf 81' lang='grc' dir='ltr'>ἀπί-</span> 
     </span>
    </p>
   </div>
   <div class='ocr_carea' id='block_1_91' title="bbox 511 5636 2030 5712">
    <p class='ocr_par' dir='ltr' id='par_1_91' title="bbox 511 5636 2030 5712">
     <span class='ocr_line' id='line_1_91' title="bbox 511 5636 2030 5712; baseline -0.001 -25"><span class='ocrx_word' id='word_1_698' title='bbox 511 5636 542 5668; x_wconf 77' lang='grc'><strong>⁸</strong></span> <span class='ocrx_word' id='word_1_699' title='bbox 560 5636 773 5712; x_wconf 41' lang='lat' dir='ltr'>Statilius</span> <span class='ocrx_word' id='word_1_700' title='bbox 795 5639 1069 5712; x_wconf 62' lang='lat' dir='ltr'>conjicth</span> <span class='ocrx_word' id='word_1_701' title='bbox 1089 5638 1190 5712; x_wconf 75' lang='grc' dir='ltr'>τοῖς</span> <span class='ocrx_word' id='word_1_702' title='bbox 1210 5637 1500 5712; x_wconf 41' lang='grc' dir='ltr'>είδωλείοιςκ</span> <span class='ocrx_word' id='word_1_703' title='bbox 1547 5637 1577 5679; x_wconf 71' lang='grc' dir='ltr'>δ</span> <span class='ocrx_word' id='word_1_704' title='bbox 1592 5639 1739 5712; x_wconf 78' lang='lat' dir='ltr'>Re_g.,</span> <span class='ocrx_word' id='word_1_705' title='bbox 1760 5639 2030 5712; x_wconf 48' lang='grc' dir='ltr'>τὸμρσιιείο</span> 
     </span>
    </p>
   </div>
   <div class='ocr_carea' id='block_1_92' title="bbox 511 5699 2029 5763">
    <p class='ocr_par' dir='ltr' id='par_1_92' title="bbox 511 5699 2029 5763">
     <span class='ocr_line' id='line_1_92' title="bbox 511 5699 2029 5763; baseline 0.003 -19"><span class='ocrx_word' id='word_1_706' title='bbox 511 5714 605 5747; x_wconf 83' lang='grc' dir='ltr'>νον·</span> <span class='ocrx_word' id='word_1_707' title='bbox 628 5700 755 5763; x_wconf 75' lang='grc' dir='ltr'>ῷστι</span> <span class='ocrx_word' id='word_1_708' title='bbox 780 5711 850 5763; x_wconf 75' lang='grc' dir='ltr'>μή</span> <span class='ocrx_word' id='word_1_709' title='bbox 874 5702 1027 5763; x_wconf 77' lang='grc' dir='ltr'>ἐαυτῷ</span> <span class='ocrx_word' id='word_1_710' title='bbox 1072 5701 1291 5762; x_wconf 60' lang='grc' dir='ltr'>παρέχειν</span> <span class='ocrx_word' id='word_1_711' title='bbox 1335 5699 1625 5761; x_wconf 73' lang='grc' dir='ltr'>ἀνακρίσεως</span> <span class='ocrx_word' id='word_1_712' title='bbox 1649 5699 1885 5763; x_wconf 51' lang='grc' dir='ltr'>ἀφορμάς-⁷</span> <span class='ocrx_word' id='word_1_713' title='bbox 1906 5702 2029 5750; x_wconf 78' lang='grc' dir='ltr'>ὥστε</span> 
     </span>
    </p>
   </div>
   <div class='ocr_carea' id='block_1_93' title="bbox 450 5714 900 5825">
    <p class='ocr_par' dir='ltr' id='par_1_93' title="bbox 450 5714 900 5825">
     <span class='ocr_line' id='line_1_93' title="bbox 511 5714 900 5759; baseline 0.003 -15"><span class='ocrx_word' id='word_1_714' title='bbox 511 5714 605 5747; x_wconf 82' lang='grc' dir='ltr'>νον·</span> <span class='ocrx_word' id='word_1_715' title='bbox 628 5715 755 5752; x_wconf 81' lang='grc' dir='ltr'>ωστι</span> <span class='ocrx_word' id='word_1_716' title='bbox 785 5714 850 5759; x_wconf 82' lang='grc' dir='ltr'>μη</span> <span class='ocrx_word' id='word_1_717' title='bbox 874 5714 900 5750; x_wconf 72' lang='grc' dir='ltr'>ει</span> 
     </span>
     <span class='ocr_line' id='line_1_94' title="bbox 450 5714 900 5825; baseline -0.002 -16"><span class='ocrx_word' id='word_1_718' title='bbox 450 5714 551 5815; x_wconf 53' lang='grc' dir='ltr'>ἔτι</span> <span class='ocrx_word' id='word_1_719' title='bbox 572 5760 649 5809; x_wconf 73' lang='grc' dir='ltr'>καὶ</span> <span class='ocrx_word' id='word_1_720' title='bbox 672 5761 900 5825; x_wconf 76' lang='grc' dir='ltr'>φαγόντα.</span> 
     </span>
    </p>
   </div>
   <div class='ocr_carea' id='block_1_94' title="bbox 2160 2917 3736 2987">
    <p class='ocr_par' dir='ltr' id='par_1_94' title="bbox 2160 2917 3736 2987">
     <span class='ocr_line' id='line_1_95' title="bbox 2160 2917 3736 2987; baseline 0.002 -15"><span class='ocrx_word' id='word_1_721' title='bbox 2160 2934 2343 2983; x_wconf 87' lang='grc' dir='ltr'>στων,</span> <span class='ocrx_word' id='word_1_722' title='bbox 2380 2917 2476 2972; x_wconf 76' lang='grc' dir='ltr'>καί</span> <span class='ocrx_word' id='word_1_723' title='bbox 2510 2917 2724 2986; x_wconf 78' lang='grc' dir='ltr'>θέλητε</span> <span class='ocrx_word' id='word_1_724' title='bbox 2766 2918 3142 2986; x_wconf 81' lang='grc' dir='ltr'>πορεύεσθαι,</span> <span class='ocrx_word' id='word_1_725' title='bbox 3189 2917 3313 2973; x_wconf 75' lang='grc' dir='ltr'>πᾶν</span> <span class='ocrx_word' id='word_1_726' title='bbox 3338 2917 3403 2972; x_wconf 80' lang='grc' dir='ltr'>τὸ</span> <span class='ocrx_word' id='word_1_727' title='bbox 3425 2919 3736 2987; x_wconf 73' lang='grc' dir='ltr'>παρατιθὰ</span> 
     </span>
    </p>
   </div>
   <div class='ocr_carea' id='block_1_95' title="bbox 2152 3000 3737 3072">
    <p class='ocr_par' dir='ltr' id='par_1_95' title="bbox 2152 3000 3737 3072">
     <span class='ocr_line' id='line_1_96' title="bbox 2152 3000 3737 3072; baseline 0.003 -19"><span class='ocrx_word' id='word_1_728' title='bbox 2152 3017 2344 3069; x_wconf 80' lang='grc' dir='ltr'>μενον</span> <span class='ocrx_word' id='word_1_729' title='bbox 2371 3000 2513 3069; x_wconf 81' lang='grc' dir='ltr'>ὑμῖν</span> <span class='ocrx_word' id='word_1_730' title='bbox 2543 3001 2793 3065; x_wconf 84' lang='grc' dir='ltr'>ἐσθίετε,</span> <span class='ocrx_word' id='word_1_731' title='bbox 2821 3000 3017 3070; x_wconf 79' lang='grc' dir='ltr'>μηδὲν</span> <span class='ocrx_word' id='word_1_732' title='bbox 3043 3000 3473 3069; x_wconf 79' lang='grc' dir='ltr'>ἀνακρίνοντες</span> <span class='ocrx_word' id='word_1_733' title='bbox 3499 3001 3594 3056; x_wconf 84' lang='grc' dir='ltr'>διὰ</span> <span class='ocrx_word' id='word_1_734' title='bbox 3621 3003 3737 3072; x_wconf 80' lang='grc' dir='ltr'>τὴν</span> 
     </span>
    </p>
   </div>
   <div class='ocr_carea' id='block_1_96' title="bbox 2158 3083 3731 3157">
    <p class='ocr_par' dir='ltr' id='par_1_96' title="bbox 2158 3083 3731 3157">
     <span class='ocr_line' id='line_1_97' title="bbox 2158 3083 3731 3157; baseline 0 -19"><span class='ocrx_word' id='word_1_735' title='bbox 2158 3083 2533 3152; x_wconf 85' lang='grc' dir='ltr'>συνείδησιν.</span> <span class='ocrx_word' id='word_1_736' title='bbox 2574 3084 2716 3155; x_wconf 80' lang='grc' dir='ltr'>Ὅρα</span> <span class='ocrx_word' id='word_1_737' title='bbox 2751 3084 2911 3137; x_wconf 91' lang='grc' dir='ltr'>πάλιν</span> <span class='ocrx_word' id='word_1_738' title='bbox 2949 3084 3048 3155; x_wconf 80' lang='grc' dir='ltr'>τὴν</span> <span class='ocrx_word' id='word_1_739' title='bbox 3096 3086 3436 3155; x_wconf 89' lang='grc' dir='ltr'>συμμετρίαν</span> <span class='ocrx_word' id='word_1_740' title='bbox 3460 3101 3473 3114; x_wconf 87' lang='grc'><em>’</em></span> <span class='ocrx_word' id='word_1_741' title='bbox 3518 3087 3579 3140; x_wconf 87' lang='grc' dir='ltr'>οὐ</span> <span class='ocrx_word' id='word_1_742' title='bbox 3623 3087 3731 3157; x_wconf 87' lang='lat'>7&amp;9</span> 
     </span>
    </p>
   </div>
   <div class='ocr_carea' id='block_1_97' title="bbox 2158 3166 3731 3239">
    <p class='ocr_par' dir='ltr' id='par_1_97' title="bbox 2158 3166 3731 3239">
     <span class='ocr_line' id='line_1_98' title="bbox 2158 3166 3731 3239; baseline 0.001 -18"><span class='ocrx_word' id='word_1_743' title='bbox 2158 3166 2385 3232; x_wconf 84' lang='grc' dir='ltr'>ἐπέταξε</span> <span class='ocrx_word' id='word_1_744' title='bbox 2415 3168 2507 3221; x_wconf 71' lang='grc' dir='ltr'>καὶ</span> <span class='ocrx_word' id='word_1_745' title='bbox 2537 3166 2928 3239; x_wconf 83' lang='grc' dir='ltr'>ἐνομοθέτησεν</span> <span class='ocrx_word' id='word_1_746' title='bbox 2954 3168 3195 3233; x_wconf 89' lang='grc' dir='ltr'>ἀπιέναι,</span> <span class='ocrx_word' id='word_1_747' title='bbox 3228 3168 3346 3221; x_wconf 82' lang='grc' dir='ltr'>ἀλλ’</span> <span class='ocrx_word' id='word_1_748' title='bbox 3370 3169 3493 3222; x_wconf 86' lang='grc' dir='ltr'>ούδέ</span> <span class='ocrx_word' id='word_1_749' title='bbox 3524 3171 3731 3223; x_wconf 84' lang='grc' dir='ltr'>ἐκώλυ-</span> 
     </span>
    </p>
   </div>
   <div class='ocr_carea' id='block_1_98' title="bbox 2158 3250 3728 3324">
    <p class='ocr_par' dir='ltr' id='par_1_98' title="bbox 2158 3250 3728 3324">
     <span class='ocr_line' id='line_1_99' title="bbox 2158 3250 3728 3324; baseline 0.004 -21"><span class='ocrx_word' id='word_1_750' title='bbox 2158 3267 2250 3303; x_wconf 91' lang='grc' dir='ltr'>σεν</span> <span class='ocrx_word' id='word_1_751' title='bbox 2269 3268 2280 3279; x_wconf 68' lang='grc' dir='ltr'><em>υ</em></span> <span class='ocrx_word' id='word_1_752' title='bbox 2298 3250 2632 3314; x_wconf 83' lang='grc' dir='ltr'>ἀπελθόντας</span> <span class='ocrx_word' id='word_1_753' title='bbox 2648 3250 2705 3302; x_wconf 86' lang='grc' dir='ltr'>δέ</span> <span class='ocrx_word' id='word_1_754' title='bbox 2736 3251 2897 3305; x_wconf 88' lang='grc' dir='ltr'>πάλιν</span> <span class='ocrx_word' id='word_1_755' title='bbox 2913 3250 3247 3304; x_wconf 89' lang='grc' dir='ltr'>ἀπαλλάττει</span> <span class='ocrx_word' id='word_1_756' title='bbox 3279 3252 3459 3322; x_wconf 85' lang='grc' dir='ltr'>πάσης</span> <span class='ocrx_word' id='word_1_757' title='bbox 3476 3253 3728 3324; x_wconf 82' lang='grc' dir='ltr'>ὑποψίας.</span> 
     </span>
    </p>
   </div>
   <div class='ocr_carea' id='block_1_99' title="bbox 2155 3332 3729 3409">
    <p class='ocr_par' dir='ltr' id='par_1_99' title="bbox 2155 3332 3729 3409">
     <span class='ocr_line' id='line_1_100' title="bbox 2155 3332 3729 3409; baseline 0.004 -24"><span class='ocrx_word' id='word_1_758' title='bbox 2155 3333 2220 3385; x_wconf 89' lang='grc' dir='ltr'>Τί</span> <span class='ocrx_word' id='word_1_759' title='bbox 2249 3334 2475 3402; x_wconf 85' lang='grc' dir='ltr'>δήποτε;</span> <span class='ocrx_word' id='word_1_760' title='bbox 2512 3333 2627 3388; x_wconf 82' lang='grc' dir='ltr'>Ἵνα</span> <span class='ocrx_word' id='word_1_761' title='bbox 2656 3332 2731 3405; x_wconf 83' lang='grc' dir='ltr'>μὴ</span> <span class='ocrx_word' id='word_1_762' title='bbox 2750 3334 2875 3405; x_wconf 78' lang='grc' dir='ltr'>δόξῃ</span> <span class='ocrx_word' id='word_1_763' title='bbox 2905 3333 3070 3402; x_wconf 87' lang='grc' dir='ltr'>φόϐου</span> <span class='ocrx_word' id='word_1_764' title='bbox 3099 3334 3242 3397; x_wconf 81' lang='grc' dir='ltr'>τινὸς</span> <span class='ocrx_word' id='word_1_765' title='bbox 3267 3332 3406 3388; x_wconf 81' lang='grc' dir='ltr'>εἶναι</span> <span class='ocrx_word' id='word_1_766' title='bbox 3437 3338 3469 3407; x_wconf 80' lang='grc' dir='ltr'>η</span> <span class='ocrx_word' id='word_1_767' title='bbox 3499 3336 3729 3409; x_wconf 73' lang='grc' dir='ltr'>τοσαύτη</span> 
     </span>
    </p>
   </div>
   <div class='ocr_carea' id='block_1_100' title="bbox 2155 3415 3729 3490">
    <p class='ocr_par' dir='ltr' id='par_1_100' title="bbox 2155 3415 3729 3490">
     <span class='ocr_line' id='line_1_101' title="bbox 2155 3415 3729 3490; baseline 0.002 -20"><span class='ocrx_word' id='word_1_768' title='bbox 2155 3416 2655 3489; x_wconf 74' lang='grc' dir='ltr'>πολυπραγμοσύνη</span> <span class='ocrx_word' id='word_1_769' title='bbox 2690 3416 2782 3470; x_wconf 75' lang='grc' dir='ltr'>καὶ</span> <span class='ocrx_word' id='word_1_770' title='bbox 2804 3415 3022 3481; x_wconf 84' lang='grc' dir='ltr'>δειλίας,</span> <span class='ocrx_word' id='word_1_771' title='bbox 3068 3416 3127 3470; x_wconf 85' lang='lat'>&#39;0</span> <span class='ocrx_word' id='word_1_772' title='bbox 3164 3417 3262 3487; x_wconf 90' lang='grc' dir='ltr'>μέν</span> <span class='ocrx_word' id='word_1_773' title='bbox 3291 3416 3400 3489; x_wconf 85' lang='grc' dir='ltr'>γάρ</span> <span class='ocrx_word' id='word_1_774' title='bbox 3433 3434 3729 3490; x_wconf 88' lang='grc' dir='ltr'>περιεργα-</span> 
     </span>
    </p>
   </div>
   <div class='ocr_carea' id='block_1_101' title="bbox 2154 3501 3731 3574">
    <p class='ocr_par' dir='ltr' id='par_1_101' title="bbox 2154 3501 3731 3574">
     <span class='ocr_line' id='line_1_102' title="bbox 2154 3501 3731 3574; baseline 0 -17"><span class='ocrx_word' id='word_1_775' title='bbox 2154 3503 2399 3574; x_wconf 82' lang='grc' dir='ltr'>ζόμενος,</span> <span class='ocrx_word' id='word_1_776' title='bbox 2426 3504 2501 3568; x_wconf 85' lang='grc' dir='ltr'>ὡς</span> <span class='ocrx_word' id='word_1_777' title='bbox 2530 3501 2785 3567; x_wconf 86' lang='grc' dir='ltr'>δεδοικὼς</span> <span class='ocrx_word' id='word_1_778' title='bbox 2809 3503 2967 3556; x_wconf 83' lang='grc' dir='ltr'>τοῦτο</span> <span class='ocrx_word' id='word_1_779' title='bbox 2991 3506 3135 3556; x_wconf 86' lang='grc' dir='ltr'>ποιεῖ</span> <span class='ocrx_word' id='word_1_780' title='bbox 3152 3517 3166 3531; x_wconf 78' lang='grc'><strong><em>⁸</em></strong></span> <span class='ocrx_word' id='word_1_781' title='bbox 3187 3504 3216 3556; x_wconf 89' lang='grc' dir='ltr'>ό</span> <span class='ocrx_word' id='word_1_782' title='bbox 3239 3502 3293 3556; x_wconf 84' lang='grc' dir='ltr'>δὲ</span> <span class='ocrx_word' id='word_1_783' title='bbox 3322 3503 3460 3574; x_wconf 88' lang='grc' dir='ltr'>μετά</span> <span class='ocrx_word' id='word_1_784' title='bbox 3479 3503 3540 3557; x_wconf 89' lang='lat'>:0</span> <span class='ocrx_word' id='word_1_785' title='bbox 3566 3505 3731 3558; x_wconf 85' lang='grc' dir='ltr'>ἀκοῦ-</span> 
     </span>
    </p>
   </div>
   <div class='ocr_carea' id='block_1_102' title="bbox 2154 3585 3730 3659">
    <p class='ocr_par' dir='ltr' id='par_1_102' title="bbox 2154 3585 3730 3659">
     <span class='ocr_line' id='line_1_103' title="bbox 2154 3585 3730 3659; baseline 0.002 -20"><span class='ocrx_word' id='word_1_786' title='bbox 2154 3603 2245 3641; x_wconf 88' lang='grc' dir='ltr'>σαι</span> <span class='ocrx_word' id='word_1_787' title='bbox 2299 3588 2637 3659; x_wconf 86' lang='grc' dir='ltr'>ἀπεχόμενος</span> <span class='ocrx_word' id='word_1_788' title='bbox 2664 3627 2679 3652; x_wconf 91' lang='grc'>,</span> <span class='ocrx_word' id='word_1_789' title='bbox 2734 3586 2810 3650; x_wconf 85' lang='grc' dir='ltr'>ὡς</span> <span class='ocrx_word' id='word_1_790' title='bbox 2860 3585 3221 3657; x_wconf 87' lang='grc' dir='ltr'>καταφρονῶν</span> <span class='ocrx_word' id='word_1_791' title='bbox 3272 3588 3364 3638; x_wconf 74' lang='grc' dir='ltr'>καὶ</span> <span class='ocrx_word' id='word_1_792' title='bbox 3405 3587 3581 3656; x_wconf 88' lang='grc' dir='ltr'>μισῶν</span> <span class='ocrx_word' id='word_1_793' title='bbox 3637 3589 3730 3642; x_wconf 74' lang='grc' dir='ltr'>καὶ</span> 
     </span>
    </p>
   </div>
   <div class='ocr_carea' id='block_1_103' title="bbox 2152 3669 3727 3741">
    <p class='ocr_par' dir='ltr' id='par_1_103' title="bbox 2152 3669 3727 3741">
     <span class='ocr_line' id='line_1_104' title="bbox 2152 3669 3727 3741; baseline 0.001 -17"><span class='ocrx_word' id='word_1_794' title='bbox 2152 3671 2649 3741; x_wconf 87' lang='grc' dir='ltr'>ἀποστρεφόμενος,</span> <span class='ocrx_word' id='word_1_795' title='bbox 2679 3670 2964 3740; x_wconf 87' lang='grc' dir='ltr'>ἀπέχεται.</span> <span class='ocrx_word' id='word_1_796' title='bbox 3001 3670 3199 3740; x_wconf 84' lang='grc' dir='ltr'>Διόπερ</span> <span class='ocrx_word' id='word_1_797' title='bbox 3237 3670 3266 3722; x_wconf 90' lang='grc' dir='ltr'>ό</span> <span class='ocrx_word' id='word_1_798' title='bbox 3302 3669 3515 3735; x_wconf 85' lang='grc' dir='ltr'>Παῦλος</span> <span class='ocrx_word' id='word_1_799' title='bbox 3549 3671 3727 3741; x_wconf 84' lang='grc' dir='ltr'>ἀμφό-</span> 
     </span>
    </p>
   </div>
   <div class='ocr_carea' id='block_1_104' title="bbox 2149 3751 3729 3826">
    <p class='ocr_par' dir='ltr' id='par_1_104' title="bbox 2149 3751 3729 3826">
     <span class='ocr_line' id='line_1_105' title="bbox 2149 3751 3729 3826; baseline 0.001 -20"><span class='ocrx_word' id='word_1_800' title='bbox 2149 3770 2284 3826; x_wconf 87' lang='grc' dir='ltr'>τερα</span> <span class='ocrx_word' id='word_1_801' title='bbox 2304 3753 2625 3824; x_wconf 82' lang='grc' dir='ltr'>βουλόμενος</span> <span class='ocrx_word' id='word_1_802' title='bbox 2655 3752 3068 3807; x_wconf 88' lang='grc' dir='ltr'>κατασκευάσαι</span> <span class='ocrx_word' id='word_1_803' title='bbox 3102 3753 3233 3823; x_wconf 82' lang='grc' dir='ltr'>φησί</span> <span class='ocrx_word' id='word_1_804' title='bbox 3262 3769 3274 3781; x_wconf 80' lang='grc'><em>’</em></span> <span class='ocrx_word' id='word_1_805' title='bbox 3298 3751 3430 3807; x_wconf 83' lang='grc' dir='ltr'>Πᾶν</span> <span class='ocrx_word' id='word_1_806' title='bbox 3449 3755 3517 3807; x_wconf 85' lang='grc' dir='ltr'>τὸ</span> <span class='ocrx_word' id='word_1_807' title='bbox 3542 3771 3729 3823; x_wconf 72' lang='grc' dir='ltr'>παρα-</span> 
     </span>
    </p>
   </div>
   <div class='ocr_carea' id='block_1_105' title="bbox 2150 3835 3726 3906">
    <p class='ocr_par' dir='ltr' id='par_1_105' title="bbox 2150 3835 3726 3906">
     <span class='ocr_line' id='line_1_106' title="bbox 2150 3835 3726 3906; baseline -0.001 -16"><span class='ocrx_word' id='word_1_808' title='bbox 2150 3837 2455 3906; x_wconf 70' lang='grc' dir='ltr'>τιθέμενον</span> <span class='ocrx_word' id='word_1_809' title='bbox 2505 3836 2648 3906; x_wconf 81' lang='grc' dir='ltr'>ὐμῑν</span> <span class='ocrx_word' id='word_1_810' title='bbox 2695 3837 2945 3891; x_wconf 84' lang='grc' dir='ltr'>ἐσθίετε.</span> <span class='ocrx_word' id='word_1_811' title='bbox 2994 3837 3103 3891; x_wconf 79' lang='grc' dir='ltr'>Ἂν</span> <span class='ocrx_word' id='word_1_812' title='bbox 3138 3835 3205 3889; x_wconf 79' lang='grc' dir='ltr'>δέ</span> <span class='ocrx_word' id='word_1_813' title='bbox 3246 3853 3336 3899; x_wconf 85' lang='grc' dir='ltr'>τις</span> <span class='ocrx_word' id='word_1_814' title='bbox 3378 3835 3521 3903; x_wconf 81' lang='grc' dir='ltr'>ὑμῖν</span> <span class='ocrx_word' id='word_1_815' title='bbox 3559 3837 3726 3905; x_wconf 78' lang='grc' dir='ltr'>εἴπῃ,</span> 
     </span>
    </p>
   </div>
   <div class='ocr_carea' id='block_1_106' title="bbox 2154 3917 3727 3991">
    <p class='ocr_par' dir='ltr' id='par_1_106' title="bbox 2154 3917 3727 3991">
     <span class='ocr_line' id='line_1_107' title="bbox 2154 3917 3727 3991; baseline -0.001 -16"><span class='ocrx_word' id='word_1_816' title='bbox 2154 3920 2335 3976; x_wconf 82' lang='grc' dir='ltr'>Τοῦτο</span> <span class='ocrx_word' id='word_1_817' title='bbox 2374 3919 2772 3975; x_wconf 78' lang='grc' dir='ltr'>εἰδωλόθυτόν</span> <span class='ocrx_word' id='word_1_818' title='bbox 2800 3920 2953 3986; x_wconf 86' lang='grc' dir='ltr'>ἐστι,</span> <span class='ocrx_word' id='word_1_819' title='bbox 2979 3921 3066 3990; x_wconf 75' lang='grc' dir='ltr'>μὴ</span> <span class='ocrx_word' id='word_1_820' title='bbox 3104 3920 3334 3977; x_wconf 85' lang='grc' dir='ltr'>ἐσθίετε</span> <span class='ocrx_word' id='word_1_821' title='bbox 3353 3917 3452 3973; x_wconf 82' lang='grc' dir='ltr'>διὰ</span> <span class='ocrx_word' id='word_1_822' title='bbox 3487 3918 3594 3973; x_wconf 83' lang='grc' dir='ltr'>τὸν</span> <span class='ocrx_word' id='word_1_823' title='bbox 3612 3939 3727 3991; x_wconf 78' lang='grc' dir='ltr'>μη-</span> 
     </span>
    </p>
   </div>
   <div class='ocr_carea' id='block_1_107' title="bbox 2147 4002 3726 4077">
    <p class='ocr_par' dir='ltr' id='par_1_107' title="bbox 2147 4002 3726 4077">
     <span class='ocr_line' id='line_1_108' title="bbox 2147 4002 3726 4077; baseline 0 -20"><span class='ocrx_word' id='word_1_824' title='bbox 2147 4004 2441 4058; x_wconf 86' lang='grc' dir='ltr'>νύσαντα.</span> <span class='ocrx_word' id='word_1_825' title='bbox 2473 4004 2611 4060; x_wconf 83' lang='grc' dir='ltr'><strong>Οὐδὲ</strong></span> <span class='ocrx_word' id='word_1_826' title='bbox 2642 4003 2753 4077; x_wconf 82' lang='grc' dir='ltr'>γὰρ</span> <span class='ocrx_word' id='word_1_827' title='bbox 2779 4003 2854 4069; x_wconf 83' lang='grc' dir='ltr'>ὡς</span> <span class='ocrx_word' id='word_1_828' title='bbox 2886 4006 3118 4077; x_wconf 87' lang='grc' dir='ltr'>ἐχόντων</span> <span class='ocrx_word' id='word_1_829' title='bbox 3161 4003 3335 4074; x_wconf 80' lang='grc' dir='ltr'>ἰσχὺν,</span> <span class='ocrx_word' id='word_1_830' title='bbox 3360 4002 3477 4057; x_wconf 82' lang='grc' dir='ltr'>ἀλλ’</span> <span class='ocrx_word' id='word_1_831' title='bbox 3504 4003 3581 4069; x_wconf 82' lang='grc' dir='ltr'>ὡς</span> <span class='ocrx_word' id='word_1_832' title='bbox 3610 4005 3726 4076; x_wconf 84' lang='grc' dir='ltr'>βδε-</span> 
     </span>
    </p>
   </div>
   <div class='ocr_carea' id='block_1_108' title="bbox 2148 4085 3724 4160">
    <p class='ocr_par' dir='ltr' id='par_1_108' title="bbox 2148 4085 3724 4160">
     <span class='ocr_line' id='line_1_109' title="bbox 2148 4085 3724 4160; baseline 0.002 -21"><span class='ocrx_word' id='word_1_833' title='bbox 2148 4086 2325 4159; x_wconf 89' lang='grc' dir='ltr'>λυρῶν</span> <span class='ocrx_word' id='word_1_834' title='bbox 2356 4087 2654 4159; x_wconf 84' lang='grc' dir='ltr'>ἀπέχεσθαι</span> <span class='ocrx_word' id='word_1_835' title='bbox 2694 4086 2925 4142; x_wconf 86' lang='grc' dir='ltr'>κελεύει.</span> <span class='ocrx_word' id='word_1_836' title='bbox 2963 4088 3117 4159; x_wconf 82' lang='grc' dir='ltr'>Μήτε</span> <span class='ocrx_word' id='word_1_837' title='bbox 3143 4087 3323 4140; x_wconf 88' lang='grc' dir='ltr'>τοίνυν</span> <span class='ocrx_word' id='word_1_838' title='bbox 3350 4085 3426 4151; x_wconf 82' lang='grc' dir='ltr'>ὡς</span> <span class='ocrx_word' id='word_1_839' title='bbox 3453 4086 3724 4160; x_wconf 86' lang='grc' dir='ltr'>δυνάμενα</span> 
     </span>
    </p>
   </div>
   <div class='ocr_carea' id='block_1_109' title="bbox 2147 4170 3720 4243">
    <p class='ocr_par' dir='ltr' id='par_1_109' title="bbox 2147 4170 3720 4243">
     <span class='ocr_line' id='line_1_110' title="bbox 2147 4170 3720 4243; baseline -0.001 -18"><span class='ocrx_word' id='word_1_840' title='bbox 2147 4170 2512 4242; x_wconf 87' lang='grc' dir='ltr'>καταϐλάψαι,</span> <span class='ocrx_word' id='word_1_841' title='bbox 2559 4171 2788 4242; x_wconf 83' lang='grc' dir='ltr'>φεύγετε</span> <span class='ocrx_word' id='word_1_842' title='bbox 2821 4188 2835 4202; x_wconf 76' lang='grc' dir='ltr'>ο</span> <span class='ocrx_word' id='word_1_843' title='bbox 2889 4170 3145 4242; x_wconf 73' lang='grc' dir='ltr'>οὐδεμίαν</span> <span class='ocrx_word' id='word_1_844' title='bbox 3186 4170 3294 4242; x_wconf 90' lang='lat'>7&amp;9</span> <span class='ocrx_word' id='word_1_845' title='bbox 3353 4171 3468 4242; x_wconf 77' lang='grc' dir='ltr'>ἔχει</span> <span class='ocrx_word' id='word_1_846' title='bbox 3526 4172 3677 4243; x_wconf 85' lang='grc' dir='ltr'>ἰσχύν</span> <span class='ocrx_word' id='word_1_847' title='bbox 3704 4189 3720 4207; x_wconf 75' lang='grc' dir='ltr'><strong><em>ο</em></strong></span> 
     </span>
    </p>
   </div>
   <div class='ocr_carea' id='block_1_110' title="bbox 2148 4254 3723 4331">
    <p class='ocr_par' dir='ltr' id='par_1_110' title="bbox 2148 4254 3723 4331">
     <span class='ocr_line' id='line_1_111' title="bbox 2148 4254 3723 4331; baseline 0.001 -23"><span class='ocrx_word' id='word_1_848' title='bbox 2148 4258 2306 4328; x_wconf 85' lang='grc' dir='ltr'>μήτε,</span> <span class='ocrx_word' id='word_1_849' title='bbox 2332 4256 2519 4329; x_wconf 85' lang='grc' dir='ltr'>ἐπειδὴ</span> <span class='ocrx_word' id='word_1_850' title='bbox 2556 4256 2824 4329; x_wconf 82' lang='grc' dir='ltr'>μηδεμίαν</span> <span class='ocrx_word' id='word_1_851' title='bbox 2879 4255 2991 4326; x_wconf 73' lang='grc' dir='ltr'>ἔχει</span> <span class='ocrx_word' id='word_1_852' title='bbox 3039 4254 3212 4325; x_wconf 81' lang='grc' dir='ltr'>ίσχὺν,</span> <span class='ocrx_word' id='word_1_853' title='bbox 3245 4254 3553 4331; x_wconf 88' lang='grc' dir='ltr'>ἀδιαφόρως</span> <span class='ocrx_word' id='word_1_854' title='bbox 3593 4272 3723 4328; x_wconf 77' lang='grc' dir='ltr'>μετο</span> 
     </span>
    </p>
   </div>
   <div class='ocr_carea' id='block_1_111' title="bbox 2145 4338 3720 4415">
    <p class='ocr_par' dir='ltr' id='par_1_111' title="bbox 2145 4338 3720 4415">
     <span class='ocr_line' id='line_1_112' title="bbox 2145 4338 3720 4415; baseline 0.001 -23"><span class='ocrx_word' id='word_1_855' title='bbox 2145 4340 2298 4415; x_wconf 71' lang='grc' dir='ltr'>έχετε</span> <span class='ocrx_word' id='word_1_856' title='bbox 2324 4358 2336 4370; x_wconf 90' lang='grc'>·</span> <span class='ocrx_word' id='word_1_857' title='bbox 2371 4340 2580 4413; x_wconf 88' lang='grc' dir='ltr'>ἐχθρῶν</span> <span class='ocrx_word' id='word_1_858' title='bbox 2600 4341 2709 4410; x_wconf 86' lang='grc' dir='ltr'>γάρ</span> <span class='ocrx_word' id='word_1_859' title='bbox 2732 4341 2846 4393; x_wconf 87' lang='grc' dir='ltr'>ἐστι</span> <span class='ocrx_word' id='word_1_860' title='bbox 2875 4338 2969 4392; x_wconf 73' lang='grc' dir='ltr'>καὶ</span> <span class='ocrx_word' id='word_1_861' title='bbox 2994 4338 3358 4409; x_wconf 75' lang='grc' dir='ltr'>ἡτιμωμένων</span> <span class='ocrx_word' id='word_1_862' title='bbox 3388 4340 3421 4409; x_wconf 79' lang='grc' dir='ltr'>η</span> <span class='ocrx_word' id='word_1_863' title='bbox 3451 4340 3720 4411; x_wconf 78' lang='grc' dir='ltr'>τράπεζα.</span> 
     </span>
    </p>
   </div>
   <div class='ocr_carea' id='block_1_112' title="bbox 2142 4420 3724 4493">
    <p class='ocr_par' dir='ltr' id='par_1_112' title="bbox 2142 4420 3724 4493">
     <span class='ocr_line' id='line_1_113' title="bbox 2142 4420 3724 4493; baseline 0 -17"><span class='ocrx_word' id='word_1_864' title='bbox 2142 4422 2235 4476; x_wconf 79' lang='grc' dir='ltr'>Διὸ</span> <span class='ocrx_word' id='word_1_865' title='bbox 2260 4423 2435 4493; x_wconf 72' lang='grc' dir='ltr'>ἔλεγε,</span> <span class='ocrx_word' id='word_1_866' title='bbox 2456 4422 2553 4491; x_wconf 79' lang='grc' dir='ltr'>Μὴ</span> <span class='ocrx_word' id='word_1_867' title='bbox 2576 4422 2807 4477; x_wconf 81' lang='grc' dir='ltr'>ἐσθίετε</span> <span class='ocrx_word' id='word_1_868' title='bbox 2830 4421 2927 4475; x_wconf 83' lang='grc' dir='ltr'>διὰ</span> <span class='ocrx_word' id='word_1_869' title='bbox 2953 4421 3059 4475; x_wconf 85' lang='grc' dir='ltr'>τὸν</span> <span class='ocrx_word' id='word_1_870' title='bbox 3078 4420 3461 4490; x_wconf 81' lang='grc' dir='ltr'>μηνύσαντα,</span> <span class='ocrx_word' id='word_1_871' title='bbox 3487 4422 3584 4476; x_wconf 79' lang='grc' dir='ltr'>καί</span> <span class='ocrx_word' id='word_1_872' title='bbox 3610 4422 3724 4491; x_wconf 81' lang='grc' dir='ltr'>τὴν</span> 
     </span>
    </p>
   </div>
   <div class='ocr_carea' id='block_1_113' title="bbox 2142 4501 3725 4575">
    <p class='ocr_par' dir='ltr' id='par_1_113' title="bbox 2142 4501 3725 4575">
     <span class='ocr_line' id='line_1_114' title="bbox 2142 4501 3725 4575; baseline 0 -17"><span class='ocrx_word' id='word_1_873' title='bbox 2142 4505 2521 4573; x_wconf 83' lang='grc' dir='ltr'>συνείδησιν.</span> <span class='ocrx_word' id='word_1_874' title='bbox 2556 4505 2666 4558; x_wconf 89' lang='grc' dir='ltr'>Τοῦ</span> <span class='ocrx_word' id='word_1_875' title='bbox 2700 4504 2811 4575; x_wconf 84' lang='grc' dir='ltr'>γὰρ</span> <span class='ocrx_word' id='word_1_876' title='bbox 2831 4504 3053 4573; x_wconf 84' lang='grc' dir='ltr'>Κυρίου</span> <span class='ocrx_word' id='word_1_877' title='bbox 3083 4504 3121 4572; x_wconf 70' lang='grc' dir='ltr'><strong><em>ἡ</em></strong></span> <span class='ocrx_word' id='word_1_878' title='bbox 3151 4501 3227 4575; x_wconf 76' lang='grc' dir='ltr'><em>τῆ</em></span> <span class='ocrx_word' id='word_1_879' title='bbox 3258 4503 3356 4557; x_wconf 75' lang='grc' dir='ltr'>καί</span> <span class='ocrx_word' id='word_1_880' title='bbox 3386 4504 3455 4558; x_wconf 81' lang='grc' dir='ltr'>τὸ</span> <span class='ocrx_word' id='word_1_881' title='bbox 3486 4505 3725 4574; x_wconf 53' lang='lat'><strong>5:169:0-</strong></span> 
     </span>
    </p>
   </div>
   <div class='ocr_carea' id='block_1_114' title="bbox 2138 4585 3724 4659">
    <p class='ocr_par' dir='ltr' id='par_1_114' title="bbox 2138 4585 3724 4659">
     <span class='ocr_line' id='line_1_115' title="bbox 2138 4585 3724 4659; baseline 0 -19"><span class='ocrx_word' id='word_1_882' title='bbox 2138 4602 2223 4656; x_wconf 84' lang='grc' dir='ltr'>μα</span> <span class='ocrx_word' id='word_1_883' title='bbox 2250 4586 2461 4656; x_wconf 82' lang='grc' dir='ltr'>αὐτῆς.</span> <span class='ocrx_word' id='word_1_884' title='bbox 2498 4588 2660 4659; x_wconf 79' lang='grc' dir='ltr'>Ὁρᾷς</span> <span class='ocrx_word' id='word_1_885' title='bbox 2701 4588 2819 4651; x_wconf 89' lang='grc' dir='ltr'>πῶς</span> <span class='ocrx_word' id='word_1_886' title='bbox 2850 4587 2947 4641; x_wconf 74' lang='grc' dir='ltr'>καὶ</span> <span class='ocrx_word' id='word_1_887' title='bbox 2982 4587 3073 4640; x_wconf 83' lang='grc' dir='ltr'>ὅτε</span> <span class='ocrx_word' id='word_1_888' title='bbox 3119 4586 3317 4640; x_wconf 85' lang='grc' dir='ltr'>ἐσθίειν</span> <span class='ocrx_word' id='word_1_889' title='bbox 3360 4585 3590 4653; x_wconf 89' lang='grc' dir='ltr'>κελεύει,</span> <span class='ocrx_word' id='word_1_890' title='bbox 3631 4587 3724 4642; x_wconf 77' lang='grc' dir='ltr'>καὶ</span> 
     </span>
    </p>
   </div>
   <div class='ocr_carea' id='block_1_115' title="bbox 2139 4670 3724 4743">
    <p class='ocr_par' dir='ltr' id='par_1_115' title="bbox 2139 4670 3724 4743">
     <span class='ocr_line' id='line_1_116' title="bbox 2139 4670 3724 4743; baseline 0.001 -19"><span class='ocrx_word' id='word_1_891' title='bbox 2139 4671 2228 4725; x_wconf 82' lang='grc' dir='ltr'>ὅτε</span> <span class='ocrx_word' id='word_1_892' title='bbox 2269 4671 2572 4742; x_wconf 87' lang='grc' dir='ltr'>ἀπέχεσθαι</span> <span class='ocrx_word' id='word_1_893' title='bbox 2610 4673 2711 4739; x_wconf 81' lang='grc' dir='ltr'>δεῖ,</span> <span class='ocrx_word' id='word_1_894' title='bbox 2750 4671 2849 4743; x_wconf 80' lang='grc' dir='ltr'>τὴν</span> <span class='ocrx_word' id='word_1_895' title='bbox 2886 4671 3055 4741; x_wconf 78' lang='grc' dir='ltr'>αὐτὴν</span> <span class='ocrx_word' id='word_1_896' title='bbox 3097 4670 3406 4743; x_wconf 89' lang='grc' dir='ltr'>μαρτυρίαν</span> <span class='ocrx_word' id='word_1_897' title='bbox 3439 4671 3520 4736; x_wconf 90' lang='grc' dir='ltr'>είς</span> <span class='ocrx_word' id='word_1_898' title='bbox 3560 4672 3724 4743; x_wconf 86' lang='grc' dir='ltr'>μέσον</span> 
     </span>
    </p>
   </div>
   <div class='ocr_carea' id='block_1_116' title="bbox 2139 4752 3723 4826">
    <p class='ocr_par' dir='ltr' id='par_1_116' title="bbox 2139 4752 3723 4826">
     <span class='ocr_line' id='line_1_117' title="bbox 2139 4752 3723 4826; baseline 0 -19"><span class='ocrx_word' id='word_1_899' title='bbox 2139 4752 2298 4821; x_wconf 83' lang='grc' dir='ltr'>ἆγει;</span> <span class='ocrx_word' id='word_1_900' title='bbox 2336 4754 2472 4808; x_wconf 83' lang='grc' dir='ltr'>Οὐδὲ</span> <span class='ocrx_word' id='word_1_901' title='bbox 2502 4754 2610 4826; x_wconf 86' lang='grc' dir='ltr'>γάρ</span> <span class='ocrx_word' id='word_1_902' title='bbox 2640 4754 2729 4808; x_wconf 83' lang='grc' dir='ltr'>διά</span> <span class='ocrx_word' id='word_1_903' title='bbox 2769 4754 2929 4808; x_wconf 88' lang='grc' dir='ltr'>τοῦτο</span> <span class='ocrx_word' id='word_1_904' title='bbox 2974 4752 3188 4818; x_wconf 90' lang='grc' dir='ltr'>κωλύω,</span> <span class='ocrx_word' id='word_1_905' title='bbox 3222 4753 3407 4825; x_wconf 76' lang='grc' dir='ltr'>φησὶν,</span> <span class='ocrx_word' id='word_1_906' title='bbox 3449 4754 3525 4816; x_wconf 82' lang='grc' dir='ltr'>ὡς</span> <span class='ocrx_word' id='word_1_907' title='bbox 3568 4754 3723 4807; x_wconf 78' lang='grc' dir='ltr'>ἀλλοο</span> 
     </span>
    </p>
   </div>
   <div class='ocr_carea' id='block_1_117' title="bbox 2136 4836 3723 4911">
    <p class='ocr_par' dir='ltr' id='par_1_117' title="bbox 2136 4836 3723 4911">
     <span class='ocr_line' id='line_1_118' title="bbox 2136 4836 3723 4911; baseline 0 -21"><span class='ocrx_word' id='word_1_908' title='bbox 2136 4836 2304 4907; x_wconf 88' lang='grc' dir='ltr'>τρίων</span> <span class='ocrx_word' id='word_1_909' title='bbox 2343 4837 2511 4892; x_wconf 76' lang='grc' dir='ltr'>ὄντων</span> <span class='ocrx_word' id='word_1_910' title='bbox 2532 4853 2546 4867; x_wconf 90' lang='grc'><strong>·</strong></span> <span class='ocrx_word' id='word_1_911' title='bbox 2596 4837 2692 4891; x_wconf 84' lang='grc' dir='ltr'>τοῦ</span> <span class='ocrx_word' id='word_1_912' title='bbox 2720 4838 2830 4911; x_wconf 86' lang='lat'>7&amp;9</span> <span class='ocrx_word' id='word_1_913' title='bbox 2868 4836 3133 4911; x_wconf 77' lang='grc' dir='ltr'>Κυρίουη</span> <span class='ocrx_word' id='word_1_914' title='bbox 3170 4836 3283 4907; x_wconf 82' lang='grc' dir='ltr'>γῆ·</span> <span class='ocrx_word' id='word_1_915' title='bbox 3308 4836 3444 4890; x_wconf 87' lang='grc' dir='ltr'>ἀλλὰ</span> <span class='ocrx_word' id='word_1_916' title='bbox 3487 4836 3557 4890; x_wconf 85' lang='grc' dir='ltr'>δι’</span> <span class='ocrx_word' id='word_1_917' title='bbox 3587 4838 3723 4910; x_wconf 82' lang='grc' dir='ltr'>ὅπερ</span> 
     </span>
    </p>
   </div>
   <div class='ocr_carea' id='block_1_118' title="bbox 2138 4916 3720 4995">
    <p class='ocr_par' dir='ltr' id='par_1_118' title="bbox 2138 4916 3720 4995">
     <span class='ocr_line' id='line_1_119' title="bbox 2138 4916 3720 4995; baseline 0.002 -21"><span class='ocrx_word' id='word_1_918' title='bbox 2138 4916 2314 4986; x_wconf 73' lang='grc' dir='ltr'>εἷπον,</span> <span class='ocrx_word' id='word_1_919' title='bbox 2352 4922 2441 4976; x_wconf 83' lang='grc' dir='ltr'>διὰ</span> <span class='ocrx_word' id='word_1_920' title='bbox 2469 4922 2569 4995; x_wconf 80' lang='grc' dir='ltr'>τὴν</span> <span class='ocrx_word' id='word_1_921' title='bbox 2599 4923 2925 4994; x_wconf 89' lang='grc' dir='ltr'>συνείδησιν,</span> <span class='ocrx_word' id='word_1_922' title='bbox 2960 4922 3260 4985; x_wconf 83' lang='grc' dir='ltr'>τουτέστιν,</span> <span class='ocrx_word' id='word_1_923' title='bbox 3289 4920 3376 4974; x_wconf 75' lang='grc' dir='ltr'>ἵνα</span> <span class='ocrx_word' id='word_1_924' title='bbox 3407 4919 3482 4992; x_wconf 79' lang='grc' dir='ltr'>μὴ</span> <span class='ocrx_word' id='word_1_925' title='bbox 3526 4920 3720 4995; x_wconf 74' lang='grc' dir='ltr'>βλαϐῇ.</span> 
     </span>
    </p>
   </div>
   <div class='ocr_carea' id='block_1_119' title="bbox 2137 5002 3724 5079">
    <p class='ocr_par' dir='ltr' id='par_1_119' title="bbox 2137 5002 3724 5079">
     <span class='ocr_line' id='line_1_120' title="bbox 2137 5002 3724 5079; baseline -0.001 -20"><span class='ocrx_word' id='word_1_926' title='bbox 2137 5004 2347 5059; x_wconf 89' lang='grc' dir='ltr'>Οὐκοῦν</span> <span class='ocrx_word' id='word_1_927' title='bbox 2371 5005 2453 5059; x_wconf 87' lang='grc' dir='ltr'>δεῖ</span> <span class='ocrx_word' id='word_1_928' title='bbox 2474 5005 2966 5078; x_wconf 74' lang='grc' dir='ltr'>περιεργάζεσθαις</span> <span class='ocrx_word' id='word_1_929' title='bbox 2997 5002 3095 5069; x_wconf 69' lang='lat' dir='ltr'>Oi),</span> <span class='ocrx_word' id='word_1_930' title='bbox 3126 5004 3292 5075; x_wconf 83' lang='grc' dir='ltr'>φησίν</span> <span class='ocrx_word' id='word_1_931' title='bbox 3309 5020 3325 5037; x_wconf 79' lang='grc' dir='ltr'><strong><em>ο</em></strong></span> <span class='ocrx_word' id='word_1_932' title='bbox 3353 5003 3473 5057; x_wconf 83' lang='grc' dir='ltr'>οὐδὲ</span> <span class='ocrx_word' id='word_1_933' title='bbox 3499 5004 3608 5074; x_wconf 90' lang='lat'>7&amp;9</span> <span class='ocrx_word' id='word_1_934' title='bbox 3626 5006 3724 5079; x_wconf 75' lang='grc' dir='ltr'>τὴν</span> 
     </span>
    </p>
   </div>
   <div class='ocr_carea' id='block_1_120' title="bbox 2138 5082 3724 5161">
    <p class='ocr_par' dir='ltr' id='par_1_120' title="bbox 2138 5082 3724 5161">
     <span class='ocr_line' id='line_1_121' title="bbox 2138 5082 3724 5161; baseline -0.001 -17"><span class='ocrx_word' id='word_1_935' title='bbox 2138 5088 2237 5161; x_wconf 80' lang='grc' dir='ltr'>σὴν</span> <span class='ocrx_word' id='word_1_936' title='bbox 2280 5082 2434 5143; x_wconf 82' lang='grc' dir='ltr'>εἷπον</span> <span class='ocrx_word' id='word_1_937' title='bbox 2478 5090 2801 5160; x_wconf 87' lang='grc' dir='ltr'>συνείδησιν,</span> <span class='ocrx_word' id='word_1_938' title='bbox 2846 5088 2984 5143; x_wconf 81' lang='grc' dir='ltr'>ἀλλὰ</span> <span class='ocrx_word' id='word_1_939' title='bbox 3028 5088 3126 5160; x_wconf 82' lang='grc' dir='ltr'>τὴν</span> <span class='ocrx_word' id='word_1_940' title='bbox 3155 5087 3385 5142; x_wconf 77' lang='grc' dir='ltr'>ἐκείνου.</span> <span class='ocrx_word' id='word_1_941' title='bbox 3431 5086 3724 5160; x_wconf 72' lang='grc' dir='ltr'>Προλαϐῲν</span> 
     </span>
    </p>
   </div>
   <div class='ocr_carea' id='block_1_121' title="bbox 2136 5168 3720 5243">
    <p class='ocr_par' dir='ltr' id='par_1_121' title="bbox 2136 5168 3720 5243">
     <span class='ocr_line' id='line_1_122' title="bbox 2136 5168 3720 5243; baseline -0.001 -19"><span class='ocrx_word' id='word_1_942' title='bbox 2136 5170 2244 5243; x_wconf 88' lang='grc' dir='ltr'>γὰρ</span> <span class='ocrx_word' id='word_1_943' title='bbox 2279 5168 2452 5237; x_wconf 78' lang='grc' dir='ltr'>εἷπον,</span> <span class='ocrx_word' id='word_1_944' title='bbox 2484 5171 2589 5226; x_wconf 85' lang='grc' dir='ltr'>Διὰ</span> <span class='ocrx_word' id='word_1_945' title='bbox 2618 5173 2726 5227; x_wconf 82' lang='grc' dir='ltr'>τὸν</span> <span class='ocrx_word' id='word_1_946' title='bbox 2743 5173 3109 5242; x_wconf 80' lang='grc' dir='ltr'>μηνύσαντα</span> <span class='ocrx_word' id='word_1_947' title='bbox 3130 5186 3144 5199; x_wconf 65' lang='grc' dir='ltr'>θ</span> <span class='ocrx_word' id='word_1_948' title='bbox 3179 5172 3276 5225; x_wconf 86' lang='grc' dir='ltr'>καὶ</span> <span class='ocrx_word' id='word_1_949' title='bbox 3302 5170 3483 5235; x_wconf 86' lang='grc' dir='ltr'>πάλιν,</span> <span class='ocrx_word' id='word_1_950' title='bbox 3512 5172 3720 5224; x_wconf 82' lang='grc' dir='ltr'>Συνεῖ-</span> 
     </span>
    </p>
   </div>
   <div class='ocr_carea' id='block_1_122' title="bbox 2135 5251 3723 5326">
    <p class='ocr_par' dir='ltr' id='par_1_122' title="bbox 2135 5251 3723 5326">
     <span class='ocr_line' id='line_1_123' title="bbox 2135 5251 3723 5326; baseline -0.001 -16"><span class='ocrx_word' id='word_1_951' title='bbox 2135 5256 2321 5326; x_wconf 84' lang='grc' dir='ltr'>δησιν</span> <span class='ocrx_word' id='word_1_952' title='bbox 2348 5254 2418 5309; x_wconf 85' lang='grc' dir='ltr'>δὲ</span> <span class='ocrx_word' id='word_1_953' title='bbox 2449 5253 2627 5323; x_wconf 71' lang='grc' dir='ltr'>λέγω.</span> <span class='ocrx_word' id='word_1_954' title='bbox 2673 5254 2810 5325; x_wconf 76' lang='grc' dir='ltr'>οὐχί</span> <span class='ocrx_word' id='word_1_955' title='bbox 2853 5254 2969 5323; x_wconf 81' lang='grc' dir='ltr'>τὴν</span> <span class='ocrx_word' id='word_1_956' title='bbox 3005 5253 3246 5319; x_wconf 75' lang='grc' dir='ltr'>ἑαυτοῦ,</span> <span class='ocrx_word' id='word_1_957' title='bbox 3273 5254 3434 5309; x_wconf 68' lang='grc' dir='ltr'>ἀλλὰ</span> <span class='ocrx_word' id='word_1_958' title='bbox 3463 5254 3579 5324; x_wconf 86' lang='grc' dir='ltr'>τὴν</span> <span class='ocrx_word' id='word_1_959' title='bbox 3613 5251 3723 5308; x_wconf 86' lang='grc' dir='ltr'>τοῦ</span> 
     </span>
    </p>
   </div>
   <div class='ocr_carea' id='block_1_123' title="bbox 2134 5334 3719 5408">
    <p class='ocr_par' dir='ltr' id='par_1_123' title="bbox 2134 5334 3719 5408">
     <span class='ocr_line' id='line_1_124' title="bbox 2134 5334 3719 5408; baseline -0.002 -16"><span class='ocrx_word' id='word_1_960' title='bbox 2134 5338 2363 5408; x_wconf 77' lang='grc' dir='ltr'>ἐτέρου.</span> <span class='ocrx_word' id='word_1_961' title='bbox 2412 5337 2550 5390; x_wconf 84' lang='grc' dir='ltr'>Ἀλλ’</span> <span class='ocrx_word' id='word_1_962' title='bbox 2592 5339 2721 5401; x_wconf 70' lang='grc' dir='ltr'>ἴσως</span> <span class='ocrx_word' id='word_1_963' title='bbox 2751 5340 3011 5400; x_wconf 64' lang='grc' dir='ltr'>είποιρτις</span> <span class='ocrx_word' id='word_1_964' title='bbox 3036 5336 3123 5405; x_wconf 80' lang='grc' dir='ltr'>ἂν,</span> <span class='ocrx_word' id='word_1_965' title='bbox 3161 5338 3245 5391; x_wconf 69' lang='grc' dir='ltr'>ὅτι</span> <span class='ocrx_word' id='word_1_966' title='bbox 3272 5337 3391 5390; x_wconf 86' lang='grc' dir='ltr'>Τῶν</span> <span class='ocrx_word' id='word_1_967' title='bbox 3432 5338 3533 5407; x_wconf 82' lang='grc' dir='ltr'>μὲν</span> <span class='ocrx_word' id='word_1_968' title='bbox 3568 5334 3719 5390; x_wconf 85' lang='grc' dir='ltr'>ἀδελ-</span> 
     </span>
    </p>
   </div>
   <div class='ocr_carea' id='block_1_124' title="bbox 2139 5419 3719 5494">
    <p class='ocr_par' dir='ltr' id='par_1_124' title="bbox 2139 5419 3719 5494">
     <span class='ocr_line' id='line_1_125' title="bbox 2139 5419 3719 5494; baseline -0.002 -18"><span class='ocrx_word' id='word_1_969' title='bbox 2139 5423 2254 5494; x_wconf 88' lang='grc' dir='ltr'>φῶν</span> <span class='ocrx_word' id='word_1_970' title='bbox 2279 5422 2503 5485; x_wconf 87' lang='grc' dir='ltr'>είκότως</span> <span class='ocrx_word' id='word_1_971' title='bbox 2539 5421 2715 5493; x_wconf 78' lang='grc' dir='ltr'>φείδῃ,</span> <span class='ocrx_word' id='word_1_972' title='bbox 2754 5422 2847 5474; x_wconf 81' lang='grc' dir='ltr'>καὶ</span> <span class='ocrx_word' id='word_1_973' title='bbox 2884 5423 2985 5475; x_wconf 88' lang='grc' dir='ltr'>ούκ</span> <span class='ocrx_word' id='word_1_974' title='bbox 3023 5423 3120 5493; x_wconf 75' lang='grc' dir='ltr'>ἐᾷς</span> <span class='ocrx_word' id='word_1_975' title='bbox 3163 5423 3311 5492; x_wconf 79' lang='grc' dir='ltr'>ἡμᾶς</span> <span class='ocrx_word' id='word_1_976' title='bbox 3351 5419 3719 5490; x_wconf 86' lang='grc' dir='ltr'>ἀπογεύεσθαι</span> 
     </span>
    </p>
   </div>
   <div class='ocr_carea' id='block_1_125' title="bbox 2138 5498 3719 5576">
    <p class='ocr_par' dir='ltr' id='par_1_125' title="bbox 2138 5498 3719 5576">
     <span class='ocr_line' id='line_1_126' title="bbox 2138 5498 3719 5576; baseline 0.001 -19"><span class='ocrx_word' id='word_1_977' title='bbox 2138 5503 2206 5565; x_wconf 83' lang='grc' dir='ltr'>δι’</span> <span class='ocrx_word' id='word_1_978' title='bbox 2236 5505 2499 5567; x_wconf 86' lang='grc' dir='ltr'>ἐκείνους,</span> <span class='ocrx_word' id='word_1_979' title='bbox 2533 5505 2621 5558; x_wconf 83' lang='grc' dir='ltr'>ἵνα</span> <span class='ocrx_word' id='word_1_980' title='bbox 2648 5505 2723 5576; x_wconf 85' lang='grc' dir='ltr'>μὴ</span> <span class='ocrx_word' id='word_1_981' title='bbox 2746 5506 2779 5576; x_wconf 78' lang='grc' dir='ltr'>ἡ</span> <span class='ocrx_word' id='word_1_982' title='bbox 2805 5505 3111 5575; x_wconf 89' lang='grc' dir='ltr'>συνείδησις</span> <span class='ocrx_word' id='word_1_983' title='bbox 3135 5504 3314 5559; x_wconf 84' lang='grc' dir='ltr'>αὐτῶν</span> <span class='ocrx_word' id='word_1_984' title='bbox 3334 5504 3564 5573; x_wconf 81' lang='grc' dir='ltr'>ἀσθενὴς</span> <span class='ocrx_word' id='word_1_985' title='bbox 3582 5498 3719 5559; x_wconf 83' lang='grc' dir='ltr'>οὖσα</span> 
     </span>
    </p>
   </div>
   <div class='ocr_carea' id='block_1_126' title="bbox 2140 5586 3719 5663">
    <p class='ocr_par' dir='ltr' id='par_1_126' title="bbox 2140 5586 3719 5663">
     <span class='ocr_line' id='line_1_127' title="bbox 2140 5586 3719 5663; baseline -0.001 -23"><span class='ocrx_word' id='word_1_986' title='bbox 2140 5588 2466 5663; x_wconf 76' lang='grc' dir='ltr'>οἰκονομηθῇ</span> <span class='ocrx_word' id='word_1_987' title='bbox 2498 5589 2578 5651; x_wconf 84' lang='grc' dir='ltr'>εἰς</span> <span class='ocrx_word' id='word_1_988' title='bbox 2610 5588 2670 5642; x_wconf 89' lang='lat'>:0</span> <span class='ocrx_word' id='word_1_989' title='bbox 2698 5588 2764 5640; x_wconf 81' lang='grc' dir='ltr'>τὰ</span> <span class='ocrx_word' id='word_1_990' title='bbox 2790 5589 3115 5643; x_wconf 77' lang='grc' dir='ltr'>εἰδωλόθυτα</span> <span class='ocrx_word' id='word_1_991' title='bbox 3146 5589 3348 5643; x_wconf 85' lang='grc' dir='ltr'>ἐσθίειν</span> <span class='ocrx_word' id='word_1_992' title='bbox 3371 5604 3386 5619; x_wconf 77' lang='grc'>³</span> <span class='ocrx_word' id='word_1_993' title='bbox 3420 5590 3469 5641; x_wconf 85' lang='grc' dir='ltr'>εί</span> <span class='ocrx_word' id='word_1_994' title='bbox 3494 5587 3550 5641; x_wconf 83' lang='grc' dir='ltr'>δὲ</span> <span class='ocrx_word' id='word_1_995' title='bbox 3587 5586 3719 5641; x_wconf 82' lang='grc' dir='ltr'>’Ἐλ-</span> 
     </span>
    </p>
   </div>
   <div class='ocr_carea' id='block_1_127' title="bbox 2140 5670 3720 5748">
    <p class='ocr_par' dir='ltr' id='par_1_127' title="bbox 2140 5670 3720 5748">
     <span class='ocr_line' id='line_1_128' title="bbox 2140 5670 3720 5748; baseline 0.001 -27"><span class='ocrx_word' id='word_1_996' title='bbox 2140 5670 2240 5742; x_wconf 89' lang='grc' dir='ltr'>λην</span> <span class='ocrx_word' id='word_1_997' title='bbox 2264 5687 2345 5733; x_wconf 89' lang='grc' dir='ltr'>τις</span> <span class='ocrx_word' id='word_1_998' title='bbox 2367 5672 2475 5740; x_wconf 80' lang='grc' dir='ltr'>εἴη,</span> <span class='ocrx_word' id='word_1_999' title='bbox 2497 5672 2548 5724; x_wconf 88' lang='grc' dir='ltr'>τί</span> <span class='ocrx_word' id='word_1_1000' title='bbox 2573 5689 2655 5725; x_wconf 90' lang='grc' dir='ltr'>σοι</span> <span class='ocrx_word' id='word_1_1001' title='bbox 2673 5671 2861 5725; x_wconf 87' lang='grc' dir='ltr'>τούτου</span> <span class='ocrx_word' id='word_1_1002' title='bbox 2883 5671 3032 5748; x_wconf 64' lang='grc'><strong>[221]</strong></span> <span class='ocrx_word' id='word_1_1003' title='bbox 3054 5673 3207 5745; x_wconf 82' lang='grc' dir='ltr'>μέλει</span> <span class='ocrx_word' id='word_1_1004' title='bbox 3228 5674 3321 5740; x_wconf 78' lang='grc' dir='ltr'>;ού</span> <span class='ocrx_word' id='word_1_1005' title='bbox 3350 5673 3413 5728; x_wconf 80' lang='grc' dir='ltr'>σὺ</span> <span class='ocrx_word' id='word_1_1006' title='bbox 3432 5672 3639 5740; x_wconf 73' lang='grc' dir='ltr'>ἔλεγες,</span> <span class='ocrx_word' id='word_1_1007' title='bbox 3657 5670 3720 5725; x_wconf 82' lang='grc' dir='ltr'>Τί</span> 
     </span>
    </p>
   </div>
   <div class='ocr_carea' id='block_1_128' title="bbox 2142 5752 3719 5827">
    <p class='ocr_par' dir='ltr' id='par_1_128' title="bbox 2142 5752 3719 5827">
     <span class='ocr_line' id='line_1_129' title="bbox 2142 5752 3719 5827; baseline 0.005 -24"><span class='ocrx_word' id='word_1_1008' title='bbox 2142 5752 2249 5823; x_wconf 69' lang='grc' dir='ltr'>γάρ</span> <span class='ocrx_word' id='word_1_1009' title='bbox 2265 5770 2365 5827; x_wconf 82' lang='grc' dir='ltr'>μοι</span> <span class='ocrx_word' id='word_1_1010' title='bbox 2396 5754 2489 5808; x_wconf 76' lang='grc' dir='ltr'>καί</span> <span class='ocrx_word' id='word_1_1011' title='bbox 2518 5755 2656 5820; x_wconf 76' lang='grc' dir='ltr'>τοὺς</span> <span class='ocrx_word' id='word_1_1012' title='bbox 2696 5755 2809 5821; x_wconf 79' lang='grc' dir='ltr'>ἔξω</span> <span class='ocrx_word' id='word_1_1013' title='bbox 2837 5756 3095 5824; x_wconf 74' lang='grc' dir='ltr'>νρίνειν;</span> <span class='ocrx_word' id='word_1_1014' title='bbox 3124 5755 3266 5819; x_wconf 87' lang='grc' dir='ltr'>τίνος</span> <span class='ocrx_word' id='word_1_1015' title='bbox 3298 5753 3391 5809; x_wconf 67' lang='grc' dir='ltr'>οὖν</span> <span class='ocrx_word' id='word_1_1016' title='bbox 3415 5755 3598 5810; x_wconf 73' lang='grc' dir='ltr'>ἕνεκεν</span> <span class='ocrx_word' id='word_1_1017' title='bbox 3617 5755 3719 5811; x_wconf 79' lang='grc' dir='ltr'>αὺ-</span> 
     </span>
    </p>
   </div>
  </div>
