4094 6222
399 247 505 304 Ξῦδ

397 359 590 415 fiducia
621 371 770 412 sacra
801 356 890 413 illa
919 356 1181 412 vestibula
1211 355 1506 420 adibimus,
1552 357 1701 426 quasi
1749 355 1969 426 quibus-

394 453 518 504 dam
563 447 742 502 aureis
782 447 950 500 armis
991 444 1230 500 instructi
1273 445 1524 514 undique.
1557 444 1759 515 Ecquid
1800 445 1976 500 futura

393 539 558 594 dico?
605 537 701 593 llic
729 537 870 592 enim
899 537 992 591 tibi
1025 545 1220 591 terram
1253 535 1442 590 ea-lum
1490 535 1614 590 facit
1645 537 1745 590 hoc
1776 547 1976 607 myste-

396 634 560 685 rium.
603 629 763 698 Aperi
792 643 919 698 ergo
945 628 1065 682 οξειί
1093 635 1271 696 portas
1292 637 1346 682 et
1367 627 1641 696 perspice;
1671 627 1778 680 imo
1805 627 1980 696 potius

397 737 507 777 non
538 719 655 775 οωἰί
683 761 696 783 ,
725 719 820 774 sed
860 719 973 773 eteli
1002 717 1254 772 caelorum
1278 757 1293 783 ,
1340 725 1391 770 et
1437 726 1562 770 tunc
1601 715 1809 770 videbis
1850 715 1978 770 illud

396 814 542 887 quod
569 814 767 868 dictum
798 821 899 868 est.
933 810 1088 879 Quod
1119 811 1261 864 enim
1291 809 1398 863 illic
1427 809 1664 863 omnium
1711 808 1981 874 pretiosis-

397 913 594 966 simum
622 917 738 973 est;
763 907 863 961 hoc
891 907 982 960 tibi
1007 907 1058 959 in
1089 915 1225 958 terra
1249 905 1436 972 jacens
1463 901 1791 956 monstrabo.
1835 899 1983 956 Sicut

398 1005 542 1058 enim
574 1002 627 1056 in
656 1001 800 1071 regia
824 998 964 1069 quod
990 997 1227 1052 omnium
1258 993 1848 1066 magniﬁcentissimum
1872 1001 1979 1059 est,

398 1109 510 1149 non
555 1092 693 1148 muri
723 1099 883 1157 sunt,
932 1105 1039 1144 non
1088 1097 1287 1144 tectum
1325 1101 1588 1152 aureum,
1634 1084 1728 1140 sed
1776 1083 1982 1155 regium

397 1201 596 1256 corpus
637 1185 690 1238 in
718 1183 851 1237 solio
899 1182 1094 1237 sedens
1128 1199 1142 1236 :
1171 1181 1250 1235 sic
1273 1188 1327 1235 ct
1351 1179 1408 1233 in
1445 1179 1596 1234 czelis
1625 1178 1826 1248 regium
1856 1192 1980 1232 cor-

398 1293 523 1349 pus.
574 1276 680 1332 Sed
709 1275 810 1330 hoc
850 1289 992 1330 nunc
1039 1273 1130 1328 tibi
1188 1273 1311 1327 licet
1357 1271 1408 1325 in
1457 1279 1596 1325 terra
1624 1269 1825 1325 videre.
1866 1269 1981 1323 Non

399 1373 548 1427 enim
584 1368 802 1440 angelos
821 1409 834 1432 ,
865 1383 974 1422 non
1014 1363 1388 1435 archangelos,
1416 1377 1522 1416 non
1546 1363 1706 1417 caelos
1735 1371 1790 1416 et
1817 1360 1983 1416 caelos

401 1465 657 1519 caelorum
679 1504 694 1528 ,
723 1460 815 1516 sed
846 1461 1018 1530 ipsum
1052 1457 1144 1513 tibi
1191 1456 1378 1511 horum
1409 1455 1686 1509 Dominum
1736 1453 1980 1508 ostendo.

406 1557 652 1613 Vidistin‘
678 1553 946 1625 quomodo
976 1551 1028 1606 id
1055 1593 1070 1617 ,
1097 1549 1240 1621 quod
1277 1549 1511 1604 omnium
1539 1546 1982 1617 pretiosissimum

401 1660 486 1706 est
505 1691 522 1716 ,
555 1649 608 1703 in
638 1656 780 1702 terra
825 1643 1119 1713 respicias?
1146 1655 1319 1711 neque
1343 1639 1493 1694 vides
1523 1647 1724 1693 tantum
1749 1679 1762 1702 ,
1793 1637 1886 1692 sed
1929 1645 1984 1691 et

403 1740 612 1810 tangis;
640 1728 738 1792 nec
769 1736 941 1805 tangis
970 1742 1193 1797 tantum,
1227 1730 1320 1787 sed
1348 1730 1508 1786 etiam
1540 1727 1808 1792 comedis,
1837 1737 1890 1781 et
1919 1742 1985 1782 eo

401 1840 630 1900 accepto
655 1827 875 1883 domum
916 1823 1222 1880 reverteris.
1258 1821 1518 1890 Absterge
1544 1820 1702 1890 igitur
1728 1818 1980 1884 animum,

403 1934 647 1992 praepara
675 1926 909 1972 mentem
937 1915 1003 1969 ad
1033 1915 1223 1968 horum
1275 1911 1650 1982 mysteriorum
1681 1908 1983 1979 perceptio-

405 2027 552 2065 nem.
585 2009 795 2063 Etenim
827 2007 871 2060 si
910 2004 1052 2075 regis
1080 2003 1220 2058 ﬁlius
1246 2017 1366 2056 cum
1397 2008 1586 2056 ornatu
1606 2040 1620 2066 ,
1658 2014 1888 2069 purpura
1931 2007 1982 2052 et

400 2102 705 2157 diademate
751 2097 1089 2154 concreditus
1133 2094 1228 2149 tibi
1253 2102 1394 2149 esset
1437 2091 1759 2162 gestandus,
1805 2089 1984 2143 omnia

401 2210 525 2264 qua:
562 2202 686 2248 sunt
710 2193 760 2245 in
792 2201 929 2245 terra
957 2188 1264 2258 abjccisses.
1296 2185 1448 2240 Nunc
1474 2194 1652 2238 autem
1680 2199 1785 2236 non
1817 2182 1980 2235 tilium

403 2288 578 2357 regis,
603 2284 698 2339 sed
730 2285 902 2352 ipsum
935 2282 1026 2335 Dei
1073 2279 1269 2335 Filium
1302 2275 1632 2346 unigenitum
1675 2272 1944 2344 accipiens
1964 2312 1979 2337 ,

401 2393 511 2432 non
553 2374 918 2439 exliorrescis,
944 2371 1030 2427 die
1058 2369 1185 2425 mihi
1213 2409 1228 2436 ,
1267 2378 1321 2424 et
1368 2383 1474 2421 non
1507 2379 1721 2419 omnem
1767 2363 1986 2417 saecula-

1454 243 1516 300 lN
1556 243 1773 300 EPIS'I‘.
1816 241 1834 297 Ι
1902 243 1993 298 AD
2030 242 2186 298 COB.
2231 242 2460 299 llOMIL.
2511 245 2674 303 XXV.

3561 266 3665 324 966

2084 358 2220 412 rium
2250 374 2427 414 rerum
2455 376 2694 418 amorem
2719 364 2926 435 abjicis,
2952 383 3123 440 neque
3153 370 3245 427 illo
3277 382 3477 437 tantum
3503 397 3661 437 orna-

2087 457 2141 503 tu
2171 449 2416 519 gloriaris
2441 467 2455 513 ;
2483 451 2576 506 sed
2605 453 2777 510 adhuc
2807 458 2857 510 in
2892 467 3088 516 terram
3119 463 3344 533 reSpicis
3368 506 3382 529 ,
3410 472 3664 538 pecunias

2087 552 2235 592 amas
2263 548 2315 594 et
2342 554 2474 594 auro
2504 541 2716 597 inhias?
2746 560 2967 617 ecquam
3001 549 3279 608 habiturus
3318 569 3377 610 es
3410 558 3619 614 veniam
3641 563 3666 615 ἲ

2084 645 2242 698 quam
2274 633 2709 689 excusationem?
2733 635 2847 692 Non
2875 639 3022 695 vides
3052 655 3308 712 quantum
3346 649 3656 705 saecularem

2084 736 2300 777 omnem
2326 727 2771 795 magniﬁcentiam
2818 744 3094 789 aversetur
3142 736 3436 795 Dominus?
3484 758 3662 799 nonne

2085 809 2205 867 ideo
2235 827 2354 867 cum
2377 823 2533 870 natus
2563 827 2724 883 esset,
2749 820 2800 872 in
2834 825 3056 894 prmsepi
3086 827 3292 895 positus
3317 841 3422 896 est,
3451 842 3506 886 et
3551 849 3664 886 ma-

2086 911 2221 958 trem
2249 907 2456 975 accepit
2481 908 2598 963 vilis
2619 911 2980 967 conditionis?
3004 933 3178 972 nonne
3207 920 3327 975 ideo
3352 921 3563 978 dicebat
3591 927 3664 992 ei,

2087 997 2177 1065 qui
2215 996 2280 1051 ad
2321 1013 2617 1068 cauponam
2643 1005 2966 1072 respiciebat
2994 1026 3007 1060 :
3040 1007 3207 1064 Filius
3251 1023 3416 1067 autem
3445 1015 3665 1071 hominis

2085 1105 2186 1144 non
2212 1091 2360 1144 habet
2388 1091 2472 1145 ubi
2499 1103 2649 1163 caput
2672 1096 2876 1150 reclinet
2899 1098 3106 1169 (Matth.
3140 1101 3194 1156 8.
3222 1102 3350 1175 20)?
3373 1105 3508 1174 Quid
3537 1124 3665 1163 vero

2092 1178 2370 1251 discipuli?
2398 1199 2574 1238 nonne
2590 1185 2830 1241 eamdem
2860 1191 3142 1246 servabant
3173 1193 3363 1263 legem,
3389 1197 3438 1250 in
3470 1214 3659 1270 panpe-

2089 1287 2206 1324 rum
2235 1271 2420 1328 domos
2445 1272 2804 1342 diversantes,
2829 1279 2967 1334 alius
2995 1282 3209 1350 quidem
3232 1285 3369 1352 apud
3395 1298 3656 1353 sutorem,

2087 1361 2223 1415 alius
2249 1361 2386 1435 apud
2422 1363 2887 1423 tabernaculorum
2925 1370 3167 1440 opiﬁcem
3194 1381 3248 1427 ct
3287 1376 3428 1446 apud
3461 1393 3660 1448 purpu—

2087 1451 2279 1505 rariam
2300 1452 2322 1505 ἵ
2341 1467 2446 1506 ηοη
2476 1455 2620 1508 enim
2644 1455 2834 1511 domus
2862 1459 3221 1528 splendorem,
3245 1464 3337 1518 sed
3368 1467 3665 1523 animarum

2090 1541 2315 1597 virtutes
2363 1544 2694 1614 quwrebant.
2743 1547 2853 1602 llos
2901 1548 3077 1618 itaque
3123 1560 3177 1606 et
3219 1569 3318 1608 nos
3360 1555 3599 1611 imitetur
3651 1578 3664 1612 :

2088 1634 2537 1702 pulchritudinem
2569 1637 2936 1694 columnarum
2981 1651 3036 1696 et
3075 1660 3400 1700 marmonum
3444 1658 3666 1716 prmter-

2088 1732 2402 1788 currentes,
2451 1741 2673 1795 superas
2717 1744 2846 1782 vero
2888 1733 3196 1788 mansiones
3227 1749 3568 1804 quaerentes;
3613 1749 3668 1795 et

2087 1830 2300 1871 omnem
2325 1814 2516 1871 fastum
2539 1818 2826 1875 humanum
2849 1822 3118 1877 calcemus
3153 1841 3274 1881 cum
3317 1829 3662 1898 pecuniamun

2088 1906 2412 1974 cupiditate,
2458 1908 2729 1978 altumque
2773 1925 2987 1966 sensum
3031 1929 3385 1972 assumamus.
3421 1918 3475 1974 Si
3523 1921 3666 1974 enim

2088 1999 2357 2068 sapienter
2383 2000 2755 2065 attendamus,
2791 2017 2963 2073 neque
2990 2006 3219 2060 mundus
3259 2009 3346 2064 hic
3388 2011 3541 2066 nobis
3581 2012 3666 2066 di-

2089 2106 2223 2158 gnus
2240 2100 2339 2156 est,
2368 2090 2562 2145 nedum
2584 2094 2820 2160 porticus
2848 2105 2901 2148 et
2922 2097 3252 2152 ambulacra.
3285 2099 3666 2170 Quamobrem,

2091 2196 2240 2250 rogo,
2269 2181 2500 2236 animam
2552 2193 2790 2237 nostram
2824 2199 3075 2240 ornemus
3097 2229 3110 2251 ,
3144 2188 3281 2242 hanc
3307 2189 3521 2244 domum
3567 2209 3665 2261 ap-

2090 2286 2341 2340 paremus
2363 2314 2376 2335 ,
2425 2288 2525 2342 qua
2575 2273 2735 2328 etiam
2765 2285 2985 2346 accepta
3023 2278 3145 2332 hinc
3176 2280 3520 2348 migrabimus
3543 2324 3559 2350 ,
3613 2295 3669 2337 ut

2089 2370 2285 2415 (eterna
2310 2363 2444 2416 bona
2469 2379 2882 2434 consequamur,
2914 2369 3078 2437 gratia
3111 2378 3165 2424 et
3196 2370 3537 2441 benignitate,
3561 2387 3668 2432 etc.

415 2495 3673 2528 ﬂ—W

1702 2568 2042 2632 HOMILIA
2097 2569 2300 2631 XXV.

401 2726 537 2782 CAP.
571 2725 659 2780 l0.
689 2740 740 2778 v.
769 2723 859 2779 25.
897 2723 1058 2777 Omne
1077 2720 1210 2792 quod
1249 2720 1301 2773 in
1330 2716 1542 2772 macello
1572 2715 1738 2780 venit,
1768 2709 1983 2764 mandu-

513 2828 625 2874 cate
645 2861 661 2885 ,
710 2817 838 2871 nihil
861 2818 1226 2885 interrogantes
1250 2820 1456 2882 propter
1484 2807 1860 2863 conscientiam.

476 2913 532 2966 l.
563 2909 697 2965 Cu‘m
742 2908 970 2962 dixisset
997 2902 1330 2974 impossibile
1360 2915 1480 2957 esse
1527 2898 1747 2954 calicem
1773 2894 1984 2950 Domini

404 3002 592 3056 bibere
618 3009 671 3054 et
697 2998 915 3052 calicem
946 2994 1332 3050 daemoniorum
1356 3033 1370 3058 ,
1401 2999 1456 3045 et
1492 2987 1699 3059 penitus
1737 2984 1984 3038 abduxis-

417 3101 503 3148 set
525 3107 552 3144 a
581 3090 783 3145 mensis
812 3088 916 3142 illis
934 3128 950 3154 ,
979 3086 1046 3140 ab
1070 3082 1331 3154 exemplis
1361 3080 1613 3144 Judaicis,
1645 3093 1674 3134 a
1693 3075 1987 3133 ratiociniis

407 3183 660 3238 humanis
686 3222 699 3244 ,
729 3196 759 3234 a
800 3178 1072 3249 mysteriis
1116 3173 1436 3238 horrendis,
1465 3171 1532 3226 ab
1575 3170 1639 3224 iis
1665 3183 1784 3239 qua:
1827 3180 1986 3236 pera-

403 3283 603 3346 guntur
632 3275 684 3328 in
713 3272 870 3326 idolis
898 3271 912 3302 ¹
936 3312 951 3336 ,
985 3279 1039 3324 et
1067 3284 1188 3324 cum
1211 3269 1477 3337 ingentem
1509 3271 1709 3318 metum
1736 3260 1990 3314 incussis-

405 3377 522 3430 sct;
551 3382 620 3420 ne
647 3364 737 3420 tali
767 3371 911 3419 metu
939 3363 1059 3417 illos
1087 3360 1152 3416 ad
1173 3359 1315 3414 aliud
1341 3367 1643 3414 extremum
1668 3355 1984 3425 impelleret,

407 3468 461 3513 et
490 3457 681 3527 majori
716 3471 873 3526 quam
915 3470 1011 3525 par
1043 3461 1188 3508 esset
1239 3460 1450 3506 utentes
1476 3449 1787 3505 curiositate
1831 3460 1988 3515 coge-

405 3560 591 3605 rentur
637 3547 866 3609 timere,
914 3559 984 3600 ne
1028 3544 1158 3613 ipsis
1204 3541 1569 3612 ignorantibus
1621 3536 1818 3608 aliquid
1884 3535 1990 3589 tale

407 3642 756 3696 inveheretur
806 3647 897 3692 aut
940 3652 1004 3692 ex
1052 3635 1168 3690 loro
1218 3643 1311 3688 aut
1353 3632 1604 3697 aliunde,
1649 3632 1794 3701 ipsos
1835 3645 1865 3682 a
1898 3626 1988 3681 tali

407 3732 728 3789 necessitate
746 3729 980 3798 eripiens
1008 3726 1081 3780 ait
1115 3743 1127 3779 :
1159 3723 1337 3791 Omne,
1356 3725 1489 3793 quod
1517 3724 1569 3776 in
1597 3721 1805 3775 macello
1834 3720 1985 3784 venit,

408 3824 711 3878 manducate
731 3863 744 3883 ,
772 3819 905 3873 nihil
927 3819 1312 3886 interrogantes.
1342 3814 1396 3870 Si
1423 3815 1564 3868 enim
1599 3813 1868 3882 ignorans,
1902 3810 1986 3864 in-

407 3915 542 3984 quit,
578 3910 880 3966 comederis
904 3915 959 3963 et
1003 3906 1250 3961 nesciens
1272 3946 1287 3971 ,
1316 3920 1423 3958 non
1460 3919 1518 3958 es
1548 3903 1811 3958 obnoxius
1857 3916 1987 3970 sup-

409 4003 612 4073 plicio;
641 4016 759 4055 nam
791 3999 1106 4071 ignorantiae
1136 3997 1390 4066 deinceps
1418 4010 1505 4050 res
1531 4001 1613 4048 est
1632 4035 1645 4059 ,
1680 4008 1785 4048 non
1819 3992 1989 4062 inglu-

411 4095 542 4149 viei.
573 4094 751 4164 Neque
779 4094 843 4148 ab
891 4091 989 4147 hac
1030 4097 1234 4144 tantum
1277 4089 1394 4143 illos
1432 4085 1715 4141 formidine
1758 4084 1983 4150 liberat,

409 4184 512 4241 sed
538 4184 609 4238 ab
633 4184 733 4237 alia
764 4197 1002 4253 quoque,
1029 4181 1249 4236 multam
1275 4180 1379 4234 illis
1401 4179 1702 4233 libertatem
1733 4177 1990 4232 securita-

409 4287 630 4347 temque
659 4290 920 4346 apparans
950 4290 963 4326 :
999 4287 1172 4342 neque
1213 4271 1356 4327 enim
1397 4269 1694 4339 dijudicare
1732 4268 1988 4337 permittit

406 4370 524 4426 sive
562 4368 872 4425 examinare
896 4375 950 4422 et
977 4365 1278 4430 sciscitari,
1311 4379 1377 4418 an
1417 4362 1770 4434 idolothytum
1808 4363 1877 4417 sit
1918 4377 1987 4416 an

410 4476 554 4525 non;
585 4459 680 4515 sed
713 4457 1172 4513 indiscriminatim
1203 4455 1486 4510 comedere
1515 4452 1769 4524 quidquid
1785 4468 1848 4507 ex
1872 4452 1988 4508 foro

406 4553 652 4616 affertur,
679 4566 854 4621 neque
881 4550 1090 4605 discere
1113 4547 1242 4619 quid
1273 4547 1343 4602 sit
1373 4546 1425 4602 id
1471 4546 1612 4617 quod
1639 4545 1926 4617 apponitur
1972 4563 1985 4599 :

407 4644 550 4698 unde
597 4644 656 4698 ﬁt
685 4651 740 4697 ut
783 4641 872 4713 qui
911 4641 1160 4711 ignorans
1198 4637 1493 4694 comederit
1532 4639 1807 4694 liberetur.
1840 4637 1987 4692 Talia

406 4735 550 4790 enim
581 4741 710 4788 sunt
750 4747 870 4802 qua:
900 4741 1084 4785 natura
1117 4745 1221 4784 non
1250 4737 1376 4784 sunt
1405 4729 1541 4784 mala
1565 4771 1578 4795 ,
1608 4728 1704 4784 sed
1742 4745 1807 4785 ex
1836 4728 1978 4799 cogi—

407 4826 610 4879 tatione
653 4823 780 4894 quid
832 4821 1164 4877 immundum
1209 4819 1425 4876 faciunt.
1479 4820 1767 4891 Propterea
1818 4819 1984 4886 dicit,

407 4913 562 4969 Nihil
586 4914 974 4981 interrogantes.
1003 4913 1090 4967 26.
1123 4911 1254 4966 Nam
1287 4911 1493 4964 Domini
1513 4921 1584 4965 est
1607 4921 1740 4964 terra
1758 4920 1805 4964 et
1827 4911 1988 4982 pleni-

405 5009 528 5063 tudo
547 5009 678 5077 ejus,
698 5021 803 5061 non
825 5005 1231 5061 daemoniorum.
1254 5003 1405 5070 Quod
1425 5003 1472 5058 si
1502 5014 1664 5067 terra,
1685 5002 1907 5067 fructus,
1932 5010 1988 5057 et

405 5101 560 5154 bruta
588 5101 709 5168 ejus
738 5101 942 5165 omnia,
972 5099 1105 5153 nihil
1140 5098 1334 5154 habent
1360 5096 1694 5152 immundum
1720 5113 1734 5151 ;
1757 5094 1850 5150 sed
1879 5095 1984 5150 alio

401 5191 567 5246 modo
598 5190 932 5245 immundum
960 5190 1186 5245 elﬁcitur
1221 5205 1286 5244 ex
1311 5190 1636 5259 cogitatione
1665 5196 1720 5244 et
1756 5204 1821 5243 ex
1871 5189 1986 5243 ino-

405 5281 675 5336 bcdientia
709 5298 724 5337 :
748 5280 874 5338 ideo
893 5296 1001 5337 non
1026 5281 1185 5336 modo
1204 5281 1461 5352 permisit,
1490 5281 1584 5337 sed
1604 5280 1785 5345 etiam,
1808 5281 1898 5334 9.7.
1925 5278 1986 5334 Si

402 5373 546 5442 quis,
574 5373 788 5443 inquit,
819 5388 905 5427 vos
935 5383 1075 5427 vocat
1094 5373 1376 5441 inﬁdelium
1398 5413 1410 5436 ,
1443 5381 1491 5426 et
1513 5372 1659 5426 vultis
1685 5372 1760 5426 ire
1781 5413 1796 5436 ,
1838 5386 1985 5424 omne

400 5466 540 5531 quod
577 5465 715 5522 vobis
765 5467 1040 5536 apponitur
1080 5467 1415 5533 manducate,
1451 5465 1581 5519 nihil
1623 5467 1983 5536 interrogantes

463 5597 480 5660 ἕ
517 5595 723 5648 Savilius
744 5596 1008 5660 legendum
1033 5604 1194 5660 putat,
1220 5594 1269 5647 in
1292 5595 1479 5660 templis
1510 5596 1770 5658 idolomm,
1800 5604 1849 5647 et
1873 5596 1979 5646 h:ee

401 5659 596 5711 videtur
621 5673 737 5711 vera
763 5657 926 5710 lectio.
951 5657 1322 5711 sed—reclamant
1346 5657 1470 5710 Editi
1497 5667 1546 5710 et
1572 5668 1676 5708 Mss.

2095 2723 2300 2783 propter
2357 2719 2731 2777 conscientiam.
2787 2723 2915 2780 Vide
2967 2742 3154 2783 rursus
3202 2727 3671 2784 moderationem:

2097 2820 2266 2874 neque
2295 2809 2436 2861 enim
2455 2811 2613 2876 jussit
2641 2817 2721 2866 vel
2757 2817 3008 2886 praecepit
3036 2819 3203 2885 abire,
3232 2821 3326 2874 sed
3356 2835 3528 2888 neque
3550 2833 3673 2891 pro—

2097 2895 2266 2951 hibuit
2299 2914 2312 2950 :
2348 2900 2698 2959 abscedentes
2720 2922 2906 2961 rursus
2937 2909 3004 2962 ab
3029 2911 3176 2965 omni
3203 2912 3506 2982 suspicione
3533 2911 3671 2967 libe-

2095 3000 2194 3042 rat.
2228 2991 2443 3057 Quare?
2467 2993 2546 3048 Ne
2572 2995 2842 3053 videretur
2871 3015 2899 3052 a
2928 3012 3071 3057 metu
3101 3012 3193 3058 aut
3224 3005 3506 3060 formidine
3550 3021 3672 3060 esse

2097 3091 2235 3135 tanta
2254 3087 2543 3142 aceuratio.
2567 3088 2694 3142 Nam
2710 3091 2797 3158 qui
2817 3094 3025 3148 curiose
3044 3095 3282 3166 inquirit,
3305 3096 3458 3167 quasi
3480 3097 3673 3151 timens

2095 3171 2196 3226 hoc
2238 3172 2411 3228 facit:
2460 3177 2548 3244 qui
2591 3187 2767 3232 autem
2817 3191 3098 3253 postquam
3143 3186 3346 3241 audivit
3397 3187 3672 3251 abstinet,

2093 3264 2243 3331 quasi
2270 3263 2569 3334 despiciens
2601 3280 2654 3324 et
2681 3271 2805 3325 odio
2845 3274 3048 3330 habens
3091 3287 3148 3331 et
3187 3291 3472 3344 aversans,
3507 3277 3674 3332 absti-

2095 3362 2206 3410 net.
2238 3356 2360 3411 ldeo
2400 3358 2594 3414 Paulus
2625 3372 2908 3433 utrumque
2935 3367 3254 3424 conﬁrmare
3282 3369 3466 3424 volens
3487 3411 3502 3434 ,
3530 3370 3606 3422 ait
3647 3385 3662 3421 :

2098 3445 2260 3500 Omne
2286 3449 2420 3517 quod
2466 3450 2600 3505 vobis
2639 3455 2914 3523 apponitur
2958 3457 3279 3511 manducata.
3323 3458 3415 3513 28.
3463 3457 3523 3513 Si
3555 3459 3670 3530 quis

2094 3548 2259 3590 autem
2287 3539 2420 3593 vobis
2450 3542 2633 3595 dixerit
2659 3583 2673 3607 ,
2730 3542 2838 3598 Hoc
2863 3547 3177 3601 immolatum
3206 3557 3276 3603 est
3303 3549 3453 3603 idolis
3472 3591 3488 3616 ,
3520 3549 3673 3603 nolite

2093 3631 2403 3684 manducare
2430 3644 2636 3703 propter
2675 3636 2820 3689 illum
2863 3638 2948 3708 qui
2991 3639 3254 3695 indicavit.
3306 3640 3491 3709 Neque
3528 3641 3672 3695 enim

2095 3728 2361 3788 tamquam
2390 3736 2418 3773 a
2462 3723 2569 3776 vim
2609 3725 2838 3794 aliquam
2866 3726 3184 3783 habentibus
3211 3771 3226 3794 ,
3271 3729 3368 3784 sed
3399 3738 3666 3800 tamquam

2094 3809 2162 3863 ab
2209 3814 2555 3868 exsecrandis
2579 3815 2732 3884 jubet
2779 3817 3070 3874 abstinere.
3098 3819 3281 3889 Neque
3304 3820 3464 3890 igitur
3492 3820 3560 3875 ab
3604 3819 3668 3874 iis

2094 3910 2150 3956 ut
2197 3918 2314 3972 quae
2367 3918 2560 3960 nocere
2611 3908 2813 3976 possint
2852 3907 3049 3979 fugite;
3091 3912 3289 3966 nullam
3335 3913 3531 3982 quippe
3559 3916 3664 3965 vim

2095 3995 2326 4062 habent;
2360 4013 2532 4068 neque
2559 4000 2678 4069 quia
2707 4001 2904 4055 nullam
2933 4003 3038 4055 vim
3077 4003 3274 4058 habent
3299 4045 3313 4068 ,
3345 4004 3667 4058 indiscrimi-

2094 4089 2258 4144 natim
2292 4091 2593 4159 percipiatis
2627 4109 2640 4144 :
2672 4091 2904 4146 hostium
2950 4094 3092 4148 enim
3133 4101 3186 4148 et
3232 4094 3668 4149 inhonoratorum

2093 4196 2275 4236 mensa
2299 4191 2397 4236 est.
2424 4181 2546 4236 Ideo
2571 4182 2800 4246 dicebat,
2817 4182 2990 4239 Nolite
3017 4185 3275 4240 comedere
3300 4195 3504 4256 propter
3523 4187 3668 4241 illum

2091 4276 2178 4345 qui
2207 4274 2466 4340 indicavit,
2496 4285 2540 4328 et
2569 4285 2771 4346 propter
2795 4277 3170 4331 conscientiam.
3205 4276 3412 4332 Domini
3433 4278 3565 4332 enim
3593 4289 3666 4332 est

2092 4374 2224 4418 terra
2257 4374 2306 4418 et
2351 4364 2610 4434 plenitudo
2640 4366 2769 4436 ejus.
2815 4364 3000 4420 Viden’
3031 4366 3300 4437 quomodo
3329 4377 3378 4423 et
3409 4382 3529 4421 cum
3578 4382 3670 4422 co-

2093 4458 2307 4512 medere
2330 4457 2517 4526 jubet,
2548 4466 2603 4510 et
2631 4472 2749 4512 cum
2780 4457 3054 4513 abstinere
3078 4499 3093 4525 ,
3123 4458 3261 4514 idem
3302 4460 3668 4514 testimonium

2092 4548 2146 4602 in
2186 4547 2418 4603 medium
2472 4547 2746 4603 adducat?
2788 4549 2971 4620 Neque
3017 4550 3157 4604 enim
3209 4550 3327 4606 ideo
3369 4549 3627 4621 prohibeo
3653 4591 3667 4612 .

2093 4638 2294 4710 inquit,
2324 4638 2474 4709 quasi
2503 4639 2676 4693 aliena
2707 4640 2848 4706 sint;
2875 4655 2996 4696 nam
3027 4641 3232 4696 Domini
3257 4651 3338 4696 est
3364 4651 3542 4705 terra;
3577 4641 3669 4696 sed

2097 4737 2314 4799 propter
2343 4728 2395 4783 id
2421 4729 2563 4799 quod
2595 4729 2834 4784 dicebam
2856 4771 2870 4795 ,
2906 4742 3126 4801 propter
3164 4732 3580 4796 conscientiam;
3617 4733 3665 4786 id

2093 4830 2174 4875 est
2191 4861 2208 4886 ,
2235 4836 2300 4875 ne
2327 4820 2555 4875 ltedaris.
2579 4820 2801 4891 Oportet
2816 4836 2944 4891 ergo
2963 4823 3175 4876 curiose
3204 4822 3472 4891 inquirere
3489 4822 3512 4876 ?
3527 4821 3665 4885 Non,

2094 4914 2263 4983 inquit
2290 4929 2304 4964 :
2335 4928 2505 4983 neque
2532 4913 2673 4966 cnim
2705 4921 2844 4965 tuam
2876 4912 2984 4965 dixi
3012 4913 3394 4968 conscientiam
3421 4919 3449 4978 ,'
3465 4913 3558 4968 sed
3602 4915 3667 4968 il-

2092 5003 2215 5058 lius.
2241 5002 2395 5057 Prius
2420 5003 2560 5056 enim
2607 5001 2746 5064 dixi,
2781 4999 3002 5069 Propter
3029 5002 3175 5056 illum
3199 5003 3285 5073 qui
3313 5003 3590 5068 indicavit;
3615 5014 3666 5059 et

2091 5109 2277 5150 rursus
2310 5114 2322 5147 :
2351 5095 2440 5150 29.
2473 5093 2842 5148 Conscientiam
2871 5095 2984 5149 dico
3005 5113 3104 5150 non
3135 5106 3295 5163 tuam,
3321 5097 3411 5153 sed
3437 5099 3664 5154 alterius.

2093 5187 2200 5242 Sed
2230 5185 2366 5240 forte
2390 5185 2584 5240 dixerit
2608 5186 2868 5256 quispiam
2898 5203 2910 5240 :
2943 5187 3219 5243 Fratribus
3244 5191 3435 5245 merito
3461 5191 3660 5260 parcis,

2091 5287 2146 5335 et
2198 5293 2302 5332 non
2348 5277 2480 5333 sinis
2527 5293 2627 5334 nos
2673 5289 2889 5349 gustare
2930 5289 3149 5350 pmpter
3179 5281 3334 5346 illos;
3366 5298 3434 5337 ne
3479 5296 3664 5336 eorum

2090 5369 2417 5426 conscientia
2441 5385 2559 5423 cum
2591 5371 2658 5424 sit
2683 5370 2892 5424 inﬁrma
2913 5413 2928 5437 ,
2959 5373 3244 5426 inducatur
3272 5372 3338 5426 ad
3378 5372 3663 5428 comeden-

2090 5465 2216 5521 dum
2244 5479 2308 5519 ea
2333 5505 2347 5528 ,
2379 5479 2498 5534 quae
2519 5463 2681 5518 idolis
2702 5473 2826 5518 sunt
2854 5464 3123 5518 immolata
3173 5483 3186 5519 :
3221 5465 3263 5519 si
3297 5480 3426 5520 vero
3451 5468 3663 5536 gentilis

2090 5558 2350 5629 quispiam
2377 5556 2530 5611 fuerit
2557 5597 2570 5619 ,
2601 5555 2725 5625 quid
2760 5555 2851 5608 tibi
2882 5571 3023 5610 curae
3053 5556 3173 5610 est?
3203 5572 3377 5613 nonne
3419 5568 3472 5612 tu
3511 5559 3659 5614 dicc-

2091 5649 2184 5703 bas
2209 5689 2222 5714 ,
2257 5647 2393 5718 Quid
2435 5647 2564 5700 enim
2612 5646 2732 5700 mihi
2761 5646 2820 5702 de
2868 5647 2929 5701 iis
2970 5647 3053 5718 qui
3081 5647 3210 5719 foris
3255 5660 3368 5704 sunt
3413 5642 3661 5715 judicare
