4094 6222
395 234 498 290 307
1095 223 1153 279 S.
1195 221 1468 279 JOANNIS
1503 215 1975 274 Clll‘tYSOSTOMl
2015 212 2326 272 ARCHIEP.
2367 213 2894 271 CONSTANTINOP.
3553 221 3656 280 208

400 348 473 415 (l.
498 342 616 401 Cor.
647 343 701 399 5.
734 338 865 409 12)?
891 353 987 394 cur
1013 351 1142 408 ergo
1165 349 1350 389 rursus
1373 331 1441 386 de
1462 329 1565 384 illis
1590 343 1774 384 curam
1795 326 1972 397 geris?

399 437 514 493 Non
541 435 705 496 illius,
729 430 921 500 inquit,
952 426 1046 484 sed
1074 427 1234 482 etiam
1264 423 1351 476 bic
1377 421 1453 475 tui
1479 435 1658 474 curam
1681 434 1833 488 gero.
1852 415 1976 471 Ideo

401 527 674 597 subjunxit
717 544 730 579 :
765 523 832 580 Ut
873 523 994 592 quid
1039 519 1171 573 enim
1223 515 1426 570 libertas
1465 529 1576 568 mea
1614 513 1881 582 judicatur
1915 508 1975 563 ab

401 624 568 679 aliena
587 618 891 674 conscientia
913 615 938 667 .9
959 613 1256 669 libertatem
1274 608 1478 671 dicens,
1499 605 1636 676 quod
1663 620 1766 662 non
1795 604 1979 658 obser—

407 721 555 766 vetur
586 723 756 779 neque
781 704 1130 776 prohibeatur
1169 717 1183 755 :
1229 700 1331 754 hoc
1359 700 1502 754 enim
1536 699 1755 758 libertas
1785 704 1904 762 est,
1948 709 1976 748 a

402 801 622 858 Judaica
673 797 930 852 servitute
979 791 1226 846 liberata.
1269 790 1382 845 Hoc
1423 799 1600 846 autem
1629 788 1737 842 vult
1771 785 1976 856 signifi-

403 909 526 949 care
558 908 572 944 :
605 889 832 946 liberum
875 901 961 940 me
999 883 1124 938 fecit
1176 883 1316 937 Deus
1341 923 1356 948 ,
1385 891 1438 936 et
1472 879 1616 934 omni
1657 879 1980 933 documento

403 982 766 1053 Superiorem;
799 978 890 1034 sed
919 977 1089 1032 nescit
1116 975 1326 1045 gentilis
1351 976 1418 1028 de
1449 988 1564 1030 mea
1591 971 1830 1041 judicare
1861 967 1979 1037 phi-

405 1070 666 1144 lostiphia,
697 1086 868 1141 neque
892 1069 1099 1124 Domini
1125 1067 1226 1121 ntei
1259 1065 1629 1120 liberalitatem
1655 1061 1978 1131 perspicere,

405 1167 498 1222 sed
529 1163 909 1221 condemnabit
940 1169 994 1215 et
1019 1159 1156 1229 apud
1189 1173 1248 1212 se
1287 1155 1430 1210 dicet
1459 1173 1470 1208 :
1505 1154 1718 1208 Fabulae
1745 1159 1869 1206 sunt
1898 1163 1983 1203 res

404 1257 830 1313 Christianorum
860 1271 871 1306 :
901 1253 1170 1308 abstinent
1212 1249 1278 1304 ab
1323 1248 1478 1303 idolis
1501 1288 1516 1312 ,
1548 1245 1756 1316 fugiunt
1784 1244 1983 1298 memo-

407 1364 502 1401 nas
525 1389 540 1411 ,
573 1356 626 1401 ct
655 1345 860 1399 hmrcnl
891 1343 954 1397 iis
982 1358 1100 1412 quin
1142 1340 1246 1394 illis
1282 1337 1580 1393 oll‘cruntur
1609 1352 1622 1388 :
1655 1336 1796 1404 viget
1843 1330 1983 1402 apud

409 1440 527 1494 illos
559 1437 695 1506 gula.
730 1437 797 1490 Et
821 1435 945 1505 quid
978 1442 1087 1487 tum
1113 1474 1129 1499 ,
1163 1429 1403 1501 inquies?
1425 1427 1549 1498 quid
1581 1425 1734 1481 nobis
1763 1424 1940 1479 damni
1966 1464 1980 1490 ,

406 1531 451 1582 si
499 1529 587 1582 ille
614 1528 750 1582 male
795 1525 1038 1596 iudicet?
1067 1524 1277 1590 Quanto
1306 1531 1486 1576 autem
1534 1517 1729 1572 melius
1756 1531 1861 1570 non
1908 1514 1984 1568 illi

407 1618 745 1674 occasionem
790 1616 919 1671 dare
949 1625 1004 1670 ut
1028 1611 1276 1685 judicet?
1300 1612 1343 1666 si
1373 1611 1514 1670 enim
1560 1608 1866 1670 abstineas,
1918 1618 1986 1658 ne

411 1712 525 1766 luec
543 1711 754 1782 quidem
777 1709 936 1764 dicet.
963 1706 1261 1776 Quomodo,
1287 1704 1510 1775 inquies,
1545 1717 1648 1757 non
1673 1700 1849 1754 dicet?
1866 1713 1985 1753 cum

410 1803 552 1858 enim
582 1803 770 1857 viderit
793 1817 880 1857 me
907 1800 1023 1861 hzec
1052 1815 1156 1855 non
1178 1797 1503 1861 examinare,
1535 1810 1640 1854 non
1667 1794 1719 1848 in
1740 1790 1984 1855 macello,

412 1911 517 1949 non
543 1894 593 1946 in
622 1893 869 1948 convivio
893 1934 908 1956 ,
936 1889 1206 1960 quomodo
1235 1903 1340 1944 non
1367 1887 1510 1942 dicet
1550 1900 1726 1954 neque
1769 1883 1990 1938 damna-

409 1986 520 2053 bit,
552 1995 608 2040 ut
642 1985 730 2058 qui
787 1983 1268 2040 indiscriminatim
1312 1980 1502 2035 horum
1537 1978 1802 2048 particeps
1845 1975 1988 2031 sim?

411 2079 756 2149 Nequaquam
790 2095 803 2131 :
834 2093 1009 2148 neque
1039 2076 1183 2131 enim
1223 2075 1339 2129 luec
1369 2084 1636 2142 tamquam
1689 2070 1844 2135 idolis
1887 2069 1989 2124 im-

413 2173 608 2226 molata
656 2171 932 2237 comedis,
980 2169 1073 2226 sed
1124 2180 1390 2237 tamquam
1442 2165 1638 2220 munda
1671 2181 1684 2218 :
1715 2165 1760 2220 si
1807 2171 1984 2227 autem

413 2279 520 2318 non
551 2263 760 2318 curiose
800 2261 1022 2333 inquiris
1047 2303 1060 2323 ,
1093 2259 1197 2314 hoc
1225 2258 1354 2312 facis
1384 2267 1438 2312 ut
1468 2256 1719 2312 ostendas
1747 2263 1798 2310 te
1822 2268 1992 2323 appo-

415 2355 514 2408 sita
538 2370 641 2408 non
671 2355 880 2409 timere.
906 2352 1196 2422 Propterea
1224 2350 1337 2405 sive
1362 2351 1413 2403 in
1443 2348 1658 2402 domum
1681 2347 1991 2404 Graecorum

417 2443 734 2514 ingrediaris
759 2485 772 2509 ,
807 2444 922 2498 sive
954 2443 1003 2496 in
1037 2442 1208 2496 forum
1239 2440 1454 2495 veneris
1475 2480 1490 2504 ,
1521 2452 1624 2492 non
1654 2439 1907 2507 permitto
1941 2446 1995 2491 te

419 2535 680 2589 sciscitari
711 2576 726 2602 ,
754 2549 822 2588 ne
853 2531 1134 2602 strepitum
1165 2532 1373 2591 timeas,
1413 2529 1494 2583 vel
1523 2527 1830 2596 impliceris,
1859 2541 1996 2582 neve

423 2625 770 2694 percellaris,
818 2639 955 2679 neve
1004 2622 1100 2676 tibi
1151 2618 1420 2689 superflua
1468 2619 1709 2690 praebeas
1760 2617 1993 2688 negotia.

419 2717 507 2773 '50.
571 2716 632 2772 Si
679 2731 768 2787 ego
817 2730 932 2770 cum
967 2713 1133 2784 gratia
1181 2711 1465 2783 participe,
1505 2708 1627 2780 quid
1677 2708 1998 2778 blasphemor

419 2825 511 2883 pro
537 2823 594 2862 eo
632 2805 767 2876 quod
805 2804 995 2877 gratias
1030 2802 1168 2874 ago?
1193 2801 1376 2870 Cujus,
1409 2815 1590 2869 quaeso
1621 2809 1700 2864 te,
1731 2798 1998 2866 particeps

418 2901 521 2955 es?
551 2898 645 2964 Dei
671 2897 932 2956 donorum
963 2895 1117 2966 :ejus
1143 2895 1284 2950 enim
1305 2893 1474 2964 gratia
1503 2899 1645 2944 tanta
1674 2898 1773 2956 est,
1805 2897 1863 2942 ut
1884 2888 2000 2941 ani-

421 3009 562 3047 mum
612 3005 786 3047 meam
817 2987 1007 3046 reddat
1034 2987 1368 3057 impollutam
1415 2992 1468 3038 et
1497 2981 1643 3038 omni
1677 2979 1882 3040 macula
1909 2993 2000 3040 su-

421 3084 711 3154 periorem.
735 3077 1194 3149 Quemadmodum
1225 3077 1366 3132 enim
1392 3073 1472 3128 sol
1504 3071 1682 3127 radios
1710 3072 2001 3128 immittens

423 3175 473 3228 in
505 3174 697 3229 multas
721 3171 992 3236 maculas,
1045 3183 1230 3226 rursus
1255 3165 1376 3221 illos
1416 3162 1678 3233 recolligit
1705 3161 1932 3227 mundos
1983 3179 1997 3215 :

423 3269 494 3322 ita
519 3275 575 3321 et
604 3280 722 3332 nos,
751 3273 805 3325 et
833 3263 1002 3322 multo
1030 3261 1199 3330 magis
1230 3260 1282 3313 in
1302 3257 1479 3311 medio
1498 3255 1679 3310 mundi
1699 3261 1996 3318 versantes,

422 3359 544 3427 puri
574 3333 875 3420 manemus,
903 3355 950 3409 si
980 3352 1211 3410 velimus
1232 3391 1248 3418 ,
1281 3363 1388 3419 quo
1415 3348 1576 3402 etiam
1604 3346 1710 3400 vim
1744 3343 2003 3404 habemus

424 3451 705 3520 majorem.

493 3541 548 3594 2.
590 3541 698 3595 Cur
725 3551 876 3608 ergo,
901 3534 1109 3604 inquit,
1139 3528 1419 3588 abstines?
1465 3528 1580 3584 Non
1607 3526 1758 3598 quasi
1798 3525 2006 3580 futurus

425 3637 525 3688 sint
555 3629 882 3694 immundus,
905 3627 1074 3692 absit;
1104 3624 1199 3679 sed
1227 3631 1448 3694 prepter
1473 3620 1718 3686 fratrem,
1746 3629 1801 3674 et
1823 3634 1887 3674 ne
1904 3619 2004 3673 sim

425 3725 603 3782 Socios
655 3721 1063 3785 daemoniorum,
1119 3734 1256 3779 neve
1287 3715 1497 3788 judicer
1524 3714 1592 3769 ab
1635 3712 1857 3774 infideli.
1909 3712 2008 3767 Hic

426 3820 568 3874 cnim
601 3832 710 3871 non
734 3813 961 3885 amplius
985 3821 1194 3874 natura,
1242 3809 1337 3865 sed
1361 3807 1722 3864 inobedientia
1749 3848 1765 3872 ,
1791 3814 1844 3860 et
1874 3806 2006 3860 ami-

427 3911 552 3965 cit’a
579 3922 705 3978 erga
737 3906 1032 3972 d;einouas,
1059 3919 1145 3959 me
1163 3903 1285 3956 facit
1311 3899 1668 3965 immundum,
1703 3910 1755 3954 ct
1783 3897 2008 3952 liberum

426 4001 708 4065 arbitrium
759 3997 999 4052 maculas
1051 4002 1324 4064 Operatur.
1372 3991 1510 4060 Quid
1541 3991 1640 4045 sibi
1690 3989 1804 4044 vult
1830 3997 2008 4042 autem

421 4092 593 4150 illud:
625 4090 760 4167 Quid
787 4089 1108 4158 blasphemor
1149 4103 1239 4155 pro
1264 4101 1321 4148 eo
1355 4084 1491 4152 quod
1519 4083 1711 4154 gratias
1735 4082 1872 4152 ago?
1903 4081 2012 4151 Ego

418 4184 596 4252 enim,
614 4183 805 4255 inquit,
833 4181 1031 4251 gratias
1052 4193 1151 4248 ago
1181 4178 1310 4238 Deo,-
1351 4173 1492 4244 quod
1523 4189 1608 4229 me
1634 4173 1702 4227 ita
1730 4172 2010 4228 sublimem

421 4277 639 4341 Li’ererit,
668 4283 722 4330 et
745 4272 1042 4327 humilitate
1066 4269 1284 4330 Judaiea
1308 4266 1665 4336 superiorem,
1694 4265 1764 4319 ita
1788 4273 1847 4319 ut
1871 4263 2013 4319 nulla

420 4385 499 4433 ex
551 4378 703 4438 parte
732 4365 942 4428 lmdar:
985 4362 1211 4434 gentiles
1259 4369 1436 4415 autem
1488 4373 1660 4413 meam
1707 4358 2015 4428 ignorantes

434 4457 849 4530 philosophiam,
907 4451 1174 4508 contraria
1221 4449 1635 4518 suspicabantur
1682 4457 1739 4503 et
1787 4447 2014 4513 dicent:

421 4547 724 4614 Christiani
756 4553 939 4602 nostra
974 4549 1262 4614 appetunt,
1292 4547 1349 4594 et
1385 4549 1510 4596 sunt
1541 4539 1864 4609 hypocrita};
1893 4553 2015 4602 nam

434 4653 556 4694 cum
595 4638 868 4700 diemones
895 4634 1198 4702 vituperant
1226 4639 1280 4685 et
1306 4640 1641 4696 aversentur.
1693 4627 1762 4693 ad
1805 4642 2018 4684 mensas

439 4746 627 4798 eorum
664 4733 971 4793 accurrunt;
1004 4737 1110 4794 quo
1131 4721 1256 4791 quid
1279 4720 1519 4780 insanius
1539 4734 1659 4775 esse
1680 4718 1885 4789 possit?
1914 4733 2020 4772 non

435 4841 566 4896 ergo
592 4821 832 4879 veritatis
875 4832 1070 4883 causa,
1103 4813 1198 4871 sed
1247 4812 1555 4868 ambitionis
1584 4819 1639 4866 et
1693 4811 2024 4881 principatus

439 4917 641 4969 amoris
669 4914 736 4969 ad
784 4914 886 4968 hoc
915 4910 1105 4981 dogma
1138 4921 1196 4962 se
1240 4904 1600 4968 contulerunt.
1646 4901 1871 4975 Quantae
1895 4917 2026 4973 ergo

433 5005 661 5068 insania:
691 5006 868 5068 fuerit,
891 5004 935 5058 si
965 5017 1059 5073 pro
1085 5001 1190 5056 illis
1217 5000 1411 5070 quibus
1437 4995 1660 5052 affectus
1677 5009 1794 5050 sum
1821 4995 2024 5058 benefi-

432 5097 540 5150 ciis
563 5094 743 5158 tantis,
773 5103 831 5146 ut
859 5093 924 5146 de
942 5092 1048 5150 illis
1067 5091 1268 5160 gratias
1295 5105 1468 5159 agam,
1499 5088 1846 5159 blasphemia
1867 5101 2025 5146 causa

437 5185 679 5256 fuerim?
708 5186 775 5238 At
808 5184 920 5235 haec
949 5196 1163 5250 quoque
1195 5196 1335 5242 nunc
1363 5179 1506 5236 dicet
1525 5179 1763 5243 Griecus,
1798 5179 2024 5249 inquies,

439 5295 565 5338 cum
595 5274 787 5332 viderit
815 5288 904 5328 me
935 5288 1038 5325 non
1069 5270 1280 5331 curiose
1310 5269 1620 5339 inquirere?
1651 5269 2024 5339 Nequaquam:

440 5383 623 5439 net-lue
645 5365 788 5422 enim
819 5363 997 5419 omnia
1021 5361 1177 5433 plena
1215 5368 1337 5422 sunt
1366 5357 1696 5430 idolothytis,
1725 5370 1780 5415 ut
1808 5360 1908 5415 hoc
1937 5377 2028 5414 su-

452 5462 701 5532 spiceris,
735 5473 908 5531 neque
949 5467 1003 5513 tu
1057 5455 1146 5510 illa
1175 5467 1227 5509 ιιι
1261 5452 1553 5523 idolotltyta
1595 5452 1868 5523 degustas.
1908 5452 2028 5507 Noli

445 5571 580 5624 ergo
602 5555 812 5610 curiose
838 5551 1087 5624 indagare
1110 5562 1499 5620 supervacanea
1519 5562 1532 5611 ;
1555 5561 1726 5614 neque
1751 5560 1954 5604 rursus,
1985 5543 2028 5598 si

451 5646 622 5716 aliqui
647 5645 845 5713 dicant,
860 5644 1020 5700 idolis
1048 5643 1377 5699 immolatum
1394 5649 1492 5707 est,
1510 5639 1624 5709 ejus
1639 5640 1713 5694 sis
1735 5639 2019 5708 particeps.

2082 325 2212 380 Nam
2236 325 2459 396 gratiam
2481 325 2571 380 tibi
2593 324 2836 381 Christus
2857 324 3022 392 dedit,
3045 325 3432 400 sublimemque
3460 341 3512 388 te
3531 332 3659 390 fecit

2082 426 2242 485 atque
2275 414 2399 472 huic
2443 414 2638 471 damno
2667 415 3022 485 superiorem,
3051 433 3157 472 non
3189 426 3246 473 ut
3272 420 3412 476 male
3448 423 3656 492 audias,

2084 524 2258 579 neque
2283 517 2360 574 ut,
2391 508 2533 564 unde
2559 516 2761 563 tantum
2791 508 3026 565 lucratus
3053 525 3114 565 es
3134 519 3194 566 ut
3220 512 3418 581 gratias
3446 528 3658 585 ageres,

2085 599 2208 653 imle
2235 598 2305 653 ita
2335 598 2470 654 alios
2493 599 2656 654 laedas
2682 608 2740 654 ut
2768 598 3157 670 blasphement.
3214 601 3324 658 Cur
3363 604 3529 671 enim,
3573 605 3658 660 iii-

2084 689 2219 760 quit,
2249 703 2355 743 non
2400 689 2523 745 dico
2559 689 2770 758 Graeco,
2804 689 2954 745 Rodo
2994 700 3049 746 et
3097 693 3225 746 nihil
3256 693 3438 760 laedor,
3486 711 3662 767 neque

2084 779 2236 847 quasi
2277 778 2577 836 daemonum
2617 780 2818 836 amicus
2851 781 2950 836 hoc
2981 781 3161 838 facio?
3186 783 3318 852 Quia
3351 801 3456 841 non
3484 797 3664 857 potest

2087 870 2430 938 persuadere,
2459 871 2669 926 etiamsi
2696 872 2888 927 millies
2918 873 3064 928 dicas
3093 890 3107 927 :
3138 875 3380 931 infirmus
3429 895 3662 949 namque

2086 971 2168 1020 est
2196 971 2250 1020 et
2271 962 2538 1020 inimicus.
2573 962 2628 1018 Si
2670 963 2811 1018 enim
2845 964 2992 1019 fratri
3035 965 3270 1022 nondum
3322 971 3659 1038 persuasisti,

2088 1053 2254 1114 multo
2293 1054 2470 1116 minus
2513 1053 2728 1110 inimico
2773 1064 2826 1109 et
2854 1054 3040 1111 Graeco
3072 1058 3440 1126 persuadebis.
3477 1060 3532 1116 Si
3571 1061 3663 1116 ille

2089 1162 2182 1216 per
2211 1148 2596 1206 conscientiam
2647 1147 2802 1203 idolis
2847 1149 3106 1206 immolati
3164 1153 3447 1218 retinetur,
3496 1154 3664 1210 multo

2087 1240 2256 1310 magis
2285 1240 2529 1296 infidelis.
2555 1240 2695 1312 Quid
2716 1249 2892 1297 autem
2921 1243 3072 1298 nobis
3095 1253 3198 1298 tam
3220 1245 3400 1301 multis
3422 1261 3556 1316 epus
3580 1257 3666 1304 est

2090 1330 2360 1401 negotiis?
2389 1330 2524 1398 Quid
2559 1347 2707 1402 ergo,
2739 1332 2862 1402 quia
2893 1333 3161 1390 Christum
3191 1336 3434 1391 novimus
3458 1346 3512 1400 et,
3539 1353 3665 1410 gra-

2093 1424 2191 1478 tias
2219 1424 2444 1493 agimus,
2478 1425 2552 1480 illi
2573 1435 2748 1488 autem
2775 1425 3168 1496 blaSphemant,
3190 1428 3309 1483 ideo
3335 1429 3401 1483 ab
3422 1430 3522 1485 hoc
3541 1432 3666 1487 abs-

2092 1516 2409 1571 tinehimus?
2437 1519 2618 1589 Apage
2645 1537 2658 1574 :
2686 1533 2791 1574 non
2840 1519 2981 1574 enim
3009 1535 3103 1590 par
3131 1536 3219 1580 res
3243 1531 3323 1576 est
3350 1540 3363 1577 :
3393 1523 3497 1578 illic
3520 1525 3664 1580 enim

2093 1609 2296 1664 lucrum
2327 1626 2572 1681 magnum
2599 1620 2702 1679 est,
2729 1611 2870 1684 quod
2894 1612 3278 1683 blaSphemiam
3311 1615 3560 1682 feramus,
3579 1617 3668 1672 hic

2091 1713 2265 1756 autem
2292 1702 2425 1757 nihil
2447 1703 2548 1758 erit
2569 1703 2720 1759 lucri.
2741 1705 2864 1761 Ideo
2889 1705 3037 1775 prius
3061 1705 3270 1762 dicebat
3335 1708 3512 1776 Neque
3536 1710 3670 1763 enim

2091 1792 2134 1846 si
2149 1793 2533 1860 manducamus,
2556 1795 2896 1866 abundamus;
2917 1815 3073 1868 neque
3091 1800 3252 1854 sinon
3281 1802 3664 1868 manducamus,

2093 1881 2352 1950 deﬁcimus
2381 1883 2455 1953 (Ι.
2481 1884 2598 1938 Cor.
2631 1885 2682 1941 8.
2709 1886 2788 1955 8).
2820 1887 3019 1943 Praeter
3048 1888 3162 1944 hac
3192 1899 3368 1944 autem
3401 1906 3513 1946 rem
3545 1907 3669 1949 esse

2094 1968 2397 2042 fugiendam
2423 1977 2802 2044 pronuntiavit,
2828 1977 2897 2032 ita
2915 1987 2971 2033 ut
2986 1980 3084 2035 alia
3105 1984 3263 2040 etiam
3279 1982 3485 2039 ratione
3506 1983 3674 2040 absti-

2096 2079 2224 2119 nere
2253 2075 2516 2134 oporteat,
2551 2083 2654 2126 non
2686 2068 2806 2124 ideo
2839 2078 3064 2135 tantum,
3097 2073 3190 2128 sed
3243 2073 3313 2129 ob
3355 2075 3486 2130 alias
3537 2092 3672 2146 quas

2094 2153 2228 2209 dixit
2255 2170 2464 2212 causas.
2494 2159 2581 2214 5L
2603 2158 2722 2214 Sive
2739 2177 2859 2232 ergo
2881 2162 3218 2231 manducetis,
3248 2165 3349 2219 sive
3368 2166 3553 2236 bibitis,
3569 2170 3674 2224 siue

2095 2245 2239 2300 aliud
2258 2247 2381 2316 quid
2402 2248 2590 2317 facitis,
2620 2252 2790 2304 omnia
2806 2251 2860 2307 in
2881 2252 3098 2324 gloriam
3124 2253 3216 2308 Dei
3231 2255 3400 2326 facile.
3427 2257 3672 2315 Vidistin'

2097 2337 2368 2406 quomodo
2409 2353 2438 2391 a
2470 2355 2530 2395 re
2560 2342 2829 2410 proposita
2859 2342 2926 2397 ad
2974 2343 3026 2398 id
3074 2344 3216 2414 quod
3247 2347 3548 2404 universale
3587 2358 3676 2406 est.

2098 2427 2523 2484 adhortationem
2550 2431 2850 2500 deduxerit,
2875 2451 2974 2489 una
2997 2437 3350 2506 pulcherrima
3375 2440 3525 2495 nobis
3549 2441 3675 2497 data

2097 2517 2427 2588 definitione,
2470 2533 2527 2575 ut
2558 2522 2698 2578 Deus
2727 2541 2820 2593 per
2847 2526 3022 2581 omnia
3049 2527 3411 2597 glorificetur?
3435 2532 3524 2586 59..
3549 2533 3676 2588 Sine

2099 2607 2545 2676 offensioneestote
2562 2612 2760 2668 Iudicis
2785 2627 2831 2669 et
2859 2618 3089 2687 gentibus
3117 2628 3165 2673 et
3194 2619 3438 2677 Ecclesia:
3471 2623 3583 2678 Dei.
3618 2625 3676 2688 Id

2101 2711 2200 2761 est,
2232 2700 2430 2762 nullam
2456 2703 2703 2774 cuiquam
2731 2705 2871 2761 detis
2917 2722 3124 2764 ansam.
3155 2708 3289 2767 Nam
3319 2711 3482 2768 frater
3506 2714 3678 2770 oﬂ‘en-

2101 2790 2260 2854 ditur,
2283 2791 2496 2854 ludarus
2526 2797 2695 2866 magis
2725 2808 2774 2852 te
2795 2799 2920 2856 odio
2955 2799 3171 2856 habebit
3199 2811 3356 2872 teque
3383 2804 3673 2874 damnabit,

2101 2883 2315 2951 gentilis
2340 2886 2587 2942 similiter
2610 2898 2879 2960 tamquam
2913 2891 3213 2950 helluonem
3235 2897 3477 2953 irridebit
3505 2911 3557 2955 et
3584 2901 3681 2973 hy-

2105 2973 2383 3043 pocritam.
2425 2976 2540 3034 Non
2572 2979 2732 3035 modo
2773 2981 2965 3038 fratres
2992 2984 3264 3042 offendere
3292 3003 3398 3044 non
3429 3001 3638 3060 Oportet
3663 3034 3680 3060 ,

2104 3065 2220 3131 sed,
2253 3076 2510 3136 quantum
2565 3069 2681 3126 ﬁeri
2713 3080 2918 3140 potest,
2965 3089 3031 3129 ne
3059 3088 3311 3133 externos
3358 3080 3591 3150 quidem.
3624 3083 3680 3138 Si

2104 3162 2247 3220 enim
2279 3159 2367 3216 lux
2393 3177 2578 3217 sumus
2601 3164 2988 3219 etfermentum
3018 3177 3071 3222 et
3099 3167 3378 3224 luminaria
3405 3181 3457 3226 et
3494 3173 3593 3238 sal,
3623 3175 3688 3228 il-

2107 3251 2394 3318 luminare,
2426 3268 2533 3308 non
2564 3255 2799 3310 tenebris
2827 3255 3104 3313 effundere
3123 3269 3370 3329 oportet;
3400 3263 3681 3333 stringere,

2107 3360 2212 3399 non
2244 3344 2570 3414 dissolvere;
2599 3346 2666 3404 ad
2695 3361 2794 3402 nos
2815 3348 3058 3405 infideles
3087 3350 3376 3418 attrahere,
3411 3369 3517 3409 non
3539 3354 3687 3425 fuga-

2108 3453 2187 3492 re.
2221 3438 2358 3506 Quid
2384 3454 2514 3509 ergo
2546 3442 2882 3510 persequeris
2913 3457 3025 3507 eos,
3057 3459 3190 3512 quos
3222 3445 3496 3502 attrahere
3523 3463 3683 3518 opor-

2108 3529 2218 3582 tet?
2279 3529 2486 3583 Etenim
2512 3529 2681 3586 Graeci
2710 3530 3051 3586 otienduntur
3079 3547 3200 3588 cum
3247 3549 3343 3590 nos
3391 3537 3576 3593 vident
3618 3539 3686 3595 ad

2112 3618 2234 3674 talia
2261 3629 2626 3676 revertentes:
2657 3631 2891 3678 mentem
2913 3624 3055 3680 enim
3081 3634 3315 3680 nostram
3336 3643 3442 3682 non
3471 3640 3686 3696 norunt,

2112 3726 2284 3780 neque
2312 3711 2456 3782 quod
2481 3713 2656 3767 anima
2680 3724 2860 3769 nostra
2887 3715 2958 3770 sit
2984 3715 3264 3772 sublimior
3288 3719 3540 3789 omnique
3565 3736 3692 3776 sen-

2113 3802 2256 3857 sibili
2307 3803 2513 3858 macula
2567 3805 2834 3873 superior.
2875 3805 3044 3860 Judazi
3089 3823 3219 3862 vero
3269 3819 3323 3864 et
3366 3810 3689 3867 infirmiores

2115 3892 2306 3949 fratres
2335 3893 2525 3950 eadem
2568 3895 2681 3966 ipsa
2709 3897 2997 3966 patientur.
3035 3898 3221 3954 Viden‘
3246 3911 3469 3970 quantas
3496 3917 3693 3972 posue-

2116 3983 2186 4045 rit
2213 3999 2421 4051 causas,
2457 3984 2527 4040 ob
2553 4000 2688 4056 quas
2713 3995 2959 4058 oporteat
2978 3987 3046 4043 ab
3075 3989 3139 4042 iis
3155 4005 3274 4059 qua:
3302 3990 3456 4046 idolis
3497 3992 3693 4048 immo-

2119 4079 2221 4134 lata
2286 4087 2407 4134 sunt
2451 4078 2762 4136 abstinere?
2807 4089 3025 4150 propter
3055 4082 3430 4151 inutilitatem,
3477 4098 3694 4157 propter

2117 4170 2561 4239 superfluitatem,
2585 4171 2656 4227 ob
2677 4171 2928 4227 damnum
2947 4172 3149 4242 fratris,
3173 4175 3242 4228 ob
3261 4175 3434 4232 Judaei
3452 4177 3691 4250 blasphe-

2119 4263 2302 4327 miam,
2331 4263 2402 4318 ob
2425 4263 2596 4319 Graeci
2620 4263 2993 4331 maledictum;
3013 4267 3152 4335 quod
3174 4283 3280 4322 non
3309 4280 3551 4339 oporteat
3572 4288 3692 4330 cum

2119 4352 2449 4408 dmmonibus
2499 4354 2933 4418 communicare,
2967 4356 3108 4425 quod
3156 4372 3219 4412 ea
3255 4374 3340 4414 res
3396 4360 3698 4418 idololatria

2122 4445 2361 4515 quaedam
2391 4446 2479 4502 sit.
2514 4445 2716 4501 Deinde
2745 4447 2866 4516 quia
2895 4446 3049 4514 dixit,
3078 4448 3203 4505 Sine
3221 4448 3500 4516 oﬂ'ensione
3520 4463 3690 4519 estote.

2118 4544 2178 4590 et
2217 4536 2477 4592 obnoxios
2503 4535 2624 4591 illos
2667 4537 2796 4593 fecit
2815 4546 2870 4593 et
2894 4539 3176 4608 gentilium
3202 4551 3258 4595 et
3278 4541 3582 4598 Judzrorum
3609 4544 3700 4599 da-

2126 4627 2286 4693 mnis,
2310 4635 2468 4694 atque
2497 4627 2620 4684 illud
2639 4642 2800 4698 grave
2828 4629 3216 4701 molestumque
3243 4641 3390 4695 erat;
3413 4622 3534 4689 vide
3563 4649 3699 4705 quo-

2127 4718 2290 4782 modo,
2327 4719 2458 4775 illud
2489 4721 2816 4790 acceptabile
2857 4731 2912 4776 et
2936 4723 3054 4778 leve
3098 4722 3290 4788 faciat,
3320 4739 3440 4780 sese
3467 4725 3702 4782 medium

2129 4825 2335 4882 ponens
2356 4826 2418 4868 ac
2438 4810 2622 4869 dicens
2656 4829 2669 4866 :
2695 4812 2783 4867 55.
2807 4812 2951 4868 Sicut
2971 4824 3017 4867 et
3043 4830 3132 4885 ego
3162 4831 3252 4883 per
3277 4815 3446 4874 omnia
3473 4817 3704 4871 omnibus

2131 4902 2340 4973 placeo;
2369 4918 2468 4958 non
2497 4917 2725 4972 quaerens
2752 4903 2888 4973 quod
2903 4904 3026 4957 milii
3045 4905 3168 4958 utile
3191 4916 3286 4972 est,
3309 4907 3399 4960 sed
3417 4907 3554 4977 quod
3575 4908 3708 4961 mul-

2131 4994 2225 5060 tis,
2257 5003 2310 5048 ut
2339 4994 2465 5052 salvi
2509 4993 2654 5061 ﬁant.
2685 4991 2838 5064 (Cap.
2871 4988 3043 5057 ll.)l.
3077 4993 3368 5050 Imitatores
3395 4997 3491 5052 mei
3519 5007 3705 5061 estote,

2132 5086 2260 5140 sicut
2310 5102 2399 5154 ego
2455 5085 2644 5140 Christi
2651 5124 2664 5139 .

2205 5177 2257 5233 ’5.
2301 5175 2412 5231 Hoc
2437 5184 2520 5231 est
2543 5175 2724 5244 regula
2753 5175 3127 5246 perfectissimi
3155 5179 3572 5247 Christianismi,
3607 5181 3709 5236 hoc

2134 5276 2382 5326 accurata
2412 5267 2655 5327 definitio
2678 5309 2692 5331 ,
2741 5268 2842 5324 hoc
2870 5283 3136 5324 summum
3169 5271 3460 5343 fastigium,
3491 5289 3612 5342 quae
3659 5275 3710 5328 in

2135 5375 2414 5416 commune
2441 5359 2724 5416 conferunt
2743 5377 3022 5431 qumrere:
3052 5364 3193 5432 quod
3215 5375 3265 5420 et
3297 5367 3408 5434 ipse
3433 5365 3712 5423 declarans

2137 5452 2429 5521 subiunxit,
2461 5453 2604 5508 Sicut
2633 5462 2678 5507 et
2705 5470 2795 5524 ego
2823 5452 3029 5510 Christi.
3064 5455 3205 5510 Nihil
3245 5457 3390 5512 enim
3421 5458 3489 5512 ita
3536 5469 3712 5526 potest

2140 5544 2457 5598 imitatorem
2485 5544 2679 5600 Christi
2713 5545 2906 5613 facere,
2937 5555 2996 5601 ut
3020 5563 3202 5603 curam
3245 5550 3470 5619 proximi
3499 5565 3707 5620 gerere.

2138 5637 2241 5693 Sed
2264 5637 2473 5694 etiamsi
2491 5638 2834 5710 ieiunaveris,
2879 5640 3026 5698 humi
3051 5641 3323 5710 cubueris,
3362 5643 3404 5699 si
3437 5651 3506 5707 te,
3540 5651 3595 5696 ut
3637 5642 3710 5697 ita
