4108 6218
475 255 577 312 2C7

480 369 579 420 133v
601 366 766 421 πάλιν
790 367 1096 438 φροντίζεις
1119 383 1136 435 ;
1168 367 1280 422 Οὐκ
1309 366 1516 421 ἐκείνου
1549 369 1839 440 φροντίζω,
1863 367 2047 437 φησὶν,

441 439 607 506 ’άλλά
652 453 748 505 καὶ
785 450 1022 506 ἐνταῦθα
1062 452 1176 506 σοῦ.
1211 453 1300 505 Διὸ
1350 453 1443 506 κα)⁸
1471 439 1783 522 ἐπήγαγενο
1835 451 1968 505 Ἵνα
1995 451 2051 502 τί

467 535 581 604 ’γὰρ
609 537 646 602 ἡ
694 535 1003 602 ἐλευθερία
1035 554 1157 604 μου
1196 537 1456 604 κρίνεται
1494 537 1614 590 ὑπὸ
1667 537 1862 603 ἄλλης
1899 551 2050 588 συντ

470 618 801 684 ειδήσεως;
833 618 1147 688 ἐλευθερίαν
1180 620 1241 673 τὸ
1270 620 1696 692 ἀπαρατήρητον
1727 621 1822 674 καὶ
1846 617 2052 672 ἀκώλυ-

469 717 563 753 τον
590 699 764 768 λέγων
796 717 809 731 ⁶
861 701 1020 754 τοῦτο
1047 704 1156 772 7&9
1190 703 1495 775 ἐλευθερία.
1543 703 1839 772 Ἰουδαϊκῆς
1871 700 2050 771 ἀπηλ-

467 782 714 854 λαγμένη
741 783 1006 846 δουλείας.
1041 787 1105 837 Ὃ
1140 786 1194 838 δὲ
1237 786 1408 854 λέγει,
1453 785 1609 840 τοῦτό
1640 789 1787 839 ἐστιν
1808 802 1821 815 ο
1867 783 2050 838 Ἐλεύ-

470 866 627 936 θερόν
664 884 731 936 με
759 866 1014 937 ἐποίησεν
1056 869 1083 920 ὀ
1113 869 1264 932 Θεὸς,
1311 870 1404 922 καὶ
1450 871 1630 940 πάσης
1665 868 1870 939 βλάϐης
1904 867 2046 922 ἀνώ-

467 965 662 1018 τερον·
717 950 832 1002 ἀλλ’
888 952 988 1004 οὐκ
1026 947 1166 1005 οἶδεν
1205 955 1234 1006 ό
1265 954 1466 1022 Ἕλλην
1518 954 1762 1019 δικάζειν
1809 957 1873 1025 τῇ
1939 954 2045 1025 ἐμῇ

469 1033 782 1104 φιλοσοφίᾳ,
837 1034 956 1088 οὐδὲ
1005 1035 1102 1106 τὴν
1147 1037 1241 1090 τοῦ
1276 1039 1546 1092 Δεσπότου
1593 1055 1693 1108 μου
1735 1037 2047 1108 φιλοτιμίαν

468 1117 722 1186 συνορᾷν,
759 1115 892 1170 ἀλλά
928 1117 1332 1186 καταγνώσεται
1367 1121 1460 1174 καὶ
1499 1123 1616 1191 ἐρεῖ
1643 1121 1778 1192 πρὸς
1819 1123 2044 1176 ἐαυτόν’

466 1197 653 1262 Μῦθος
683 1199 753 1253 τά
783 1203 1150 1272 Χριστιανῶν,
1177 1206 1470 1274 ἀπέχονται
1503 1206 1610 1260 τῶν
1636 1206 1888 1273 εἰδώλων,
1916 1208 2047 1274 φεύ-

465 1300 624 1351 γουσι
685 1283 966 1354 δαίμονας,
1013 1288 1105 1340 καὶ
1174 1288 1282 1341 τῶν
1334 1291 1562 1354 ἐκείνοις
1617 1291 2046 1362 προσαγομένων

466 1364 711 1435 ἔχονται·
745 1367 915 1440 πολλὴ
955 1374 1082 1442 παρ’
1118 1373 1360 1445 αὐτοῖςή
1392 1376 1828 1446 γαστριμαργία.
1859 1375 1970 1434 Καὶ
1993 1374 2045 1428 τί

464 1449 657 1517 τοῦτο;
694 1453 846 1521 φησί·
878 1457 1030 1508 ποῖον
1052 1455 1108 1508 δέ
1139 1459 1268 1527 ἡμῖν
1299 1456 1513 1526 βλάϐος,
1537 1457 1603 1512 ἂν
1631 1459 1815 1523 κακῶς
1840 1460 2046 1521 ἐκεῖνος

466 1535 664 1605 κρίνῃ;
692 1535 850 1608 Πόσῳ
879 1538 935 1591 δὲ
972 1538 1179 1608 βέλτιον
1213 1541 1272 1594 10
1314 1541 1450 1612 μηδέ
1474 1542 1610 1606 ὅλως
1648 1542 1853 1612 κρίνειν
1897 1541 2045 1612 αὐτῷ

462 1616 696 1684 διδόναι;
723 1619 789 1673 ἂν
811 1621 917 1692 γάρ
947 1621 1146 1696 ἀπέχῃ,
1171 1623 1292 1678 οὐδὲ
1318 1624 1492 1680 ταῦτα
1523 1627 1656 1694 ἐρεῖ.
1686 1625 1830 1691 Πῶς,
1857 1625 2042 1694 φησὶν,

460 1699 562 1754 οὐκ
588 1703 737 1771 ἐρεῖ;
762 1705 889 1758 ὅταν
925 1705 1032 1776 γάρ
1057 1707 1141 1778 ῖδῃ
1180 1707 1254 1779 μὴ
1295 1706 1618 1772 ἐξετάζοντα
1645 1707 1837 1769 ταῦτα,
1881 1707 1955 1778 μὴ
1986 1709 2044 1760 ἐν

463 1783 738 1857 μακέλλῳ,
773 1785 857 1859 ,μὴ
885 1789 943 1841 ἐν
986 1789 1292 1861 συμποσίῳ,
1328 1790 1444 1855 πῶς
1477 1791 1576 1844 οὐκ
1606 1791 1720 1862 ἐρεῖ
1747 1792 1841 1844 καὶ
1875 1808 2044 1844 κατα-

463 1865 752 1934 γνώσεται,
784 1870 861 1933 ὼς
884 1872 1191 1944 ἀδιαφόρως
1224 1889 1324 1944 μου
1358 1873 1712 1944 μετέχοντος-ς
1741 1874 2006 1944 Οὐδαμῶς
2026 1889 2039 1902 '

460 1950 522 2003 οὗ
561 1951 669 2023 γάρ
689 1952 764 2016 ὼς
794 1953 1157 2008 εἰδωλοθύτων
1191 1956 1461 2026 μετέχεις,
1499 1956 1612 2010 ἀλλ’
1645 1958 1720 2020 ὡς
1747 1956 2004 2028 καθαρῶν
2025 1973 2037 1986 ·

460 2036 508 2090 εἰ
543 2035 599 2090 δὲ
625 2037 685 2089 οὐ
722 2039 1077 2112 περιεργάζει,
1120 2041 1208 2094 ἵνα
1240 2041 1440 2112 δείξῃς,
1470 2042 1550 2102 ὅτι.
1597 2043 1656 2094 οὐ
1699 2041 1943 2104 δέδοικας
1975 2042 2044 2095 τά

460 2119 816 2189 προκείμενα.
857 2123 959 2174 Διά
983 2123 1090 2193 7&9
1123 2123 1300 2187 10610,
1334 2123 1434 2178 κᾶν
1460 2126 1539 2188 εἰς
1573 2124 1842 2194 Ἑλλήνων
1867 2122 2043 2177 οἰκίαν

460 2200 732 2273 εἰσέλθῃς,
780 2203 884 2258 κᾶν
933 2206 1012 2268 εἰς
1055 2206 1262 2277 ἀγοράν
1293 2206 1560 2279 ἐμϐάλῃς,
1599 2207 1697 2260 οὐκ
1737 2207 1940 2277 ἀφίημί
1983 2223 2042 2259 σε

461 2284 692 2356 ἐρωτᾷν,
729 2287 814 2341 ἵνα
963 2287 1232 2360 ψοφοδεὴς
1259 2291 1393 2361 γένῃ
1426 2290 1561 2360 μηδέ
1591 2288 1870 2360 λινοπλὴξ,
1908 2290 2044 2361 μηδέ

460 2367 697 2436 περιττά
741 2370 917 2438 ἐαυτῷ
968 2371 1270 2442 πράγματα
1305 2373 1571 2444 παρέχῃς.
1599 2375 1667 2426 El
1698 2373 1814 2440 ἐγὼ
1850 2372 2043 2442 χάριτι

459 2452 704 2522 μετέχω,
753 2455 812 2507 τι
850 2455 1334 2526 βλασφημοῦμαι
1366 2457 1518 2525 ὑπὲρ
1555 2452 1626 2512 οὗ
1656 2457 1771 2525 ἐγὼ
1799 2459 2043 2526 εὐχαρι-

458 2532 624 2597 ard);
650 2535 806 2599 Τίνος
834 2537 1084 2609 μετέχεις
1101 2542 1316 2612 χάριτι;
1344 2541 1465 2594 εἰπέ
1494 2558 1605 2612 μοι.
1631 2541 1752 2594 Τῶν
1779 2540 1875 2594 τοῦ
1904 2540 2041 2594 Θεοῦ

458 2617 717 2684 δωρεῶν·
769 2620 802 2689 ἡ
851 2621 961 2692 7&9
1014 2623 1174 2694 χάρις
1231 2624 1398 2678 αὐτοῦ
1441 2624 1700 2696 τοσαύτη,
1745 2624 1821 2688 ῶς
1873 2642 2037 2678 καταο

460 2702 725 2754 σκευάσαι
769 2720 861 2772 μοι
902 2704 1001 2775 τὴν
1048 2706 1228 2779 ψυχὴν
1281 2707 1578 2778 ἀμόλυντον
1615 2709 1710 2762 καὶ
1761 2709 2042 2779 ἀνωτέραν

458 2783 640 2852 πάσης
679 2786 910 2856 κηλῖδος.
969 2789 1234 2859 Καθάπερ
1277 2791 1386 2862 7&9
1435 2791 1586 2862 ἥλιος
1635 2793 1887 2861 ἐπαφιεὶς
1939 2791 2042 2854 τάς

457 2865 681 2930 ἀκτῖνας
745 2869 969 2934 πολλαῖς
1019 2871 1224 2942 κηλῖσι,
1297 2873 1459 2927 πάλιν
1521 2873 1690 2937 αὐτάς
1760 2873 2041 2928 συστέλλει

457 2948 732 3020 καθαράς·
760 2951 903 3005 οὕτω
938 2954 1031 3006 καὶ
1056 2957 1237 3026 ἡμεῖς,
1264 2955 1358 3008 καὶ¹
1385 2955 1565 3027 πολλῷ
1598 2955 1774 3021 πλέον,
1803 2958 1861 3008 ἐν
1889 2956 2040 3027 μέσῳ

456 3031 533 3102 τῷ
591 3032 780 3106 κόσμῳ
837 3037 1215 3108 στρεφόμενοι,
1281 3037 1517 3110 καθαροὶ
1575 3039 1922 3109 διαμένομεν,
1971 3039 2039 3094 ἂν

455 3114 748 3185 ἐθέλωμεν,
801 3118 911 3189 ὅσῳ
951 3120 1044 3174 καὶ
1082 3121 1304 3191 μείζονα
1340 3120 1571 3192 δύναμιν
1609 3121 1826 3193 ἔχομεν.

529 3273 592 3344 β’.
619 3275 683 3328 Τί
706 3272 800 3328 οὐν
821 3276 1021 3348 ἀπέχῃ,
1040 3279 1204 3350 φησίν
1227 3295 1242 3345 ;
1267 3279 1377 3351 Οὐχ
1393 3279 1468 3345 ὡς
1502 3281 1709 3352 μέλλων
1730 3281 2040 3355 ἀκάθαρτος

455 3359 722 3426 γίνεσθαι,
762 3360 838 3432 μὴ
867 3362 1096 3430 γένοιτο,
1133 3364 1271 3420 ἀλλὰ
1301 3366 1390 3421 διὰ
1424 3366 1514 3422 τὸν
1549 3367 1796 3438 ἀδελφὺν,
1825 3369 1920 3422 καὶ
1952 3370 2040 3424 ἵνα

455 3443 532 3514 μὴ
561 3443 817 3508 κοινωνὸς
849 3447 1094 3518 γένωμαι
1127 3449 1444 3519 δαιμονίων,
1469 3451 1566 3506 καὶ
1594 3451 1684 3506 ἵνα
1725 3452 1800 3522 μὴ
1828 3451 2031 3522 κρίνω-

455 3543 557 3594 μαι
585 3527 736 3595 παρά
765 3527 860 3580 τοῦ
897 3529 1146 3586 ἀπίστου.
1189 3533 1454 3588 Ἐνταῦθα
1485 3533 1595 3605 γάρ
1625 3534 1810 3588 οὐκέτι
1851 3534 2039 3588 λοιπὸν

453 3609 486 3678 ἡ
517 3607 699 3676 φύσις,
742 3609 862 3694 ,ἀλλ’
890 3612 923 3681 ή
951 3615 1203 3684 παρακοὴ
1232 3615 1326 3668 καὶ
1360 3617 1394 3687 ἡ
1422 3617 1558 3688 πρὸς
1593 3616 1856 3694 δαίμονας
1884 3618 2038 3688 φιλία

453 3695 599 3744 ποιεῖ
625 3709 694 3761 με
727 3693 1060 3765 ἀκάθαρτον,
1101 3699 1197 3752 καὶ
1222 3701 1254 3769 ἡ
1283 3701 1605 3772 προαίρεσις
1635 3701 1728 3754 τὸν
1755 3702 2037 3773 μολυσμὸν

451 3773 765 3843 ἐργάζεται.
803 3774 868 3826 Τί
910 3777 967 3829 δέ
1004 3778 1145 3842 ἐστι,
1184 3780 1246 3834 Τί
1270 3781 1748 3852 ,βλασφημοῦμαι
1784 3784 1935 3853 ὑπὲρ
1965 3781 2036 3841 οὗ

449 3859 564 3928 ἐγὼ
589 3857 962 3927 εὐχαριστῶ;
1011 3858 1153 3929 Ἐγὼ
1192 3863 1289 3932 μὲν
1323 3863 1453 3936 7&9,
1497 3867 1683 3937 φησὶν,
1728 3868 2039 3936 εὐχαριστῶ

450 3942 532 4011 τῷ
561 3941 701 4010 Θεῷ,
734 3942 818 3994 ὅτι
846 3942 987 3996 οὓτω
1018 3960 1086 4012 με
1122 3945 1325 4016 ὑψηλὸν
1353 3948 1576 4020 ἐποίησε
1609 3950 1702 4004 καὶ
1735 3950 2038 4020 Ἰουδαϊκῆς

454 4026 842 4093 ταπεινότητος
886 4027 1178 4098 ἀνώτερον,
1208 4031 1283 4094 ὡς
1317 4033 1631 4104 μηδαμόθεν
1663 4033 1996 4105 βλάπτεσθαι
2017 4055 2034 4070 ο

458 4109 510 4159 οἰ
538 4107 595 4159 δὲ
617 4107 890 4177 Ἕλληνες,
923 4109 1023 4161 οὐκ
1053 4111 1253 4174 εἰδότες
1279 4129 1380 4182 μου
1400 4114 1499 4186 τὴν
1525 4115 1863 4186 φιλοσοφίαν,
1905 4121 2036 4172 τάν⁴

455 4189 617 4243 αντία
653 4189 1042 4246 ὐποπτεύσουσι
1071 4193 1166 4246 καὶ
1200 4194 1438 4264 ἐροῦσιν,
1474 4197 1556 4250 ὅτι
1585 4199 1902 4268 Χριστιανοὶ
1927 4203 2037 4256 τῶν

452 4271 741 4342 ἡμετέρων
772 4275 1035 4343 ἐφίενται,
1067 4277 1161 4336 καὶ
1191 4277 1483 4349 ὐποκριταί
1506 4279 1650 4344 τινές
1673 4285 1798 4347 εἰσι,
1824 4283 2036 4341 διαϐάλ-

449 4355 634 4417 λοντες
673 4355 772 4425 μὲν
801 4357 1060 4427 δαίμονας
1083 4360 1175 4412 καὶ
1218 4360 1706 4434 ἀποστρεφόμενοι,
1737 4365 1829 4418 ἐπὶ
1854 4366 1911 4420 δὲ
1936 4369 2036 4432 τὰς

448 4437 730 4510 τραπέζας
752 4439 931 4493 αὐτῶν
951 4442 1235 4512 τρέχοντες
1259 4457 1272 4470 ·
1308 4437 1370 4498 06
1388 4443 1440 4498 τί
1460 4445 1656 4513 γένοιτ’
1682 4445 1750 4502 ἂν
1771 4448 2033 4521 ἀναισθη-

449 4528 698 4596 τότερονς
728 4524 829 4577 οὐκ
867 4525 977 4597 ἄρα
1017 4526 1275 4597 ἀληθείας
1305 4528 1516 4596 ἕνεκεν,
1549 4530 1686 4585 ἀλλά
1719 4530 2034 4603 φιλοτιμίας

450 4609 546 4668 καὶ
575 4606 870 4687 φιλαρχίας
902 4609 995 4663 ἐπὶ
1025 4610 1084 4663 τὸ
1109 4611 1287 4680 δόγμα
1313 4611 1472 4666 τοῦτο
1494 4613 1807 4685 ἐληλύθασι.
1851 4617 2032 4687 Πόσης

451 4689 603 4762 [222]
633 4685 725 4744 οὖν
754 4691 938 4755 ἀνοίας
955 4693 1022 4746 ἂν
1043 4693 1152 4764 εἴη,
1180 4695 1318 4766 ὑπὲρ
1339 4688 1414 4750 ὧν
1435 4695 1607 4762 οὕτως
1633 4685 2030 4770 εὐηργετήθην,

445 4775 523 4837 ὼς
559 4773 652 4826 καὶ
690 4774 1054 4844 εὐχαριστεῖν,
1088 4777 1231 4848 ὑπὲρ
1253 4779 1456 4836 τούτων
1489 4780 1839 4854 βλασφημίας
1863 4785 2032 4840 αἴτιον

447 4856 725 4923 γίνεσθαι;
759 4857 922 4911 Ἀλλά
945 4857 1116 4912 ταῦτα
1142 4861 1235 4914 καὶ
1262 4860 1356 4916 νῦν
1378 4863 1514 4934 ἐρεῖ,
1536 4866 1719 4934 φησὶν,
1747 4867 1776 4918 ό
1810 4866 2029 4937 Ἕλλην,

447 4940 577 4992 όταν
613 4939 697 5011 ἴδῃ
736 4940 811 5010 μὴ
858 4941 1390 5014 περιεργαζόμενονς
1435 4947 1700 5018 οὐδαμῶς
1719 4963 1733 4978 ⁸
1775 4949 1892 5002 οὐδὲ
1924 4951 2032 5021 γὰρ

451 5024 630 5104 πάντα
674 5022 1040 5079 εἰδωλοθύτων
1092 5026 1275 5097 γέμει,
1329 5029 1415 5082 ἴνα
1463 5029 1622 5084 τοῦτο
1681 5031 2026 5104 ὑποπτεύσῃο

449 5103 572 5157 οὐτε
610 5104 772 5168 αὐτὸς
797 5106 874 5169 ὼς
907 5107 1270 5164 εἰδωλοθύτων
1295 5111 1559 5183 ἀπογεύῃ.
1591 5114 1681 5184 Μὴ
1717 5115 1895 5168 τοίνυν
1935 5103 2032 5168 πε-

452 5188 743 5259 ριεργάζου
781 5191 1044 5261 περιττά,
1083 5194 1206 5264 μηδ’
1235 5191 1300 5249 αὗ
1335 5195 1518 5258 πάλιν,
1547 5197 1816 5266 λεγόντων
1843 5200 2028 5266 τινῶν,

447 5273 531 5325 ὃτι
569 5272 932 5327 Εἰδωλόθυτόν
979 5275 1119 5338 ἐστι.
1153 5276 1418 5332 κοινώνει.
1465 5279 1574 5333 Καὶ
1598 5280 1708 5352 γάρ
1737 5283 1766 5335 ό
1796 5282 2030 5354 Χριστὸς

446 5356 608 5427 χάριν
632 5374 714 5410 σοι.
745 5356 939 5421 ἔδωκε,
973 5359 1069 5412 καὶ
1103 5359 1304 5431 ὑψηλόν
1335 5379 1395 5416 σε
1429 5361 1651 5434 ἐποίησε
1676 5365 1771 5418 καὶ
1804 5367 2029 5437 μείζονα

443 5437 548 5508 τῆς
577 5439 786 5492 ἐκεῖθεν
814 5439 1039 5511 βλάϐης,
1067 5443 1166 5514 οὐχ
1185 5444 1270 5501 ἵνα
1295 5444 1479 5510 κακῶς
1504 5445 1764 5518 ἀκούσῃς,
1787 5449 1891 5502 οὐδ’
1922 5450 2026 5512 ἵνα,

444 5523 566 5576 ὅθεν
586 5522 823 5577 τοσαῦτα
847 5524 1144 5595 ἐκέρδανας
1173 5529 1246 5592 ὡς
1275 5529 1366 5583 καὶ
1388 5530 1754 5600 εὐχαριστεῖν,
1780 5531 2028 5584 ἐντεῦθεν

444 5605 589 5658 οὕτω
623 5605 834 5678 βλάψης
861 5609 1081 5680 ἐτέρους
1109 5611 1182 5672 ὡς
1208 5613 1300 5666 καί
1324 5612 1684 5684 βλασφημεῖν.
1712 5613 1811 5666 Διά
1844 5612 1896 5664 τί
1919 5613 2027 5684 γάρ

445 5691 505 5742 οὐ
535 5689 681 5758 λέγω
712 5690 789 5759 τῷ
829 5689 1073 5761 Ἕλληνι,
1106 5691 1292 5759 φησὶν,
1323 5696 1407 5748 ὅτι
1449 5696 1557 5750 Καὶ
1589 5695 1790 5766 τρώγω
1821 5696 1913 5748 καὶ
1939 5697 2026 5748 06-

449 5772 538 5825 δέν
567 5773 900 5844 βλάπτομαι.
943 5775 1035 5826 καὶ
1065 5775 1145 5827 ὅτι
1181 5773 1292 5844 Οὐχ
1319 5775 1394 5838 ώς
1418 5777 1588 5849 φο⁶ῗὸν
1615 5780 1739 5847 τοὺς
1766 5776 2027 5853 δαίμονας

1482 251 1550 307 LV
1595 249 1811 308 EPIST.
1848 252 1868 306 l
1909 250 2000 305 AD
2037 246 2198 307 C08.
2241 247 2479 344 ιιολιιι..
2516 248 2680 304 XXV.

3616 253 3724 308 208

2159 363 2315 419 10610
2348 365 2515 432 ποιῶ;
2553 366 2676 419 Ὅτι
2717 365 2778 418 οὐ
2821 363 3048 420 δύνασαι
3082 367 3294 430 πεῖσαι,
3336 367 3435 421 κᾶν
3479 368 3737 441 μυριάκις

2160 447 2356 519 λέγῃς·
2388 448 2618 521 ἀσθενὴς
2646 451 2754 520 γάρ
2791 451 2928 516 ἐστι,
2970 451 3065 505 καὶ
3103 451 3380 520 πολέμιος.
3412 453 3474 506 Et
3505 455 3615 523 γάρ
3647 455 3737 507 τὸν

2159 531 2386 600 ἀδελφὸν
2439 531 2648 585 οὐδέπω
2686 533 2927 598 ἔπεισας,
2975 534 3154 606 πολλῷ
3189 535 3390 604 μᾶλλον
3421 535 3511 588 τὸν
3547 536 3739 606 ἐχθρὸν

2159 615 2254 668 καὶ
2287 615 2547 687 Ἕλληνα.
2577 617 2637 668 Εἰ
2664 619 2866 681 ἐκεῖνος
2901 618 2994 672 ἐπὶ
3023 621 3088 688 τῇ
3121 618 3422 688 συνειδήσει
3453 619 3547 672 τοῦ
3589 620 3738 673 εἰδω-

2157 698 2380 753 λοθύτου
2425 700 2736 770 κατέχεται,
2785 701 2960 772 πολλῷ
2999 703 3198 773 μᾶλλον
3235 704 3263 756 ὁ
3295 704 3544 767 άπιστος.
3583 703 3647 756 Τί
3683 703 3738 756 δὲ

2155 786 2288 855 ἡμῖν
2321 787 2414 840 καὶ
2454 786 2794 857 πραγμάτων
2828 787 2908 840 δεῖ
2952 786 3254 855 τοσούτων;
3288 787 3352 841 Τί
3397 785 3512 851 οὖν,
3549 789 3736 857 ἐπειδὴ

2155 869 2390 939 Χριστὸν
2430 868 2676 938 ἔγνωμεν
2717 871 2810 922 καὶ
2862 869 3312 940 εὐχαριστοῦμεν,
3355 870 3736 942 βλασφημοῦσι

2155 952 2212 1005 δὲ
2261 953 2480 1015 ἐκεῖνοι,
2542 953 2628 1007 διὰ
2667 952 2826 1006 τοῦτο
2881 953 3302 1023 ἀποστησόμεθα
3352 955 3446 1010 καὶ
3507 954 3734 1018 τούτους

2159 1036 2374 1104 ’Ἄπαγε
2397 1053 2409 1066 ·
2445 1036 2505 1089 οὐ
2542 1037 2651 1104 γάρ
2681 1038 2828 1090 ἐστιν
2872 1036 2984 1090 ἴσον
3011 1055 3025 1068 ·
3065 1039 3182 1090 ἐκεῖ
3225 1038 3324 1108 μὲν
3366 1038 3476 1109 γάρ
3515 1038 3652 1092 πολὺ
3677 1039 3734 1091 10

2156 1119 2344 1187 κέρδος
2373 1123 2436 1174 ἐκ
2473 1119 2568 1173 τοῦ
2619 1121 2806 1191 φέρειν
2851 1122 2950 1190 τὴν
2994 1121 3360 1190 βλασφημίαν.
3412 1121 3644 1176 ἐνταῦθα
3677 1121 3734 1174 δὲ

2153 1203 2303 1256 οὐδὲν
2358 1204 2509 1256 ἔσται
2543 1204 2728 1256 πλέον.
2769 1205 2859 1257 Διὸ
2888 1206 2982 1259 καὶ
3016 1202 3298 1274 προλαϐὼν
3325 1206 3511 1272 ἔλεγεν
3536 1223 3549 1236 °
3584 1207 3733 1260 Οὔτε

2153 1287 2263 1354 γὰρ
2299 1287 2409 1340 ἐὰν
2454 1287 2751 1356 φάγωμεν,
2805 1290 3260 1356 περισσεύομεν,
3307 1290 3446 1343 οὔτε
3488 1289 3596 1343 ἐὰν
3642 1289 3730 1359 μὴ

2151 1369 2453 1440 φάγωμεν,
2506 1372 2915 1441 ὑστερούμεθα
2934 1384 2980 1425 ι.
3042 1371 3154 1424 Καὶ
3215 1372 3386 1442 χωρὶς
3442 1371 3630 1425 τούτου
3673 1372 3729 1424 δὲ

2153 1454 2384 1522 φευκτὸν
2427 1453 2488 1506 τὸ
2535 1456 2768 1524 πρᾶγμα
2803 1455 3100 1524 ἀπέφηνεν,
3147 1452 3288 1506 ὥστε
3335 1455 3428 1508 καί
3463 1453 3729 1525 ἑτέρωθεν

2152 1535 2332 1589 αὐτῶν
2357 1536 2655 1606 ἀπέχεσθαι
2688 1538 2787 1600 δεῖ,
2833 1539 2892 1590 οὐ
2938 1537 3026 1594 διὰ
3059 1536 3214 1591 τοῦτο
3249 1536 3426 1606 μόνον,
3459 1536 3593 1589 ἀλλά
3639 1535 3732 1588 καὶ

2151 1617 2240 1670 διά
2265 1619 2361 1682 τὰς
2391 1618 2558 1682 ἄλλας
2583 1619 2648 1682 ἃς
2683 1622 2904 1691 εἴρηκεν
2931 1621 3128 1684 αἰτίας.
3163 1620 3300 1674 Εἴτε
3325 1614 3441 1674 οὖν
3473 1619 3728 1679 ἐσθίετε,

2149 1701 2268 1754 εἴτε
2293 1703 2514 1761 πίνετε,
2547 1704 2666 1756 εἴτε
2689 1720 2739 1756 τι
2769 1703 3006 1766 ποιεῖτε,
3038 1702 3235 1756 πάντα
3261 1705 3349 1766 εἰς
3371 1701 3558 1766 δόξαν
3584 1698 3731 1756 Θεοῦ

2151 1783 2390 1838 ποιεῖτε.
2428 1779 2583 1849 Εἶδες
2605 1785 2722 1848 πῶς
2753 1784 2860 1838 ἀπὸ
2888 1785 2982 1838 τοῦ
3010 1785 3368 1856 προκειμένου
3394 1786 3489 1838 ἐπὶ
3516 1784 3577 1838 10
3601 1784 3733 1837 καθ-

2149 1868 2329 1921 ολικὸν
2367 1869 2603 1940 ἐξήγαγε
2655 1869 2754 1940 τὴν
2792 1869 3138 1940 παραίνεσιν,
3189 1870 3284 1923 ἕνα
3328 1870 3612 1924 κάλλιστον
3641 1869 3731 1920 τὸν

2149 1953 2272 2023 ὅρον
2303 1953 2436 2022 ἡμῖν
2463 1953 2606 2017 δοὺς,
2639 1953 2701 2006 τὸ
2729 1952 2818 2005 τὸν
2851 1953 2985 2006 Θεὸν
3011 1952 3097 2005 διὰ
3124 1953 3339 2006 πάντων
3371 1952 3686 2018 δοξάζεσθαι
3714 1967 3729 2015 ;

2161 2035 2562 2102 Ἀπρόσκοποι
2611 2037 2850 2104 γίνεσθε
2882 2036 2978 2091 καὶ
3023 2036 3319 2101 Ἰουδαίοις
3352 2037 3445 2089 καί
3476 2036 3731 2099 Ἕλλησι

2149 2119 2250 2172 καὶ
2289 2119 2360 2188 τῇ
2409 2120 2736 2188 Ἐκκλησία
2788 2118 2894 2173 τοῦ
2936 2119 3103 2174 Θεοῦ.
3143 2118 3422 2184 Τουτέστι,
3461 2117 3731 2188 μηδεμίαν

2149 2204 2418 2272 παρέχετε
2447 2203 2616 2273 λαϐὴν
2646 2203 2856 2275 μηδενί.
2889 2204 2998 2257 Καὶ
3031 2203 3138 2273 γάρ
3175 2205 3203 2256 ό
3232 2201 3462 2271 ἀδελφὸς
3494 2202 3729 2254 σκανδα-

2149 2284 2374 2349 λίζεται,
2405 2286 2545 2339 καὶὸ
2582 2285 2828 2350 Ἰουδαῖος
2861 2286 3060 2355 μᾶλλόν
3092 2302 3150 2338 σε
3183 2285 3404 2355 μισήσει
3433 2285 3526 2340 καὶ
3559 2301 3728 2337 κατα·

2149 2367 2415 2436 γνώσεταί
2455 2385 2572 2431 σου,
2623 2371 2716 2424 καὶ⁵
2753 2370 2782 2421 ό
2834 2368 3034 2438 Ἕλλην
3074 2369 3272 2438 ὁμοίως
3317 2368 3392 2430 ὡς
3425 2367 3730 2437 λαίμαργον

2148 2453 2291 2507 οὕτω
2322 2454 2615 2521 γελάσεται
2648 2455 2744 2508 καὶ
2780 2455 3102 2524 ὑποκριτήν.
3154 2454 3230 2506 Οὐ
3272 2452 3433 2523 μόνον
3474 2452 3532 2505 δὲ
3575 2452 3728 2505 ἀδελ-

2151 2539 2282 2607 φοὺς
2311 2539 2373 2592 οὐ
2396 2539 2501 2610 χρὴ
2532 2539 2806 2610 πλήττειν,
2839 2539 2954 2592 ἀλλ’
2981 2539 3040 2590 ἐν
3059 2540 3170 2600 τοῖς
3192 2538 3438 2600 δυνατοῖς
3467 2537 3586 2590 οὐδέ
3607 2538 3729 2601 τοὺς

2148 2620 2368 2686 ἔξωθεν.
2413 2623 2474 2674 Εἰ
2509 2622 2616 2693 7&9
2659 2623 2774 2691 φῶς
2806 2623 2976 2691 ἐσμεν
3005 2622 3100 2674 καὶ
3131 2620 3276 2690 ζύμη
3323 2621 3416 2672 καὶ
3443 2619 3728 2690 φωστῆρες

2148 2706 2243 2757 καὶ
2277 2706 2414 2770 ἃλας
2438 2707 2485 2772 b,
2520 2707 2796 2774 φωτίζειν,
2823 2706 2882 2760 οὐ
2923 2704 3192 2768 σκοτίζειν
3219 2704 3298 2756 δεῖ
3319 2719 3332 2733 °
3365 2703 3637 2772 σφίγγειν,
3667 2705 3728 2757 οὐ

2149 2789 2448 2860 παραλύειν
2467 2805 2482 2819 θ
2512 2789 2650 2860 πρὸς
2679 2789 2906 2852 ἑαυτοὺς
2935 2786 3271 2840 ἐπισπᾶσθαι
3298 2789 3423 2850 τοὺς
3443 2787 3727 2850 ἀπίστους,

2148 2872 2210 2922 οὐ
2252 2871 2596 2939 φυγαδεύειν.
2642 2871 2707 2924 Τί
2759 2872 2938 2925 τοίνυν
2983 2869 3220 2934 διώκεις,
3275 2868 3368 2933 06;
3407 2870 3726 2940 ἐφέλκεσθαι

2147 2953 2254 3019 δεῖς
2284 2955 2392 3016 Καὶ
2421 2956 2529 3028 7&9
2558 2955 2820 3028 Ἕλληνες
2843 2956 3190 3026 πλήττονται,
3217 2955 3346 3007 ὅταν
3371 2954 3520 3010 ίδωσι
3542 2953 3731 3008 πάλιν.

2147 3036 2482 3108 δρομοῦντας
2511 3039 2657 3109 ἡμᾶς
2683 3041 2762 3102 εἰς
2795 3037 2864 3091 τὰ
2897 3037 3152 3091 τοιαῦτα·
3201 3039 3300 3108 τὴν
3330 3037 3440 3108 γάρ
3492 3037 3730 3091 διάνοιαν

2148 3121 2248 3174 οὐκ
2280 3121 2478 3188 ίσασιν,
2505 3122 2614 3175 οὐδ’
2641 3124 2722 3176 ὅτι
2757 3122 2957 3184 παντὸς
2994 3121 3249 3191 αἰσθητοῦ
3285 3120 3561 3192 μολυσμοῦ
3588 3122 3730 3174 ἀνω-

2146 3205 2280 3274 τέρα
2315 3205 2536 3273 γέγονεν
2571 3208 2604 3276 ἡ
2643 3205 2810 3278 ψυχή.
2853 3206 2964 3258 Καὶ
3007 3205 3056 3257 οἰ
3106 3204 3348 3257 Ἰουδαῖοι
3388 3203 3444 3256 δὲ
3483 3203 3578 3256 καὶ
3620 3205 3730 3256 τῶν

2149 3287 2392 3356 ἀδελφῶν
2431 3289 2480 3340 οἱ
2527 3288 2906 3360 ἀσθενέστεροι
2944 3287 3014 3344 τά
3062 3287 3202 3340 αὐτὰ
3243 3287 3540 3341 πείσονται.
3578 3283 3729 3352 Εἶδες

2148 3372 2319 3435 πόσας
2371 3370 2550 3434 αἰτίας
2597 3371 2833 3435 τέθεικε,
2878 3371 2948 3424 δι’
2975 3370 3042 3434 ἃς
3079 3370 3183 3441 χρὴ
3220 3370 3328 3423 τῶν
3366 3370 3730 3423 εἰδωλοθύτων

2146 3453 2484 3524 άπέχεσθαις
2513 3453 2599 3506 διά
2629 3453 2690 3506 τὸ
2716 3453 2992 3522 ἀνόνητον,
3017 3453 3105 3507 διὰ
3135 3453 3195 3506 10
3225 3452 3499 3524 περιττὸν,
3521 3453 3609 3506 διὰ
3630 3452 3730 3524 τὴν

2145 3536 2240 3591 τοῦ
2267 3537 2497 3606 ἀδελφοῦ
2534 3537 2760 3607 βλάϐην,
2795 3537 2886 3591 διὰ
2923 3539 3024 3610 τὴν
3051 3537 3144 3590 τοῦ
3184 3537 3439 3591 Ἰουδαίου
3483 3536 3726 3608 βλασφη-

2150 3622 2298 3692 μίαν,
2327 3621 2416 3675 διά
2455 3622 2554 3692 τὴν
2599 3621 2691 3674 τοῦ
2723 3621 2982 3691 Ἕλληνος
3023 3622 3385 3692 κακηγορίαν,
3423 3621 3513 3674 διά
3550 3621 3611 3674 10
3650 3623 3725 3692 μὴ

2145 3705 2254 3758 δεῖν
2273 3705 2491 3774 δαίμοσι
2513 3706 2808 3767 κοινωνεῖν,
2837 3704 2924 3758 διὰ
2947 3705 3006 3757 10
3036 3703 3477 3772 εἰδωλολατρείαν
3505 3703 3626 3757 τινὰ
3646 3701 3724 3757 εἰ-

2145 3804 2231 3841 ναι
2249 3786 2398 3860 [225]
2416 3787 2472 3840 τὸ
2490 3790 2738 3858 πρᾶγμα.
2762 3783 2912 3848 Εἶτα,
2937 3788 3121 3857 ἐπειδὴ
3136 3783 3310 3846 εἶπεν.
3337 3789 3725 3857 Ἀπρόσκοποι

2145 3871 2421 3939 γίνεσθε,
2463 3870 2558 3924 καὶ
2599 3870 2932 3932 ὑπευθύνους
2984 3871 3181 3933 αὐτοὺς
3223 3871 3446 3939 ἐποίησε
3496 3871 3590 3928 καὶ
3627 3870 3726 3938 τῆς

2143 3955 2252 4006 τῶν
2301 3953 2568 4024 Ἑλλήνων
2615 3953 2820 4024 βλάϐης
2862 3955 2958 4006 καὶ
2997 3957 3095 4024 τῆς
3139 3954 3247 4007 τῶν
3296 3953 3583 4016 Ἰουδαίων,
3631 3954 3726 4008 καὶ

2147 4036 2282 4109 βαρὺ
2313 4038 2374 4091 τὸ
2406 4037 2696 4108 λεγόμενον
2730 4034 2820 4108 ἦν,
2863 4039 2964 4107 ὄρα
3000 4037 3116 4100 πῶς
3153 4037 3284 4091 αὐτὸ
3319 4036 3724 4107 εὐπαράδεκτον

2144 4121 2239 4174 καὶ
2267 4121 2470 4190 κοῦφον
2511 4123 2674 4185 ποιεῖ,
2711 4121 2882 4184 τιθεὶς
2918 4119 3109 4173 ἐαυτὸν
3145 4119 3329 4190 μέσον,
3373 4119 3469 4171 καὶ
3509 4118 3720 4186 λέγων·

2142 4202 2349 4269 Καθὼς
2380 4203 2541 4272 κάγὼ
2567 4203 2766 4258 πάντα
2806 4201 2996 4258 πᾶσιν
3022 4205 3279 4271 ἀρέσκω,
3319 4201 3405 4271 μὴ
3445 4200 3631 4268 ζητῶν
3653 4201 3722 4256 τὸ

2140 4287 2403 4358 ἐμαυτοῦ
2451 4287 2779 4358 συμφέρον,
2826 4289 2988 4343 ἀλλὰ
3045 4289 3110 4340 τὸ
3159 4283 3278 4338 τῶν
3313 4285 3579 4348 πολλῶν,
3622 4286 3722 4337 ἵνα

2141 4369 2399 4426 σωθῶσι.
2443 4372 2704 4441 Μιμηταί
2731 4390 2850 4441 μου
2879 4371 3142 4441 γίνεσθε,
3176 4368 3371 4434 καθὼς
3393 4368 3553 4438 κάγὼ
3585 4371 3725 4436 Χρι-

2139 4471 2312 4510 στου.

2210 4613 2258 4682 Υ
2285 4611 2458 4666 T0610
2472 4612 2650 4667 κανὼν
2666 4613 3075 4684 χριστιανισμοῦ
3093 4611 3179 4665 τοῦ
3196 4612 3549 4678 τελειοτάτου,
3562 4608 3724 4666 τοῦτο

2138 4697 2264 4768 ὄρος
2284 4697 2688 4768 ἡκριϐωμένος,
2718 4696 2857 4768 αὐτη
2889 4699 2922 4768 ἡ
2958 4696 3168 4769 κορυφὴ
3199 4698 3232 4766 ἡ
3263 4699 3540 4758 άνωτάτω,
3563 4698 3622 4750 τὸ
3648 4697 3718 4751 τά

2139 4783 2292 4850 κοινῇ
2346 4782 2692 4852 συμφέροντα
2751 4780 2952 4852 ζητεῖν.
2997 4785 3172 4851 Ὅπερ
3211 4781 3302 4834 καὶ
3345 4780 3506 4841 αὐτὸς
3543 4779 3718 4850 δηλῶν

2138 4864 2407 4933 ἐπήγαγεο
2443 4864 2652 4930 Καθὼς
2689 4864 2852 4934 κάγὼ
2891 4864 3168 4932 Χριστοῦ.
3215 4863 3379 4916 Οὐδὲν
3429 4861 3540 4934 γάρ
3576 4862 3719 4918 οὕτω

2137 4947 2361 5002 δύναται
2401 4950 2624 5017 ποιῆσαι.
2657 4947 2897 5018 μιμητὴν
2925 4946 3019 5002 τοῦ
3057 4946 3313 5018 Χριστοῦ,
3341 4947 3417 5009 ὡς
3456 4946 3516 4999 τὸ
3558 4945 3718 5017 κήδι-

2140 5030 2260 5087 σθαι
2289 5029 2396 5083 τῶν
2427 5030 2671 5099 πλησίον.
2711 5028 2870 5080 Ἀλλά
2897 5030 3000 5082 κᾶν
3029 5028 3349 5100 νηστεύσης,
3377 5029 3481 5082 κᾶν
3512 5033 3717 5099 χαμευ.

2137 5116 2326 5183 νὴσῃς,
2357 5112 2459 5165 κᾶν
2489 5113 2882 5183 ἀπαγχονήσῃς
2907 5112 3122 5173 σαυτὸν,
3160 5111 3254 5164 τοῦ
3287 5113 3342 5165 δέ
3384 5112 3608 5182 πλησίον
3639 5113 3713 5184 μὴ

2137 5199 2391 5266 προνοῇς,
2414 5195 2563 5250 οὐδὲν
2601 5197 2742 5265 μέγα
2764 5198 3025 5268 εἰργάσω,
3049 5197 3163 5251 ἀλλ’
3184 5197 3266 5250 ἐτι
3299 5197 3484 5267 πόρῤω
3513 5196 3716 5262 ταύτης

2135 5281 2233 5349 τῆς
2261 5280 2469 5342 εἰκόνος
2521 5280 2757 5352 ἕστηκας
2804 5280 2979 5334 ταῦτα
3025 5281 3212 5335 ποιῶν.
3256 5280 3448 5334 Καίτοι
3479 5278 3714 5332 ἐνταῦθα

2138 5365 2236 5434 μὲν
2264 5365 2359 5417 καὶ
2391 5364 2520 5417 αὐτὸ
2545 5365 2700 5433 φύσει
2724 5365 2786 5418 10
2811 5367 3044 5435 πρᾶγμα
3070 5363 3341 5424 λυσιτελές
3365 5364 3500 5425 ἐστι,
3525 5363 3583 5415 τὸ
3607 5364 3712 5415 ἁπ-

2135 5446 2357 5517 έχεσοαι
2384 5448 2491 5501 τῶν
2529 5447 2921 5500 εἰδωλοθύτων·
2989 5447 3100 5513 ἐγὼ
3131 5447 3186 5498 δὲ
3247 5446 3418 5499 πολλά
3461 5444 3552 5498 καὶ
3603 5444 3712 5498 τῶν

2134 5531 2467 5602 ἀσυμφόρων
2493 5530 2741 5600 ἐποίησα,
2769 5531 2951 5598 φησὶν,
2983 5525 3112 5593 οἷον,
3138 5533 3226 5584 ὅτε
3251 5528 3592 5599 περιέτεμον,
3623 5527 3712 5581 ὃτιι

2135 5613 2320 5668 ἔθυσα.
2359 5612 2544 5666 Ταῦτα
2575 5613 2682 5683 γάρ
2721 5612 2776 5664 εί
2807 5630 2889 5676 τις
2932 5613 3052 5666 καθ’
3089 5611 3257 5665 ἑαυτά
3290 5612 3583 5680 ἐξετάσειε,
3620 5613 3717 5671 καὶ

2200 5797 2221 5824 ¹³
2249 5792 2508 5860 Legebalur
2534 5791 2833 5856 ὑστεροῦμεν.
2909 5793 2933 5832 ιι
2961 5791 3216 5854 ιερείιαίιιν
3242 5794 3292 5840 ά)
3305 5809 3365 5848 ες.
