4094 6222
363 266 468 322 209

364 377 622 433 ἀπόλλυσι
653 375 777 436 τοὺς
804 375 1089 445 μετιόντας
1117 377 1328 446 καὶτῆς
1352 375 1620 447 σωτηρίας
1650 373 1932 427 ἐκπίπτειν

363 461 522 512 ποιεῖ·
557 457 672 512 ἀλλ’
693 459 841 528 ὅμως
869 459 1135 528 ὑπέμεινα
1162 458 1444 512 καὶταῦτα
1473 458 1560 511 διὰ
1587 457 1646 510 16
1668 457 1726 521 ἐξ
1750 455 1927 509 αὐτῶν

366 542 569 610 κέρδος.
612 540 880 595 Ἐνταῦθα
916 541 970 594 δέ
999 541 1149 594 οὑδέν
1178 541 1433 596 τοιοῦτον.
1479 542 1625 594 Ἐκεῖ
1668 541 1764 610 μὲν
1800 539 1928 607 γάρ,

364 623 427 676 ἂν
459 622 531 693 μὴ
558 625 732 694 προσῇ
762 625 794 694 ή
829 623 1067 691 ὠφέλεια
1102 624 1197 676 xal
1223 622 1286 676 16
1320 624 1388 676 δι’
1416 613 1633 693 ἐτέρους
1660 621 1930 690 γενέσθαι,

365 706 481 758 τότε
511 705 706 775 βλάϐος
728 705 786 758 τὸ
819 707 1050 776 πρᾶγμα
1073 707 1303 773 γίνεται·
1334 706 1566 759 ἐνταῦθα
1591 707 1669 771 δέ,
1697 704 1798 758 κᾶν
1834 720 1935 774 μη-

364 788 471 851 δεὶς
501 789 530 840 6
560 786 1038 858 σκανδαλιζόμενος
1071 785 1126 861 ᾖ,
1167 790 1262 842 xal
1297 789 1470 851 οὕτως
1503 789 1796 857 ἀπέχεσθαι
1825 785 1933 838 τῶν

365 870 751 940 κεκωλυμένων
786 872 912 940 χρή.
961 871 1036 924 Οὑ
1071 872 1228 940 μόνον
1275 871 1332 926 δέ
1385 870 1640 941 βλαϐερὰ,
1679 869 1814 923 ἀλλὰ
1842 868 1935 921 καὶ

365 955 592 1008 ἐπίπονα
646 955 932 1025 ὑπέμεινα.
971 955 1196 1021 Ἀλλας
1245 955 1353 1026 γάρ
1397 955 1756 1022 Ἐκκλησίας
1791 953 1936 1006 ἐσύ-

365 1042 546 1102 λησα,
585 1038 740 1107 φησὶ,
769 1037 970 1092 λαϐὼν
1007 1037 1289 1106 ὀψώνιον,
1331 1038 1425 1091 xal
1463 1038 1581 1102 ἐξὸν
1620 1037 1818 1090 ἐσθίειν
1845 1035 1937 1088 xal

367 1120 440 1190 μὴ
462 1119 806 1188 ἐργάζεσθαι,
835 1121 935 1172 οὑκ
957 1120 1195 1191 ἐζήτησα
1215 1120 1392 1184 τοῦτο,
1410 1120 1522 1173 ἀλλ’
1548 1119 1768 1189 εἱλόμην
1795 1115 1938 1187 λιμῷ

362 1203 724 1274 διαφθαρῆναι
746 1203 964 1272 μᾶλλον,
998 1203 1031 1274 ἢ
1057 1204 1401 1257 σκανδαλίσαι
1430 1205 1636 1274 ἓτερον.
1667 1202 1764 1254 Διά
1781 1199 1939 1255 τοῦτό

365 1302 518 1355 φησι,
561 1285 762 1338 Πάντα
791 1284 982 1340 πᾶσιν
1001 1286 1253 1353 ἀρέσκω.
1291 1286 1392 1339 ’Λν
1415 1303 1474 1338 τε
1501 1286 1836 1357 παράνομον,
1873 1283 1938 1338 ἀν

364 1386 421 1421 τε
457 1369 711 1423 ἐπίπονον
748 1371 840 1423 xal
877 1371 1215 1424 ἐπικίνδυνον
1239 1371 1333 1442 δέῃ
1367 1370 1610 1440 ποιῆσαι,
1655 1371 1830 1423 πάντα
1859 1369 1939 1431 εἰς

364 1451 426 1502 16
454 1450 654 1522 ἐτέρων
687 1452 959 1522 συμφέρον
981 1452 1254 1523 ὑπομένω.
1281 1453 1502 1506 Πάντων
1519 1451 1649 1520 γοῦν
1669 1451 1940 1520 ἀνώτερος

365 1531 442 1584 ὼν
467 1535 606 1588 κατά
639 1533 738 1604 τὴν
779 1534 1083 1606 ἀκρίϐειαν,
1125 1535 1344 1590 πάντων
1395 1534 1703 1605 κατώτερος
1747 1533 1938 1602 γέγονε

366 1614 508 1668 κατά
537 1616 636 1686 τὴν
663 1616 1087 1683 συγκατάϐασιν.

437 1699 544 1750 Kal
568 1698 676 1768 γάρ
712 1699 862 1752 οὐδὲν
891 1699 1221 1770 κατόρθωμα
1267 1701 1470 1772 σφόδρα
1516 1701 1657 1771 μέγα
1679 1695 1814 1752 εἶναι
1844 1698 1938 1753 δύ-

365 1781 501 1833 ναιτ’
533 1779 622 1844 ἂν,
649 1783 776 1835 ὅταν
814 1782 888 1852 μὴ
915 1783 975 1836 16
1005 1783 1193 1852 κέρδος
1220 1785 1313 1837 καὶ
1341 1787 1420 1847 είς
1450 1785 1669 1855 ἐτέρους
1700 1783 1934 1854 διαδιδῴ·

366 1864 460 1916 καὶ
483 1862 630 1933 δηλοῖ
655 1865 684 1916 6
713 1863 773 1916 16
797 1864 1054 1917 τάλαντον
1077 1866 1228 1934 ὑγιὲς
1253 1871 1657 1936 προσενεγκὼν,
1684 1867 1779 1920 xal
1799 1865 1941 1936 διχοο

363 1945 619 2016 τομηθεὶς
649 1945 832 2016 ἐπειδὴ
855 1947 985 2000 αὑτὸ
1025 1947 1124 2000 οὑκ
1163 1947 1476 2002 ἐπλεόνασε.
1502 1950 1612 2002 Kal
1646 1951 1710 2002 σὺ
1738 1949 1936 2014 τοίνυν,

363 2028 580 2095 ἀδελφέ,
621 2029 724 2080 κᾶν
753 2029 934 2093 ἄσιτος
967 2031 1152 2103 μένῃς,
1193 2030 1298 2084 κᾶν
1320 2031 1492 2101 χαμαὶ
1525 2031 1804 2103 καθεύδῃς,
1839 2031 1940 2084 κάν

366 2111 570 2182 τέφραν
603 2110 808 2182 ἐσθίῃς.
855 2111 958 2165 κᾶν
1008 2112 1210 2183 θρηνῇς
1251 2113 1558 2177 διαπαντὸς,
1595 2117 1687 2167 xal
1738 2114 1939 2185 μηδένα

364 2193 549 2262 ἕτερον
571 2193 803 2264 ὼφελῇς.
827 2195 982 2248 οὐδὲν
1017 2195 1158 2266 μέγα
1181 2197 1408 2266 ἐργάσῃ.
1441 2197 1549 2249 Kal
1579 2197 1685 2268 γὰρ
1707 2197 1799 2250 xal
1828 2199 1939 2259 τοῖς

365 2278 426 2329 ἐν
469 2277 610 2348 ἀρχῇ
671 2279 925 2348 μεγάλοις
980 2279 1075 2332 xal
1127 2279 1394 2347 γενναίοις
1448 2280 1673 2344 ἐκείνοις
1714 2279 1938 2346 ἀνδράσι

365 2358 523 2411 τοῦτο
578 2359 811 2428 μάλιστα
852 2360 1315 2432 περισπούδαστον
1356 2358 1451 2432 ἦν·
1483 2361 1732 2426 ἐξέτασον
1761 2360 1938 2414 αὑτῶν

368 2443 506 2512 μετά
537 2443 822 2514 ἀκριϐείας
855 2444 946 2497 16v
979 2445 1114 2514 βίον,
1142 2445 1235 2498 xal
1269 2445 1388 2513 ὕψει
1419 2445 1624 2513 σαφῶς,
1655 2447 1738 2498 ὅτι
1765 2444 1940 2506 οὐδεὶς

365 2527 548 2579 αὐτῶν
565 2527 634 2580 τά
655 2527 848 2581 ἐαυτοῦ
867 2544 996 2580 ποτε
1021 2529 1046 2580 ἐ
1058 2528 1345 2598 σκόπησεν,
1363 2527 1499 2581 άλλά
1514 2527 1584 2579 τά
1598 2527 1692 2580 τοῦ
1713 2526 1941 2597 πλησίον

365 2611 614 2673 ἕκαστος·
638 2611 758 2664 ὅθεν
794 2612 889 2664 xal
925 2611 1168 2681 ἔλαμψαν
1204 2611 1422 2681 μᾶλλον.
1451 2611 1560 2663 Kal
1597 2610 1704 2680 γάρ
1733 2609 1824 2662 xal
1863 2609 1941 2680 τῷ

367 2693 572 2764 Μωῦσῇ
610 2693 776 2746 πολλά
800 2693 891 2746 xal
922 2694 1131 2762 μεγάλα
1160 2693 1420 2764 εἰργάσθη
1446 2693 1698 2764 θαύματα
1726 2693 1820 2746 xal
1847 2709 1942 2764 ση-

369 2778 517 2844 μεῖα·
550 2775 663 2829 ἀλλ’
693 2776 843 2828 οὐδὲν
875 2775 1036 2829 αὑτὸν
1077 2776 1218 2828 οὕτω
1265 2777 1440 2845 μέγαν
1482 2777 1759 2846 ἐποίησεν,
1788 2777 1864 2840 ὼς
1906 2777 1939 2846 ή

372 2857 618 2927 μακαρία
659 2858 840 2927 ἐκείνη
887 2859 1058 2928 φωνὴ,
1085 2859 1152 2928 ἢν
1177 2859 1312 2929 πρὸς
1343 2859 1435 2912 τὸν
1460 2858 1590 2911 Θεὸν
1620 2858 1822 2928 ἀφῆκε,
1850 2856 1938 2911 λέ·-

370 2956 500 3006 γων·
533 2942 602 2994 El
633 2939 747 3009 μὲν
771 2939 930 3008 ἀφῇς
961 2940 1166 3008 αὐτοῖς
1196 2940 1311 3008 τὴν
1349 2941 1660 3009 ἁμαρτίαν,
1687 2941 1856 3009 ἄφες·
1887 2943 1942 2994 ει

368 3022 438 3075 δὲ
465 3022 572 3091 μὴ,
607 3023 757 3092 κάμὲ
800 3023 1148 3094 ἐξάλειψον.
1181 3023 1430 3087 Τοιοῦτος
1468 3022 1618 3094 [224]
1653 3019 1720 3094 ἦν
1775 3023 1869 3076 xal
1913 3026 1941 3078 6

369 3106 566 3158 Δαυῖδ·
631 3105 714 3160 διὸ
759 3107 852 3160 καὶ
889 3107 1091 3175 ἔλεγεν,
1132 3107 1278 3177 Ἐγὼ
1325 3111 1357 3161 ό
1397 3105 1624 3176 ποιμὴν
1652 3107 1935 3176 ἥμαρτον,

370 3189 467 3242 καὶ
499 3188 614 3259 ἐγὼ
639 3189 1066 3256 ἐκιικοποίησα.
1115 3190 1214 3243 καὶ
1253 3184 1419 3244 οὗτοι
1461 3190 1528 3242 τὸ
1576 3191 1852 3259 ποίμνιον
1882 3191 1942 3244 τί

369 3275 702 3341 ἐποίησαν;
727 3273 1003 3328 Γενέσθω
1048 3275 1086 3341 ἡ
1123 3273 1252 3341 χείρ
1278 3289 1394 3326 σου
1423 3273 1515 3326 ἐπ’
1554 3273 1678 3342 ἐμὲ,
1707 3273 1805 3327 καὶ
1841 3273 1940 3326 ἐπὶ

371 3357 478 3412 τὸν
493 3354 661 3412 οἷκον
676 3357 783 3412 τοῦ
808 3359 1029 3427 πατρός
1050 3375 1188 3425 μου.
1213 3355 1369 3409 Οὕτω
1398 3357 1490 3411 καὶ
1511 3359 1539 3410 6
1568 3357 1814 3428 Ἀϐραὰμ
1839 3359 1939 3411 οὑκ

369 3439 554 3511 ἐζήτει
581 3441 640 3493 16
666 3439 857 3493 ἐαυτοῦ
887 3441 1183 3510 συμφέρον,
1215 3439 1351 3493 ἀλλά
1370 3439 1431 3492 16
1454 3440 1562 3492 τῶν
1591 3441 1819 3495 πολλῶν.
1849 3441 1940 3494 Διὸ

372 3523 466 3578 xal
494 3522 754 3584 κινδύνοις
777 3523 968 3577 ἑαυτὸν
997 3522 1250 3588 ἐξεδίδου,
1278 3523 1375 3576 xal
1397 3523 1486 3576 16v
1513 3522 1646 3576 Θεὸν
1673 3524 1811 3595 ὑπὲρ
1833 3523 1938 3577 τῶν

370 3604 520 3658 οὐδὲν
549 3603 696 3673 αὑτῴ
725 3605 1107 3674 προσηκόντων
1147 3605 1464 3675 παρεκάλει.
1505 3606 1615 3658 Καὶ
1644 3599 1789 3659 οὗτοι
1839 3607 1938 3677 μὲν

371 3687 544 3750 οὕτως
571 3685 839 3756 ἔλαμψαν·
873 3688 920 3739 οἱ
960 3686 1016 3740 δέ
1041 3685 1109 3739 τά
1139 3687 1347 3741 ἑαυτῶν
1379 3687 1706 3758 ζητήσαντες
1748 3689 1938 3742 σκόπει

374 3773 491 3834 πῶς
543 3771 639 3824 xal
672 3771 997 3841 ἐϐλάϐησαν.
1040 3772 1096 3824 '0
1143 3772 1272 3840 γοῦν
1319 3772 1630 3840 ἀδελφιδοῦς
1675 3773 1935 3840 ὀτούτου,

370 3856 557 3927 ἐπειδὴ
582 3857 830 3926 ἧκουσεν,
858 3860 927 3911 El
955 3856 1035 3911 σὺ
1055 3859 1140 3923 εις
1162 3856 1348 3924 δεξιὰ,
1376 3855 1490 3925 ἐγὼ
1511 3856 1578 3910 δὲ
1597 3859 1685 3923 είς
1708 3858 1940 3926 ἀριστε-

364 3941 466 4011 ρὰ,
497 3939 589 3994 καὶ
613 3939 711 4011 τὴν
740 3941 949 4012 αἵρεσιν
970 3940 1172 4004 λαϐὼν,
1201 3941 1261 3994 16
1289 3940 1482 3994 ἐαυτοῦ
1515 3943 1787 4011 συμφέρον
1814 3941 1939 4012 ea)-

371 4042 554 4094 τησεν,
583 4025 703 4078 οὑδέ
731 4024 791 4078 16
818 4025 1011 4078 ἐαυτοῦ
1046 4019 1222 4095 εὗρεν·
1245 4024 1359 4076 ἀλλ’
1387 4023 1525 4096 αὕτη
1567 4025 1664 4096 μὲν
1690 4023 1940 4094 ἐνεπυρί-

371 4107 494 4171 ζετο
534 4108 567 4178 ή
600 4108 774 4178 χώρα,
803 4109 983 4177 ἐκείνη
1013 4107 1066 4160 δὲ
1101 4107 1293 4177 ἐμενεν
1330 4108 1624 4173 ἀνέπαφος.
1657 4108 1715 4161 Ὀ
1758 4109 1941 4172 Ἰωνᾶς

371 4191 534 4245 πάλιν
570 4193 631 4244 οὑ
663 4191 903 4260 ζητήσας
934 4190 996 4242 τὸ
1019 4190 1128 4243 τῶν
1159 4189 1366 4242 πολλῶν
1396 4191 1696 4261 συμφέρον,
1717 4189 1853 4244 ἀλλά
1879 4191 1942 4244 τὸ

371 4273 587 4337 ἐαυτοῦ,
626 4275 717 4326 xal
744 4273 1037 4326 ἀπολέσθαι
1061 4273 1418 4327 ἐκινδύνευσε·
1458 4275 1552 4327 xal
1577 4277 1609 4343 ή
1657 4277 1754 4344 μὲν
1787 4275 1941 4339 πόλις

374 4360 635 4428 εἱστήκει,
664 4357 826 4420 αὑτὸς
849 4357 905 4410 δέ
937 4356 1222 4412 ἐσαλεύετο
1254 4357 1349 4411 καὶ
1373 4357 1756 4422 ἐκλυδωνίζετο
1786 4371 1812 4400 ι
1846 4363 1941 4413 xal

375 4441 807 4503 κατεποντίζετο.
858 4440 986 4492 Ὅτε
1030 4439 1087 4493 δὲ
1137 4439 1198 4492 16
1239 4441 1345 4492 τῶν
1409 4441 1617 4494 πολλῶν
1666 4443 1941 4513 συμφέρον

375 4522 627 4592 ἐζήτησε,
657 4522 776 4574 τότε
809 4522 904 4573 xal
937 4521 998 4572 16
1026 4521 1221 4575 ἐαυτοῦ
1254 4515 1433 4592 εὗρεν.
1465 4523 1620 4577 Οὕτω
1647 4523 1741 4576 xal
1769 4526 1798 4577 6
1835 4525 1940 4576 'la-

376 4602 490 4658 κὼϐ
533 4603 625 4654 ἐπὶ
656 4603 764 4654 τῶν
799 4602 1062 4669 ποιμνίων
1101 4603 1176 4671 μὴ
1212 4605 1452 4674 ζητήσας
1495 4605 1554 4658 16
1579 4607 1775 4658 οἰκεῖον
1810 4604 1939 4676 κέρ-

373 4687 481 4752 δος,
509 4684 608 4756 τῆς
636 4682 835 4752 πολλῆς
857 4683 1114 4752 εὐπορίας
1143 4684 1444 4754 ἀπήλαυσε.
1468 4688 1579 4738 Kal
1610 4687 1639 4738 6
1671 4686 1864 4758 Ἰωσὴφ
1884 4686 1941 4740 δὲ

373 4772 434 4824 τὸ
470 4770 579 4824 τῶν
609 4768 850 4837 ἀδελφῶν
891 4765 1167 4838 συμφέρον
1205 4766 1464 4836 ζητήσας,
1492 4763 1617 4837 εὗρε
1641 4769 1701 4822 τὸ
1728 4769 1938 4824 ἐαυτοῦ.

375 4854 731 4923 Πεμπόμενος
751 4853 880 4922 γοῦν
911 4851 1060 4924 παρά
1088 4849 1182 4904 τοῦ
1211 4850 1413 4921 πατρὸς
1443 4852 1542 4904 οὑκ
1562 4847 1704 4916 εἷπε,
1729 4853 1792 4904 Τί
1822 4853 1945 4906 τοῦ-

373 4950 468 4999 το;
505 4935 604 4986 οὑκ
632 4935 868 5005 ηκουσας
899 4937 981 4989 ὅτι
1012 4936 1151 5006 ὑπὲρ
1183 4934 1357 5004 ὅψεως
1409 4934 1502 4989 xal
1546 4934 1810 4989 ἐνυπνίων
1849 4938 1943 4990 xal

374 5019 671 5072 διασπάσαι
702 5036 766 5088 με
791 5019 1127 5089 ἐπεχείρουν,
1161 5021 1254 5074 καὶ
1280 5021 1575 5092 ὀνειράτων
1602 5019 1828 5084 εὐθύνας
1849 5022 1944 5075 ὑπ-

377 5105 540 5172 εῖχον,
569 5101 665 5154 xal
693 5101 787 5154 τοῦ
825 5100 1096 5170 φιλεῖσθαί
1123 5121 1188 5172 με
1219 5104 1371 5174 παρά
1401 5106 1494 5158 σοῦ
1526 5105 1716 5176 δίδωμι
1747 5105 1940 5176 δίκην;

375 5185 428 5238 τί
456 5180 549 5240 οὖν
586 5185 684 5238 οὑκ
724 5183 1046 5254 ἐργάσονταί
1077 5200 1144 5253 με
1179 5185 1432 5250 λαϐόντες
1475 5191 1556 5252 είς
1608 5190 1802 5259 μέσον;
1841 5190 1944 5242 Οὑ-

377 5270 466 5324 δέν
531 5266 736 5322 τούτων
793 5263 976 5333 εἶπεν,
1033 5269 1134 5322 οὑκ
1182 5268 1490 5338 ἐνενόησεν,
1538 5273 1672 5326 ἀλλὰ
1727 5274 1946 5328 πάντων

379 5353 619 5424 προτιμᾷ
645 5353 745 5424 τὴν
780 5353 888 5407 τῶν
918 5352 1161 5422 ἀδελφῶν
1191 5351 1503 5422 θεραπείαν.
1535 5354 1635 5407 Διά
1665 5355 1820 5410 τοῦτο
1853 5358 1946 5412 καὶ

379 5434 594 5490 πάντων
621 5437 730 5492 τῶν
760 5438 900 5508 μετὰ
935 5437 1106 5492 ταῦτα
1147 5436 1452 5491 ἀπέλαυσεν
1498 5438 1739 5506 ἀγαθῶν,
1782 5441 1819 5495 ἀ
1851 5442 1946 5495 xal

380 5517 583 5590 σφόδρα
626 5521 874 5592 λαμπρὸν
925 5522 1185 5593 ἐποίησαν
1243 5522 1336 5576 xal
1386 5521 1589 5587 ἔνδοξον
1639 5523 1941 5593 ἀπέφηναν.

443 5771 470 5800 ⁸¹
491 5769 698 5826 Duram
729 5769 850 5829 hac,
871 5770 947 5817 καί
975 5771 1319 5827 ἐκλυόωνὶζετο.

1077 264 1132 318 S.
1170 263 1452 320 JOANNIS
1488 257 1969 334 CHRYSOSJ‘OMI
1999 259 2316 318 ARCHIEP.
2353 259 2898 319 CONSTANTINOP.

3502 254 3608 314 ἳίο

2038 375 2193 430 Οὕτω
2261 379 2354 431 xal
2419 379 2688 447 Μωῠσῆς·
2754 375 2906 430 οὐδὲν
2966 373 3072 446 γὰρ
3136 372 3333 427 κωλύει
3393 372 3488 426 xal
3544 377 3610 426 ἐκ

2038 457 2292 532 δευτέρου
2357 460 2517 514 πάλιν
2569 459 2732 514 αὑτοῦ
2799 456 3122 528 μνησθῆναι,
3181 455 3274 509 xal
3320 455 3446 508 ίδεῖν
3493 455 3610 513 πῶς

2037 541 2105 595 τά
2152 543 2272 596 καθ’
2303 545 2492 597 ἐαυτὸν
2539 541 2818 614 παρεὼρα,
2866 540 2959 594 xal
2999 539 3067 591 τὰ
3117 537 3225 591 τῶν
3267 537 3442 592 ἄλλων
3485 537 3611 607 ἐξῆ·-

2039 641 2138 678 τει.
2190 620 2354 688 Οὗτος
2397 626 2504 697 γὰρ
2548 628 2604 678 ἐν
2653 624 2942 694 βασιλείοις
3001 620 3382 693 στρεφόμενος,
3423 619 3610 688 ἐπειδὴ

2043 708 2265 777 μείζονα
2298 709 2524 762 πλοῦτον
2569 710 2812 778 ἡγήσατο
2861 706 2970 758 τῶν
3010 704 3282 770 Αἰγύπτου
3322 701 3610 773 θησαυρῶν

2041 790 2132 843 16v
2160 791 2481 862 ὀνειδισμὸν,
2517 793 2609 844 xal
2637 791 2814 844 πάντα
2867 789 2976 841 ἀπὸ
3031 787 3139 840 τῶν
3189 785 3388 856 χειρῶν
3423 785 3610 855 ῥίψας.

2042 873 2314 926 ἐκοινώνει
2343 874 2450 928 τῶν
2476 874 2658 928 κακῶν
2686 875 2798 935 τοῖς
2835 870 3127 942 Ἑϐραίοις,
3152 869 3213 921 οὑ
3251 867 3409 938 μόνον
3450 867 3613 929 αὑτὸς

2042 956 2142 1009 οὑκ
2165 956 2455 1028 ἐδουλώθη,
2489 956 2622 1010 ἀλλά
2659 957 2752 1009 xal
2781 954 3020 1018 ἐκείνους
3045 952 3285 1015 δουλείας
3313 949 3608 1022 ἀπήλλαξε.

2043 1041 2273 1109 Μεγάλα
2309 1042 2407 1114 μὲν
2443 1037 2536 1096 οὖν
2565 1041 2758 1106 ταῦτα,
2810 1040 2903 1093 xal
2946 1037 3246 1108 ἀγγελικῆς
3289 1035 3414 1100 ἀξια
3457 1034 3609 1088 πολι-

2043 1125 2212 1187 τείας.

2113 1208 2176 1262 δ¹.
2200 1207 2272 1260 T6
2287 1208 2341 1261 δέ
2364 1208 2458 1261 τοῦ
2474 1208 2686 1262 Παύλου
2719 1205 2918 1276 πολλὴν
2946 1204 3058 1276 ἔχει
3084 1203 3180 1274 τὴν
3199 1200 3523 1274 ὑπερϐολήν.
3547 1202 3612 1254 Οἱ

2049 1292 2144 1360 μὲν
2177 1292 2284 1361 γάρ
2317 1291 2465 1344 ἄλλοι
2500 1291 2699 1354 πάντες
2722 1289 2791 1342 τά
2820 1288 2998 1342 αὑτῶν
3023 1288 3248 1356 ἀφέντες
3271 1285 3471 1352 ἀγαθὰ,
3497 1286 3612 1346 τοῖς

2045 1373 2151 1425 τῶν
2200 1373 2422 1443 πλησίον
2456 1373 2658 1426 εἴλοντο
2691 1373 2968 1426 κοινωνεῖν
3001 1371 3190 1429 κακοῖς
3211 1385 3226 1402 ·
3257 1369 3286 1420 6
3317 1368 3372 1421 δέ
3404 1365 3613 1427 Παῦλος

2047 1455 2223 1525 πολλῷ
2254 1456 2432 1526 μεῖζον
2463 1455 2734 1525 ἐποίησεν.
2771 1454 2843 1507 Οὑ
2867 1452 2975 1522 γὰρ
3007 1453 3125 1514 ταῖς
3154 1450 3356 1520 ἐτέρων
3383 1448 3617 1518 ἠθέλησε

2046 1540 2370 1609 κοινωνῆσαι
2401 1540 2722 1609 συμφοραῖς,
2753 1537 2868 1590 ἀλλ’
2894 1536 3064 1590 εἵλετο
3089 1534 3249 1598 αὐτὸς
3269 1529 3408 1587 εῖναι
3426 1533 3482 1585 ἐν
3501 1535 3615 1594 τοῖς

2046 1625 2312 1694 ἐσχάτοις,
2341 1623 2425 1676 ἵνα
2453 1624 2628 1694 ἕτεροι
2666 1623 2918 1691 γίνωνται
2965 1622 3022 1672 ἐν
3070 1618 3312 1686 ἀγαθοῖς.
3343 1617 3457 1670 Οὐκ
3499 1613 3616 1668 εστι

2045 1708 2102 1760 δέ
2157 1709 2266 1761 ῐσον
2295 1707 2423 1761 ὄντα
2459 1708 2516 1760 ἐν
2547 1709 2724 1778 τρυφῇ
2759 1705 2910 1775 ῥῖψαι
2952 1702 3161 1774 τρυφὴν
3194 1702 3288 1754 xal
3331 1699 3618 1778 κακουχεῖ-

2049 1789 2191 1851 σθαι,
2208 1790 2366 1843 αὑτὸν
2385 1790 2542 1860 μόνον
2562 1774 2995 1858 κακουχούμενον
3013 1784 3233 1854 ἐτέρους
3245 1781 3463 1850 ποιῆσαι
3477 1774 3617 1832 εἶναι

2047 1873 2104 1925 ἐν
2129 1873 2280 1944 ἀδείᾳ
2325 1873 2417 1926 καὶ
2442 1875 2596 1943 τιμῇ.
2631 1870 2895 1925 Ἐνταῦθα
2930 1869 3027 1939 μὲν
3051 1865 3159 1936 γὰρ
3187 1867 3234 1918 εί
3261 1866 3358 1918 xal
3387 1863 3531 1934 μέγα
3557 1863 3627 1915 16

2047 1955 2373 2018 ἀλλάξασθαι
2411 1955 2478 2008 τὰ
2517 1954 2661 2008 κακά
2709 1953 2816 2006 τῶν
2859 1951 3078 2020 ἀγαθῶν
3123 1947 3209 2001 διά
3247 1947 3335 2000 16v
3370 1945 3622 2016 πλησίον,

2047 2039 2159 2092 ἀλλ’
2189 2040 2337 2109 ὅμως
2372 2039 2526 2109 φέρει
2545 2037 2666 2090 τινὰ
2696 2035 3046 2106 παραμυθίαν
3066 2031 3124 2086 16
3153 2032 3436 2109 κοινωνοὺς
3476 2028 3620 2096 ἔχειν

2045 2123 2144 2190 τῆς
2182 2107 2533 2191 δυσημερίας·
2574 2120 2634 2175 τὸ
2671 2121 2729 2172 δέ
2761 2118 2921 2172 αὑτὸν
2955 2117 3112 2187 μόνον
3149 2114 3349 2168 ἐθέλειν
3392 2107 3530 2164 εἶναι
3559 2111 3619 2162 ἐν

2045 2209 2157 2268 τοῖς
2185 2205 2465 2275 λυπηροῖς,
2503 2205 2588 2257 ’ίνα
2614 2203 2789 2274 ἐτεροι
2822 2200 2930 2253 τῶν
2967 2197 3218 2270 χρηστῶν
3246 2193 3618 2256 ἀπολαύσωσι,

2047 2287 2205 2340 τοῦτο
2248 2287 2425 2358 πολλῷ
2467 2284 2862 2355 νεανικωτέρας
2907 2282 3084 2353 ψυχῆς
3125 2281 3220 2334 xal
3273 2278 3365 2332 τοῦ
3404 2277 3618 2330 Παύλου

2049 2371 2411 2439 φρονήματος.

2117 2455 2190 2508 Οὑ
2214 2454 2382 2524 ταύτῃ
2415 2452 2470 2504 δὲ
2505 2453 2682 2522 μόνον,
2705 2449 2840 2503 ἀλλά
2869 2448 2960 2503 xal
2989 2447 3148 2519 ἐτέρα
3171 2444 3322 2519 [2⁸25]
3346 2442 3620 2516 ὑπερϐολῇ

2052 2538 2254 2607 μείζονι
2309 2537 2434 2606 νικᾷ
2471 2537 2597 2597 τοὺς
2641 2532 3068 2604 προειρημένους
3117 2532 3375 2592 ἅπαντας.
3421 2528 3478 2582 Ὀ
3521 2527 3652 2597 μὲν,

2048 2620 2156 2690 γὰρ
2201 2619 2451 2692 Ἀϐραάμ
2481 2619 2575 2670 xal
2598 2618 2646 2670 οἱ
2672 2616 2847 2669 λοιποὶ
2875 2614 3073 2676 πάντες
3101 2612 3365 2672 κινδύνοις
3396 2609 3620 2672 ἑαυτοὺς

2051 2701 2371 2772 περιέϐαλον
2423 2703 2535 2762 τοῖς
2598 2701 2655 2752 ἐν
2701 2698 2778 2769 τῷ
2841 2697 3067 2767 παρόντι
3116 2696 3235 2765 βίῳ,
3287 2695 3382 2747 xal
3424 2694 3622 2753 πάντες

2049 2785 2385 2852 ἁπαξαπλῶς
2435 2785 2631 2836 ἐκεῖνοι
2675 2781 2862 2835 τοῦτον
2891 2781 3052 2851 ᾔτουν
3083 2779 3172 2832 τὸν
3205 2777 3452 2832 θάνατον·
3492 2777 3522 2828 6
3567 2773 3622 2826 δέ

2050 2869 2257 2932 Παῦλος
2305 2868 2404 2938 τῆς
2435 2867 2595 2934 δόξης
2637 2867 2737 2936 τῆς
2783 2862 3084 2934 μελλούσης
3125 2860 3325 2932 ηὕξατο
3372 2859 3624 2912 ἐκπεσεῖν

2050 2953 2190 3026 ὑπὲρ
2233 2953 2332 3022 τῆς
2363 2951 2470 3004 τῶν
2520 2949 2718 3020 ἐτέρων
2765 2945 3054 3017 σωτηρίας.
3095 2945 3250 3026 Ἐχωγ
3293 2941 3624 3026 καὶᾲτρίτην

2049 3023 2221 3089 εἰπεῖν
2276 3033 2598 3105 ὑπερϐολήν.
2633 3029 2797 3083 Ποίαν
2845 3028 2900 3080 δὲ
2955 3026 3197 3096 ταύτην;
3228 3025 3351 3077 Ὀτι
3401 3023 3624 3075 ἐκείνων

2052 3120 2150 3191 μὲν
2189 3119 2338 3184 ἔνιοι,
2383 3119 2430 3170 εί
2474 3116 2569 3170 xal
2600 3115 2708 3168 τῶν
2741 3111 3238 3191 ἐπιϐουλευσάντων
3277 3109 3620 3178 προῖσταντο,

2047 3187 2162 3258 ἀλλ’
2188 3203 2338 3274 ὅμως
2365 3193 2439 3255 ὧν
2461 3199 2559 3270 τὴν
2583 3193 2940 3274 δημαγωγίαν
2972 3187 3111 3262 ἦσαν
3132 3187 3620 3274 ἐγκεχειρισμένοι·

2049 3286 2142 3339 xal
2195 3272 2388 3337 ταύτὸν
2442 3281 2774 3342 συνέϐαινεν,
2806 3272 2916 3330 οἷον
2959 3276 3025 3330 ἂν
3070 3275 3123 3328 εί
3147 3291 3231 3336 τις
3267 3273 3576 3344 προΐσταιτο
3599 3281 3619 3300 ·

2050 3368 2165 3421 υἱοῦ
2208 3366 2408 3438 φαύλου
2443 3364 2539 3434 μὲν
2569 3361 2663 3416 καὶ
2705 3360 3042 3438 παρανόμου,
3069 3355 3185 3410 υἱοῦ
3213 3356 3269 3438 δὲ
3297 3355 3466 3438 ὅμως·
3495 3356 3524 3406 6
3561 3351 3620 3438 δὲ

2050 3430 2260 3512 Παῦλος
2284 3448 2422 3518 ὑπὲρ
2444 3430 2652 3498 τούτων
2677 3442 2923 3496 ἐϐούλετο
2947 3436 3086 3494 εἶναι
3116 3436 3381 3507 ἀνάθεμα,
3414 3430 3489 3518 ὧν
3508 3435 3621 3518 ,οὑκ

2045 3529 2114 3604 ἦν
2136 3517 2636 3602 ἐμπεπιστευμένος
2654 3527 2752 3598 τὴν
2779 3523 3130 3596 προστασίαν·
3159 3523 3240 3583 είς
3264 3519 3374 3604 γάρ
3399 3517 3468 3571 τά
3491 3517 3617 3604 έθνη

2045 3601 2114 3687 ἦν
2139 3601 2558 3682 ἀπεσταλμένος.
2592 3607 2742 3672 Εἶδες
2774 3607 2950 3678 ψυχῆς
2976 3605 3201 3676 μέγεθος
3229 3603 3322 3656 καὶ
3335 3601 3622 3687 φρονήμαο

2047 3685 2134 3762 τος
2173 3697 2306 3767 ὕψος
2327 3695 2499 3748 ἀὑτὸν
2537 3691 2862 3764 ὑπερϐαῖνον
2890 3690 2982 3742 16v
3010 3688 3270 3759 οὑρανόν;
3316 3685 3487 3767 Τοῦτο
3519 3685 3615 3767 ζή-

2047 3765 2236 3836 λωσον·
2268 3783 2316 3834 εἰ
2343 3779 2401 3832 δέ
2431 3778 2491 3832 οὑ
2520 3775 2765 3834 δύνασαι,
2790 3773 2894 3827 κᾶν
2916 3773 3040 3834 τοὺς
3074 3773 3130 3823 ἐν
3150 3773 3214 3839 τῇ
3246 3767 3454 3836 Παλαιᾷ
3477 3765 3617 3834 λάμ-

2046 3865 2271 3935 ψαντας.
2307 3860 2460 3917 Οὕτω
2493 3857 2601 3928 γάρ
2636 3858 2888 3928 εὑρήσεις
2927 3855 2985 3907 τό
3020 3871 3100 3906 σοι
3129 3851 3420 3935 συμφέρον,
3457 3847 3614 3935 ἀνᾼτὺ

2046 3931 2139 4002 τοῦ
2190 3945 2416 4016 πλησίον
2455 3941 2644 4012 ζητῇς.
2683 3940 2844 3992 Ὥστε
2887 3940 3014 3990 ὅταν
3051 3937 3215 4005 ὀκνῇς
3244 3931 3616 4016 ἐπιμελεῖσθαι

2046 4030 2140 4084 τοῦ
2176 4015 2426 4097 ἀδελφοῦ,
2463 4026 2718 4095 ἐννοήσας
2742 4023 2822 4074 ὅτι
2853 4021 2973 4074 οὐδὲ
3000 4019 3174 4080 άλλως
3203 4017 3406 4089 δυνήσῃ
3436 4015 3617 4097 σωθῆ-

2047 4131 2156 4178 ναι,
2181 4112 2268 4164 διὰ
2298 4095 2428 4179 γοῦν
2463 4107 2655 4161 σαυτὸν
2679 4103 2886 4158 ἐκείνου
2921 4099 3185 4172 πρόπηθι
3210 4098 3303 4152 καὶ
3330 4097 3438 4150 τῶν
3471 4095 3617 4149 ἐκεί-

2048 4215 2138 4252 νου
2179 4193 2535 4266 πραγμάτων.
2582 4188 2760 4242 Ἱκανά
2804 4187 2900 4257 μὲν
2945 4186 3054 4255 γάρ
3102 4183 3196 4236 xal
3239 4181 3308 4235 τά
3353 4179 3620 4266 εἰρημένα

2051 4265 2254 4339 πεῖσαι,
2281 4279 2362 4330 ὅτι
2394 4275 2568 4337 άλλως
2609 4273 2708 4326 οὑκ
2742 4271 2819 4324 Evn
2851 4270 2910 4322 16
2935 4271 3067 4340 ἡμῖν
3107 4267 3384 4337 συμφέρον
3417 4265 3615 4335 εὑρεῖν.

2050 4364 2112 4415 El
2149 4361 2205 4412 δὲ
2236 4359 2414 4430 βούλει
2439 4358 2532 4410 xal
2565 4358 2629 4409 ἐκ
2651 4356 2758 4408 τῶν
2790 4355 2848 4407 ἐν
2883 4351 3139 4422 συνηθείᾳ
3167 4347 3620 4430 παραδειγμάτων

2047 4443 2206 4497 τοῦτο
2238 4428 2460 4512 μαθεῖν,
2488 4439 2738 4508 ἐννόησον
2766 4439 2814 4490 εί
2841 4435 3081 4506 συμϐαίη
3106 4450 3207 4486 που
3239 4431 3350 4502 πῦρ
3381 4428 3620 4512 ἀναφθῆς

2049 4543 2137 4580 ναι
2184 4509 2436 4594 ἐνόίκίᾳ,
2464 4519 2582 4574 εἶτά
2631 4536 2774 4584 τινες
2822 4519 2928 4572 τῶν
2960 4517 3184 4588 πλησίον
3213 4514 3524 4574 οἰκούντων,
3562 4509 3624 4562 16

2050 4607 2259 4661 ἐαυτῶν
2283 4606 2609 4666 σκοποῦντες
2643 4603 2718 4674 μὴ
2751 4603 3164 4675 παρατάξωνται
3195 4601 3308 4662 τοῖς
3341 4595 3622 4661 κινδύνοις,

2049 4690 2184 4744 ἀλλά
2215 4690 2308 4743 xal
2339 4686 2790 4748 κατακλείσαντες
2836 4685 3060 4746 ἑαυτοὺς
3094 4683 3231 4735 οἴκοι
3263 4681 3506 4751 μείνωσι,
3536 4679 3618 4732 δε-

2049 4773 2288 4837 δοικότες
2320 4773 2394 4844 μή
2425 4789 2508 4835 τις
2535 4768 2862 4825 ἐπεισελθὼν
2911 4765 3172 4838 ὑφέληταί
3219 4781 3271 4817 τι
3315 4763 3432 4844 τῶν
3454 4762 3623 4827 ἔνδον,

2050 4859 2182 4927 ὅσην
2231 4843 2628 4925 ὑποστήσανται
2655 4851 2959 4922 τιμωρίαν;
2989 4850 3096 4902 Kal
3124 4847 3233 4918 γάρ
3283 4844 3344 4897 16
3374 4843 3486 4915 πῦρ
3527 4845 3623 4896 ἐπ-

2051 4940 2202 4993 ελθὸν
2239 4939 2453 4994 ἅπαντα
2483 4935 2808 5005 καταφλέξει
2845 4934 2913 4988 τὰ
2953 4932 3196 4987 ἐκείνων·
3229 4930 3324 4984 xal
3350 4927 3533 4998 ἐπειδὴ
3563 4927 3626 4980 16

2050 5025 2142 5078 τοῦ
2173 5023 2399 5092 πλησίον
2420 5020 2693 5092 συμφέρον
2719 5019 2816 5071 οὑκ
2845 5014 3001 5079 εἶδον,
3031 5016 3123 5070 xal
3141 5014 3201 5067 τὸ
3226 5013 3435 5067 ἑαυτῶν
3459 5027 3626 5083 προσ-

2052 5107 2395 5162 απολλύουσι.
2444 5105 2553 5158 Kal
2604 5101 2713 5173 γάρ
2757 5102 2784 5153 6
2826 5099 2958 5162 Θεὸς
3007 5097 3324 5169 βουλόμενος
3368 5095 3624 5165 συνδῆσαι

2055 5191 2260 5254 πάντας
2285 5189 2556 5260 ἀλλήλοις,
2585 5184 2840 5255 τοιαύτην
2871 5184 2984 5245 τοῖς
3016 5182 3334 5252 πράγμασιν
3357 5179 3624 5260 ἐπέθηκεν

2053 5273 2321 5340 ἀνάγκην,
2363 5258 2438 5332 ὼς
2481 5273 2537 5324 ἐν
2574 5269 2652 5340 τῷ
2680 5266 2773 5320 τοῦ
2807 5265 3034 5336 πλησίον
3072 5264 3404 5333 συμφέροντι
3437 5260 3500 5314 16
3527 5258 3624 5314 τοῦ

2053 5355 2240 5425 ἐτέρου
2274 5353 2535 5406 δεδέσθαι·
2569 5353 2663 5404 καὶ
2687 5353 2715 5403 6
2736 5349 2938 5418 κόσμος
2966 5348 3112 5410 ἀπας
3133 5346 3274 5399 οὕτω
3302 5345 3620 5415 συνέστηκε.

2055 5440 2152 5492 Διά
2179 5437 2249 5506 δὴ
2280 5436 2440 5490 τοῦτο
2471 5436 2562 5490 xal
2591 5436 2649 5487 ἐν
2681 5432 2864 5502 πλοίῳ.
2895 5433 2944 5484 εί
2976 5429 3244 5502 χειμῶνος
3276 5430 3566 5499 γενομένου
3593 5427 3623 5480 6

2055 5521 2388 5592 κυϐερνήτης
2412 5520 2566 5588 ἀφεὶς
2589 5518 2646 5571 16
2663 5517 2769 5570 τῶν
2797 5515 3003 5570 πολλῶν
3024 5512 3321 5584 συμφέρον,
3346 5513 3407 5568 16
3428 5510 3621 5566 ἑαυτοῦ

2126 5782 2146 5807 ⁸³
2177 5779 2323 5835 Ἆρα..
2349 5770 2596 5834 προσταίη.
