4094 6222
395 311 493 368 2H

398 441 503 479 non
532 439 591 480 se
617 432 876 496 apparent
900 423 1158 480 adversus
1184 423 1416 492 pericula
1442 462 1456 484 ,
1484 420 1578 475 sed
1604 420 1800 474 clausis
1822 417 1972 471 ostiis

395 515 543 571 domi
575 525 852 581 maneant,
898 522 1196 570 metuentes
1221 528 1288 567 ne
1317 512 1437 582 quis
1465 512 1734 582 ingressus
1777 507 1973 578 aliquid

396 607 649 674 furetur;
697 614 951 677 quantum
997 605 1070 659 illi
1120 603 1374 658 subibunt
1419 600 1778 672 supplicium?
1830 599 1974 654 Pro-

397 713 614 770 gressus
649 699 794 754 enim
849 696 985 768 ignis
1019 695 1200 750 omnia
1229 695 1444 749 illorum
1472 693 1612 748 bona
1656 691 1972 751 eomburet;

399 791 731 859 etquoniam
779 787 1005 858 proximi
1052 786 1338 840 utilitatem
1387 799 1492 839 non
1542 797 1835 847 curavere,
1877 795 1974 836 sua

398 897 606 951 quoque
643 879 886 951 perdent.
932 879 1070 934 Deus
1111 879 1252 932 enim
1293 877 1476 932 volens
1515 889 1700 930 omnes
1742 874 1879 928 inter
1915 885 1974 926 se

397 976 684 1045 colligare,
736 981 934 1027 tantam
980 971 1139 1027 rebus
1179 970 1432 1040 imposuit
1477 967 1847 1023 necessitatem
1873 1007 1887 1031 ,
1917 972 1976 1020 ut

396 1083 518 1123 cum
559 1067 784 1136 proximi
828 1067 1056 1121 utilitate
1086 1064 1308 1120 alterius
1349 1062 1546 1117 utilitas
1571 1059 1850 1130 colligetur
1879 1073 1894 1113 :
1923 1064 1978 1112 et

398 1158 469 1211 ita
501 1157 748 1211 consistit
773 1157 1003 1210 mundus
1035 1164 1197 1210 totus.
1241 1154 1365 1210 ldeo
1397 1154 1448 1208 in
1479 1151 1604 1207 navi
1644 1165 1890 1222 quoque,
1927 1149 1973 1204 si

399 1253 678 1321 ingruente
705 1257 1026 1319 tempestate
1050 1249 1376 1320 gubernator
1396 1288 1408 1311 ,
1455 1245 1656 1314 rejecta
1686 1243 1974 1297 multorum

401 1343 666 1406 utilitate,
708 1355 857 1395 suam
897 1340 1011 1410 ipse
1049 1349 1254 1393 tantum
1295 1345 1529 1408 quaerat,
1570 1345 1624 1390 et
1653 1335 1885 1404 seipsum
1922 1341 1978 1388 et

401 1435 535 1489 alios
577 1433 685 1488 cito
713 1432 1036 1502 submerget.
1063 1432 1130 1486 Et
1157 1432 1210 1485 in
1245 1430 1469 1498 singulis
1495 1427 1730 1492 artibus,
1771 1425 1816 1480 si
1849 1439 1976 1478 una-

397 1538 623 1596 quaeque
649 1523 791 1594 quod
832 1522 933 1577 sibi
973 1520 1236 1577 conducat
1267 1527 1469 1575 tantum
1509 1517 1816 1590 quzesierit,
1865 1515 1973 1569 vita

400 1633 685 1688 numquam
734 1617 1067 1681 constiterit,
1120 1629 1292 1685 neque
1335 1627 1424 1669 ars
1468 1626 1587 1683 quae
1621 1612 1723 1666 hoc
1763 1607 1971 1680 qumrit.

402 1709 524 1765 ldeo
554 1707 786 1779 agricola
810 1723 916 1762 non
943 1705 1103 1763 modo
1133 1713 1334 1760 tantum
1361 1702 1610 1759 frumenti
1640 1701 1772 1757 serit
1800 1711 1974 1771 quan-

402 1810 512 1854 tum
551 1799 651 1853 sibi
698 1799 828 1853 satis
871 1798 978 1862 sit;
1019 1795 1252 1866 alioquin
1301 1795 1444 1850 enim
1467 1793 1578 1864 jam
1620 1791 1711 1847 diu
1757 1798 1812 1846 et
1839 1804 1897 1845 se
1923 1798 1977 1845 et

399 1893 534 1948 alios
561 1890 913 1960 perdidisset;
935 1889 1028 1944 sed
1054 1889 1106 1944 id
1131 1889 1316 1957 quzerit
1337 1887 1476 1958 quod
1496 1884 1739 1942 conferat
1759 1883 1938 1939 multis
1960 1901 1976 1938 :

400 1993 455 2039 et
483 1984 636 2038 miles
665 1997 770 2037 non
798 1991 854 2037 ut
879 1996 939 2037 se
965 1988 1176 2036 tueatur
1204 1990 1406 2035 tantum
1435 1978 1692 2034 adversus
1746 1975 1977 2047 pericula

399 2085 509 2132 stat
546 2076 598 2130 in
636 2076 786 2139 acie,
826 2073 922 2130 sed
959 2082 1018 2129 ut
1053 2073 1294 2129 civitates
1333 2075 1386 2127 in
1435 2081 1549 2126 tuto
1601 2069 1831 2126 collocet
1870 2085 1884 2123 :
1924 2075 1980 2123 et

400 2177 667 2222 mercator
713 2183 818 2221 non
867 2175 1069 2220 tantum
1101 2167 1422 2233 transvehit,
1454 2171 1704 2234 quantum
1747 2161 1846 2218 sibi
1879 2161 1976 2216 soli

399 2259 530 2313 satis
573 2259 674 2325 sit,
705 2257 798 2312 sed
826 2265 1078 2326 quantum
1103 2265 1159 2312 et
1199 2256 1378 2311 multis
1411 2255 1550 2309 aliis.
1590 2253 1644 2310 Si
1688 2253 1806 2323 quis
1849 2267 1979 2306 vero

400 2350 629 2415 dixerit,
678 2349 794 2405 Non
825 2366 1039 2415 meum,
1083 2349 1176 2405 sed
1223 2364 1378 2404 suum
1406 2348 1627 2419 quisque
1652 2359 1848 2400 curans
1875 2343 1978 2400 hoc

401 2443 561 2509 facit;
592 2459 713 2498 nam
738 2450 793 2497 et
819 2441 1196 2512 pecunias‘sibi
1223 2450 1276 2496 et
1303 2441 1526 2512 gloriam
1556 2449 1610 2495 et
1635 2439 1974 2494 securitatem

400 2549 695 2607 apparans,
729 2533 843 2589 haec
871 2535 1049 2589 omnia
1076 2541 1329 2603 operatur
1361 2549 1376 2586 :
1422 2545 1586 2602 quare
1613 2545 1786 2586 meam
1827 2542 1975 2598 qua:-

401 2641 525 2681 rcns
562 2625 876 2690 utilitatem,
915 2639 1067 2679 suam
1116 2624 1346 2695 quaerit:
1378 2621 1481 2678 hoc
1523 2632 1576 2678 et
1616 2637 1715 2693 ego
1741 2621 1894 2687 dico,
1925 2628 1979 2676 et

395 2720 503 2788 jam
534 2718 660 2773 olim
699 2717 884 2772 audire
922 2717 1164 2773 volebam
1189 2760 1204 2785 ,
1245 2727 1299 2774 et
1335 2717 1452 2787 ejus
1491 2719 1568 2772 rei
1608 2732 1768 2772 causa
1809 2725 1972 2771 totam

399 2810 697 2865 orationem
738 2808 976 2876 institui,
1019 2817 1077 2862 ut
1112 2808 1452 2864 ostenderem
1494 2816 1620 2863 tunc
1670 2808 1976 2878 proximum

398 2918 548 2958 suam
596 2903 878 2958 utilitatem
923 2917 1198 2973 quaerere,
1249 2914 1369 2957 cum
1403 2910 1545 2956 tuam
1586 2909 1812 2970 spectat.
1843 2900 1976 2968 Quia

398 2995 540 3050 enim
572 3010 676 3049 non
719 2993 874 3049 aliter
920 2993 1163 3048 honﬁncs
1192 2993 1392 3048 vellent
1443 3007 1561 3063 quae
1598 3000 1722 3046 sunt
1751 2991 1979 3060 proximi

395 3103 636 3158 qnterere
659 3128 674 3152 ,
720 3085 823 3141 nisi
863 3086 916 3140 in
957 3085 1094 3141 hanc
1132 3085 1512 3141 inducerentur
1557 3084 1974 3149 necessitatem;

396 3179 515 3233 ideo
555 3179 692 3233 Deus
737 3177 852 3234 haec
893 3179 962 3232 ita
1011 3177 1312 3248 colligavit,
1347 3184 1534 3232 etnon
1581 3176 1707 3231 sinit
1735 3176 1882 3246 prius
1908 3177 1975 3233 ad

397 3270 673 3324 utilitatem
704 3269 974 3340 propriam
1003 3268 1216 3334 venire,
1265 3281 1421 3337 quam
1468 3281 1566 3336 per
1607 3281 1669 3322 ea
1696 3281 1815 3337 quae
1857 3267 1974 3323 aliis

395 3359 694 3414 conducant
742 3361 841 3415 iter
869 3358 1144 3414 habeatur.
1188 3357 1300 3412 Hoc
1342 3367 1487 3413 certe
1524 3358 1814 3412 humanum
1849 3367 1969 3424 est,

397 3451 467 3504 ita
494 3451 558 3504 ad
585 3450 813 3520 proximi
845 3450 1126 3507 utilitatem
1154 3463 1212 3504 se
1239 3447 1507 3505 conferre.
1541 3449 1764 3520 Oportet
1791 3457 1971 3504 autem

395 3559 499 3596 non
533 3543 655 3598 inde
674 3583 689 3608 ,
718 3542 812 3597 sed
842 3557 870 3595 a
904 3543 996 3596 Dei
1026 3542 1222 3612 placito
1249 3541 1577 3613 persuaderi.
1617 3540 1798 3612 Neque
1829 3542 1971 3596 enim

392 3634 570 3688 salvus
611 3647 731 3688 esse
778 3633 942 3702 possit
986 3634 1072 3703 qui
1105 3631 1208 3689 hoc
1235 3650 1341 3688 non
1389 3633 1585 3698 habet;
1627 3633 1720 3688 sed
1761 3632 1970 3687 etiamsi

394 3737 654 3778 summam
686 3721 1075 3793 philosophiam
1115 3739 1368 3780 exerceas
1389 3766 1406 3792 ,
1436 3735 1489 3780 et
1513 3733 1704 3779 cretera
1735 3738 1970 3794 pereun-

396 3817 465 3869 tia
497 3829 601 3869 nou
631 3829 784 3869 cures
803 3855 818 3882 ,
854 3814 1051 3868 nullam
1080 3815 1302 3872 habebis
1329 3816 1470 3887 apud
1501 3817 1667 3872 Deum
1697 3815 1968 3871 fiduciam.

395 3905 670 3962 Undenam
723 3905 826 3961 hoc
873 3905 1118 3962 constat?
1162 3906 1242 3962 Ex
1289 3908 1352 3962 iis
1392 3924 1511 3979 quae
1558 3908 1747 3964 beatus
1773 3907 1970 3962 Paulus

394 3999 755 4069 pronuntiavit
787 4017 800 4053 :
833 3999 894 4054 Si
942 3999 1074 4054 enim
1120 4015 1290 4054 omnes
1338 4017 1473 4054 meas
1503 4001 1762 4070 facultates
1791 3999 1936 4054 distri

400 4128 446 4141 _

1105 307 1160 363 S.
1200 304 1478 364 JOANNIS
1513 301 1979 360 CllllYSOSTOMl
2019 301 2334 358 ARCﬂlEP.
2374 302 2903 360 CONSTANTINOP.

2081 418 2231 472 (mero
2265 420 2315 473 in
2340 420 2476 473 cibos
2504 435 2818 492 pauperum,
2847 431 2893 474 et
2920 421 2964 476 si
2993 421 3253 476 tradidero
3281 438 3469 492 corpus
3500 439 3663 484 meum

2081 519 2135 562 ut
2161 510 2376 574 ardeat,
2424 513 2684 564 caritatem
2727 523 2897 567 autem
2939 529 3041 567 non
3090 513 3334 580 habeant,
3383 517 3513 571 nihil
3543 520 3668 573 mihi

2082 601 2280 672 prodest
2304 603 2381 672 (ι.
2400 601 2518 656 Cor.
2546 603 2630 658 15.
2661 604 2749 674 3),
2775 598 2964 674 inquit.
2995 604 3175 660 Viden‘
3190 616 3446 674 quantum
3475 608 3669 666 Paulus

2080 695 2257 764 exigat
2287 710 2315 748 a
2349 697 2542 750 nobis?
2589 711 2910 768 quamquam
2941 700 2986 753 is
3014 700 3102 769 qui
3150 700 3301 756 cibos
3349 702 3662 769 distribuit,

2081 799 2187 838 non
2233 799 2365 851 sua,
2417 785 2510 840 sed
2556 801 2675 856 qua:
2717 790 2943 858 proximi
2971 799 3131 856 sunt,
3161 801 3384 862 quaerat.
3426 792 3530 849 Sed
3559 792 3662 850 hoc

2081 872 2254 929 solum
2307 890 2413 930 non
2474 875 2705 943 sufficit,
2764 880 2934 949 inquit
2975 897 2990 935 :
3030 895 3152 935 nam
3207 882 3338 937 illud
3375 884 3668 943 admodum

2081 966 2288 1021 sincere
2315 966 2425 1020 vult
2449 969 2712 1037 praestari,
2731 977 2784 1024 et
2809 985 2929 1024 cum
2961 987 3148 1043 magna
3169 974 3659 1033 commiseratione.

2082 1055 2206 1112 Ideo
2246 1059 2386 1113 enim
2416 1058 2517 1113 hoc
2557 1060 2699 1115 Deus
2725 1065 3017 1133 praecepit,
3050 1073 3108 1120 ut
3133 1065 3200 1121 ad
3227 1068 3498 1124 vinculum
3517 1071 3662 1125 cari-

2083 1149 2206 1202 tatis
2231 1148 2538 1205 adduceret.
2575 1149 2704 1206 Cum
2732 1165 2860 1222 ergo
2891 1154 2980 1209 ille
3013 1165 3211 1211 tantam
3243 1157 3423 1228 exigat
3450 1176 3661 1216 mensu-

2082 1255 2193 1294 ram
2215 1281 2230 1306 ,
2281 1257 2378 1296 nos
2417 1258 2543 1297 vero
2583 1259 2757 1314 neque
2784 1247 2926 1316 quod
2967 1248 3142 1304 minus
3177 1261 3261 1307 εει
3290 1252 3621 1321 pra-beamus
3643 1298 3661 1323 ,

2081 1347 2186 1402 qua
2211 1333 2353 1404 digni
2375 1335 2575 1390 erimus
2600 1336 2798 1391 venia?
2827 1337 2894 1392 Et
2919 1339 3209 1409 quomodo,
3242 1342 3450 1411 inquies
3469 1383 3483 1410 ,
3515 1345 3664 1400 diee-

2081 1425 2173 1480 bat
2204 1425 2342 1480 Dens
2385 1426 2519 1481 Loto
2564 1442 2658 1496 per
2686 1429 2937 1499 angelos,
2988 1430 3209 1487 Serenus
3251 1450 3396 1488 serva
3438 1438 3663 1492 animam

2081 1525 2222 1570 tuam
2241 1515 2391 1588 (Gen.
2426 1518 2510 1574 19.
2539 1518 2609 1573 22
2631 1519 2696 1588 )‘l
2731 1519 2817 1575 die
2863 1523 3075 1592 quando
3123 1533 3174 1580 et
3217 1541 3402 1595 quare.
3435 1527 3663 1595 Quando

2083 1609 2411 1667 inferebatur
2490 1613 2846 1682 supplicium,
2916 1631 3020 1670 non
3091 1618 3304 1688 quando
3376 1621 3661 1690 oportebat

2082 1698 2275 1772 corrigi
2299 1744 2315 1770 ,
2337 1704 2430 1759 sed
2457 1707 2666 1775 quando
2691 1707 2925 1769 damnati
2952 1719 3105 1764 erant
3129 1719 3184 1767 et
3209 1712 3487 1770 incurabili
3517 1730 3664 1772 mor-

2083 1793 2152 1849 bo
2181 1794 2529 1864 laborabant,
2579 1812 2642 1854 ae
2681 1813 2838 1856 senes
2874 1801 3206 1874 juvenesque
3236 1805 3288 1860 in
3332 1807 3547 1863 eosdem
3575 1809 3661 1864 in-

2084 1887 2322 1942 silierant
2345 1903 2583 1956 amores,
2609 1905 2672 1947 ac
2700 1891 2912 1948 demum
2939 1895 3179 1950 comburi
3207 1897 3326 1953 illos
3355 1901 3657 1968 oportebat,

2084 1987 2137 2033 et
2178 1979 2228 2033 in
2258 1979 2343 2034 illa
2369 1979 2456 2036 die
2481 2022 2495 2048 ,
2526 1996 2646 2036 cum
2677 1981 2897 2038 fulmina
2938 1985 3275 2042 immittenda
3305 1999 3476 2043 erant.
3510 1992 3660 2047 Alio.

2083 2069 2210 2140 quin
2257 2079 2432 2125 autem
2484 2085 2591 2126 non
2622 2071 2689 2128 de
2715 2072 2844 2128 vitio
2873 2083 2928 2129 et
2948 2073 3146 2133 virtute
3184 2077 3298 2132 haec
3334 2077 3473 2134 dlcta
3502 2091 3656 2145 sunt,

2085 2160 2176 2216 sed
2221 2160 2289 2217 de
2320 2161 2470 2233 plaga
2509 2162 2763 2220 divinitus
2809 2166 3065 2222 immissa.
3107 2168 3243 2237 Quid
3273 2173 3446 2236 enim,
3478 2187 3660 2243 qumso

2084 2262 2165 2320 te,
2199 2252 2497 2310 faciendum
2540 2257 2694 2313 erat?
2733 2273 2798 2313 an
2841 2259 3032 2317 sedere
3070 2264 3349 2332 oportebat
3375 2275 3428 2322 et
3459 2270 3661 2338 suppli-

2083 2345 2221 2399 cium
2250 2347 2493 2416 accipere
2513 2389 2528 2415 ,
2569 2358 2624 2404 et
2657 2350 2772 2404 sine
2809 2350 2983 2421 aliqua
3013 2352 3225 2409 illorum
3257 2356 3482 2413 utilitate
3503 2372 3658 2414 com-

2084 2434 2236 2489 buri?
2288 2437 2359 2489 At
2405 2435 2506 2492 hoc
2556 2446 2810 2494 extrema:
2863 2441 3147 2499 dementiae
3203 2444 3410 2504 fuisset.
3475 2447 3658 2520 Neque

2081 2527 2223 2582 enim
2270 2527 2370 2582 hoc
2395 2543 2494 2599 ego
2517 2529 2666 2595 dico,
2713 2531 2853 2602 quod
2885 2532 3080 2588 frustra
3109 2543 3163 2589 et
3189 2536 3451 2593 incassum
3495 2555 3658 2611 opor-

2084 2627 2193 2674 teat
2240 2620 2559 2690 supplicium
2605 2623 2819 2688 subire,
2869 2633 3065 2693 praeter
3109 2626 3202 2682 Dei
3234 2628 3486 2699 placitum
3517 2649 3532 2687 :
3561 2632 3656 2689 sed

2083 2711 2295 2780 quando
2339 2711 2500 2767 homo
2549 2712 2602 2766 in
2646 2715 2881 2784 nequitia
2925 2728 3203 2787 versatur,
3237 2729 3361 2776 tunc
3395 2721 3560 2793 jubeo
3605 2734 3657 2782 te

2085 2802 2136 2856 in
2168 2803 2398 2858 medium
2445 2803 2665 2874 injicere
2691 2816 2744 2862 et
2769 2807 2913 2862 illum
2945 2824 3175 2876 curare;
3209 2823 3428 2882 prepter
3469 2819 3655 2886 proxi-

2085 2895 2153 2948 mi
2195 2895 2508 2961 utilitatem,
2552 2897 2595 2951 si
2625 2897 2836 2966 quidem
2881 2900 3053 2965 velis;
3099 2902 3180 2956 sin
3225 2904 3434 2969 minus,
3466 2907 3655 2963 saltem

2085 2995 2299 3055 propter
2327 2995 2489 3041 tuam.
2537 2987 2668 3042 lllud
2696 3004 2858 3058 porro
2902 2990 3089 3045 melius
3133 3001 3216 3048 est
3243 3008 3260 3046 :
3292 2995 3431 3064 quod
3473 2997 3654 3054 sinon

2082 3077 2148 3130 ad
2201 3078 2338 3132 hanc
2387 3077 2766 3135 sublimitatem
2817 3081 3087 3152 attigeris,
3145 3083 3341 3140 saltem
3390 3088 3463 3142 tui
3491 3102 3653 3144 causa

2081 3169 2262 3225 facias.
2316 3170 2386 3225 Et
2432 3186 2590 3228 nemo
2639 3173 2779 3243 quod
2809 3188 2962 3229 suum
3013 3183 3096 3231 est
3145 3187 3382 3247 quaerat,
3412 3190 3470 3235 ut
3513 3183 3655 3252 quod

2081 3279 2233 3319 suum
2265 3272 2348 3319 est
2378 3263 2612 3320 inveniat
2640 3282 2654 3319 :
2684 3276 2737 3321 et
2763 3267 3057 3336 cogitantes
3081 3309 3094 3333 ,
3127 3285 3300 3340 neque
3346 3271 3656 3330 facultatum

2079 3353 2469 3410 abdicationem
2490 3395 2505 3421 ,
2540 3369 2712 3426 neque
2753 3359 3094 3429 martyrium,
3134 3375 3306 3430 neque
3329 3362 3472 3418 aliud
3500 3365 3655 3434 quid-

2079 3445 2220 3514 piam
2262 3444 2414 3498 uobis
2458 3445 2782 3515 patrocinari
2813 3461 2968 3516 posse
2990 3488 3005 3514 ,
3036 3449 3135 3503 nisi
3162 3463 3424 3506 summam
3453 3454 3652 3509 carita-

2081 3546 2186 3591 tem
2243 3537 2562 3604 habeamus,
2617 3538 2755 3594 hanc
2806 3555 2917 3609 pra:
2966 3541 3084 3596 aliis
3131 3557 3441 3611 servemus,
3472 3556 3528 3602 ut
3559 3562 3654 3617 per

2079 3629 2221 3683 illam
2272 3629 2373 3683 alia
2437 3643 2829 3700 consequamur
2878 3640 2935 3688 et
2981 3636 3260 3703 praesentis
3306 3647 3357 3691 et
3392 3641 3651 3708 promissa

2077 3721 2260 3776 bona:
2293 3737 2411 3790 quae
2457 3722 2654 3778 utinam
2705 3738 2802 3778 nos
2845 3738 3033 3779 omnes
3076 3727 3438 3796 adipiscamur
3481 3732 3649 3800 gratia

2077 3823 2131 3868 et
2175 3813 2502 3881 benignitate
2544 3812 2753 3868 Domini
2783 3815 2950 3870 nostri
2996 3816 3122 3872 Jesu
3149 3817 3388 3883 Christi,
3434 3820 3646 3890 quicum

2077 3905 2219 3960 Patri
2241 3919 2450 3975 unaque
2469 3903 2685 3974 Spiritui
2707 3914 2892 3960 sancto
2912 3906 3100 3976 gloria,
3125 3907 3429 3976 imperium,
3457 3909 3648 3979 honor,

2075 4013 2216 4054 nunc
2243 4008 2294 4054 et
2322 4012 2562 4068 semper,
2591 4005 2644 4054 et
2667 3997 2721 4052 in
2746 3999 2937 4054 szecula
2965 3999 3306 4055 saeculorum.
3334 4003 3528 4058 Amen.

1715 4205 2060 4267 HOMILIA
2100 4205 2334 4270 XXVI.

387 4357 513 4412 Car.
545 4355 629 4409 ll.
657 4369 712 4409 v.
743 4352 798 4406 2.
830 4351 1008 4406 Laudo
1035 4359 1201 4405 autem
1228 4365 1332 4416 vos,
1359 4353 1561 4423 fratres,
1583 4349 1719 4418 quod
1749 4364 1838 4419 per
1858 4365 1968 4402 om-

459 4449 545 4501 nia
563 4447 658 4500 ntei
687 4460 932 4515 memores,
958 4443 1098 4510 estis,
1128 4450 1174 4497 et
1199 4441 1327 4496 sicut
1349 4440 1539 4495 tradidi
1567 4440 1704 4494 vobis
1728 4439 1966 4493 traditio-

457 4554 568 4602 nes,
604 4538 676 4588 ita
720 4535 916 4588 tenetis.

460 4629 513 4684 l.
545 4625 676 4683 Cum
707 4623 1025 4679 absolvisset
1051 4622 1349 4678 orationem
1375 4622 1443 4676 de
1481 4621 1544 4674 iis
1571 4634 1690 4689 quas
1720 4618 1966 4673 immola-

385 4733 437 4776 ta
466 4729 590 4777 sunt
616 4718 792 4784 idolis,
823 4724 879 4771 ut
900 4731 958 4771 se
985 4715 1162 4770 facere
1186 4713 1430 4778 decebat,
1461 4721 1516 4767 et
1539 4725 1657 4767 eam
1684 4711 1964 4782 perfectis-

385 4815 573 4869 simam
626 4813 862 4877 fecisset,
910 4809 1100 4866 transit
1146 4805 1212 4862 ad
1264 4804 1441 4872 aliud,
1494 4805 1636 4876 quod
1687 4813 1742 4860 et
1791 4804 1962 4875 ipsum

384 4905 589 4959 crimen
611 4911 747 4968 erat,
777 4902 869 4958 sed
894 4917 1000 4957 non
1023 4911 1249 4955 tantum.
1279 4896 1433 4964 Nam,
1462 4904 1521 4951 ut
1537 4896 1646 4966 jam
1669 4896 1798 4961 dixi,
1822 4911 1963 4952 nunc

385 5009 596 5067 quoque
624 4994 796 5046 dicam
815 5033 830 5056 ,
864 4994 1037 5061 ipsum
1065 5007 1169 5046 non
1198 4993 1539 5046 continenter
1565 5004 1765 5058 ponere
1793 4987 1960 5065 vehe-

386 5087 676 5145 mentinres
704 5084 1101 5146 accusationes;
1135 5084 1228 5137 sed
1272 5084 1403 5153 ipsis
1431 5082 1744 5152 congruenti
1773 5079 1962 5136 ordine

385 5179 592 5250 positis,
632 5173 943 5232 inmedium
985 5187 1172 5226 eorum
1217 5173 1415 5227 leviora
1463 5174 1669 5240 inserit,
1719 5173 1860 5245 quod
1908 5173 1958 5227 in

381 5285 628 5327 sermone
657 5265 932 5324 molestius
954 5273 1035 5319 est
1055 5264 1391 5319 audientibus
1407 5280 1470 5318 ex
1490 5265 1757 5336 frequenti
1787 5268 1960 5322 incre-

381 5364 613 5432 patione,
643 5361 815 5418 lenius
844 5357 1094 5414 reddens.
1123 5354 1352 5426 Ideoque
1383 5355 1524 5426 quod
1553 5357 1960 5413 vehementissi-

381 5470 524 5508 mum
561 5456 798 5508 omnium
825 5461 960 5517 erat,
997 5464 1188 5518 nempe
1214 5448 1280 5503 de
1311 5448 1723 5514 resurreCtionc,
1750 5458 1956 5518 postre-

378 5559 521 5597 mum
550 5545 714 5613 ponit.
746 5544 958 5599 Interim
984 5557 1109 5598 vero
1135 5541 1200 5595 ad
1226 5539 1389 5604 aliud,
1433 5541 1573 5610 quod
1605 5540 1777 5595 lenius
1804 5551 1920 5595 erat
1940 5583 1952 5603 ,

380 5633 641 5702 procedit,
669 5633 855 5690 dicens
887 5652 902 5688 :
930 5632 1108 5687 Laudo
1149 5640 1315 5686 autem
1354 5619 1459 5693 uos,
1509 5633 1644 5700 quod
1673 5649 1762 5701 per
1785 5634 1954 5686 omnia

363 5731 472 5784 atus;
521 5717 759 5783 memores
808 5728 945 5782 estis.
1001 5727 1129 5781 Nam
1175 5739 1296 5780 cum
1336 5723 1402 5778 de
1447 5722 1681 5779 admisso
1729 5735 1945 5794 peccato

2073 4360 2302 4416 constat,
2357 4351 2708 4406 vehementer
2751 4353 2955 4406 incusat
2998 4361 3052 4407 et
3097 4352 3491 4407 comminatur:
3523 4367 3642 4407 cum

2072 4452 2249 4496 autem
2293 4441 2362 4497 de
2391 4453 2610 4511 peccato
2649 4444 2941 4508 dubitatur,
2976 4445 3102 4498 illud
3145 4444 3318 4514 primo
3352 4444 3561 4514 probat,
3592 4454 3646 4498 et

2073 4543 2198 4588 tunc
2220 4535 2490 4603 increpat:
2513 4543 2567 4589 et
2587 4536 2726 4605 quod
2746 4537 2958 4606 quidem
2977 4537 3028 4590 in
3046 4535 3295 4593 confesso
3316 4547 3397 4592 est
3416 4536 3640 4601 extollit;

2071 4626 2201 4681 illud
2231 4641 2379 4692 vero,
2411 4626 2478 4681 de
2507 4643 2610 4697 quo
2639 4627 2929 4692 dubitatur,
2960 4629 3014 4683 in
3051 4630 3303 4684 confesso
3317 4643 3438 4684 esse
3463 4639 3644 4684 osten-

2070 4716 2164 4772 dit.
2190 4717 2435 4786 Exempli
2457 4732 2614 4772 causa
2634 4719 2701 4774 de
2723 4717 3070 4775 fornicatione
3103 4719 3315 4789 quidem
3332 4719 3639 4784 constabat;

2071 4809 2296 4880 ideoque
2326 4823 2432 4864 non
2464 4825 2597 4879 opus
2626 4809 2722 4864 fuit
2767 4810 3052 4866 ostendere
3083 4810 3134 4865 id
3162 4824 3283 4866 esse
3328 4820 3637 4880 peccatum;

2068 4901 2161 4955 sed
2194 4900 2372 4957 delicti
2413 4902 2824 4971 magnitudinem
2868 4902 2978 4956 illic
3008 4903 3269 4972 probavit,
3299 4910 3352 4957 et
3373 4917 3469 4971 per
3495 4913 3640 4955 eom-

2070 4993 2394 5060 parationem
2448 4992 2746 5046 orationem
2791 4993 3032 5061 protulit.
3075 4992 3278 5046 Rursus
3320 4991 3459 5060 apud
3506 4991 3640 5044 alios

2062 5083 2307 5152 judicari,
2358 5093 2629 5153 peceatum
2675 5083 2890 5153 quidem
2939 5092 3074 5147 erat,
3115 5084 3209 5138 sed
3258 5096 3364 5136 non
3397 5089 3635 5143 tantum;

2068 5173 2291 5243 ideoque
2321 5173 2446 5226 illud
2473 5173 2739 5243 interjecit
2763 5184 2816 5227 et
2843 5173 3106 5242 probavit.
3137 5173 3213 5228 De
3240 5173 3302 5227 iis
3331 5173 3490 5228 etiam
3520 5186 3637 5240 quas

2067 5267 2222 5322 idolis
2243 5267 2510 5320 immolata
2533 5275 2684 5320 erant
2705 5265 3064 5332 dubitabatur,
3087 5265 3180 5320 sed
3203 5279 3455 5335 magnum
3474 5263 3635 5317 etiam

2065 5360 2260 5411 malum
2292 5366 2436 5411 erat:
2468 5364 2792 5426 quaprOpler
2819 5355 3056 5411 ostendit
3075 5367 3197 5411 esse
3226 5364 3525 5426 peccatum,
3558 5351 3635 5407 id-

2063 5464 2166 5519 que
2199 5447 2379 5503 verbis
2420 5446 2648 5503 extollit.
2701 5445 2926 5512 Quando
2961 5457 3141 5502 autem
3189 5445 3294 5501 hoc
3333 5442 3480 5508 facit,
3528 5455 3631 5496 non

2062 5540 2232 5595 Solum
2262 5538 2476 5594 abducit
2503 5554 2532 5593 a
2581 5537 2912 5604 criminibus,
2943 5537 3035 5594 sed
3065 5537 3227 5594 etiam
3255 5535 3322 5591 ad
3366 5531 3630 5592 contraria

2061 5631 2222 5686 ducit.
2256 5630 2437 5700 Neque
2461 5631 2601 5687 enim
2628 5629 2762 5684 dixit
2791 5629 2950 5685 modo
2991 5643 3099 5684 non
3123 5637 3375 5700 oportere
3405 5623 3629 5680 fornica-

2060 5723 2124 5789 ri,
2161 5722 2252 5778 sed
2279 5722 2439 5777 etiam
2465 5734 2706 5790 magnam
2732 5733 2853 5776 esse
2878 5717 3232 5776 exhibendam
3257 5715 3624 5774 sanctitatem.
