4108 6218
413 357 509 413 211

413 468 603 542 ζητοίη
635 469 817 541 μόνον,
848 469 942 524 καὶ
967 469 1158 523 ἑαυτὸν
1193 468 1286 522 καὶ
1311 467 1550 529 ἐκείνους
1575 465 1866 521 καταδύσει
1895 483 1989 520 τα-

410 555 573 627 χέως.
620 555 728 608 Καὶ
756 554 962 624 ἑκάστη
995 553 1052 606 δέ
1095 553 1256 622 τέχνη
1295 553 1344 604 εί
1381 552 1440 603 τὸ
1481 551 1679 620 ἐαυτῆς
1709 551 1989 622 συμφέρον

414 637 641 706 σκοποίη
673 637 856 706 μόνον,
881 637 980 689 οὐκ
1008 636 1072 690 άν
1109 651 1237 688 ποτε
1263 636 1291 687 6
1318 633 1431 703 βίος
1463 633 1648 703 σταίη,
1681 632 1803 687 ούδέ
1831 635 1866 704 ή
1903 633 1991 685 τέ-

408 738 512 793 χνη
548 723 580 790 ή
603 718 762 772 τοῦτο
789 717 1046 788 ζητοῦσα.
1070 718 1166 770 Διά
1191 716 1346 772 τοῦτο
1389 718 1417 769 6
1443 716 1686 787 γεωργὸς
1710 716 1771 769 οὐ
1807 715 1991 769 τοσοῦ-

411 820 503 856 τον
530 805 743 872 σπείρει
772 803 937 865 σῖτον,
983 801 1106 854 ὅσον
1151 799 1384 870 ἀρκέσαι
1431 799 1627 869 ἐαυτῷ·
1669 799 1791 852 ἐπεὶ
1822 797 1990 852 πάλαι

410 887 508 939 καὶ
555 885 748 938 ἑαυτὸν
804 884 899 936 καὶ
932 883 1057 946 τοὺς
1084 883 1272 945 ἄλλους
1308 881 1585 935 ἀπώλεσεν
1625 883 1689 936 ἀν
1710 897 1722 911 ’
1757 879 1891 934 ἀλλά
1929 881 1991 933 16

411 969 523 1021 τῶν
556 965 764 1040 πολλῶν
791 966 961 1035 ζητεῖο
1000 967 1093 1018 καὶ
1121 968 1149 1018 ό
1177 965 1532 1037 στρατιώτης,
1559 965 1656 1035 οὐχ
1686 965 1775 1018 ἵνα
1801 964 1990 1018 ἐαυτὸν

411 1050 656 1120 διασώσῃ
689 1049 1094 1120 παρατάττεται
1123 1048 1258 1118 πρὸς
1303 1046 1597 1112 κινδύνους,
1642 1046 1756 1100 ἀλλ’
1778 1046 1866 1099 ῖνα
1898 1046 1990 1099 καὶ

411 1133 514 1198 τὰς
566 1133 748 1194 πόλεις
779 1132 837 1184 ἐν
884 1130 1151 1202 ἀσφαλείᾳ
1178 1132 1519 1202 καταστήσῃο
1555 1129 1648 1182 καὶ
1684 1129 1712 1180 6
1751 1128 1987 1200 ἔμπορος

410 1216 476 1270 οὐ
506 1213 740 1268 τοσαῦτα
789 1213 1024 1284 κομίζει.
1050 1213 1149 1266 ὅσα
1192 1212 1341 1282 αὐτῷ
1375 1213 1532 1281 μόνον
1573 1209 1825 1282 ἀρκέσαι,
1872 1210 1990 1264 ἀλλ’

410 1300 516 1352 ὅσα
549 1297 642 1350 καὶ
664 1295 872 1366 ἑτέροις
906 1295 1141 1359 πολλοῖς.
1172 1297 1235 1350 Εἰ
1266 1296 1322 1349 δὲ
1347 1295 1495 1362 λέγοι
1524 1312 1630 1358 τις,
1663 1296 1745 1348 ὅτι
1771 1293 1909 1364 Οὐχὶ
1931 1294 1993 1348 16

413 1380 570 1452 ἐμὸν,
597 1378 734 1432 ἀλλά
765 1380 826 1432 16
852 1377 1046 1432 ἑαυτοῦ
1080 1378 1308 1442 ἕκαστος
1347 1376 1585 1438 σκοπῶν,
1625 1377 1796 1429 ταῦτα
1825 1379 1987 1429 ποιεῖ’

413 1463 512 1517 καὶ
557 1462 664 1534 γὰρ
711 1463 967 1532 χρήματα
1005 1457 1184 1532 ἐαυτῷ
1227 1461 1320 1514 καὶ
1350 1459 1506 1527 δόξαν
1546 1460 1640 1514 καὶ
1691 1459 1992 1528 ἀσφάλειαν

414 1544 714 1616 κτώμενος,
748 1544 963 1598 ἅπαντα
995 1541 1441 1614 πραγματεύεται
1471 1541 1677 1596 ταῦτα’
1736 1541 1876 1594 ὥστε
1931 1541 1992 1594 16

414 1626 547 1696 ἐμὸν
597 1624 774 1697 ζητῶν
822 1626 1120 1700 συμφέρον,
1154 1626 1215 1680 16
1255 1625 1450 1680 ἑαυτοῦ
1485 1625 1673 1696 ζητεῖ·
1711 1623 1871 1678 τοῦτο
1898 1625 1994 1678 καὶ¹

417 1708 531 1777 ἐγώ
559 1726 721 1780 φημι,
761 1707 852 1763 καὶ
894 1709 1059 1764 πάλαι
1090 1710 1319 1764 ἀκοῦσαι
1365 1708 1686 1779 ἐϐουλόμην,
1712 1709 1807 1762 καὶ
1851 1709 1992 1780 ὑπὲρ

415 1789 609 1845 τούτου
632 1792 806 1846 πάντα
837 1792 929 1846 16v
953 1791 1109 1861 λόγον
1138 1790 1504 1863 ἐποιησάμην,
1544 1791 1682 1845 ὥστε
1711 1789 1862 1863 [226]
1887 1791 1995 1844 δεῖ·

419 1875 530 1941 ξαι,
563 1875 644 1927 ὅτι
694 1875 812 1928 τότε
849 1875 911 1929 16
951 1875 1141 1929 ἑαυτοῦ
1178 1874 1458 1945 συμφέρον
1497 1875 1526 1927 6
1554 1874 1778 1945 πλησίον
1821 1873 1994 1943 ζητεῖ,

417 1958 551 2011 ὅταν
575 1955 635 2010 16
667 1957 757 2012 σὺν
790 1959 1060 2032 σκοπήσῃ.
1104 1956 1320 2027 Ἐπειδὴ
1351 1957 1458 2030 γάρ
1482 1957 1686 2028 ἑτέρως
1718 1956 1816 2009 ούκ
1848 1956 1996 2026 ήνείο

418 2056 578 2110 χοντο
608 2040 882 2112 ἀνθρωποι
929 2041 996 2094 τά
1042 2040 1138 2094 τοῦ
1192 2040 1418 2112 πλησίον
1466 2039 1670 2111 ζητεῖν.
1707 2041 1755 2092 εί
1799 2041 1874 2110 μή
1918 2042 1998 2103 είς

419 2121 624 2193 ταύτην
671 2127 994 2178 κατασταῖεν
1048 2124 1145 2196 τὴν
1198 2124 1462 2194 ἀνάγκην,
1499 2124 1586 2178 διά
1638 2123 1796 2177 τοῦτο
1823 2122 1997 2188 οὕτως

422 2204 564 2259 αύτά
597 2206 908 2274 συνέζευξεν
937 2211 964 2261 6
991 2207 1142 2271 θεὸς,
1167 2209 1262 2263 καὶ
1282 2209 1382 2262 οὐκ
1409 2207 1599 2278 ἀφίησι
1623 2207 1886 2279 πρότερον
1908 2208 1998 2260 ἐπὶ

420 2289 483 2342 16
516 2291 713 2344 οἰκεῖον
759 2291 1034 2362 συμφέρον
1062 2291 1255 2357 ἐλθεῖν,
1287 2291 1362 2363 μή
1407 2291 1495 2346 διά
1546 2291 1654 2344 τῶν
1701 2289 1998 2362 ἀλλοτρίων

421 2371 811 2443 συμφερόντων
868 2375 1214 2440 όδεύσαντας,
1246 2375 1420 2429 Τοῦτο
1455 2375 1554 2446 μὲν
1603 2370 1697 2428 οὖν
1728 2373 2002 2446 ἀνθρώπι-

421 2471 536 2520 νον,
570 2456 630 2508 16
671 2454 845 2520 οὕτως
884 2457 975 2511 ἐπὶ
1019 2458 1080 2512 16
1114 2459 1210 2512 τοῦ
1251 2458 1476 2530 πλησίον
1520 2458 1797 2529 συμφέρον
1843 2457 1998 2511 ίέναι⁹

422 2541 512 2593 δεῖ
535 2539 592 2592 δὲ
623 2539 699 2610 μὴ
725 2540 995 2606 ἐντεῦθεν,
1031 2542 1145 2595 ἀλλ’
1181 2542 1288 2596 ἀπὸ
1310 2543 1417 2596 τῶν
1443 2542 1522 2612 τῷ
1553 2540 1671 2612 Θεῷ
1701 2540 2002 2595 δοκούντων

424 2621 732 2676 πείθεσθαι.
785 2623 921 2676 Οὐδὲ
949 2623 1058 2695 γάρ
1098 2625 1176 2678 ἔνι
1221 2624 1458 2695 σωθῆναι
1496 2625 1570 2694 μή
1600 2623 1756 2678 τοῦτο
1790 2621 2001 2692 ἔχοντα·

424 2703 563 2757 ἀλλά
609 2705 710 2759 κᾶν
738 2707 839 2777 τὴν
880 2706 1054 2778 ἀκραν
1087 2708 1404 2778 φιλοσοφίαν
1437 2708 1627 2777 ἀσκῇς,
1668 2706 1776 2760 τῶν
1806 2705 1862 2758 δὲ
1894 2705 2004 2759 λοι-

424 2786 548 2839 πῶν
576 2787 961 2858 ἀπολλυμένων
986 2789 1213 2862 ἀμελῇς,
1231 2789 1486 2860 οὐδεμίαν
1515 2791 1687 2860 κτήσῃ
1717 2788 1867 2860 παρά
1888 2787 2006 2859 Θεῷ

426 2870 759 2942 παρρησίαν.
789 2873 959 2926 Πόθεν
985 2873 1174 2942 δῆλον;
1213 2874 1330 2942 Ἀφ’
1378 2867 1454 2940 ὧν
1506 2873 1535 2925 6
1583 2874 1850 2942 μακάριος
1901 2875 2008 2926 ἀπ·

427 2953 669 3024 εφήνατο
694 2954 925 3018 Παῦλος.
968 2956 1101 3010 Ἐὰν
1133 2956 1242 3026 γὰρ
1284 2956 1534 3025 ψωμίσω
1569 2972 1687 3025 μου
1718 2955 1790 3008 τὰ
1819 2955 2006 3025 ὑπάρ-

429 3053 638 3104 χοντα,
699 3038 798 3092 καὶ
844 3039 1087 3109 παραδῶ
1131 3041 1196 3094 τὸ
1244 3039 1417 3110 σῶμά
1447 3056 1588 3108 μου,
1639 3041 1739 3093 ἵνα
1790 3039 2005 3110 καυθιῆ,

429 3120 674 3190 ἀγάπην
711 3122 778 3175 δὲ
817 3123 904 3192 μὴ
967 3124 1102 3193 ἔχω,
1165 3123 1346 3179 οὐδὲν
1401 3122 1761 3193 ὠφελοῦμαι,
1822 3124 2007 3196 φησίν.

444 3205 612 3277 Ὁρᾷς
641 3206 805 3260 πόσον
853 3208 880 3260 6
921 3207 1128 3271 Παῦλος
1157 3210 1404 3279 ἐπιζητεῖ
1453 3207 1583 3278 παρ’
1613 3208 1802 3278 ήμῶνς
1834 3209 2010 3262 καίτοι

432 3303 500 3356 γε
549 3289 578 3340 6
612 3290 866 3359 ψωμίσας
917 3291 980 3344 ού
1027 3291 1088 3343 16
1117 3291 1333 3356 ἑαυτοῦ,
1367 3290 1505 3346 ἀλλά
1559 3290 1619 3344 τὸ
1651 3289 1746 3344 τοῦ
1783 3289 2010 3360 πλησίον

1381 346 1447 402 IN
1486 347 1705 403 EPIST.
1747 345 1887 400 IAD
1924 347 2083 404 COR.
2129 345 2363 404 llOMlL.
2404 348 2590 406 XXVI.

3554 353 3667 409 219.

2094 466 2381 539 ἐζήτησεν.
2426 469 2686 522 Ἀλλὀύκ
2714 469 2874 538 ἀρκεῖ
2915 469 3070 523 τοῦτο
3104 471 3281 542 μόνον,
3330 473 3494 542 φησί’
3536 477 3673 542 μετὰ

2093 553 2200 624 γάρ
2246 556 2594 624 γνησιότητος
2648 553 2777 606 αὐτὸ
2820 553 3066 623 βούλεται
3115 555 3360 622 γίνεσθαι
3403 558 3496 610 καὶ
3533 573 3670 624 συμ-

2091 635 2324 697 παθείας
2370 635 2590 705 πολλῆς.
2646 635 2743 688 Διά
2789 636 2897 706 γάρ
2939 635 3096 688 τοῦτο
3142 638 3238 690 καὶ
3285 638 3673 708 ἐνομοθέτησεν

2091 718 2224 772 αὐτὸ
2255 721 2283 771 6
2308 718 2459 784 Θεὸς,
2491 719 2577 772 ἵνα
2603 721 2683 782 είς
2706 718 3001 790 σύνδεσμον
3027 721 3249 791 ἀγάπης
3272 722 3477 792 ἀγάγῃ.
3503 722 3672 773 Ὅταν

2090 800 2185 857 οὖν
2230 803 2435 866 ἐκεῖνος
2493 804 2590 873 μὲν
2631 803 2882 856 τοσοῦτον
2921 804 3125 874 ἀπαιτῇ
3159 804 3378 874 μέτρον,
3421 806 3580 874 ἡμεῖς
3615 803 3672 854 δὲ

2095 887 2229 957 μηδέ
2255 887 2314 938 τὸ
2337 887 2556 938 ἔλαττον
2580 886 2928 958 παρέχωμεν,
2950 886 3091 950 τίνος
3115 887 3351 956 ἐσόμεθα
3377 887 3516 951 ἄξιοι
3544 903 3672 952 συγ-

2091 969 2354 1041 γνώμης;
2390 969 2502 1021 Καὶ
2533 969 2668 1031 πῶς,
2704 970 2858 1039 φησὶ,
2889 969 2965 1037 τῷ
2991 968 3114 1022 Λὼτ
3148 969 3329 1038 ἔλεγεν
3363 971 3390 1022 ὀ
3428 969 3556 1031 Θεὸς
3584 967 3671 1022 διὰ

2091 1050 2200 1104 τῶν
2255 1051 2522 1119 ἀγγέλων,
2573 1049 2777 1110 Σώζων
2831 1047 2980 1110 σῶζε
3021 1049 3136 1116 τὴν
3182 1049 3397 1104 ἑαυτοῦ
3426 1047 3672 1118 ψυχήνς

2091 1133 2234 1194 είπέ,
2266 1134 2418 1194 πότε,
2451 1134 2543 1186 καὶ
2583 1134 2669 1187 6:6
2708 1133 2780 1185 τί.
2817 1133 2942 1186 Ὀτε
2973 1134 3006 1204 ή
3041 1132 3261 1196 κόλασις
3299 1133 3540 1201 ἐφέρετο,
3571 1131 3668 1202 οὐχ

2091 1218 2179 1269 ὅτε
2209 1215 2552 1287 διορθοῦσθαι
2583 1215 2709 1278 ἔδει,
2743 1215 2858 1268 ἀλλ’
2902 1218 2990 1268 ὅτε
3045 1215 3480 1284 κατεγνωσμένοι
3531 1210 3670 1284 ἦσαν

2093 1299 2188 1353 καὶ
2213 1300 2404 1354 ἀνίατα
2441 1301 2679 1364 ἐνόσουν,
2711 1300 2803 1353 καὶ
2839 1298 3140 1367 πρεσϐῦται
3166 1298 3259 1352 καὶ
3288 1297 3400 1350 νέοι
3430 1298 3507 1359 είς
3545 1299 3671 1360 τοὺς

2095 1382 2292 1444 αὐτοὺς
2317 1381 2654 1452 ἐξεπήδησαν
2682 1381 2910 1451 ἔρωτας,
2943 1381 3039 1434 καὶ
3060 1379 3451 1435 κατακαίεσθαι
3477 1379 3674 1439 αὐτοὺς

2091 1464 2280 1518 λοιπὸν
2313 1464 2499 1536 ἐχρῆν,
2532 1465 2626 1517 καὶ¹
2656 1465 2712 1516 ἐν
2750 1463 2934 1534 ἐκείνῃ
2965 1465 3031 1533 τῇ
3060 1463 3261 1533 ἡμέρᾳ,
3286 1462 3374 1514 ὅτε
3403 1463 3450 1514 οί
3477 1479 3674 1533 κεραυ-

2093 1550 2176 1602 νοὶ
2219 1548 2626 1618 καταφέρεσθαι
2658 1546 2902 1617 ἔμελλον.
2939 1546 3146 1608 Ἄλλως
3179 1546 3234 1597 δὲ
3267 1544 3386 1597 ούδέ
3419 1545 3545 1613 περὶ
3573 1561 3676 1597 κα-

2093 1633 2217 1696 κίας
2242 1631 2336 1686 καὶ
2361 1631 2561 1702 ἀρετῆς
2587 1629 2744 1683 τοῦτο
2777 1630 3012 1701 εἴρηται,
3045 1627 3180 1681 ἀλλά
3208 1627 3336 1699 περὶ
3364 1627 3460 1696 τῆς
3483 1626 3676 1695 θεηλά-

2093 1729 2187 1766 του
2212 1713 2446 1784 πληγῆς.
2478 1712 2543 1764 Τί
2564 1712 2670 1782 γάρ
2695 1711 2802 1764 ἔδει
2831 1714 3036 1776 ποιεῖν;
3061 1710 3182 1764 εἰπέ
3215 1727 3322 1779 μοι·
3353 1709 3675 1773 καθέζεσθαι

2095 1795 2191 1849 καὶ
2215 1795 2468 1865 δέχεσθαι
2498 1794 2596 1865 τὴν
2620 1793 2908 1865 τιμωρίαν,
2941 1792 3035 1847 καὶ
3066 1791 3232 1863 μηδὲν
3265 1793 3503 1854 ἐκείνους
3531 1791 3676 1858 ὡφε-

2095 1879 2291 1933 λοῦντα
2324 1878 2755 1944 κατακαίεσθαι;
2815 1876 2977 1929 Ἀλλὰ
3021 1876 3206 1938 ἀνοίας
3246 1873 3402 1928 τοῦτο
3444 1872 3676 1943 ἐσχάτης

2094 1961 2184 2036 ἦν.
2225 1963 2362 2017 Ούδέ
2399 1963 2506 2034 γὰρ
2536 1961 2648 2030 ἐγὼ
2681 1961 2837 2015 τοῦτό
2867 1977 3034 2030 φημι,
3068 1961 3150 2012 ὅτι
3202 1958 3389 2020 ἀπλῶς
3432 1956 3527 2009 καὶ
3553 1957 3674 2026 εἰκῆ

2097 2050 2178 2102 δεῖ
2201 2046 2527 2110 κολάζεσθαι
2557 2045 2708 2116 παρὰ
2740 2045 2801 2098 16
2831 2044 2908 2114 τῷ
2939 2042 3057 2114 Θεῷ
3079 2041 3288 2096 δοκοῦνιο
3326 2039 3438 2094 ἀλλ’
3467 2040 3594 2092 ὅταν
3619 2039 3676 2091 ἐν

2099 2131 2267 2203 κακίᾳ
2299 2129 2585 2200 ἄνθρωπος
2604 2127 2874 2200 διατρίϐῃ,
2902 2127 3024 2179 τότε
3053 2123 3260 2178 κελεύω
3295 2123 3456 2193 μέσον
3482 2120 3678 2203 ἐαυτὸν

2101 2201 2426 2285 ἐμϐαλόντα,
2461 2210 2725 2284 διορθοῦψ
2761 2211 2810 2264 εί
2853 2209 2950 2280 μὲν
2981 2206 3180 2278 βούλει,
3208 2206 3295 2260 διά
3323 2204 3384 2256 16
3414 2202 3507 2285 τοῦ
3543 2201 3678 2285 πλη-

2103 2283 2235 2350 σίον·
2261 2297 2308 2348 εξ
2338 2293 2396 2346 δέ
2429 2291 2524 2364 μὴ,
2547 2283 2660 2346 κάν
2689 2293 2777 2347 διά
2805 2292 2864 2345 τό
2888 2308 2968 2344 σοι
2994 2288 3323 2343 λυσιτελοῦν.
3357 2285 3428 2338 Τὸ
3453 2283 3548 2354 μέν
3569 2283 3676 2352 γάρ

2104 2379 2311 2450 βέλτιον
2337 2379 2537 2431 ἐκεῖνον
2558 2377 2606 2429 εί
2639 2375 2695 2429 δέ
2723 2376 2798 2446 μὴ
2824 2374 3047 2442 φθάνεις
3071 2372 3206 2443 πρὸς
3233 2372 3406 2422 ἐκεῖνο
3439 2367 3498 2420 16
3524 2365 3675 2450 ῢψος,

2103 2448 2206 2516 κάν
2245 2460 2334 2514 διὰ
2359 2459 2517 2513 τοῦτο
2550 2458 2713 2513 ποίει.
2742 2458 2851 2510 Καὶ
2885 2456 3072 2528 μηδεὶς
3100 2455 3160 2508 16
3197 2451 3390 2506 ἐαυτοῦ
3428 2448 3676 2520 ζητείτω,

2103 2545 2192 2598 ἵνα
2227 2544 2287 2597 16
2309 2541 2500 2598 ἐαυτοῦ
2527 2541 2685 2612 εῦρῃο
2710 2541 2804 2594 καὶ
2843 2540 3217 2609 ἐννοήσαντεε,
3253 2537 3332 2588 ὅτι
3361 2532 3484 2586 οὔτε
3512 2532 3682 2600 ἀκτη-

2109 2625 2334 2698 μοσύνη,
2395 2624 2519 2676 οὔτε
2580 2621 2898 2694 μαρτύριον,
2939 2620 3061 2674 οὔτε
3129 2619 3255 2672 ἀλλο
3313 2616 3463 2671 οὐδὲν
3525 2613 3680 2684 ήμῶν

2107 2710 2408 2781 προστῆναι
2473 2707 2779 2778 δυνήσεται,
2847 2704 2912 2757 ἂν
2981 2704 3055 2774 μὴ
3103 2703 3200 2774 τὴν
3248 2702 3421 2769 ἄκραν
3462 2699 3681 2781 ἀγάπην

2107 2779 2341 2863 ἔχωμεν,
2405 2788 2604 2856 ταύτην
2651 2789 2757 2858 πρὸ
2795 2787 2902 2840 τών
2945 2787 3117 2841 ἄλλων
3177 2782 3539 2855 διατηρῶμεν,
3595 2779 3683 2830 ἵνα

2108 2876 2204 2928 καὶ
2247 2873 2353 2926 τῶν
2384 2871 2560 2926 ἀλλων
2598 2871 2662 2924 δι’
2695 2870 2864 2939 αὐτῆς
2904 2867 3246 2938 ἐπιτύχωμεν
3273 2867 3366 2918 καὶ
3402 2865 3510 2916 τῶν
3539 2877 3682 2930 παρ-

2111 2957 2280 3012 όντων
2328 2955 2557 3009 καὶτῶν
2599 2953 3025 3024 ἐπηγγελμένων
3074 2951 3312 3019 ἀγαθώνο
3367 2943 3442 3002 ὧν
3478 2945 3685 3014 γένοιτο

2113 3043 2318 3104 πάντας
2343 3043 2487 3112 ἡμᾶς
2527 3041 2819 3109 ἐπιτυχεῖν,
2847 3037 3027 3108 χάριτι
3061 3036 3155 3089 καὶ
3184 3030 3562 3103 φιλανθρωπία
3588 3026 3684 3112 τοῦ

2114 3125 2319 3197 Κυρίου
2352 3111 2510 3194 μῶν
2542 3121 2713 3194 Ἰησοῦ
2729 3120 2990 3192 Χριστοῦ,
3020 3118 3137 3189 μεθ’
3165 3113 3225 3172 οὗ
3253 3116 3330 3187 τῷ
3351 3113 3542 3197 Πατρὶ,
3570 3111 3688 3197 άμα

2114 3192 2696 3278 τῷάγίῳνΪΙνεύματι,
2717 3205 2862 3270 δόξα,
2893 3203 3112 3272 κράτος,
3141 3200 3293 3270 τιμὴ,
3330 3198 3423 3252 νῦν
3451 3195 3544 3248 καὶ
3579 3192 3686 3255 ἀεὶ,

2117 3291 2211 3344 καὶ
2238 3292 2316 3355 εἰς
2349 3291 2474 3354 τοὺς
2505 3289 2707 3352 αἰῶνας
2735 3287 2842 3340 τῶν
2877 3287 3106 3341 αἰώνων.
3151 3284 3343 3354 Ἀμήν.

1789 3825 1944 3899 [29.7]
1974 3827 2213 3883 υιιιΑιιι
2252 3829 2395 3895 κστ.

464 3989 720 4046 Ἐπαινῶ
746 3989 814 4043 δὲ
847 3988 1019 4058 ὑμᾶς,
1058 3989 1146 4041 ὅτι
1183 3987 1380 4041 πάντα
1405 4004 1525 4056 μου
1557 3987 1884 4055 μέμνησθε,
1922 3987 2020 4042 καί

531 4072 722 4136 καθὼς
755 4070 1065 4140 παρέδωκα
1097 4069 1243 4140 ὑμῖν
1287 4070 1395 4136 τὰς
1443 4068 1839 4138 παραδόσεις,
1871 4069 2026 4125 οὕτω

537 4155 833 4224 κατέχετε.

537 4282 609 4329 α’.
629 4276 950 4346 Ἀπαρτίσας
972 4273 1064 4327 τὸν
1088 4273 1216 4344 περὶ
1238 4272 1344 4326 τῶν
1364 4271 1726 4326 εἰδωλοθύτων
1755 4271 1934 4340 λόγον,
1951 4271 2026 4335 ὡς

457 4359 611 4430 αύτῷ
646 4360 914 4430 προσῆκον
939 4353 1042 4428 ἦν,
1071 4356 1166 4410 καὶ
1195 4355 1531 4408 τελειότατον
1569 4355 1731 4410 αὑτὸν
1763 4357 1850 4410 διά
1896 4355 2030 4409 πάν-

458 4462 572 4497 των
609 4443 1008 4513 ἐργασάμενος,
1043 4439 1281 4510 μέτεισιν
1322 4439 1407 4508 ἐφ’
1455 4437 1670 4510 ἕτερον·
1702 4439 1730 4492 6
1758 4441 1852 4493 καὶ
1901 4439 2033 4492 αὐτὸ

466 4526 568 4596 μὲν
601 4525 850 4595 ἔγκλημα
887 4518 978 4594 ἦν,
1007 4522 1069 4576 ού
1107 4519 1360 4574 τοσοῦτον
1384 4519 1461 4574 δέ.
1509 4521 1687 4592 Ὅπερ
1730 4521 1841 4592 γὰρ
1863 4520 2033 4593 ἔφθην

463 4607 671 4672 εἰπὼν,
711 4605 867 4659 τοῦτο
917 4606 1011 4658 καὶ⁵
1045 4603 1138 4656 νῦν
1187 4603 1316 4674 ἐρῶ,
1377 4604 1458 4657 δτι
1508 4603 1567 4656 ού
1613 4604 1792 4658 πάντα
1841 4604 2036 4674 ἐφεξῆς

463 4689 646 4758 τίθησι
672 4689 740 4741 τὰ
770 4687 975 4758 σφοδρά
1001 4689 1458 4757 κατηγορήματα,
1493 4685 1627 4739 ἀλλά
1662 4685 1865 4750 διαθεὶς
1897 4686 2036 4740 αύτά

466 4772 609 4825 κατά
624 4768 778 4835 τάξιν
800 4771 901 4840 τὴν
924 4770 1328 4841 προσήκουσαν,
1351 4770 1431 4831 είς
1459 4769 1620 4839 μέσον
1635 4769 1813 4822 αὐτῶν
1832 4786 2039 4840 παρεμ-

469 4853 655 4908 ϐάλλει
685 4853 753 4906 τά
800 4853 1140 4923 κουφότερα,
1175 4850 1667 4922 παραμυθούμενος
1711 4850 1772 4904 16
1804 4851 2038 4922 ἐπαχθὲς

471 4935 566 4990 τοῦ
596 4936 756 5002 λόγου
779 4935 840 4988 16
868 4936 934 4988 ἐκ
953 4934 1054 5005 τῆς
1085 4933 1340 5004 συνεχοῦς
1365 4936 1732 5006 ἐπιτιμήσεως
1757 4936 2039 5006 ἐγγινόμε-

473 5036 566 5074 νον
598 5020 709 5082 τοῖς
753 5019 1031 5073 ἀκούουσι.
1073 5019 1164 5072 Διὸ
1194 5018 1289 5073 καὶ
1331 5018 1391 5070 16
1431 5019 1648 5072 πάντων
1693 5017 2042 5089 σφοδρότερον

475 5101 601 5156 ’ύστε
613 5120 704 5174 ρον
727 5101 928 5174 τίθησι,
956 5102 1017 5155 16
1037 5101 1166 5172 περὶ
1191 5100 1292 5170 τῆς
1313 5101 1680 5163 ἀναστάσεως.
1707 5101 1857 5163 Τέως
1881 5101 1935 5153 δὲ
1959 5101 2042 5170 ἐφ’

474 5187 662 5255 ἕτερον
693 5189 858 5256 χωρεῖ
883 5184 1209 5256 κουφότερον
1239 5184 1412 5246 λέγων
1430 5201 1445 5214 ·
1493 5183 1747 5237 Ἐπαινῶ
1775 5183 1842 5235 δὲ
1874 5181 2045 5251 ὑμᾶς,

478 5269 511 5320 ὅ
521 5285 569 5320 τι
598 5267 794 5320 πάντα
817 5285 935 5337 μου
953 5261 1295 5336 μέμνησθε.’
1312 5266 1482 5319 Ὅταν
1509 5267 1604 5336 μὲν
1632 5266 1738 5337 γὰρ
1769 5265 2051 5335 ὡμολογηο

484 5350 644 5421 μένον
749 5350 809 5401 16
847 5349 1171 5420 ἁμάρτημα,
1213 5348 1308 5401 καὶ
1341 5352 1639 5420 κατηγορεῖ
1672 5347 1914 5418 σφοδρῶς
1958 5347 2054 5400 καὶ

481 5432 732 5485 ἀπειλεῖ’
788 5432 917 5485 ὅταν
975 5433 1030 5486 δέ
1085 5431 1589 5503 ἀμφιϐαλλόμενον,
1651 5429 2051 5494 κατασκευάζει

482 5515 704 5585 πρῶτον
729 5515 878 5578 αὐτὸ,
910 5518 1005 5570 καὶ
1041 5517 1164 5570 τότε
1194 5517 1454 5587 ἐπιτιμᾷ·
1485 5517 1576 5570 καὶ
1617 5517 1676 5570 16
1721 5517 1818 5586 μὲν
1841 5515 2052 5586 ὡμολο-

484 5597 728 5669 γημένον
769 5599 1017 5671 ἐπαίρει,
1055 5599 1116 5652 16
1162 5599 1220 5652 δέ
1265 5599 1747 5670 ἀμφισϐητήσιμον
1784 5598 2054 5652 δείκνυσιν

486 5679 928 5751 ὡμολογημένον.
969 5674 1094 5734 Οἷον
1140 5683 1174 5750 ἡ
1223 5681 1449 5750 πορνεία
1493 5680 1908 5748 ὡμολογημένον
1949 5676 2050 5749 ἦν’

487 5763 678 5832 διόπερ
701 5763 800 5815 οὑκ
829 5761 1025 5834 ἐδεήθη
1052 5761 1244 5827 δεῖξαι,
1275 5763 1356 5816 ὃτι
1387 5762 1684 5832 ἁμάρτημα
1717 5757 1806 5832 ἦν,
1839 5762 1972 5815 ἀλλά
1995 5761 2058 5813 16

492 5842 722 5916 μέγεθος
765 5846 881 5898 ἐκεῖ
919 5845 1284 5899 κατεσκεύασε
1320 5845 1413 5900 τοῦ
1447 5845 1933 5916 πλημμελήματος,
1967 5845 2061 5898 καὶ

2123 3983 2266 4042 κατά
2305 3983 2588 4054 σύγκρισιν
2623 3979 2905 4051 προήγαγε
2949 3974 3039 4028 16v
3075 3973 3252 4054 λόγον.
3303 3973 3470 4026 Πάλιν
3509 3972 3570 4024 16
3610 3973 3695 4043 ἐφ’

2127 4069 2327 4139 ἐτέρων
2357 4051 2693 4129 δικάζεσθαι,
2739 4061 3040 4132 ἁμάρτημα
3079 4057 3178 4126 μέν
3205 4051 3294 4139 ἦν,
3341 4055 3402 4108 ού
3443 4054 3698 4139 τοσοῦτον

2125 4136 2230 4204 δέ(
2250 4149 2437 4218 διόπερ
2468 4147 2601 4201 αὐτὸ
2635 4145 2729 4198 καὶ
2758 4140 3130 4213 παρενέθηκε,
3163 4137 3261 4192 καὶ
3308 4136 3696 4218 κατεσκεύασε.

2127 4234 2202 4286 T6
2223 4231 2330 4285 τῶν
2365 4215 2729 4284 είδωλοθύτων
2763 4225 2924 4278 πάλιν
2973 4220 3351 4291 ἀμφεϐάλλετο
3377 4220 3505 4290 μὲν,
3539 4215 3606 4291 ἦν
3644 4221 3700 4273 δέ

2133 4317 2390 4388 μέγιστον
2439 4312 2634 4367 κακόν’
2686 4309 2766 4362 διὸ
2816 4305 2913 4362 καλ⁵
2961 4304 3701 4388 ἀποδείκνυσιν-ἁμάρτημα

2129 4386 2189 4453 δν
2211 4441 2226 4463 ,
2273 4399 2368 4453 καὶ
2419 4396 2636 4466 ἐπαίρει
2668 4392 2745 4463 τῷ
2789 4391 2950 4461 λόγῳ.
2983 4390 3149 4441 Ὅταν
3195 4387 3251 4440 δέ
3287 4386 3444 4440 τοῦτο
3481 4387 3701 4457 ποιήσῃ,

2131 4485 2232 4538 οὐκ
2271 4483 2473 4550 ἀπάγει
2526 4479 2635 4533 τῶν
2681 4475 3039 4545 ἐγκλημάτων
3086 4471 3265 4543 μόνον,
3308 4469 3442 4524 ἀλλά
3487 4470 3582 4523 καὶ
3623 4471 3703 4530 εἰς

2133 4567 2202 4621 τά
2247 4564 2464 4619 ἐναντία
2513 4562 2722 4631 ἐνάγει.
2802 4558 2938 4612 Ούδέ
2983 4556 3092 4628 γὰρ
3155 4550 3310 4608 εἶπεν
3367 4553 3450 4605 ὅτι
3507 4552 3568 4605 ού
3623 4551 3706 4604 δεῖ

2136 4649 2423 4723 πορνεύειν
2471 4648 2660 4718 μόνον,
2708 4643 2824 4698 ἀλλ’
2878 4642 2960 4695 ὃτι
3008 4643 3104 4692 καὶ
3149 4636 3345 4708 πολλήν
3368 4635 3705 4723 Δἀγιωσύνην

2138 4715 2509 4788 ἐνδείκνυσθαι
2555 4731 2686 4800 χρή.
2732 4727 2932 4795 Διόπερ
2969 4724 3249 4793 ἐπήγαγεο
3276 4719 3580 4784 Δοξάσατε
3627 4715 3707 4786 δὴ

2138 4818 2251 4884 ἄρα
2276 4815 2381 4870 τὸν
2402 4813 2550 4869 Θεὸν
2573 4813 2643 4866 ἐν
2665 4810 2740 4876 τῷ
2762 4809 2986 4878 σώματι
3007 4804 3192 4873 ὑμῶν,
3217 4803 3308 4855 καί
3339 4802 3407 4854 ἐν
3429 4801 3507 4866 τῷ
3528 4803 3709 4884 33:813-

2134 4879 2276 4968 μάτι
2314 4895 2499 4967 ὑμῶν.
2546 4895 2657 4949 Καὶ
2685 4891 2855 4945 εἰπὼν
2886 4889 3044 4942 πάλιν
3074 4887 3154 4938 ὃτι
3186 4886 3244 4937 οὑ
3274 4885 3354 4939 δεῖ
3382 4885 3540 4953 σοφὴν
3568 4879 3712 4937 εἶναι

2142 4982 2238 5052 τὴν
2286 4981 2389 5044 ἔξω
2423 4978 2634 5047 σοφίαν,
2666 4976 2765 5028 οὐκ
2803 4973 3050 5044 ἀρκεῖται
3084 4968 3278 5039 τούτῳ,
3324 4967 3457 5020 ἀλλά
3500 4967 3715 5020 κελεύει

2143 5048 2237 5117 καὶ
2267 5063 2448 5134 μωρὸν
2477 5057 2744 5128 γενέσθαι.
2781 5055 2890 5108 Καὶ
2932 5051 3312 5134 συμϐουλεύων
3343 5052 3441 5134 ἐπὶ.
3470 5048 3714 5134 τώνλέξω

2149 5146 2222 5216 μὴ
2252 5131 2566 5208 δικάζεσθαι
2609 5139 2743 5210 μηδὲ
2769 5137 2997 5197 ἀδικεῖν,
3033 5133 3236 5206 προῖὼν
3270 5134 3358 5186 καὶ
3388 5133 3519 5216 αύτὺ
3547 5132 3606 5184 16
3633 5131 3712 5216 61-

2148 5211 2408 5290 κάζεσθαι
2453 5226 2684 5295 ἀναιρεῖ,
2715 5221 2810 5274 καὶ
2854 5216 3212 5290 συμϐουλεύει
3263 5217 3337 5286 μὴ
3381 5215 3584 5284 μόνον⁸
3622 5211 3716 5295 μὴ

2147 5311 2371 5372 ἀδικεῖν,
2405 5307 2540 5361 ἀλλά
2576 5293 2670 5360 καὶ
2708 5304 3028 5358 ἀδικεῖσθαι.
3061 5301 3169 5354 Καὶ
3202 5301 3329 5368 περὶ⁵
3362 5299 3469 5350 τῶν
3497 5293 3712 5348 είδωλοο

2149 5393 2322 5446 θύτων
2352 5390 2760 5460 διαλεγόμενος,
2789 5388 2890 5440 ούκ
2909 5380 3061 5438 εἶπεν
3086 5385 3166 5436 ὅτι
3191 5381 3298 5433 τῶν
3318 5377 3716 5460 κεκωλυμένων

2150 5473 2448 5545 ἀπέχεσθαι
2478 5473 2559 5527 δεῖ
2578 5459 2768 5542 μόνον,
2795 5467 2911 5521 ἀλλ’
2937 5469 3016 5520 61:
3041 5467 3134 5519 καὶ
3158 5464 3265 5517 τῶν
3292 5459 3714 5545 συγκεχωρημέ-

2151 5542 2433 5621 νωνξὸταν
2463 5553 2750 5609 σκάνδαλον
2779 5553 3016 5621 γίνηταιο
3042 5548 3136 5602 καὶ
3163 5548 3284 5618 οὐχὶ
3311 5547 3436 5609 τοὺς
3459 5542 3718 5612 ἀδελφοὺς

2165 5641 2323 5711 μόνον
2345 5639 2422 5709 μὴ
2442 5637 2711 5707 πλήττειν,
2731 5635 2842 5689 ἀλλ’
2854 5631 2974 5688 οὐδὲ
2990 5631 3256 5702 ’Έλληνας
3270 5629 3388 5684 οὐδὲ
3415 5625 3716 5691 Ἰουδαίους*

2227 5855 2252 5883 ⁸
2278 5855 2467 5915 Deerat,
2493 5853 2554 5914 μὴ
2578 5850 2731 5915 μόνον.
