4094 6222
421 319 529 374 213

428 430 827 498 ’Λπρόσιιοποι
877 422 986 495 γὰρ
1031 424 1288 494 γίνεσθε,
1333 424 1485 493 φησὶ,
1523 423 1621 476 καί
1675 422 1986 486 Ἰουδαίοις

415 524 515 579 καί
546 523 802 589 Ἕλλησι
830 519 930 575 καί
954 518 1029 587 τῇ
1068 517 1394 585 Ἐκκλησία
1423 516 1528 571 τοῦ
1558 516 1727 572 Θεοῦ.
1757 517 1981 587 Πληρώ-

417 638 516 680 σας
552 618 727 672 τοίνυν
753 608 967 671 ἅπαντα
995 615 1085 668 τὸν
1114 614 1243 684 περὶ
1268 614 1471 667 τούτων
1516 613 1771 668 ἁπάντων
1802 612 1981 680 λόγον,

420 714 558 784 μετὰ
585 712 758 767 ταῦτα
789 711 884 765 καὶ
917 710 1002 779 ἐφ’
1038 709 1225 780 ἕτερον
1256 708 1421 779 ἐγκλη
1431 726 1506 778 μα
1533 708 1747 780 πρόεισι
1773 706 1981 760 λοιπόν.

418 805 486 860 Τί
505 807 557 859 δὲ
571 805 735 859 τοῦτο
751 799 849 875 ἦνς
878 802 944 857 Αἰ
975 804 1072 874 μὲν
1089 806 1348 872 γυναῖκες
1363 801 1879 873 ἀνακεκαλυμμέναι
1893 800 1986 854 καὶ¹

418 903 597 972 γυμνῇ
624 903 688 970 τῇ
717 899 928 971 κεφαλῇ
961 898 1057 952 καὶ
1085 896 1314 969 ηὔχοντο
1346 897 1442 950 καὶ
1474 898 1864 967 προεφήτευον’
1892 895 1987 948 καὶ

419 997 528 1067 γὰρ
545 997 914 1067 προεφήτευον
930 991 1088 1065 [29.8]
1112 993 1228 1046 τότε
1250 995 1502 1061 γυναῖκες
1519 1008 1532 1022 ·
1547 993 1594 1045 οἱ
1614 992 1669 1045 δέ
1693 991 1878 1062 ἄνδρες
1896 989 1987 1042 καί

420 1090 648 1163 ἐκόμων,
669 1089 766 1144 ᾰτε
785 1091 843 1141 ἐν
859 1089 1147 1160 φιλοσοφίᾳ
1166 1088 1567 1158 διατρίψαντες,
1589 1085 1683 1140 καὶ
1706 1083 1989 1156 περιεϐάλ-

419 1188 571 1242 λοντο
587 1187 683 1250 τάς
703 1183 946 1255 κεφαλὰς
960 1186 1243 1257 εὐχόμενοι
1265 1184 1360 1238 καὶ
1382 1183 1833 1256 προφητεύοντες
1851 1182 1987 1252 ὅπερ

421 1284 678 1353 ἑκάτερον
716 1278 1027 1349 Ἑλληνικοῦ
1064 1283 1230 1351 νόμου
1262 1275 1353 1350 ἦν.
1394 1280 1548 1333 Ἐπεὶ
1573 1275 1666 1333 οῦν
1702 1279 1843 1348 ὑπὲρ
1865 1275 1989 1330 τού-

418 1389 525 1428 των
551 1375 651 1448 ήδη
685 1372 958 1445 παρῄνεσε
993 1374 1205 1445 παρὼν,
1239 1374 1330 1428 καὶ
1359 1374 1489 1439 ῖσως
1515 1376 1570 1427 οἰ
1600 1373 1698 1444 μὲν
1725 1374 1985 1445 ἥκουσαν,

419 1472 468 1522 οί
509 1471 567 1524 δέ
609 1470 949 1542 ἠπείθησαν,
975 1470 1063 1525 διά
1088 1470 1246 1525 τοῦτο
1290 1471 1384 1534 καὶ
1409 1469 1496 1524 διά
1532 1471 1631 1541 τῆς
1669 1467 1988 1537 Ἐπιστολῆς

422 1568 603 1632 πάλιν,
627 1566 812 1640 ῶσπερ
835 1567 998 1637 σοφὸς
1024 1567 1229 1638 ἰατρὸς,
1259 1564 1535 1622 ἐπαντλῶν
1566 1564 1644 1637 τῷ
1675 1565 1819 1635 λόγῳ
1843 1564 1987 1635 διορ-

421 1665 609 1719 οοῦται
629 1663 689 1717 :6
710 1664 1032 1735 ἁμάρτημα.
1053 1663 1177 1718 Ὅτι
1197 1661 1306 1731 γὰρ
1327 1661 1630 1733 παρῄνεσεν
1655 1660 1754 1732 ήδη
1776 1659 1986 1731 παρὼν.

420 1759 577 1831 δῆλον
606 1759 663 1827 ἐξ
685 1754 760 1814 ὧν
782 1757 1215 1829 προοιμιάζεται.
1230 1759 1387 1821 Τίνος
1408 1757 1517 1827 γὰρ
1540 1756 1724 1810 ἕνεκεν
1740 1756 1890 1809 οὐδὲν
1913 1756 1990 1808 εί-

421 1854 540 1908 πὼν
561 1855 688 1926 περὶ
712 1853 895 1906 τούτου
929 1852 1163 1923 οὑδαμοῦ
1190 1854 1288 1923 τῆς
1320 1851 1639 1921 Ἐπιστολῆς
1660 1848 1988 1922 ἔμπροσθεν,

420 1952 535 2006 ἀλλ’
560 1950 668 2005 ἀπὸ
698 1949 1055 2020 ἐγκλημάτων
1085 1948 1286 2019 ἑτέρων
1317 1947 1483 2012 ἑκὸἀς
1504 1988 1520 2013 ,
1551 1947 1752 2009 εὐθέως
1786 1945 1948 2016 φησίν
1971 1944 2003 1975 ’⁷

434 2044 689 2101 Ἐπαινῶ
725 2044 794 2099 δὲ
819 2042 993 2115 ὑμᾶς,
1027 2043 1116 2098 ὅτι
1152 2042 1349 2098 πάντα
1375 2060 1495 2112 μου
1526 2041 1856 2112 μέμνησθε,
1892 2039 1988 2094 καί

420 2142 616 2208 καθὼς
638 2140 946 2210 παρέδωκα
969 2140 1110 2209 ὑμῖν
1131 2138 1237 2205 τὰς
1257 2138 1640 2206 παραδόσεις.
1675 2137 1826 2191 οὕτω
1849 2151 1989 2188 κατ-

420 2240 624 2310 ἐχετε;
672 2238 835 2310 Ὁρᾷς
882 2237 962 2290 ὅτι
1010 2237 1059 2290 οἰ
1107 2236 1206 2306 μὲν
1239 2235 1499 2307 ήκουσαν,
1543 2232 1638 2297 οὓς
1670 2234 1904 2297 ἐπαινεῖ,
1943 2234 1990 2287 οἰ

421 2337 479 2392 δέ
504 2322 882 2408 παρήκουσαν,
915 2331 1007 2397 οὓς
1029 2329 1333 2404 διορθοῦται
1358 2330 1450 2384 διά
1474 2329 1581 2384 τῶν
1612 2328 1763 2399 ἑξῆς,
1794 2329 1989 2398 λέγων’

420 2433 485 2486 ει
510 2430 582 2486 δέ
610 2448 701 2498 τις
728 2429 900 2485 δοκεῖ
932 2428 1275 2499 φιλόνεικος
1299 2425 1474 2493 εἶναι,
1502 2427 1672 2496 ἡμεῖς
1712 2427 1994 2495 τοιαύτην

422 2527 754 2593 συνήθειαν
782 2528 893 2580 οὐκ
917 2527 1170 2594 ἐχομεν;
1193 2525 1256 2576 Εἰ
1285 2524 1395 2595 γὰρ
1432 2524 1541 2577 τῶν
1573 2524 1671 2595 μὲν
1701 2521 1996 2594 κατωρθω-

423 2623 619 2686 κότων,
651 2623 760 2675 τῶν
795 2622 852 2675 δέ
882 2620 1349 2692 παρακουσάντων
1371 2659 1383 2683 ,
1416 2619 1623 2682 πάντας
1649 2618 1885 2672 ὑπέϐαλε
1926 2620 1992 2688 τῇ

292 2734 313 2740 ·
423 2720 764 2791 κατηγορίᾳ,
811 2718 1050 2780 ἐκείνους
1088 2734 1145 2770 τε
1192 2715 1558 2788 θρασυτέρους
1596 2716 1853 2785 ἐποίησε,
1902 2715 1995 2769 καί

422 2816 645 2879 τούτους
676 2814 1078 2886 ῥᾳθυμοτέρως
1101 2812 1167 2866 ἂν
1193 2811 1504 2883 εἰργάσατο·
1534 2810 1627 2864 νῦν
1658 2810 1714 2862 δέ
1738 2810 1864 2870 τοὺς
1897 2809 1995 2879 μὲν

424 2913 717 2975 ἐπαινέσας
761 2910 856 2964 καὶ
893 2908 1325 2980 ἀποδεξάμενος,
1354 2909 1481 2970 τοὺς
1512 2906 1569 2960 δὲ
1612 2905 1866 2968 κακίσας,
1902 2905 1995 2958 καὶ

424 3006 665 3072 ἐκείνους
718 3006 918 3077 μᾶλλον
963 3004 1183 3077 ήλειψε,
1241 3003 1337 3057 καί.
1374 3001 1596 3065 τούτους
1632 3000 1995 3055 καταδύεσθαι

424 3099 857 3173 παρεσκεύασεν.
922 3099 1128 3154 Ἱκανὸν
1168 3099 1266 3169 μὲν
1305 3098 1414 3168 γὰρ
1457 3098 1550 3151 καὶ
1589 3096 1712 3151 καθ’
1747 3094 1909 3150 ἐαυτδ
1961 3096 1995 3167 ή

424 3197 731 3268 κατηγορία
768 3197 995 3268 πλῆξαι·
1027 3197 1155 3250 ὅταν
1194 3195 1250 3249 δὲ
1287 3194 1422 3266 πρὸς
1462 3194 1762 3266 παράθεσιν
1792 3192 1996 3264 ἑτέρων

427 3290 875 3364 κατωρθωκότων
904 3291 999 3346 καί
1021 3288 1520 3361 ἐγκωμιαζομένων
1548 3289 1779 3359 γίνηται,
1815 3289 1996 3359 μεῖζον

426 3386 625 3458 ἔχειτὸ
669 3386 912 3459 κέντρον.
960 3385 1122 3441 Ἀλλά
1167 3384 1303 3448 τέως
1343 3384 1443 3438 οὑκ
1489 3383 1597 3436 ἀπὸ
1642 3384 1995 3455 κατηγορίας,

427 3484 540 3537 ἀλλ’
567 3483 676 3537 άπδ
699 3482 988 3553 ἐγκωμίων
1018 3481 1265 3553 ἄρχεται,
1298 3481 1391 3533 καὶ
1409 3479 1697 3550 ἐγκωμίων
1723 3480 1994 3549 μεγάλων,

427 3579 619 3647 λέγων’
660 3577 908 3631 Ἐπαινῶ
927 3577 994 3630 δὲ
1019 3575 1175 3645 ὑμᾶς
1203 3577 1291 3628 ὅτι
1316 3573 1511 3629 πάντα
1531 3594 1648 3644 μου
1665 3576 1995 3645 μέμνησθε.

428 3675 682 3728 Τοιοῦτον
710 3674 818 3744 γὰρ
858 3672 952 3726 τοῦ
992 3672 1206 3725 Παύλου
1242 3671 1303 3725 τὸ
1329 3671 1469 3737 ἔθος,
1517 3672 1610 3726 καὶ
1656 3673 1747 3726 ἐπὶ
1783 3676 1996 3744 μικροῖς

432 3768 700 3840 μεγάλους
722 3767 975 3829 ἐπαίνους
998 3765 1233 3835 ὑφαίνει,
1256 3766 1315 3818 οὑ
1341 3765 1599 3837 κολακείᾳ
1621 3765 1778 3820 τοῦτο
1807 3767 1995 3831 ποιῶν,

433 3866 507 3936 μὴ
537 3864 766 3933 γένοιτο·
799 3863 917 3928 πῶς
960 3863 1069 3935 γὰρ
1114 3863 1143 3916 6
1183 3862 1317 3934 μηδὲ
1354 3862 1652 3933 χρημάτων
1689 3861 1993 3932 ἐφιέμενος,

434 3963 572 4034 μήτε
598 3960 777 4032 δόξης,
808 3961 944 4032 μήτε
971 3960 1130 4015 ἄλλου
1164 3957 1386 4031 μηδενὸς
1421 3957 1530 4012 τῶν
1562 3957 1849 4024 τοιούτων;
1882 3958 1998 4012 ἀλλ’

362 4124 375 4129 _
431 4057 575 4129 ὑπὲρ
605 4057 705 4128 τῆς
734 4056 1008 4129 σωτηρίας
1040 4054 1218 4110 αὐτῶν
1251 4055 1428 4109 πάντα
1456 4053 1994 4125 πραγματευόμενος.

429 4154 522 4207 Διδ
563 4153 660 4207 καί.
688 4152 904 4224 ἐπαίρει
930 4151 991 4204 :6
1037 4149 1345 4221 ἐγκώμιον,
1389 4147 1585 4216 λέγων’
1629 4147 1885 4202 Ἐπαινῶ
1931 4147 2000 4201 δὲ

429 4248 584 4319 ὑμᾶς
613 4248 701 4303 ὅτι
725 4247 920 4301 πάντα
943 4264 1062 4316 μου
1076 4245 1402 4315 μέμνησθε.
1425 4245 1563 4298 Ποῖα
1584 4243 1762 4297 πάντα
1779 4258 1795 4307 ;
1814 4243 1999 4316 ’Υπὲρ

429 4345 539 4417 γὰρ
564 4342 659 4398 τοῦ
689 4343 764 4415 μή
789 4345 964 4414 κομᾷν
997 4341 1133 4413 μηδέ
1158 4339 1669 4395 κατακαλύπτεσθαι
1699 4339 1834 4403 τέως
1858 4340 1886 4390 6
1913 4339 2000 4392 λόο

430 4444 531 4508 γος
558 4435 627 4512 ἦν
656 4440 803 4511 αὐτῷ
839 4440 1015 4511 μόνον·
1048 4436 1186 4500 ἀλλ’,
1211 4436 1348 4504 ὅπερ
1373 4434 1530 4505 ἔφην,
1562 4434 1999 4505 ἐπιδαψιλεύεται

431 4537 543 4595 τοῖς
564 4533 875 4601 ἐγκωμίοις,
894 4529 1332 4602 προθυμοτέρους
1352 4529 1540 4583 ποιῶν.
1566 4529 1656 4582 Διό
1675 4530 1998 4599 φησιν,Ὅτι

433 4625 631 4679 πάντα
653 4641 771 4693 μου
794 4623 1102 4692 μέμνησθε
1118 4664 1134 4689 ,
1168 4622 1266 4676 καί
1296 4622 1492 4689 καθὼς
1522 4621 1831 4690 παρέδωκα
1857 4620 2001 4690 ὑμῖν

433 4725 539 4790 τὰς
567 4719 949 4790 παραδόσεις,
966 4718 1118 4772 οὕτω
1143 4716 1442 4786 κατέχετε.
1465 4719 1606 4788 Ἀρα
1623 4716 1716 4771 καὶ
1733 4714 2000 4787 ἀγράφως

434 4819 602 4873 πολλὰ
628 4816 911 4890 παρεδίδου
933 4814 1076 4880 τότε,
1103 4813 1132 4868 6
1153 4812 1248 4868 καὶ
1277 4811 1512 4883 ἀλλαχοῦ
1538 4810 1806 4881 πολλαχοῦ
1828 4811 1995 4883 δηλοῖο

433 4915 570 4969 άλλά
592 4916 713 4968 τότε
744 4914 840 4985 μέν
860 4913 1143 4987 παρέδωκε
1166 4912 1348 4985 μόνον,
1372 4910 1466 4965 νῦν
1482 4909 1538 4963 δέ
1559 4909 1652 4963 καὶ
1670 4909 1999 4978 αἰτιολογίαν

434 5012 668 5081 τίθησιν.
708 5009 865 5063 Οῦτω
897 5011 1005 5080 γάρ
1036 5014 1130 5064 καὶ
1157 5010 1379 5073 τούτους
1410 5007 1789 5081 ἰσχυροτέρους
1826 5007 1999 5062 ἐποίει

434 5108 559 5172 τοὺς
582 5104 898 5169 ἀκούοντας,
926 5105 1020 5158 καὶ
1044 5106 1266 5158 ἐκείνων
1286 5104 1533 5158 κατέσπα
1552 5104 1613 5157 :6
1636 5103 1864 5174 φύσημα
1891 5103 2000 5156 τῶν

434 5200 877 5273 ἐναντιουμένων.
918 5197 1051 5253 Εἶτα
1083 5200 1143 5252 οὐ
1177 5198 1323 5266 λέγει
1365 5201 1468 5266 ὅτι,
1513 5202 1703 5273 Ὑμεῖς
1752 5201 1853 5273 μέν
1899 5203 2000 5256 ὑπ-

442 5298 725 5371 ηκούσατε,
754 5297 929 5368 ἐτεροι
946 5296 1003 5350 δέ
1025 5296 1400 5367 παρήκουσαν,
1431 5295 1567 5349 ἀλλά
1585 5298 1908 5362 ἀνυπόπτως
1937 5300 2000 5350 ἑκ

438 5397 533 5465 τῆς
559 5392 906 5456 διδασκαλίας
938 5391 1069 5446 αὐτὸ
1097 5390 1388 5445 αἰνίττεται
1423 5390 1511 5445 διὰ
1539 5390 1646 5445 τῶν
1686 5392 1833 5463 ἑξῆς,
1859 5391 2000 5446 οῦτω

437 5492 632 5560 λέγων’
689 5492 850 5545 Θέλω
880 5488 950 5544 δὲ
975 5488 1130 5560 ὑμᾶς
1160 5486 1379 5543 ειδέναι
1409 5487 1500 5543 ὅτι
1527 5488 1753 5554 παντὸς
1781 5486 2001 5555 ἀνδρὸς

435 5588 472 5653 ἡ
502 5586 733 5656 κεφαλὴ
771 5590 803 5641 ὁ
829 5588 1079 5656 Χριστός
1104 5587 1254 5642 ἐστι*
1286 5584 1522 5658 κεφαλὴ
1552 5584 1620 5638 δὲ
1657 5583 1939 5654 γυναικὸς
1968 5586 2001 5636 ό

435 5681 608 5750 ἀνήρ’
636 5681 866 5749 κεφαλὴ
884 5681 951 5735 δὲ
976 5680 1230 5751 Χριστοῦ
1252 5684 1285 5734 ὁ
1311 5680 1472 5746 Θεός.
1505 5680 1570 5732 Ἦ
1595 5681 1693 5750 μὶν
1706 5677 1999 5744 αἰτιολογία

436 5776 600 5851 αῦττγ
628 5776 807 5849 τίθησι
826 5776 881 5831 δὲ
910 5777 1098 5849 αὐτὴν,
1121 5777 1245 5840 τοὺς
1269 5773 1686 5844 ἀσθενεστέρους
1709 5788 1996 5845 προσεκτιο

1265 311 1321 367 S.
1360 309 1647 367 JOANNIS
1678 307 2168 366 ειιιινιεοετοιιι
2205 310 2524 367 ARCHIEP.
2564 308 3115 372 CONSTANTINOP.

3540 309 3643 368 2H

2093 421 2363 494 κωτέρους
2389 424 2576 479 ποιῶν.
2616 423 2677 479 '0
2700 424 2800 495 μὲν
2826 420 2919 480 οῦν
2948 424 3156 488 πιστὸς,
3179 425 3259 488 ὡς
3284 423 3412 495 χρὴ,
3434 427 3529 480 καὶ
3555 429 3651 497 ἐῤ-

2097 517 2337 588 ρωμένος
2369 518 2486 573 οὑδὲ
2523 519 2691 573 δεῖται
2716 520 2876 588 λόγου
2912 518 3037 573 οὐδὲ
3063 519 3263 582 αἰτίας,
3297 518 3439 591 ὑπὲρ
3479 513 3556 574 ὧν
3579 524 3652 576 ἂν

2093 611 2364 685 ἐπιταχθῇ
2387 652 2402 677 ,
2435 614 2547 667 ἀλλ’
2585 615 2834 686 ἀρκεῖται
2871 618 2941 686 τῇ
2982 616 3275 685 παραδόσει
3315 615 3482 689 μόνῃο
3523 619 3553 671 6
3593 618 3653 673 δέ

2094 707 2498 781 ἀσθενέστερος,
2528 711 2657 765 ὅταν
2704 711 2799 764 καὶ
2840 711 2938 781 τὴν
2976 709 3154 764 αἰτίαν
3193 710 3357 784 μάθῃ,
3384 711 3506 765 τότε
3557 712 3654 766 καὶ

2098 802 2238 873 μετὰ
2270 803 2513 870 πλείονος
2542 806 2639 877 τῆς
2672 805 2906 878 σπουδῆς
2935 804 3152 875 κατέχει
3176 803 3322 877 [229]
3352 805 3411 860 :6
3440 806 3652 878 λεχθὲν,

2096 900 2192 954 καὶ
2224 901 2363 971 μετά
2393 901 2590 973 πολλῆς
2621 901 2878 956 ὑπακούει
2918 903 3016 971 τῆς
3047 901 3376 974 προθυμίας.

2164 995 2237 1066 β’.
2258 996 2456 1067 Διόπερ
2478 996 2598 1050 ούδέ
2615 992 2736 1051 εἷπε
2760 996 2857 1068 τὴν
2881 997 3078 1063 αἰτίαν,
3105 997 3209 1061 ἓως
3233 998 3358 1051 ὅτου
3380 998 3651 1068 παρασαιο

2095 1091 2325 1163 νομένην
2361 1087 2468 1145 εἶδε
2500 1091 2599 1164 τὴν
2634 1091 2869 1164 ἐντολήν.
2905 1091 3001 1155 Τίς
3027 1086 3120 1145 οὖν
3146 1093 3180 1163 ή
3209 1092 3390 1159 αἰτίας
3424 1093 3656 1161 Παντὸς

2095 1188 2315 1257 ἀνδρὸς
2353 1190 2392 1257 ἠ
2428 1188 2663 1258 κεφαλή
2695 1192 2729 1243 ό
2768 1189 3022 1258 Χριστός
3055 1188 3245 1243 ἐστιν.
3285 1184 3414 1261 'Ap'
3441 1183 3531 1243 οῦν
3559 1190 3655 1243 καὶ

2094 1284 2188 1338 τοῦ
2239 1283 2531 1355 Ἕλληνοςς
2579 1283 2864 1356 Οὐδαμῶς.
2912 1284 2975 1337 Εἰ
3009 1281 3116 1354 γὰρ
3160 1283 3320 1355 σῶμά
3351 1285 3516 1356 ἐσμεν
3559 1280 3653 1338 τοῦ

2096 1377 2332 1450 Χριστοῦ
2359 1380 2452 1434 καὶ
2475 1377 2612 1451 μέλη
2633 1381 2697 1433 ἐκ
2723 1379 2942 1451 μέρους,
2971 1379 3254 1451 καὶταύτῃ
3278 1380 3477 1444 ἐκεῖνος
3498 1382 3532 1451 ή
3540 1377 3659 1451 μῶν

2097 1474 2334 1545 κεφαλή,
2361 1472 2470 1527 τῶν
2498 1475 2602 1529 οὑκ
2628 1474 2794 1527 ὅντων
2827 1475 2885 1527 ἐν
2913 1475 2991 1546 τῷ
3026 1474 3237 1547 σώματι
3263 1475 3383 1530 οὑδέ
3414 1475 3491 1539 εἰς
3521 1472 3657 1547 μέλη

2095 1567 2394 1622 τελούντων
2420 1568 2521 1622 οὐκ
2545 1565 2611 1621 ἃν
2636 1568 2719 1639 εἴη
2752 1569 2983 1641 κεφαλή*
3011 1569 3153 1624 ὥστε
3176 1571 3302 1625 ὃταν
3327 1570 3477 1641 εῐπῃ.
3501 1573 3660 1624 Παν-

2095 1664 2219 1731 τὸς,
2244 1663 2338 1718 τοῦ
2373 1665 2564 1719 πιστοῦ
2594 1664 2676 1719 δεῖ
2701 1664 3159 1736 προσυπακούειν.
3202 1662 3355 1729 Εἶδες
3384 1666 3505 1730 πῶς
3532 1683 3661 1723 παν·

2095 1760 2262 1832 ταχοῦ
2276 1761 2481 1816 ἄνωθεν
2499 1762 2751 1834 ἐντρέπει
2767 1763 2857 1818 τὸν
2870 1765 3149 1836 ἀκροατήν
3165 1764 3304 1827 ςΚαὶ
3314 1763 3422 1834 γὰρ
3431 1763 3519 1816 ὅτε
3530 1780 3596 1817 πε
3603 1763 3661 1835 ρὶ

2098 1857 2318 1927 ἀγάπης
2340 1857 2633 1925 διελέγετο,
2657 1859 2744 1912 καἰ
2769 1861 2858 1913 ὅτε
2880 1860 3008 1930 περὶ
3033 1857 3548 1930 ταπεινοφροσύνης,
3565 1858 3661 1912 καὶ

2098 1953 2186 2007 ὅτε
2211 1969 2277 2005 πε
2282 1953 2337 2024 ρῖ
2356 1952 2478 2023 ἐλεη
2487 1952 2742 2024 μοσύνης,
2756 1953 2965 2010 ἐκεῖθεν
2977 1949 3125 2009 εἷλκε
3138 1955 3206 2009 τά
3218 1953 3661 2025 παραδείγματα.

2099 2046 2345 2116 Κεφαλὴ
2368 2047 2438 2101 δὲ
2455 2047 2740 2117 γυναικὸς
2762 2052 2794 2103 ό
2809 2049 2983 2119 ἀνήρ’
3003 2048 3238 2119 κεφαλὴ
3260 2047 3329 2102 δὲ
3349 2047 3605 2116 Χριστοῦ
3632 2051 3665 2102 ὁ

2103 2143 2266 2209 Θεός.
2304 2142 2567 2197 Ἐνταῦθα
2586 2144 2924 2213 ἐπιπηδῶσιν
2936 2146 3065 2216 ήμῖν
3079 2147 3128 2197 οἰ
3143 2142 3409 2216 αἰρετικοὶ
3424 2141 3663 2195 ἐλάττω-

2103 2241 2186 2296 σίν
2213 2258 2334 2295 τινα
2361 2242 2426 2295 ἐκ
2456 2241 2561 2296 τῶν
2584 2242 2885 2314 εἰρημένων
2916 2241 3252 2304 ἐπινοοῦντες
3275 2239 3352 2309 τῷ
3384 2238 3518 2310 Υἰῴ·
3548 2239 3666 2292 ἀλλ’

2102 2339 2310 2401 ἑαυτοῖς
2350 2337 2786 2409 περιπίπτουσιν.
2830 2337 2894 2391 Εἰ
2938 2337 3046 2408 γὰρ
3078 2335 3288 2406 κεφαλὴ
3332 2333 3589 2404 γυναικὸς
3638 2336 3667 2387 6

2101 2432 2259 2502 ἀνὴρ,
2290 2431 2571 2502 όμοούσιος
2603 2434 2659 2487 δὲ
2691 2435 2725 2503 ή
2762 2431 2972 2501 κεφαλή
2990 2431 3068 2501 τῷ
3107 2429 3339 2501 σώματι,
3370 2428 3581 2500 κεφαλή
3607 2430 3666 2483 δέ

2101 2528 2195 2582 τοῦ
2216 2528 2449 2599 Χριστοῦ
2469 2529 2497 2580 6
2519 2528 2669 2593 Θεὸς,
2688 2528 2970 2600 όμοούσιος
2992 2530 3020 2581 ό
3045 2527 3172 2592 Υἱὸς
3192 2530 3271 2597 τῷ
3295 2527 3492 2598 Πατρί.
3527 2526 3665 2579 ‘AL.’

2101 2626 2162 2680 οὐ
2184 2624 2245 2679 :6
2270 2624 2603 2696 ἐτεροούσιον
2630 2624 2874 2679 ἐντεῦθεν
2899 2622 3175 2689 ἀποδεῖξαι
3205 2622 3526 2695 βουλόμεθα,
3553 2621 3667 2676 ἀλλ’

2102 2723 2182 2776 ὅτι
2224 2721 2469 2792 ἄρχεται,
2513 2720 2666 2791 φησί.
2699 2718 2763 2772 Τί
2798 2717 2891 2773 οῦν
2936 2719 3071 2790 πρὸς
3099 2718 3256 2773 τοῦτο
3286 2718 3536 2789 είποιμεν
3567 2717 3666 2782 άνς

2106 2818 2226 2870 Ὅτι
2257 2815 2489 2885 μάλιστα
2515 2814 2634 2885 μὲν,
2656 2815 2783 2868 ὅταν
2809 2830 2861 2867 τι
2887 2813 3138 2867 ταπεινὸν
3166 2814 3390 2885 λέγηται
3412 2813 3553 2885 μετά
3572 2813 3666 2882 τῆς

2106 2910 2306 2982 σαρκὸς
2341 2910 2493 2970 δντος
2518 2907 2703 2973 αὑτοῦ,
2745 2908 2843 2961 οὐκ
2873 2908 3118 2962 εὐτέλεια
3142 2909 3241 2979 τῆς
3269 2908 3522 2979 θεότητός
3554 2909 3666 2961 ἐστι

2105 3007 2166 3062 τὸ
2188 3006 2495 3077 λεγόμενον,
2536 3003 2636 3074 τῆς
2667 3003 2979 3073 οἰκονομίας
3010 3002 3307 3073 δεχομένης
3348 3004 3409 3056 :6
3456 3001 3666 3073 λεχθέν.

2106 3101 2250 3173 Πλὴν
2281 3100 2397 3156 ἀλλ’
2463 3100 2606 3166 εἰπὲ,
2640 3097 2758 3161 πῶς
2778 3097 2936 3151 τοῦτο
2967 3097 3145 3168 βούλει
3179 3099 3244 3151 ἐκ
3273 3098 3462 3153 τούτου
3502 3113 3673 3151 κατα·

2107 3199 2366 3252 σκευάσαι
2389 3195 2510 3261 νῦν;
2526 3196 2648 3248 Ὀτι
2670 3193 2860 3266 ὥσπερ
2881 3197 2909 3248 6
2931 3194 3067 3266 ἀνὴρ
3089 3193 3245 3265 ἄρχει
3269 3201 3370 3268 τῆς
3388 3194 3669 3264 γυναικὸς,

2107 3294 2291 3366 φησὶν,
2329 3292 2471 3346 οὕτω
2502 3291 2598 3346 καὶ
2632 3292 2660 3345 6
2687 3291 2871 3362 Πατὴρ
2911 3291 3004 3344 τοῦ
3048 3289 3302 3361 Χριστοῦ.
3336 3289 3543 3343 υὺκοῦν
3574 3289 3673 3343 καί⁸

2106 3392 2292 3460 ῶσπερ
2320 3391 2347 3442 6
2376 3387 2609 3457 Χριστὸς
2638 3386 2730 3440 τοῦ
2766 3387 2977 3459 ἀνδρὸς,
3009 3386 3154 3440 οὕτω
3181 3387 3274 3439 καὶ
3300 3387 3329 3437 6
3357 3384 3548 3454 Πατὴρ
3574 3381 3672 3435 τοῦ

2107 3487 2272 3541 Υίοῦο
2320 3484 2551 3551 Παντὸς
2592 3483 2700 3556 γὰρ
2746 3482 2985 3552 ἀνδρὸς,
3032 3483 3218 3554 φησὶν,
3268 3483 3306 3549 ή
3360 3479 3594 3550 κεφαλὴ
3638 3482 3673 3533 ό

2107 3582 2361 3653 Χριστός
2396 3581 2545 3634 ἐστι.
2582 3581 2691 3633 Καὶ
2716 3581 2798 3644 τίς
2829 3581 2894 3635 ἂν
2921 3581 3092 3635 ταῦτα
3126 3578 3481 3646 καταδέξαιτό
3508 3593 3672 3641 ποτε;

2107 3683 2170 3735 Εἰ
2196 3680 2303 3752 γάρ
2331 3679 2454 3731 ὅσον
2477 3677 2537 3730 τὸ
2561 3677 2824 3748 ὑπερέχον
2856 3678 2947 3731 τοῦ
2973 3677 3104 3731 Υἰοῦ
3130 3678 3263 3749 πρὸς
3290 3677 3457 3747 ἡμᾶς,
3481 3673 3674 3727 τοσοῦ-

2105 3795 2196 3830 τον
2245 3775 2336 3831 τοῦ
2380 3774 2593 3844 Πατρὸς
2641 3773 2775 3840 πρὸς
2807 3770 2899 3826 τὸν
2932 3772 3058 3826 Υἱδν
3080 3812 3095 3837 ,
3131 3772 3379 3842 ἐννόησον
3408 3772 3488 3833 είς
3535 3769 3672 3839 ὅσην

2107 3872 2269 3928 αὑτὸν
2301 3872 2449 3936 ἄξεις
2488 3868 2584 3941 τὴν
2621 3867 2915 3922 εὐτέλειαν.
2949 3868 3111 3921 Ὥστε
3147 3867 3208 3921 οὑ
3258 3866 3431 3921 πάντα
3462 3865 3670 3936 ὁμοίως

2109 3968 2416 4034 ἐξεταστέον
2452 3966 2535 4036 ἐφ’
2576 3964 2730 4035 ήμῶν
2767 3965 2859 4018 καί
2897 3964 2986 4016 ἐπὶ
3010 3963 3103 4017 τοῦ
3140 3962 3298 4027 Θεοῦ,
3334 3963 3437 4017 κᾶν
3471 3962 3671 4034 ὁμοίως

2107 4064 2353 4133 λέγηται·
2393 4062 2508 4115 ἀλλ’
2539 4059 2911 4129 ἀπονεμητέον
2941 4060 3021 4129 τῷ
3055 4057 3173 4129 Θεῷ
3213 4075 3332 4112 τινα
3364 4056 3673 4122 ἰδιάζουσαν

2109 4157 2401 4229 ὑπεροχὴν,
2436 4157 2531 4211 καὶ
2571 4153 2837 4226 τοσαύτην
2862 4154 2994 4223 ὅσην
3017 4152 3152 4223 Θεῷ.
3179 4152 3244 4206 Εἰ
3272 4151 3378 4223 γάρ
3409 4152 3484 4224 μὴ
3515 4150 3672 4205 τοῦτο

2111 4253 2546 4325 συγχωρήσαιεν,
2580 4248 2750 4305 πολλά
2792 4249 2978 4318 ἕψεται
3006 4247 3075 4301 τά
3102 4247 3298 4301 ἄτοπα.
3336 4247 3536 4300 Σκόπει
3570 4244 3666 4299 δέ·

2108 4349 2335 4421 Κεφαλὴ
2372 4347 2467 4402 τοῦ
2504 4343 2741 4419 Χριστοῦ
2784 4347 2815 4399 6
2852 4344 3001 4411 Θεὸς,
3034 4336 3189 4408 οὗτος
3222 4342 3280 4398 δέ
3331 4340 3425 4396 τοῦ
3457 4340 3668 4412 ἀνδρὸς,

2107 4449 2360 4510 κάκεῖνος
2377 4445 2478 4515 τῆς
2506 4443 2780 4512 γυναικός.
2804 4440 3009 4495 Οὐκοῦν
3039 4442 3088 4494 εἰ
3117 4439 3208 4493 ἐπὶ
3233 4439 3450 4493 πάντων
3473 4435 3671 4509 ὁμοίως

2108 4540 2430 4610 ἐκλάσοιμεν
2485 4537 2584 4609 τὴν
2634 4535 2909 4608 κεφαλὴν,
2959 4534 3211 4590 τοσοῦτον
3267 4535 3420 4589 ἔσται
3475 4534 3504 4586 6
3547 4532 3671 4595 Υἱὸς

2108 4631 2433 4707 ἀφεστηκὼς
2457 4633 2552 4686 τοῦ
2577 4633 2808 4707 Πατρδς,
2835 4634 2956 4687 ὅσον
2986 4634 3141 4705 ἡμεῖς
3164 4616 3349 4685 αὑτοῦ.
3392 4628 3557 4683 Ἀλλά
3579 4628 3669 4683 καὶ

2108 4735 2143 4801 ἡ
2172 4730 2308 4803 γυνὴ
2335 4728 2587 4784 τοσοῦτον
2627 4730 2784 4800 ήμῶν
2808 4731 3176 4801 ἀποστήσεται
3198 4770 3214 4795 ,
3243 4728 3367 4783 ὅσον
3392 4728 3553 4799 ἡμεῖς
3579 4724 3672 4779 τοῦ

2108 4827 2242 4883 Θεοῦ
2274 4826 2447 4895 Λόγου
2473 4842 2487 4858 ο
2519 4825 2615 4880 καὶ
2633 4825 2770 4894 ὅπερ
2796 4825 2942 4878 ἐστὶν
2962 4826 2990 4878 6
3010 4823 3138 4888 Υἰδς
3165 4824 3300 4896 πρὸς
3319 4823 3409 4877 τδν
3432 4820 3673 4894 Πατέρα,

2108 4923 2267 4978 τοῦτο
2291 4924 2385 4977 καὶ
2416 4924 2575 4993 ήμεῖς
2608 4919 2742 4994 πρὸς
2771 4920 2862 4973 τὸν
2886 4919 3033 4985 Υἰδν,
3058 4920 3153 4975 καὶ
3186 4921 3220 4991 ή
3252 4919 3389 4988 γυνὴ
3424 4917 3558 4989 πρὸς
3583 4917 3673 4970 τὸν

2109 5020 2279 5092 ἄνδρα
2307 5018 2487 5073 πάλιν.
2517 5017 2625 5070 Καὶ
2652 5014 2735 5081 τίς
2767 5016 2939 5070 ταῦτα
2970 5015 3250 5083 ἀνέξεταις
3293 5014 3435 5069 Ἀλλ’
3474 5014 3674 5085 ἑτέρως

2109 5102 2472 5174 ἐκλαμϐάνεις
2507 5101 2597 5153 ἐπὶ
2635 5100 2891 5169 γυναικὸς
2920 5100 3016 5153 καὶ
3046 5100 3239 5172 ἀνδρὸς
3279 5100 3377 5171 τὴν
3408 5098 3675 5168 κεφαλὴν,

2110 5198 2207 5252 καὶ
2233 5198 2332 5267 οὑχ
2361 5196 2436 5261 ὡς
2478 5195 2573 5249 ἐπὶ
2612 5195 2703 5248 τοῦ
2748 5193 3021 5264 Χριστοῦ;
3055 5193 3263 5248 Οὐκοῦν
3305 5193 3402 5248 καὶ
3443 5192 3539 5247 ἐπὶ
3582 5189 3677 5244 τοῦ

2112 5288 2238 5344 Υἰοῦ
2270 5289 2366 5342 καὶ
2404 5289 2500 5341 τοῦ
2532 5286 2744 5359 Πατρδς
2788 5286 2988 5359 ἑτέρως
3028 5287 3329 5359 ἑκληπτέον
3368 5287 3521 5358 ἡμῖν.
3566 5284 3675 5338 Καὶ

2110 5386 2227 5449 πῶς
2259 5384 2458 5453 ἑτέρως
2493 5373 2825 5454 ἐκληπτέονς
2861 5381 3011 5453 φησί.
3045 5381 3203 5438 Κατά
3229 5382 3291 5436 :6
3329 5381 3521 5436 αἴτιον.
3564 5378 3676 5432 Καὶ

2111 5479 2218 5550 γάρ
2243 5479 2402 5549 εῖπερ
2431 5477 2603 5549 ἀρχὴν
2628 5476 2809 5549 ἐζήτει
2837 5480 3012 5534 εἰπεῖν
3037 5479 3132 5533 καὶ
3161 5477 3441 5548 ὑποταγὴν
3465 5477 3496 5531 6
3526 5471 3676 5530 Παῦ-

2108 5577 2218 5641 λος.
2247 5576 2323 5639 ὡς
2352 5576 2416 5628 σὺ
2443 5574 2567 5645 φὴς,
2592 5575 2692 5628 οὑκ
2710 5573 2777 5629 ἂν
2796 5579 3027 5646 γυναῖκα
3047 5580 3363 5647 παρήγαγεν
3383 5577 3461 5637 εἰς
3485 5572 3674 5644 μέσον,

2108 5671 2242 5729 ἀλλά
2267 5670 2450 5725 δοῦλον
2481 5671 2682 5743 μᾶλλον
2712 5673 2805 5727 καί
2826 5673 3111 5747 δεσπότην.
3141 5673 3204 5728 Εἰ
3227 5672 3336 5746 γάρ
3356 5672 3452 5725 καὶ
3479 5663 3675 5722 ὑποτέ-

2108 5777 2304 5827 τακται
2334 5771 2465 5842 ήμίν
2498 5771 2529 5841 ﬂ
2554 5771 2711 5843 γυνή,
2742 5771 2855 5826 ἀλλ’
2882 5773 2956 5838 ὡς
2982 5773 3138 5845 γυνὴ,
3174 5771 3288 5827 ἀλλ’
3314 5772 3388 5835 ὡς
3414 5761 3669 5833 ἐλευθὲρα
