4094 6222
347 338 461 393 ⁸213

345 457 582 522 Ideoque
608 449 880 520 subjunin
906 464 919 504 :
954 446 1248 521 Cleri/irate
1272 446 1433 501 Deum
1454 447 1507 502 in
1529 462 1741 519 corpore
1759 455 1925 500 vestro

341 557 392 601 et
428 544 616 613 spiritu
643 554 808 596 vestro
846 541 925 610 (1.
949 537 1068 595 Cor.
1100 540 1154 595 6.
1179 539 1290 600 20).
1340 538 1408 593 Et
1446 552 1632 593 rursus
1672 552 1794 591 cum
1833 536 1928 591 di-

344 640 516 693 sisset
546 650 653 690 non
677 643 929 703 oportere
954 632 1246 700 sapientem
1266 644 1385 685 esse
1405 640 1624 685 externa
1642 630 1924 698 sapientia,

342 747 452 786 non
493 731 599 784 hoc
631 735 917 782 contentus
953 734 1056 790 est,
1096 724 1189 778 sed
1230 723 1381 793 jubet
1421 723 1640 778 stultum
1682 722 1818 777 fieri.
1862 721 1929 775 Et

340 838 466 878 cum
496 823 589 875 dat
627 818 913 873 consilium
955 831 1059 870 non
1085 815 1287 883 judicio
1316 812 1756 870 contendendum
1806 828 1927 867 esse

339 913 483 983 apud
535 920 815 973 externos,
864 922 1037 970 neque
1083 907 1329 977 injuriam
1385 921 1509 961 esse
1561 903 1926 970 inferendam;

342 1019 664 1077 progressus
714 1003 875 1057 etiam
918 999 1121 1071 judicio
1176 998 1505 1053 contendere
1555 998 1821 1067 prohibet,
1872 1005 1929 1052 et

336 1099 625 1154 consilium
666 1096 757 1149 dat
779 1103 834 1147 ut
872 1109 977 1147 non
1011 1091 1173 1146 modo
1207 1105 1311 1146 nun
1335 1091 1579 1160 injuriam
1614 1089 1922 1156 inferamus,

336 1192 432 1246 sed
457 1200 516 1245 nt
538 1190 784 1257 injuriam
812 1187 1092 1256 patiamur.
1118 1185 1184 1240 Et
1205 1184 1273 1239 de
1296 1184 1603 1255 idolothytis
1625 1183 1921 1247 disserens,

338 1298 446 1336 non
489 1281 626 1335 dixit
655 1278 815 1333 modo
842 1294 872 1329 a
898 1276 1182 1346 prohibitis
1221 1275 1490 1330 abstinere
1524 1283 1795 1343 oportere.
1828 1274 1923 1328 sed

336 1377 504 1431 etiam
552 1388 581 1427 a
630 1371 925 1435 concessis,
973 1368 1187 1439 quando
1235 1383 1321 1424 res
1363 1367 1690 1423 offendicqu
1733 1367 1919 1431 fuerit;

338 1482 515 1539 neque
539 1464 702 1520 modo
729 1480 835 1518 non
857 1461 1206 1516 olIendendos
1231 1474 1350 1516 esse
1375 1459 1587 1521 fratres,
1614 1476 1799 1514 verum
1824 1474 1923 1514 nec

336 1561 559 1615 Gnrcos
584 1572 682 1611 nec
718 1555 969 1621 Judzeos;
1002 1554 1128 1610 Sine
1151 1552 1447 1621 o/fensione,
1482 1553 1670 1623 inquit,
1698 1562 1853 1606 estote
1877 1560 1921 1606 et

334 1650 536 1704 Judwis
567 1659 613 1702 et
661 1648 853 1702 Graecis
880 1658 926 1700 et
959 1645 1207 1700 Ecclesite
1253 1645 1364 1701 Dei.
1393 1644 1526 1700 Cum
1572 1661 1700 1716 ergo
1740 1645 1807 1699 de
1837 1645 1920 1700 his

336 1744 590 1797 omnibus
633 1741 931 1793 orationem
973 1738 1310 1802 absolvisset,
1354 1737 1611 1807 deinceps
1662 1737 1729 1791 ad
1775 1736 1918 1791 aliud

335 1838 541 1892 crimen
584 1833 848 1905 procedit.
889 1831 1165 1898 Quodnam
1195 1831 1322 1885 illud
1359 1831 1513 1885 erat?
1552 1831 1919 1885 Mnlieresde-

338 1937 494 1982 tecta:
520 1936 578 1982 et
624 1924 768 1979 nudo
811 1925 986 1993 capite
1029 1931 1083 1977 et
1129 1921 1357 1977 orabant
1400 1931 1455 1976 et
1494 1923 1915 1992 prophetahant;

336 2031 464 2075 tunc
486 2020 632 2074 enim
666 2016 1051 2088 prophetabant
1075 2016 1357 2071 mulieres:
1384 2016 1483 2070 viri
1509 2024 1684 2069 autem
1708 2031 1915 2070 comam

334 2113 576 2175 alebant,
621 2120 807 2176 utpote
842 2109 932 2178 qui
972 2109 1022 2161 in
1067 2107 1402 2178 philosophia
1458 2117 1823 2173 versarentur,
1864 2116 1918 2161 et

335 2205 592 2272 tegebant
614 2210 772 2270 caput
792 2211 1008 2254 orantes
1028 2210 1079 2253 et
1101 2198 1516 2269 prophetantes;
1542 2199 1681 2268 quod
1711 2208 1916 2253 utrum-

331 2310 441 2366 que
462 2296 598 2364 legis
640 2293 946 2348 Cra-corum
970 2300 1104 2348 erat.
1146 2291 1278 2360 Quia
1301 2307 1430 2361 ergo
1457 2291 1524 2345 de
1550 2290 1633 2345 his
1672 2291 1918 2346 omnilms

331 2405 449 2449 eos,
503 2402 628 2440 cum
668 2387 901 2450 adesset,
949 2385 1248 2447 admonuit;
1285 2393 1338 2438 et
1379 2384 1619 2436 fortassis
1663 2383 1750 2437 alii
1799 2384 1917 2454 qui-

330 2479 455 2533 dem
478 2470 777 2541 audierant,
803 2477 892 2531 alii
917 2492 1021 2530 nnn
1042 2488 1325 2545 paruerunt
1345 2494 1359 2530 :
1383 2476 1505 2531 ideo
1527 2492 1619 2546 per
1636 2477 1914 2546 epistolam

330 2585 545 2631 rursus.
596 2577 654 2623 ut
691 2569 907 2635 sapiens
944 2568 1200 2630 medicus,
1239 2568 1398 2622 verba
1442 2568 1751 2632 infundens,
1787 2584 1912 2638 pec-

328 2674 513 2716 catum
559 2661 796 2729 corrigit.
840 2660 970 2714 Nam
1015 2661 1152 2729 quod
1176 2674 1271 2715 eos
1306 2659 1414 2729 jam
1437 2675 1558 2713 cum
1580 2659 1793 2714 adesset
1816 2659 1909 2713 ad-

331 2754 626 2816 monuerit,
653 2753 824 2821 palam
850 2761 933 2805 est
957 2766 1023 2806 ex
1042 2752 1104 2804 iis
1131 2767 1250 2820 qua:
1274 2750 1323 2804 in
1350 2750 1610 2820 prooemio
1634 2749 1782 2804 dicit.
1803 2750 1915 2805 Cur

328 2846 479 2900 enim
501 2859 622 2899 cum
652 2844 780 2896 nihil
813 2844 910 2897 hac
934 2841 1001 2896 de
1025 2858 1083 2897 re
1104 2842 1324 2896 dixisset
1343 2859 1564 2913 usquam
1589 2844 1640 2897 in
1660 2844 1910 2914 cpistola,

329 2937 427 2992 sed
469 2937 542 2990 ab
579 2936 699 2990 aliis
726 2935 1040 2990 criminibus
1070 2936 1305 2990 invectus
1326 2947 1490 3003 esset,
1532 2938 1711 2992 statim
1750 2937 1911 2993 dicit:

327 3029 514 3084 Laudo
544 3041 712 3083 autem
739 3046 855 3096 ros,
886 3031 1019 3097 quod
1046 3047 1136 3099 per
1169 3032 1339 3084 omnia
1366 3032 1464 3086 mei
1492 3049 1735 3088 memores
1762 3036 1908 3099 estis,

329 3136 378 3176 et
411 3123 547 3176 sicut
590 3122 780 3174 tradidi
819 3122 956 3175 vobis
989 3121 1308 3188 traditiones,
1349 3123 1421 3176 ita
1459 3125 1670 3178 tenetis?
1727 3124 1912 3180 Vidcn'

329 3215 604 3286 quomodo
648 3215 736 3268 alii
789 3214 1004 3284 quidem
1049 3214 1334 3279 audierint,
1384 3209 1519 3286 quos
1572 3217 1781 3284 laudat;
1821 3218 1911 3273 alii

330 3326 439 3363 non
470 3307 758 3370 audierint,
788 3322 925 3376 quos
963 3307 1185 3377 corrigit
1216 3323 1309 3376 per
1348 3309 1648 3379 sequentia.
1690 3310 1907 3366 dicens:

331 3399 392 3453 Si
422 3415 536 3468 quis
558 3409 724 3451 autem
745 3398 940 3451 videtur
962 3414 1070 3452 esse
1092 3401 1450 3466 eonteutiosus,
1486 3417 1578 3455 nos
1608 3402 1760 3456 talem
1786 3419 1910 3456 con-

326 3489 647 3543 sttetudinem
674 3505 775 3543 non
795 3489 1034 3544 habemus
1057 3488 1133 3561 (l.
1164 3488 1283 3544 Cor.
1310 3492 1396 3546 Η.
1425 3491 1552 3561 16)?
1574 3492 1706 3547 Nam
1730 3494 1773 3549 si
1791 3495 1910 3550 aliis

329 3591 478 3636 recte
505 3580 803 3653 agentibus,
831 3580 953 3635 aliis
974 3595 1078 3636 non
1104 3582 1464 3649 audientibus,
1497 3599 1685 3640 omnes
1717 3585 1768 3640 in
1799 3588 1911 3641 ειὶσ

328 3687 456 3727 men
483 3681 747 3736 vocasset,
788 3671 909 3727 illos
936 3672 1270 3740 audaciores,
1300 3673 1398 3729 hos
1424 3677 1699 3746 segniores
1730 3679 1908 3733 reddi-

328 3763 528 3818 disset:
559 3777 700 3819 nunc
724 3773 902 3818 autem
928 3762 1062 3818 alios
1082 3764 1307 3820 laudans
1330 3774 1385 3820 et
1409 3779 1660 3838 acceptos
1682 3768 1905 3835 habens,

328 3856 467 3910 alios
489 3855 800 3925 objurgans,
829 3863 885 3911 et
921 3855 1042 3911 illos
1071 3856 1241 3927 magis
1279 3858 1588 3925 concitavit,
1619 3869 1673 3915 et
1700 3860 1784 3915 his
1814 3877 1910 3931 pu-

326 3950 518 4005 dorem
548 3950 790 4005 incnssit.
832 3948 963 4005 Nam
1007 3950 1357 4019 reprehensio
1397 3968 1494 4019 per
1532 3968 1591 4006 se
1625 3954 1797 4007 solum
1841 3954 1908 4009 ad

330 4040 739 4109 percellondum
758 4040 951 4095 snflicit
967 4058 981 4106 ;
1000 4056 1122 4096 cum
1144 4056 1275 4096 vero
1300 4043 1354 4095 fit
1369 4043 1435 4095 ad
1456 4045 1908 4113 comparationem

323 4136 587 4195 aliorum,
615 4134 701 4203 qui
725 4135 972 4202 pratclare
997 4143 1220 4205 egerunt
1239 4143 1295 4190 et
1322 4135 1621 4198 laudantur,
1647 4136 1905 4207 majorem

326 4228 503 4281 infert
545 4224 833 4280 stimulum.
877 4225 984 4283 Sed
1014 4227 1224 4282 interim
1268 4242 1373 4280 non
1403 4241 1432 4279 a
1467 4229 1903 4298 reprehensione,

326 4319 426 4375 sed
468 4317 543 4373 ab
579 4319 834 4373 eneontiis
864 4319 1091 4381 orditur,
1122 4327 1177 4373 et
1206 4333 1234 4372 a
1282 4319 1490 4388 magnis
1517 4317 1796 4387 encomiis,
1824 4320 1908 4375 di—

327 4424 486 4465 cens:
517 4408 699 4464 Laudo
728 4421 896 4465 autem
920 4426 1027 4477 vos,
1057 4410 1196 4482 quod
1222 4426 1313 4482 per
1339 4410 1509 4464 omnia
1537 4410 1635 4464 mei
1663 4427 1906 4468 memores

327 4502 465 4556 estis.
498 4501 643 4557 Talis
668 4502 811 4558 enim
831 4518 949 4557 mos
968 4514 1050 4558 est
1077 4501 1247 4567 Pauli,
1272 4517 1368 4571 pro
1397 4503 1572 4570 parvis
1597 4504 1757 4558 etiam
1786 4504 1904 4560 lau-

326 4595 423 4650 des
448 4611 672 4665 magnas
699 4596 847 4657 texit.
879 4610 985 4651 non
1013 4611 1079 4650 ex
1108 4595 1437 4660 adulatione,
1470 4596 1642 4660 absit;
1670 4612 1902 4666 quomo-

326 4689 397 4743 do
419 4688 564 4744 enim
591 4688 670 4744 sic
706 4698 908 4759 ageret,
938 4703 1060 4745 cum
1102 4703 1203 4744 nec
1231 4689 1507 4759 pecunias,
1537 4704 1636 4743 nec
1658 4689 1899 4759 gloriam,

328 4796 426 4835 nec
448 4780 594 4834 aliud
622 4780 748 4850 quid
774 4780 948 4835 simile
977 4781 1222 4852 expetat?
1244 4779 1337 4835 sed
1371 4796 1466 4849 pro
1494 4780 1705 4835 illorum
1732 4782 1902 4836 salute

326 4873 508 4927 omnia
546 4870 768 4927 faciens.
815 4872 1043 4944 Ideoque
1083 4872 1292 4927 laudem
1322 4886 1535 4942 quoque
1573 4872 1780 4927 extollit
1823 4873 1904 4927 di-

326 4979 475 5031 cens,
506 4963 688 5020 Laudo
708 4978 874 5022 autem
899 4986 1007 5034 vos,
1029 4968 1165 5038 quod
1204 4984 1293 5039 per
1327 4969 1498 5022 omnia
1531 4967 1626 5023 mei
1660 4984 1903 5023 memores

324 5056 464 5110 estis.
508 5057 766 5124 Quaenam
797 5068 922 5112 sunt
960 5059 1043 5112 illa
1076 5058 1293 5113 omnia?
1329 5058 1462 5114 Nam
1504 5058 1573 5114 de
1601 5073 1751 5114 coma
1794 5075 1902 5115 nou

325 5146 541 5215 alenda,
561 5159 619 5204 et
638 5149 706 5203 de
732 5152 904 5218 capite
931 5168 1033 5203 non
1064 5149 1292 5220 tegendo
1315 5158 1520 5204 unitum
1553 5149 1899 5220 loquebatur:

325 5242 440 5305 sed,
476 5252 535 5297 ut
580 5244 710 5308 dixi,
761 5245 943 5301 laudes
992 5246 1178 5312 variat,
1210 5254 1267 5300 nt
1312 5247 1666 5316 promptiores
1689 5246 1896 5303 reddat.

324 5331 448 5388 Ideo
473 5336 569 5404 ait,
608 5335 758 5402 Quod
786 5354 876 5407 per
907 5338 1076 5392 omnia
1117 5339 1213 5391 mei
1236 5354 1478 5393 memores
1516 5344 1653 5405 estis,
1680 5348 1730 5393 et
1771 5339 1903 5394 sicut

324 5426 516 5479 tradidi
558 5429 700 5482 vobis
748 5430 1063 5493 traditiones,
1120 5430 1193 5482 ita
1240 5430 1433 5485 tenetis.
1490 5430 1631 5500 Ergo
1674 5439 1732 5485 et
1783 5432 1901 5486 sine

321 5523 523 5588 scripto
584 5519 752 5575 multa
819 5532 946 5576 tunc
1000 5521 1104 5576 illis
1164 5521 1426 5584 tradebat,
1478 5520 1620 5592 quod
1671 5529 1726 5576 et
1775 5521 1899 5576 alibi

320 5622 533 5679 quoque
558 5611 745 5666 multis
771 5614 822 5666 in
854 5614 984 5668 locis
1021 5613 1182 5668 dicit:
1210 5614 1304 5669 sed
1347 5622 1470 5668 tunc
1495 5612 1708 5683 quidem
1737 5613 1903 5669 tradi-

320 5697 399 5752 dit
426 5708 659 5767 tantntn,
691 5719 831 5767 nunc
858 5720 985 5760 vero
1011 5707 1169 5760 etiam
1197 5720 1412 5760 causam
1441 5704 1614 5765 affert.
1645 5704 1721 5760 lla
1750 5705 1895 5760 enim

325 5800 375 5843 et
408 5790 509 5849 bos
537 5796 818 5853 audientes
851 5795 1102 5854 fortiores
1142 5797 1416 5864 reddebat,
1463 5806 1518 5853 ct
1556 5797 1767 5854 illorum
1793 5794 1892 5853 ad-

654 5889 922 5945 PATBOL.
968 5884 1081 5941 lin.
1134 5881 1286 5941 LXI.

1334 322 1648 387 IN'EPIST.
1692 328 1715 382 I
1777 328 1868 382 AD
1908 326 2061 384 COR.
2104 328 2336 385 HOMIL.
2377 329 2569 385 XXVI.

3513 342 3617 396 *ἐμὲ

2036 448 2365 502 τετειιηιίιιιη
2388 449 2582 505 fastum
2604 450 2938 509 detrahebat.
2963 454 3169 511 Deinde
3187 470 3292 511 non
3314 456 3462 522 dicit,
3485 459 3614 527 Quia

2032 554 2129 593 vos
2158 539 2434 605 obedistis,
2468 542 2557 596 alii
2579 558 2709 598 vero
2733 559 2838 598 non
2870 545 3219 612 obedierunt;
3253 547 3346 603 sed
3374 548 3490 604 sine
3513 552 3614 604 ulla

2033 631 2337 700 suspicione
2366 647 2435 687 ex
2460 632 2701 688 doctrina
2733 650 2827 689 sua
2855 635 2906 690 id
2930 637 3233 692 subindicat
3259 638 3314 693 in
3341 642 3616 709 sequenti:

2032 723 2153 789 bus,
2186 724 2264 778 sic
2296 725 2548 794 loquens:
2578 727 2631 781 5.
2670 725 2795 781 Volo
2815 738 2981 782 autem
3006 745 3093 783 vos
3114 732 3261 795 scire,
3297 732 3433 797 quod
3453 734 3615 787 omnis

2030 815 2125 868 uiri
2154 826 2306 885 caput
2331 816 2561 871 Christus
2581 827 2686 883 est;
2708 830 2862 889 caput
2881 830 3047 874 autem
3073 823 3301 877 mulieris
3328 827 3436 889 vir;
3459 840 3612 893 caput

2029 921 2145 960 vero
2192 906 2381 961 Christi
2430 908 2587 962 Deus.
2639 910 2763 965 Ilwe
2792 920 2875 965 est
2902 911 3117 981 quidem
3144 928 3318 969 causa:
3343 913 3612 977 redditio;

2028 1011 2148 1052 eam
2187 1013 2318 1054 vero
2352 998 2526 1066 aﬂ‘ert,
2575 1000 2954 1057 imbecilliores
2998 1003 3233 1059 reddens
3276 1008 3611 1062 attentiorcs.

2030 1088 2131 1156 Qui
2157 1103 2285 1159 ergo
2327 1090 2497 1145 fidelis
2543 1103 2708 1147 estet
2752 1092 2925 1156 fortis,
2958 1104 3016 1148 ut
3058 1110 3152 1165 par
3178 1106 3282 1163 est,
3325 1099 3534 1154 ratione
3558 1107 3613 1155 ct

2028 1194 2189 1234 causa
2218 1197 2322 1234 non
2349 1194 2470 1251 eget
2500 1198 2594 1250 pro
2620 1184 2685 1236 iis
2708 1200 2827 1253 qua:
2853 1196 3121 1256 przecepta
3146 1196 3289 1251 sunt,
3323 1189 3418 1244 sed
3447 1189 3601 1244 snfti-

2028 1271 2102 1325 cit
2129 1273 2204 1326 illi
2243 1274 2356 1328 sola
2398 1274 2612 1329 traditio
2636 1278 2766 1345 :qui
2790 1287 2967 1332 autem
3012 1278 3330 1334 imbecillior
3354 1289 3453 1345 est,
3487 1296 3611 1336 eum

2027 1365 2190 1419 etiam
2220 1381 2437 1421 causam
2484 1368 2755 1434 didicerit,
2790 1378 2917 1426 tunc
2954 1385 3079 1425 cum
3110 1372 3299 1441 majori
3342 1373 3520 1429 studio
3558 1374 3609 1428 id

2026 1456 2169 1526 quod
2206 1457 2406 1513 dictum
2446 1470 2529 1514 est
2573 1461 2780 1526 recitat,
2825 1472 3023 1517 etcum
3067 1479 3255 1534 magna
3299 1465 3609 1535 obsequitur

2024 1548 2324 1605 alacritate.

2093 1640 2149 1694 2.
2182 1641 2409 1712 Ideoque
2433 1658 2647 1698 causam
2676 1662 2779 1700 non
2801 1646 2970 1715 dixit,
2999 1649 3171 1704 donec
3194 1649 3327 1703 vidit
3358 1650 3606 1705 violatum

2023 1745 2144 1786 esse
2174 1734 2503 1788 mandatum.
2538 1736 2793 1803 Quaenam
2816 1752 2946 1810 ergo
2972 1754 3132 1794 causa
3154 1741 3277 1795 est?
3305 1740 3485 1795 Omnis
3510 1742 3607 1796 viri

2023 1832 2176 1893 caput
2201 1823 2432 1879 Christus
2459 1836 2548 1881 est.
2585 1829 2792 1899 Ergone
2817 1832 2977 1884 etiam
3000 1830 3173 1887 Graeci
3194 1833 3217 1885 ?
3237 1831 3602 1903 Nequaquam.

2022 1913 2154 1968 Nam
2182 1917 2227 1970 si
2252 1932 2446 1987 corpus
2469 1918 2666 1972 Christi
2701 1936 2886 1974 sumus
2920 1930 2975 1976 et
3004 1924 3240 1977 membra
3265 1937 3328 1977 ex
3353 1934 3522 1993 parte,
3551 1933 3607 1977 et

2022 2007 2125 2062 bac
2161 2009 2366 2063 ratione
2410 2010 2498 2064 ille
2541 2022 2701 2082 caput
2739 2023 2979 2068 nostrum
3022 2023 3140 2079 cst;
3184 2030 3371 2069 eorum
3414 2016 3504 2085 qui
3549 2016 3603 2069 in

2022 2116 2251 2171 corpore
2292 2119 2398 2156 non
2450 2115 2575 2159 sunt
2620 2121 2794 2175 neque
2824 2106 3064 2160 ntembra
3099 2116 3418 2174 censentur,
3446 2116 3605 2177 caput

2022 2194 2113 2249 ille
2135 2208 2239 2248 non
2264 2195 2419 2250 fuerit
2455 2214 2466 2248 :
2491 2206 2817 2267 quapropter
2843 2212 2964 2251 cum
2995 2198 3159 2261 dicit,
3189 2197 3391 2263 Omnis,
3419 2200 3605 2254 subin-

2023 2287 2366 2357 telligendutn
2397 2296 2483 2343 est
2508 2287 2703 2343 fidelis.
2732 2288 2978 2344 Vidistin'
3004 2289 3275 2359 quomodo
3298 2305 3458 2361 supra
3486 2290 3601 2345 ubi-

2019 2394 2125 2450 que
2150 2378 2352 2449 pudore
2389 2378 2658 2435 suﬁundat
2685 2380 3026 2436 auditorem?
3052 2381 3187 2436 Nam
3213 2396 3335 2437 cum
3366 2381 3436 2437 de
3460 2382 3598 2436 eari-

2023 2481 2132 2535 tate
2159 2472 2468 2539 dissereret,
2504 2483 2560 2529 et
2584 2488 2707 2529 cum
2731 2474 2802 2531 de
2830 2458 3131 2530 humilitate
3154 2484 3350 2531 etcum
3371 2474 3439 2531 de
3459 2475 3605 2530 elee-

2020 2580 2263 2638 mosyna,
2298 2568 2420 2621 inde
2449 2568 2691 2637 exempla
2715 2567 3155 2640 trabebat.Caput
3179 2578 3347 2624 autem
3370 2568 3599 2623 mulieris

2020 2659 2095 2713 vir
2121 2673 2141 2723 ;
2169 2667 2321 2728 caput
2344 2674 2461 2712 vero
2481 2656 2666 2713 Christi
2693 2657 2852 2713 Deus.
2881 2659 2979 2715 llic
3008 2659 3061 2713 in
3096 2675 3193 2715 nos
3225 2660 3466 2715 insiliunt
3491 2659 3600 2715 bre-

2020 2751 2191 2816 retici,
2238 2765 2306 2804 ex
2346 2750 2412 2804 iis
2449 2766 2569 2820 qua:
2594 2750 2736 2804 dicta
2780 2760 2902 2804 sunt
2945 2751 3210 2805 minorem
3257 2766 3378 2807 esse
3403 2751 3598 2806 Filium

2019 2841 2385 2911 excogitantes
2411 2855 2426 2904 ;
2450 2839 2543 2895 sed
2596 2840 2648 2894 in
2678 2841 2884 2911 seipsos
2911 2840 3142 2895 irruunt.
3171 2840 3229 2896 Si
3273 2841 3415 2896 enim
3442 2851 3601 2912 caput

2019 2934 2260 2989 mulieris
2285 2944 2368 2988 est
2394 2934 2476 2986 vir
2495 2972 2510 2997 ,
2542 2932 2890 3003 ejusdemque
2916 2944 2999 2989 est
3025 2933 3337 2988 substantia:
3359 2944 3520 3006 caput
3543 2945 3601 2992 et

2017 3041 2245 3098 corpus;
2274 3036 2434 3094 caput
2459 3040 2587 3081 vero
2615 3024 2812 3080 Christi
2837 3035 2921 3081 est
2966 3025 3130 3093 Deus,
3160 3024 3328 3081 Filius
3356 3026 3597 3096 ejusdem

2016 3133 2176 3192 atque
2220 3121 2377 3176 Pater
2418 3119 2729 3175 substantia:
2771 3128 2873 3174 est.
2904 3119 2991 3185 At,
3036 3120 3302 3189 inquiunt,
3348 3120 3599 3175 nolumus

2018 3217 2143 3272 hinc
2169 3214 2453 3271 ostendere
2480 3212 2623 3284 quod
2646 3213 2868 3268 alterius
2892 3214 2964 3268 sit
2986 3212 3317 3277 substantiat,
3340 3213 3434 3269 sed
3453 3216 3596 3285 quod

2015 3326 2045 3363 a
2089 3309 2244 3362 l'atre
2280 3307 2593 3376 imperetur.
2626 3304 2764 3373 Quid
2816 3304 2881 3358 ad
2923 3303 3027 3358 hoc
3067 3303 3394 3359 dixerimus?
3442 3305 3597 3373 Quod

2015 3418 2134 3456 cum
2158 3396 2357 3455 humile
2380 3397 2652 3468 quidpiam
2679 3396 2873 3451 dicitur
2890 3394 2961 3451 de
2991 3396 3083 3449 illo
3113 3410 3234 3450 eum
3264 3410 3426 3451 carne
3447 3397 3596 3450 exsi-

2015 3503 2190 3548 stente
2212 3534 2227 3558 ,
2257 3491 2308 3546 id
2335 3489 2478 3561 quod
2527 3490 2864 3553 diciturnon
2909 3488 2979 3543 sit
3005 3487 3297 3543 divinitatis
3338 3488 3515 3545 vilitas
3542 3498 3600 3544 et

2014 3585 2265 3656 dejectio,
2306 3599 2430 3639 cum
2474 3582 2772 3639 ceconomia
2816 3579 2871 3635 id
2914 3580 3187 3653 suscipiat.
3219 3582 3483 3637 Caeterum
3509 3584 3597 3638 die

2014 3677 2283 3750 quomodo
2319 3676 2372 3731 id
2400 3690 2543 3731 nunc
2565 3675 2645 3729 vis
2668 3675 2936 3745 probare?
2957 3674 3219 3742 Quoniam
3243 3715 3259 3742 ,
3289 3675 3489 3746 inquit,
3516 3676 3595 3731 si-

2014 3778 2107 3826 cut
2132 3770 2216 3824 vir
2241 3768 2452 3822 mulieri
2485 3767 2749 3837 imperat,
2786 3766 2865 3821 sic
2887 3773 2946 3821 et
2992 3766 3149 3821 Pater
3182 3763 3421 3822 Christo.
3453 3767 3597 3838 Ergo

2013 3863 2152 3917 sicut
2178 3858 2427 3915 Christus
2460 3857 2600 3925 viro,
2632 3857 2711 3910 sic
2735 3857 2894 3911 Pater
2918 3855 3086 3911 Filio:
3120 3857 3282 3911 omnis
3309 3857 3451 3913 enim
3476 3859 3592 3927 viri,

2013 3950 2207 4022 inquit,
2234 3958 2388 4021 caput
2413 3947 2643 4002 Christus
2672 3956 2767 4002 est.
2785 3947 2977 4016 Ecquis
3007 3946 3121 4002 haec
3148 3964 3397 4018 umquam
3424 3949 3596 4004 admi-

2013 4043 2180 4099 serit?
2198 4043 2253 4097 Si
2281 4042 2424 4096 enim
2451 4047 2705 4112 quantum
2729 4054 2825 4094 nos
2851 4039 3098 4095 Christus
3124 4051 3362 4111 superat,
3389 4051 3595 4097 tantum

2013 4137 2172 4191 Pater
2200 4134 2433 4199 Filium;
2457 4133 2632 4203 cogita
2661 4150 2712 4187 In
2742 4144 2995 4203 quantam
3023 4134 3196 4205 ipsum
3224 4134 3446 4190 deducis
3472 4138 3593 4190 vili-

2014 4239 2200 4285 tatem.
2247 4228 2430 4303 Itaque
2480 4242 2587 4281 non
2639 4226 2819 4280 omnia
2866 4226 3031 4280 simul
3071 4235 3198 4282 sunt
3239 4228 3592 4283 examinanda

2013 4325 2154 4379 inter
2184 4337 2280 4376 nos
2310 4332 2364 4376 et
2386 4321 2564 4374 -Denm
2590 4359 2605 4385 ,
2653 4320 2861 4374 etiamsi
2894 4319 3139 4376 similiter
3176 4320 3456 4388 dicantur;
3495 4322 3593 4378 sed

2014 4412 2292 4470 tribuenda
2340 4421 2422 4466 est
2464 4412 2571 4466 Dco
2612 4411 2826 4481 propria
2868 4410 3109 4480 quaedam
3160 4412 3494 4478 excellentia,
3538 4422 3595 4469 et

2013 4516 2157 4561 tanta
2183 4514 2379 4576 quanta
2413 4504 2523 4559 Deo
2546 4513 2834 4573 competat.
2872 4502 3005 4559 Nam
3033 4505 3076 4558 si
3104 4503 3208 4560 hoc
3233 4521 3338 4561 non
3369 4520 3586 4563 conces-

2011 4598 2180 4653 serint
2207 4638 2224 4664 ,
2263 4595 2427 4650 multa
2453 4605 2745 4667 sequentur
2775 4595 3024 4651 absurda.
3062 4596 3341 4667 Perpende
3367 4608 3580 4655 autem:
3655 4651 3665 4662 ,

2010 4699 2171 4759 caput
2208 4687 2404 4744 Christi
2433 4688 2609 4755 Deus,
2643 4687 2730 4743 hic
2758 4698 2936 4743 autem
2968 4688 3067 4743 viri
3113 4700 3168 4744 et
3197 4690 3286 4745 ille
3325 4692 3583 4748 mulieris.

2014 4784 2153 4853 Ergo
2180 4783 2225 4837 si
2255 4783 2308 4836 in
2347 4782 2597 4837 omnibus
2622 4782 2868 4837 similiter
2893 4791 3053 4851 caput
3080 4783 3408 4851 accipiamus
3427 4826 3443 4851 ,
3472 4794 3589 4839 tan-

2009 4886 2120 4931 tum
2148 4874 2367 4931 distabit
2394 4874 2558 4929 Filius
2576 4890 2609 4929 a
2639 4874 2816 4937 Patre,
2849 4882 3105 4943 quantum
3125 4889 3222 4930 nos
3242 4889 3273 4929 a
3299 4874 3456 4932 Filio.
3484 4877 3591 4934 Sed

2009 4970 2170 5023 etiam
2191 4967 2386 5023 mulier
2411 4975 2617 5021 tantum
2645 4981 2675 5019 a
2705 4965 2861 5020 nobis
2884 4965 3124 5034 distabit,
3147 4978 3402 5038 quantum
3431 4987 3531 5027 nos
3560 4988 3591 5025 a

2009 5061 2120 5116 Deo
2147 5058 2364 5125 Verbo;
2396 5065 2453 5114 et
2479 5055 2620 5128 quod
2647 5065 2731 5112 est
2753 5055 2924 5112 Filius
2965 5071 3090 5128 erga
3119 5058 3331 5116 Patrem
3358 5101 3374 5129 ,
3406 5062 3510 5119 hoc
3538 5075 3595 5120 et

2012 5169 2109 5206 nos
2129 5153 2329 5207 erimus
2345 5165 2469 5220 erga
2493 5148 2709 5217 Filium,
2731 5160 2786 5204 et
2813 5149 3006 5206 mulier
3034 5167 3220 5208 rursus
3246 5169 3370 5225 erga
3392 5156 3590 5211 virum.

2013 5243 2205 5312 Ecquis
2234 5240 2338 5296 hoc
2370 5240 2547 5295 ferat?
2574 5239 2678 5295 Sed
2707 5240 2814 5295 alio
2840 5240 3002 5296 modo
3031 5241 3085 5297 in
3128 5244 3353 5299 muliere
3396 5256 3452 5300 et
3476 5246 3594 5302 viro

2008 5344 2170 5405 caput
2196 5335 2392 5404 accipis
2416 5374 2432 5398 ,
2459 5348 2617 5404 quam
2654 5333 2706 5388 in
2737 5333 2989 5389 Christo?
3012 5335 3194 5404 Itaque
3221 5336 3274 5390 in
3296 5334 3433 5391 Filio
3455 5345 3512 5393 et
3536 5337 3590 5393 in
3673 5399 3680 5412 ι

2012 5429 2187 5491 Patre,
2217 5426 2373 5482 aliter
2397 5427 2550 5482 nobis
2574 5426 2941 5495 accipiendum
2963 5434 3065 5480 est.
3103 5426 3170 5480 Et
3188 5427 3477 5495 quomodo,
3506 5430 3591 5485 in-

2010 5522 2183 5591 quies,
2229 5527 2314 5574 est
2344 5517 2502 5572 aliter
2545 5516 2958 5587 accipiendum?
2998 5515 3306 5573 Secundum
3345 5534 3587 5577 causam.

2009 5612 2140 5667 Nam
2184 5611 2229 5666 si
2260 5609 2541 5679 imperium
2583 5618 2639 5665 et
2680 5608 3071 5679 subjectionem
3099 5611 3357 5669 voluisset
3386 5614 3586 5673 Paulus

2007 5702 2187 5757 dicere
2212 5742 2227 5767 ,
2258 5710 2317 5756 ut
2340 5708 2396 5755 tu
2425 5700 2560 5755 dicis
2580 5740 2596 5765 ,
2623 5713 2730 5754 non
2768 5699 3048 5755 mulierem
3085 5701 3138 5756 in
3177 5701 3410 5761 medium
3452 5720 3589 5777 pro-

2011 5791 2270 5861 duxisset,
2285 5790 2572 5865 sedpotius
2584 5806 2793 5851 servum
2805 5800 2862 5852 et
2886 5792 3181 5851 dominum.
3203 5796 3421 5871 Etiamsi
3445 5800 3589 5856 enim

3149 5894 3222 5956 11s
