4094 6222
484 333 597 386 £45

496 448 685 502 inutier
713 444 867 501 nobis
892 443 1128 515 subjecta
1157 441 1246 504 sit,
1267 437 1364 492 sed
1391 443 1450 491 ιιι
1471 434 1685 499 mulier,
1705 430 1799 485 sed
1830 440 1887 483 ιιι
1910 428 2073 481 libera

494 554 550 596 et
596 550 653 596 ut
691 553 790 608 par
831 538 1057 594 honore.
1105 532 1174 587 Et
1202 530 1369 585 Filius
1412 541 1625 598 quoque
1665 523 1768 579 etsi
1810 521 1952 577 Patri
1983 519 2079 572 fuit

471 636 756 690 -obcdiens
780 674 795 699 ,
831 631 923 686 sed
949 638 1009 683 ut
1037 625 1202 682 Filius
1232 624 1328 679 Dei
1354 665 1368 689 ,
1399 622 1493 676 sed
1524 629 1581 674 ut
1613 619 1772 673 Deus.
1813 611 2080 681 Quemado

478 728 716 783 inodum
746 725 887 780 enim
931 720 1069 776 Filio
1098 716 1271 787 major
1298 724 1382 770 est
1409 712 1762 783 obsequentia
1811 723 1934 777 erga
1980 706 2079 760 l’a-

499 833 637 876 trem
663 860 677 882 ,
709 831 867 887 quam
917 812 1226 868 hominibus
1251 825 1374 879 erga
1405 807 1678 878 genitores
1707 816 1838 859 suos
1866 819 1881 855 :
1911 801 1990 854 sic
2025 808 2083 855 et

500 915 720 969 libertas
744 910 938 979 major.
969 906 1155 976 Neque
1185 904 1328 959 enim
1359 900 1478 956 Filii
1509 914 1634 968 erga
1665 897 1879 952 Patrem
1905 892 2080 947 cilicia

501 1004 704 1074 majora
730 1011 787 1058 et
813 1000 983 1071 magis
1024 997 1254 1067 genuina
1282 1001 1407 1048 sunt
1442 1007 1601 1063 quam
1632 988 1772 1059 apud
1802 985 2079 1048 homines,

498 1097 678 1153 Patris
714 1110 844 1150 vero
887 1108 1013 1163 erga
1044 1091 1237 1147 Filium
1283 1088 1507 1143 minora.
1549 1083 1606 1139 Si
1655 1082 1797 1138 enim
1824 1079 2084 1135 miramur

500 1191 692 1247 Filium
722 1187 862 1259 quod
889 1186 1173 1249 obedierit,
1205 1185 1276 1239 ita
1307 1191 1365 1236 ut
1384 1195 1554 1251 usque
1577 1177 1644 1233 ad
1673 1184 1903 1231 mortem
1925 1187 2085 1227 vene-

496 1286 591 1349 rit,
638 1294 693 1339 et
734 1289 964 1339 mortem
1015 1280 1212 1345 crucis,
1252 1285 1307 1331 et
1351 1275 1455 1330 hoc
1498 1287 1748 1343 magnum
1804 1268 2085 1323 statuimus

494 1376 857 1438 miraculum;
890 1373 1100 1427 Patrem
1127 1384 1339 1440 quoque
1369 1366 1550 1422 mirari
1576 1372 1807 1434 Oportet,
1834 1359 1973 1432 quod
2004 1371 2084 1413 ta-

502 1472 606 1526 lem
632 1468 898 1540 genuerit,
931 1484 1038 1520 non
1067 1475 1125 1520 ut
1149 1478 1364 1519 servum
1385 1461 1470 1516 cui
1502 1460 1881 1529 imperaretur,
1910 1456 2003 1511 sed
2029 1466 2088 1510 ut

506 1561 731 1615 liberum
785 1556 1127 1614 obedientem
1176 1562 1234 1609 et
1284 1548 1646 1607 consiliarium
1690 1567 1704 1602 :
1752 1546 2089 1602 consiliarius

499 1652 645 1706 enim
674 1663 779 1705 non
809 1656 893 1704 est
918 1662 1126 1703 servus.
1161 1643 1535 1699 Consiliarium
1576 1655 1704 1696 vero
1729 1651 1917 1694 rursus
1954 1653 2076 1692 cum

502 1743 755 1804 audieris.
788 1756 856 1796 ne
884 1743 954 1796 ita
984 1738 1171 1793 audias
1199 1735 1349 1806 quasi
1377 1734 1536 1789 Pater
1564 1733 1746 1802 aliquo
1775 1739 1951 1801 egeat,
1986 1727 2083 1784 sed

505 1838 656 1908 quasi
683 1835 848 1891 Filius
878 1834 1021 1903 paris
1041 1846 1164 1887 cum
1185 1829 1442 1885 Genitore
1466 1826 1688 1880 honoris
1710 1824 1800 1878 sit.
1828 1823 1908 1878 Nc
1931 1822 2090 1892 igitur

506 1928 808 1997 exemplum
840 1925 938 1979 viri
958 1935 1012 1979 et
1037 1921 1276 1977 mulieris
1301 1920 1366 1973 ad
1394 1919 1572 1972 omnia
1603 1915 1902 1987 pertrahas.
1934 1912 2086 1985 Apud

506 2038 605 2076 nos
634 2020 775 2076 enim
797 2019 923 2089 jure
965 2015 1157 2070 mulier
1194 2012 1433 2083 subjecta
1464 2019 1548 2065 est
1573 2010 1688 2063 viro
1720 2026 1733 2062 :
1767 2023 1888 2063 nam
1918 2006 2090 2060 hono-

508 2114 583 2167 ris
606 2109 883 2181 aequalitas
914 2105 1314 2163 contentionem
1365 2102 1507 2173 parit
1554 2119 1567 2154 :
1611 2115 1793 2170 neque.
1824 2099 1945 2154 ideo
1976 2107 2090 2152 tan-

490 2214 643 2268 tum,
675 2202 769 2256 sed
791 2201 953 2255 etiam
976 2206 1194 2268 propter
1224 2194 1595 2265 deceptionem
1628 2207 1748 2262 qua:
1778 2191 1929 2246 initio
1956 2206 2089 2246 con-

510 2295 646 2365 tigit.
697 2295 987 2363 Propterea
1046 2306 1166 2345 cum
1222 2287 1441 2360 quidem
1497 2286 1635 2340 facta
1702 2284 1927 2347 fuisset.
1984 2298 2088 2337 non

508 2388 687 2441 statim
729 2384 966 2455 subjecta
994 2381 1095 2437 fuit
1124 2398 1138 2447 ;
1166 2394 1340 2451 neque
1364 2394 1487 2435 cum
1521 2379 1665 2432 illam
1692 2376 1760 2431 ad
1790 2377 1964 2430 virum
1990 2375 2089 2429 ad-

508 2480 676 2543 duxit,
698 2491 885 2548 .nequc
911 2475 998 2530 illa
1028 2478 1131 2529 tale
1161 2473 1434 2544 quidpiam
1470 2488 1500 2526 a
1527 2473 1637 2527 Deo
1667 2471 1889 2535 audivit,
1920 2466 2093 2539 neque

508 2571 590 2626 vir
612 2571 684 2626 illi
712 2568 983 2640 quidpiam
1009 2566 1184 2622 simile
1203 2566 1373 2631 dixit;
1403 2564 1499 2620 sed
1527 2573 1733 2619 tantum
1759 2562 1901 2634 quod
1927 2577 1989 2615 os
2020 2578 2086 2616 ex

500 2664 728 2719 ossibus
756 2662 897 2732 ejus,
941 2671 994 2716 et
1035 2674 1163 2716 caro
1211 2674 1277 2715 ex
1325 2657 1575 2713 carnibus
1618 2658 1736 2725 ejus
1776 2665 1920 2710 esset
1960 2654 2096 2709 dixit

512 2758 530 2825 (
559 2755 687 2810 Gen.
719 2753 775 2808 2.
803 2752 945 2824 2'5);
979 2752 1187 2822 imperii
1218 2760 1395 2807 autem
1440 2759 1533 2804 aut
1560 2749 1912 2819 subjectionis
1954 2746 2095 2818 apud

512 2846 657 2901 illam
688 2859 794 2900 non
824 2843 1087 2899 meminit.
1116 2841 1343 2910 Quando
1369 2850 1547 2896 autem
1578 2839 1717 2895 male
1766 2854 1858 2893 usa
1890 2848 1975 2893 est
2003 2855 2096 2909 po-

514 2947 728 2998 testate,
757 2948 811 2993 et
833 2952 950 3008 qua:
973 2936 1203 3005 adjutrix
1236 2936 1375 2992 facta
1418 2934 1630 3000 fuerat,
1664 2933 1962 2988 insidiatrix
2000 2933 2094 2988 de-

500 3033 782 3106 ;prebensa
810 3042 915 3098 est,
943 3040 1000 3086 et
1024 3031 1203 3085 omnia
1234 3029 1502 3100 perdidit;
1532 3037 1658 3082 tunc
1674 3024 1819 3095 justc
1843 3026 2048 3109 audivit
2081 3045 2095 3081 :

522 3128 602 3180 Ad
630 3125 792 3179 virum
814 3134 958 3178 tuum
988 3121 1245 3176 conversio
1270 3130 1358 3174 tua
1386 3118 1540 3189 (Gen.
1570 3119 1624 3174 5.
1658 3113 1769 3188 16).
1793 3117 1927 3184 Quia
1955 3116 2096 3172 enim

510 3219 807 3276 verisimile
836 3226 953 3272 erat
986 3224 1260 3285 peccatum
1294 3212 1397 3267 hoc
1422 3212 1619 3266 bellum
1658 3210 1935 3265 illaturum
1975 3224 2099 3265 esse

516 3314 571 3367 in
600 3326 769 3382 genus
797 3317 1038 3365 nostrum
1070 3308 1289 3375 (neque
1332 3305 1476 3359 enim
1514 3302 1579 3357 ad
1630 3316 1812 3373 pacem
1847 3301 2096 3372 juvissct,

516 3402 659 3472 quod
689 3401 779 3456 illa
799 3416 863 3456 ex
888 3401 1004 3470 ipso
1030 3408 1174 3454 esset
1194 3394 1352 3459 facta,
1380 3410 1502 3450 cum
1533 3394 1633 3447 hoc
1652 3392 1937 3448 accidisset
1961 3410 1975 3458 ;
2003 3393 2097 3449 sed

521 3497 623 3551 hoc
650 3495 821 3565 ipsum
854 3493 1013 3547 etiam
1036 3490 1208 3543 virum
1236 3487 1563 3559 asperiorem
1596 3484 1932 3547 reddidisset,
1957 3484 2099 3555 quod

519 3604 639 3661 qua:
658 3604 725 3643 ex
745 3587 862 3656 ipso
890 3584 1027 3639 facta
1054 3584 1247 3647 fuerat,
1272 3595 1341 3635 ne
1363 3578 1607 3635 membro
1636 3576 1854 3648 quidem
1883 3592 1982 3632 suo
2009 3592 2099 3647 pe-

526 3676 818 3750 percisset.)
846 3696 860 3742 ;
893 3691 1015 3731 cum
1043 3673 1244 3729 diaboli
1266 3670 1655 3742 malignitatem
1681 3667 1891 3725 videret
1921 3668 2063 3723 Deus
2083 3709 2098 3732 ,

524 3775 628 3827 hoc
654 3771 873 3827 verbum
904 3767 1053 3837 quasi
1082 3781 1291 3820 murum
1337 3762 1625 3835 opposuit,
1658 3771 1712 3816 et
1748 3761 2098 3826 inimicitiam,

523 3881 642 3936 qum
680 3879 747 3919 ex
787 3860 994 3917 insidiis
1023 3858 1224 3913 oritura
1254 3865 1407 3923 terat,
1460 3870 1558 3925 per
1603 3855 1739 3909 hanc
1778 3852 2104 3908 sententiam

524 3956 762 4021 sustulit,
796 3955 993 4010 innata:
1025 3949 1477 4021 concupiscentia:
1504 3945 1655 4017 quasi
1687 3944 1865 4001 medio
1898 3944 2101 4015 pariete

528 4052 759 4122 dejecto,
790 4064 927 4114 eam,
962 4061 1083 4117 quae
1112 4060 1180 4100 ex
1212 4051 1443 4114 peccato
1472 4050 1587 4095 orta
1618 4048 1753 4103 erat,
1789 4037 1995 4107 injuria:
2019 4050 2108 4091 ac-

529 4156 699 4216 ceptae
742 4139 1170 4199 recordationem
1212 4134 1450 4191 abstulit.
1484 4132 1588 4187 Sed
1621 4132 1673 4185 in
1715 4131 1821 4185 Deo
1844 4138 1900 4184 et
1928 4130 2106 4182 ineor-

529 4246 681 4307 rupta
702 4231 999 4290 substantia
1028 4230 1138 4293 illa,
1166 4225 1301 4282 nihil
1332 4225 1457 4279 licet
1482 4221 1790 4292 hujusmodi
1820 4218 2104 4289 suspicari.

527 4328 606 4383 Nc
636 4342 767 4396 ergo
812 4324 880 4380 de
927 4320 1178 4379 omnibus
1223 4317 1467 4387 exempla
1512 4315 1743 4384 accipias
1789 4327 1954 4367 :nam
1984 4311 2107 4366 alibi

532 4434 745 4491 quoque
770 4417 937 4473 multa
964 4414 1093 4469 hinc
1117 4412 1296 4483 gravia
1341 4419 1627 4465 occurrent
1653 4417 1870 4478 peccata
1902 4424 1917 4459 :
1949 4404 2111 4476 siqui-

533 4517 654 4567 rleni
693 4520 748 4565 et
784 4510 836 4562 in
865 4507 1090 4562 exordio
1118 4503 1358 4574 epistola:
1399 4500 1612 4556 dicebat
1661 4519 1673 4553 :
1709 4498 1904 4554 Omnia
1948 4507 2112 4552 vestra

534 4612 670 4664 sunt,
702 4615 789 4652 vos
813 4597 1201 4650 autemCltristi
1220 4637 1236 4662 ,
1269 4594 1500 4649 Christus
1522 4609 1637 4646 vero
1668 4591 1763 4645 Dei
1790 4593 1867 4663 (ί.
1898 4590 2017 4645 Cor.
2051 4592 2106 4646 5.

533 4694 623 4755 22.
652 4691 723 4747 es
748 4694 787 4763 ).

609 4786 662 4840 5.
692 4781 831 4852 Quid
871 4779 1042 4851 ergo?
1069 4777 1386 4833 similiterne
1426 4775 1602 4829 omnia
1630 4785 1814 4843 nostra
1836 4784 1988 4842 sunt,
2020 4791 2117 4832 uos

542 4879 736 4933 tllsristi
764 4887 819 4933 et
841 4874 1088 4931 Christus
1120 4872 1210 4927 Dei
1242 4870 1265 4923 ?
1289 4868 1631 4940 Nequaquam
1654 4884 1668 4933 ;
1689 4867 1781 4923 sed
1806 4867 1909 4924 illis
1931 4869 2115 4937 etiam,

539 4971 627 5039 qui
658 4968 810 5024 valde
832 4968 1148 5037 insipientes
1166 4974 1310 5029 sunt,
1341 4973 1462 5019 nota
1485 4970 1567 5017 est
1590 4959 1911 5027 ditia-entia,
1932 4962 2122 5017 ctiam-

540 5064 582 5116 si
620 5062 724 5117 hoc
751 5058 954 5115 dictum
985 5060 1053 5115 de
1077 5061 1230 5115 nobis
1251 5100 1266 5126 ,
1294 5058 1364 5114 de
1394 5058 1503 5113 Deo
1529 5065 1584 5112 et
1603 5055 1672 5112 de
1695 5054 1912 5111 Christo
1938 5054 2119 5126 profe-

545 5170 709 5212 ratur.
742 5155 810 5210 Et
835 5153 962 5208 alibi
987 5168 1107 5208 cum
1143 5154 1312 5208 virum
1343 5163 1502 5221 caput
1528 5153 1769 5208 mulieris
1798 5168 1919 5208 esse
1951 5152 2122 5208 dixis.

547 5262 652 5314 set,
676 5248 950 5319 subjunxit
982 5264 995 5299 :
1029 5247 1177 5301 Sicut
1204 5245 1451 5299 Christus
1473 5257 1557 5300 est
1598 5255 1760 5316 caput
1788 5257 1841 5302 ct
1878 5247 2124 5304 Salvator

548 5344 799 5401 Ecclesia:
838 5337 1202 5402 et‘xdcfcnsor,
1254 5337 1333 5390 sic
1366 5344 1425 5391 et
1457 5338 1538 5389 vir
1581 5336 1741 5392 debet
1791 5340 1973 5393 uxoris
2008 5353 2125 5392 sua:

548 5454 667 5494 esse
709 5435 923 5507 (Epiros.
949 5434 1003 5488 5.
1028 5432 1125 5487 .25.
1158 5428 1287 5501 ξι).
1321 5428 1581 5485 Similiter
1611 5428 1771 5499 igitur
1799 5430 2124 5499 accipiemus

526 5535 752 5588 dictum
779 5527 955 5586 ethoc
978 5536 1033 5583 et
1051 5525 1230 5581 omnia
1256 5539 1376 5593 qum
1406 5532 1526 5591 post
1552 5522 1752 5591 scripta
1778 5533 1907 5577 sunt
1934 5520 2117 5590 Ephe-

550 5625 644 5677 siis
691 5622 758 5677 de
801 5621 904 5675 hoc
944 5617 1302 5689 argumento?
1344 5615 1498 5670 Absit
1546 5632 1561 5670 :
1606 5629 1780 5685 neque
1824 5614 1965 5669 enim
2012 5612 2129 5667 ticri

534 5721 747 5782 potest.
770 5710 902 5765 Nam
923 5709 1109 5764 eadem
1131 5705 1525 5779 quidein’verba
1549 5703 1891 5774 proferuntur
1920 5701 1988 5757 de
2020 5702 2128 5758 Deo

535 5804 703 5862 ciuile
729 5800 1034 5857 hominibus
1062 5815 1076 5865 ;
1107 5798 1201 5855 sed
1232 5797 1339 5854 alio
1367 5794 1528 5853 modo
1549 5794 1796 5863 illa,.alio
1827 5795 1942 5851 haec
1970 5793 2129 5850 intol-

1197 326 1251 381 S.
1293 317 1569 381 ΙΟᾹΝΝιὸ
1602 306 2077 373 CHRYSOSTOMI
2117 305 2432 364 ARCHIEP.
2472 307 3004 368 CONSTANTINOP.

3648 310 3754 366 Sili

2185 422 2394 492 ligenda
2418 434 2578 490 sunt;
2606 441 2708 482 nec
2722 436 2908 484 tamen
2930 441 3120 485 rursus
3144 430 3322 485 omnia
3348 431 3563 489 diverse
3596 451 3612 489 :
3638 449 3764 490 nam

2180 528 2368 568 rursus
2396 524 2596 573 temere
2625 528 2679 573 et
2708 519 2900 575 frustra
2935 529 3155 591 accepta
3183 522 3532 589 videbuntur,
3554 525 3601 580 si
3629 525 3763 582 nihil

2182 620 2280 658 nos
2310 604 2514 663 fruetus
2541 608 2610 663 ab
2632 609 2738 665 illis
2759 612 3060 667 tulerimus.
3092 614 3246 668 Sicut
3273 615 3416 670 enim
3446 632 3552 671 non
3583 620 3763 673 omnia

2183 698 2429 755 similiter
2466 712 2592 756 sunt
2618 703 2926 773 accipienda
2952 747 2967 770 ,
2995 706 3074 762 sic
3103 721 3205 762 nec
3228 708 3406 764 omnia
3436 718 3642 767 temere
3678 728 3766 769 re-

2178 790 2435 860 jicieuda.
2491 793 2558 849 Ut
2602 805 2780 850 autem
2835 798 2886 852 id
2936 798 3080 870 quod
3129 799 3254 855 dico
3304 799 3502 857 clarius
3547 803 3767 870 evadat,

2182 886 2435 956 exemplo
2477 888 2528 942 id
2569 888 2743 958 palam
2776 890 2953 947 facere
2991 893 3249 948 conabor.
3281 894 3466 951 Dictus
3499 906 3583 952 est
3605 908 3772 968 caput

2184 977 2441 1033 Ecclesiae
2471 980 2718 1038 Christus
2742 1001 2755 1035 :
2784 986 2827 1038 si
2859 985 2990 1040 nihil
3036 987 3326 1043 humanum
3355 1004 3637 1061 accepero,
3667 1008 3771 1049 cur

2187 1068 2289 1124 hoc
2321 1071 2448 1124 mihi
2475 1072 2674 1127 dictum
2703 1077 2827 1130 est?
2856 1077 3061 1134 Rursus
3079 1080 3125 1133 si
3145 1082 3324 1135 omnia
3348 1081 3578 1137 humana
3605 1099 3769 1141 acoe-

2187 1176 2338 1231 pero,
2371 1164 2534 1218 multa
2565 1176 2926 1237 consequetur
2949 1171 3250 1226 absurditas
3281 1191 3294 1226 :
3319 1188 3442 1228 nam
3473 1174 3660 1231 iisdem
3684 1187 3773 1232 est

2186 1253 2528 1322 passionibus
2552 1259 2844 1315 obnoxium
2871 1272 3050 1332 caput,
3077 1264 3270 1334 quibus
3297 1281 3516 1337 corpus,
3550 1268 3769 1325 iisdem-

2187 1360 2293 1417 que
2320 1348 2426 1402 erit
2451 1348 2761 1405 obnoxium.
2790 1353 2925 1420 Quid
2947 1369 3078 1425 ergo
3104 1357 3535 1426 relinquendum,
3563 1360 3770 1431 etquid

2188 1437 2593 1509 accipiendum?
2617 1442 2984 1514 Relinquenda
3007 1447 3218 1516 quidem
3246 1458 3375 1504 sunt
3392 1465 3455 1505 ea
3485 1466 3607 1521 qua:
3632 1452 3768 1516 dixi,

2189 1531 2499 1602 accipienda
2530 1543 2710 1590 autem
2745 1548 2831 1591 est
2862 1535 3098 1607 perfecta
3144 1540 3272 1593 unio
3301 1549 3355 1595 et
3377 1556 3537 1596 causa
3566 1551 3623 1597 et
3662 1544 3774 1611 pri-

2190 1638 2337 1685 mum
2368 1625 2706 1697 principium.
2760 1627 2945 1698 Neque
2972 1629 3085 1685 haac
3116 1639 3354 1699 temere;
3384 1633 3477 1688 sed
3504 1632 3590 1688 hic
3627 1649 3769 1705 quo—

2189 1731 2292 1788 que
2314 1716 2364 1775 id
2385 1717 2527 1787 quod
2552 1718 2723 1790 majus
2749 1730 2901 1776 estet
2924 1721 3034 1777 Deo
3050 1723 3376 1779 conveniens
3390 1726 3733 1795 cogitandum
3753 1744 3771 1781 :

2192 1825 2313 1864 nam
2336 1819 2391 1865 et
2439 1811 2564 1867 unio
2603 1813 2765 1867 tutior
2803 1822 2858 1868 et
2887 1815 3207 1886 principium
3253 1817 3618 1873 bonorabilius
3660 1830 3768 1874 est.

2191 1900 2395 1958 Rursus
2422 1904 2669 1961 audivisti
2702 1905 2894 1960 Filium
2928 1925 2942 1959 :
2973 1924 3039 1963 ne
3065 1907 3153 1962 hic
3188 1926 3403 1981 quoque
3423 1914 3602 1967 omnia
3630 1913 3777 1968 acci-

2193 1995 2328 2064 pias,
2361 2010 2534 2064 neque
2559 1998 2736 2052 omnia
2759 2000 2971 2069 rejicias
2995 2016 3011 2065 ;
3043 2001 3136 2056 sed
3162 2002 3227 2058 iis
3246 2019 3365 2073 qua:
3386 2005 3549 2060 Deum
3581 2004 3777 2062 decent

2191 2088 2445 2158 acceptis.
2477 2090 2617 2159 quod
2645 2091 2717 2146 sit
2743 2094 3238 2164 consubsmntialis,
3256 2097 3395 2167 quod
3427 2114 3494 2153 ex
3522 2099 3638 2171 ipso
3662 2102 3772 2168 sit;

2192 2181 2310 2251 quib
2351 2182 2578 2239 absurda
2634 2195 2689 2241 et
2726 2202 2844 2255 quze
2877 2187 3200 2244 inﬁrmitatis
3245 2190 3492 2248 humanae
3533 2203 3676 2258 sunt,
3721 2197 3774 2251 in

2195 2282 2336 2330 terra
2369 2277 2635 2347 relinque.
2666 2278 2872 2336 Rursus
2903 2281 3045 2337 Deus
3071 2282 3160 2337 lux
3188 2283 3362 2339 dictus
3391 2285 3482 2339 fuit
3520 2305 3533 2339 :
3561 2303 3771 2357 ergone

2194 2369 2372 2424 omnia
2416 2385 2751 2426 assumemus
2790 2389 2912 2443 quae
2960 2373 3026 2429 ad
3069 2374 3209 2431 hanc
3249 2378 3416 2432 lucrm
3462 2380 3778 2448 prrtinent?

2192 2460 2411 2518 Minime
2439 2481 2453 2517 :
2475 2464 2564 2518 illa
2590 2465 2786 2536 quippe
2808 2466 3039 2522 tenebris
3060 2477 3116 2523 et
3142 2469 3260 2524 loco
3283 2471 3777 2541 circumscribitur,

2195 2561 2250 2606 et
2279 2552 2451 2608 altera
2494 2555 2546 2608 vi
2594 2567 2840 2611 movetur
2868 2567 2918 2612 et
2950 2559 3343 2616 obumbratur:
3389 2578 3613 2634 quorum
3644 2569 3776 2623 nihil

2196 2659 2265 2698 ne
2293 2645 2529 2714 cogitare
2569 2646 2783 2717 quidem
2818 2649 2939 2705 licet
2978 2650 3046 2706 de
3088 2652 3175 2706 illa
3218 2655 3472 2710 essentia.
3505 2656 3611 2711 Sed
3662 2675 3772 2714 non

2198 2734 2320 2796 ideo
2375 2737 2553 2791 omnia
2606 2739 2923 2808 ejiciemus,
2972 2757 3158 2798 verum
3204 2746 3472 2816 quidpiam
3529 2749 3657 2804 utile
3709 2751 3779 2807 ab

2197 2829 2444 2898 exemplo
2470 2829 2857 2900 decerpemus;
2892 2834 3336 2892 illuminationem
3382 2855 3501 2908 quae
3524 2856 3552 2894 a
3587 2842 3695 2897 Deo
3718 2844 3780 2899 in

2198 2934 2297 2974 nos
2322 2930 2531 2988 manat,
2562 2922 2934 2979 liberationem
2956 2941 2986 2979 a
3035 2926 3269 2982 tenebris
3299 2945 3368 2984 ex
3397 2930 3487 2984 illa
3512 2932 3778 3003 colligen-

2199 3018 2301 3065 tes.
2348 3010 2417 3066 Et
2459 3012 2575 3068 haec
2613 3014 2828 3084 quidem
2869 3016 3129 3075 adversus
3160 3019 3478 3088 haereticos;
3506 3024 3615 3094 jam
3652 3041 3783 3083 vero

2202 3112 2369 3158 totum
2401 3105 2573 3160 locum
2597 3116 2923 3176 pertractare
2946 3126 3085 3180 opus
3110 3120 3213 3167 est.
3242 3113 3507 3173 Fortassis
3534 3119 3673 3175 enim
3696 3120 3787 3177 hic

2198 3196 2465 3266 quispiam
2520 3201 2871 3269 quaestionem
2923 3206 3170 3274 moverit,
3216 3209 3356 3277 apud
3392 3225 3452 3265 se
3496 3226 3782 3282 quierens,

2201 3286 2344 3356 quod
2374 3288 2577 3344 crimen
2608 3303 2723 3345 erat
2757 3293 3012 3349 mulieres
3048 3295 3259 3352 detecto
3281 3340 3297 3367 ,
3327 3301 3471 3355 viros
3513 3310 3654 3358 tecto
3681 3320 3779 3358 ca-

2202 3381 2313 3449 pite
2343 3382 2500 3437 esse?
2539 3382 2691 3450 Quod
2733 3386 2806 3440 sit
2839 3387 3042 3443 crimen
3092 3387 3242 3452 illud.
3288 3389 3413 3447 hinc
3457 3393 3569 3465 jam
3613 3394 3783 3453 disce.

2202 3472 2360 3543 Signa
2387 3475 2507 3531 data
2538 3488 2662 3534 sunt
2688 3478 2803 3535 viro
2832 3489 2888 3535 et
2915 3482 3123 3537 mulieri
3154 3484 3316 3539 multa
3347 3486 3449 3541 alia
3474 3528 3490 3551 ,
3520 3487 3595 3543 illi
3617 3488 3788 3559 impe-

2204 3570 2291 3635 rii,
2320 3570 2447 3625 huic
2474 3571 2822 3640 subjectionis
2851 3589 2865 3626 :
2897 3588 3019 3628 cum
3049 3573 3131 3627 his
3157 3585 3336 3630 autem
3365 3584 3420 3631 et
3446 3576 3577 3633 illud
3603 3621 3618 3643 ,
3640 3579 3785 3650 quod

2204 3663 2289 3716 illa
2321 3662 2533 3733 quidem
2569 3674 2792 3733 tegatur,
2830 3665 2915 3718 hic
2944 3681 3072 3721 vero
3096 3666 3239 3721 nudo
3263 3668 3438 3738 capite
3460 3670 3549 3726 sit.
3581 3672 3635 3727 Si
3656 3687 3789 3740 ergo

2202 3756 2351 3826 signa
2399 3756 2509 3810 sint
2561 3754 2711 3821 hinc,
2771 3757 2931 3812 ambo
2972 3768 3232 3829 peccant,
3278 3759 3517 3816 ordinem
3565 3763 3790 3818 turban-

2207 3858 2287 3905 tes
2316 3858 2370 3903 et
2406 3849 2496 3903 Dci
2544 3858 2868 3920 prmeeptmn
2918 3851 3271 3923 propriosque
3315 3853 3635 3909 excedentes
3679 3865 3793 3911 ter-

2209 3941 2418 4003 minos;
2455 3941 2545 3996 ille
2585 3942 2799 4011 quidem
2849 3942 3104 3999 decidens
3135 3944 3186 3999 in
3231 3944 3466 4000 mulieris
3502 3946 3786 4015 vilitatem,

2209 4032 2295 4087 illa
2327 4041 2501 4086 autem
2534 4035 2585 4086 in
2619 4033 2788 4086 virum
2816 4033 3096 4104 insurgens
3123 4051 3219 4105 per
3263 4035 3523 4091 habitum.
3552 4036 3611 4093 Si
3641 4039 3786 4094 enim

2209 4133 2410 4179 vestem
2440 4134 2645 4180 imitare
2672 4141 2775 4178 non
2808 4126 2949 4192 licet,
2976 4141 3149 4196 neque
3177 4126 3250 4181 illi
3279 4126 3359 4182 fas
3397 4137 3481 4183 est
3506 4129 3791 4202 chlamyde

2212 4217 2379 4283 indui,
2410 4232 2581 4287 neque
2602 4218 2716 4272 viro
2738 4217 2874 4286 palla
2904 4226 2960 4273 et
2988 4226 3333 4289 tegumenta:
3359 4218 3484 4274 Non
3504 4221 3597 4275 erit
3624 4223 3791 4289 enim,

2212 4310 2404 4381 inquit,
2429 4311 2520 4365 viri
2536 4320 2752 4365 ornatus
2775 4328 2927 4382 super
2956 4312 3238 4377 mulierem,
3267 4329 3427 4383 neque
3452 4313 3690 4369 induatur
3714 4317 3793 4369 vir

2211 4413 2343 4458 ueste
2370 4405 2600 4458 muliebri
2627 4403 2803 4475 (Deut.
2829 4403 2922 4459 22.
2946 4404 3034 4476 5);
3068 4406 3236 4458 multo
3263 4406 3434 4476 magis
3457 4406 3573 4461 hare
3593 4407 3786 4461 mutari

2216 4510 2320 4549 non
2351 4503 2581 4565 oportet.
2614 4495 2709 4549 lla:
2738 4496 2955 4566 quidem
2984 4496 3123 4566 apud
3166 4498 3409 4553 homines
3440 4499 3629 4569 posita:
3671 4507 3798 4554 sunt

2217 4585 2363 4655 leges
2387 4625 2402 4650 ,
2428 4586 2636 4640 etiamsi
2681 4587 2819 4642 Deus
2847 4588 2963 4642 illas
2990 4598 3172 4659 postea
3194 4591 3597 4646 cnnlirmaverit
3625 4608 3638 4644 :
3667 4590 3798 4647 illud

2216 4687 2392 4730 autem
2419 4691 2449 4731 a
2475 4686 2686 4744 natura,
2714 4679 2853 4748 quod
2883 4688 3111 4750 tegatur,
3138 4680 3285 4749 dico,
3317 4683 3401 4737 rel
3432 4699 3538 4737 non
3568 4693 3796 4755 tegatur.

2218 4770 2351 4824 Cum
2376 4779 2554 4825 autem
2582 4780 2826 4825 naturam
2857 4774 3090 4842 profero,
3122 4773 3460 4829 Deumdico:
3485 4774 3575 4830 ille
3603 4775 3803 4846 quippe

2221 4874 2464 4919 naturam
2492 4865 2715 4920 creavit.
2747 4865 2880 4920 Cum
2923 4882 3051 4938 ergo
3081 4868 3341 4923 terminos
3383 4868 3545 4923 hosce
3570 4867 3805 4924 subver-

2224 4957 2372 5022 teris,
2405 4956 2527 5012 vide
2555 4966 2750 5027 quanta
2783 4957 2908 5013 hinc
2948 4962 3191 5015 oriantur
3216 4960 3432 5016 damna.
3461 4960 3646 5030 Neque
3674 4960 3807 5016 mihi

2223 5051 2326 5107 hoc
2369 5051 2514 5107 dicas
2558 5065 2778 5121 parvum
2821 5068 2943 5108 esse
2973 5064 3247 5124 peccatum
3280 5073 3293 5109 :
3323 5069 3570 5126 magnum
3611 5056 3811 5126 quippe

2225 5156 2307 5199 cst
2336 5161 2430 5214 per
2457 5158 2516 5198 se
2549 5162 2560 5196 :
2592 5159 2712 5198 nam
2740 5156 2821 5201 est
2859 5146 3236 5203 inobedicntia.
3269 5147 3493 5203 Etiamsi
3524 5162 3654 5203 vero
3681 5162 3810 5217 par-

2225 5253 2347 5290 vum
2379 5246 2539 5301 esset,
2565 5253 2814 5309 magnum
2845 5239 3013 5307 ﬁeret,
3039 5242 3161 5309 quia
3184 5255 3491 5312 magnarum
3517 5256 3701 5298 rerum
3728 5248 3815 5296 est

2227 5330 2548 5402 symbolum.
2573 5331 2725 5398 Quod
2750 5343 2929 5388 autem
2948 5350 3196 5405 maguum
3219 5336 3309 5400 sit,
3333 5335 3507 5406 palam
3528 5351 3594 5391 ex
3622 5350 3689 5390 eo
3703 5343 3812 5399 est,

2227 5421 2370 5492 quod
2398 5422 2578 5490 generi
2597 5422 2832 5478 humano
2848 5433 2955 5480 tam
2980 5427 3257 5496 ptilcbrum
3284 5427 3520 5496 pra-beat
3542 5427 3813 5488 ordinem.

2232 5515 2580 5583 imperantem
2604 5522 2666 5569 et
2707 5515 3000 5584 subjectam
3045 5520 3096 5572 in
3141 5529 3331 5573 ornatu
3363 5518 3575 5575 decenti
3612 5520 3818 5573 consti-

2234 5613 2408 5659 tuens.
2440 5605 2623 5675 itaque
2650 5607 2741 5677 qui
2758 5608 3156 5680 transgreditur
3179 5651 3195 5678 ,
3222 5612 3401 5665 omnia
3431 5610 3734 5671 confundit,
3764 5620 3821 5664 ct

2233 5700 2328 5756 Dei
2364 5700 2500 5756 dona
2541 5702 2739 5772 prodit,
2786 5714 2840 5760 et
2882 5718 3115 5775 superne
3163 5705 3266 5760 sibi
3313 5704 3497 5761 datum
3557 5704 3818 5759 honorent

2236 5794 2622 5866 bumiahjioit;
2645 5812 2756 5853 non
2786 5797 2871 5852 vir
2900 5796 3060 5854 modo
3079 5840 3095 5868 ,
3120 5795 3220 5854 sed
3248 5797 3409 5854 etiam
3437 5797 3630 5854 mulier
3684 5794 3820 5857 Nam
