4094 6222
368 355 485 411 ὶέδ

370 470 469 524 καὶ
492 469 569 534 ὡς
600 468 882 539 ὁμότιμος.
920 466 1028 520 Καὶ
1057 469 1085 521 ὁ
1108 466 1233 531 Υἱὸς
1267 464 1344 532 δὲ,
1375 468 1422 519 εί
1459 467 1550 520 καὶ
1582 468 1820 539 ὑπήκοος
1847 469 1943 538 γέ-

368 571 493 623 γονε
520 554 601 625 τῷ
634 552 844 623 110191,
880 550 992 604 ἀλλ’
1043 551 1120 615 ὡς
1153 551 1279 611 Υίὸς
1308 549 1474 613 Θεοῦ,
1523 551 1637 605 ἀλλ’
1678 552 1753 615 ὡς
1784 553 1936 617 Θεός.

368 638 585 708 Ὥσπερ
617 637 727 706 γὰρ
758 633 958 687 πλείων
985 636 1018 705 ἡ
1049 632 1198 706 [250]
1227 631 1398 687 πειθὼ
1426 633 1506 704 τῷ
1536 633 1650 705 Υίῷ
1685 634 1815 701 πρὸς
1851 635 1941 687 τὸν

369 721 615 791 Πατέρα,
644 720 677 791 ἢ
708 721 820 782 τοῖς
856 718 1163 789 ἀνθρώποις
1197 716 1332 788 πρὸς
1363 718 1489 781 τοὺς
1522 716 1939 786 γεγεννηκότας·

369 804 514 858 οὓτω
543 803 641 857 καὶ
668 804 702 870 ἠ
736 801 1019 871 ἐλευθερία
1056 800 1276 872 μείζων.
1305 801 1380 854 Οὑ
1411 801 1519 873 γὰρ
1547 801 1720 872 δήπου
1744 801 1814 853 τὰ
1846 800 1942 869 μὲν

370 886 463 940 τοῦ
499 886 634 940 Υίοῦ
670 885 809 957 πρὸς
841 885 933 940 τὸν
972 885 1191 955 Πατέρα
1241 884 1462 953 μείζονα
1497 882 1605 937 τῶν
1644 881 1942 952 ἀνθρώπων

369 971 465 1024 καὶ
514 969 881 1040 γνησιώτερα,
930 968 999 1022 τὰ
1036 968 1093 1021 δὲ
1130 966 1222 1021 τοῦ
1259 968 1473 1038 Πατρὸς
1503 967 1642 1038 πρὸς
1689 965 1781 1018 τὸν
1817 965 1941 1017 Υίὸν

368 1055 652 1107 ἐλάττονα.
683 1053 746 1105 Εἰ
768 1052 877 1122 γὰρ
906 1050 1255 1121 θαυμάζομεν
1281 1050 1374 1103 τὸν
1403 1051 1552 1114 Υίὸνδ
1584 1051 1666 1102 ὃτι
1697 1048 1939 1119 ὑπήκου-

370 1137 589 1201 σεν,ιὼς
613 1138 709 1190 καὶ
731 1136 893 1206 μέχρι
917 1134 1150 1187 Θανάτου
1181 1133 1377 1198 ἐλθεῖν,
1404 1135 1498 1186 καὶ
1523 1132 1751 1185 θανάτου
1778 1147 1941 1183 σταυ-

368 1221 488 1294 ροῦ,
506 1222 600 1273 καὶ
622 1219 803 1289 θαῦμα
818 1217 984 1271 αὑτοῦ
1009 1218 1149 1288 μέγα
1171 1215 1431 1287 τιθέμεθα
1446 1214 1621 1269 τοῦτο·
1641 1213 1940 1284 θαυμάζειν

359 1308 446 1359 δεῖ
473 1304 569 1357 καὶ
596 1304 689 1356 τὸν
718 1303 935 1374 Πατέρα
954 1340 970 1364 ,
998 1303 1079 1354 ὃτι
1103 1299 1345 1355 τοιοῦτον
1379 1299 1665 1370 ἐγέννησεν
1684 1339 1701 1365 ,
1731 1300 1830 1371 οὑχ
1865 1299 1940 1363 ὡς

360 1388 551 1440 δοῦλον
580 1386 1017 1456 ἐπιταττόμενον,
1044 1384 1160 1438 ἀλλ’
1187 1384 1262 1448 ὼς
1292 1382 1572 1453 ἐλεύθερον
1595 1382 1939 1435 ὑπακούοντα

363 1474 462 1525 καὶ
501 1471 803 1542 σύμϐουλον
837 1471 996 1523 ὅντα·
1037 1470 1067 1522 ὀ
1108 1468 1218 1538 7&9
1259 1467 1562 1538 σύμϐουλος
1614 1466 1676 1519 οὑ
1732 1464 1936 1530 δοῦλος.

362 1555 677 1626 Σύμϐουλον
704 1554 761 1607 δὲ
782 1554 911 1607 ὅταν
932 1552 1170 1623 ἀκούσῃς
1192 1551 1376 1612 πάλιν,
1401 1550 1477 1620 μὴ
1505 1549 1580 1609 ὡς
1608 1548 1703 1602 τοῦ
1728 1547 1940 1618 Πατρὸς

362 1638 557 1702 ἐώεῶς
586 1638 799 1708 ἔχοντος
828 1636 1016 1701 ἄκουε,
1060 1635 1176 1689 ἀλλ’
1211 1634 1287 1698 ὡς
1313 1633 1407 1688 τοῦ
1449 1632 1645 1696 Παιδὸς
1672 1632 1935 1701 ὀμοτίμου

362 1723 502 1794 πρὸς
527 1723 620 1775 τὸν
649 1719 1037 1791 γεγεννηκότα.
1066 1718 1159 1789 Μὴ
1191 1718 1372 1771 τοίνυν
1402 1718 1482 1780 είς
1515 1714 1693 1768 πάντα
1726 1714 1851 1766 ἐλκε
1876 1712 1937 1766 τὸ

360 1804 714 1876 παράδειγμα
735 1801 829 1855 τοῦ
852 1801 1044 1873 ἀνδρὸς
1073 1802 1169 1855 καὶ
1199 1800 1299 1871 τῆς
1336 1799 1612 1869 γυναικός.
1644 1798 1782 1870 Παρ“
1804 1799 1936 1868 ἡμῖν

361 1890 465 1960 μὲν
502 1887 610 1959 γὰρ
647 1886 872 1950 εἰκότως
909 1885 1271 1938 ὑποτέτακται
1306 1880 1384 1952 τῷ
1411 1881 1566 1951 ἀνδρὶ
1611 1882 1646 1953 ἦ
1697 1882 1859 1950 γυνή’
1901 1881 1935 1950 ἡ

359 1975 468 2043 7&9
508 1970 751 2041 ἰσοτιμία
787 1969 969 2040 μάχην
1008 1970 1171 2021 ποιεῖ·
1216 1968 1310 2020 καὶ
1339 1966 1400 2019 οὑ
1428 1966 1517 2019 διὰ
1559 1965 1716 2043 τοῦτο
1751 1965 1933 2037 μόνον,

356 2042 499 2111 ἀλλά
538 2056 632 2109 καὶ
658 2054 747 2108 διὰ
773 2052 871 2124 τὴν
911 2053 1126 2121 ἀπάτην
1154 2051 1253 2121 τὴν
1283 2048 1436 2120 παρὰ
1464 2049 1563 2120 τὴν
1591 2042 1765 2120 ἀρχὴν
1797 2066 1936 2117 συμ-

354 2144 560 2196 ϐἄσαν.
598 2139 699 2192 Διά
724 2156 806 2191 τοι
831 2136 989 2190 τοῦτο
1016 2134 1282 2207 γενομένη
1335 2135 1435 2205 μὲν
1474 2132 1676 2197 εὑθέως
1704 2134 1803 2203 οὑχ
1833 2133 1935 2184 ὑπ-

355 2227 556 2293 ετάγη·
589 2222 712 2277 οὔτε
738 2223 865 2275 ὅταν
894 2220 1062 2290 αὑτὴν
1085 2220 1263 2291 ἤγαγε
1294 2219 1433 2289 πρὸς
1464 2217 1555 2270 τὸν
1590 2216 1780 2288 ἄνδρα,
1810 2214 1935 2268 οὔτε

350 2314 501 2384 αὑτὴ
527 2312 728 2383 ἤκουσέ
751 2328 803 2363 τι
829 2310 978 2381 παρὰ
1007 2308 1100 2361 τοῦ
1130 2307 1264 2361 Θεοῦ
1292 2306 1551 2371 τοιοῦτον,
1580 2305 1704 2359 οὒτε
1735 2308 1763 2358 6
1792 2306 1934 2377 ἀνὴρ

348 2396 478 2452 εἶπέ
508 2415 562 2450 τι
593 2397 728 2469 1:96;
757 2395 927 2464 αὑτὴν
959 2392 1217 2445 τοιοῦτον·
1246 2391 1363 2444 ἀλλ’
1401 2391 1485 2444 ὅτι
1530 2391 1628 2461 μὲν
1654 2388 1843 2443 ὀστοῦν
1871 2392 1935 2443 ἐκ

349 2482 468 2536 τῶν
497 2481 671 2535 ὀστῶν
694 2478 881 2541 αὑτοῦ,
906 2478 997 2530 καὶ
1027 2476 1162 2548 σάρξ
1182 2477 1247 2529 ἐκ
1268 2474 1378 2529 τῶν
1408 2474 1627 2546 σαρκῶν
1654 2474 1819 2528 αὑτοῦ
1842 2470 1931 2545 ἦν,

350 2566 532 2622 εἶπεν·
559 2565 732 2637 ἀρχῆς
753 2565 809 2617 δὲ
838 2560 1075 2632 οὐδαμοῦ
1100 2560 1219 2614 οὑδὲ
1245 2559 1524 2629 ὑποταγῆς
1558 2559 1933 2629 ἐμνημόνευσε

350 2654 499 2724 πρὸς
528 2651 699 2720 αὑτήν
717 2663 732 2680 ·
764 2650 855 2701 ὅτε
885 2646 942 2700 δὲ
971 2644 1158 2707 κακῶς
1185 2645 1455 2715 ἐχρήσατο
1482 2645 1549 2714 τῇ
1575 2642 1813 2714 ἐξουσία,
1842 2644 1934 2696 καὶ

348 2740 387 2808 ἡ
425 2734 693 2805 γενομένη
744 2731 936 2803 βοηθὸς
992 2727 1275 2792 ἐπίϐουλος
1327 2727 1557 2797 εὑρέθη,
1606 2729 1700 2780 καὶ
1756 2728 1935 2781 πάντα

350 2820 631 2880 ἀπώλεσε,
663 2817 785 2871 τότε
814 2814 1002 2869 ἀκούει
1030 2812 1252 2876 δικαίως
1279 2812 1483 2866 λοιπόν·
1514 2812 1673 2881 Πρὸς
1698 2813 1805 2866 τὸν
1828 2814 1934 2866 ἄν-

349 2902 470 2971 δρα
494 2916 613 2956 σου
639 2902 677 2968 ἡ
719 2895 1073 2966 ἀποστροφή
1102 2913 1239 2949 σου.
1280 2894 1500 2965 Ἐπειδὴ
1540 2896 1651 2966 7&9
1691 2895 1837 2959 εἰκὸς
1864 2891 1932 2966 ἦν

349 2988 455 3058 τὴν
513 2984 787 3055 ἁμαρτίαν
844 2981 1053 3052 ταύτην
1109 2979 1492 3049 ἐκπολεμῶσαι
1551 2980 1612 3033 τὸ
1666 2979 1820 3048 γένος
1872 2981 1933 3034 τὸ

351 3071 624 3141 ἡμέτερον
653 3065 811 3137 (οὑδέ
841 3064 948 3136 7&9
980 3064 1045 3117 ἂν
1082 3063 1259 3134 ὤνησέ
1295 3081 1349 3116 τι
1387 3066 1466 3127 είς
1508 3065 1730 3135 εἰρήνην
1767 3064 1829 3117 τὸ
1873 3065 1931 3132 ἐξ

348 3152 525 3207 αὑτοῦ
548 3149 898 3221 γεγενῆσθαι,
925 3147 1115 3201 τούτου
1150 3147 1486 3217 συμϐάντος·
1521 3148 1637 3200 ἀλλ’
1672 3149 1800 3202 αὑτὸ
1832 3150 1931 3217 μὲν

345 3234 448 3292 οὖν
471 3236 633 3290 τοῦτο
656 3234 752 3288 καὶ
797 3232 1129 3305 τραχύτερον
1164 3233 1230 3287 ἂν
1259 3233 1481 3302 ἐποίησε
1523 3233 1613 3287 τὸν
1650 3234 1840 3305 ἄνδρα,
1872 3238 1931 3290 τὸ

355 3319 497 3390 μηδὲ
534 3317 629 3371 τοῦ
682 3316 884 3370 οἰκείου
936 3315 1224 3384 φείσασθαι
1277 3316 1470 3387 μέλους
1525 3316 1622 3387 τὴν
1668 3318 1727 3386 ἐξ
1764 3319 1930 3373 αὑτοῦ

349 3401 656 3472 γενομένην
684 3400 724 3472 )·
761 3399 986 3453 συνιδὼν
1014 3399 1112 3470 τὴν
1139 3399 1231 3453 τοῦ
1257 3399 1501 3453 διαϐόλου
1536 3403 1872 3473 κακουργίαν
1903 3408 1931 3458 ὁ

346 3486 511 3549 Θεὸς,
544 3484 848 3554 ἐπετείχισε
868 3482 1020 3535 τουτὶ
1044 3484 1104 3536 τὸ
1133 3484 1305 3554 ῥῆμα,
1344 3486 1437 3538 καὶ⁵
1460 3484 1559 3557 τὴν
1587 3487 1652 3539 ἐκ
1679 3491 1777 3559 τῆς
1812 3490 1931 3541 ἐπισ

350 3566 555 3636 ϐουλῆς
585 3564 882 3635 μέλλουσαν
916 3564 1213 3634 ἀπέχθειαν
1239 3564 1457 3620 ἔσεσθαι
1482 3567 1570 3620 διά
1597 3570 1696 3639 τῆς
1719 3570 1931 3638 ἀποφά-

350 3669 497 3714 σεως
524 3651 727 3719 ταύτης
759 3649 958 3712 ἀνεῖλε,
993 3651 1088 3702 καὶ
1113 3649 1211 3720 τῆς
1241 3650 1534 3721 ἐπιθυμίας
1558 3651 1659 3721 τῆς
1687 3653 1928 3724 ἐμφύτου

351 3737 607 3806 καθάπερ
641 3734 952 3805 μεσότοιχον
994 3733 1355 3798 κατασπάσας
1390 3735 1490 3805 τὴν
1518 3736 1583 3788 ἐκ
1620 3735 1722 3805 τῆς
1749 3738 1931 3807 ἀμαρο

349 3822 475 3884 τίας
505 3819 892 3891 μνησικακίαν.
932 3816 1072 3870 Ἀλλ’
1093 3818 1188 3871 ἐπὶ
1211 3818 1305 3872 τοῦ
1322 3819 1458 3873 Θεοῦ
1474 3822 1570 3874 καὶ
1593 3821 1693 3891 τῆς
1725 3822 1930 3892 ἀκηρά-

348 3926 449 3963 του
471 3909 655 3972 οὑσίας
685 3907 901 3977 ἐκείνης
926 3905 1074 3960 οὐδὲν
1095 3905 1338 3959 τοιοῦτον
1382 3906 1528 3960 ἐστιν
1566 3907 1925 3963 ὑποπτεῦσαι.

348 3993 451 4063 Μὴ
472 3994 651 4045 τοίνυν
676 3990 818 4067 κατά
841 3993 1058 4043 πάντων
1077 3989 1231 4060 δέχου
1251 3989 1321 4041 τὰ
1343 3990 1780 4060 παραδείγματα
1808 3994 1929 4045 ἐπεὶ

310 4127 319 4133 ,
347 4082 455 4133 καὶ
476 4077 704 4148 ἀλλαχοῦ
730 4076 897 4129 πολλά
916 4075 1166 4129 ἐντεῦθεν
1190 4076 1494 4150 ἀπαντήσει
1514 4076 1727 4146 χαλεπά
1747 4078 1928 4149 ἁμαρ-

345 4165 603 4236 τήματα.
630 4162 737 4214 Καὶ
764 4160 870 4231 7&9
899 4159 998 4213 καὶ
1028 4161 1085 4211 ἐν
1124 4159 1433 4231 προοιμίοις
1469 4159 1569 4230 τῆς
1609 4161 1927 4231 Ἐπιστολῆς

344 4248 513 4314 ἔλεγε
534 4262 552 4276 ·
584 4243 780 4298 Πάντα
800 4244 965 4314 ὑμῶν
987 4243 1176 4305 ἐστιν,
1212 4241 1381 4312 ὑμεῖς
1402 4241 1473 4295 δὲ
1492 4243 1768 4310 Χριστοῦ,
1795 4247 1928 4312 Χρι-

341 4329 504 4394 στὸς
531 4326 602 4380 δὲ
630 4327 797 4381 Θεοῦ.

416 4428 490 4490 γ’.
512 4420 579 4473 Τί
605 4415 731 4484 06v;
763 4418 964 4490 ὁμοίως
989 4419 1022 4488 ὴ
1033 4418 1147 4487 μῶν
1175 4415 1244 4470 τὰ
1278 4419 1475 4483 πάντα,
1515 4418 1608 4473 καὶ
1635 4421 1797 4492 ἡμεῖς
1834 4422 1926 4475 τοῦ

348 4503 613 4575 Χριστοῦ,
660 4505 755 4556 καὶ
787 4506 816 4556 ὀ
852 4501 1085 4574 Χριστὸς
1127 4501 1221 4554 τοῦ
1271 4501 1436 4567 Θεοῦ;
1470 4502 1753 4574 Οὐδαμῶς,
1793 4504 1928 4558 ἀλλά

349 4591 443 4642 καὶ
494 4591 611 4650 τοῖς
664 4586 869 4657 σφόδρα
922 4586 1169 4656 ἀνοήτοις
1196 4585 1327 4657 δήλη
1355 4587 1388 4655 ἡ
1413 4584 1664 4658 διαφορά,
1698 4589 1745 4641 εί
1773 4591 1865 4643 καὶ
1891 4592 1923 4662 ἡ

350 4672 491 4742 αὑτὴ
523 4672 681 4743 ῥῆσις
710 4670 803 4722 ἐπὶ
833 4668 927 4722 τοῦ
958 4668 1092 4722 Θεοῦ
1136 4669 1231 4721 καὶ
1258 4667 1351 4721 τοῦ
1380 4670 1616 4741 Χριστοῦ
1650 4673 1743 4725 καὶ
1773 4672 1928 4743 ἡμῶν

350 4754 586 4825 εἴρηται.
614 4754 724 4807 Καὶ
745 4751 977 4823 ἀλλαχοῦ
1005 4752 1063 4806 δὲ
1082 4750 1321 4822 κεφαλὴν
1341 4751 1509 4807 είπὼν
1530 4752 1621 4807 τὸν
1644 4755 1811 4827 ἄνδρα
1829 4757 1928 4826 τῆς

348 4837 633 4906 Τυναικὸς,
664 4837 962 4907 ἐπήγαγεν·
997 4836 1208 4906 Ὥσπερ
1252 4836 1347 4888 καὶ
1375 4837 1403 4889 ὁ
1440 4836 1675 4907 Χριστὸς
1717 4840 1927 4911 κεφαλὴ

348 4922 445 4974 καὶ
464 4921 661 4991 Σωτήρ
690 4922 807 4973 ἐστι
828 4920 927 4991 τῆς
964 4918 1288 4991 Ἑκκλησίας
1314 4920 1408 4973 καὶ
1433 4922 1759 4991 προστάτης,
1787 4922 1929 4977 οὑτω

348 5008 443 5059 καὶ
461 5008 492 5059 6
514 5005 655 5075 ἀνὴρ
673 5004 880 5074 ὀφείλει
908 5004 1008 5075 τῆς
1033 5003 1196 5057 αὑτοῦ
1222 5006 1477 5072 γυναικὸς
1502 5001 1659 5061 εἶναι.
1685 5002 1813 5079 Ἀρ*
1834 5007 1928 5062 οὖν

349 5088 554 5159 ὁμοίως
580 5086 930 5158 ἐκληψόμεθα
969 5088 1031 5139 τὸ
1081 5088 1389 5157 εἰρημένον,
1423 5088 1698 5142 καὶτοῦτο
1731 5090 1828 5143 καὶ
1861 5092 1929 5146 τὰ

355 5172 494 5240 μετά
524 5171 715 5225 τούτου
739 5171 954 5225 ἅπαντα
989 5171 1255 5240 Ἐφεσίοις
1284 5172 1659 5243 ἐπεσταλμένα
1683 5174 1927 5246 περὶτῆς

349 5255 662 5318 ὑποθέσεως
708 5252 946 5324 ταύτης;
981 5257 1231 5323 ’Λπαγεῐ
1267 5255 1386 5308 οὑδέ
1419 5256 1526 5326 γὰρ
1567 5256 1808 5310 δυνατόν.
1845 5259 1927 5313 'l'&

347 5342 457 5408 7&9
502 5339 642 5391 αὑτᾶ
683 5340 903 5408 ῥήματα
956 5338 1170 5405 λέγεται
1217 5339 1314 5409 μὲν
1356 5339 1446 5391 ἐπὶ
1479 5338 1614 5391 Θεοῦ
1652 5339 1928 5412 [Ξ51]καὶ

344 5423 672 5491 ἀνθρώπων·
713 5422 831 5474 ἀλλ’
870 5422 1069 5493 ἐτέρως
1111 5422 1209 5492 μὲν
1246 5424 1428 5475 ἐκεῖνα
1455 5422 1693 5493 νοητέον,
1728 5426 1927 5496 ἑτέρως

341 5509 398 5560 δὲ
443 5506 641 5561 ταῦτα·
675 5507 734 5558 οὑ
782 5506 891 5577 μὴν
930 5507 1088 5561 πάλιν
1115 5507 1292 5560 πάντα
1328 5506 1767 5578 ἐξηλλαγμένως·
1804 5511 1927 5563 ἐπεὶ

342 5591 507 5644 πάλιν
543 5590 670 5660 είκῆ
711 5590 804 5642 καὶ
839 5591 1012 5660 μάτην
1041 5589 1407 5660 παρειλῆφθαι
1448 5589 1608 5656 δόξει.
1637 5592 1791 5645 οὐδὲν
1831 5596 1925 5647 ἀπ’

337 5674 523 5728 αὑτῶν
574 5674 975 5745 καρπουμένων
1026 5675 1202 5744 ἡμῶν.
1247 5674 1458 5745 ’Ὠσπερ
1485 5674 1592 5746 7&9
1643 5676 1703 5730 06
1750 5677 1927 5731 πάντα

339 5759 544 5825 ὁμοίως
580 5758 905 5829 ἐκληπτέον,
944 5756 1116 5822 οὑτως
1144 5757 1265 5810 οὑδέ
1294 5757 1469 5810 πάντα
1511 5757 1695 5822 ἁπλῶς
1725 5761 1924 5832 ἐκϐλη-

338 5842 483 5896 τέον.
515 5842 635 5894 Ἵνα
670 5841 729 5894 δέ
766 5841 794 5894 6
822 5840 984 5910 λέγω,
1013 5842 1236 5912 γένηται
1272 5840 1620 5913 σαξὲστερον,
1660 5844 1751 5896 ἐπὶ
1799 5846 1928 5899 ὑπο-

344 5923 636 5994 ίείγματος
657 5923 790 5978 αὑτὸ
817 5923 1146 5996 πειράσομαι
1174 5925 1392 5995 ποιῆσαι
1424 5926 1669 5997 φανερόν.
1698 5927 1922 6000 Εἴρηται

1378 349 1448 405 IN
1488 350 1706 406 EPIST.
1741 351 1762 406 ἰ
1800 353 1891 408 AD
1922 353 2081 411 COR.
2115 353 2353 410 HOMIL.
2395 352 2561 409 XXVI

3508 358 3613 414 916

2052 470 2258 541 κεφαλὴ
2291 473 2390 540 τῆς
2420 470 2739 540 Ἐκκλησίας
2765 474 2793 525 ό
2827 471 3076 542 Χριστός·
3111 470 3176 526 ἂν
3206 471 3370 543 μηδὲν
3390 459 3506 525 ἀπε
3521 489 3615 527 του

2052 553 2393 622 ἀνθρωπίνου
2431 553 2598 619 λάϐω,
2631 555 2681 607 τί
2729 571 2817 623 μοι
2857 556 2949 609 καὶ
2977 555 3191 627 εἴρηται
3230 553 3417 620 τοῦτο;
3451 555 3617 610 Πάλιν

2050 638 2115 692 ἂν
2153 637 2366 691 ἅπαντα
2408 636 2574 702 λάϐω,
2628 639 2795 709 πολλὴ
2837 639 3023 709 ἕψεται
3072 640 3106 709 ἡ
3153 638 3362 707 ἀλογία·
3387 639 3481 693 καὶ
3507 639 3619 711 7&9

2047 720 2379 792 ὁμοιοπαθὴς
2414 718 2746 791 τῴκσὼματι
2792 723 2824 791 ἡ
2875 720 3104 792 κεφαλὴ,
3140 724 3234 775 καὶ
3280 724 3393 784 τοῖς
3434 723 3617 786 αὐτοῖς

2050 804 2365 867 ὑπεύθυνος.
2384 805 2448 857 Τί
2475 801 2568 859 οὖν
2591 805 2673 859 δεῖ
2691 807 2926 875 ἀφεῖναι,
2961 807 2998 879 ἢ
3029 807 3081 860 τί
3112 806 3335 873 λαϐεῖν;
3378 807 3618 877 ’Δφεῖναι

2051 888 2152 957 μὲν
2177 886 2351 942 ταῦτα
2381 888 2418 943 ἃ
2438 885 2612 952 εἷπον,
2642 889 2826 943 λαϐεῖν
2862 891 2916 944 δέ
2941 891 3133 946 ἐνωσιν
3157 890 3381 961 ἀκριϐῆ,
3412 890 3509 945 καὶ
3531 894 3618 945 αἰ-

2045 972 2168 1025 τίαν
2204 972 2299 1025 καὶ
2327 973 2502 1043 ἀρχὴν
2524 985 2551 1014 ι
2572 973 2672 1043 τὴν
2695 973 2936 1045 πρώτην·
2963 974 3199 1028 καὶοὺδέ
3213 974 3384 1028 ταῦτα
3407 973 3614 1037 ἁπλῶς,

2046 1055 2183 1109 ἀλλὰ
2210 1056 2304 1109 καὶ⁵
2324 1056 2557 1110 ἐνταῦθα
2587 1056 2649 1109 τὸ
2677 1058 2858 1127 μεῖζον
2884 1057 3095 1111 οῐκοθεν
3122 1061 3354 1112 ἐπινοεῖν
3382 1058 3477 1112 καὶ
3496 1057 3615 1129 Θεῷ

2048 1140 2276 1210 πρέπον·
2314 1141 2408 1193 καὶ
2434 1140 2544 1211 7&9
2573 1142 2607 1211 ἡ
2632 1142 2823 1205 ἐνωσις
2856 1142 3255 1213 ἀσφαλεστέρα,
3290 1143 3383 1196 καὶ
3406 1145 3440 1213 ὴ
3471 1142 3613 1212 ἀρχὴ

2046 1218 2361 1288 τιμιωτέρα.
2395 1220 2563 1274 Πάλιν
2595 1220 2834 1291 ήκουσας
2869 1222 3014 1274 Υίόν·
3050 1223 3125 1293 μὴ
3154 1222 3331 1275 πάντα
3371 1220 3504 1292 μηδέ
3528 1222 3616 1273 ἐν-

2045 1301 2217 1355 ταῦθα
2268 1302 2456 1375 λάϐῃς,
2499 1303 2633 1357 ἀλλά
2680 1304 2814 1376 μηδὲ
2863 1305 3038 1358 πάντα
3080 1303 3336 1376 ἐκϐάλῃς,
3373 1302 3486 1357 ἀλλ’
3519 1304 3619 1357 ὅσα

2044 1383 2164 1453 Θεῴ
2194 1386 2390 1457 πρέπει
2427 1386 2736 1458 δεξάμενος,
2768 1389 2849 1442 ὅτι
2877 1388 3178 1459 ὀμοοὺσιος,
3218 1391 3299 1443 ὅτι
3338 1386 3397 1452 ἐξ
3430 1387 3617 1450 αὑτοῦ,

2044 1465 2112 1517 τὰ
2156 1465 2331 1519 ἄτοπα
2380 1469 2475 1521 καὶ
2525 1468 2806 1533 ἀσθενείας
2848 1471 2978 1523 ὄντα
3008 1469 3376 1539 ἀνθρωπίνης,
3406 1468 3497 1520 ἐπὶ
3520 1467 3619 1535 τῆς

2044 1550 2149 1618 γῆς
2172 1551 2255 1604 ἔα.
2284 1551 2514 1623 Εἴρηται
2546 1554 2661 1623 φῶς
2681 1557 2709 1609 6
2727 1555 2860 1618 Θεὸς
2889 1554 3069 1608 πάλιν·
3097 1550 3183 1624 ἆρ’
3208 1549 3300 1607 οὖν
3331 1553 3507 1606 πάντα
3534 1551 3619 1605 δε-

2044 1635 2267 1706 ξόμεθα,
2305 1638 2406 1692 ὃσα
2438 1638 2533 1692 τοῦ
2567 1641 2743 1710 φωτὸς
2781 1641 3003 1705 τούτους
3031 1638 3297 1710 Οὐδαμῶς
3318 1651 3332 1667 ·
3367 1638 3462 1691 καὶ
3510 1635 3620 1707 7&9

2043 1721 2160 1773 ἐκεῖ
2197 1720 2274 1790 τῷ
2303 1721 2479 1792 σκότῳ
2513 1723 2670 1777 τοῦτο
2701 1726 2796 1778 καὶ
2816 1726 2964 1794 τόπῳ
2993 1722 3381 1794 περικλείεται,
3407 1720 3502 1773 καί⁹
3527 1718 3618 1788 ὑφ’

2044 1802 2236 1874 ἐτέρας
2259 1807 2487 1859 κινεῖται
2505 1807 2788 1877 δυνάμεως
2816 1810 2911 1861 καὶ¹
2932 1805 3333 1869 ἐπισκιάζεται·
3358 1797 3434 1857 ὧν
3464 1801 3618 1856 οὐδὲν

2042 1887 2163 1940 οὑδὲ
2213 1888 2458 1960 ἐννοῆσαι
2512 1890 2666 1961 θέμις
2717 1891 2810 1945 ἐπὶ
2849 1893 2947 1962 τῆς
2976 1891 3164 1953 οὐσίας
3201 1889 3434 1958 ἐκείνης.
3480 1886 3619 1939 Ἀλλ’

2041 1970 2163 2024 οὑδὲ
2194 1972 2372 2028 πάντα
2418 1973 2508 2027 διά
2552 1974 2711 2029 τοῦτο
2750 1976 3107 2046 ἐκϐαλοῦμεν,
3138 1972 3273 2028 ἀλλά
3311 1970 3622 2044 δρεψόμεθά

2041 2071 2097 2109 τε
2124 2056 2219 2108 καὶ
2247 2059 2516 2129 χρήσιμον
2547 2059 2656 2114 άπὸ
2699 2060 2793 2114 τοῦ
2834 2060 3296 2132 παραδείγματος,
3325 2056 3417 2110 τὸν
3455 2071 3619 2125 φωτι-

2044 2140 2184 2209 σμὸν
2221 2143 2311 2194 τὸν
2352 2145 2416 2196 ἐκ
2448 2144 2541 2197 τοῦ
2589 2143 2724 2198 Θεοῦ
2768 2145 3051 2215 γινόμενον
3095 2146 3245 2214 ἡμῖν,
3283 2140 3381 2212 τὴν
3422 2140 3487 2193 ἐκ
3522 2137 3618 2191 τοῦ

2043 2223 2270 2288 σκότους
2316 2227 2639 2300 ἀπαλλαγὴν
2688 2230 2751 2281 ἐκ
2793 2228 2983 2282 τούτου
3032 2228 3376 2293 συνάγοντες.
3414 2220 3524 2275 Καὶ
3550 2220 3621 2273 τὰ

2045 2305 2144 2376 μὲν
2194 2308 2332 2377 πρὸς
2379 2311 2689 2380 αίρετικοὺς
2731 2313 2933 2365 ταῦτα·
2968 2311 3048 2365 δεῖ
3094 2310 3150 2363 δὲ
3200 2309 3295 2363 καὶ
3340 2304 3621 2376 ὁλοκλήρῳ

2041 2390 2224 2443 λοιπὸν
2268 2392 2574 2458 ἐπεξελθεῖν
2616 2394 2692 2466 τῷ
2732 2395 2935 2468 χωρίῳ.
2969 2395 3129 2457 Ἴσως
3176 2392 3283 2463 7&9
3323 2390 3387 2444 ἄν
3415 2407 3499 2453 τις
3535 2389 3620 2440 ὲν·

2039 2472 2213 2527 ταῦθα
2268 2477 2363 2529 καὶ
2406 2476 2778 2550 διαπορήσειε,
2826 2478 2963 2550 πρὸς
3010 2476 3200 2531 ἐαυτὸν
3231 2472 3430 2545 ζητῶν,
3466 2473 3619 2525 ποῖον

2038 2558 2292 2630 ἔγκλημα
2328 2556 2397 2633 ἦν
2424 2562 2486 2614 τὸ
2511 2562 2983 2616 ἀνακαλύπτεσθαι
3017 2561 3118 2625 τὰς
3144 2561 3425 2629 γυναῖκας,
3452 2556 3485 2627 ἢ
3522 2558 3619 2609 καὶ

2041 2643 2407 2700 καλύπτεσθαι
2435 2648 2559 2712 τοὺς
2591 2647 2816 2719 άνδρας;
2846 2648 3003 2701 Ποῖον
3030 2642 3125 2700 οῦν
3155 2643 3405 2723 ἔγκλημα
3434 2638 3614 2701 τοῦτο.

2040 2726 2289 2784 ἐντεῦθεν
2329 2730 2431 2802 ήδη
2479 2732 2749 2802 μάνθανε·
2795 2730 3047 2802 Σύμϐολα
3087 2727 3295 2782 δέδοται
3338 2724 3491 2797 ἀνδρὶ
3523 2726 3618 2779 καὶ

2039 2815 2259 2882 γυναικὶ⁸
2286 2814 2455 2869 πολλά
2494 2816 2592 2887 μὲν
2630 2819 2723 2870 καὶ
2752 2816 2933 2888 ἕτερα,
2966 2814 3045 2884 τῷ
3079 2813 3177 2885 μὲν
3203 2812 3301 2883 τῆς
3328 2809 3527 2880 ἀρχῆς,
3549 2810 3616 2879 τῇ

2039 2896 2095 2949 δὲ
2117 2896 2218 2964 τῆς
2249 2900 2548 2971 ὑποταγῆς·
2580 2899 2717 2972 μετά
2744 2900 2800 2954 δὲ
2832 2898 3052 2953 ἐκείνων
3080 2897 3174 2950 καὶ
3200 2894 3376 2959 τοῦτο,
3406 2892 3468 2947 τὸ
3488 2893 3619 2947 ταύ-

2036 2996 2137 3051 την
2163 2983 2261 3051 μὲν
2291 2983 2678 3048 καλύπτεσθαι,
2702 2984 2887 3037 τοῦτον
2914 2982 2971 3035 δὲ
2997 2979 3208 3053 γυμνὴν
3234 2978 3378 3049 ἐχειν
3406 2976 3504 3047 τὴν
3532 2993 3619 3030 κε-

2039 3065 2233 3137 φαλήν.
2270 3067 2332 3120 Εἰ
2363 3067 2538 3121 τοίνυν
2594 3068 2835 3139 σύμϐολα
2882 3066 3056 3121 ταῦτά
3108 3066 3273 3129 ἐστιν,
3318 3063 3617 3134 ἀμφότεροι

2038 3150 2407 3220 ἁμαρτάνουσι
2449 3153 2548 3223 τὴν
2589 3151 2840 3217 εὐταξίαν
2884 3150 3223 3220 συγχέοντες,
3255 3148 3350 3201 καὶ
3384 3146 3485 3217 τὴν
3520 3145 3617 3199 τοῦ

2037 3232 2170 3286 Θεοῦ
2193 3234 2470 3305 διαταγὴν,
2493 3235 2731 3299 καὶτοὺς
2749 3235 2980 3295 οἰκείους
2999 3231 3414 3302 ὑπερϐαίνοντες
3435 3231 3615 3303 6906;.

2038 3319 2133 3370 καὶ
2166 3317 2195 3369 6
2226 3318 2322 3389 μὲν
2353 3321 2433 3383 είς
2462 3319 2560 3390 τὴν
2597 3318 2810 3389 ἐκείνης
2850 3316 3209 3371 καταπίπτων
3242 3313 3540 3379 εὐτέλειαν,
3579 3316 3615 3386 η

2037 3400 2093 3454 δὲ
2122 3402 2523 3473 ἐπανισταμένη
2555 3401 2632 3471 τῷ
2654 3402 2806 3470 ἀνδρὶ
2835 3400 2923 3454 διὰ
2956 3398 3050 3453 τοῦ
3083 3402 3380 3470 σχήματος.
3409 3398 3471 3451 Et
3507 3396 3617 3467 7&9

2040 3485 2253 3554 ἱμάτιον
2314 3485 2651 3540 ἐναλλάττειν
2709 3486 2769 3537 06
2830 3484 3006 3554 θέμις,
3074 3482 3195 3536 οὑδὲ
3259 3480 3464 3552 ταύτην
3518 3480 3616 3551 μὲν

2037 3569 2257 3640 χλανίδα
2296 3568 2657 3642 περικεῖσθαι,
2690 3570 2894 3623 ἐκεῖνον
2925 3568 2983 3621 δὲ
3016 3568 3244 3638 φάροςῆ
3277 3565 3612 3637 καλύπτραν·

2041 3656 2161 3707 Οὐκ
2190 3652 2361 3707 ἔσται
2402 3653 2529 3726 7&9,
2562 3652 2716 3723 φησι,
2746 3652 2937 3720 σκεύη
2969 3650 3188 3717 ἀνδρὸς
3224 3650 3321 3704 ἐπὶ
3355 3649 3614 3720 γυναικί.

2036 3734 2178 3788 οὐδὲ
2218 3736 2535 3790 ἐνδύσεται
2573 3736 2731 3802 ἀνὴρ
2769 3733 3006 3803 στολὴν
3037 3734 3406 3802 γυναικείαν·
3436 3731 3616 3802 πολλῷ

2039 3820 2238 3890 μᾶλλον
2262 3820 2436 3874 ταῦτα
2463 3818 2920 3873 ἀνταλλάττεσθαι
2946 3819 3007 3872 οὑ
3039 3819 3138 3875 δεῖ.
3170 3816 3354 3873 Ταῦτα
3378 3817 3477 3888 μέν
3506 3817 3615 3887 7&9

2036 3904 2186 3976 παρὰ
2218 3902 2325 3957 τῶν
2352 3903 2652 3974 ἀνθρώπων
2680 3902 3113 3973 νενομοθέτηται,
3165 3903 3215 3955 εί
3262 3903 3357 3955 καὶ
3401 3904 3430 3955 6
3481 3900 3611 3963 Θεὸς

2037 3988 2260 4059 ὕστερον
2282 3986 2419 4040 αὑτά
2447 3984 2740 4059 ἐκύρωσεν·
2776 3989 2951 4040 ἐκεῖνο
2979 3986 3036 4038 δὲ
3065 3984 3215 4056 παρά
3237 3987 3336 4055 τῆς
3373 3984 3606 4053 φύσεως,

2033 4073 2094 4126 τὸ
2130 4070 2499 4125 καλύπτεσθαι
2525 4070 2686 4139 λέγω,
2717 4071 2811 4123 καὶ
2835 4071 2896 4123 16
2922 4069 2997 4140 μὴ
3028 4068 3415 4123 καλύπτεσθαι.
3441 4070 3608 4121 Ὅταν

2034 4154 2090 4209 δὲ
2123 4157 2262 4209 εἴπω
2297 4154 2394 4226 τὴν
2426 4156 2607 4224 φύσιν,
2649 4155 2739 4208 τὸν
2771 4153 2903 4207 Θεὸν
2928 4153 3091 4225 λέγω·
3124 4153 3152 4207 ὀ
3172 4153 3280 4225 7&9
3310 4152 3407 4224 τὴν
3449 4150 3609 4222 φύσιν

2033 4240 2462 4312 δημιουργήσας,
2486 4240 2645 4303 αὑτός
2667 4240 2830 4295 ἐστιν.
2858 4241 3023 4294 Ὅταν
3048 4237 3140 4295 οὖν
3159 4238 3285 4301 106;
3307 4237 3463 4306 6906;
3484 4238 3606 4290 ἁνα-

2032 4326 2239 4397 τρέπῃς
2267 4322 2508 4390 τούτους,
2549 4325 2649 4399 ὅρα
2689 4326 2830 4379 πόσα
2862 4326 3070 4394 γίνεται
3099 4327 3166 4381 1&
3186 4325 3473 4395 ἐπιϐλαϐῆ.
3498 4326 3606 4379 Καὶ

2037 4411 2110 4480 μή
2167 4427 2257 4480 μοι
2283 4407 2441 4463 τοῦτο
2473 4408 2653 4481 εἴπῃς,
2687 4409 2767 4463 ὅτι
2805 4410 2998 4481 μικρὸν
3040 4411 3101 4464 τὸ
3140 4411 3600 4483 ἁμαρτανόμενον·

2038 4494 2178 4562 μέγα
2212 4493 2310 4561 μὲν
2351 4493 2460 4564 γάρ
2492 4494 2628 4556 ἐστι,
2675 4492 2769 4546 καὶ
2820 4495 2941 4546 καθ’
2980 4495 3158 4547 ἑαυτό·
3208 4494 3460 4567 παρακοὴ
3501 4493 3609 4564 γάρ
3648 4520 3663 4533 -

2035 4574 2184 4645 [252]
2207 4578 2371 4630 ἐστιν·
2399 4577 2461 4629 Εἰ
2480 4576 2536 4629 δὲ
2556 4577 2653 4631 καὶ
2676 4577 2869 4648 μικρὸν
2891 4574 2979 4651 ἦν,
3002 4579 3146 4650 μέγα
3171 4578 3399 4649 ἐγίνετο,
3423 4578 3607 4646 ἐπειδὴ

2039 4659 2286 4728 μεγάλων
2308 4660 2423 4713 ἐστὶ
2444 4658 2712 4730 σύμϐολον
2732 4663 3092 4733 πραγμάτων.
3120 4664 3243 4716 Ὅτι
3261 4662 3316 4716 δὲ
3346 4664 3440 4717 καὶ
3465 4662 3607 4732 μέγα

2035 4742 2170 4805 ἐστὶ,
2198 4741 2354 4812 δῆλον
2386 4742 2443 4809 ἐξ
2476 4736 2550 4796 ὧν
2582 4744 2850 4814 τοσαύτην
2882 4746 3137 4811 εὐταξίαν
3170 4745 3247 4816 τῷ
3283 4745 3429 4815 γένει
3461 4762 3601 4818 παρ-

2035 4824 2171 4895 έχει,
2200 4826 2290 4878 τὸν
2322 4825 2557 4897 ἄρχοντα
2600 4828 2693 4881 καλ¹
2725 4828 2814 4881 τὸν
2846 4830 3147 4900 ἀρχόμενον
3193 4831 3251 4881 ἐν
3280 4828 3468 4900 κόσμῳ
3493 4828 3607 4882 δια-

2035 4908 2246 4961 τάττον.
2280 4908 2442 4962 Ὥστε
2473 4912 2500 4963 ὀ
2535 4910 2909 4981 παραϐαίνων,
2939 4915 3117 4966 πάντα
3165 4915 3370 4982 συγχεῖ,
3419 4911 3513 4965 καὶ
3539 4912 3608 4965 τὰ

2034 4989 2128 5042 τοῦ
2158 4991 2291 5045 Θεοῦ
2327 4993 2611 5063 προδίδωσι
2659 4992 2822 5064 δῶρα,
2854 4995 2947 5048 καὶ
2977 4994 3073 5067 τὴν
3110 4995 3312 5049 ἄνωθεν
3346 4994 3492 5066 αὑτῷ
3520 4995 3607 5049 δο-

2035 5069 2219 5123 θεῖσαν
2271 5073 2434 5141 τιμὴν
2489 5071 2661 5142 χαμαὶ
2704 5073 2903 5143 ῥίπτει,
2951 5075 3048 5146 οὑχ
3083 5078 3110 5129 6
3142 5076 3279 5147 ἀνὴρ
3316 5075 3373 5130 δέ
3425 5076 3603 5148 μόνον,

2035 5152 2168 5206 ἀλλὰ
2212 5154 2303 5207 καὶ
2339 5156 2372 5222 ἡ
2404 5155 2559 5224 γυνή.
2593 5156 2700 5207 Καὶ
2730 5165 2838 5224 γάρ
2871 5160 2963 5211 καὶ
2992 5159 3172 5231 ἐκείνῃ
3201 5160 3333 5231 τιμὴ
3377 5160 3604 5230 μεγίστη

2033 5235 2094 5288 τὸ
2113 5235 2210 5306 τὴν
2232 5235 2436 5288 οἰκείαν
2458 5236 2606 5300 τάξιν
2628 5237 2916 5312 διατηρεῖν,
2938 5240 3125 5315 ὥσπερ
3144 5239 3235 5297 οῦν
3256 5244 3349 5298 καὶ
3377 5242 3604 5313 αίσχύνη

2033 5318 2093 5370 τὸ
2123 5317 2450 5381 στασιάζειν.
2484 5320 2682 5392 Διόπερ
2716 5324 2801 5377 ἐπ’
2824 5325 3146 5396 ἀμφοτέρων
3179 5327 3310 5380 αὑτὸ
3343 5329 3602 5386 τέθεικεν,

2033 5399 2173 5453 οὑτω
2214 5400 2403 5469 λέγων·
2435 5403 2560 5469 Πᾶς
2593 5404 2748 5474 ἀνὴρ
2779 5410 3266 5477 προσευχόμενος
3297 5409 3335 5477 ἣ
3375 5424 3603 5478 προφη-

2032 5484 2220 5537 τεύων
2250 5485 2399 5539 κατὰ
2441 5487 2711 5557 κεφαλῆς
2741 5488 2918 5557 ἔχων,
2958 5492 3347 5560 καταισχύνει
3371 5491 3487 5556 τὴν
3512 5510 3608 5545 νε-

2033 5567 2239 5637 εραλὴν
2269 5568 2476 5623 αὑτοῦ·
2503 5570 2670 5628 πᾶσα
2722 5571 2790 5625 δὲ
2844 5574 2999 5642 γυνὴ
3060 5575 3517 5647 προσευχομένη
3565 5580 3605 5646 ἢ

2034 5654 2496 5720 προφητεύουσα
2534 5656 3007 5720 ἀκατακαλύπτῳ
3048 5658 3119 5726 τῇ
3163 5659 3420 5730 κεφαλῇ,
3469 5678 3605 5716 κατ’·

2033 5737 2308 5805 αισχύνει
2364 5737 2474 5805 τὴν
2526 5741 2800 5809 κεφαλὴν
2849 5743 3057 5811 αὐτῆς.
3086 5740 3264 5799 τΗσαν
3308 5745 3436 5816 7&9,
3465 5745 3603 5817 ὅπερ

2096 5894 2120 5957 ξ
2150 5883 2409 5959 [tegebatur
2430 5886 2459 5933 ἃ
2481 5886 2611 5935 εἷπον
2633 5888 2891 5949 δεῖ,)α6εῖν
2914 5891 2966 5941 δὲ
2989 5894 3053 5942 ἓν,
3075 5894 3181 5959 inp.
3206 5898 3282 5945 καὶ
3308 5895 3474 5960 ἀρχήν,
3500 5896 3609 5951 “ne

2034 5961 2114 5992 και
2139 5961 2309 5994 αιτιαν.
