4094 6222
359 321 465 377 ΞΠ

356 434 628 491 tiiaximus
675 441 824 489 certe
868 439 949 488 est
997 431 1170 486 honor
1218 427 1327 491 ille,
1365 427 1640 497 proprium
1692 423 1938 479 ordinem

354 540 600 590 servare,
630 532 690 578 ut
718 522 890 594 pudor
917 530 1003 578 est
1027 521 1168 576 inter
1192 534 1252 574 se
1269 518 1549 574 dissidere.
1581 515 1939 584 Quamobrem

354 619 409 672 in
440 616 685 686 utrisque
717 614 820 670 hoc
858 613 1072 685 posuit,
1106 611 1292 666 dicens
1324 628 1339 663 :
1370 611 1425 664 ι.
1471 608 1649 663 Omnis
1686 607 1763 660 vir
1789 620 1941 659 orans
1990 683 2027 697 _

353 719 445 761 aut
489 708 799 777 prophetam
836 704 1000 759 velato
1027 704 1211 773 capite,
1229 702 1479 771 -deturpat
1525 709 1679 770 caput
1726 715 1874 753 suum
1921 714 1940 753 :

352 801 410 855 5.
434 800 598 855 onmis
620 808 787 853 autem
810 796 992 851 mulier
1026 812 1178 850 orans
1205 803 1292 849 aut
1320 795 1630 865 propltetans
1653 808 1754 846 non
1780 790 1942 844 velato

353 892 524 960 capite
545 932 563 955 ,
594 891 832 959 deturpat
854 897 1007 959 caput
1033 904 1202 941 suum.
1232 887 1395 941 Erant
1423 886 1565 940 enim
1587 924 1603 948 ,
1639 894 1695 939 ut
1714 883 1825 937 dixi
1847 923 1864 946 ,
1889 890 1945 937 et

359 986 459 1039 viri
492 993 547 1038 et
576 983 832 1038 mulieres
876 981 1293 1052 pr0phetantes,
1322 988 1379 1034 et
1408 979 1661 1033 mulieres
1690 986 1815 1031 tunc
1843 974 1945 1029 hoc

356 1078 559 1129 donum
594 1074 851 1129 habentes
871 1115 889 1138 ,
920 1082 979 1128 ut
1001 1072 1231 1142 Philippi
1268 1071 1408 1136 ﬁlim,
1438 1080 1495 1125 nt
1518 1070 1640 1123 alia:
1665 1078 1719 1123 et
1744 1076 1869 1121 ante
1888 1076 1944 1122 et

358 1179 482 1239 post
521 1169 680 1232 illas;
710 1166 780 1221 de
822 1165 1015 1235 quibus
1044 1164 1257 1219 dicebat
1286 1162 1415 1217 olim
1464 1162 1723 1231 pr0pheta
1755 1177 1769 1213 :
1812 1158 1945 1212 Pro-

360 1262 639 1330 phetabunt
668 1261 767 1328 ﬁlii
812 1260 994 1324 vestri,
1030 1267 1076 1311 et
1100 1258 1222 1324 ﬁlia:
1250 1266 1423 1310 vestra
1466 1256 1679 1309 uisiones
1706 1252 1944 1307 uidebant

357 1352 523 1420 (Jorl.
555 1352 609 1406 2.
639 1351 757 1420 28).
794 1350 977 1405 Virum
1024 1365 1185 1418 porro
1215 1363 1321 1403 non
1347 1362 1560 1416 semper
1585 1346 1796 1401 detecto
1823 1358 1944 1399 esse

357 1445 535 1512 capite
552 1444 728 1513 jubet,
761 1441 856 1497 sed
883 1456 1004 1496 cum
1035 1450 1152 1494 orat
1179 1448 1384 1494 tantum
1419 1456 1432 1492 :
1466 1437 1642 1492 Omnis
1668 1437 1814 1491 enim
1844 1436 1938 1499 oir,

360 1537 566 1605 inquit,
605 1550 761 1588 orans
789 1544 877 1587 aut
908 1532 1214 1604 prophetans
1251 1541 1424 1601 operto
1466 1531 1661 1599 capite,
1706 1529 1945 1596 deturpat

358 1638 513 1698 caput
538 1644 687 1681 suum
720 1643 738 1681 :
774 1626 1051 1681 mulierem
1082 1634 1259 1680 autem
1289 1638 1503 1692 semper
1542 1630 1681 1676 tvcto
1711 1636 1829 1675 esse
1855 1635 1944 1674 ca-

362 1722 472 1790 pite
501 1719 679 1789 jubet.
725 1718 1082 1787 Quamobrem
1108 1732 1228 1771 cum
1255 1716 1521 1771 dixisset:
1563 1713 1740 1768 Omnis
1763 1713 1945 1766 mulier

362 1827 517 1864 orans
541 1820 630 1862 aut
657 1809 967 1879 prophetam
996 1824 1100 1861 non
1124 1816 1297 1878 operto
1316 1807 1497 1874 capite,
1532 1806 1765 1872 deturpat
1792 1812 1946 1873 caput

357 1920 512 1955 uana
535 1920 555 1967 ;
578 1919 683 1956 non
707 1902 794 1955 hic
817 1900 1076 1965 constitit,
1098 1900 1192 1954 sed
1217 1906 1570 1969 prosequutus
1589 1907 1694 1962 est,
1717 1895 1904 1951 dicens
1927 1911 1940 1947 :

363 1994 537 2051 Unum
561 1996 696 2050 enim
732 2006 805 2049 est
830 2012 891 2049 ac
916 1996 960 2048 si
987 1994 1289 2048 decalaetur.
1320 1990 1472 2058 Quod
1499 1991 1545 2045 si
1588 2005 1804 2060 semper
1827 2004 1947 2045 esse

360 2104 542 2143 rasam
572 2097 730 2158 turpe
755 2097 841 2142 est
860 2128 876 2150 ,
907 2087 1081 2157 palam
1112 2096 1197 2141 est
1231 2086 1394 2140 etiam
1440 2097 1654 2153 semper
1680 2081 1944 2137 detectam

358 2198 505 2248 esse,
536 2182 831 2251 opprobrio
855 2183 1011 2234 verti.
1736 2166 1757 2177 ⁴

433 2276 488 2329 4.
511 2273 695 2344 Neque
717 2273 832 2328 haec
856 2273 1024 2326 solum
1055 2271 1184 2326 satis
1211 2270 1429 2335 habuit,
1460 2270 1552 2324 sed
1582 2284 1767 2324 rursus
1793 2268 1949 2323 addi-

356 2369 476 2422 dit:
507 2366 594 2421 10.
627 2365 786 2420 Debet
817 2364 999 2418 mulier
1040 2373 1334 2434 potestatem
1380 2361 1562 2416 habere
1610 2378 1762 2431 super
1795 2370 1948 2431 caput

356 2476 515 2514 suum
543 2468 746 2529 propter
764 2446 991 2527 angelos.
1012 2455 1255 2511 Ostendit
1278 2470 1384 2509 non
1421 2453 1678 2510 orationis
1707 2464 1949 2524 tempore

362 2561 612 2614 tantum,
662 2548 755 2604 sed
809 2550 972 2603 etiam
1024 2557 1282 2617 perpetuo
1345 2547 1463 2601 illas
1506 2545 1613 2616 tegi
1675 2556 1942 2615 Oportere.

362 2641 552 2696 Virum
580 2650 760 2695 autem
801 2654 908 2693 non
938 2638 1067 2693 item
1104 2639 1173 2692 de
1216 2644 1548 2708 legumento,
1568 2636 1660 2691 sed
1689 2636 1758 2691 de
1795 2652 1948 2690 coma

360 2734 597 2790 instituit
628 2751 643 2789 :
674 2731 922 2803 prohibet
968 2742 1144 2787 autem
1188 2746 1256 2785 ne
1301 2741 1507 2798 tegatur
1542 2745 1662 2785 cum
1690 2740 1808 2784 orat
1835 2740 1951 2783 tan-

361 2838 514 2894 tum,
565 2842 774 2881 comam
823 2833 1002 2880 autem
1043 2825 1188 2879 alere
1243 2839 1458 2894 semper
1511 2822 1776 2892 prohibet.
1826 2823 1952 2877 Ideo

361 2920 507 2975 sicut
529 2918 596 2974 de
624 2918 850 2973 muliere
870 2917 1006 2972 dixit
1033 2933 1047 2970 :
1076 2916 1129 2972 6.
1159 2916 1222 2972 Si
1257 2925 1425 2971 autem
1450 2932 1553 2969 non
1584 2915 1791 2980 veletur,
1834 2925 1950 2969 ton-

362 3014 550 3067 deatur
574 3027 594 3065 :
621 3010 701 3066 sic
726 3019 784 3068 et
809 3009 878 3064 de
905 3009 1022 3064 viro
1053 3026 1067 3062 :
1097 3008 1159 3064 Si
1182 3023 1381 3063 comam
1402 3007 1598 3071 nutriat
1617 3046 1633 3072 ,
1673 3006 1954 3078 ignominia

364 3116 440 3159 est
462 3105 559 3158 illi.
586 3103 704 3160 Non
731 3103 895 3166 dixit,
927 3101 985 3158 Si
1011 3109 1240 3173 tegatur,
1274 3100 1391 3167 sed,
1424 3101 1485 3157 Si
1516 3116 1715 3155 comam
1740 3101 1949 3155 nutriat.

365 3198 497 3255 Ideo
512 3198 564 3253 in
587 3197 848 3268 principio
862 3195 1032 3250 dixit:
1059 3193 1238 3249 (tomis
1256 3196 1332 3248 vir
1346 3210 1498 3249 orans
1519 3203 1606 3247 aut
1621 3199 1951 3264 prophetam,

363 3307 523 3360 super
546 3298 700 3359 caput
727 3289 935 3344 habens.
976 3286 1093 3342 Non
1125 3288 1276 3353 dixit,
1308 3285 1561 3358 Opertus,
1613 3286 1728 3351 sed,
1784 3287 1956 3358 Super

365 3391 524 3453 caput
544 3381 761 3444 habens;
777 3379 1066 3435 ostendens
1079 3378 1220 3450 quod
1238 3379 1444 3434 etiamsi
1465 3390 1610 3433 nuao
1626 3389 1743 3434 oret
1758 3381 1951 3447 capite,

366 3492 584 3533 comam
627 3484 805 3531 autem
834 3475 1059 3537 habeat,
1098 3488 1193 3542 par
1220 3473 1293 3527 sit
1316 3472 1394 3527 illi
1417 3473 1505 3543 qui
1545 3481 1766 3542 opertus
1789 3482 1951 3527 esset.

367 3568 532 3625 Cauta
557 3569 722 3633 enim,
753 3568 942 3639 inquit,
972 3583 1065 3638 pro
1106 3567 1352 3622 uelamine
1379 3568 1477 3636 ipsi
1503 3566 1624 3620 data
1649 3578 1740 3621 est.
1773 3566 1833 3621 Si
1861 3585 1957 3619 aa-

371 3676 473 3718 tem
492 3680 594 3718 non
618 3663 814 3716 velatur
832 3660 1035 3726 mulier,
1070 3661 1340 3715 tondeatur
1362 3674 1384 3714 :
1410 3660 1454 3713 si
1481 3669 1647 3713 autem
1694 3669 1839 3728 turpe
1885 3667 1957 3712 est

373 3759 572 3813 mulieri
590 3757 786 3812 tonderi
795 3766 883 3810 aut
900 3756 1034 3821 radi,
1057 3755 1261 3809 veletur.
1279 3753 1332 3809 In
1347 3753 1605 3825 principio
1619 3754 1759 3808 enim
1778 3762 1835 3807 ut
1851 3767 1958 3808 non

372 3852 575 3908 nudum
622 3851 818 3905 habeat
855 3858 1018 3919 caput
1072 3847 1297 3918 requirit
1328 3865 1343 3902 :
1374 3861 1693 3917 progressus
1735 3855 1912 3900 autem
1937 3885 1955 3913 ,

374 3955 438 3999 ut
460 3959 675 4013 semper
712 3958 819 3997 non
875 3940 1078 3996 nudum
1129 3939 1322 3995 habeat
1359 3940 1692 4004 subindicat,
1730 3938 1912 3993 dicens
1936 3978 1953 4003 ,

379 4038 560 4094 Unum
599 4036 739 4091 enim
765 4046 837 4090 est
864 4051 926 4088 ac
948 4039 993 4087 st
1021 4050 1139 4088 rasa
1162 4034 1267 4098 sit;
1297 4042 1497 4088 etcum
1522 4033 1666 4086 omni
1698 4031 1875 4086 studio
1895 4045 1961 4086 ac

373 4128 682 4199 diligentia.
700 4126 809 4181 Non
827 4127 972 4184 enim
995 4135 1054 4181 ut
1082 4126 1287 4181 veletur
1306 4133 1360 4180 et
1383 4133 1591 4194 tegatur
1617 4123 1775 4178 modo
1797 4124 1957 4189 dixit,

374 4223 480 4279 sed
514 4230 573 4276 ut
594 4229 917 4291 contegatur,
945 4230 999 4275 ut
1023 4221 1094 4275 sit
1115 4219 1353 4288 undique
1372 4227 1622 4273 accurate
1642 4217 1958 4287 composita.

279 4366 286 4371 .
378 4320 451 4374 Et
475 4332 600 4374 cum
626 4317 680 4371 in
707 4316 1087 4371 absurditatem
1118 4330 1231 4370 rem
1262 4313 1498 4376 deducit,
1522 4311 1726 4383 pudore
1754 4311 1961 4365 saliun-

376 4412 474 4475 dit,
508 4408 857 4466 vehementer
901 4408 1177 4463 incessens
1203 4422 1268 4462 ac
1303 4406 1488 4461 dicens
1516 4422 1531 4461 :
1559 4405 1619 4460 Si
1644 4414 1813 4458 autem
1861 4421 1962 4458 non

377 4504 593 4566 uelatur,
638 4500 926 4554 tondeatur.
963 4498 1094 4553 Nam
1120 4499 1163 4553 si
1194 4497 1381 4567 abjicis
1420 4505 1783 4566 tegumentum
1817 4494 1962 4549 tibia

380 4597 497 4664 lege
523 4593 616 4648 Dei
648 4592 857 4655 datum,
889 4592 1080 4661 inquit,
1109 4591 1270 4645 etiam
1316 4589 1371 4644 id
1397 4587 1541 4659 quod
1569 4588 1665 4643 tibi
1709 4604 1738 4641 ο
1773 4597 1960 4644 natura

379 4686 561 4740 datum
584 4693 690 4745 est.
717 4682 913 4753 abjice.
938 4681 1089 4750 Quod
1117 4680 1162 4735 si
1187 4680 1308 4752 quis
1334 4680 1530 4736 dixerit
1562 4698 1575 4734 :
1608 4680 1675 4735 Et
1697 4681 1964 4750 quomodo

380 4775 510 4831 illud
535 4774 751 4829 mulieri
783 4782 938 4844 turpe
958 4772 1143 4835 fuerit,
1166 4772 1209 4826 si
1230 4770 1299 4826 ad
1316 4772 1417 4826 viri
1440 4771 1661 4841 gloriam
1690 4770 1960 4827 ascendit?

380 4864 509 4922 illud
536 4865 864 4930 dixerimus,
897 4880 1002 4919 non
1025 4862 1337 4928 ascendere,
1372 4862 1465 4917 sed
1492 4878 1523 4917 a
1553 4865 1773 4933 proprio
1801 4864 1952 4919 exci-

379 4961 519 5015 dero
540 4959 768 5014 honore.
801 4956 936 5012 Nam
965 4957 1106 5011 inter
1142 4955 1386 5025 proprios
1416 4956 1675 5011 terminos
1700 4971 1805 5009 non
1851 4971 1965 5011 ma.

382 5068 513 5109 nere
538 5061 596 5108 et
625 5053 774 5122 leges
799 5066 829 5104 a
863 5049 974 5104 Deo
1013 5049 1167 5110 latas,
1200 5046 1294 5103 sed
1334 5047 1453 5103 illas
1485 5047 1796 5116 transgredi,
1856 5064 1962 5102 non

378 5146 621 5201 accessio
639 5152 745 5211 est,
768 5143 863 5199 sed
890 5144 1209 5198 imminutio.
1228 5141 1684 5209 Quemadmodum
1705 5145 1847 5196 enim
1874 5142 1964 5211 qui

378 5239 554 5293 aliena
582 5237 938 5307 concupiscit,
966 5246 1022 5292 et
1039 5251 1160 5307 qua:
1200 5251 1305 5291 non
1331 5251 1424 5291 sua
1452 5246 1576 5291 sunt
1601 5236 1815 5305 abripit,
1856 5251 1964 5290 non

378 5330 505 5400 quid
555 5330 787 5400 amplius
811 5330 1013 5399 accepit
1044 5369 1058 5389 .
1116 5328 1210 5384 sed
1241 5327 1558 5383 detrimento
1584 5338 1666 5383 est
1706 5327 1928 5382 allectus
1947 5369 1962 5391 ,

376 5421 631 5492 quodque
661 5422 893 5476 habebat
915 5420 1177 5489 perdidit;
1206 5418 1257 5475 id
1280 5418 1421 5488 quod
1450 5420 1609 5473 etiam
1637 5420 1690 5473 in
1719 5418 1966 5487 paradiso

376 5515 602 5584 contigit
628 5530 643 5569 :
672 5514 751 5568 sic
790 5522 845 5568 et
878 5512 1070 5567 mulier
1094 5527 1200 5564 non
1223 5511 1416 5577 accipit
1456 5510 1553 5563 viri
1598 5511 1962 5576 nobilitatem,

375 5606 470 5662 sed
508 5616 565 5662 et
592 5606 836 5661 mulieris
867 5604 1200 5662 honestatem
1231 5603 1463 5667 amittit;
1497 5618 1595 5659 nec
1625 5604 1747 5659 inde
1789 5605 1962 5659 solum

374 5700 499 5755 huic
530 5700 845 5771 ignominia,
868 5699 961 5754 sed
979 5698 1140 5753 etiam
1157 5697 1225 5753 ab
1247 5695 1478 5751 habendi
1500 5696 1805 5767 cupiditate.
1830 5698 1962 5752 Cum

376 5808 506 5864 ergo
533 5792 921 5864 assmnpsissct
947 5790 1000 5847 id
1027 5790 1170 5863 quod
1188 5798 1341 5862 turpe
1359 5802 1480 5848 esse
1508 5788 1561 5846 iu
1582 5788 1828 5847 confesso
1852 5798 1954 5859 est,

1357 310 1426 366 IN
1465 308 1677 366 EPIST.
1718 309 1740 364 l
1799 308 1892 363 AD
1928 305 2085 365 COB.
2125 305 2354 362 HOMIL.
2394 305 2589 362 XXVI.

3517 312 3623 366 iis

2048 432 2103 479 et
2130 421 2399 481 dixisset:
2437 423 2499 479 Si
2527 434 2697 478 autem
2734 432 2880 494 turpe
2922 436 2994 480 est
3041 425 3243 482 mulieri
3294 429 3487 482 tonderi
3540 439 3627 481 om

2044 515 2159 568 radi
2174 532 2195 580 ;
2222 515 2365 585 quod
2391 530 2422 570 a
2450 516 2629 586 seipso
2652 526 2770 573 erat
2797 526 2924 573 tunc
2943 520 3141 589 posuit,
3167 518 3371 584 dicens,
3405 519 3625 574 Veletur.

2044 606 2228 677 Neque
2250 607 2405 670 dixit,
2428 605 2648 663 Comum
2675 608 2894 677 nutriat,
2916 609 3030 677 sed,
3060 608 3261 665 Veletur
3285 626 3303 674 ;
3331 610 3445 665 haec
3465 610 3626 663 ambo

2046 717 2209 756 unum
2236 716 2356 757 esse
2410 702 2525 772 lege
2553 704 2906 768 constituens,
2955 713 3011 759 et
3049 705 3319 773 utrimque
3361 703 3445 758 illa
3495 720 3626 757 Cttn-

2047 793 2286 858 lirmans,
2314 792 2383 847 ab
2413 793 2481 849 iis
2517 809 2636 864 qua:
2671 794 2962 849 constituta
3003 804 3129 850 sunt
3154 803 3211 850 et
3243 810 3271 849 a
3320 796 3620 850 contrariis.

2046 883 2179 939 Nam
2203 884 2445 940 velamen
2474 893 2531 940 et
2552 900 2762 940 comam
2790 902 2955 942 unum
2985 900 3106 942 esse
3124 886 3283 951 dicit;
3319 886 3457 966 idem
3487 902 3626 958 ψιθ-

2045 994 2150 1048 que
2202 994 2324 1034 esse
2368 989 2423 1035 et
2466 995 2664 1045 rasam,
2715 990 2771 1035 et
2823 997 2940 1036 eam
2971 997 3091 1050 quae
3116 981 3260 1035 nudo
3283 991 3365 1034 est
3405 983 3623 1050 capite:

2051 1073 2220 1129 Unum
2247 1084 2320 1129 est
2347 1076 2500 1141 enim,
2527 1075 2715 1144 inquit.
2745 1084 2791 1129 et
2817 1074 3058 1144 idipsum,
3083 1076 3218 1145 quod
3237 1091 3373 1128 rasa.
3402 1074 3554 1144 Quod
3578 1075 3630 1130 si

2046 1169 2166 1238 quis
2206 1167 2421 1235 dixerit,
2452 1170 2519 1224 Et
2545 1168 2813 1240 quomodo
2837 1185 2997 1223 unum
3026 1180 3128 1229 est,
3179 1169 3224 1224 si
3282 1169 3370 1223 illa
3409 1168 3623 1239 quidem

2046 1272 2409 1331 tegumentum
2434 1272 2639 1347 naturtu
2666 1262 2846 1326 habet,
2869 1263 2957 1317 illa
2988 1280 3115 1316 vero
3142 1279 3260 1332 qum
3282 1278 3397 1317 rasa
3418 1272 3624 1316 estnon

2047 1355 2214 1410 item?
2236 1355 2699 1424 respondebimus,
2719 1354 2862 1409 illam
2882 1355 3102 1409 arbitrio
3117 1369 3215 1409 suo
3232 1354 3332 1408 hoc
3350 1355 3631 1425 reliquisse

2047 1456 2102 1503 et
2129 1446 2327 1501 nmium
2354 1446 2555 1503 habere
2576 1456 2733 1517 caput
2753 1465 2766 1500 :
2788 1446 2929 1518 quod
2961 1447 3004 1501 si
3032 1463 3135 1501 non
3166 1447 3373 1517 capillis
3400 1447 3627 1513 nudmn,

2049 1544 2149 1599 hoc
2169 1559 2234 1598 ex
2256 1553 2463 1609 natura,
2492 1558 2598 1597 non
2645 1559 2711 1598 ex
2734 1542 2877 1598 illius
2903 1542 3122 1597 arbitrio
3148 1558 3287 1597 esse.
3322 1542 3502 1613 Itaque
3540 1543 3627 1597 illa

2047 1653 2167 1707 qua:
2192 1652 2309 1692 rasa
2343 1646 2445 1699 est,
2486 1636 2685 1691 nudum
2714 1644 2873 1705 caput
2901 1634 3079 1696 habet.
3120 1646 3174 1691 et
3223 1636 3307 1689 illa
3359 1637 3626 1692 similiter.

2048 1726 2175 1783 Ideo
2202 1728 2343 1783 enim
2366 1738 2568 1783 naturae
2599 1728 2860 1797 permisit,
2897 1739 2956 1783 ut
2997 1728 3138 1782 illam
3179 1738 3402 1798 tegeret,
3430 1737 3486 1783 ut
3515 1728 3643 1784 hate“

2047 1822 2116 1878 ab
2144 1822 2228 1876 illa
2252 1820 2355 1875 hoc
2380 1820 2613 1881 discens.
2642 1821 2961 1888 operiretur.
2987 1821 3188 1875 Deinde
3214 1836 3431 1876 causam
3452 1821 3630 1890 aﬂ‘ert,

2049 1922 2279 1981 ntsaepe
2307 1911 2439 1971 dixi,
2487 1920 2754 1980 tamquam
2801 1926 2920 1963 cum
2980 1911 3165 1965 liberis
3205 1911 3445 1981 loquens.
3499 1911 3630 1977 Qua:

2050 2006 2208 2074 igitur
2234 2018 2394 2059 causa
2419 2004 2541 2059 est?
2565 2004 2618 2056 7.
2650 2002 2788 2056 Nam
2812 2003 2889 2057 uir
2918 2003 3119 2072 quidem
3149 2020 3249 2056 non
3285 2004 3426 2058 debet
3466 2003 3633 2057 velare

2048 2106 2220 2166 caput,
2251 2113 2363 2149 eum
2407 2098 2474 2151 sit
2502 2097 2670 2166 imago
2712 2106 2759 2150 et
2788 2097 2951 2167 gloria
2985 2096 3094 2151 Dei.
3139 2096 3345 2150 Rursus
3387 2097 3486 2150 alia
3514 2097 3633 2150 hrec

2049 2205 2230 2244 causa.
2286 2188 2472 2258 Neque
2526 2189 2670 2243 enim
2720 2188 2915 2251 solum,
2965 2188 3108 2258 quod
3154 2199 3313 2256 caput
3357 2188 3628 2244 Christum

2052 2284 2261 2345 haheat,
2297 2299 2403 2338 non
2428 2283 2589 2338 debet
2612 2292 2769 2352 caput
2798 2293 2998 2353 tegere,
3046 2283 3139 2337 sed
3167 2285 3324 2339 etiam
3357 2286 3476 2355 quia
3508 2302 3628 2339 mu-

2050 2378 2166 2432 lieri
2199 2378 2443 2446 imperat.
2471 2375 2601 2430 Nam
2630 2375 2924 2445 principem
2954 2375 3018 2429 ad
3060 2391 3238 2445 regem
3264 2378 3627 2442 accedentem,

2053 2470 2379 2540 principatus
2422 2469 2631 2539 signum
2675 2467 2873 2522 habere
2911 2478 3142 2538 oportet.
3182 2467 3272 2524 Sic
3297 2483 3426 2540 ergo
3456 2470 3633 2527 nullus

2053 2565 2302 2633 princeps
2327 2563 2444 2618 sine
2470 2562 2649 2618 balteo
2675 2570 2731 2617 et
2755 2559 2962 2615 chlaena
3004 2561 3144 2616 ausit
3168 2577 3481 2628 comparere
3504 2578 3631 2618 ante

2053 2654 2202 2709 illum
2226 2654 2315 2723 qui
2344 2651 2589 2708 diadema
2618 2660 2792 2722 gestat
2819 2668 2833 2704 :
2857 2652 2936 2706 sic
2967 2668 3140 2723 neque
3174 2661 3228 2706 tu
3250 2654 3453 2723 absque
3478 2655 3630 2723 signo

2052 2746 2399 2817 principatus,
2430 2744 2571 2815 quod
2595 2753 2677 2797 est
2702 2744 2914 2798 detecto
2934 2758 3054 2799 esse
3072 2745 3264 2811 capite,
3291 2744 3456 2799 Deum
3483 2759 3626 2804 ores.

2054 2849 2113 2893 nt
2135 2855 2203 2894 ne
2227 2819 2550 2893 contumelia
2575 2836 2780 2892 afﬁcias
2800 2845 2855 2891 et
2884 2846 2934 2891 te
2963 2844 3020 2892 et
3049 2851 3169 2891 eum
3207 2837 3295 2905 qui
3335 2846 3387 2893 te
3426 2836 3632 2891 honore

2054 2930 2238 2987 allicit.
2271 2930 2506 3000 ldipsum
2548 2937 2601 2984 et
2628 2928 2696 2984 de
2724 2928 2949 2984 muliere
2980 2928 3098 2997 quis
3132 2927 3327 2983 dixerit
3357 2946 3369 2981 :
3402 2944 3521 2981 nam
3556 2929 3633 2984 illi

2054 3042 2265 3099 quoque
2292 3034 2377 3081 est
2406 3023 2715 3096 ignominia,
2763 3022 2806 3078 si
2839 3037 2943 3078 non
2985 3021 3331 3093 snbjectionis
3359 3022 3505 3091 signa
3538 3022 3635 3075 ha-

2055 3120 2196 3175 beat.
2245 3117 2436 3173 Hulier
2482 3126 2650 3171 autem
2679 3115 2845 3185 gloria
2878 3116 2973 3169 viri
2992 3125 3084 3169 est.
3118 3113 3215 3170 Est
3242 3129 3372 3183 ergo
3395 3114 3636 3168 naturale

2056 3213 2153 3267 viri
2178 3212 2479 3282 imperium.
2506 3210 2711 3265 Deinde
2742 3218 3021 3279 postquam
3041 3207 3362 3262 sententiam
3391 3207 3630 3276 protulit,

2056 3316 2110 3360 et
2133 3305 2370 3361 rationes
2397 3315 2453 3358 et
2479 3317 2669 3357 causas
2696 3315 2909 3356 rursum
2936 3299 3071 3354 alias
3105 3300 3273 3368 ponit,
3303 3299 3368 3351 ad
3410 3300 3634 3364 primam

2060 3410 2109 3453 te
2133 3397 2337 3453 ducens
2363 3395 2716 3459 creationem,
2738 3392 2821 3446 his
2841 3390 3021 3447 verbis
3049 3409 3062 3446 :
3091 3391 3145 3447 8.
3179 3388 3299 3445 Non
3325 3390 3455 3444 enim
3474 3390 3551 3443 air
3576 3406 3639 3443 ex

2058 3490 2268 3544 muliere
2304 3498 2399 3551 est,
2451 3487 2539 3541 sed
2568 3485 2749 3539 mulier
2776 3499 2840 3539 ex
2880 3484 3008 3536 viro.
3040 3481 3096 3536 Si
3136 3490 3314 3535 autem
3366 3496 3429 3536 ex
3461 3481 3639 3549 aliquo

2057 3598 2197 3646 esse,
2219 3582 2389 3655 gloria
2422 3589 2505 3636 est
2525 3579 2641 3648 ejus
2671 3593 2737 3634 ex
2754 3592 2860 3648 quo
2887 3576 3102 3647 prodiit,
3130 3576 3299 3631 multo
3323 3577 3492 3646 magis
3518 3589 3639 3629 esse

2058 3675 2307 3731 similem.
2338 3673 2393 3729 9.
2423 3671 2623 3726 Etenim
2649 3687 2751 3725 non
2778 3679 2979 3725 creatus
3007 3678 3079 3723 est
3099 3669 3177 3722 vir
3221 3676 3429 3739 propter
3455 3668 3640 3721 mulie-

2058 3784 2185 3832 rem,
2216 3766 2306 3821 sed
2331 3765 2517 3820 mulier
2543 3773 2747 3835 propter
2772 3763 2957 3816 virum.
2993 3761 3118 3816 Ilaec
3143 3770 3227 3814 est
3253 3759 3486 3816 secunda
3516 3775 3639 3814 rur—

2060 3874 2153 3914 sus
2182 3858 2323 3913 illius
2347 3872 2459 3927 prte
2488 3855 2579 3910 illa
2604 3854 2945 3919 excellentia,
2966 3854 3074 3908 imo
3099 3864 3154 3909 et
3174 3854 3329 3910 tertia
3351 3850 3406 3907 et
3431 3864 3638 3923 quarta.

2062 3950 2262 4017 Prima,
2294 3950 2418 4019 quia
2447 3957 2607 4019 caput.
2634 3956 2875 4002 nostrum
2905 3956 2987 4001 est
3026 3945 3289 4011 Christus.
3321 3955 3375 4001 et
3396 3962 3493 4000 nos
3520 3962 3639 4001 mn-

2061 4044 2242 4106 lieris;
2270 4042 2526 4107 secunda,
2555 4041 2678 4109 quia
2709 4056 2808 4096 nos
2824 4039 2989 4111 gloria
3023 4039 3114 4093 Dei
3141 4055 3346 4104 sumus,
3374 4051 3429 4092 et
3453 4037 3653 4093 mulier

2062 4137 2230 4208 gloria
2261 4144 2473 4199 nostra;
2504 4134 2682 4199 tertia,
2705 4131 2827 4200 quia
2850 4147 2954 4186 non
2981 4145 3079 4184 nos
3091 4146 3161 4185 ex
3182 4129 3408 4186 muliere
3436 4143 3640 4193 sumus,

2063 4229 2157 4285 sed
2206 4228 2294 4284 illa
2348 4243 2415 4283 ex
2454 4226 2641 4292 nobis;
2689 4234 2906 4297 quarta,
2967 4225 3090 4296 quia
3131 4239 3237 4279 non
3277 4238 3376 4279 nos
3429 4232 3651 4294 propter

2066 4320 2209 4376 illam
2234 4361 2250 4385 ,
2280 4317 2374 4374 sed
2414 4317 2504 4373 illa
2557 4324 2775 4387 prepter
2801 4331 2920 4371 nos.
2966 4315 3056 4371 10.
3102 4314 3230 4369 Ideo
3280 4315 3425 4369 debet
3466 4314 3649 4367 mulier

2067 4409 2246 4465 habere
2265 4419 2558 4481 potestatem
2573 4425 2726 4479 super
2737 4416 2889 4477 caput
2905 4423 3071 4463 suum.
3094 4406 3121 4461 1
3129 4406 3241 4472 deo,
3259 4421 3359 4477 qua
3374 4407 3439 4462 de
3454 4404 3642 4461 causa?

2064 4502 2151 4558 die
2180 4500 2309 4556 mihi
2323 4536 2340 4554 .
2370 4499 2595 4570 Propter
2611 4499 2727 4555 lure
2744 4499 2922 4554 omnia
2939 4514 3058 4570 qua:
3071 4498 3211 4553 dicta
3229 4506 3353 4552 sunt
3373 4514 3389 4556 :
3409 4497 3519 4553 imo
3537 4513 3654 4555 note

2066 4601 2272 4647 tantum
2301 4599 2521 4662 propter
2542 4590 2658 4646 hare
2691 4589 2893 4657 omnia,
2929 4590 3023 4645 sed
3050 4591 3211 4645 etiam
3235 4589 3458 4660 Propter
3486 4606 3644 4663 ange-

2067 4686 2164 4740 los.
2191 4682 2323 4739 Nam
2345 4684 2389 4738 si
2417 4684 2586 4737 virum
2612 4682 2869 4750 despicis,
2900 4682 3100 4753 inquit,
3132 4681 3352 4753 angelos
3374 4697 3643 4737 reverere.

2140 4777 2193 4831 5.
2222 4775 2395 4845 Caput
2421 4788 2550 4846 ergo
2579 4776 2792 4845 operire
2817 4783 2897 4830 est
2931 4774 3276 4840 snbjectionis
3313 4783 3369 4828 et
3412 4781 3648 4844 potesta—

2069 4868 2170 4928 tis;
2223 4864 2390 4922 efﬁcit
2440 4866 2582 4920 enim
2613 4875 2671 4920 ut
2716 4864 2968 4919 deorsum
3009 4862 3330 4932 aspiciamus
3357 4871 3415 4918 et
3444 4862 3651 4933 pudore

2068 4962 2385 5027 altlciamur,
2434 4959 2813 5030 pr0priamqne
2840 4970 3119 5011 servemus
3158 4956 3434 5012 virtutem.
3466 4957 3649 5011 Virtus

2068 5056 2207 5108 enim
2234 5063 2289 5108 et
2316 5053 2487 5107 honor
2514 5051 2631 5118 ejus
2673 5050 2758 5104 cui
2803 5048 3097 5118 imperatur
3124 5058 3225 5113 est,
3257 5059 3315 5104 ut
3344 5057 3559 5104 maneat
3594 5049 3651 5103 in

2070 5142 2391 5197 obedientia.
2409 5140 2503 5196 Vir
2521 5141 2717 5210 quippe
2742 5155 2844 5194 non
2869 5143 3077 5211 cogitur
3100 5139 3202 5195 hoc
3242 5140 3452 5203 facere;
3483 5141 3650 5208 ipsius

2070 5233 2211 5287 enim
2247 5231 2455 5285 Domini
2497 5231 2672 5300 imago
2714 5239 2831 5295 est;
2864 5233 3057 5288 mulier
3081 5241 3258 5286 autem
3286 5230 3406 5302 jure
3434 5232 3646 5285 merito.

2069 5326 2253 5394 Cogita
2284 5326 2444 5396 igitur
2471 5325 2765 5397 iniquitatis
2796 5341 3099 5389 excessum.
3140 5341 3261 5381 cum
3289 5339 3481 5392 nempe
3502 5332 3646 5377 tanta

2072 5422 2362 5475 honoratus
2392 5428 2676 5491 potestate,
2720 5419 2946 5489 teipsum
2977 5418 3248 5486 delurpas,
3283 5416 3521 5470 mulieris
3556 5416 3652 5470 ha-

2072 5514 2237 5568 bitum
2267 5512 2503 5580 rapiens.
2536 5511 2768 5582 ldipsum
2799 5511 2927 5565 lacis
2952 5526 3015 5566 ac
3037 5511 3080 5565 si
3110 5520 3385 5580 acceptum
3400 5510 3647 5566 diadema

2071 5624 2100 5660 a
2131 5606 2304 5675 capite
2323 5604 2602 5674 abjiceres,
2630 5615 2684 5659 et
2709 5617 2806 5673 pro
2824 5602 3124 5658 diademate
3144 5603 3335 5658 servile
3360 5602 3651 5658 vestimen-

2075 5711 2182 5753 tum
2214 5712 2538 5754 assumcres.
2570 5697 2658 5753 Η.
2712 5695 3065 5752 Verumtamen
3093 5712 3251 5766 neque
3279 5698 3353 5750 vir
3381 5698 3489 5751 sine
3536 5713 3650 5750 ntu-

2076 5794 2231 5862 liere,
2289 5807 2447 5866 mque
2485 5790 2667 5848 mulier
2709 5789 2821 5849 sine
2853 5790 2961 5848 viro
3010 5790 3065 5848 in
3111 5787 3352 5847 Domino.
3390 5788 3651 5857 Quoniam
