4094 6222
438 307 544 364 219

439 423 619 469 autem
669 413 891 468 multam
930 410 1077 468 dedit
1101 410 1218 465 viro
1260 409 1656 474 excellentiam,
1710 424 1831 463 cum
1888 409 2021 463 dixit

440 505 726 561 mulierem
758 519 879 560 esse
904 518 971 559 ex
1000 503 1113 566 illo,
1139 510 1359 571 prepter
1384 501 1535 557 illum
1564 511 1619 556 et
1656 502 1759 556 sub
1788 501 1907 563 illo;
1960 517 2027 553 ne

333 647 341 657 .
438 596 586 652 viros
612 596 733 665 plus
758 609 916 664 quam
946 608 1041 661 par
1064 600 1184 647 erat
1228 592 1536 657 extolleret,
1564 607 1699 648 neve
1725 592 1844 647 illas
1870 592 2026 646 nimis

439 689 716 760 dejicerct,
749 687 870 741 vide
899 685 1168 755 quomodo
1200 688 1591 741 correctionem
1631 685 1908 750 adhibeat,
1941 685 2025 738 di-

440 794 572 837 cens
599 797 612 833 :
646 778 998 831 Verumtamen
1017 793 1177 846 neque
1199 777 1275 830 uir
1294 779 1402 832 sine
1421 778 1650 840 muliere,
1672 794 1831 848 neque
1848 776 2028 830 mulier

440 871 548 925 sine
573 867 678 922 uiro
702 867 755 920 in
782 865 1024 920 Domino.
1050 866 1128 922 Ne
1155 868 1309 932 mihi,
1340 868 1532 937 inquit,
1560 868 1732 938 prima
1760 865 1870 921 sola
1897 881 2025 921 exa-

440 963 634 1026 mines,
662 975 838 1030 neque
859 960 1189 1015 creationem
1213 960 1377 1015 illam.
1402 960 1534 1015 Nam
1558 960 1603 1015 si
1619 975 1679 1013 ea
1701 975 1819 1029 qua:
1844 967 2026 1028 postea

443 1051 578 1107 facta
616 1058 745 1106 sunt
768 1050 1051 1119 exquiras,
1105 1059 1329 1119 uterque
1372 1050 1648 1120 utriusque
1695 1057 1777 1104 est
1803 1058 2022 1112 auctor;

439 1143 552 1196 imo
580 1156 756 1211 neque
795 1150 1018 1209 uterque
1047 1141 1359 1211 utriusque,
1411 1140 1507 1195 sed
1551 1140 1693 1195 Deus
1741 1139 1977 1194 omnium
2009 1156 2022 1192 :

443 1247 611 1302 quare
650 1232 725 1286 ait
756 1247 770 1288 :
804 1229 983 1300 Neque
1010 1231 1086 1284 rir
1113 1232 1221 1285 sine
1257 1232 1485 1295 muliere,
1505 1247 1665 1300 neque
1711 1231 1892 1284 mulier
1920 1231 2029 1284 sine

441 1326 549 1379 uiro
591 1325 644 1378 in
701 1323 934 1377 Domino.
982 1322 1070 1378 12.
1131 1322 1269 1377 Nam
1321 1324 1449 1377 sicut
1488 1324 1666 1377 mulier
1695 1338 1758 1377 ea:
1783 1324 1908 1385 viro,
1955 1324 2027 1375 ita

445 1419 522 1471 uir
551 1434 641 1489 per
666 1418 943 1471 mulierem.
976 1416 1090 1470 Non
1119 1416 1272 1481 dixit,
1296 1417 1371 1472 Ex
1404 1418 1649 1481 muliere,
1679 1417 1775 1472 sed
1800 1425 1986 1471 contra
2007 1458 2022 1484 ,

454 1511 539 1567 Ea:
581 1513 710 1567 uiro.
765 1511 879 1567 Hoc
922 1511 1063 1565 enim
1114 1511 1284 1581 ipsum
1336 1513 1601 1582 integrum
1654 1519 1835 1566 manet
1887 1511 2024 1583 apud

444 1605 638 1660 virum.
669 1603 863 1660 Verum
910 1603 1024 1658 haec
1074 1612 1219 1658 recte
1263 1612 1413 1674 gesta
1465 1618 1570 1658 non
1613 1603 1731 1670 viri,
1792 1602 1887 1658 sed
1932 1602 2027 1658 Dei

445 1705 570 1752 sunt
602 1714 616 1749 :
641 1710 805 1766 quare
835 1694 994 1750 etiam
1021 1693 1295 1764 subjunxit
1320 1711 1334 1748 :
1366 1693 1473 1749 Sed
1499 1694 1669 1747 omnia
1706 1710 1769 1748 ex
1788 1692 1916 1749 Deo.
1969 1693 2027 1748 Si

444 1805 572 1861 ergo
594 1789 686 1844 Dei
713 1797 839 1842 sunt
863 1787 1062 1852 omnia,
1093 1787 1206 1858 ipse
1225 1796 1402 1842 autem
1425 1787 1513 1840 illa
1528 1786 1703 1856 jubet,
1732 1787 2028 1857 obsequere

443 1890 500 1936 et
525 1895 594 1936 ne
618 1879 974 1935 contradicas.
1007 1879 1095 1933 i3.
1143 1877 1210 1932 In
1254 1878 1392 1933 vobis
1432 1879 1558 1949 ipsis
1593 1878 1824 1951 judicate
1852 1879 2029 1934 :decet

444 1973 705 2027 mulierem
730 1988 831 2026 non
853 1970 1067 2025 velatam
1097 1987 1243 2024 orare
1272 1969 1440 2025 Deum
1456 1970 1482 2024 ?
1506 1970 1711 2026 Rursus
1753 1972 1872 2026 illos
1901 1986 2029 2026 con-

445 2063 615 2119 stituit
643 2063 904 2118 dictorum
930 2061 1158 2132 judices,
1196 2061 1342 2132 quod
1399 2063 1560 2117 etiam
1608 2063 1661 2116 in
1720 2063 2029 2135 idolothytis

446 2154 573 2209 fecit
601 2171 614 2207 :
645 2169 765 2208 nam
795 2161 850 2208 et
870 2153 975 2208 illic
1000 2152 1149 2217 dicit,
1176 2152 1415 2206 Judicate
1456 2168 1542 2207 vos
1584 2154 1718 2222 quod
1768 2154 1921 2221 dico;
1975 2163 2031 2209 ct

452 2246 559 2311 hic,
589 2242 655 2298 In
683 2245 818 2300 vobis
838 2246 961 2315 ipsis
973 2245 1223 2316 judicate.
1267 2245 1333 2299 Et
1377 2245 1669 2300 terribilius
1697 2246 1898 2316 aliquid
1943 2246 2030 2302 hic

447 2336 747 2393 subindicat
778 2355 791 2390 :
821 2336 1202 2391 contumeliam
1252 2336 1394 2390 enim
1448 2336 1538 2390 hic
1566 2336 1696 2390 dicit
1742 2338 1809 2391 ad
1863 2338 2028 2392 Deum

448 2431 699 2486 transire.
731 2429 925 2486 Verum
950 2445 1057 2484 non
1081 2429 1152 2483 ita
1183 2429 1434 2499 loquitur,
1463 2428 1558 2484 sed
1583 2430 1763 2484 mitius
1793 2430 2031 2499 aliquan-

450 2536 560 2578 tum
587 2532 642 2579 et
670 2524 836 2593 magis
854 2522 1229 2594 iteitigtuatice,
1266 2521 1451 2577 dicens
1480 2539 1494 2576 :
1523 2521 1740 2576 Decetne
1773 2524 2032 2577 mulierem

448 2631 551 2670 non
566 2616 781 2670 velatam
812 2614 1301 2668 Deumorare?14.
1340 2613 1526 2668 Annon
1570 2618 1683 2680 ipsa
1724 2625 1905 2669 natura
1946 2632 2032 2670 vos

450 2710 616 2775 docet,
644 2707 778 2779 quod
803 2707 877 2761 uir
910 2708 1112 2775 quidem
1141 2707 1183 2760 si
1210 2722 1406 2759 comam
1436 2708 1646 2774 nutriat,
1676 2708 1952 2779 ignominia
1969 2710 2032 2762 sit

448 2803 564 2859 illi?
591 2803 678 2858 15.
707 2801 889 2856 mulier
915 2817 1029 2855 vero
1058 2801 1104 2854 si
1147 2816 1344 2854 comant
1370 2801 1582 2866 nutriat,
1609 2802 1772 2871 gloria
1814 2812 1888 2856 est
1914 2802 2033 2856 illi?

448 2896 689 2967 quoniam
715 2895 889 2965 capilli
911 2910 1001 2963 pro
1022 2894 1267 2949 uelamine
1291 2894 1335 2947 ei
1356 2895 1461 2948 dati
1488 2906 1624 2949 sunt.
1648 2894 1800 2962 Quod
1820 2910 2033 2965 semper

449 2989 599 3054 facit,
615 2987 913 3043 communia
943 3000 1148 3056 ponens
1171 2985 1473 3050 ratiocinia,
1498 2985 1600 3041 hoc
1630 2997 1685 3042 et
1716 2986 1800 3041 hic
1820 3002 2034 3058 quoque

451 3079 601 3146 facit,
652 3079 720 3134 ad
768 3077 1036 3148 vulgarem
1088 3078 1529 3133 consuetudinem
1580 3079 1928 3149 confugiens,
1979 3088 2035 3134 et

450 3172 737 3228 admodum
775 3169 975 3241 pudore
1011 3169 1322 3224 suffundens
1346 3185 1460 3232 eos,
1493 3171 1582 3240 qui
1629 3182 1941 3241 exspectant
1966 3172 2033 3227 ab

452 3265 549 3321 illo
573 3263 834 3330 ediscere,
859 3278 978 3332 quae
1007 3276 1075 3316 ex
1101 3263 1371 3315 communi
1398 3263 1786 3318 consuetudine
1814 3272 2036 3334 possunt

451 3355 621 3414 edisci
648 3374 663 3410 :
692 3356 806 3410 lucc
848 3356 1044 3425 quippe
1088 3364 1143 3408 et
1190 3354 1383 3409 similia
1441 3371 1510 3410 ne
1539 3355 1781 3411 barbaris
1820 3357 2034 3428 quidem

453 3451 634 3522 ignota
674 3459 820 3504 sunt.
848 3446 917 3502 Et
944 3447 1066 3503 vide
1105 3446 1373 3518 quomodo
1403 3447 1597 3519 ubique
1617 3449 1830 3505 acribus
1861 3459 2038 3508 utatur

451 3542 653 3598 verbis.
691 3540 865 3595 Omnis
908 3540 983 3592 vir
1011 3556 1182 3606 orans,
1204 3540 1291 3608 qui
1319 3550 1472 3611 caput
1514 3558 1661 3595 suum
1699 3543 1839 3614 tegit,
1887 3553 2038 3614 caput

455 3651 606 3690 suum
634 3634 907 3703 deturpat;
933 3647 996 3687 ac
1026 3647 1256 3696 rursum,
1281 3631 1341 3687 Si
1369 3641 1539 3687 autem
1567 3644 1713 3703 turpe
1738 3645 1809 3689 est
1839 3636 2040 3693 mulieri

457 3726 656 3781 tonderi
685 3734 772 3778 aut
801 3725 935 3791 radi,
965 3725 1152 3779 veletur
1169 3739 1189 3788 ;
1213 3733 1268 3780 et
1291 3726 1376 3780 hic
1406 3741 1613 3791 rursus,
1652 3724 1740 3781 Vir
1766 3727 1965 3799 quidem
1995 3730 2041 3785 si

456 3833 653 3873 comam
703 3818 924 3886 nutriat,
979 3818 1258 3888 ignominia
1309 3828 1384 3873 est
1431 3820 1563 3875 illi:
1610 3820 1793 3876 mulier
1848 3824 1893 3876 si
1948 3840 2040 3877 co-

456 3926 595 3964 mam
644 3914 875 3975 nutriat,
922 3911 1087 3982 gloria
1147 3921 1218 3966 est
1269 3911 1388 3979 illi,
1432 3914 1674 3984 quoniam
1719 3916 1895 3986 capilli
1948 3933 2040 3984 pro

455 4001 706 4056 eelantine
744 4003 789 4056 ei
836 4002 942 4055 dati
977 4010 1114 4056 sunt.
1161 4003 1228 4058 Et
1251 4004 1296 4057 si
1342 4019 1440 4073 pro
1470 4005 1733 4060 velamine
1758 4007 1864 4061 dati
1895 4017 2038 4069 sunt.

458 4094 653 4165 inquit,
675 4109 772 4149 cur
798 4104 1044 4164 Oporteat
1071 4094 1315 4149 velamen
1344 4096 1489 4150 aliud
1528 4097 1801 4167 adjicere?
1831 4097 1901 4154 Ut
1933 4115 2040 4153 non

458 4186 630 4239 solum
658 4201 688 4241 a
717 4193 925 4249 initura,
965 4185 1058 4241 sed
1087 4186 1247 4241 etiam
1275 4185 1342 4240 ab
1385 4186 1606 4242 arbitrio
1656 4188 2042 4257 subjectionem

459 4280 794 4334 conteatur.
820 4278 970 4346 Quod
1002 4278 1143 4333 enim
1172 4288 1223 4334 te
1246 4288 1490 4348 oporteat
1508 4280 1695 4347 velari,
1720 4280 1833 4352 ipsa
1855 4292 2041 4337 natura

461 4371 607 4439 prius
635 4371 930 4426 constituit.
961 4370 1113 4425 Adde
1142 4371 1300 4441 igitur
1319 4386 1537 4441 operam
1568 4381 1733 4440 tuam,
1767 4390 1834 4429 ne
1863 4372 2044 4430 videa-

459 4464 536 4519 ris
561 4472 765 4518 natura:
793 4464 937 4533 leges
975 4474 1219 4518 evertere
1250 4479 1264 4516 :
1291 4463 1433 4533 quod
1458 4464 1669 4534 quidem
1696 4465 1873 4519 multa:
1900 4475 2044 4520 esset

460 4553 826 4623 impudentiaa,
873 4568 979 4607 non
1013 4554 1289 4608 nobiscum
1322 4563 1547 4621 tantum,
1581 4555 1677 4611 sed
1728 4556 1889 4611 etiam
1920 4572 2040 4612 cum

467 4655 657 4700 natura
675 4659 930 4715 pugnare.
946 4645 1122 4711 Quare
1136 4645 1350 4699 Iudaeos
1360 4646 1498 4701 Deus
1540 4647 1789 4704 incusans
1808 4648 1964 4703 diceh
1983 4660 2039 4702 tt:

465 4736 708 4790 Occidisti
735 4734 870 4804 [ilics
909 4744 1019 4789 tuos
1045 4745 1090 4788 et
1116 4736 1250 4804 lias
1280 4744 1392 4790 tuas
1422 4735 1633 4805 (Ezeclt.
1659 4739 1747 4793 l6.
1776 4739 1869 4806 2i)
1901 4760 1914 4796 :
1944 4741 2045 4795 hoc

466 4843 579 4901 pra;
606 4829 857 4885 omnibus
883 4837 966 4885 est
1001 4827 1485 4884 abominationibus
1515 4829 1637 4883 tuis.
1688 4830 1756 4885 Et
1806 4846 1901 4885 eos
1952 4834 2042 4903 qui

461 4919 602 4989 apud
625 4920 898 4978 Romanos
918 4921 1174 4994 impudici
1220 4931 1375 4978 erant
1402 4922 1684 4993 increpans
1714 4923 1931 4991 Paulus,
1964 4928 2043 4982 sic

459 5019 619 5079 auget
643 5010 1067 5069 criminationem
1096 5015 1280 5070 dicens
1307 5031 1321 5068 :
1351 5013 1490 5086 quod
1519 5028 1622 5070 non
1647 5016 1817 5070 solum
1850 5029 2045 5087 prmter

465 5100 562 5156 Dei
590 5097 787 5171 legem,
807 5101 903 5155 sed
931 5113 1125 5172 praeter
1147 5114 1391 5158 naturam
1422 5121 1551 5162 usus
1590 5106 1681 5162 ille
1708 5116 1849 5162 esset
1881 5123 1894 5160 :
1985 5126 2044 5163 u-

459 5201 638 5249 tarunt
665 5193 798 5248 enim
829 5209 979 5247 usum
1018 5196 1303 5249 naturalem
1339 5197 1391 5251 in
1441 5199 1606 5266 illum,
1638 5200 1725 5271 qui
1765 5210 1838 5256 est
1864 5213 2047 5272 praeter

462 5299 700 5345 naturam
726 5287 915 5360 (Rom.
949 5291 1000 5344 l.
1030 5288 1159 5361 26).
1190 5288 1479 5358 Propterea
1501 5292 1553 5346 in
1582 5294 1686 5348 hoc
1712 5309 1771 5351 se
1796 5311 2043 5353 sermone

465 5392 699 5450 exercet,
729 5382 832 5439 hoc
858 5383 1032 5455 ipsum
1060 5382 1367 5450 ostendens,
1401 5392 1458 5440 et
1481 5387 1620 5455 quod
1647 5388 1777 5447 nihil
1812 5389 2043 5444 alienum

460 5477 768 5544 constituat,
791 5476 1038 5548 quodque
1057 5476 1197 5549 apud
1214 5476 1432 5534 Graecos
1453 5479 1631 5533 omnia
1652 5480 1768 5547 ejus
1794 5482 2045 5536 novitatis

465 5566 594 5630 sint,
638 5583 757 5637 qua:
799 5578 883 5624 est
923 5580 1119 5638 praeter
1158 5579 1424 5624 naturam.
1467 5569 1557 5626 Sic
1586 5580 1641 5626 et
1674 5573 1917 5628 Christus
1943 5575 2044 5628 hoc

467 5659 641 5727 ipsum
690 5662 1063 5729 comprobans,
1110 5663 1322 5718 dicebat
1362 5680 1376 5716 :
1411 5662 1748 5733 Quacumque
1795 5665 1946 5718 uultis
1990 5675 2044 5718 ut

469 5754 658 5810 faciant
680 5753 817 5808 vobis
832 5754 1077 5826 homines,
1095 5765 1141 5811 et
1166 5772 1250 5811 vos
1270 5756 1422 5827 facile
1442 5756 1564 5827 ipsis
1582 5754 1795 5829 (Matth.
1822 5758 1875 5814 7.
1908 5758 2037 5831 19.);

1137 296 1196 353 S.
1236 295 1512 353 JOANNIS
1533 292 2007 351 CHRYSOSTOMI
2056 293 2368 354 ARCHIEP.
2400 296 2930 355 CONSTANTINOP.

3606 299 3715 357 220

2129 411 2434 480 significans
2452 427 2513 468 se
2533 412 2666 468 nihil
2696 429 2893 469 novum
2920 411 3192 469 inducere.
3219 413 3308 470 l6.
3333 413 3397 469 Si
3413 414 3527 485 quis
3543 426 3715 471 autem

2128 504 2320 557 videtur
2347 505 2686 560 contentiosus
2717 521 2844 569 esse,
2872 522 2965 558 nos
2994 506 3144 559 talem
3174 507 3585 561 consuetudinem
3609 524 3717 562 non

2130 594 2387 659 habemus,
2421 613 2576 664 neque
2616 596 2857 651 Ecclesia:
2904 596 3024 651 Dei.
3075 597 3173 668 Est
3198 614 3325 668 ergo
3354 600 3716 654 contentionis

2130 695 2183 739 et
2211 701 2314 740 non
2345 689 2568 741 rationis
2613 688 2697 743 his
2725 690 3001 743 resistere.
3047 688 3313 744 Ca'terum
3370 691 3447 745 sic
3503 707 3718 761 quoque

2130 778 2456 835 moderatam
2491 782 2615 836 fecit
2637 783 3074 850 increpationem,
3104 795 3159 837 ut
3186 785 3273 854 qui
3302 784 3584 854 plurimum
3619 802 3717 855 pu-

2129 868 2276 924 doris
2318 869 2637 926 immiserit:
2666 874 2807 942 quod
2837 875 2997 928 etiam
3034 876 3333 943 graviorem
3366 874 3717 933 lecitoratio-

2132 976 2273 1015 nem.
2301 961 2410 1017 Nos
2429 963 2593 1030 enim,
2624 964 2812 1034 inquit,
2842 965 2998 1019 talem
3021 967 3458 1021 consuetudinem
3482 983 3585 1021 non
3617 968 3717 1022 ha-

2132 1050 2337 1119 bemus,
2358 1060 2413 1107 ut
2429 1053 2813 1109 contendamus
2830 1066 2884 1110 et
2904 1056 3169 1126 litigamus
3191 1066 3245 1111 et
3260 1057 3713 1115 contradicamus.

2129 1141 2311 1213 Neque
2346 1153 2523 1199 tamen
2557 1145 2814 1200 hactenus
2840 1147 3103 1211 substitit,
3133 1147 3226 1202 sed
3271 1148 3564 1218 subjuuxit,
3597 1147 3715 1202 Ne-

2128 1250 2224 1304 que
2256 1234 2494 1290 Ecclesiaz
2526 1235 2643 1302 Dei,
2669 1238 2957 1293 ostendens
2995 1239 3116 1293 illos
3157 1238 3251 1293 toti
3283 1250 3544 1294 terrarum
3594 1240 3715 1296 orbi

2129 1328 2389 1384 obsistere
2409 1340 2464 1385 et
2489 1330 2780 1397 adversari,
2806 1347 2910 1386 non
2928 1332 3201 1388 cedentes.
3227 1332 3333 1387 Sed
3355 1334 3562 1388 etiamsi
3589 1342 3718 1387 tunc

2129 1420 2822 1487 contenderentCorinthii,
2879 1438 3020 1477 nunc
3066 1435 3208 1478 totus
3266 1436 3526 1479 terrarum
3567 1425 3717 1479 orbis

2133 1512 2269 1564 hanc
2299 1511 2465 1581 legem
2493 1520 2549 1567 et
2576 1515 2783 1584 accepit
2809 1524 2864 1570 et
2890 1517 3138 1570 observat
3158 1535 3172 1571 :
3194 1526 3333 1571 tanta
3359 1525 3443 1572 est
3460 1516 3714 1572 Crucixi

2130 1610 2387 1673 potestas.

2203 1696 2254 1749 6.
2282 1693 2386 1749 Sed
2406 1710 2593 1750 vereor
2613 1712 2700 1762 ne,
2721 1695 2823 1752 hoc
2838 1706 3058 1767 accepto
3081 1698 3282 1765 habitu,
3297 1700 3548 1769 operibus
3562 1717 3716 1771 quze-

2131 1788 2252 1841 dant
2278 1803 2346 1841 ex
2366 1788 2680 1844 mulieribus
2706 1790 3045 1860 impudenter
3088 1805 3149 1847 se
3187 1806 3378 1861 gerere
3404 1792 3715 1862 deprehen-

2131 1879 2344 1946 dantur,
2394 1882 2581 1937 etalio
2609 1882 2770 1937 modo
2795 1882 3043 1939 detectas.
3091 1883 3214 1939 Ideo
3240 1885 3384 1939 enim
3427 1876 3718 1939 Timotheo

2133 1986 2343 2041 quoque
2367 1972 2608 2027 scribens
2637 1974 2851 2039 Paulus,
2870 1990 2975 2028 non
2998 1976 3128 2029 satis
3155 1975 3336 2029 habuit
3355 1976 3467 2030 haec
3486 1975 3711 2038 dixisse.

2132 2065 2228 2119 sed
2257 2066 2357 2119 alia
2385 2065 2581 2136 adjecit
2604 2066 2790 2123 dicens
2820 2086 2833 2122 :
2860 2066 2928 2120 In
2955 2068 3129 2121 habitu
3173 2079 3351 2121 ornato
3380 2085 3494 2121 cum
3522 2068 3719 2138 pudore

2133 2167 2179 2209 et
2203 2158 2445 2211 modestia
2469 2169 2703 2215 ornantes
2730 2176 2802 2224 se,
2832 2176 2933 2213 non
2960 2160 3014 2213 in
3041 2161 3184 2214 tortis
3229 2160 3452 2214 crinibus
3476 2169 3563 2213 aut
3588 2176 3719 2215 auro

2138 2249 2213 2319 (l.
2241 2248 2370 2317 Tini.
2393 2248 2448 2305 2.
2477 2250 2556 2313 9).
2586 2249 2719 2304 Nam
2743 2251 2786 2305 si
2811 2266 2916 2305 non
2943 2262 3157 2321 Oportet
3186 2252 3383 2305 nudum
3409 2261 3569 2319 caput
3611 2252 3708 2307 hac

2136 2340 2284 2407 bere,
2320 2340 2414 2396 sed
2462 2341 2809 2412 subjectionis
2857 2343 3066 2410 signum
3099 2342 3294 2412 ubique
3337 2344 3711 2406 circumferre;

2134 2433 2304 2488 multo
2343 2434 2512 2503 magis
2561 2450 2654 2505 per
2697 2450 2857 2503 opera
2896 2436 2998 2489 hoc
3024 2435 3314 2492 ostendere
3347 2448 3579 2505 oportet.
3625 2435 3719 2491 S.c

2134 2538 2279 2583 certe
2331 2528 2517 2598 priscae
2561 2528 2811 2583 mulieres
2860 2538 2915 2584 et
2944 2529 3188 2582 dominos
3234 2530 3377 2583 viros
3430 2528 3710 2593 vocabant,

2133 2626 2188 2673 et
2225 2620 2422 2689 primas
2475 2619 2604 2691 ipsis
2645 2620 3030 2675 concedebant.
3073 2618 3205 2674 Nam
3236 2628 3292 2675 et
3322 2621 3419 2685 illi,
3472 2621 3711 2689 inquies,

2136 2724 2331 2765 uxores
2357 2725 2483 2765 suas
2506 2710 2773 2769 amabant.
2797 2711 2908 2766 lloc
2934 2713 3057 2766 novi
3089 2727 3190 2767 nec
3219 2712 3407 2782 ignoro
3433 2731 3445 2765 :
3470 2713 3563 2766 sed
3590 2728 3709 2767 cum

2138 2811 2190 2856 te
2215 2802 2283 2857 de
2310 2802 2374 2856 iis
2400 2818 2520 2872 qua:
2567 2803 2657 2857 tibi
2703 2804 3030 2858 conveniunt
3057 2803 3430 2867 admonemus,
3465 2820 3567 2856 non
3596 2821 3714 2874 qua:

2137 2895 2343 2949 illorum
2373 2903 2501 2949 sunt
2543 2905 2774 2965 spectes.
2829 2895 2958 2950 Nam
2986 2911 3106 2950 cum
3137 2911 3331 2973 pueros
3365 2895 3717 2950 adhortantur

2137 2989 2471 3059 dicimusque
2490 2998 2548 3044 ut
2574 2990 2884 3060 parentibus
2911 2991 3294 3059 obsequantur,
3311 2990 3433 3059 quia
3457 2989 3716 3059 scriptum

2137 3091 2219 3135 est
2244 3099 2259 3137 :
2296 3080 2506 3135 Honora
2532 3092 2724 3152 patrem
2744 3093 2888 3136 tuum
2913 3092 2958 3136 et
2983 3091 3193 3135 matrem
3228 3092 3366 3134 tuam
3393 3081 3592 3151 (Exod.
3622 3081 3713 3136 20.

2141 3172 2261 3245 12);
2293 3173 2476 3229 dicunt
2501 3174 2574 3229 illi
2604 3174 2778 3239 nobis,
2808 3174 2995 3229 Profer
3020 3176 3182 3229 etiam
3234 3190 3297 3229 ea
3327 3190 3450 3244 quae
3475 3190 3717 3245 sequun-

2140 3275 2226 3320 tur
2254 3284 2266 3320 :
2309 3263 3100 3339 Vosquoqne,patres,nolite'ad
3122 3266 3253 3319 iram
3278 3282 3554 3336 provocare
3583 3266 3719 3336 lios

2140 3367 2326 3412 vestros
2346 3356 2563 3430 (Ep/tes.
2594 3358 2649 3413 6.
2680 3358 2760 3428 4).
2783 3359 2987 3413 Etcum
3019 3358 3190 3412 servis
3216 3358 3441 3412 dicimus
3462 3358 3719 3426 scriptum

2141 3465 2281 3516 esse,
2309 3450 2449 3521 quod
2478 3451 2831 3507 obedientium
2851 3451 2921 3505 sit
2944 3450 3195 3515 dominis,
3220 3465 3396 3517 neque
3415 3452 3483 3505 ad
3508 3451 3720 3505 oculum

2142 3544 2481 3597 serviendum
2508 3535 2629 3598 esse
2653 3544 2758 3598 illis
2781 3542 2913 3613 (Col.
2947 3545 3001 3599 5.
3039 3542 3162 3613 52)
3191 3553 3247 3598 et
3273 3543 3349 3598 illi
3375 3558 3562 3599 rursus
3600 3559 3724 3615 qua:

2143 3646 2441 3706 sequuntur
2467 3652 2500 3692 a
2523 3636 2677 3692 nobis
2720 3637 2958 3706 exigunt,
2981 3637 3231 3704 iubentes
3250 3635 3484 3691 dominis
3510 3650 3727 3707 quoque

2143 3731 2330 3788 eadem
2375 3729 2620 3786 suadere.
2665 3729 2797 3785 Nam
2842 3729 2944 3784 illis
2993 3744 3227 3799 quoque,
3266 3728 3532 3799 inquiunt,
3577 3742 3724 3798 prte-

2144 3823 2288 3893 cepit
2312 3821 2528 3888 Paulus,
2573 3821 2747 3875 minas
2774 3823 3067 3876 remittere.
3101 3820 3206 3876 Sed
3246 3835 3312 3875 ne
3335 3820 3412 3875 sic
3437 3818 3722 3885 faciamus,

2145 3930 2318 3987 neque
2345 3929 2408 3971 ea
2430 3929 2550 3984 qua:
2573 3913 2694 3968 aliis
2712 3922 2981 3984 praecepta
3006 3921 3134 3967 sunt
3154 3927 3472 3983 qutersmus,
3505 3911 3725 3982 quando

2146 4007 2213 4063 de
2242 4008 2307 4062 iis
2332 4022 2450 4077 qua:
2465 4006 2530 4060 ad
2555 4021 2653 4061 nos
2677 4006 2946 4077 pertinent
2965 4020 3316 4071 accusamur;
3357 4020 3531 4076 neque
3554 4005 3720 4068 euitti,

2146 4100 2192 4158 si
2222 4101 2427 4157 socium
2452 4100 2736 4155 criminum
2761 4099 3012 4169 accipias,
3031 4115 3060 4153 a
3076 4100 3232 4169 culpa
3256 4099 3600 4154 liberaberis:
3628 4098 3724 4154 sed

2147 4193 2249 4248 hoc
2297 4208 2458 4246 unum
2485 4202 2668 4262 specta
2716 4200 2773 4246 ut
2816 4199 2869 4246 te
2909 4206 2940 4245 a
2977 4192 3296 4246 criminibus
3335 4191 3555 4247 liberes.
3589 4189 3723 4246 Nam

2148 4285 2327 4341 Adam
2349 4285 2401 4340 in
2430 4286 2713 4340 mulierem
2748 4285 2958 4353 culpam
2987 4283 3284 4349 referebat,
3316 4293 3374 4340 et
3397 4285 3484 4339 illa
3516 4299 3729 4339 rursum

2149 4377 2204 4431 in
2232 4386 2565 4446 serpentem;
2596 4375 2690 4431 sed
2714 4392 2820 4431 non
2850 4375 2972 4430 illos
2997 4374 3101 4430 hoc
3125 4375 3343 4446 eripuit.
3364 4374 3443 4430 Ne
3471 4377 3649 4446 itaque
3669 4383 3728 4429 tu

2149 4470 2252 4524 hoc
2278 4470 2405 4524 mihi
2438 4484 2578 4524 nunc
2606 4468 2771 4534 dicas,
2820 4467 2915 4523 sed
2941 4477 3092 4538 grato
3111 4484 3232 4523 cum
3258 4469 3439 4523 animo
3465 4484 3584 4540 quae
3610 4485 3728 4523 ma

2148 4563 2254 4617 rito
2290 4562 2457 4616 debes
2500 4570 2753 4631 praestare
2789 4576 2964 4617 cures.
2995 4561 3129 4617 Nam
3155 4571 3209 4618 et
3233 4562 3449 4632 quando
3476 4563 3730 4618 maritum

2149 4661 2297 4708 tuum
2326 4653 2589 4723 alloquor,
2612 4652 2905 4709 adhortans
2949 4662 3007 4708 ut
3031 4664 3083 4708 te
3125 4653 3310 4725 diligat
3347 4663 3402 4709 et
3432 4655 3508 4709 tui
3544 4669 3727 4709 curam

2148 4752 2318 4816 gerat,
2365 4758 2470 4798 non
2516 4743 2635 4799 sino
2674 4745 2820 4798 illum
2871 4745 2925 4799 in
2955 4744 3187 4799 medium
3219 4744 3409 4801 a'erre
3441 4747 3611 4817 legem
3661 4746 3731 4800 de

2152 4838 2374 4892 muliere
2402 4837 2582 4901 latam,
2629 4837 2721 4891 sed
2768 4838 2938 4908 legem
2970 4837 3037 4891 de
3065 4837 3159 4891 illo
3184 4839 3437 4908 scriptam
3492 4839 3729 4908 requiro.

2152 4935 2216 4990 Et
2243 4945 2298 4988 tu
2325 4934 2484 5005 igitur
2512 4947 2597 4995 ea,
2631 4947 2749 5002 qua:
2775 4933 2842 4986 ad
2873 4941 2926 4987 te
2960 4939 3225 5002 spectant,
3267 4933 3382 4985 sola
3409 4933 3622 4988 curiose
3649 4933 3732 4987 in-

2150 5027 2321 5097 quire,
2348 5034 2403 5079 et
2430 5034 2482 5079 te
2510 5022 2721 5094 coniugi
2758 5024 3079 5094 morigerum
3107 5023 3306 5094 prtebe.
3340 5023 3473 5078 Nam
3512 5024 3556 5079 si
3601 5037 3730 5093 pro-

2152 5127 2267 5188 pter
2295 5117 2463 5171 Deum
2512 5116 2701 5170 marito
2750 5116 3082 5186 obsequaris,
3111 5132 3179 5171 ne
3225 5116 3354 5170 mihi
3387 5117 3630 5186 proferas
3666 5132 3730 5171 ra

2150 5226 2268 5280 quae
2301 5208 2413 5277 ipse
2438 5217 2696 5278 praestare
2720 5206 2912 5273 debet;
2935 5207 3030 5264 sed
3050 5224 3113 5263 ea
3139 5208 3336 5279 quibus
3365 5220 3416 5263 te
3441 5209 3731 5263 obnoxiam

2152 5301 2425 5369 legislator
2454 5297 2602 5365 fecit,
2644 5297 2759 5353 hanc
2786 5298 3069 5369 diligenter
3095 5314 3411 5370 exsequere.
3450 5298 3561 5355 lloc
3586 5300 3729 5354 enim

2150 5402 2235 5448 est
2262 5393 2495 5447 maxime
2524 5393 2634 5447 Deo
2662 5392 3058 5462 obtemperare,
3101 5395 3312 5448 etiamsi
3340 5395 3607 5449 contraria
3634 5408 3729 5462 pa-

2152 5484 2322 5549 tiaris,
2350 5483 2521 5553 legem
2545 5499 2653 5538 nou
2674 5484 2995 5554 transgredi.
3024 5483 3150 5540 Ideo
3170 5488 3314 5540 enim
3341 5484 3431 5553 qui
3466 5500 3527 5540 se
3545 5500 3730 5538 aman-

2151 5588 2258 5632 tem
2301 5584 2466 5641 amat,
2513 5575 2644 5630 nihil
2673 5576 2851 5646 magni
2882 5574 3059 5631 facere
3100 5576 3349 5630 videtur:
3377 5578 3468 5644 qui
3499 5591 3629 5629 vero
3670 5590 3734 5630 se

2150 5667 2418 5723 odientem
2443 5666 2592 5732 colit.
2623 5666 2710 5723 hic
2736 5669 2968 5725 maxime
2991 5677 3074 5725 est
3093 5669 3182 5739 qui
3202 5680 3507 5724 coronatur.
3529 5665 3732 5720 Eodem

2154 5774 2363 5832 quoque
2386 5759 2545 5817 modo
2570 5768 2626 5815 tu
2654 5770 2829 5818 tecum
2854 5770 3058 5833 reputa,
3088 5761 3231 5832 quod
3259 5762 3306 5817 si
3333 5761 3620 5819 molestum
3637 5759 3735 5816 tibi
3813 5824 3817 5828 _
