4094 6222
350 306 464 365 Ξίθ

346 422 549 489 ἐπάγει
578 420 678 493 τὴν
705 421 1010 493 διόρθωσιν,
1045 422 1234 493 λέγων’
1261 423 1435 493 Πλὴν
1458 422 1596 478 οὔτε
1627 421 1784 491 ἀνὴρ
1812 439 1925 492 χω-

288 556 293 561 .
338 507 440 573 pic
461 505 775 577 γυναικὸς,
802 507 940 561 οὔτε
965 507 1122 576 γυνὴ
1166 508 1340 578 χαφὶς
1370 507 1590 575 ἀνδρὸς
1613 508 1683 561 ἐν
1710 506 1921 576 Κυρίῳ.

342 590 437 660 Μὴ
487 590 599 662 γάρ
647 607 757 661 μοι,
805 591 958 660 φησὶ,
1001 592 1070 646 τὰ
1103 591 1294 663 πρῶτα
1336 591 1554 657 ἐξέταζε
1594 592 1750 662 μόνα,
1795 591 1929 659 μηδὲ

338 670 443 742 τὴν
468 673 830 744 δημιουργίαν
860 671 1091 743 ἐκείνην
1129 674 1194 727 ἂν
1227 674 1335 746 γάρ
1364 673 1432 727 τά
1466 675 1605 745 μετά
1631 671 1803 726 ταῦτα
1834 674 1930 741 ζη-

338 759 468 825 τῇς,
496 758 759 826 ἑκάτερος
792 756 1055 828 ἐκατέρου
1087 755 1279 821 αἴτιος,
1312 757 1513 828 μᾶλλον
1535 756 1590 810 δέ
1614 756 1732 809 οὑδέ
1757 753 1931 819 οὕτως

339 841 607 912 ἑκάτερος
647 840 930 911 ἐκατέρου,
957 840 1073 894 ἀλλ’
1094 842 1123 894 6
1155 840 1287 904 Θεὸς
1323 841 1579 895 ἁπάντων
1601 856 1621 911 ἰ
1640 839 1719 892 διό
1746 855 1927 911 φησιν,

345 925 502 978 οὔτε
528 924 683 992 ἀνὴρ
707 924 885 991 χωρίς
912 923 1211 993 γυναικὸς.
1249 924 1390 978 οὔτε
1425 921 1582 993 γυνὴ
1618 921 1795 992 χωρίς
1822 922 1931 976 ἀν-

344 1008 492 1079 δρὸς
516 1008 590 1062 ἐν
621 1009 837 1076 Κυρίῳ.
867 1008 1096 1075 Ὠσπερ
1122 1011 1234 1077 γὰρ
1283 1008 1321 1075 ἠ
1372 1007 1526 1077 γυνὴ
1577 1007 1645 1060 ἐκ
1681 1004 1788 1059 τοῦ
1820 1006 1928 1059 άν-

344 1092 510 1162 δρός,
537 1092 696 1146 οὕτω
725 1091 823 1146 καί
846 1094 879 1146 ό
913 1090 1070 1159 ἀνὴρ
1097 1090 1196 1145 διὰ
1228 1089 1340 1158 τῆς
1373 1092 1676 1160 γυναικός.
1713 1089 1827 1142 Οὑκ
1854 1085 1931 1141 εἴ-

344 1193 473 1234 πεν.
504 1175 602 1230 Ἐκ
616 1176 716 1246 τῆς
745 1175 1024 1243 γυναικὸς,
1053 1174 1188 1229 ἀλλά
1211 1174 1397 1241 πάλιν,
1440 1176 1534 1228 Ἐκ
1558 1174 1663 1229 τοῦ
1685 1173 1927 1242 ἀνδρόςο

343 1262 428 1315 ῐτι
467 1261 579 1332 γὰρ
611 1259 743 1312 αὐτὸ
785 1259 945 1312 τοῦτο
976 1258 1235 1329 ἀκέραιον
1268 1258 1420 1329 μένει
1462 1256 1614 1329 παρά
1644 1257 1724 1327 τῷ
1752 1256 1927 1328 ἀνδρί.

358 1344 502 1397 Ἀλλ’
532 1344 597 1397 οὑ
631 1341 727 1395 τοῦ
766 1341 957 1413 ἀνδρὸς
1006 1341 1183 1395 ταῦτα
1224 1344 1293 1394 τὰ
1338 1340 1762 1411 κατορθώματα,
1792 1339 1931 1395 ἀλλὰ

341 1426 446 1482 τοῦ
480 1425 637 1481 Θεοῦ’
681 1422 762 1478 διὸ
810 1426 902 1478 καὶ
948 1426 1218 1496 ἐπήγαγε,
1263 1425 1340 1479 Τὰ
1367 1425 1437 1479 δέ
1463 1422 1662 1477 πάντα
1703 1423 1772 1478 ἐκ
1821 1421 1930 1476 τοῦ

343 1512 522 1569 Θεοῦ.
547 1512 610 1564 Εἰ
631 1510 813 1563 τοίνυν
837 1509 931 1563 τοῦ
956 1509 1092 1563 Θεοῦ
1123 1510 1191 1563 τά
1215 1510 1412 1574 πάντα,
1444 1507 1609 1572 αὐτὸς
1633 1507 1690 1562 δὲ
1715 1507 1929 1561 κελεύει

340 1597 538 1658 ταῦτα,
573 1593 762 1647 πείθου
813 1593 907 1647 καὶ
942 1592 1016 1662 μὴ
1045 1591 1314 1662 ἀντίλεγε.
1376 1593 1480 1647 Ἐν
1533 1591 1678 1661 ὑμῖν
1725 1589 1931 1656 αὐτοῖς

343 1681 611 1749 κρίνατε,
655 1676 889 1746 πρέπον
935 1676 1069 1730 ἐστί
1116 1676 1372 1744 γυναῖκα
1422 1676 1930 1730 ἀκατακάλυπτον

344 1762 427 1829 τῷ
465 1760 589 1827 Θεῴ
625 1761 1113 1830 προσεύχεσθαι;
1150 1760 1320 1815 Πάλιν
1347 1760 1545 1824 αὑτοὺς
1586 1756 1797 1822 καθίζει
1847 1756 1928 1813 δι-

344 1848 559 1910 καστὰς
583 1846 693 1900 τῶν
724 1844 1053 1918 λεγομένων,
1078 1846 1213 1919 ὅπερ
1252 1846 1348 1900 καὶ
1379 1844 1472 1898 ἐπὶ
1504 1845 1612 1898 τῶν
1642 1843 1929 1898 εἰδωλοθύ-

340 1950 456 1985 των
486 1930 736 2002 ἐποίησε
781 1929 1009 2002 καὶγὰρ
1054 1930 1170 1983 ἐκεῖ
1221 1947 1377 2002 φησι,
1402 1928 1654 1999 Κρίνατε
1684 1927 1856 1997 ὑμεῖς
1895 1927 1930 1983 ὅ

341 2033 531 2087 φημιο
569 2017 663 2070 καί⁵
702 2014 958 2080 ἐνταῦθα,
1003 2017 1100 2069 Ἐν
1125 2016 1269 2087 ὑμῖν
1301 2015 1507 2083 αὐτοῖς
1541 2014 1801 2084 κρίνατε
1835 2012 1928 2068 καί

342 2118 397 2155 τι
432 2099 811 2173 φοϐερώτερον
854 2098 1151 2154 αἰνίττεται
1175 2099 1427 2153 ἐνταῦθα·
1470 2098 1571 2171 τὴν
1618 2098 1728 2169 γὰρ
1770 2096 1928 2169 ὓϐριν

342 2184 588 2239 ἐνταῦθα
622 2184 703 2248 εἰς
742 2184 835 2237 τὸν
867 2182 1001 2237 Θεόν
1035 2198 1170 2253 φησι
1210 2181 1529 2237 διαϐαίνειν.
1594 2181 1735 2234 Ἀλλ’
1785 2180 1930 2236 οὑτω

344 2270 450 2340 μὲν
479 2267 544 2321 οῦ
573 2285 759 2338 φησιν,
788 2264 1136 2337 ἡμερώτερον
1171 2265 1230 2320 δέ
1263 2282 1379 2328 πως
1406 2265 1502 2318 καὶ
1528 2266 1929 2337 αίνιγματωδέ-

343 2370 543 2424 στερον
592 2352 784 2420 λέγων·
821 2350 1057 2418 Πρέπον
1096 2349 1228 2403 ἐστί
1268 2349 1522 2419 γυναῖκα
1550 2349 1929 2405 ἀκατακάλυ-

339 2453 502 2490 πτον
530 2434 613 2501 τῷ
645 2432 766 2499 Θεῷ
794 2427 1240 2504 προσεύχεσθαι
1263 2449 1282 2497 ;
1316 2435 1392 2489 Ἦ
1415 2433 1559 2487 οὐδὲ
1578 2433 1730 2502 αὕτη
1753 2434 1791 2501 ἡ
1819 2433 1931 2502 φύ-

340 2536 449 2586 σις
510 2518 668 2589 ὑμᾶς
725 2516 1015 2584 διδάσκει,
1065 2516 1155 2570 ὅτι
1213 2516 1368 2584 ἀνὴρ
1411 2514 1529 2585 μὲν
1583 2516 1693 2569 ἐὰν
1750 2513 1926 2584 κομᾷ,

340 2604 552 2674 ἀτιμία
583 2599 742 2668 αὑτῷ
772 2602 921 2656 ἐστι·
953 2599 1106 2671 γυνὴ
1135 2599 1204 2653 δὲ
1234 2599 1345 2653 ἐὰν
1378 2598 1553 2669 κομᾷ,
1592 2598 1744 2664 δόξα
1773 2597 1930 2669 αὐτῇ

341 2690 519 2751 ἐστι;
548 2685 637 2738 ὅτι
658 2686 697 2754 ἡ
720 2686 872 2754 κόμη
895 2683 1027 2739 ἀντὶ
1053 2683 1436 2751 περιϐολαίου
1473 2682 1710 2737 δέδοται
1749 2681 1926 2752 αὐτῇ.

346 2771 535 2839 Ὅπερ
560 2768 647 2825 ἀεὶ
679 2770 842 2833 ποιεῖ,
867 2768 1078 2830 κοινοὺς
1100 2765 1391 2837 λογισμοὺς
1418 2764 1606 2829 τιθεὶς,
1644 2763 1804 2818 τοῦτο
1835 2765 1931 2819 καί

343 2850 586 2907 ἐνταῦθα
627 2849 777 2923 [255]
819 2850 1131 2921 ἐργάζεται,
1170 2850 1263 2903 ἐπὶ
1290 2848 1390 2920 τὴν
1419 2848 1605 2919 κοινὴν
1642 2847 1931 2919 συνήθειαν

344 2935 730 3005 καταφεύγων,
763 2933 859 2988 καί
894 2934 1099 3006 σφόδρα
1129 2932 1407 3005 ἐντρέπων
1458 2933 1584 2992 τοὺς
1632 2931 1931 3003 ἀναμένον-

344 3039 450 3086 τας
479 3022 654 3074 ταῦτα
682 3018 974 3090 μανθάνειν
1006 3018 1140 3090 παρ’
1168 3016 1357 3084 αὑτοῦ,
1380 3016 1416 3072 ἀ
1442 3018 1538 3071 καὶ
1563 3016 1671 3069 ἀπὸ
1693 3015 1795 3085 τῆς
1819 3032 1932 3070 κοι-

346 3101 449 3171 νῆς
510 3099 800 3174 συνηθείας
855 3099 1081 3152 δυνατὸν
1320 3095 1630 3168 μανθάνειν·
1693 3095 1762 3148 τά
1821 3094 1933 3167 γάρ

346 3183 596 3247 τοιαῦτα,
649 3181 774 3238 οὗτε
831 3181 1127 3254 βαρϐάροις
1177 3182 1451 3250 ἄγνωστα.
1512 3180 1623 3232 Kal
1667 3180 1769 3251 ὅρα
1815 3179 1934 3244 πῶς

348 3266 628 3339 πανταχοῦ
681 3265 999 3336 πληκτικῶς
1058 3267 1323 3336 κέχρηται
1390 3266 1510 3327 ταῖς
1547 3262 1757 3329 λέξεσι*
1807 3261 1934 3330 Πᾶς

347 3352 512 3421 ἀνὴρ
542 3351 1029 3420 προσευχόμενος
1080 3347 1555 3401 κατακαλύπτειν
1586 3346 1774 3401 αὑτοῦ
1820 3346 1934 3414 τὴν

348 3434 651 3505 κεφαλὴν,
697 3435 1087 3501 καταισχύνει
1140 3431 1254 3499 τὴν
1286 3430 1564 3500 κεφαλὴν
1597 3429 1813 3485 αὑτοῦ·
1840 3430 1934 3483 καὶ

349 3520 541 3583 πάλιν,
570 3520 641 3572 El
669 3516 737 3571 δὲ
763 3519 1020 3586 αἰσχρὸν
1050 3516 1285 3585 γυναικὶ
1322 3515 1623 3583 κείρεσθαι
1661 3515 1700 3584 ἢ
1750 3512 1933 3582 ξυρᾶ-

348 3605 517 3667 σθαι,
543 3599 1114 3656 κατακαλυπτέσθω
1157 3600 1252 3652 καὶ
1278 3598 1514 3652 ἐνταῦθα
1549 3597 1730 3663 πάλιν,
1762 3594 1934 3664 Ἀνὴρ

344 3684 467 3755 μέν
506 3683 615 3738 ἐὰν
640 3681 816 3752 κομᾷ,
850 3682 1049 3750 ἀτιμία
1081 3681 1240 3745 αὑτῷ
1278 3680 1409 3734 ἐστι
1440 3694 1452 3709 ’
1510 3679 1665 3750 γυνὴ
1718 3678 1789 3731 δὲ
1824 3678 1936 3731 ἐὰν

352 3765 530 3837 κομᾷ,
568 3766 719 3831 δόξα
741 3765 895 3834 αὑτῇ
925 3766 1117 3830 ἐστιν,
1146 3763 1235 3817 ὅτι
1263 3763 1302 3831 ἠ
1336 3764 1487 3831 κόμη
1536 3761 1673 3839 ἀντὶ
1705 3762 1935 3831 περιϐο-

349 3852 534 3909 λαίου
586 3850 844 3907 δέδοται.
883 3850 993 3902 Kal
1040 3852 1090 3902 εἰ
1136 3847 1258 3902 ἀντὶ
1305 3845 1654 3918 περιϐολαίου
1702 3845 1931 3910 δέδοται,

350 3935 513 4005 φησι,
534 3933 679 3998 τίνος
717 3932 902 3986 ἕνεκεν
930 3931 1011 3985 δεῖ
1048 3930 1392 4002 περιϐόλαιον
1430 3931 1616 4001 ἕτερον
1647 3927 1934 4000 προστιθέ-

350 4034 447 4071 ναι
468 4032 487 4083 ;
507 4016 671 4069 Ὥστε
704 4018 777 4086 μὴ
808 4016 918 4071 ἀπὸ
957 4017 1053 4086 τῆς
1092 4014 1307 4083 φύσεως
1341 4013 1520 4085 μόνον,
1546 4012 1681 4066 ἀλλά
1708 4013 1800 4065 καὶ
1827 4009 1936 4064 ἀπὸ

348 4104 463 4175 τῆς
495 4099 856 4170 προαιρέσεως
884 4100 984 4170 τὴν
1019 4098 1300 4168 ὑποταγὴν
1332 4096 1637 4167 ὁμολογεῖν.
1672 4096 1794 4149 Ὀτι
1825 4095 1934 4168 γὰρ

350 4186 443 4240 δεῖ
474 4199 534 4235 σε
572 4182 957 4246 καλύπτεσθαι,
988 4178 1331 4253 προλαϐοῦσα
1359 4181 1452 4233 καὶ
1482 4181 1516 4250 ἡ
1548 4178 1711 4249 φύσις
1740 4180 1931 4248 ἐνομο-

351 4267 578 4335 θέτησε.
606 4266 885 4337 Προστίθει
907 4267 1083 4320 τοίνυν
1107 4266 1200 4319 καὶ
1218 4265 1285 4317 τά
1309 4263 1460 4334 παρὰ
1484 4261 1708 4333 σαυτῆς,
1746 4262 1832 4315 ἵνα
1860 4261 1934 4333 μὴ

350 4349 517 4420 δόξῃς
544 4352 639 4403 καὶ
665 4355 786 4414 τοὺς
810 4350 911 4421 τῆς
942 4348 1156 4417 φύσεως
1191 4346 1526 4418 ἀνατρέπειν
1556 4346 1778 4417 νόμους’
1797 4347 1935 4415 ὅπερ

352 4433 559 4503 πολλῆς
606 4435 753 4486 ἐστιν
790 4432 1133 4503 ἰταμότητος,
1178 4431 1252 4502 μὴ
1287 4429 1623 4500 μόνον-ἡμῖν,
1666 4429 1801 4483 ἀλλά
1842 4429 1938 4483 καί.

350 4521 418 4589 τῇ
450 4518 614 4587 φύσει
652 4517 964 4573 πυκτεύειν.
993 4517 1083 4570 Διὸ
1113 4517 1208 4570 καὶ
1248 4514 1521 4579 Ἰουδαίοις
1550 4514 1580 4567 6
1607 4513 1740 4578 Θεὸς
1772 4515 1939 4582 ἐγκα-

351 4600 462 4655 λῶν
488 4601 698 4669 ἔλεγεν,
728 4601 1036 4670 ’Ἑσφαξας
1063 4600 1207 4666 τοὺς
1232 4599 1401 4665 υἱούς
1426 4614 1544 4653 σου
1564 4597 1664 4650 καί
1698 4595 1808 4663 τὰς
1834 4599 1935 4650 θυ-

353 4675 610 4756 γατέρας
645 4700 784 4739 σου·
820 4685 996 4739 τοῦτο
1028 4684 1189 4753 παρὰ
1216 4684 1414 4737 πάντα
1448 4682 1520 4736 τὰ
1545 4681 1937 4752 ,ϐδελύτματιί

352 4786 494 4826 σου.
527 4770 640 4822 Kal
671 4771 783 4833 τοῖς
814 4787 885 4821 πα
898 4770 964 4840 ρά
996 4768 1286 4840 Ῥωμαίοις
1310 4764 1689 4835 ἀσελγαίνουσι
1721 4767 1882 4821 πάλιν
1907 4769 1936 4821 ό

357 4852 572 4917 Παῦλος
618 4853 910 4924 ἐπιτιμῶν,
940 4852 1110 4917 οὕτως
1156 4851 1309 4919 αὔξει
1351 4850 1450 4922 τὴν
1485 4850 1820 4922 κατηγορίαν
1852 4851 1938 4905 λέ-

355 4954 492 5007 γων,
523 4937 608 4990 ὃτι
628 4938 690 4990 οὑ
716 4936 868 5008 παρά
898 4936 1060 5007 νόμον
1084 4936 1175 4988 τὸν
1199 4936 1293 4989 τοῦ
1316 4935 1451 4989 Θεοῦ
1479 4935 1660 5006 μόνον,
1682 4936 1816 4989 ἀλλά
1844 4936 1937 4989 καὶ

538 5020 700 5088 φύσιν
737 5022 771 5090 ἡ
796 5019 991 5091 χρῆσις
1011 5015 1098 5089 ἦν’
1135 5019 1511 5085 Ὲνήλλαξαν
1544 5018 1655 5088 γὰρ
1683 5018 1797 5086 τὴν
1826 5037 1937 5088 φυ-

357 5101 549 5170 σικὴν
581 5101 802 5171 χρῆσιν
840 5104 929 5168 είς
967 5100 1083 5168 τὴν
1108 5101 1265 5169 παρὰ
1294 5102 1503 5171 φύσιν.
1538 5101 1637 5153 Διά
1676 5099 1741 5172 δὴ
1781 5100 1938 5153 τοῦτο

359 5186 457 5240 καὶ
476 5184 711 5239 ἐνταῦθα
730 5184 921 5238 τοῦτον
956 5185 1218 5254 γυμνάζει
1242 5185 1333 5238 τὸν
1364 5184 1544 5253 λόγον,
1578 5184 1737 5238 τοῦτό
1759 5202 1820 5239 τε
1848 5186 1940 5238 αὑ-

358 5270 420 5324 τὸ
465 5270 701 5334 δεικνὺς,
730 5270 827 5323 καὶ
872 5270 953 5322 ὅτι
1002 5269 1154 5323 οὐδὲν
1196 5268 1345 5335 ξένον
1377 5268 1676 5338 νομοτεθεῖ,
1714 5270 1809 5323 καὶ
1856 5271 1938 5324 ὃτι

359 5355 492 5426 παρ’
516 5353 748 5425 Ἕλλησι
779 5352 850 5405 τὰ
886 5353 986 5420 τῆς
1016 5353 1365 5423 καινοτομίας
1393 5352 1609 5407 ἅπαντα
1653 5353 1754 5424 τῆς
1788 5353 1940 5424 παρὰ

357 5439 546 5508 φύσιν.
576 5436 736 5491 Οὕτω
767 5438 863 5491 καὶ
921 5440 951 5489 6
993 5438 1226 5509 Χριστὸς
1276 5437 1435 5491 τοῦτο
1469 5437 1684 5500 δεικνὺς
1728 5436 1935 5505 ἔλεγεν·

362 5520 519 5576 Ὅσα
555 5520 670 5574 ἐὰν
698 5519 913 5587 θέλητε
942 5521 1043 5573 ἶνα
1076 5518 1330 5575 ποιῶσιν
1359 5520 1498 5590 ὑμῖν
1533 5523 1586 5575 οἰ
1615 5520 1935 5591 ἅνθρωποι,

359 5606 455 5661 καὶ
492 5604 666 5675 ὑμεῖς
697 5604 919 5659 ποιεῖτε
938 5604 1163 5672 αὐτοῖς·
1203 5604 1379 5676 δηλῶν
1425 5605 1512 5659 ὅτι
1553 5606 1708 5659 οὐδὲν
1748 5604 1936 5660 καινὸν

358 5690 665 5758 ἐπεισάγει.
690 5691 761 5743 Εἰ
789 5686 857 5741 δέ
882 5706 970 5755 τις
997 5688 1169 5744 δοκεῖ
1188 5692 1525 5759 φιλόνεικος
1555 5685 1731 5752 εἶναι,
1766 5688 1937 5757 ἡμεῖς

360 5775 651 5839 τοιαύτην
676 5771 1008 5839 συνήθειαν
1028 5775 1139 5828 οὑκ
1170 5772 1409 5841 ἔχομεν,
1435 5770 1576 5826 οὐδὲ
1600 5775 1658 5826 αἰ
1689 5773 1937 5838 Ἐκκλη-

357 5859 487 5916 ala:
525 5856 630 5913 τοῦ
662 5856 1008 5950 Θεοῡ.;Αρα
1031 5856 1356 5929 φιλονεικίας
1382 5856 1441 5912 τὸ
1462 5856 1783 5913 ἀντιτείνειν
1806 5854 1928 5911 τού-

1310 306 1378 363 ΙΝ
1412 305 1632 365 EPIST.
1685 308 1704 363 1
1763 306 1854 361 ΑΙ)
1890 304 2048 362 COR.
2091 304 2329 361 I'IOMIL.
2373 307 2564 365 XXVI.

3495 315 3617 371 τις)

2030 438 2163 485 τοις.
2199 422 2292 475 καὶ
2321 422 2383 475 οὑ
2412 422 2698 494 λογισμοῶ
2723 424 2863 497 πλὴν
2883 423 3018 477 ἀλλά
3046 424 3139 477 καὶ
3159 420 3302 476 οὑτω
3330 441 3605 497 μεμετρη-

2033 504 2202 573 μένην
2238 505 2338 575 τὴν
2374 506 2688 576 ἐπιτίμησιν
2708 506 2950 577 ἐποίησε,
2974 505 3195 561 πλείονα
3216 505 3315 577 τὴν
3343 508 3605 580 ἐντροπὴν

2028 586 2225 649 ἐνθεὶς,
2253 587 2281 639 δ
2322 587 2387 659 δὴ
2414 589 2509 642 καὶ
2539 588 2837 661 βαρύτερον
2871 589 3043 643 ἐποίει
3080 589 3172 642 τὸν
3199 590 3378 658 λόγον.
3414 591 3613 661 Ἡμεῖς,

2027 670 2156 738 γὰρ,
2209 671 2363 742 φησὶ,
2421 672 2676 741 τοιαύτην
2728 672 3015 741 συνήθειαν
3071 673 3171 725 οὑκ
3213 672 3431 743 ἔχομεν,
3465 672 3619 729 ὥστε,

2029 752 2351 821 φιλονεικεῖν
2422 757 2514 809 καί
2579 755 2779 826 ἐρίζειν
2842 756 2933 808 καὶ
2991 755 3425 811 ἀντιτάττεσθαι.
3496 758 3608 811 Καὶ

2028 837 2147 891 οὑδέ
2189 839 2352 910 μέχρι
2385 840 2577 893 τούτου
2611 840 2760 909 ἔστη,
2808 840 2944 893 ἀλλά
2975 841 3069 894 καὶ
3109 841 3409 910 ἐπήγαγεν,
3453 840 3609 895 Οὐδὲ

2028 924 2089 975 αι
2152 922 2499 990 Ἐκκλησίαι
2554 924 2662 978 τοῦ
2721 924 2869 978 Θεοῦ
2900 939 2914 952 ·
2945 923 3158 988 δεικνὺς
3204 925 3285 978 ὃτι
3333 923 3483 997 πάσῃ
3538 928 3604 995 τῇ

2027 1005 2320 1079 οἰκουμένῃ
2376 1007 2757 1060 ἀντιπίπτουσι
2818 1007 2913 1061 καὶ
2970 1007 3359 1071 ἐναντιοῦνται,
3414 1009 3490 1078 μὴ
3537 1009 3609 1060 εἴ·

2028 1106 2235 1153 κοντες.
2278 1090 2420 1145 Ἀλλ’
2460 1092 2511 1144 εἰ
2541 1093 2636 1145 καὶ
2667 1091 2786 1145 τότε
2812 1091 3191 1163 ἐφιλονείκουν
3229 1094 3277 1145 οἱ
3307 1092 3615 1163 Κορίνθιοιε

2028 1172 2126 1227 νῦν
2162 1174 2313 1227 πᾶσα
2362 1176 2395 1245 ἡ
2440 1175 2732 1246 οἰκουμένη
2778 1159 2878 1228 τὸν
2897 1175 3060 1246 νόμον
3111 1174 3299 1229 τοῦτον
3345 1159 3441 1228 καὶ
3477 1192 3609 1229 κατ-

2029 1257 2243 1325 εδέξατο
2287 1259 2379 1312 καὶ
2426 1258 2695 1328 ἐφύλαξε·
2720 1259 2960 1332 τοσαύτη
3000 1258 3095 1313 τοῦ
3131 1258 3539 1330 σταυρωθέντος
3570 1261 3611 1329 ἡ

2027 1340 2275 1412 δύναμις.

2102 1424 2175 1492 ς’.
2195 1427 2353 1481 Ἀλλά
2371 1428 2600 1485 δέδοικα.
2621 1429 2832 1500 μήποτε
2859 1429 2918 1483 τδ
2940 1429 3124 1501 σχῆμα
3149 1429 3622 1498 καταδεξάμεναιμ

2028 1511 2122 1564 ἐπὶ
2150 1509 2259 1563 τῶν
2289 1510 2466 1583 ἔργων
2500 1512 2798 1584 εὑρεθῶσιν
2827 1513 3283 1584 ἀναισχυντοῦσαι
3330 1512 3466 1566 ἔνιαι
3500 1512 3610 1565 τῶν

2028 1594 2324 1663 γυναικῶν,
2368 1597 2463 1648 καὶ
2516 1596 3034 1668 ἀνακεκαλομμέναι
3070 1597 3293 1666 ἐτέρως.
3342 1596 3442 1649 Διά
3500 1597 3617 1665 γὰρ,

2027 1679 2186 1732 τοῦτο
2216 1679 2311 1731 καὶ
2342 1678 2592 1749 Τιμοθέῳ
2624 1680 2851 1752 γράφων
2896 1680 2996 1732 οὑκ
3044 1679 3291 1751 ἠρκέσθη
3332 1678 3544 1743 τούτοις
3582 1682 3610 1732 ό

2029 1763 2264 1827 Παυλος,
2305 1762 2418 1816 ἀλλ’
2466 1762 2631 1834 ἕτερα
2667 1763 3008 1834 προσέθηκεν
3038 1762 3236 1816 είπών·
3300 1764 3404 1817 Ἐν
3428 1778 3609 1816 κατα-

2028 1844 2224 1913 στολῇ
2261 1847 2492 1915 κοσμίῳ
2510 1844 2663 1915 μετὰ
2703 1846 2911 1913 αἰδοῦς
2936 1845 3036 1900 καί
3071 1847 3481 1915 σωφροσύνης
3510 1862 3610 1900 κο-

2028 1930 2208 2000 σμεῖν
2226 1930 2475 1997 ἑαυτὰς,
2499 1930 2585 1999 μὴ
2616 1931 2687 1984 ἐν
2718 1931 3061 2000 πλέγμασιν
3092 1931 3131 1997 ἢ
3159 1928 3387 1998 χρυσῷ.
3408 1931 3472 1983 Et
3493 1944 3602 1999 γαρ

2028 2013 2240 2085 γυμνὴν
2263 2014 2323 2067 οὑ
2351 2014 2432 2068 δεῖ
2450 2015 2549 2086 τὴν
2576 2014 2819 2086 κεφαλὴν
2844 2014 3008 2085 ἔχειν,
3035 2014 3171 2068 ἀλλά
3210 2014 3310 2083 τῆς
3333 2015 3609 2083 ὑποταγῆς

2028 2096 2090 2150 τὸ
2142 2097 2412 2167 σύμϐολον
2471 2099 2749 2170 πανταχοῦ
2784 2098 3129 2168 περιφέρειν,
3178 2095 3360 2168 πολλῷ
3409 2097 3610 2168 μᾶλλον

2028 2182 2117 2236 διὰ
2158 2182 2267 2236 τῶν
2314 2182 2569 2252 πράξεων
2618 2183 2779 2238 τοῦτο
2822 2183 3227 2237 ἐπιδείκνυσθαι
3285 2184 3414 2254 χρή.
3453 2180 3610 2237 Οὕτω

2030 2266 2161 2334 γοῦν
2190 2268 2281 2321 καὶ
2326 2270 2383 2320 αἰ
2441 2265 2591 2338 [256]
2642 2267 2905 2337 πρότεραι
2958 2268 3217 2334 γυναῖκες
3251 2267 3343 2319 καὶ
3384 2265 3607 2337 κυρίους

2027 2350 2154 2413 τοὺς
2178 2349 2373 2421 ἄνδρας
2401 2350 2652 2412 ἐκάλουν,
2683 2350 2778 2404 καί
2806 2348 2916 2402 τῶν
2942 2350 3227 2422 πρωτείων
3254 2350 3438 2413 αὑτοῖς
3464 2367 3608 2421 παρ-

2029 2431 2287 2502 εχώρουν.
2331 2434 2440 2486 Kal
2470 2435 2578 2505 γάρ
2601 2435 2821 2495 ἐκεῖνοι,
2858 2434 3011 2503 φησὶ,
3039 2432 3141 2495 τὰς
3175 2435 3437 2501 γυναῖκας
3468 2433 3605 2501 ἠγά-

2030 2532 2149 2567 πων
2189 2515 2289 2579 τάς
2337 2516 2568 2570 ἑαυτῶν.
2602 2514 2734 2570 Οἶδα
2780 2516 2956 2585 κάγὼ,
2987 2516 3082 2568 καὶ
3112 2516 3212 2568 οὑκ
3244 2514 3422 2583 ἀγνοῶ
3442 2531 3455 2545 ·
3492 2514 3608 2567 ἀλλ’

2029 2598 2156 2652 ὅταν
2179 2600 2317 2670 ὑπὲρ
2343 2599 2451 2652 τῶν
2487 2617 2570 2654 σοι
2600 2600 2988 2671 προσηκόντων
3020 2598 3399 2669 παραινῶμεν,
3441 2599 3514 2667 μὴ
3541 2598 3608 2651 τὰ

2030 2684 2252 2738 ἐκείνων
2289 2685 2504 2739 σκόπει.
2560 2686 2672 2738 Kal
2726 2686 2837 2756 γάρ
2874 2685 3002 2738 ὅταν
3050 2684 3209 2737 παισὶ
3253 2681 3613 2753 παραινῶμεν

2031 2767 2329 2822 ὑπακούειν
2373 2769 2591 2838 γονεῦσι
2640 2769 2915 2837 λέγοντες,
2946 2769 3029 2821 ὅτι
3073 2768 3422 2837 γέγραπται,
3469 2768 3610 2835 Τίμα

2029 2850 2138 2904 τὸν
2187 2850 2413 2920 πατέρα
2451 2868 2569 2906 σου
2618 2852 2719 2905 καί
2781 2850 2897 2918 τὴν
2939 2850 3174 2920 μητέρα
3205 2863 3342 2913 σου,
3390 2847 3621 2917 λέγουσι

2030 2934 2167 3005 πρὸς
2195 2936 2362 3006 ἡμᾶς,
2387 2934 2520 2989 Εἰπέ
2548 2937 2640 2989 καὶ
2679 2936 2750 2990 τά
2779 2935 2929 3006 ἑξῆς,
2970 2936 3050 2987 ὅτι
3077 2934 3185 2989 Καὶ
3222 2934 3409 3003 ὑμεῖς,
3432 2935 3487 2986 οί
3509 2950 3610 3001 7'0-

2030 3017 2176 3083 γεῖς,
2209 3017 2297 3086 μὴ
2347 3015 2725 3087 παροργίζετε
2753 3019 2825 3072 τὰ
2870 3017 3085 3072 τέκνα·
3128 3016 3223 3070 xal
3262 3019 3374 3078 τοῖς
3403 3014 3611 3077 δούλοις

2032 3100 2158 3155 ὅταν
2184 3101 2448 3173 εἴπωμεν,
2476 3103 2557 3155 ὃτι
2581 3102 2893 3172 γέγραπται
2914 3100 3214 3155 ὑπακούειν
3237 3102 3349 3163 τοῖς
3377 3100 3608 3170 κυρίοις,

2033 3186 2126 3241 καὶ
2172 3185 2247 3258 μὴ
2284 3189 2405 3240 κατ’
2439 3186 2930 3258 όφθαλμοδουλείαν
2978 3184 3270 3249 δουλεύειν,
3326 3184 3420 3237 xal
3456 3183 3621 3237 αὑτοὶ.

2033 3270 2195 3325 πάλιν
2225 3269 2292 3323 τὰ
2340 3269 2468 3342 ἐξῆς
2499 3272 2648 3340 ἡμᾶς
2672 3267 2989 3333 ἀπαιτοῦσι,
3020 3267 3329 3332 κελεύοντες
3360 3270 3455 3320 καὶ
3496 3271 3611 3328 τοῖς

2032 3353 2319 3417 δεσπόταις
2349 3352 2419 3406 τά
2445 3352 2586 3407 αὑτά
2615 3354 2919 3422 παραινεῖν.
2963 3353 3072 3405 Kal
3118 3355 3226 3422 γάρ
3257 3352 3349 3404 καὶ
3378 3351 3609 3414 ἐκείνοις

2033 3439 2063 3492 6
2111 3437 2322 3500 Παῦλος
2375 3437 2655 3497 ἐκέλευσε,
2705 3438 2889 3506 φησὶν,
2945 3437 3151 3490 ἀνιέναι
3210 3437 3307 3506 τὴν
3355 3434 3606 3506 ἀπειλήν.

2048 3521 2207 3575 Ἀλλά
2239 3520 2313 3592 μὴ
2351 3518 2495 3573 οὕτω
2540 3518 2803 3591 ποιῶμεν,
2844 3519 2977 3591 μηδέ
3013 3520 3084 3572 ca;
3114 3519 3321 3590 ἑτέροις
3354 3519 3608 3572 ἐπιτετα-

2033 3606 2211 3678 γμένα
2252 3604 2526 3675 ζητῶμεν,
2572 3604 2701 3657 ὅταν
2741 3603 2881 3674 ὑπὲρ
2905 3602 3015 3656 τῶν
3046 3604 3327 3673 ἡμετέρων
3366 3602 3609 3671 ἐγκαλῶ-

2037 3691 2180 3762 μεθα
2198 3707 2212 3722 ’
2239 3690 2361 3743 οὑδὲ
2387 3690 2517 3760 γὰρ,
2538 3688 2604 3743 ἂν
2628 3689 2884 3743 κοινωνὸν
2902 3688 3072 3760 λάϐῃς
3098 3686 3208 3741 τῶν
3228 3687 3610 3758 ἐγκλημάτων,

2034 3775 2398 3845 ἀπαλλαγήσῃ
2426 3774 2529 3844 τῆς
2560 3772 2736 3837 αἰτίας
2756 3790 2771 3804 ο
2799 3771 2916 3826 ἀλλ’
2942 3771 2999 3825 ἓν
3027 3773 3218 3825 σκόπει
3249 3771 3430 3842 μόνον,
3461 3772 3611 3834 ὅπως

2034 3861 2103 3915 τὰ
2131 3860 2201 3912 σά
2242 3859 2566 3927 ἐγκλήματα
2612 3856 2878 3927 ἀποδύσῃ.
2926 3857 3081 3910 Ἐπεὶ
3124 3856 3221 3910 καὶ
3246 3857 3275 3909 6
3318 3854 3489 3925 Ἀδὰμ
3519 3855 3613 3907 ἐπὶ

2033 3942 2133 4014 τὴν
2162 3943 2398 4010 γυναῖκα
2425 3940 2525 4011 τὴν
2570 3940 2751 3993 αἰτίαν
2801 3939 2987 4010 ἔφερε,
3026 3939 3122 3992 καὶ
3150 3937 3287 4008 αὔτη
3322 3938 3483 3992 πάλιν
3517 3938 3625 3996 ἐπὶ,

2033 4027 2125 4080 τὸν
2169 4025 2313 4093 ὅφιν,
2357 4023 2475 4077 ἀλλ’
2520 4022 2674 4076 οὑδὲν
2720 4022 2917 4086 αὐτοὺς
2973 4020 3132 4075 τοῦτο
3175 4021 3412 4087 ἐξείλετο
3434 4032 3481 4075 ι.
3518 4019 3619 4091 Μὴ

2035 4109 2213 4164 τοίνυν
2245 4107 2379 4180 μηδέ
2408 4106 2472 4160 σὺ
2514 4104 2674 4159 τοῦτο
2721 4104 2847 4174 λέγε
2885 4121 2975 4174 μοι
3008 4104 3127 4169 νῦν,
3159 4103 3296 4156 ἀλλά
3342 4101 3610 4167 σπούδαζε

2038 4193 2176 4267 μετά
2201 4188 2623 4263 εὐγνωμοσύνης
2642 4189 2862 4259 ἀπάσης
2883 4188 3163 4260 παρέχειν,
3190 4188 3334 4258 ἀπερ
3353 4185 3606 4254 ὀφείλεις,

2034 4278 2112 4349 τῷ
2164 4275 2336 4349 ἀνδρί.
2402 4275 2557 4329 Ἐπεὶ
2601 4275 2698 4329 καὶ
2729 4276 2858 4328 ὅταν
2903 4272 2982 4343 τῷ
3016 4272 3171 4343 ἀνδρὶ¹
3216 4271 3293 4342 τῷ
3327 4270 3404 4341 σῷ
3432 4269 3610 4323 διαλέ-

2034 4378 2241 4432 γωμαι,
2269 4359 2656 4430 συμϐουλεύων
2687 4376 2746 4411 σε
2772 4358 2994 4429 ἀγαπᾷν
3022 4358 3115 4410 καὶ
3141 4355 3484 4428 θεραπεύειν,
3510 4355 3634 4407 οὑκι

2034 4446 2237 4516 ἀφίημι
2274 4443 2438 4497 αὑτὸν
2471 4444 2824 4514 προενεγκεῖν
2856 4442 2936 4504 εἰς
2965 4441 3128 4512 μέσον
3154 4439 3246 4492 τὸν
3280 4442 3347 4508 τῇ
3390 4439 3625 4508 γυναικὶ’

2036 4529 2290 4599 κείμενον
2313 4527 2501 4599 νόμον,
2526 4525 2661 4581 ἀλλά
2682 4526 2775 4579 τὸν
2796 4524 2945 4595 αὑτῷ
2963 4522 3352 4596 γεγραμμένον
3371 4521 3609 4576 ἀπαιτῶ.

2036 4613 2148 4668 Kal
2181 4613 2247 4666 σὺ
2279 4611 2460 4666 τοίνυν
2478 4611 2548 4666 τά
2575 4627 2658 4664 σοι
2688 4611 3036 4682 προσήκοντα
3059 4606 3423 4678 περιεργάζου
3454 4605 3619 4675 μόνα..

2037 4698 2133 4753 καὶ⁵
2164 4698 2371 4768 πάρεχε
2402 4695 2607 4763 σαυτὴν
2636 4697 2848 4766 εὐήνιον
2880 4693 2958 4764 τῷ
2986 4690 3339 4747 συνοικοῦντι.
3372 4691 3480 4743 Kal
3502 4690 3619 4759 γὰρ

2035 4782 2086 4836 εί
2128 4781 2218 4836 διὰ
2248 4781 2339 4835 τὸν
2368 4780 2501 4834 Θεὸν
2530 4777 2693 4851 πείθῃ
2722 4777 2800 4849 τῷ
2830 4777 3004 4848 ἀνδρὶ,
3041 4776 3114 4847 μή
3149 4792 3239 4845 μοι
3272 4773 3514 4844 πρόφερε
3541 4774 3618 4827 τὰ.

2036 4866 2318 4938 ὀφείλοντα
2364 4864 2495 4934 παρ’
2534 4863 2699 4919 αὑτοῦ
2733 4862 3002 4931 γίνεσθαι,
3052 4859 3167 4913 ἀλλ’
3203 4851 3278 4912 ὧν
3313 4856 3624 4912 ὑπεύθυνόν,

2040 4967 2099 5003 σε
2148 4949 2403 5018 ἐποίησεν
2452 4950 2481 5001 6
2527 4946 2842 5017 νομοθέτης,
2890 4944 3063 4998 ταῦτα
3095 4942 3225 4997 ἀνυε
3261 4942 3399 5012 μετὰ
3450 4940 3611 5012 ἀκριο

2038 5033 2208 5097 ϐείας.
2256 5031 2428 5086 Τοῦτο
2460 5031 2570 5101 γάρ
2617 5032 2733 5082 ἐστι
2776 5027 3010 5098 μάλιστα
3042 5025 3164 5097 Θεῷ
3212 5023 3517 5085 πείθεσθαι,
3553 5023 3614 5076 τὸ

2038 5115 2132 5169 καὶ
2166 5115 2381 5169 ἐναντία
2431 5113 2744 5181 πάσχουσαν
2781 5112 2854 5182 μὴ
2901 5111 3224 5181 παρακινεῖν
3275 5109 3367 5161 τὸν
3424 5106 3609 5176 νόμον.

2037 5200 2137 5254 Διά
2164 5200 2274 5270 γὰρ
2296 5196 2453 5250 τοῦτο
2482 5199 2508 5250 ό
2541 5196 2639 5266 μὲν
2662 5196 2752 5249 τὸν
2782 5194 3037 5264 φιλοῦντα
3074 5193 3265 5262 φιλῶν,
3291 5192 3444 5245 οὐδὲν
3468 5190 3619 5270 δοκεῖ

2036 5300 2090 5337 τι
2126 5268 2269 5352 μέγα
2300 5283 2502 5334 ποιεῖν’
2532 5282 2561 5334 ό
2588 5279 2643 5332 δὲ
2673 5279 2764 5332 τὸν
2797 5278 3061 5348 μισοῦντα
3089 5275 3425 5348 θεραπεύων,
3458 5268 3617 5333 οὗτος

2043 5366 2278 5439 μάλιστά
2328 5368 2478 5419 ἐστιν
2515 5367 2544 5418 6
2573 5363 3028 5433 στεφανούμενος.
3073 5361 3178 5413 Τὸν
3204 5358 3366 5413 αὑτὸν
3394 5357 3459 5423 δὴ
3488 5354 3615 5439 τρό-

2039 5437 2141 5504 πον
2169 5450 2263 5504 καὶ
2309 5450 2375 5502 σὺ
2418 5447 2657 5515 λογίζου,
2695 5446 2776 5498 ὃτι
2814 5445 2882 5497 ἂν
2922 5444 3021 5513 μὲν
3061 5440 3321 5513 φορτικὸν
3363 5439 3492 5491 ὂντα
3519 5437 3615 5492 τὸν

2039 5534 2206 5604 ἀνδρα
2244 5533 2494 5603 ἐνέγκῃς,
2526 5530 2779 5599 λαμπρὸν
2805 5527 2951 5597 λήψῃ
2985 5526 3078 5577 τὸν
3121 5523 3385 5604 στέφανον
3406 5536 3422 5554 ο
3456 5518 3614 5604 ἀνδέ

2037 5601 2245 5689 ἥμερον
2272 5616 2366 5670 καὶ
2407 5601 2602 5684 πρᾶον,
2635 5612 2778 5675 τίνος
2820 5625 2903 5662 σοι
2948 5607 3111 5662 δώσει
3146 5603 3338 5677 μισθὸν
3365 5605 3394 5659 6
3442 5601 3621 5671 916;;

2105 5869 2131 5899 ⁸
2160 5866 2307 5930 ἣτε..
2331 5865 2433 5914 ἀλλ’
2455 5864 2625 5913 οὐδένα
2648 5862 2801 5911 αὑτῶν
2822 5858 2964 5910 τοῦτο
2985 5858 3202 5917 ἐξείλετο.
