4108 6218
491 292 591 348 ﬁl

492 413 604 468 Kal
660 413 833 468 ταῦτα
907 412 1073 481 λέγω,
1128 414 1189 466 ού
1255 412 1620 482 θρασύνεσθαι
1680 414 1809 475 τοὺς
1869 411 2070 481 ἀνδρας

492 504 749 569 κελεύων,
800 504 934 558 ἀλλά
977 503 1177 555 πείθων
1218 502 1317 563 τάς
1359 508 1626 571 γυναῖκας
1668 505 1763 556 καὶ
1805 503 2069 574 θρασυνο⁶

1202 291 1259 349 S.
1301 292 1594 348 JOANNIS
1631 288 2124 347 CHRYSUSTOMI
2162 289 2487 347 ARCHIEP.
2523 291 3079 350 CONSTANTINOP.

3649 302 3756 358 92?.

2248 412 2311 475 ξ’·
2340 412 2485 484 Πλὴν
2533 413 2609 485 μὴ
2656 413 2865 477 τούτοις
2895 415 3131 485 πρόσεχε
3159 414 3340 486 μόνον,
3367 416 3483 472 ἀλλ’
3515 421 3549 488 ἡ
3580 422 3755 479 ταῦτα

2176 505 2406 573 λέγουσα
2437 508 2500 560 σὺ
2529 509 2624 561 καὶ
2644 509 2713 561 τὰ
2756 509 3001 579 πρότερα
3031 510 3272 575 ἐξέταζε,
3317 511 3399 565 ὅτι
3425 512 3644 583 ῦϐριζεν
3673 519 3753 581 είς

493 599 688 669 μένους
734 599 920 669 φέρειν
967 597 1093 658 τοὺς
1144 595 1360 666 ἄνδρας.
1412 597 1580 650 Ὅταν
1609 598 1718 668 γὰρ
1747 596 1979 658 ἕκαστος
2010 596 2076 647 τὰ
2173 599 2365 668 αὐτὴν,
2397 599 2478 653 ὅτι
2516 600 2978 673 κατηλαζονεύετο
3004 601 3106 673 τῆς
3131 597 3346 675 κυρίας,
3385 600 3446 661 οὗ
3472 607 3526 660 τί
3556 609 3750 676 γένοιτ’

490 692 687 745 ἑαυτοῦ
731 689 933 761 σπεύδῃ
972 690 1234 761 πληροῦν.
1263 693 1474 762 ταχέως
1504 693 1599 745 καὶ
1628 693 1700 744 τά
1722 691 1816 744 τοῦ
1846 689 2073 761 πλησίον

489 783 713 850 ἕψεταυ
759 776 891 843 οἷον.
937 782 1065 835 ὅταν
1097 786 1130 855 ἡ
1162 785 1299 857 γυνὴ
1346 787 1439 837 καὶ
1501 783 1901 855 τραχυνόμενον
1933 798 2073 850 παρ-

489 873 865 945 εσκευασμένη
1012 876 1198 948 φέρειν
1241 878 1334 930 τὸν
1362 877 1551 965 ἄνδρα,
1606 876 1699 930 καὶ
1739 878 1768 929 ό
1807 874 1947 945 ἀνὴρ
1977 874 2072 928 καὶ

487 964 923 1035 χαλεπαίνουσαν
956 968 1128 1039 αὐτὴν
1158 968 1233 1039 μὴ
1259 969 1477 1042 ὑϐρίζῃ,
1501 970 1623 1023 τότε
1652 970 1830 1024 πάντα
1856 967 2071 1037 γαλήνη

486 1056 584 1112 καὶ
628 1055 792 1129 λιμὴν
839 1058 1099 1129 κυμάτων
1142 1061 1584 1131 ἀπηλλαγμένος.
1645 1060 1804 1115 Οὕτω
1836 1059 1932 1114 καὶ
1974 1057 2071 1111 ἐπὶ

482 1147 593 1202 τῶν
638 1149 884 1205 παλαιῶν
916 1151 1152 1221 ἐγίνετο⁸
1182 1154 1254 1207 τὰ
1283 1154 1481 1208 ἐαυτοῦ
1516 1154 1748 1217 ἕκαστος
1800 1152 2066 1223 ἐπλήρου,

483 1240 547 1294 ού
562 1240 633 1294 τὰ
651 1242 747 1295 τοῦ
764 1242 990 1313 πλησίον
1006 1243 1225 1315 ἀπῄτει.
1246 1247 1448 1299 Σκόπει
1465 1246 1520 1299 δέ
1539 1261 1550 1274 ⁸
1581 1247 1782 1299 Ἐλαϐε
1799 1247 1891 1299 τὸν
1910 1246 2067 1299 ἀδελ-

482 1334 667 1403 φιδοῦν
698 1336 727 1388 6
770 1336 1020 1408 ’Λϐραάμ
1040 1354 1054 1369 ⁸
1081 1340 1181 1392 ούκ
1222 1339 1541 1391 ἐνεκάλεσεν
1581 1340 1775 1410 ἡγυνή
1800 1355 1813 1368 ⁸
1849 1337 2069 1393 ἐκέλευ-

484 1442 575 1480 σεν
612 1429 780 1496 αὐτὴν
814 1428 932 1482 ὁδὸν
964 1429 1179 1483 ὁδεῦσαι
1224 1431 1477 1501 μακράν·
1528 1430 1628 1483 οὐκ
1657 1433 1910 1483 ἀντεῖπεν
1944 1429 2065 1483 ούδέ

481 1516 618 1587 πρὸς
643 1520 819 1583 τοῦτο,
847 1521 961 1574 ἀλλ’
983 1521 1340 1591 ἠκολούθησε.
1373 1522 1542 1575 Πάλιν
1572 1522 1709 1592 μετὰ
1737 1522 1835 1587 τὰς
1864 1521 2065 1585 πολλὰς

477 1611 851 1682 ταλαιπωρίας
871 1614 1086 1677 ἐκείνας
1116 1615 1210 1668 καὶ
1234 1616 1359 1679 τοὺς
1389 1613 1625 1685 μόχθους
1653 1615 1887 1677 καὶτοὺς
1910 1614 2065 1683 ἱδρῶ-

476 1720 579 1766 τας
603 1704 711 1757 τῶν
742 1707 959 1758 πάντων
1000 1705 1189 1777 κύριος
1217 1706 1531 1776 γενόμενος,
1559 1708 1923 1778 παρεχώρησε
1956 1707 2065 1760 τῶν

477 1800 766 1871 πρωτείων
791 1798 938 1871 [⁸257]
957 1798 1033 1869 τῷ
1063 1800 1206 1853 Λώτ·
1242 1800 1335 1852 καὶ
1363 1800 1425 1853 ού
1457 1801 1618 1870 μόνον
1647 1799 1746 1852 οὐκ
1774 1800 2060 1871 ἐδυσχέρα-

476 1910 566 1945 νεν
602 1895 636 1964 ἡ
665 1894 854 1965 Σάρρα
882 1894 1022 1964 πρὸς
1062 1892 1245 1956 τοῦτο,
1272 1892 1387 1946 ἀλλ’
1416 1892 1537 1945 οὐδὲ
1571 1892 1630 1946 τὸ
1657 1892 1829 1962 στόμα
1856 1892 2060 1964 διῆρεν,

474 1984 599 2037 ούδέ
621 1984 921 2055 ἐφθέγξατό
940 2002 991 2038 τι
1017 1984 1278 2050 τοιοῦτον,
1303 1980 1415 2038 οἷον
1443 1985 1638 2038 πολλαὶ
1658 1985 1766 2038 τῶν
1787 1985 2063 2055 γυναικῶν

475 2075 572 2129 νῦν
605 2077 957 2146 φθέγγονται,
995 2078 1124 2131 ὅταν
1176 2078 1359 2131 ἴδωσιν
1392 2076 1817 2148 ἐλαττουμένους
1848 2079 1905 2129 ἐν
1942 2080 2062 2141 ταῖς

472 2169 751 2234 τοιαύταις
792 2171 1010 2243 μοίραις
1066 2170 1195 2234 τοὺς
1254 2170 1454 2241 ἄνδρας
1502 2171 1628 2233 τοὺς
1679 2169 1910 2232 ἐαυτῶν,
1969 2171 2061 2223 καὶ

477 2259 716 2332 μάλιστα
769 2261 874 2315 ὑπὸ
925 2261 1246 2325 ἐλαττόνων,
1293 2261 1648 2326 όνειδίζουσαι
1702 2262 1796 2314 καὶ
1846 2263 2063 2332 μωροὺς

472 2353 571 2406 καὶ
598 2354 860 2426 ἀνοήτους
890 2353 1157 2407 καλοῦσαι
1202 2356 1296 2408 καὶ
1328 2354 1764 2425 ἀνάνδρουςκαὶ
1796 2352 2062 2423 προδότας

472 2448 571 2501 καὶ
610 2447 824 2512 νωθεῖς.
880 2446 1019 2501 Ἀλλ’
1066 2447 1217 2501 οὐδὲν
1260 2447 1445 2517 ἐκείνη
1480 2445 1723 2500 τοιοῦτον
1757 2446 1878 2499 οὕτε
1906 2444 2061 2499 εἶπεν

472 2539 598 2595 οὔτε
619 2540 923 2613 ἐνενόησεν,
946 2539 1061 2593 ἀλλ’
1081 2539 1334 2612 ἔστερξεν
1353 2540 1571 2594 ἅπαντα
1590 2540 1659 2593 τά
1677 2539 1809 2611 παρ’
1848 2539 2058 2592 ἐκείνου

472 2633 754 2704 γινόμενα.
790 2632 904 2686 Καὶ
949 2632 1012 2685 τὸ
1053 2632 1117 2704 δη
1157 2632 1360 2703 μεῖζονο
1415 2631 1554 2703 μετά
1614 2631 1723 2703 γὰρ
1765 2632 1828 2686 τὸ
1869 2632 2060 2703 κύριον

472 2728 681 2780 ἐκεῖνον
704 2726 956 2794 γενέσθαι
978 2727 1078 2797 τῆς
1105 2726 1373 2796 αἱρέσεως
1398 2727 1492 2780 καὶ
1513 2726 1582 2779 τά
1604 2726 1865 2780 ἐλάττονα
1894 2742 2062 2797 προσ-

475 2824 627 2891 ρῖψαι
680 2819 757 2889 τῷ
798 2819 949 2890 θείῳ,
999 2802 1244 2883 κίνδυνος
1290 2821 1453 2875 αὑτὸν
1491 2820 1758 2874 κατέλαϐε
1802 2819 2059 2889 χαλεπός.

471 2913 584 2964 Καὶ
606 2911 842 2975 ἀκούσας
869 2914 898 2964 6
929 2913 1298 2983 πατριάρχης,
1326 2913 1535 2976 πάντας
1572 2911 1888 2966 καθώπλισε
1931 2911 2060 2974 τοὺς

469 3004 658 3067 αὑτοῦ,
689 3006 786 3059 καὶ
814 3004 950 3077 πρὸς
975 3006 1093 3059 ὅλον
1124 3006 1183 3058 τὸ
1217 3006 1324 3059 τῶν
1354 3006 1581 3077 Περσῶν
1616 3003 2061 3076 παρεσκευάζετο

471 3097 838 3169 στρατόπεδον
885 3098 1023 3168 μετὰ
1055 3097 1165 3150 τῶν
1195 3099 1423 3152 οἰκετῶν
1452 3098 1561 3151 τῶν
1613 3096 1808 3151 ἐαυτοῦ
1863 3097 2056 3168 μόνον·

468 3189 565 3244 καὶ
602 3189 724 3242 ούδέ
755 3188 876 3242 τότε
916 3189 1077 3243 αὐτὸν
1115 3190 1378 3260 κατέσχεν
1407 3191 1613 3261 ἐκείνη,
1645 3189 1766 3242 οὐδὲ
1790 3184 1944 3243 εἶπεν
1974 3183 2061 3243 οἷα

468 3282 651 3346 είκός·
688 3282 1000 3354 Ἀνθρωπε,
1042 3285 1134 3336 ποῖ
1165 3282 1329 3356 φέρῃ,
1362 3282 1506 3336 κατά
1533 3282 1794 3355 κρημνῶν
1833 3283 2061 3336 σεαυτὸν

467 3375 625 3430 ὠθῶν
650 3376 745 3429 καὶ
766 3376 1043 3440 τοσούτοις
1082 3375 1327 3439 ἐκδιδοὺς
1356 3375 1645 3440 κινδύνοις,
1682 3376 1821 3449 ὑπὲρ
1864 3377 2060 3449 ἀνδρὸς

468 3468 759 3539 ύϐρικότος
789 3484 848 3521 σε
876 3468 974 3522 καὶ
1004 3468 1072 3523 τά
1103 3468 1171 3522 σά
1198 3468 1512 3540 ἡρπακότος
1547 3466 1785 3532 ἅπαντα,
1823 3469 1885 3522 τὸ
1919 3464 2062 3541 αἷμα

468 3559 709 3630 ἐκχέων;
766 3558 831 3613 Εἰ
877 3560 987 3630 γὰρ
1053 3560 1151 3614 καὶ
1208 3558 1407 3613 σαυτοῦ
1477 3562 1876 3631 καταφρονεῖς,
1945 3562 2060 3616 ἀλλ’

468 3653 571 3723 ἐμὲ
613 3654 715 3720 τὴν
772 3652 1178 3707 καταλιποῦσαν
1217 3653 1400 3707 οίκίαν
1438 3652 1533 3706 καὶ
1577 3652 1811 3723 πατρίδα
1846 3654 1942 3707 καὶ
1973 3655 2061 3724 φί-

467 3745 596 3809 λους
654 3746 750 3799 καὶ
801 3748 1084 3814 συγγενεῖς
1137 3746 1233 3799 καὶ
1284 3744 1554 3817 τοσαύτην
1613 3746 2061 3817 ἀκολουθήσασάν

470 3854 555 3892 σοι
601 3838 910 3909 ἀποδημίαν
956 3838 1200 3910 ἐλέησον,
1234 3838 1326 3892 καὶ
1377 3839 1452 3909 μὴ
1504 3838 1811 3911 περιϐάλῃς
1862 3840 2061 3911 χηρείᾳ

467 3932 564 3986 καὶ
595 3934 707 3996 τοῖς
754 3932 862 3985 ἀπὸ
888 3935 988 4003 τῆς
1018 3932 1249 4003 χηρείας
1275 3935 1487 3994 κακοῖς.
1517 3932 1684 3986 Οὐδὲν
1712 3933 1918 3987 τούτων
1959 3934 2060 3987 οὐκ

468 4022 645 4091 εἶπεν,
672 4025 773 4079 οῦκ
814 4027 1119 4097 ἐνενόησεν,
1150 4026 1264 4080 ἀλλ’
1292 4026 1458 4096 ἔφερε
1496 4027 1675 4079 πάντα
1713 4028 1863 4097 σιγῇ.
1901 4026 2058 4080 Μετά

466 4120 642 4174 ταῦτα
693 4121 793 4191 τῆς
829 4120 1069 4192 γαστρὸς
1100 4120 1300 4189 άγόνου
1352 4118 1645 4190 μενούσης,
1674 4120 1812 4191 αῦτη
1864 4120 1963 4189 μὲν
1992 4120 2054 4173 ού

468 4216 671 4287 πάσχει
700 4214 770 4269 τά
811 4214 920 4268 τῶν
956 4215 1255 4284 γυναικῶν,
1284 4213 1404 4267 οὐδὲ
1450 4213 1784 4285 ἀποδύρεται
1805 4229 1818 4242 ⁸
1852 4214 2058 4278 ἐκεῖνος

466 4309 523 4362 δὲ
563 4309 773 4381 θρηνεῖ,
806 4308 923 4362 ἀλλ’
959 4306 1079 4377 οὐχὶ
1117 4305 1255 4378 πρὸς
1287 4305 1388 4378 τὴν
1435 4309 1691 4374 γυναῖκα,
1736 4306 1873 4361 ἀλλά
1920 4308 2057 4377 πρὸς

464 4404 559 4454 τὸν
592 4401 747 4456 Θεόν.
782 4401 894 4454 Καὶ
922 4400 1025 4470 ὅρα
1053 4399 1170 4462 πῶς
1199 4398 1431 4463 ἕκαστος
1458 4398 1520 4451 τὸ
1551 4400 1828 4469 προσῆκον
1860 4398 2054 4468 διαφυ-

465 4492 673 4547 λάττει.
726 4490 865 4545 Οὔτε
915 4492 1025 4561 γὰρ
1054 4492 1216 4554 αὐτὸς
1250 4491 1633 4561 κατεφρόνησε
1694 4491 1789 4560 τῆς
1837 4492 2055 4563 Σάρρας

465 4586 542 4648 ῶς
571 4584 816 4649 ἄπαιδος,
848 4583 972 4637 οὕτε
1004 4584 1247 4637 ὠνείδισέ
1277 4600 1331 4635 τι
1361 4583 1600 4637 τοιοῦτον
1632 4584 1800 4654 αὑτῇ⁸
1826 4585 2053 4654 κάκείνη

468 4679 631 4733 πάλιν
670 4676 972 4731 ἐσπούδασε
1018 4675 1119 4745 τῆς
1158 4675 1410 4739 ἀπαιδίας
1461 4676 1746 4745 ἐπινοῆσαι
1793 4693 2053 4747 παραμυ-

468 4772 589 4826 θίαν
638 4772 788 4842 αύτῷ
832 4787 955 4823 τινα
1011 4769 1121 4822 ἀπὸ
1166 4769 1267 4838 τῆς
1331 4768 1659 4838 παιδίσκης·
1697 4768 1912 4822 οὐδέπω
1944 4770 2054 4843 γάρ

466 4864 640 4917 ταῦτα
668 4866 789 4918 τότε
833 4861 1133 4927 κεκώλυτο,
1168 4860 1313 4916 κοιθά
1347 4863 1467 4916 νῦν.
1511 4860 1625 4914 Νῦν
1665 4863 1774 4934 γάρ
1801 4862 1925 4915 οὔτε
1956 4880 2055 4931 γυ-

467 4957 611 5020 ναιξὶ
642 4958 869 5011 τοιαῦτα
898 4957 1123 5030 ἀνδράσι
1170 4955 1495 5029 χαρίζεσθαι
1547 4955 1726 5027 θέμις,
1760 4955 1884 5010 οὗτε
1911 4959 2055 5012 ἐκεί-

468 5065 602 5112 νοις.
640 5048 762 5103 οὔτε
808 5048 1020 5101 εἱδυιῶν
1071 5049 1195 5101 οὗτε
1230 5049 1544 5118 ἀγνοουσῶν
1595 5048 1704 5102 τῶν
1757 5051 2051 5117 γυναικῶν,

465 5141 745 5205 τοιαύταις
798 5141 1008 5213 μίξεσιν
1061 5143 1381 5211 ἐπιχειρεῖν,
1435 5142 1537 5195 κᾶν
1585 5143 1843 5213 μυριάκις
1892 5145 2055 5215 ητῆς

466 5234 727 5298 ἀπαιδίας
778 5234 970 5305 ἐνοχλῇ
1005 5232 1183 5302 λύπη·
1226 5234 1347 5286 ἐπεὶ
1388 5234 1709 5287 ἀκούσονται
1741 5236 1833 5288 καὶ
1878 5239 2052 5301 αὐτοὶ,

468 5331 548 5384 ὅτι
592 5331 647 5383 Ὁ
667 5326 916 5395 σκώληξ
944 5323 1146 5380 αὐτῶν
1177 5326 1249 5378 οὺ
1281 5323 1651 5390 τελευτήσει,
1689 5328 1784 5380 καί
1831 5329 1895 5380 τὸ
1935 5329 2054 5395 πῦρ

449 5423 669 5481 ,αὐτῶν
694 5426 767 5477 οὐ
808 5420 1238 5488 σϐεσθήσεται.
1284 5419 1359 5472 Οὐ
1395 5418 1505 5491 γὰρ
1533 5420 1744 5488 ἐφεῖται
1780 5422 1895 5484 νῦν,
1930 5423 2054 5475 τότε

470 5517 525 5569 δὲ
553 5519 656 5571 οὐκ
693 5514 1042 5589 ἀπηγόρευτο
1060 5528 1075 5544 ⁸
1109 5510 1190 5565 διὸ
1223 5512 1318 5565 καὶ
1342 5512 1376 5582 ἡ
1416 5510 1555 5581 γυνὴ
1582 5510 1740 5565 τοῦτο
1768 5514 2051 5574 ἐπέταττε,

471 5604 723 5667 κάκεῖνος
751 5606 1018 5675 ὑπήκουε,
1063 5600 1159 5655 καὶ
1205 5598 1328 5653 οὐδὲ
1361 5598 1506 5651 οὕτω
1542 5598 1610 5651 δι’
1643 5599 1857 5669 ἡδονήν.
1914 5598 2053 5651 Ἀλλ’

472 5698 596 5764 ὅρα,
633 5696 787 5763 φησὶ,
820 5696 937 5756 πῶς
959 5684 1127 5763 αὐτην
1159 5692 1319 5745 πάλιν
1349 5689 1570 5755 ἐξέϐαλε
1599 5689 1929 5758 κελευούσης
1957 5689 2054 5741 αύο

472 5785 592 5857 τῆς.
645 5783 754 5836 Καὶ
802 5784 909 5852 γάρ
950 5781 1063 5849 ἐγὼ
1109 5781 1268 5833 τοῦτο
1298 5780 1561 5849 βούλομαι
1607 5779 1796 5843 δεῖξαι,
1839 5780 1922 5831 ὃτι
1962 5780 2055 5833 καὶ

474 5873 625 5943 οὗτος
653 5874 840 5948 ἐκείνῃ
868 5873 1081 5929 ἅπαντα
1114 5871 1377 5941 ἐπείθετο,
1407 5871 1500 5926 καὶ
1530 5868 1712 5941 ἐκείνη
1747 5867 1939 5941 τούτῳ,
2074 5907 2078 5911 .

2172 689 2238 742 ἂν
2283 691 2667 764 ὀδυνηρότερον
2714 694 2977 768 ἐλευθέρᾳ
3019 698 3239 764 γυναικὶ
3282 698 3376 752 καὶ
3422 700 3747 773 εύσχήμονι;

2172 780 2267 851 Μὴ
2293 780 2473 833 τοίνυν
2502 781 2595 834 τοῦ
2628 782 2816 853 ἀνδρὸς
2842 784 2941 853 τὴν
2970 784 3171 857 ἀρετὴν
3194 787 3507 856 ἀναμενέτω
3532 792 3564 860 ἠ
3590 793 3749 864 γυνὴ,

2173 874 2268 925 καὶ
2299 873 2421 926 τότε
2469 875 2569 942 τὴν
2614 874 2816 945 ἐαυτῆς
2857 877 3177 948 παρεχέτω⁸
3234 878 3395 933 τοῦτο
3436 882 3546 952 γάρ
3595 884 3747 938 οὐδὲν

2175 967 2316 1036 μέγα
2336 984 2350 997 ⁸
2399 966 2523 1038 μηδ’
2569 964 2636 1022 αὖ
2672 968 2831 1021 πάλιν
2863 970 2891 1020 6
2937 971 3075 1045 ἀνὴρ
3107 971 3207 1043 τὴν
3234 974 3333 1042 τῆς
3380 975 3636 1042 γυναικὸς
3661 979 3752 1031 εύο

2167 1056 2380 1124 ταξίαν,
2416 1056 2513 1111 καί⁵
2533 1056 2657 1110 τότε
2693 1058 3049 1127 φιλοσοφείτω
3068 1077 3081 1090 ⁸
3109 1060 3231 1114 οὐδὲ
3254 1060 3363 1132 γὰρ
3387 1062 3547 1117 τοῦτο
3567 1063 3750 1119 λοιπὸν

2170 1151 2338 1205 αὐτοῦ
2377 1150 2711 1222 κατόρθωμα
2730 1168 2743 1181 ⁸
2768 1151 2882 1205 ἀλλ’
2910 1152 3156 1217 ἕκαστος,
3186 1155 3324 1227 ὅπερ
3347 1156 3504 1227 ἔφην,
3533 1160 3601 1212 τά
3622 1160 3749 1231 παρ’

2170 1248 2364 1303 ἐαυτοῦ
2395 1252 2685 1321 παρεχέτω
2730 1251 3015 1321 πρότερος.
3049 1252 3113 1304 Εἰ
3140 1252 3250 1323 γάρ
3277 1256 3389 1318 τοῖς
3420 1253 3621 1320 ἔξωθεν
3654 1259 3751 1327 ρα-

2169 1343 2388 1405 πίζουσι
2413 1340 2513 1412 τὴν
2533 1340 2734 1406 δεξιὰν,
2761 1343 2843 1395 δεῖ
2859 1344 2956 1412 τὴν
2986 1343 3181 1415 ἐτέραν
3202 1344 3465 1399 ἐκδιδόναι
3500 1349 3746 1414 σιαγόνα,

2170 1433 2355 1505 πολλῷ
2390 1433 2589 1505 μᾶλλον
2629 1433 2798 1507 ἄνδρα
2851 1434 3253 1507 θρασυνόμενον
3286 1438 3367 1492 δεῖ
3397 1441 3603 1511 φέρειν.
3642 1444 3750 1495 Καὶ

2169 1526 2231 1580 ού
2287 1525 2447 1580 τοῦτο
2495 1525 2649 1601 [258]
2700 1527 2878 1597 λέγω,
2936 1527 3076 1581 ῶστε
3146 1531 3444 1585 τύπτεσθαι
3490 1538 3746 1601 γυναῖκα,

2168 1618 2384 1686 ἄπαγε’
2438 1618 2641 1689 ἐσχάτη
2683 1617 2794 1690 γάρ
2821 1619 2979 1672 τοῦτο
3018 1619 3196 1691 ῦϐρις,
3231 1623 3292 1675 ού
3319 1625 3382 1694 τῇ
3415 1628 3747 1698 τυπτομένῃ,

2169 1709 2305 1763 ἀλλά
2333 1708 2409 1780 τῷ
2441 1709 2726 1763 τύπτοντι·
2763 1710 2898 1764 ἀλλά
2929 1710 3030 1764 κᾶν
3062 1713 3171 1766 ἀπὸ
3202 1711 3575 1785 περιστάσεὼς
3603 1735 3750 1782 τινος

2172 1800 2481 1873 κληρωθῇς,
2515 1796 2559 1855 ὦ
2591 1801 2771 1869 γύναι,
2797 1805 3028 1874 συνοῖκῳ
3057 1805 3303 1878 τοιούτῳ,
3346 1809 3421 1880 μὴ
3461 1809 3750 1882 δυσχεραί-

2168 1904 2285 1958 νῃς,
2306 1888 2397 1940 τὸν
2413 1889 2773 1958 ἀποκείμενον
2790 1891 2890 1944 ύπέ
2897 1908 2930 1960 ρ
2944 1890 3149 1945 τούτων
3167 1894 3423 1950 ἐννοοῦσα
3444 1898 3634 1967 μισθὸν
3655 1900 3750 1954 καὶ

2170 1980 2262 2032 τὸν
2282 1981 2339 2032 ἐν
2356 1979 2434 2049 τῷ
2458 1980 2685 2051 παρόντι
2708 1980 2808 2052 βίῳ
2832 1982 3075 2035 ἔπαινον.
3101 1984 3211 2037 Καὶ
3237 1987 3370 2057 πρὸς
3388 1988 3603 2056 ὐμάςδέ
3621 1991 3749 2053 τοὺς

2165 2071 2364 2142 ἄνδρας
2394 2072 2573 2124 ἐκεῖνό
2596 2090 2738 2143 φημι
2756 2090 2770 2103 ⁸
2803 2074 2969 2144 μηδὲν
2996 2076 3138 2129 ἔστω
3156 2078 3395 2132 τοιοῦτον
3420 2081 3745 2152 ἁμάρτημα.

2165 2163 2240 2227 ὡς
2278 2165 2359 2226 είς
2400 2165 2650 2236 ἀνάγκην
2698 2165 2842 2234 ὑμᾶς
2889 2167 3044 2235 ἄγειν
3095 2169 3189 2223 τοῦ
3232 2174 3471 2238 γυναῖκα
3500 2173 3746 2228 τύπτειν.

2175 2257 2283 2311 Καὶ
2325 2257 2379 2309 τί
2436 2256 2578 2325 λέγω
2620 2261 2883 2325 γυναῖκας
2924 2260 3043 2313 οὐδὲ
3098 2262 3454 2331 θεραπαινίδα
3503 2265 3601 2334 μὲν
3654 2261 3745 2319 οὖν

2165 2347 2322 2419 ἀνδρὶ
2351 2348 2577 2401 τύπτειν
2614 2348 2885 2420 ἐλευθέρῳ
2922 2352 3015 2405 καὶ
3046 2356 3235 2425 χεῖρας
3267 2356 3493 2422 ἐπάγειν
3522 2358 3747 2410 ἀνεκτὸν

2163 2439 2230 2493 ἂν
2259 2440 2369 2511 εἴη.
2404 2443 2467 2494 Εί
2488 2441 2544 2494 δὲ
2568 2442 2763 2512 δούλην
2792 2445 3071 2515 τυπτῆσαι
3097 2447 3250 2516 ἀνδρὶ
3275 2450 3409 2503 πολὺ
3440 2452 3501 2504 τὸ
3521 2453 3743 2519 ὄνειδος,

2164 2534 2346 2605 πολλῷ
2397 2535 2597 2604 μᾶλλον
2650 2535 2794 2590 κατά
2837 2539 2934 2608 τῆς
2978 2539 3269 2611 ἐλευθέρας
3323 2544 3595 2597 ἀνατεῖναι
3643 2547 3745 2615 τὴν

2160 2626 2363 2694 δεξιάν.
2418 2630 2528 2682 Καὶ
2580 2627 2735 2683 τοῦτο
2765 2632 2858 2684 καὶ
2906 2634 2971 2686 ἐκ
3004 2633 3113 2687 τῶν
3162 2634 3360 2701 ἔξωθεν
3400 2637 3464 2690 ἄν
3506 2656 3589 2700 τις
3644 2638 3743 2692 ἴδοι

2161 2719 2488 2792 νομοθετῶν,
2518 2722 2565 2774 οἳ
2596 2722 2692 2793 τὴν
2721 2723 2791 2777 τά
2818 2725 3044 2780 τοιαῦτα
3067 2726 3346 2783 παθοῦσαν
3369 2730 3551 2783 οὐκέτι
3577 2731 3745 2799 ἀναγ-

2162 2813 2391 2878 κάζουσι
2433 2818 2704 2869 συνοικεῖν
2754 2816 2831 2888 τῷ
2870 2820 3226 2890 τυπτήσαντι,
3267 2823 3363 2876 ἆτε
3398 2823 3600 2895 ἀναξίῳ
3630 2825 3743 2880 ὄντι

2162 2905 2265 2976 τῆς
2306 2906 2444 2977 πρὸς
2472 2907 2643 2978 αὐτὴν
2674 2908 2910 2979 ὁμιλίας.
2954 2911 3067 2964 Καὶ
3098 2912 3207 2983 γὰρ
3247 2912 3481 2984 ἐσχάτης
3508 2933 3747 2987 παρανο-

2166 3000 2295 3071 μίας
2328 2999 2428 3071 τὴν
2461 2999 2557 3053 τοῦ
2603 3000 2720 3070 βίου
2751 3001 3026 3069 κοινωνὸν,
3069 3004 3170 3074 τὴν
3195 3005 3255 3057 ἐν
3282 3008 3395 3068 τοῖς
3427 3006 3746 3075 ἀναγκαίοις

2160 3094 2260 3148 καὶ
2282 3093 2546 3147 ἀνωτάτω
2569 3109 2652 3146 σοι
2680 3094 3187 3167 συνεφαπτομένην,
3215 3096 3416 3169 ταύτην
3447 3102 3523 3163 ὡς
3550 3100 3747 3172 ἀνδρά-

2162 3185 2323 3240 ποδον
2366 3186 2674 3257 ἀτιμάζειν.
2727 3187 2820 3239 Διὸ
2862 3188 2956 3241 καὶ
2997 3188 3088 3241 τὸν
3117 3188 3354 3243 τοιοῦτον
3386 3191 3575 3263 ἄνδρα,
3606 3195 3657 3245 εί
3678 3210 3744 3262 γε

2161 3277 2331 3351 ἀνδρα
2361 3277 2521 3332 αὐτὸν
2544 3277 2626 3331 δεῖ
2652 3277 2860 3343 καλεῖν,
2888 3279 3004 3333 ἀλλ’
3052 3280 3174 3351 ούχὶ
3212 3281 3421 3355 θηρίον,
3452 3284 3546 3339 καὶ
3572 3302 3747 3358 πατρο

2161 3370 2347 3425 αλοίου
2376 3371 2470 3424 καὶ⁸
2502 3371 2836 3443 μητραλοίου
2861 3373 2974 3427 ίσον
2992 3369 3132 3428 εἶναι
3148 3376 3315 3447 φαίην
3331 3377 3414 3431 ἀν.
3431 3377 3493 3431 El
3514 3378 3622 3451 γάρ
3647 3379 3746 3433 καὶ⁵

2163 3464 2373 3535 πατέρα
2392 3464 2487 3518 καὶ
2508 3465 2723 3535 μητέρα
2739 3465 2826 3518 διὰ
2842 3465 3048 3538 ταύτην
3066 3468 3284 3537 ἀφεῖναι
3302 3472 3740 3542 προσετάγημεν.

2161 3557 2262 3611 ούκ
2281 3555 2594 3620 ἀδικοῦντες
2608 3557 2868 3623 ἐκείνους,
2889 3558 3027 3614 ἀλλά
3042 3561 3206 3632 νόμον
3226 3562 3368 3615 θεῖον
3388 3563 3742 3636 πληροῦντες,

2162 3650 2255 3703 καὶ
2280 3652 2396 3712 τοῖς
2423 3650 2808 3720 γεγεννηκόσιν
2832 3652 3015 3717 αὐτοῖς
3036 3652 3178 3707 οὕτω
3196 3655 3444 3708 ποθεινὸν
3459 3656 3638 3720 τοῦτο,
3669 3658 3747 3722 ὡς

2161 3747 2255 3799 καὶ
2280 3746 2479 3810 αὐτοὺς
2500 3746 2627 3809 τοὺς
2666 3747 3250 3821 καταλιμπανομένους
3280 3752 3374 3804 καὶ
3407 3752 3567 3820 χάριν
3599 3754 3746 3824 ἔχειν

2160 3841 2258 3893 καὶ
2291 3838 2431 3909 μετά
2460 3838 2661 3909 πολλῆς
2681 3838 2868 3892 ἀνύειν
2895 3841 3026 3894 αὐτὸ
3046 3844 3147 3912 τῆς
3187 3842 3423 3912 σπουδῆς
3445 3856 3459 3870 ⁸
3497 3843 3612 3907 πῶς
3641 3846 3746 3900 ούκ

2160 3931 2396 4001 ἐσχάτης
2425 3929 2622 4001 μανίας
2642 3930 2849 4001 ταύτην
2872 3930 3134 4001 ὑϐρίζειν,
3175 3932 3242 3986 δι’
3272 3934 3339 4004 ῆν
3376 3937 3471 3988 καὶ
3496 3936 3622 3999 τοὺς
3645 3953 3744 4004 γε-

2160 4023 2492 4094 γεννηκότας
2519 4025 2548 4077 ό
2578 4022 2713 4087 Θεὸς
2741 4025 2956 4092 ἀφεῖναι
2984 4025 3303 4091 ἐκέλευσεν;
3341 4023 3427 4098 ἆρ’
3456 4026 3550 4081 οὖν
3576 4032 3744 4100 μανία

2164 4117 2324 4187 μόνον
2367 4116 2560 4180 τοῦτο;
2603 4114 2793 4187 Τὴνδέ
2831 4116 3118 4187 αἰσχύνην,
3156 4119 3277 4172 εἰπέ
3312 4137 3423 4189 μοι,
3459 4122 3543 4186 τίς
3571 4126 3740 4189 uim;

2161 4215 2312 4275 ποῖος
2349 4211 2406 4264 δὲ
2457 4209 2627 4282 αὐτὴν
2676 4210 3022 4281 παραστῆσαι
3065 4211 3353 4283 δυνήσεται
3401 4214 3576 4285 λόγος,
3612 4218 3740 4271 ὅταν

2157 4303 2410 4372 ὀλολυγαὶ
2438 4303 2532 4356 καὶ
2572 4303 2811 4356 κωκυτοὶ
2858 4302 2997 4356 κατά
3034 4304 3160 4368 τοὺς
3190 4308 3499 4371 στενωποὺς
3529 4309 3740 4378 φέρων-

2155 4415 2267 4464 ται,
2312 4398 2408 4451 καῖ
2439 4397 2640 4469 δρόμος
2672 4397 2765 4450 ἐπὶ
2796 4395 2895 4466 τὴν
2923 4396 3101 4450 οἰκίαν
3146 4396 3241 4450 τοῦ
3286 4397 3456 4453 ταῦτα
3494 4404 3740 4472 ἀσχημο-

2158 4492 2377 4555 νοῦντος
2408 4490 2503 4543 καὶ
2532 4489 2643 4543 τῶν
2670 4490 2933 4559 γειτόνων
2960 4493 3052 4543 καὶ
3079 4490 3188 4543 τῶν
3218 4493 3541 4563 παριόντων,
3565 4495 3739 4550 καθά-

2158 4599 2266 4653 περ
2303 4581 2446 4643 τινὺς
2483 4579 2673 4652 θηρίου
2716 4582 2785 4635 τά
2830 4581 2977 4634 ἔνδον
3023 4582 3463 4654 λυμαινομένους
3521 4586 3739 4657 Βέλτιον

2156 4675 2440 4745 διαστῆναι
2464 4673 2564 4745 τὴν
2609 4673 2712 4744 γῆν
2742 4674 2819 4745 τῷ
2856 4674 2925 4728 τὰ
2952 4675 3174 4729 τοιαῦτα
3201 4678 3567 4747 παροινοῦντι,
3595 4682 3626 4751 ἢ
3650 4684 3739 4735 ἐπ’

2155 4769 2360 4839 ἀγορᾶς
2391 4766 2553 4820 αὐτὸν
2595 4766 2827 4835 ὀφθῆναι
2857 4767 3063 4821 λοιπόν.
3124 4767 3285 4821 Ἀλλά
3336 4768 3665 4838 θρασύνεται
3701 4776 3734 4844 ἡ

2154 4859 2314 4931 γυνὴ,
2365 4860 2548 4929 φησίν.
2619 4856 2757 4910 Ἀλλ’
2803 4856 3054 4926 ἐννόησον
3098 4857 3179 4910 ὅτι
3219 4859 3377 4928 γυνη,
3407 4862 3469 4913 τὸ
3516 4863 3740 4927 ἀσθενὲς

2158 4953 2372 5019 σκεῦος,
2406 4954 2472 5006 σὺ
2502 4952 2557 5005 δὲ
2588 4952 2746 5022 ἀνήρ.
2781 4949 2880 5002 Διὰ
2925 4950 3034 5019 γάρ
3071 4949 3229 5003 τοῦτο
3258 4952 3352 5003 καὶ
3384 4953 3568 5023 ἄρχων
3596 4958 3738 5026 ἔχει.

2158 5047 2473 5119 ροτονήθης,
2517 5045 2612 5098 καὶ
2662 5046 2719 5096 ἐν
2746 5041 2897 5107 τάξει
2942 5042 3187 5113 κεφαλῆς
3214 5044 3420 5114 ἐδόθης,
3451 5047 3536 5099 ἵνα
3569 5051 3740 5122 φέρῃς

2154 5141 2254 5209 τῆς
2283 5138 2594 5210 ἀρχομένης
2638 5135 2735 5207 τὴν
2766 5134 3072 5193 ἀσθένειαν.
3109 5137 3343 5207 Ποίησον
3380 5138 3560 5193 τοίνυν
3596 5143 3736 5211 λαμ-

2155 5234 2299 5303 πράν
2327 5249 2408 5284 σοι
2440 5232 2539 5301 τὴν
2573 5231 2750 5301 ἀρχήν
2772 5245 2785 5258 ⁸
2817 5228 2972 5281 ἔσται
3010 5228 3068 5281 δὲ
3107 5227 3358 5301 λαμπρά,
3395 5231 3522 5283 ὅταν
3560 5233 3620 5286 τὸ
3642 5236 3740 5304 ἀρ-

2154 5326 2381 5396 χόμενον
2435 5326 2509 5395 μὴ
2536 5322 2830 5393 ἀτιμάζῃς.
2891 5322 3001 5375 Καὶ
3052 5321 3305 5392 καθάπερ
3354 5324 3383 5375 6
3441 5322 3739 5394 βασιλεύων

2153 5416 2394 5487 τοσούτῳ
2432 5416 2757 5486 σεμνότερος
2801 5416 3073 5482 φανεῖται,
3110 5415 3220 5486 ὅσῳ
3251 5414 3319 5469 ἂν
3366 5415 3459 5469 τὸν
3494 5415 3740 5488 ὕπαρχον

2155 5510 2478 5581 σεμνότερον
2504 5508 2757 5579 ἀποφήνῃ
2778 5521 2792 5535 ⁸
2814 5505 2883 5559 ἂν
2907 5505 2964 5560 δὲ
2985 5507 3229 5578 ἀτιμάσῃ
3274 5506 3371 5561 καὶ
3399 5510 3740 5585 καταισχύνῃ

2153 5604 2253 5672 τῆς
2284 5601 2444 5665 ἀξίας
2477 5600 2691 5670 ἐκείνης
2714 5598 2774 5651 τὸ
2811 5597 3061 5668 μέγεθος.
3098 5599 3193 5651 καὶ
3219 5598 3318 5668 τῆς
3349 5600 3545 5653 ἑαυτοῦ
3582 5601 3739 5670 δόξης

2153 5696 2254 5748 ούκ
2281 5694 2460 5762 ὀλίγον
2486 5693 2851 5762 ὑποτέμνεται
2883 5692 3076 5761 μέροςο
3110 5690 3253 5743 οὕτω
3287 5692 3382 5744 καὶ
3433 5693 3498 5745 σὺ
3548 5694 3614 5747 ἂν
3643 5697 3743 5764 τὴν

2159 5789 2294 5861 μετὰ
2328 5789 2387 5842 σὲ
2419 5787 2693 5859 ἄρχουσαν
2723 5786 3021 5856 ἀτιμάσῃς,
3050 5786 3150 5853 οὐχ
3179 5783 3255 5845 ὡς
3288 5784 3447 5855 ἔτυχε
3480 5786 3743 5857 λυμανεῖς

2160 5900 2255 5936 σου
2293 5881 2390 5954 τῆς
2422 5880 2593 5952 ἀρχῆς
2633 5878 2728 5950 τὴν
2758 5881 2941 5949 τιμήν.
2968 5875 3153 5928 Ταῦτα
3178 5875 3356 5931 τοίνυν
3396 5878 3740 5952 λογιζόμενος
