4094 6222
390 352 491 408 9‘21

384 463 562 515 virum
590 459 753 526 feras,
778 458 1110 529 splendidam
1137 458 1367 527 accipies
1394 471 1650 512 coronam
1680 455 1798 510 :sin
1818 469 1970 507 man-

385 564 599 609 suetum
628 562 682 609 et
710 554 917 619 mitem,
946 568 1107 623 quam
1152 552 1244 607 tibi
1274 553 1411 606 Deus
1455 551 1604 605 dabit
1630 546 1971 604 mercedem?

384 646 456 701 Et
478 646 594 699 haec
614 645 737 699 dico
757 658 861 698 non
886 644 1078 713 jubcns
1095 645 1320 698 maritos
1333 656 1453 698 esse
1477 656 1648 696 saevos
1662 650 1716 695 et
1730 654 1968 709 asperos,

384 738 483 794 sed
511 737 840 808 persuadens
867 737 1180 792 mulieribus
1204 747 1261 791 ut
1285 737 1430 791 viros
1459 735 1619 790 etiam
1661 733 1867 789 feroces
1894 732 1973 787 fe-

384 840 530 884 rant.
557 830 693 885 Cum
732 831 875 885 enim
905 830 1268 899 unusquisque
1295 844 1392 883 sua
1422 827 1645 896 implere
1671 825 1970 889 curaverit,

385 924 569 976 statim
596 931 889 990 sequentur
907 922 1067 976 etiam
1084 936 1144 975 ea
1172 936 1289 989 qua:
1309 928 1433 974 sunt
1459 919 1685 988 proximi
1707 935 1720 971 :
1741 915 1971 985 exempli

384 1027 702 1080 causa,cum
741 1028 875 1067 uxor
904 1021 1085 1082 parata
1115 1012 1276 1066 fuerit
1302 1010 1371 1065 ad
1417 1011 1589 1064 virum
1618 1024 1866 1078 asperum
1891 1011 1972 1062 fe-

386 1103 643 1168 rendum,
667 1113 720 1157 et
751 1105 831 1157 vir
856 1105 1215 1172 importunam
1243 1103 1388 1158 illam
1419 1117 1526 1156 non
1553 1100 1870 1156 contumelia
1894 1099 1975 1153 af-

389 1195 602 1259 fecerit,
627 1205 754 1250 tunc
782 1178 961 1250 omnia
1002 1195 1267 1250 serenitas
1292 1204 1478 1260 erant,
1521 1204 1575 1248 et
1602 1202 1787 1263 portus
1812 1210 1842 1246 a
1868 1192 1972 1247 llu-

384 1290 565 1343 ctibus
589 1274 930 1343 vacunsfSic
957 1288 1115 1343 etiam
1148 1303 1246 1342 usu
1276 1287 1521 1341 veniebat
1559 1286 1698 1356 apud
1728 1287 1971 1356 priscos:

384 1397 485 1435 sua
513 1384 741 1451 quisque
769 1381 1042 1450 implebat,
1075 1395 1173 1435 nec
1215 1396 1332 1449 qua:
1362 1379 1591 1450 proximi
1617 1389 1770 1434 erant
1798 1380 1976 1450 exige-

386 1474 502 1527 bat.
547 1473 828 1543 Perpende
866 1474 1287 1527 autemzlratris
1333 1472 1500 1526 filium
1539 1486 1722 1527 secum
1771 1474 1975 1542 accepit

388 1566 697 1631 Abraham;
730 1581 836 1620 non
864 1566 915 1620 id
947 1566 1293 1635 reprehendit
1321 1580 1460 1619 uxor
1486 1582 1497 1619 :
1524 1565 1686 1635 jussit
1704 1581 1819 1620 eam
1854 1566 1972 1623 lon-

386 1673 515 1730 gum
537 1659 640 1713 iter
666 1660 964 1729 suscipere,
981 1673 1153 1728 neque
1175 1659 1490 1729 repugnavit
1512 1658 1621 1724 illa,
1641 1658 1734 1713 sed
1752 1667 1973 1728 sequuta

385 1760 491 1805 est.
526 1751 736 1805 Rursus
763 1761 883 1819 post
935 1751 1055 1805 illas
1085 1755 1277 1805 multas
1323 1766 1622 1815 aerumnas,
1661 1751 1873 1805 labores
1921 1759 1976 1805 ct

387 1840 639 1902 sudores,
665 1856 786 1895 cum
815 1841 1064 1896 dominus
1090 1847 1327 1896 omnium
1355 1850 1517 1907 esset,
1537 1843 1734 1909 primas
1752 1856 1977 1897 conces-

386 1934 458 1987 sit
489 1933 661 1987 Loto:
693 1944 746 1987 et
776 1948 882 1987 non
911 1934 1070 1988 modo
1115 1934 1166 1987 id
1199 1948 1305 1987 non
1347 1949 1490 2002 33ng
1525 1935 1642 1987 tulit
1670 1934 1823 1999 Sara,
1879 1934 1972 1988 sed

388 2040 565 2095 neque
604 2041 666 2079 os
695 2027 924 2095 aperuit,
977 2041 1075 2080 nec
1118 2025 1390 2097 quidpiam
1438 2027 1572 2081 dixit
1607 2042 1814 2092 eorum,
1855 2042 1975 2096 qua:

389 2132 538 2172 nunc
581 2118 831 2173 mulieres
884 2119 1066 2173 multa:
1115 2118 1424 2190 loquuntur,
1478 2135 1599 2174 cum
1627 2119 1809 2174 vident
1833 2121 1975 2173 viros

387 2225 521 2265 suos
566 2211 620 2264 in
648 2210 952 2280 hujusmodi
997 2213 1231 2267 sortibus
1274 2213 1453 2268 minus
1496 2213 1713 2275 habere,
1744 2213 1975 2268 maxime

388 2304 609 2374 quando
627 2318 746 2359 cmn
778 2305 1117 2359 inferioribus
1143 2318 1231 2359 res
1254 2313 1359 2369 est,
1378 2305 1766 2373 exprobrantes
1785 2347 1800 2372 ,
1835 2304 1974 2358 stul-

346 2446 349 2449 η
389 2405 498 2459 tos,
523 2397 759 2460 insanos,
786 2397 1025 2467 ignavos,
1047 2396 1345 2466 proditores
1365 2397 1686 2467 hebetesque
1702 2409 1972 2453 vocantes.

390 2489 501 2544 Sed
524 2490 657 2544 nihil
683 2490 856 2544 simile
886 2491 970 2543 illa
1002 2492 1085 2545 vel
1104 2490 1336 2544 dixitvel
1366 2490 1635 2560 cogitavit,
1659 2489 1752 2545 sed
1781 2505 1978 2560 appro-

390 2583 540 2637 bavit
564 2584 740 2636 omnia
769 2583 836 2637 ab
862 2587 977 2654 ipso
1023 2583 1178 2638 facta.
1210 2582 1471 2653 Quodque
1503 2584 1677 2652 majus
1696 2592 1798 2648 est,
1832 2594 1974 2653 post-

389 2689 553 2744 quam
597 2675 730 2729 Loto
774 2675 892 2727 data
923 2683 1006 2729 est
1043 2675 1259 2744 Optandi
1310 2674 1532 2729 facultas
1562 2686 1614 2729 et
1649 2678 1851 2729 minora
1887 2677 1975 2731 ille

393 2776 586 2835 patruo
609 2768 893 2830 concessit,
926 2769 977 2821 in
1007 2767 1301 2837 periculum
1335 2768 1424 2822 ille
1445 2782 1609 2838 grave
1631 2767 1833 2822 incidit.
1857 2767 1974 2834 Quo

390 2857 903 2926 auditn,patriareha
950 2874 1137 2913 omnes
1167 2874 1294 2915 suos
1317 2860 1563 2924 armavit,
1596 2870 1648 2914 et
1671 2871 1857 2915 contra
1889 2870 1972 2915 to-

392 2961 506 3003 tum
537 2950 819 3004 Persarum
843 2952 1137 3005 exercitum
1168 2966 1288 3006 sese
1312 2953 1588 3020 apparavit
1612 2968 1731 3007 cum
1754 2954 1973 3008 domes-

393 3043 514 3097 ticis
538 3043 653 3098 suis
702 3054 950 3097 tantum:
997 3059 1166 3114 neque
1198 3054 1324 3099 tunc
1369 3044 1521 3100 illum
1568 3046 1682 3115 ipsa
1726 3048 1970 3113 retinuit,

391 3151 568 3204 neque
584 3136 738 3201 dixit,
770 3146 944 3206 utpar
977 3136 1253 3191 videbatur
1277 3151 1397 3193 esse
1419 3155 1434 3193 :
1453 3137 1569 3206 Quo
1595 3138 1792 3209 pergis,
1822 3155 1854 3191 o
1878 3140 1972 3193 ho-

392 3242 505 3292 mo,
527 3243 623 3295 per
639 3226 929 3296 prmcipitia
960 3227 1327 3297 teimpellens,
1353 3236 1407 3282 et
1435 3228 1484 3282 in
1511 3238 1652 3282 tanta
1681 3229 1974 3300 conjiciens

392 3321 653 3389 pericula,
700 3334 795 3389 pro
824 3321 938 3374 viro
988 3322 1075 3388 qui
1109 3330 1160 3375 te
1185 3321 1505 3376 contumelia
1516 3374 1533 3403 ,
1557 3322 1754 3386 affecit,
1787 3332 1840 3377 et
1886 3335 1972 3378 tua

392 3415 572 3467 omnia
616 3415 813 3482 rapuit,
844 3415 1154 3484 sanguinem
1198 3414 1467 3469 fundens?
1506 3414 1638 3470 Nam
1669 3418 1713 3472 si
1745 3418 1973 3486 teipsum

391 3504 661 3574 despicis,
704 3521 791 3560 me
841 3506 1065 3573 Saltem,
1104 3507 1192 3576 qui
1241 3509 1431 3579 reliqui
1456 3510 1695 3575 domum,
1727 3513 1969 3579 patriam,

391 3600 597 3653 amicos
627 3606 681 3653 et
708 3608 999 3669 cognatos,
1046 3610 1098 3655 et
1150 3602 1202 3655 in
1251 3611 1395 3658 tanta
1449 3612 1501 3658 te
1547 3605 1973 3674 peregrinatione

392 3706 513 3744 sum
536 3702 782 3760 sequuta,
817 3692 1092 3757 miserare,
1127 3708 1225 3747 nec
1256 3709 1340 3748 me
1381 3695 1636 3764 conjicias
1667 3696 1718 3749 in
1747 3696 1974 3751 viduita-

395 3792 504 3836 tem
533 3791 588 3836 et
613 3783 664 3836 in
692 3782 967 3836 viduitatis
995 3784 1154 3836 mala.
1181 3782 1320 3837 Nihil
1358 3783 1548 3839 horum
1579 3786 1662 3840 vel
1693 3786 1842 3851 dixit,
1889 3788 1972 3842 vel

392 3877 683 3945 cogitavit,
706 3877 798 3930 sed
830 3890 952 3930 cum
993 3876 1206 3930 silentio
1235 3877 1353 3931 tulit
1378 3879 1576 3931 omnia.
1614 3879 1813 3935 Deinde
1841 3896 1971 3935 vero

392 3966 567 4021 sterili
618 3980 867 4022 manente
920 3975 1092 4031 utero,
1135 3968 1248 4038 ipsa
1293 3968 1506 4039 quidem
1539 3984 1644 4023 non
1682 3970 1881 4040 patitur
1908 3987 1969 4027 ea

394 4075 522 4129 qua:
545 4060 793 4114 mulieres
820 4060 925 4130 pati
953 4060 1146 4125 solent,
1180 4076 1354 4130 neque
1380 4061 1735 4117 lamentatur:
1765 4064 1854 4118 ille
1880 4081 1974 4119 au-

397 4161 510 4205 tem
534 4150 694 4219 luget,
721 4152 811 4206 sed
840 4168 945 4206 non
966 4152 1105 4221 apud
1129 4169 1374 4220 uxorem,
1398 4155 1490 4208 sed
1514 4155 1653 4224 apud
1686 4156 1872 4211 Deum.
1906 4159 1973 4214 Et

395 4241 524 4295 vide
550 4242 813 4310 quomodo
842 4243 1058 4313 singuli,
1079 4244 1217 4312 quod
1249 4258 1347 4314 par
1363 4253 1496 4311 erat,
1527 4255 1762 4300 servent.
1787 4247 1972 4318 Neque

390 4332 540 4387 enim
576 4332 664 4386 ille
691 4332 874 4387 Saram
900 4334 1143 4403 despexit
1173 4344 1229 4388 ut
1254 4335 1511 4401 sterilem,
1545 4352 1716 4407 neque
1745 4337 1818 4392 illi
1851 4339 1971 4395 ideo

390 4423 666 4494 quidpiam
692 4425 1056 4494 exprobravit.
1091 4426 1183 4481 Illa
1229 4442 1358 4483 vero
1385 4427 1616 4483 vicissim
1644 4431 1970 4486 consolatio-

393 4535 518 4574 nem
550 4521 835 4589 quamdam
860 4536 957 4590 pro
983 4521 1213 4575 orbitate
1257 4523 1577 4591 excogitavit
1605 4539 1698 4593 per
1721 4526 1967 4579 ancillam

389 4628 543 4668 suam
575 4633 588 4669 :
619 4614 854 4668 nondum
893 4614 1034 4669 enim
1085 4615 1169 4668 illa
1216 4623 1341 4670 tunc
1391 4616 1651 4685 prohibita
1681 4628 1868 4684 erant,
1915 4630 1972 4675 ut

392 4720 535 4759 nunc
565 4715 709 4760 sunt.
740 4705 891 4760 Nunc
915 4705 1057 4760 enim
1090 4721 1260 4772 neque
1288 4707 1538 4761 uxoribus
1569 4708 1697 4763 licet
1735 4710 1862 4763 viris
1888 4718 1967 4764 tac

389 4795 495 4849 lem
526 4797 754 4866 gratiam
782 4798 1016 4861 referre;
1050 4813 1223 4867 neque
1247 4797 1373 4863 illis,
1396 4799 1508 4853 sive
1528 4800 1835 4863 scientibus,
1855 4802 1969 4857 sive

390 4891 763 4961 ignorantibus
812 4890 1100 4952 uxoribus,
1155 4891 1287 4946 tales
1345 4900 1551 4946 tentare
1619 4894 1964 4960 concubitus,

387 4984 676 5054 quantovis
704 4983 947 5038 orbitatis
966 4983 1150 5037 dolore
1174 4994 1497 5053 premantur.
1536 4982 1669 5037 Nam
1703 4984 1800 5053 ipsi
1836 5001 1971 5054 quo-

388 5088 496 5144 que
524 5074 764 5136 audient,
807 5072 999 5128 Vermis
1028 5090 1198 5127 eorum
1224 5092 1321 5127 non
1348 5075 1606 5140 morietur,
1635 5085 1683 5128 et
1707 5076 1838 5146 ignis
1881 5092 1969 5130 eo-

389 5182 505 5220 rum
526 5182 628 5219 non
649 5165 1198 5236 exstinguetur(Mnrc.
1223 5165 1273 5218 9.
1300 5165 1412 5236 45).
1440 5164 1554 5220 Νοη
1573 5166 1734 5240 enim.
1750 5166 1799 5220 id
1826 5183 1966 5223 nunc

391 5255 742 5326 permittitur,
768 5266 894 5310 tunc
919 5272 1046 5311 vero
1068 5270 1171 5308 n0n
1204 5256 1523 5323 prohibitmn
1550 5266 1667 5311 erat
1699 5275 1712 5310 :
1741 5259 1968 5329 ideoque

388 5364 527 5404 uxor
557 5350 659 5404 hoc
692 5348 872 5418 jussit,
918 5356 973 5402 et
1022 5348 1109 5400 ille
1146 5347 1553 5416 obtemperavit,
1583 5364 1753 5419 neque
1787 5359 1962 5405 tamen

388 5448 613 5510 propter
630 5441 976 5508 voluptatem.
1004 5438 1108 5493 Sed
1132 5439 1270 5502 vide,
1302 5440 1530 5508 inquies.
1560 5442 1830 5511 quomodo
1849 5447 1961 5512 ipsa

380 5534 628 5603 jubente,
658 5533 907 5587 ancillam
936 5532 1111 5603 ejecit.
1146 5532 1259 5601 Ego
1286 5533 1433 5587 enim
1471 5533 1572 5588 hoc
1610 5536 1735 5589 volo
1782 5548 1965 5591 osten-

384 5626 538 5693 dere,
566 5624 710 5696 quod
755 5632 811 5679 et
837 5625 926 5680 ille
972 5625 1070 5694 ipsi
1099 5624 1152 5678 in
1185 5624 1430 5680 omnibus
1457 5626 1871 5698 obtemperaret,
1905 5640 1964 5687 et

384 5718 498 5773 inec
518 5718 615 5773 illi.

452 5813 506 5866 7.
538 5810 683 5868 Uxor
700 5820 748 5867 et
768 5812 844 5866 σιτ
864 5826 964 5865 non
984 5809 1161 5865 debent
1180 5810 1308 5866 alter
1325 5811 1533 5868 alterius
1547 5822 1837 5882 exspectare
1856 5818 1957 5873 vir-

1395 340 1460 395 IN
1500 337 1713 395 EPIST.
1752 337 1776 393 Ῑ
1838 336 1930 391 AD
1967 334 2126 391 COR.
2166 334 2395 393 HOMIL.
2439 340 2623 394 11m.

3538 357 3643 394 ε)ῧᾶ

3544 396 3644 410 «ευ

2080 459 2232 504 tutam
2255 453 2325 505 ad
2363 453 2865 525 philosophandum;
2894 473 3102 514 uxorem
3130 460 3389 518 verberare
3416 474 3655 534 turpant-

2079 558 2216 594 mum
2243 551 2336 597 est.
2362 573 2434 585 —
2460 543 2724 601 Cteterum
2750 563 2821 603 ne
2851 548 2935 605 bis
2959 552 3131 606 solum
3158 554 3407 610 attendas
3425 596 3441 619 ,
3471 558 3565 612 sed
3597 569 3651 612 tn

2074 649 2192 702 quae
2222 634 2336 690 “mre
2363 635 2498 691 dicis
2518 638 2677 693 etiam
2703 641 2879 710 priora
2907 645 3176 709 examina,
3203 645 3344 715 quod
3374 658 3654 706 contume-

2078 726 2199 780 liam
2231 729 2449 783 inferret
2477 732 2525 785 ei
2545 773 2560 796 ,
2609 732 2749 800 quod
2782 749 2840 789 se
2869 747 3184 805 arroganter
3211 741 3496 796 extolleret
3523 757 3657 797 con-

2077 832 2155 874 tra
2184 821 2453 877 dominam
2481 841 2494 878 :
2518 840 2625 895 quo
2654 827 2781 896 quid
2809 828 3087 884 molestius
3113 846 3233 887 esse
3259 835 3429 901 possit
3472 836 3655 891 libera:

2078 914 2283 969 mulieri
2317 924 2369 969 et
2402 916 2680 971 honestae?
2724 920 2802 975 Ne
2848 923 3026 992 itaque
3055 926 3155 979 viri
3184 927 3432 982 virtutem
3464 946 3657 999 exspe-

2075 1013 2187 1059 CIet
2228 1021 2397 1070 uxor,
2447 1017 2505 1062 ιιι
2549 1020 2672 1064 tunc
2716 1011 2803 1067 illa
2834 1030 2985 1069 suam
3029 1016 3313 1084 exhibeat;
3356 1020 3458 1077 hoc
3510 1040 3653 1079 ennn

2079 1097 2206 1152 nihil
2234 1114 2480 1170 magnum
2508 1113 2681 1164 esset;
2739 1122 2911 1175 neque
2942 1125 3124 1164 rursus
3149 1113 3231 1166 vir
3257 1116 3439 1168 uxoris
3470 1118 3657 1171 mode-

2077 1192 2256 1255 stiam,
2287 1207 2342 1245 ut
2372 1204 2497 1248 tunc
2526 1196 2963 1268 philoSophetur;
2993 1206 3327 1271 nequeenim
3359 1216 3483 1260 tunc
3510 1219 3657 1264 recte

2080 1287 2272 1339 factum
2302 1287 2429 1341 illud
2457 1288 2622 1359 ipsius
2648 1301 2826 1356 esset;
2864 1294 2957 1348 sed
2990 1298 3388 1368 unusquisque,
3420 1311 3476 1354 ut
3504 1300 3611 1355 dixi
3634 1343 3649 1364 ,

2078 1393 2195 1448 qum
2222 1395 2317 1433 sua
2347 1391 2472 1435 sunt
2519 1384 2667 1452 prius
2709 1385 2965 1454 praebeat.
2994 1388 3050 1442 Si
3080 1391 3221 1444 enim
3259 1394 3498 1447 externis
3527 1395 3657 1448 dex-

2082 1480 2247 1525 teram
2274 1474 2543 1528 maxillam
2567 1478 3008 1544 percutientibus,
3028 1493 3238 1550 oportet
3260 1486 3500 1555 pncbere
3522 1494 3657 1543 alte-

2078 1580 2228 1629 ram;
2261 1567 2431 1621 multo
2459 1570 2627 1639 magis
2655 1571 2832 1625 virum
2861 1572 3092 1628 ferocem
3124 1574 3264 1631 ferre
3291 1588 3520 1647 oportet.
3550 1580 3657 1636 Sed

2079 1673 2184 1711 non
2214 1658 2327 1713 lure
2356 1659 2477 1714 dico
2503 1669 2560 1713 ut
2587 1661 2902 1717 verberetur
2931 1666 3143 1731 mulier,
3176 1670 3347 1727 absit:
3388 1687 3509 1725 nam
3539 1672 3654 1728 ltch

2078 1758 2317 1804 extrema
2346 1752 2671 1807 centutnelia
2695 1763 2807 1821 est,
2841 1772 2946 1810 non
2979 1760 3311 1828 verberatae,
3345 1764 3438 1818 sed
3462 1766 3652 1820 verbe-

2078 1842 2216 1894 ranti
2237 1857 2251 1902 ;
2272 1842 2365 1896 sed
2384 1844 2428 1897 si
2445 1857 2573 1898 casu
2595 1845 2773 1916 aliquo
2793 1848 2950 1902 talem
2969 1850 3247 1921 conjugem
3263 1857 3449 1910 sortita
3467 1857 3656 1922 fueris,

2081 1946 2115 1982 ο
2169 1931 2396 1998 mulier,
2454 1950 2522 1988 ne
2566 1935 2783 2006 indigne
2840 1939 3015 2005 feras,
3067 1944 3307 2013 cogitans
3361 1950 3654 2010 repositam

2082 2022 2173 2076 tibi
2214 2025 2556 2093 mercedem,
2585 2036 2640 2081 et
2674 2030 2724 2082 in
2765 2030 2862 2084 hac
2894 2033 2996 2085 vita
3045 2033 3277 2089 laudem.
3315 2037 3478 2093 Vobis
3515 2056 3653 2109 quo-

2079 2128 2186 2180 que
2232 2117 2358 2171 viris
2406 2117 2506 2173 hoc
2556 2118 2719 2174 dico:
2765 2121 2897 2176 nihil
2947 2124 3053 2179 tale
3099 2126 3171 2179 sit
3216 2137 3521 2196 peccatum,
3551 2148 3658 2200 quo

2079 2209 2342 2276 cogamini
2376 2224 2597 2265 uxorem
2628 2213 2933 2270 verberare.
2972 2215 3038 2269 Et
3075 2217 3201 2286 quid
3225 2218 3348 2273 dico
3391 2224 3659 2276 uxorem?

2080 2314 2256 2370 neque
2297 2303 2546 2358 anciilam
2576 2306 2860 2361 verberare
2888 2319 2981 2362 aut
3018 2311 3067 2364 ei
3098 2326 3287 2366 manus
3316 2314 3515 2370 inferre
3540 2317 3657 2370 viro

2080 2391 2311 2460 ingenuo
2337 2395 2491 2448 fuerit
2538 2396 2891 2451 tolerandum.
2921 2399 3071 2467 Quod
3109 2402 3153 2454 si
3198 2403 3445 2458 ancillam
3472 2407 3662 2462 verbe-

2080 2496 2201 2535 rare
2229 2498 2474 2551 magnum
2503 2484 2663 2540 infert
2689 2488 2803 2541 viro
2831 2491 3117 2557 probrum;
3150 2494 3316 2547 multo
3338 2497 3505 2564 magis
3526 2512 3659 2551 cou-

2081 2583 2158 2626 tra
2210 2573 2433 2628 liberam
2484 2593 2698 2632 manum
2746 2580 3046 2635 intendere.
3096 2583 3162 2637 Et
3189 2584 3290 2639 hoc
3317 2587 3369 2640 in
3423 2590 3662 2644 externis

2079 2667 2241 2721 etiam
2290 2668 2682 2738 legislatoribus
2729 2672 2912 2728 videre
2944 2684 3059 2738 est,
3093 2675 3183 2745 qui
3213 2692 3330 2732 eam
3378 2694 3500 2748 qua:
3531 2680 3657 2735 talia

2081 2774 2234 2827 passa
2295 2760 2391 2815 l‘uit
2448 2779 2552 2816 non
2606 2776 2802 2834 cogunt
2836 2766 3080 2822 habitare
3124 2783 3248 2825 cum
3290 2786 3653 2840 percussore,

2080 2859 2264 2917 tttpote
2291 2852 2380 2920 qui
2422 2852 2566 2908 illius
2605 2858 2879 2910 constirtio
2920 2857 3166 2928 indignus
3197 2862 3284 2914 sit.
3319 2862 3529 2918 Etenim
3559 2882 3659 2920 ex-

2078 2948 2264 2995 trema:
2308 2951 2394 2996 est
2432 2942 2727 3015 iniquitatis
2748 2987 2763 3010 ,
2795 2949 2919 3001 vita:
2962 2962 3266 3006 consortem
3288 2996 3302 3018 ,
3337 2970 3457 3025 quae
3485 2958 3575 3012 tibi
3605 2959 3658 3013 in

2078 3032 2239 3086 rebus
2267 3038 2584 3091 necessm-iis
2602 3037 2808 3107 jamdiu
2837 3056 3055 3109 operam
3083 3045 3403 3113 praestabat,
3427 3059 3481 3103 ut
3503 3066 3659 3104 man-

2077 3123 2277 3192 cipium
2307 3125 2596 3196 ignominia
2635 3129 2872 3185 afficere.
2907 3132 3034 3188 Ideo
3062 3136 3223 3189 etiam
3262 3138 3419 3191 talem
3449 3141 3618 3194 virum
3640 3181 3658 3203 ,

2078 3215 2121 3269 si
2151 3217 2324 3270 virum
2350 3227 2525 3274 tamen
2551 3220 2673 3275 licet
2698 3224 2991 3292 appellare,
3021 3241 3127 3279 non
3158 3226 3346 3295 feram,
3380 3247 3440 3299 pa
3453 3232 3660 3288 rricida:

2078 3317 2134 3362 et
2180 3310 2474 3365 matricidae
2521 3326 2701 3381 parem
2747 3330 2869 3371 esse
2898 3316 3149 3373 dixerim.
3202 3320 3334 3376 Nam
3364 3323 3409 3376 si
3442 3333 3660 3395 propter

2079 3400 2225 3454 illam
2243 3411 2300 3455 et
2316 3411 2521 3473 patrem
2538 3415 2593 3458 et.
2609 3414 2833 3460 matrem
2858 3408 3163 3479 relinquere
3177 3410 3311 3480 jussi
3325 3428 3529 3481 sumus,
3550 3428 3657 3471 nun

2080 3492 2185 3548 illis
2210 3493 2455 3564 iniuriam
2477 3495 2755 3565 facientes,
2781 3500 2873 3555 sed
2898 3499 3132 3558 divinam
3158 3504 3328 3575 legem
3354 3507 3654 3578 implentes,

2079 3584 2209 3654 ipsis
2249 3589 2561 3654 parentibus
2599 3590 2735 3646 adeo
2780 3592 3192 3650 desiderabilem
3212 3638 3226 3663 ,
3255 3609 3314 3653 ut
3343 3608 3398 3654 et
3438 3601 3538 3670 ipsi
3567 3604 3658 3671 qui

2080 3678 2457 3747 relinquuntur
2497 3682 2720 3750 gratiam
2769 3684 3034 3751 habeant,
3066 3699 3121 3743 et
3163 3689 3265 3744 hoc
3311 3707 3433 3746 cum
3484 3694 3659 3748 stmlio

2077 3787 2272 3841 magno
2305 3774 2579 3829 efliciant:
2651 3778 2922 3847 quomodo
2951 3796 3060 3835 non
3089 3794 3344 3838 extremae
3373 3786 3659 3843 dementia:

2080 3866 2257 3929 fuerit,
2280 3882 2396 3922 eam
2415 3871 2735 3923 contumelia
2750 3871 2987 3938 afﬁcere,
3011 3886 3392 3945 propterquam
3410 3891 3658 3947 parentes

2085 3956 2231 4012 Deus
2249 3957 2409 4026 jussit
2454 3959 2760 4014 dimittere?
2791 3977 2916 4014 num
2948 3963 3050 4017 hoc
3095 3966 3298 4020 insania
3330 3970 3501 4021 solum
3541 3975 3659 4023 est?

2079 4050 2322 4106 Dedecus
2352 4060 2407 4106 et
2433 4052 2776 4120 ignominiam
2803 4063 2980 4108 autem
3011 4056 3314 4125 huiusmodi
3340 4060 3459 4129 quis
3488 4061 3658 4115 ferat?

2078 4145 2197 4214 quis
2224 4158 2403 4198 sermo
2433 4146 2599 4214 possit
2628 4161 2745 4200 eam
2776 4146 3070 4216 explicare,
3099 4155 3313 4220 quando
3344 4152 3575 4207 ululatus
3603 4164 3659 4210 et

2077 4239 2307 4307 gemitus
2339 4253 2437 4307 per
2479 4240 2712 4307 eompita
2759 4239 3005 4295 feruntur
3028 4282 3044 4307 ,
3082 4250 3140 4296 et
3166 4258 3462 4299 concursus
3491 4254 3573 4299 est
3602 4247 3656 4301 in

2078 4329 2295 4385 domum
2340 4330 2494 4399 ejus,
2537 4332 2625 4401 qui
2670 4342 2777 4386 tam
2829 4331 3087 4389 indecore
3135 4349 3196 4389 se
3239 4337 3377 4406 gerit
3422 4346 3478 4390 et
3516 4337 3654 4391 vici-

2078 4436 2267 4477 norum
2298 4432 2354 4479 et
2381 4425 2815 4493 praetereuntium
2836 4465 2854 4490 ,
2898 4439 2962 4480 ac
2994 4425 3039 4480 si
3087 4425 3197 4481 fera
3237 4430 3502 4497 quaepiam
3533 4426 3652 4499 qua:

2076 4515 2219 4571 intus
2245 4525 2371 4570 sunt
2400 4514 2679 4572 labefactet
2713 4526 2765 4571 et
2793 4516 3342 4589 perdat?.0ptabilius
3368 4531 3512 4576 esset
3540 4532 3654 4577 ter-

2076 4624 2190 4662 ram
2218 4607 2497 4662 dehiscere
2526 4610 2572 4663 ei
2604 4609 2695 4679 qtti
2743 4620 2848 4662 tam
2882 4609 3082 4665 furiose
3106 4625 3164 4666 se
3190 4620 3343 4683 gerat
3362 4653 3377 4676 ,
3411 4629 3568 4683 quam
3597 4625 3656 4669 ut

2078 4711 2262 4771 postea
2292 4703 2342 4755 in
2370 4703 2487 4755 foro
2509 4711 2784 4771 appareat.
2815 4701 2917 4756 Sed
2947 4703 3171 4771 mulier,
3205 4704 3443 4774 inquiet,
3477 4706 3652 4761 audax

2075 4802 2129 4847 ct
2172 4808 2361 4862 aspera
2393 4804 2494 4847 est.
2545 4792 2652 4849 Sed
2683 4795 2853 4863 cogita
2888 4795 3033 4847 illam
3064 4809 3186 4850 esse
3216 4797 3492 4851 mulierem
3515 4840 3529 4860 ,
3559 4814 3655 4851 vas

2075 4885 2366 4953 inﬁrmum,
2399 4895 2449 4940 te
2476 4896 2652 4941 autem
2681 4888 2872 4940 virum.
2903 4887 3201 4955 Propterea
3230 4889 3373 4943 enim
3404 4869 3655 4960 princeps

2073 4980 2397 5033 constitutus
2426 4995 2484 5032 es
2505 5019 2521 5045 ,
2561 4989 2613 5033 ct
2661 4979 2827 5032 instar
2852 4978 3049 5048 capitis
3078 4978 3234 5035 datus
3278 4996 3371 5049 es,
3421 4992 3475 5036 ut
3508 4983 3644 5037 feras

2075 5073 2191 5142 ejus
2252 5087 2371 5142 qua:
2404 5070 2495 5124 tibi
2523 5084 2710 5138 parere
2748 5068 2907 5123 debet
2949 5069 3390 5127 imbecillitatem.
3419 5072 3526 5129 Fac
3554 5074 3642 5128 ita-

2073 5181 2178 5237 que
2206 5176 2263 5220 ut
2306 5164 2590 5233 imperium
2631 5172 2775 5217 tuum
2805 5163 2873 5218 sit
2895 5163 3273 5233 splendidum:
3305 5165 3642 5235 splendidum

2072 5267 2249 5313 autem
2272 5259 2376 5313 erit
2396 5297 2411 5322 ,
2437 5272 2558 5312 cunt
2581 5272 2698 5312 eam
2726 5257 2809 5310 eui
2835 5257 3068 5328 imperas
3094 5273 3199 5313 non
3229 5258 3494 5313 dedecore
3521 5258 3644 5313 affe-

2073 5353 2232 5407 ceris.
2265 5353 2342 5405 Ac
2365 5350 2503 5404 sicut
2528 5350 2572 5404 is
2620 5349 2712 5418 qui
2739 5359 2927 5419 regnat
2971 5358 3098 5403 tunc
3143 5349 3454 5419 prmclarior
3482 5365 3643 5418 appa-

2071 5445 2245 5507 rebit,
2274 5459 2395 5497 cum
2423 5443 2522 5497 sibi
2556 5441 2864 5496 inl'criomm
2912 5441 3221 5511 prmfeetum
3250 5443 3642 5509 pr:rclariorcm

2070 5536 2399 5599 reddiderit;
2427 5535 2472 5588 si
2500 5545 2676 5587 autem
2705 5532 2829 5586 illud
2854 5541 3055 5585 tantum
3084 5546 3277 5585 munus
3303 5532 3567 5589 dedecore
3592 5548 3645 5593 et

2072 5628 2359 5699 ignominia
2383 5625 2642 5686 all‘ecerit,
2664 5630 2792 5677 tunc
2821 5639 2848 5674 a
2881 5622 3054 5692 gloria
3078 5637 3172 5678 sua
3203 5639 3308 5677 non
3334 5641 3517 5693 parum
3542 5627 3640 5683 de-

2072 5721 2269 5775 tnitur:
2302 5718 2380 5772 sic
2409 5725 2463 5772 et
2502 5724 2556 5770 tu
2575 5757 2589 5783 ,
2621 5716 2665 5768 si
2695 5728 2813 5768 eam
2839 5728 2960 5783 quae
2986 5723 3112 5784 post
3138 5722 3192 5770 te
3221 5715 3445 5786 imperat
3472 5718 3636 5773 dede-

2073 5831 2198 5872 core
2241 5812 2511 5880 allcceris,
2541 5829 2645 5868 nou
2680 5810 2781 5866 levi
2809 5809 3003 5865 dantno
3041 5807 3290 5867 all‘cccris
3316 5810 3644 5885 principatus
