4094 6222
465 302 572 358 223

471 426 547 479 tni
601 424 882 482 honorem.
935 425 1063 482 Haec
1112 426 1272 497 igitur
1319 425 1496 480 omnia
1542 434 1715 481 tecum
1758 433 2049 495 reputans,

475 526 841 588 temperanter
866 533 997 588 age,
1028 527 1082 572 et
1106 531 1228 571 cum
1257 515 1340 570 his
1369 516 1530 570 etiam
1572 530 1850 587 vesperam
1897 515 2045 569 illam

471 609 676 678 cogita,
701 624 804 679 qua
836 617 887 662 te
912 607 1177 661 advocato
1208 617 1358 676 pater
1387 607 1549 660 filiam
1579 621 1729 662 suam
1757 605 1908 676 quasi
1951 606 2046 659 de-

473 701 706 770 positum
753 697 1018 769 quoddam
1052 697 1269 752 tradidit
1290 739 1304 761 .
1336 708 1388 753 et
1419 699 1561 752 illam
1592 698 1660 752 ab
1685 698 1934 752 onmibus
1962 710 2046 750 se-

473 807 670 861 parans
691 833 707 855 ,
753 807 781 842 a
823 799 992 844 matre
1012 831 1028 855 ,
1059 790 1128 844 ab
1169 805 1263 855 se,
1291 805 1320 843 a
1351 789 1511 844 domo
1535 831 1550 858 ,
1582 800 1744 844 totam
1778 787 1870 842 tibi
1903 787 2046 841 illius

471 897 654 936 curam
699 881 918 935 dextera
962 897 1057 936 sua
1104 881 1362 936 tradidit:
1409 884 1581 949 cogita
1613 890 1665 935 te
1701 879 1768 935 ab
1808 879 1896 932 illa
1930 885 2047 948 post

473 975 637 1028 Deum
669 973 808 1029 filios
835 976 1136 1047 suscepisse
1156 1015 1170 1039 ,
1199 985 1255 1030 et
1283 983 1487 1046 patrem
1532 973 1778 1029 ell‘ectum
1805 985 1926 1026 esse
1944 1011 1958 1035 ,
1993 977 2047 1024 et

471 1065 595 1121 inde
622 1081 746 1136 erga
776 1067 916 1120 illam
946 1067 1088 1122 mitis
1112 1075 1249 1122 esto.

542 1161 598 1216 8.
630 1159 744 1214 Non
780 1160 932 1215 vides
957 1159 1217 1230 agricolas
1238 1202 1252 1223 ,
1279 1158 1549 1230 quomodo
1589 1167 1788 1214 terram
1819 1172 1936 1228 quze
1964 1170 2050 1209 se-

474 1252 582 1308 mel
621 1254 826 1308 semina
869 1254 1117 1322 cxcepit,
1151 1254 1328 1308 colant
1373 1253 1518 1307 onmi
1561 1252 1784 1306 cultura:
1811 1264 2044 1320 genere,

472 1346 684 1401 etiamsi
727 1346 1003 1401 innumera
1053 1345 1250 1400 habeat
1291 1345 1665 1411 incommoda,
1721 1343 1932 1401 etiamsi
1974 1343 2046 1397 sit

473 1439 622 1492 arida
644 1480 660 1503 ,
689 1440 733 1492 si
761 1440 926 1492 malas
959 1439 1088 1492 ferat
1118 1439 1342 1502 herbas,
1371 1439 1417 1493 si
1446 1454 1510 1492 ex
1539 1439 1672 1492 situs
1711 1437 1919 1492 ratione
1946 1435 2048 1490 im-

475 1534 660 1589 bribus
699 1531 1021 1586 inundetur?
1050 1531 1162 1585 Hoc
1207 1543 1261 1586 et
1301 1541 1356 1585 tu
1387 1533 1587 1586 facito:
1631 1533 1700 1585 ita
1731 1531 1872 1586 enim
1907 1531 2052 1600 prior

477 1624 670 1680 frueris
697 1633 750 1678 et
778 1623 1038 1678 fructibus
1067 1631 1122 1677 et
1148 1622 1530 1693 tranquillitate
1557 1640 1570 1676 :
1605 1638 1725 1677 nam
1755 1632 1942 1693 portus
1969 1629 2052 1676 est

479 1731 614 1770 uxor
633 1755 647 1779 ,
675 1725 730 1769 et
758 1715 1102 1785 pharmacum
1130 1716 1328 1769 laetitiae
1355 1716 1666 1769 maximum.
1693 1713 1748 1770 Si
1774 1730 1904 1786 ergo
1931 1728 2054 1783 por-

480 1819 591 1863 tmn
621 1824 650 1862 a
681 1809 854 1863 ventis
884 1818 936 1863 et
961 1807 1211 1862 ﬂuctibus
1239 1817 1409 1862 tutum
1448 1807 1643 1863 reddas
1663 1848 1679 1875 ,
1712 1808 1879 1862 multa
1910 1807 2054 1862 frue-

477 1903 555 1957 ris
580 1902 902 1968 securitate,
930 1915 1052 1956 cum
1081 1917 1110 1954 a
1144 1901 1260 1955 foro
1303 1900 1620 1966 reverteris;
1667 1900 1712 1954 si
1749 1912 1928 1955 autem
1972 1909 2054 1953 tu-

478 1995 650 2050 multu
681 2003 735 2048 et
781 1994 1179 2064 perturbatione
1224 1994 1463 2064 replens,
1504 1994 1596 2049 tibi
1623 1996 1838 2065 gravius
1879 1992 2055 2064 paries

481 2085 833 2156 naufragium.
866 2085 944 2140 Ne
967 2085 1068 2140 hoc
1098 2100 1226 2156 ergo
1251 2087 1496 2150 eveniat,
1526 2085 1578 2140 id
1605 2086 1745 2156 quod
1771 2085 1892 2141 dico
1918 2085 2010 2140 fiat
2035 2100 2050 2137 :

478 2194 602 2234 cum
631 2178 757 2248 quid
791 2177 1076 2233 molestum
1117 2178 1262 2232 domi
1306 2178 1596 2244 acciderit,
1627 2178 1714 2232 illa
1759 2187 2014 2247 peccante
2035 2218 2052 2243 ,

480 2272 761 2328 consolare
791 2273 935 2326 illam
961 2281 1017 2326 et
1049 2287 1116 2326 ne
1143 2272 1384 2325 dolorem
1411 2286 1628 2341 augeas.
1662 2271 1880 2325 Etiamsi
1905 2271 2048 2325 enim

481 2365 659 2420 omnia
680 2366 956 2440 amiseris.
992 2364 1122 2419 nihil
1145 2365 1347 2419 tristius
1373 2377 1454 2419 est
1479 2379 1639 2436 quam
1664 2365 1806 2420 domi
1835 2381 2054 2421 uxorem

485 2455 718 2522 habere,
761 2474 878 2525 qua:
918 2457 1035 2511 sine
1078 2457 1448 2512 benevolentia
1476 2474 1596 2512 cum
1624 2458 1739 2512 viro
1767 2459 1960 2529 degat:
2002 2469 2056 2513 et

482 2548 856 2618 quodcumque
883 2557 1156 2617 peccatum
1179 2549 1400 2610 dixeris,
1433 2550 1634 2603 nullum
1666 2549 1846 2606 dicere
1885 2551 2057 2620 possis

483 2638 626 2708 quod
672 2638 930 2707 majorem
980 2636 1172 2692 inferat
1200 2639 1474 2706 dolorem,
1514 2656 1674 2710 quam
1718 2657 1840 2696 cum
1886 2657 2057 2698 uxore

487 2729 719 2800 litigare.
756 2731 933 2797 Itaque
964 2743 1182 2801 propter
1210 2735 1322 2787 haic
1347 2736 1524 2788 omnia
1552 2735 1669 2804 ejus
1697 2735 1912 2792 dilectio
1937 2753 2059 2791 om-

487 2823 632 2876 nium
669 2821 761 2875 tibi
795 2823 1174 2891 pretiosissima
1207 2825 1296 2879 sit.
1330 2825 1460 2880 Nam
1491 2828 1538 2882 si
1580 2837 1792 2897 oportet
1832 2830 2060 2886 alterum

487 2915 709 2970 alterius
738 2930 901 2970 onera
930 2926 1144 2985 portare
1163 2960 1178 2982 ,
1207 2919 1376 2973 multo
1407 2921 1573 2991 magis
1603 2924 1818 2988 uxoris;
1848 2924 2060 2979 etiamsi

490 3025 692 3080 pauper
735 3011 840 3074 sit,
895 3025 965 3066 ne
1030 3011 1080 3064 id
1151 3013 1474 3080 exprobres;
1523 3016 1732 3072 etiamsi
1788 3019 2064 3092 stulta,ne

491 3101 748 3167 insultes,
781 3101 874 3156 sed
898 3102 1074 3173 potius
1102 3103 1244 3157 illam
1269 3105 1550 3162 moderare
1576 3127 1588 3161 :
1622 3125 1742 3163 nam
1767 3111 2062 3168 membrum

491 3204 640 3252 tuum
682 3206 843 3250 estet
873 3211 1000 3250 caro
1047 3213 1150 3252 una
1196 3197 1319 3254 facti
1363 3201 1512 3255 estis.
1545 3201 1649 3256 Sed
1689 3205 1898 3274 garrula
1943 3216 2060 3274 est,

492 3287 702 3342 ebriosa
731 3298 785 3341 et
816 3287 1087 3342 iracunda.
1114 3291 1183 3343 At
1225 3292 1390 3361 magis
1419 3305 1704 3364 capropter
1743 3296 1932 3353 dolere
1966 3315 2062 3369 po-

492 3379 621 3444 tius,
644 3395 800 3448 qnam
833 3379 990 3436 irasci
1019 3391 1249 3450 oportet,
1276 3383 1545 3454 Deumque
1569 3403 1755 3458 rogare
1774 3430 1788 3453 ,
1817 3390 2066 3462 illamque

493 3470 710 3524 Inonitis
747 3479 802 3525 et
839 3472 1066 3526 consilio
1093 3472 1346 3541 adjuvare
1368 3515 1383 3540 ,
1416 3477 1656 3545 nihilque
1689 3495 1792 3534 non
1820 3499 1978 3552 agere
2009 3493 2067 3538 ut

492 3560 678 3614 vitium
705 3571 968 3630 amputes.
999 3562 1055 3618 Si
1084 3575 1263 3619 autem
1293 3567 1547 3624 verberes
1580 3579 1634 3625 et
1660 3581 1890 3641 alteras,
1921 3593 2066 3631 mor~

497 3651 595 3706 bus
627 3669 732 3706 non
769 3663 1023 3720 curatur;
1090 3655 1272 3712 feritas
1302 3661 1443 3714 enim
1471 3667 1879 3724 mansuetudine
1903 3670 2065 3725 solvi-

496 3753 618 3810 tur,
659 3761 766 3799 non
797 3747 897 3801 alia
930 3747 1160 3803 feritate.
1212 3753 1344 3806 Cum
1372 3753 1454 3809 his
1483 3767 1537 3811 et
1569 3762 1873 3817 mercedem
1899 3779 1927 3817 a
1960 3765 2068 3822 Deo

492 3844 852 3902 exspectatam
883 3839 1077 3908 cogita.
1107 3841 1331 3908 Quando
1353 3846 1496 3902 enim
1517 3864 1638 3904 cum
1665 3853 1756 3907 tibi
1782 3855 2067 3913 liceateam

490 3925 846 3993 exscindere,
883 3929 984 3985 hoc
1031 3947 1137 3987 non
1182 3935 1344 3991 facias
1385 3949 1604 4010 propter
1648 3944 1741 3999 Dei
1783 3948 2066 4018 timorem,

491 4017 587 4073 sed
635 4029 711 4074 tot
761 4021 876 4092 ejus
921 4023 1046 4080 vitia
1095 4023 1270 4091 feras,
1305 4042 1548 4088 metuens
1578 4035 1746 4106 legem
1781 4037 1879 4095 hac
1909 4040 1976 4097 de
2011 4060 2071 4099 re

495 4111 719 4180 positam
743 4153 761 4178 ,
794 4130 913 4183 qua:
944 4131 1165 4172 uxorem
1196 4119 1392 4189 ejicere
1423 4125 1704 4192 prohibet;
1737 4147 2071 4203 quocumque

493 4203 705 4259 tandem
729 4212 919 4262 morbo
947 4209 1188 4274 laboret,
1223 4212 1545 4271 ineffabilem
1590 4223 1892 4278 mercedem
1935 4228 2072 4282 reci-

492 4296 642 4366 pies;
669 4307 725 4352 et
749 4309 874 4355 ante
915 4302 1221 4358 mercedem
1263 4307 1494 4364 maxima
1541 4312 1869 4382 lucraberis,
1901 4319 2067 4390 ipsam

1206 307 1262 364 S.
1297 307 1568 364 JOANNIS
1594 306 2061 397 CIIRYSOSTOMI
2101 305 2413 363 ARCHIEP.
2454 307 2981 364 CONSTANTINOP.

3557 267 3730 366 .224

2161 422 2253 476 tibi
2266 423 2807 493 obtemperantiorem
2827 421 3078 488 reddens,
3093 429 3250 493 teque
3265 437 3390 494 erga
3409 423 3725 481 illamman-

2152 516 2438 570 suetiorem
2467 515 2747 571 exhibens.

2226 609 2528 680 Philosophi
2547 611 2737 664 dictum
2764 610 2827 665 de
2849 627 3008 664 uxore
3027 611 3354 666 conviciante.
3379 642 3454 654 —
3472 613 3731 668 Narratur

2153 701 2414 770 quispiam
2463 711 2806 756 externorum
2857 701 3332 771 phil030pbornm,
3389 706 3480 776 qui
3530 705 3729 760 malam

2154 792 2374 846 haberet
2402 806 2622 846 uxorem
2653 800 2708 845 et
2737 807 2993 862 nugacem
3028 801 3083 847 et
3108 795 3496 850 conviciantem
3518 838 3534 862 ,
3565 798 3732 851 inter-

2153 882 2462 953 rogantibus
2481 923 2496 948 ,
2523 899 2626 952 qua
2655 883 2721 938 de
2742 898 2926 950 causa,
2961 901 3083 939 cum
3112 886 3272 940 talem
3305 887 3548 952 haberet,
3580 888 3731 942 illam

2154 973 2361 1040 ferret,
2393 975 2732 1044 respondisse
2777 991 2836 1031 se
2882 977 3032 1046 quasi
3079 979 3417 1048 gymnasium
3467 987 3520 1034 et
3569 981 3734 1050 palm.

2154 1077 2320 1121 stram
2354 1066 2704 1136 philosophia:
2733 1066 2876 1121 domi
2919 1068 3116 1123 habere
3152 1069 3252 1140 (a).
3287 1071 3393 1124 Ero
3422 1072 3583 1136 enim,
3615 1072 3736 1127 aie-

2157 1160 2283 1225 bat,
2331 1161 2453 1214 aliis
2498 1161 2862 1225 mansuetior,
2911 1162 2961 1215 in
3007 1161 3106 1216 hac
3145 1163 3384 1231 quotidie
3431 1165 3734 1218 institutus.

2156 1253 2342 1324 Magna
2365 1267 2494 1307 voce
2516 1252 2890 1307 exclamastis?
2910 1253 3013 1308 Sed
3036 1269 3136 1324 ego
3160 1255 3314 1310 valde
3337 1272 3477 1311 nunc
3498 1257 3738 1327 ingenio,

2155 1362 2275 1402 cum
2303 1346 2509 1401 videam
2539 1344 2756 1401 Grmcos
2802 1347 2970 1416 magis
3019 1346 3368 1416 philosophos
3407 1363 3531 1404 esse
3573 1365 3740 1418 quam

2158 1455 2284 1501 nos,
2316 1438 2406 1508 qni
2430 1437 2680 1506 jubemur
2719 1439 2938 1508 angelos
2967 1439 3197 1503 imitari;
3231 1441 3339 1496 imo
3367 1441 3455 1510 qui
3483 1441 3741 1510 jubemur

2159 1532 2329 1600 ipsum
2357 1529 2593 1584 :emulari
2628 1530 2790 1584 Deum
2821 1530 2872 1584 in
2901 1532 3323 1588 mansuetudinis
3349 1536 3576 1588 ratione.
3607 1534 3738 1589 Phi-

2161 1623 2420 1693 losophus
2459 1638 2588 1694 ergo
2617 1623 2703 1678 illc
2732 1623 2927 1678 dicitur
2958 1623 3080 1680 ideo
3110 1626 3302 1680 malam
3333 1626 3476 1682 illam
3504 1643 3739 1683 uxment

2159 1731 2264 1770 non
2294 1715 2515 1785 ejecisse
2541 1731 2553 1766 :
2587 1715 2801 1784 quidam
2825 1725 3005 1771 autem
3030 1717 3215 1772 dicunt
3240 1718 3412 1786 ipsum
3444 1717 3566 1774 ideo
3589 1719 3736 1772 illam

2159 1806 2394 1861 duxisse.
2425 1807 2534 1875 Ego
2563 1821 2692 1860 vero
2719 1809 2841 1876 quia
2884 1807 3035 1862 multi
3076 1808 3321 1864 homines
3349 1819 3536 1865 contra
3574 1827 3736 1880 quam

2161 1899 2296 1953 ratio
2321 1897 2459 1953 ferat
2487 1898 2661 1953 allecti
2691 1908 2849 1965 sunt,
2880 1898 3071 1954 hortor
3097 1909 3150 1954 ut
3175 1900 3242 1956 ab
3271 1901 3423 1956 initio
3449 1902 3582 1957 nihil
3625 1918 3732 1957 non

2160 2002 2318 2062 agant
2343 1993 2441 2047 viri
2466 2033 2480 2056 ,
2511 2001 2567 2046 ut
2597 1992 2731 2046 bene
2762 2002 3022 2048 moratam
3053 1993 3253 2048 ducant
3283 2011 3504 2050 uxorem
3533 2006 3588 2050 et
3616 2013 3740 2049 om-

2163 2085 2214 2138 ni
2247 2083 2455 2154 plenam
2501 2084 2736 2138 virtute:
2765 2085 2810 2138 si
2853 2100 2982 2140 vero
3008 2086 3285 2155 contigerit
3319 2095 3428 2140 uta
3461 2087 3738 2156 proposito

2161 2177 2443 2239 aberrent,
2477 2189 2547 2229 ac‘
2571 2189 2669 2230 nec
2696 2174 2887 2228 bonam
2919 2191 3017 2231 nec
3047 2177 3376 2232 tolerabilem
3401 2192 3651 2246 sponsam
3684 2180 3738 2233 in

2162 2267 2380 2321 domum
2409 2265 2749 2330 induxerint;
2779 2276 2907 2322 tunc
2935 2266 3314 2337 philosmihum
3341 2269 3486 2322 illum
3518 2269 3735 2324 imiten-

2165 2369 2268 2424 tur,
2295 2368 2348 2412 et
2391 2358 2472 2411 his
2503 2357 2628 2411 nihil
2690 2357 2963 2426 adjiciam.
3009 2357 3138 2412 Nam
3167 2368 3433 2414 mercator
3456 2371 3740 2430 antequam

2163 2466 2284 2506 cum
2306 2452 2453 2504 socio
2482 2458 2631 2518 pacta
2661 2450 2821 2513 ineat,
2839 2465 2958 2519 qua:
2980 2450 3188 2520 possint
3210 2465 3397 2520 pacem
3424 2452 3738 2517 conciliare,

2165 2557 2270 2596 non
2305 2542 2449 2610 prius
2491 2541 2666 2594 navim
2694 2541 2744 2594 in
2775 2556 2923 2595 mare
2954 2541 3130 2596 trahet
3151 2583 3164 2604 ,
3195 2558 3370 2611 neque
3396 2543 3552 2596 aliam
3583 2544 3742 2598 attin-

2163 2645 2253 2705 get
2274 2634 2708 2704 negotiationem.
2757 2633 2823 2686 Et
2851 2649 2950 2688 nos
2978 2633 3158 2702 itaque
3187 2634 3320 2687 nihil
3351 2649 3454 2688 non
3485 2649 3740 2704 agamus,

2167 2737 2220 2780 nt
2253 2725 2631 2794 negotiationis
2657 2734 2853 2780 nostra:
2879 2727 3076 2781 sociam
3103 2727 3155 2780 in
3185 2726 3285 2780 hac
3316 2727 3438 2781 navi
3467 2743 3588 2782 cum
3623 2742 3740 2782 om-

2168 2819 2221 2874 ni
2247 2835 2375 2890 pace
2405 2820 2545 2873 intus
2573 2828 2870 2874 teneamus.
2897 2817 2968 2874 Ita
2991 2819 3131 2874 enim
3163 2827 3218 2874 et
3247 2819 3350 2874 alia
3377 2820 3555 2874 omnia
3585 2821 3742 2875 nobis

2168 2911 2448 2982 tranquilla
2479 2921 2672 2975 erunt,
2703 2919 2759 2966 et
2812 2926 2935 2966 cum
2983 2911 3272 2968 securitate
3301 2913 3423 2968 vita:
3465 2915 3746 2984 prmsentis

2169 3005 2386 3076 pelagus
2413 3002 2761 3074 trajicietnus.
2787 3003 2899 3059 Hoc
2938 3004 3110 3074 pluris
3138 3003 3396 3060 faciamus
3415 3047 3430 3070 ,
3461 3021 3618 3076 quam
3649 3007 3748 3060 do-

2169 3112 2337 3162 mum,
2359 3097 2621 3166 mancipia
2644 3136 2658 3158 ,
2686 3095 2959 3166 pecunias,
2987 3111 3147 3166 agros
3168 3105 3221 3151 et
3246 3096 3390 3166 ipsas
3420 3113 3508 3153 res
3537 3099 3745 3155 civiles.

2172 3188 2332 3259 quue
2368 3190 2597 3244 maxime
2644 3190 2884 3243 omnium
2917 3191 2970 3244 in
3014 3191 3185 3259 pretio
3217 3190 3543 3256 habeamus,
3574 3204 3630 3248 ut
3657 3195 3748 3249 illa

2171 3297 2290 3350 quae
2329 3280 2608 3336 nobiscum
2659 3282 2710 3335 in
2756 3281 2960 3336 aedibus
3015 3281 3249 3348 nesidct,
3306 3299 3410 3338 non
3464 3287 3746 3363 tinnultnm

2173 3382 2422 3436 moveat,
2455 3389 2589 3427 neve
2614 3388 2642 3426 a
2675 3374 2828 3427 nobis
2874 3373 3148 3428 dissideat.
3180 3375 3253 3429 Ita
3299 3377 3441 3430 enim
3473 3387 3528 3430 et
3556 3386 3749 3432 ctetera

2174 3463 2328 3518 nobis
2376 3464 2613 3518 secundo
2658 3481 2820 3518 cursu
2868 3467 3122 3533 venient,
3171 3477 3226 3522 et
3271 3468 3324 3522 in
3379 3469 3751 3538 spiritualibus

2175 3555 2395 3608 multam
2430 3555 2743 3610 habebimus
2769 3556 3101 3625 facilitatem,
3136 3560 3238 3613 huc
3261 3562 3442 3629 jngum
3469 3575 3590 3615 cum
3615 3575 3747 3615 con-

2173 3646 2354 3701 cordia
2379 3646 2687 3714 trahentes;
2730 3650 3084 3720 manibusque
3128 3653 3296 3721 probe
3321 3654 3488 3720 gestis
3516 3654 3749 3723 reposita

2174 3751 2564 3807 consequemur
2596 3738 2736 3792 bona
2767 3757 2781 3793 :
2813 3755 2933 3810 qua:
2961 3755 3062 3795 nos
3087 3757 3276 3798 omnes
3301 3744 3510 3812 assequi
3536 3745 3752 3798 contin-

2174 3838 2265 3897 gat
2283 3870 2298 3895 ,
2321 3830 2486 3899 gratia
2505 3839 2558 3885 et
2583 3829 2908 3900 benignitate
2930 3834 3138 3889 Domini
3167 3836 3333 3890 nostri
3356 3833 3484 3890 Jesu
3506 3835 3749 3902 Christi,

2176 3921 2389 3989 quicum
2419 3919 2560 3975 Patri
2609 3937 2821 3992 unaque
2850 3923 3070 3994 Spiritui
3121 3933 3306 3982 sancto
3343 3926 3511 3997 gloria
3533 3967 3551 3994 ,
3580 3927 3752 3996 impe-

2177 4013 2314 4066 rinm
2333 4054 2345 4076 ,
2375 4011 2548 4068 honor
2566 4055 2582 4081 ,
2615 4030 2759 4070 nunc
2783 4025 2837 4072 et
2863 4031 3078 4088 semper
3097 4059 3112 4082 ,
3139 4029 3196 4074 et
3217 4019 3270 4074 in
3300 4019 3496 4074 saecula
3523 4021 3752 4076 saculo-

2177 4118 2316 4158 rum.
2355 4108 2546 4162 Amen.

2239 4216 2748 4298 ,(ξεὲηιξίςμαρέοςωιςο
2774 4223 2823 4271 ni
2845 4221 3005 4298 ίαηρτε
3025 4225 3145 4298 agit.
3171 4225 3766 4298 ayi‘rgquemibusjan-

2179 4278 2376 4354 thippes
2399 4283 2564 4330 uxoris
2581 4278 2758 4347 jnrgiis
2775 4278 3152 4336 exercitabafur'.
3178 4278 3307 4338 Vide
3329 4278 3599 4352 Diogenem
3613 4291 3762 4342 Laer-

2182 4346 2304 4388 ttunt
2327 4355 2377 4390 tn
2399 4350 2610 4393 Socrate.

493 4423 3757 4491 Ἢ-ᾒ-Μ

1797 4530 2141 4597 HOMILIA
2187 4539 2449 4608 XXVII.

491 4648 622 4706 (ΣΛΡ.
646 4651 734 4706 Η.
763 4669 814 4707 v.
844 4654 932 4710 I7.
967 4654 1078 4710 Hoc
1104 4667 1270 4713 autem
1299 4663 1614 4733 principiens,
1643 4685 1742 4723 non
1769 4671 1921 4727 laudo
1939 4677 2076 4747 quod

670 4761 774 4799 non
801 4747 855 4802 in
883 4748 1064 4804 melius
1082 4792 1096 4816 ,
1127 4753 1216 4806 sed
1247 4752 1298 4808 in
1329 4755 1544 4811 deterius
1570 4766 1893 4819 conveniatis.

568 4835 617 4889 1.
649 4837 878 4896 Necesse
912 4851 995 4898 est
1022 4847 1180 4898 etiam
1225 4849 1500 4916 pra:sentis
1526 4852 1766 4909 criminis
1794 4873 1889 4913 seu
1917 4875 2076 4917 accu-

495 4927 718 4982 sationis
752 4935 896 4998 prius
925 4952 1140 4992 causam
1179 4937 1356 4996 dicere
1389 4960 1402 4996 :
1436 4942 1504 4997 ita
1534 4945 1674 5001 enim
1705 4964 1824 5019 qua:
1851 4951 2073 5010 dicenda

493 5024 620 5070 sunt
640 5016 844 5076 facilius
863 5025 1186 5084 ediscentur.
1212 5033 1462 5100 Quarnam
1485 5054 1611 5108 ergo
1632 5016 1862 5097 illa—est?
1885 5043 2076 5112 Quem-

493 5107 780 5166 admodum
813 5117 910 5169 tria
939 5119 1026 5173 illa
1055 5124 1216 5177 millia
1239 5167 1252 5186 .
1285 5144 1404 5197 quae
1437 5107 1586 5186 initio
1614 5107 1988 5205 crediderant,
2021 5141 2073 5196 in

494 5205 762 5258 communi
809 5222 993 5264 mensa
1035 5213 1420 5283 comedebant,
1461 5231 1514 5276 et
1553 5228 1854 5283 comnmnia
1896 5233 2072 5287 omnia

497 5294 839 5364 possidebant
868 5316 881 5352 :
909 5299 986 5355 sic
1011 5303 1168 5356 etiam
1201 5305 1313 5360 ﬁeri
1340 5309 1545 5366 solebat
1570 5330 1689 5370 cum
1719 5317 1832 5375 haec
1861 5324 2074 5391 scripsit

493 5385 814 5483 Apostolus;
847 5399 1019 5447 atnon
1044 5409 1167 5449 cum
1194 5399 1336 5453 tanta
1361 5405 1720 5474 accuratione,
1743 5411 1835 5465 sed
1860 5385 2072 5483 quidam

497 5475 656 5531 veluti
686 5478 865 5536 fluxus
887 5483 1025 5539 illius
1052 5487 1206 5554 prisci
1234 5495 1488 5548 consortii
1519 5501 1775 5554 remansit
1799 5510 1854 5556 et
1879 5475 1946 5556 ad
1976 5519 2073 5572 po-

495 5575 673 5664 steros
693 5570 984 5629 descendit.
1017 5579 1148 5644 Quia
1179 5597 1305 5638 vero
1333 5586 1674 5657 contingebat
1702 5591 1836 5646 alios
1873 5570 2072 5664 paupe-

497 5659 758 5756 rem-alios
782 5664 974 5724 divites
999 5685 1135 5736 esse,
1159 5690 1253 5730 sna
1279 5676 1455 5731 omnia
1483 5695 1588 5734 non
1615 5683 1666 5736 in
1695 5659 1925 5739 medium
1952 5659 2076 5756 pro-

497 5745 772 5824 ferebant;
799 5770 1110 5824 communes
1135 5772 1312 5822 autem
1332 5771 1655 5840 apparabant
1682 5790 1892 5832 incusas
1917 5745 2070 5836 sialis

2179 4684 2394 4749 diebus.
2427 4689 2500 4743 uti
2535 4707 2629 4761 par
2657 4703 2806 4761 erat,
2835 4705 2889 4752 et
2914 4709 3124 4767 peracta
3154 4703 3340 4772 synaxi
3360 4743 3375 4765 .
3409 4711 3526 4774 post
3556 4715 3764 4776 myste-

2180 4785 2380 4832 riorum
2405 4785 2837 4842 communionem
2864 4789 2915 4842 in
2941 4806 3224 4850 commune
3248 4809 3437 4850 omnes
3456 4798 3762 4851 convivium

2180 4870 2480 4938 veniebant,
2511 4873 2762 4932 divitibus
2791 4880 2938 4935 cibos
2965 4897 3091 4936 suos
3120 4883 3483 4950 afferentibus,
3516 4889 3764 4958 pauperi-

2182 4960 2279 5014 bus
2307 4971 2482 5016 autcm
2514 4973 2568 5019 et
2594 4967 2724 5023 nihil
2752 4971 3162 5030 habentibusab
3194 4977 3322 5046 ipsis
3349 4977 3601 5032 divitibus
3629 4980 3762 5033 invi-

2181 5054 2336 5119 talis,
2373 5057 2724 5130 onmibusqne
2766 5063 2922 5118 simul
2963 5068 3391 5124 convivantibus.
3431 5069 3537 5124 Sed
3574 5081 3761 5140 postea

2181 5143 2266 5198 hic
2291 5161 2408 5200 mos
2436 5148 2717 5206 obsolevit.
2743 5155 2909 5209 Causa
2937 5167 3112 5211 autem
3142 5159 3258 5226 fuit,
3285 5161 3425 5231 quod
3449 5161 3641 5216 divulsi
3671 5179 3762 5216 es-

2179 5244 2320 5300 sent,
2349 5251 2412 5291 ac
2441 5253 2560 5294 sese
2588 5243 2952 5301 adscriberent
2975 5249 3063 5303 alii
3091 5249 3190 5317 his,
3224 5253 3315 5307 alii
3344 5254 3466 5321 illis,
3495 5255 3763 5310 dicerent-

2179 5342 2317 5395 que,
2347 5327 2456 5398 Ego
2485 5345 2600 5386 sum
2642 5332 2797 5400 hujus
2817 5379 2830 5399 .
2864 5354 2962 5409 ego
2993 5341 3168 5408 illius;
3200 5346 3340 5414 quod
3371 5348 3644 5417 corrigens
3674 5348 3762 5403 ille

2180 5419 2591 5511 initioepistola:
2616 5427 2825 5484 diccbat
2851 5451 2863 5485 :
2897 5434 3255 5505 Signiﬁcatu»:
3280 5449 3352 5493 est
3383 5441 3522 5505 mihi,
3553 5446 3762 5511 fratres,

2179 5510 2242 5563 de
2266 5510 2401 5566 vobis
2426 5515 2488 5566 ab
2515 5516 2577 5570 iis
2601 5519 2686 5590 qui
2711 5531 2828 5574 sunt
2855 5523 3056 5592 Cltloes,
3087 5532 3206 5597 quia
3231 5510 3568 5585 contentiones
3595 5533 3648 5584 in
3676 5549 3762 5585 οοο

2177 5601 2252 5655 bis
2288 5615 2424 5658 sunt.
2462 5605 2573 5661 Hoc
2609 5621 2775 5665 autent
2808 5615 2955 5681 dico,
2997 5619 3132 5687 quod
3172 5623 3507 5693 unusquisque
3545 5635 3763 5677 vestrum

2178 5695 2310 5748 dicat
2335 5711 2354 5749 :
2383 5697 2491 5768 Ego
2525 5703 2723 5768 quidem
2757 5723 2866 5760 sum
2899 5707 3084 5776 Pauli,
3113 5729 3202 5784 ego
3228 5725 3395 5768 autent
3425 5716 3608 5779 Apollo
3626 5756 3641 5779 ,
3671 5732 3764 5787 ego

2178 5803 2290 5843 vero
2329 5789 2511 5861 ςινρΙιω
2537 5795 2622 5866 (ί.
2652 5796 2770 5854 Cur.
2803 5800 2852 5856 1.
2887 5801 2971 5858 Η.
3016 5803 3137 5877 12).
3181 5806 3295 5864 Νοιι
3323 5807 3465 5880 quod
3507 5807 3671 5865 Paulo
3702 5823 3760 5866 se
