4094 6222
329 321 437 379 923

328 442 546 495 ἅπαντα
573 435 860 506 σωφρόνει,
883 433 978 488 καὶ
1009 433 1146 504 μετά
1170 433 1373 487 τούτων
1400 437 1492 488 καὶ
1524 435 1623 505 τὴν
1653 434 1894 504 ἑσπέραν

333 520 546 588 ἐκείνην
572 519 763 585 ἐννόει,
793 519 915 571 καθ’
944 520 1011 588 ἣν
1038 518 1273 579 καλέσας
1305 534 1364 570 σε
1412 520 1441 571 ό
1480 521 1677 589 πατὴρ,
1707 516 1896 587 ῶσπερ

325 602 449 656 τινά
495 619 577 655 σοι
622 600 1090 673 παρακαταθήκην
1127 603 1225 672 τὴν
1272 601 1547 673 θυγατέρα
1590 601 1893 672 παρέδωκε,

327 674 421 739 καῖ
462 686 683 738 πάντων
717 685 1051 754 ἀποστήσας,
1102 685 1195 738 καὶ
1225 685 1429 753 μητρὸς
1471 685 1564 737 καὶ
1595 684 1760 737 αὐτοῦ
1803 684 1896 736 καὶ

327 767 530 831 οίκίας,
567 767 861 837 ὁλόκληρον
911 767 1080 837 αὐτῆς
1129 767 1226 836 τὴν
1259 768 1559 836 ἐπιτροπὴν
1602 766 1895 836 ἐνεχείρισέ

330 870 424 905 σου
567 849 748 920 δεξιᾷ·
781 850 1030 918 ἐννόησον
1057 850 1136 901 ὃτι
1167 849 1304 917 μετά
1340 849 1432 901 τὸν
1474 849 1698 902 Θεὸνδι*
1726 849 1896 918 αὐτῆς

329 933 481 1006 [239]
520 933 715 995 παῖδας
743 930 886 1001 ἔχεις
932 933 1025 985 καὶ
1072 931 1253 1003 πατὴρ
1301 933 1551 1001 γέγονας,
1607 932 1702 986 καὶ
1744 932 1893 1000 γίνου

329 1018 424 1071 καὶ
446 1016 696 1071 ἐντεῦθεν
720 1016 925 1086 ἥμερος
954 1014 1090 1087 πρὸς
1116 1016 1305 1087 αύτὴν.

398 1162 472 1228 η’.
490 1157 603 1227 Οὐχ
618 1157 749 1228 ὁρᾷς
769 1157 893 1219 τοὺς
907 1158 1203 1228 γεωργοὺς,
1223 1155 1338 1220 πῶς
1355 1155 1453 1227 τὴν
1473 1154 1619 1219 ἅπαξ
1633 1153 1895 1218 ὑποδεξα-

331 1245 501 1317 μένην
523 1244 591 1298 τά
614 1245 905 1316 σπέρματα
932 1246 1036 1317 γῆν
1066 1245 1424 1317 θεραπεύουσι
1454 1243 1778 1314 παντοδαπῷ
1805 1243 1896 1296 θε-

332 1331 565 1402 ραπείας
604 1330 811 1401 τρόπῳ,
853 1330 956 1383 κᾶν
1011 1331 1178 1400 μυρία
1226 1328 1579 1399 ἐλαττώματα
1623 1328 1741 1400 ἔχῃ,
1785 1323 1895 1382 οἷον

329 1414 432 1468 κᾶν
464 1413 782 1484 λυπρόγεως
800 1424 825 1452 ι
852 1409 908 1484 ᾖ,
938 1412 1040 1466 κᾶν
1074 1412 1299 1482 βοτάνας
1326 1412 1467 1485 φέρῃ
1495 1412 1755 1481 πονηράς,
1789 1410 1894 1464 κάν

330 1496 438 1549 ὑπὸ
482 1490 791 1567 ἐπομϐρίας
835 1496 1206 1567 ὲπηρεάζηται
1237 1499 1302 1567 τῇ
1336 1495 1495 1565 φύσει
1537 1496 1636 1563 τῆς
1659 1494 1892 1558 θέσεως;

329 1579 501 1633 Τοῦτο
529 1582 623 1633 καὶ
648 1580 712 1633 σὺ
734 1580 898 1633 ποίει’
920 1579 1063 1634 οὕτω
1083 1579 1190 1651 γὰρ
1218 1579 1477 1651 πρότερος
1499 1576 1778 1649 ἀπολαύσῃ
1803 1585 1899 1636 καὶ

327 1663 438 1715 τῶν
467 1663 695 1734 καρπῶν
728 1665 822 1717 καὶ
852 1663 949 1734 τῆς
977 1663 1216 1733 γαλήνης
1235 1679 1248 1692 '
1283 1662 1377 1717 καὶ
1408 1660 1518 1732 γάρ
1542 1661 1709 1735 λιμήν
1752 1665 1897 1719 ἀστιν

328 1749 364 1817 ἡ
394 1749 557 1818 γυνὴ,
600 1747 694 1801 καὶ
726 1748 1016 1818 φάρμακον
1042 1746 1305 1817 εὐθυμίας
1352 1747 1628 1816 μέγιστον.
1676 1751 1773 1803 “Av
1801 1750 1898 1820 μὲν

327 1827 423 1884 οὖν
452 1830 547 1884 τὸν
570 1829 763 1900 λιμένα
788 1830 1114 1901 πνευμάτων
1144 1829 1464 1905 ἀπαλλάξῃς
1490 1833 1584 1887 καὶ
1616 1834 1894 1904 κυμάτων,

328 1913 536 1982 πολλῆς
561 1912 843 1985 ἀπολαύσῃ
872 1914 970 1983 τῆς
994 1913 1177 1972 ἀδείας
1200 1913 1263 1981 ἐξ
1293 1914 1497 1987 ἀγορᾶς
1528 1914 1720 1970 ἀνιών·
1749 1915 1815 1968 ἂν
1841 1914 1900 1967 δὲ

329 1996 578 2068 θορύϐων
600 1996 696 2050 καὶ
716 1997 957 2067 ταραχῆς
977 1995 1287 2071 ἑμπλὴσῃς,
1313 1998 1495 2070 σαυτῷ
1523 1998 1900 2070 χαλεπώτερον

331 2079 766 2148 κατασκευάζεις
799 2080 868 2136 τί,
898 2083 1173 2151 ναυάγιον.
1212 2082 1311 2136 'Iv‘
1340 2078 1433 2136 οὖν
1458 2082 1617 2135 τοῦτο
1652 2082 1727 2153 μὴ
1752 2083 1902 2152 γίνη-

331 2182 450 2233 ται,
491 2162 650 2221 τοῦτο
676 2167 705 2220 δ
731 2167 877 2234 λέγω
901 2165 1140 2235 γενέσθω
1158 2183 1171 2197 ο
1200 2167 1327 2221 ὅταν
1354 2184 1408 2220 τι
1435 2166 1616 2237 συμὸῇ
1656 2166 1900 2238 λυπηρὸν

334 2250 480 2306 κατά
518 2250 618 2322 τὴν
646 2249 841 2315 οἰκίαν,
877 2250 1091 2320 ἐκείνης
1133 2249 1502 2321 ἁμαρτούσης,
1552 2249 1899 2320 παραμυθοῦ,

335 2339 432 2388 καὶ
460 2334 537 2406 μὴ
565 2335 800 2388 ἐπίτεινε
825 2334 923 2404 τὴν
949 2334 1144 2402 λύπην.
1173 2333 1291 2387 Κᾶν
1316 2333 1424 2404 γὰρ
1447 2333 1660 2387 ἅπαντα
1691 2334 1901 2388 ἀποδά-

334 2416 456 2489 λῃς,
494 2417 647 2471 οῦδὲν
694 2417 1065 2488 λυπηρότερον
1108 2416 1200 2470 τοῦ
1238 2417 1312 2487 μὴ
1343 2419 1458 2487 μετ’
1506 2418 1718 2481 εὐνοίας
1760 2417 1903 2488 ἔχειν

335 2502 572 2568 γυναῖκα
592 2498 740 2553 ἔνδον
771 2499 1121 2553 συνοικοῦσαν
1139 2516 1153 2530 ⁸
1196 2499 1299 2553 κᾶν
1329 2499 1508 2571 ὁτιοῦν
1540 2499 1698 2572 είπῃς
1722 2502 1904 2572 ἀμάρ-

336 2598 512 2652 τημα,
547 2582 698 2635 οὐδὲν
726 2581 898 2645 οὕτως
938 2582 1318 2653 ὀδυνηρότερον
1356 2584 1519 2652 ἐρεῖς,
1561 2577 1669 2634 οἷόν
1701 2585 1816 2635 ἐστι
1844 2581 1904 2635 τὸ

338 2666 479 2736 πρὸς
498 2665 712 2736 ἐκείνην
737 2663 1062 2729 στασιάζειν.
1090 2667 1250 2718 Ὥστε
1274 2667 1367 2720 καὶ
1387 2666 1473 2719 διά
1494 2664 1663 2718 ταῦτα
1689 2667 1904 2718 πάντων

336 2749 484 2801 ἑστω
507 2748 805 2818 τιμιωτέρα
827 2750 860 2820 ἡ
890 2748 1091 2819 ταύτης
1112 2750 1318 2819 ἀγάπη.
1350 2748 1411 2801 Εί
1438 2746 1547 2819 γὰρ
1572 2747 1816 2819 ἀλλήλων
1839 2747 1906 2801 τὰ

340 2830 486 2901 βάρη
516 2829 597 2883 δεῖ
641 2829 949 2900 βαστάζειν,
1000 2831 1180 2901 πολλῴ
1232 2832 1432 2901 μᾶλλον
1480 2832 1578 2901 τῆς
1627 2830 1901 2900 γυναικός.

342 2916 462 2969 Κᾶν
497 2916 742 2987 πένησσα
788 2911 845 2987 ᾗ,
894 2917 968 2987 μὴ
992 2916 1289 2987 ὀνειδίσῃς·
1339 2916 1442 2969 κάν
1486 2909 1793 2987 ἀνόητοςῇ,
1827 2913 1902 2985 μὴ

338 2997 667 3064 επέμόαινε,
713 2997 849 3051 ἀλλά
899 2998 1160 3069 ρύθμισον
1197 2998 1397 3070 μᾶλλον
1424 3017 1435 3029 ·
1475 3000 1570 3051 καὶ
1611 2997 1717 3069 γάρ
1748 2997 1908 3068 μέλος

340 3080 458 3134 ἐστὶ
484 3081 597 3144 σὸν,
629 3081 724 3135 καὶ
751 3082 884 3151 σάρξ
906 3082 1154 3149 ἐγένεσθε
1184 3080 1302 3151 μία.
1344 3081 1502 3134 Ἀλλά
1533 3081 1767 3150 φλύαρός
1791 3082 1906 3133 ἐστι

339 3163 438 3218 καὶ
463 3163 697 3230 μέθυσος
726 3165 821 3217 καὶ
854 3164 1086 3234 ὀργίλος.
1119 3163 1326 3218 Οὐκοῦν
1346 3163 1531 3232 ἀλγεῖν
1555 3166 1646 3217 ἐπὶ
1675 3163 1904 3230 τούτοις,

338 3249 443 3301 οὐκ
470 3248 784 3318 ὀργίζεσθαι
818 3248 940 3319 χρὴ,
988 3249 1082 3301 καὶ
1122 3249 1214 3301 τὸν
1255 3248 1387 3301 Θεὸν
1425 3248 1784 3318 παρακαλεῖν,
1816 3249 1909 3303 καλ⁸

340 3334 630 3401 παραινεῖν
654 3332 791 3403 αὐτῇ
829 3332 923 3383 καὶ¹
961 3330 1366 3401 συμϐουλεύειν,
1391 3331 1485 3385 καὶ
1512 3333 1686 3385 πάντα
1715 3322 1902 3396 ποιεῖν,

337 3415 489 3467 ὥστε
525 3415 751 3483 ἐκκόψαι
780 3415 839 3468 τὸ
880 3415 1069 3479 πάθος.
1106 3416 1204 3468 Ἂν
1231 3415 1286 3467 δὲ
1309 3416 1538 3488 τύπτῃς,
1578 3418 1672 3469 καὶ
1700 3416 1910 3489 ἐπιτρί-

342 3501 448 3571 6ῃς
497 3500 558 3553 τὸ
608 3501 850 3570 νόσημα,
903 3500 962 3552 οὐ
1010 3499 1403 3570 θεραπεύεται·
1474 3500 1747 3571 θρασύτης
1799 3502 1909 3573 γὰρ

340 3584 614 3655 ἐπιεικείᾳ
640 3582 848 3646 λύεται,
876 3584 973 3653 οὐχ
996 3583 1159 3655 ἑτέρᾳ
1184 3583 1500 3654 θρασύτητι.
1529 3584 1683 3638 Μετά
1706 3583 1908 3637 τούτων

340 3671 441 3724 καὶ
489 3668 581 3721 τὸν
624 3667 908 3737 παράκτοῦ
955 3667 1090 3721 Θεοῦ
1137 3668 1326 3738 μισθὸν
1362 3668 1550 3721 ἐννόει.
1582 3668 1749 3721 Ὅταν
1779 3669 1907 3740 γάρ,

340 3753 465 3819 ἐξόν
497 3769 579 3806 σοι
602 3754 855 3823 ἐκτεμεῖν
883 3751 1074 3823 αὐτὴν,
1108 3752 1182 3823 μὴ
1204 3754 1362 3824 ποιῇς
1388 3751 1546 3805 τοῦτο
1575 3751 1664 3806 διά
1694 3753 1785 3807 τὸν
1815 3751 1909 3806 τοῦ

340 3836 478 3890 Θεοῦ
502 3836 687 3906 φόδον,
714 3834 849 3889 ἀλλά
877 3834 1050 3906 φέρῃς
1082 3833 1437 3905 ἐλαττώματα
1463 3834 1723 3901 τοσαῦτα,
1752 3836 1912 3890 δεδοι-

341 3921 457 3983 κὼς
486 3920 578 3972 τὸν
611 3919 704 3972 ἐπὶ
730 3918 939 3983 τούτοις
982 3918 1230 3989 κείμενον
1273 3917 1436 3989 νόμον
1488 3918 1580 3972 τὸν
1634 3918 1912 3973 κωλύοντα

337 4002 600 4055 ἐκϐαλεῖν
645 4005 894 4070 γυναῖκα,
944 4001 1050 4055 κᾶν
1088 4001 1263 4055 ὁτιοῦν
1307 4001 1406 4073 ἔχῃ
1449 4002 1679 4073 νόσημα,
1706 4003 1912 4072 ἄφατον

336 4084 498 4157 λήψῃ
546 4084 763 4154 μισθόν
804 4086 898 4140 καὶ
931 4085 1037 4158 πρὸ
1062 4085 1170 4139 τῶν
1211 4085 1418 4156 μισθῶν
1455 4085 1512 4139 δὲ
1556 4087 1625 4142 τά
1681 4087 1913 4158 μέγιστα

413 4220 441 4248 ⁸
470 4217 623 4280 Βεεη
646 4217 935 4280 λεπτὸγαιος.

1289 314 1356 370 ΙΝ
1393 311 1612 370 EPIST.
1654 311 1676 367 l
1716 310 1809 366 AD
1843 308 2002 368 COR.
2037 307 2272 367 HOMIL.
2311 305 2526 363 XXVII.

3448 303 3555 360 εει

1997 430 2292 501 κερδανεῖς,
2336 427 2550 497 ἐκείνην
2576 442 2634 478 τε
2673 422 3092 493 εὐπειθεστέραν
3120 421 3560 487 κατασκευάζων,

1996 514 2089 568 καὶ
2121 511 2283 575 αὐτὸς
2314 512 2723 580 ἐπιεικέστερος
2758 507 2928 579 ταύτῃ
2956 506 3258 576 γινόμενος.

2065 596 2294 662 Λέγεται
2327 593 2456 662 γοῦν
2502 609 2586 653 τις
2620 592 2715 646 καὶ
2752 591 2860 645 τῶν
2892 589 3093 656 ἔξωθεν
3129 588 3436 657 φιλοσόφων
3469 603 3567 657 μο-

1994 676 2205 748 χθηρὰν
2246 676 2386 747 έχων
2420 678 2655 744 γυναῖκα
2706 675 2800 728 καὶ
2856 673 3094 743 φλύαρον
3144 672 3237 724 καὶ
3285 672 3562 739 πάροινον,

1996 760 2131 830 πρὸς
2171 761 2297 823 τοὺς
2334 759 2673 828 ἐρωτῶντας,
2714 757 2860 819 τίνος
2904 755 3091 808 ἕνεκεν
3134 753 3391 824 τοιαύτην
3424 752 3567 822 ἔχων

1994 843 2261 913 ἀνέχεται,
2314 843 2507 904 εἰπεῖν,
2549 840 2688 894 ὥστε
2739 839 3036 909 γυμνάσιον
3082 838 3176 890 καὶ
3228 835 3566 906 παλαίστραν

1994 924 2135 994 ἔχειν
2175 923 2491 993 φιλοσοφίας
2537 924 2628 976 ἐπὶ
2663 923 2760 990 τῆς
2809 921 3017 982 οίκίας-
3060 921 3292 990 Ἔσομαι
3316 918 3425 988 γάρ
3454 919 3567 978 τοῖς

1993 1007 2199 1070 λοιποῖς
2250 1007 2572 1079 πραότερος,
2619 1005 2804 1076 φησὶν,
2854 1005 2912 1056 ἐν
2953 1001 3126 1073 ταύτῃ
3166 1001 3285 1055 καθ’
3320 999 3566 1068 ἑκάστην

1995 1089 2381 1159 παιδευόμενος
2408 1089 2504 1159 τὴν
2538 1088 2770 1159 ἡμέραν.
2815 1086 3108 1157 Ἐδοὴσατε
3141 1084 3387 1155 μεγάλα;
3425 1082 3565 1136 Ἀλλ’

1994 1170 2105 1240 ἐγὼ
2139 1171 2235 1224 νῦν
2273 1171 2535 1243 ὀδύρομαι
2575 1172 2735 1241 μέγα,
2785 1170 2908 1223 ὅταν
2961 1168 3220 1239 ἸΩιληνες
3265 1167 3421 1238 ἡμῶν
3464 1160 3567 1221 ῶσι

1994 1255 2438 1327 φιλοσοφῶτεροι,
2465 1255 2619 1323 ἡμῶν
2633 1254 2741 1306 τῶν
2766 1252 3164 1306 κελευσθέντων
3187 1250 3455 1319 ἀγγέλους
3480 1268 3568 1321 μι-

1997 1338 2234 1407 μεῖσθαι,
2263 1338 2462 1409 μᾶλλον
2488 1338 2544 1390 δὲ
2571 1338 2679 1390 τῶν
2705 1335 3105 1390 κελευσθέντων
3132 1333 3294 1387 αὐτὸν
3320 1333 3413 1386 τὸν
3435 1332 3567 1387 Θεὸν

1994 1420 2192 1493 ζηλοῦν
2220 1422 2358 1477 κατὰ
2382 1422 2473 1475 τὸν
2492 1422 2592 1492 τῆς
2619 1420 2916 1483 ἐπιεικείας
2938 1419 3115 1487 λόγον.
3152 1420 3209 1472 ’0
3234 1418 3331 1487 μὲν
3356 1415 3449 1470 οὖν
3478 1435 3566 1487 φι-

1995 1506 2222 1576 λόσοφος
2244 1506 2461 1574 λέγεται
2499 1503 2587 1557 διά
2613 1503 2768 1557 τοῦτο
2786 1503 3024 1574 πονηράν
3053 1501 3191 1571 ἔχων
3224 1504 3459 1571 γυναῖκα
3491 1500 3567 1572 μὴ

1998 1589 2247 1644 ἐκϐαλεῖν
2264 1603 2278 1616 '
2304 1588 2447 1651 τινὲς
2463 1588 2519 1642 δὲ
2543 1587 2636 1641 καὶ
2658 1586 2745 1641 διὰ
2778 1586 2934 1640 τοῦτο
2954 1583 3258 1654 ἀγαγέσθαι
3279 1585 3440 1638 αὐτὸν
3465 1584 3568 1638 αὐ-

1996 1673 2093 1743 τὴν
2123 1671 2390 1740 λέγουσιν.
2428 1668 2568 1738 Ἐγὼ
2592 1670 2670 1735 δὲ,
2701 1668 2888 1740 ἐπειδὴ
2912 1668 3096 1721 πολλοὶ
3119 1666 3228 1719 τῶν
3262 1665 3568 1737 ἀνθρώπων

2000 1753 2149 1826 [240]
2203 1753 2540 1825 ἀλογώτερόν
2587 1755 2692 1806 είσι
2746 1751 3100 1820 διακείμενοι,
3155 1748 3407 1820 παραινῶ
3471 1749 3570 1819 μὲν

1999 1836 2232 1907 ἐξαρχῆς
2266 1837 2442 1890 πάντα
2473 1837 2643 1888 ποιεῖν
2680 1835 2775 1887 καὶ
2802 1832 3122 1897 σπουδάζειν
3153 1833 3300 1896 ὅπως
3329 1833 3569 1903 εὐάρμο-

2001 1936 2124 1972 στον
2152 1918 2367 1973 λάϐοιεν
2409 1918 2650 1971 σύνοικον
2678 1917 2772 1969 καὶ
2814 1915 2994 1985 πάσης
3032 1916 3308 1983 γέμουσαν
3330 1916 3529 1986 ἀρετῆς
3550 1932 3565 1946 ο

1998 2003 2049 2055 εί
2097 2002 2153 2056 δὲ
2205 2001 2445 2073 συμδαίη
2500 2000 2843 2070 διαμαρτεῖν,
2889 1999 2980 2052 καὶ
3025 1998 3099 2068 μὴ
3142 1997 3384 2068 χρηστὴν
3434 1997 3568 2067 μηδὲ

1999 2084 2230 2156 ἀνεκτὴν
2254 2085 2471 2156 νύμφην
2501 2084 2814 2151 εἰσαγαγεῖν
2854 2082 2933 2144 είς
2952 2081 3050 2151 τὴν
3081 2079 3277 2142 οἰκίαν,
3296 2080 3415 2132 τότε
3438 2079 3570 2147 γοῦν

1999 2168 2091 2222 τὸν
2123 2168 2410 2237 φιλόσοφον
2453 2166 2641 2221 τοῦτον
2683 2163 2898 2235 ζηλοῦν,
2946 2164 3039 2218 καὶ
3074 2160 3355 2235 ῥυθμίζειν
3401 2162 3571 2232 αὐτὴν

2002 2251 2252 2316 πάντοτε,
2290 2251 2385 2304 καὶ
2421 2250 2584 2321 μηδὲν
2610 2248 2823 2301 τούτων
2857 2246 3169 2318 προτιθέναι
3190 2246 3240 2300 δ.
3300 2246 3450 2299 Ἐπεὶ
3477 2245 3571 2298 καὶ

2003 2333 2261 2404 ἔμπορος,
2291 2334 2420 2404 πρὶν
2460 2332 2492 2402 ἢ
2522 2330 2658 2403 πρὸς
2681 2333 2771 2384 τὸν
2797 2329 3050 2411 κοινωνδν
3083 2328 3353 2398 συνθήκας
3383 2326 3570 2381 θέσθαι

2000 2416 2101 2479 τὰς
2141 2414 2445 2486 δυναμένας
2489 2415 2711 2484 είρὴνην
2752 2413 3145 2486 πρυτανεύειν,
3196 2412 3256 2465 ού
3307 2411 3572 2481 πρότερον

2002 2506 2248 2571 καθέλξει
2272 2480 2332 2560 τὸ
2369 2480 2553 2560 πλοῖον
2579 2480 2755 2568 είς-τὸ
2786 2480 3039 2573 πέλθαγος,
3095 2504 3215 2557 οὐδὲ
3256 2503 3357 2574 τῆς
3405 2480 3572 2575 ἀλλης

2003 2587 2196 2657 ἅψεται
2235 2588 2523 2661 ἐμπορίας.
2571 2589 2679 2640 Καὶ
2735 2587 2897 2657 ἡμεῖς
2945 2586 3123 2640 τοίνυν
3174 2586 3350 2640 πάντα
3396 2588 3572 2657 πράτ-

2002 2684 2206 2735 τωμεν,
2238 2667 2377 2721 ὥστε
2405 2667 2504 2739 τὴν
2527 2665 2778 2731 κοινωνὸν
2812 2666 2911 2736 τῆς
2934 2665 3028 2719 τοῦ
3052 2665 3165 2736 βίου
3194 2665 3574 2736 πραγματείας

2005 2751 2133 2820 ἡμῖν
2159 2750 2364 2804 καὶτοῦ
2384 2745 2566 2804 πλοίου
2587 2748 2776 2802 τούτου
2800 2749 2937 2819 μετά
2959 2748 3136 2818 πάσης
3160 2747 3305 2801 ἔνδον
3322 2748 3573 2818 κατέχειν

2003 2833 2104 2901 τῆς
2126 2834 2366 2905 είρὴνης.
2398 2834 2553 2887 Οὐτω
2571 2832 2679 2904 γάρ
2702 2833 2797 2887 καλ⁵
2823 2832 2891 2885 τά
2915 2832 3048 2885 ἀλλα
3079 2832 3255 2886 πάντα
3273 2833 3402 2903 ἡμῖν
3424 2831 3575 2885 ἔσται

2006 2917 2237 2987 γαληνὰ,
2278 2920 2370 2972 καὶ
2405 2917 2541 2988 μετά
2585 2917 2765 2980 ἀδείας
2795 2916 2857 2970 τὸ
2894 2916 3130 2984 πέλαγος
3165 2915 3259 2970 τοῦ
3307 2916 3576 2987 παρόντος

2008 2999 2409 3072 διαδραμοῦμεν
2436 3001 2573 3071 βίου.
2602 2999 2772 3054 Τοῦτο
2798 3000 2893 3053 καὶ
2921 2999 3028 3070 πρὸ
3055 2998 3231 3062 οίκίας
3260 2998 3355 3053 καὶ
3378 2998 3575 3069 ἀνδρα·-

2008 3081 2182 3135 πόδων
2202 3082 2295 3136 καὶ
2310 3084 2611 3153 χρημάτων
2633 3082 2730 3135 καὶ
2757 3080 2943 3152 ἀγρῶν
2969 3082 3065 3135 καὶ
3092 3080 3270 3134 αὐτῶν
3294 3079 3403 3133 τῶν
3425 3080 3578 3134 πολι-

2006 3166 2175 3219 τικῶν
2209 3167 2547 3238 πραγμάτων
2581 3168 2802 3237 ἄγωμεν
2822 3181 2837 3197 ·
2882 3166 2978 3220 καὶ
3019 3164 3237 3218 πάντων
3267 3165 3399 3234 ἡμῖν
3439 3180 3576 3235 προ-

2006 3252 2291 3322 τιμότερον
2336 3251 2476 3304 ἔστω
2523 3253 2582 3303 τὸ
2624 3251 2723 3322 τὴν
2773 3249 2892 3322 μεθ’
2939 3248 3095 3320 ἡμῶν
3132 3247 3366 3302 ἐπὶτῶν
3413 3248 3577 3302 οἴκων

2008 3335 2327 3405 καθημένην
2372 3334 2447 3405 μὴ
2499 3337 2813 3398 στασιάζειν
2873 3332 3007 3404 μηδὲ
3059 3332 3391 3403 διχοστατεῖν
3440 3331 3578 3403 πρὸς

2009 3418 2176 3488 ἡμᾶς.
2204 3417 2360 3472 Οὐτω
2384 3420 2490 3489 γάρ
2508 3419 2600 3472 καὶ
2622 3418 2690 3471 τά
2707 3418 2842 3472 ἀλλα
2865 3418 2998 3488 ἡμῖν
3019 3418 3159 3470 κατά
3178 3415 3304 3488 ῥοῦν
3324 3415 3465 3485 ἡξει,
3481 3416 3579 3471 καὶ

2009 3503 2067 3554 ὲν
2092 3503 2202 3564 τοῖς
2231 3505 2623 3572 πνευματικοῖς
2651 3502 2708 3555 δὲ
2736 3500 2932 3572 πολλὴν
2965 3500 3159 3570 ἕξομεν
3186 3498 3283 3571 τὴν
3306 3499 3575 3564 εὐκολίαν,

2012 3585 2153 3655 μετά
2177 3586 2435 3656 ὁμονοίας
2457 3585 2549 3638 τὸν
2566 3585 2725 3653 ζυγὸν
2750 3584 2938 3639 τοῦτον
2969 3584 3216 3648 ἕλκοντες
3235 3600 3250 3615 ·
3276 3584 3369 3638 καὶ
3401 3584 3579 3638 πάντα

2010 3666 2471 3739 κατορθώσαντες,
2496 3668 2606 3722 τῶν
2632 3670 3009 3740 ἀποκειμένων
3030 3667 3423 3740 ὲπιτευξόμεθα
3442 3671 3576 3741 ἀγα·

2012 3748 2149 3803 θῶνο
2184 3744 2259 3803 ὧν
2286 3753 2497 3820 γένοιτο
2520 3752 2727 3816 πάντας
2755 3756 2788 3825 ἡ
2798 3755 2903 3823 μᾶς
2941 3754 3241 3823 ἐπιτυχεῖν,
3269 3752 3453 3824 χάριτι
3484 3754 3580 3805 καὶ

2012 3832 2390 3906 φιλανθρωπίᾳ
2409 3833 2502 3887 τοῦ
2526 3835 2734 3906 Κυρίου
2782 3834 2940 3906 ἡμῶν
2970 3834 3147 3907 Ἰησοῦ
3169 3834 3427 3905 Χριστοῦ,
3459 3832 3579 3904 μεθ’

2011 3910 2072 3973 οὗ
2096 3916 2173 3988 τῷ
2200 3918 2395 3989 Πατρὶ,
2417 3918 2533 3989 ἅμα
2564 3919 2641 3990 τῷ
2667 3918 2806 3990 ἀγίῳ
2838 3917 3144 3989 Πνεύματι,
3177 3917 3324 3982 δόξα,
3354 3917 3576 3986 κράτος,

2011 4002 2169 4073 τιμὴ,
2203 4002 2299 4057 νῦν
2324 4004 2420 4057 καὶ⁵
2451 4005 2559 4071 ἀεὶ,
2595 4007 2687 4059 καὶ
2728 4006 2809 4069 είς
2836 4006 2958 4069 τοὺς
2988 4005 3190 4068 αἰῶνας
3210 4003 3317 4059 τῶν
3344 4001 3576 4058 αἰώνων.

2026 4084 2218 4157 ’Δμὴν.

2078 4223 2106 4254 ⁸³
2132 4223 2387 4288 ιεςεὸειιιν
2417 4213 2712 4289 προστιθέναι

1759 4499 1999 4554 ΟΜῙΛΙΔ
2026 4501 2152 4556 KZ'.

348 4661 531 4717 Τοῦτο
550 4660 621 4713 δὲ
644 4660 1092 4730 παραγγέλλων,
1119 4664 1229 4715 οὐκ
1249 4661 1471 4716 ἐπαινῶ
1491 4662 1579 4716 ὅτι
1602 4665 1713 4718 οὐκ
1737 4663 1823 4730 είς
1846 4661 1913 4718 τὸ

467 4743 760 4811 κρεῖττον,
793 4745 927 4798 ἀλλ’
959 4747 1046 4810 είς
1082 4743 1149 4797 τὸ
1176 4739 1359 4813 ἧττον
1385 4745 1779 4816 συνέρχεσθε.

411 4835 485 4883 α’.
504 4829 824 4896 Ἀναγκαῖον
840 4828 931 4881 καλ.
950 4828 1043 4882 τοῦ
1070 4828 1332 4899 παρόντος
1348 4828 1515 4902 ὲγκλὴ
1526 4847 1691 4899 ματος
1714 4829 1912 4901 πρότε-

345 4930 440 4983 ρον
465 4913 566 4983 τὴν
600 4912 779 4966 αἰτίαν
805 4914 978 4965 εἰπεῖν
1011 4928 1025 4940 ·
1058 4911 1200 4965 οὕτω
1224 4912 1331 4983 γάρ
1358 4913 1487 4983 ἡμῖν
1516 4913 1917 4985 εὐμαθέστερος

345 4996 509 5049 πάλιν
525 4995 679 5050 ἔσται
693 4997 721 5048 ὁ
745 4994 920 5063 λόγος.
941 4995 1036 5057 Τίς
1050 4990 1142 5048 οὖν
1163 4996 1310 5047 ἐστιν
1340 4995 1477 5067 αὐτη
1499 5014 1513 5061 ;
1536 4995 1801 5067 Καθάπερ
1825 4996 1916 5050 ἐπὶ

339 5078 454 5131 τῶν
482 5077 797 5149 τρισχιλίων
837 5076 946 5130 τῶν
990 5076 1051 5141 ἐξ
1090 5078 1265 5149 ἀρχῆς
1308 5080 1714 5134 πιστευσάντων
1761 5081 1913 5151 κοινῇ

344 5164 553 5226 πάντες
580 5161 881 5226 εἱστιῶντο,
916 5161 1012 5214 καὶ
1043 5161 1193 5215 κοινά
1214 5160 1388 5215 πάντα
1413 5161 1708 5233 ἐκέκτηντο
1731 5179 1745 5194 ⁸
1776 5162 1917 5216 οὕτω

342 5247 443 5302 καὶ
465 5246 588 5298 τότε
604 5246 694 5298 ὅτε
720 5243 893 5297 ταῦτα
913 5242 1151 5313 ἔγραψεν
1168 5245 1197 5296 ὁ
1226 5243 1545 5307 Ἀπόστολος
1568 5245 1797 5313 ἐγίνετο,
1818 5245 1917 5314 οὐχ

342 5329 490 5385 οὕτω
525 5329 626 5401 μὲν
675 5329 812 5401 μετά
848 5328 1149 5399 ἀκριϐείας,
1193 5328 1379 5399 ὥσπερ
1425 5327 1480 5383 δέ
1524 5346 1605 5393 τις
1651 5330 1918 5401 ἀπόῤῥοια

340 5416 447 5484 τῆς
484 5414 769 5477 κοινωνίας
812 5413 1028 5485 ἐκείνης
1063 5412 1484 5483 ἐναπομείνασα,
1525 5414 1617 5468 καὶ
1670 5415 1751 5476 εἰς
1791 5412 1919 5473 τοὺς

348 5496 490 5567 μετά
526 5496 704 5550 ταῦτα
730 5496 957 5566 κατέϐη.
990 5496 1099 5549 Καὶ
1141 5493 1325 5565 ἐπειδὴ
1359 5494 1635 5547 συνέϐαινε
1662 5496 1787 5560 τούς
1818 5496 1916 5568 μὲν

310 5608 319 5617 -
345 5588 589 5653 πένητας
614 5577 776 5644 εἶναι,
804 5582 931 5645 τοὺς
964 5580 1021 5634 δὲ
1049 5579 1359 5643 πλουσίους,
1391 5578 1459 5631 τά
1490 5578 1589 5649 μὲν
1618 5579 1824 5631 ἑαυτῶν
1856 5579 1915 5632 οὐ
1958 5614 1963 5619 ~

343 5661 697 5715 κατετίθεντο
745 5661 918 5715 πάντα
971 5664 1050 5724 είς
1090 5661 1273 5732 μέσον,
1317 5659 1500 5723 κοινάς
1537 5659 1594 5712 δὲ
1641 5659 1920 5714 ἐποιοῦντο

341 5746 444 5808 τάς
488 5744 777 5816 τραπέζας
818 5746 877 5797 ὲν
919 5744 1153 5815 ἡμέραις
1182 5742 1615 5812 νενομισμέναις,
1644 5742 1719 5805 ὡς
1750 5743 1916 5808 εἰκὸς,

348 5830 441 5887 καὶ
468 5832 571 5902 τῆς
611 5825 885 5892 σννάξεως
923 5824 1348 5899 ἀπαρτισθείσης
1390 5824 1525 5897 μετὰ
1558 5824 1653 5897 τὴν
1684 5823 1792 5879 τῶν
1822 5843 1920 5897 μυο

2020 4662 2257 4733 στηρίων
2278 4663 2560 4718 κοινωνίαν
2582 4663 2674 4717 ἐπὶ
2702 4661 2883 4732 κοινὴν
2909 4663 3108 4730 πάντες
3131 4667 3298 4738 ᾔεσαν
3329 4663 3580 4736 εὐωχίαν.

2015 4746 2123 4799 τῶν
2163 4746 2261 4817 μὲν
2298 4748 2666 4802 πλουτούντων
2697 4749 2969 4819 φερόντων
2993 4748 3063 4802 τὰ
3090 4750 3378 4821 ἐδέσματα,
3401 4749 3509 4803 τῶν
3526 4747 3584 4801 δὲ

2018 4828 2328 4897 πενομένων
2356 4831 2449 4884 καὶ
2477 4830 2628 4884 οὐδὲν
2657 4830 2888 4899 ἑχόντων
2907 4830 2998 4883 ὐπ’
3019 4831 3196 4884 αὐτῶν
3216 4833 3584 4904 καλουμένων,

2015 4912 2110 4965 καὶ
2151 4916 2304 4985 κοινῇ
2349 4915 2565 4968 πάντων
2626 4913 2988 4983 ἑστιωμένων.
3040 4914 3181 4968 Ἀλλ’
3227 4913 3457 4988 ὕστερον
3494 4914 3589 4968 καὶ

2014 4993 2174 5047 τοῦτο
2222 4995 2485 5066 διεφθάρη
2534 4996 2594 5048 τὸ
2628 4995 2770 5057 ἔθος.
2812 4995 2885 5048 Τὸ
2948 4995 3004 5049 δὲ
3065 4998 3237 5052 αίτιον
3278 4999 3343 5052 ἑκ
3383 4995 3479 5052 τοῦ
3510 4995 3590 5053 δι-

2015 5078 2284 5133 εσπάσθαι
2311 5081 2404 5132 καὶ
2447 5080 2772 5150 προσνέμειν
2798 5080 3039 5142 ἑαυτοὺς.
3069 5082 3196 5145 τούς
3227 5081 3327 5152 μὲν
3358 5081 3586 5145 τούτοις,

2013 5162 2141 5227 τοὺς
2171 5164 2228 5217 δὲ
2255 5164 2502 5227 ἐκείνοις,
2542 5163 2639 5217 καὶ
2679 5163 2879 5232 λέγειν·
2921 5163 3062 5233 Ἐγὼ
3092 5167 3190 5236 μέν
3221 5168 3337 5235 είμι
3364 5165 3457 5219 τοῦ
3483 5165 3591 5218 δεῖ-

2016 5263 2125 5310 νος,
2155 5245 2265 5313 ὲγὼ
2293 5246 2349 5299 δὲ
2388 5245 2482 5298 τοῦ
2511 5244 2677 5311 δεῖνος
2698 5262 2709 5274 ·
2744 5249 2880 5318 ὅπερ
2907 5248 3000 5300 καὶ
3032 5249 3090 5299 ἐν
3125 5248 3265 5319 ἀρχῇ
3294 5248 3392 5317 τῆς
3437 5247 3587 5299 Ἐπι-

2017 5327 2213 5396 στολῆς
2226 5327 2602 5398 διορθούμενος
2629 5328 2812 5397 ἔλεγεν
2879 5328 3180 5395 Ἐδηλὼθη
3207 5329 3314 5398 γάρ
3334 5344 3434 5397 μοι
3453 5327 3586 5394 περὶ

2015 5408 2183 5479 ὑμῶν
2217 5409 2390 5482 [ειη.
2435 5410 2688 5480 ἀδελφοί
2723 5430 2856 5477 μου,
2900 5412 3027 5489 ὺπὸγ
3065 5409 3185 5464 τῶν
3231 5412 3449 5476 Χλόης,
3497 5407 3588 5464 ὅτι

2015 5493 2206 5559 ἔριδες
2228 5493 2298 5546 ἐν
2324 5492 2466 5561 ὑμῖν
2505 5497 2644 5546 εἰσι.
2680 5493 2843 5561 Λέγω
2880 5493 2949 5546 δὲ
2988 5492 3187 5555 τοῦτο,
3220 5491 3307 5545 ὅτι
3332 5491 3587 5557 ἕκαστος

2015 5574 2184 5645 ὑμῶν
2237 5576 2420 5645 λέγει,
2489 5575 2636 5644 Ἐγὼ
2688 5576 2805 5644 μέν
2852 5577 2971 5644 εἰμι
3024 5576 3291 5636 Παύλου,
3350 5572 3466 5643 ἐγὼ
3517 5573 3588 5628 δὲ

2033 5656 2326 5722 Ἀπολλῶ,
2347 5657 2462 5729 ἐγὼ
2487 5656 2556 5711 δὲ
2587 5656 2780 5728 Κηφᾶ.
2821 5660 2935 5711 Οὐκ
2957 5658 3141 5728 ἐπειδὴ
3194 5656 3390 5726 Παύλῳ
3418 5672 3588 5728 προσ-

2024 5740 2217 5813 ένεμον
2238 5739 2463 5803 ἑαυτούς
2501 5754 2514 5768 '
2554 5740 2673 5795 οὐδὲ
2699 5741 2807 5811 γὰρ
2837 5742 2903 5795 ἀν
2931 5741 3185 5810 ἠνέσχετο
3209 5756 3223 5770 ·
3247 5738 3362 5793 ἀλλ’
3393 5740 3458 5792 ἐκ
3487 5754 3586 5792 ’λιιι⁸

2028 5825 2270 5898 ριουσίας
2292 5823 2588 5899 πρόρριζον
2631 5826 2690 5881 τὸ
2731 5826 2851 5891 ἔθος
2892 5825 3202 5881 ἀνασπάσαι
3237 5823 3578 5896 βουλόμενος,
