4108 6218
366 324 482 380 225

366 438 774 501 adscriberent;
823 451 995 507 neque
1041 437 1186 495 enim
1233 436 1284 491 id
1328 437 1418 492 ille
1465 437 1713 491 tulisset:
1748 435 1839 491 sed
1880 452 1948 491 ex

364 533 695 594 abundanti,
744 531 930 586 volens
971 529 1116 586 hunc
1158 544 1360 585 morem
1400 529 1654 584 radicitus
1682 528 1945 595 evellere,

364 626 604 695 scipsutu
633 627 899 693 apposuit,
929 624 1235 687 ostendens,
1262 620 1403 691 quod
1432 621 1475 676 si
1503 635 1561 675 se
1586 621 1702 690 quis
1733 619 1828 689 ipsi
1857 618 1950 673 ad-

362 717 631 770 scriberet
657 730 687 768 a
716 714 986 769 communi
1026 727 1251 783 corpore
1286 713 1589 777 abscissus,
1626 712 1702 765 sic
1740 725 1951 781 quoque

363 823 481 862 rem
508 822 630 861 esse
660 807 943 860 absurdam
970 814 1025 859 et
1047 814 1300 859 extremm
1338 802 1651 873 iniquitatis.
1683 802 1736 856 Si
1773 810 1948 855 autem

363 900 417 952 iu
454 900 555 952 hoc
583 908 700 952 erat
724 897 997 967 iniquitas,
1027 895 1193 950 multo
1223 895 1391 965 magis
1418 896 1467 946 in
1498 894 1602 947 illis
1620 893 1708 962 qui
1738 892 1951 946 inferio-

364 1007 455 1047 res
495 1000 668 1045 erant.
710 990 846 1056 Quia
890 988 1051 1060 igitur
1087 987 1344 1055 disjectus
1380 995 1436 1041 et
1472 986 1672 1039 divisus
1709 994 1824 1039 erat
1864 984 1951 1037 hic

364 1100 505 1149 mos,
527 1083 918 1154 pulcherrimus
946 1081 1034 1136 ille
1053 1091 1106 1135 et
1128 1081 1440 1136 utilissimus
1461 1080 1643 1151 (causa
1667 1078 1809 1130 enim
1834 1083 1949 1130 erat

361 1176 602 1229 caritatis
621 1214 636 1235 ,
670 1173 996 1243 paupertatis
1019 1171 1315 1226 consolatio
1334 1211 1350 1237 ,
1376 1169 1676 1225 divitiarum
1706 1167 1950 1222 tundera-

364 1267 462 1329 tio,
492 1267 845 1335 maritumque
870 1262 1225 1335 philosophia:
1245 1262 1480 1327 occasio,
1504 1270 1559 1315 et
1582 1260 1822 1314 doctrina
1852 1260 1949 1313 btt-

364 1360 626 1427 militatis)
659 1378 670 1411 :
698 1361 822 1428 quia
855 1359 1015 1429 igitur
1040 1357 1242 1411 sciebat
1274 1365 1417 1410 tanta
1450 1354 1587 1409 bona
1615 1368 1736 1408 esse
1762 1368 1944 1407 corru-

364 1465 486 1524 pta,
527 1453 651 1522 jure
687 1453 796 1506 acri
845 1466 972 1506 usus
1019 1460 1103 1505 est
1142 1449 1417 1513 oratione,
1459 1448 1535 1502 sic
1574 1448 1758 1503 dicens
1790 1465 1804 1500 :
1835 1444 1948 1500 Hoc

360 1559 531 1601 autem
562 1547 874 1616 pracipietts,
903 1563 1003 1599 non
1030 1544 1202 1598 laudo.
1229 1542 1285 1597 In
1313 1542 1475 1614 priori
1507 1557 1697 1614 nempe
1723 1557 1945 1596 accusa-

362 1641 530 1702 tione,
553 1639 694 1708 quod
724 1638 932 1708 plurimi
956 1650 1133 1691 essent
1159 1635 1250 1706 qui
1271 1634 1635 1697 observarent,
1661 1634 1767 1688 alio
1789 1632 1946 1686 modo

364 1731 564 1800 incepit
603 1729 687 1783 his
716 1729 896 1782 verbis
923 1744 937 1781 :
970 1725 1151 1781 Laudo
1178 1737 1345 1780 autent
1373 1742 1458 1780 vos
1476 1767 1492 1792 ,
1519 1725 1638 1795 quia
1663 1742 1752 1796 per
1776 1724 1946 1778 omnia

360 1823 460 1875 nisi
504 1821 836 1883 "mministis;
867 1819 952 1874 hic
977 1834 1106 1873 Vero
1137 1828 1322 1873 contra
1357 1836 1371 1872 :
1407 1816 1519 1872 Hoc
1555 1826 1721 1871 autem
1763 1816 1946 1885 praeci-

361 1912 541 1981 pietis,
577 1928 674 1965 non
706 1911 877 1965 laudo.
908 1908 1113 1967 Idcirco
1151 1924 1326 1980 neque
1365 1918 1486 1980 post
1526 1908 1943 1977 increpatiouem

363 2019 552 2058 eorum
584 2004 671 2073 qui
700 2002 994 2073 idolothyta
1019 2001 1406 2068 comedebant,
1439 2003 1614 2071 posuit
1652 1999 1818 2063 illud;
1850 1998 1944 2053 sed

358 2098 484 2165 quia
510 2095 757 2164 aslterius
786 2094 909 2148 illud
937 2104 1073 2159 erat,
1102 2094 1276 2149 medio
1304 2094 1583 2161 interiecta
1609 2105 1857 2147 sermone
1877 2090 1945 2145 de

359 2202 556 2250 coma;
590 2201 656 2240 ne
695 2201 760 2240 ex
803 2186 1013 2255 asperis
1053 2186 1514 2240 criminationibus
1544 2185 1596 2238 iu
1626 2184 1757 2237 alias
1785 2183 1942 2238 etiam

360 2282 618 2335 molestas
649 2280 912 2335 transiens
938 2279 1117 2334 acrior
1142 2278 1431 2343 videretur,
1463 2287 1584 2331 tttnc
1612 2276 1680 2331 ad
1705 2277 1946 2345 aSperius

360 2385 575 2425 rursum
603 2374 769 2436 venit,
795 2380 852 2426 et
874 2369 948 2427 ait
977 2388 992 2425 :
1021 2369 1136 2424 Hoc
1161 2380 1329 2424 autem
1358 2370 1674 2440 prtecipiens,
1704 2384 1806 2422 non
1835 2368 1945 2420 lau-

359 2464 449 2516 da.
490 2462 812 2528 Quodnam?
841 2462 992 2529 Quod
1029 2477 1169 2517 nunc
1193 2463 1436 2518 dicturus
1469 2477 1610 2516 sum.
1639 2461 1775 2529 Quid
1816 2458 1944 2514 illud

359 2563 469 2621 est,
502 2552 814 2624 Prwcipiens
843 2570 946 2608 non
970 2553 1164 2608 laudo?
1194 2552 1300 2608 Vos
1329 2568 1435 2606 non
1462 2552 1721 2622 approbo,
1753 2550 1942 2619 inquit,

361 2646 506 2715 quod
533 2661 619 2701 me
646 2646 714 2701 ad
739 2646 949 2701 consilii
978 2645 1138 2700 dandi
1169 2647 1540 2700 necessitatem
1567 2642 1896 2699 adduxeritis
1926 2660 1940 2697 :

364 2755 473 2794 non
505 2739 696 2801 laudo,
724 2739 866 2808 quod
893 2738 994 2793 hac
1024 2739 1077 2791 itt
1106 2753 1164 2792 re
1198 2737 1440 2793 doctrina
1478 2752 1613 2806 opus
1655 2735 1946 2791 habueritis

360 2842 418 2885 et
445 2831 814 2885 admonitione
840 2846 980 2885 mea.
1007 2829 1191 2884 Viden’
1215 2828 1483 2899 quomodo
1502 2828 1571 2881 ab
1592 2828 1743 2882 initio
1766 2835 1947 2882 osten-

359 2924 503 2977 derit
532 2936 646 2976 rem
676 2936 795 2976 esse
833 2921 1118 2976 admodum
1160 2919 1488 2975 absurdam?
1516 2918 1647 2974 Cum
1679 2919 1819 2973 enim
1848 2916 1945 2971 ad-

364 3016 661 3070 monitione
693 3029 827 3084 Opus
858 3029 961 3068 non
992 3014 1187 3070 habere
1216 3013 1407 3068 debeat
1449 3014 1502 3091 is,
1535 3012 1624 3082 qui
1668 3022 1851 3083 peccat
1877 3011 1944 3067 ad

364 3123 469 3159 non
503 3106 869 3175 peccandum,
896 3115 1020 3160 tunc
1051 3107 1200 3160 venia
1231 3094 1505 3176 indignum
1535 3116 1616 3160 est
1646 3114 1942 3174 peccatum.

361 3196 430 3251 Et
453 3213 551 3251 cur
580 3212 686 3251 non
716 3195 937 3251 laudas?
964 3196 1097 3264 Quia
1117 3214 1217 3251 non
1242 3197 1293 3251 in
1316 3197 1514 3259 melius,
1541 3197 1631 3251 sed
1652 3198 1704 3250 in
1729 3197 1946 3252 deterius

360 3289 656 3354 convenitis,
683 3288 874 3359 inquit.
904 3288 1017 3344 Hoc
1038 3299 1141 3357 est,
1168 3290 1291 3360 quia
1313 3289 1379 3343 ad
1409 3291 1656 3343 virtutem
1688 3305 1792 3343 non
1820 3303 1945 3359 pro—
1983 3343 1999 3350 _

363 3381 561 3436 iectqu
592 3381 821 3437 habetis.
852 3381 984 3436 Cum
1013 3389 1285 3451 oporteret
1308 3382 1449 3435 enim
1472 3381 1539 3437 ad
1566 3381 1785 3437 meliora
1817 3397 1942 3453 per-

361 3490 513 3545 gere,
532 3483 587 3529 et
613 3474 787 3544 majus
821 3488 943 3529 esse
978 3473 1288 3544 proﬁciendi
1318 3473 1675 3540 desiderium;
1708 3488 1803 3528 vos
1824 3489 1941 3529 mo-

360 3584 477 3624 rem
498 3568 587 3639 qui
611 3568 720 3639 jam
748 3567 1040 3623 invaluerat
1066 3566 1351 3631 minuisus,
1381 3576 1538 3637 atque
1562 3569 1629 3622 ita
1656 3567 1940 3653 tuinuisjis,

362 3671 420 3716 ut
455 3677 579 3716 meo
623 3661 826 3731 egentis
874 3669 1143 3731 praecepto
1184 3676 1291 3730 quo
1328 3660 1395 3714 ad
1438 3651 1669 3730 priorem
1711 3651 1943 3714 redeatis

361 3754 629 3809 ordinem.
662 3752 867 3808 Deinde
891 3767 959 3807 ne
984 3752 1254 3807 videretur
1279 3751 1394 3807 haec
1427 3761 1645 3823 propter
1682 3766 1943 3824 pauperes

364 3854 568 3899 tantum
595 3846 811 3911 dicere,
849 3861 954 3899 non
993 3846 1173 3900 statim
1210 3844 1277 3899 ad
1313 3858 1617 3899 sermonem
1645 3844 1713 3898 de
1742 3844 1942 3898 mensis

361 3947 654 4009 properat,
685 3950 838 3995 utne
874 3939 1291 4009 increpationem
1340 3940 1565 3992 multum
1610 3936 1814 3991 timoris
1857 3935 1943 3990 in-

357 4039 652 4084 cutientcm
682 4031 1006 4101 contemptui
1035 4038 1282 4101 exponat,
1313 4030 1408 4085 sed
1437 4030 1629 4101 quarit
1654 4029 1943 4083 dictionem

360 4121 709 4188 acerrimam,
734 4138 849 4193 qua:
876 4122 1099 4178 multum
1129 4122 1321 4178 inferat
1350 4124 1615 4177 timorem.
1638 4120 1773 4187 Quid
1798 4120 1941 4175 enint

360 4212 486 4268 ait?
518 4213 603 4268 18.
632 4212 856 4268 Primum
885 4215 1085 4287 quidem
1114 4214 1513 4269 convenientibus
1543 4211 1679 4265 vobis
1706 4211 1759 4265 iu
1787 4210 1943 4265 eccle-

359 4306 442 4357 sia
462 4346 479 4365 ,
511 4304 666 4357 audio
700 4306 1086 4360 missurus-csse
1119 4307 1251 4360 inter
1276 4320 1383 4358 vos.
1419 4302 1535 4357 Non
1567 4301 1731 4367 dicit,
1769 4300 1942 4355 Audio

357 4398 508 4452 enim
538 4411 631 4451 vos
660 4414 765 4453 non
798 4399 850 4453 in
881 4399 1148 4453 communi
1187 4412 1437 4461 caenare;
1469 4394 1625 4450 audio
1665 4393 1805 4450 enim
1844 4407 1941 4449 vos

358 4490 588 4547 seorsim
615 4491 920 4554 comedere,
944 4499 998 4546 et
1027 4507 1130 4544 non
1154 4505 1273 4544 cum
1302 4489 1653 4560 pauperibus;
1679 4487 1773 4542 sed
1796 4486 1940 4558 quod

360 4584 532 4655 magis
572 4592 780 4653 poterat
818 4584 1053 4653 ipsorum
1081 4584 1317 4638 animum
1345 4580 1811 4646 cmumovere,hoc
1842 4595 1940 4649 po-

358 4690 467 4733 suit
486 4719 504 4742 ,
534 4677 589 4732 id
615 4687 731 4743 est,
763 4677 1065 4732 schismatis
1092 4691 1317 4739 nomen,
1344 4674 1486 4746 quod
1520 4674 1678 4729 etiam
1718 4672 1940 4743 hujusce

359 4772 438 4827 rei
472 4786 635 4826 causa
680 4780 798 4825 erat
827 4787 841 4824 :
872 4784 1158 4839 rursusque
1187 4767 1317 4823 illud
1344 4768 1614 4822 revocavit
1648 4768 1698 4820 iu
1729 4780 1937 4821 memo-

357 4864 520 4929 riam,
546 4861 616 4917 de
648 4875 757 4933 quo
791 4861 842 4914 in
872 4859 1108 4930 epistolae
1148 4858 1408 4928 principio
1435 4857 1634 4911 dictum
1664 4855 1853 4919 fuerat,
1883 4864 1938 4911 et

356 4954 714 5033 signiﬁcatum
739 4955 807 5008 ah
828 4954 893 5008 iis
912 4953 1000 5025 qui
1027 4962 1190 5033 erant
1205 4951 1415 5033 Chlocs.
1444 4948 1507 5002 Et
1527 4966 1589 5003 ea:
1609 4957 1750 5018 parte
1766 4951 1934 5002 credo.

431 5040 487 5091 2.
503 5035 580 5091 Ne
594 5030 838 5090 dicerent
863 5034 1030 5097 enim,
1052 5030 1195 5103 Quid
1215 5032 1262 5086 si
1285 5033 1617 5085 mentiantur
1634 5034 1939 5088 calumnia-

362 5127 547 5184 tores?
575 5140 752 5196 neque
776 5124 910 5180 dicit
941 5139 1001 5180 se
1024 5122 1267 5188 credere,
1289 5122 1794 5193 neimpudentiores
1813 5125 1937 5181 illos

361 5220 586 5284 reddat;
614 5232 788 5287 neque
811 5231 1027 5270 rursum
1051 5230 1158 5270 non
1188 5214 1437 5280 credere,
1460 5230 1526 5269 ne
1553 5215 1802 5270 videatur
1824 5215 1939 5272 frc-

363 5324 479 5369 stra
493 5312 709 5382 increpa
718 5326 775 5367 re
791 5326 805 5375 ;
822 5310 937 5373 sed,
954 5307 1165 5363 Partem
1184 5307 1464 5379 quamdam
1485 5310 1659 5371 credo,
1674 5311 1868 5380 inquit,
1884 5310 1939 5365 id

364 5413 553 5471 est,ex
579 5402 790 5457 modica
813 5410 965 5473 parte
987 5396 1505 5467 credo,ansiosillos
1518 5402 1768 5467 reddens,
1795 5411 1849 5458 et
1870 5404 1938 5457 ad

366 5495 731 5550 correctionis
754 5494 990 5549 reditum
1014 5509 1236 5549 vocans.
1260 5495 1344 5549 19.
1369 5492 1510 5547 Nam
1532 5504 1581 5548 et
1611 5506 1809 5564 oportet
1831 5496 1941 5550 ha:-

367 5604 511 5643 ηαδ
525 5602 640 5641 esse
659 5588 712 5641 in
730 5587 897 5653 vobis,
919 5596 978 5640 ut
996 5588 1085 5657 qui
1108 5587 1314 5656 probati
1343 5597 1463 5641 sunt
1478 5628 1494 5651 ,
1515 5589 1787 5654 manifesti
1803 5590 1939 5660 ﬁant

366 5682 422 5734 in
435 5678 604 5735 vobis.
620 5677 870 5735 Haereses
894 5680 982 5735 hic
995 5681 1148 5746 dicit,
1169 5696 1278 5735 non
1302 5680 1465 5737 hasce
1482 5696 1602 5749 qum
1627 5682 1695 5738 de
1715 5684 1938 5755 dogma-

369 5771 519 5829 tibus
549 5783 710 5839 sunt,
746 5772 845 5828 sed
876 5773 1067 5829 horum
1102 5773 1478 5830 schismatuut.
1508 5773 1661 5840 Quod
1694 5777 1738 5830 si
1772 5778 1935 5832 ctiam

1386 320 1454 376 iN
1495 320 1705 377 EPIST.
1746 316 1763 374 1
1831 321 1920 375 AD
1957 321 2114 380 COR.
2159 322 2386 380 ιιοδιιιη
2432 324 2640 382 XXV".

3526 337 3630 393 226

2059 437 2364 508 dogmatum
2408 440 2649 505 dit-cret,
2698 457 2869 513 neque
2919 444 2988 499 ita
3043 460 3227 502 ansam
3276 449 3445 505 daret.
3497 452 3628 508 Nam

2056 528 2300 584 Christus
2328 530 2431 593 ait,
2463 531 2681 588 Necesse
2704 544 2778 589 est
2810 546 2866 588 ut
2899 537 3098 592 veniant
3133 539 3379 594 scandala
3403 541 3630 611 (Matth.

2054 622 2142 678 18.
2165 623 2243 693 7),
2273 640 2376 678 non
2403 624 2605 679 arbitrii
2634 627 2930 683 libertatem
2960 630 3302 693 labefactans,
3334 650 3508 705 neque
3537 653 3633 690 ue-

2052 718 2357 771 cessitatem
2391 720 2673 788 quamdam
2715 731 2769 775 et
2810 722 2916 776 vim
2950 725 3001 777 in
3032 726 3191 779 vitam
3234 727 3509 794 inferens;
3538 730 3631 785 sed

2052 806 2194 875 quod
2223 822 2291 863 ex
2317 810 2455 863 mala
2490 810 2760 866 hominum
2802 824 2977 870 mente
3006 817 3226 872 omnino
3256 819 3487 874 futurum
3516 835 3631 881 erat

2054 899 2384 966 praedicens,
2413 901 2644 957 futurum
2677 921 2899 975 nempe,
2929 925 3031 961 non
3060 910 3129 964 ob
3159 911 3299 967 illius
3327 915 3626 983 prardiCIio-

2054 1004 2197 1052 nem,
2231 991 2326 1047 sed
2353 1008 2419 1047 ex
2445 995 2624 1049 animo
2664 1011 2870 1064 eorum,
2901 1000 2990 1070 qui
3029 1002 3306 1059 insanabili
3340 1008 3524 1063 morbo
3549 1008 3628 1064 la-

2053 1079 2333 1153 borabant.
2362 1083 2546 1156 Neque
2574 1087 2716 1142 enim
2741 1091 2862 1159 quia
2904 1091 3167 1161 prtedixit,
3198 1096 3281 1148 illa
3310 1096 3444 1152 facta
3470 1111 3593 1154 sunt
3612 1142 3627 1166 ,

2052 1172 2145 1226 sed
2172 1175 2292 1243 quia
2319 1177 2536 1232 omnino
2560 1176 2792 1234 futurum
2819 1193 2953 1249 erat,
2981 1184 3100 1239 ideo
3128 1188 3387 1256 prtedixit.
3418 1191 3627 1247 Etenim

2051 1265 2095 1319 si
2124 1281 2187 1319 ex
2219 1270 2536 1325 necessitate
2563 1274 2805 1328 venirent
2841 1278 3110 1344 scandala,
3143 1290 3198 1335 et
3224 1298 3327 1335 non
3358 1299 3421 1337 ex
3450 1288 3630 1343 animo
3699 1322 3707 1337 ι

2051 1369 2235 1411 eorum
2281 1361 2371 1430 qui
2415 1363 2500 1416 illa
2541 1363 2896 1433 induxerunt,
2937 1384 3329 1439 supervacaneo
3362 1374 3582 1433 dixisset
3615 1398 3627 1434 :

2059 1447 2150 1504 Va:
2184 1452 2377 1507 homini
2408 1455 2515 1517 illi,
2546 1474 2633 1525 per
2656 1476 2800 1527 quem
2822 1464 3122 1518 scandalum
3144 1467 3271 1520 venit
3307 1466 3495 1543 (Ibid).
3526 1473 3629 1528 Sed

2051 1544 2166 1598 lucc
2204 1545 2439 1614 pluribus
2470 1547 2819 1606 disseruimus
2857 1554 2908 1609 in
2949 1555 3064 1624 ipso
3099 1556 3216 1612 loco
3245 1578 3258 1614 :
3290 1577 3429 1616 nunc
3453 1576 3630 1620 autem

2049 1635 2117 1689 ad
2144 1639 2471 1707 propositum
2498 1644 2814 1699 veniendum
2844 1657 2946 1702 est.
2974 1649 3125 1717 Quod
3156 1651 3223 1706 de
3249 1652 3314 1707 iis
3341 1657 3632 1712 hmresibus

2049 1727 2213 1798 dicat,
2238 1747 2358 1803 quae
2378 1734 2516 1790 circa
2546 1752 2760 1792 mensas
2785 1739 3153 1809 versabantur,
3184 1742 3354 1814 deque
3381 1746 3479 1801 hac
3504 1765 3632 1803 con-

2052 1822 2290 1877 tentione
2331 1835 2387 1879 et
2427 1826 2801 1896 dissensione,
2837 1845 2902 1885 ex
2943 1836 3286 1901 sequentibus
3322 1838 3628 1895 declaravit.

2049 1908 2183 1965 Cum
2209 1911 2471 1969 dixissent
2499 1919 2640 1972 enim
2663 1958 2680 1982 ,
2708 1920 2872 1972 Audio
2908 1921 3180 1976 schismata
3220 1941 3324 1979 esse
3352 1928 3482 1982 inter
3509 1945 3630 1995 vos,

2050 2017 2155 2056 non
2186 2002 2270 2057 hic
2299 2007 2572 2072 constitit,
2605 2008 2697 2063 sed
2733 2010 3022 2066 ostendens
3059 2029 3301 2082 quaenam
3342 2019 3627 2073 schismata

2050 2103 2249 2159 essent,
2274 2111 2586 2167 progressus
2611 2099 2757 2161 dicit,
2786 2101 2873 2156 21.
2904 2102 3255 2176 Unusquisque
3274 2125 3417 2162 suam
3439 2127 3631 2166 mnam

2050 2188 2306 2254 pra'sumit
2329 2205 2347 2252 ;
2369 2200 2421 2243 et
2451 2205 2683 2255 rursum,
2707 2192 2799 2245 22.
2826 2193 3089 2262 Numquid
3109 2198 3283 2252 domos
3311 2217 3409 2254 non
3441 2202 3631 2257 habetis

2049 2276 2119 2327 ad
2142 2278 2551 2334 manducandum
2574 2293 2618 2336 et
2644 2283 2907 2339 bibendum
2930 2287 2954 2340 .9
2977 2299 3066 2341 aut
3093 2290 3352 2351 ecclesiam
3384 2292 3484 2349 Dei
3509 2313 3631 2350 con-

2051 2368 2434 2425 temnitis?Sed
2461 2374 2602 2443 quod
2640 2374 2708 2431 de
2749 2377 2829 2431 his
2857 2379 3031 2443 dicat,
3066 2384 3400 2451 perspicuum
3442 2398 3541 2442 est.
3575 2390 3629 2444 Si

2049 2468 2225 2514 autem
2248 2461 2531 2518 schismata
2555 2465 2643 2520 illa
2669 2478 2842 2532 meet,
2869 2484 2936 2525 ne
2962 2471 3173 2527 mireris
3202 2491 3216 2527 :
3246 2490 3389 2541 nam,
3415 2488 3471 2532 ut
3496 2480 3627 2547 dixi,

2049 2548 2151 2605 hac
2187 2551 2419 2609 dictione
2451 2556 2572 2610 illos
2607 2558 2874 2613 incessere
2908 2562 3039 2615 vult.
3077 2562 3132 2619 Si
3164 2581 3290 2621 vero
3324 2569 3628 2639 dogmatum

2050 2641 2350 2734 schisman
2371 2656 2582 2713 essent,
2616 2665 2717 2704 non
2748 2651 2816 2703 ita
2852 2666 3130 2710 mansuete
3154 2672 3273 2712 cum
3310 2659 3412 2714 illis
3440 2662 3629 2733 loquu-

2052 2740 2135 2786 tus
2171 2744 2332 2789 esset.
2364 2738 2501 2791 Audi
2545 2739 2703 2808 igitur
2734 2741 2876 2796 illum
2907 2744 3011 2799 tale
3037 2747 3307 2818 quidpiam
3333 2751 3628 2819 dicentem,

2049 2837 2206 2894 quam
2232 2827 2302 2880 sit
2328 2827 2645 2895 vehemens,
2674 2841 2728 2886 et
2752 2833 2875 2888 dum
2905 2838 3187 2894 confirmat
3215 2850 3269 2896 et
3297 2843 3421 2898 dum
3454 2844 3631 2901 incre-

2051 2924 2176 2984 pat;
2207 2919 2531 2975 conﬁrmans
2555 2923 2768 2992 quidem
2787 2967 2802 2992 ,
2842 2936 2893 2981 ut
2931 2943 3050 2983 cum
3090 2930 3219 2986 dicit
3249 2950 3263 2986 :
3293 2934 3509 2992 Etiamsi
3532 2955 3630 2992 an-

2048 3007 2190 3076 gelus
2214 3010 2348 3063 vobis
2373 3014 2673 3085 evangrlizet
2709 3028 2891 3084 prteter
2924 3020 2979 3072 id
3010 3022 3147 3092 quod
3173 3027 3435 3095 accepistis
3454 3070 3468 3091 ,
3499 3047 3630 3083 ana-

2049 3097 2216 3152 thema
2240 3100 2304 3154 sit
2329 3100 2469 3172 (ϐαι.
2499 3104 2547 3157 l.
2580 3103 2666 3175 8);
2696 3105 2976 3178 increpans
2999 3126 3144 3180 vero,
3171 3123 3226 3167 ut
3247 3131 3364 3170 cum
3392 3119 3466 3173 ait
3492 3138 3504 3173 :
3530 3121 3630 3186 Qui

2048 3187 2102 3242 in
2124 3188 2232 3261 lege
2254 3192 2627 3263 justi/Scantini,
2652 3213 2684 3249 a
2708 3201 2875 3268 gratia
2899 3203 3154 3258 excidistis
3181 3206 3342 3276 (Ibid.
3375 3211 3428 3264 5.
3461 3213 3534 3282 4).
3562 3214 3629 3269 Et

2049 3297 2191 3337 nunc
2211 3284 2422 3353 quidem
2446 3302 2607 3344 canes
2635 3302 2787 3345 vocat
2806 3308 2899 3347 eos
2919 3295 3009 3364 qui
3031 3312 3395 3369 corrumpunt,
3420 3304 3625 3375 dicens,

2058 3373 2233 3431 Videte
2259 3394 2406 3433 canes
2433 3380 2686 3452 (Philipp.
2711 3385 2763 3439 3.
2791 3385 2847 3457 2)
2875 3403 2888 3441 :
2918 3404 3058 3444 nunc
3087 3401 3259 3446 autem
3287 3400 3522 3451 cauterio
3550 3373 3628 3452 in;

2048 3475 2220 3522 ustam
2250 3469 2504 3527 habentes
2531 3476 2912 3532 conscientiam
2945 3480 3022 3551 (ι.
3053 3480 3187 3536 Tim.
3220 3484 3273 3538 4.
3306 3485 3388 3553 2),
3420 3498 3473 3542 et
3504 3507 3625 3545 rur-

2049 3573 2141 3614 sus
2166 3562 2383 3632 angelos
2409 3564 2627 3620 diaholi.
2656 3569 2725 3623 At
2753 3569 2838 3625 hic
2870 3571 2997 3627 nihil
3030 3574 3132 3627 tale
3162 3575 3325 3642 dixit,
3355 3581 3449 3634 sed
3480 3599 3629 3637 man-

2048 3662 2198 3705 sucte
2225 3667 2289 3708 ac
2315 3655 2557 3711 remisse.
2581 3658 2714 3725 Quid
2742 3671 2824 3714 est
2848 3672 3045 3729 autem,
3074 3664 3142 3720 Ut
3161 3669 3247 3736 qui
3274 3672 3470 3737 probati
3489 3686 3626 3739 sunt,

2048 3743 2302 3812 manifesti
2331 3747 2458 3814 ﬁant
2486 3750 2539 3803 in
2566 3750 2741 3806 vobis?
2776 3752 2842 3808 Ut
2879 3756 3048 3825 magis
3087 3761 3482 3830 resplendeant.
3516 3766 3628 3821 lloc

2047 3843 2130 3890 est
2150 3845 2328 3891 autem
2357 3841 2498 3909 quod
2525 3842 2636 3896 vult
2662 3843 2884 3909 dicere:
2912 3848 3015 3902 Eos
3045 3850 3132 3918 qui
3164 3853 3380 3908 stabiles
3409 3865 3463 3911 et
3491 3860 3626 3913 lirmi

2047 3936 2192 3992 sunt,
2226 3943 2333 3982 non
2364 3931 2523 3985 ntodo
2552 3931 2683 3987 nihil
2714 3938 2902 3990 horum
2936 3938 3098 4004 ltndit,
3131 3943 3224 3997 sed
3266 3948 3424 3999 etiam
3460 3953 3626 4019 magis

1998 4034 2006 4041 ‘
2046 4019 2284 4075 Ostendit
2309 4021 2587 4093 redditque
2606 4024 2878 4082 clariores.
2909 4028 3042 4084 Illud
3070 4033 3234 4098 enim,
3258 4046 3333 4097 ut,
3358 4053 3460 4090 non
3486 4056 3629 4093 sem-

2049 4123 2144 4177 per
2170 4124 2386 4165 causam
2420 4112 2636 4175 indicat,
2665 4116 2758 4170 sed
2786 4117 2945 4171 etiam
2978 4135 3121 4190 saepe
3151 4139 3325 4178 rerum
3353 4140 3622 4185 eventum.

2048 4198 2122 4253 lta
2146 4210 2201 4255 et
2224 4200 2467 4258 Christus
2497 4204 2550 4258 id
2578 4204 2794 4262 adhibet
2818 4225 2939 4264 cum
2970 4211 3097 4266 dicit
3128 4230 3143 4268 :
3174 4214 3238 4269 In
3255 4218 3505 4285 judicium
3534 4239 3625 4290 ego

2045 4293 2157 4346 veni
2185 4294 2235 4346 in
2265 4293 2398 4348 hunc
2426 4297 2669 4351 mundum
2692 4340 2706 4362 ,
2738 4310 2795 4353 ut
2824 4318 2925 4356 non
2954 4304 3174 4361 videntes
3209 4309 3410 4364 videant
3432 4354 3447 4376 ,
3479 4324 3525 4365 et
3553 4331 3627 4366 vt-

2045 4384 2216 4439 dentes
2249 4389 2368 4440 caici
2405 4388 2532 4455 [iant
2571 4388 2751 4458 (Joan.
2793 4393 2846 4446 9.
2876 4394 2991 4463 39).
3033 4396 3124 4451 Sic
3160 4409 3213 4453 et
3249 4402 3362 4470 ipse
3392 4401 3585 4459 Paulus
3607 4446 3623 4469 ,

2044 4490 2164 4530 cum
2203 4476 2271 4531 de
2313 4477 2429 4547 lege
2474 4479 2745 4536 disserens
2787 4485 3019 4540 scribit:
3055 4486 3163 4542 Lex
3198 4490 3524 4558 subintravit,
3568 4508 3623 4550 ut

2043 4568 2320 4622 abundaret
2346 4571 2585 4625 delictunt
2615 4572 2789 4643 (Rom.
2818 4577 2871 4630 5.
2897 4576 3014 4649 20).
3052 4578 3156 4635 Sed
3188 4599 3359 4655 neque
3388 4587 3469 4641 lett
3502 4589 3623 4643 ideo

2042 4659 2164 4715 data
2193 4670 2296 4727 est,
2325 4671 2382 4716 ut
2408 4673 2621 4732 peccata
2650 4664 2957 4723 Judtcorum
2986 4686 3343 4743 augerentur;
3374 4678 3500 4733 illud
3527 4696 3623 4734 au-

2044 4763 2150 4806 tem
2190 4753 2368 4807 evenit
2397 4771 2411 4807 :
2441 4771 2614 4825 neque
2647 4757 2892 4816 Christus
2932 4762 3052 4818 ideo
3079 4771 3258 4832 venit,
3291 4777 3347 4821 ut
3380 4769 3621 4826 videntes

2040 4845 2168 4899 caici
2198 4845 2421 4910 ﬂerent;
2450 4847 2544 4903 sed
2585 4863 2803 4920 propter
2848 4856 3172 4910 contrariam
3219 4872 3330 4912 rem
3362 4879 3378 4914 :
3408 4869 3463 4915 at
3492 4862 3620 4918 illud

2040 4934 2113 4990 ita
2136 4937 2376 5008 contigit.
2401 4938 2491 4993 Sic
2519 4939 2679 5009 igitur
2696 4951 2748 4996 et
2772 4943 2874 4999 hoc
2904 4945 3021 4999 loco
3043 4946 3438 5019 intelligendum
3466 4954 3617 5018 illud,

2044 5026 2113 5082 Ut
2137 5029 2223 5098 qui
2249 5029 2444 5097 probati
2467 5041 2615 5095 sunt,
2652 5034 2907 5106 manifesti
2930 5036 3078 5106 ﬁant.
3103 5037 3287 5110 Neque
3326 5045 3468 5099 enim
3500 5047 3623 5101 ideo

2038 5121 2194 5177 facta:
2236 5134 2361 5178 sunt
2400 5124 2664 5190 hmreses,
2698 5137 2752 5180 ut
2787 5129 2874 5199 qui
2908 5131 3112 5200 probati
3141 5145 3321 5190 essent
3353 5138 3619 5195 manifesti

2039 5214 2232 5269 ﬁerent
2252 5231 2268 5281 ;
2292 5216 2386 5271 sed
2409 5217 2816 5276 advenientibus
2839 5223 2919 5278 his
2943 5223 3256 5292 Incresibus,
3283 5229 3383 5285 hoc
3403 5230 3618 5287 accidit.

2040 5311 2167 5366 llzuc
2195 5327 2353 5380 porro
2376 5313 2523 5378 dicit,
2555 5327 2814 5382 pauperes
2838 5318 3145 5382 consolans,
3174 5321 3263 5389 qui
3296 5322 3453 5376 talem
3484 5336 3619 5375 con-

2039 5411 2301 5471 temptqu
2334 5404 2540 5457 fortiter
2570 5405 2793 5460 ferrent.
2827 5406 2949 5460 Ideo
2985 5423 3089 5461 non
3120 5408 3286 5476 dixit,
3318 5409 3383 5465 Ut
3413 5411 3617 5478 probati

2038 5496 2186 5561 ﬁant,
2216 5494 2332 5560 sed,
2365 5495 2432 5551 Ut
2456 5501 2541 5567 qui
2570 5498 2767 5565 probati
2789 5508 2926 5563 sunt,
2957 5501 3215 5568 manifesti
3241 5503 3367 5570 ﬁant
3397 5520 3416 5559 :
3440 5504 3617 5559 decla-

2037 5604 2162 5643 rans
2189 5587 2310 5644 illos
2335 5590 2493 5644 etiam
2515 5597 2670 5644 antea
2696 5590 2827 5644 tales
2851 5590 3046 5657 fuisse;
3076 5591 3171 5648 sed
3196 5596 3617 5652 commiscebau~

2037 5692 2125 5739 tur
2148 5698 2269 5738 cum
2301 5683 2558 5753 plurimis,
2592 5692 2647 5737 et
2674 5682 3093 5739 consolationem
3121 5686 3443 5757 accipientes
3472 5704 3501 5743 a
3533 5690 3618 5745 dio

2039 5777 2234 5834 vitibus
2258 5819 2274 5846 ,
2303 5791 2407 5832 non
2433 5774 2721 5831 admodum
2761 5777 3032 5846 conSpicui
3058 5789 3212 5835 erant
3237 5799 3250 5837 :
3275 5797 3415 5838 nunc
3439 5793 3618 5839 autem
