4094 6222
458 294 561 348 (ΞΞἾ

458 411 575 466 iure
617 403 881 463 dissensio
926 408 983 457 et
1026 399 1300 456 contentio
1349 395 1660 452 manifestos
1708 395 1826 448 illos
1875 393 2032 456 fecit;

456 497 903 572 quemadmodum
927 493 1339 564 gubernatorem
1365 496 1652 558 tempestas
1672 488 1922 541 ostencit.
1946 485 2040 541 Ne-

459 610 562 664 que
587 592 739 656 dixit,
767 587 838 644 Ut
861 601 956 639 vos
980 582 1184 654 probati
1213 581 1546 652 appareatis;
1577 579 1690 638 sed,
1724 577 1788 631 llt
1807 579 1898 647 qui
1921 596 2034 646 pra~

460 687 562 741 bati
601 694 749 744 sunt,
781 677 1032 746 manifesti
1075 675 1233 743 ﬁant,
1264 673 1353 743 qui
1397 687 1588 741 nempe
1628 672 1679 725 in
1712 671 1863 725 volns
1905 671 2036 724 tales

460 790 602 836 sunt.
639 777 818 842 Neque
847 771 987 826 enim
1019 784 1276 822 accusans
1310 765 1621 820 manifestos
1651 763 1854 826 reddit,
1884 771 1941 816 ut
1969 778 2038 817 ne

461 873 605 941 ipSos
641 863 1061 934 impudentiores
1087 861 1262 926 faciat,
1295 875 1465 928 neque
1490 858 1733 922 laudans,
1762 872 1828 912 ne
1853 856 2039 911 reddat

459 961 730 1032 segniores
755 975 769 1019 ;
798 956 890 1010 sed
919 968 1230 1024 suspensam
1260 954 1458 1021 profert
1484 952 1798 1014 orationem,
1823 959 1878 1004 et
1899 948 2038 1002 hunc

459 1066 512 1108 et
560 1054 704 1106 illum
749 1048 1075 1118 singulorum
1121 1045 1458 1100 conscientia:
1504 1043 1857 1113 adaptandnm
1898 1058 2037 1112 prie.-

461 1146 610 1198 beus.
656 1140 770 1194 Non
819 1137 973 1192 modo
1017 1146 1190 1190 autem
1230 1135 1357 1189 mibi
1405 1135 1491 1188 bie
1533 1150 1790 1202 pauperes
1831 1134 2039 1187 videtur

459 1233 744 1294 consolari,
773 1230 866 1283 sed
897 1229 1057 1283 etiam
1086 1243 1180 1283 eos
1209 1228 1294 1296 qui
1329 1243 1506 1281 mores
1536 1243 1638 1280 non
1667 1236 2033 1294 corruperant.

459 1327 591 1381 Nam
616 1323 907 1380 verisimile
935 1331 1049 1376 erat
1077 1321 1127 1374 in
1163 1321 1268 1374 illis
1292 1335 1410 1374 esse
1447 1320 1535 1388 qui
1581 1320 1724 1388 ipsos
1764 1327 2038 1373 servarent

461 1419 656 1472 illa-sos
688 1433 703 1470 :
735 1416 960 1484 ideoque
986 1412 1154 1478 dixit,
1198 1409 1406 1464 Partem
1442 1409 1667 1479 aliquam
1701 1409 1868 1463 credo.
1910 1408 2038 1464 Jure

462 1510 621 1577 igitur
639 1522 734 1562 eos
759 1506 1008 1574 probatos
1032 1503 1180 1568 dicit,
1208 1502 1295 1572 qui
1327 1516 1429 1555 non
1453 1501 1612 1555 modo
1636 1516 1754 1554 eum
1781 1501 1897 1554 aliis
1925 1515 2038 1554 mo-

462 1619 575 1656 rem
607 1606 983 1662 servaverant,
1017 1595 1108 1651 sed
1147 1595 1304 1650 etiam
1350 1594 1554 1663 absque
1585 1593 1687 1648 illis
1713 1593 2036 1647 immobilem

464 1693 602 1747 Itane
629 1690 903 1762 pulchram
935 1686 1219 1741 servabant
1247 1686 1437 1755 legem.
1466 1684 1578 1738 Hoc
1604 1692 1776 1737 autem
1809 1683 1951 1743 facit,
1984 1690 2039 1737 nt

463 1782 563 1836 bos
583 1791 637 1836 et
662 1781 794 1835 alios
820 1779 902 1832 bis
924 1777 1166 1831 laudibus
1190 1775 1473 1828 alacriores
1495 1773 1702 1828 reddat.
1735 1772 1934 1828 Deinde
1958 1772 2040 1825 di-

463 1875 536 1928 cit
558 1872 695 1942 quod
725 1885 890 1941 genus
919 1867 1121 1938 peccati
1153 1867 1222 1920 sit
1249 1865 1396 1919 illud.
1422 1864 1557 1933 Quid
1589 1873 1763 1918 autem
1790 1863 1891 1918 hoc
1915 1863 2039 1918 est?

461 1964 551 2020 20.
582 1961 1015 2022 Convenientibus,
1048 1959 1237 2027 inquit,
1265 1957 1400 2010 vobis
1425 1958 1476 2010 in
1508 1973 1682 2020 unum,
1702 1957 1815 2024 jam
1843 1972 1943 2008 non
1968 1963 2038 2008 est

465 2055 782 2110 Dominicam
807 2068 999 2106 caenam
1028 2049 1354 2104 manducare.
1385 2047 1548 2103 Vides
1574 2047 1840 2117 quomodo
1868 2045 2037 2115 pudo-

463 2165 575 2203 rem
609 2147 893 2208 incutiens,
919 2143 1184 2199 narrantis
1212 2157 1380 2205 more,
1403 2141 1510 2210 jam
1537 2141 1814 2195 consilium
1844 2140 2040 2194 instrn-

463 2239 576 2293 xit?
617 2237 924 2291 Conventus
964 2234 1106 2288 enim
1150 2232 1375 2298 modus,
1418 2231 1613 2302 inquit,
1643 2240 1725 2286 est
1757 2231 1929 2295 alius;
1960 2241 2042 2286 est

464 2329 608 2384 enim
629 2328 865 2382 caritatis
891 2337 941 2380 et
971 2326 1214 2379 fraterna:
1240 2323 1541 2378 dilectionis
1569 2340 1582 2376 :
1611 2339 1742 2376 unus
1770 2335 1914 2377 certe
1946 2339 2041 2377 vos

464 2435 652 2475 omnes
682 2418 876 2489 excipit
911 2417 1060 2471 locus
1080 2458 1094 2480 ,
1121 2426 1175 2470 et
1205 2416 1357 2469 simul
1390 2415 1779 2485 congregantini
1813 2431 1827 2468 :
1859 2429 2039 2470 mensa

466 2527 594 2566 vero
615 2513 724 2582 jam
754 2527 858 2565 non
887 2511 1076 2564 similis
1104 2518 1186 2564 est
1217 2511 1520 2564 conventui.
1551 2508 1660 2564 Nec
1694 2509 1826 2564 dixit
1847 2552 1861 2574 ,
1897 2510 2040 2564 Con»

465 2603 799 2660 venientibus
828 2604 975 2656 vobis
1020 2619 1122 2656 non
1167 2603 1218 2656 in
1249 2603 1516 2656 communi
1549 2602 1913 2667 manducatis;
1945 2603 2039 2658 sed

465 2699 569 2751 alio
589 2695 744 2750 modo
765 2705 817 2748 et
839 2696 1006 2748 ntttlto
1029 2694 1318 2749 terribilius
1340 2695 1460 2748 illos
1481 2681 1808 2765 perstringit,
1827 2695 2038 2750 dicens:

467 2787 589 2842 Non
611 2798 679 2841 est
707 2785 1021 2838 Dominicam
1052 2801 1240 2838 caenam
1267 2785 1575 2838 manducare
1599 2802 1616 2847 ;
1638 2786 1754 2839 illos
1778 2785 1843 2839 ad
1875 2787 2042 2854 ipsam

466 2879 834 2933 transmittens
864 2891 1174 2941 vesperam,
1204 2893 1305 2945 qua
1345 2875 1617 2930 tremenda
1655 2877 1904 2947 mysteria
1932 2885 2040 2930 tra-

465 2970 600 3025 didit
623 2969 883 3024 Christus.
918 2967 1040 3022 ldeo
1066 2968 1224 3021 etiam
1257 2967 1532 3036 prandium
1557 2968 1685 3022 illud
1711 2969 1914 3023 vocavit
1935 2985 2041 3025 ete-

468 3081 592 3120 nam
627 3082 639 3118 :
671 3064 866 3116 etenim
896 3061 1020 3116 illud
1050 3061 1328 3131 prandium
1359 3075 1546 3116 omnes
1569 3062 1923 3115 communiter
1947 3061 2044 3115 ba-

468 3154 584 3209 buit
612 3153 1003 3208 recumbentes.
1044 3150 1202 3219 Atqui
1241 3166 1345 3203 non
1394 3159 1594 3204 tantum
1634 3151 1851 3207 interest
1886 3154 2040 3222 spatii

468 3247 609 3302 inter
634 3245 829 3298 divites
861 3254 912 3297 et
940 3258 1221 3312 pauperes,
1254 3251 1506 3311 quantum
1535 3243 1671 3297 inter
1695 3243 1964 3298 doctorem
1988 3253 2044 3299 et

467 3338 752 3408 discipulos
782 3354 794 3388 :
826 3337 1143 3390 immensmn
1171 3336 1366 3405 quippe
1405 3335 1532 3390 illud
1558 3347 1657 3390 est.
1685 3337 1749 3392 Et
1774 3337 1899 3408 quid
1921 3339 2042 3395 dico

467 3431 606 3484 inter
631 3428 898 3482 doctorem
921 3442 970 3482 et
996 3427 1328 3496 di30iPUIUS?
1353 3428 1522 3495 cogita
1547 3428 1879 3485 intervallum
1901 3432 2041 3502 quod

466 3529 550 3576 est
588 3521 724 3574 inter
760 3520 1031 3574 doctorem
1069 3527 1124 3574 et
1170 3519 1518 3588 proditorem.
1558 3522 1802 3576 Attamen
1837 3532 1891 3578 et
1928 3524 2042 3593 ipse

466 3627 588 3668 eum
615 3613 718 3668 illis
747 3612 1108 3678 recumbebat,
1140 3626 1316 3682 neque
1346 3611 1492 3666 illtun
1519 3612 1697 3682 eiecit,
1729 3615 1823 3672 sed
1844 3625 1898 3670 et
1916 3616 2041 3670 salis

466 3718 769 3762 consortem
802 3706 945 3772 fecit,
977 3715 1029 3760 et
1058 3709 1429 3778 mysteriorum
1467 3710 1796 3782 participem.

538 3797 591 3853 5.
625 3797 826 3852 Deinde
858 3798 1235 3866 interpretatur
1263 3801 1527 3869 quomodo
1555 3818 1658 3855 non
1688 3811 1769 3857 est
1800 3803 2042 3858 Domini-

471 3905 586 3946 cam
613 3903 818 3944 caenam
857 3889 1326 3944 manducare.9.i.
1362 3890 1715 3962 Unusquisque
1739 3895 1869 3947 enim
1897 3911 2041 3948 suam

467 3995 660 4033 caenam
686 3980 944 4050 prazsumit
965 4019 978 4041 ,
1015 3981 1218 4050 inquit,
1253 3981 1322 4034 ad
1345 3984 1750 4038 manducandum
1783 4002 1802 4039 :
1836 3995 1882 4039 et
1908 3986 2042 4040 alius

468 4072 668 4142 quidem
693 4071 876 4136 esurit,
910 4072 1042 4125 alius
1079 4089 1192 4126 vero
1225 4073 1390 4127 ebrius
1425 4086 1520 4128 est.
1567 4075 1746 4131 Viden’
1775 4079 2042 4147 quomodo

471 4166 592 4219 illos
618 4165 851 4220 ostendit
881 4181 1001 4220 sese
1045 4165 1210 4236 magis
1240 4168 1506 4222 dedecore
1535 4168 1869 4224 allicientes?
1911 4171 2040 4225 Nam

470 4256 609 4325 quod
641 4256 969 4309 Dmninieum
1001 4268 1149 4320 erat,
1194 4258 1463 4326 proprium
1496 4259 1594 4313 sibi
1623 4259 1853 4327 faciunt;
1885 4262 1954 4316 ita
1988 4272 2044 4316 ut

470 4349 542 4401 illi
573 4351 775 4418 priores
805 4349 911 4402 sint
937 4349 1025 4418 qui
1055 4349 1318 4404 dedecore
1347 4349 1653 4406 afficiuntur
1675 4396 1688 4418 ,
1721 4357 1810 4423 qui
1843 4372 2043 4411 mensa:

469 4455 579 4493 sua:
600 4455 716 4493 eam
742 4455 858 4506 quze
887 4440 1113 4494 maxima
1138 4450 1251 4494 erat
1273 4441 1580 4511 dignitatem
1608 4443 1872 4500 auferunt.
1897 4447 2042 4513 Quo-

471 4529 632 4584 modo
660 4540 716 4584 et
739 4546 844 4598 qua
874 4532 1116 4586 ratione?
1161 4532 1293 4599 Quia
1336 4534 1607 4589 Dominica
1637 4552 1785 4591 coena
1806 4580 1819 4604 ,
1853 4540 1900 4592 id
1930 4550 2039 4605 est,

470 4619 612 4690 quod
653 4620 861 4674 Domini
901 4629 1021 4686 est,
1061 4638 1343 4690 commune
1386 4625 1544 4680 debet
1581 4643 1718 4682 esse.
1748 4629 1876 4693 Quae
1901 4632 2040 4684 enim

473 4711 675 4764 domini
707 4719 868 4775 sunt,
907 4726 1011 4764 non
1057 4711 1210 4781 bnjus
1240 4713 1455 4781 quidem
1495 4716 1672 4770 famuli
1711 4728 1866 4785 sunt,
1903 4721 2043 4776 illius

471 4817 602 4858 vero
632 4819 737 4858 non
765 4802 912 4866 item,
936 4803 1029 4858 sed
1059 4803 1110 4857 in
1138 4804 1406 4858 communi
1427 4809 1682 4861 omnium.
1716 4809 2040 4866 Dominicum

471 4909 600 4962 ergo
627 4893 726 4948 boe
751 4894 880 4949 dicit
905 4894 1047 4964 quod
1074 4909 1358 4950 commune
1385 4905 1485 4952 est.
1519 4897 1645 4952 Nam
1669 4900 1711 4952 si
1736 4900 1940 4957 Domini
1970 4905 2042 4958 ιιιὶ

472 4992 586 5046 est,
627 4992 683 5036 ut
724 5001 906 5039 revera
948 4995 1062 5052 est,
1111 5003 1216 5041 non
1255 4987 1420 5044 debes
1458 4990 1696 5059 quardam
1737 5002 1794 5045 ιιι
1836 4998 2042 5062 propria

473 5072 721 5134 avellere,
752 5075 846 5127 sed
879 5091 995 5142 qua:
1021 5076 1228 5130 Domini
1256 5090 1398 5145 sunt,
1422 5083 1773 5138 communiter
1799 5087 2044 5144 onmibns

467 5177 737 5233 apponere
764 5181 776 5216 :
800 5162 902 5216 boe
924 5175 1004 5218 est
1024 5166 1163 5218 enim
1192 5167 1543 5225 Dominicum.
1568 5172 1717 5229 Nunc
1739 5187 1914 5231 autem
1938 5196 2042 5234 non

470 5254 603 5308 sinis
636 5253 759 5308 illud
787 5269 904 5310 esse
931 5255 1286 5320 Dominicum,
1316 5273 1436 5312 eum
1466 5277 1567 5314 non
1599 5265 1727 5318 sinis
1752 5283 1870 5323 esse
1894 5285 2043 5324 eom-

471 5365 662 5415 mune,
704 5349 797 5405 sed
837 5351 1058 5404 seorsim
1103 5349 1356 5419 epularis.
1401 5352 1734 5425 QuaprOpter
1775 5361 2044 5431 subjungit

471 5442 652 5496 dicens
677 5459 688 5493 :
717 5440 1068 5513 Unusquisque
1096 5443 1227 5495 enim
1249 5459 1394 5496 suam
1422 5461 1614 5498 caenam
1637 5453 1912 5516 prresumit.
1935 5453 2044 5508 Nec

470 5533 622 5594 dixit.
647 5535 944 5598 Abscindit,
969 5535 1062 5590 sed
1093 5533 1378 5601 Praesumit,
1404 5540 1602 5593 sensim
1628 5541 1746 5595 illos
1769 5543 2044 5598 edacitatis

471 5633 522 5674 et
555 5625 856 5689 petulantia:
884 5642 1162 5683 accusans.
1196 5628 1306 5683 lloc
1334 5627 1572 5684 declarat
1599 5633 1738 5700 quod
1770 5636 2042 5700 sequitur:

475 5727 592 5766 cum
633 5710 735 5768 hoc
763 5715 903 5769 cnim
933 5715 1189 5785 dixisset,
1222 5733 1428 5774 rursum
1460 5719 1730 5788 subjnnxit
1761 5739 1773 5776 :
1805 5722 1871 5776 Et
1912 5727 2041 5781 alius

1221 284 1280 341 S.
1317 282 1595 342 JOANNIS
1631 277 2104 338 CHRYSOS’I‘OMI
2140 278 2453 336 ARCiilEP.
2495 281 3020 340 CONSTANTINOP.

3610 291 3718 347 ω

2142 396 2342 464 quidem
2383 398 2568 468 esurit,
2616 399 2748 452 alius
2791 411 2958 454 autem
2997 403 3162 457 ebrius
3201 414 3314 470 est;
3343 422 3461 476 qua:
3489 417 3718 480 utraque

2142 504 2246 543 non
2297 500 2520 546 servatae
2560 508 2824 547 mensura:
2861 504 3051 561 erant,
3097 497 3382 567 indigentia
3424 516 3616 570 nempe
3661 520 3718 559 et

2141 596 2409 636 CXCBSsllS.
2435 583 2570 639 Ecce
2587 586 2820 640 secunda
2840 589 3108 643 accusatio
3127 590 3245 644 illos
3268 591 3411 660 ipsos
3427 594 3714 664 impetens.

2143 672 2338 738 Prima,
2357 675 2494 743 quod
2515 691 2661 728 suam
2679 691 2886 732 ctenam
2904 678 3162 735 dedecore
3177 681 3437 751 afficiant;
3456 687 3714 753 secunda,

2141 762 2282 830 quod
2309 773 2548 817 ventrem
2582 766 2837 834 iml‘ileant
2865 777 2919 823 et
2949 770 3308 837 inebrientur;
3339 784 3393 830 et
3418 778 3558 846 quod
3588 795 3716 849 gra-

2142 854 2257 906 vius
2281 863 2380 918 est,
2406 858 2760 912 esurientibus
2782 862 3119 930 pauperibus.
3146 864 3276 932 Qua:
3297 867 3438 922 enim
3465 873 3718 927 omnibus

2142 945 2192 998 in
2219 949 2486 1002 communi
2515 952 2825 1018 apponenda
2854 965 3024 1022 erant,
3049 957 3111 1012 iis
3135 959 3234 1027 ipsi
3259 960 3356 1014 soli
3385 962 3716 1035 ingurgitati,

2141 1045 2194 1089 et
2234 1037 2284 1090 iu
2329 1037 2778 1096 insatiabilitatem
2825 1055 2880 1098 et
2921 1047 2972 1099 in
3019 1047 3328 1105 ebrietatem
3377 1054 3713 1110 deferebant.

2142 1131 2267 1188 Ideo
2297 1151 2398 1189 non
2433 1135 2593 1203 dixit,
2625 1140 2775 1192 Alius
2801 1141 3012 1210 quidem
3045 1146 3244 1212 esurit,
3277 1150 3416 1204 alius
3446 1153 3712 1219 satiatur;

2142 1226 2256 1289 sed,
2280 1228 2463 1285 Ebrius
2483 1241 2574 1284 est.
2599 1233 2796 1287 llorum
2818 1244 2991 1290 autem
3014 1247 3295 1310 utrumque
3311 1258 3406 1310 per
3422 1259 3479 1300 se
3495 1247 3713 1314 dignum

2139 1334 2221 1378 est
2276 1324 2691 1393 reprehensione
2730 1344 2742 1380 :
2787 1344 2908 1382 nam
2962 1331 3255 1398 inebriari,
3305 1347 3463 1392 etiam
3513 1341 3716 1410 absque

2141 1430 2206 1468 eo
2235 1415 2373 1482 quod
2404 1414 2765 1484 deSpiciantur
2806 1434 3061 1489 pauperes
3082 1463 3096 1485 ,
3126 1424 3276 1492 culpa
3305 1439 3418 1492 est;
3455 1446 3717 1500 pauperes

2141 1504 2438 1574 despicere,
2462 1507 2662 1578 absque
2681 1508 2958 1577 ebrietate,
2978 1523 3058 1568 est
3073 1515 3440 1574 criminatione
3460 1521 3678 1592 dignum
3699 1544 3712 1579 :

2140 1613 2259 1652 enm
2286 1609 2460 1654 autem
2491 1603 2601 1658 haec
2628 1605 2786 1660 simul
2815 1607 3095 1677 eoajuncta
3121 1622 3262 1677 sunt,
3288 1616 3458 1684 cogita
3483 1627 3718 1684 quantus

2139 1690 2208 1743 sit
2229 1692 2518 1760 iniquitatis
2534 1710 2802 1753 excessus.
2825 1699 3022 1755 Deinde
3041 1714 3312 1774 postquam
3330 1709 3715 1768 absurditatem

2149 1783 2400 1847 ostendit,
2432 1801 2550 1839 cum
2581 1803 2766 1856 magna
2793 1791 3046 1862 deinceps
3075 1795 3436 1866 indignatione
3466 1803 3715 1873 increpa—

2145 1873 2338 1926 tionem
2363 1875 2562 1945 adjicit,
2582 1878 2768 1935 dicens
2787 1900 2800 1935 :
2819 1883 2908 1937 22.
2930 1884 3190 1954 Numquid
3209 1891 3384 1945 domos
3403 1911 3500 1948 non
3524 1896 3718 1952 habetis

2142 1967 2208 2016 ad
2237 1969 2645 2025 manducandum
2672 1984 2717 2028 et
2743 1976 3046 2032 bibendum?
3069 1992 3156 2036 aut
3181 1985 3444 2040 ecclesiam
3469 1987 3567 2044 Dei
3591 1982 3715 2046 con-

2144 2061 2378 2129 temnitis,
2398 2074 2442 2115 et
2485 2067 2796 2133 confunditis
2838 2088 2921 2125 eos
3005 2076 3091 2144 qui
3133 2093 3233 2131 non
3280 2078 3499 2137 habent?
3529 2083 3716 2140 Viden’

2142 2152 2408 2217 quomodo
2431 2170 2459 2205 a
2492 2172 2777 2227 pauperum
2803 2167 3121 2221 contumelia
3149 2170 3567 2230 criminationem
3601 2187 3716 2232 tra-

2149 2241 2307 2297 ducat
2323 2244 2388 2298 ad
2410 2246 2716 2314 Ecelesiam,
2736 2264 2790 2306 ut
2805 2259 3100 2323 graviorem
3119 2262 3366 2318 redderet
3384 2268 3676 2323 oralionem
3690 2271 3716 2323 ?

2149 2333 2286 2390 Ecce
2311 2336 2466 2406 igitur
2485 2351 2726 2409 quartam
2749 2351 3160 2418 accusationem,
3183 2371 3302 2409 eum
3326 2372 3429 2416 non
3455 2376 3713 2430 pauperes

2148 2427 2330 2494 modo,
2361 2431 2453 2485 sed
2484 2433 2641 2486 etiam
2668 2435 2903 2492 Eeciesia
2942 2446 3258 2500 contumelia
3291 2449 3539 2506 afficitur.
3567 2455 3715 2511 Sient

2146 2520 2284 2572 enim
2318 2521 2644 2580 Dominicam
2682 2543 2888 2585 cmnam
2921 2537 3185 2605 prapriam
3220 2541 3311 2593 tibi
3354 2542 3482 2598 facis
3505 2587 3521 2610 ,
3555 2548 3631 2600 sic
3659 2558 3716 2602 et

2147 2607 2318 2663 locum
2357 2613 2515 2666 etiam
2541 2656 2554 2679 ,
2599 2619 2822 2674 ecclesia
2858 2632 3012 2678 utens
3051 2635 3108 2680 ut
3145 2627 3305 2684 domo
3337 2640 3444 2687 tua.
3478 2635 3712 2693 Ecclesia

2145 2699 2285 2752 enim
2314 2701 2449 2758 facta
2477 2715 2578 2772 est,
2607 2725 2710 2763 non
2738 2721 2798 2765 ut
2823 2718 3200 2774 convenientes
3220 2722 3372 2779 divisi
3396 2727 3592 2793 simus;
3620 2733 3714 2785 sed

2146 2797 2202 2842 ut
2251 2793 2338 2860 qui
2383 2793 2539 2850 divisi
2579 2809 2703 2854 sunt
2743 2805 3248 2877 conjunganturzet
3293 2815 3395 2870 ltoc
3448 2820 3715 2890 significat

2143 2892 2454 2938 conventus.
2501 2887 2567 2942 Et
2611 2895 2918 2964 confunditis
2955 2915 3037 2953 eos
3082 2904 3166 2972 qui
3210 2922 3310 2959 non
3351 2887 3551 2965 habent.
3596 2913 3714 2968 Non

2145 2972 2293 3038 dixit,
2327 2985 2380 3030 et
2408 2976 2548 3035 fame
2576 2986 2778 3040 necatis
2803 3003 2896 3043 eos
2925 2993 3013 3060 qui
3044 3009 3146 3048 non
3173 2995 3387 3065 habent,
3419 3003 3510 3058 sed
3544 3007 3715 3074 majo-

2147 3079 2256 3118 rem
2307 3067 2569 3127 incutiens
2617 3075 2904 3146 pudorem,
2954 3081 3303 3156 Confunditis,
3356 3094 3468 3149 sive
3517 3098 3720 3164 pudore

2146 3155 2375 3225 afficitis,
2399 3166 2716 3220 utostendat
2737 3185 2796 3224 se
2819 3186 2924 3226 non
2947 3155 3252 3232 alimentum
3278 3191 3477 3238 tantum
3501 3203 3712 3256 curare,

2145 3259 2400 3313 qnantmn
2432 3257 2808 3312 contumeliam
2851 3261 2980 3330 ipsis
3015 3265 3286 3325 inflictam.
3317 3273 3454 3328 Ecce
3479 3278 3715 3346 quintam

2145 3343 2558 3411 accusationem,
2578 3348 2840 3416 quodnon
2864 3361 3063 3410 tantum
3085 3362 3379 3418 esurientes
3399 3365 3714 3436 despiciant,

2145 3431 2236 3484 sed
2267 3433 2424 3487 etiam
2460 3436 2579 3491 illos
2607 3439 2808 3508 pudore
2836 3443 3092 3503 afficiant.
3129 3451 3239 3508 Hoc
3268 3467 3443 3511 autem
3473 3459 3713 3526 dicebat,

2144 3522 2301 3576 simul
2341 3535 2394 3579 et
2433 3542 2494 3581 ea
2535 3544 2653 3599 qua:
2695 3547 2952 3604 pauperes
2992 3545 3301 3610 spectabant
3334 3547 3619 3617 bonorans,
3663 3565 3720 3609 et

2145 3607 2431 3670 ostendens
2471 3619 2589 3674 illos
2630 3638 2736 3679 non
2781 3634 2980 3684 tantum
3010 3607 3077 3687 de
3109 3649 3324 3701 ventre,
3365 3655 3614 3710 quantmn
3648 3648 3719 3702 de

2145 3708 2467 3761 contumelia
2495 3709 2700 3778 dolere,
2731 3717 2886 3772 simul
2916 3731 3090 3777 autem
3122 3726 3414 3784 auditorem
3440 3736 3718 3793 attrabens

2145 3797 2210 3850 ad
2233 3799 2672 3859 misericordiam.
2691 3805 2820 3863 Cum
2844 3826 2971 3883 ergo
2993 3814 3106 3871 haec
3127 3819 3350 3876 absurda
3368 3827 3716 3897 ostendisset,

2146 3894 2526 3948 contumeliam
2557 3895 2609 3950 in
2636 3913 2843 3955 Cinnam
2869 3944 2882 3967 ,
2913 3911 3284 3966 contumeliam
3313 3915 3363 3968 in
3389 3919 3670 3974 ecclesiam
3700 3966 3714 3987 ,

2146 3993 2614 4060 contemptumque
2635 4008 2945 4064 pauperum,
2976 3999 3104 4055 lenit
3130 4019 3311 4060 rursus
3341 4009 3719 4080 inerepationis

2146 4079 2555 4148 vehementiam,
2578 4085 2763 4142 dicens
2788 4107 2800 4142 :
2826 4089 3066 4147 Laudabo
3088 4110 3172 4150 vos
3189 4097 3214 4150 ?
3234 4099 3285 4152 in
3306 4101 3398 4155 hoc
3419 4079 3517 4158 non
3539 4107 3714 4164 laudo.

2148 4169 2296 4234 Quod
2337 4184 2480 4229 certe
2507 4177 2624 4245 quis
2652 4181 2881 4237 maxime
2916 4185 3170 4253 miretur,
3213 4192 3352 4260 quod
3393 4210 3512 4249 eum
3553 4199 3716 4254 velte-

2149 4265 2378 4318 mentitis
2425 4267 2701 4337 increpare
2736 4284 3041 4342 oporteret,
3089 4291 3363 4353 postquam
3397 4297 3472 4341 tot
3503 4304 3717 4358 peccata

2147 4357 2413 4410 recensuit
2441 4369 2495 4412 et
2523 4362 2849 4430 perstrinxit,
2887 4367 2970 4422 ltic
2999 4382 3183 4426 contra
3211 4375 3386 4432 lenius
3414 4392 3528 4450 agat
3551 4391 3605 4436 et
3630 4385 3722 4440 det

2147 4447 2441 4515 respirandi
2473 4451 2669 4508 locum.
2711 4457 2947 4523 Quanam
2979 4463 3045 4516 de
3074 4469 3270 4521 causa?
3315 4470 3544 4529 Gravius
3576 4478 3720 4546 ipsos

2148 4540 2532 4605 perstrinxerat
2553 4547 2869 4615 amplificata
2894 4557 3250 4624 accusatione,
3275 4571 3467 4617 etcum
3491 4569 3722 4636 optimus

2147 4627 2216 4680 sit
2237 4629 2494 4699 medicus,
2517 4648 2892 4706 congruentem
2917 4645 3220 4703 vulneribus
3242 4651 3362 4705 fecit
3386 4656 3718 4725 incisionem,

2151 4732 2322 4788 neque
2351 4737 2410 4775 ea
2439 4740 2557 4793 qua:
2602 4729 2858 4796 profunda
2900 4735 3048 4805 plaga
3088 4753 3221 4808 opus
3257 4743 3520 4800 habebant
3552 4751 3602 4803 in
3634 4767 3725 4805 su-

2152 4811 2368 4878 perficie
2400 4827 2588 4870 secans
2620 4836 2632 4870 :
2662 4820 2852 4876 audisti
2883 4825 3022 4879 enim
3053 4831 3316 4897 quomodo
3348 4834 3722 4898 fornicatorem

2153 4902 2240 4970 qui
2273 4906 2410 4973 apud
2440 4907 2561 4962 illos
2587 4920 2700 4963 erat
2725 4913 3008 4972 absciderit
3034 4937 3046 4973 :
3071 4936 3241 4991 neque
3263 4942 3346 4984 ea.
3367 4945 3485 4996 qua:
3507 4933 3724 4988 leniori-

2150 4991 2248 5046 bus
2285 4996 2511 5064 egebant
2555 5001 2994 5074 medicamentis,
3045 5011 3190 5068 ferro
3232 5018 3466 5075 tradens.
3510 5023 3632 5078 Ideo
3671 5039 3724 5080 et

2152 5082 2252 5138 boe
2279 5086 2395 5141 loco
2418 5094 2778 5150 mansuetiora
2797 5099 2964 5153 utitur
2986 5117 3234 5162 sermone
3260 5130 3273 5164 :
3297 5112 3530 5184 alioquin
3560 5119 3721 5172 etiam

2152 5177 2387 5232 mitiores
2430 5181 2549 5235 illos
2594 5199 2718 5253 erga
2761 5203 3020 5257 pauperes
3059 5198 3286 5256 reddere
3313 5206 3636 5274 conabatur;
3670 5223 3722 5265 et

2154 5269 2273 5324 ideo
2310 5287 2429 5326 cum
2471 5275 2576 5330 illis
2616 5277 2789 5332 lenius
2831 5282 3083 5354 loquitur.
3118 5290 3354 5362 Deinde,
3401 5313 3521 5353 eum
3566 5303 3725 5359 vellet

2152 5361 2270 5414 illos
2315 5364 2418 5416 alio
2455 5365 2613 5420 modo
2659 5371 2844 5440 majori
2891 5379 3094 5446 pudore
3131 5385 3457 5456 suffundere,
3497 5407 3528 5445 a
3561 5397 3728 5452 rebus

2154 5453 2434 5520 praecipuis
2475 5471 2775 5516 sermonem
2823 5469 2951 5521 texit
2984 5487 2996 5522 :
3029 5471 3116 5528 25.
3163 5474 3276 5545 Ego
3316 5482 3448 5533 enim
3484 5494 3654 5556 accept
3691 5503 3724 5536 α

2152 5541 2389 5608 Domino,
2417 5545 2602 5615 inquit,
2621 5553 2759 5618 quod
2777 5564 2822 5608 et
2843 5559 3030 5614 tradidi
3046 5563 3199 5632 nobis,
3213 5541 3454 5634 quoniam
3477 5541 3732 5634 Dominus

2151 5631 2322 5699 Jcsus,
2353 5641 2406 5691 in
2444 5658 2542 5708 qua
2571 5656 2716 5700 nocte
2749 5650 3068 5720 tradebatur,
3099 5631 3290 5728 accepit
3315 5679 3494 5731 panem
3513 5707 3529 5732 ,
3560 5668 3649 5723 24.
3684 5683 3730 5725 ct

2154 5729 2344 5799 gratias
2373 5748 2526 5803 agens
2555 5735 2703 5808 fregit
2731 5751 2779 5795 et
2806 5741 2934 5797 dixit
2952 5783 2967 5810 ,
2997 5745 3238 5820 Accipite,
3273 5729 3572 5813 manducet:
3592 5777 3610 5812 :
3631 5768 3729 5817 hoc
