4108 6218
430 297 537 353 σεεν

431 418 545 474 Καὶ
583 415 689 488 γάρ
718 418 746 471 ὁ
776 417 1049 484 Δεσπότης
1084 428 1199 471 σου.
1238 406 1392 476 φησὶ.
1420 405 1518 474 τῆς
1556 403 1729 488 αὐτῆς
1754 401 2000 488 ἅπαντας

431 483 631 573 ἠξίωσε
658 483 960 572 τραπέζης,
996 483 1169 550 καίτοι
1207 491 1412 561 σφόδρα
1443 483 2002 573 φρικωδεστάτηςοῦ-

435 568 555 655 σῆς,
604 568 710 639 καὶ.
732 585 866 636 πολὺ
898 568 1010 649 τὴν
1037 577 1292 629 ἁπάντων
1336 570 1775 642 ὑπερϐαινούσης
1810 568 1966 634 ἀξίαν
1987 583 2000 596 ·

434 649 502 721 σῦ
532 669 589 722 δὲ
618 669 815 727 αὐτοὺς
850 664 942 715 καὶ
994 661 1091 728 τῆς
1126 659 1223 727 σῆς
1257 655 1509 719 ἀναξίους
1549 649 1688 706 εἶναι
1728 654 1857 722 ἡγῇ,
1904 650 2004 717 τῆς

436 755 640 827 μικρᾶς
665 751 867 819 ταύτης
894 748 987 799 καὶ
1020 743 1290 807 εὐτελοῦς,
1319 743 1413 794 καὶ
1452 743 1509 793 ἐν
1549 743 1662 802 τοῖς
1708 752 2004 807 πνευματι-

433 821 552 900 κοῖς
573 836 724 889 οὐδὲν
757 829 935 885 αὐτῶν
963 847 1057 883 σου
1094 824 1576 885 πλεονεκτούντων,
1614 821 1878 891 ἀρπάζεις
1908 822 2006 873 αύ-

432 921 555 979 τοὺς
597 918 654 968 ἐν
692 919 804 978 τοῖς
840 912 1153 984 αἰσθητοῖς·
1208 909 1332 963 οὐδὲ
1376 908 1485 978 γὰρ
1531 905 1703 959 ταῦτα
1735 905 1820 957 σά.
1864 902 2003 955 Ἀλλ’

431 1001 574 1056 οὕτω
616 999 713 1070 μὲν
746 1000 807 1052 ού
839 999 1009 1066 λέγει,
1056 996 1195 1049 ὥστε
1255 993 1329 1064 μὴ
1363 991 1615 1060 γενέσθαι
1667 989 1871 1060 τραχὺν
1914 987 2004 1039 τὸν

431 1084 615 1153 λόγον·
667 1082 1018 1153 ἡμερώτερον
1067 1079 1124 1132 δὲ
1165 1078 1326 1131 αὐτὸν
1366 1071 1767 1153 κατασκευάζει
1800 1071 2001 1138 λέγων·

432 1150 554 1220 Ὅτι
590 1169 622 1220 ὀ
656 1150 868 1232 Κύριος
897 1150 1127 1228 Ἰησοῦς
1146 1161 1216 1214 ἐν
1240 1159 1316 1227 τῇ
1343 1157 1538 1218 νυκτὶ,
1569 1150 1608 1227 ᾖ
1631 1154 2002 1224 παρεδίδοτο,

431 1249 651 1304 ἔλαϐεν
691 1248 889 1314 ἄρτον.
947 1244 1055 1299 Καὶ
1090 1244 1232 1305 τίνος
1260 1242 1445 1294 ἕνεκεν
1488 1240 1582 1292 τοῦ
1628 1236 1819 1308 καιροῦ
1859 1238 2006 1307 ἡμᾶς

432 1332 862 1402 ἀναμιμνήσκει,
885 1328 979 1382 καὶ
1003 1328 1098 1397 τῆς
1122 1326 1359 1396 ἑσπέρας
1393 1323 1605 1391 ἐκείνης
1637 1321 1727 1374 καὶ
1753 1320 1853 1389 τῆς
1879 1337 2009 1402 προ-

432 1401 650 1478 δοσίας;
691 1414 800 1481 Οὐχ
834 1409 1017 1472 ἁπλῶς
1066 1409 1184 1461 οὐδὲ
1214 1407 1342 1461 ἄνευ
1385 1406 1545 1473 λόγου
1581 1403 1743 1466 τινὸς.
1776 1401 1892 1455 ἀλλ’
1920 1403 2007 1454 ἵνα

438 1498 554 1569 μεθ’
587 1495 891 1566 ὑπερϐολῆς
920 1492 1193 1563 κατανύξῃ
1244 1492 1335 1543 καὶ
1374 1489 1482 1541 ἀπὸ
1509 1486 1601 1540 τοῦ
1629 1485 1843 1556 καιροῦ.
1889 1485 2006 1538 Κᾶν

434 1586 541 1655 γὰρ
578 1581 858 1642 αύτόλιθος
958 1595 1064 1639 τις,
1101 1578 1361 1642 ἐννοήσας
1406 1574 1621 1642 ἐκείνην
1667 1573 1765 1642 τὴν
1810 1571 2004 1631 νύκτα.

437 1654 555 1729 πῶς
577 1662 644 1736 ἦν
677 1663 813 1734 μετὰ
841 1663 950 1714 τῶν
981 1658 1235 1729 μαθητῶν
1257 1656 1559 1728 ἀδημονῶν,
1580 1655 1697 1719 πῶς
1714 1654 2003 1726 παρεδόθη,

436 1749 552 1812 πῶς
585 1747 760 1818 ἐδέθη,
792 1744 907 1808 πῶς
939 1742 1180 1813 ἀπήχθη,
1211 1740 1326 1803 πῶς
1372 1738 1649 1809 ἐδικάσθη,
1678 1737 1795 1801 πῶς
1824 1738 1916 1791 καὶ
1941 1737 2009 1790 τά

436 1834 561 1903 ἑξῆς
589 1832 789 1885 ἔπαθεν
837 1828 1073 1889 ἅπαντα,
1115 1825 1286 1896 κηροῦ
1330 1822 1542 1892 γίνεται
1592 1820 1745 1893 [246]
1789 1820 2009 1903 ἀπαλῴ-

434 1902 611 1987 τερος,
644 1914 736 1967 καὶ
781 1912 881 1981 τῆς
928 1910 1032 1980 γῆς
1078 1907 1481 1961 ἀπαλλάττεται
1512 1905 1605 1957 καὶ
1636 1904 1733 1973 τῆς
1777 1902 2011 1956 ἐνταῦθα

437 1984 736 2069 φαντασίας
779 1996 1014 2064 ἀπάσης.
1058 1992 1156 2045 Διά
1206 1992 1361 2045 τοῦτο
1414 1984 1632 2041 πάντων
1669 1988 1892 2040 ἐκείνων
1932 1989 2011 2049 είς

440 2085 660 2155 μνήμην
694 2082 840 2151 ἡμᾶς
886 2079 1030 2146 ἄγει,
1060 2077 1149 2129 διὰ
1171 2075 1264 2128 τοῦ
1310 2072 1503 2147 καιροῦ
1538 2074 1633 2126 καὶ
1670 2070 1771 2140 τῆς
1801 2071 2009 2155 τραπέί-

436 2154 535 2236 ζης
570 2167 666 2219 καὶ
698 2165 798 2235 τῆς
841 2160 1129 2234 προδοσίας
1180 2159 1454 2230 ἐντρέπων
1482 2157 1577 2211 καὶ
1602 2155 1795 2220 λέγων,
1824 2156 1905 2208 δτι
1951 2154 2011 2207 ⁸0

439 2251 538 2324 μὲν
563 2249 837 2317 Δεσπότης
867 2263 958 2299 σου
990 2245 1083 2297 καὶ⁵
1124 2244 1316 2297 ἑαυτὸν
1343 2242 1666 2313 παρέδωκεν
1697 2241 1837 2311 ὑπὲρ
1873 2238 1967 2293 σοῦ
1994 2253 2008 2268 ·

439 2354 503 2391 συ
536 2336 593 2389 δὲ
624 2333 700 2406 τῷ
731 2329 945 2401 ἀδελφῷ
976 2328 1097 2381 οὐδὲ
1131 2327 1315 2381 σιτίων
1351 2325 1647 2397 μεταδίδως
1694 2325 1836 2392 ὑπὲρ
1883 2341 2013 2377 σαυ-

435 2437 571 2484 τους

506 2504 569 2558 δ’.
605 2501 729 2565 Πῶς
758 2499 815 2555 δέ
848 2515 980 2569 φησι
1022 2496 1172 2567 παρά
1204 2495 1298 2548 τοῦ
1333 2493 1536 2565 Κυρίου
1586 2488 2008 2561 παρειληφέναι;

436 2587 556 2642 οὺδέ
594 2588 703 2657 γὰρ
735 2585 915 2656 παρῆν
948 2583 1094 2644 τότε,
1134 2580 1270 2634 ἀλλὰ
1303 2577 1410 2631 τῶν
1455 2577 1759 2631 διωκόντων
1782 2570 1867 2645 ἦν.
1896 2574 2013 2626 Ἵνα

442 2670 620 2741 μάθῃς
650 2670 730 2721 δτι
758 2667 911 2720 οὐδὲν
960 2666 1122 2718 πλέον
1168 2663 1281 2732 ἔχει
1326 2660 1510 2730 ἐκείνη
1546 2662 1579 2730 ἡ
1633 2656 1884 2728 τράπεζα
1915 2656 2014 2726 τῆς

442 2756 580 2825 μετά
631 2750 825 2803 ταῦτα.
864 2749 976 2802 Καὶ
1027 2748 1136 2816 γὰρ
1178 2746 1274 2799 καὶ
1323 2746 1561 2815 σήμερον
1612 2743 1774 2804 αὑτός
1811 2742 1957 2825 ἐστιν
1986 2741 2015 2793 6

440 2823 618 2890 πάντα
645 2832 1009 2904 ἐργαζόμενος
1044 2832 1137 2883 καὶ
1167 2828 1516 2897 παραδιδοὺς,
1547 2824 1734 2895 ὥσπερ
1758 2824 1852 2876 καὶ
1867 2823 2009 2876 τότε.

439 2918 515 2973 Οὐ
542 2915 631 2970 διὰ
664 2914 821 2968 τοῦτο
844 2914 900 2967 δὲ
925 2913 1083 2983 μόνον
1105 2910 1205 2980 τῆς
1222 2910 1412 2972 νυκτὸς
1435 2907 1838 2978 ἀναμιμνήσκει
1868 2904 2012 2957 ἐκεί-

439 3016 558 3071 νης,
594 2997 707 3052 ἀλλ’
748 2998 835 3050 ἴνα
878 2996 971 3049 καὶ
1022 2994 1223 3065 ἑτέρως
1267 2993 1415 3062 ἡμᾶς
1460 2987 1757 3059 κατανύξῃ.
1802 2987 2013 3071 Ὥσπερ

441 3064 551 3156 γάρ
578 3082 803 3136 ἐκείνων
836 3079 1071 3151 μάλιστα
1112 3064 1441 3147 μεμνήμεθα
1472 3073 1580 3127 τῶν
1622 3071 1908 3156 ῥημάτων,
1939 3064 2014 3156 ὧν

443 3169 509 3221 ἂν
537 3167 845 3219 τελευταῖον
878 3161 1029 3232 παρά
1078 3159 1187 3213 τῶν
1233 3159 1503 3212 ἀπιόντων
1542 3155 1885 3226 ἀκούσωμεν,
1920 3155 2014 3207 καὶ

446 3251 585 3321 πρὸς
606 3253 732 3312 τοὺς
765 3246 1134 3318 κληρονόμους
1172 3243 1299 3306 τοὺς
1336 3242 1582 3304 ἐκείνων,
1611 3242 1660 3293 εί
1685 3239 2015 3312 τολμήσαιεν

445 3333 627 3389 αὐτῶν
671 3331 986 3402 παραϐῆναι
1018 3329 1114 3392 τὰς
1151 3326 1391 3390 ἐντολὰς,
1419 3324 1771 3395 ἐντρέποντες
1816 3325 2016 3389 αὐτοὺς

446 3417 697 3487 λέγομεν,
735 3415 1053 3485 Ἐννοήσατε
1077 3412 1158 3465 δτι
1182 3409 1384 3480 ταύτην
1412 3409 1646 3479 ὑστέραν
1669 3409 1849 3477 ἀφῆκε
1880 3408 2016 3487 πρδς

444 3485 590 3571 ὑμᾶς
619 3500 720 3569 τὴν
749 3498 931 3567 φωνήν
953 3497 981 3549 6
1013 3494 1213 3565 πατὴρ,
1239 3494 1331 3547 καὶ
1366 3492 1527 3563 μέχρι
1558 3491 1654 3561 τῆς
1685 3492 1921 3563 ἑσπέρας
1949 3485 2013 3562 ἦς

444 3583 668 3655 ἔμελλεν
698 3583 917 3634 ἐκπνεῖν
944 3578 1113 3632 ταῦτα
1140 3577 1505 3646 ἐπέσκηπτεν·
1527 3573 1668 3627 οὕτω
1699 3575 1790 3627 καὶ
1820 3578 1848 3629 6
1880 3575 2018 3628 Παῦ-

444 3666 536 3731 λος
589 3668 680 3719 καὶ
724 3662 973 3717 ἐντεῦθεν
1015 3661 1240 3731 φρικτὸν
1273 3659 1497 3729 ποιῆσαι
1520 3657 1611 3710 16v
1642 3658 1797 3725 λόγον
1832 3657 2016 3727 βουλό-

446 3766 628 3821 μενος,
685 3745 1117 3816 Ἀναμνήσθητε,
1168 3744 1351 3813 φησὶν,
1402 3742 1484 3794 δτι
1534 3739 1736 3809 ταύτην
1783 3740 2018 3810 ἐσχάτην

444 3832 475 3883 ὑ
485 3833 575 3901 μίν
609 3829 804 3883 δέδωκε
832 3828 931 3898 τήν
956 3825 1366 3896 μυσταγωγίαν,
1390 3825 1482 3877 καὶ
1510 3824 1567 3875 ἐν
1592 3824 1730 3894 αὐτῇ
1752 3825 1815 3893 τῇ
1840 3824 2015 3884 νυκτὶ,

443 3907 479 3986 ᾗ
510 3913 605 3967 καὶ⁵
629 3912 959 3980 σφάττεσθαι
991 3910 1131 3979 ὑπὲρ
1167 3908 1319 3979 ὑμῶν
1350 3906 1564 3975 έμελλε,
1598 3904 1774 3958 ταῦτα
1803 3903 2016 3957 ἐνετέλ-

444 3997 587 4061 λετο,
620 3997 715 4049 καὶ
746 3994 1071 4067 παραδιδοὺς
1125 3994 1254 4062 ὑμῖν
1281 3990 1342 4043 τὸ
1385 3990 1597 4043 δεῖπνον
1642 3990 1838 4053 ἐκεῖνο,
1900 3990 2016 4059 μετ’

444 4080 622 4134 ἐκεῖνο
669 4078 850 4132 οὐκέτι
905 4076 1245 4148 προσέθηκεν
1298 4074 1505 4143 ἕτερον.
1557 4067 1691 4125 Εἶτα
1738 4071 1833 4124 καὶ
1878 4071 2020 4126 αὐτὰ

443 4162 629 4214 λοιπὸν
651 4162 916 4231 διηγεῖται
945 4161 1015 4214 τὰ
1042 4157 1385 4228 γεγενημένα
1425 4155 1598 4222 λέγων
1627 4156 1731 4219 ὅτι,
1760 4156 2020 4208 Ἔλαϐεν

444 4243 650 4313 ἄρτον,
680 4244 778 4297 καὶ
804 4242 1253 4313 εὐχαριστήσας
1290 4240 1534 4313 ξκλασε,
1566 4237 1665 4292 καὶ
1692 4234 1821 4293 εἷπε
1840 4252 1854 4266 ·
1904 4237 2007 4292 Λά-

447 4329 596 4391 ϐετε,
648 4327 868 4396 φάγετε
890 4344 903 4357 ·
951 4326 1128 4380 τοῦτό
1158 4325 1275 4392 μού
1303 4324 1434 4375 ἐστι
1466 4321 1532 4375 τὸ
1566 4322 1738 4391 σῶμα
1770 4323 1833 4375 τὸ
1868 4321 2018 4389 ὑπὲρ

445 4410 614 4480 ὑμῶν
659 4413 985 4479 κλώμενον.
1039 4411 1101 4462 Εἰ
1146 4409 1325 4461 τοίνυν
1371 4407 1456 4460 ἐπ’
1501 4407 1818 4478 εὐχαριστίᾳ
1847 4424 2019 4477 προσ-

448 4495 602 4565 ἔρχῃ,
642 4496 735 4546 καὶ
771 4495 835 4546 σὺ
883 4492 1048 4563 μηδὲν
1082 4491 1299 4556 ἀνάξιον
1334 4492 1476 4543 ποίει
1515 4492 1611 4557 τῆς
1646 4490 2014 4559 εὐχαριστίας,

450 4576 587 4646 μηδέ
620 4575 945 4643 καταίσχυνε
998 4574 1089 4626 16v
1122 4572 1366 4640 ἀδελφὺν,
1425 4568 1558 4642 μηδέ
1616 4573 1844 4643 περιόρα
1896 4589 2016 4625 πει-

447 4658 642 4721 νῶντα,
675 4658 751 4728 μὴ
787 4655 973 4726 μέθυε,
1005 4655 1079 4726 μὴ
1112 4655 1300 4725 ὕϐριζε
1332 4653 1429 4722 τὴν
1463 4655 1808 4723 Ἐκκλησίαν.
1837 4649 2015 4725 Προσ-

449 4740 583 4813 έρχῃ
612 4739 719 4811 γὰρ
752 4737 1089 4810 εὐχαριστῶν
1132 4737 1270 4808 ὑπὲρ
1318 4729 1392 4791 ὧν
1437 4736 1770 4798 ἀπέλαυσας.
1803 4735 2015 4791 Οὐκοῦν

450 4825 544 4877 καὶ
581 4824 739 4887 αὐτὸς
768 4822 1000 4894 ἀμοιϐὴν
1031 4819 1302 4886 ἀποδίδου,
1342 4819 1436 4874 καὶ
1468 4820 1542 4889 μὴ
1567 4817 1826 4888 ἀπόσχιζε
1858 4835 2017 4872 σεαυ-

449 4906 539 4957 τὸν
572 4905 666 4957 τοῦ
714 4907 961 4976 πλησίον.
1008 4905 1121 4958 Καὶ
1155 4905 1262 4975 γὰρ
1303 4903 1332 4956 6
1374 4900 1608 4975 Χριστὸς
1634 4902 1798 4954 πᾶσιν
1832 4900 2017 4973 ἐξίσης

449 4988 616 5041 ἔδωκε
665 4988 861 5055 λέγων,
908 4986 1149 5051 Λάϐετε,
1204 4988 1440 5057 φάγετε.
1481 4987 1716 5049 Ἐκεῖνος
1752 4985 1813 5038 16
1856 4983 2015 5055 σῶμα

450 5070 634 5141 ἐξίσης
680 5069 868 5131 ἔδωκε,
899 5070 961 5121 σὺ
994 5068 1051 5120 δὲ
1077 5070 1197 5122 οὐδὲ
1230 5071 1320 5123 τὸν
1348 5070 1521 5124 κοινδν
1547 5068 1713 5141 ἄρτον
1743 5068 1897 5131 δίδως
1924 5067 2015 5135 ἐξ-

452 5154 607 5222 ίσης;
645 5153 739 5205 καὶ
767 5152 875 5222 γὰρ
905 5151 1044 5221 ὑπὲρ
1073 5152 1324 5204 ἀπάντων
1351 5154 1551 5223 ὁμοίως
1603 5152 1867 5223 ἐκλάσθη,
1921 5153 2015 5205 καὶ

451 5239 609 5311 σῶμα
638 5237 857 5306 γέγονεν
888 5235 1025 5306 ὑπὲρ
1082 5234 1335 5287 ἀπάντων
1385 5235 1587 5306 ἐξίσης.
1643 5236 1881 5304 Ὁμοίως
1915 5236 2014 5289 καί

447 5324 513 5378 τὸ
543 5320 832 5390 ποτήριον
856 5320 1005 5390 μετὰ
1030 5317 1096 5371 τὸ
1124 5316 1466 5386 δειπνῆσαι,
1496 5319 1709 5386 λέγων,
1742 5317 1923 5372 Τοῦτο
1949 5321 2015 5371 τὸ

448 5405 735 5474 ποτήριον
775 5405 814 5473 ἠ
864 5402 1041 5470 καινή
1070 5400 1324 5469 διαθήκη
1353 5399 1526 5455 ἐστίν
1562 5400 1632 5452 ἐν
1666 5399 1746 5466 τῷ
1773 5399 1891 5470 ἐμῷ
1920 5402 2015 5454 αἳ·

443 5505 583 5558 ματι
608 5506 620 5519 ·
666 5488 839 5543 τοῦτο
870 5485 1107 5549 ποιεῖτε,
1133 5483 1348 5551 ὁσάκις
1380 5482 1456 5538 ἂν
1498 5485 1735 5551 πίνητε,
1776 5488 1863 5550 εις
1895 5484 2012 5551 τὴν

449 5570 603 5638 ἐμὴν
640 5571 1003 5639 ἀνάμνησιν.
1053 5569 1117 5623 Τί
1148 5568 1364 5637 λέγεις;
1422 5568 1722 5637 ἀνάμνησιν
1756 5566 1848 5619 τοῦ
1883 5567 2016 5635 Χρι-

451 5650 577 5705 στοῦ
605 5656 796 5717 ποιεῖς,
837 5655 930 5707 καὶ
967 5653 1201 5722 πένητας
1229 5650 1493 5721 παρορᾷς,
1520 5650 1611 5700 καὶ
1638 5649 1697 5699 οὐ
1737 5646 2012 5716 φρίττειςς

462 5734 602 5789 Ἀλλ’
628 5735 675 5786 εί
710 5734 807 5803 μὲν
836 5734 951 5787 υίοῦ
974 5735 1007 5805 ἢ
1035 5734 1261 5803 ἀδελφοῦ
1284 5730 1728 5799 τετελευτηκότος
1766 5729 2014 5798 ἀνάμνη-

450 5835 537 5874 σιν
571 5816 793 5884 ἐποίεις,
829 5816 1071 5885 ἐπλήγης
1109 5816 1173 5870 ἂν
1225 5816 1328 5869 ὑπὸ
1356 5813 1448 5867 τοῦ
1495 5810 1811 5874 συνειδότος,
1849 5810 1895 5861 εί
1934 5809 2007 5881 μή

1205 291 1264 347 S.
1302 286 1585 346 JOAN‘NIS
1620 282 2101 342 CHRYSOSTOMI
2140 284 2454 340 ARCHIEP.
2487 284 3039 344 CONSTANTINOP.

3569 283 3677 338 230

2104 415 2163 467 τὸ
2191 414 2310 477 ἔθος
2358 416 2702 487 ἐπλήρωσας,
2744 416 2838 468 κα)⁸
2882 416 3119 485 πένητας
3165 412 3446 477 ἐκάλεσας·
3487 416 3585 484 τὴν
3614 420 3674 472 δὲ

2106 498 2198 549 τοῦ
2231 500 2502 551 Δεσπότου
2552 518 2644 553 σου
2681 500 2850 552 ποιῶν
2881 500 3207 568 ἀνάμνησιν,
3240 497 3361 549 οὐδὲ
3396 499 3675 568 τραπέζης

2101 581 2288 643 ἁπλῶς
2325 582 2657 650 μεταδίδως;
2706 582 2770 634 Τί
2798 582 2856 634 δέ
2904 584 3052 633 ἐστιν
3083 582 3112 633 ὃ
3140 596 3327 649 φησιν,
3362 581 3464 643 δτι,
3491 579 3675 635 Τοῦτο

2102 662 2165 716 τὸ
2196 664 2485 730 ποτήριον
2510 665 2548 730 ἠ
2583 666 2760 734 καινὴ
2789 666 3042 733 διαθήκη
3078 666 3286 727 ἑστι’ν;
3310 662 3420 716 Ἦν
3447 666 3555 734 γάρ
3582 671 3677 721 καὶ

2100 747 2200 818 τῆς
2253 747 2490 810 παλαιᾶς
2544 750 2806 820 διαθήκης
2842 751 3118 820 ποτήριον,
3148 750 3202 800 αἱ
3236 749 3458 801 σπονδαὶ
3488 749 3579 801 καὶ
3614 765 3677 802 τί,

2102 825 2243 900 αἷμα
2272 830 2381 882 τῶν
2416 831 2659 899 ἀλόγων·
2707 834 2798 885 καὶ
2829 832 2937 903 γὰρ
2968 832 3105 903 μετᾶ
3135 833 3194 883 16
3240 831 3399 884 θῦσαι
3435 832 3673 902 ποτηρίῳ

2105 912 2258 985 [247]
2291 915 2387 967 καὶ
2426 915 2592 987 φιάλῃ
2617 915 2677 968 16
2721 910 2858 986 αἷμα
2885 916 3160 985 δεχόμενοι
3185 916 3357 979 οὕτως
3400 916 3672 970 ἔσπενδον.

2117 996 2271 1050 Ἐπεὶ
2300 995 2392 1051 οὖν
2423 999 2544 1050 ἀντὶ⁵
2596 999 2829 1067 αἵματος
2883 999 3093 1065 ἀλόγων
3144 994 3284 1068 αἷμα
3331 999 3590 1068 εἰσήγαγε
3616 998 3674 1050 τὸ

2104 1080 2292 1142 αὑτοῦ,
2321 1081 2406 1132 ἴνα
2442 1083 2513 1151 μή
2544 1099 2628 1144 τις
2653 1082 2926 1152 θορυϐηθῇ
2953 1082 3111 1134 τοῦτο
3136 1080 3367 1143 ἀκούων,
3405 1080 3673 1149 ἀνέμνησε

2102 1163 2202 1232 τῆς
2236 1165 2471 1228 παλαιᾶς
2521 1165 2710 1227 θυσίας
2764 1166 3000 1234 ἐκείνης.
3055 1162 3189 1216 Εἶτα
3221 1161 3389 1215 εἰπὼν
3418 1162 3544 1232 περὶ
3580 1161 3674 1214 τοῦ

2105 1246 2321 1299 δείπνου
2353 1249 2583 1304 ἐκείνου,
2604 1247 2865 1300 συνάπτει
2894 1251 2963 1301 τὰ
2986 1247 3227 1315 παρόντα
3253 1249 3365 1308 τοῖς
3394 1245 3534 1309 τότε,
3568 1244 3672 1307 ἵνα,

2104 1328 2179 1391 ὼς
2215 1331 2271 1383 ἐν
2306 1332 2440 1400 αὐτῇ
2470 1329 2652 1400 ἐκείνῃ
2687 1333 2753 1400 τῇ
2788 1330 3018 1399 ἑσπέρᾳ.
3046 1331 3137 1381 καὶ
3167 1329 3254 1380 ἐπ’
3294 1328 3462 1397 αὐτῆς
3491 1328 3675 1396 κείμεο

2105 1428 2186 1465 νοι
2227 1413 2493 1476 στιϐάδος,
2519 1413 2612 1465 καὶ
2632 1413 2765 1482 παρ’
2794 1412 2958 1464 αὐτού
2985 1411 3077 1464 τοῦ
3110 1411 3344 1482 Χριστοῦ
3370 1410 3676 1480 λαμϐάνον-

2103 1514 2196 1561 τες
2243 1497 2342 1565 την
2388 1496 2575 1548 θυσίαν
2604 1495 2831 1566 ταύτην,
2878 1496 3020 1548 οὕτω
3058 1498 3151 1548 καὶ
3192 1495 3289 1547 νῦν
3326 1494 3671 1555 διακέωνται,

2106 1581 2200 1633 καί
2253 1596 2449 1648 φησιν·
2488 1579 2731 1643 Ὀσιὶκις
2785 1578 2898 1647 γὰρ
2946 1579 3023 1631 ἂν
3066 1578 3309 1643 ἐσθίητε
3358 1577 3465 1630 τὸν
3494 1578 3677 1645 ἄρτον

2107 1663 2342 1724 τοῦτον,
2380 1663 2574 1715 καὶτὸ
2607 1661 2895 1729 ποτήριον
2943 1661 3119 1714 τοῦτο
3161 1662 3392 1727 πίνητε,
3425 1661 3533 1713 τὸν
3573 1659 3677 1714 θώ-

2105 1763 2291 1799 νιιτον
2322 1744 2430 1798 τοῦ
2467 1746 2689 1813 Κὺρίου
2744 1747 3203 1813 καταγγέλλετε,
3260 1744 3430 1811 ἂγρις
3485 1737 3556 1798 οὗ
3596 1742 3675 1796 ἂν

2106 1831 2274 1897 ἔλθῃ.
2299 1829 2512 1898 ’Ὠσπερ
2537 1829 2645 1898 γὰρ
2673 1830 2700 1881 6
2734 1829 2967 1897 Χριστὸς
3005 1828 3098 1881 καὶ
3138 1829 3231 1880 ἐπὶ
3259 1828 3350 1880 τοῦ
3382 1830 3545 1895 ἄρτου
3582 1831 3676 1879 καὶ

2107 1914 2199 1964 ἐπὶ
2267 1912 2359 1965 τοῦ
2434 1913 2717 1983 ποτηρίου,
2792 1914 2897 1977 Εἰς
2949 1909 3065 1977 τὴν
3127 1910 3281 1979 ἐμὴν
3335 1910 3679 1979 ἀνάμνησιν

2107 1994 2327 2049 ποιεῖτε
2367 1995 2565 2057 τοῦτο,
2617 1995 2741 2063 ἔφη,
2789 1996 2888 2065 τὴν
2921 1995 3096 2048 αἰτίαν
3143 1993 3499 2048 ἐκκαλύπτων
3544 1995 3678 2065 ήμϊν

2106 2080 2205 2150 τῆς
2230 2079 2323 2131 τοῦ
2358 2078 2660 2149 μυστηρίου
2690 2079 2909 2141 δόσεως,
2941 2079 3035 2130 καὶ
3069 2079 3205 2147 μετὰ
3246 2078 3353 2131 τῶν
3382 2078 3556 2132 ἄλλων
3583 2078 3679 2130 καὶ

2107 2162 2308 2232 ταύτην
2334 2158 2472 2215 εἶναι
2495 2161 2669 2230 λέγων
2693 2161 2966 2233 ἀρκοῦσαν
2988 2163 3116 2233 ἡμῖν
3138 2163 3220 2224 είς
3241 2161 3524 2223 εὐλαϐείας
3550 2160 3679 2213 ὑπό-

2108 2248 2255 2301 θεσιν
2279 2266 2290 2277 ·
2333 2248 2461 2300 ὅταν
2486 2245 2594 2316 γὰρ
2628 2248 2892 2316 ἐννοήσῃς
2923 2245 2976 2297 τί
3021 2246 3286 2299 πέπονθεν
3339 2246 3367 2297 6
3406 2245 3682 2314 Δεσπότης

2110 2348 2201 2383 σου
2234 2329 2324 2383 διὰ
2371 2330 2452 2391 σὲ,
2486 2327 2918 2399 φιλοσοφώτερος
2946 2328 3073 2400 ἔσῃ·
3111 2329 3253 2381 οὕτω
3283 2327 3375 2380 καὶ
3403 2330 3430 2381 6
3471 2326 3681 2388 Παῦλος

2108 2414 2345 2468 ἐνταῦθά
2370 2408 2533 2483 φησίν
2554 2431 2565 2442 ·
2612 2412 2853 2478 Ὁσάκις
2881 2412 2959 2466 ἂν
2990 2414 3252 2477 ἐσθίητε,
3280 2412 3388 2464 τόν
3422 2410 3682 2464 θάνατον

2107 2499 2292 2553 αὐτοῦ
2331 2498 2780 2567 καταγγέλλετε.
2831 2498 2940 2550 Καὶ
2979 2497 3134 2551 τοῦτο
3160 2499 3334 2550 ἐκεῖνο
3373 2497 3434 2549 16
3467 2496 3681 2548 δεῖπνόν

2108 2586 2275 2638 ἐστιν.
2339 2580 2469 2636 Εἶτα
2524 2584 2735 2646 δεικνὺς
2789 2582 2869 2636 ὅτι
2904 2582 3007 2646 ἓως
3042 2582 3139 2652 τῆς
3192 2581 3500 2643 συντελείας
3546 2574 3677 2632 αὐτὸ

2112 2670 2281 2740 μένει,
2323 2668 2506 2739 φησίν·
2542 2668 2688 2733 Ἕως
2734 2667 2811 2720 ἂν
2846 2666 3016 2734 ἔλθῃ.
3041 2666 3221 2720 Ὥστε
3266 2664 3334 2729 ὃς
3386 2665 3463 2718 ἂν
3507 2664 3680 2730 ἐσθίῃ

2108 2753 2216 2806 τὸν
2253 2752 2436 2819 ἄρτον
2481 2750 2719 2816 τοῦτον,
2754 2752 2792 2819 ἢ
2827 2752 2972 2819 πίνῃ
3006 2750 3073 2804 τὸ
3116 2750 3404 2819 ποτήριον
3431 2749 3538 2803 τοῦ
3567 2753 3681 2802 Κυ-

2101 2837 2237 2905 ρίου
2271 2834 2547 2899 ἀναξίως,
2579 2834 2796 2903 ἔνοχος
2819 2835 2989 2888 ἔσται
3020 2833 3125 2887 τοῦ
3150 2834 3421 2902 σώματος
3450 2832 3547 2885 καί
3575 2831 3682 2885 τοῦ

2109 2920 2353 2988 αἵματος
2389 2917 2495 2971 τοῦ
2528 2918 2772 2985 Κυρίου.
2805 2917 2869 2969 Τί
2908 2917 3141 2988 δήποτε;
3184 2918 3307 2970 Ὅτι
3345 2918 3556 2987 ἐξέχεεν
3580 2915 3681 2969 αύ-

2107 3002 2192 3064 16,
2224 3002 2318 3055 καὶ
2343 2999 2555 3070 σφαγὴν
2580 3000 2640 3053 16
2674 3002 2908 3071 πρᾶγμα
2931 3001 3229 3072 ἀπέφηνεν,
3257 3001 3440 3055 οὐκέτι
3469 3000 3681 3055 θυσίαν.

2112 3084 2323 3155 Ὠσπερ
2350 3080 2443 3137 οὖν
2473 3084 2568 3136 καὶ
2598 3084 2717 3137 τότε
2743 3085 2792 3137 οί
2817 3085 3178 3152 κεντήσαντες
3211 3084 3308 3154 οὐχ
3341 3085 3428 3137 ἵνα
3482 3082 3684 3136 πίωσιν

2111 3166 2427 3237 ἐκέντησαν,
2464 3166 2580 3219 ἀλλ’
2611 3167 2698 3221 ἵνα
2728 3167 3023 3237 ἐκχέωσιν·
3066 3166 3209 3221 οὕτω
3252 3168 3349 3221 καὶ
3382 3169 3411 3221 6
3451 3166 3684 3232 ἀναξίως

2115 3249 2334 3322 μετιὼν,
2364 3252 2455 3304 καὶ
2486 3250 2653 3321 μηδὲν
2682 3250 2929 3304 ἐντεῦθεν
2958 3250 3358 3320 καρπούμενος.
3390 3247 3542 3315 Εἶδες
3566 3249 3684 3313 πῶς

2112 3332 2338 3406 φοϐερὸν
2372 3332 2460 3389 16v
2497 3333 2654 3401 λόγον
2682 3334 2926 3403 ἐποίησε,
2959 3333 3054 3386 καὶ
3086 3334 3205 3404 μεθ’
3246 3334 3555 3405 ὑπερϐολῆς
3585 3333 3685 3387 αὑ-

2110 3417 2218 3471 τῶν
2248 3418 2531 3489 καθήψατο
2557 3418 2758 3489 πάσης,
2804 3417 3017 3480 δεικνὺς
3053 3418 3134 3471 δτι
3168 3419 3216 3471 εί
3260 3418 3403 3471 οὕτω
3439 3417 3685 3489 μέλλοιεν

2112 3500 2310 3566 πίνειν,
2362 3501 2593 3566 ἀναξίως
2629 3504 2915 3572 μετέχουσι
2964 3499 3072 3554 τῶν
3124 3500 3524 3571 προκειμένων.
3558 3500 3684 3564 Πῶς

2113 3585 2221 3656 γὰρ
2252 3586 2353 3638 οὐκ
2383 3583 2634 3649 ἀναξίως,
2674 3585 2702 3635 6
2740 3582 3012 3654 περιορῶν
3043 3584 3349 3649 πεινῶντας
3415 3586 3443 3638 6
3491 3602 3685 3638 καται-

2115 3669 2322 3738 σχύνων
2353 3668 2489 3738 πρὸς
2540 3666 2617 3737 τῷ
2666 3668 2968 3738 περιιδεῖν;
3023 3667 3083 3720 Εἰ
3139 3668 3248 3738 γὰρ
3282 3668 3344 3720 τὸ
3380 3667 3455 3738 μή
3502 3666 3686 3719 δοῦναι

2114 3752 2340 3820 πένησιν
2369 3750 2621 3803 ἐκϐάλλει
2643 3752 2741 3821 τῆς
2766 3750 3062 3820 βασιλείας,
3092 3752 3195 3804 κᾶν
3227 3751 3492 3823 παρθένος
3579 3768 3681 3814 τις,

2117 3837 2316 3906 μᾶλλον
2365 3836 2421 3888 δὲ
2473 3834 2533 3887 τὸ
2588 3836 2664 3904 μὴ
2716 3833 2952 3904 δαψιλῶς
2998 3834 3211 3888 δοῦναι·
3283 3835 3375 3889 καὶ
3420 3833 3527 3904 γάρ
3589 3834 3684 3887 καὶ

2113 3922 2316 3974 ἐκεῖναι
2373 3918 2548 3970 ἔλαιον
2599 3914 2762 3987 εἶχον,
2818 3918 2953 3970 ἀλλὰ
3000 3917 3220 3987 δαψιλὲς
3254 3918 3355 3970 οὐκ
3391 3912 3535 3988 εἶχον
3560 3933 3573 3949 ·
3620 3916 3684 3970 16

2116 4003 2210 4056 καὶ
2260 4000 2501 4055 τοσαῦτα
2550 3999 2728 4053 ἄτοπα
2784 4000 3145 4071 ἐργάσασθαι,
3184 4000 3438 4070 ἐννόησον
3496 4000 3684 4071 ἡλίκον

2115 4086 2267 4139 ἔσται
2301 4085 2488 4138 κακόν.

2185 4236 2248 4292 ε’.
2267 4239 2403 4292 Ποῖα
2420 4238 2629 4303 ἀτοπας
2658 4237 2809 4307 φησί.
2836 4238 2900 4291 Τί
2930 4237 3125 4306 λέγεις,
3158 4243 3287 4293 ποῖα
3305 4240 3479 4294 ἄτοπα
3500 4257 3515 4306 ;
3540 4241 3683 4311 Τρα-

2116 4320 2288 4391 πέζης
2332 4321 2592 4391 μετέσχες
2618 4320 2891 4390 τοιαύτης,
2921 4322 3015 4374 καὶ
3044 4322 3263 4374 πάντων
3292 4322 3523 4389 ὀφείλων
3548 4325 3684 4393 {we-

2117 4401 2352 4473 ρώτερος
2384 4399 2521 4454 εἶναι
2561 4403 2654 4455 καὶ
2699 4403 2806 4456 τῶν
2841 4404 3089 4471 ἀγγέλων
3115 4406 3250 4468 ίσος,
3285 4406 3502 4461 πάντων
3531 4406 3683 4475 ὠμόν

2112 4502 2268 4555 τερος
2297 4484 2558 4553 γέγονας·
2593 4487 2822 4557 αἵματος
2850 4488 3059 4555 ἐγεύσω
3091 4487 3446 4553 Δεσποτικοῦ,
3471 4490 3566 4543 καὶ
3596 4489 3686 4542 τὸν

2114 4567 2341 4637 ἀδελφὺν
2371 4568 2492 4620 οὐδὲ
2538 4567 2712 4632 οὕτως
2744 4570 3156 4638 ἐπιγινώσκεις·
3192 4572 3287 4625 καὶ
3330 4573 3487 4635 ποίας
3537 4571 3687 4636 ἄξιος

2114 4647 2165 4703 εἷ
2194 4650 2557 4720 συγγνώμηςς
2617 4653 2808 4706 Καίτοι
2860 4655 2909 4705 εί
2943 4655 3038 4706 καὶ
3085 4654 3193 4723 πρὸ
3222 4654 3411 4709 τούτου
3439 4655 3682 4726 ἠγνόεις,

2113 4733 2224 4786 ἀπὸ
2251 4733 2352 4801 τῆς
2378 4733 2658 4804 τραπέζης
2704 4735 2865 4789 αὑτὸν
2908 4735 3205 4804 ἐπιγνῶναι
3257 4737 3456 4807 ἐχρῆν·
3504 4738 3601 4791 νῦν
3627 4738 3686 4791 δὲ

2114 4816 2209 4870 καὶ
2261 4816 2430 4886 αὐτὴν
2476 4816 2764 4887 ἀτιμάζεις
2818 4817 2915 4889 τήν
2962 4818 3262 4889 τράπεζαν,
3320 4821 3413 4874 τὸν
3466 4821 3687 4889 ἐκείνης

2115 4899 2526 4965 καταξιωθέντα
2563 4901 2788 4971 μέτοχον
2812 4897 2953 4954 εἶναι.
2978 4901 3090 4955 τῶν
3125 4902 3232 4956 σῶν
3257 4903 3353 4973 οὐχ
3379 4904 3684 4973 ἡγούμενος

2114 4982 2267 5047 ἀξιον
2292 4978 2430 5037 εἶναι
2483 4982 2687 5036 σιτίων.
2736 4984 2840 5036 06>
2882 4984 3120 5055 ῆκουσας
3155 4985 3296 5037 πόσα
3319 4985 3522 5038 ἔπαθεν
3559 4988 3588 5039 6
3615 4987 3684 5038 τὰ
3712 5042 3717 5045 ,

2115 5066 2308 5121 ἐκατδν
2333 5066 2564 5138 δηνάρια
2591 5066 2833 5120 ἀπαιτῶι⁵
2862 5083 2878 5132 ;
2929 5068 3048 5129 πῶς
3072 5068 3276 5139 δωρεάν
3314 5068 3684 5138 ἐξενεχθεῖσαν

2114 5153 2317 5211 ἄκυρον
2363 5152 2648 5219 ἐποίησεν;
2701 5153 2801 5204 οὐκ
2844 5153 3041 5215 ἐννοεῖς
3075 5152 3158 5214 τίς
3200 5152 3275 5206 ῶν
3299 5154 3384 5215 τίς
3414 5153 3682 5222 γέγονας;

2113 5236 2214 5289 οὐκ
2239 5235 2676 5305 ἀναμιμνήσκεις
2703 5234 2917 5297 σαυτὸν,
2948 5234 3032 5288 ὅτι
3083 5233 3273 5288 τούτου
3307 5235 3401 5288 τοῦ
3452 5235 3685 5306 πένητος

2114 5319 2171 5371 ἐν
2201 5318 2445 5388 χρήμασι
2496 5318 2633 5373 πολὺ
2679 5316 3025 5389 πτωχότερος
3070 5313 3138 5390 ἧς
3183 5320 3241 5372 ἐν
3271 5318 3683 5390 κατορθώμασι,

2118 5401 2324 5472 μυρίων
2375 5399 2563 5470 γέμων
2610 5402 3059 5471 ἁμαρτημάτων;
3104 5400 3247 5455 ’Δλλ⁹
3278 5393 3429 5470 δμως
3465 5403 3686 5456 πάντων

2114 5503 2175 5538 σε
2203 5482 2423 5537 ἐκείνων
2460 5484 2772 5555 ἀπήλλαξεν
2794 5488 2821 5538 6
2846 5485 2997 5551 Θεὸς,
3033 5484 3127 5539 καὶ
3162 5486 3445 5557 τραπέζης
3481 5486 3687 5557 ἠξίωσε

2114 5566 2404 5636 τοιαύτης·
2437 5567 2500 5618 σὺ
2527 5566 2584 5619 δέ
2625 5569 2746 5622 οὑδέ
2788 5568 2929 5622 οὕτω
2981 5569 3495 5641 φιλανθρωπότερος
3532 5570 3685 5641 γίνῃ.

2114 5647 2323 5701 Οὐκοῦν
2348 5648 2497 5701 οὐδὲν
2533 5649 2719 5719 ἕτερον
2752 5650 3019 5711 λείπεται,
3052 5651 3087 5721 ἢ
3120 5653 3215 5705 καὶ
3257 5653 3317 5706 τό
3353 5669 3413 5704 σε
3447 5651 3687 5722 παραδοα

2114 5729 2272 5799 θῆναι
2318 5732 2428 5793 τοῖς
2487 5730 2857 5800 βασανισταῖς.
2906 5733 3056 5806 [2481
3105 5733 3321 5787 Τούτων
3376 5736 3469 5787 καὶ
3522 5735 3686 5805 ἡμεῖς

2114 5813 2437 5888 ἀκούσωμεν
2461 5815 2571 5869 τῶν
2604 5816 2865 5887 ῥημάτων
2891 5816 3112 5884 πάντες,
3151 5817 3263 5871 ὅσοι
3318 5817 3552 5873 ἐνταῦθα
3583 5819 3683 5892 μὲν
