4094 6222
363 287 452 344 9‘19

352 412 420 457 est
439 413 627 469 corpus
655 411 842 462 meum,
867 395 1002 467 quod
1037 409 1132 466 pro
1161 394 1298 452 nobis
1322 393 1614 466 frangitur:
1637 394 1731 448 hoc
1767 391 1922 463 facite

351 491 402 544 in
428 506 587 548 meam
612 486 1151 542 commemorationem.
1173 485 1283 541 Cur
1304 485 1391 540 hic
1411 485 1786 557 mysteriorum
1810 497 1927 539 me-

353 579 536 636 minit?
560 579 694 646 Quia
725 577 878 633 valde
907 576 1266 632 necessarium
1287 584 1403 632 erat
1427 576 1492 630 ad
1518 591 1752 646 praesens
1769 591 1927 646 argu-

351 681 584 728 mentum
607 671 698 726 tali
723 670 796 726 uti
821 683 1090 725 sermone.
1113 667 1246 723 Nam
1271 668 1526 723 Dominus
1549 676 1698 733 tuus,
1729 667 1920 737 inquit,

351 764 530 822 eadem
560 777 751 824 omnes
772 777 956 818 mensa
981 761 1226 831 dignatus
1251 771 1365 827 est;
1397 763 1494 816 etsi
1526 762 1610 816 illa
1637 759 1922 816 admodum

351 854 620 911 tremenda
649 863 787 918 erat,
817 853 1162 922 omniumque
1185 853 1496 924 dignitatem
1524 851 1680 908 valde
1705 866 1926 923 supera-

351 948 468 1002 bat:
493 956 550 1001 ιιι
572 961 701 1002 vero
726 946 847 1002 illos
872 953 958 1000 tua
989 945 1235 1016 indignos
1255 961 1375 1001 esse
1396 955 1571 1016 putas,
1597 946 1682 1000 illa
1709 946 1920 1014 inquam

351 1054 503 1108 parva
550 1047 605 1092 et
643 1037 768 1101 vili;
809 1044 863 1091 et
901 1051 1021 1092 cum
1053 1035 1104 1090 in
1139 1037 1499 1107 Spiritualibus
1526 1037 1655 1090 nihil
1683 1036 1799 1105 plus
1830 1037 1923 1090 ha-

349 1130 504 1184 beant
529 1143 692 1198 quam
720 1136 812 1195 tu,
855 1129 910 1182 in
951 1127 1297 1183 sensibilibus
1327 1128 1447 1182 illos
1484 1127 1720 1196 spolias:
1749 1141 1922 1197 neque

349 1221 487 1275 enim
521 1219 638 1273 haec
679 1228 766 1272 tua
811 1227 954 1273 sunt.
998 1217 1103 1273 Sed
1151 1232 1255 1272 non
1287 1217 1388 1272 hoc
1419 1218 1630 1286 quidem
1661 1217 1822 1282 dicit,
1856 1231 1922 1271 ne

347 1313 583 1380 aSperior
609 1318 751 1364 esset
775 1323 974 1373 sermo,
995 1309 1142 1364 illum
1161 1324 1288 1363 vero
1315 1309 1728 1362 mansuetiorem
1757 1307 1923 1363 efﬁcit

347 1405 524 1459 dicens
547 1419 562 1456 :
589 1402 839 1469 Quoniam
869 1401 1113 1456 Dominus
1133 1401 1304 1466 Iesus,
1327 1403 1378 1454 in
1398 1418 1496 1471 qua
1521 1410 1664 1454 nocte
1683 1402 1920 1455 tradeba-

346 1504 456 1559 tur,
495 1493 685 1562 accepit
730 1508 930 1561 panem.
965 1491 1031 1546 Et
1069 1506 1171 1560 qua
1210 1492 1278 1546 de
1318 1505 1476 1546 causa
1521 1500 1729 1560 tempus
1769 1491 1921 1546 nobis

347 1591 765 1648 commemorat,
812 1593 867 1636 et
913 1596 1190 1651 vesperam
1241 1582 1381 1636 illam
1426 1590 1481 1635 et
1526 1581 1920 1650 proditionem?

347 1674 455 1730 Non
482 1674 598 1728 sine
622 1689 785 1729 causa
809 1683 864 1728 et
891 1674 1118 1739 ratione,
1139 1672 1234 1728 sed
1266 1683 1317 1726 ιιι
1341 1687 1499 1743 supra
1527 1672 1744 1727 modum
1769 1687 1918 1726 com-

347 1776 601 1837 pungeret
626 1767 785 1820 etiam
817 1782 847 1820 a
878 1776 1133 1835 tempore.
1163 1764 1386 1822 Etiamsi
1415 1764 1555 1819 enim
1580 1764 1712 1833 lapis
1734 1764 1803 1818 sit
1821 1763 1920 1818 ali-

344 1858 480 1928 quis,
508 1858 551 1912 si
583 1858 776 1928 cogitet
805 1857 947 1911 illam
968 1865 1201 1922 noctem,
1227 1855 1492 1926 quomodo
1508 1871 1629 1910 cum
1648 1855 1920 1925 discipulis

345 1956 457 2002 erat
487 1947 655 2002 tristis
680 1987 694 2012 ,
727 1947 996 2017 quomodo
1026 1947 1253 2003 traditus
1278 1956 1358 2003 est
1386 1989 1400 2014 ,
1434 1947 1700 2017 quomodo
1729 1949 1920 2018 ligatus

344 2048 398 2093 et
437 2037 718 2102 abductus,
764 2037 1031 2108 quomodo
1075 2038 1342 2107 judicatus
1381 2049 1484 2102 est,
1527 2048 1580 2093 et
1621 2055 1726 2108 quo
1764 2050 1919 2110 pacto

343 2138 533 2183 cintera
561 2129 741 2182 omnia
779 2129 1053 2198 sequentia
1084 2128 1302 2199 pertulit
1322 2170 1338 2195 ,
1367 2143 1488 2184 cera
1518 2129 1730 2184 mollior
1754 2129 1921 2184 efﬁci-

342 2229 447 2285 tur,
479 2235 508 2273 a
537 2230 677 2273 terra
702 2218 1029 2274 abstrahitur
1048 2231 1100 2273 et
1118 2220 1186 2273 ab
1207 2221 1349 2274 omni
1377 2220 1534 2290 hujus
1554 2219 1736 2275 saeculi
1759 2220 1913 2276 fastu.

341 2310 466 2366 Ideo
493 2312 669 2365 omnia
699 2311 783 2366 illa
809 2312 960 2366 nobis
987 2313 1038 2365 in
1067 2313 1374 2368 memoriam
1399 2322 1635 2378 revocat,
1663 2329 1758 2384 per
1782 2323 1919 2368 tem-

342 2416 442 2472 pus
482 2411 534 2456 et
562 2416 800 2456 mensam
831 2411 884 2458 et
913 2403 1266 2471 proditionem
1298 2402 1502 2473 pudore
1529 2404 1842 2459 sull‘undens
1867 2413 1919 2460 et

339 2494 556 2549 dicens:
580 2493 834 2549 Dominus
859 2504 976 2552 tuus
999 2497 1232 2566 seipsum
1252 2512 1349 2566 pro
1369 2509 1419 2553 te
1439 2497 1688 2564 tradidit;
1715 2507 1771 2553 tu
1792 2513 1921 2554 vero

339 2584 491 2639 fratri
523 2600 694 2654 neque
721 2585 898 2640 cibum
930 2585 1024 2640 das
1055 2601 1150 2655 pro
1179 2586 1388 2656 teipso?

409 2676 465 2730 ι.
495 2674 772 2741 Quomodo
811 2685 989 2731 autem
1023 2677 1153 2734 dicit
1191 2693 1250 2734 se
1291 2680 1562 2750 accepisse
1585 2695 1616 2734 a
1649 2680 1920 2737 Domino?

337 2782 518 2837 neque
541 2767 684 2821 enim
715 2778 838 2823 tunc
865 2769 1082 2836 aderat,
1117 2770 1209 2826 sed
1245 2786 1310 2827 es
1341 2788 1565 2828 numero
1594 2788 1921 2845 persequen-

338 2859 471 2913 tium
501 2870 633 2913 erat.
664 2859 733 2915 Ut
758 2860 932 2926 discas
959 2863 1088 2917 nihil
1120 2865 1236 2934 plus
1261 2866 1458 2922 habere
1486 2868 1628 2923 illam
1656 2885 1915 2934 mensam,

339 2966 504 3021 quam
546 2951 634 3006 illa
659 2968 780 3022 qua:
819 2962 1000 3022 postea
1036 2956 1147 3010 fuit.
1180 2956 1310 3010 Nam
1339 2968 1388 3012 et
1424 2958 1581 3013 hodie
1607 2960 1696 3015 ille
1725 2969 1807 3015 est
1829 2962 1916 3031 qui

338 3046 520 3098 omnia
551 3043 712 3099 efficit
742 3054 796 3100 et
837 3045 1016 3109 tradit,
1063 3057 1118 3102 ut
1158 3058 1209 3104 et
1236 3059 1382 3104 tunc.
1416 3050 1529 3105 Non
1568 3052 1689 3107 ideo
1717 3061 1916 3108 tantum

338 3135 485 3190 illam
515 3145 724 3190 noctem
753 3149 1139 3194 commemorat
1158 3181 1173 3206 ,
1202 3141 1296 3196 sed
1332 3149 1385 3195 et
1425 3151 1480 3196 ut
1505 3143 1610 3197 alio
1641 3143 1798 3200 modo
1824 3160 1922 3200 nos

337 3233 682 3297 compungat.
723 3225 792 3282 Ut
831 3228 973 3280 enim
1020 3228 1230 3283 illorum
1264 3233 1493 3287 maxime
1523 3233 1808 3290 verborum
1837 3251 1922 3290 re-

337 3317 628 3372 cordamur
650 3360 666 3385 ,
710 3335 831 3389 qua:
861 3321 1041 3374 ultima
1085 3322 1332 3379 audimus
1361 3341 1390 3379 a
1419 3325 1832 3394 decedentibus;
1866 3339 1922 3386 et

336 3409 629 3465 heredibus
650 3425 860 3477 eorum,
887 3413 929 3466 si
954 3413 1183 3469 audeant
1209 3416 1418 3471 illorum
1453 3430 1716 3489 praecepta
1750 3431 1922 3478 trans-

333 3497 513 3568 gredi,
539 3508 594 3552 ut
615 3501 817 3568 pudore
837 3501 1150 3566 afﬁciamus,
1173 3504 1400 3560 dicimus
1420 3525 1433 3560 :
1453 3507 1692 3579 Cogitate
1714 3519 1919 3580 patrem

335 3601 579 3646 vestrum
609 3591 747 3646 hanc
780 3594 1015 3649 ultimam
1055 3597 1300 3652 emisisse
1329 3615 1512 3654 vocem
1539 3641 1554 3667 ,
1580 3611 1633 3656 et
1661 3619 1827 3675 usque
1853 3605 1920 3660 ad

334 3681 506 3748 diem,
535 3700 636 3754 qua
664 3687 1032 3754 exspiraturus
1055 3698 1190 3750 erat,
1222 3691 1337 3745 bmc
1366 3693 1703 3750 mandavisse
1726 3714 1739 3749 :
1763 3697 1841 3752 sic
1867 3707 1921 3754 et

331 3774 536 3831 Paulus
561 3775 685 3832 inde
707 3778 890 3832 volens
914 3778 1112 3834 dictum
1140 3782 1269 3836 illud
1298 3786 1628 3841 tremendum
1659 3788 1917 3854 reddere,

331 3867 719 3923 Recordamini
743 3910 761 3937 ,
794 3872 1000 3941 inquit,
1045 3873 1186 3944 quod
1220 3875 1354 3930 hanc
1385 3879 1621 3936 ultimam
1651 3882 1802 3936 vobis
1827 3883 1922 3937 de-

329 3959 482 4015 derit
511 3963 747 4029 mysterii
774 3963 1180 4032 institutionem,
1205 3977 1259 4022 et
1284 3970 1334 4022 in
1363 3969 1473 4039 ipsa
1498 3983 1672 4038 nocte,
1698 3989 1799 4044 qua
1827 3990 1923 4045 pro

330 4052 505 4105 vobis
533 4053 848 4111 occidendus
883 4067 998 4112 erat
1022 4100 1038 4124 ,
1073 4059 1185 4115 hinc
1216 4065 1531 4132 przcceperit
1553 4105 1566 4127 ,
1614 4077 1667 4121 et
1709 4069 1922 4124 tradens

330 4143 505 4196 nobis
537 4142 678 4196 illam
707 4159 907 4201 canam
933 4189 948 4210 ,
998 4159 1117 4218 post
1149 4151 1290 4204 illam
1325 4168 1428 4206 non
1473 4155 1613 4210 aliud
1645 4158 1917 4228 adjecerit.

329 4235 556 4290 Deinde
587 4235 674 4289 illa
705 4254 821 4306 qure
849 4250 975 4294 tunc
1000 4241 1134 4296 facta
1168 4243 1315 4298 fuere
1347 4257 1524 4300 narrat
1557 4268 1570 4302 :
1602 4248 1804 4319 Accepit
1831 4268 1923 4320 pa-

328 4346 452 4382 rtem
473 4369 488 4394 ,
523 4339 571 4384 et
598 4346 710 4383 cum
737 4334 925 4402 gratias
949 4336 1162 4406 egisset,
1206 4341 1354 4409 [regit
1390 4349 1437 4392 ct
1477 4342 1602 4396 dixit
1625 4341 1918 4412 :Accipite,

327 4419 680 4484 suanducate;
707 4422 801 4475 hoc
830 4435 900 4477 est
924 4441 1108 4495 corpus
1143 4445 1303 4481 meum
1330 4431 1464 4498 quod
1493 4448 1584 4503 pro
1610 4433 1746 4487 vobis
1773 4438 1920 4504 fran-

324 4513 495 4582 gitur.
529 4511 588 4565 Si
623 4527 750 4582 ergo
781 4525 995 4584 propter
1018 4517 1392 4573 eucharistiam
1434 4523 1678 4588 accedis,
1714 4534 1764 4578 tu
1795 4526 1923 4580 nihil

326 4602 683 4657 eucltaristia:
728 4605 1000 4675 indignum
1050 4609 1226 4671 facito,
1275 4627 1446 4680 neque
1493 4614 1694 4682 pudore
1723 4617 1924 4672 afﬁcias

329 4692 558 4748 fratrem
582 4735 599 4760 ,
629 4712 728 4749 nec
759 4699 1080 4753 esurientem
1111 4701 1372 4772 despicias
1391 4746 1404 4766 ,
1436 4720 1502 4760 ne
1531 4705 1826 4775 inebrieris,
1859 4725 1924 4764 ne

332 4785 642 4840 Ecclesium
673 4791 991 4844 contumelia
1025 4791 1244 4847 afficias.
1279 4796 1504 4850 Aecedis
1538 4799 1732 4866 gratias
1762 4815 1924 4870 agens

328 4893 436 4946 pro
467 4879 532 4930 iis
563 4894 682 4946 qua:
713 4882 962 4950 accepisti
993 4901 1005 4934 :
1031 4899 1157 4953 ergo
1184 4896 1235 4938 et
1269 4898 1322 4938 tu
1353 4887 1519 4941 vicem
1547 4890 1797 4959 repende,
1832 4907 1927 4947 ne-

326 4985 442 5038 que
482 4981 533 5023 te
565 4970 850 5026 abscindas
879 4989 905 5026 a
937 4977 1199 5043 proximo.
1231 4978 1434 5032 Etenim
1466 4981 1709 5038 Christus
1745 4986 1921 5040 omni-

324 5060 436 5113 bus
490 5062 768 5129 :nqualiter
809 5063 956 5119 dedit
1000 5067 1203 5135 dicens,
1249 5072 1490 5141 Accipite,
1531 5077 1789 5130 comedite.
1834 5080 1926 5135 llle

321 5166 542 5219 corpus
571 5154 850 5222 :cqualiter
877 5157 1019 5210 dedit
1047 5175 1061 5222 ;
1109 5169 1160 5213 lu
1193 5176 1319 5216 vero
1347 5179 1412 5216 ne
1443 5180 1778 5222 communem
1805 5173 1926 5239 qui-

321 5242 462 5295 dem
490 5259 683 5312 panem
709 5248 987 5315 aequaliter
1003 5250 1130 5304 das?
1153 5271 1272 5309 nam
1299 5272 1393 5325 pro
1415 5261 1659 5315 omnibus
1684 5264 1926 5322 similiter

323 5335 574 5388 fractum
606 5345 709 5401 est,
737 5348 789 5392 et
813 5355 878 5392 ex
901 5357 1054 5412 ωτιυο
1078 5342 1174 5399 fuit
1197 5361 1388 5417 corpus
1419 5367 1511 5420 pro
1540 5357 1806 5412 omnibus.
1831 5360 1920 5415 25.

320 5425 598 5482 Similiter
635 5439 682 5482 et
714 5432 950 5499 calicem,
986 5446 1245 5506 postquam
1284 5445 1493 5496 cwnavit
1516 5422 1536 5509 ,I
1583 5448 1752 5503 dicens
1781 5467 1800 5504 :
1828 5451 1926 5506 Ilic

316 5521 481 5572 calix
505 5537 692 5574 novum
719 5534 1070 5581 testamentum
1094 5540 1165 5584 est
1197 5532 1249 5584 in
1277 5550 1384 5586 meo
1415 5541 1656 5608 sanguine
1679 5558 1697 5594 :
1720 5543 1814 5595 hoc
1839 5549 1924 5615 fa-

314 5611 454 5671 cite,
494 5614 906 5685 quotiescumque
928 5619 1176 5687 biberitis,
1213 5624 1264 5677 in
1301 5642 1460 5680 meam
1490 5638 1924 5690 commemoratio-

320 5717 476 5758 nem.
505 5705 641 5773 Quid
672 5707 848 5762 dicis?
876 5717 1438 5772 commemorationem
1466 5719 1660 5777 Christi
1690 5724 1846 5798 facis,
1863 5737 1921 5784 et

669 5818 940 5881 ΡΑἸιιοι..
989 5825 1104 5885 Gn.
1151 5827 1307 5890 LXI.

1341 277 1409 335 IN
1447 277 1660 336 EPIST.
1702 276 1721 331 Ι
1787 275 1878 330 All
1917 271 2070 330 COD.
2115 273 2348 329 llOMlL.
2393 273 2603 330 XXVII.

3502 282 3608 340 250

2044 403 2309 459 pauperes
2336 390 2564 460 despicis
2584 433 2597 457 ,
2632 405 2730 447 nec
2758 383 3152 451 exhorrescis?
3177 381 3281 458 Sed
3323 403 3366 454 si
3398 400 3493 458 ﬁlii
3527 415 3622 459 aut

2038 478 2220 536 fratris
2267 485 2463 537 mortui
2509 488 3070 542 commemorationem
3124 489 3328 547 faceres
3357 535 3371 558 ,
3417 509 3449 548 a
3496 508 3624 550 cnn-

2031 572 2255 626 scientia
2285 577 2594 642 pungereris
2619 619 2632 640 ,
2661 576 2704 630 si
2735 591 2836 630 non
2870 594 3072 634 morem
3105 592 3364 652 sequutus
3392 599 3540 640 esses
3571 593 3624 638 et

2031 678 2296 734 pauperes
2320 667 2621 721 \‘OcaViSSCS
2648 686 2659 720 :
2683 684 2801 723 cum
2829 681 3004 726 autem
3033 673 3239 729 Domini
3272 677 3340 732 tui
3373 690 3622 732 comme-

2032 755 2386 810 morationem
2429 757 2556 811 facis
2577 800 2591 822 ,
2625 774 2800 828 neque
2843 778 3040 817 mensa:
3068 765 3258 820 saltem
3287 772 3615 826 consortium

2029 843 2148 899 das.
2177 845 2312 912 Quid
2342 861 2468 901 vero
2497 848 2598 901 sibi
2623 850 2730 902 vult
2760 851 2886 905 illud
2915 869 2927 904 :
2959 851 3056 906 Hic
3086 855 3221 909 calix
3250 873 3432 912 notum
3463 869 3613 914 testa-

2027 948 2250 990 mentum
2298 940 2426 991 est?
2471 938 2681 994 Veteris
2737 943 2878 996 enim
2929 947 3234 1001 testamenti
3277 950 3412 1003 calix
3459 962 3608 1006 erant

1996 1029 2279 1084 .lihamina
2305 1041 2357 1085 et
2385 1032 2602 1102 sanguis
2628 1033 2903 1088 brutorum
2933 1054 2944 1088 :
2972 1045 3251 1106 postquam
3275 1041 3416 1095 enim
3445 1044 3611 1097 sacri-

2027 1119 2332 1186 lieaverant,
2357 1122 2407 1175 in
2435 1122 2598 1177 calice
2627 1131 2681 1177 et
2711 1123 2884 1192 phiala
2909 1128 3221 1196 sanguinem
3255 1132 3609 1201 excipientes,

2025 1212 2104 1266 sic
2156 1213 2413 1294 libabant.
2464 1214 2597 1282 Quia
2651 1216 2813 1286 igitur
2859 1233 2954 1286 pro
3020 1221 3276 1289 sanguine
3330 1223 3610 1280 brutorum

2025 1305 2336 1373 sanguinem
2375 1320 2530 1360 suum
2586 1307 2828 1372 induxit;
2877 1325 2942 1363 ne
2994 1312 3114 1380 quis
3155 1313 3459 1369 turbaretur
3511 1316 3612 1373 hoc

2025 1393 2267 1460 audiens,
2286 1395 2337 1449 in
2355 1397 2665 1451 memoriam
2681 1399 3106 1455 revocavitvetus
3120 1403 3244 1458 illud
3265 1405 3582 1461 sacriﬁcium
3595 1448 3608 1461 .

2027 1483 2229 1539 Deinde
2256 1485 2323 1539 de
2348 1501 2498 1541 cmna
2525 1487 2608 1542 illa
2639 1489 2909 1559 loquutus,
2935 1494 3218 1560 prtcsentia
3249 1495 3312 1550 iis
3340 1512 3459 1566 qua:
3484 1509 3611 1554 tunc

2023 1584 2177 1630 erant
2205 1577 2481 1647 conjungit
2507 1596 2517 1630 :
2547 1589 2604 1632 ut
2635 1581 2783 1650 quasi
2817 1582 2868 1634 in
2906 1582 2996 1636 illa
3025 1600 3245 1654 vespera
3264 1627 3279 1651 ,
3317 1587 3367 1639 in
3397 1588 3612 1643 eodem-

2024 1681 2129 1734 que
2156 1677 2326 1722 strato
2355 1670 2749 1735 recumbentes,
2772 1682 2828 1726 et
2849 1674 2915 1726 ab
2940 1674 3055 1744 ipso
3082 1676 3294 1732 Christo
3320 1679 3421 1734 hoc
3447 1683 3613 1735 sacri-

2027 1757 2206 1811 licium
2248 1760 2573 1828 accipientes
2596 1803 2609 1824 ,
2654 1763 2723 1815 ita
2771 1771 2828 1818 et
2878 1780 3018 1820 nunc
3048 1767 3377 1832 afficiantur;
3411 1781 3463 1824 et
3494 1771 3606 1827 ait:

2023 1847 2114 1902 26.
2151 1849 2570 1921 Quotiescumque
2597 1853 2731 1906 enim
2769 1856 3138 1911 manducabitis
3167 1875 3348 1926 panem
3379 1861 3532 1927 hunc,
3562 1874 3610 1918 et

2023 1939 2228 1994 calicem
2263 1941 2471 2006 bibatis,
2521 1954 2728 1997 mortem
2775 1945 2985 2000 Domini
3021 1951 3416 2015 annuntiabitis,
3453 1954 3610 2008 donec

2023 2031 2208 2084 veniat.
2238 2031 2386 2087 Sicut
2411 2034 2552 2088 enim
2579 2035 2631 2088 in
2663 2050 2800 2105 pane
2828 2045 2882 2090 et
2909 2038 2960 2091 in
2987 2039 3155 2094 calice
3181 2039 3315 2095 dixit
3340 2042 3605 2112 Christus,

2027 2121 2139 2176 lloc
2164 2123 2317 2192 facile
2353 2125 2405 2178 in
2445 2143 2606 2180 nteant
2635 2131 3180 2201 commemorationem,
3215 2150 3426 2190 causam
3457 2139 3609 2194 nobis

2022 2213 2270 2280 aperiens
2291 2213 2398 2268 dati
2424 2217 2687 2287 mystcrii,
2715 2228 2767 2272 et
2792 2234 2912 2272 cum
2941 2221 3059 2275 aliis
3085 2220 3187 2277 hoc
3214 2224 3373 2279 etiam
3401 2207 3610 2296 dicens:

2028 2303 2195 2373 ipsam
2230 2306 2382 2360 nobis
2410 2310 2540 2362 satis
2567 2323 2685 2363 esse
2715 2309 2779 2363 ad
2811 2311 3021 2378 pietatis
3049 2325 3420 2383 argumentum
3448 2333 3606 2374 :cum

2022 2394 2164 2448 enim
2211 2397 2530 2464 cogitaveris
2573 2398 2700 2468 quid
2744 2400 3000 2456 Dominus
3039 2412 3162 2459 tuus
3203 2406 3273 2460 sit
3321 2422 3606 2478 perpessus

2023 2492 2242 2554 prapter
2266 2494 2340 2548 te,
2371 2487 2540 2556 magis
2568 2488 2917 2558 philosophus
2941 2493 3051 2548 eris
3076 2510 3090 2548 :
3113 2495 3192 2549 sic
3216 2505 3270 2550 et
3299 2497 3494 2555 Paulus
3521 2500 3608 2557 hic

2024 2574 2121 2641 ait,
2151 2576 2572 2648 Quotiescumque
2598 2580 2970 2636 manducabilis
2987 2623 3004 2649 ,
3034 2595 3246 2642 mortem
3272 2589 3382 2658 ejus
3409 2605 3609 2646 annun-

2020 2665 2232 2719 tiabin's.
2259 2666 2324 2720 Et
2348 2668 2462 2722 haec
2481 2678 2565 2726 est
2590 2670 2676 2724 illa
2698 2685 2870 2725 coena.
2897 2673 3097 2730 Deinde
3115 2690 3237 2731 cum
3262 2680 3605 2750 ostendisset,

2018 2757 2165 2824 quod
2208 2771 2374 2826 usque
2415 2757 2482 2812 ad
2523 2763 3037 2818 consummationem
3085 2766 3172 2820 illa
3215 2779 3458 2829 maneat.
3502 2775 3603 2841 ait,

2023 2843 2198 2900 Donec
2222 2849 2406 2902 veniat.
2439 2848 2530 2903 27.
2562 2848 2745 2918 Itaque
2773 2855 3078 2926 quicumque
3105 2860 3484 2917 manducauerit
3519 2882 3608 2934 pa-

2023 2951 2139 2993 uent
2160 2938 2296 2993 hunc
2321 2939 2399 2993 vel
2426 2940 2602 2994 biberit
2625 2940 2834 2997 calicem
2864 2943 3068 3000 Domini
3106 2949 3341 3021 indigne,
3370 2971 3486 3008 rens
3513 2957 3606 3009 erit

2020 3030 2248 3099 corporis
2274 3039 2321 3083 et
2349 3033 2613 3102 sanguinis
2639 3033 2866 3089 Domini.
2901 3036 3122 3104 Quare?
3154 3043 3284 3107 Quia
3329 3044 3512 3100 cll‘udit
3540 3048 3606 3102 il-

2022 3120 2153 3185 lum,
2182 3129 2237 3175 et
2261 3135 2325 3176 ea
2353 3137 2442 3175 res
2469 3125 2847 3180 mactationem
2875 3130 3133 3195 exhibuit,
3167 3149 3272 3188 non
3297 3135 3406 3204 jam
3435 3140 3605 3194 sacri-

2023 3207 2220 3264 ficium.
2257 3210 2326 3266 Ut
2352 3227 2480 3282 ergo
2511 3223 2638 3268 tunc
2675 3216 2763 3285 qui
2797 3218 3206 3290 transﬁxerunt,
3241 3241 3346 3280 non
3380 3237 3435 3282 ut
3460 3229 3608 3287 bibe—

2023 3311 2143 3354 rent
2171 3301 2553 3358 transﬁxerunt
2572 3345 2587 3372 ,
2618 3305 2712 3360 sed
2739 3317 2797 3361 ut
2837 3307 3172 3368 effunderent
3193 3332 3208 3368 :
3233 3315 3304 3371 ita
3333 3318 3490 3375 etiam
3517 3322 3607 3391 qui

2024 3391 2241 3463 indigne
2270 3395 2585 3465 participat,
2615 3408 2669 3451 et
2698 3399 2831 3454 nihil
2858 3400 2984 3458 hinc
3009 3403 3213 3462 fructus
3241 3412 3486 3481 percipit.
3519 3414 3608 3468 Vi-

2023 3483 2144 3539 den‘
2189 3501 2347 3554 quam
2398 3489 2692 3545 terribilem
2739 3508 3046 3552 sermonem
3089 3498 3298 3568 fecerit,
3349 3516 3404 3559 et
3450 3523 3607 3578 quam

2023 3574 2200 3629 valide
2228 3577 2349 3630 illos
2379 3580 2770 3648 perstrinxerit,
2803 3588 3092 3645 ostendens
3123 3595 3262 3661 quod
3295 3597 3336 3651 si
3367 3599 3444 3654 sic
3467 3574 3608 3657 hihi-

2028 3665 2132 3719 turi
2160 3665 2285 3730 sint,
2319 3668 2532 3738 indigne
2559 3671 2667 3726 sint
2693 3679 3085 3746 propositorum
3115 3687 3440 3758 participes?
3465 3693 3608 3760 Quo-

2030 3755 2190 3810 modo
2215 3753 2358 3812 enim
2389 3773 2494 3813 non
2523 3761 2738 3832 indigne
2763 3767 2851 3835 qui
2879 3768 3106 3839 despicit
3132 3753 3603 3855 esurientem-qui

2024 3843 2374 3915 despiciendo
2401 3849 2607 3920 pudore
2637 3855 2927 3912 suffundit?
2957 3861 3084 3916 Nam
3115 3866 3156 3918 si
3186 3884 3290 3922 non
3320 3871 3447 3927 dare
3468 3843 3608 3942 pan-

2025 3936 2244 4005 peribus
2274 3939 2420 4007 ejicit
2459 3955 2525 3995 ex
2569 3958 2735 4014 regno
2775 3949 3064 4016 caelorum,
3110 3957 3270 4011 etiam
3317 3962 3357 4014 si
3398 3936 3498 4031 qua
3541 3969 3609 4020 sit

2031 4027 2218 4097 virgo;
2251 4028 2360 4084 imo
2384 4031 2547 4085 etiam
2572 4033 2618 4087 si
2647 4050 2754 4090 non
2782 4037 3000 4108 largiter
3019 4042 3204 4109 detur;
3235 4063 3353 4102 nam
3381 4027 3482 4105 illa‘
3505 4057 3608 4109 vir-

2025 4119 2177 4189 gines
2205 4121 2384 4177 oleum
2427 4122 2738 4194 habebant,
2769 4129 2862 4183 sed
2893 4146 2996 4186 non
3041 4134 3259 4205 largiter
3297 4139 3562 4198 habebant
3590 4165 3604 4202 :

2029 4221 2137 4265 tam
2168 4213 2334 4268 multa
2365 4214 2595 4272 absurda
2625 4217 2818 4276 fecisse
2837 4263 2851 4286 ,
2880 4226 3050 4294 cogita
3083 4240 3337 4296 quantum
3367 4236 3468 4289 erit
3497 4253 3608 4312 nta-

2027 4302 2159 4357 lum.

2097 4393 2152 4448 5.
2189 4394 2318 4461 Qua:
2362 4395 2611 4464 absurda,
2657 4398 2859 4470 inquit?
2899 4404 3034 4472 Quid
3080 4407 3248 4477 dicis,
3291 4415 3466 4484 qualia
3507 4420 3604 4474 ah-

2027 4484 2226 4539 surda?
2253 4484 2398 4541 Talis
2423 4502 2622 4543 mensa:
2650 4492 2914 4565 particeps
2941 4497 3114 4567 fuisti,
3145 4511 3198 4558 et
3223 4517 3340 4560 cum
3366 4512 3601 4566 omnium

2027 4576 2343 4631 mitissimus
2382 4592 2502 4632 esse
2542 4579 2816 4638 debuisses
2859 4597 2912 4640 et
2954 4604 3052 4658 par
3091 4597 3325 4664 angelis,
3366 4602 3602 4658 oninium

2027 4666 2426 4723 crudelissimus
2463 4670 2682 4728 effectus
2711 4689 2790 4729 es.
2819 4676 3052 4735 Gustasti
3085 4688 3392 4754 sanguinem
3424 4691 3604 4747 Domi-

2030 4759 2208 4813 nicutn
2231 4799 2244 4822 ,
2273 4770 2327 4814 et
2356 4776 2527 4830 neque
2558 4765 2772 4819 fratrem
2805 4769 2874 4822 ita
2904 4775 3180 4839 agnoscis;
3210 4787 3264 4830 et
3290 4795 3388 4849 qua
3417 4783 3605 4855 dignus

2028 4863 2182 4904 venia
2228 4849 2432 4906 fueris?
2477 4852 2804 4924 Quamquam
2855 4862 2953 4912 etsi
3005 4875 3159 4919 antea
3214 4849 3527 4940 igiturahas,
3573 4875 3601 4935 ά

2029 4953 2212 4994 mensa
2245 4939 2388 4994 illum
2418 4956 2710 5011 agnoscere
2735 4949 2970 5015 oportuit
3002 4969 3014 5004 :
3049 4954 3401 5015 nunc‘autem
3435 4963 3600 5032 ipsam

2029 5031 2188 5084 etiam
2218 5046 2454 5084 mensam
2483 5031 2793 5102 dedecoras,
2825 5038 2949 5092 dum
2979 5041 3124 5099 illum
3147 5048 3237 5116 qui
3258 5031 3500 5120 dignatus
3526 5066 3610 5111 est

2031 5119 2171 5174 illius
2217 5123 2479 5191 particeps
2518 5123 2654 5190 ﬁeri,
2699 5143 2764 5182 ne
2813 5131 2944 5187 cibis
2989 5137 3199 5205 quidem
3245 5119 3348 5197 tuis
3387 5146 3604 5216 dignum

2031 5212 2326 5266 existimas.
2360 5213 2474 5267 Non
2503 5217 2695 5272 audisti
2722 5233 2914 5290 quanta
2940 5243 3123 5294 passus
3153 5241 3235 5286 est
3261 5235 3350 5289 ille
3373 5212 3608 5306 qnicen-

2033 5311 2142 5355 tum
2171 5301 2419 5358 denarios
2454 5307 2738 5378 exigebat?
2766 5317 3033 5381 quomodo
3074 5321 3174 5374 sibi
3216 5301 3468 5382 collatum
3507 5331 3608 5383 do-

2032 5407 2156 5445 num
2191 5392 2397 5448 irritum
2429 5395 2646 5452 fecerit?
2675 5416 2780 5454 non
2802 5405 3000 5472 cogitas
3021 5409 3138 5478 quis
3159 5425 3278 5465 cum
3301 5430 3468 5484 esses,
3491 5423 3609 5493 quis

2029 5482 2252 5537 effectus
2292 5483 2495 5540 fueris?
2537 5503 2644 5543 non
2691 5492 2988 5551 recordaris
3028 5506 3082 5553 te
3127 5499 3229 5556 hoc
3258 5505 3324 5559 'in
3371 5482 3609 5577 pecuniis

2032 5587 2264 5644 paupere
2290 5576 2445 5648 longe
2471 5577 2634 5634 fuisse
2661 5585 3029 5652 pauperiorem
3062 5591 3113 5644 in
3143 5592 3294 5648 bonis
3321 5603 3606 5676 operibus,

2029 5679 2158 5721 cum
2182 5667 2326 5723 mille
2348 5672 2577 5739 peccatis
2607 5673 2796 5742 plenus
2825 5678 3011 5733 esses?
3039 5681 3284 5741 Attamen
3305 5667 3476 5746 abhis
3496 5667 3606 5750 om:

2043 5757 2194 5814 nibus
2237 5770 2286 5815 te
2322 5760 2564 5818 liberavit
2608 5765 2767 5834 Deus,
2807 5778 2965 5838 teque
3010 5772 3098 5831 tali
3140 5790 3324 5832 mensa
3367 5781 3607 5852 dignatus

3209 5869 3280 5932 l5
