4108 6218
449 328 567 384 .251

440 437 665 486 i-estztu
709 439 836 482 vero
883 437 951 478 ne
1001 421 1077 474 sic
1121 416 1335 486 quidem
1390 409 1668 479 benignior
1718 409 1942 463 effectus
1968 423 2047 462 cs.

451 522 651 592 itaque
682 519 813 575 nihil
861 515 1004 570 aliud
1055 517 1245 572 restat,
1276 520 1438 575 quam
1471 513 1526 558 ut
1557 501 1784 557 mularis
1830 501 2043 556 tortori-

457 615 591 669 bus.
636 611 760 666 llaec
788 607 946 663 verba
975 616 1073 658 nos
1103 611 1317 669 quoque
1347 609 1537 650 omnes
1566 593 1868 657 audiamus,
1895 600 2051 662 quol-

469 714 601 780 quot
627 718 747 760 cum
776 695 1102 769 pauperibus
1128 691 1192 746 ad
1227 702 1434 751 sacram
1468 687 1608 741 hanc
1639 699 1875 740 nzensam
1905 698 2058 739 acce-

468 775 670 854 dimus.
697 793 1016 848 ﬂincautem
1039 783 1267 857 egressi,
1283 795 1351 836 ne
1375 778 1498 835 illos
1517 777 1732 848 quidem
1759 775 2060 845 respexisse

472 890 732 946 videmur.
760 884 940 941 sedet
964 879 1101 936 ebrii
1123 891 1310 932 sumus
1333 881 1389 929 et
1415 871 1716 928 esurientes
1743 879 2061 938 prtetercur-

464 982 811 1050 rimus:qua
848 976 914 1031 de
954 989 1012 1028 re
1052 982 1178 1027 tunc
1215 965 1482 1024 Corinthii
1522 963 1935 1019 accusabantur.
1995 960 2063 1015 Et

471 1073 839 1146 quandonam,
865 1067 1092 1138 inquies,
1125 1065 1228 1119 hoc
1273 1060 1369 1115 fit?
1399 1059 1628 1127 Semper
1655 1055 1894 1126 quidem,
1925 1065 2064 1122 prae-

477 1168 635 1237 cipue
674 1178 804 1218 vero
848 1161 900 1215 in
945 1157 1136 1212 diebus
1182 1152 1354 1218 festis,
1382 1165 1504 1206 cum
1551 1149 1790 1204 maxime
1821 1147 1931 1201 fieri
1958 1159 2064 1200 non

479 1272 774 1338 oporteret.
800 1262 953 1316 Tunc
975 1257 1122 1312 enim
1151 1260 1273 1324 post
1295 1247 1731 1306 communionem
1753 1243 1939 1331 Astatim
1968 1257 2067 1299 ex-

478 1360 610 1430 cipit
634 1356 868 1412 ebrietas
897 1359 952 1406 et
983 1360 1274 1420 pauperum
1307 1349 1650 1410 contemptus
1676 1348 1762 1394 :et
1789 1345 2068 1408 postquam

480 1449 792 1521 sanguinem
827 1441 1098 1512 recepisti,
1127 1453 1250 1494 cum
1293 1435 1485 1508 jejunii
1527 1433 1619 1488 tibi
1671 1441 1878 1500 tempus
1906 1438 1991 1484 est
2017 1435 2074 1484 et

486 1517 819 1605 sobrietatis,
850 1531 1207 1591 debaccharis
1248 1539 1304 1584 et
1353 1523 1692 1583 comessaris.
1744 1523 1809 1575 Et
1855 1521 1902 1575 si
1947 1517 2073 1590 quid

488 1635 612 1692 boni
641 1629 946 1704 perceperis
973 1627 1026 1680 in
1053 1621 1301 1696 prandio,
1332 1633 1492 1675 caves
1529 1630 1595 1670 ne
1625 1614 1734 1670 alio
1761 1625 1926 1683 pravo
1955 1609 2076 1666 cibo

485 1702 720 1794 priorem
761 1721 1046 1776 labefactes
1077 1733 1090 1769 :
1122 1728 1246 1770 cum
1289 1721 1468 1765 autem
1519 1704 1856 1776 spiritualem
1889 1702 2075 1758 cibum

490 1817 781 1887 acceperis,
807 1813 1072 1870 satanicas
1093 1807 1301 1864 inducis
1324 1804 1567 1860 delicias.
1591 1800 1774 1870 Cogita
1797 1799 1923 1870 quid
1943 1813 2075 1867 apo-

491 1910 613 1966 stoli
645 1907 888 1970 fecerint,
920 1917 1042 1958 cum
1077 1899 1195 1954 illas
1241 1910 1424 1952 sacras
1458 1892 1827 1962 percepissent
1855 1903 2074 1944 cmnas:

493 2016 673 2058 nonne
711 1999 776 2054 ad
819 1995 1117 2052 orationem
1164 1986 1620 2047 convertebantur
1662 1995 1717 2040 et
1744 1982 1813 2038 ad
1855 1982 2082 2056 hymnos

492 2094 883 2156 celebrandos?
917 2106 1093 2146 nonne
1129 2088 1196 2142 ad
1245 2100 1396 2142 sacra
1439 2080 1758 2154 pervigilia?
1806 2093 1984 2134 nonne
2015 2076 2081 2130 ad

496 2191 792 2248 doctrinam
827 2188 1060 2255 longam,
1095 2197 1213 2253 qute
1243 2193 1433 2249 magna
1483 2176 1637 2247 plena
1683 2184 1800 2229 erat
1847 2172 2085 2244 philoso-

495 2286 657 2358 phia?
693 2297 882 2353 magna
913 2280 1112 2349 quippe
1139 2284 1195 2329 et
1225 2271 1489 2327 mirabilia
1521 2277 1648 2323 tunc
1685 2266 1761 2321 illi
1799 2264 2087 2321 enarrabat

495 2356 551 2434 et
579 2373 950 2447 praecipiebat,
979 2365 1300 2424 abscedente
1343 2361 1506 2426 Juda,
1533 2359 1598 2413 ad
1647 2356 1920 2412 vocandus
1965 2356 2087 2412 illos

497 2471 587 2538 qui
615 2471 788 2538 ipsum
820 2465 872 2519 in
904 2476 1117 2516 crucem
1165 2456 1336 2511 acturi
1365 2461 1542 2510 erant.
1585 2452 1700 2506 Non
1731 2450 1925 2505 audisti
1954 2463 2089 2520 quo-

499 2561 660 2617 modo
680 2559 770 2614 illa
793 2557 895 2612 tria
921 2553 1089 2607 millia
1116 2548 1416 2611 hominum,
1443 2544 1531 2615 qui
1555 2539 1950 2598 communionis
1971 2553 2090 2610 par-

501 2653 688 2722 ticipes
734 2655 910 2712 erant,
944 2657 1159 2712 semper
1203 2635 1624 2709 perseverabant
1669 2635 1720 2689 in
1763 2634 2006 2688 oratione
2035 2641 2090 2688 et

502 2746 556 2799 in
584 2741 850 2807 doctrina,
869 2752 974 2792 non
1001 2735 1054 2788 in
1077 2731 1448 2790 ebrietatibus,
1475 2743 1580 2783 non
1611 2727 1662 2781 in
1685 2723 2092 2780 comessationi-

505 2835 637 2891 bus?
665 2835 744 2889 Tu
771 2845 896 2887 vero
917 2839 1200 2898 antequam
1227 2823 1488 2896 percipias
1513 2821 1754 2890 quidem,
1780 2818 2013 2886 jejunas,
2039 2825 2096 2872 ut

505 2924 1008 2998 quomodocumque
1037 2921 1230 2990 dignus
1279 2915 1662 2970 communione
1710 2910 1970 2974 videaris,
2003 2908 2092 2963 ubi

510 3027 688 3072 autem
714 3013 1020 3084 pereepisui,
1045 3026 1164 3065 cum
1193 3015 1466 3078 oporteret
1488 3013 1538 3060 te
1561 3000 1968 3072 temperantiam
1998 3014 2089 3052 ar.

509 3123 658 3179 gere,
683 3105 860 3160 omnia
889 3087 1089 3173 perdis.
1123 3100 1280 3169 Atqui
1313 3111 1414 3151 non
1445 3109 1540 3162 par
1567 3108 1657 3149 res
1677 3100 1761 3148 est
1781 3098 1936 3146 antea
1958 3092 2083 3160 jeju‘

513 3213 664 3264 nare,
697 3204 751 3251 et
777 3204 960 3264 postea
989 3211 1001 3247 :
1028 3193 1080 3246 in
1107 3200 1333 3259 utroque
1362 3187 1503 3242 enim
1530 3195 1771 3252 tempore
1794 3191 2098 3252 temperan-

513 3301 621 3346 tem
649 3304 773 3345 esse
798 3294 1032 3356 oportet,
1064 3282 1297 3338 maxime
1342 3293 1471 3334 vero
1517 3287 1796 3346 postquam
1843 3289 2097 3342 sponsum

511 3380 769 3450 excepisti
797 3386 983 3431 :antea
1029 3373 1240 3442 quidem
1260 3413 1273 3433 ,
1303 3378 1362 3424 ut
1386 3370 1583 3450 dignus
1608 3366 1683 3420 sis
1711 3368 1796 3434 qui
1829 3361 2063 3450 accipias
2080 3381 2095 3430 ;

510 3441 697 3531 postea
729 3472 878 3524 vero,
905 3470 976 3511 ne
1002 3441 1249 3523 indignus
1275 3449 1509 3505 videaris
1548 3444 1616 3500 iis
1653 3456 1774 3513 quae
1813 3441 2086 3511 accepisti.

511 3528 647 3622 Quid
677 3565 827 3622 ergo,
857 3542 1276 3618 jejunandumne
1312 3547 1394 3595 est
1434 3543 1716 3609 postquam
1760 3528 2092 3622 acceperim?

512 3619 626 3701 Dion
658 3619 762 3697 hoc
790 3640 946 3706 dico,
978 3648 1151 3705 neque
1191 3641 1244 3688 te
1283 3643 1436 3700 cogo.
1485 3627 1688 3682 Bonum
1730 3619 1944 3692 quidem
1991 3619 2093 3673 hoc

513 3749 724 3808 quoque
745 3739 918 3795 esset;
951 3743 1134 3784 verum
1159 3739 1264 3780 non
1287 3723 1390 3778 vim
1415 3719 1606 3781 infero,
1635 3714 1730 3771 sed
1753 3711 2007 3769 adhortor
2029 3725 2096 3766 ne

518 3805 568 3882 te
586 3823 792 3881 deliciis
814 3820 1034 3891 impleas
1054 3825 1203 3874 extra
1226 3825 1550 3869 mensuram.
1571 3807 1627 3862 Si
1642 3805 1788 3862 enim
1811 3817 2097 3874 numquam

518 3923 760 3987 oporteat
781 3910 1049 3974 deliciari;
1074 3907 1178 3962 hoc
1197 3905 1338 3960 enim
1361 3898 1648 3956 declaravit
1677 3896 1873 3952 Paulus
1891 3893 2094 3960 dicens,

522 3983 650 4076 Quae
675 4013 843 4060 autem
863 4002 915 4056 in
935 3998 1129 4055 deliciis
1156 4004 1251 4062 est,
1290 3994 1455 4047 uiuens
1499 3998 1696 4044 mortua
1734 3997 1804 4042 est
1845 3985 1919 4055 (1.
1963 3983 2095 4038 Tim.

519 4102 573 4156 5.
605 4099 694 4169 6);
723 4095 891 4152 multo
918 4090 1088 4160 magis
1114 4098 1240 4144 tunc
1269 4084 1545 4140 morietur.
1579 4080 1638 4136 Si
1681 4088 1860 4134 autem
1895 4076 2101 4132 delicia:

523 4203 667 4248 mors
690 4194 815 4244 sunt
842 4181 1076 4245 mulieri,
1106 4178 1274 4234 multo
1303 4175 1472 4245 magis
1501 4172 1650 4238 viro;
1679 4180 1734 4226 et
1760 4169 1804 4225 si
1830 4168 1935 4223 alio
1965 4177 2101 4223 tem-

523 4295 652 4351 pore
689 4276 897 4334 delicias
940 4270 1187 4343 perdunt,
1216 4267 1386 4323 multo
1427 4263 1596 4333 magis
1637 4269 1756 4331 post
1797 4265 2101 4351 perceptam

523 4347 903 4442 mysteriorum
957 4357 1410 4416 communionem.
1462 4351 1544 4407 Tu
1584 4358 1764 4406 autem
1807 4363 1944 4418 pane
1980 4347 2104 4401 vita:

525 4436 766 4529 accepto,
797 4469 912 4509 rem
937 4458 1110 4506 morte
1132 4449 1344 4519 dignam
1378 4443 1528 4508 facis,
1559 4449 1615 4498 et
1655 4455 1759 4496 non
1800 4436 2104 4494 horrescis?

528 4527 707 4605 nescis
731 4561 888 4616 quam
916 4543 1080 4598 multa
1106 4539 1245 4595 mala
1269 4552 1336 4594 ex
1357 4533 1563 4590 deliciis
1585 4529 1938 4588 inducantur?
1969 4527 2108 4581 risus

532 4636 938 4708 intempestivus
961 4673 976 4697 ,
1019 4630 1286 4685 incondita
1315 4625 1500 4692 verba,
1533 4623 1826 4678 scurrilitas
1852 4618 2108 4690 perniciei

534 4735 712 4805 plena,
750 4741 903 4799 nugae
941 4723 1158 4779 inutiles
1199 4729 1254 4777 et
1296 4718 1398 4773 alia
1435 4731 1554 4788 qua:
1583 4731 1658 4805 ne
1679 4715 1761 4805 fas
1789 4712 2002 4786 quidem
2031 4721 2114 4768 est

535 4804 737 4880 dicere.
782 4821 846 4874 Et
878 4816 993 4874 haec
1032 4813 1163 4870 facis
1204 4818 1484 4882 postquam
1524 4806 1591 4862 ad
1630 4804 1829 4862 Christi
1869 4817 2111 4860 mensam

537 4907 1016 4983 exceptusfuisti,
1057 4905 1152 4963 illo
1178 4903 1265 4958 die
1304 4915 1409 4972 quo
1444 4897 1693 4969 dignatus
1739 4895 1884 4952 fuisti
1925 4909 2116 4952 carnes

538 5004 654 5073 ejus
683 5004 858 5071 lingua
885 5009 1120 5069 tangere.
1149 4993 1400 5064 Quisquis
1424 5003 1552 5062 ergo
1581 4988 1675 5056 sis,
1707 5002 1775 5044 ne
1801 4986 1916 5041 haec
1945 4985 2072 5040 fiant
2095 5023 2113 5051 ,

1149 311 1204 362 S.
1249 307 1529 360 JUANNIS
1567 294 2049 355 CHRYSOSTOMI
2091 295 2398 352 ARCHIEP.
2439 292 2966 354 CONS'I'ANTINOP.

3627 304 3734 363 232

2154 434 2382 491 expurga
2413 418 2688 473 dexteram
2715 425 2880 483 tuam,
2905 414 3160 486 linguam,
3191 412 3351 476 labia.
3382 427 3501 483 quae
3530 411 3735 483 ingres~

2155 511 2234 566 sui
2259 510 2456 568 Christi
2487 509 2745 564 vestibula
2774 508 2951 574 fuere;
2983 515 3037 562 et
3061 505 3303 577 apposita
3339 518 3526 559 mensa
3553 504 3731 560 sensi-

2157 600 2268 664 bih,
2298 599 2363 655 ad
2405 601 2547 654 illam
2588 614 2828 654 mensam
2866 605 3100 654 mentem
3127 595 3382 664 intende,
3421 595 3487 649 ad
3529 609 3738 651 cenam

2158 691 2510 759 Dominicam,
2533 691 2597 746 ad
2621 691 2825 762 vigilias
2848 690 3232 760 discipulorum
3261 689 3349 742 illa
3370 701 3521 742 sacra
3548 695 3738 754 nocte;

2156 783 2268 838 imo
2294 796 2423 838 vero
2443 821 2458 846 ,
2495 782 2540 836 si
2569 783 2689 852 quis
2717 789 2965 837 accurate
3003 779 3416 845 examinaverit,
3457 780 3741 848 praesentia

2159 889 2264 930 nox
2283 883 2429 930 sunt.
2454 873 2746 943 Vigilemus
2762 887 2889 944 ergo
2907 888 3028 928 cum
3053 871 3297 939 Domino,
3321 885 3742 942 compungamttt'

2157 980 2279 1021 cum
2324 965 2622 1034 discipulis.
2665 963 2890 1019 Precum
2928 974 3138 1034 tempus
3163 971 3279 1028 est,
3310 978 3416 1019 non
3445 962 3741 1030 ebrietatis,

2157 1071 2371 1128 semper
2393 1055 2629 1127 quidem,
2659 1056 2892 1111 maxime
2919 1063 3095 1110 autem
3129 1054 3182 1108 in
3203 1053 3291 1109 die
3320 1052 3477 1108 festo.
3512 1053 3633 1108 Dies
3662 1052 3743 1108 fe-

2159 1157 2274 1203 stus
2297 1148 2440 1204 enim
2471 1147 2591 1221 ideo
2615 1147 2885 1202 institutus
2909 1154 3010 1213 est,
3035 1160 3141 1202 non
3163 1153 3222 1201 ut
3252 1145 3477 1216 turpiter
3502 1159 3741 1216 agamus,

2164 1257 2271 1296 non
2303 1250 2362 1296 ut
2392 1249 2610 1311 peccata
2647 1239 3074 1305 accumulemus,
3116 1237 3212 1294 sed
3251 1246 3309 1292 ut
3351 1252 3470 1307 qua:
3511 1236 3746 1292 admissa

2165 1333 2314 1389 fuere
2330 1332 2398 1388 de
2417 1331 2594 1388 medio
2614 1330 2880 1386 tollamus.
2912 1329 2981 1385 Et
2999 1329 3110 1385 scio
3125 1327 3336 1400 quidem
3357 1343 3445 1383 me
3463 1328 3513 1382 in
3533 1341 3744 1382 cassum

2169 1424 2287 1480 haec
2310 1422 2491 1479 dicere
2514 1463 2530 1489 ,
2575 1421 2668 1476 sed
2701 1436 2806 1476 non
2837 1420 2995 1476 finem
3026 1419 3240 1476 dicendi
3276 1419 3484 1473 faciam.
3532 1417 3748 1474 Etiamsi

2165 1515 2310 1570 enim
2353 1527 2543 1570 omnes
2587 1527 2694 1568 non
2736 1511 3035 1579 audieritis,
3077 1510 3170 1567 sed
3213 1525 3318 1566 non
3368 1525 3554 1565 omnes
3594 1524 3751 1580 repit.

2165 1607 2422 1680 gnabitis;
2455 1608 2562 1663 imo
2582 1622 2711 1664 vero
2737 1608 2783 1662 si
2814 1621 3001 1662 omnes
3027 1605 3357 1678 repugnetis,
3383 1604 3512 1661 mihi
3537 1604 3750 1676 quidem

2167 1700 2340 1770 major
2368 1713 2597 1768 merces,
2620 1698 2773 1755 vobis
2798 1708 2975 1754 autem
3005 1699 3218 1769 gravius
3243 1697 3522 1769 judicium.
3549 1697 3627 1754 Ne
3657 1698 3752 1767 igi-

2170 1802 2258 1849 tur
2286 1793 2498 1862 gravius
2528 1792 2770 1859 eveniat,
2801 1791 2924 1847 ideo
2949 1791 3107 1846 linem
3135 1788 3347 1847 dicendi
3377 1804 3484 1844 non
3512 1789 3701 1844 faciam
3735 1807 3749 1842 :

2171 1887 2414 1941 fortassis
2438 1887 2581 1942 enim
2606 1927 2622 1951 ,
2662 1884 2906 1941 fortassis
2927 1898 2992 1940 ex
3025 1883 3288 1954 frequenti
3318 1883 3608 1939 monitione
3634 1897 3754 1938 sco-

2175 1996 2298 2051 pum
2320 1982 2598 2052 attingam.
2625 1978 2752 2036 Idco
2772 1979 3021 2045 obsecro,
3048 1984 3108 2032 ut
3136 1991 3204 2032 ne
3229 1976 3280 2031 in
3303 1975 3560 2047 judicium
3581 1983 3636 2031 et
3657 1974 3756 2030 da-

2174 2088 2356 2129 mnum
2385 2072 2486 2127 boc
2509 2071 2784 2138 faciamus,
2808 2069 3104 2125 nutriamus
3130 2067 3425 2134 Christum,
3444 2075 3626 2137 potum
3656 2067 3757 2135 ipsi

2174 2166 2383 2228 demus,
2408 2161 2690 2219 induamus
2710 2160 2860 2216 illum
2895 2178 2908 2215 :
2937 2160 3058 2216 haec
3085 2159 3174 2214 illa
3204 2173 3386 2214 mensa
3416 2158 3574 2228 digna
3608 2166 3755 2213 sunt.

2177 2253 2385 2310 Audisti
2421 2266 2604 2309 sacros
2643 2251 2914 2324 hymnos?
2939 2251 3121 2306 vidisti
3169 2250 3380 2320 nuptias
3418 2249 3763 2320 spirituales?

2176 2355 2436 2416 exceptus
2457 2343 2600 2400 fuisti
2621 2342 2689 2398 ad
2711 2356 2951 2398 mensam
2973 2341 3210 2410 regiam?
3232 2339 3465 2409 repletus
3480 2353 3539 2394 es
3562 2338 3760 2409 Spiritu

2177 2437 2395 2493 sancto?
2425 2435 2622 2490 choros
2662 2433 2820 2505 egisti
2864 2447 2988 2487 cum
3030 2429 3376 2500 Seraphinis?
3414 2428 3590 2484 socius
3618 2427 3762 2482 fuisti

2182 2544 2535 2600 supernarum
2567 2525 2921 2598 potestatum?
2947 2523 3023 2579 Ne
3045 2532 3240 2578 tantum
3264 2521 3498 2577 lmtitiam
3520 2521 3760 2592 abjicias,

2183 2638 2250 2678 ne
2275 2621 2519 2678 eﬂ‘undas
2545 2619 2858 2675 thesaurum
2880 2659 2895 2683 ,
2927 2631 2994 2671 ne
3025 2615 3244 2671 inducas
3271 2614 3583 2670 ebrietatem
3624 2627 3761 2668 mmo

2183 2715 2320 2770 ruris
2363 2722 2584 2768 matrem
2607 2753 2621 2778 ,
2651 2709 2850 2766 diaboli
2885 2708 3136 2780 gaudium
3159 2749 3174 2772 ,
3209 2707 3353 2762 mille
3381 2706 3518 2761 mala
3548 2705 3766 2775 parien-

2186 2813 2314 2859 tem.
2346 2803 2481 2857 llinc
2504 2801 2648 2856 enim
2675 2809 2752 2856 est
2785 2813 3006 2854 somnus
3030 2797 3186 2852 morti
3214 2796 3422 2861 similis,
3450 2794 3579 2851 hinc
3607 2809 3767 2866 sopo-

2185 2909 2295 2961 res,
2333 2892 2527 2958 morbi,
2559 2890 2789 2957 oblivio,
2819 2889 3009 2945 mortis
3038 2887 3231 2958 imago.
3271 2886 3412 2943 Sane
3441 2887 3566 2942 vino
3594 2887 3772 2958 ingur—

2186 2987 2383 3056 gitatus
2423 2983 2662 3039 nolueris
2700 2997 2822 3037 cum
2871 2981 3044 3035 amico
3081 2979 3369 3050 congredi;
3415 2986 3470 3034 et
3505 2978 3771 3034 Christum

2191 3076 2334 3132 intus
2361 3075 2582 3140 habens,
2608 3087 2791 3144 quaeso
2815 3082 2886 3137 te,
2913 3079 3115 3126 tantam
3135 3070 3333 3126 audeas
3357 3070 3576 3140 injicere
3602 3078 3774 3125 temu-

2191 3165 2446 3222 tentiam?
2476 3168 2544 3220 At
2568 3164 2786 3220 delicias
2814 3162 3000 3218 amas?
3030 3162 3172 3232 Ergo
3201 3160 3321 3216 ideo
3342 3161 3587 3216 ebrietati
3613 3160 3774 3214 finem

2195 3259 2429 3330 impone.
2475 3257 2607 3312 Nam
2649 3271 2750 3327 ego
2793 3263 2844 3310 te
2888 3255 2940 3309 in
2975 3254 3118 3308 veris
3160 3253 3364 3309 deliciis
3400 3254 3600 3309 versari
3630 3252 3772 3317 mlo,

2194 3365 2316 3421 qua:
2342 3364 2628 3419 numquam
2661 3355 3012 3402 marcescant.
3045 3345 3298 3411 Qumnam
3325 3358 3453 3414 ergo
3483 3354 3604 3398 sunt
3635 3359 3777 3398 vera:

2196 3444 2422 3507 deliciae,
2462 3457 2580 3512 quae
2621 3454 2834 3510 semper
2871 3437 3136 3496 ﬂoreant?
3173 3436 3256 3492 Ad
3295 3435 3575 3507 prandium
3617 3436 3778 3490 invita

2197 3535 2492 3599 Christum,
2523 3542 2608 3586 tua
2635 3531 2707 3586 illi
2741 3530 2973 3600 imperti,
3002 3529 3088 3584 vel
3115 3529 3290 3600 potius
3317 3543 3412 3583 sua
3441 3545 3455 3583 :
3483 3528 3584 3584 hoc
3611 3529 3780 3584 inter-

2199 3627 2504 3682 minabilem
2530 3624 2689 3679 habet
2717 3631 2772 3678 et
2794 3637 3008 3693 semper
3027 3620 3306 3677 florentem
3327 3620 3675 3691 voluptatem.
3710 3623 3780 3675 At

2203 3731 2307 3772 non
2335 3715 2449 3770 haec
2472 3715 2687 3769 sensilia
2714 3732 2727 3766 :
2751 3713 2931 3768 statim
2954 3713 3098 3768 enim
3117 3726 3238 3767 cum
3268 3725 3564 3780 apparuere
3590 3726 3785 3765 evane-

2203 3815 2394 3872 scunt;
2423 3815 2475 3861 et
2497 3805 2585 3877 qui
2608 3804 2816 3860 deliciis
2836 3817 3054 3874 operam
3077 3801 3243 3869 dedit,
3276 3817 3381 3856 non
3407 3801 3633 3858 meliore
3663 3816 3786 3856 con-

2204 3899 2408 3955 ditione
2433 3897 2554 3963 erit,
2585 3910 2742 3966 quam
2768 3894 2858 3966 qui
2889 3909 2994 3950 non
3020 3894 3297 3950 deliciatus
3322 3900 3430 3958 cst;
3465 3892 3574 3948 imo
3602 3893 3788 3963 pejore

2206 3991 2328 4047 erit.
2357 3988 2490 4044 Nam
2522 3988 2618 4043 ille
2644 3987 2856 4058 quidem
2888 3987 3039 4057 quasi
3069 3986 3122 4040 in
3154 3993 3310 4056 portu
3333 3984 3518 4052 sedet;
3545 3985 3634 4041 hic
3657 4000 3788 4040 vero

2206 4096 2306 4136 ceu
2349 4088 2643 4135 torrentem
2687 4076 2973 4148 quemdam
3011 4085 3066 4132 et
3107 4076 3418 4131 morborum
3452 4075 3786 4131 obsidionem

2209 4173 2438 4241 excepit,
2466 4179 2521 4225 et
2546 4184 2612 4224 ne
2635 4168 2772 4224 hanc
2791 4166 3005 4239 quidem
3028 4166 3168 4223 ferre
3188 4175 3368 4238 potest
3395 4175 3784 4238 tempestatem.

2209 4263 2288 4320 Ne
2318 4263 2431 4317 bznc
2459 4263 2637 4331 itaque
2661 4259 3008 4330 contingant,
3042 4257 3466 4314 moderationem
3496 4266 3786 4314 sectemur.

2212 4353 2288 4410 Ita
2333 4355 2473 4410 enim
2515 4363 2570 4408 et
2611 4366 2836 4422 corpore
2875 4351 3012 4406 bene
3040 4349 3355 4418 valebimus,
3381 4358 3436 4405 et
3470 4349 3704 4404 animam
3735 4348 3792 4402 in

2215 4456 2328 4502 tuto
2353 4446 2756 4513 collocabimus,
2785 4453 2840 4500 et
2865 4458 2894 4498 a
2921 4441 3276 4513 praesentibus
3313 4441 3610 4513 futurisque
3638 4440 3795 4496 malis

2216 4543 2594 4599 liberabimur:
2625 4556 2657 4596 a
2681 4539 2873 4611 quibus
2898 4537 3100 4592 utinam
3142 4551 3334 4592 omnes
3375 4535 3533 4602 eruti,
3570 4549 3794 4605 regnum

2217 4647 2632 4704 consequamur,
2675 4629 2844 4701 gratia
2888 4636 2943 4684 et
2991 4627 3322 4699 benignitate
3369 4625 3579 4681 Domini
3625 4626 3797 4680 nostri

2219 4728 2344 4784 Jesu
2370 4724 2590 4792 Christi,
2613 4723 2830 4794 quicum
2852 4721 2994 4776 Patri
3019 4729 3074 4776 et
3102 4733 3206 4774 una
3236 4718 3458 4789 Spiritui
3483 4725 3665 4774 sancto
3683 4716 3798 4788 glo-

2220 4821 2320 4885 ria,
2348 4817 2650 4888 imperium,
2684 4813 2877 4879 honor,
2909 4825 3051 4867 nunc
3078 4819 3134 4866 et
3160 4823 3375 4879 semper
3397 4849 3412 4876 ,
3443 4818 3497 4864 et
3525 4807 3577 4862 in
3605 4805 3800 4863 saecula

2223 4910 2560 4970 smculorum.
2585 4909 2776 4964 Amen.

553 5099 3805 5157 __________________________________________—————

1855 5194 2197 5258 HOMILIA
2240 5191 2536 5253 XXVIII.

545 5366 636 5422 28.
673 5359 852 5417 Probet
875 5363 1041 5410 autem
1065 5346 1282 5418 seipsum
1310 5345 1480 5409 homo,
1501 5354 1546 5398 et
1573 5345 1643 5397 sic
1665 5344 1727 5397 de
1749 5359 1878 5414 pane
1897 5341 1988 5396 illo
2011 5339 2122 5392 edat

1097 5453 1144 5498 et
1169 5442 1231 5496 de
1248 5439 1402 5495 calice
1428 5438 1578 5492 bibat.

627 5549 677 5601 t.
707 5543 842 5615 Quid
880 5542 980 5596 sibi
1009 5537 1192 5593 volunt
1222 5532 1336 5586 haec
1367 5529 1547 5591 verba,
1575 5541 1695 5582 cum
1731 5523 1878 5615 aliud
1917 5524 1986 5576 sit
2025 5523 2127 5615 huc

555 5610 880 5706 propositum
907 5619 1314 5700 argumentum?
1341 5617 1439 5672 Hic
1469 5630 1584 5670 mos
1614 5624 1696 5670 est
1725 5613 1908 5675 Paulo,
1942 5619 1999 5664 ut
2019 5610 2126 5678 jam

559 5700 706 5797 prius
736 5721 864 5788 dixi,
890 5737 994 5774 non
1019 5717 1190 5774 solum
1220 5713 1308 5768 illa
1337 5715 1561 5765 tractare
1583 5721 1702 5774 qua:
1731 5703 1827 5758 sibi
1861 5700 2127 5772 proposita

2233 5345 2376 5398 sunt,
2402 5332 2495 5386 sed
2526 5333 2568 5385 si
2593 5331 2717 5401 quid
2739 5329 2880 5384 aliud
2905 5327 3016 5382 haec
3040 5325 3286 5381 tractanti
3310 5320 3577 5382 inciderit.
3607 5317 3655 5373 id
3677 5331 3814 5387 quo-

2231 5443 2337 5496 que
2369 5439 2562 5494 magno
2591 5423 2769 5477 studio
2797 5420 3039 5492 persequi
3071 5439 3086 5488 ;
3114 5417 3348 5473 maxime
3383 5429 3503 5469 cum
3545 5411 3614 5466 de
3652 5409 3817 5464 rebus

2234 5516 2520 5572 admodum
2559 5513 2874 5568 necessariis
2915 5520 2972 5565 et
3013 5506 3324 5580 urgentibus
3353 5504 3548 5574 agitur.
3596 5500 3814 5556 Etenim

2234 5623 2353 5662 cum
2382 5606 2448 5661 de
2477 5607 2539 5660 iis
2562 5605 2649 5676 qui
2683 5603 2891 5674 nuptias
2919 5610 3237 5656 contraxere
3265 5604 3516 5668 ageretur
3539 5635 3553 5656 ,
3597 5600 3651 5646 et
3679 5589 3819 5644 inci-

2237 5699 2315 5753 dit
2355 5697 2408 5751 in
2449 5691 2754 5753 sermonem
2797 5693 2864 5748 de
2906 5691 3097 5756 servis,
3127 5686 3334 5744 fortiter
3370 5695 3424 5742 et
3460 5681 3640 5741 multis
3681 5679 3823 5736 hanc
