4094 6222
331 294 429 352 251

321 405 466 478 μετά
492 403 601 458 τῶν
633 402 878 474 πενήτων
923 401 1342 475 προσερχόμεθα
1375 404 1441 474 τῇ
1476 403 1601 475 ἱερᾷ
1647 402 1895 475 τραπέζῃ

321 495 523 567 ταύτῃο
558 493 868 560 ἐξελθόντες
902 494 961 548 δὲ
997 494 1121 558 ἔξω,
1153 492 1274 548 οὐδὲ
1303 493 1608 565 ἑωρακέναι
1631 492 1896 562 δοκοῦμεν

314 588 542 653 αὐτοὺς,
570 586 709 641 ἀλλά
744 585 841 640 καὶ
868 584 1146 657 μεθύομεν
1176 584 1273 639 καὶ
1296 583 1600 649 πεινῶντας
1627 582 1898 655 παρατρέ-

314 693 507 751 χομεν·
538 677 575 732 ἃ
603 677 699 730 καὶ
737 675 1015 747 Κορίνθιοι
1041 674 1163 729 τότε
1205 672 1595 740 ὲνεκαλοῦντο;
1628 675 1742 728 Kal
1765 673 1895 726 πότε

313 765 478 819 τοῦτο
506 764 753 835 γίνεται;
789 765 976 836 φησίν.
1016 763 1129 818 ’Δεῖ
1183 764 1305 836 μὲν,
1342 762 1580 836 μάλιστα
1599 763 1656 816 δὲ
1691 763 1749 816 έν
1775 764 1897 825 ταῖς

313 856 556 926 ἑορταῖς,
582 857 671 909 ὅτε
704 856 941 927 μάλιστα
970 853 1218 924 γίνεσθαι
1258 854 1361 908 οὐκ
1400 854 1591 926 ἐχρῆν.
1640 855 1749 907 Kal
1786 852 1896 922 γὰρ

314 950 436 1003 τότε
485 948 628 1020 μετά
672 949 771 1021 τὴν
818 947 1108 1002 κοινωνίαν
1142 946 1349 1012 εὐθέως
1400 946 1540 1019 μέθη
1568 946 1894 1017 διαδέχεται,

314 1042 412 1094 καὶ
440 1042 686 1113 πενήτων
711 1038 981 1111 ὑπεροψία
1006 1054 1019 1067 ·
1050 1039 1146 1092 καὶ
1172 1037 1268 1092 τοῦ
1289 1038 1520 1109 αἵματος
1551 1035 1891 1109 μεταλαϐὼν,

315 1134 407 1185 ὅτε
437 1133 692 1203 νηστείας
740 1148 824 1185 σοι
869 1130 1061 1202 καιρὸς
1091 1130 1187 1185 καὶ
1211 1130 1448 1203 νήψεως,
1495 1132 1774 1200 παροινεῖς
1800 1130 1896 1182 καὶ

315 1221 624 1292 κωμάζεις.
660 1223 781 1277 Κᾶν
832 1222 933 1293 μέν
960 1239 1014 1275 τι
1061 1221 1299 1295 χρηστὸν
1348 1221 1516 1293 τύχῃς
1555 1219 1892 1293 ήριστηκὼς,

315 1314 609 1382 φυλάττεις
638 1313 857 1380 σαυτὸν,
882 1313 1023 1367 ῶστε
1060 1312 1136 1384 μὴ
1172 1314 1345 1384 ἑτέρῳ
1380 1313 1641 1383 ἐδέσματι
1671 1312 1894 1385 πονηρῷ

311 1404 662 1478 λυμήνασθαι
711 1405 775 1459 τὸ
806 1406 1092 1477 πρότερον·
1130 1405 1348 1476 πνεῦμα
1373 1405 1430 1458 δὲ
1475 1404 1767 1470 ἑστιαθεὶς,
1795 1422 1892 1459 σα-

309 1500 546 1572 τανικὴν
572 1497 889 1568 ὲπεισάγεις
933 1499 1164 1570 τρυφήν.
1198 1496 1506 1568 Ἐννόησον,
1538 1497 1627 1551 ὅτε
1661 1497 1892 1569 μετέλα-

310 1591 409 1645 ϐον
460 1592 511 1644 οἱ
564 1588 852 1644 ἀπόστολοι
894 1590 1005 1644 τῶν
1054 1591 1216 1662 ίερῶν
1268 1590 1505 1643 δείπνων
1560 1588 1806 1653 ἐκείνων,
1840 1588 1894 1642 τί

310 1682 610 1754 ἐποίησαν·
645 1681 767 1753 οὐχὶ
798 1682 881 1746 είς
913 1681 1080 1753 εύχάς
1113 1681 1433 1752 ἐτράπησαν
1458 1680 1553 1735 καὶ
1586 1680 1889 1751 ὑμνῳδίας;

311 1776 436 1846 οὐχὶ
469 1776 549 1837 είς
573 1773 903 1844 παννυχίδας
935 1774 1121 1845 ίεράς;
1155 1772 1276 1843 οὐχὶ
1301 1774 1381 1837 είς
1412 1770 1766 1826 διδασκαλίαν
1792 1771 1892 1841 τὴν

315 1865 538 1938 μακρὰν
588 1865 808 1937 ἐκείνην
839 1865 935 1919 καὶ
981 1864 1182 1936 πολλῆς
1225 1866 1504 1937 γέμουσαν
1537 1865 1889 1936 φιλοσοφίαςς

310 1961 385 2013 τά
408 1959 523 2030 γάρ
557 1957 774 2029 μεγάλα
818 1957 912 2011 καὶ
954 1957 1237 2028 παράδοξα
1271 1957 1394 2011 τότε
1442 1958 1628 2021 αὐτοῖς
1652 1957 1893 2028 διηγεῖτο

310 2052 412 2107 καὶ
473 2050 877 2125 παρήγγελλεν,
933 2049 1268 2113 ἀπελθόντος
1321 2048 1417 2103 τοῦ
1457 2049 1632 2104 ’ἰούδα
1665 2048 1892 2102 καλέσαι

309 2145 441 2209 τοὺς
495 2142 789 2214 μέλλοντας
820 2140 983 2195 αὑτὸν
1031 2139 1323 2213 σταυροῦν.
1355 2141 1469 2194 Οὐκ
1503 2141 1741 2211 ήκουσας
1774 2139 1893 2203 πῶς

308 2236 412 2291 καὶ
437 2236 491 2291 οἱ
519 2235 807 2307 τρισχίλιοι
836 2237 884 2289 οί
917 2236 1017 2307 τῆς
1046 2235 1333 2298 κοινωνίας
1362 2233 1730 2298 ἀπολαύοντες
1776 2232 1893 2287 δια-

309 2329 518 2392 παντὸς
548 2324 690 2398 ἦσαν
716 2325 1258 2400 προσκαρτεροῦντες
1288 2328 1357 2398 τῇ
1391 2326 1669 2396 προσευχῇ
1703 2324 1799 2377 καὶ⁵
1825 2327 1891 2396 τῇ

308 2419 655 2490 διδασκαλίᾳ,
677 2420 737 2472 οὐ
768 2418 959 2490 μέθαις
992 2420 1085 2472 καὶ
1116 2417 1356 2487 κώμοις;
1394 2416 1466 2469 Σὺ
1490 2415 1548 2469 δὲ
1575 2415 1759 2487 πρὶνή
1792 2414 1892 2487 μὲν

311 2513 644 2585 μεταλαϐεῖν
667 2511 971 2584 νηστεύεις,
1007 2512 1095 2566 Eva
1127 2510 1484 2582 ὁπωσδήποτε
1515 2507 1679 2575 ἄξιος,
1718 2511 1893 2581 φανῇς

308 2605 413 2677 τῆς
437 2602 749 2668 κοινωνίας*
785 2604 913 2657 ὅταν
939 2602 996 2656 δὲ
1028 2601 1364 2674 μεταλάϐης,
1397 2600 1515 2655 δέον
1541 2616 1602 2653 σε
1628 2602 1893 2655 ἐπιτεῖναι

307 2697 411 2767 τὴν
449 2694 825 2767 σωφροσύνην,
880 2694 1058 2747 πάντα
1099 2692 1406 2757 ἀπολλύεις.
1453 2692 1649 2745 Καίτοι
1691 2708 1753 2759 γε
1791 2690 1894 2745 ούκ

309 2790 467 2841 ἔστιν
496 2787 609 2841 ίσον
640 2787 745 2860 πρὸ
790 2786 982 2841 τούτου
1028 2787 1244 2857 νήφειν,
1275 2784 1369 2840 καὶ
1401 2784 1542 2857 μετά
1572 2782 1746 2837 ταῦτα
1766 2799 1780 2813 ⁵
1814 2783 1897 2837 δεῖ

314 2881 419 2952 μὲν
448 2879 558 2951 γάρ
589 2881 650 2934 ἐν
675 2878 924 2950 ἑκατέρῳ
958 2880 1279 2949 σωφρονεῖν,
1313 2877 1548 2946 μάλιστα
1575 2874 1634 2928 δὲ
1663 2873 1802 2944 μετά
1834 2872 1895 2926 τὸ

310 2969 573 3037 δέξασθαι
616 2969 706 3025 τὸν
736 2968 1001 3040 νυμφίον·
1060 2968 1169 3039 πρὸ
1210 2966 1402 3021 τούτου
1446 2965 1569 3035 μὲν,
1617 2965 1704 3018 ἵνα
1745 2962 1894 3028 ἄξιος

311 3064 448 3139 γένῃ
506 3062 602 3117 τοῦ
641 3061 847 3128 λαϐεῖν,
901 3059 1042 3132 μετά
1083 3061 1139 3114 δὲ
1173 3059 1367 3123 ταῦτα,
1420 3058 1508 3112 Eva
1552 3056 1630 3129 μὴ
1675 3055 1896 3121 ἀνάξιος

314 3158 493 3227 φανῇς
518 3148 594 3209 ῶν
619 3154 829 3218 ἔλαϐες.
860 3153 927 3206 Τί
969 3148 1084 3217 οὖν,
1115 3151 1397 3223 νηστεύειν
1422 3149 1505 3203 δεῖ
1546 3147 1685 3221 μετά
1706 3147 1770 3201 τὸ
1802 3148 1899 3200 λα-

312 3251 466 3314 ϐεῖνς
497 3248 573 3301 οὐ
604 3247 749 3316 λέγω
783 3244 961 3308 τοῦτο,
992 3243 1113 3297 οὐδὲ
1137 3240 1559 3311 καταναγκάζω.
1591 3239 1770 3293 Καλὸν
1797 3238 1897 3310 μὲν

312 3343 426 3416 γάρ
454 3342 550 3397 καί⁹
575 3339 735 3395 τοῦτο
756 3354 772 3368 ·
825 3337 963 3410 πλὴν
989 3337 1051 3390 ού
1086 3335 1344 3407 βιάζομαι
1373 3332 1553 3399 τοῦτο,
1587 3333 1724 3387 ἀλλά
1756 3350 1900 3404 παρ-

312 3435 454 3490 αινῶ
484 3433 563 3506 μὴ
582 3432 793 3505 τρυφᾷν
823 3432 900 3494 είς
930 3428 1258 3498 ἀπληστίαν.
1280 3428 1343 3481 El
1370 3426 1479 3499 γάρ
1506 3426 1761 3481 οὐδέποτε
1793 3423 1899 3496 χρὴ

312 3527 554 3600 τρυφᾷν,
584 3525 679 3578 καὶ
709 3522 865 3577 τοῦτο
892 3523 921 3575 6
953 3520 1166 3583 Παῦλος
1197 3518 1468 3589 ἐδήλωσεν
1498 3516 1693 3580 είπὼν,
1718 3515 1800 3568 ὅτι
1840 3514 1900 3570 Ἡ

313 3617 386 3672 δὲ
416 3614 794 3671 σπαταλῶσα
828 3613 984 3675 ζῶσα
1021 3611 1295 3681 τέθνηκε,
1333 3609 1516 3680 πολλῷ
1555 3608 1755 3681 μᾶλλον
1776 3607 1898 3662 τότε

314 3710 659 3782 τεθνήξεται.
703 3709 770 3762 Et
801 3706 859 3761 δὲ
885 3706 1113 3776 γυναικὶ
1147 3706 1181 3776 ἡ
1226 3704 1408 3775 τρυφὴ
1438 3702 1688 3765 θάνατος,
1722 3697 1901 3769 πολλῷ

318 3801 523 3875 μᾶλλον
552 3801 740 3872 ἀνδρί·
772 3801 867 3853 καὶ
899 3800 949 3851 εί
983 3800 1041 3851 ὲν
1088 3796 1234 3868 ἄλλῳ
1264 3795 1444 3867 καιρῷ
1483 3794 1644 3848 τοῦτο
1674 3794 1901 3863 γινόμε-

314 3912 411 3949 νον
440 3893 729 3957 ἀπόλλυσι,
781 3888 959 3961 πολλῷ
991 3888 1191 3960 μᾶλλον
1233 3887 1371 3959 μετὰ
1411 3889 1511 3958 τὴν
1542 3886 1652 3940 τῶν
1687 3902 1900 3956 μυστη-

319 3989 462 4062 ρίων
491 3982 792 4039 κοινωνίαν.
824 3982 898 4035 Σὺ
944 3979 1002 4033 δὲ
1040 3978 1202 4047 ἄρτον
1229 3977 1375 4050 ζωῆς
1423 3977 1624 4045 λαϐὼν,
1666 3980 1903 4049 πρᾶγμα

314 4078 562 4134 θανάτου
590 4076 775 4138 ποιεῖς,
814 4072 909 4127 καὶ
936 4071 998 4125 ού
1023 4071 1267 4142 φρίττεις
1290 4085 1304 4133 ;
1351 4070 1451 4122 οὐκ
1477 4065 1633 4122 οἶσθα
1667 4069 1767 4122 ὅσα
1795 4069 1905 4123 ἀπὸ

311 4169 543 4245 τρυφῆς
588 4166 959 4239 ἐπεισέρχεται
993 4161 1373 4229 κακάςγέλως
1396 4162 1645 4233 ἄκαιρος,
1681 4162 1903 4232 ῥήματα

314 4266 557 4328 ἄτακτα,
589 4258 919 4332 εὐτραπελία
949 4256 1171 4327 ὀλέθρου
1216 4254 1484 4325 γέμουσα,
1533 4254 1769 4325 φλυαρία
1804 4254 1898 4308 άν-

312 4357 533 4427 όνητος,
565 4351 633 4405 τὰ
673 4350 808 4406 ἄλλα
855 4349 893 4403 ἃ
945 4347 1079 4419 μηδὲ
1132 4348 1306 4400 εἰπεῖν
1347 4345 1529 4400 καλόν.
1574 4347 1684 4400 Kal
1722 4345 1897 4401 ταῦτα

294 4449 491 4510 οποιεῖς
520 4444 800 4516 τραπέζης
832 4442 1146 4506 ἀπολαύσας
1167 4438 1427 4512 Χριστοῦ,
1459 4438 1602 4495 κατὰ
1624 4440 1724 4511 τὴν
1752 4440 1892 4511 ήμέ-

316 4554 421 4610 ραν
440 4535 681 4605 εκείνην,
709 4533 832 4588 καθ’
860 4535 926 4606 ἢν
952 4532 1194 4604 ἅψασθαι
1221 4531 1310 4586 διὰ
1356 4529 1600 4602 γλώττης
1627 4531 1737 4585 τῶν
1765 4547 1898 4602 σαρ-

314 4626 435 4682 κῶν
468 4624 638 4680 αὑτοῦ
669 4623 1035 4695 κατηξιώθης.
1083 4625 1200 4688 Πᾶς
1227 4618 1341 4686 οὖν,
1373 4623 1459 4677 Eva
1495 4622 1669 4677 ταῦτα
1713 4623 1788 4694 μὴ
1811 4623 1898 4691 γί-

312 4736 499 4792 νηται,
534 4716 836 4787 καθάγνιζέ
878 4733 972 4770 σου
1007 4716 1106 4788 τὴν
1137 4715 1339 4782 δεξιὰν,
1370 4715 1468 4787 τὴν
1509 4715 1775 4783 γλῶτταν,
1827 4715 1899 4769 τά

216 4822 223 4831 ’
313 4811 498 4883 χείλη,
531 4811 677 4883 ἅπερ
704 4810 921 4881 ἐγένετο
959 4809 1206 4882 πρόθυρα
1236 4812 1304 4881 τῇ
1350 4808 1601 4863 ἐπιϐάσει
1640 4807 1732 4862 τοῦ
1769 4810 1899 4880 Χρι-

316 4900 452 4957 στοῦ
472 4918 489 4933 ·
522 4904 617 4957 καὶ
642 4901 921 4972 τράπεζαν
956 4902 1224 4971 παραθεὶς
1258 4900 1545 4973 αίσθητὴν,
1573 4899 1711 4972 πρὸς
1750 4901 1898 4955 ὲκεί-

1349 288 1417 345 ΙΝ
1452 285 1672 344 EPIST.
1713 287 1732 342 1
1770 287 1861 342 AD
1898 286 2056 344 (ΞΟΠ.
2092 287 2330 345 ΗΟΜΙΙ..
2367 288 2605 344 XXVIII.

3466 294 3575 352 259.

2006 418 2106 471 νην
2128 401 2227 473 τὴν
2251 401 2532 472 τράπεζαν
2556 400 2647 453 τὸν
2672 398 2797 453 νοῦν
2847 399 3147 466 ἀνάτεινον,
3184 400 3320 472 πρὸς
3370 404 3431 456 τὸ
3468 406 3575 459 6d-

1974 568 1979 575 .
2004 509 2137 547 πνον
2161 492 2222 546 τὸ
2237 490 2536 563 κυριακὸν,
2562 491 2699 562 πρὸς
2728 490 2829 561 τήν
2844 490 3155 561 ἀγρυπνίαν
3181 492 3291 545 τῶν
3325 492 3582 564 μαθητῶν

1958 594 1969 603 ··
2000 581 2101 654 τὴν
2130 581 2273 635 κατὰ
2299 581 2397 653 τὴν
2422 580 2596 636 νύκτα
2622 580 2841 651 ἐκείνην
2861 579 2958 651 τὴν
2979 579 3127 652 [249]
3163 581 3345 653 ίεράνο
3382 582 3581 653 μᾶλλον

2000 674 2081 738 δὲ,
2115 674 2169 728 εί
2202 691 2288 738 τις
2322 673 2566 744 ἀκριϐῶς
2615 672 2914 738 ἐξετάσειε,
2942 674 3036 725 καὶ
3067 673 3136 727 τά
3178 672 3423 744 παρόντα
3461 673 3579 741 νύξ.

2002 764 2374 837 Γρηγορῶμεν
2411 765 2594 819 τοίνυν
2638 763 2776 836 μετά
2803 763 2899 817 τοῦ
2934 764 3229 829 Δεσπότου,
3263 765 3578 833 κατανυγῶο

2006 873 2106 927 μεν
2131 857 2273 927 μετά
2295 856 2405 912 τῶν
2432 857 2711 928 μαθητῶν.
2748 855 2944 927 Εύχῶν
2973 858 3001 910 6
3032 856 3248 928 καιρὸς,
3278 857 3337 910 οὐ
3376 857 3579 928 μέθης,

2001 949 2090 1002 ἀεὶ
2118 950 2236 1020 μὲν,
2285 949 2520 1022 μάλιστα
2544 950 2602 1003 δὲ
2627 950 2687 1003 ὲν
2711 950 2895 1021 ἑορτῇ.
2920 948 3117 1021 Ἐορτὴ
3160 948 3270 1020 γὰρ
3294 949 3383 1002 διὰ
3424 948 3582 1003 τοῦτο

2001 1041 2234 1110 γίνεται,
2273 1043 2373 1112 οὐχ
2397 1042 2484 1095 Eva
2510 1040 2935 1112 ἀσχημονῶμεν,
2964 1041 3065 1111 ούχ
3095 1041 3183 1094 Eva
3205 1041 3581 1111 ἁμαρτήματα

2003 1132 2348 1203 συνάγωμεν,
2379 1131 2494 1185 ἀλλ’
2513 1132 2603 1185 Eva
2630 1131 2725 1185 καὶ
2752 1131 2823 1185 τὰ
2850 1130 2981 1185 ὄντα
3008 1130 3308 1201 ἀνέλωμεν.
3332 1131 3441 1185 Kal
3460 1125 3578 1185 οίδα

2004 1225 2103 1295 μὲν
2129 1225 2212 1278 ὅτι
2241 1224 2365 1294 εἰκῆ
2397 1222 2568 1278 ταῦτα
2610 1222 2777 1291 λέγω,
2825 1223 2942 1277 ἀλλ’
2975 1224 3035 1276 ού
3072 1222 3352 1294 παύσομαι
3380 1222 3578 1291 λέγων.

2001 1315 2121 1370 Κᾶν
2144 1315 2254 1386 γάρ
2303 1313 2376 1386 μὴ
2412 1313 2609 1377 πάντες
2639 1312 3009 1383 ύπακούσητε,
3054 1312 3169 1366 ἀλλ’
3209 1312 3329 1365 οὐδὲ
3377 1311 3579 1374 πάντες

2002 1405 2436 1477 παρακούσεσθε,
2467 1405 2666 1477 μᾶλλον
2691 1405 2767 1467 δὲ,
2805 1406 2909 1459 κᾶν
2934 1405 3136 1469 πάντες
3169 1404 3577 1476 παρακούσητε,

2001 1495 2128 1565 ἐμοὶ
2155 1496 2253 1565 μὲν
2279 1494 2480 1567 μείζων
2521 1497 2551 1550 6
2582 1494 2799 1566 μισθὸς,
2824 1495 2955 1563 ὑμῖν
2997 1495 3053 1548 δὲ
3089 1494 3251 1548 πλέον
3278 1493 3340 1548 τὸ
3382 1497 3577 1566 κρῖμα.

2003 1587 2101 1640 Ἵν⁹
2126 1584 2220 1641 οὖν
2255 1586 2331 1659 μὴ
2362 1588 2588 1658 γένηται
2631 1587 2816 1650 πλέον,
2862 1588 2953 1641 διά
2990 1588 3149 1641 τοῦτο
3188 1589 3248 1640 ού
3298 1588 3580 1659 παύσομαι

2000 1680 2173 1749 λέγων
2194 1698 2206 1712 ο
2249 1681 2377 1745 ἴσως
2402 1682 2532 1752 γὰρ,
2570 1683 2700 1745 ἴσως
2729 1684 2795 1752 τῇ
2822 1681 3074 1753 συνεχείᾳ
3100 1680 3440 1752 καθάψομαι.
3491 1680 3583 1735 Διὺ

1996 1772 2321 1844 παρακαλῶ,
2347 1773 2435 1825 Eva
2471 1772 2545 1844 μὴ
2576 1774 2654 1836 είς
2682 1776 2857 1843 κρῖμα
2884 1771 3044 1826 τοῦτο
3081 1772 3343 1842 ποιῶμεν,
3376 1771 3585 1844 θρέψω-

1997 1881 2098 1934 μεν
2125 1866 2217 1917 τὸν
2246 1864 2513 1934 Χριστὸν,
2543 1863 2878 1934 ποτίσωμεν,
2915 1861 3222 1935 ὲνδύσωμεν
3241 1877 3255 1892 ο
3286 1862 3459 1916 ταῦτα
3483 1865 3584 1934 τῆς

1993 1954 2276 2028 τραπέζης
2333 1954 2553 2027 ἐκείνης
2608 1954 2757 2020 ἄξια.
2807 1955 3085 2016 Ἤκουσας
3145 1953 3330 2024 ὓμνων
3387 1954 3582 2024 ίερῶν;

1993 2041 2133 2113 εἶδες
2156 2043 2333 2118 γάμον
2368 2045 2767 2119 πνευματικόνς
2817 2044 3134 2108 ἁπέλαυσας
3178 2043 3462 2115 τραπέζης
3493 2044 3583 2114 βα·

1995 2140 2244 2212 σιλικῆς;
2283 2140 2626 2214 ὲνεπλήσθης
2672 2143 2989 2214 Ιινεύματος
3018 2143 3212 2212 άγίου;
3262 2140 3582 2212 συνεχὸρευ-

1995 2249 2094 2296 σας
2119 2236 2232 2298 τοῖς
2258 2235 2530 2307 Σεραφὶμ,
2577 2236 2832 2301 κοινωνὸς
2884 2236 3072 2304 ἐγένου
3110 2236 3219 2290 τῶν
3269 2236 3382 2291 ἄνω
3426 2233 3582 2288 δυνά·

1997 2339 2172 2394 μεων;
2211 2322 2296 2396 Μὴ
2350 2324 2515 2398 ῥίψῃς
2566 2326 2743 2397 χαρὰν
2778 2324 3075 2397 τοσαύτην,
3114 2324 3192 2396 μὴ
3243 2322 3440 2396 ὲκχέῃς
3488 2321 3582 2374 τὸν

1993 2416 2289 2489 θησαυρὸν,
2331 2416 2408 2490 μὴ
2436 2418 2813 2490 έπεισαγάγῃς
2860 2418 3033 2491 μέθην
3064 2419 3164 2491 τὴν
3197 2418 3298 2488 τῆς
3336 2415 3574 2487 ἀθυμίας

1997 2508 2230 2579 μητέρα,
2256 2509 2356 2581 τήν
2386 2510 2480 2564 τοῦ
2518 2510 2766 2565 διαϐόλου
2794 2509 2991 2581 χαράν,
3023 2510 3125 2582 τὴν
3160 2509 3333 2581 μυρία
3364 2508 3581 2563 τίκτου-

1997 2617 2097 2655 σαν
2127 2602 2295 2656 κακά.
2344 2602 2458 2656 Kal
2493 2602 2603 2674 γὰρ
2632 2602 2798 2665 ῦπνος
2825 2600 3042 2674 θανάτῳ
3090 2600 3283 2664 ἐοικὼς
3324 2598 3576 2653 ἐντεῦθεν

1996 2695 2091 2749 καὶ
2118 2694 2457 2767 καρηϐαρίαι
2487 2670 2586 2750 καῖ
2626 2696 2774 2750 νόσοι
2810 2697 2907 2749 καὶ
2943 2670 3085 2768 λήθη
3128 2694 3223 2748 καὶ
3257 2693 3583 2765 νεκρότητος

1997 2785 2183 2840 είκὼν.
2227 2782 2362 2841 Εἶτα
2410 2787 2550 2859 φίλῳ
2580 2788 2679 2859 μὲν
2701 2790 2802 2843 οὐκ
2846 2789 2913 2843 ἀν
2940 2788 3083 2842 ἒλοιο
3113 2788 3394 2857 συντυχεῖν
3427 2785 3583 2838 alvm-

2000 2878 2180 2948 μένος,
2212 2878 2304 2933 τὸν
2333 2879 2391 2932 δὲ
2421 2879 2657 2950 Χριστὸν
2687 2879 2835 2933 ἔνδον
2856 2878 2996 2951 έχων
3019 2878 3248 2951 τολμᾷς,
3293 2875 3417 2930 εἰπέ
3466 2892 3581 2947 μοι,

1995 2970 2265 3041 τοσαύτην
2310 2972 2641 3042 ἐπεμϐαλεῖν
2704 2972 2906 3044 μέθην;
2961 2970 3123 3025 Ἀλλά
3159 2970 3369 3042 τρυφῆς
3414 2969 3577 3040 Epic;

1995 3063 2206 3117 Οὐκοῦν
2240 3063 2328 3118 διά
2360 3064 2519 3118 τοῦτο
2555 3064 2761 3118 παῦσαι
2796 3065 3032 3136 μεθύων.
3079 3063 3190 3118 Kal
3222 3062 3332 3134 γάρ
3365 3059 3476 3130 ὲγώ
3513 3077 3575 3113 σε

1998 3155 2258 3228 βούλομαι
2288 3158 2522 3230 τρυφᾷν,
2575 3155 2712 3211 ἀλλά
2741 3156 2842 3229 τήν
2886 3157 3056 3220 ὅντως
3097 3154 3329 3228 τρυφὴν,
3356 3154 3454 3226 τὴν
3483 3152 3579 3206 ού-

1997 3247 2189 3302 δέποτε
2233 3250 2667 3321 μαραινομένην.
2700 3249 2798 3314 Τίς
2847 3246 2940 3304 οὖν
2969 3252 3002 3320 ή
3039 3250 3209 3313 ὅντως
3258 3246 3441 3320 τρυφὴ
3486 3247 3584 3301 καὶ

2001 3336 2267 3407 διηνεκῶς
2295 3339 2566 3407 ἀνθοῦσα;
2591 3341 2836 3396 Κάλεσον
2853 3342 2937 3394 ἐπ’
2965 3342 3186 3410 ἄριστον
3213 3340 3304 3394 τὸν
3324 3337 3580 3410 Χριστὸν,

2002 3431 2235 3501 μετάδος
2265 3431 2415 3503 αὐτῷ
2442 3433 2551 3488 τῶν
2582 3433 2712 3499 σῶν,
2748 3433 2948 3504 μᾶλλον
2972 3433 3028 3486 δὲ
3055 3432 3162 3486 τῶν
3193 3430 3360 3485 αὐτοῦ
3378 3447 3394 3463 ’
3424 3429 3583 3485 τοῦτο

1999 3522 2098 3591 τὴν
2139 3523 2333 3594 ήδονὴν
2372 3524 2677 3597 ἀπέραντον
2709 3526 2824 3595 ἔχει
2869 3525 2963 3579 καὶ
3000 3524 3355 3595 ἀκμάζουσαν
3402 3523 3582 3594 διηνε-

2000 3614 2133 3678 κῶς.
2186 3615 2326 3668 ’Δλλ’
2376 3617 2439 3670 οὐ
2488 3617 2555 3671 τά
2603 3617 2840 3687 αίσθητά
2889 3617 3133 3681 τοιαῦτα,
3183 3616 3298 3669 ἀλλ’
3352 3614 3489 3687 ὁμοῦ
3520 3633 3581 3669 τε

2001 3707 2176 3778 ἐφάνη
2210 3708 2306 3761 καὶ
2343 3709 2643 3780 ἠφανίσθη,
2665 3709 2761 3763 καὶ
2788 3711 2816 3763 6
2847 3710 3130 3782 τρυφήσας
3167 3709 3321 3763 οὐδὲν
3360 3709 3582 3780 ἄμεινον

2000 3799 2333 3853 διακείσεται
2365 3800 2461 3855 τοῦ
2512 3802 2587 3872 μὴ
2619 3804 3016 3873 τρυφήσαντος,
3059 3803 3259 3874 μᾶλλον
3285 3803 3342 3857 δὲ
3374 3806 3577 3875 χεῖρον.

2014 3889 2073 3942 '0
2103 3888 2202 3960 μὲν
2233 3889 2343 3961 γὰρ
2374 3890 2563 3963 ὥσπερ
2593 3894 2651 3944 έν
2674 3891 2853 3962 λιμένι
2887 3892 3146 3963 κάθηται,
3192 3886 3348 3956 οὗτος
3377 3892 3434 3945 δὲ
3463 3910 3580 3962 χει-

2007 3986 2253 4057 μάρρουν
2290 3986 2413 4040 τινά
2469 3987 2565 4040 καὶ
2614 3986 2931 4058 πολιορκίαν
2966 3988 3291 4059 νοσημάτων
3341 3987 3579 4055 ἐδέξατο,

2005 4078 2099 4130 καὶ
2148 4077 2270 4132 οὐδὲ
2326 4079 2572 4147 ἐνεγκεῖν
2600 4079 2701 4150 τὴν
2734 4076 2904 4151 ζάλην
2949 4078 3155 4151 ταύτην
3195 4079 3437 4135 δύναται.
3485 4080 3581 4135 Ἵν’

2004 4164 2098 4223 οὖν
2134 4169 2209 4242 μὴ
2232 4168 2408 4223 ταῦτα
2459 4174 2704 4242 γένηται,
2738 4169 2847 4242 ,τὴν
2902 4170 3245 4242 συμμετρίαν
3268 4169 3578 4240 διώκωμεν.

2007 4260 2164 4316 Οὕτω
2197 4262 2307 4334 γάρ
2359 4264 2452 4317 καὶ
2488 4262 2550 4316 τὸ
2592 4261 2754 4335 σῶμα
2799 4259 2858 4317 εὖ
2900 4262 3310 4334 διακεισόμεθα,
3360 4265 3455 4317 καὶ
3481 4264 3582 4333 τὴν

2002 4355 2183 4427 ψυχὴν
2231 4358 2289 4410 έν
2341 4356 2611 4428 ἀσφαλείᾳ
2639 4357 3079 4427 καταστήσομεν,
3117 4354 3346 4409 καὶτῶν
3380 4355 3583 4426 παρόν-

1999 4463 2108 4499 των
2140 4447 2232 4499 xal
2259 4444 2370 4498 τῶν
2397 4445 2702 4515 μελλόντων
2730 4443 3234 4517 ἀπαλλαγησόμεθα
3261 4443 3467 4497 κακῶνο
3508 4436 3584 4496 ὧν

2001 4538 2210 4607 γένοιτο
2259 4538 2468 4602 πάντας
2504 4539 2652 4618 ήμᾶς
2696 4537 3131 4607 ἀπαλλαγέντας,
3175 4536 3273 4608 τῆς
3310 4535 3583 4608 βασιλείας

2009 4630 2307 4700 ἐπιτυχεῖν,
2382 4629 2567 4701 χάριτι
2626 4629 2721 4683 καὶ
2786 4626 3166 4700 φιλανθρωπίᾳ
3218 4625 3315 4681 τοῦ
3374 4624 3583 4696 Κυρίου

2005 4720 2167 4791 ήμῶν
2199 4720 2377 4792 Ἰησοῦ
2432 4719 2693 4792 Χριστοῦ,
2746 4718 2866 4791 μεθ’
2911 4714 2972 4774 οὖ
3010 4718 3090 4789 τῷ
3122 4719 3299 4789 Hal-pl
3345 4718 3465 4788 ἅμα
3505 4715 3584 4787 τῷ

2008 4813 2148 4884 ἁγίῳ
2190 4812 2470 4883 Πνεύματι
2514 4812 2665 4880 δόξα,
2719 4813 2939 4884 κράτος,
2987 4811 3144 4882 τιμή.
3186 4809 3282 4863 νῦν
3334 4810 3430 4863 καὶ
3472 4809 3582 4874 ἀεὶ,

2007 4904 2104 4958 καὶ
2135 4906 2215 4969 είς
2249 4905 2375 4968 τοὺς
2410 4904 2614 4967 αίῶνας
2636 4902 2746 4957 τῶν
2774 4902 3007 4957 αἰώνων.
3038 4902 3234 4974 Ἀμήν.

1687 5238 1839 5312 [250]
1873 5237 2114 5295 οΜιΑιΑ
2159 5239 2291 5293 καί.

308 5423 681 5497 mnarg
733 5411 806 5478 δὲ
854 5425 1203 5497 ,ἄνθρωπος
1234 5425 1475 5497 ἑαυτὸν,
1547 5424 1646 5479 καί
1685 5426 1892 5497 οὕτως

377 5494 593 5622 ἐκέὲτοῦ
631 5494 815 5564 ἄρτου
841 5494 1088 5550 ἐσθιέτω
1110 5494 1211 5552 καὶ
1240 5497 1308 5550 ἐκ
1344 5495 1450 5551 τοῦ
1478 5495 1769 5564 ποτηρίου
1794 5512 1895 5550 πι-

381 5584 422 5621 ν
490 5584 556 5620 ω.

378 5677 455 5733 α’.
470 5675 539 5730 Τί
553 5672 806 5745 βούλεται
825 5672 999 5730 ταῦτα
1019 5674 1086 5729 τά
1109 5676 1348 5748 ῥήματα,
1378 5676 1568 5748 ἑτέρας
1597 5675 1904 5740 ὑποθέσεως

306 5758 411 5824 τῆς
474 5755 1115 5852 προκειμένηςηοῦσηκ
1163 5757 1325 5823 Ἔθος
1378 5759 1538 5814 τοῦτο
1564 5759 1643 5832 τῷ
1673 5761 1900 5835 Παύλῳ,

1998 5424 2194 5495 ῶσπερ
2222 5423 2319 5479 καὶ
2351 5423 2662 5495 εμπροσθεν
2689 5422 2861 5493 ἔφθην
2895 5421 3085 5487 εἰπὼν,
3110 5419 3374 5492 μὴμόνον
3403 5419 3587 5475 ὶκεῖνα

2001 5508 2355 5582 ἐργάζεσθαι,
2382 5508 2526 5577 άπερ
2550 5504 2698 5576 αὐτῷ
2735 5504 3073 5578 προκείμενά
3101 5505 3273 5571 ἐστιν,
3319 5501 3458 5558 ἀλλὰ
3479 5506 3586 5559 κᾶν

2002 5591 2190 5665 ιτερος
2236 5590 2571 5663 παρεμπέσῃ
2625 5588 2783 5655 λόγος
2838 5591 2905 5660 τῇ
2962 5587 3239 5653 ὑποθέσει,
3285 5586 3381 5641 καὶ¹
3409 5586 3586 5660 τούτῳ

2010 5676 2153 5747 μετά
2183 5675 2383 5747 πολλῆς
2443 5673 2719 5740 ἐπεξιέναι
2762 5672 2864 5743 τῆς
2914 5673 3171 5745 σπουδῆς,
3205 5675 3301 5729 καὶ
3349 5672 3586 5743 μάλιστα

2007 5761 2135 5815 ὅταν
2172 5761 2299 5835 περὶ
2334 5759 2538 5833 σφόδρα
2576 5758 2893 5826 ἀναγκαίων
2933 5758 3027 5811 καὶ
3054 5757 3492 5827 κατεπειγόντων
3522 5751 3581 5830 ἦ.
