4094 6222
476 294 593 348 ³233

1133 288 1195 344 S.
1234 288 1520 347 JOANNIS
1557 288 2046 347 CHRYSOSTOMI
2088 291 2409 351 ARCIHEP.
2449 289 2999 349 CONSTANTINOP.

3617 289 3730 344 954

484 407 596 460 Καὶ
616 406 723 475 γὰρ
751 405 838 458 ὅτε
886 405 1002 467 τοῖς
1044 406 1389 476 γεγαμηκόσι
1423 406 1714 474 διελέγετο,
1762 409 1857 462 καὶ
1897 411 1925 462 ό
1954 411 2062 462 τῶν
2169 409 2348 464 οὐκέτι
2392 410 2499 464 ἀπὸ
2543 408 2745 479 ἐτέρων
2776 406 2847 460 τά
2887 403 3304 478 παραδείγματα
3335 400 3511 474 φέρει,
3541 403 3734 475 ὥσπερ

479 489 706 544 οἰκετῶν
749 487 900 559 αὐτῷ
938 488 1283 558 παρενέπεσε
1326 489 1503 558 λόγος,
1540 490 1748 561 σφόδρα
1789 492 2054 559 γενναίως

480 573 577 628 καὶ
620 571 708 626 διά
767 571 981 624 πολλῶν
1016 570 1178 626 αὑτὸν
1225 571 1596 626 κατεσκεύασε
1622 591 1634 604 ο
1677 574 1772 626 καὶ
1802 574 1891 627 ὅτε
1926 576 2052 646 περί

479 655 572 707 τοῦ
608 655 684 726 μὴ
717 655 826 708 δεῖν
858 653 1139 724 κρίνεσθαι
1164 655 1220 707 ἐν
1237 658 1347 718 τοῖς
1371 654 1743 726 δικαστηρίοις
1765 655 1937 723 ἔλεγε,
1957 657 2052 710 καὶ

477 739 598 790 τότε
642 740 720 800 εἰς
761 737 861 806 τὴν
908 738 1038 806 περὶ
1084 736 1397 802 πλεονεξίας
1445 736 1704 808 ἐμπεσὼν
1747 739 2049 804 νουθεσίαν,

479 819 650 873 πολλά
704 821 798 873 καὶ
845 820 975 890 περί
1008 820 1210 891 ταύτης
1239 819 1485 890 διελέχθη
1521 821 1619 892 τῆς
1656 821 1982 884 ὑποθέσεως⁶
2024 821 2052 875 ὃ

478 902 541 971 δὴ
576 903 668 954 καὶ
701 901 933 955 ἐνταῦθα
965 903 1285 972 πεποίηκεν.
1324 902 1542 974 Ἐπειδὴ
1601 903 1708 974 γὰρ
1758 902 1903 970 ἅπαξ
1952 904 2052 974 τῆς

477 985 584 1037 τῶν
643 985 954 1055 μυστηρίων
1020 985 1213 1056 ἐδεήθη
1277 987 1523 1056 μνήμης,
1576 986 1873 1054 ἀναγκαῖον
1913 981 2050 1040 εἶναι

478 1067 730 1137 ἐνόμισεν
760 1066 1066 1131 ἐπεξελθεῖν
1093 1071 1160 1139 τῇ
1185 1067 1438 1121 ὑποθέσει
1458 1084 1470 1098 ·
1502 1068 1621 1121 οὑδέ
1640 1069 1748 1139 γὰρ
1769 1068 2049 1138 ήτυχοῦσα

474 1146 564 1220 ἦν.
598 1149 688 1202 Διὸ
722 1149 814 1202 καὶ
848 1149 1053 1220 σφόδρα
1075 1148 1322 1221 φοϐερῶς
1348 1151 1476 1221 περὶ
1513 1151 1685 1220 αὑτῆς
1708 1150 1972 1220 διελέχθη,
1991 1152 2051 1204 τὸ

477 1232 774 1300 κεφάλαιον
804 1232 910 1285 τῶν
939 1233 1161 1300 ἀγαθῶν
1191 1231 1640 1297 κατασκευάζων,
1686 1233 1747 1285 τὸ
1785 1234 1922 1303 μετὰ
1949 1249 2050 1286 κα-

480 1315 646 1387 θαροῦ
701 1315 984 1386 προσιέναι
1036 1315 1341 1378 συνειδότος
1377 1315 1583 1379 αὑτοῖς.
1607 1315 1767 1369 Ὅθεν
1793 1315 1912 1368 οὑδὲ
1938 1318 2050 1378 τοῖς

478 1399 790 1470 ἔμπροσθεν
846 1399 1160 1469 εἰρημένοις
1211 1399 1454 1469 ἠρκέσθη
1526 1398 1704 1469 μόνον,
1767 1398 1904 1452 ἀλλά
1957 1399 2051 1452 καὶ

477 1483 649 1536 ταῦτα
673 1483 997 1552 προστίθησι
1031 1481 1224 1549 λέγων·
1257 1479 1616 1550 Δοκιμαζέτω
1643 1480 1712 1534 δὲ
1742 1481 2051 1548 ἅνθρωπος

472 1563 694 1618 ἑαυτόν
713 1578 725 1590 ·
758 1564 786 1616 ὃ
817 1563 910 1616 καί
933 1565 991 1615 ἐν
1020 1567 1086 1634 τῇ
1129 1563 1356 1634 δευτέρᾳ
1385 1562 1568 1634 φησιν·
1607 1562 1892 1628 Ἑαυτοὺς
1925 1579 2048 1616 πει-

475 1645 700 1714 ράζετε,
743 1645 999 1710 ἑαυτοὺς
1041 1645 1420 1714 δοκιμάζετε·
1465 1646 1526 1699 οὑ
1579 1645 1832 1716 καθάπερ
1887 1647 2050 1714 ἡμεῖς

479 1727 742 1797 ποιοῦμεν
777 1727 892 1789 νῦν,
933 1725 1111 1798 καιρῷ
1148 1728 1462 1798 προσιόντες
1505 1727 1723 1798 μᾶλλον,
1758 1728 1792 1796 ἢ
1845 1726 2047 1796 σπουδῇ

479 1809 725 1878 γνώμης.
770 1809 842 1861 Οὑ
901 1809 1008 1878 γάρ
1059 1810 1206 1871 ὅπως
1255 1809 1767 1880 παρεσκευασμένοι
1833 1808 1926 1860 καὶ
1983 1807 2052 1859 τά

480 1895 626 1946 κακά
661 1890 866 1944 ἑαυτῶν
900 1890 1307 1961 ἐκκαθάραντες
1334 1891 1428 1944 καὶ
1460 1889 1806 1955 κατανύξεως
1832 1889 2053 1959 πληρω-

477 1975 664 2035 θέντες
717 1972 1114 2044 προσέλθοιμεν
1162 1973 1497 2044 σκοποῦμεν,
1530 1971 1646 2025 ἀλλ’
1674 1973 1824 2035 ὅπως
1849 1971 1906 2024 ἐν
1932 1973 2050 2041 ἐορ-

479 2062 616 2121 ταῖς,
642 2057 736 2110 καὶ
765 2057 926 2126 ἡνίκα
961 2055 1027 2109 ἂν
1055 2056 1313 2120 ἅπαντες.

562 2213 701 2266 Ἀλλ’
728 2213 826 2283 οὑχ
855 2213 1026 2278 οὕτως
1057 2214 1084 2265 ὁ
1115 2213 1321 2276 Παῦλος
1339 2212 1644 2276 ἐκέλευσεν,
1678 2209 1792 2263 ἀλλ’
1818 2209 1912 2260 ἐνα
1935 2225 2051 2260 και-

480 2299 571 2369 ρὸν
598 2293 706 2350 οἶδε
738 2297 1002 2368 προσόδου
1033 2297 1124 2349 καὶ
1155 2296 1458 2361 κοινωνίας,
1501 2295 1595 2348 τοῦ
1629 2292 1928 2354 συνειδότος
1952 2289 2050 2360 τὴν

478 2381 846 2451 καθαρότητα.
902 2381 964 2432 Εἰ
995 2380 1104 2450 γάρ
1135 2379 1400 2450 αἰσθητῆς
1429 2379 1528 2430 οὑκ
1559 2378 1622 2431 ἀν
1650 2393 1778 2429 ποτε
1817 2374 2048 2446 μεταλά-

480 2465 666 2534 ϐοιμεν
699 2461 977 2533 τραπέζης
1022 2461 1380 2531 πυρέττοντες
1437 2461 1532 2514 καὶ
1576 2459 1765 2532 χυμῶν
1791 2459 2050 2528 γέμοντες

479 2547 751 2618 πονηρῶν,
779 2545 919 2598 ὥστε
957 2544 1032 2615 μὴ
1062 2544 1379 2597 ἀπολέσθαι·
1414 2542 1592 2612 πολλῷ
1620 2541 1818 2612 μᾶλλον
1849 2539 2051 2610 ταύτης

479 2630 746 2684 ἅπτεσθαι
777 2629 907 2698 ἡμῖν
937 2628 998 2680 ού
1029 2627 1186 2697 θέμις
1224 2626 1361 2696 μετά
1391 2626 1694 2696 ἐπιθυμιῶν
1727 2625 1962 2686 ἀτόπων,
1993 2623 2048 2674 αἳ

480 2712 725 2782 πυρετῶν
783 2713 888 2762 εἰσι
963 2710 1360 2780 χαλεπώτεραι.
1406 2711 1576 2763 Ὅταν
1634 2709 1691 2761 δέ
1760 2706 2050 2775 ἐπιθυμίας

480 2795 710 2856 ἀτόπους
743 2794 900 2856 εῖπω,
935 2793 1028 2844 καὶ
1065 2792 1160 2855 τάς
1200 2791 1306 2845 τῶν
1341 2792 1610 2860 σωμάτων
1641 2790 1784 2858 λέγω
1828 2789 1920 2841 καὶ
1953 2789 2049 2848 τὰς

476 2876 584 2928 τῶν
641 2875 936 2944 χρημάτων
999 2873 1094 2926 καὶ
1158 2873 1258 2935 τὰς
1318 2876 1415 2944 τῆς
1465 2872 1634 2942 ὀργῆς
1673 2871 1902 2932 καὶτὰς
1951 2870 2050 2939 τῆς

482 2956 868 3029 μνησικακίας,
945 2956 1038 3008 καί
1119 2955 1298 3017 πάσας
1373 2956 1560 3018 ἁπλῶς
1632 2953 1731 3016 τὰς
1789 2953 2044 3015 ἀτόπους.

479 3042 590 3098 Καὶ
617 3040 697 3092 δεῖ
727 3039 818 3092 τὸν
847 3038 1136 3108 προσιόντα
1159 3077 1173 3101 ,
1207 3039 1382 3090 πάντα
1411 3035 1810 3106 ἐξαντλιήσαντα
1840 3034 2010 3086 ταῦτα
2031 3073 2045 3096 ,

477 3124 618 3176 οὑτω
673 3121 771 3192 τῆς
819 3120 1062 3190 καθαρᾶς
1107 3119 1321 3188 ἐκείνης
1363 3119 1628 3171 ἅπτεσθαι
1688 3116 1908 3179 θυσίας,
1955 3117 2050 3169 καὶ

482 3207 616 3276 μήτε
699 3201 956 3274 ῥᾳθύμως
1036 3201 1379 3270 διακείμενον
1470 3201 1564 3251 καί
1653 3198 2046 3268 ταλαιπώρως,

461 3283 882 3355 ’ἀναγκάζεσθαι
934 3283 1025 3336 διά
1072 3282 1170 3353 τὴν
1207 3283 1400 3354 ἑορτήν
1437 3281 1756 3352 προσιέναι,
1797 3281 1932 3350 μήτε
1981 3276 2047 3332 αὖ

479 3370 852 3439 κατανυγέντα
893 3368 987 3421 καί.
1022 3365 1574 3436 παρεσκευασμένον,
1610 3363 1912 3417 κωλύεσθαι
1963 3362 2050 3416 διὰ

479 3455 542 3507 τὸ
600 3452 673 3523 μὴ
729 3448 866 3504 εἶναι
919 3449 1133 3518 ἑορτήν.
1197 3447 1389 3517 Ἐορτὴ
1444 3446 1551 3517 γὰρ
1607 3446 1782 3517 ἔργων
1833 3443 2049 3513 ἀγαθῶν

479 3540 626 3591 ἐστιν
663 3533 948 3598 ἐπίδειξις,
989 3534 1082 3585 καὶ
1119 3531 1298 3602 ψυχῆς
1329 3531 1602 3595 εὐλάϐεια,
1641 3529 1734 3582 καὶ
1773 3529 2049 3592 πολιτείας

475 3619 766 3690 ἀκρίϐεια·
818 3617 922 3670 κᾶν
983 3615 1157 3667 ταῦτα
1210 3614 1374 3685 ἔχῃς,
1426 3612 1717 3674 διαπαντὸς
1771 3609 2050 3682 ἑορτάζειν

478 3702 704 3772 δυνήσῃ,
738 3699 833 3752 καὶ
864 3697 1155 3760 διαπαντὸς
1195 3697 1497 3766 προσιέναι.
1540 3695 1640 3748 Διά
1686 3693 1844 3747 τοῦτό
1893 3711 2048 3764 φησι,

479 3781 833 3852 Δοκιμαζὲτω
864 3781 931 3833 δὲ
961 3780 1178 3834 ἑαυτὸν
1205 3779 1482 3844 ἕκαστος,
1515 3778 1610 3831 καὶ
1633 3775 1754 3829 τότε
1789 3776 2045 3846 προσίτω.

479 3865 590 3920 Καὶ
620 3865 717 3935 οὑχ
749 3864 933 3934 ἐτερον
963 3865 1132 3935 ἐτέρῳ
1162 3861 1371 3916 κελεύει
1401 3860 1693 3931 δοκιμάσαι
1726 3872 1774 3926 ιι,
1810 3859 1924 3912 ἀλλ’
1953 3860 2050 3910 αὑο

477 3949 570 4004 τὸν
621 3948 845 4014 ἐαυτὸν,
904 3947 1293 4018 ἀδημοσίευτον
1343 3946 1512 3998 ποιῶν
1569 3945 1630 3996 τὸ
1679 3943 2047 4012 δικαστήριον,

478 4033 792 4104 ἀμάρτυρον
826 4030 914 4084 τὸν
948 4031 1191 4101 ἔλεγχον.
1232 4030 1284 4081 '0
1318 4030 1428 4098 γὰρ
1459 4028 1678 4080 ἐσθίων
1719 4027 1814 4080 καί
1862 4026 2051 4078 πίνων

478 4115 757 4179 ἀναξίως,
791 4112 940 4184 [251]
958 4113 1063 4167 τοῦ
1090 4113 1308 4180 Κυρίου
1333 4113 1506 4180 κρῖμα
1530 4108 1721 4174 ἐαυτῷ
1743 4109 1930 4162 ἐσθίει
1953 4107 2052 4161 καί

479 4199 658 4252 πίνει.
694 4198 760 4249 Τί
787 4196 1000 4264 λέγεις;
1034 4196 1153 4247 εἰπέ
1190 4211 1312 4264 μοι·
1344 4196 1377 4264 ἡ
1411 4193 1682 4246 τοσούτων
1721 4191 1940 4259 ἀγαθῶν
1967 4192 2052 4244 αἰ-

477 4283 590 4344 τία,
646 4281 740 4333 καὶ
795 4278 937 4350 ζωὴν
998 4279 1237 4349 βρύουσα
1271 4277 1299 4316 δ
1353 4277 1618 4348 τράπεζα,
1679 4273 1819 4344 αὕτη
1878 4276 2050 4344 κρῖμα

479 4365 720 4432 γίνεται;
768 4363 842 4416 Οὐ
892 4361 1041 4432 παρὰ
1089 4360 1188 4430 τήν
1238 4359 1408 4428 αὐτῆς
1454 4358 1634 4428 φύσιν,
1681 4358 1865 4426 φησὶν,
1914 4355 2050 4409 ἀλλὰ

481 4446 633 4516 παρὰ
661 4445 757 4514 τὴν
787 4443 882 4497 τοῦ
914 4444 1230 4514 προσιόντος
1265 4442 1603 4512 προαίρεσιν.
1637 4441 1848 4509 ’Ὠσπερ
1876 4437 1984 4510 γάρ
2016 4439 2048 4506 ἡ

481 4527 754 4597 παρουσία
789 4526 974 4589 αὑτοῦ,
1005 4529 1038 4596 ή
1077 4525 1146 4578 τὰ
1182 4525 1392 4594 μεγάλα
1419 4525 1603 4576 ἐκεῖνα
1640 4522 1737 4575 καὶ
1764 4521 2050 4592 ἀπόρρητα

481 4609 753 4679 κομίσασα
801 4610 934 4678 ἡμῖν
990 4607 1189 4675 άγαθά,
1223 4608 1348 4668 τοὺς
1387 4606 1459 4675 μὴ
1511 4603 1836 4674 δεξαμένους
1881 4603 2050 4672 αὐτὴν

483 4693 685 4764 μᾶλλον
717 4689 1034 4759 κατέκρινεν
1056 4706 1069 4720 ο
1109 4687 1250 4741 οὑτω
1282 4689 1374 4740 καί
1403 4687 1471 4740 τὰ
1504 4687 1776 4756 μυστήρια
1809 4684 2050 4755 μείζονος

483 4778 669 4846 ἐφόδια
693 4773 965 4837 κολάσεως
987 4771 1195 4841 γίνεται
1224 4772 1335 4831 τοῖς
1361 4769 1592 4834 ἀναξίως
1619 4767 1923 4836 μετέχουσι.
1955 4768 2051 4821 Διά

484 4861 536 4911 τί
567 4861 622 4911 δὲ
655 4862 827 4929 κρῖμα
858 4858 1033 4928 ἑαυτῴ
1064 4857 1264 4921 ἐσθίει;
1298 4853 1393 4922 Μὴ
1425 4853 1744 4920 διακρίνων
1771 4851 1837 4904 τὸ
1880 4850 2052 4922 σῶμα

486 4939 592 4993 τοῦ
618 4941 858 5005 Κυρίου.
887 4941 1168 5002 Τουτέστι,
1198 4940 1288 5010 Μὴ
1313 4937 1600 5005 ἐξετάζων,
1631 4935 1705 5006 μὴ
1733 4936 1946 4998 ἐννοῶν.
1975 4937 2050 5000 ὡς

487 5021 614 5093 χρὴ.
647 5021 708 5072 τὸ
741 5021 963 5089 μέγεθος
993 5023 1098 5075 τῶν
1132 5023 1506 5093 προκειμένων
1527 5062 1541 5084 ,
1591 5021 1665 5090 μὴ
1708 5018 2050 5090 λογιζόμενος

484 5107 575 5158 τὸν
603 5105 766 5172 όγκον
807 5103 904 5171 τῆς
937 5105 1165 5175 δωρεᾶς.
1206 5108 1269 5157 Εἰ
1305 5107 1413 5176 γὰρ
1448 5104 1639 5176 μάθοις
1679 5103 1922 5175 ἀκριϐῶς
1967 5104 2051 5166 τίς

485 5186 618 5242 ποτέ
649 5187 794 5238 ἐστιν
825 5187 853 5238 ό
886 5185 1261 5255 προκείμενος,
1291 5188 1384 5239 καὶ
1416 5189 1494 5250 τίς
1520 5188 1594 5240 ὢν
1623 5186 1729 5239 τίνι
1758 5186 1946 5240 ἐαυτὸν
1975 5185 2050 5238 δί-

483 5272 668 5332 δωσιν,
704 5267 915 5330 οὐδενὸς
963 5267 1148 5337 ἐτέρου
1198 5268 1362 5338 δεήσῃ
1404 5268 1586 5335 λόγου,
1631 5269 1746 5321 ἀλλ’
1778 5271 1938 5340 ἀρκεῖ
1971 5283 2049 5321 σοι

484 5355 644 5407 τοῦτο
673 5353 751 5416 εἰς
782 5352 998 5405 ἅπασαν
1027 5350 1187 5421 νῆψιν
1208 5390 1222 5415 ,
1253 5353 1299 5402 εἰ
1350 5351 1422 5420 μή
1459 5350 1660 5421 σφόδρα
1688 5352 1803 5422 εἴης
1847 5353 2051 5405 ἀναπε-

485 5437 738 5500 πτωκώς.
779 5435 880 5489 Διὰ
911 5435 1085 5490 τοῦτο
1120 5435 1189 5488 ἐν
1221 5433 1359 5504 ὑμῖν
1391 5435 1612 5487 πολλοί
1643 5435 1918 5498 ἀσθενεῖς
1951 5434 2050 5484 καὶ

484 5520 796 5587 ἄρρωστοι,
826 5518 922 5573 καί
961 5517 1278 5588 κοιμῶνται
1311 5518 1520 5572 ἱκανοί.
1574 5517 1837 5570 Ἐνταῦθα
1865 5515 2048 5568 λοιπὸν

548 5707 573 5736 ι
598 5706 704 5768 Reg
727 5742 741 5768 ,
775 5709 989 5768 ἕκαστος,
1013 5710 1090 5755 καὶ
1113 5710 1260 5762 οὕτως
1284 5707 1492 5754 ἐσθιέτω.
1533 5707 1637 5768 Οὑχ
1661 5708 1875 5768 ἕτερον...
1919 5708 2048 5756 δοκι-

487 5770 658 5832 μάζειν.
683 5767 690 5768 ί
725 5767 849 5829 ⁸³5ἱο
875 5767 989 5829 Reg.
1019 5776 1069 5816 el
1093 5770 1243 5818 smn.
1268 5771 1315 5816 in
1336 5781 1485 5830 marg.
1509 5769 1586 5817 AI.
1607 5767 1731 5824 ζωῆς
1753 5767 1974 5828 βρύουσα.

2165 495 2258 548 ἐπὶ
2295 492 2403 547 τῶν
2435 491 2794 546 εἰδωλοθύτων
2825 489 3072 558 ἐποίησε,
3103 489 3201 552 τάς
3239 486 3474 549 παλαιάς
3507 486 3732 558 διηγού-

2163 592 2323 646 μενος
2369 574 2607 646 ἰστορίας
2638 571 2854 634 καὶτὰς
2900 572 2958 624 ἐν
2989 573 3054 641 τῇ
3101 570 3294 641 ἐρήμῳ
3336 569 3573 638 πληγάς,
3613 568 3734 624 ἀλλ’

2161 660 2258 714 ἀπ’
2287 658 2465 712 αὐτῶν
2491 657 2600 711 τῶν
2638 654 2962 726 Κορινθίων,
2993 654 3132 724 ὅπερ
3163 653 3259 707 καὶ
3288 651 3734 723 πληκτικώτερον

2162 741 2334 794 ἐποίει
2371 740 2460 793 τὸν
2497 739 2674 808 λόγον.
2720 737 2935 806 Ἐπειδὴ
2968 736 3077 806 γάρ
3111 735 3286 805 ἔλεγε,
3321 736 3508 805 Κρῖμα
3539 735 3735 800 ἑαυτῷ

2157 824 2364 887 ἐσθίει,
2393 822 2503 886 καὶ,
2543 821 2787 889 Ἕνοχός
2809 820 3000 884 ἐστιν,
3023 819 3108 871 ἴνα
3139 819 3213 888 μὴ
3244 817 3373 889 δοκῇ
3403 820 3619 889 ῥήματα
3645 817 3734 871 λέο

2161 921 2298 972 γειν,
2333 904 2425 957 καὶ
2453 903 2592 975 ἔργα
2617 902 2853 954 δείκνυσι
2881 901 2983 973 καὶ,
3012 900 3297 973 μάρτυρας
3326 901 3518 964 αὐτοὺς
3551 900 3732 963 καλεῖ,

2157 987 2292 1060 ὅπερ
2318 985 2516 1058 μᾶλλον
2534 985 2627 1039 τοῦ
2651 983 2944 1053 ἀπειλῆσαι
2968 983 3327 1048 καθικνεῖται,
3352 982 3430 1054 τῷ
3450 983 3618 1048 δεῖξαι
3650 985 3735 1046 είς

2158 1070 2317 1141 ἔργον
2366 1069 2466 1141 τὴν
2515 1067 2748 1137 ἀπειλὴν
2807 1065 3148 1132 ἐξελθοῦσαν.
3213 1065 3290 1118 Οὐ
3355 1065 3462 1135 μὴν
3519 1064 3735 1128 τούτοις

2157 1152 2400 1226 ἠρκέσθη
2451 1153 2652 1223 μόνοις,
2687 1149 2804 1203 ἀλλ’
2851 1150 2958 1202 ἀπὸ
2993 1148 3200 1202 τούτων
3234 1149 3326 1200 καὶ
3351 1147 3443 1200 τὸν
3475 1148 3602 1218 περί
3630 1147 3734 1217 τῆς

2156 1236 2380 1306 γεέννης
2415 1235 2679 1304 εἰσήγαγε
2722 1233 2816 1285 καὶ
2858 1230 3200 1286 ἐπιστώσατο
3251 1229 3438 1298 λόγον,
3487 1230 3732 1299 ἀμφοτέ-

2159 1319 2330 1388 ρωθεν
2361 1317 2559 1386 φοϐῶν,
2594 1317 2686 1369 καὶ
2723 1314 2944 1386 ζήτημα
2976 1311 3253 1384 πανταχοῦ
3300 1312 3734 1383 περιφερόμενον

2157 1400 2318 1454 λύων.
2357 1399 2574 1468 Ἐπειδὴ
2617 1397 2728 1467 γὰρ
2770 1396 2954 1450 πολλοὶ
2987 1395 3121 1468 πρὸς
3151 1395 3411 1466 ἀλλήλους
3441 1393 3732 1464 ἀποροῦσι,

2160 1482 2322 1536 πόθεν
2342 1484 2391 1535 οί
2412 1481 2580 1552 άωροι
2607 1479 2849 1546 θάνατοι,
2877 1478 3040 1532 πόθεν
3067 1480 3121 1531 αἰ
3149 1477 3361 1548 μακραὶ
3388 1475 3554 1539 νόσοι,
3580 1475 3733 1542 λέγει

2158 1565 2239 1617 ὅτι
2281 1563 2342 1629 ἐξ
2386 1562 2802 1635 ἁμαρτημάτων
2848 1561 3014 1615 πολλά
3049 1560 3254 1615 τούτων
3300 1558 3409 1612 τῶν
3453 1559 3738 1629 ἀδοκήτων

2157 1648 2256 1718 τὴν
2290 1647 2542 1701 ὑπόθεσιν
2582 1645 2714 1716 ἔχει.

2230 1805 2294 1874 β’.
2328 1802 2392 1855 Τί
2419 1798 2511 1856 οῦν
2539 1802 2588 1854 οἰ
2621 1795 2984 1869 ὑγιαίνοντες,
3016 1799 3169 1868 φησὶ,
3200 1799 3481 1869 διηνεκῶς,
3514 1799 3604 1852 καὶ
3649 1801 3742 1862 εἰς

2159 1889 2336 1958 γῆρας
2368 1886 2650 1956 ἐρχόμενοι
2675 1883 2925 1954 λιπαρὸν,
2952 1884 3049 1954 οὑχ
3077 1883 3479 1954 ἀμαρτάνουσι;
3512 1883 3622 1935 Καὶ
3648 1882 3736 1944 τίς

2158 1972 2224 2024 ἂν
2256 1969 2414 2022 τοῦτο
2444 1969 2621 2032 εἴποις
2663 1966 2788 2028 Πῶς
2829 1962 2944 2031 οὖν,
2983 1965 3146 2036 φησὶν
3166 2005 3180 2029 ,
3215 1964 3277 2018 οὗ
3309 1964 3512 2018 διδόασι
3543 1964 3734 2032 δίκην;

2159 2053 2282 2106 Ὅτι
2316 2053 2433 2104 ἐκεῖ
2453 2049 2682 2102 δώσουσι
2714 2047 3122 2118 χαλεπωτέραν.
3169 2047 3358 2117 Ἡμεῖς
3389 2047 3468 2110 δέ,
3499 2047 3548 2098 εἰ
3580 2045 3739 2098 ἐϐου-

2157 2133 2386 2204 λόμεθα,
2418 2133 2526 2185 οὐδ’
2565 2131 2630 2184 ἂν
2671 2130 2928 2195 ἐνταῦθα,
2963 2129 3070 2184 οὐδ’
3103 2129 3167 2183 ἂν
3205 2131 3384 2182 ἐκεῖσε
3424 2127 3734 2196 ἐδώκαμεν.

2157 2220 2229 2272 El
2261 2217 2369 2284 γὰρ
2399 2214 2651 2280 ἑαυτοὺς
2685 2214 3031 2284 ἐκρίνομεν,
3073 2214 3257 2285 φησιν,
3306 2214 3417 2266 οὐκ
3456 2211 3533 2266 ἂν
3580 2211 3740 2280 ἐκρι-

2156 2300 2394 2368 νόμεθα.
2427 2297 2537 2350 Καὶ
2581 2297 2680 2350 οὑκ
2707 2292 2882 2362 εἶπεν,
2915 2297 2978 2348 Εἰ
3011 2296 3338 2366 ἐκολάζομεν
3383 2294 3633 2356 ἐαυτοὺς.
3671 2292 3738 2344 EE

2157 2378 2591 2452 ἐτιμωρούμεθα,
2616 2378 2750 2431 ἀλλὰ
2772 2382 2954 2449 μόνον,
2979 2379 3040 2431 Εἰ
3073 2378 3366 2447 ἐπιγνῶναι
3394 2377 3462 2430 τά
3482 2376 3741 2446 ἁμαρτή-

2160 2481 2302 2534 ματα
2333 2461 2721 2534 ἐϐουλήθημεν,
2753 2463 2801 2514 εἰ
2828 2461 3187 2515 καταδικάσαι
3211 2463 3455 2526 ἑαυτοὺς,
3486 2462 3534 2512 εἰ
3569 2476 3739 2512 κατα-

2156 2545 2356 2614 γνῶναι
2397 2543 2504 2597 τῶν
2545 2543 3112 2613 πεπλημμελημένων,
3135 2542 3518 2612 άπελλάγημεν
3546 2543 3624 2596 ἄν’
3641 2542 3739 2594 καὶ

2155 2628 2257 2699 τῆς
2290 2626 2520 2682 ἐνταῦθα
2543 2627 2636 2680 καὶ
2666 2627 2767 2695 τῆς
2791 2627 2969 2679 ἐκεῖσε
2989 2626 3281 2699 τιμωρίας.
3328 2625 3388 2678 '0
3417 2627 3525 2696 γὰρ
3554 2643 3734 2678 καταο

2157 2713 2318 2778 γνοὺς
2365 2709 2582 2774 ἐαυτοῦ,
2627 2708 2787 2778 διπλῇ
2827 2707 2916 2760 τὸν
2962 2707 3093 2760 Θεὸν
3129 2707 3466 2772 ἐξιλεοῦται,
3515 2707 3608 2760 καὶ
3655 2705 3738 2775 τῷ

2157 2793 2455 2862 ἐπιγνῶναι
2488 2791 2558 2845 τά
2602 2792 2974 2862 ἁμαρτήματα
2994 2830 3008 2854 ,
3036 2792 3129 2845 καὶ
3156 2791 3234 2860 τῷ
3267 2792 3400 2862 πρὸς
3432 2791 3492 2843 τὸ
3539 2791 3738 2861 μέλλον

2154 2877 2513 2947 ὀκνηρότερος
2539 2875 2804 2946 γίνεσθαι.
2845 2876 3062 2946 Ἐπειδὴ
3091 2876 3146 2930 δέ
3173 2875 3294 2928 οὑδὲ
3323 2875 3484 2928 τοῦτο
3510 2876 3572 2928 τὸ
3601 2874 3740 2928 κοῦ-

2157 2976 2256 3027 φον
2305 2959 2602 3029 βουλόμεθα
2647 2962 2842 3024 ποιεῖν,
2883 2958 2958 3023 ὼς
3010 2959 3115 3030 χρὴ
3158 2961 3353 3022 ποιεῖν,
3401 2958 3521 3012 οὐδὲ
3561 2958 3741 3022 οὕτως

2156 3045 2303 3112 ἡμᾶς
2336 3043 2475 3112 μετά
2502 3043 2600 3112 τῆς
2629 3043 2955 3114 οἰκουμένης
2998 3042 3247 3107 κολάζειν
3291 3042 3564 3112 ἀνέχεται,
3595 3041 3743 3095 ἀλλὰ

2159 3128 2254 3180 καὶ
2279 3125 2422 3180 οὕτω
2452 3127 2713 3195 φείδεται,
2741 3125 2975 3180 ἐνταῦθα
3001 3125 3158 3196 δίκην
3182 3125 3452 3186 ἀπαιτῶν,
3479 3117 3537 3176 οῦ
3567 3124 3741 3195 πρόσο

2158 3225 2347 3278 καιρος
2375 3209 2408 3279 ἡ
2450 3208 2689 3280 τιμωρία
2718 3208 2811 3262 καὶ
2850 3206 3019 3278 πολλὴ
3055 3208 3088 3279 ή
3120 3207 3466 3279 παραμυθία⁸
3503 3207 3596 3260 καί⁸
3624 3209 3738 3279 γάρ

2158 3291 2572 3363 ἁμαρτημάτων
2606 3289 2896 3362 ἀπαλλαγὴ
2925 3290 2987 3343 τὸ
3019 3291 3326 3361 γινόμενον,
3376 3290 3471 3343 καὶ
3519 3292 3738 3362 χρηστὴ

2156 3374 2266 3428 τῶν
2293 3374 2594 3445 μελλόντων
2619 3373 2773 3438 ἐλπὶς
2805 3371 3136 3442 κουφίζουσα
3164 3373 3232 3426 τά
3255 3373 3522 3444 παρόντα.
3547 3372 3740 3426 Ταῦτα

2156 3456 2212 3508 δέ
2235 3456 2403 3524 λέγει,
2428 3455 2562 3526 ὁμοῦ
2597 3456 2694 3526 μὲν
2721 3454 3214 3526 παραμυθούμενος
3243 3457 3369 3517 τοὺς
3391 3455 3731 3526 ἀρρώστους,

2157 3539 2291 3610 ὁμοῦ
2310 3540 2365 3592 δὲ
2389 3540 2517 3602 τοὺς
2548 3538 2738 3601 ἄλλους
2765 3537 2914 3610 [252]
2946 3537 3398 3607 σπουδαιοτέρους
3421 3538 3610 3592 ποιῶν.
3640 3541 3736 3593 Διό

2158 3640 2230 3693 φη
2238 3639 2309 3674 σι’
2327 3622 2476 3676 Νυνί
2491 3621 2560 3674 δὲ
2578 3622 2931 3690 κρινόμενοι,
2944 3620 3065 3674 ὑπὸ
3080 3621 3301 3688 Κυρίου
3313 3620 3732 3691 παιδευόμεθα.

2159 3705 2270 3758 Οὑκ
2295 3701 2434 3766 εἷπε,
2452 3703 2830 3773 Κολαζόμεθα,
2848 3703 2947 3757 οὑκ
2967 3698 3110 3769 εἷπε,
3128 3703 3552 3773 Τιμωρούμεθα,
3571 3703 3732 3768 ἀλλά,

2158 3782 2563 3851 Παιδευόμεθα
2586 3798 2598 3812 υ
2629 3782 2907 3845 νουθεσίας
2938 3782 3048 3851 γάρ
3085 3781 3282 3851 μᾶλλόν
3315 3784 3458 3835 ἐστιν
3489 3782 3520 3852 ἦ
3557 3800 3736 3835 κατα-

2156 3867 2312 3936 δίκης
2339 3866 2398 3917 τὸ
2427 3864 2730 3934 γινόμενον,
2759 3862 2998 3934 ἰατρείας
3023 3863 3055 3932 ἢ
3077 3863 3364 3934 τιμωρίας,
3395 3863 3736 3935 διορθώσεως

2158 3949 2190 4019 ἦ
2223 3947 2516 4008 κολάσεως.
2547 3946 2618 3998 Οὑ
2656 3944 2826 4016 ταύτῃ
2857 3945 2911 3997 δέ
2939 3944 3121 4015 μόνον,
3156 3945 3290 3998 ἀλλά
3316 3946 3409 3998 καὶ
3438 3949 3503 4016 τῇ
3535 3946 3734 4017 ἀπειλῇ

2157 4029 2250 4082 τοῦ
2290 4029 2530 4100 μείζονος
2559 4028 2758 4097 κοῦφον
2786 4028 2846 4080 τὸ
2878 4027 3051 4098 παρὸν
3075 4031 3236 4090 ποιεῖ,
3263 4028 3458 4096 λέγων’
3497 4031 3618 4084 Ἵνα
3642 4032 3732 4099 μὴ

2159 4113 2279 4166 σὺν
2313 4111 2389 4176 τῷ
2422 4114 2626 4180 κόσμῳ
2654 4109 3112 4180 κατακριθῶμεν.
3163 4107 3314 4176 Εἶδες
3350 4112 3470 4177 πῶς
3508 4115 3599 4166 καὶ
3632 4116 3734 4184 τὴν

2157 4197 2380 4265 γέενναν
2398 4196 2686 4266 ἐπέστησε,
2715 4195 2808 4248 καὶ
2830 4195 2890 4248 τὸ
2912 4194 3139 4264 φρικτὸν
3161 4197 3338 4248 ἐκεῖνο
3361 4196 3730 4268 δικαστήριον,

2157 4279 2252 4331 καὶ
2279 4279 2574 4345 ἀναγκαῖον
2595 4277 2760 4342 ἔδειξε
2782 4278 2875 4330 καὶ
2897 4278 3113 4340 πάντως
3133 4278 3400 4349 ἐσομένην
3421 4279 3520 4350 τὴν
3538 4281 3734 4345 ἐξέτα-

2160 4377 2243 4413 σιν
2269 4360 2482 4429 ἐκείνην
2511 4359 2606 4412 καὶ
2627 4359 2725 4428 τὴν
2747 4359 3057 4429 τιμωρίαν;
3091 4361 3153 4413 Εἰ
3181 4361 3290 4431 γὰρ
3323 4363 3373 4414 οἰ
3410 4362 3590 4415 πιστοὶ
3631 4365 3732 4416 καὶ

2157 4443 2234 4515 τῷ
2261 4443 2381 4512 Θεῷ
2414 4442 2865 4513 περισπούδαστοι
2885 4443 2981 4496 οὑκ
3013 4444 3321 4514 ἀτιμωρητί
3346 4445 3732 4513 διαφεύγουσιν

2159 4530 2215 4580 ἐν
2241 4523 2322 4590 οἷς
2353 4528 2418 4580 ἂν
2452 4527 2887 4597 πλημμελήσωσι
2907 4565 2921 4590 ,
2963 4526 3058 4580 καὶ
3089 4527 3249 4596 δῆλον
3278 4529 3341 4580 ἐκ
3371 4527 3478 4580 τῶν
3525 4529 3732 4600 παρόν-

2156 4627 2285 4675 των,
2318 4609 2497 4679 πολλῷ
2548 4609 2748 4679 μᾶλλον
2794 4609 2844 4662 οί
2885 4609 3102 4664 ἄπιστοι
3149 4610 3244 4663 καὶ
3272 4611 3322 4662 οἰ
3352 4611 3420 4664 τά
3449 4611 3727 4679 ἀνήκεστα

2158 4694 2250 4747 καὶ
2276 4694 2468 4747 ἀνίατα
2497 4693 2850 4765 ἁμαρτόντες.
2881 4693 3065 4746 Ὥστε
3089 4696 3516 4764 συνερχόμενοι
3545 4697 3635 4758 εἰς
3660 4697 3726 4748 τὸ

2156 4779 2385 4848 φαγεῖν,
2411 4778 2724 4844 ἀλλήλους
2745 4777 3086 4847 ἐκδέχεσθε.
3112 4779 3232 4832 "Et:
3256 4779 3366 4850 γάρ
3388 4781 3730 4850 ἀκμάζοντος

2157 4860 2341 4924 αὐτοῖς
2373 4862 2464 4914 τοῦ
2500 4859 2686 4927 φόϐου,
2725 4863 2817 4914 καὶ
2846 4860 2939 4913 τοῦ
2974 4861 3173 4932 τρόμου
3211 4863 3462 4932 μένοντος
3494 4861 3586 4916 τοῦ
3626 4863 3728 4932 τῆς

2158 4944 2402 5014 γεέννης,
2436 4945 2680 5013 βούλεται
2725 4944 2885 4998 πάλιν
2913 4943 3010 5015 τὴν
3043 4945 3183 5015 ὑπὲρ
3209 4944 3316 4997 τῶν
3342 4946 3584 5016 πενήτων
3612 4947 3728 4999 είσ-

2157 5030 2385 5093 αγαγεῖν
2439 5026 2792 5097 παραίνεσιν,
2842 5026 2909 5079 δι’
2943 5026 3008 5096 ἢν
3046 5027 3260 5080 ἅπαντα
3289 5027 3462 5082 ταῦτα
3511 5029 3724 5097 εἴρηκε,

2156 5110 2370 5170 δεικνὺς
2414 5111 2495 5162 ὅτι
2529 5109 2686 5161 τοῦτο
2717 5111 2790 5179 μὴ
2823 5110 3112 5172 ποιοῦντας
3140 5110 3372 5176 ἀναξίως
3401 5111 3517 5162 ἐστί
3553 5127 3726 5182 μετα-

2157 5190 2471 5259 λαμϐάνειν.
2509 5191 2568 5242 Εἰ
2601 5190 2660 5241 δὲ
2683 5192 2742 5242 τὸ
2770 5191 2843 5261 μὴ
2881 5192 3203 5261 μεταδοῦναι
3225 5193 3331 5244 τῶν
3359 5192 3525 5245 ὄντων
3551 5195 3724 5263 εἴργει

2156 5275 2253 5344 τῆς
2294 5274 2570 5342 τραπέζης
2601 5273 2836 5344 ἐκείνης,
2885 5275 3063 5345 πολλῷ
3099 5277 3298 5344 μᾶλλον
3337 5276 3398 5328 τὸ
3435 5276 3721 5346 ἁρπάζειν.

2157 5358 2266 5409 Καὶ
2319 5357 2418 5408 οὑκ
2459 5351 2632 5419 εἶπεν,
2685 5357 2847 5408 Ὥστε
2881 5359 3264 5429 συνερχόμενοι
3314 5357 3567 5427 μετάδοτε
3613 5362 3726 5423 τοῖς

2155 5435 2445 5503 δεομένοις,
2486 5434 2600 5487 ἀλλ’
2634 5435 2661 5488 ὃ
2696 5437 3018 5508 σεμνότερον
3061 5433 3149 5508 ἣν,
3203 5436 3528 5504 Ἀλλήλους
3558 5437 3728 5490 ἐκόέέ

2156 5521 2355 5585 χεσθε.
2385 5517 2556 5571 Τοῦτο
2580 5519 2689 5588 γάρ
2718 5522 2812 5572 καὶ
2839 5522 3016 5574 ἐκεῖνο
3059 5520 3424 5599 κατεσκεύαζε
3459 5520 3553 5573 καὶ
3579 5520 3728 5590 ᾐνίτ-

2155 5617 2293 5666 τετο,
2327 5602 2420 5654 καὶ
2450 5600 2588 5672 μετά
2619 5602 2711 5655 τοῦ
2747 5604 3048 5674 πρέποντος
3077 5604 3355 5673 σχήματος
3397 5603 3494 5671 τὴν
3528 5601 3729 5670 παραί-

2154 5701 2298 5738 νεσιν
2325 5687 2629 5758 εἰσήγαγεν.
2651 5681 2790 5740 Εἶτα
2817 5688 3002 5741 λοιπὸν
3028 5685 3418 5757 ἐντρεπτικῶς·
3448 5687 3516 5739 Εἰ
3541 5681 3610 5737 δέ
3639 5701 3726 5749 τις

2155 5767 2347 5837 πεινᾷ,
2379 5772 2448 5824 ἐν
2489 5771 2630 5835 οῐκῳ
2669 5771 2928 5827 ἐσθιέτω.
2975 5769 3300 5842 Ἐπιτρὲψας
3333 5769 3600 5834 ἐκώλυσε,
3631 5769 3725 5822 καὶ
