4094 6222
303 403 399 460 233

300 532 407 575 rem
436 498 784 585 pertractavit
812 520 826 559 :
860 510 916 559 et
939 515 1061 558 cum
1088 498 1377 554 dissereret
1405 504 1458 551 et
1485 493 1736 585 probaret
1761 506 1867 585 non

297 583 543 679 oportere
567 600 620 655 in
641 594 857 669 judiciis
876 592 1110 663 litigare,
1135 599 1258 645 tunc
1286 588 1527 679 incidens
1550 588 1602 641 in
1628 583 1868 640 admoni-

299 678 493 753 tionem
523 691 666 748 circa
686 684 986 747 avaritiam,
1017 681 1181 737 nndta
1206 679 1273 735 de
1293 678 1395 734 hoc
1417 684 1731 750 argumento
1753 688 1876 745 pro-

300 787 413 842 tulit
442 802 457 839 :
490 782 544 838 id
570 776 714 851 quod
741 777 904 833 etiam
933 773 1019 829 hic
1048 771 1187 827 facit.
1218 770 1350 839 Quia
1376 770 1519 826 enim
1547 766 1712 825 semel
1740 779 1875 835 Opus

298 879 488 940 fuerat,
514 883 574 929 ut
599 871 666 926 de
690 865 960 940 mysteriis
987 862 1348 925 meminisset,
1383 858 1747 915 necessarium
1772 870 1875 925 pu-

303 970 428 1026 tavit
450 980 573 1024 esse
591 964 693 1019 hoc
711 958 959 1032 persequi
974 963 1368 1027 argumentum;
1389 965 1560 1021 neque
1582 949 1722 1004 enim
1747 946 1878 1002 levis

303 1058 555 1119 momenti
601 1063 721 1120 est;
746 1052 973 1121 ideoque
999 1046 1288 1103 admodum
1317 1042 1630 1100 terribiliter
1670 1038 1738 1094 de
1782 1036 1878 1093 illo

302 1149 568 1215 disseruit,
589 1147 851 1203 bonorum
881 1148 1042 1212 caput
1071 1153 1191 1194 esse
1239 1136 1471 1209 probans
1490 1174 1506 1200 ,
1538 1132 1606 1187 ad
1648 1146 1710 1187 ca
1754 1144 1877 1185 cum

301 1259 430 1316 pura
452 1237 778 1298 conscientia
790 1232 1064 1293 accedere.
1080 1229 1234 1286 Unde
1255 1244 1361 1283 non
1381 1233 1665 1316 conuentus
1684 1223 1879 1293 iisquae

302 1313 449 1408 prius
463 1330 689 1395 dixerat,
711 1327 830 1381 inec
842 1336 1054 1396 quoque
1073 1319 1256 1391 adjicit
1276 1317 1479 1381 dicens,
1505 1313 1691 1408 Probet
1712 1320 1881 1408 autem

303 1405 522 1495 seipsum
543 1422 715 1486 bonae;
736 1418 788 1473 id
804 1414 947 1488 quod
964 1413 1201 1470 etiamin
1224 1409 1456 1469 secunda
1477 1407 1703 1479 epistola
1720 1405 1877 1461 dicit:

314 1516 413 1571 Vos
429 1517 568 1586 ipsos
583 1518 786 1573 “ritate,
802 1523 889 1562 uos
911 1507 1050 1577 ipsos
1072 1503 1300 1575 probate;
1320 1517 1426 1556 non
1453 1500 1590 1555 sicut
1614 1513 1713 1553 nos
1741 1510 1882 1552 nunc

306 1609 547 1670 faciams,
565 1613 804 1672 tempore
824 1597 1142 1655 conditionis
1158 1596 1333 1669 potius
1352 1592 1502 1655 moti,
1526 1605 1685 1663 quam
1706 1588 1883 1647 studio

305 1697 485 1755 animi.
505 1694 619 1751 Non
638 1693 781 1749 enim
800 1690 850 1746 id
872 1702 1142 1753 curamus,
1161 1696 1217 1740 ut
1239 1685 1430 1755 parati,
1450 1699 1478 1738 a
1499 1682 1653 1739 malis
1674 1680 1882 1754 purgati

305 1802 359 1849 et
377 1787 788 1860 compunctione
821 1783 960 1854 pleni
987 1779 1303 1836 accedamus
1324 1774 1345 1843 ,‘
1364 1775 1459 1832 sed
1504 1784 1560 1830 ut
1602 1774 1655 1829 in
1695 1772 1885 1829 diebus

307 1881 454 1939 festis
472 1889 672 1935 etcum
699 1888 891 1932 omnes
917 1871 1201 1928 accedunt.

375 1971 708 2030 Conscientia”.
736 1967 930 2039 puritas
957 1962 1348 2019 communicanti
1375 1960 1675 2016 necessaria.
1698 1987 1768 1997 —
1789 1952 1886 2012 Ve-

306 2080 423 2123 rum
449 2078 557 2119 non
584 2065 654 2116 ita
675 2059 834 2130 jussit
858 2057 1088 2119 Paulus;
1118 2054 1210 2110 sed
1238 2068 1398 2108 unum
1429 2052 1576 2108 novit
1599 2049 1886 2130 accedendi

306 2169 361 2215 et
398 2128 825 2212 communicandi
857 2157 1214 2219 opportunum
1259 2152 1501 2212 tempus,
1545 2128 1887 2197 conscientia:

308 2260 505 2317 nempe
534 2242 836 2314 puritatem.
881 2238 1011 2293 Nam
1052 2237 1097 2291 si
1140 2235 1240 2289 hac
1280 2233 1466 2289 sensili
1508 2247 1688 2287 mensa
1732 2247 1887 2286 num-

305 2353 472 2411 quam
501 2335 721 2391 fruimur
753 2330 887 2386 febri
918 2327 1222 2384 laborantes
1249 2336 1341 2381 aut
1363 2322 1676 2380 humoribus
1708 2322 1887 2391 pleni,

309 2442 369 2489 ut
397 2445 469 2486 ne
497 2439 806 2500 pereamus;
839 2422 1008 2478 multo
1027 2420 1204 2476 minus
1232 2418 1370 2473 banc
1398 2426 1616 2488 tangere
1647 2413 1799 2469 nobis
1830 2414 1890 2467 li.

307 2536 398 2585 cet
420 2538 544 2576 eum
574 2519 750 2589 pravis
777 2511 1229 2585 concupiscentiis
1253 2551 1268 2575 ,
1298 2525 1420 2582 quae
1459 2508 1594 2563 febri
1620 2514 1746 2562 sunt
1770 2520 1892 2576 gra-

308 2616 511 2670 viores.
553 2611 684 2668 Cum
726 2617 903 2663 autem
939 2616 1132 2677 pravas
1174 2601 1296 2659 dico
1333 2597 1812 2670 concupiscentias,
1836 2606 1892 2651 et

307 2717 597 2776 corporum
631 2700 754 2757 dico
792 2696 1108 2769 cupiditates
1133 2702 1189 2751 et
1224 2694 1569 2766 pecuniarum
1611 2701 1666 2747 et
1709 2691 1801 2746 ine
1839 2698 1895 2745 et

310 2796 625 2868 injuriarum
654 2789 1059 2856 recordationis,
1088 2796 1145 2845 et
1172 2801 1383 2853 omnes,
1408 2794 1466 2842 ut
1490 2800 1597 2841 uno
1620 2784 1783 2840 verbo
1811 2782 1895 2837 di-

308 2905 464 2957 cam,
498 2903 618 2961 qua:
658 2899 833 2957 prava:
861 2882 1213 2952 absurdeque
1255 2889 1397 2935 sunt.
1431 2877 1670 2955 ‘Oportet
1714 2885 1893 2931 autem

309 2979 656 3038 accedentem
678 3017 694 3042 ,
724 2975 810 3032 bis
831 2974 1080 3032 omnibus
1103 2971 1378 3030 exhaustis
1403 2984 1467 3026 ac
1492 2968 1768 3040 depositis.
1795 2982 1894 3038 pu-

311 3087 431 3130 rum
453 3069 588 3125 illud
611 3069 874 3139 attingere
896 3065 1248 3130 sacrificium;
1278 3076 1453 3133 neque
1477 3062 1709 3132 segniter
1725 3069 1780 3117 et
1798 3061 1895 3116 mi-

312 3178 434 3221 sere
479 3160 728 3218 allectum
776 3165 993 3230 propter
1030 3156 1225 3212 festum
1260 3153 1380 3225 cogi
1404 3153 1473 3209 ad
1498 3153 1893 3218 accedendum;

311 3267 493 3324 neque
530 3264 719 3307 rursus
744 3255 1125 3319 compunctum
1148 3255 1199 3301 et
1227 3253 1468 3316 paratum
1498 3243 1801 3314 prohiberi,
1832 3258 1899 3298 eo

315 3345 465 3419 quod
495 3359 601 3399 non
631 3343 700 3399 sit
727 3342 845 3398 dies
870 3340 1056 3396 festus.
1106 3338 1230 3395 Dies
1255 3338 1400 3394 enim
1429 3337 1597 3393 festus
1620 3344 1703 3392 est
1727 3336 1899 3391 bono-

311 3454 438 3497 rum
460 3450 681 3506 operum
703 3433 938 3489 exhibita
962 3430 1137 3503 copia,
1168 3429 1332 3485 animi
1360 3429 1530 3500 pietas
1550 3469 1564 3494 ,
1589 3436 1895 3482 accuratum

312 3531 441 3586 vita
488 3527 788 3583 institutum
821 3543 835 3579 :
866 3525 909 3579 si
960 3523 1074 3580 btec
1119 3521 1357 3587 habeas,
1403 3528 1661 3591 perpetuo
1706 3519 1898 3576 festum

313 3637 480 3693 agere
515 3618 736 3690 poteris,
771 3625 826 3672 et
852 3630 1065 3687 semper
1099 3613 1376 3670 accedere.
1412 3612 1537 3668 ideo
1563 3612 1640 3669 ait
1670 3628 1684 3666 :
1711 3611 1901 3667 Probet

314 3726 489 3772 autem
510 3715 729 3785 seipsum
757 3709 1114 3779 unusquisque,
1137 3715 1190 3763 et
1221 3716 1346 3762 tunc
1373 3704 1613 3761 accedat.
1634 3703 1747 3762 Nec
1767 3720 1902 3775 prae-

312 3810 450 3882 cipit
476 3816 531 3864 ut
551 3807 690 3863 alter
714 3804 940 3859 alterum
969 3800 1177 3872 probet,
1201 3798 1295 3854 sed
1320 3807 1376 3854 ut
1394 3799 1619 3869 quisque
1642 3800 1899 3868 seipsum,

310 3900 578 3975 judicium
608 3905 850 3952 statuens
875 3891 1015 3965 quod
1042 3908 1149 3946 non
1178 3892 1247 3947 sit
1272 3890 1544 3962 publicum
1565 3931 1580 3956 ,
1612 3898 1665 3946 et
1707 3890 1902 3960 proba-

316 3993 527 4046 tionem
554 3988 671 4043 sine
706 3985 948 4041 testibus.
982 3982 1073 4038 29.
1113 3981 1211 4048 Qui
1243 3983 1378 4037 enim
1413 3982 1686 4036 manducat
1713 3992 1761 4035 et
1787 3981 1904 4035 bibit

310 4082 559 4152 indigne,
579 4078 829 4149 judicium
858 4075 1065 4131 Domini
1090 4075 1183 4129 sibi
1206 4073 1477 4128 manducet
1504 4082 1550 4127 et
1575 4072 1716 4127 bibit.
1744 4072 1901 4138 Quid,

310 4186 538 4246 quzeso,
563 4168 736 4226 dicis?
767 4179 840 4224 tot
865 4170 1126 4223 bonorum
1152 4181 1311 4223 causa
1336 4207 1351 4231 ,
1384 4167 1655 4236 vitamque
1683 4165 1903 4235 profun-

314 4269 468 4323 dens
511 4276 719 4327 mensa,
748 4262 857 4332 ipsa
877 4260 1136 4332 judicium
1172 4259 1443 4315 efﬁcitur?
1480 4257 1594 4314 Non
1622 4275 1689 4315 ex
1718 4266 1904 4312 natura

314 4371 441 4424 sua,
484 4353 674 4425 inquit,
705 4352 800 4407 sed
838 4366 902 4406 ex
943 4351 1060 4421 ejus
1100 4351 1189 4421 qui
1227 4350 1432 4407 accedit
1471 4350 1713 4406 arbitrio.
1759 4351 1908 4405 Sicut

313 4447 469 4504 enim
498 4443 782 4514 praesentia
819 4441 965 4511 ejus,
1003 4457 1121 4512 qua:
1164 4456 1356 4512 magna
1403 4440 1490 4496 illa
1529 4449 1583 4496 et
1622 4439 1908 4496 ineffabilia

315 4537 484 4592 nobis
511 4533 721 4590 confert
747 4532 909 4600 bona,
934 4546 1029 4589 eos
1056 4532 1145 4602 qui
1173 4546 1279 4588 non
1305 4530 1569 4602 accipiunt
1593 4530 1761 4602 magis
1782 4546 1910 4586 con-

311 4628 548 4682 demnat
579 4642 594 4680 :
618 4624 696 4679 sic
723 4630 780 4678 et
804 4621 1058 4695 mysteria
1082 4620 1151 4677 ad
1178 4620 1349 4689 majus
1372 4620 1690 4691 supplicium
1720 4620 1910 4675 viatica

313 4729 452 4773 sunt
483 4717 550 4774 iis
578 4716 668 4787 qui
699 4714 916 4786 indigne
939 4713 1276 4784 participant.
1304 4710 1415 4767 Cur
1441 4721 1618 4767 autem
1647 4712 1911 4783 judicium

311 4808 429 4864 sibi
462 4805 786 4863 manducat‘l
818 4804 939 4861 Non
958 4803 1243 4877 dijudicans
1260 4819 1444 4875 corpus
1469 4802 1696 4859 Domini.
1725 4805 1781 4861 ld
1806 4813 1909 4873 est,

316 4915 435 4955 non
468 4897 807 4963 examinans,
841 4911 946 4951 non
975 4895 1238 4967 cogitans,
1265 4903 1323 4950 ut
1346 4902 1638 4965 oporteret,
1664 4896 1909 4967 proposi-

315 5002 514 5046 torum
556 4988 974 5061 magnitudinem
1017 4996 1074 5044 et
1117 4986 1243 5043 doni
1286 4986 1680 5045 excellentiam.
1709 4986 1841 5042 Nam
1869 4988 1915 5042 si

315 5088 587 5137 accurate
612 5079 886 5146 didiceris,
914 5079 1034 5149 quis
1071 5079 1143 5133 sit
1187 5077 1275 5134 ille
1320 5077 1411 5148 qui
1454 5086 1680 5149 prostat,
1713 5088 1768 5134 et
1796 5077 1916 5149 quis

315 5186 457 5227 cum
505 5171 598 5237 sit,
648 5171 733 5226 cui
774 5170 867 5225 dat
904 5170 1160 5241 seipsum,
1200 5168 1346 5223 nullo
1374 5168 1482 5223 alio
1517 5184 1652 5239 opus
1693 5167 1918 5225 habebis

318 5276 627 5328 sermone;
654 5261 748 5316 sed
787 5262 889 5317 hoc
917 5260 1010 5315 tibi
1039 5259 1170 5314 satis
1197 5259 1299 5315 erit
1325 5257 1394 5315 ad
1420 5258 1777 5330 vigilantiam,
1813 5259 1918 5315 nisi

319 5351 493 5407 valde
517 5350 701 5422 lapsus
729 5350 913 5407 fueris.
945 5349 1035 5407 30.
1061 5347 1192 5405 Ideo
1218 5349 1348 5405 inter
1370 5366 1457 5405 uos
1483 5349 1630 5405 multi
1652 5349 1844 5420 inﬁrmi
1871 5360 1919 5405 ct

320 5442 631 5510 imbecilles,
655 5450 702 5497 et
723 5441 979 5496 dormiunt
1004 5440 1171 5496 multi.
1199 5439 1296 5496 Hic
1312 5440 1425 5511 jam
1452 5457 1558 5496 non
1586 5440 1654 5497 ab
1676 5442 1794 5498 aliis
1813 5441 1920 5498 fert

323 5532 584 5604 exempla
611 5573 627 5596 ,
658 5540 717 5587 ut
743 5530 869 5587 fecit
896 5532 1038 5587 circa
1065 5546 1153 5599 ea,
1178 5546 1298 5602 quae
1327 5531 1595 5587 immolata
1625 5542 1779 5588 erant
1800 5532 1917 5591 ido-

325 5623 419 5690 lis,
452 5634 665 5684 veteres
703 5639 930 5680 narrans
955 5624 1229 5689 historias,
1259 5635 1313 5681 et
1342 5624 1524 5696 plagas
1552 5625 1605 5680 in
1631 5624 1921 5682 solitudine

323 5726 604 5787 acceptas,
629 5715 727 5772 sed
753 5715 822 5771 ab
850 5716 979 5787 ipsis
999 5715 1309 5782 Corinthiis,
1338 5715 1388 5770 id
1420 5715 1562 5786 quod
1585 5717 1744 5771 etiam
1767 5718 1920 5774 vehe-

327 5808 662 5863 mentiorem
703 5806 960 5864 reddebat
984 5820 1305 5864 sermonem.
1349 5807 1481 5877 Quia
1509 5808 1650 5865 enim
1682 5808 1922 5866 dicebat:

1287 384 1346 438 IN
1386 383 1605 439 EPIST.
1647 381 1685 437 Ι.
1730 379 1822 435 AD
1862 377 2018 433 COli.
2062 376 2289 433 IIOMIL.
2324 377 2562 433 XXVIII.

3450 378 3555 433 ΞΜ

1975 488 2238 546 Iudicium
2265 490 2361 548 sibi
2388 491 2694 557 nmuducat;
2744 500 2816 555 et,
2840 489 2974 547 Reus
3001 500 3075 547 est
3090 510 3108 557 ;
3150 507 3218 548 ne
3243 494 3407 551 verba
3433 510 3558 565 pro-

1979 582 2116 637 ferre
2138 580 2400 650 videatur,
2430 582 2564 635 facta
2597 581 2801 651 adjicit,
2826 592 2878 637 et
2903 590 3071 637 testes
3091 583 3209 639 illos
3238 582 3486 649 advocat,
3513 586 3561 641 id

1980 671 2124 743 quod
2176 673 2343 742 magis
2391 672 2940 743 quam.cotnminatiu
2991 675 3341 745 perstringit,
3392 677 3565 729 tltinas

1985 763 2260 833 proferens
2304 763 2355 817 in
2387 780 2522 831 opus
2544 774 2822 819 exeuntes.
2864 762 3045 835 Neque
3078 763 3161 820 bis
3194 775 3397 821 tantum
3430 782 3563 820 con—

1985 863 2183 923 tentus,
2209 855 2331 910 hinc
2362 872 2665 912 sermonem
2695 857 2762 913 de
2793 858 3034 928 gehenna
3066 858 3267 915 inducit
3295 860 3565 933 fidemque

1986 947 2145 1010 facit;
2179 948 2443 1017 utrimque
2467 961 2693 1008 terrens.
2724 958 2777 1004 et
2805 950 3154 1019 quaestionem
3180 953 3413 1021 solvens,
3444 971 3569 1027 quas

1986 1036 2179 1108 ubique
2223 1037 2691 1095 circumfvt‘ebatur
2760 1041 2891 1110 Quia
2936 1045 3081 1099 enim
3127 1046 3280 1101 multi
3324 1047 3467 1105 inter
3506 1067 3568 1106 se

1984 1138 2251 1198 quaerunt,
2284 1132 2546 1185 nndenam
2580 1131 2875 1189 immatura:
2906 1145 3129 1205 mortes,
3159 1139 3299 1195 unde
3328 1141 3567 1200 diuturni

1987 1219 2179 1287 morbi,
2198 1220 2327 1275 dicit
2353 1221 2446 1276 illo
2470 1222 2633 1277 ninlta
2663 1225 3021 1294 inexspectata
3044 1240 3383 1298 peccatorum
3406 1249 3567 1292 causa

1985 1310 2246 1366 accidere.

2058 1404 2112 1458 2.
2145 1405 2280 1474 Quid
2313 1420 2461 1476 ergo,
2491 1406 2722 1478 inquies,
2753 1409 2825 1463 illi
2858 1413 2947 1481 qui
2994 1426 3256 1485 perpetuo
3290 1418 3426 1475 bene
3475 1438 3564 1475 va-

1989 1495 2119 1561 ient,
2149 1506 2202 1551 et
2226 1496 2293 1551 ad
2329 1505 2573 1569 vegetam
2620 1503 2939 1569 perveniunt
2985 1518 3320 1566 senectutem
3348 1554 3361 1576 ,
3387 1530 3565 1570 annon

1989 1589 2088 1659 ipsi
2139 1589 2404 1658 peccant?
2434 1588 2628 1660 Ecquis
2671 1590 2772 1646 hoc
2815 1592 3053 1650 dixerit?
3079 1600 3358 1666 Quomodo
3402 1620 3571 1675 ergo,

1991 1678 2218 1749 inquies,
2248 1695 2353 1734 non
2383 1678 2512 1736 dant
2543 1683 2768 1751 poenas?
2799 1684 2932 1750 Quia
2965 1686 3075 1743 illic
3095 1692 3373 1759 graviores
3394 1696 3572 1754 daturi

1989 1780 2134 1825 sunt.
2167 1769 2275 1825 Nos
2304 1779 2484 1826 autem
2513 1773 2556 1825 si
2589 1773 2814 1828 velimus
2836 1816 2850 1838 ,
2900 1792 3074 1847 neque
3108 1780 3198 1836 hic
3245 1799 3419 1855 neque
3465 1788 3572 1845 illic

1990 1860 2163 1915 daturi
2211 1875 2418 1915 sumus.
2462 1861 2553 1916 3i.
2593 1862 2655 1917 Si
2694 1866 2829 1918 enim
2876 1883 2967 1922 nos
3009 1870 3148 1937 ipsos
3182 1874 3571 1944 judicaremus,

1991 1950 2196 2022 inquit,
2245 1967 2350 2005 non
2396 1952 2570 2022 utique
2604 1954 2977 2027 judicaremur.
3015 1958 3124 2016 Nec
3168 1962 3337 2031 dixit,
3370 1966 3425 2021 Si
3474 1986 3573 2025 nos

1972 2040 2137 2111 ipsos
2177 2041 2574 2112 corriperemus
2611 2054 2665 2100 et
2703 2049 3119 2120 castigaremus;
3143 2054 3236 2110 sed
3288 2064 3491 2114 tantum
3529 2064 3575 2118 si

1993 2145 2211 2205 peccata
2258 2153 2553 2208 agnoscere
2594 2142 2853 2198 vellemus
2878 2185 2893 2211 ,
2922 2148 2965 2202 si
2998 2163 3093 2203 nos
3136 2148 3284 2221 ipsos
3321 2152 3578 2212 damnare

1992 2233 2047 2279 et
2074 2225 2378 2295 improbare
2405 2232 2542 2285 mala
2572 2248 2758 2303 opera,
2783 2235 3138 2294 liberaremur
3177 2253 3232 2298 et
3260 2257 3288 2297 a
3324 2250 3577 2313 prmsenli

1995 2322 2049 2369 et
2095 2331 2127 2371 a
2173 2314 2355 2373 futuro
2398 2322 2684 2391 supplicio.
2717 2324 2848 2380 Nam
2900 2328 2989 2397 qui
3032 2331 3268 2401 seipsum
3319 2336 3573 2399 damnat.

1993 2405 2278 2478 dupliciter
2323 2410 2487 2467 Deum
2545 2414 2753 2482 placat,
2786 2426 2841 2473 et
2892 2420 3034 2491 quod
3068 2433 3281 2491 peccata
3328 2441 3582 2498 agnoscat

1995 2506 2052 2552 et
2090 2500 2234 2569 quod
2281 2502 2334 2556 in
2378 2501 2560 2558 futuro
2598 2508 2667 2560 sit
2715 2508 2782 2563 ad
2835 2513 3162 2579 peccandum
3197 2517 3418 2575 tardior.
3443 2523 3579 2589 Quia

1997 2604 2125 2645 vero
2168 2607 2235 2647 ne
2279 2593 2382 2649 hoc
2427 2595 2641 2666 quidem
2692 2600 2761 2654 ita
2809 2600 2929 2658 leve
2980 2603 3155 2660 facere
3194 2608 3471 2677 volumus,
3521 2625 3580 2668 ut

1998 2683 2171 2741 facere
2210 2696 2518 2758 Oportet-et;
2550 2707 2617 2745 ne
2644 2692 2723 2747 sic
2756 2693 2971 2763 quidem
3004 2711 3104 2752 nos
3146 2699 3258 2754 vult
3282 2716 3406 2757 eum
3447 2705 3584 2761 orbe

1999 2786 2261 2833 terrarum
2283 2782 2491 2851 punire,
2520 2783 2613 2838 sed
2632 2785 2707 2838 sie
2721 2801 2935 2856 quoque
2964 2790 3153 2857 parcit,
3185 2791 3270 2847 hic
3288 2809 3475 2862 pteuas
3493 2812 3581 2852 re~

2003 2881 2224 2941 petens,
2257 2873 2344 2929 ubi
2388 2877 2706 2947 supplicium
2735 2891 2817 2934 est
2863 2889 3267 2952 temporaneum
3309 2896 3364 2942 et
3391 2902 3582 2959 magna

2000 2963 2299 3020 consolatio
2331 2982 2345 3018 :
2381 2981 2501 3022 nam
2529 2984 2562 3024 a
2599 2971 2832 3040 peccatis
2883 2971 3128 3030 liberatio
3179 2984 3264 3031 est
3293 3018 3308 3043 ,
3346 2986 3403 3033 et
3443 2979 3584 3036 bona

2001 3054 2304 3111 futurorum
2358 3072 2484 3128 spes
2528 3075 2648 3132 quae
2694 3065 2976 3131 prmsentia
3026 3066 3210 3124 leniat.
3244 3068 3372 3125 Haec
3421 3085 3584 3141 porro

2000 3147 2169 3215 dicit,
2201 3148 2361 3205 simul
2393 3150 2634 3208 infirmos
2673 3156 2992 3226 consolans,
3023 3168 3078 3214 et
3123 3160 3259 3216 alios
3280 3162 3582 3233 diligentiam

2002 3255 2090 3295 res
2116 3241 2366 3297 reddens.
2400 3241 2523 3300 ideo
2549 3247 2622 3301 ait
2650 3265 2663 3302 :
2695 3248 2783 3303 3&2.
2811 3247 2965 3304 Nunc
3003 3262 3171 3308 autem
3215 3270 3332 3310 cum
3368 3258 3584 3327 judica-

2003 3349 2116 3388 mur
2140 3376 2155 3399 ,
2204 3351 2237 3388 a
2267 3334 2486 3391 Domino
2532 3341 2847 3410 corripiatur.
2873 3342 2989 3399 Non
3020 3344 3192 3413 dixit,
3215 3348 3584 3421 Castigamur,

2007 3441 2113 3481 non
2143 3425 2297 3496 dixit,
2326 3428 2601 3501 Supplicia
2623 3433 2913 3504 afficiatur,
2930 3439 3049 3507 sed,
3074 3439 3391 3510 Corripimur
3416 3462 3436 3500 :
3461 3463 3583 3504 nam

2004 3519 2144 3589 quod
2175 3520 2234 3575 fit
2259 3524 2426 3593 magis
2464 3534 2547 3580 est
2575 3526 2956 3585 admonitionis
3005 3548 3165 3603 quam
3185 3534 3544 3595 damnationis
3566 3582 3584 3608 ,

2006 3610 2285 3667 medicinae
2313 3629 2471 3683 quam
2503 3617 2773 3687 supplicii,
2797 3623 3147 3678 correctionis
3174 3640 3333 3697 quam
3360 3631 3590 3702 castiga-

2008 3702 2189 3756 tionis.
2215 3702 2330 3757 Non
2367 3704 2468 3760 hoc
2493 3717 2669 3764 autem
2699 3715 3065 3767 tantummodo
3085 3756 3101 3781 ,
3146 3716 3240 3771 sed
3266 3728 3322 3773 et
3363 3726 3589 3777 commi-

2008 3795 2226 3850 natione
2256 3796 2476 3863 majoris
2504 3814 2678 3868 ptnna:
2703 3801 2817 3856 leve
2846 3803 3020 3860 reddit
3046 3807 3170 3862 ιΙΙιιιι
3194 3851 3210 3873 ,
3241 3810 3426 3867 dicens
3453 3831 3466 3865 :
3519 3813 3587 3870 Ut

2008 3899 2108 3937 non
2152 3900 2268 3939 cum
2311 3888 2504 3942 mundo
2549 3890 2864 3945 damnemur.
2904 3893 3092 3950 Videu‘
3110 3900 3381 3967 quomodo
3410 3913 3585 3975 etge-

2010 3976 2243 4031 bennam
2285 3977 2590 4047 induxerit,
2636 3990 2691 4035 et
2719 3980 2979 4039 horribile
3027 3986 3156 4042 illud
3211 3990 3480 4060 tribunal,
3532 4003 3588 4048 et

2009 4068 2319 4123 necessario
2347 4067 2579 4125 futuram
2612 4072 2910 4130 ostenderit
2955 4075 3098 4131 illam
3148 4082 3587 4152 perquisitionem

2010 4164 2065 4210 et
2096 4157 2425 4225 punitionem
2448 4160 2472 4215 Τ
2492 4158 2623 4215 Nam
2652 4162 2697 4218 si
2733 4162 2919 4219 fideles
2956 4176 3010 4220 et
3030 4169 3116 4238 qui
3145 4168 3253 4225 Deu
3277 4186 3418 4227 cura:
3439 4189 3588 4241 sunt,

2014 4263 2117 4301 non
2150 4248 2368 4319 impune
2393 4250 2595 4321 fugient
2624 4261 2965 4323 peccatorum
2991 4273 3179 4328 painas
3203 4302 3218 4325 ,
3269 4271 3324 4316 nt
3351 4279 3418 4320 ex
3448 4284 3589 4338 ιιι-ως

2013 4339 2256 4396 sentibus
2302 4341 2473 4410 palam
2504 4351 2627 4409 est,
2680 4345 2847 4401 multo
2896 4350 3071 4406 minus
3119 4353 3359 4411 infideles
3402 4368 3456 4413 et
3500 4360 3595 4429 qui

2014 4432 2192 4501 gravia
2224 4432 2648 4505 insanabiliaque
2691 4437 2894 4494 scelera
2942 4440 3248 4499 admittunt.
3275 4446 3363 4503 55.
3386 4446 3592 4521 Itaque,

2015 4541 2132 4580 cum
2172 4527 2445 4582 convenitis
2473 4527 2543 4582 ad
2582 4531 3028 4600 manducandum,
3051 4535 3263 4593 invicem
3288 4553 3592 4611 exspectate.

2017 4617 2149 4673 Nam
2182 4619 2306 4674 dum
2338 4622 2481 4691 viget
2520 4623 2678 4678 timor
2704 4634 2760 4681 et
2800 4627 3062 4697 gehennze
3106 4639 3308 4688 tremor
3347 4648 3598 4704 persevc-

2019 4722 2138 4779 rat,
2172 4712 2283 4768 vult
2314 4713 2506 4771 iterum
2552 4730 2650 4787 pro
2689 4719 3008 4789 pauperibus
3049 4722 3467 4781 admonitionem
3512 4727 3597 4781 in-

2019 4802 2251 4870 ducere,
2295 4806 2448 4876 cujus
2494 4821 2653 4863 causa
2697 4807 2814 4865 haec
2856 4812 3035 4867 omnia
3080 4812 3254 4882 dixit,
3307 4816 3598 4875 ostendens

2022 4896 2165 4965 illos,
2196 4898 2240 4953 si
2268 4898 2320 4954 id
2350 4916 2458 4955 non
2485 4909 2724 4968 servent,
2759 4902 3003 4974 indignos
3028 4920 3151 4962 esse
3180 4907 3269 4977 qui
3300 4912 3599 4967 communi-

2021 4997 2165 5046 cent.
2190 4988 2344 5057 Quod
2390 4990 2533 5047 side
2580 4990 2921 5048 facultatibus
2974 5010 3079 5049 non
3109 4996 3361 5069 elargiri,
3392 5001 3461 5057 ab
3511 5002 3598 5060 illa

2024 5096 2207 5137 mensa
2232 5092 2414 5148 arcet;
2447 5082 2616 5137 multo
2646 5084 2816 5155 magis
2844 5101 3039 5156 rapere
3060 5102 3262 5148 arceat.
3291 5092 3399 5150 Nec
3422 5093 3589 5166 dixit,

2024 5170 2208 5243 itaque
2227 5173 2609 5230 convenientes
2625 5172 2748 5233 date
2765 5176 2950 5247 egenis
2974 5194 2992 5245 ;
3031 5179 3126 5235 sed
3156 5182 3297 5252 quod
3324 5183 3604 5241 honestius

2026 5275 2165 5333 erat,
2194 5263 2341 5322 Alter
2367 5266 2585 5321 alterum
2611 5279 2915 5339 exspectate.
2938 5271 3049 5329 lloc
3068 5275 3211 5329 enim
3242 5276 3370 5332 illud
3394 5292 3606 5349 quoque

2028 5356 2325 5426 apparabat
2354 5366 2407 5418 et
2436 5359 2841 5428 subindicabat,
2868 5379 2935 5422 ac
2977 5370 3291 5437 congruenti
3321 5369 3485 5425 modo
3512 5372 3607 5427 ad-

2028 5448 2380 5507 monitionem
2400 5449 2628 5511 induxit.
2651 5454 2854 5511 Deinde
2869 5470 3054 5511 rursus
3071 5458 3329 5529 pudorem
3352 5460 3607 5519 inferens:

2028 5539 2118 5595 54.
2146 5538 2208 5595 Si
2235 5541 2348 5609 quis
2364 5552 2536 5599 autem
2557 5545 2737 5613 esurit,
2767 5545 2906 5602 domi
2934 5550 3220 5606 manducet.
3246 5551 3616 5613 Permittendo

2030 5629 2309 5702 impedivit
2337 5633 2501 5689 etiam
2531 5634 2905 5694 vehementius
2925 5679 2939 5701 .
2968 5654 3127 5712 quam
3154 5641 3203 5697 si
3231 5641 3592 5715 prohibuisset

2032 5718 2112 5776 Es
2142 5723 2372 5782 ecclesia
2414 5727 2559 5784 enim
2591 5728 2749 5786 illum
2791 5730 3014 5802 eduxit,
3042 5732 3176 5791 etin
3204 5734 3423 5794 domum
3451 5741 3608 5796 remi-

2035 5812 2138 5884 sit;
2161 5816 2257 5874 hoc
2280 5819 2383 5877 ritu
2410 5820 2529 5878 illos
2555 5822 2906 5883 vehementer
2929 5827 3293 5903 perstringens
3317 5840 3475 5903 atque
3501 5837 3613 5884 tra-
