4094 6222
446 447 556 505 *255

449 692 565 816 qui:
577 735 749 798 esurit,
773 724 925 799 quasi
945 730 1139 793 pueros
1158 712 1351 767 famem
1365 720 1472 761 non
1491 702 1723 756 ferentes
1738 692 2035 760 alloquens,

1139 807 1150 816 '
1333 797 1490 816 hri-2x
1548 787 1850 816 οε,ιτι...1ηνη
1893 778 2035 816 anim

485 778 560 797 “GC
577 778 676 794 ιυκ-
693 778 749 798 .-⁷
777 778 858 799 Ἰη,
945 778 960 793 ⁸

451 778 722 901 ἵεηιίιιιτιιη
772 823 930 876 bruta
980 807 1154 867 ventri
1207 797 1521 860 servientis.
1548 787 1851 847 Ridiculum
1893 778 2036 835 enim

1201 898 1213 901 -
1315 895 1326 901 ·
1516 887 1529 901 -
1586 888 1783 901 πη--.
1835 872 1940 901 ams
1986 877 2036 901 Δ.

454 872 578 893 Ιαιιιι
605 872 722 883 υυ---ν
773 872 823 876 ..ν
848 872 854 873 ,

454 872 678 986 fuisset,
709 916 755 974 si
802 912 872 967 ob
903 905 1138 964 esuriem
1184 895 1330 954 domi
1372 887 1807 947 manducassent.
1835 872 1945 931 Sed
1985 877 2041 926 et

1584 975 1648 986 -o,
1821 970 1864 986 οη
1905 963 2008 986 εῨΑΔΞ

451 963 929 1074 alitidwterribilius
978 991 1250 1064 subjunxit
1273 1030 1288 1054 ,
1316 985 1502 1042 dicens
1536 997 1549 1034 :
1583 975 1652 1033 Ut
1690 988 1791 1028 non
1816 970 1870 1024 in
1889 963 2040 1066 judi—

457 1055 597 1074 ηιμ...
639 1055 898 1066 ..ηπ---.η
1076 1055 1093 1064 _

457 1110 588 1163 rium
620 1094 966 1157 conveniatis;
994 1098 1052 1144 ut
1080 1099 1188 1140 non
1216 1081 1268 1135 in
1295 1070 1698 1144 castigationem
1722 1105 1738 1129 ,
1770 1069 1829 1116 ut
1852 1072 1956 1113 non
1987 1055 2038 1108 in

455 1195 778 1271 supplicium
799 1233 813 1254 ,
844 1187 972 1242 dum
1013 1175 1299 1236 ecclesiam
1343 1160 1668 1225 contumelia
1707 1151 1918 1210 aflicitis
1940 1189 1956 1214 ,
1986 1155 2043 1202 et

1190 1265 1221 1271 “
1262 1264 1274 1271 ‘
1305 1262 1317 1271 ·
1401 1257 1446 1271 "
1567 1253 1579 1271 ε
1603 1251 1682 1271 ιι-
1717 1239 2015 1271 ..Α-ι...ηηῖιῇ

459 1239 678 1350 τιοτξιὶριιι
711 1285 766 1339 in
799 1277 1061 1352 pudorem
1083 1262 1371 1336 conjicitis.
1401 1257 1536 1313 Nam
1566 1251 1687 1307 ideo
1714 1239 2039 1304 convenitis,

462 1383 670 1453 inquit,
697 1384 755 1429 ut
783 1332 880 1426 vIos
909 1373 1095 1422 mutuo
1130 1332 1363 1426 diligatis
1382 1391 1397 1415 ,
1439 1356 1498 1402 ut
1522 1337 1784 1413 juvemini
1813 1341 1867 1390 et
1889 1332 2044 1403 juve-

1235 1448 1256 1453 -
1491 1439 1522 1453 --
1574 1452 1580 1453 κ
1648 1439 1777 1453 η--.
1823 1427 1868 1453 ..ι
1900 1421 2041 1453 am“:

560 1421 670 1444 υ...
700 1421 755 1429 _-
794 1421 921 1426 --_,
1230 1421 1253 1426 ν

463 1421 568 1534 tis“:
601 1474 645 1529 si
693 1482 821 1523 vero
861 1455 1188 1517 contrarium
1229 1448 1353 1512 fiat,
1401 1439 1594 1497 melius
1641 1439 1785 1488 esset
1823 1427 1870 1483 si
1898 1421 2046 1480 domi

470 1855 623 1918 parte
647 1792 906 1896 deterruit
937 1872 952 1896 ,
983 1842 1011 1881 a
1045 1818 1344 1895 mysteriis,
1367 1813 1434 1866 ab
1465 1803 1709 1868 infirmis,
1735 1814 1763 1853 a
1792 1792 2014 1852 mortuis
2035 1833 2050 1858 ,

1113 1915 1140 1918 _
1189 1912 1201 1918 -
1265 1909 1276 1918 .
1362 1904 1393 1918 ..
1463 1909 1663 1918 mu“
1692 1889 2026 1918 “damn.

473 1889 541 1993 ξι)
570 1933 688 1988 aliis
715 1939 875 1996 supra
903 1889 1078 1976 dictis.
1101 1889 1312 1968 'Deiude
1329 1904 1433 1959 alio
1453 1909 1668 1971 quoque
1692 1889 1852 1947 modo
1869 1891 2050 1948 terret,

473 1975 541 1993 ..υ
570 1975 688 1988 .......
715 1975 874 1996 -_,-_,
916 1975 919 1976 ν

473 2033 657 2086 dicens
687 2043 701 2078 :
730 2021 922 2076 Cretera
947 2020 1118 2067 autem
1165 2020 1278 2059 cum
1307 2011 1487 2053 venero
1517 1992 1829 2062 disponam;
1857 1989 1949 2036 aut
1990 1975 2056 2031 ad

477 2116 720 2192 qumdam
751 2111 854 2165 alia
875 2148 891 2174 ,
919 2111 1011 2158 aut
1039 2098 1105 2153 ad
1143 2095 1245 2150 hoc
1287 2091 1484 2160 ipsum.
1511 2081 1646 2150 Quia
1676 2077 1821 2132 enim
1868 2069 2059 2126 verisi-

1214 2184 1248 2192 -.
1609 2182 1790 2192 “MM
1857 2172 1905 2192 Μ
1951 2175 2057 2192 mm

480 2172 607 2267 mile
637 2214 721 2261 est
766 2202 912 2272 ipsos
941 2192 1140 2250 dixisse
1183 2184 1316 2238 alias
1355 2189 1568 2249 quoque
1603 2182 1827 2232 causas,
1856 2172 1911 2218 et
1951 2175 2058 2216 non

480 2301 719 2377 potuisse
766 2251 942 2348 ormuia
968 2297 1061 2354 per
1085 2279 1288 2334 litteras
1315 2266 1512 2338 corrigi
1547 2282 1560 2319 :
1588 2262 1720 2330 Qua:
1766 2251 2018 2311 admonui
2045 2293 2059 2316 ,

1192 2376 1196 2377 '
1384 2360 1395 2372 ⁸
1437 2355 1553 2377 ---²-¹
1602 2361 1776 2377 --ηιι--ε-
1807 2344 1946 2377 ηις-ιιι
1978 2343 2059 2377 ,ιῖ-

481 2343 653 2464 inquit
673 2430 688 2453 ,
719 2382 934 2440 interim
983 2376 1276 2430 serventur
1309 2381 1324 2417 :
1355 2360 1398 2416 si
1429 2355 1557 2429 quid
1601 2361 1780 2407 autem
1807 2344 1949 2403 aliud
1978 2343 2062 2397 di-

483 2445 711 2544 cebdum
761 2467 1089 2531 habueritis,
1133 2459 1185 2515 id
1229 2466 1397 2524 usque
1441 2447 1506 2502 ad
1551 2445 1838 2500 adventum
1887 2448 2065 2491 meum

488 2583 770 2635 servetur;
794 2574 884 2621 aut
910 2562 976 2617 de
1005 2558 1104 2612 hac
1133 2568 1190 2608 re
1219 2551 1465 2617 loquens,
1500 2549 1557 2594 ut
1584 2536 1714 2596 dixi,
1741 2542 1832 2587 aut
1853 2530 1920 2585 de
1947 2526 2068 2580 aliis

485 2662 825 2739 quibusdam,
857 2669 977 2725 qua:
1004 2664 1110 2704 non
1136 2637 1422 2698 admodum
1452 2629 1732 2701 urgebant.
1752 2624 1866 2678 Hoc
1891 2627 2066 2674 autem

1148 2736 1176 2739 υ
1250 2731 1262 2739 ·
1499 2724 1512 2739 ι
1536 2722 1607 2739 ικ-
1646 2737 1654 2739 -
1690 2730 1808 2739 ---πη
1831 2713 1895 2739 Α..
1923 2710 2064 2739 unus

485 2710 632 2820 fbeit,
665 2763 719 2808 ut
747 2710 1017 2804 illos-inde
1040 2731 1392 2794 studiosiores
1422 2722 1612 2780 reddat
1644 2737 1655 2771 :
1689 2730 1809 2770 nam
1829 2713 1896 2768 de
1923 2710 2068 2764 illius

488 2852 720 2905 adventu
751 2835 1003 2900 solliciti,
1037 2838 1254 2901 peccata
1300 2812 1638 2877 emendaturi
1686 2816 1859 2864 erant.
1892 2803 2073 2871 Neque

491 2943 632 2997 enim
663 2935 797 2992 levis
824 2946 910 2985 res
935 2933 1052 2982 erat
1070 2964 1085 2988 ,
1117 2916 1257 2990 quod
1291 2912 1487 2969 Paulus
1517 2921 1582 2962 eo
1604 2911 1864 2957 venturus
1887 2903 2032 2950 esset
2057 2908 2071 2957 ;

491 3035 651 3102 idque
676 3018 965 3081 ostendens
988 3013 1202 3071 diccbat
1230 3027 1245 3064 :
1281 3007 1353 3060 Ac
1378 3004 1422 3058 si
1459 3016 1562 3054 non
1604 3004 1840 3050 venturus
1882 2989 1980 3044 sim
2009 2986 2076 3039 ad

1216 3101 1222 3102 ί
1363 3095 1398 3102 ι-
1465 3091 1498 3102 Α
1625 3088 1638 3102 ι
1701 3086 1779 3102 ant
1811 3099 1820 3102 -
1859 3091 1899 3102 ,ι
1950 3076 2072 3102 ,ΙΞΙᾹ

492 3076 910 3188 b‘b‘s‘xie-‘iuﬂati
945 3116 1060 3164 sunt
1103 3101 1308 3172 quidam
1355 3095 1430 3164 (1.
1458 3091 1578 3146 Cor.
1611 3088 1662 3142 4.
1696 3086 1782 3152 18)
1809 3099 1822 3147 ;
1852 3091 1906 3134 et
1949 3076 2074 3133 alibi

495 3169 597 3188 υνυι
628 3169 692 3176 νη
747 3169 754 3170 κ
799 3169 810 3186 ,
1117 3169 1124 3172 .

493 3228 731 3276 rursunt,
764 3206 883 3262 Non
915 3211 1172 3268 tamquam
1210 3193 1263 3246 in
1293 3184 1556 3261 pra'sentia
1581 3197 1691 3235 mea
1729 3185 1960 3237 tantum,
1989 3169 2080 3225 sed

498 3306 657 3362 multo
689 3298 850 3370 magis
873 3296 927 3349 in
956 3287 1204 3350 absentia,
1223 3299 1337 3336 cum
1364 3279 1539 3333 timore
1565 3284 1610 3329 et
1638 3283 1849 3325 tremore
1870 3277 2082 3320 vestram

501 3355 714 3454 ξξιῖᾇιὲιη
745 3355 1019 3462 operamini
1045 3376 1303 3451 (Philipp.
1333 3371 1388 3425 2.
1419 3369 1534 3437 12).
1587 3363 1711 3420 Ideo
1757 3375 1862 3415 non
1909 3355 2082 3412 solum

505 3487 754 3563 promisit
782 3499 842 3538 se
868 3486 1153 3534 venturum
1185 3481 1304 3525 esse
1331 3509 1347 3533 ,
1377 3478 1445 3518 ne
1471 3476 1574 3516 non
1602 3455 1886 3513 crederent
1910 3459 1966 3506 et
1993 3464 2088 3503 ne-

1360 3559 1374 3563 -
1790 3547 1806 3561 ,ν
1881 3562 1884 3563 ν
1944 3543 2080 3563 Λη-

505 3543 854 3652 gligentiores
905 3567 1238 3626 evaderent;
1284 3559 1378 3613 sed
1429 3565 1484 3611 et
1531 3547 1892 3607 necessariam
1938 3543 2087 3598 addit

507 3677 774 3732 adventus
805 3675 1024 3720 causam
1064 3657 1276 3718 dicens,
1307 3649 1500 3705 Cretera
1545 3660 1659 3698 cum
1701 3653 1883 3695 venero
1914 3637 2089 3706 dispo-

511 3783 668 3830 nam;
707 3755 999 3816 ostendens
1051 3757 1368 3804 emterorum
1417 3737 1851 3797 correctionem,
1882 3725 2090 3784 etiamsi

514 3877 622 3920 non
675 3851 896 3912 omnino
959 3845 1267 3905 festinaret,
1320 3837 1491 3906 ipsum
1559 3831 1697 3884 istuc
1748 3831 2093 3879 attracturam

514 3954 698 4012 fuisse.

588 4048 643 4102 5.
675 4036 892 4097 Moralis
930 4026 1233 4088 exhortatio.
1285 4019 1475 4074 Luctus
1522 4012 1885 4070 immoderatus
1925 4008 2097 4060 uitau-

521 4097 638 4195 dus.
663 4133 780 4189 Jobi
805 4124 1048 4201 patientia
1077 4114 1396 4173 describitur.
1425 4139 1493 4149 —-
1521 4107 1646 4162 Haec
1667 4116 1797 4174 ergo
1826 4097 2102 4154 audientes

522 4230 736 4290 omnia,
781 4233 833 4277 et
883 4223 1177 4288 pauperum
1223 4216 1467 4273 magnam
1511 4209 1692 4252 curam
1739 4201 2020 4262 geramus,
2053 4192 2106 4237 et

523 4330 766 4379 ventrem
803 4281 1147 4367 moderemur
1170 4341 1184 4365 ,
1217 4305 1377 4365 atque
1397 4292 1463 4346 ab
1488 4287 1749 4344 ebrietate
1790 4281 2103 4341 liberemur,

527 4378 585 4472 et
633 4403 902 4482 mysteriis
953 4396 1116 4466 digne
1161 4386 1484 4460 participare
1529 4378 1870 4437 Studeamus;
1899 4385 1962 4425 ea
1990 4379 2109 4437 qua:

1336 4475 1354 4482 ⁸
1759 4481 1767 4482 κ
1793 4481 1799 4482 γ
1835 4463 1882 4482 3-
1917 4457 2067 4482 ...ιιιιη

531 4501 676 4576 passi
691 4457 961 4552 querimns
983 4530 997 4553 ,
1026 4499 1130 4541 non
1162 4495 1304 4550 argre
1333 4475 1566 4531 feramus
1586 4511 1599 4536 ,
1630 4481 1806 4537 neque
1835 4463 1888 4516 in
1917 4457 2070 4515 nobis
2095 4497 2109 4521 ,

537 4560 710 4663 neque
753 4589 806 4641 in
833 4583 952 4637 aliis
981 4597 995 4632 :
1023 4575 1170 4631 verbi
1201 4568 1369 4641 gratia
1413 4581 1535 4620 cum
1565 4565 1864 4617 immatura:
1913 4560 2113 4607 mortes

1250 4661 1254 4663 Α
1428 4655 1438 4663 ³
1464 4655 1476 4663 ⁵
1534 4653 1576 4663 ’⁹
1747 4647 1758 4659 ⁸
1799 4661 1809 4663 ς
1865 4652 1935 4663 --Α
1978 4641 2080 4663 ὶξΙ--

536 4641 819 4743 accidunt,
851 4685 971 4727 cum
1023 4661 1260 4721 diuturni
1307 4655 1500 4711 morbi.
1534 4653 1646 4706 lloc
1677 4647 1817 4704 enim
1857 4652 1940 4699 est
1978 4641 2116 4695 libe-

538 4777 675 4835 ratio
700 4787 729 4826 a
750 4761 1010 4838 supplicio
1031 4801 1045 4825 ,
1080 4756 1180 4809 hoc
1205 4746 1468 4807 correctio
1487 4785 1502 4809 ,
1537 4743 1639 4795 hoc
1682 4735 1974 4792 admonitio
2018 4746 2117 4800 op-

541 4871 690 4923 tima.
721 4827 998 4929 Quis-lim
1021 4845 1184 4904 dicit?
1211 4839 1310 4910 Qui
1340 4834 1613 4892 Chrismm
1637 4830 1690 4883 in
1721 4843 1779 4883 se
1811 4827 2118 4895 loquentem

547 4916 796 5012 habebat.
829 4951 1075 5003 Attamen
1123 4938 1284 4995 etiam
1333 4939 1454 5003 post
1483 4927 1599 4982 hate
1646 4922 1899 4978 mulieres
1943 4916 2125 4972 multa:

548 5049 624 5102 ita
654 5054 818 5096 sensu
836 5037 1113 5090 destituta:
1153 5037 1312 5092 sunt,
1350 5022 1490 5078 utin
1534 5019 1710 5073 luctus
1751 5007 2127 5080 exsuperantia

549 5139 699 5209 ipsos
746 5128 908 5185 etiam
956 5121 1195 5177 infideles
1239 5122 1500 5186 superent
1541 5129 1556 5167 :
1597 5118 1652 5166 et
1697 5107 1816 5163 alize
1854 5102 2068 5172 quidem
2098 5115 2128 5153 a

544 5195 700 5286 luctu
739 5218 889 5292 quasi
922 5211 1156 5270 tenebris
1203 5209 1410 5264 obrutae
1452 5204 1556 5259 hoc
1585 5201 1823 5256 faciunt:
1852 5195 1971 5250 alite
1999 5205 2129 5249 vero

556 5323 624 5378 ad
651 5313 1068 5375 ostentationem
1091 5344 1106 5367 ,
1138 5309 1193 5356 et
1235 5307 1294 5353 ut
1317 5305 1662 5352 externorum
1708 5288 2134 5348 criminationem

556 5418 768 5478 vitent,
816 5418 950 5479 quas
990 5396 1135 5457 omni
1183 5392 1336 5449 venia
1384 5389 1614 5459 privatas
1660 5383 1799 5439 dico.
1824 5381 1895 5437 Ut
1935 5393 2004 5434 ne
2048 5374 2138 5430 ille

558 5511 684 5566 talis
711 5468 941 5566 ineuset,
968 5491 1238 5564 inquiunt,
1260 5487 1468 5542 incuset
1493 5478 1676 5542 Deus;
1706 5485 1769 5530 ut
1799 5487 1866 5528 ne
1895 5468 2140 5524 homines

561 5599 731 5657 brutis
756 5560 1080 5649 a‘mentiores
1106 5596 1206 5638 nos
1233 5579 1510 5636 damnent,
1540 5569 1627 5624 lex
1653 5566 1815 5636 Regis
1859 5560 2140 5615 universo-

565 5653 687 5747 rum
736 5684 1100 5741 conculcetur.
1124 5675 1192 5729 Et
1221 5679 1350 5742 quot
1371 5663 1689 5720 fulminibus
1712 5659 1830 5713 hac
1856 5653 2013 5722 digna
2037 5662 2141 5702 non

570 5776 802 5839 fuerint?
828 5775 884 5832 Si
905 5779 1029 5844 post
1049 5769 1250 5824 luctum
1280 5773 1332 5819 te
1358 5757 1620 5832 quispiam
1648 5752 1714 5807 ad
1735 5760 1942 5807 caenam
1970 5753 2144 5810 vocet,

561 5885 731 5935 nemo
758 5875 840 5922 est
868 5865 958 5936 qui
989 5867 1201 5923 renuat,
1233 5855 1355 5925 quia
1382 5852 1466 5906 lex
1487 5848 1714 5904 humana
1743 5842 1844 5898 hoc
1872 5835 2144 5911 pratcipit;

1161 420 1219 476 S.
1257 406 1534 472 JOANNIS
1567 389 2044 480 CHRYSQSTOMI
2084 385 2399 445 ARCHIEP.
2426 370 2954 440 CONSTANTlNOP.

3610 359 3730 416 256

2147 499 2256 554 Deo
2293 505 2468 551 autem
2496 492 2564 548 de
2593 503 2699 545 non
2729 481 2960 555 lugendo
2986 477 3160 548 legem
3181 472 3408 532 ferente.
3438 475 3513 522 tta
3534 480 3725 521 omnes

2143 586 2534 645 contradicunt.
2570 579 2686 635 Non
2728 575 2932 645 cogitas
2976 568 3209 632 Jobum,
3250 577 3285 619 o
3332 557 3569 636 mulier?
3613 572 3726 613 non

2145 677 2446 738 recordaris
2465 686 2654 729 vocum
2683 670 2799 740 ejus
2826 667 2878 720 in
2907 659 3210 718 calamitate
3235 633 3558 709 amissorum
3585 648 3727 704 ﬁlio-

2147 785 2288 835 rum,
2310 781 2429 839 qure
2456 737 2725 821 sexcentis
2749 755 2966 813 coronis
2995 763 3207 808 sacrum
3235 744 3368 801 illud
3395 749 3555 811 caput
3575 737 3728 794 redi-

2148 829 2400 925 mierunt,
2429 864 2484 911 et
2507 849 2835 924 splendidius
2863 859 3020 916 quam
3064 839 3205 895 tuba:
3233 835 3414 891 multa:
3457 829 3733 902 deprmdi-

2148 949 2378 1009 carunt?
2403 963 2508 1002 non
2538 941 2739 1014 cogitas
2765 933 3088 994 calamitatis
3129 925 3546 1000 magnitudinem
3567 963 3584 989 ,
3628 935 3732 976 no-

2150 1060 2273 1101 vum
2306 1040 2435 1098 illud
2465 1035 2799 1106 naufragium
2825 1073 2839 1096 ,
2871 1044 2933 1085 ac
2962 1040 3152 1081 novam
3191 1022 3493 1088 miramque
3529 1025 3734 1084 traga-

2149 1135 2292 1192 diam
2313 1133 2341 1185 ‘t
2367 1131 2499 1186 Nam
2529 1137 2584 1182 tu
2614 1123 2828 1196 quidem
2849 1132 3009 1175 unum
3037 1111 3335 1185 perdidisti,
3359 1116 3450 1162 aut
3474 1106 3732 1168 alterum.

2151 1236 2245 1281 aut
2274 1223 2522 1280 tertium;
2557 1218 2647 1273 ille
2672 1223 2853 1270 autem
2880 1220 2988 1266 tam
3015 1207 3212 1262 multos
3260 1212 3314 1258 et
3359 1211 3466 1256 tam
3513 1197 3732 1254 multas.

2153 1318 2222 1373 Et
2250 1316 2338 1386 qui
2368 1311 2564 1367 multos
2589 1305 2820 1362 habebat
2863 1301 3094 1364 liberos,
3122 1303 3348 1366 repente
3375 1292 3540 1345 orbus
3587 1287 3686 1342 fuit
3714 1303 3733 1350 ;

2153 1425 2326 1481 neque
2365 1405 2616 1477 paulatim
2656 1399 2860 1454 viscera
2915 1393 3033 1464 ejus
3073 1385 3524 1446 consumebantur
3549 1421 3564 1444 ,
3611 1379 3735 1444 sed,

2155 1479 2446 1571 derepente
2503 1494 2707 1550 fructus
2779 1497 2918 1544 totus
2990 1479 3388 1552 abripiebatur;
3437 1488 3610 1544 neque
3667 1486 3740 1525 ex

2157 1589 2428 1650 communi
2473 1587 2591 1658 lege
2633 1593 2874 1646 naturae,
2916 1591 3090 1646 neque
3132 1587 3255 1627 cum
3285 1568 3354 1624 ad
3399 1573 3739 1623 senectutem

2159 1681 2548 1756 pervenissent,
2578 1673 2673 1732 sed
2700 1674 2983 1728 immatura
3009 1675 3063 1721 et
3083 1664 3315 1718 violenta
3335 1667 3529 1724 morte,
3549 1670 3742 1710 omnes

2160 1775 2357 1841 simul;
2389 1785 2561 1841 neque
2604 1771 2869 1837 praesente
2903 1759 2994 1814 illo
3018 1800 3032 1824 ,
3067 1770 3167 1810 nec
3218 1750 3492 1808 assidente
3517 1789 3534 1814 ,
3564 1755 3623 1800 ut
3651 1744 3744 1799 vel

2162 1877 2433 1926 extremas
2476 1875 2636 1917 voces
2661 1857 2883 1912 audiens
2911 1852 3141 1922 aliquam
3187 1841 3605 1900 consolationem
3646 1837 3748 1892 ha-

2163 1962 2315 2018 beret
2358 1957 2427 2013 de
2475 1963 2581 2009 tam
2630 1948 2822 2004 acerba
2874 1951 3084 2007 morte;
3140 1937 3235 1993 sed
3283 1942 3480 2006 praeter
3525 1943 3747 1987 omnem

2165 2068 2336 2126 spem,
2379 2063 2499 2104 cum
2524 2043 2658 2100 nihil
2699 2049 2972 2112 gestorum
2998 2035 3112 2105 ipse
3142 2032 3342 2096 sciret,
3370 2026 3528 2082 simul
3555 2036 3750 2080 omnes

2167 2119 2292 2203 sunt
2342 2141 2554 2207 obruti,
2604 2137 2806 2202 fuitque
2855 2131 2959 2185 illis
3005 2126 3194 2182 domus
3233 2131 3288 2178 et
3333 2119 3635 2190 sepulcrum
3691 2125 3750 2170 ct

2169 2239 2410 2308 laqueus.
2438 2231 2623 2301 Neque
2653 2227 2937 2281 immatura
2967 2229 3115 2273 mors
3147 2223 3351 2268 tantum
3379 2253 3394 2277 ,
3442 2207 3536 2265 sed
3583 2207 3749 2262 ctiam

2170 2295 2336 2384 multa
2365 2339 2487 2380 cum
2509 2295 2594 2375 illa
2608 2324 2762 2373 erant
2791 2327 2911 2384 qua:
2931 2310 3170 2366 dolorem
3203 2303 3457 2359 afferrent
3481 2317 3493 2352 :
3522 2306 3581 2353 ut
3605 2295 3752 2368 quod

2171 2433 2359 2477 omnes
2398 2417 2449 2470 in
2479 2415 2609 2469 ﬂore
2636 2407 2936 2481 juventutis
2964 2410 3146 2458 essent
3167 2439 3187 2466 ,.
3212 2399 3352 2469 quod
3384 2395 3578 2449 virtute
3607 2407 3754 2462 pra:-

2174 2511 2314 2576 diti,
2382 2503 2528 2578 quod
2568 2500 2858 2563 amabiles,
2892 2492 3034 2565 quod
3062 2503 3250 2546 omnes
3275 2486 3467 2553 simul,
3510 2483 3653 2554 quod
3686 2495 3755 2536 ex

2177 2573 2412 2671 utroque
2453 2611 2585 2652 sexu
2635 2607 2704 2648 ne
2751 2602 2885 2644 unus
2927 2583 3143 2656 quidem
3184 2579 3424 2648 reliquus
3461 2575 3558 2639 sit;
3610 2573 3759 2642 quod

2177 2716 2282 2754 non
2312 2692 2583 2752 communi
2633 2689 2749 2758 lege
2799 2692 3026 2746 naturae,
3058 2675 3201 2748 quod
3249 2679 3370 2744 post
3416 2678 3621 2725 tantum
3661 2665 3761 2720 da-

2178 2806 2360 2848 mnum
2385 2827 2401 2852 ,
2431 2783 2573 2857 quod
2621 2796 2742 2836 cum
2775 2777 2972 2832 nullius
3007 2771 3131 2828 mali
3165 2768 3263 2825 sibi
3299 2764 3548 2822 conscius
3576 2768 3754 2824 esset,

2181 2900 2280 2941 nec
2329 2883 2402 2937 illi
2445 2877 2675 2950 peccatis
2722 2877 2902 2928 essent
2947 2863 3199 2928 obnoxii,
3245 2860 3360 2916 haec
3391 2869 3566 2914 tamen
3605 2862 3761 2924 pate-

2182 2987 2392 3034 rentur.
2427 2973 2628 3029 llorum
2659 2965 2866 3036 singula
2901 2975 2996 3031 per
3025 2973 3084 3014 se
3110 2964 3336 3027 possunt
3361 2950 3609 3014 turbare;
3639 2961 3764 3002 cum

2183 3079 2360 3124 autem
2383 3079 2487 3120 una
2504 3061 2684 3118 omnia
2708 3060 3059 3116 concurrunt,
3083 3048 3255 3118 cogita
3281 3052 3481 3116 quanta
3508 3040 3765 3094 ﬂuctuum

2186 3157 2451 3220 altitudo,
2509 3166 2665 3225 quam
2726 3149 2912 3219 ingens
2958 3148 3250 3211 tempestas
3289 3145 3454 3190 esset.
3507 3129 3769 3199 Quodque

2188 3251 2359 3321 majus
2400 3257 2482 3303 est
2506 3255 2561 3302 et
2585 3245 2702 3314 ipso
2726 3242 2865 3294 luctu
2891 3234 3128 3292 deterius
3151 3272 3166 3296 ,
3190 3226 3328 3298 quod
3359 3224 3592 3280 nesciret
3622 3220 3776 3275 unde

2191 3345 2313 3401 talia
2342 3338 2678 3398 obvenirent.
2704 3332 2846 3394 ideo,
2877 3343 2998 3384 cum
3027 3324 3225 3379 nullam
3258 3318 3453 3374 afferre
3475 3322 3656 3385 posset
3681 3326 3778 3364 ra-

2191 3437 2448 3496 lami‘tatis
2488 3443 2702 3488 causam
2727 3468 2743 3495 ,
2774 3423 2842 3479 ad
2873 3422 2964 3477 Dei
2992 3417 3241 3490 placitum
3267 3410 3540 3474 ascendit,
3569 3417 3620 3463 et
3648 3407 3722 3460 ait
3756 3424 3771 3459 :

2195 3531 2444 3587 Dominus
2488 3524 2623 3578 dedit
2667 3561 2682 3583 ,
2755 3515 3002 3570 Dominus
3043 3507 3249 3564 abstulit
3299 3522 3314 3559 :
3363 3505 3495 3558 sicut
3556 3499 3776 3553 Domino

2198 3624 2390 3698 placuit
2415 3663 2426 3682 ,
2459 3620 2532 3673 ita
2558 3617 2750 3687 factum
2779 3621 2884 3670 est;
2909 3606 2973 3660 sit
3004 3617 3185 3658 nomen
3215 3596 3422 3652 Domini
3463 3592 3779 3649 benedictum

2196 3684 2250 3772 in
2285 3713 2473 3771 saecula
2493 3684 2612 3778 (Job
2635 3707 2687 3760 l.
2714 3700 2830 3773 2t).
2860 3699 2929 3754 Et
2972 3696 3088 3751 haec
3134 3692 3302 3756 dixit,
3328 3703 3449 3744 cum
3494 3699 3554 3741 se
3595 3684 3649 3738 in
3678 3697 3777 3738 ex-

2202 3808 2387 3865 tremis
2418 3801 2648 3874 positum
2670 3795 2898 3858 videret,
2924 3789 3015 3860 qui
3037 3787 3290 3841 virtutem
3307 3793 3514 3836 omnem
3541 3782 3787 3830 sectatus

2205 3903 2416 3965 fuerat;
2453 3893 2714 3952 scelestos
2750 3896 2929 3942 autem
2970 3880 3216 3937 homines
3261 3884 3317 3932 et
3359 3869 3784 3943 przestigiatores

2207 3959 2465 4068 prospere
2505 3993 2756 4058 agentes,
2786 3977 3100 4035 deliciantes
3129 3979 3184 4026 et
3211 3962 3595 4040 gloriabundus
3624 3959 3785 4014 undi-

2206 4051 2696 4161 que.’Nequevdixit
2713 4069 2981 4143 quidpiam
3001 4077 3207 4127 eorum,
3235 4073 3354 4130 quae
3378 4056 3554 4112 solent
3573 4051 3788 4123 quidam

2210 4178 2532 4237 inﬁrmiores
2577 4170 2796 4226 dicere:
2827 4162 2906 4217 Ad
2953 4159 3163 4212 hancne
3198 4167 3311 4208 rem
3341 4149 3481 4204 ﬁlios
3521 4143 3748 4202 enutrivi
3771 4184 3789 4209 ,

2211 4281 2265 4328 et
2308 4284 2427 4325 cum
2471 4261 2816 4320 accuratione
2855 4251 3002 4310 omni
3047 4242 3410 4304 educavi?ad‘
3439 4253 3627 4296 eamne
3677 4250 3796 4290 rem

2213 4364 2430 4420 domum
2463 4354 2648 4426 aperui
2697 4342 3170 4422 praetereuntibus,
3200 4347 3255 4393 ut
3285 4343 3406 4408 post
3445 4332 3645 4388 multos
3672 4328 3798 4384 illos

2216 4467 2405 4511 cursus
2427 4466 2524 4521 pro
2549 4443 2752 4516 egenis,
2789 4453 2884 4510 pro
2911 4434 3070 4491 nudis
3090 4475 3104 4496 ,
3135 4445 3232 4501 pro
3252 4427 3466 4501 pupillis
3491 4429 3795 4491 susceptos,

2219 4510 2357 4602 hanc
2404 4510 2706 4597 mercedem
2763 4525 3077 4598 excipiam?
3126 4522 3231 4579 Sed
3290 4520 3482 4574 horum
3535 4515 3656 4570 loco
3709 4510 3798 4564 illa

2220 4637 2381 4693 verba
2416 4631 2662 4703 protulit,
2698 4623 2844 4680 omni
2869 4609 3552 4684 sacrificiopraestantiora,
3581 4605 3796 4658 dicens:

2227 4728 2413 4783 Nudus
2461 4735 2689 4795 egressus
2715 4733 2828 4772 sum
2869 4712 2932 4766 de
2957 4720 3099 4764 utero
3139 4705 3315 4760 matris
3353 4716 3477 4755 utea:
3499 4740 3514 4765 ,
3548 4707 3595 4751 et
3635 4695 3808 4750 nudus

2225 4828 2464 4875 revertar.
2491 4794 2642 4883 Quod
2688 4810 2735 4865 si
2777 4805 3096 4861 vestimenta
3142 4794 3451 4855 disciderit,
3493 4798 3547 4843 et
3594 4801 3810 4843 cernam

2231 4908 2558 4973 totondcrit,
2604 4918 2672 4959 ne
2720 4898 2970 4955 mireris:
3005 4901 3155 4964 pater
3196 4887 3338 4944 enim
3381 4893 3533 4944 erat,
3562 4891 3617 4937 et
3658 4889 3816 4949 pater

2232 5004 2399 5077 prolis
2420 5011 2628 5063 amans,
2647 4991 3032 5064 oportebatque
3053 4992 3255 5038 naturae
3285 4973 3813 5032 eommiserationem

2235 5065 2497 5155 exhiberi,
2531 5085 2832 5153 mentisque
2852 5073 3267 5150 philosophiam.
3301 5068 3452 5140 Quod
3481 5067 3527 5120 si
3575 5065 3678 5117 hoc
3706 5076 3816 5116 non

2237 5185 2493 5246 fecisset,
2545 5179 2680 5233 forte
2725 5173 2991 5244 quispiam
3050 5164 3350 5238 putavisset
3395 5161 3533 5218 hanc
3580 5155 3822 5227 philoso-

2246 5277 2428 5349 phiam
2457 5287 2522 5326 ex
2549 5279 2766 5337 stupore
2797 5261 3082 5333 proficisci.
3106 5257 3232 5314 Ideo
3252 5264 3305 5310 et
3330 5265 3536 5308 Viscera
3563 5244 3821 5309 ostendit,

2243 5379 2298 5425 et
2347 5363 2558 5437 pietatis
2609 5354 3047 5419 accurationem,
3097 5361 3152 5405 et
3202 5347 3395 5403 dolens
3444 5357 3555 5398 non
3602 5350 3828 5394 eversus

2244 5466 2360 5522 est;
2390 5453 2483 5509 sed
2508 5451 2666 5507 etiam
2691 5462 2816 5502 cum,
2843 5443 3068 5501 ulterius
3095 5440 3214 5511 ejus
3243 5445 3517 5492 certamen
3561 5428 3831 5500 procede.
3886 5447 3900 5480 ε

2247 5559 2366 5615 ret,
2398 5558 2586 5601 rursus
2628 5541 2748 5595 aliis
2801 5537 3080 5593 redimitur
3133 5529 3349 5588 coronis
3387 5541 3455 5582 ex
3496 5521 3679 5578 verbis
3710 5533 3834 5588 qua:

2251 5639 2400 5695 uxori
2423 5635 2556 5692 dixit
2582 5653 2596 5688 :
2621 5632 2682 5688 Si
2703 5631 2834 5685 bona
2856 5628 3166 5698 suscepimus
3207 5639 3237 5676 a
3265 5619 3486 5676 Domino
3508 5658 3521 5680 ,
3548 5613 3686 5667 nmla
3733 5625 3836 5662 non

2254 5733 2604 5792 sustinebimus
2631 5728 2750 5804 (Job
2770 5726 2824 5780 ‘2.
2856 5723 2940 5793 10)
2969 5723 2994 5775 ?
3024 5721 3154 5776 Nam
3184 5731 3318 5772 uxor
3346 5711 3461 5767 sola
3505 5707 3607 5780 ipsi
3647 5702 3838 5759 relicta

2262 5843 2376 5902 est,
2410 5799 2931 5888 sublatis'omnibus,
2955 5824 3008 5873 et
3032 5812 3158 5870 ﬁliis
3179 5819 3232 5868 et
3259 5805 3474 5880 praediis
3498 5810 3551 5859 et
3579 5799 3700 5869 ipso
3722 5810 3842 5850 eor-
