4094 6222
330 292 436 361 23‘-
1397 297 1461 352 m
1506 297 1725 356 EPIST.
1768 302 1788 355 ι
1828 298 1918 354 AD
1956 298 2116 353 con.
2160 295 2393 354 IIOMIL.
2440 296 2678 355 xxvm.

328 420 691 492 σφοδρότερον
734 419 768 489 ἢ
810 417 861 472 εί
908 419 1274 491 ἀπηγόρευσε.
1309 417 1422 488 Τῆς
1468 419 1575 487 1&9
1610 416 1902 487 ἐκκλησίας

323 503 494 559 αὑτὸν
520 503 781 575 ἐξήγαγε,
804 503 899 557 καὶ
924 503 1007 567 είς
1035 503 1135 574 τὴν
1162 502 1340 557 οίκίαν
1360 506 1706 573 παρέπεμψε,
1732 500 1904 571 ταύτῃ

323 586 746 657 καθαπτόμενος
770 584 1035 656 σφοδρῶς,
1057 586 1148 639 καὶ
1170 585 1449 657 κωμῳδῶν
1472 586 1667 649 αὐτοὺς
1690 585 1764 647 ὼς
1783 583 1902 637 δού-

322 670 454 735 λους
492 669 731 741 γαστρὸς
768 670 865 722 καὶ
919 669 1346 740 ἀκαρτερήτους.
1396 669 1531 723 Οὐδὲ
1572 669 1680 739 γάρ
1709 663 1901 728 εἶπεν,

322 752 395 806 Et
424 770 509 815 τις
548 753 793 823 ὑπερορᾷ
829 749 937 805 τῶν
979 753 1243 821 πενήτων,
1280 751 1417 818 ἀλλ’,
1458 752 1530 804 ΕΖ
1567 769 1657 819 τις
1701 748 1899 816 πεινᾷ.

321 836 404 899 ὥς
442 835 578 906 πρὸς
622 834 812 888 παιδία
842 834 1344 904 δυσανασχετοῦντα
1388 833 1787 904 διαλεγόμενος,
1827 831 1902 894 ὡς

324 920 469 991 πρὸς
510 920 680 987 ἀλογα
721 919 921 989 γαστρὶ
953 917 1289 972 δουλεύοντα.
1338 918 1449 973 Καὶ
1498 917 1609 988 γὰρ
1659 916 1825 978 πολὺς
1874 916 1904 967 6

324 1004 524 1070 γέλως,
560 1004 610 1055 εί
642 1002 732 1056 διὰ
767 1002 829 1055 t6
863 1004 1055 1072 πεινῇν
1086 1000 1309 1072 ἔμελλον
1339 1001 1476 1055 οἴκοι
1498 1000 1717 1054 ἐσθίειν.
1762 997 1902 1051 Ἀλλ’

322 1086 427 1139 οὐκ
454 1083 701 1156 ἠρκέσθη
727 1084 922 1152 τούτῳ,
947 1082 1085 1136 ἀλλά
1108 1084 1204 1137 καὶ
1232 1083 1513 1153 ἐπήγαγεν
1531 1082 1717 1153 ἕτερον
1742 1080 1902 1150 φοϐε-

326 1165 590 1238 ρώτερον,
621 1164 818 1234 λέγων·
863 1164 997 1218 Ἵνα
1038 1163 1125 1233 μὴ
1168 1167 1257 1232 εις
1297 1164 1472 1235 κρῖμα
1500 1163 1901 1233 συνέρχησθε·

323 1249 417 1302 ἵνα
445 1247 522 1318 μὴ
541 1248 624 1311 είς
644 1247 885 1313 κόλασιν,
902 1247 988 1300 ἴνα
1020 1245 1096 1318 μὴ
1122 1248 1202 1312 είς
1224 1248 1514 1320 τιμωρίαν,
1536 1247 1635 1319 τήν
1675 1247 1903 1317 Ἐκκλη-

323 1333 450 1386 σίαν
494 1330 843 1403 ὑϐρίζοντες,
881 1331 971 1385 τὸν
1015 1331 1244 1401 ἀδελφὸν
1291 1331 1759 1403 καταισχύνοντες.
1796 1331 1903 1384 Καὶ

321 1416 439 1487 γάρ
467 1415 556 1469 διὰ
572 1413 732 1469 τοῦτο
759 1413 1106 1485 συνέρχεσθε,
1131 1415 1313 1486 φησὶν,
1340 1414 1428 1469 ἵνα
1454 1415 1718 1485 στέργητε
1741 1414 1904 1484 ἀλλήο

321 1494 475 1561 λους,
524 1494 613 1547 ίνα
639 1491 926 1563 ὠφελῆσθε
949 1533 967 1559 ,
997 1493 1085 1547 ἵνα
1113 1492 1359 1563 ὠφελῆτε
1378 1508 1391 1522 ⁸
1427 1494 1476 1546 εί
1503 1492 1560 1546 δὲ
1593 1492 1902 1546 τούναντίον

320 1578 556 1647 γίνεται,
575 1576 784 1647 βέλτιον
800 1578 944 1645 ὑμᾶς
961 1578 1098 1631 οἴκοι
1117 1578 1401 1631 σιτεῖσθαι.
1422 1576 1596 1632 Τοῦτο
1609 1577 1668 1631 δέ
1692 1576 1898 1646 ἔλεγεν,

323 1661 414 1715 ινα
443 1658 813 1730 ἐφελκύσηται
843 1658 1026 1714 πλέον.
1051 1660 1149 1713 Διά
1178 1661 1287 1732 γάρ
1314 1661 1473 1715 τοῦτο
1496 1662 1591 1714 καὶ
1612 1660 1674 1714 τδ
1704 1660 1901 1731 βλάϐος

320 1744 494 1811 ἔδειξε
515 1743 578 1797 τδ
595 1740 866 1807 ἐντεῦθεν,
896 1744 989 1796 καὶ
1009 1746 1181 1815 κρῖμα
1205 1745 1406 1815 ἔφησεν
1429 1741 1569 1800 εἶναι
1592 1746 1654 1798 06
1680 1745 1897 1817 μικρὸν,

322 1828 421 1880 καὶ
449 1826 789 1897 πανταχόθεν
820 1825 1109 1897 ἐφόϐησεν,
1142 1827 1251 1882 ἀπὸ
1278 1828 1385 1881 τῶν
1422 1828 1759 1900 μυστηρίων,
1793 1828 1901 1883 ἀπὸ

319 1909 434 1962 τῶν
467 1908 796 1981 ἀρῥῲστων,
834 1909 942 1962 ἀπὺ
972 1908 1076 1962 τῶν
1114 1909 1579 1981 τετελευτηκότων
1598 1949 1614 1975 ,
1653 1909 1763 1965 ἀπὸ
1794 1910 1900 1965 τῶν

321 1993 502 2047 ἄλλων
542 1994 652 2046 τῶν
694 1993 1007 2064 ἔμπροσθεν
1040 1994 1367 2065 εἰρημένων.
1406 1988 1540 2048 Εἶτα
1572 1994 1665 2047 καὶ
1697 1994 1899 2063 ἑτέρως

286 2076 491 2132 ,πάλιν
520 2077 698 2146 φοϐεῖ,
722 2077 915 2147 λέγων’
952 2077 1027 2131 Τὰ
1048 2077 1117 2131 δὲ
1140 2079 1344 2142 λοιπὰ,
1370 2078 1451 2144 ὡς
1472 2077 1550 2133 ἂν
1574 2077 1748 2141 ἔλθω,
1775 2076 1899 2133 δια-

320 2162 594 2232 τάξομαι·
617 2162 651 2233 ἢ
684 2162 766 2225 είς
787 2162 950 2235 ἕτερά
972 2162 1171 2234 τινα,ἢ
1198 2164 1277 2225 εἰς
1303 2163 1439 2215 αὐτὸ
1464 2161 1642 2217 τοῦτο.
1684 2161 1899 2232 Ἐπειδὴ

318 2243 441 2313 γὰρ
464 2242 606 2307 εἰκὸς
631 2238 701 2315 ἦν
729 2244 925 2309 αὐτοὺς
953 2244 1134 2314 λέγειν
1160 2246 1254 2299 καὶ
1276 2245 1457 2308 αἰτίας
1479 2244 1652 2308 τινάς,
1684 2247 1780 2298 καὶ⁸
1800 2245 1900 2298 οὐκ

318 2326 459 2396 ἐνῆν
486 2326 660 2380 πάντα
692 2326 781 2379 διά
811 2327 1154 2399 γραμμάτων
1190 2326 1493 2396 κατορθοῦν
1511 2366 1527 2392 ,
1556 2327 1592 2382 ἂ
1619 2327 1718 2397 μὲν
1753 2344 1898 2398 παρ-

316 2411 514 2481 ᾔνεσα,
561 2409 912 2478 φυλαττέσθω
954 2411 1115 2475 τέως,
1167 2410 1367 2482 φησίν
1418 2413 1467 2464 εί
1508 2410 1567 2463 δέ
1610 2427 1663 2463 τι
1713 2409 1899 2480 ἐτερον

317 2493 500 2563 ἔχοιτε
531 2491 734 2560 λέγειν,
763 2494 937 2546 ἐκεῖνο
967 2495 1033 2563 τῇ
1069 2493 1342 2564 παρουσίᾳ
1370 2492 1644 2564 τηρείσθω
1671 2494 1737 2562 τῇ
1766 2492 1895 2563 ἐμῇο

320 2576 355 2647 ἢ
393 2575 524 2647 περὶ
570 2573 761 2629 τούτου
803 2573 899 2630 τοῦ
937 2576 1262 2647 πράγματος
1312 2575 1506 2643 λέγων,
1549 2573 1624 2637 ὼς
1658 2573 1827 2644 ἔφην,
1863 2574 1897 2646 ἢ

317 2660 455 2732 περὶ
484 2658 687 2730 ἑτέρων
724 2656 875 2731 [255]
906 2659 1069 2712 τινῶν
1104 2658 1163 2711 o6
1201 2658 1410 2730 σφόδρα
1442 2659 1894 2727 κατεπειγόντων.

318 2743 479 2797 Ποιεί
505 2742 565 2796 δὲ
585 2741 764 2806 τοῦτο,
798 2741 883 2794 ίνα
914 2739 1208 2795 κάντεῦθεν
1249 2739 1699 2811 σπουδαιοτέρους
1730 2739 1899 2810 ἐργά-

320 2841 507 2897 σηταιι
539 2822 911 2895 μεριμνῶντες
933 2822 1043 2894 γὰρ
1071 2822 1236 2876 αὑτοῦ
1261 2820 1360 2893 τὴν
1391 2822 1715 2893 παρουσίαν,
1746 2822 1901 2892 ἐμελ-

316 2906 411 2960 λον
438 2906 685 2977 διορθοῦν
716 2905 779 2959 τὸ
803 2906 1215 2978 ἡμαρτημένον.
1244 2905 1381 2959 Ούδέ
1410 2905 1520 2977 1&9
1554 2906 1615 2959 τδ
1643 2906 1804 2978 τυχὸν
1830 2902 1899 2978 ἦν

317 2991 353 3059 ή
390 2989 607 3043 Παύλου
640 2989 936 3059 ἐπιδημία·
968 2987 1247 3042 καὶτοῦτο
1283 2988 1497 3052 δεικνὺς
1539 2989 1746 3057 ἔλεγεν,
1804 2991 1899 3057 Ὠς

311 3070 401 3142 μὴ
425 3070 749 3141 ἐρχομένου
775 3070 843 3124 δέ
858 3088 980 3140 μου
1002 3070 1153 3139 πρὸς
1171 3068 1348 3140 ὑμᾶς,
1366 3070 1797 3141 ἐφυσιώθησάν
1817 3089 1899 3125 τι-

315 3170 444 3222 νες·
489 3157 587 3208 καὶ
630 3154 864 3225 ἀλλαχοῦ
903 3154 1086 3215 πάλιν,
1118 3153 1214 3222 Μὴ
1258 3154 1339 3220 ὡς
1370 3154 1441 3207 ἐν
1476 3152 1553 3222 τῇ
1593 3155 1900 3224 παρουσίᾳ

312 3255 438 3308 μου
468 3238 681 3306 μόνον,
715 3237 876 3291 ἀλλὰ
914 3233 1124 3302 πολλῷ
1162 3234 1403 3306 μᾶλλον
1430 3237 1500 3290 ἐν
1528 3234 1603 3305 τῇ
1633 3237 1900 3305 ἀπουσίᾳ

310 3338 458 3389 μου,
473 3320 624 3389 μετὰ
646 3320 835 3388 φόϐου
854 3318 953 3373 καὶ
968 3320 1186 3388 τρόμου
1208 3319 1325 3386 τὴν
1347 3318 1578 3373 ἑαυτῶν
1598 3320 1899 3387 σωτηρίαν

316 3400 764 3472 κατεργάζὲσθε.
804 3402 904 3455 Διά
934 3400 1092 3455 τοῦτο
1137 3400 1261 3455 οὐδὲ
1310 3400 1499 3467 ἀπλῶς
1537 3401 1898 3473 ἐπηγγείλατο

314 3484 493 3555 ἧξειν,
522 3484 610 3537 ἵνα
637 3485 714 3554 μὴ
733 3484 1080 3555 ἀπιστήσωτι
1103 3485 1199 3537 καὶ
1222 3484 1585 3557 ῥαθυμότεροι
1610 3486 1894 3553 γένωνται,

314 3566 460 3620 ἀλλά
493 3567 586 3621 καὶ
622 3567 806 3620 αἰτίαν
841 3566 1024 3638 τίθησι
1057 3569 1123 3637 τῇ
1162 3566 1431 3639 ἐπιδημίᾳ
1458 3565 1781 3637 ἀναγκαίαν,
1816 3567 1898 3620 λέ·

315 3667 454 3717 γων,
475 3650 558 3703 ὅτι
586 3650 663 3705 Τὰ
687 3649 892 3715 λοιπὰ,
909 3650 989 3716 ὡς
1004 3648 1080 3703 ἂν
1102 3650 1278 3717 ἔλθω,
1302 3650 1670 3720 διατάξομαιο
1683 3648 1897 3714 δεικνὺς

316 3734 401 3787 δτι
428 3735 463 3805 ή
491 3731 599 3786 τῶν
626 3731 895 3786 λιπόντων
924 3731 1231 3803 διόρθωσις,
1256 3734 1306 3786 εξ
1336 3733 1431 3787 καὶ
1463 3733 1540 3805 μὴ
1570 3732 1895 3788 ἐσπουδάκει

318 3817 562 3885 πάντως,
586 3815 751 3872 αὐτὸν
781 3809 965 3869 εἷλκεν
993 3816 1193 3869 ἐκεῖσε.

390 3985 463 4048 γ’.
480 3978 663 4034 Ταῦτα
677 3978 856 4031 τοίνυν
872 3974 1159 4039 ἀκούοντες
1175 3974 1408 4040 ἅπαντα,
1422 3975 1637 4030 καὶτῶν
1654 3978 1896 4048 πενήτων

316 4063 533 4134 πολλὴν
566 4059 840 4132 ποιώμεθα
873 4060 1128 4131 σπουδὴν,
1156 4059 1253 4113 καὶ
1278 4058 1514 4128 γαστρὸς
1552 4059 1892 4130 κατέχωμεν,

316 4148 428 4205 καὶ
450 4145 621 4217 μέθης
642 4143 1129 4215 ἀπαλλαττώμεθα,
1150 4144 1247 4197 καὶ
1264 4142 1378 4197 τῶν
1401 4143 1714 4214 μυστηρίων
1731 4142 1897 4208 ἀξίως

317 4229 717 4299 σπουδάζωμεν
737 4226 1194 4300 μεταλαμϐάνειν,
1216 4226 1310 4279 καὶ
1330 4226 1414 4295 ἐφ’
1436 4219 1517 4288 οἷς
1533 4227 1599 4280 ἂν
1612 4226 1892 4298 πάθωμεν,

319 4311 401 4383 μὴ
453 4308 731 4379 ἀλγῶμεν,
786 4308 925 4378 μήτε
962 4307 1047 4375 ἐφ’
1092 4307 1324 4372 ἑαυτοῖς,
1370 4307 1508 4375 μήτε
1550 4307 1636 4374 ἐφ’
1666 4307 1894 4378 ἑτέροιςο

315 4383 434 4442 οἷον
463 4388 594 4442 ὅταν
619 4387 668 4438 οἱ
694 4385 866 4458 ἄωροι
893 4384 1152 4453 γίνωνται
1182 4382 1423 4448 θάνατοι,
1445 4384 1573 4437 ὅταν
1595 4384 1894 4456 ἀρρωστίαι

317 4470 553 4545 μακραί.
581 4470 753 4525 Τοῦτο
781 4467 890 4539 1&9
918 4467 1209 4538 ἀπαλλαγὴ
1242 4466 1534 4530 κολάσεως,
1566 4466 1727 4520 τοῦτο
1755 4466 1896 4539 διόρ-

316 4556 505 4619 θωσις,
536 4552 696 4607 τοῦτο
724 4550 974 4606 νουθεσία
1002 4550 1221 4623 ἀρίστη.
1254 4549 1350 4613 Τίς
1377 4549 1548 4604 ταῦτά
1578 4566 1782 4620 φησιν;
1836 4552 1894 4605 '0

311 4636 411 4691 τὸν
447 4636 684 4709 Χριστὸν
726 4634 865 4705 ἔχων
910 4634 967 4687 ἐν
1005 4631 1183 4704 ἑαυτῷ
1232 4630 1515 4687 λαλοῦντα.
1568 4632 1707 4685 Ἀλλ’
1744 4634 1895 4703 ὅμως

314 4722 415 4775 καὶ
446 4719 586 4790 μετά
611 4716 788 4771 ταῦτα
810 4716 955 4770 οὕτω
982 4714 1174 4771 πολλαὶ
1196 4714 1307 4768 τῶν
1335 4713 1608 4783 γυναικῶν
1632 4715 1893 4786 ἀναισθή-

312 4821 427 4867 τως
461 4795 794 4866 διάκεινται,
827 4798 903 4864 ὡς
933 4801 1027 4853 καὶ
1056 4800 1183 4864 τοὺς
1227 4798 1490 4862 ἀπίστους
1529 4797 1895 4871 παρατρέχειν

312 4889 387 4957 τῇ
410 4884 507 4938 τοῦ
533 4882 763 4946 πένθους
790 4881 1084 4954 ὑπερϐολῇ·
1107 4881 1204 4937 καλ⁵
1227 4881 1286 4936 αί
1315 4881 1414 4952 μὲν
1441 4880 1547 4934 ὑπὸ
1571 4880 1667 4934 τοῦ
1689 4880 1893 4945 πάθους

313 4966 698 5038 ἐσκοτωμέναι
739 4964 899 5019 τοῦτο
949 4963 1231 5028 ποιοῦσιν,
1264 4965 1321 5019 αί
1366 4963 1426 5018 δὲ
1469 4963 1606 5035 πρὸς
1636 4962 1894 5029 ἐπίδειξιν

313 5052 418 5106 καὶ
454 5052 598 5124 ὺπέρ
627 5048 723 5105 τοῦ
753 5050 825 5104 τά
848 5048 957 5104 τῶν
980 5047 1176 5114 ἔξωθεν
1197 5048 1508 5118 διαφεύγειν
1536 5047 1858 5118 ἐγκλήματα
1875 5087 1894 5111 ,

311 5137 388 5199 ἃς
423 5135 662 5206 μάλιστα
706 5133 887 5206 πάσης
929 5131 1258 5202 συγγνώμης
1286 5130 1694 5202 ἀπεστερῆσθαί
1727 5148 1891 5202 φημι.

315 5220 442 5272 Ἱνα
473 5217 584 5289 γὰρ
614 5217 691 5288 μὴ
733 5216 761 5269 6
788 5215 935 5270 δεῖνα
975 5213 1271 5286 ἐγκαλέσῃ,
1306 5214 1495 5285 φησὶν,
1526 5213 1828 5282 ἐγκαλείτω
1866 5214 1895 5267 6

310 5301 474 5365 Θεόςο
530 5301 620 5354 ἵνα
680 5298 759 5371 μὴ
808 5296 1082 5370 ἄνθρωποι
1139 5297 1251 5352 τῶν
1297 5296 1508 5365 ἀλόγων
1551 5295 1895 5368 ἀνοητότεροι

316 5384 663 5454 καταγνῶσιν
684 5422 701 5448 ,
745 5384 773 5435 6
824 5382 918 5437 τοῦ
973 5380 1236 5453 βασιλέως
1282 5380 1391 5433 τῶν
1434 5378 1571 5433 ὅλων
1617 5379 1895 5433 πατείσθω

310 5469 503 5539 νόμος.
555 5466 666 5521 Kal
702 5466 880 5519 πόσων
919 5465 1019 5518 οὐκ
1063 5462 1191 5527 ἀξια
1229 5460 1403 5517 ταῦτα
1444 5459 1734 5533 σκηπτῶν;
1774 5461 1893 5515 Κᾶν

316 5551 423 5623 μὲν
448 5552 529 5615 είς
555 5547 899 5620 περίδειπνόν
936 5547 995 5599 σέ
1039 5562 1123 5609 τις
1159 5543 1361 5616 καλέσῃ
1399 5542 1539 5615 μετά
1570 5543 1631 5597 τὸ
1674 5543 1891 5610 πένθος,

308 5635 492 5700 οὐδεὶς
529 5636 561 5687 6
595 5629 862 5701 ἀντερῶν,
893 5628 1082 5700 ἐπειδὴ
1121 5627 1285 5699 νόμος
1322 5625 1623 5699 ἀνθρώπων
1671 5629 1820 5682 ἐστὶν
1864 5629 1893 5681 6

308 5699 486 5773 ταῦτα
528 5699 793 5771 κελεύω-ν
825 5711 958 5767 Θεοῦ
998 5711 1056 5765 δὲ
1084 5709 1497 5782 νομοθετοῦντος
1539 5710 1615 5781 μὴ
1655 5711 1890 5776 πενθεῖν,

309 5801 456 5857 οὕτω
492 5800 699 5863 πάντες
727 5795 1193 5868 ἀντιφθέγγονται.
1216 5793 1581 5887 ρούκθέννοεῖς
1602 5794 1704 5884 ,τὸν
1748 5792 1891 5864 Ἰὼϐ,
1928 5784 1963 5865 ᾗ

3475 310 3581 366 936

2007 409 2055 469 ὦ
2082 413 2279 484 γύναις
2306 414 2406 469 οὐκ
2436 416 2832 489 ἀναμιμνήσκῃ
2859 415 2963 470 τῶν
2990 418 3249 489 ῥημάτων
3276 419 3440 476 αὑτοῦ
3475 426 3583 479 τῶν

2011 498 2106 549 ἐπὶ
2151 500 2219 567 τῇ
2270 501 2525 571 συμφορᾷ
2572 498 2681 552 τῶν
2718 500 2944 564 παίδων,
2973 501 3011 555 ἀ
3044 502 3252 573 μυρίων
3302 507 3583 575 στεφάνων

2014 578 2217 649 μᾶλλον
2247 579 2475 650 ἀνέδησε
2501 580 2600 653 τὴν
2615 580 2777 649 ἀγίαν
2800 582 3040 654 κεφαλὴν
3059 584 3296 655 ἐκείνην,
3328 587 3425 642 καὶ
3459 590 3588 644 σαλ-

2011 661 2224 730 πίγγων
2252 662 2463 717 πολλῶν
2491 664 2871 738 λαμπρότερον
2899 667 3265 738 ἀνεκήρυξεν;
3298 670 3360 724 οὗ
3392 671 3583 742 λογίζῃ

2009 743 2071 796 1:6
2099 744 2331 815 μέγεθος
2357 749 2457 817 τῆς
2484 749 2791 819 συμφορᾶς,
2821 748 2917 802 καὶ
2942 748 3004 804 τὸ
3040 752 3228 805 καινὸν
3255 754 3433 807 ἐκεῖνο
3466 772 3586 808 ναυ-

2010 826 2185 894 άγιον,
2217 829 2309 883 καὶ
2336 829 2432 900 τὴν
2465 828 2621 902 ξένην
2661 832 2755 884 καὶ
2790 831 3093 902 παράδοξον
3122 835 3467 906 τραγῳδίαν;
3510 837 3583 891 Σὺ

2015 908 2113 977 μὲν
2150 910 2259 981 γὰρ
2300 912 2429 976 ῐσως
2461 912 2561 964 ἕνα
2599 911 2909 978 ἀπώλεσας,
2950 913 2984 985 ἢ
3014 914 3284 985 δεύτερον,
3317 916 3350 987 ἢ
3379 919 3578 988 τρίτον

2010 991 2215 1057 ἐκεῖνος
2252 993 2309 1048 δὲ
2345 996 2631 1061 τοσούτους
2663 999 2759 1051 καὶ
2799 997 3092 1061 τοσαύτας⁹
3124 998 3220 1051 καὶ
3254 1002 3282 1053 6
3314 1000 3584 1065 πολύπαις

2010 1073 2268 1148 ἐξαίφνης
2293 1076 2461 1143 ἄπαις
2490 1080 2727 1147 ἐγένετο,
2756 1081 2852 1134 καὶ
2877 1080 2999 1135 υύδέ
3028 1082 3168 1134 κατά
3201 1083 3395 1154 μικρὸν
3431 1086 3583 1157 αὐτῷ

2007 1159 2079 1211 τά
2102 1157 2387 1231 σπλάγχνα
2414 1162 2758 1233 ἀνηλίσκετο,
2786 1163 2901 1216 ἀλλ’
2923 1163 3128 1235 ἀθρόον
3145 1163 3290 1229 ἀπας
3314 1167 3343 1218 6
3372 1168 3585 1239 καρπὸς

2009 1240 2374 1312 ἀνηρπάζετοι
2420 1245 2516 1298 καὶ
2555 1245 2676 1299 οὐδὲ
2712 1246 2792 1316 τῷ
2833 1246 2995 1317 κοινῷ
3039 1248 3138 1317 τῆς
3172 1247 3386 1317 φύσεως
3434 1250 3583 1319 νόμῳ

2008 1323 2131 1376 οὐδὲ
2156 1325 2235 1388 είς
2268 1324 2445 1396 γῆρας
2478 1326 2743 1392 ἐλθόντες,
2784 1328 2921 1383 ἀλλά
2961 1329 3057 1382 καὶ
3086 1328 3249 1401 ἀώρῳ
3290 1331 3385 1384 καὶ
3422 1330 3583 1402 βιαίῳ

2010 1405 2226 1479 θανάτῳ
2244 1446 2260 1472 ,
2289 1409 2384 1462 καὶ
2413 1409 2615 1473 πάντες
2639 1409 2776 1481 ὁμοῦ
2798 1450 2813 1474 ,
2853 1411 2949 1465 καὶ
2998 1410 3125 1465 οὐδὲ.
3148 1411 3417 1483 παρόντος
3462 1415 3583 1467 οὐδὲ

2011 1488 2477 1561 παρακαθημένου
2503 1535 2518 1558 ,
2541 1492 2628 1545 ἵνα
2660 1492 2762 1547 κᾶν
2789 1494 3030 1563 ἐσχάτων
3056 1493 3296 1559 ἀκούσας
3323 1496 3584 1567 ῥημάτων

2008 1569 2107 1642 ἔχῃ
2124 1571 2248 1626 τινὰ
2263 1574 2619 1646 παραμυθίαν
2644 1575 2745 1646 τῆς
2765 1575 2908 1630 οὔτω
2930 1578 3132 1646 πικρᾶς
3153 1578 3431 1649 τελευτῆς,
3448 1580 3586 1633 ἀλλά

2010 1654 2140 1723 παρ’
2186 1653 2377 1709 ἐλπίδα
2422 1658 2622 1720 πᾶσαν,
2660 1658 2756 1712 καὶ
2808 1659 2974 1731 μηδὲν
3012 1658 3123 1712 τῶν
3167 1660 3467 1731 γινομένων
3506 1664 3585 1715 si,

2007 1733 2195 1800 δότος,
2234 1736 2430 1807 ἀθρόον
2477 1739 2714 1803 ἅπαντες
2743 1739 3166 1811 κατεχώννυντο,
3220 1745 3314 1797 καὶ
3356 1744 3389 1814 ή
3437 1745 3584 1798 οίκία

2007 1817 2177 1885 τάφος
2201 1817 2383 1881 αὐτοῖς
2404 1813 2614 1888 ἐγίνετο
2642 1823 2735 1875 καὶ
2758 1822 2944 1890 παγίς.
2969 1823 3078 1876 Kal
3103 1823 3202 1876 οὐκ
3406 1825 3584 1897 ἀωρος

2010 1899 2170 1969 μόνον
2222 1900 2470 1966 θάνατος,
2525 1904 2661 1957 ἀλλά
2706 1907 2800 1958 καὶ
2854 1904 3023 1959 πολλά
3079 1906 3215 1975 μετὰ
3267 1908 3457 1960 τούτου
3516 1909 3587 1963 τά

2008 1980 2282 2035 λυποῦντα
2310 1978 2400 2054 ἣν,
2445 1978 2556 2039 οἷον
2582 1987 2643 2040 τὸ
2681 1989 2737 2040 ἐν
2776 1987 2927 2058 ἁκμῇ
2966 1988 3174 2052 πάντας
3202 1987 3361 2055 εἶναι,
3395 1991 3457 2044 τὸ
3498 1994 3584 2044 ἐν-

2008 2064 2235 2135 αρέτους
2289 2067 2516 2132 πάντας,
2556 2069 2616 2123 τὸ
2659 2070 2931 2139 φιλικοὺς,
2978 2072 3039 2124 τὸ
3068 2073 3275 2138 πάντες
3315 2072 3472 2145 ὁμοῦ,
3522 2075 3585 2126 τὸ

2006 2146 2107 2216 τῆς
2155 2146 2369 2216 φύσεως
2407 2150 2671 2223 ἑκατέρας
2708 2150 2831 2221 μηδ’
2878 2152 2972 2206 ἕνα
3012 2154 3484 2225 παραλειφθῆναι,
3521 2157 3584 2209 1:6

2011 2228 2086 2299 μὴ
2116 2229 2193 2299 τῷ
2245 2230 2410 2302 κοινῷ
2447 2232 2596 2304 νόμῳ
2632 2237 2732 2304 τῆς
2778 2233 3010 2302 φύσεως,
3055 2237 3116 2291 τὸ
3147 2237 3286 2306 μετὰ
3315 2239 3584 2308 τοσαύτην

2009 2310 2245 2382 ζημίαν,
2292 2313 2355 2367 τὸ
2395 2315 2559 2386 μηδὲν
2609 2316 2787 2388 ἐαυτῷ
2832 2319 3111 2374 συνειδότα
3154 2320 3391 2393 πονηρὸν
3448 2322 3583 2393 μηδὲ

2008 2394 2238 2460 ἐκείνοις
2266 2397 2441 2452 ταῦτα
2481 2399 2693 2454 παθεῖν.
2737 2401 2954 2457 Τούτων
2991 2403 3100 2474 γάρ
3128 2404 3358 2459 ἕκαστον
3402 2406 3584 2459 ίκανδν

2012 2475 2111 2545 μὲν
2158 2479 2250 2533 καὶ
2290 2480 2413 2535 καθ’
2455 2482 2616 2536 ἐαυτδ
2657 2483 2987 2555 θορυϐῆσαι·
3041 2487 3169 2542 ὅταν
3208 2488 3265 2542 δὲ
3316 2489 3409 2543 καὶ
3444 2489 3582 2562 ὁμοῦ

2009 2562 2265 2633 φαίνηται
2324 2567 2706 2638 συντρέχοντα,
2757 2568 3009 2641 ἐννόησον
3062 2571 3171 2624 τῶν
3209 2572 3470 2643 κυμάτων
3521 2576 3582 2628 τὸ

2008 2644 2163 2714 ὕψος,
2185 2647 2284 2720 ὅση
2306 2648 2400 2702 τοῦ
2427 2651 2748 2723 χειμῶνοςὴ
2770 2651 3064 2724 ὑπερϐολή.
3093 2656 3203 2710 Kal
3228 2656 3287 2710 τὸ
3304 2656 3368 2728 δὴ
3397 2658 3583 2729 μεῖζον

2008 2728 2102 2782 καὶ
2149 2730 2242 2784 τοῦ
2279 2732 2508 2798 πένθους
2536 2736 2737 2805 χεῖρον,
2768 2736 2849 2790 ὅτι
2897 2737 3019 2790 ούδέ
3051 2738 3169 2809 ᾔδει
3213 2739 3354 2803 τίνος
3397 2740 3582 2795 ἕνεκεν

2007 2811 2179 2867 ταῦτα
2209 2812 2438 2883 ἐγίνετο.
2469 2817 2567 2871 Διά
2596 2817 2662 2889 δὴ
2692 2817 2871 2885 τοῦτο,
2900 2820 3002 2872 οὐκ
3034 2819 3173 2891 ἔχων
3202 2821 3459 2883 οὐδεμίαν
3491 2825 3580 2878 αἰ-

2006 2895 2128 2949 τίαν
2155 2896 2421 2953 ἑπιθεῖναι
2465 2903 2533 2973 τῇ
2566 2904 2855 2974 συμφορᾷ.
2898 2902 2991 2956 ἐπὶ
3019 2904 3080 2957 τὸ
3109 2904 3186 2975 τῷ
3231 2905 3350 2976 Θεῷ
3391 2906 3582 2962 δολοῦν

2006 2976 2305 3044 ἀναϐαίνει,
2339 2981 2433 3034 καί
2462 2999 2644 3053 φησιν·
2684 2985 2748 3038 '0
2777 2986 2989 3055 Κύριος
3020 2985 3262 3053 ἔδωκεν,
3296 2991 3329 3042 ὀ
3367 2990 3582 3058 Κύριος

2006 3061 2307 3131 ἀφείλετο*
2335 3064 2416 3131 ὠς
2442 3064 2521 3130 τῷ
2547 3066 2741 3136 Κυρίῳ
2766 3067 2999 3134 ἔδοξεν,
3022 3069 3176 3123 οὕτω
3196 3071 3292 3124 καὶ
3320 3071 3578 3141 ἐγένετο*

2006 3143 2099 3211 εἴη
2125 3146 2189 3197 τὸ
2211 3145 2397 3216 ὄνομα
2420 3148 2638 3216 Κυρίου
2652 3149 3060 3220 86.1071196101-
3074 3152 3163 3215 sic
3183 3151 3323 3218 τοὺς
3340 3153 3576 3219 αἰῶνας.

2007 3226 2118 3280 Kal
2143 3226 2317 3282 ταῦτα
2344 3227 2549 3297 ἔλεγεν,
2580 3231 2771 3285 ἑαυτὸν
2802 3233 2900 3304 μὲν
2934 3233 2991 3285 ἐν
3017 3235 3132 3297 τοῖς
3170 3233 3420 3305 ἐσχάτοις
3450 3236 3583 3293 ὄντα
3670 3304 3673 3307 _

2005 3309 2147 3378 ὁρῶν
2175 3310 2267 3365 τὸν
2306 3313 2486 3375 πᾶσαν
2525 3314 2818 3369 ἐπελθόντα
2851 3315 3072 3388 ἀρετὴν,
3104 3319 3374 3389 πονηροὺς
3400 3318 3457 3371 δὲ
3488 3319 3582 3373 άν-

2008 3391 2261 3464 θρώπους
2309 3395 2404 3450 καὶ
2472 3396 2675 3466 γόητας
2741 3397 3176 3470 εὐημεροῦντας,
3235 3401 3579 3472 τρυφῶντας,

2007 3475 2296 3553 κομῶντας
2336 3479 2619 3533 πάντοθεν.
2667 3481 2775 3534 Kal
2816 3481 2916 3534 οὐκ
2948 3473 3103 3534 εἶπεν
3133 3481 3284 3536 οὐδὲν
3317 3483 3580 3553 τοιοῦτον,

2006 3551 2118 3611 οἷον
2146 3560 2293 3624 είκός
2323 3578 2475 3626 τινας
2498 3562 2606 3616 τῶν
2633 3561 3038 3635 ἀσθενεστέρων
3060 3565 3254 3618 εἰπεῖν·
3304 3566 3426 3620 Ἐπὶ
3452 3551 3581 3623 τούέ

2003 3659 2116 3706 τοις
2140 3642 2346 3715 ἔθρεψα
2370 3647 2497 3709 τοὺς
2523 3645 2739 3711 παῖδας,
2768 3648 2861 3701 καὶ
2888 3647 3026 3718 μετά
3053 3649 3344 3720 ἀκριϐείας
3363 3650 3582 3723 ήσκησα

2006 3725 2258 3796 ἀπάσης;
2288 3727 2381 3780 ἐπὶ
2406 3728 2614 3795 τούτοις
2643 3730 2853 3800 ἠνέῳξα
2880 3730 2978 3804 τὴν
2999 3731 3176 3786 οἰκίαν
3199 3735 3312 3797 τοῖς
3343 3734 3577 3807 παριοῦ-

2006 3825 2113 3873 σιν,
2150 3810 2237 3864 ἵνα
2279 3811 2420 3880 μετὰ
2449 3813 2576 3877 τοὺς
2609 3813 2835 3877 πολλοὺς
2879 3813 3114 3885 δρόμους
3162 3816 3404 3880 ἐκείνους
3452 3819 3580 3883 τοὺς

2006 3891 2144 3961 ὑπὲρ
2179 3892 2288 3945 τῶν
2329 3892 2618 3964 δεομένων,
2651 3896 2778 3959 τοὺς
2823 3896 2963 3966 ὑπὲρ
3004 3896 3114 3950 τῶν
3158 3898 3404 3968 γυμνῶν,
3450 3901 3577 3967 τοὺς

2006 3973 2148 4045 ὑπὲρ
2180 3974 2289 4028 τῶν
2315 3977 2587 4048 ὀρφανῶν,
2625 3977 2827 4042 ταύτας
2862 3979 3121 4033 ἀπολάϐω
3154 3980 3253 4043 τάς
3302 3981 3578 4051 ἀμοιϐάς,

2018 4056 2158 4110 Ἀλλ’
2193 4058 2315 4111 ἀντὶ
2356 4058 2563 4114 τούτων
2609 4060 2678 4114 τά
2712 4061 2892 4131 πάσης
2930 4060 3119 4125 θυσίας
3161 4060 3444 4131 κρείττονα
3483 4066 3579 4134 ῥή-

2007 4155 2157 4209 ματα
2180 4140 2476 4214 ἀνήνεγκεν
2497 4142 2701 4209 ἐκεῖνα,
2733 4142 2927 4213 λέγων’
2959 4144 3201 4215 Γυμνός
3221 4144 3291 4210 ἐξ
3298 4142 3486 4211 ἦλθον
3508 4147 3578 4201 ἐκ
3593 4150 3614 4167 ⁹

2004 4224 2239 4290 κοιλίας
2286 4225 2514 4294 μητρός
2542 4242 2661 4295 μου
2684 4266 2699 4292 ,
2734 4226 2959 4295 γυμνὸς
3000 4225 3095 4281 καί
3143 4227 3574 4298 ἀπελεύσομαι.

2005 4306 2068 4360 Et
2094 4307 2153 4360 δὲ
2178 4307 2428 4380 διέρρηξε
2454 4308 2522 4362 τὰ
2548 4309 2758 4379 ἱμάτια,
2789 4310 2881 4362 καὶ
2906 4309 3004 4382 τὴν
3027 4311 3202 4382 κόμην
3222 4312 3575 4384 ἀπεκείρατο,

2008 4389 2083 4460 μὴ
2113 4389 2397 4462 θαυμάσῃς
2418 4408 2432 4422 ·
2459 4392 2641 4464 πατὴρ
2679 4391 2787 4465 γὰρ
2819 4389 2918 4465 ἦν,
2951 4394 3046 4447 καὶ
3075 4393 3258 4467 πατήρ
3291 4394 3575 4467 φιλόστορ-

2004 4488 2121 4540 γος,
2164 4474 2259 4526 καὶ
2283 4473 2390 4527 ἔδει
2423 4474 2517 4527 καὶ
2540 4473 2638 4544 τὴν
2669 4475 2768 4544 τῆς
2800 4474 3014 4545 φύσεως
3053 4475 3332 4547 δειχθῆναι
3360 4478 3576 4548 συμπά-

2005 4555 2191 4623 θειαν,
2218 4556 2312 4611 καὶ
2342 4557 2442 4629 τὴν
2471 4558 2569 4628 τῆς
2599 4557 2824 4629 γνώμης
2848 4559 3184 4629 φιλοσοφίαν.
3206 4559 3271 4615 Εἰ
3300 4560 3409 4631 γὰρ
3441 4561 3575 4631 μηδὲ

2003 4638 2161 4692 τοῦτο
2206 4640 2454 4712 ἐποίησε,
2499 4641 2641 4712 τάχα
2688 4642 2784 4696 καὶ
2818 4641 3172 4714 ἀναισθησίας
3213 4645 3464 4716 ἐνόμιζεν
3508 4646 3574 4698 ἀν

2002 4737 2088 4784 τις
2124 4718 2264 4775 εἶναι
2296 4721 2394 4793 τὴν
2429 4722 2749 4793 φιλοσοφίαν
2785 4724 3010 4796 ταύτην.
3045 4724 3145 4779 Διά
3182 4725 3342 4780 τοῦτο
3373 4727 3464 4780 καὶ
3506 4728 3575 4780 τά

2005 4803 2292 4876 σπλάγχνα
2318 4804 2555 4859 δείκνυσι
2584 4807 2680 4859 καὶ
2703 4808 2804 4876 τῆς
2837 4807 3116 4871 εὐσεϐείας
3141 4807 3240 4877 τὴν
3263 4808 3572 4879 ἀκρίϐειαν,

2003 4887 2100 4940 καὶ
2140 4887 2385 4960 ἀλγήσας
2421 4889 2482 4941 06
2528 4891 2902 4960 περιετράπη·
2948 4888 3087 4943 ἀλλά
3128 4891 3223 4943 καὶ
3266 4891 3575 4963 περαιτέρω

2005 4971 2284 5039 προϊόντος
2308 4970 2457 5041 αὐτῷ
2480 4970 2573 5023 τοῦ
2604 4971 2832 5038 ἀγῶνος,
2861 4970 3021 5024 πάλιν
3055 4971 3274 5043 ἑτέρους
3304 4973 3574 5029 ἀναδεῖται

2006 5053 2304 5120 στεφάνους
2348 5055 2410 5106 ἐκ
2449 5054 2558 5106 τῶν
2599 5052 2731 5123 πρὸς
2767 5053 2865 5125 τήν
2901 5055 3131 5122 γυναῖκα
3165 5057 3448 5127 ῥημάτων,
3490 5058 3575 5112 λέ-

2003 5150 2147 5203 γων·
2192 5136 2262 5187 Εἰ
2308 5136 2379 5189 τὰ
2406 5134 2596 5205 ἁγαθὰ
2633 5135 2958 5206 ἐδεξάμεθα
3008 5140 3167 5208 παρὰ
3198 5131 3441 5208 κυρίου,
3504 5141 3576 5195 τὰ

2003 5217 2161 5271 κακὰ
2182 5220 2295 5285 οὐχ
2327 5219 2692 5288 ὐποΙσομενς
2716 5221 2827 5275 Kal
2858 5221 2965 5293 1&9
2991 5222 3023 5293 ή
3056 5222 3193 5292 γυνὴ
3223 5220 3356 5292 μόνη
3391 5221 3576 5275 λοιπὸν

2003 5300 2334 5370 ὑπελείφθη,
2380 5301 2598 5356 πάντων
2640 5305 3044 5374 ἀφανισθέντων
3098 5304 3280 5374 αὐτῷ,
3318 5305 3411 5358 καὶ
3466 5303 3576 5358 τῶν

2005 5382 2210 5437 παίδων
2240 5383 2335 5436 καὶ
2363 5383 2473 5439 τῶν
2519 5387 2813 5457 κτημάτων
2849 5386 2945 5440 καὶ
2970 5385 3133 5439 αὑτοῦ
3168 5385 3264 5438 τοῦ
3300 5384 3571 5455 σώματος,

2004 5466 2100 5520 καὶ
2123 5465 2263 5538 αὕτη
2291 5468 2427 5541 πρὸς
2464 5472 2659 5540 πεῖραν
2692 5469 2784 5522 καὶ
2809 5467 3123 5539 ἐπιϐουλήν.
3157 5466 3256 5520 Διά
3294 5466 3451 5522 τοῦτο
3478 5470 3576 5522 καὶ

2003 5550 2173 5622 αὐτὴν
2222 5551 2362 5621 μετὰ
2405 5551 2514 5605 τῶν
2561 5551 2765 5606 τέκνων
2801 5550 2901 5604 οὐκ
2938 5552 3201 5620 ἠφάνισεν
3246 5552 3275 5605 6
3306 5550 3573 5620 διάϐολος,

2002 5632 2123 5687 οὐδὲ
2152 5633 2353 5706 ᾔτησεν
2377 5634 2550 5704 αὐτῆς
2579 5632 2676 5704 τὴν
2700 5633 2935 5703 σφαγὴν,
2963 5632 3151 5704 ἐπειδὴ
3178 5632 3575 5706 προσεδόκησεν

1962 5710 1965 5713 λ
2006 5716 2217 5788 μεγάλα
2240 5716 2386 5787 αὐτῷ
2411 5715 2682 5771 συντελεῖν
2708 5716 2845 5787 πρὸς
2868 5716 2965 5788 τὴν
2987 5714 3279 5789 ἐπιϐουλὴν
3301 5715 3392 5770 τοῦ
3418 5716 3574 5784 ἁγίου

2003 5798 2212 5854 τούτου.
2262 5799 2361 5854 Διά
2402 5799 2560 5854 τοῦτο
2599 5799 2786 5869 ὥσπερ
2830 5816 2881 5853 τι
2925 5800 3178 5871 μέγιστον
3207 5801 3368 5857 ὅπλον
3406 5799 3574 5868 αὐτὴν
