4094 6222
463 333 563 389 2'57

463 443 610 513 αὐτῷ
641 441 949 495 κατέλιπεν.
979 438 1038 490 Εἰ
1062 435 1170 505 γάρ
1198 431 1552 505 παραδείσου,
1583 428 1739 513 φησλ,
1769 427 1838 479 δι’
1871 423 2038 513 αὐτῆς

465 506 752 591 ἐξέϐαλον,
787 521 966 590 πολλῴ
1012 518 1211 588 μᾶλλον
1256 516 1348 568 ἐπὶ
1396 514 1632 584 κοπρίας
1683 506 2039 563 ὑποσκελίσας

463 609 781 678 δυνήσομαι.

541 777 606 828 δ’.
635 773 742 826 Καὶ
779 771 877 824 θέα
907 768 1004 840 τήν
1032 766 1387 836 πανουργίαν.
1417 763 1550 818 Οὐδέ
1597 763 1706 834 γὰρ
1743 760 1850 814 τῶν
1905 759 2043 830 βοῶν

464 856 850 926 ἀπολλυμένων
883 854 1206 924 προσήγαγε
1255 850 1315 904 τὸ
1370 848 1671 921 μηχάνημα
1702 846 1881 909 τοῦτο,
1922 842 2043 896 οὐδὲ

462 941 565 994 τῶν
609 939 764 1002 ὄνων,
815 937 938 990 οὐδὲ
972 936 1078 989 τῶν
1111 933 1395 1005 καμήλων,
1432 931 1546 985 ἀλλ’
1577 929 1698 983 οὐδὲ
1736 929 1835 998 τῆς
1867 927 2046 988 οἰκίας

463 1024 905 1095 κατενεχθείσης,
961 1022 1082 1074 ούδέ
1128 1020 1236 1073 τῶν
1295 1018 1501 1072 παίδων
1557 1013 2042 1084 καταχωσθέντων,

461 1109 595 1166 ἀλλά
621 1110 746 1180 σιγᾷ
764 1120 787 1147 η
807 1108 944 1168 τέως
967 1107 1062 1159 καὶ
1082 1103 1374 1176 ἡσυχάζειν
1398 1102 1462 1171 ἐᾷ
1483 1100 1576 1153 τὸν
1599 1097 1838 1168 ἀθλητὴν
1869 1095 2042 1180 δρῶν·

465 1193 615 1268 [9.55]
646 1177 735 1245 ὅτε
779 1191 836 1244 δὲ
869 1190 976 1242 τῶν
1010 1189 1308 1258 σκωλήκων
1347 1184 1640 1268 ἀνέϐλυσεν
1678 1185 1711 1253 ἡ
1746 1179 1918 1268 πηγὴ,
1951 1177 2047 1268 καί.

465 1261 772 1346 σηπόμενον
822 1273 883 1327 τὸ
919 1272 1096 1342 δέρμα
1123 1271 1403 1340 κατέρρει,
1451 1268 1545 1321 καὶ
1571 1264 1959 1334 δαπανώμεναι
1990 1261 2046 1346 αῖ

464 1344 667 1430 σάρκες
702 1356 874 1426 ἰχῶρα
901 1355 1101 1423 πολλῆς
1129 1353 1369 1422 γέμοντα
1399 1349 1664 1412 δυσωδίας
1692 1347 1930 1409 ἐποίουν,
1951 1344 2047 1430 καὶ

463 1427 718 1515 τηγάνων
758 1441 854 1491 καὶ
900 1438 1148 1509 καμίνων
1188 1437 1281 1490 καὶ
1329 1435 1510 1504 πάσης
1545 1432 1741 1502 φλογὸς
1790 1427 2046 1515 ὀδυνηρό-

466 1511 626 1597 τερον
651 1521 866 1592 αὐτὸνή
895 1521 989 1573 τοῦ
1020 1519 1272 1574 διαϐόλου
1301 1516 1666 1588 κατανήλισκε
1687 1515 1827 1597 χεὶρ,
1857 1511 2047 1597 θηρίου

469 1593 667 1670 παντὸς
734 1603 1117 1676 χαλεπώτερον
1181 1600 1559 1672 δια-τρώγουσα
1625 1596 1889 1651 πάντοθεν
1955 1593 2050 1646 καὶ

470 1690 833 1749 κατεσθίουσαι
880 1687 940 1741 τὸ
998 1686 1179 1756 σῶμα,
1216 1686 1310 1739 κοιλ⁸
1342 1688 1400 1737 ἐν
1449 1682 1622 1754 ταύτῃ
1676 1685 1743 1752 τῇ
1795 1678 2051 1748 συμφορᾷ

470 1775 637 1837 πολὺς
680 1772 920 1844 προῆλθε
969 1770 1178 1840 χρόνος,
1226 1767 1347 1820 τότε
1405 1766 1575 1834 αὐτὴν
1629 1763 1895 1836 προσάγει
1947 1760 2050 1830 ήδη

469 1857 912 1928 τεταριχευμένῳ
949 1853 1041 1907 καὶ
1073 1849 1522 1922 κατεργασθέντι.
1563 1849 1625 1902 Εἰ
1660 1849 1768 1919 γὰρ
1799 1846 1950 1918 παρά
1983 1845 2049 1898 τά

469 1941 735 2010 προοίμια
773 1936 1045 2006 προσῆλθε
1089 1936 1188 2006 τῆς
1222 1935 1532 2005 συμφορᾶς,
1566 1931 1673 1983 οὐδ’
1725 1930 1792 1983 ἂν
1845 1931 2050 1981 ἐκεῖνον

469 2020 628 2096 εὗρεν
673 2022 846 2085 οὕτως
893 2020 1396 2089 ἑκνενευρισμένον,
1456 2017 1565 2072 οὐδ’
1621 2017 1686 2070 ἂν
1753 2013 1889 2084 αὐτη
1953 2013 2052 2084 τήν

472 2105 757 2176 συμφορὰν
775 2104 932 2175 ἔσχεν
954 2102 1257 2170 ἐξογκῶσαι
1281 2101 1422 2154 οῦτω
1447 2100 1541 2153 καὶ
1563 2100 1766 2168 ἐπᾶραι
1788 2095 1864 2166 τῷ
1886 2095 2047 2165 λόγῳ·

470 2191 588 2244 νυνὶ
619 2188 675 2241 δέ
706 2189 795 2241 ὅτε
831 2186 992 2240 αὐτὸν
1034 2180 1142 2237 εἶδε
1184 2184 1272 2237 διὰ
1299 2183 1359 2236 τὸ
1393 2183 1564 2253 μῆκος
1594 2181 1688 2233 τοῦ
1732 2179 1922 2252 χρόνου
1972 2177 2054 2230 δι-

470 2272 658 2343 ψῶντα
697 2269 1040 2338 ἀπαλλαγῆς,
1087 2261 1184 2321 καῖ¹
1237 2265 1608 2336 ἐπιθυμοῦντα
1639 2264 1738 2333 τῆς
1789 2261 1894 2314 τῶν
1928 2263 2052 2313 ἐπι-

471 2355 740 2426 κειμένων
769 2352 1000 2416 λύσεως,
1057 2350 1304 2421 σφοδρῶς
1331 2349 1451 2402 τότε
1489 2348 1874 2420 προσέρχεται.
1929 2346 2053 2398 ’Ότι

471 2439 581 2509 γὰρ
609 2438 813 2509 σφόδρα
863 2433 1335 2505 κατειργασμένος
1381 2427 1469 2502 ἦν,
1503 2431 1599 2482 καὶ
1643 2431 1763 2483 οὐδὲ
1795 2430 2055 2482 ἀναπνεῖν

471 2521 660 2576 λοιπὸν
690 2515 856 2590 εῖχεν,
891 2517 1028 2572 ἀλλά
1053 2517 1146 2570 καὶ
1182 2514 1476 2569 ἀποθανεῖν
1500 2513 1786 2583 ἐπεθύμει,
1820 2513 2055 2566 ἄκουσον

471 2605 526 2658 τί
557 2620 751 2676 φησιν·
785 2601 874 2674 [εἰ
900 2602 1009 2673 γὰρ
1041 2599 1307 2670 δυναίμην
1345 2597 1582 2668 ἐμαυτὸν
1602 2595 1990 2668 χειρώσασθαι,
2021 2595 2054 2667 ἦ

475 2690 730 2758 δεηθῆναι
764 2686 976 2757 ἐτέρου,
1016 2685 1113 2738 καὶ
1137 2685 1428 2753 ποιήσαιμι
1456 2680 1674 2753 τοῦτο.]
1704 2681 1816 2735 Καὶ
1841 2680 1939 2733 θέα
1968 2696 2057 2751 μοι

474 2774 574 2843 τὴν
601 2770 939 2841 κακουργίαν
974 2768 1076 2838 τῆς
1119 2767 1398 2835 γυναικὸς,
1439 2764 1602 2818 πόθεν
1637 2764 1838 2827 εὐθέως
1873 2779 2059 2834 προοι-

481 2857 734 2928 μιάζεται
755 2871 768 2885 ·
797 2854 904 2908 ἀπὸ
929 2852 1022 2906 τοῦ
1062 2851 1298 2923 πλήθους
1324 2850 1418 2903 τοῦ
1448 2850 1665 2921 χρόνου,
1703 2849 1884 2918 Μέχρι
1912 2848 2060 2910 τίνος

479 2940 872 3011 καρτερήσεις;
907 2935 1161 3005 λέγουσα.
1199 2935 1262 2988 Εἰ
1296 2933 1352 2987 δὲ
1376 2933 1637 2996 πολλάκις
1671 2933 1766 2984 καὶ
1794 2931 2058 3002 πραγμά-

478 3041 586 3077 των
618 3023 717 3077 οὐκ
743 3021 911 3076 όντων
939 3020 1088 3090 λόγοι
1122 3019 1280 3090 μόνον
1315 3017 1544 3088 ἴσχυσαν
1577 3015 1839 3088 μαλάξαι,
1876 3015 2062 3086 ἐννόη-

483 3125 574 3162 σον
603 3107 654 3161 τί
683 3107 803 3160 τότε
839 3105 1068 3176 πάσχειν
1119 3104 1281 3158 αὐτὸν
1333 3102 1479 3166 εἰκὸς
1524 3097 1613 3173 ἦν,
1653 3102 1792 3172 μετά
1820 3099 1928 3154 τῶν
1962 3103 2062 3172 ῥη-

485 3195 670 3266 μάτων
694 3191 898 3246 τούτων
930 3191 1023 3244 καὶ
1043 3188 1152 3242 τῶν
1175 3187 1519 3259 πραγμάτων
1538 3184 1850 3239 ὸδυνὼντων
1876 3185 2061 3238 αὐτόν.

480 3277 594 3331 Καὶ
626 3276 688 3328 τὸ
728 3275 790 3346 δὴ
839 3273 1057 3326 πάντων
1101 3273 1304 3342 χεῖρον,
1353 3270 1435 3321 ὃτι
1492 3268 1586 3321 καὶ
1636 3269 1774 3339 γυνὴ
1822 3269 1856 3338 ή
1891 3267 2064 3320 ταῦτα

481 3359 720 3428 λέγουσα
747 3353 837 3427 ἦν,
870 3356 960 3408 καὶ
986 3354 1124 3428 γυνὴ
1146 3351 1494 3407 ἀναπεσοῦσα
1523 3351 1616 3404 καὶ
1647 3351 2065 3423 ἀπαγορεύουσα

484 3427 578 3497 καῖ
609 3442 696 3495 διὰ
725 3444 883 3494 τοῦτο
915 3427 1292 3502 σπόυδάζουσα
1324 3436 1418 3489 καὶ¹
1444 3436 1604 3490 αὐτὸν
1637 3437 1716 3500 είς
1755 3436 2065 3504 ἀπόγνωσιν

487 3525 765 3597 ἐμϐαλεῖν.
803 3523 949 3594 Πλὴν
988 3522 1100 3575 ἀλλ’
1135 3522 1223 3575 ἵνα
1259 3520 1589 3591 σαφέστερον
1627 3519 1826 3590 ἴδωμεν
1860 3521 1920 3572 τὸ
1961 3538 2066 3590 μη-

487 3612 710 3680 χάνημα
768 3607 828 3658 τὸ
884 3605 961 3675 τῷ
1013 3603 1361 3674 ἀδαμαντίνῳ
1418 3601 1594 3673 τούτῳ
1657 3603 2068 3673 προσαγόμενον

487 3692 683 3761 τείχει,
727 3689 822 3742 καὶ
878 3687 1056 3740 αὐτῶν
1090 3687 1414 3756 ἀκούσωμεν
1447 3685 1557 3737 τῶν
1605 3686 1883 3756 ῥημάτων.
1936 3687 2070 3739 Τίνα

489 3770 582 3826 οῦν
614 3773 784 3826 ταῦτά
812 3774 966 3836 ἐστι;
1000 3769 1185 3837 Μέχρι
1221 3771 1383 3834 τίνος
1419 3769 1809 3837 καρτερήσεις
1852 3770 2065 3840 λέγων,

503 3857 662 3913 Ἰδοὺ
685 3856 958 3925 ἀναμένω
988 3855 1208 3924 χρόνον
1237 3854 1324 3908 ἔτι
1340 3853 1557 3921 μικρὸν
1584 3852 2071 3923 προσδεχόμενος

491 3941 607 4005 τὴν
631 3939 847 3993 ἐλπίδα
876 3937 989 4006 τῆς
1015 3937 1314 4004 σωτηρίας
1338 3951 1488 4004 μου;
1532 3935 1763 4004 Ἤλεγξε
1807 3938 1916 4008 γάρ
1953 3954 2068 4001 σου,

493 4025 647 4095 φησὶ,
681 4023 748 4077 τά
776 4025 996 4095 ῥήματα
1027 4025 1055 4076 ὀ
1089 4021 1300 4093 χρόνος,
1342 4019 1682 4091 μακρότερος
1715 4021 1812 4090 μὲν
1846 4021 2068 4091 γινόμε-

491 4126 602 4172 νος,
641 4108 793 4161 λύσιν
836 4108 893 4161 δὲ
936 4107 1190 4176 οὐδεμίαν
1229 4103 1528 4174 ἐμφαίνων.
1567 4102 1750 4156 Ταῦτα
1785 4103 1840 4158 δὲ
1863 4104 2070 4173 ἔλεγεν,

492 4195 600 4246 οὐκ.
642 4195 721 4256 εἰς
775 4192 1084 4261 ἀπόγνωσιν
1141 4189 1303 4242 αὐτὸν
1345 4188 1689 4257 ἐμϐάλλουσα
1720 4189 1903 4259 μόνον,
1937 4189 2074 4242 ἀλλά

494 4280 589 4330 καὶ
630 4275 964 4339 ὀνειδίζουσα
1007 4275 1100 4328 καὶ
1151 4271 1516 4342 κωμῳδοῦσα.
1554 4272 1662 4325 Καὶ
1713 4274 1822 4343 γάρ
1867 4275 2072 4337 ἐκεῖνος

494 4359 816 4430 ἐνοχλοῦσαν
849 4359 935 4412 ἀεὶ
965 4355 1460 4428 παραμυθούμενος
1511 4356 1605 4407 καὶ
1649 4355 2074 4427 διακρουόμενος

493 4443 720 4497 τοιαῦτα
775 4441 1100 4511 ἐφθέγγετο·
1181 4439 1495 4508 Ἀνάμεινον
1553 4439 1630 4491 ἔτι
1693 4439 1914 4510 μικρὸν,
1979 4437 2075 4492 καί.

494 4527 705 4596 ταχέως
745 4525 896 4577 ἕσται
935 4524 1138 4577 τούτων
1181 4525 1241 4576 τὸ
1272 4524 1444 4588 τέλος,
1490 4523 1857 4587 Ὀνειδίξουσα
1893 4522 2073 4577 τοίνυν

497 4608 669 4679 αὐτῷ,
703 4607 856 4677 φησί·
891 4607 980 4676 Μὴ
1010 4607 1105 4657 καὶ
1145 4606 1240 4659 νῦν
1276 4607 1336 4659 τὸ
1367 4608 1498 4660 αὐτὸ
1531 4610 1714 4678 ὲρεῖς;
1754 4606 1919 4668 πολὺς
1965 4606 2074 4677 γὰρ

497 4693 596 4764 ἤδη
630 4692 820 4764 χρόνος
851 4689 1190 4760 παρέδραμε.
1223 4691 1317 4742 καὶ
1359 4690 1512 4753 τέλος
1557 4690 1761 4742 τούτων
1793 4689 1946 4742 οὐδὲν
1980 4691 2073 4742 ἀν-

503 4779 692 4848 εφάνη.
731 4775 840 4828 Καὶ
874 4773 972 4827 θέα
1003 4774 1103 4844 τὴν
1144 4773 1510 4844 κακουργίαν·
1552 4773 1673 4826 οὐδὲ
1713 4773 1821 4844 γάρ
1866 4772 2077 4843 μέμνη-

498 4878 590 4914 ται
617 4861 723 4913 τῶν
749 4859 908 4929 βοῶν,
935 4858 996 4911 οὐ
1029 4857 1137 4911 τῶν
1164 4856 1474 4928 προϐάτων,
1507 4856 1626 4910 οὐδὲ
1654 4855 1760 4908 τῶν
1788 4856 2072 4927 καμήλων·

502 4942 618 5012 ⁴ᾖδεν.
651 4942 758 5010 γὰρ
797 4943 857 4993 οὐ
887 4941 1091 5011 σφόδρα
1120 4941 1281 4996 αὐτὸν
1318 4943 1530 5004 τούτοις
1558 4939 1918 5010 δακνόμενον·
1960 4938 2075 4992 ἀλλ’

504 5022 600 5076 ἐπὶ
652 5023 750 5091 τὴν
803 5023 964 5090 φύσιν
1017 5023 1219 5088 εὐθέως
1271 5025 1510 5097 ἔρχεται,
1569 5024 1663 5077 καὶ
1709 5022 1816 5077 τῶν
1869 5022 2077 5076 παίδων

504 5105 946 5174 ἀναμιμνήσκει·
994 5106 1079 5157 ἐπ’
1124 5108 1310 5170 αὐτοῖς
1337 5109 1448 5180 γὰρ
1474 5104 1614 5162 εἶδεν
1660 5106 1822 5160 αὐτὸν
1853 5105 1950 5159 καὶ
1981 5105 2077 5177 τὴν

508 5187 713 5248 ἐσθῆτα
739 5184 1120 5257 διαρῤήξαντα,
1150 5188 1244 5240 καὶ.
1274 5190 1372 5258 τήν
1415 5192 1590 5260 κόμην
1617 5189 2077 5262 ἀποκειράμενον.

505 5272 617 5327 Καὶ
635 5271 735 5324 οὐκ
763 5264 934 5333 εἶπεν,
977 5267 1247 5322 Ἀπώλετό
1267 5286 1360 5322 σου
1385 5271 1453 5322 τὰ
1477 5273 1686 5337 παιδία,
1714 5273 1852 5327 ἀλλὰ
1876 5273 2079 5344 σφόδρα

507 5355 854 5428 περιπαθῶς·
906 5351 1258 5423 Ἠφὰικσταί
1282 5368 1399 5407 σου
1433 5353 1498 5407 τὸ
1533 5358 1932 5424 μνημόσυνον
1959 5354 2079 5410 ἀπὸ

506 5427 618 5506 τῆς
652 5436 786 5506 γῆς,
832 5434 898 5489 δι’
923 5433 952 5487 ὂ
996 5433 1090 5488 καὶ
1131 5433 1200 5487 τά
1237 5432 1421 5488 παιδία
1457 5433 1698 5491 ποθεινὰ.
1735 5427 1798 5488 ΕΞ
1847 5434 1956 5507 γάρ
1989 5433 2083 5488 καὶ

507 5519 624 5580 νῦν,
665 5518 1013 5583 ἀναστάσεως
1060 5517 1342 5590 φανείσης,
1375 5515 1624 5570 ἐντεῦθέν
1649 5519 1766 5571 ἐστι
1798 5519 1867 5570 τὰ
1897 5515 2083 5569 παιδία

509 5600 784 5671 ἐπέραστα
806 5602 912 5655 ἀπὸ
937 5602 1030 5656 τοῦ
1051 5603 1148 5673 τὴν
1178 5599 1329 5674 [ἳὸϐ]
1357 5601 1578 5673 μνήμην
1605 5599 1714 5658 τῶν
1742 5599 2082 5656 ἀπελθόντων

572 5810 600 5842 ⁸
618 5805 882 5874 tegebatur
903 5814 1057 5872 σιγᾷν.

1132 323 1191 401 S_.
1233 314 1516 378 JOANNIS
1543 305 2034 370 GHRYSOSTOMI
2069 302 2387 360 ARCHIEP.
2427 295 2972 358 CONSTANTINOP.

3617 299 3727 352 256

2147 421 2442 492 διατηρεῖν,
2471 416 2652 487 πολλῷ
2681 415 2882 486 μᾶλλον
2921 414 3066 468 τότε.
3100 412 3199 466 Διά
3230 410 3390 467 τοῦτο
3417 413 3510 466 καὶ
3557 415 3592 484 ή
3614 413 3727 484 ἀρὰ

2144 502 2393 556 ἐντεῦθεν
2422 502 2628 570 γίνεται
2664 499 2986 569 πικροτέρα.
3019 495 3153 550 Οὐδέ
3181 496 3290 568 γὰρ
3317 499 3451 559 ἐκεῖ,
3480 495 3562 547 Τὰ
3594 513 3729 548 παιο

2145 585 2255 647 δία,
2300 587 2328 638 ὁ
2370 583 2724 654 ἐπαρώμενος
2751 577 2924 643 εἶπεν,
2977 579 3408 652 ἐξολοθρευθείη,
3453 578 3611 641 ἀλλὰ,
3653 577 3728 632 Τὸ

2141 668 2538 736 μνημόσυνον
2572 663 2758 719 αὑτοῦ
2789 665 2908 717 ἀπὸ
2935 662 3045 730 τῆς
3087 661 3230 732 γῆς·
3266 664 3314 714 οἱ
3349 661 3454 713 υἱοί
3487 678 3582 714 σου
3631 660 3728 714 καὶ

2149 751 2205 802 αἰ
2236 749 2533 818 θυγατέρες
2588 764 2703 800 σου.
2734 745 2978 799 Είποῦσα
3027 744 3156 816 γὰρ,
3205 745 3276 798 Τὸ
3301 745 3728 812 μνημόσυνον.

2152 830 2294 901 μετά
2337 829 2623 900 ἀκριϐείας
2667 829 2826 882 πάλιν
2851 827 3118 897 ἑκατέρας
3142 826 3240 896 τῆς
3271 825 3484 894 φύσεως
3515 827 3730 895 μέμνη-

2149 932 2275 968 ται·
2315 915 2377 967 Εἰ
2400 914 2457 966 δὲ
2486 914 2590 979 σοὶ,
2625 913 2808 982 φησὶν,
2839 914 2897 965 οὐ
2930 911 3078 982 μέλει
3112 910 3333 974 τούτων,
3371 910 3472 963 κᾶν
3507 909 3565 962 τὸ
3593 910 3729 979 ἐμὸν

2153 1004 2378 1057 σκόπει·
2421 1001 2533 1068 Τῆς
2579 997 2727 1070 ἐμῆς
2768 1000 2998 1062 κοιλίας
3021 997 3229 1061 ὠδῖνες
3258 997 3354 1050 καὶ
3391 997 3583 1058 πόνοι,
3616 995 3729 1061 οὓς

2149 1089 2237 1152 εἰς
2264 1086 2331 1139 τὸ
2359 1084 2540 1138 κενὸν
2569 1081 2867 1137 ἐκοπίασα
2907 1080 3053 1149 μετὰ
3078 1080 3342 1148 μόχθων.
3375 1080 3440 1131 "0
3468 1078 3524 1130 δέ
3550 1077 3726 1146 λέγει,

2149 1169 2305 1222 τοῦτό
2352 1170 2529 1222 ἐστιν·
2593 1167 2657 1220 Ἦ
2687 1166 2748 1218 τὸ
2783 1165 2940 1218 πλέον
2972 1163 3270 1231 ἐνεγκοῦσα
3320 1163 3588 1234 ἠδίκημαι
3637 1161 3728 1214 διά

2152 1253 2231 1316 σὲ,
2263 1253 2356 1304 καὶ
2405 1253 2531 1314 τοὺς
2581 1250 2680 1320 μὲν
2725 1249 2919 1311 πόνους
2971 1246 3234 1318 ὑπέστην,
3271 1246 3379 1298 τῶν
3407 1245 3463 1298 δέ
3497 1243 3729 1316 καρπῶν

2150 1334 2554 1405 ἀπεστέρημαι.
2597 1332 2709 1384 Καὶ
2737 1332 2839 1400 ὅρα
2872 1330 2987 1393 πῶς
3017 1327 3139 1382 οὔτε
3169 1328 3351 1399 τίθησι
3377 1328 3474 1396 τήν
3521 1325 3731 1398 ζημίαν

2149 1418 2258 1471 τῶν
2309 1418 2628 1488 χρημάτων,
2666 1414 2793 1468 οὐτε
2846 1415 2974 1485 σιγᾷ
3027 1413 3196 1482 αὐτὴν
3224 1413 3316 1467 καὶ
3366 1411 3726 1482 παρατρέχει,

2151 1501 2266 1554 ἀλλ’
2309 1501 2384 1564 ὡς
2413 1500 2541 1570 ἐν’ήν
2586 1499 2680 1552 καὶ
2704 1495 3025 1569 περιπαθῶς
3059 1494 3228 1566 αὐτὴν
3250 1493 3601 1562 ἀπαγγεῖλαι,
3637 1492 3732 1545 οῦ-

2150 1601 2258 1646 τως
2294 1583 2608 1637 αἰνίττεται.
2661 1582 2831 1634 Ὅταν
2864 1579 2972 1650 γὰρ
3009 1578 3160 1649 είπη,
3215 1576 3388 1645 Κάγὼ
3431 1574 3734 1643 πλανῆτις

2151 1667 2246 1718 καὶ
2298 1665 2522 1733 λάτρις,
2576 1664 2764 1718 τόπον
2809 1663 2877 1716 ἐκ
2930 1663 3142 1723 τόπου,
3195 1660 3394 1714 οὶκίαν
3420 1657 3489 1721 ἐξ
3535 1657 3736 1723 abduc

2152 1747 2596 1818 περιερχομένη,
2634 1749 2728 1800 καὶ
2753 1746 2853 1815 τὴν
2883 1745 3086 1816 ζημίαν
3121 1743 3437 1806 αἰνίττεται,
3470 1741 3564 1794 καὶ
3597 1738 3734 1792 ιιι-ολ⁹

2152 1835 2249 1907 λὴν
2274 1837 2372 1905 τὴν
2398 1833 2772 1905 προσπάθειαν
2798 1831 3037 1884 δείκνυσι
3054 1847 3068 1862 ο
3101 1829 3196 1883 καὶ
3223 1829 3332 1899 γὰρ
3361 1827 3455 1881 καὶ
3481 1829 3534 1880 αἱ
3558 1824 3738 1888 λέξεις

2154 1919 2314 1972 αὐταὶ
2343 1917 2525 1970 ἱκαναὶ
2549 1917 2749 1986 ἐπᾶραι
2775 1914 2876 1984 τὴν
2899 1911 3212 1983 συμφοράν·
3255 1910 3380 1964 Ἐπὶ
3406 1909 3504 1972 τάς
3527 1908 3737 1977 ἐτέρων

2153 2000 2387 2071 ἔρχομαι
2435 1999 2624 2070 θύρας,
2684 1997 2866 2068 φησίν.
2908 1996 3044 2050 Οὐδέ
3075 1995 3184 2066 γάρ
3219 1992 3498 2064 προσαιτῶ
3546 1991 3737 2060 μόνον,

2153 2083 2290 2136 ἀλλὰ
2329 2082 2424 2136 καὶ
2455 2081 2744 2150 πλανῶμαι
2775 2079 2869 2132 καὶ
2909 2075 3144 2131 δουλεύω
3174 2075 3417 2129 δουλείαν
3448 2076 3606 2144 ξένην
3639 2073 3739 2126 καὶ

2154 2165 2366 2234 καινὴν,
2414 2162 2688 2233 πανταχοῦ
2719 2162 3025 2234 περιιοῦσα,
3081 2161 3176 2215 καὶ
3227 2160 3299 2214 τά
3351 2157 3596 2230 σύμϐολα
3633 2157 3742 2226 τῆς

2157 2250 2444 2319 συμφορᾶς
2461 2248 2850 2319 περιφέρουσα,
2871 2247 2966 2298 καὶ
2979 2247 3183 2307 πάντας
3203 2243 3525 2298 διδάσκουσα
3543 2241 3613 2294 τὰ
3628 2241 3742 2312 ἐμὰ

2155 2335 2318 2388 κακά·
2342 2333 2370 2386 ὃ
2388 2333 2602 2386 πάντων
2626 2333 2772 2384 ἐστὶν
2797 2330 3176 2400 ἐλεεινότερον,
3201 2328 3259 2381 τὸ
3281 2328 3459 2381 οἰκίαν
3480 2325 3542 2390 ἐξ
3557 2324 3742 2388 οἰκίας

2155 2415 2424 2487 ἀμείϐειν.
2456 2415 2565 2467 Καὶ
2604 2413 2726 2467 οὐδέ
2761 2412 2998 2467 ἐνταῦθα
3031 2412 3158 2482 ἔστη
3198 2410 3307 2463 τῶν
3352 2409 3586 2479 θρήνων,
3623 2405 3744 2460 ἀλλ’

2156 2503 2402 2570 ἐπήγαγε
2447 2499 2682 2568 λέγουσα
2705 2516 2718 2529 ·
2755 2495 3216 2566 Προσδεχομένη
3248 2494 3356 2548 τὸν
3389 2494 3567 2562 ἣλιον
3591 2492 3743 2544 πότε

2157 2583 2351 2647 δύσει,
2381 2583 2479 2636 καί
2507 2582 2934 2649 ἁναπαύσομαι
2958 2579 3077 2632 τῶν
3102 2579 3343 2647 μόχθων
3359 2593 3476 2646 μου
3499 2574 3744 2628 καὶτῶν

2157 2663 2574 2734 περιεχουσῶν
2594 2683 2672 2734 με
2714 2663 2968 2730 ὀδυνῶν,
2995 2663 3058 2716 αἵ
3078 2679 3155 2732 με
3192 2660 3308 2714 νῦν
3339 2657 3738 2727 συνέχουσιν.

2165 2749 2230 2800 Ὀ
2259 2747 2370 2816 γὰρ
2401 2749 2514 2812 τοῖς
2546 2746 2729 2811 ἄλλοις
2776 2747 2921 2800 ἐστὶν
2968 2745 3103 2817 ήδὺ,.
3141 2743 3296 2816 φησὶ,
3332 2743 3394 2795 τὸ
3419 2743 3518 2815 τὴν
3545 2744 3743 2795 ἀκτῖνα

2159 2832 2311 2903 όρᾷν,
2359 2831 2518 2885 τοῦτο
2567 2832 2692 2903 ἐμοὶ
2726 2831 2900 2902 βαρύ·
2951 2829 3280 2882 ποθεινὸνδέ
3327 2827 3486 2899 ήνύξ
3538 2826 3633 2879 καὶ
3678 2824 3744 2879 τὸ

2163 2915 2350 2979 σκότος
2370 2930 2383 2944 ·
2429 2912 2567 2986 αὕτη
2599 2916 2708 2986 γάρ
2751 2931 2816 2985 με
2851 2911 3122 2967 ἀναπαύει
3149 2910 3259 2966 τῶν
3306 2910 3546 2980 ἱδρώτων
3577 2909 3741 2978 μόνη,

2161 2997 2302 3068 αῦτη
2355 3015 2446 3068 μοι
2500 2997 2823 3069 παραμυθία
2873 2997 3084 3065 γίνεται
3139 2995 3246 3049 τῶν
3306 2994 3514 3048 κακῶν.
3585 2992 3745 3047 Ἀλλ’

2163 3083 2337 3136 εἰπόν
2362 3099 2418 3136 τι
2437 3081 2605 3152 ῥῆμα
2623 3082 2773 3151 πρὸς
2797 3082 3034 3150 Κύριον,
3063 3081 3159 3134 καὶ
3188 3080 3456 3135 τελεύτα.

2236 3249 2298 3296 ε’.
2314 3237 2469 3306 Εἶδες
2486 3239 2761 3295 κάνταῦθα
2775 3243 2873 3312 τὴν
2890 3240 3247 3312 κακουργίαν,
3266 3239 3384 3302 πῶς
3397 3238 3519 3292 οὐδὲ
3539 3240 3595 3294 ἐν
3607 3237 3746 3309 αὐτῇ

2167 3328 2231 3397 τῇ
2277 3324 2552 3396 συμϐουλῇ
2586 3324 2790 3387 εὐθέως
2829 3327 3090 3396 εἰσήγαγε
3119 3323 3215 3395 τὴν
3257 3322 3506 3392 ὀλεθρίαν
3543 3322 3749 3392 παραί-

2168 3425 2337 3472 νεσιν,
2381 3408 2520 3460 ἀλλὰ
2546 3407 2922 3478 διηγησαμένη
2957 3408 3171 3477 πρῶτον
3197 3406 3446 3470 ἐλεεινῶς
3476 3405 3574 3468 τὰς
3607 3421 3751 3474 συμ-

2170 3489 2363 3560 φορὰς,
2395 3491 2489 3543 καὶ
2519 3490 2803 3543 ἐκτείνασα
2847 3491 2945 3561 τὴν
2987 3490 3315 3561 τραγῳδίαν,
3363 3491 3422 3542 ἐν
3451 3488 3640 3560 βραχεῖ
3666 3489 3751 3540 τί-

2169 3575 2294 3644 θησι
2319 3573 2416 3643 τὴν
2435 3572 2773 3643 παραίνεσιν,
2810 3575 2903 3626 καὶ
2925 3573 3045 3626 οὐδέ
3069 3573 3322 3644 ἐμφαίνει
3344 3573 3530 3641 σαφῶς
3555 3571 3749 3640 αὐτὴν,

2169 3655 2304 3709 ἀλλὰ
2337 3656 2677 3708 συσκιάσασα
2705 3655 2940 3726 ἐκείνην,
2970 3656 3069 3726 τὴν
3101 3655 3420 3725 ἀπαλλαγὴν
3440 3654 3586 3723 αὐτῷ
3616 3671 3752 3723 προ-

2170 3738 2335 3791 τείνει
2397 3736 2494 3807 τὴν
2555 3738 2790 3807 μάλιστα
2862 3738 3136 3808 ποθεινὴν,
3199 3738 3293 3792 καὶ
3355 3736 3754 3805 ἐπαγγέλλεται

2169 3819 2445 3889 τελευτὴν,
2470 3819 2498 3871 ὃ
2525 3819 2756 3890 μάλιστα
2778 3820 3042 3890 ἐπεθύμει
3063 3839 3077 3885 ;
3107 3821 3216 3874 Καὶ
3239 3819 3426 3874 σκόπει
3451 3817 3755 3873 κάντεῦθεν

2169 3901 2263 3955 τοῦ
2294 3901 2538 3955 διαϐόλου
2573 3904 2672 3973 τὴν
2717 3905 3076 3974 κακουργίαν.
3122 3904 3342 3972 Ἐπειδὴ
3377 3902 3481 3972 γὰρ
3511 3903 3628 3972 ᾔδει
3657 3901 3755 3954 τὸν

2173 3985 2335 4039 πόθον
2377 3983 2472 4038 τοῦ
2537 3985 2657 4038 Ἰὼϐ
2703 3986 2794 4040 τὸν
2821 3987 2950 4057 περὶ
2974 3988 3066 4041 τὸν
3099 3987 3251 4052 Θεὸν,
3295 3989 3394 4041 οὐκ
3436 3986 3628 4056 ἀφίησι
3652 3988 3755 4058 τὴν

2173 4072 2408 4139 γυναῖκα
2451 4069 2834 4139 κατηγορῆσαι
2874 4069 2970 4122 τοῦ
3019 4069 3177 4135 Θεοῦ,
3211 4072 3297 4124 ἵνα
3337 4070 3410 4141 μὴ
3445 4071 3521 4132 ὡς
3550 4069 3756 4140 ἐχθρὰν

2173 4153 2373 4216 εὐθέως
2420 4154 2766 4223 ἀποστραφῇ.
2818 4151 2917 4204 Διά
2959 4153 3117 4206 τοῦτο
3161 4151 3326 4207 αὐτοῦ
3363 4155 3460 4223 μὲν
3513 4153 3751 4222 οὐδαμοῦ

2177 4239 2471 4307 μέμνηται,
2510 4235 2580 4288 τὰ
2606 4234 2662 4287 δὲ
2717 4236 2999 4305 συμϐάντα
3043 4236 3156 4289 άνω
3181 4236 3276 4290 καὶ
3311 4237 3460 4290 κάτω
3503 4236 3751 4306 στρέφει.

2175 4320 2246 4372 Σὺ
2269 4319 2326 4371 δὲ
2367 4319 2504 4390 μετά
2532 4318 2638 4371 τῶν
2666 4319 2994 4389 εἰρημένων,
3024 4320 3106 4372 ὅτι
3135 4320 3227 4372 καὶ
3248 4321 3386 4390 γυνὴ
3415 4315 3484 4390 ἦν
3509 4321 3541 4390 ή
3577 4319 3757 4372 ταῦτα

2178 4400 2654 4471 συμϐουλεύουσα,
2716 4401 3029 4471 προστίθει,
3088 4401 3259 4465 δεινὸς
3313 4401 3759 4471 καταγοητεῦσαι

2177 4485 2361 4554 ῥήτωρ
2392 4484 2519 4546 τοὺς
2552 4481 2627 4552 μὴ
2657 4483 3044 4554 προσέχοντας.
3077 4485 3269 4538 Πολλοὶ
3299 4484 3430 4552 γοῦν
3461 4485 3556 4537 καὶ
3583 4486 3760 4554 χωρὶς

2178 4565 2473 4635 συμφορῶν
2526 4565 2634 4618 ἀπὸ
2680 4565 2954 4633 γυναικῶν
2999 4566 3305 4637 συμϐουλῆς
3341 4567 3762 4638 κατηνέχθησαν

2181 4649 2366 4719 μόνης.
2390 4647 2455 4699 Τί
2482 4642 2574 4700 οῦν
2603 4649 2632 4700 ὁ
2665 4650 2931 4720 μακάριος
2959 4645 3131 4717 οὗτος,
3156 4651 3249 4703 καὶ
3272 4651 3577 4721 ἀδάμαντος
3606 4653 3763 4722 στερ-

2179 4731 2299 4803 ρότε
2311 4747 2399 4801 ρος
2418 4746 2431 4793 ;
2460 4730 2668 4800 Βλέψας
2685 4734 2763 4795 είς
2783 4733 2950 4804 αὐτὴν
2982 4735 3194 4803 πικρὸν,
3215 4734 3323 4788 ἀπὸ
3342 4735 3441 4804 τῆς
3462 4734 3638 4803 ὅψεως
3662 4735 3760 4787 καὶ

2179 4813 2286 4884 πρὸ
2312 4813 2410 4883 τῆς
2437 4814 2620 4883 φωνῆς
2650 4814 3002 4885 διεκρούσατο
3027 4818 3094 4868 τὰ
3117 4819 3502 4887 μηχανήματα.
3541 4818 3760 4886 Ἐκείνη

2184 4896 2281 4967 μὲν
2310 4898 2420 4966 γὰρ
2449 4896 2817 4967 προσεδόκησε
2835 4898 3084 4968 δακρύων
3110 4901 3348 4969 κινήσειν
3378 4900 3575 4969 πηγάς·
3604 4897 3762 4963 οὗτος

2178 4978 2233 5031 δέ
2261 4978 2474 5042 λέοντος
2505 4979 2860 5049 σφοδρότερος
2887 4982 3099 5048 γέγονε,
3119 4981 3293 5052 θυμοῦ
3324 4981 3633 5052 πληρωθεὶς
3665 4985 3764 5036 καὶ

2181 5063 2630 5133 ἀγανακτήσεως,
2668 5062 2767 5131 οὐχ
2798 5062 2936 5134 ὑπὲρ
2974 5056 3048 5117 ὧν
3090 5063 3346 5134 ἔπασχεν,
3376 5065 3490 5118 ἀλλ’
3519 5065 3660 5135 ὑπὲρ
3683 5059 3764 5117 ὧν

2182 5145 2364 5214 ἐκείνη
2395 5143 2714 5206 διαϐολικῶς
2749 5145 3157 5209 συνεϐούλευσε,
3187 5145 3340 5220 [⁸257]
3367 5149 3460 5200 καὶ
3490 5148 3568 5218 τῷ
3596 5147 3764 5216 βλέμ-

2185 5245 2314 5300 ματι
2342 5227 2433 5279 τὸν
2457 5227 2628 5295 θυμὸν
2655 5227 3052 5299 ἐνδειξάμενος,
3083 5247 3329 5302 μεμετρη
3339 5231 3503 5301 μένην
3526 5234 3764 5284 ποιεῖται

2180 5311 2279 5381 τήν
2312 5309 2667 5379 ἐπιτίμησιν·
2701 5311 2930 5382 καὶγὰρ
2960 5314 3055 5366 καὶ
3093 5317 3151 5366 ἐν
3185 5317 3490 5384 συμφοραῖς
3527 5313 3766 5384 σώφρων

2181 5387 2269 5463 ἦν·
2308 5391 2418 5444 καὶ
2455 5390 2507 5442 τί
2539 5407 2732 5461 φησινς
2766 5393 2899 5447 Ἵνα
2938 5395 2996 5448 τί
3035 5393 3240 5462 ὥσπερ
3274 5398 3385 5465 μιά
3421 5395 3538 5449 τῶν
3575 5396 3767 5464 ἀφρό-

2182 5492 2306 5530 νων
2333 5473 2630 5545 γυναικῶν
2657 5475 3001 5546 ὲλάλησας;
3031 5481 3143 5549 Οὐχ
3172 5479 3314 5532 οὕτω
3352 5497 3410 5533 σε
3439 5480 3764 5546 ἐπαίδευσα,

2187 5557 2373 5629 φησὶν,
2421 5556 2517 5627 οὐχ
2551 5558 2693 5613 οὕτω
2743 5577 2804 5614 σε
2839 5561 3074 5632 ἔθρεψα·
3111 5563 3232 5616 ὅθεν
3260 5563 3380 5616 οὐδέ
3413 5561 3769 5630 ἐπιγινώσκει)

2183 5640 2282 5711 τὴν
2317 5638 2561 5694 σύνοικον
2591 5642 2687 5714 τὴν
2717 5644 2876 5716 ἐμήν.
2905 5645 2987 5698 Τά
3011 5644 3121 5718 γὰρ
3148 5647 3370 5717 ῥήματα
3394 5644 3571 5719 ταῦτα
3601 5645 3771 5717 ἀνοή-

2185 5739 2280 5776 του
2311 5723 2582 5791 γυναικὸς,
2622 5728 2716 5780 καὶ
2743 5729 3164 5801 παραπαιούσης
3205 5731 3237 5799 ή
3275 5727 3575 5798 συμϐουλή.
3612 5726 3765 5792 Εἶδες

2189 5805 2360 5878 τομὴν
2401 5805 2730 5883 σύμμετρον,
2775 5814 2869 5867 κα)⁸
2911 5811 3125 5883 πληγὴν
3156 5811 3347 5880 ἱκανὴν
3375 5811 3669 5878 διορθῶσαι
3701 5811 3768 5865 τὸ
