4108 6218
465 310 573 366 259

469 412 844 469 vehementior
869 409 991 477 fuit,
1019 410 1094 465 ira
1140 415 1194 462 et
1254 404 1618 474 indignatione
1661 403 1851 473 plenus
1879 445 1893 467 ,
1940 419 2046 458 non

471 519 569 573 pro
611 505 677 559 iis
718 519 838 575 quas
885 501 1220 572 patiebatur,
1268 495 1364 550 sed
1412 503 1630 564 propter
1672 495 1893 550 consilia
1931 511 2050 565 quae

467 594 732 651 diaboliee
758 595 826 649 ab
854 593 944 646 illa
973 591 1095 644 data
1123 596 1282 653 sunt;
1315 595 1370 644 et
1398 588 1514 658 ipso
1541 595 1760 658 aspectu
1806 588 2050 658 indigna-

469 686 671 741 tionem
699 681 957 739 exhibens
977 720 992 744 ,
1033 677 1308 732 moderata
1341 679 1505 732 utitur
1535 678 1938 748 increpatione:
1968 688 2042 733 et-

469 778 611 830 enim
639 776 800 828 etiam
828 772 879 824 in
906 771 1301 826 calamitatibus
1325 770 1633 825 moderatus
1659 781 1794 826 erat.
1825 770 1894 824 Et
1921 771 2047 839 quid

467 868 584 920 ait?
611 864 716 919 Cur
756 865 884 918 sicut
911 881 1013 917 una
1040 880 1103 918 ea:
1128 864 1478 931 insipientibus
1522 863 1813 917 mulieribus
1839 864 2049 930 lor/nuta

467 974 521 1010 es
564 955 684 1024 (Job
721 954 776 1007 2.
812 954 943 1023 l0)?
987 954 1101 1008 Non
1131 956 1207 1009 sic
1238 964 1288 1008 te
1316 953 1520 1007 erudivi
1549 994 1564 1019 ,
1597 953 1802 1023 inquit,
1837 968 1941 1006 non
1973 954 2050 1007 sic

467 1056 518 1100 te
562 1045 782 1100 educavi
825 1062 840 1098 :
892 1045 1030 1100 unde
1081 1060 1179 1099 nec
1224 1055 1527 1098 consortem
1572 1058 1745 1098 meam
1792 1057 2043 1111 agnosco.

465 1137 593 1192 Hmc
632 1137 826 1206 quippe
854 1137 994 1190 dicta
1030 1145 1155 1189 sunt
1200 1136 1398 1188 insanae
1429 1134 1707 1197 mulieris,
1739 1141 1793 1186 et
1823 1131 2046 1186 furentis

464 1230 747 1284 consilium
789 1237 890 1284 est.
925 1228 1113 1283 Viden‘
1140 1228 1431 1282 sectionem
1461 1226 1812 1288 moderatam,
1837 1226 2042 1294 plagam

465 1337 584 1391 qua:
611 1331 789 1390 posset
819 1320 1065 1374 morbum
1092 1333 1300 1374 curare.
1342 1317 1544 1372 Deinde
1573 1325 1692 1385 post
1716 1315 2043 1384 increpatio-

465 1426 588 1465 nem
629 1410 908 1466 consilium
939 1424 1123 1464 rursus
1152 1408 1339 1475 all‘ert,
1366 1406 1510 1478 quod
1541 1406 1707 1477 possit
1738 1405 1878 1458 illam
1907 1419 2040 1458 con-

461 1502 652 1564 solari,
683 1511 737 1556 ct
782 1503 972 1556 rationi
1003 1501 1158 1556 valde
1206 1508 1626 1555 consentaneum
1651 1538 1665 1562 ,
1693 1496 1877 1551 dicens
1924 1513 1938 1548 :
1982 1493 2043 1547 Si

461 1594 593 1646 bona
618 1594 930 1663 suscepimus
969 1593 1031 1646 de
1054 1608 1209 1645 manu
1247 1590 1458 1644 Domini
1481 1631 1496 1656 ,
1525 1590 1662 1642 mala
1693 1604 1792 1641 non
1817 1587 2038 1640 sustine-

462 1686 666 1738 bimus?
710 1684 1014 1739 Recordare
1039 1684 1214 1747 enim,
1246 1682 1449 1752 inquit,
1498 1681 1737 1749 priorum
1784 1679 1995 1732 illorum
2023 1717 2039 1742 ,

464 1787 518 1831 et
572 1787 745 1831 tecum
796 1785 982 1845 reputa
1032 1783 1337 1838 auctorem,
1380 1782 1433 1827 et
1460 1771 1577 1825 haec
1625 1769 1832 1824 fortiter
1877 1767 2038 1823 feres.

465 1867 706 1920 \‘idistin’
733 1865 1155 1920 moderationem
1204 1863 1342 1917 viri?
1392 1861 1499 1916 Nec
1543 1860 1688 1915 enim
1736 1856 2037 1912 fortitudini

456 1972 567 2010 sua:
595 1956 905 2025 patientiam
933 1971 1084 2010 suam
1109 1953 1386 2020 adscribit,
1422 1951 1518 2007 sed
1549 1967 1614 2006 ex
1643 1965 1821 2005 rerum
1843 1963 2038 2003 conse-

457 2049 674 2117 quentia
709 2047 872 2104 fuisse
902 2048 1046 2102 illam
1075 2047 1223 2102 dicit.
1271 2046 1377 2102 Pro
1407 2044 1723 2114 quibusnam
1767 2042 1912 2096 enim
1945 2040 2037 2094 illa

1211 289 1268 346 S.
1305 288 1581 347 JOANNIS
1615 285 2080 344 CHRYSOSTOMI
2117 289 2430 349 ARCIIIEP.
2472 297 2998 360 CONSTAN'l'lNOP.

3635 316 3736 372 2m

2159 406 2312 461 nobis
2334 408 2480 464 dedit
2511 411 2687 469 Deus?
2709 432 2867 486 quam
2890 421 3188 490 rependens
3207 428 3692 486 remunerationem
3709 433 3736 488 ?

2155 498 2394 568 Nullam;
2427 504 2519 558 sed
2559 521 2626 561 ex
2657 509 2768 563 sola
2817 510 3142 582 benignitate
3166 531 3262 571 sua
3305 536 3317 570 :
3366 518 3563 576 donum
3590 525 3731 581 enim

2155 600 2289 683 erat,
2308 607 2423 683 non
2451 597 2769 665 retributio;
2800 603 2992 671 gratia,
3036 620 3142 660 non
3171 612 3550 665 remuneratio.
3586 613 3730 683 Ergo
3752 639 3765 660 ι

2156 679 2271 734 hzec
2300 681 2510 738 fortiter
2535 685 2788 743 feramus.
2822 690 2935 746 Hoc
2964 703 3016 748 et
3044 695 3142 750 viri
3173 706 3228 751 et
3254 699 3506 754 mulieres
3535 679 3731 758 inscri-

2156 781 2302 840 ptum
2329 773 2529 830 dictum
2561 777 2849 838 habeamus
2873 799 2887 848 ;
2920 785 3034 840 haec
3063 788 3223 842 verba
3248 789 3299 844 in
3325 803 3500 847 mente
3530 794 3731 850 inscul-

2155 877 2340 930 pamus
2360 904 2374 928 ,
2402 874 2457 920 et
2488 867 2601 923 haec
2628 878 2682 924 et
2706 886 2769 926 ea
2797 889 2915 942 quae
2943 877 3254 944 praecedunt
3296 899 3310 935 :
3357 893 3412 936 et
3451 882 3730 942 historiam

2154 954 2414 1009 malorum
2455 958 2607 1027 ejus,
2637 962 2782 1018 velut
2810 965 3099 1036 imaginem
3131 969 3182 1023 in
3225 981 3456 1027 mentem
3490 986 3729 1032 nostram

2153 1045 2536 1119 inscribentes,
2580 1052 2844 1122 iacturam
2885 1058 3006 1113 dico
3047 1063 3423 1131 pecuniarum,
3447 1063 3586 1121 tilios
3602 1067 3731 1122 sub-

2147 1134 2290 1194 latos
2325 1181 2341 1208 ,
2416 1145 2660 1212 corporis
2708 1146 2914 1217 plagam
2941 1189 2956 1214 ,
3007 1153 3292 1221 Opprobria
3326 1197 3341 1220 ,
3389 1157 3665 1214 irrisioncs
3708 1203 3724 1224 ,

2151 1230 2333 1284 uxoris
2362 1231 2636 1288 machinas
2654 1275 2670 1301 ,
2703 1237 2897 1292 diaboli
2931 1240 3180 1307 insidias,
3209 1259 3398 1300 omnes
3428 1262 3534 1302 uno
3562 1251 3726 1305 verbo

2143 1318 2272 1386 justi
2302 1321 2631 1380 calamitates
2653 1368 2670 1393 ,
2703 1328 2854 1383 nobis
2896 1330 2948 1384 in
2980 1341 3190 1401 portum
3236 1337 3526 1391 maximum
3557 1355 3722 1409 appa-

2149 1425 2327 1466 remus
2354 1430 2366 1466 :
2404 1424 2462 1467 ut
2505 1418 2682 1472 omnia
2711 1417 2923 1475 fortiter
2947 1432 3002 1477 et
3045 1439 3166 1480 cum
3194 1428 3483 1497 gratiarum
3513 1435 3721 1489 actione

2148 1501 2379 1558 ferentes
2401 1545 2413 1568 ,
2445 1513 2500 1560 et
2539 1507 2591 1560 iu
2639 1513 2885 1577 praesenti
2919 1513 3024 1567 vita
3054 1529 3341 1573 mcerorem
3385 1535 3598 1576 omnem
3627 1523 3723 1579 de-

2147 1595 2406 1663 pellamus
2429 1638 2443 1662 ,
2471 1609 2526 1653 et
2556 1600 2623 1655 de
2649 1601 2749 1657 hac
2771 1603 3150 1663 benedictione
3178 1611 3481 1667 mercedem
3518 1613 3721 1670 refera-

2144 1700 2285 1750 mus,
2303 1689 2470 1756 gratia
2492 1699 2545 1744 et
2568 1690 2896 1764 benignitate
2927 1697 3136 1754 Domini
3160 1703 3326 1756 nostri
3348 1702 3475 1759 Jesu
3498 1704 3718 1775 Christi,

2143 1777 2357 1845 quicum
2403 1778 2544 1834 Patri
2574 1789 2630 1836 et
2658 1799 2762 1839 una
2809 1785 3029 1856 Spiritui
3077 1802 3262 1846 sancto
3303 1793 3511 1863 gloria,
3553 1797 3721 1866 impe-

2143 1867 2281 1922 rium
2307 1909 2320 1933 ,
2353 1867 2556 1938 honor,
2594 1889 2736 1930 nunc
2759 1886 2813 1931 et
2851 1893 3097 1949 semper,
3138 1891 3194 1938 et
3233 1881 3286 1937 in
3325 1885 3518 1940 szccula
3543 1902 3720 1942 saecu-

2143 1958 2336 2014 lorum.
2369 1963 2562 2018 Amen.

1786 2223 2133 2286 HOMILIA
2179 2225 2422 2291 XXIX.

451 2375 578 2433 Car.
620 2377 707 2432 12.
749 2394 798 2432 v.
844 2379 893 2433 ί.
937 2376 1012 2431 De
1037 2375 1383 2447 spiritualibus
1411 2384 1576 2427 autem
1603 2412 1617 2436 ,
1648 2373 1832 2442 fratres
1855 2409 1869 2433 ,
1910 2367 2027 2421 nolo

521 2486 607 2525 vos
632 2471 881 2542 ignorare.
910 2469 964 2523 2.
996 2468 1152 2524 Scitis
1172 2477 1339 2520 autem
1364 2465 1498 2536 quod
1517 2480 1628 2517 cum
1650 2471 1818 2532 gentes
1837 2460 2025 2524 essetis,

520 2565 588 2618 ad
613 2564 885 2618 simulacra
913 2571 1048 2614 muta
1078 2568 1225 2630 prout
1254 2558 1570 2612 ducebamim
1597 2565 1787 2609 euntes.

523 2657 573 2709 l.
620 2655 713 2708 llic
741 2653 1054 2707 tutuslocus
1086 2651 1239 2706 valde
1283 2649 1545 2705 obscurus
1573 2657 1656 2701 est
1686 2663 1698 2700 :
1731 2644 2029 2699 obscurita-

451 2757 556 2800 tem
585 2761 710 2800 vero
741 2745 878 2815 parit
925 2743 1186 2813 ignoratio
1215 2758 1398 2797 eorum
1432 2757 1548 2810 qua:
1588 2748 1713 2793 tunc
1751 2737 2026 2806 continge-

451 2838 607 2901 bant,
642 2852 781 2890 nunc
809 2846 985 2890 autem
1015 2851 1120 2889 non
1154 2837 1306 2888 fiunt.
1341 2833 1407 2886 Et
1431 2847 1526 2886 cur
1547 2844 1688 2883 nunc
1720 2844 1824 2882 non
1853 2826 2028 2880 linat?

449 2927 589 2982 Ecce
620 2941 846 2996 namque
885 2925 1226 2980 obscuritatis
1270 2939 1427 2978 causa
1459 2922 1620 2976 aliam
1664 2918 1815 2973 nobis
1877 2930 2029 2986 qua:-

441 3017 674 3073 stionem
696 3018 921 3089 peperit.
963 3017 1069 3072 Cur
1112 3016 1254 3070 enim
1287 3022 1409 3068 tunc
1439 3013 1672 3077 ﬁebant,
1714 3018 1856 3064 nunc
1894 3023 2025 3063 vero

445 3110 642 3166 secus?
671 3109 775 3165 Sed
804 3109 905 3163 hoc
931 3117 1115 3178 postea
1146 3105 1427 3162 dicendum
1456 3105 1730 3159 mittamus
1758 3120 1771 3156 :
1807 3101 2021 3156 interim

446 3219 575 3258 vero
600 3218 716 3272 quae
747 3211 873 3256 tunc
906 3201 1100 3256 fiebant
1130 3213 1526 3255 recenseamus.
1565 3195 1701 3260 Quid
1728 3209 1856 3264 ergo
1899 3204 2022 3247 tunc

443 3294 827 3365 contingebat?
872 3293 927 3348 Si
987 3293 1104 3362 quis
1161 3291 1556 3361 baptizaretur,
1606 3287 1800 3357 linguis
1841 3285 2018 3341 statim

445 3386 759 3457 loquebatur
785 3426 798 3449 ,
827 3394 882 3440 et
912 3401 1018 3438 non
1049 3384 1242 3453 linguis
1270 3384 1471 3436 tantum
1500 3423 1514 3446 ,
1558 3380 1650 3436 sed
1682 3379 1840 3434 etiam
1868 3378 2017 3432 multi

441 3477 850 3549 prophetabant,
878 3477 1092 3547 quidam
1120 3492 1247 3530 vero
1270 3475 1400 3529 alias
1418 3474 1594 3544 plures
1617 3472 1840 3528 virtutes
1869 3469 2020 3526 cxiii--

441 3568 654 3624 hebant.
698 3566 830 3634 Quia
870 3567 1011 3622 enim
1053 3567 1122 3621 ab
1159 3565 1314 3620 idolis
1343 3564 1694 3628 accedentes,
1735 3578 1855 3618 cum
1888 3561 2018 3616 nihil

440 3659 582 3714 clare
625 3661 857 3725 scirent,
893 3674 1065 3728 neque
1097 3658 1147 3712 in
1177 3658 1407 3727 antiquis
1436 3657 1622 3710 Bibliis
1663 3664 1844 3710 essent
1882 3654 2013 3708 cdu‘

438 3751 541 3804 cati
566 3791 582 3816 ,
613 3750 858 3820 baptizati
889 3751 1066 3804 statim
1097 3749 1352 3820 Spiritum
1371 3747 1730 3818 accipiebant,
1761 3745 2015 3816 Spiritum

437 3858 568 3898 vero
595 3859 698 3897 non
728 3843 979 3898 videbant
1002 3884 1016 3907 ,
1059 3843 1340 3897 invisibilis
1369 3856 1490 3896 eum
1521 3841 1624 3904 sit;
1662 3839 1823 3894 dabat
1847 3840 2015 3908 gratia

437 3935 632 3990 sensile
690 3933 957 4003 quoddam
1015 3944 1386 4006 argumentum
1443 3933 1585 3988 illius
1647 3933 2012 4001 Operationis;

436 4025 678 4095 aliusque
703 4026 913 4081 Persica
946 4070 959 4092 ,
989 4027 1125 4081 alius
1151 4027 1391 4081 Romana
1417 4067 1430 4090 ,
1459 4026 1594 4079 alius
1635 4024 1810 4079 Indica
1835 4065 1847 4088 ,
1881 4023 2016 4076 alius

435 4120 536 4173 alia
569 4119 742 4190 lingua
789 4120 965 4174 statim
1012 4120 1323 4189 loquebatur
1363 4141 1374 4173 :
1409 4127 1463 4174 et
1507 4117 1608 4174 hoc
1637 4118 1872 4173 externis
1915 4131 2014 4169 no-

437 4222 546 4266 tum
571 4211 814 4276 iaciebat,
838 4211 1091 4280 Spiritum
1114 4222 1353 4267 sanctum
1378 4211 1428 4265 in
1452 4211 1567 4281 ipso
1595 4211 1844 4279 loquente
1872 4223 2011 4263 esse.

437 4304 562 4358 ideo
609 4305 684 4359 sic
731 4303 902 4372 ipsum
950 4304 1182 4373 appellat
1228 4302 1414 4357 dicens
1459 4320 1472 4356 :
1523 4301 1803 4369 Unicuique
1849 4310 2016 4353 autem

435 4397 774 4469 manifestalio
806 4397 1030 4468 Spiritus
1059 4398 1210 4449 datur
1238 4397 1304 4448 ad
1333 4395 1640 4460 utilitatem,
1693 4393 2013 4450 charismata

436 4505 530 4542 seu
556 4488 695 4542 dona
718 4505 912 4543 vocans
935 4488 1416 4542 ntauifestationcm
1437 4485 1687 4556 Spiritus.
1712 4484 1843 4553 Quia
1872 4484 2014 4537 ettim

436 4581 660 4650 apostoli
716 4581 817 4633 hoc
870 4580 1099 4650 primum
1150 4580 1358 4647 signum
1403 4585 1768 4648 acceperunt,
1829 4575 2013 4629 lidelcs

437 4685 650 4741 quoque
696 4679 1023 4740 acceperunt
1066 4671 1364 4739 linguarum
1413 4668 1645 4732 donum;
1697 4681 1868 4736 neque
1908 4665 2008 4720 hoc

436 4767 608 4818 solum
635 4805 650 4830 ,
700 4761 794 4818 sed
822 4773 876 4818 et
905 4762 1006 4817 alia
1039 4761 1283 4832 plurima.
1325 4759 1454 4814 Nam
1496 4767 1550 4814 et
1580 4769 1817 4812 mortuos
1858 4757 2008 4811 multi

436 4854 799 4922 suscitabant,
841 4862 896 4909 et
937 4854 1209 4908 daemonas
1257 4849 1558 4921 pellebant,
1607 4857 1662 4904 et
1706 4848 1809 4902 alia
1841 4847 2008 4901 multa

436 4944 630 4997 similia
677 4947 991 5002 mirabiliter
1027 4947 1385 5018 operabantur
1417 4961 1432 5001 :
1463 4944 1708 5013 donaque
1742 4941 2013 4997 habebant

435 5036 524 5089 alii
555 5035 768 5104 quidem
801 5039 1045 5105 pauciora
1068 5079 1082 5100 ,
1126 5039 1215 5092 alii
1254 5053 1384 5092 vero
1412 5038 1584 5108 plura.
1628 5035 1792 5106 Magis
1835 5043 2012 5089 autem

437 5146 592 5200 quam
620 5129 722 5184 alia
755 5129 932 5184 omnia
966 5131 1103 5198 apud
1133 5130 1251 5184 illos
1289 5139 1407 5184 erat
1453 5129 1651 5184 donum
1681 5130 2010 5200 linguarum.

508 5224 734 5294 Spiritus
777 5223 939 5277 sancti
981 5223 1115 5275 dona
1162 5237 1316 5274 causa
1357 5222 1658 5276 schisnmtis.
1700 5252 1768 5262 —
1802 5222 1869 5276 Et
1899 5221 2013 5276 batc

435 5332 595 5372 causa
625 5314 928 5372 schismatis
971 5313 1075 5367 illis
1103 5312 1229 5375 fuit,
1283 5327 1389 5366 non
1418 5327 1484 5366 ex
1515 5322 1698 5365 natura
1741 5327 1834 5366 sua
1857 5354 1870 5376 ,
1917 5311 2013 5367 sed

436 5422 502 5461 ex
553 5407 758 5478 ingrato
805 5405 1177 5476 accipientium
1225 5403 1424 5457 animo.
1484 5401 1617 5456 Nam
1665 5404 1752 5472 qui
1810 5403 2012 5470 majora

441 5498 743 5563 habebant,
809 5498 1174 5554 eiii-rebantur
1223 5495 1478 5551 adversus
1525 5510 1618 5550 eos
1665 5494 1755 5564 qui
1805 5495 2008 5547 minora

434 5589 780 5662 possidebant
808 5605 823 5646 :
852 5590 905 5645 bi
932 5594 1057 5646 v‘ero
1088 5605 1271 5646 rursus
1293 5589 1546 5643 dolebant
1565 5630 1578 5653 ,
1610 5596 1664 5642 ct
1694 5587 1757 5641 iis
1778 5586 1866 5655 qui
1900 5599 2009 5638 ma-

439 5683 556 5738 iora
606 5681 864 5740 baberent
903 5683 1209 5740 invidebant
1240 5701 1252 5738 :
1283 5682 1440 5742 idaue
1469 5681 1520 5736 in
1548 5676 1892 5747 sequentibus
1919 5671 2021 5733 os-'

2143 2369 2310 2422 tendit
2335 2371 2448 2440 ipse
2475 2373 2682 2430 Paulus.
2728 2377 2858 2445 Quia
2894 2380 3050 2450 igitur
3077 2381 3198 2437 hinc
3230 2383 3445 2439 letalem
3473 2385 3708 2454 accipie-

2141 2459 2268 2514 bant
2315 2462 2566 2534 plagam,
2613 2467 2741 2522 dum
2796 2471 2846 2524 in
2901 2473 2980 2524 eis
3032 2474 3226 2528 caritas
3279 2473 3708 2540 dissolveretur,

2139 2555 2363 2610 multum
2407 2557 2642 2615 studium
2673 2562 2821 2630 ponit
2864 2572 2920 2616 ut
2965 2563 3016 2618 id
3057 2565 3306 2636 corrigat.
3347 2567 3581 2637 Contigit
3608 2568 3710 2623 hoc

2136 2643 2296 2699 etiam
2325 2645 2538 2714 Romae,
2571 2650 2663 2704 sed
2704 2667 2808 2706 non
2840 2652 2942 2707 hoc
2971 2656 3146 2708 modo.
3190 2656 3523 2726 Quapropter
3547 2659 3706 2712 etiam

2138 2738 2189 2791 in
2223 2739 2454 2808 Epistola
2505 2743 2571 2796 ad
2620 2743 2889 2801 Romanos
2933 2747 3062 2802 illud
3105 2757 3284 2804 movet
3313 2750 3522 2819 quidem
3551 2792 3567 2818 ,
3612 2751 3704 2806 scd

2134 2829 2447 2886 adumbrate
2473 2841 2527 2887 et
2555 2833 2808 2901 breviter,
2840 2838 2918 2891 sic
2942 2838 3124 2894 dicens
3156 2858 3168 2893 :
3205 2840 3352 2895 Sicut
3375 2843 3504 2894 enim
3533 2842 3584 2895 in
3608 2858 3704 2896 uno

2132 2936 2340 2991 corpore
2367 2923 2528 2977 multa
2553 2927 2772 2979 membra
2801 2928 3039 2983 habemus
3061 2970 3076 2995 ,
3107 2930 3326 2983 membra
3351 2940 3516 2984 autem
3540 2932 3707 2985 omnia

2131 3029 2231 3067 non
2252 3015 2476 3068 eamdem
2493 3017 2673 3071 habent
2689 3021 3026 3088 operationem
3048 3039 3068 3073 :
3087 3021 3157 3075 sic
3181 3023 3328 3076 multi
3348 3039 3504 3076 unum
3524 3039 3706 3092 corpus

2129 3122 2304 3160 sumus
2355 3108 2408 3162 in
2460 3108 2662 3164 Christo
2691 3153 2706 3177 ,
2759 3114 2946 3184 singuli
2990 3125 3155 3167 autem
3207 3115 3416 3169 invicem
3462 3115 3700 3169 membra.

2133 3195 2388 3251 Habentes
2424 3209 2592 3252 autem
2623 3200 2758 3255 dona
2783 3203 3056 3256 secundum
3087 3205 3302 3275 gratiam
3341 3220 3454 3275 quw
3481 3205 3602 3258 data
3631 3215 3703 3258 est

2128 3290 2269 3342 nobis
2298 3289 2494 3344 diversa
2515 3306 2535 3354 ;
2565 3291 2666 3346 sive
2694 3294 3005 3363 prapltetiam
3034 3336 3050 3362 ,
3096 3295 3376 3350 secundum
3415 3297 3700 3366 proportio-

2127 3396 2238 3434 nem
2265 3381 2385 3450 ﬁdei
2408 3425 2422 3448 ,
2454 3384 2557 3439 sive
2590 3387 2922 3441 ministerium
2947 3430 2962 3454 ,
3009 3391 3062 3443 in
3087 3391 3421 3445 ministrando
3440 3434 3455 3458 ,
3487 3392 3589 3446 sive
3615 3394 3701 3461 qui

2127 3474 2298 3541 docet,
2332 3473 2382 3528 in
2415 3476 2642 3533 doctrina
2668 3480 2857 3552 (Rom.
2894 3482 2978 3538 η.
3012 3484 3065 3538 4.
3097 3483 3187 3554 7).
3228 3485 3378 3551 Quod
3411 3496 3589 3542 autem
3623 3488 3697 3541 illi

2124 3561 2248 3619 inde
2270 3567 2321 3619 in
2348 3571 2706 3638 arrogantiam
2734 3572 3046 3639 inciderent,
3075 3575 3126 3628 id
3149 3576 3198 3629 in
3229 3576 3490 3646 principio
3512 3578 3698 3632 subin-

2123 3654 2317 3711 dicavit
2349 3659 2416 3712 ita
2444 3659 2626 3716 dicens
2659 3679 2672 3714 :
2706 3661 2833 3717 Dico
2864 3674 3028 3718 autent
3059 3666 3196 3720 vobis
3222 3683 3310 3736 per
3349 3668 3564 3737 gratiam
3587 3683 3701 3736 qua

2124 3746 2245 3800 data
2285 3758 2357 3802 est
2401 3750 2524 3803 milii
2544 3791 2557 3814 ,
2590 3751 2820 3807 omnibus
2857 3756 2942 3824 qui
2978 3765 3093 3808 sunt
3135 3757 3189 3810 in
3231 3757 3368 3810 vobis
3393 3799 3408 3824 ,
3450 3774 3550 3810 non
3579 3760 3696 3826 plus

2123 3853 2299 3906 sapere
2325 3855 2474 3907 quam
2502 3853 2694 3912 Oportet
2722 3860 2920 3913 sapere,
2949 3845 3037 3899 sed
3063 3863 3243 3914 sapere
3265 3847 3333 3900 ad
3353 3847 3692 3912 sobrietatem,

2123 3929 2391 3996 unicuique
2443 3942 2497 3986 ut
2549 3933 2688 3988 Deus
2731 3935 2984 3990 distribuit
3033 3955 3317 3992 mensuram
3363 3939 3482 4006 ﬁdei
3510 3937 3691 4009 (Ibid.

2122 4036 2176 4074 v.
2217 4021 2314 4090 ὃ).
2354 4023 2535 4093 Itaque
2579 4041 2700 4080 cum
2748 4027 2854 4083 illis
2883 4027 2902 4098 (
2933 4044 3104 4099 neque
3146 4031 3288 4085 enim
3335 4045 3557 4100 magnus
3582 4041 3698 4085 erat

2123 4112 2343 4168 morbus
2369 4115 2568 4170 dissidii
2593 4126 2647 4172 et
2665 4119 3018 4191 arrogantize)
3043 4121 3119 4175 sic
3137 4121 3390 4177 disseruit
3417 4139 3429 4175 :
3457 4121 3544 4177 hic
3569 4137 3697 4178 vero

2119 4215 2241 4256 cum
2271 4205 2438 4259 multo
2467 4207 2682 4273 studio;
2716 4224 2837 4263 nam
2872 4211 3090 4266 m0rbus
3116 4211 3272 4267 valde
3314 4213 3691 4267 invalescebat.

2121 4294 2192 4348 At
2213 4309 2317 4348 non
2339 4296 2438 4350 hoc
2466 4305 2669 4353 tantum
2693 4299 2812 4356 illos
2842 4301 3213 4370 couturbabat,
3245 4303 3340 4357 sed
3364 4303 3510 4357 multi
3539 4311 3689 4356 erant

2121 4383 2241 4440 istic
2281 4385 2578 4443 divinantes
2601 4429 2616 4454 ,
2646 4389 2787 4460 quod
2813 4391 2942 4445 urbs
2986 4393 3071 4446 illa
3103 4391 3415 4448 Graecorum
3444 4393 3682 4448 moribus

2119 4474 2328 4531 addicta
2353 4488 2513 4542 esset,
2544 4490 2598 4535 et
2625 4495 2745 4534 cum
2769 4481 2888 4538 aliis
2917 4483 3017 4538 hoc
3043 4499 3257 4554 quoque
3285 4485 3403 4538 illos
3433 4484 3687 4555 supplan-

2121 4569 2265 4624 tabat
2292 4579 2341 4624 et
2374 4571 2636 4626 turbabat.
2679 4573 3011 4645 Quapropter
3038 4575 3248 4631 orditur
3286 4583 3526 4630 statuens
3564 4575 3691 4644 quid

2119 4661 2402 4716 interesset
2426 4662 2749 4721 discriminis
2778 4666 3156 4722 divinationem
3189 4667 3330 4722 inter
3364 4675 3420 4722 et
3449 4667 3688 4736 prophe-

2119 4756 2267 4808 tiam.
2311 4755 2595 4825 Propterca
2624 4758 2785 4813 etiam
2823 4759 3175 4814 discretiones
3217 4759 3498 4829 spirituum
3533 4771 3690 4811 acce-

2119 4855 2344 4914 perunt,
2377 4857 2435 4900 ut
2461 4847 2829 4903 discernerent
2867 4856 2922 4903 et
2966 4849 3201 4914 scirent,
3237 4849 3355 4917 quis
3381 4848 3692 4916 loqueretur

2119 4952 2215 5006 per
2243 4937 2497 4994 mundum
2541 4939 2782 5010 spiritum
2813 4984 2829 5008 ,
2876 4942 2994 5010 quis
3022 4957 3116 5011 per
3166 4939 3515 4996 immundum.
3558 4939 3690 5006 Quia

2118 5031 2260 5084 enim
2290 5048 2354 5086 ex
2385 5033 2498 5102 ipsa
2541 5049 2601 5089 re
2642 5049 2746 5088 non
2779 5043 2986 5104 poterat
3015 5033 3277 5088 dictorum
3303 5033 3693 5089 demonstratio

2117 5124 2342 5192 praaberi
2373 5125 2390 5195 (
2418 5124 2692 5196 prophetia
2721 5128 2862 5181 enim
2913 5141 3017 5181 non
3049 5128 3104 5181 in
3145 5135 3389 5197 tempore
3430 5142 3539 5197 quo
3564 5142 3690 5196 pro-

2119 5213 2320 5277 fertur,
2371 5216 2464 5270 sed
2512 5215 2567 5271 in
2615 5225 2854 5286 tempore
2897 5227 3120 5272 eventus
3167 5218 3524 5286 pronuntiata:
3570 5217 3691 5282 rei,

2117 5304 2358 5358 veritatis
2403 5319 2513 5360 suae
2561 5318 2930 5377 argumentum
2985 5309 3268 5378 pra-bet);
3316 5324 3489 5380 neque
3535 5308 3693 5363 facile

2117 5403 2232 5448 erat
2273 5395 2414 5450 illam
2460 5398 2827 5456 internoscere
2851 5441 2866 5467 ,
2907 5401 3192 5472 dicereque
3227 5402 3346 5472 quis
3389 5400 3648 5470 prophela
3674 5441 3693 5466 ο

2117 5484 2237 5552 quis
2275 5486 2499 5543 mendax
2539 5501 2682 5546 esset
2726 5491 2965 5565 (etenim
3012 5508 3133 5547 cum
3183 5495 3443 5547 scelestus
3490 5501 3545 5546 et
3589 5492 3693 5545 im-

2119 5576 2345 5632 mundus
2374 5579 2440 5633 sit
2467 5580 2747 5654 diabolus,
2797 5587 2850 5642 In
2890 5581 3176 5656 prophetas
3219 5598 3337 5638 sese
3382 5581 3653 5652 injicicbat
3678 5622 3696 5649 ,

2119 5670 2278 5728 falsos
2336 5674 2595 5734 inducens
2638 5676 2972 5760 prophetas,
3023 5689 3082 5760 ρ]
3121 5678 3213 5750 qui
3266 5689 3319 5733 et.
3369 5676 3470 5748 ipsi
3519 5674 3696 5730 futura
