4108 6218
427 316 528 374 239

422 435 672 506 νόσημα;
706 424 840 486 Εἶτα
873 430 1012 503 μετά
1064 429 1163 499 τὴν
1207 426 1496 498 ἐπίπληξιν
1554 424 1650 479 καὶ
1694 418 2004 493 συμϐουλὴν

421 528 635 595 εἰσάγει
663 523 828 579 πάλιν
860 521 1137 594 ἀρκοῦσαν
1167 519 1337 589 αὐτὴν
1372 512 1876 590 παραμυθήσασθαι
1911 511 2008 564 καί

421 620 560 674 πολὺ
626 618 687 672 τὸ
741 614 963 683 εὔλογον
1018 613 1267 685 ἔχουσαν,
1326 611 1500 679 λέγων
1521 625 1537 640 ⁸
1594 609 1664 662 Εἰ
1716 605 1789 660 τὰ
1818 603 2008 675 ἀγαθὰ

421 708 752 779 ἐδεξάμεθα
798 705 959 774 παρὰ
995 705 1238 772 Κυρίου,
1287 703 1360 756 τὰ
1402 700 1560 756 κακὰ
1611 700 1725 767 οὐχ
1757 697 2009 751 {momo—

422 818 576 872 yer;
619 797 1022 869 ’Δναμνήσθητι
1051 797 1182 866 γάρ,
1218 794 1374 864 φησὶ,
1403 791 1515 845 τῶν
1546 789 1828 862 προτέρων
1862 784 2008 839 ἐκεί-

423 910 554 956 νων,
602 891 698 945 καὶ
729 889 948 958 λογίζου
992 888 1084 941 τὸν
1130 887 1322 950 αἴτιον,
1357 885 1454 938 καὶ
1499 884 1668 945 οῐσεις
1704 880 1800 934 καὶ⁵
1835 877 2010 931 ταῦτα

425 983 711 1052 γενναίως.
754 976 910 1042 Εἶδες
966 975 1435 1050 μετριοφροσύνην
1466 971 1694 1042 ἀνδρός;
1742 968 1877 1022 Οὐδὲ
1906 967 2012 1035 γὰρ

424 1079 493 1146 τῇ
525 1074 744 1146 ἀνδρείᾳ
771 1071 938 1127 αὑτοῦ
977 1068 1257 1138 λογίζεται
1287 1068 1386 1138 τὴν
1419 1063 1718 1135 ὑπομονὴν,
1748 1060 1883 1116 ἀλλά
1914 1057 2013 1129 τῆς

427 1164 536 1218 τῶν
563 1162 907 1234 πραγμάτων
931 1153 1255 1222 ἀκολουθίας
1277 1156 1447 1226 αὐτὴν
1469 1149 1609 1207 εἷναί
1630 1168 1815 1223 φησιν.
1864 1146 2013 1201 Ἀντὶ

428 1257 591 1311 τίνων
618 1255 727 1325 γάρ
755 1256 936 1307 ἐκείνα
981 1252 1117 1324 ἡμῖν
1150 1250 1350 1304 ἔδωκεν
1382 1250 1410 1302 ὁ
1447 1245 1610 1310 Θεός;
1645 1242 1805 1296 ποίαν
1835 1241 2014 1293 ἐκτιν-

432 1350 529 1412 vi);
554 1347 827 1419 ἀμοιϐήν;
859 1345 1165 1415 υύὂεμίαν·
1195 1341 1310 1397 ἀλλ’
1340 1340 1400 1405 ἐξ
1429 1337 1768 1408 ἀγαθὸτητος
1807 1333 1976 1404 μόνης
1995 1350 2008 1362 ·

431 1441 611 1512 δωρεά
636 1441 746 1511 γάρ
767 1434 859 1512 ἦν,
879 1438 982 1491 οὐκ
1007 1434 1234 1508 ἀμοιϐὴ,
1265 1434 1361 1487 καὶ
1381 1431 1562 1502 χάρις,
1593 1429 1696 1481 οὐκ
1719 1424 2010 1486 ἀντίδοσις.

433 1532 646 1588 Οὐκοῦν
695 1531 791 1585 καὶ
838 1527 1012 1583 ταῦτα
1045 1527 1303 1598 φέρωμεν
1349 1522 1630 1594 γενναίως.
1669 1516 1871 1572 Τοῦτον
1920 1513 2016 1567 καὶ

431 1627 624 1698 ἀνδρες
651 1626 747 1678 καὶ
775 1625 1036 1693 γυναῖκες
1062 1620 1154 1674 τὸν
1183 1618 1344 1688 λόγον
1399 1615 1746 1684 ἀνάγραπτον
1778 1609 2015 1679 ἔχωμεν,

434 1696 543 1772 καί
563 1718 629 1771 τά
660 1719 882 1787 ῥήματα
921 1711 1095 1767 ταῦτα
1124 1706 1519 1779 ἐγκολάψωμεν
1549 1706 1618 1774 τῇ
1657 1699 1887 1770 διανοίᾳ,
1919 1696 2015 1750 καὶ

434 1807 612 1862 ταῦτα
646 1808 743 1862 καὶ
768 1805 840 1860 τά
885 1804 992 1874 πρὸ
1033 1801 1238 1857 τούτων
1259 1815 1274 1830 ·
1324 1798 1419 1853 καὶ
1447 1795 1546 1866 τὴν
1578 1792 1820 1864 ἱστορίαν
1849 1786 2013 1843 αὐτοῦ

1390 310 1460 366 ΙΝ
1498 308 1719 365 EPIST.
1762 307 1780 362 Ι
1825 305 1918 360 AD
1952 303 2112 361 (ΞΟΠ.
2140 302 2377 362 HOMIL;
2419 304 2612 360 XXIX.

3581 300 3688 358 240

2107 413 2216 476 των
2264 420 2640 491 παθημάτων·
2690 417 2944 489 καθάπερ
2975 415 3160 470 εἰκόνα
3192 414 3286 468 ἐπὶ
3327 412 3425 484 τῆς
3452 412 3689 474 διανοίας

2110 510 2549 579 ὑπογράψαντες,
2580 507 2679 578 τὴν
2707 507 2910 577 ζημίαν
2940 505 3083 573 λέγω
3111 506 3222 558 τῶν
3248 503 3566 574 χρημάτων,
3592 501 3692 570 τὴν

2108 595 2400 664 ἀφαίρεσιν
2430 594 2537 649 τῶν
2567 594 2799 659 παίδων,
2822 593 2922 664 τὴν
2954 593 3171 664 πληγὴν
3200 591 3296 645 τοῦ
3328 589 3597 660 σώματος,
3624 588 3693 640 τά

2109 686 2287 757 ὀνείδη
2307 725 2321 748 ,
2353 687 2450 748 τὰς
2499 686 2819 756 χλευασίας,
2850 685 2950 748 τάς
2990 684 3093 754 τῆς
3125 681 3382 752 γυναικὸς
3425 679 3690 751 μηχανάς,

2109 778 2207 850 τὴν
2259 779 2353 831 τοῦ
2407 777 2654 830 διαϐόλου
2712 775 3026 846 ἐπιϐουλὴν,
3085 774 3263 828 πάντα
3316 771 3504 833 ἀπλῶς
3556 769 3695 838 μετὰ

2112 871 2401 942 ἀκριϐείας
2438 870 2506 923 τά
2533 870 2686 939 πάθη
2712 867 2807 922 τοῦ
2845 867 3080 933 δικαίου,
3124 865 3318 934 λιμένα
3347 862 3692 916 κατασκευά-

2116 982 2299 1036 σωμεν
2352 963 2606 1034 μέγιστον
2638 965 2772 1032 ἡμῖν
2792 978 2806 991 ⁸
2852 961 2939 1014 ἵνα
2975 960 3152 1013 πάντα
3182 956 3446 1027 γενναίως
3491 957 3585 1009 καὶ
3608 955 3698 1007 εὑ-

2115 1055 2388 1127 χαρίστως
2419 1055 2697 1125 φέροντες,
2735 1055 2830 1106 καὶ
2876 1055 2934 1106 ἐν
2975 1051 3053 1122 τῷ
3097 1050 3324 1120 παρόντι
3365 1047 3464 1118 βίῳ
3513 1047 3696 1100 πᾶσαν

2115 1146 2587 1218 ἀποκρουσώμεθα
2608 1145 2866 1216 ἀθυμίαν,
2889 1144 2983 1198 καὶ
3004 1142 3129 1205 τοὺς
3150 1141 3278 1211 περ)⁵
3301 1140 3396 1209 τῆς
3421 1137 3696 1208 εὐφημίας

2114 1241 2320 1312 ταύτης
2336 1238 2700 1309 ἀπολάϐωμεν
2726 1236 2972 1308 μισθοὺς,
2998 1234 3180 1304 χάριτι
3201 1232 3296 1285 καὶ
3317 1228 3697 1300 φιλανθρωπίᾳ

2106 1331 2211 1409 ,τοῦ
2244 1330 2450 1401 Κυρίου
2483 1329 2640 1399 ἡμῶν
2678 1327 2854 1398 Ἰησοῦ
2887 1323 3146 1396 Χριστοῦ,
3181 1322 3298 1394 μεθ’
3332 1317 3392 1376 οῦ
3418 1321 3496 1392 τῷ
3522 1320 3698 1391 Πατρὶ

2117 1426 2235 1497 ἀμα
2267 1423 2346 1496 τῷ
2372 1423 2513 1494 ἀγίῳ
2539 1421 2819 1491 Πνεύματι
2855 1419 3004 1486 δόξα,
3044 1417 3268 1488 κράτος,
3299 1413 3456 1484 τιμὴ,
3479 1417 3573 1467 νῦν
3602 1411 3698 1466 καὶ

2117 1519 2226 1583 ἀεὶ,
2257 1518 2351 1571 καὶ
2375 1518 2454 1579 εἰς
2478 1516 2605 1577 τοὺς
2631 1513 2833 1576 αἰῶνας
2857 1511 2964 1566 τῶν
2985 1509 3214 1566 αἰώνων.
3257 1508 3450 1579 ’Δμήν.

2186 1793 2212 1821 ⁸
2235 1788 2499 1852 Legebamr
2524 1785 2763 1849 μαθητῶν,
2788 1781 3012 1835 νὶάίαιίε.

1122 1938 2266 1969 ________..___.__—————~

1929 2016 2177 2074 OMIAIA
2216 2012 2351 2070 KO'.

440 2162 581 2233 Περί
605 2159 727 2233 γδὲᾼ
750 2157 867 2212 τῶν
881 2148 1356 2233 *πνενματικίίω
1392 2142 1685 2233 ’ρδιςξφθῂ
1726 2142 1799 2233 εὐ
1865 2138 2016 2233 θείω

509 2208 1206 2302 ἶμᾶξῖάπλῖοεῒνκοῑδαεε
1239 2208 1358 2302 ,ὁτέη
1395 2218 1494 2302 ὅτε
1523 2208 1668 2302 ἔθνη
1714 2208 1841 2296 ἦτε,
1867 2208 2019 2302 iipr

508 2279 835 2357 ὲὲῖὲῖδω
855 2279 928 2350 τὰ
950 2294 1182 2364 ἄφωνα,
1221 2289 1302 2357 ὠς
1329 2287 1405 2342 ἂν
1429 2279 1675 2355 ἤγεσθε,
1715 2279 2016 2350 ἀπαγόμε-

509 2389 625 2428 νοι.

514 2577 584 2624 α’.
611 2567 781 2622 Τοῦτο
797 2565 942 2620 ἀπαν
959 2563 1020 2616 τὸ
1035 2558 1234 2632 χωρίον
1258 2555 1464 2627 σφόδρα
1484 2551 1631 2607 ἐστὶν
1656 2547 1864 2618 ἀσαφές
1884 2562 1898 2576 ·
1922 2545 2025 2615 τὴν

443 2665 498 2718 δὲ
528 2661 794 2730 ἀσάφειαν
825 2659 860 2727 η
891 2654 1002 2708 τῶν
1033 2648 1376 2724 πραγμάτων
1405 2643 1599 2714 άγνοιά
1631 2657 1692 2693 τε
1723 2639 1819 2692 καὶ
1851 2635 2024 2689 ἐλλει-

440 2761 536 2832 ψις
571 2753 713 2806 ποιεῖ
741 2749 852 2804 τῶν
894 2748 1018 2801 τότε
1048 2742 1148 2816 μὲν
1178 2737 1612 2812 συμϐαινόντων,
1641 2732 1736 2786 νῦν
1755 2731 1813 2784 δε
1847 2729 1907 2782 οὺ
1940 2744 2026 2796 γι-

446 2819 705 2918 νομένων.
731 2841 843 2896 Kal
870 2839 1013 2902 τίνος
1033 2837 1221 2891 ἕνεκεν
1255 2833 1317 2887 οὐ
1347 2830 1560 2902 γίνεται
1586 2826 1716 2892 νῦν;
1759 2821 1894 2876 Ἰδοὺ
1917 2819 2025 2892 γὰρ

440 2913 539 2993 καὶ
573 2939 606 3009 ἡ
639 2936 788 2990 αἰτία
822 2932 985 2987 πάλιν
1012 2930 1112 3000 τῆς
1144 2924 1414 2994 ἀσαφείας
1441 2921 1630 2991 ἕτερον
1651 2917 1786 2988 ἡμῖν
1807 2913 2030 2983 ζήτημα

444 3004 623 3088 ἔτεκε.
655 3029 720 3080 Τί
758 3025 959 3097 δήποτε
992 3021 1102 3092 γάρ
1133 3019 1257 3072 τότε
1290 3015 1388 3088 μὲν
1421 3013 1654 3082 ἐγίνετο,
1681 3007 1775 3064 νῦν
1809 3006 1867 3060 δέ
1899 3004 2028 3057 οὑκ-

447 3125 559 3188 έτις
603 3118 763 3174 Ἀλλά
810 3096 969 3169 τοῦτο
1029 3112 1128 3183 μὲν
1178 3111 1258 3172 είς
1313 3102 1470 3169 αὖθις
1516 3096 1946 3168 ἀναϐαλλώμεθα
1976 3107 2026 3159 ι,

444 3186 585 3276 τέως
614 3211 673 3265 δὲ
700 3209 770 3262 τά
805 3203 1175 3278 συμϐαίνοντα
1205 3201 1328 3252 τότε
1375 3197 1647 3266 λέγωμεν.
1693 3192 1758 3244 Τί
1789 3186 1882 3243 οῦν
1907 3187 2028 3242 τότε

450 3301 792 3365 συνέϐαινεν;
850 3296 919 3350 Εἴ
966 3313 1052 3359 τις
1097 3291 1452 3354 ἐϐαπτίσατο,
1508 3286 1785 3357 γλώσσαις
1827 3279 2029 3342 εὐθέως

452 3397 652 3459 ἐλάλει,
692 3391 787 3446 καὶ
839 3388 900 3442 οὐ
954 3385 1229 3456 γλώσσαις
1270 3382 1454 3454 μόνον,
1505 3377 1644 3433 ἀλλά
1695 3373 1882 3429 πολλοὶ
1936 3370 2031 3423 καὶ

451 3488 847 3564 προεφήτευον,
883 3479 1034 3553 [258]
1068 3477 1214 3540 τινὲς
1240 3475 1298 3529 δέ
1337 3474 1433 3528 καὶ
1459 3470 1654 3537 ἐτέρας
1685 3466 1902 3529 πλείους
1937 3463 2030 3516 δυ-

449 3555 663 3651 νάμεις⁷
681 3572 1082 3628 ἐπεδείκνυντο.
1134 3565 1356 3637 Ἐπειδὴ
1380 3564 1489 3635 γὰρ
1514 3562 1622 3617 ἀπὸ
1659 3557 1769 3612 τῶν
1799 3555 2033 3609 εἰδώλων

452 3648 793 3743 προσιόντες,
828 3663 982 3718 οὐδὲν
1017 3660 1218 3725 εἰδότες
1247 3657 1456 3728 σαφῶς,
1479 3654 1600 3709 οὐδὲ
1629 3655 1750 3715 ταῖς
1774 3648 2035 3710 παλαιαῖς

455 3739 819 3835 ἐντραφέντες
853 3755 1076 3828 βίϐλοις,
1133 3749 1525 3824 βαπτισθέντες
1566 3745 1768 3807 εὐθέως
1812 3739 2036 3810 Πνεῦμα

456 3831 786 3923 ἐλάμϐανον,
816 3849 879 3902 τὸ
904 3847 960 3900 δὲ
992 3844 1217 3914 Πνεῦμα
1241 3842 1341 3912 οὐχ
1370 3839 1557 3910 ἐώρων
1579 3854 1592 3868 ·
1649 3835 1882 3906 ἀόρατον
1928 3831 2038 3903 γάρ

459 3950 640 4004 ἐστιν’
679 3940 940 4012 αἴσθητόν
967 3954 1090 3992 τινα
1140 3935 1362 4004 ἔλεγχον
1407 3931 1579 3985 ἐδίδου
1608 3928 1710 3998 τῆς
1757 3923 2040 3997 ἐνεργείας

466 4037 680 4104 ἐκείνης
705 4036 741 4104 ὴ
765 4034 921 4104 χάρις
941 4048 955 4062 ο
986 4029 1083 4083 καὶ
1111 4029 1140 4081 ό
1168 4027 1265 4098 μὲν
1289 4028 1353 4096 τῇ
1389 4021 1637 4095 Περσῶν,
1667 4020 1696 4072 ὁ
1722 4019 1779 4073 δέ
1810 4021 1877 4089 τῇ
1910 4017 2042 4070 Ῥω-

472 4125 673 4199 μαίων,
695 4125 722 4176 ὁ
749 4122 802 4174 δὲ
828 4124 896 4191 τῇ
931 4117 1129 4181 Ἰνδῶν,
1165 4117 1193 4168 ὁ
1233 4114 1289 4166 δέ
1332 4111 1495 4182 ἑτέρα
1543 4108 1650 4162 1le
1687 4105 1912 4176 τοιαύτῃ
1953 4104 2044 4156 εὐ-

470 4193 608 4277 θέως
650 4210 945 4280 ἐφθέγγετο
993 4203 1236 4276 γλώσσῃ·
1278 4204 1373 4256 καὶ
1425 4198 1587 4252 τοῦτο
1634 4194 1902 4266 ἐφανέρου
1930 4193 2044 4255 τοῖς

467 4306 688 4375 ἔξωθεν,
731 4307 813 4358 ὅτι
861 4299 1087 4371 Πνεῦμά
1123 4299 1269 4350 ἐστιν
1297 4296 1354 4347 ἐν
1386 4291 1534 4362 αὐτῷ
1559 4288 1634 4360 τῷ
1664 4285 2041 4358 φθεγγομένῳ.

466 4399 560 4452 Διὸ
584 4396 679 4449 καὶ
704 4392 878 4456 οὔτως
904 4392 1036 4447 αὐτὸ
1063 4389 1219 4442 καλεῖ
1246 4386 1439 4455 λέγων’
1478 4379 1752 4447 Ἐκάστῳ
1774 4379 1842 4432 δὲ
1868 4380 1907 4446 ὴ
1934 4393 2046 4446 φα-

466 4492 720 4560 νέρωσις
748 4484 854 4541 τοῦ
897 4483 1244 4552 Πνεύματος
1273 4478 1500 4532 δίδοται
1537 4474 1688 4543 πρὸς
1722 4471 1788 4526 τὸ
1812 4469 2047 4540 συμφέο

467 4599 576 4651 ρον
595 4597 612 4616 ο
637 4579 707 4634 τά
731 4577 1046 4649 χαρίσματα
1071 4573 1379 4642 φανέρωσιν
1399 4566 1714 4637 Πνεύματος
1743 4560 2044 4633 ὀνομάζων.

485 4672 704 4742 Ἐπειδὴ
729 4670 841 4740 γὰρ
870 4669 964 4723 καὶ
996 4668 1044 4720 οἱ
1070 4661 1356 4720 ἀπόστολοι
1385 4659 1542 4712 τοῦτο
1573 4657 1789 4728 πρῶτον
1825 4654 2048 4724 σημεῖον

473 4764 687 4830 ἔλαϐον,
717 4761 814 4814 καὶ
845 4760 897 4811 οἰ
928 4757 1108 4810 πιστοί
1144 4753 1304 4807 τοῦτο
1341 4749 1645 4818 ἐλάμϐανον
1664 4746 1724 4800 τὸ
1750 4745 1860 4799 τῶν
1880 4744 2048 4813 γλωσ-

477 4857 608 4921 σῶν,
661 4855 758 4908 καὶ
790 4851 913 4921 οὑχί
945 4848 1104 4903 τοῦτο
1139 4846 1319 4918 μόνον,
1372 4840 1506 4896 ἀλλά
1539 4841 1633 4892 καὶ
1662 4838 1828 4908 ἕτερα
1857 4835 2046 4890 πλείω.

475 4951 590 5004 Kal
639 4946 750 5017 γάρ
781 4944 876 4998 καὶ
919 4941 1147 5012 νεκροὺς
1205 4939 1427 5009 ἧγειρον
1483 4931 1688 4995 πολλοὶ,
1735 4929 1830 4981 καὶ
1867 4926 2058 4997 δαίμο-

480 5057 578 5103 νας
607 5039 860 5110 ἧλαυνον,
913 5034 1012 5087 καὶ
1040 5031 1175 5086 ἀλλα
1221 5028 1391 5083 πολλά
1415 5024 1642 5079 τοιαῦτα
1676 5018 2058 5090 ἐθαυματούρο

479 5108 640 5200 γουνοῗ
673 5128 765 5180 xal
787 5126 1102 5196 χαρίσματα
1129 5121 1185 5173 δὲ
1213 5115 1379 5190 εἶχον,
1408 5117 1456 5170 οἰ
1490 5116 1586 5186 μὲν
1613 5112 1890 5175 ἐλάττονα,
1923 5109 1972 5161 οἰ
2000 5108 2057 5160 δὲ

484 5221 676 5277 πλείω.
710 5219 878 5272 Πλέον
915 5216 974 5269 δὲ
1024 5214 1238 5269 πάντων
1284 5211 1346 5265 τὸ
1389 5210 1498 5264 τῶν
1529 5204 1790 5279 γλωσσῶν
1820 5200 1888 5275 ὴν
1925 5200 2058 5271 παρ’

483 5315 670 5376 αὐτοῖς
702 5310 972 5382 χάρισμα.

557 5460 671 5516 Kal
710 5457 868 5511 τοῦτο
922 5453 1096 5508 αἴτιον
1148 5450 1443 5522 σχίσματος
1506 5446 1685 5508 αὐτοῖς
1729 5445 1792 5512 ἐγ

555 5700 584 5731 ⁸
613 5699 736 5761 A111,
757 5697 1106 5759 ἀναϐαλόμεθα.

2120 2133 2272 2206 παρά
2293 2131 2388 2204 τὴν
2414 2129 2622 2186 οἰκείαν
2644 2127 2828 2198 φύσιν,
2851 2125 2987 2180 ἀλλά
3012 2123 3157 2196 παρά
3185 2122 3284 2193 τὴν
3309 2123 3702 2195 ἀγνωμοσύνην

2119 2225 2228 2280 τῶν
2261 2221 2584 2293 εἰληφότων.
2634 2219 2702 2274 Οί
2725 2235 2785 2270 τε
2833 2216 2943 2288 γὰρ
2982 2215 3050 2269 τά
3091 2217 3315 2286 μείζονα
3349 2214 3563 2284 ἔχοντες
3601 2217 3702 2270 ἐπα

2120 2318 2314 2389 ῄροντο
2347 2313 2486 2369 κατά
2520 2311 2628 2366 τῶν
2661 2311 2728 2364 τὰ
2754 2308 3015 2363 ἐλάττονα
3041 2306 3427 2377 κεκτημένωνο
3470 2298 3617 2361 οῦτοι
3656 2304 3702 2358 δ’

2124 2406 2190 2464 αὖ
2223 2408 2384 2462 πάλιν
2406 2407 2626 2477 ῆλγουν,
2672 2403 2766 2456 καὶ
2793 2403 2908 2464 τοῖς
2937 2400 3006 2454 τά
3036 2399 3256 2469 μείζονα
3298 2398 3512 2468 ἔχουσιν
3543 2398 3706 2468 ἐφθό-

2125 2517 2270 2555 νουν.
2313 2499 2428 2552 Καὶ
2451 2497 2611 2550 τοῦτο
2636 2491 2842 2566 προῖὼν
2865 2491 3143 2545 δείκνυσιν
3175 2490 3336 2552 αὐτὸς
3387 2492 3416 2542 ὁ
3471 2488 3703 2552 Παῦλος.

2138 2588 2294 2643 Ἐπεὶ
2320 2583 2414 2640 οὖν
2447 2582 2698 2638 ἐντεῦθεν
2726 2579 2947 2651 καιρίαν
2985 2577 3290 2648 ἐλάμϐανον
3315 2575 3548 2646 πληγὴν,
3593 2573 3708 2627 δια-

2124 2679 2394 2753 λυομένης
2432 2677 2618 2738 αὐτοῖς
2649 2674 2751 2744 τῆς
2795 2673 3040 2742 ἀγάπης,
3081 2667 3282 2738 πολλὴν
3317 2665 3549 2736 σπουδὴν
3586 2682 3708 2720 ποι-

2127 2778 2290 2838 εῖται,
2329 2770 2470 2823 ὥστε
2513 2767 2647 2822 αὐτὸ
2685 2764 3000 2835 διορθῶσαι.
3029 2759 3236 2830 Συνέϐη
3275 2758 3370 2829 μέν
3407 2757 3518 2828 γάρ
3550 2753 3712 2809 τοῦτο

2127 2865 2225 2920 καὶ
2257 2864 2314 2917 ἐν
2348 2863 2416 2932 τῇ
2449 2858 2663 2929 Ῥώμῃ,
2696 2855 2813 2910 ἀλλ’
2839 2856 2938 2924 οὐχ
2965 2853 3142 2906 οὕτωσ
3202 2851 3391 2920 διόπερ
3420 2849 3515 2903 καὶ
3549 2849 3606 2903 ἐν
3642 2849 3709 2919 τῇ

2129 2956 2266 3029 πρὸς
2294 2951 2602 3023 Ῥωμαίους
2637 2945 2926 3016 Ἐπιστολῇ
2959 2946 3100 2997 κινεῖ
3132 2943 3229 3014 μὲν
3259 2942 3412 3005 αὐτὸ,
3439 2955 3714 2994 συνεσκια·

2131 3047 2344 3118 σμένως
2378 3043 2433 3096 δέ
2477 3042 2572 3096 καὶ
2621 3041 2678 3092 ἐν
2721 3037 2936 3108 βραχεῖ,
2985 3035 3159 3104 λέγων
3201 3034 3380 3087 οὕτω·
3433 3031 3714 3100 Καθάπερ

2130 3140 2242 3210 γὰρ
2272 3137 2341 3190 ἐν
2385 3135 2476 3189 ἐνί
2536 3131 2765 3200 σώματι
2799 3126 2957 3198 μέλη
2991 3126 3194 3180 πολλὰ
3223 3125 3464 3194 ἔχομεν,
3521 3125 3593 3178 τὰ
3640 3123 3710 3177 δὲ

2126 3226 2284 3298 μέλη
2319 3224 2516 3278 πάντα
2573 3224 2644 3276 οὺ
2693 3219 2810 3287 τὴν
2851 3215 3048 3283 αὐτὴν
3083 3214 3209 3284 ἔχει
3241 3213 3494 3281 πρᾶξιν·
3525 3211 3716 3277 οὕτως

2133 3320 2186 3373 οί
2217 3315 2438 3372 πολλοὶ
2488 3315 2559 3368 ἐν
2604 3310 2778 3382 σῶμά
2823 3310 3013 3378 ἐσμεν
3045 3307 3106 3360 ὲν
3143 3304 3398 3373 Χριστῷ,
3427 3308 3460 3360 ὁ
3491 3304 3559 3358 δὲ
3583 3303 3715 3358 καθ’

2130 3407 2240 3478 εἷς,
2276 3408 2566 3475 ἀλλήλων
2589 3405 2768 3475 μέλη.
2790 3403 3081 3470 Ἔχοντες
3117 3396 3186 3451 δὲ
3210 3399 3548 3468 χαρίσματα
3567 3395 3718 3450 κατὰ

2132 3505 2248 3574 τὴν
2277 3502 2454 3574 χάριν
2478 3500 2595 3568 τὴν
2631 3495 2918 3551 δοθεῖσαν
2947 3491 3094 3562 ἡμῖν
3119 3490 3392 3560 διάφορα,
3427 3490 3549 3543 εἴτε
3583 3505 3722 3557 προδ

2134 3596 2406 3666 φητείαν,
2434 3590 2585 3646 κατὰ
2613 3589 2729 3655 τὴν
2751 3585 3089 3653 ἀναλογίαν
3133 3583 3245 3650 τῆς
3285 3584 3566 3647 πίστεως,
3598 3581 3724 3634 εἶτε

2135 3685 2463 3748 διακονίαν,
2487 3683 2556 3736 ἐν
2583 3680 2658 3748 τῇ
2686 3678 2980 3745 διακονίᾳ,
3005 3678 3127 3730 εἴτε
3149 3679 3180 3730 ὁ
3203 3674 3526 3740 διδάσκων,
3551 3671 3622 3726 ἐν
3647 3668 3723 3740 τῇ

2137 3776 2524 3844 διδασκαλίᾳ.
2541 3775 2664 3827 Ὅτι
2694 3772 2751 3824 δὲ
2779 3770 2873 3824 καὶ
2900 3772 3100 3822 ἐκείνοι
3131 3770 3210 3831 εἰς
3242 3767 3503 3820 ἀπόνοιαν
3536 3762 3723 3818 ἐντεῦ-

2140 3873 2232 3926 θεν
2257 3867 2572 3932 ἐνέπιπτον,
2604 3864 2909 3934 ἀρχόμενος
2958 3858 3180 3929 ᾐνίξατο
3217 3856 3396 3916 τοῦτο,
3429 3854 3602 3918 οὕτως
3647 3854 3726 3906 είς

2141 3963 2288 4018 πὼνο
2339 3958 2502 4029 Λέγω
2549 3955 2660 4026 γὰρ
2694 3951 2793 4006 διὰ
2850 3950 2960 4018 τῆς
3011 3949 3256 4018 χάριτος
3306 3947 3415 4014 τῆς
3443 3947 3726 4014 δοθείσης

2135 4072 2236 4125 μοι
2275 4050 2454 4106 παντί
2495 4047 2575 4113 τῷ
2614 4046 2738 4099 ὄντι
2767 4043 2837 4096 ἐν
2865 4040 3007 4110 ὑμῖν
3029 4039 3116 4110 μὴ
3146 4037 3550 4106 ὑπερφρονεῖν
3587 4037 3724 4105 παρ’

2143 4146 2175 4199 ὃ
2201 4141 2297 4198 δεῖ
2322 4137 2590 4211 φρονεῖν,
2635 4134 2798 4190 ἀλλὰ
2850 4131 3096 4202 φρονεῖν
3141 4131 3228 4196 εἰς
3270 4130 3334 4182 τὸ
3367 4125 3724 4197 σωφρονεῖν,

2144 4233 2379 4299 ἑκάστῳ
2399 4231 2480 4296 ὡς
2503 4231 2534 4282 ό
2560 4228 2704 4291 Θεὸς
2728 4223 2968 4293 ἐμέρισε
2990 4220 3210 4291 μέτρον
3231 4217 3509 4282 πίστεως.
3550 4215 3728 4270 Ἐκεί-

2145 4344 2258 4392 νοις
2291 4326 2392 4397 μὲν
2419 4319 2512 4376 οὖν
2554 4318 2695 4392 (οὐδὲ
2720 4318 2830 4388 γάρ
2866 4312 3005 4368 πολὺ
3048 4311 3111 4364 τδ
3143 4310 3357 4381 νόσημα
3383 4305 3450 4381 ὴν
3483 4309 3583 4378 τῆς
3612 4308 3730 4361 δια-

2152 4419 2396 4480 στάσεως
2444 4415 2538 4469 καὶ
2569 4411 2849 4479 ἀπονοίας)
2890 4407 3033 4462 οὕτω
3063 4405 3376 4458 διείλεκταν
3406 4400 3640 4456 ἐνταῦθα
3671 4399 3729 4453 δὲ

2153 4511 2291 4585 μετά
2317 4507 2520 4577 πολλῆς
2551 4507 2649 4576 τῆς
2686 4500 2956 4569 σπουδῆς·
2999 4499 3094 4551 καὶ
3120 4496 3230 4567 γὰρ
3264 4494 3470 4566 σφοδρὰ
3502 4492 3596 4546 τοῦ
3621 4492 3756 4546 πά-’

2153 4583 2277 4667 θους
2306 4597 2374 4673 ἦν
2398 4602 2432 4670 ἡ
2463 4598 2622 4669 νομή.
2656 4595 2766 4649 Kal
2791 4589 3090 4646 οὐδὲτοῦτο
3124 4588 3282 4659 μόνον
3314 4586 3514 4649 αὐτοὺς
3549 4583 3732 4655 ἐθορύ-

2157 4695 2264 4762 ϐει,
2295 4692 2432 4748 ἀλλά
2460 4691 2556 4744 καὶ
2606 4687 2829 4760 μάντεις
2856 4680 2997 4755 ἦσαν
3027 4680 3216 4736 αὐτόθι
3247 4678 3451 4743 πολλοὶ,
3487 4677 3580 4730 ἀτε
3615 4676 3734 4730 Ἐλ-

2156 4784 2517 4859 ληνικώτερον
2542 4782 2640 4850 τῆς
2677 4779 2887 4840 πόλεως
2915 4774 3290 4844 διακειμένης,
3322 4771 3418 4823 καὶ
3455 4768 3594 4839 μετά
3624 4769 3732 4822 τῶν

2153 4879 2327 4934 ἄλλων
2377 4875 2473 4929 καὶ
2513 4873 2670 4927 τοῦτο
2700 4870 2899 4932 αὐτοὺς
2935 4864 3257 4928 ὑπεσκέλιζε
3313 4861 3410 4916 καὶ
3447 4861 3730 4932 ἐτάραττε.

2163 4969 2254 5022 Διὸ
2305 4967 2401 5022 καὶ
2453 4965 2776 5036 ἀρχόμενος,
2808 4959 3022 5030 πρῶτον
3050 4955 3112 5009 τὺ
3143 4955 3312 5025 μέσον
3349 4951 3608 5023 μαντείας
3641 4949 3737 5003 καὶ

2157 5060 2490 5135 προφητείας
2530 5056 2733 5124 τίθησι.
2779 5051 2881 5105 Διά
2908 5049 3067 5104 τοῦτο
3094 5047 3191 5103 καὶ
3218 5045 3516 5116 διακρίσεις
3544 5041 3736 5097 ἔλαϐον

2158 5152 2508 5222 πνευμάτων,
2543 5147 2683 5201 ὥστε
2717 5141 3016 5213 διακρίνειν
3057 5140 3151 5194 καὶ
3186 5139 3407 5203 εἰδέναι,
3456 5137 3541 5201 τίς
3573 5136 3670 5206 μὲν
3707 5135 3738 5188 ό

2166 5242 2318 5318 [259]
2348 5239 2619 5310 πνεύματι
2653 5234 3027 5306 φθεγγόμενος
3048 5230 3295 5302 καθαρῷ,
3334 5229 3418 5292 τίς
3460 5228 3517 5281 δέ
3546 5229 3574 5279 ό
3597 5228 3736 5280 ἀκα-

2165 5315 2369 5402 θάρτῳ.
2412 5325 2632 5396 Ἐπειδὴ
2656 5324 2766 5394 γάρ
2791 5321 3017 5377 αὐτόθεν
3045 5320 3147 5372 οὐκ
3187 5315 3255 5389 ἦν
3295 5317 3597 5387 παρασχεῖν
3629 5315 3738 5369 τῶν

1796 5441 1964 5506 ένετο,
1995 5438 2055 5492 οὐ
2167 5419 2475 5506 λεγομένων
2518 5416 2614 5486 τὴν
2638 5412 2912 5479 ἀπόδειξιν
2937 5409 3270 5482 (προφητεία
3298 5408 3406 5478 γὰρ
3435 5407 3534 5460 οὐκ
3557 5408 3615 5460 ἐν
3659 5407 3740 5478 τῷ

2174 5512 2370 5585 καιρῷ,
2401 5505 2446 5578 ᾧ
2476 5509 2715 5576 λέγεται,
2756 5504 2874 5557 ἀλλ’
2915 5504 2972 5556 ἐν
3022 5501 3101 5571 τῷ
3130 5499 3308 5571 καιρῷ
3334 5500 3432 5570 τῆς
3461 5499 3740 5564 ἐκϐάσεως

2173 5605 2470 5678 παρέχεται
2523 5600 2622 5669 τῆς
2665 5594 2871 5659 οἰκείας
2910 5592 3168 5664 ἀληθείας
3215 5591 3306 5645 τὸν
3352 5592 3614 5663 ἐλεγχον)·
3647 5592 3741 5646 καὶ

2173 5698 2273 5752 οὐκ
2302 5691 2368 5766 ἦν
2390 5690 2608 5746 εὔκολον
2642 5687 2812 5760 αὐτὴν
2839 5683 3156 5754 διαγνῶναι,
3186 5684 3277 5739 καὶ
3315 5684 3396 5749 τίς
3442 5685 3540 5757 μὲν
3568 5686 3594 5738 ὁ
3617 5701 3740 5754 προ-
