4108 6218
439 289 540 346 2M

435 403 709 478 φητεύων,
741 404 823 468 τίς
860 403 915 457 δέ
938 405 969 457 6
994 402 1320 473 ψευδόμενος
1353 401 1470 472 (καὶ
1507 401 1616 472 γάρ
1635 401 1843 474 μιαρδς
1871 402 1946 456 ὢν
1973 403 2001 455 6

429 489 679 552 διάϐολος
721 486 962 557 ἐπεισῄει
1002 487 1115 547 τοῖς
1161 483 1587 552 προφητεύουσι,
1622 484 2003 556 ψευδοπροφή-

1151 289 1208 344 S.
1245 286 1536 342 'JOANNIS
1564 283 2058 342 CHRYSOSTOMI
2097 285 2412 345 ARCHIEP.
2455 289 3010 348 CONSTANTINOP.

3562 290 3671 348 252

2109 403 2328 458 πλείονα
2377 407 2596 477 εἰπεῖν),
2631 407 2916 478 ἀμφότερα
2954 406 3125 459 ταῦτα
3155 403 3285 476 ἡμῖν
3313 405 3665 470 ἐνδείκνυται,

2113 487 2204 539 καὶ
2237 489 2336 559 τὴν
2379 489 2623 560 ἀνάγκην
2715 491 3066 560 κατεχόμενοι
3098 488 3438 542 δουλεύουσιν
3467 492 3517 542 οἱ
3553 490 3669 544 δαί-

433 591 534 636 τας
555 573 792 639 εἰσάγων
821 569 901 632 ὡς
927 567 1085 636 δῆθεν
1107 564 1178 618 τὰ
1207 566 1472 636 μέλλοντα
1499 567 1864 637 προλέγοντας
1911 571 2006 622 καὶ
2107 585 2284 637 μονες,
2320 571 2414 624 καὶ
2443 572 2541 642 τὴν
2565 573 2686 642 βίαν
2707 573 2774 643 ἢν
2800 574 3158 642 ὑπομένοντες
3186 574 3235 624 οἰ
3266 571 3522 636 καθάπαξ
3547 573 3670 624 ἐαυο

433 656 673 722 αύτούς)·
703 651 823 707 εἷτα
854 650 1040 720 ἐπειδὴ
1067 649 1205 713 τέως
1235 649 1502 705 ἀνεύθυνα
1529 647 1597 720 ἦν
1618 651 1685 705 τά
1713 651 2000 722 λεγόμενα,

433 738 586 792 οὔπω
609 736 717 789 τῶν
743 733 1080 804 πραγμάτων
1099 733 1374 786 ἐκϐάντων
1399 734 1526 805 περὶ
1556 729 1631 787 ὧν
1655 734 1998 805 προελέγετο,

434 820 529 872 καὶ
551 816 748 887 ῥᾳδίως
780 813 1150 886 παρεκρούετο
1170 815 1279 886 (τὸν
1302 816 1409 885 γὰρ
1437 814 1765 886 ψευδόμενον
1795 818 1890 870 καὶ
1912 816 2003 870 τὸν

432 897 762 968 ἀληθεύοντα
793 897 854 949 τὸ
876 897 1027 961 τέλος
1058 899 1345 968 ἤλεγχενγ
1380 899 1466 953 ἵνα
1491 898 1556 970 δὴ
1597 899 1732 969 μηδέ
1771 899 1878 968 πρὸ
1904 897 1998 951 τοῦ

429 981 616 1042 τέλους
644 978 966 1032 ἀπατῶνται
998 982 1047 1032 οί
1084 978 1371 1050 ἀκροαταὶ,
1417 981 1639 1034 δίδωσιν
1666 981 1850 1043 αὐτοῖς
1903 997 2001 1051 ση-

433 1065 604 1134 μεῖον,
636 1062 663 1115 ὃ
684 1064 777 1117 καὶ
799 1063 904 1132 πρὸ
933 1064 1030 1134 τῆς
1060 1061 1338 1127 ἐκϐάσεως
1370 1064 1578 1116 ἐδείκνυ
1612 1063 1798 1118 τοῦτον
1820 1065 2003 1118 κάκεῖ·

430 1163 538 1200 νον·
574 1146 669 1199 καὶ
693 1145 939 1198 ἐντεῦθεν
969 1145 1147 1198 λαϐὼν
1168 1144 1491 1199 ἀκολουθίαν
1512 1146 1606 1198 καὶ
1626 1146 1821 1216 ἀρχὴν,
1856 1144 2001 1198 οὕτω

430 1230 526 1283 καὶ
555 1232 634 1294 εἰς
673 1231 764 1282 τὸν
815 1230 942 1299 περὶ
972 1229 1080 1282 τῶν
1128 1230 1482 1301 χαρισμάτων
1525 1229 1767 1283 ἐκϐαίνει
1818 1229 1999 1297 λόγον,

432 1314 526 1368 καὶ
573 1313 671 1383 τὴν
719 1313 1049 1381 φιλονεικίαν
1093 1312 1401 1382 διορθοῦται
1445 1313 1544 1383 τὴν
1596 1313 1691 1367 καὶ
1747 1312 2000 1366 ἐντεῦθεν

430 1397 740 1467 γινομένην.
769 1395 916 1458 Τέως
947 1395 1132 1465 μέντοι
1151 1394 1244 1448 τοῦ
1272 1396 1399 1466 περὶ
1427 1397 1536 1450 τῶν
1568 1396 1814 1466 μάντεων
1840 1397 2001 1467 ἀρχε-

432 1497 520 1534 ται
547 1480 707 1547 λόγου
760 1477 902 1531 οὕτω
933 1479 1131 1547 λέγων’
1167 1479 1308 1546 Περί
1340 1478 1408 1532 δὲ
1439 1477 1552 1533 τῶν
1581 1479 2002 1549 πνευματικῶν

429 1563 504 1618 οὐ
547 1562 699 1617 θέλω
735 1559 890 1628 ὑμᾶς
918 1561 1178 1630 ἀγνοεῖν,
1229 1562 1501 1630 ἀδελφοί·
1553 1562 1902 1633 πνευματικά
1931 1562 2000 1616 τά

432 1645 635 1714 σημεῖα
667 1641 869 1707 καλῶν,
896 1644 976 1695 ὅτι
1021 1643 1193 1697 ταῦτα
1237 1644 1375 1714 ἔργα
1416 1637 1510 1697 τοῦ
1545 1644 1864 1716 Πνεύματος
1901 1645 1998 1714 μό-

428 1741 546 1790 νου,
596 1717 746 1778 ούδέν
790 1725 1137 1795 ἀνθρωπίνης
1174 1727 1604 1797 ἐπεισφερούσης
1654 1725 1890 1796 σπουδῆς
1923 1728 2001 1790 εἰς

427 1807 490 1860 τὸ
519 1806 588 1860 τά
612 1808 836 1860 τοιαῦτα
866 1807 1323 1878 θαυματουργεῖν.
1354 1808 1463 1862 Καὶ
1505 1807 1714 1879 μέλλων
1739 1810 1869 1880 περὶ
1898 1809 1998 1862 αύ-

428 1890 536 1942 τῶν
565 1888 927 1957 διαλέγεσθαι,
960 1890 1243 1960 πρότερον,
1271 1891 1405 1959 ὅπερ
1431 1889 1588 1961 ἔφην,
1622 1891 1720 1961 τῆς
1743 1890 2002 1961 μαντείας

426 1970 526 2043 τὴν
553 1969 816 2041 διαφοράν
848 1971 940 2022 καὶ
984 1973 1085 2041 τῆς
1113 1972 1450 2042 προφητείας
1481 1972 1716 2044 τίθησιν,
1745 1973 1888 2026 οὓτω
1914 1972 2001 2026 λέ-

428 2069 561 2123 γων·
601 2053 810 2107 Οἶδατε
837 2052 927 2106 ὅτι
952 2052 1051 2106 ὅτε
1080 2053 1226 2123 ἔθνη
1256 2050 1382 2124 ἦτε,
1413 2055 1564 2124 πρὸς
1587 2055 1660 2109 τὰ
1686 2055 1904 2109 εἰδωλα
1927 2054 2001 2108 τὰ

428 2137 657 2206 ἄφωνα,
687 2137 767 2202 ὡς
807 2137 882 2192 ἂν
931 2136 1169 2206 ἤγεσθε,
1213 2139 1598 2208 ἀπαγόμενοι.
1638 2139 1702 2192 Ὃ
1735 2137 1791 2192 δέ
1823 2137 1996 2206 λέγει,

427 2220 584 2274 τοῦτό
613 2223 780 2275 ἐστιν·
817 2221 906 2274 Ἐν
935 2223 1048 2284 τοῖς
1078 2219 1311 2285 εἰδώλοις
1345 2234 1394 2285 α,
1428 2224 1613 2292 φησὶν,
1646 2221 1830 2274 εῐποτε
1862 2237 1999 2275 κατ-

428 2303 624 2376 εσχέθη
674 2321 757 2368 τις
815 2303 919 2358 ὑπὸ
970 2303 1280 2374 πνεύματος
1329 2304 1641 2376 ἀκαθάρτου
1687 2304 1784 2358 καὶ
1827 2305 1998 2375 ἐμαν-

427 2387 637 2452 τεύετο,
666 2387 854 2458 ὥσπερ
906 2387 1272 2457 ἀπαγόμενος,
1320 2386 1495 2450 οὕτως
1533 2387 1745 2441 εἵλκετο
1772 2387 1876 2440 ύπδ
1901 2386 1996 2440 τοῦ

429 2470 740 2540 πνεύματος
785 2469 1086 2540 δεδεμένος,
1133 2469 1284 2523 οὐδὲν
1317 2468 1476 2533 εἰδὼς
1511 2463 1586 2523 ὧν
1613 2469 1782 2538 λέγει.
1829 2469 1999 2523 Τοῦτο

428 2554 540 2625 γάρ
567 2554 810 2625 μάντεως
837 2554 984 2617 ῐδιον,
1015 2552 1077 2605 τὸ
1100 2553 1468 2622 ἐξεστηκέναι,
1506 2553 1564 2607 τὸ
1597 2555 1842 2625 ἀνάγκην
1868 2554 1999 2608 ὑπο-

433 2638 634 2709 μένειν,
661 2636 722 2690 τὸ
750 2635 1026 2700 ὠθεῖσθαι,
1059 2635 1120 2689 τὸ
1147 2635 1422 2700 ἕλκεσθαι,
1449 2638 1508 2692 τὸ
1531 2637 1788 2708 σύρεσθαι
1812 2637 1999 2708 ὥσπερ

433 2719 778 2790 μαινόμενον.
827 2719 884 2771 '0
927 2717 984 2770 δὲ
1021 2720 1307 2790 προφήτης
1333 2720 1433 2788 οὐχ
1463 2719 1656 2782 οὕτως,
1687 2720 1824 2773 ἀλλά
1861 2721 1999 2791 μετά

428 2802 666 2864 διανοίας
704 2799 1000 2871 νηφούσης,
1031 2801 1127 2852 καὶ
1160 2802 1545 2874 σωφρονούσης
1588 2805 1996 2866 καταστάσεως,

430 2885 527 2939 καὶ
560 2883 714 2946 εἰδὼς
763 2883 798 2936 ὃ.
846 2882 1165 2952 φθέγγεται,
1219 2886 1384 2955 φησὶν
1417 2885 1653 2940 ἅπαντα.
1697 2887 1859 2940 Ὥστε
1906 2885 2000 2938 καὶ

432 2966 538 3038 πρὸ
562 2969 660 3037 τῆς
686 2965 960 3027 ἐκϐάσεως
985 2966 1280 3018 κάντεῦθεν
1309 2967 1543 3037 γνώριζε
1569 2968 1659 3020 τὸν
1692 2969 1883 3037 μάντιν
1907 2969 2000 3021 καὶ

430 3050 522 3102 τὸν
556 3050 859 3119 προφήτην.
900 3049 1010 3100 Καὶ
1045 3048 1234 3100 σκόπει
1259 3048 1374 3112 πῶς
1404 3048 1713 3102 ἀνύποπτον
1743 3055 1887 3103 ποιεῖ
1911 3052 2001 3104 τδν

430 3132 607 3200 λόγον·
645 3132 840 3191 αὐτοὺς
873 3132 1156 3201 μάρτυρας
1202 3132 1358 3184 καλεῖ
1387 3134 1511 3197 τοὺς
1541 3135 1598 3186 ἐν
1622 3136 1688 3204 τῇ
1720 3137 1884 3206 πείρᾳ
1906 3134 2000 3188 τοῦ

432 3215 758 3286 πράγματος
812 3213 1156 3284 γενομένους.
1181 3214 1304 3266 Ὅτι
1335 3214 1442 3285 γάρ
1476 3216 1536 3268 ού
1573 3216 1860 3286 ψεύδομαι,
1896 3235 2001 3288 φη-

434 3305 541 3367 σὶν,
567 3302 688 3356 οὐδὲ
740 3300 928 3364 ἀπλῶς
972 3299 1214 3371 διασύρω
1243 3299 1312 3353 τά
1340 3300 1447 3354 τῶν
1485 3301 1676 3364 ἐθνῶν,
1705 3300 1781 3365 ὡς
1810 3301 2001 3372 ἐχθρὸς

434 3387 703 3446 πλάττων,
749 3383 902 3437 αὐτοὶ
950 3383 1108 3452 ὑμεῖς
1162 3399 1252 3453 μοι
1302 3383 1711 3453 μαρτυρήσατε·
1761 3385 1856 3437 καὶ
1892 3383 2002 3454 γάρ

431 3468 614 3523 οίδατε
663 3467 754 3519 ὅτε
779 3465 1038 3536 Ἕλληνες
1080 3461 1200 3535 ἦτε,
1235 3464 1352 3529 πῶς
1402 3466 1683 3537 ἀπηγεσθε
1717 3466 2000 3535 ἑλκόμενοι

432 3551 576 3604 τότε.
620 3549 682 3602 Εἰ
723 3549 779 3602 δέ
825 3565 909 3611 τις
960 3548 1054 3600 καὶ
1086 3547 1306 3609 τούτους
1338 3547 1414 3611 ὼς
1458 3548 1685 3610 πιστοὺς
1726 3547 2002 3612 ὑπόπτους

433 3628 574 3686 εἶναι
592 3631 747 3701 φαίη,
768 3629 898 3699 φέρε
929 3631 1023 3683 καὶ
1052 3631 1115 3682 ἐκ
1143 3629 1250 3683 τῶν
1276 3629 1475 3696 ἔξωθεν
1504 3628 1662 3682 τοῦτο
1691 3630 1818 3700 ὑμῖν
1847 3629 2003 3702 ποιή-

437 3733 516 3769 σω
559 3714 812 3785 φανερόν.
849 3714 1112 3766 ’Ἄκουσον
1149 3713 1280 3782 γοῦν
1321 3713 1605 3777 Πλάτωνος
1631 3714 1880 3782 λέγοντος
1908 3712 1996 3765 0%-

433 3816 541 3862 τως
563 3815 575 3828 ·
607 3799 814 3867 Ὥσπερ
838 3799 885 3848 οἱ
916 3796 1230 3866 χρησμῳδοὶ
1262 3796 1353 3848 καὶ
1372 3796 1420 3847 οἱ
1449 3795 1766 3866 θεομάντεις
1787 3796 2002 3864 λέγουσι

439 3880 538 3951 μὲν
555 3878 722 3932 πολλὰ
743 3879 836 3932 καὶ
853 3877 1013 3941 καλά,
1038 3880 1185 3931 ἴσασι
1205 3878 1262 3930 δέ
1275 3878 1424 3930 οὐδὲν
1441 3875 1514 3931 ὧν
1529 3879 2005 3946 λέγουσιν.⁹Λκουο

436 3979 529 4014 σον
557 3962 686 4031 γοῦν
713 3961 806 4013 καὶ
829 3960 1016 4030 ἐτέρου
1052 3961 1276 4031 ποιητοῦ
1304 3961 1372 4013 τά
1401 3961 1540 4014 αύτά
1570 3962 1999 4032 ἐνδεικνυμένου.

447 4046 665 4116 Ἐπειδὴ
688 4045 796 4114 γάρ
821 4042 1065 4106 τελεταῖς
1086 4061 1193 4096 τισι
1222 4044 1316 4096 καὶ
1348 4046 1708 4113 μαγγανείαις
1739 4047 2004 4117 κατέδησε

432 4129 662 4200 δαίμονά
705 4144 788 4190 τις
828 4127 908 4189 εἰς
954 4125 1258 4195 ἄνθρωπον,
1290 4127 1383 4179 καὶ
1417 4127 1745 4196 ἐμαντεύετο
1774 4129 2001 4192 ἐκεῖνος,

433 4215 530 4268 καὶ
564 4211 961 4283 μαντευόμενος
994 4209 1328 4281 ἐρριπτεῖτα
1347 4211 1443 4263 καὶ
1471 4211 1867 4281 ἐσπαράττετο,
1909 4218 2004 4266 καὶ

433 4297 679 4363 ἐνεγκεῖν
703 4292 796 4345 τοῦ
833 4290 1083 4360 δαίμονος
1134 4292 1232 4360 τὴν
1266 4291 1441 4362 ὁρμὴν
1469 4293 1567 4346 οὐκ
1606 4294 1858 4364 ἠδύνατο,
1886 4295 2002 4348 ἀλλ’

434 4376 587 4451 {260]
612 4375 800 4445 ἐμελλε
823 4372 1196 4443 διασπώμενος
1220 4373 1393 4439 οὕτως
1419 4376 1773 4443 ἀπόλλυσθαι,
1801 4381 1914 4442 τοῖς
1934 4379 2003 4433 τά

432 4459 654 4514 τοιαῦτα
684 4455 1088 4529 μαγγανεύουσί
1115 4472 1248 4525 φησι
1273 4471 1288 4486 ο

431 4622 673 4681 Λύσατε
697 4617 934 4684 λοιπὸν,
975 4617 1201 4672 ἄνακτα
1220 4619 1439 4688 ,ϐροτὸς
1473 4621 1614 4674 θεὸν
1651 4621 1851 4677 οὐκέτι
1889 4642 2003 4693 χω..

1869 4706 2001 4778 [βαθεῖ’

436 4853 532 4907 καὶ
560 4855 741 4921 πάλιν,

435 4997 674 5055 Λύσατέ
719 5017 822 5068 μοι
873 5002 1236 5070 στεφάνους,
1285 5001 1388 5056 καί
1423 5021 1542 5074 μευ
1593 5004 1784 5070 πόδας
1832 5004 2003 5060 ὕδατι

449 5140 708 5230 Ῥάνατε,
744 5162 839 5216 καί
889 5165 1156 5233 mayde
1191 5167 1587 5235 ἀπαλείψατε,
1641 5171 1742 5224 καί
1783 5086 2003 5240 Egit:

1796 5254 2002 5327 Noun.

434 5399 618 5453 Ταῦτα
649 5397 758 5471 γάρ
806 5399 898 5452 καὶ
934 5397 1003 5452 τά
1051 5398 1275 5452 τοιαῦτα
1331 5397 1448 5470 (καὶ
1495 5399 1603 5472 γάρ
1649 5401 1765 5456 ἔστι
1819 5404 2000 5474 πολλῷ

497 5621 519 5649 ³
544 5619 694 5669 Sam.
721 5627 859 5683 putat
900 5624 1164 5687 legendum
1203 5625 1474 5682 εἰδωλείοις.

2103 653 2227 715 τοὺς
2259 653 2504 718 ἐκδόντες
2528 656 2732 721 αὐτοῖς,
2756 656 2848 708 καὶ
2872 655 2980 710 τῶν
3008 654 3151 708 κατά
3177 653 3340 723 φύσιν
3363 653 3671 718 ἐξίστανται

2105 733 2336 803 φρενῶν.
2373 737 2484 789 Καὶ
2510 739 2543 807 ἡ
2575 737 2750 791 Πυθία
2769 737 2850 790 δέ·
2878 738 3263 807 ἀναγκάζομαι
3296 736 3405 806 γάρ
3438 737 3534 789 καὶ
3556 736 3673 790 ἐτέ-

2107 835 2204 888 ραν
2235 817 2415 872 αὐτῶν
2444 820 2830 891 ἀσχημοσύνην
2873 819 3255 890 ἐκπομπεῦσαι
3274 819 3388 884 νῦν,
3414 821 3482 890 ἢν
3509 820 3673 876 καλὸν

2106 899 2204 969 μὲν
2243 895 2312 970 ἦν
2345 902 2632 971 παρελθεῖν
2657 902 2745 956 διά
2768 903 2829 956 τὸ
2859 905 2990 973 ἡμῖν
3023 901 3269 974 ἀπρεπὲς
3295 897 3433 955 εἶναι
3461 901 3529 954 τά
3557 919 3672 956 τοι-

2104 980 2244 1034 αῦτα
2275 981 2456 1051 λέγειν
2478 999 2492 1014 ο
2529 983 2669 1036 ὥστε
2698 985 2754 1037 δὲ
2789 984 3122 1057 σαφέστερον
3147 983 3326 1038 αὐτῶν
3355 985 3548 1054 μαθεῖν
3572 985 3672 1056 τὴν

2101 1063 2363 1134 αἰσχύνην
2383 1065 2434 1130 δ,
2463 1066 2757 1134 ἀναγκαῖον
2788 1068 2983 1132 εἰπεῖν,
3025 1066 3112 1120 ἵνα
3141 1065 3436 1119 κάντεῦθεν
3463 1067 3671 1138 μάθητε

2100 1146 2198 1218 τὴν
2227 1147 2546 1217 παράνοιαν,
2575 1149 2781 1201 καὶτὸν
2807 1149 2974 1202 πολὺν
3002 1147 3214 1216 γέλωτα
3241 1147 3350 1201 τῶν
3384 1151 3496 1212 τοῖς
3538 1148 3673 1218 μάν-

2099 1245 2215 1282 τεσι
2245 1229 2598 1301 κεχρημένων
2615 1248 2630 1260 υ
2666 1230 2886 1300 λέγεται
2914 1231 3092 1285 τοίνυν
3112 1230 3251 1302 αῦτη
3275 1233 3308 1302 ἡ
3334 1230 3511 1284 Πυθία
3532 1233 3669 1303 γυνή

2100 1329 2184 1376 τις
2209 1308 2345 1366 οὖσα
2377 1312 2844 1385 ἐπικαθῆσθαιτῷ
2867 1312 3078 1385 τρίποδί
3117 1331 3247 1367 ποτε
3279 1313 3372 1366 τοῦ
3401 1313 3671 1368 Ἀπόλλω-

2101 1410 2210 1459 νος,
2243 1393 2526 1467 διαιροῦσα
2557 1397 2624 1450 τά
2659 1396 2822 1468 σκέλη
2847 1412 2860 1426 ·
2897 1391 2996 1448 εἷθ’
3018 1395 3160 1450 οὕτω
3188 1395 3404 1467 πνεῦμα
3437 1395 3670 1465 πονηρὸν

2101 1476 2344 1532 κάτωθεν
2373 1478 2769 1550 ἀναδιδόμενον,
2797 1479 2893 1533 καὶ
2915 1477 3004 1533 διὰ
3024 1479 3130 1532 τῶν
3149 1477 3483 1549 γεννητικῶν
3499 1476 3670 1547 αὐτῆς

2099 1559 2442 1631 διαδυόμενον
2467 1561 2670 1633 μορίων
2688 1560 2928 1632 πληροῦν
2942 1562 3041 1633 τὴν
3065 1565 3299 1630 γυναῖκα
3321 1561 3418 1630 τῆς
3448 1560 3669 1630 μανίας,

2100 1642 2195 1695 καὶ
2221 1643 2426 1715 ταύτην
2448 1643 2546 1707 τὰς
2563 1643 2755 1715 τρίχας
2780 1643 3013 1698 λύουσαν
3035 1643 3222 1696 λοιπὸν
3238 1641 3671 1712 ἐκϐακχεύεσθαί

2099 1739 2182 1791 τε,
2237 1726 2332 1778 καὶ
2375 1726 2547 1797 ἀφρὸν
2580 1727 2645 1779 ἐκ
2673 1725 2766 1780 τοῦ
2806 1725 3074 1796 στόματος
3108 1726 3346 1795 ἀφιέναι,
3375 1726 3468 1779 καὶ
3497 1723 3672 1788 οὕτως

2102 1808 2160 1859 ἐν
2188 1808 2443 1881 παροινίᾳ
2467 1809 2765 1880 γενομένην
2789 1809 2860 1862 τὰ
2875 1809 2976 1879 τῆς
3007 1809 3202 1879 μανίας
3216 1807 3548 1878 φθέγγεσθαι
3575 1807 3672 1878 ῥή-

2105 1907 2272 1960 ματα.
2309 1887 2442 1946 Οἶδα
2492 1893 2575 1946 ὅτι
2617 1891 2922 1963 ᾑσχύνθητε
2970 1894 3064 1946 καὶ
3104 1891 3473 1963 ἡρυθριάσατε
3496 1889 3669 1944 ταῦτα

2101 1973 2451 2038 ἀκούσαντεςο
2484 1975 2601 2028 ἀλλ’
2627 1976 2825 2028 ἐκεῖνοι
2851 1975 2948 2029 καὶ
2979 1975 3123 2044 μέγα
3166 1971 3422 2045 φρονοῦσι
3463 1973 3557 2025 καὶ
3580 1970 3672 2024 διά

2101 2059 2196 2128 τὴν
2220 2057 2607 2130 ἀσχημοσύνην
2634 2061 2730 2114 καὶ
2753 2059 2843 2114 διά
2871 2059 2971 2130 τὴν
2995 2058 3195 2129 μανίαν
3223 2056 3448 2127 ταύτην.

2171 2223 2235 2294 β’.
2256 2221 2442 2279 Ταῦτα
2456 2217 2547 2279 οῦν
2563 2223 2657 2279 καὶ
2676 2223 2745 2279 τά
2755 2221 2976 2278 τοιαῦτα
2992 2225 3020 2277 6
3033 2223 3241 2287 Παῦλος
3259 2221 3468 2276 ἅπαντα
3482 2219 3670 2274 ἀνακι-

2100 2306 2206 2360 νῶν
2232 2306 2438 2375 έλεγενο
2476 2307 2707 2373 Οῑδατε,
2735 2307 2822 2361 ὅτι
2853 2307 2951 2360 ὅτε
2977 2309 3119 2373 ἔθνη
3144 2301 3270 2375 ἦτε.
3293 2304 3443 2373 πρὸς
3473 2302 3545 2356 τὰ
3581 2305 3667 2356 ετ-

2099 2386 2260 2443 δωλα
2280 2392 2352 2444 τὰ
2372 2390 2599 2459 ἄφωνα,
2630 2391 2711 2456 ὡς
2748 2389 2826 2444 ἂν
2860 2389 3100 2458 ἤγεσθε,
3130 2389 3510 2457 ἀπαγόμενοι.
3556 2386 3670 2441 Καὶ

2099 2471 2286 2542 ἐπειδὴ
2324 2473 2460 2542 πρὸς
2488 2473 2695 2536 εἰδότας
2720 2472 3009 2540 διελέγετο,
3039 2473 3101 2525 ού
3122 2472 3302 2542 τίθησι
3326 2472 3500 2525 πάντα
3531 2469 3667 2540 μετὰ

2101 2553 2403 2625 ἀκριϐείας,
2444 2555 2517 2626 μὴ
2541 2553 2860 2624 βουλόμενος
2893 2555 3075 2617 αὐτοῖς
3104 2554 3360 2623 ἐνοχλεῖν,
3401 2552 3514 2605 ἀλλ’
3538 2552 3668 2604 ἀνα-

2103 2641 2312 2711 μνήσας
2343 2639 2502 2709 μόνον
2530 2641 2624 2692 καὶ
2653 2640 2730 2702 είς
2757 2639 2959 2691 ἔννοιαν
2983 2639 3238 2692 ἁπάντων
3285 2638 3484 2700 αὐτοὺς
3527 2638 3667 2704 ἀγα-

2100 2719 2231 2789 γὼν,
2279 2720 2682 2775 ἀπαλλάττεται
2730 2721 2962 2791 ταχέως,
3011 2721 3147 2790 πρὸς
3190 2720 3251 2773 τὸ
3307 2719 3669 2790 προκείμενον

2101 2803 2473 2871 ἐπειγόμενος.
2499 2805 2563 2856 Τί
2587 2804 2645 2856 δέ
2673 2805 2808 2867 ἐστι,
2829 2804 2984 2871 Πρὸς
3005 2802 3078 2856 τὰ
3104 2802 3323 2856 εἴδωλα
3349 2800 3419 2854 τὰ
3441 2801 3668 2869 (ignara;

2101 2881 2259 2940 Οὗτοι
2292 2888 2340 2939 οἰ
2388 2887 2609 2957 μάντεις
2643 2888 2779 2958 πρὸς
2817 2888 3001 2941 ἐκεῖνα
3047 2888 3241 2958 ἤγοντο
3271 2885 3574 2955 ἑλκόμενοι.
3605 2882 3670 2936 EE

2100 2968 2157 3022 δέ
2189 2969 2328 3021 αύτά
2357 2969 2568 3038 ἄφωνα,
2612 2969 2729 3032 πῶς
2756 2969 2984 3031 ἐκείνοις
3013 2969 3308 3038 ἐκέχρηντο
3341 2978 3362 3006 ο
3395 2984 3409 3028 ;
3437 2966 3582 3028 τίνος
3611 2966 3669 3018 δέ

2101 3051 2286 3104 ἕνεκεν
2314 3048 2426 3115 τοῖς
2461 3052 2673 3118 ξοάνοις
2725 3052 2927 3115 αὐτοὺς
2975 3053 3252 3122 προσῆγεν
3280 3053 3308 3104 ό
3352 3050 3564 3120 δαίμων
3593 3047 3668 3112 ὼς

2102 3133 2479 3204 αἰχμαλώτους
2504 3136 2598 3189 καὶ
2624 3135 2877 3206 δεσμίους
2900 3151 2915 3200 ;
2947 3134 3115 3206 Ὁμοῦ
3141 3135 3197 3186 δὲ
3227 3135 3319 3186 καὶ
3336 3133 3436 3203 τὴν
3466 3132 3671 3200 πλάνην

2104 3219 2332 3288 πιθανὴν
2359 3219 2746 3292 ἐργαζόμενος.
2768 3219 2882 3272 Ἵνα
2905 3217 3014 3288 γάρ
3038 3217 3111 3290 μὴ
3141 3217 3268 3289 δόξῃ
3291 3220 3318 3270 ό
3348 3216 3493 3278 λίθος
3524 3216 3674 3283 ἄφωο

2103 3319 2191 3364 νος
2225 3299 2383 3368 εἶναι,
2415 3302 2744 3367 ἐσπούδαζεν
2785 3304 2897 3366 τοῖς
2940 3301 3179 3364 εἰδώλοις
3210 3299 3515 3371 προσηλοῦν
3546 3300 3675 3361 τοὺς

2104 3383 2446 3452 ἀνθρώπους,
2491 3385 2579 3438 ἵνα
2636 3385 2704 3438 τά
2763 3384 2945 3438 αὐτῶν
2996 3384 3224 3446 ἐκείνοις
3273 3383 3670 3453 ἐπιγράφηται.

2115 3467 2254 3520 Ἀλλ’
2284 3468 2344 3520 ού
2384 3468 2452 3521 τά
2499 3468 2743 3539 ἡμέτερα
2795 3466 3043 3523 τοιαῦτα.
3093 3467 3232 3519 Ἀλλ’
3272 3467 3372 3519 ούκ
3411 3465 3572 3536 ἔθηκε
3606 3463 3675 3517 τά

2105 3549 2369 3619 ἡμέτερα,
2397 3550 2467 3603 τά
2493 3549 2765 3622 τῶνίὲϐι]
2784 3550 3078 3621 προφητῶν
3098 3549 3262 3618 λέγω·
3293 3550 3385 3602 καὶ
3409 3549 3516 3618 γάρ
3539 3546 3675 3618 δῆλα

2102 3627 2170 3702 ἦν
2200 3633 2381 3696 αὐτοῖς
2429 3631 2665 3697 ἅπαντα,
2715 3635 2806 3686 καὶ
2842 3635 2900 3686 ἐν
2940 3633 3121 3695 αὐτοῖς
3154 3632 3543 3702 προεφήτευον,
3597 3629 3674 3693 ὡς

2106 3716 2289 3777 αὐτοῖς
2325 3715 2533 3784 πρέπον
2579 3709 2667 3786 ἦν,
2721 3715 2860 3785 μετά
2910 3714 3178 3777 συνέσεως
3218 3714 3312 3768 καὶ
3357 3712 3674 3782 ἐλευθερίας

2107 3796 2345 3864 ἀπάσης.
2392 3798 2490 3850 Διά
2540 3815 2622 3851 τοι
2675 3797 2834 3851 τοῦτο
2862 3798 2956 3851 καὶ
3005 3797 3098 3851 τοῦ
3129 3798 3302 3850 εἰπεῖν
3345 3796 3436 3849 καὶ
3471 3793 3563 3849 τοῦ
3596 3794 3674 3866 μὴ

2107 3882 2280 3934 εἰπεῖν
2306 3877 2445 3951 ἦσαν
2477 3879 2690 3949 κύριοι·
2725 3881 2786 3933 οὐ
2817 3880 2926 3951 γάρ
2951 3881 3162 3949 ἀνάγκῃ
3195 3878 3525 3948 κατείχοντο,
3557 3877 3674 3931 ἀλλ’

2107 3963 2323 4034 ἐξουσίᾳ
2367 3959 2504 4034 ἦσαν
2551 3964 2923 4034 τετιμημένοι.
2979 3963 3078 4014 Διά
3129 3961 3290 4014 τοῦτο
3340 3961 3436 4014 καὶ
3487 3961 3675 4022 Ἰωνᾶς

2108 4045 2295 4113 ἔφυγε,
2327 4045 2414 4099 διά
2444 4045 2599 4099 τοῦτο
2629 4047 2723 4099 καὶ
2757 4043 3013 4114 Ἰεζεκιὴλ
3045 4043 3386 4106 ἀνεϐάλλετο,
3407 4042 3494 4094 διὰ
3519 4041 3674 4095 τοῦτο

2108 4129 2202 4182 xat
2232 4128 2497 4199 Ἱερεμίας
2529 4132 2841 4201 παρῃτεῖτο.
2887 4130 2943 4181 Ὀ
2985 4129 3040 4180 δέ
3087 4127 3218 4190 Θεὸς
3246 4127 3306 4180 ού
3336 4126 3475 4197 μετά
3505 4125 3674 4194 ἀνάγ-

2107 4228 2209 4280 κης
2233 4212 2427 4274 αὐτοὺς
2448 4209 2598 4278 ὤθει,
2620 4212 2755 4265 ἀλλά
2777 4211 3178 4282 συμϐουλεύων,
3205 4210 3503 4280 παραινῶν,
3525 4211 3676 4262 ἀπει-

2105 4293 2233 4355 λῶν,
2251 4295 2311 4347 ού
2339 4295 2544 4347 σκοτῶν
2569 4296 2664 4366 τὴν
2697 4294 2950 4348 διάνοιαν.
2973 4293 3235 4362 Δαίμονος
3261 4294 3358 4362 μὲν
3384 4291 3491 4361 γάρ
3520 4291 3671 4356 ῖδιον,

2106 4377 2166 4430 τὺ
2194 4376 2422 4449 θόρυϐον
2451 4378 2546 4431 καὶ
2579 4378 2775 4448 μανίαν
2827 4379 3001 4429 ποιεῖν
3042 4377 3134 4430 καὶ
3173 4375 3341 4429 πολὺν
3365 4376 3455 4427 τὸν
3485 4374 3669 4441 ζόφον,

2105 4459 2240 4514 Θεοῦ
2269 4461 2348 4525 δέ,
2375 4460 2436 4513 τὸ
2457 4460 2712 4530 φωτίζειν
2733 4461 2828 4514 καί⁵
2855 4460 2990 4530 μετά
3011 4458 3278 4521 συνέσεως
3307 4457 3577 4511 διδάσκειν
3603 4456 3673 4508 τά

2105 4543 2307 4596 δέοντα.
2342 4543 2537 4614 Πρώτη
2584 4543 2683 4612 μὲν
2707 4538 2800 4597 οὗν
2833 4541 3065 4613 διαφορά
3103 4541 3241 4612 αὕτη
3289 4542 3534 4612 μάντεως
3579 4541 3675 4594 καὶ

2105 4625 2385 4696 προφήτου
2412 4641 2426 4655 ·
2462 4625 2695 4696 δευτέρα
2719 4624 2776 4678 δὲ
2799 4624 2990 4696 ἑτέρα,
3019 4625 3086 4696 ἣν
3116 4616 3317 4694 ἐφεξῆς
3345 4623 3544 4693 τίθησι,
3583 4622 3703 4704 λέ-,ρ

2103 4725 2250 4778 γων·
2309 4709 2407 4762 Διὸ
2455 4707 2709 4778 γνωρίζω
2759 4709 2922 4778 ὑμῖν,
2975 4707 3065 4762 ὅτι
3115 4708 3316 4773 οὐδεὶς
3378 4708 3675 4776 Πνεύματι

2107 4793 2255 4846 Θεοῦ
2289 4791 2515 4856 λαλῶν,
2558 4791 2719 4862 λέγει
2765 4791 3034 4862 ἀνάθεμα
3087 4791 3342 4859 Ἰησοῦν.
3395 4787 3526 4842 Εἶτα
3577 4789 3674 4842 καὶ

2105 4875 2286 4947 ἑτέρα·
2313 4876 2418 4930 Καὶ
2441 4874 2639 4942 οὐδείς
2653 4874 2901 4929 δύναται
2929 4874 3119 4928 εἰπεῖν
3156 4875 3375 4942 Κύριον
3408 4871 3670 4938 Ἰησοῦν,

2104 4962 2154 5013 εὶ
2180 4959 2267 5028 μὴ
2292 4960 2362 5013 ἐν
2376 4961 2669 5028 Πνεύματι
2694 4958 2858 5026 ἁγίῳ.
2886 4959 3055 5011 Ὅταν
3080 4958 3212 5028 ἴδῃς,
3240 4957 3423 5028 φησὶν,
3451 4955 3570 5008 τινὰ
3597 4956 3673 5026 μὴ

2106 5043 2476 5113 φθεγγόμενον
2505 5041 2565 5095 τὸ
2590 5041 2759 5111 ὄνομα
2788 5040 2972 5105 αὐτοῦ,
3005 5041 3037 5110 ἢ
3069 5041 3160 5093 καὶ
3189 5038 3670 5110 ἀναθεματίζοντα,

2109 5125 2298 5195 μάντις
2339 5124 2473 5177 ἐστί.
2507 5123 2694 5190 Πάλιν,
2727 5123 2855 5176 ὅταν
2886 5123 3002 5193 ἴδῃς
3035 5121 3221 5192 ἕτερον
3268 5122 3406 5191 μετά
3433 5120 3526 5173 τοῦ
3557 5120 3675 5172 όνό-

2110 5223 2277 5276 ματος
2306 5204 2470 5259 αὑτοῦ
2522 5207 2700 5260 πάντα
2746 5205 3138 5275 φθεγγόμενον,
3179 5205 3372 5274 νόησον
3399 5206 3480 5258 ὅτι
3509 5219 3675 5256 πνευ-

2110 5288 2333 5358 ματίκός
2369 5291 2502 5344 ἐστι.
2532 5290 2596 5342 Τί
2622 5285 2734 5354 οὖν,
2772 5289 2924 5360 φησὶ,
2956 5288 3088 5360 περὶ
3112 5287 3219 5341 τῶν
3249 5287 3673 5358 κατηχουμένων

2184 5505 2469 5581 ξοεαν11..“οᾴ
2499 5511 2776 5581 ιηετδίηςω.
2802 5511 2952 5560 habet
2975 5510 3348 5581 ρᾳχῃμοώχην,
3380 5507 3675 5581 quanlecuq

2105 5568 2284 5634 melior:
2327 5568 2564 5634 vide_tur._
2608 5568 2630 5634 ῖῖ
2669 5569 2943 5634 Ἐκέχρητο.
2975 5568 3299 5624 Εόῐίί.’8ιιγίί.
3336 5568 3452 5622 ὀυιυ
3489 5571 3676 5622 Danao

2108 5635 2245 5690 putat
2270 5630 2532 5693 legendum
2554 5630 2827 5694 ἐκέχρηντ’όζ
