  <div class='ocr_page' id='page_1' title='image "/cluster/home/n/w/nwhite01/storage/ocr_20150623/61/hvd.32044054166368/246.png"; bbox 0 0 4094 6222; ppageno 0'>
   <div class='ocr_carea' id='block_1_1' title="bbox 372 279 474 333">
    <p class='ocr_par' dir='ltr' id='par_1_1' title="bbox 372 279 474 333">
     <span class='ocr_line' id='line_1_1' title="bbox 372 279 474 333; baseline -0.01 0"><span class='ocrx_word' id='word_1_1' title='bbox 372 279 474 333; x_wconf 71' lang='lat' dir='ltr'><strong>2M</strong></span> 
     </span>
    </p>
   </div>
   <div class='ocr_carea' id='block_1_2' title="bbox 365 381 1948 469">
    <p class='ocr_par' dir='ltr' id='par_1_2' title="bbox 365 381 1948 469">
     <span class='ocr_line' id='line_1_2' title="bbox 365 381 1948 469; baseline -0.001 -22"><span class='ocrx_word' id='word_1_2' title='bbox 365 381 762 469; x_wconf 62' lang='lat' dir='ltr'><strong>perducerent)</strong></span> <span class='ocrx_word' id='word_1_3' title='bbox 794 413 808 449; x_wconf 88' lang='lat'><strong>:</strong></span> <span class='ocrx_word' id='word_1_4' title='bbox 840 395 1036 452; x_wconf 89' lang='lat' dir='ltr'><strong>deinde</strong></span> <span class='ocrx_word' id='word_1_5' title='bbox 1061 396 1182 466; x_wconf 91' lang='lat' dir='ltr'><strong>quia</strong></span> <span class='ocrx_word' id='word_1_6' title='bbox 1211 394 1280 452; x_wconf 90' lang='lat' dir='ltr'><strong>de</strong></span> <span class='ocrx_word' id='word_1_7' title='bbox 1310 395 1374 450; x_wconf 85' lang='lat' dir='ltr'><strong>tis</strong></span> <span class='ocrx_word' id='word_1_8' title='bbox 1397 437 1412 462; x_wconf 92' lang='lat'><strong>,</strong></span> <span class='ocrx_word' id='word_1_9' title='bbox 1443 409 1563 465; x_wconf 70' lang='lat' dir='ltr'><strong>qua:</strong></span> <span class='ocrx_word' id='word_1_10' title='bbox 1592 393 1908 449; x_wconf 99' lang='lat' dir='ltr'><strong>dicebantur</strong></span> <span class='ocrx_word' id='word_1_11' title='bbox 1932 433 1948 456; x_wconf 97' lang='lat'><strong>,</strong></span> 
     </span>
    </p>
   </div>
   <div class='ocr_carea' id='block_1_3' title="bbox 364 481 1954 556">
    <p class='ocr_par' dir='ltr' id='par_1_3' title="bbox 364 481 1954 556">
     <span class='ocr_line' id='line_1_3' title="bbox 364 481 1954 556; baseline -0.003 -14"><span class='ocrx_word' id='word_1_12' title='bbox 364 503 478 542; x_wconf 86' lang='lat' dir='ltr'><strong>non</strong></span> <span class='ocrx_word' id='word_1_13' title='bbox 527 481 739 556; x_wconf 84' lang='lat' dir='ltr'><strong>poterat</strong></span> <span class='ocrx_word' id='word_1_14' title='bbox 785 487 922 542; x_wconf 91' lang='lat' dir='ltr'><strong>ratio</strong></span> <span class='ocrx_word' id='word_1_15' title='bbox 973 485 1158 549; x_wconf 85' lang='lat' dir='ltr'><strong>reddi,</strong></span> <span class='ocrx_word' id='word_1_16' title='bbox 1214 501 1335 542; x_wconf 92' lang='lat' dir='ltr'><strong>cum</strong></span> <span class='ocrx_word' id='word_1_17' title='bbox 1373 499 1463 541; x_wconf 84' lang='lat' dir='ltr'><strong>res</strong></span> <span class='ocrx_word' id='word_1_18' title='bbox 1511 499 1630 553; x_wconf 72' lang='grc' dir='ltr'><em>ιμιω</em></span> <span class='ocrx_word' id='word_1_19' title='bbox 1684 483 1954 550; x_wconf 65' lang='lat' dir='ltr'><strong>pradictae</strong></span> 
     </span>
    </p>
   </div>
   <div class='ocr_carea' id='block_1_4' title="bbox 367 574 1955 644">
    <p class='ocr_par' dir='ltr' id='par_1_4' title="bbox 367 574 1955 644">
     <span class='ocr_line' id='line_1_4' title="bbox 367 574 1955 644; baseline -0.003 -12"><span class='ocrx_word' id='word_1_20' title='bbox 367 578 584 633; x_wconf 76' lang='lat' dir='ltr'><strong>fuerant</strong></span> <span class='ocrx_word' id='word_1_21' title='bbox 629 577 868 637; x_wconf 84' lang='lat' dir='ltr'><strong>nondum</strong></span> <span class='ocrx_word' id='word_1_22' title='bbox 912 579 1257 644; x_wconf 80' lang='lat' dir='ltr'><strong>evenissent,</strong></span> <span class='ocrx_word' id='word_1_23' title='bbox 1299 587 1354 632; x_wconf 88' lang='lat' dir='ltr'><strong>et</strong></span> <span class='ocrx_word' id='word_1_24' title='bbox 1385 577 1538 632; x_wconf 78' lang='lat' dir='ltr'><strong>facile</strong></span> <span class='ocrx_word' id='word_1_25' title='bbox 1577 574 1955 630; x_wconf 77' lang='lat' dir='ltr'><strong>confutabatur</strong></span> 
     </span>
    </p>
   </div>
   <div class='ocr_carea' id='block_1_5' title="bbox 366 664 1951 738">
    <p class='ocr_par' dir='ltr' id='par_1_5' title="bbox 366 664 1951 738">
     <span class='ocr_line' id='line_1_5' title="bbox 366 664 1951 738; baseline 0 -18"><span class='ocrx_word' id='word_1_26' title='bbox 366 666 730 736; x_wconf 90' lang='lat' dir='ltr'><strong>(mendacem</strong></span> <span class='ocrx_word' id='word_1_27' title='bbox 776 669 917 723; x_wconf 89' lang='lat' dir='ltr'><strong>enim</strong></span> <span class='ocrx_word' id='word_1_28' title='bbox 970 678 1025 723; x_wconf 90' lang='lat' dir='ltr'><strong>et</strong></span> <span class='ocrx_word' id='word_1_29' title='bbox 1071 682 1315 723; x_wconf 87' lang='lat' dir='ltr'><strong>veracem</strong></span> <span class='ocrx_word' id='word_1_30' title='bbox 1380 667 1502 722; x_wconf 90' lang='lat' dir='ltr'><strong>ﬁnis</strong></span> <span class='ocrx_word' id='word_1_31' title='bbox 1549 664 1951 738; x_wconf 81' lang='lat' dir='ltr'><strong>comprobat):</strong></span> 
     </span>
    </p>
   </div>
   <div class='ocr_carea' id='block_1_6' title="bbox 366 758 1953 829">
    <p class='ocr_par' dir='ltr' id='par_1_6' title="bbox 366 758 1953 829">
     <span class='ocr_line' id='line_1_6' title="bbox 366 758 1953 829; baseline 0 -17"><span class='ocrx_word' id='word_1_32' title='bbox 366 772 444 813; x_wconf 85' lang='lat' dir='ltr'><strong>ne</strong></span> <span class='ocrx_word' id='word_1_33' title='bbox 460 765 586 813; x_wconf 91' lang='lat' dir='ltr'><strong>ante</strong></span> <span class='ocrx_word' id='word_1_34' title='bbox 607 758 769 813; x_wconf 91' lang='lat' dir='ltr'><strong>ﬁnem</strong></span> <span class='ocrx_word' id='word_1_35' title='bbox 790 758 1061 814; x_wconf 83' lang='lat' dir='ltr'><strong>auditores</strong></span> <span class='ocrx_word' id='word_1_36' title='bbox 1077 760 1471 829; x_wconf 86' lang='lat' dir='ltr'><strong>deciperentur,</strong></span> <span class='ocrx_word' id='word_1_37' title='bbox 1493 758 1587 813; x_wconf 86' lang='lat' dir='ltr'><strong>dat</strong></span> <span class='ocrx_word' id='word_1_38' title='bbox 1601 759 1704 813; x_wconf 89' lang='lat' dir='ltr'><strong>illis</strong></span> <span class='ocrx_word' id='word_1_39' title='bbox 1720 758 1953 829; x_wconf 76' lang='lat' dir='ltr'><strong>signum,</strong></span> 
     </span>
    </p>
   </div>
   <div class='ocr_carea' id='block_1_7' title="bbox 365 847 1952 917">
    <p class='ocr_par' dir='ltr' id='par_1_7' title="bbox 365 847 1952 917">
     <span class='ocr_line' id='line_1_7' title="bbox 365 847 1952 917; baseline -0.001 -14"><span class='ocrx_word' id='word_1_40' title='bbox 365 847 520 917; x_wconf 81' lang='lat' dir='ltr'><strong>quod</strong></span> <span class='ocrx_word' id='word_1_41' title='bbox 545 849 706 904; x_wconf 87' lang='lat' dir='ltr'><strong>etiam</strong></span> <span class='ocrx_word' id='word_1_42' title='bbox 746 857 870 905; x_wconf 89' lang='lat' dir='ltr'><strong>ante</strong></span> <span class='ocrx_word' id='word_1_43' title='bbox 905 859 1156 905; x_wconf 86' lang='lat' dir='ltr'><strong>eventum</strong></span> <span class='ocrx_word' id='word_1_44' title='bbox 1195 850 1338 906; x_wconf 87' lang='lat' dir='ltr'><strong>hunc</strong></span> <span class='ocrx_word' id='word_1_45' title='bbox 1375 859 1430 906; x_wconf 91' lang='lat' dir='ltr'><strong>et</strong></span> <span class='ocrx_word' id='word_1_46' title='bbox 1460 851 1611 906; x_wconf 88' lang='lat' dir='ltr'><strong>illum</strong></span> <span class='ocrx_word' id='word_1_47' title='bbox 1653 850 1952 906; x_wconf 86' lang='lat' dir='ltr'><strong>indicaret:</strong></span> 
     </span>
    </p>
   </div>
   <div class='ocr_carea' id='block_1_8' title="bbox 368 939 1959 1010">
    <p class='ocr_par' dir='ltr' id='par_1_8' title="bbox 368 939 1959 1010">
     <span class='ocr_line' id='line_1_8' title="bbox 368 939 1959 1010; baseline 0 -16"><span class='ocrx_word' id='word_1_48' title='bbox 368 948 428 994; x_wconf 85' lang='lat' dir='ltr'><strong>et</strong></span> <span class='ocrx_word' id='word_1_49' title='bbox 457 939 581 993; x_wconf 84' lang='lat' dir='ltr'><strong>hinc</strong></span> <span class='ocrx_word' id='word_1_50' title='bbox 611 948 830 1009; x_wconf 86' lang='lat' dir='ltr'><strong>accepta</strong></span> <span class='ocrx_word' id='word_1_51' title='bbox 858 941 1240 1010; x_wconf 87' lang='lat' dir='ltr'><strong>consequentia</strong></span> <span class='ocrx_word' id='word_1_52' title='bbox 1263 951 1316 995; x_wconf 89' lang='lat' dir='ltr'><strong>et</strong></span> <span class='ocrx_word' id='word_1_53' title='bbox 1347 941 1632 1010; x_wconf 89' lang='lat' dir='ltr'><strong>principio,</strong></span> <span class='ocrx_word' id='word_1_54' title='bbox 1662 940 1740 996; x_wconf 89' lang='lat' dir='ltr'><strong>sic</strong></span> <span class='ocrx_word' id='word_1_55' title='bbox 1762 941 1813 994; x_wconf 90' lang='lat' dir='ltr'><strong>in</strong></span> <span class='ocrx_word' id='word_1_56' title='bbox 1843 957 1959 996; x_wconf 82' lang='lat' dir='ltr'><strong>scr-</strong></span> 
     </span>
    </p>
   </div>
   <div class='ocr_carea' id='block_1_9' title="bbox 368 1029 1955 1095">
    <p class='ocr_par' dir='ltr' id='par_1_9' title="bbox 368 1029 1955 1095">
     <span class='ocr_line' id='line_1_9' title="bbox 368 1029 1955 1095; baseline 0.002 -12"><span class='ocrx_word' id='word_1_57' title='bbox 368 1044 590 1085; x_wconf 87' lang='lat' dir='ltr'><strong>monetn</strong></span> <span class='ocrx_word' id='word_1_58' title='bbox 618 1029 687 1085; x_wconf 93' lang='lat' dir='ltr'><strong>de</strong></span> <span class='ocrx_word' id='word_1_59' title='bbox 729 1029 1139 1086; x_wconf 82' lang='lat' dir='ltr'><strong>charismati-hns</strong></span> <span class='ocrx_word' id='word_1_60' title='bbox 1181 1031 1410 1095; x_wconf 82' lang='lat' dir='ltr'><strong>transit,</strong></span> <span class='ocrx_word' id='word_1_61' title='bbox 1456 1039 1512 1087; x_wconf 88' lang='lat' dir='ltr'><strong>et</strong></span> <span class='ocrx_word' id='word_1_62' title='bbox 1558 1031 1955 1086; x_wconf 86' lang='lat' dir='ltr'><strong>contentionem</strong></span> 
     </span>
    </p>
   </div>
   <div class='ocr_carea' id='block_1_10' title="bbox 368 1119 1957 1192">
    <p class='ocr_par' dir='ltr' id='par_1_10' title="bbox 368 1119 1957 1192">
     <span class='ocr_line' id='line_1_10' title="bbox 368 1119 1957 1192; baseline 0.001 -18"><span class='ocrx_word' id='word_1_63' title='bbox 368 1120 502 1175; x_wconf 86' lang='lat' dir='ltr'><strong>inde</strong></span> <span class='ocrx_word' id='word_1_64' title='bbox 524 1120 800 1175; x_wconf 90' lang='lat' dir='ltr'><strong>subortam</strong></span> <span class='ocrx_word' id='word_1_65' title='bbox 831 1121 1067 1192; x_wconf 76' lang='lat' dir='ltr'><strong>corrigit.</strong></span> <span class='ocrx_word' id='word_1_66' title='bbox 1098 1120 1311 1176; x_wconf 88' lang='lat' dir='ltr'><strong>Interim</strong></span> <span class='ocrx_word' id='word_1_67' title='bbox 1334 1136 1460 1176; x_wconf 84' lang='lat' dir='ltr'><strong>vero</strong></span> <span class='ocrx_word' id='word_1_68' title='bbox 1485 1120 1552 1176; x_wconf 91' lang='lat' dir='ltr'><strong>de</strong></span> <span class='ocrx_word' id='word_1_69' title='bbox 1574 1119 1957 1175; x_wconf 83' lang='lat' dir='ltr'><strong>divinatoribns</strong></span> 
     </span>
    </p>
   </div>
   <div class='ocr_carea' id='block_1_11' title="bbox 366 1211 1955 1282">
    <p class='ocr_par' dir='ltr' id='par_1_11' title="bbox 366 1211 1955 1282">
     <span class='ocr_line' id='line_1_11' title="bbox 366 1211 1955 1282; baseline -0.001 -16"><span class='ocrx_word' id='word_1_70' title='bbox 366 1211 602 1282; x_wconf 87' lang='lat' dir='ltr'><strong>loquens</strong></span> <span class='ocrx_word' id='word_1_71' title='bbox 628 1213 708 1266; x_wconf 90' lang='lat' dir='ltr'><strong>sic</strong></span> <span class='ocrx_word' id='word_1_72' title='bbox 735 1211 944 1267; x_wconf 86' lang='lat' dir='ltr'><strong>orditur</strong></span> <span class='ocrx_word' id='word_1_73' title='bbox 974 1231 988 1266; x_wconf 92' lang='lat'><strong>:</strong></span> <span class='ocrx_word' id='word_1_74' title='bbox 1027 1211 1105 1266; x_wconf 86' lang='lat' dir='ltr'><strong>De</strong></span> <span class='ocrx_word' id='word_1_75' title='bbox 1133 1212 1481 1282; x_wconf 82' lang='lat' dir='ltr'><strong>spiritualibus</strong></span> <span class='ocrx_word' id='word_1_76' title='bbox 1519 1223 1689 1267; x_wconf 84' lang='lat' dir='ltr'><strong>autem</strong></span> <span class='ocrx_word' id='word_1_77' title='bbox 1718 1211 1836 1266; x_wconf 86' lang='lat' dir='ltr'><strong>nolo</strong></span> <span class='ocrx_word' id='word_1_78' title='bbox 1871 1227 1955 1265; x_wconf 80' lang='lat' dir='ltr'><strong>vos</strong></span> 
     </span>
    </p>
   </div>
   <div class='ocr_carea' id='block_1_12' title="bbox 369 1304 1954 1375">
    <p class='ocr_par' dir='ltr' id='par_1_12' title="bbox 369 1304 1954 1375">
     <span class='ocr_line' id='line_1_12' title="bbox 369 1304 1954 1375; baseline 0 -18"><span class='ocrx_word' id='word_1_79' title='bbox 369 1306 646 1375; x_wconf 83' lang='lat' dir='ltr'><strong>ignorare,</strong></span> <span class='ocrx_word' id='word_1_80' title='bbox 679 1308 900 1374; x_wconf 80' lang='lat' dir='ltr'><strong>fratres;</strong></span> <span class='ocrx_word' id='word_1_81' title='bbox 929 1304 1222 1375; x_wconf 87' lang='lat' dir='ltr'><strong>spiritualia</strong></span> <span class='ocrx_word' id='word_1_82' title='bbox 1249 1319 1446 1360; x_wconf 84' lang='lat' dir='ltr'><strong>vocans</strong></span> <span class='ocrx_word' id='word_1_83' title='bbox 1470 1305 1618 1374; x_wconf 75' lang='lat' dir='ltr'><strong>signa</strong></span> <span class='ocrx_word' id='word_1_84' title='bbox 1644 1345 1660 1371; x_wconf 92' lang='lat'><strong>,</strong></span> <span class='ocrx_word' id='word_1_85' title='bbox 1710 1305 1832 1374; x_wconf 84' lang='lat' dir='ltr'><strong>quia</strong></span> <span class='ocrx_word' id='word_1_86' title='bbox 1867 1305 1954 1358; x_wconf 90' lang='lat' dir='ltr'><strong>illa</strong></span> 
     </span>
    </p>
   </div>
   <div class='ocr_carea' id='block_1_13' title="bbox 368 1397 1950 1468">
    <p class='ocr_par' dir='ltr' id='par_1_13' title="bbox 368 1397 1950 1468">
     <span class='ocr_line' id='line_1_13' title="bbox 368 1397 1950 1468; baseline 0.003 -18"><span class='ocrx_word' id='word_1_87' title='bbox 368 1397 607 1465; x_wconf 84' lang='lat' dir='ltr'><strong>Spiritus</strong></span> <span class='ocrx_word' id='word_1_88' title='bbox 632 1398 797 1452; x_wconf 88' lang='lat' dir='ltr'><strong>solius</strong></span> <span class='ocrx_word' id='word_1_89' title='bbox 825 1406 948 1452; x_wconf 90' lang='lat' dir='ltr'><strong>sunt</strong></span> <span class='ocrx_word' id='word_1_90' title='bbox 974 1413 1158 1468; x_wconf 88' lang='lat' dir='ltr'><strong>opera,</strong></span> <span class='ocrx_word' id='word_1_91' title='bbox 1188 1397 1422 1453; x_wconf 90' lang='lat' dir='ltr'><strong>humano</strong></span> <span class='ocrx_word' id='word_1_92' title='bbox 1452 1398 1630 1453; x_wconf 91' lang='lat' dir='ltr'><strong>studio</strong></span> <span class='ocrx_word' id='word_1_93' title='bbox 1657 1398 1788 1452; x_wconf 82' lang='lat' dir='ltr'><strong>nihil</strong></span> <span class='ocrx_word' id='word_1_94' title='bbox 1817 1399 1950 1454; x_wconf 83' lang='lat' dir='ltr'><strong>ail&#39;e-</strong></span> 
     </span>
    </p>
   </div>
   <div class='ocr_carea' id='block_1_14' title="bbox 371 1489 1952 1562">
    <p class='ocr_par' dir='ltr' id='par_1_14' title="bbox 371 1489 1952 1562">
     <span class='ocr_line' id='line_1_14' title="bbox 371 1489 1952 1562; baseline 0.001 -18"><span class='ocrx_word' id='word_1_95' title='bbox 371 1499 533 1545; x_wconf 90' lang='lat' dir='ltr'><strong>rente</strong></span> <span class='ocrx_word' id='word_1_96' title='bbox 556 1489 622 1544; x_wconf 89' lang='lat' dir='ltr'><strong>ad</strong></span> <span class='ocrx_word' id='word_1_97' title='bbox 657 1490 780 1545; x_wconf 86' lang='lat' dir='ltr'><strong>talia</strong></span> <span class='ocrx_word' id='word_1_98' title='bbox 805 1491 1060 1547; x_wconf 87' lang='lat' dir='ltr'><strong>miracula</strong></span> <span class='ocrx_word' id='word_1_99' title='bbox 1108 1492 1386 1562; x_wconf 88' lang='lat' dir='ltr'><strong>patranda.</strong></span> <span class='ocrx_word' id='word_1_100' title='bbox 1431 1492 1499 1546; x_wconf 88' lang='lat' dir='ltr'><strong>Et</strong></span> <span class='ocrx_word' id='word_1_101' title='bbox 1525 1492 1592 1546; x_wconf 90' lang='lat' dir='ltr'><strong>de</strong></span> <span class='ocrx_word' id='word_1_102' title='bbox 1631 1492 1739 1546; x_wconf 89' lang='lat' dir='ltr'><strong>illis</strong></span> <span class='ocrx_word' id='word_1_103' title='bbox 1767 1492 1952 1562; x_wconf 88' lang='lat' dir='ltr'><strong>dispu-</strong></span> 
     </span>
    </p>
   </div>
   <div class='ocr_carea' id='block_1_15' title="bbox 374 1581 1956 1652">
    <p class='ocr_par' dir='ltr' id='par_1_15' title="bbox 374 1581 1956 1652">
     <span class='ocr_line' id='line_1_15' title="bbox 374 1581 1956 1652; baseline 0.003 -18"><span class='ocrx_word' id='word_1_104' title='bbox 374 1587 585 1634; x_wconf 89' lang='lat' dir='ltr'><strong>taturus</strong></span> <span class='ocrx_word' id='word_1_105' title='bbox 605 1621 621 1647; x_wconf 98' lang='lat'><strong>,</strong></span> <span class='ocrx_word' id='word_1_106' title='bbox 655 1581 800 1648; x_wconf 90' lang='lat' dir='ltr'><strong>prius</strong></span> <span class='ocrx_word' id='word_1_107' title='bbox 821 1623 837 1645; x_wconf 94' lang='lat'><strong>,</strong></span> <span class='ocrx_word' id='word_1_108' title='bbox 880 1590 935 1635; x_wconf 90' lang='lat' dir='ltr'><strong>ut</strong></span> <span class='ocrx_word' id='word_1_109' title='bbox 965 1581 1074 1636; x_wconf 79' lang='lat' dir='ltr'><strong>dixi</strong></span> <span class='ocrx_word' id='word_1_110' title='bbox 1095 1623 1111 1647; x_wconf 96' lang='lat'><strong>,</strong></span> <span class='ocrx_word' id='word_1_111' title='bbox 1153 1581 1533 1637; x_wconf 84' lang='lat' dir='ltr'><strong>divinationem</strong></span> <span class='ocrx_word' id='word_1_112' title='bbox 1565 1582 1704 1638; x_wconf 90' lang='lat' dir='ltr'><strong>inter</strong></span> <span class='ocrx_word' id='word_1_113' title='bbox 1742 1591 1798 1637; x_wconf 93' lang='lat' dir='ltr'><strong>et</strong></span> <span class='ocrx_word' id='word_1_114' title='bbox 1829 1598 1956 1652; x_wconf 87' lang='lat' dir='ltr'><strong>pro-</strong></span> 
     </span>
    </p>
   </div>
   <div class='ocr_carea' id='block_1_16' title="bbox 373 1671 1958 1743">
    <p class='ocr_par' dir='ltr' id='par_1_16' title="bbox 373 1671 1958 1743">
     <span class='ocr_line' id='line_1_16' title="bbox 373 1671 1958 1743; baseline 0.001 -18"><span class='ocrx_word' id='word_1_115' title='bbox 373 1671 612 1740; x_wconf 87' lang='lat' dir='ltr'><strong>phetiam</strong></span> <span class='ocrx_word' id='word_1_116' title='bbox 643 1671 999 1727; x_wconf 84' lang='lat' dir='ltr'><strong>dill&#39;crentiam</strong></span> <span class='ocrx_word' id='word_1_117' title='bbox 1041 1674 1222 1742; x_wconf 89' lang='lat' dir='ltr'><strong>ponit,</strong></span> <span class='ocrx_word' id='word_1_118' title='bbox 1271 1674 1350 1728; x_wconf 88' lang='lat' dir='ltr'><strong>sic</strong></span> <span class='ocrx_word' id='word_1_119' title='bbox 1375 1673 1558 1728; x_wconf 89' lang='lat' dir='ltr'><strong>dicens</strong></span> <span class='ocrx_word' id='word_1_120' title='bbox 1586 1689 1600 1727; x_wconf 89' lang='lat'>:</span> <span class='ocrx_word' id='word_1_121' title='bbox 1633 1673 1790 1728; x_wconf 78' lang='lat' dir='ltr'><strong>Scitis</strong></span> <span class='ocrx_word' id='word_1_122' title='bbox 1819 1674 1958 1743; x_wconf 87' lang='lat' dir='ltr'><strong>quod</strong></span> 
     </span>
    </p>
   </div>
   <div class='ocr_carea' id='block_1_17' title="bbox 373 1765 1956 1835">
    <p class='ocr_par' dir='ltr' id='par_1_17' title="bbox 373 1765 1956 1835">
     <span class='ocr_line' id='line_1_17' title="bbox 373 1765 1956 1835; baseline 0.001 -17"><span class='ocrx_word' id='word_1_123' title='bbox 373 1780 494 1818; x_wconf 76' lang='lat' dir='ltr'><strong>cum</strong></span> <span class='ocrx_word' id='word_1_124' title='bbox 519 1773 691 1835; x_wconf 86' lang='lat' dir='ltr'><strong>gentes</strong></span> <span class='ocrx_word' id='word_1_125' title='bbox 733 1765 936 1829; x_wconf 76' lang='lat' dir='ltr'><strong>essetis,</strong></span> <span class='ocrx_word' id='word_1_126' title='bbox 979 1765 1047 1818; x_wconf 88' lang='lat' dir='ltr'><strong>ad</strong></span> <span class='ocrx_word' id='word_1_127' title='bbox 1087 1765 1358 1820; x_wconf 85' lang='lat' dir='ltr'><strong>simulacra</strong></span> <span class='ocrx_word' id='word_1_128' title='bbox 1395 1775 1532 1818; x_wconf 87' lang='lat' dir='ltr'><strong>muta</strong></span> <span class='ocrx_word' id='word_1_129' title='bbox 1560 1775 1707 1834; x_wconf 84' lang='lat' dir='ltr'><strong>prout</strong></span> <span class='ocrx_word' id='word_1_130' title='bbox 1737 1765 1956 1820; x_wconf 82' lang='lat' dir='ltr'><strong>duceba-</strong></span> 
     </span>
    </p>
   </div>
   <div class='ocr_carea' id='block_1_18' title="bbox 373 1854 1957 1927">
    <p class='ocr_par' dir='ltr' id='par_1_18' title="bbox 373 1854 1957 1927">
     <span class='ocr_line' id='line_1_18' title="bbox 373 1854 1957 1927; baseline 0.001 -19"><span class='ocrx_word' id='word_1_131' title='bbox 373 1856 502 1908; x_wconf 84' lang='lat' dir='ltr'><strong>ntini</strong></span> <span class='ocrx_word' id='word_1_132' title='bbox 521 1865 710 1910; x_wconf 82' lang='lat' dir='ltr'><strong>euntes.</strong></span> <span class='ocrx_word' id='word_1_133' title='bbox 741 1854 794 1909; x_wconf 94' lang='lat' dir='ltr'><strong>ld</strong></span> <span class='ocrx_word' id='word_1_134' title='bbox 819 1863 901 1910; x_wconf 89' lang='lat' dir='ltr'><strong>est</strong></span> <span class='ocrx_word' id='word_1_135' title='bbox 928 1874 941 1909; x_wconf 94' lang='lat'><strong>:</strong></span> <span class='ocrx_word' id='word_1_136' title='bbox 974 1856 1028 1910; x_wconf 92' lang='lat' dir='ltr'><strong>ln</strong></span> <span class='ocrx_word' id='word_1_137' title='bbox 1059 1855 1236 1923; x_wconf 86' lang='lat' dir='ltr'><strong>idolis,</strong></span> <span class='ocrx_word' id='word_1_138' title='bbox 1269 1856 1458 1927; x_wconf 89' lang='lat' dir='ltr'><strong>inquit,</strong></span> <span class='ocrx_word' id='word_1_139' title='bbox 1485 1857 1530 1911; x_wconf 89' lang='lat' dir='ltr'><strong>si</strong></span> <span class='ocrx_word' id='word_1_140' title='bbox 1557 1857 1677 1926; x_wconf 89' lang='lat' dir='ltr'><strong>quis</strong></span> <span class='ocrx_word' id='word_1_141' title='bbox 1702 1857 1957 1926; x_wconf 88' lang='lat' dir='ltr'><strong>abreptus</strong></span> 
     </span>
    </p>
   </div>
   <div class='ocr_carea' id='block_1_19' title="bbox 373 1948 1957 2020">
    <p class='ocr_par' dir='ltr' id='par_1_19' title="bbox 373 1948 1957 2020">
     <span class='ocr_line' id='line_1_19' title="bbox 373 1948 1957 2020; baseline 0.001 -18"><span class='ocrx_word' id='word_1_142' title='bbox 373 1957 523 2002; x_wconf 88' lang='lat' dir='ltr'><strong>esset</strong></span> <span class='ocrx_word' id='word_1_143' title='bbox 564 1963 594 2002; x_wconf 89' lang='lat' dir='ltr'><strong>a</strong></span> <span class='ocrx_word' id='word_1_144' title='bbox 638 1949 827 2018; x_wconf 89' lang='lat' dir='ltr'><strong>spiritu</strong></span> <span class='ocrx_word' id='word_1_145' title='bbox 881 1948 1194 2016; x_wconf 89' lang='lat' dir='ltr'><strong>immundo,</strong></span> <span class='ocrx_word' id='word_1_146' title='bbox 1239 1959 1295 2004; x_wconf 91' lang='lat' dir='ltr'><strong>et</strong></span> <span class='ocrx_word' id='word_1_147' title='bbox 1335 1950 1751 2014; x_wconf 79' lang='lat' dir='ltr'><strong>vaticinaretur,</strong></span> <span class='ocrx_word' id='word_1_148' title='bbox 1803 1950 1957 2020; x_wconf 84' lang='lat' dir='ltr'><strong>quasi</strong></span> 
     </span>
    </p>
   </div>
   <div class='ocr_carea' id='block_1_20' title="bbox 374 2041 1957 2111">
    <p class='ocr_par' dir='ltr' id='par_1_20' title="bbox 374 2041 1957 2111">
     <span class='ocr_line' id='line_1_20' title="bbox 374 2041 1957 2111; baseline 0.001 -17"><span class='ocrx_word' id='word_1_149' title='bbox 374 2041 639 2096; x_wconf 87' lang='lat' dir='ltr'><strong>abductus</strong></span> <span class='ocrx_word' id='word_1_150' title='bbox 669 2041 747 2097; x_wconf 89' lang='lat' dir='ltr'><strong>sic</strong></span> <span class='ocrx_word' id='word_1_151' title='bbox 792 2042 879 2096; x_wconf 86' lang='lat' dir='ltr'><strong>ille</strong></span> <span class='ocrx_word' id='word_1_152' title='bbox 919 2042 1231 2097; x_wconf 84' lang='lat' dir='ltr'><strong>trahebatur</strong></span> <span class='ocrx_word' id='word_1_153' title='bbox 1254 2056 1284 2095; x_wconf 92' lang='lat' dir='ltr'><strong>a</strong></span> <span class='ocrx_word' id='word_1_154' title='bbox 1311 2041 1504 2111; x_wconf 84' lang='lat' dir='ltr'><strong>spiritu</strong></span> <span class='ocrx_word' id='word_1_155' title='bbox 1535 2041 1742 2096; x_wconf 90' lang='lat' dir='ltr'><strong>vinctus</strong></span> <span class='ocrx_word' id='word_1_156' title='bbox 1767 2083 1781 2105; x_wconf 90' lang='lat'><strong>,</strong></span> <span class='ocrx_word' id='word_1_157' title='bbox 1826 2041 1957 2096; x_wconf 83' lang='lat' dir='ltr'><strong>nihil</strong></span> 
     </span>
    </p>
   </div>
   <div class='ocr_carea' id='block_1_21' title="bbox 373 2131 1958 2201">
    <p class='ocr_par' dir='ltr' id='par_1_21' title="bbox 373 2131 1958 2201">
     <span class='ocr_line' id='line_1_21' title="bbox 373 2131 1958 2201; baseline 0.001 -16"><span class='ocrx_word' id='word_1_158' title='bbox 373 2133 557 2186; x_wconf 79' lang='lat' dir='ltr'><strong>sciens</strong></span> <span class='ocrx_word' id='word_1_159' title='bbox 580 2147 764 2186; x_wconf 76' lang='lat' dir='ltr'><strong>eorum</strong></span> <span class='ocrx_word' id='word_1_160' title='bbox 795 2147 914 2201; x_wconf 75' lang='lat' dir='ltr'><strong>qua:</strong></span> <span class='ocrx_word' id='word_1_161' title='bbox 941 2131 1170 2186; x_wconf 88' lang='lat' dir='ltr'><strong>dicebat.</strong></span> <span class='ocrx_word' id='word_1_162' title='bbox 1213 2131 1325 2187; x_wconf 83' lang='lat' dir='ltr'><strong>Hoc</strong></span> <span class='ocrx_word' id='word_1_163' title='bbox 1351 2132 1493 2187; x_wconf 90' lang='lat' dir='ltr'><strong>enim</strong></span> <span class='ocrx_word' id='word_1_164' title='bbox 1523 2132 1804 2186; x_wconf 88' lang='lat' dir='ltr'><strong>divinatort</strong></span> <span class='ocrx_word' id='word_1_165' title='bbox 1833 2147 1958 2201; x_wconf 89' lang='lat' dir='ltr'><strong>pro-</strong></span> 
     </span>
    </p>
   </div>
   <div class='ocr_carea' id='block_1_22' title="bbox 376 2225 1952 2297">
    <p class='ocr_par' dir='ltr' id='par_1_22' title="bbox 376 2225 1952 2297">
     <span class='ocr_line' id='line_1_22' title="bbox 376 2225 1952 2297; baseline 0.002 -19"><span class='ocrx_word' id='word_1_166' title='bbox 376 2225 556 2293; x_wconf 89' lang='lat' dir='ltr'><strong>prium</strong></span> <span class='ocrx_word' id='word_1_167' title='bbox 587 2233 686 2290; x_wconf 91' lang='lat' dir='ltr'><strong>est,</strong></span> <span class='ocrx_word' id='word_1_168' title='bbox 716 2235 773 2278; x_wconf 94' lang='lat' dir='ltr'><strong>ut</strong></span> <span class='ocrx_word' id='word_1_169' title='bbox 799 2234 977 2280; x_wconf 87' lang='lat' dir='ltr'><strong>mente</strong></span> <span class='ocrx_word' id='word_1_170' title='bbox 1006 2225 1248 2286; x_wconf 81' lang='lat' dir='ltr'><strong>excedat.</strong></span> <span class='ocrx_word' id='word_1_171' title='bbox 1279 2227 1387 2280; x_wconf 85' lang='lat' dir='ltr'><strong>vim</strong></span> <span class='ocrx_word' id='word_1_172' title='bbox 1419 2226 1670 2295; x_wconf 87' lang='lat' dir='ltr'><strong>patiatur,</strong></span> <span class='ocrx_word' id='word_1_173' title='bbox 1699 2227 1952 2297; x_wconf 87' lang='lat' dir='ltr'><strong>pellatur,</strong></span> 
     </span>
    </p>
   </div>
   <div class='ocr_carea' id='block_1_23' title="bbox 377 2315 1955 2386">
    <p class='ocr_par' dir='ltr' id='par_1_23' title="bbox 377 2315 1955 2386">
     <span class='ocr_line' id='line_1_23' title="bbox 377 2315 1955 2386; baseline 0.003 -18"><span class='ocrx_word' id='word_1_174' title='bbox 377 2315 619 2369; x_wconf 84' lang='lat' dir='ltr'><strong>trahatur</strong></span> <span class='ocrx_word' id='word_1_175' title='bbox 641 2357 658 2382; x_wconf 87' lang='lat'><strong>,</strong></span> <span class='ocrx_word' id='word_1_176' title='bbox 689 2316 837 2382; x_wconf 87' lang='lat' dir='ltr'><strong>quasi</strong></span> <span class='ocrx_word' id='word_1_177' title='bbox 868 2315 1065 2370; x_wconf 80' lang='lat' dir='ltr'><strong>furens.</strong></span> <span class='ocrx_word' id='word_1_178' title='bbox 1108 2315 1372 2386; x_wconf 89' lang='lat' dir='ltr'><strong>Propheta</strong></span> <span class='ocrx_word' id='word_1_179' title='bbox 1405 2332 1535 2372; x_wconf 90' lang='lat' dir='ltr'><strong>vero</strong></span> <span class='ocrx_word' id='word_1_180' title='bbox 1563 2334 1666 2371; x_wconf 88' lang='lat' dir='ltr'><strong>non</strong></span> <span class='ocrx_word' id='word_1_181' title='bbox 1697 2318 1776 2372; x_wconf 90' lang='lat' dir='ltr'><strong>sic</strong></span> <span class='ocrx_word' id='word_1_182' title='bbox 1803 2359 1815 2382; x_wconf 92' lang='lat'><strong>,</strong></span> <span class='ocrx_word' id='word_1_183' title='bbox 1860 2318 1955 2373; x_wconf 91' lang='lat' dir='ltr'><strong>sed</strong></span> 
     </span>
    </p>
   </div>
   <div class='ocr_carea' id='block_1_24' title="bbox 375 2409 1956 2480">
    <p class='ocr_par' dir='ltr' id='par_1_24' title="bbox 375 2409 1956 2480">
     <span class='ocr_line' id='line_1_24' title="bbox 375 2409 1956 2480; baseline 0.003 -17"><span class='ocrx_word' id='word_1_184' title='bbox 375 2425 500 2463; x_wconf 90' lang='lat' dir='ltr'><strong>cum</strong></span> <span class='ocrx_word' id='word_1_185' title='bbox 532 2409 676 2476; x_wconf 80' lang='lat' dir='ltr'><strong>vigili</strong></span> <span class='ocrx_word' id='word_1_186' title='bbox 704 2420 880 2465; x_wconf 89' lang='lat' dir='ltr'><strong>mente</strong></span> <span class='ocrx_word' id='word_1_187' title='bbox 900 2451 915 2474; x_wconf 94' lang='lat'><strong>,</strong></span> <span class='ocrx_word' id='word_1_188' title='bbox 944 2425 1062 2465; x_wconf 89' lang='lat' dir='ltr'><strong>cum</strong></span> <span class='ocrx_word' id='word_1_189' title='bbox 1093 2411 1408 2480; x_wconf 89' lang='lat' dir='ltr'><strong>temperanti</strong></span> <span class='ocrx_word' id='word_1_190' title='bbox 1435 2413 1838 2476; x_wconf 90' lang='lat' dir='ltr'><strong>constitutione,</strong></span> <span class='ocrx_word' id='word_1_191' title='bbox 1867 2414 1956 2469; x_wconf 88' lang='lat' dir='ltr'><strong>illa</strong></span> 
     </span>
    </p>
   </div>
   <div class='ocr_carea' id='block_1_25' title="bbox 375 2502 1956 2574">
    <p class='ocr_par' dir='ltr' id='par_1_25' title="bbox 375 2502 1956 2574">
     <span class='ocr_line' id='line_1_25' title="bbox 375 2502 1956 2574; baseline 0.003 -18"><span class='ocrx_word' id='word_1_192' title='bbox 375 2503 557 2556; x_wconf 87' lang='lat' dir='ltr'><strong>sciens</strong></span> <span class='ocrx_word' id='word_1_193' title='bbox 581 2518 700 2572; x_wconf 81' lang='lat' dir='ltr'><strong>quae</strong></span> <span class='ocrx_word' id='word_1_194' title='bbox 725 2502 853 2556; x_wconf 89' lang='lat' dir='ltr'><strong>dicit</strong></span> <span class='ocrx_word' id='word_1_195' title='bbox 878 2544 893 2566; x_wconf 91' lang='lat'><strong>,</strong></span> <span class='ocrx_word' id='word_1_196' title='bbox 927 2503 1101 2556; x_wconf 89' lang='lat' dir='ltr'><strong>omnia</strong></span> <span class='ocrx_word' id='word_1_197' title='bbox 1137 2503 1391 2572; x_wconf 81' lang='lat' dir='ltr'><strong>lnquitur.</strong></span> <span class='ocrx_word' id='word_1_198' title='bbox 1427 2504 1608 2574; x_wconf 89' lang='lat' dir='ltr'><strong>Itaque</strong></span> <span class='ocrx_word' id='word_1_199' title='bbox 1636 2505 1797 2559; x_wconf 89' lang='lat' dir='ltr'><strong>etiam</strong></span> <span class='ocrx_word' id='word_1_200' title='bbox 1831 2515 1956 2561; x_wconf 86' lang='lat' dir='ltr'><strong>ante</strong></span> 
     </span>
    </p>
   </div>
   <div class='ocr_carea' id='block_1_26' title="bbox 375 2592 1958 2664">
    <p class='ocr_par' dir='ltr' id='par_1_26' title="bbox 375 2592 1958 2664">
     <span class='ocr_line' id='line_1_26' title="bbox 375 2592 1958 2664; baseline 0.004 -19"><span class='ocrx_word' id='word_1_201' title='bbox 375 2603 628 2646; x_wconf 78' lang='lat' dir='ltr'><strong>eventum</strong></span> <span class='ocrx_word' id='word_1_202' title='bbox 649 2592 774 2646; x_wconf 90' lang='lat' dir='ltr'><strong>hinc</strong></span> <span class='ocrx_word' id='word_1_203' title='bbox 795 2593 1098 2647; x_wconf 86' lang='lat' dir='ltr'><strong>internosce</strong></span> <span class='ocrx_word' id='word_1_204' title='bbox 1123 2603 1298 2648; x_wconf 88' lang='lat' dir='ltr'><strong>vatem</strong></span> <span class='ocrx_word' id='word_1_205' title='bbox 1315 2602 1368 2648; x_wconf 93' lang='lat' dir='ltr'><strong>et</strong></span> <span class='ocrx_word' id='word_1_206' title='bbox 1390 2595 1726 2664; x_wconf 87' lang='lat' dir='ltr'><strong>prophetam.</strong></span> <span class='ocrx_word' id='word_1_207' title='bbox 1749 2596 1816 2650; x_wconf 86' lang='lat' dir='ltr'><strong>Et</strong></span> <span class='ocrx_word' id='word_1_208' title='bbox 1839 2596 1958 2651; x_wconf 81' lang='lat' dir='ltr'><strong>vide</strong></span> 
     </span>
    </p>
   </div>
   <div class='ocr_carea' id='block_1_27' title="bbox 375 2683 1961 2756">
    <p class='ocr_par' dir='ltr' id='par_1_27' title="bbox 375 2683 1961 2756">
     <span class='ocr_line' id='line_1_27' title="bbox 375 2683 1961 2756; baseline 0.003 -20"><span class='ocrx_word' id='word_1_209' title='bbox 375 2698 536 2752; x_wconf 89' lang='lat' dir='ltr'><strong>quam</strong></span> <span class='ocrx_word' id='word_1_210' title='bbox 559 2698 664 2738; x_wconf 90' lang='lat' dir='ltr'><strong>non</strong></span> <span class='ocrx_word' id='word_1_211' title='bbox 685 2693 990 2753; x_wconf 88' lang='lat' dir='ltr'><strong>suspectum</strong></span> <span class='ocrx_word' id='word_1_212' title='bbox 1019 2683 1250 2752; x_wconf 74' lang='lat' dir='ltr'><strong>proferat</strong></span> <span class='ocrx_word' id='word_1_213' title='bbox 1274 2699 1575 2740; x_wconf 89' lang='lat' dir='ltr'><strong>sermonem</strong></span> <span class='ocrx_word' id='word_1_214' title='bbox 1601 2704 1614 2738; x_wconf 87' lang='lat'><strong>:</strong></span> <span class='ocrx_word' id='word_1_215' title='bbox 1640 2687 1785 2756; x_wconf 90' lang='lat' dir='ltr'><strong>ipsos</strong></span> <span class='ocrx_word' id='word_1_216' title='bbox 1806 2695 1961 2741; x_wconf 88' lang='lat' dir='ltr'><strong>vocat</strong></span> 
     </span>
    </p>
   </div>
   <div class='ocr_carea' id='block_1_28' title="bbox 377 2773 1958 2843">
    <p class='ocr_par' dir='ltr' id='par_1_28' title="bbox 377 2773 1958 2843">
     <span class='ocr_line' id='line_1_28' title="bbox 377 2773 1958 2843; baseline 0.003 -16"><span class='ocrx_word' id='word_1_217' title='bbox 377 2781 566 2837; x_wconf 89' lang='lat' dir='ltr'><strong>testes,</strong></span> <span class='ocrx_word' id='word_1_218' title='bbox 597 2774 686 2843; x_wconf 88' lang='lat' dir='ltr'><strong>qui</strong></span> <span class='ocrx_word' id='word_1_219' title='bbox 713 2774 788 2828; x_wconf 89' lang='lat' dir='ltr'><strong>rei</strong></span> <span class='ocrx_word' id='word_1_220' title='bbox 810 2773 1200 2842; x_wconf 83' lang='lat' dir='ltr'><strong>experientiam</strong></span> <span class='ocrx_word' id='word_1_221' title='bbox 1229 2773 1472 2830; x_wconf 79' lang='lat' dir='ltr'><strong>fecerint.</strong></span> <span class='ocrx_word' id='word_1_222' title='bbox 1505 2775 1656 2841; x_wconf 81' lang='lat' dir='ltr'><strong>Quod</strong></span> <span class='ocrx_word' id='word_1_223' title='bbox 1687 2777 1827 2830; x_wconf 89' lang='lat' dir='ltr'><strong>enim</strong></span> <span class='ocrx_word' id='word_1_224' title='bbox 1854 2792 1958 2832; x_wconf 91' lang='lat' dir='ltr'><strong>non</strong></span> 
     </span>
    </p>
   </div>
   <div class='ocr_carea' id='block_1_29' title="bbox 374 2863 1958 2936">
    <p class='ocr_par' dir='ltr' id='par_1_29' title="bbox 374 2863 1958 2936">
     <span class='ocr_line' id='line_1_29' title="bbox 374 2863 1958 2936; baseline 0.003 -19"><span class='ocrx_word' id='word_1_225' title='bbox 374 2863 634 2927; x_wconf 86' lang='lat' dir='ltr'><strong>mentiar,</strong></span> <span class='ocrx_word' id='word_1_226' title='bbox 662 2864 863 2932; x_wconf 84' lang='lat' dir='ltr'><strong>inquit,</strong></span> <span class='ocrx_word' id='word_1_227' title='bbox 896 2880 1068 2934; x_wconf 88' lang='lat' dir='ltr'><strong>neque</strong></span> <span class='ocrx_word' id='word_1_228' title='bbox 1096 2874 1298 2920; x_wconf 89' lang='lat' dir='ltr'><strong>temere</strong></span> <span class='ocrx_word' id='word_1_229' title='bbox 1325 2881 1385 2920; x_wconf 90' lang='lat' dir='ltr'><strong>ea</strong></span> <span class='ocrx_word' id='word_1_230' title='bbox 1417 2881 1536 2936; x_wconf 72' lang='lat' dir='ltr'><strong>qua:</strong></span> <span class='ocrx_word' id='word_1_231' title='bbox 1556 2866 1798 2936; x_wconf 77' lang='lat' dir='ltr'><strong>gentium</strong></span> <span class='ocrx_word' id='word_1_232' title='bbox 1831 2875 1958 2922; x_wconf 87' lang='lat' dir='ltr'><strong>sunt</strong></span> 
     </span>
    </p>
   </div>
   <div class='ocr_carea' id='block_1_30' title="bbox 376 2954 1957 3026">
    <p class='ocr_par' dir='ltr' id='par_1_30' title="bbox 376 2954 1957 3026">
     <span class='ocr_line' id='line_1_30' title="bbox 376 2954 1957 3026; baseline 0.004 -20"><span class='ocrx_word' id='word_1_233' title='bbox 376 2954 652 3008; x_wconf 86' lang='lat' dir='ltr'><strong>traducam</strong></span> <span class='ocrx_word' id='word_1_234' title='bbox 676 2996 692 3020; x_wconf 97' lang='lat'><strong>,</strong></span> <span class='ocrx_word' id='word_1_235' title='bbox 724 2954 928 3025; x_wconf 78' lang='lat' dir='ltr'><strong>ﬁngens</strong></span> <span class='ocrx_word' id='word_1_236' title='bbox 957 2964 1226 3026; x_wconf 86' lang='lat' dir='ltr'><strong>tamquam</strong></span> <span class='ocrx_word' id='word_1_237' title='bbox 1255 2955 1503 3012; x_wconf 89' lang='lat' dir='ltr'><strong>inimicus</strong></span> <span class='ocrx_word' id='word_1_238' title='bbox 1527 2998 1542 3021; x_wconf 93' lang='lat'><strong>,</strong></span> <span class='ocrx_word' id='word_1_239' title='bbox 1573 2972 1667 3013; x_wconf 86' lang='lat' dir='ltr'><strong>vos</strong></span> <span class='ocrx_word' id='word_1_240' title='bbox 1695 2957 1796 3026; x_wconf 89' lang='lat' dir='ltr'><strong>ipsi</strong></span> <span class='ocrx_word' id='word_1_241' title='bbox 1827 2958 1957 3012; x_wconf 87' lang='lat' dir='ltr'><strong>tnihi</strong></span> 
     </span>
    </p>
   </div>
   <div class='ocr_carea' id='block_1_31' title="bbox 376 3046 1957 3122">
    <p class='ocr_par' dir='ltr' id='par_1_31' title="bbox 376 3046 1957 3122">
     <span class='ocr_line' id='line_1_31' title="bbox 376 3046 1957 3122; baseline 0.003 -23"><span class='ocrx_word' id='word_1_242' title='bbox 376 3046 566 3101; x_wconf 83' lang='lat' dir='ltr'><strong>feratis</strong></span> <span class='ocrx_word' id='word_1_243' title='bbox 611 3048 972 3102; x_wconf 84' lang='lat' dir='ltr'><strong>testimonium</strong></span> <span class='ocrx_word' id='word_1_244' title='bbox 1017 3067 1031 3102; x_wconf 88' lang='lat'><strong>:</strong></span> <span class='ocrx_word' id='word_1_245' title='bbox 1079 3049 1276 3104; x_wconf 91' lang='lat' dir='ltr'><strong>etenim</strong></span> <span class='ocrx_word' id='word_1_246' title='bbox 1316 3050 1414 3118; x_wconf 91' lang='lat' dir='ltr'><strong>ipsi</strong></span> <span class='ocrx_word' id='word_1_247' title='bbox 1459 3050 1608 3105; x_wconf 88' lang='lat' dir='ltr'><strong>scitis</strong></span> <span class='ocrx_word' id='word_1_248' title='bbox 1651 3053 1957 3122; x_wconf 85' lang='lat' dir='ltr'><strong>quomodo,</strong></span> 
     </span>
    </p>
   </div>
   <div class='ocr_carea' id='block_1_32' title="bbox 377 3139 1960 3213">
    <p class='ocr_par' dir='ltr' id='par_1_32' title="bbox 377 3139 1960 3213">
     <span class='ocr_line' id='line_1_32' title="bbox 377 3139 1960 3213; baseline 0.005 -21"><span class='ocrx_word' id='word_1_249' title='bbox 377 3153 498 3192; x_wconf 83' lang='lat' dir='ltr'><strong>cum</strong></span> <span class='ocrx_word' id='word_1_250' title='bbox 519 3139 711 3194; x_wconf 86' lang='lat' dir='ltr'><strong>essetis</strong></span> <span class='ocrx_word' id='word_1_251' title='bbox 730 3139 924 3205; x_wconf 70' lang='lat' dir='ltr'><strong>Graeci,</strong></span> <span class='ocrx_word' id='word_1_252' title='bbox 956 3141 1107 3195; x_wconf 89' lang='lat' dir='ltr'><strong>tracti</strong></span> <span class='ocrx_word' id='word_1_253' title='bbox 1136 3140 1554 3197; x_wconf 87' lang='lat' dir='ltr'><strong>abduceremini.</strong></span> <span class='ocrx_word' id='word_1_254' title='bbox 1587 3143 1739 3211; x_wconf 84' lang='lat' dir='ltr'><strong>Quod</strong></span> <span class='ocrx_word' id='word_1_255' title='bbox 1769 3145 1812 3197; x_wconf 93' lang='lat' dir='ltr'><strong>si</strong></span> <span class='ocrx_word' id='word_1_256' title='bbox 1839 3145 1960 3213; x_wconf 87' lang='lat' dir='ltr'><strong>quis</strong></span> 
     </span>
    </p>
   </div>
   <div class='ocr_carea' id='block_1_33' title="bbox 379 3228 1957 3304">
    <p class='ocr_par' dir='ltr' id='par_1_33' title="bbox 379 3228 1957 3304">
     <span class='ocr_line' id='line_1_33' title="bbox 379 3228 1957 3304; baseline 0.004 -22"><span class='ocrx_word' id='word_1_257' title='bbox 379 3228 477 3283; x_wconf 71' lang='lat' dir='ltr'><strong>hos</strong></span> <span class='ocrx_word' id='word_1_258' title='bbox 501 3270 518 3295; x_wconf 94' lang='lat'><strong>,</strong></span> <span class='ocrx_word' id='word_1_259' title='bbox 570 3237 754 3297; x_wconf 89' lang='lat' dir='ltr'><strong>utpote</strong></span> <span class='ocrx_word' id='word_1_260' title='bbox 795 3229 1020 3298; x_wconf 88' lang='lat' dir='ltr'><strong>ﬁdeles,</strong></span> <span class='ocrx_word' id='word_1_261' title='bbox 1072 3241 1350 3298; x_wconf 83' lang='lat' dir='ltr'><strong>suspectos</strong></span> <span class='ocrx_word' id='word_1_262' title='bbox 1391 3247 1512 3288; x_wconf 79' lang='lat' dir='ltr'><strong>esse</strong></span> <span class='ocrx_word' id='word_1_263' title='bbox 1556 3232 1788 3299; x_wconf 80' lang='lat' dir='ltr'><strong>dixerit;</strong></span> <span class='ocrx_word' id='word_1_264' title='bbox 1823 3250 1957 3304; x_wconf 84' lang='lat' dir='ltr'><strong>age,</strong></span> 
     </span>
    </p>
   </div>
   <div class='ocr_carea' id='block_1_34' title="bbox 377 3319 1957 3380">
    <p class='ocr_par' dir='ltr' id='par_1_34' title="bbox 377 3319 1957 3380">
     <span class='ocr_line' id='line_1_34' title="bbox 377 3319 1957 3380; baseline 0.003 -6"><span class='ocrx_word' id='word_1_265' title='bbox 377 3321 538 3374; x_wconf 88' lang='lat' dir='ltr'><strong>etiam</strong></span> <span class='ocrx_word' id='word_1_266' title='bbox 587 3320 655 3375; x_wconf 84' lang='lat' dir='ltr'><strong>ab</strong></span> <span class='ocrx_word' id='word_1_267' title='bbox 697 3319 935 3376; x_wconf 80' lang='lat' dir='ltr'><strong>externis</strong></span> <span class='ocrx_word' id='word_1_268' title='bbox 985 3319 1102 3376; x_wconf 85' lang='lat' dir='ltr'><strong>hoc</strong></span> <span class='ocrx_word' id='word_1_269' title='bbox 1133 3321 1282 3377; x_wconf 83' lang='lat' dir='ltr'><strong>vobis</strong></span> <span class='ocrx_word' id='word_1_270' title='bbox 1331 3321 1669 3377; x_wconf 81' lang='lat' dir='ltr'><strong>manifestum</strong></span> <span class='ocrx_word' id='word_1_271' title='bbox 1713 3325 1957 3380; x_wconf 87' lang='lat' dir='ltr'><strong>reddam.</strong></span> 
     </span>
    </p>
   </div>
   <div class='ocr_carea' id='block_1_35' title="bbox 377 3410 1958 3482">
    <p class='ocr_par' dir='ltr' id='par_1_35' title="bbox 377 3410 1958 3482">
     <span class='ocr_line' id='line_1_35' title="bbox 377 3410 1958 3482; baseline 0.004 -18"><span class='ocrx_word' id='word_1_272' title='bbox 377 3410 514 3465; x_wconf 84' lang='lat' dir='ltr'><strong>Audi</strong></span> <span class='ocrx_word' id='word_1_273' title='bbox 543 3425 673 3480; x_wconf 79' lang='lat' dir='ltr'><strong>ergo</strong></span> <span class='ocrx_word' id='word_1_274' title='bbox 705 3411 975 3466; x_wconf 86' lang='lat' dir='ltr'><strong>Platonem</strong></span> <span class='ocrx_word' id='word_1_275' title='bbox 1009 3413 1085 3466; x_wconf 90' lang='lat' dir='ltr'><strong>sic</strong></span> <span class='ocrx_word' id='word_1_276' title='bbox 1112 3413 1416 3482; x_wconf 85' lang='lat' dir='ltr'><strong>loquentem</strong></span> <span class='ocrx_word' id='word_1_277' title='bbox 1453 3431 1468 3468; x_wconf 90' lang='lat'><strong>:</strong></span> <span class='ocrx_word' id='word_1_278' title='bbox 1500 3415 1958 3481; x_wconf 81' lang='lat' dir='ltr'><strong>Quemadmodum</strong></span> 
     </span>
    </p>
   </div>
   <div class='ocr_carea' id='block_1_36' title="bbox 377 3502 1958 3574">
    <p class='ocr_par' dir='ltr' id='par_1_36' title="bbox 377 3502 1958 3574">
     <span class='ocr_line' id='line_1_36' title="bbox 377 3502 1958 3574; baseline 0.002 -16"><span class='ocrx_word' id='word_1_279' title='bbox 377 3502 705 3558; x_wconf 80' lang='lat' dir='ltr'><strong>divinatores</strong></span> <span class='ocrx_word' id='word_1_280' title='bbox 732 3513 781 3557; x_wconf 91' lang='lat' dir='ltr'><strong>et</strong></span> <span class='ocrx_word' id='word_1_281' title='bbox 807 3512 953 3557; x_wconf 84' lang='lat' dir='ltr'><strong>vates</strong></span> <span class='ocrx_word' id='word_1_282' title='bbox 983 3503 1146 3557; x_wconf 80' lang='lat' dir='ltr'><strong>multa</strong></span> <span class='ocrx_word' id='word_1_283' title='bbox 1178 3503 1390 3573; x_wconf 84' lang='lat' dir='ltr'><strong>quidem</strong></span> <span class='ocrx_word' id='word_1_284' title='bbox 1416 3514 1469 3559; x_wconf 91' lang='lat' dir='ltr'><strong>et</strong></span> <span class='ocrx_word' id='word_1_285' title='bbox 1495 3505 1713 3574; x_wconf 89' lang='lat' dir='ltr'><strong>pulchra</strong></span> <span class='ocrx_word' id='word_1_286' title='bbox 1739 3506 1958 3572; x_wconf 88' lang='lat' dir='ltr'><strong>dicunt;</strong></span> 
     </span>
    </p>
   </div>
   <div class='ocr_carea' id='block_1_37' title="bbox 378 3593 1961 3668">
    <p class='ocr_par' dir='ltr' id='par_1_37' title="bbox 378 3593 1961 3668">
     <span class='ocr_line' id='line_1_37' title="bbox 378 3593 1961 3668; baseline 0.003 -20"><span class='ocrx_word' id='word_1_287' title='bbox 378 3608 564 3648; x_wconf 87' lang='lat' dir='ltr'><strong>eorum</strong></span> <span class='ocrx_word' id='word_1_288' title='bbox 611 3609 737 3648; x_wconf 76' lang='lat' dir='ltr'><strong>vero</strong></span> <span class='ocrx_word' id='word_1_289' title='bbox 783 3610 900 3663; x_wconf 74' lang='lat' dir='ltr'><strong>qum</strong></span> <span class='ocrx_word' id='word_1_290' title='bbox 945 3593 1223 3662; x_wconf 83' lang='lat' dir='ltr'><strong>proferunt</strong></span> <span class='ocrx_word' id='word_1_291' title='bbox 1276 3595 1408 3648; x_wconf 88' lang='lat' dir='ltr'><strong>nihil</strong></span> <span class='ocrx_word' id='word_1_292' title='bbox 1456 3597 1634 3651; x_wconf 90' lang='lat' dir='ltr'><strong>sciunt</strong></span> <span class='ocrx_word' id='word_1_293' title='bbox 1681 3595 1774 3668; x_wconf 86' lang='lat' dir='ltr'><strong>(tt).</strong></span> <span class='ocrx_word' id='word_1_294' title='bbox 1820 3598 1961 3653; x_wconf 83' lang='lat' dir='ltr'><strong>Audi</strong></span> 
     </span>
    </p>
   </div>
   <div class='ocr_carea' id='block_1_38' title="bbox 377 3685 1958 3756">
    <p class='ocr_par' dir='ltr' id='par_1_38' title="bbox 377 3685 1958 3756">
     <span class='ocr_line' id='line_1_38' title="bbox 377 3685 1958 3756; baseline 0.004 -17"><span class='ocrx_word' id='word_1_295' title='bbox 377 3685 537 3740; x_wconf 89' lang='lat' dir='ltr'><strong>alium</strong></span> <span class='ocrx_word' id='word_1_296' title='bbox 569 3700 782 3754; x_wconf 85' lang='lat' dir='ltr'><strong>quoque</strong></span> <span class='ocrx_word' id='word_1_297' title='bbox 813 3695 1018 3754; x_wconf 86' lang='lat' dir='ltr'><strong>poetam</strong></span> <span class='ocrx_word' id='word_1_298' title='bbox 1045 3685 1231 3740; x_wconf 82' lang='lat' dir='ltr'><strong>eadem</strong></span> <span class='ocrx_word' id='word_1_299' title='bbox 1266 3686 1376 3756; x_wconf 90' lang='lat' dir='ltr'><strong>ipsa</strong></span> <span class='ocrx_word' id='word_1_300' title='bbox 1407 3687 1755 3743; x_wconf 89' lang='lat' dir='ltr'><strong>indicantem.</strong></span> <span class='ocrx_word' id='word_1_301' title='bbox 1800 3686 1958 3745; x_wconf 87' lang='lat' dir='ltr'><strong>Post-</strong></span> 
     </span>
    </p>
   </div>
   <div class='ocr_carea' id='block_1_39' title="bbox 377 3776 1956 3850">
    <p class='ocr_par' dir='ltr' id='par_1_39' title="bbox 377 3776 1956 3850">
     <span class='ocr_line' id='line_1_39' title="bbox 377 3776 1956 3850; baseline 0.004 -22"><span class='ocrx_word' id='word_1_302' title='bbox 377 3790 535 3845; x_wconf 87' lang='lat' dir='ltr'><strong>quam</strong></span> <span class='ocrx_word' id='word_1_303' title='bbox 568 3776 882 3845; x_wconf 85' lang='lat' dir='ltr'><strong>quihnsdam</strong></span> <span class='ocrx_word' id='word_1_304' title='bbox 915 3776 1301 3832; x_wconf 85' lang='lat' dir='ltr'><strong>initiationibus</strong></span> <span class='ocrx_word' id='word_1_305' title='bbox 1339 3786 1394 3833; x_wconf 91' lang='lat' dir='ltr'><strong>et</strong></span> <span class='ocrx_word' id='word_1_306' title='bbox 1435 3780 1714 3850; x_wconf 69' lang='lat' dir='ltr'><strong>prtestigiis</strong></span> <span class='ocrx_word' id='word_1_307' title='bbox 1752 3780 1956 3835; x_wconf 73' lang='lat' dir='ltr'><strong>da-mo-</strong></span> 
     </span>
    </p>
   </div>
   <div class='ocr_carea' id='block_1_40' title="bbox 376 3866 1958 3938">
    <p class='ocr_par' dir='ltr' id='par_1_40' title="bbox 376 3866 1958 3938">
     <span class='ocr_line' id='line_1_40' title="bbox 376 3866 1958 3938; baseline 0.004 -18"><span class='ocrx_word' id='word_1_308' title='bbox 376 3881 505 3921; x_wconf 89' lang='lat' dir='ltr'><strong>nem</strong></span> <span class='ocrx_word' id='word_1_309' title='bbox 535 3867 656 3934; x_wconf 83' lang='lat' dir='ltr'><strong>quis</strong></span> <span class='ocrx_word' id='word_1_310' title='bbox 683 3866 883 3921; x_wconf 87' lang='lat' dir='ltr'><strong>homini</strong></span> <span class='ocrx_word' id='word_1_311' title='bbox 908 3868 1250 3938; x_wconf 80' lang='lat' dir='ltr'><strong>alligaverat,</strong></span> <span class='ocrx_word' id='word_1_312' title='bbox 1280 3870 1368 3924; x_wconf 91' lang='lat' dir='ltr'><strong>ille</strong></span> <span class='ocrx_word' id='word_1_313' title='bbox 1396 3886 1522 3925; x_wconf 89' lang='lat' dir='ltr'><strong>vero</strong></span> <span class='ocrx_word' id='word_1_314' title='bbox 1550 3871 1958 3938; x_wconf 64' lang='lat' dir='ltr'><strong>vaticinabatur,</strong></span> 
     </span>
    </p>
   </div>
   <div class='ocr_carea' id='block_1_41' title="bbox 375 3958 1958 4031">
    <p class='ocr_par' dir='ltr' id='par_1_41' title="bbox 375 3958 1958 4031">
     <span class='ocr_line' id='line_1_41' title="bbox 375 3958 1958 4031; baseline 0.003 -20"><span class='ocrx_word' id='word_1_315' title='bbox 375 3960 615 4026; x_wconf 88' lang='lat' dir='ltr'><strong>dumque</strong></span> <span class='ocrx_word' id='word_1_316' title='bbox 645 3958 1020 4012; x_wconf 75' lang='lat' dir='ltr'><strong>vaticinaretur</strong></span> <span class='ocrx_word' id='word_1_317' title='bbox 1047 3959 1134 4013; x_wconf 88' lang='lat' dir='ltr'><strong>ille</strong></span> <span class='ocrx_word' id='word_1_318' title='bbox 1156 4001 1170 4022; x_wconf 94' lang='lat'><strong>,</strong></span> <span class='ocrx_word' id='word_1_319' title='bbox 1202 3960 1512 4029; x_wconf 89' lang='lat' dir='ltr'><strong>raptabatur</strong></span> <span class='ocrx_word' id='word_1_320' title='bbox 1541 3970 1596 4015; x_wconf 85' lang='lat' dir='ltr'><strong>et</strong></span> <span class='ocrx_word' id='word_1_321' title='bbox 1624 3961 1958 4031; x_wconf 86' lang='lat' dir='ltr'><strong>discerpcba-</strong></span> 
     </span>
    </p>
   </div>
   <div class='ocr_carea' id='block_1_42' title="bbox 380 4049 1962 4122">
    <p class='ocr_par' dir='ltr' id='par_1_42' title="bbox 380 4049 1962 4122">
     <span class='ocr_line' id='line_1_42' title="bbox 380 4049 1962 4122; baseline 0.006 -19"><span class='ocrx_word' id='word_1_322' title='bbox 380 4057 475 4103; x_wconf 85' lang='lat' dir='ltr'><strong>tur</strong></span> <span class='ocrx_word' id='word_1_323' title='bbox 500 4089 517 4114; x_wconf 94' lang='lat'><strong>,</strong></span> <span class='ocrx_word' id='word_1_324' title='bbox 549 4064 610 4102; x_wconf 91' lang='lat' dir='ltr'><strong>ac</strong></span> <span class='ocrx_word' id='word_1_325' title='bbox 632 4049 885 4104; x_wconf 63' lang='lat' dir='ltr'><strong>daemonis</strong></span> <span class='ocrx_word' id='word_1_326' title='bbox 913 4051 1164 4120; x_wconf 89' lang='lat' dir='ltr'><strong>impetum</strong></span> <span class='ocrx_word' id='word_1_327' title='bbox 1192 4051 1332 4107; x_wconf 81' lang='lat' dir='ltr'><strong>ferre</strong></span> <span class='ocrx_word' id='word_1_328' title='bbox 1357 4066 1461 4106; x_wconf 90' lang='lat' dir='ltr'><strong>non</strong></span> <span class='ocrx_word' id='word_1_329' title='bbox 1497 4063 1734 4122; x_wconf 87' lang='lat' dir='ltr'><strong>poterat,</strong></span> <span class='ocrx_word' id='word_1_330' title='bbox 1761 4055 1856 4110; x_wconf 80' lang='lat' dir='ltr'><strong>sed</strong></span> <span class='ocrx_word' id='word_1_331' title='bbox 1883 4057 1962 4112; x_wconf 86' lang='lat' dir='ltr'><strong>sic</strong></span> 
     </span>
    </p>
   </div>
   <div class='ocr_carea' id='block_1_43' title="bbox 375 4142 1961 4219">
    <p class='ocr_par' dir='ltr' id='par_1_43' title="bbox 375 4142 1961 4219">
     <span class='ocr_line' id='line_1_43' title="bbox 375 4142 1961 4219; baseline 0.007 -25"><span class='ocrx_word' id='word_1_332' title='bbox 375 4148 627 4206; x_wconf 72' lang='lat' dir='ltr'><strong>raptatus</strong></span> <span class='ocrx_word' id='word_1_333' title='bbox 670 4142 929 4210; x_wconf 86' lang='lat' dir='ltr'><strong>periturus</strong></span> <span class='ocrx_word' id='word_1_334' title='bbox 972 4152 1124 4208; x_wconf 88' lang='lat' dir='ltr'><strong>erat;</strong></span> <span class='ocrx_word' id='word_1_335' title='bbox 1179 4143 1243 4200; x_wconf 91' lang='lat' dir='ltr'><strong>iis</strong></span> <span class='ocrx_word' id='word_1_336' title='bbox 1293 4144 1382 4214; x_wconf 87' lang='lat' dir='ltr'><strong>qui</strong></span> <span class='ocrx_word' id='word_1_337' title='bbox 1431 4145 1625 4200; x_wconf 88' lang='lat' dir='ltr'><strong>talibus</strong></span> <span class='ocrx_word' id='word_1_338' title='bbox 1675 4149 1961 4219; x_wconf 68' lang='lat' dir='ltr'><strong>prtcstigiis</strong></span> 
     </span>
    </p>
   </div>
   <div class='ocr_carea' id='block_1_44' title="bbox 373 4233 1027 4304">
    <p class='ocr_par' dir='ltr' id='par_1_44' title="bbox 373 4233 1027 4304">
     <span class='ocr_line' id='line_1_44' title="bbox 373 4233 1027 4304; baseline 0.003 -16"><span class='ocrx_word' id='word_1_339' title='bbox 373 4233 580 4288; x_wconf 84' lang='lat' dir='ltr'><strong>dabant</strong></span> <span class='ocrx_word' id='word_1_340' title='bbox 611 4250 824 4304; x_wconf 84' lang='lat' dir='ltr'><strong>operam</strong></span> <span class='ocrx_word' id='word_1_341' title='bbox 855 4235 984 4290; x_wconf 90' lang='lat' dir='ltr'><strong>dicit</strong></span> <span class='ocrx_word' id='word_1_342' title='bbox 1013 4252 1027 4290; x_wconf 90' lang='lat'>:</span> 
     </span>
    </p>
   </div>
   <div class='ocr_carea' id='block_1_45' title="bbox 370 4343 1956 4422">
    <p class='ocr_par' dir='ltr' id='par_1_45' title="bbox 370 4343 1956 4422">
     <span class='ocr_line' id='line_1_45' title="bbox 370 4343 1956 4422; baseline 0.004 -22"><span class='ocrx_word' id='word_1_343' title='bbox 370 4343 572 4400; x_wconf 78' lang='lat' dir='ltr'><strong>Solvite</strong></span> <span class='ocrx_word' id='word_1_344' title='bbox 599 4345 800 4399; x_wconf 80' lang='lat' dir='ltr'><strong>demum</strong></span> <span class='ocrx_word' id='word_1_345' title='bbox 825 4364 844 4400; x_wconf 87' lang='lat'><strong><em>:</em></strong></span> <span class='ocrx_word' id='word_1_346' title='bbox 871 4363 1036 4417; x_wconf 73' lang='lat' dir='ltr'><strong>regem</strong></span> <span class='ocrx_word' id='word_1_347' title='bbox 1067 4350 1212 4402; x_wconf 83' lang='lat' dir='ltr'><strong>deum</strong></span> <span class='ocrx_word' id='word_1_348' title='bbox 1243 4351 1469 4404; x_wconf 81' lang='lat' dir='ltr'><strong>mortalis</strong></span> <span class='ocrx_word' id='word_1_349' title='bbox 1497 4367 1597 4405; x_wconf 81' lang='lat' dir='ltr'><strong>non</strong></span> <span class='ocrx_word' id='word_1_350' title='bbox 1625 4354 1758 4406; x_wconf 84' lang='lat' dir='ltr'><strong>ultra</strong></span> <span class='ocrx_word' id='word_1_351' title='bbox 1785 4354 1956 4422; x_wconf 86' lang='lat' dir='ltr'><strong>capit;</strong></span> 
     </span>
    </p>
   </div>
   <div class='ocr_carea' id='block_1_46' title="bbox 369 4469 712 4515">
    <p class='ocr_par' dir='ltr' id='par_1_46' title="bbox 369 4469 712 4515">
     <span class='ocr_line' id='line_1_46' title="bbox 369 4469 712 4515; baseline 0 -1"><span class='ocrx_word' id='word_1_352' title='bbox 369 4469 429 4514; x_wconf 73' lang='grc' dir='ltr'><em>οι</em></span> <span class='ocrx_word' id='word_1_353' title='bbox 457 4475 666 4515; x_wconf 88' lang='lat' dir='ltr'><strong>rursum</strong></span> <span class='ocrx_word' id='word_1_354' title='bbox 700 4479 712 4514; x_wconf 75' lang='grc' dir='ltr'><strong>Ξ</strong></span> 
     </span>
    </p>
   </div>
   <div class='ocr_carea' id='block_1_47' title="bbox 371 4574 1953 4650">
    <p class='ocr_par' dir='ltr' id='par_1_47' title="bbox 371 4574 1953 4650">
     <span class='ocr_line' id='line_1_47' title="bbox 371 4574 1953 4650; baseline 0.005 -22"><span class='ocrx_word' id='word_1_355' title='bbox 371 4574 571 4629; x_wconf 83' lang='lat' dir='ltr'><strong>Solvite</strong></span> <span class='ocrx_word' id='word_1_356' title='bbox 590 4587 724 4629; x_wconf 88' lang='lat' dir='ltr'><strong>serta</strong></span> <span class='ocrx_word' id='word_1_357' title='bbox 745 4578 888 4643; x_wconf 82' lang='lat' dir='ltr'><strong>mihi,</strong></span> <span class='ocrx_word' id='word_1_358' title='bbox 914 4589 1062 4640; x_wconf 88' lang='lat' dir='ltr'><strong>atque</strong></span> <span class='ocrx_word' id='word_1_359' title='bbox 1081 4579 1229 4645; x_wconf 82' lang='lat' dir='ltr'><strong>pedes</strong></span> <span class='ocrx_word' id='word_1_360' title='bbox 1249 4579 1498 4650; x_wconf 78' lang='lat' dir='ltr'><strong>aspergite</strong></span> <span class='ocrx_word' id='word_1_361' title='bbox 1517 4581 1724 4650; x_wconf 80' lang='lat' dir='ltr'><strong>lympha</strong></span> <span class='ocrx_word' id='word_1_362' title='bbox 1746 4583 1953 4648; x_wconf 83' lang='lat' dir='ltr'><strong>munda,</strong></span> 
     </span>
    </p>
   </div>
   <div class='ocr_carea' id='block_1_48' title="bbox 369 4664 1798 4743">
    <p class='ocr_par' dir='ltr' id='par_1_48' title="bbox 369 4664 1798 4743">
     <span class='ocr_line' id='line_1_48' title="bbox 369 4664 1798 4743; baseline 0.006 -27"><span class='ocrx_word' id='word_1_363' title='bbox 369 4664 443 4717; x_wconf 76' lang='lat' dir='ltr'><strong>Et</strong></span> <span class='ocrx_word' id='word_1_364' title='bbox 469 4677 826 4737; x_wconf 67' lang='lat' dir='ltr'><strong>expungtmtur</strong></span> <span class='ocrx_word' id='word_1_365' title='bbox 853 4668 978 4720; x_wconf 81' lang='lat' dir='ltr'><strong>mihi</strong></span> <span class='ocrx_word' id='word_1_366' title='bbox 1003 4668 1149 4720; x_wconf 75' lang='lat' dir='ltr'><strong>linea:</strong></span> <span class='ocrx_word' id='word_1_367' title='bbox 1166 4708 1181 4733; x_wconf 93' lang='lat'><strong>,</strong></span> <span class='ocrx_word' id='word_1_368' title='bbox 1215 4679 1266 4722; x_wconf 89' lang='lat' dir='ltr'><strong>ut</strong></span> <span class='ocrx_word' id='word_1_369' title='bbox 1292 4669 1466 4724; x_wconf 82' lang='lat' dir='ltr'><strong>adesse</strong></span> <span class='ocrx_word' id='word_1_370' title='bbox 1493 4672 1678 4741; x_wconf 80' lang='lat' dir='ltr'><strong>possint</strong></span> <span class='ocrx_word' id='word_1_371' title='bbox 1703 4673 1798 4743; x_wconf 78' lang='grc' dir='ltr'><strong>(ὑ).</strong></span> 
     </span>
    </p>
   </div>
   <div class='ocr_carea' id='block_1_49' title="bbox 399 4795 1956 4866">
    <p class='ocr_par' dir='ltr' id='par_1_49' title="bbox 399 4795 1956 4866">
     <span class='ocr_line' id='line_1_49' title="bbox 399 4795 1956 4866; baseline 0.008 -23"><span class='ocrx_word' id='word_1_372' title='bbox 399 4857 408 4866; x_wconf 85' lang='lat'>_</span> <span class='ocrx_word' id='word_1_373' title='bbox 436 4797 512 4866; x_wconf 70' lang='grc' dir='ltr'><strong>(τι)</strong></span> <span class='ocrx_word' id='word_1_374' title='bbox 525 4804 636 4846; x_wconf 72' lang='lat' dir='ltr'><strong>tunc</strong></span> <span class='ocrx_word' id='word_1_375' title='bbox 658 4795 1036 4866; x_wconf 57' lang='lat' dir='ltr'><strong>tjlatonisverba</strong></span> <span class='ocrx_word' id='word_1_376' title='bbox 1056 4799 1296 4866; x_wconf 71' lang='lat' dir='ltr'><strong>habentur</strong></span> <span class='ocrx_word' id='word_1_377' title='bbox 1311 4802 1358 4850; x_wconf 90' lang='lat' dir='ltr'><strong>in</strong></span> <span class='ocrx_word' id='word_1_378' title='bbox 1372 4800 1604 4866; x_wconf 75' lang='lat' dir='ltr'><strong>Apologia</strong></span> <span class='ocrx_word' id='word_1_379' title='bbox 1616 4805 1831 4866; x_wconf 33' lang='lat' dir='ltr'><strong>ASocratis</strong></span> <span class='ocrx_word' id='word_1_380' title='bbox 1849 4805 1956 4855; x_wconf 85' lang='lat' dir='ltr'><strong>edi-</strong></span> 
     </span>
    </p>
   </div>
   <div class='ocr_carea' id='block_1_50' title="bbox 371 4859 1656 4923">
    <p class='ocr_par' dir='ltr' id='par_1_50' title="bbox 371 4859 1656 4923">
     <span class='ocr_line' id='line_1_50' title="bbox 371 4859 1656 4923; baseline 0.003 -17"><span class='ocrx_word' id='word_1_381' title='bbox 371 4859 524 4923; x_wconf 69' lang='lat' dir='ltr'><strong>tionis</strong></span> <span class='ocrx_word' id='word_1_382' title='bbox 537 4861 742 4923; x_wconf 68' lang='lat' dir='ltr'><strong>ttenrici</strong></span> <span class='ocrx_word' id='word_1_383' title='bbox 759 4861 922 4922; x_wconf 85' lang='lat' dir='ltr'><strong>Steph.</strong></span> <span class='ocrx_word' id='word_1_384' title='bbox 941 4872 1067 4923; x_wconf 87' lang='lat' dir='ltr'><strong>anno</strong></span> <span class='ocrx_word' id='word_1_385' title='bbox 1092 4862 1230 4922; x_wconf 75' lang='lat'><strong>1578,</strong></span> <span class='ocrx_word' id='word_1_386' title='bbox 1256 4859 1473 4923; x_wconf 64' lang='lat' dir='ltr'><strong>&#39;romo&#39;l,</strong></span> <span class='ocrx_word' id='word_1_387' title='bbox 1498 4859 1552 4923; x_wconf 45' lang='lat' dir='ltr'><strong>pi</strong></span> <span class='ocrx_word' id='word_1_388' title='bbox 1579 4863 1656 4911; x_wconf 61' lang='grc' dir='ltr'><strong>Ξ.</strong></span> 
     </span>
    </p>
   </div>
   <div class='ocr_carea' id='block_1_51' title="bbox 439 4918 1956 4979">
    <p class='ocr_par' dir='ltr' id='par_1_51' title="bbox 439 4918 1956 4979">
     <span class='ocr_line' id='line_1_51' title="bbox 439 4918 1956 4979; baseline 0.006 -12"><span class='ocrx_word' id='word_1_389' title='bbox 439 4918 510 4979; x_wconf 85' lang='lat' dir='ltr'><strong>(b)</strong></span> <span class='ocrx_word' id='word_1_390' title='bbox 536 4919 592 4968; x_wconf 84' lang='lat' dir='ltr'><strong>In</strong></span> <span class='ocrx_word' id='word_1_391' title='bbox 617 4921 721 4970; x_wconf 58' lang='lat' dir='ltr'><strong>hac</strong></span> <span class='ocrx_word' id='word_1_392' title='bbox 743 4918 950 4970; x_wconf 78' lang='lat' dir='ltr'><strong>carmina</strong></span> <span class='ocrx_word' id='word_1_393' title='bbox 975 4922 1078 4972; x_wconf 72' lang='lat' dir='ltr'><strong>haec</strong></span> <span class='ocrx_word' id='word_1_394' title='bbox 1099 4918 1240 4972; x_wconf 83' lang='lat' dir='ltr'><strong>docte</strong></span> <span class='ocrx_word' id='word_1_395' title='bbox 1263 4918 1710 4973; x_wconf 58' lang='lat' dir='ltr'><strong>disserit&#39;Halesius</strong></span> <span class='ocrx_word' id='word_1_396' title='bbox 1745 4927 1790 4974; x_wconf 87' lang='lat' dir='ltr'><strong>in</strong></span> <span class='ocrx_word' id='word_1_397' title='bbox 1827 4929 1956 4976; x_wconf 83' lang='lat' dir='ltr'><strong>notis</strong></span> 
     </span>
    </p>
   </div>
   <div class='ocr_carea' id='block_1_52' title="bbox 370 4979 1958 5052">
    <p class='ocr_par' dir='ltr' id='par_1_52' title="bbox 370 4979 1958 5052">
     <span class='ocr_line' id='line_1_52' title="bbox 370 4979 1958 5052; baseline 0.006 -24"><span class='ocrx_word' id='word_1_398' title='bbox 370 4979 641 5052; x_wconf 70' lang='lat' dir='ltr'><strong>Savilianis,</strong></span> <span class='ocrx_word' id='word_1_399' title='bbox 664 4995 716 5052; x_wconf 87' lang='lat' dir='ltr'><strong>p._</strong></span> <span class='ocrx_word' id='word_1_400' title='bbox 733 4983 855 5032; x_wconf 76' lang='lat'><strong>276:</strong></span> <span class='ocrx_word' id='word_1_401' title='bbox 875 4993 1048 5052; x_wconf 76' lang='lat' dir='ltr'><strong>Versus</strong></span> <span class='ocrx_word' id='word_1_402' title='bbox 1067 4983 1179 5034; x_wconf 81' lang='lat' dir='ltr'><strong>istos</strong></span> <span class='ocrx_word' id='word_1_403' title='bbox 1200 4985 1333 5052; x_wconf 81' lang='lat' dir='ltr'><strong>apud</strong></span> <span class='ocrx_word' id='word_1_404' title='bbox 1351 4991 1596 5047; x_wconf 83' lang='lat' dir='ltr'><strong>poetarum</strong></span> <span class='ocrx_word' id='word_1_405' title='bbox 1624 4987 1834 5052; x_wconf 73' lang='lat' dir='ltr'><strong>aliquem</strong></span> <span class='ocrx_word' id='word_1_406' title='bbox 1855 4990 1958 5052; x_wconf 79' lang='lat' dir='ltr'><strong>fru-</strong></span> 
     </span>
    </p>
   </div>
   <div class='ocr_carea' id='block_1_53' title="bbox 370 5044 1958 5110">
    <p class='ocr_par' dir='ltr' id='par_1_53' title="bbox 370 5044 1958 5110">
     <span class='ocr_line' id='line_1_53' title="bbox 370 5044 1958 5110; baseline 0.008 -23"><span class='ocrx_word' id='word_1_407' title='bbox 370 5049 476 5089; x_wconf 87' lang='lat' dir='ltr'><strong>stra</strong></span> <span class='ocrx_word' id='word_1_408' title='bbox 487 5044 758 5103; x_wconf 72' lang='lat' dir='ltr'><strong>quaesieris.</strong></span> <span class='ocrx_word' id='word_1_409' title='bbox 781 5044 1092 5110; x_wconf 80' lang='lat' dir='ltr'><strong>Quamobrem</strong></span> <span class='ocrx_word' id='word_1_410' title='bbox 1111 5058 1220 5110; x_wconf 74' lang='lat' dir='ltr'><strong>cum</strong></span> <span class='ocrx_word' id='word_1_411' title='bbox 1233 5044 1618 5110; x_wconf 63' lang='lat' dir='ltr'><strong>&#39;c‘ltrysostomum</strong></span> <span class='ocrx_word' id='word_1_412' title='bbox 1636 5044 1811 5099; x_wconf 73' lang='lat' dir='ltr'><strong>audias</strong></span> <span class='ocrx_word' id='word_1_413' title='bbox 1835 5044 1958 5100; x_wconf 78' lang='lat' dir='ltr'><strong>tam-</strong></span> 
     </span>
    </p>
   </div>
   <div class='ocr_carea' id='block_1_54' title="bbox 369 5105 1953 5175">
    <p class='ocr_par' dir='ltr' id='par_1_54' title="bbox 369 5105 1953 5175">
     <span class='ocr_line' id='line_1_54' title="bbox 369 5105 1953 5175; baseline 0.008 -27"><span class='ocrx_word' id='word_1_414' title='bbox 369 5113 519 5175; x_wconf 62' lang='lat' dir='ltr'><strong>cptum</strong></span> <span class='ocrx_word' id='word_1_415' title='bbox 539 5118 565 5153; x_wconf 89' lang='lat' dir='ltr'><strong>e</strong></span> <span class='ocrx_word' id='word_1_416' title='bbox 597 5111 734 5175; x_wconf 76' lang='lat' dir='ltr'><strong>poeta</strong></span> <span class='ocrx_word' id='word_1_417' title='bbox 766 5107 1085 5175; x_wconf 62' lang='lat' dir='ltr'><strong>proferentetu</strong></span> <span class='ocrx_word' id='word_1_418' title='bbox 1102 5141 1117 5162; x_wconf 89' lang='lat'><strong>,</strong></span> <span class='ocrx_word' id='word_1_419' title='bbox 1161 5105 1371 5170; x_wconf 69' lang='lat' dir='ltr'><strong>intellig&#39;e</strong></span> <span class='ocrx_word' id='word_1_420' title='bbox 1409 5109 1698 5175; x_wconf 70' lang='lat' dir='ltr'><strong>Plitebttdem</strong></span> <span class='ocrx_word' id='word_1_421' title='bbox 1743 5125 1838 5175; x_wconf 76' lang='lat' dir='ltr'><strong>seu</strong></span> <span class='ocrx_word' id='word_1_422' title='bbox 1859 5121 1953 5175; x_wconf 71' lang='lat' dir='ltr'><strong>I&#39;y-</strong></span> 
     </span>
    </p>
   </div>
   <div class='ocr_carea' id='block_1_55' title="bbox 368 5161 1955 5230">
    <p class='ocr_par' dir='ltr' id='par_1_55' title="bbox 368 5161 1955 5230">
     <span class='ocr_line' id='line_1_55' title="bbox 368 5161 1955 5230; baseline 0.009 -20"><span class='ocrx_word' id='word_1_423' title='bbox 368 5161 540 5230; x_wconf 69' lang='lat' dir='ltr'><strong>sitiant.</strong></span> <span class='ocrx_word' id='word_1_424' title='bbox 583 5161 700 5215; x_wconf 72' lang='lat' dir='ltr'><strong>Sunt</strong></span> <span class='ocrx_word' id='word_1_425' title='bbox 736 5161 865 5216; x_wconf 68' lang='lat' dir='ltr'><strong>enini</strong></span> <span class='ocrx_word' id='word_1_426' title='bbox 908 5161 1252 5230; x_wconf 76' lang='lat' dir='ltr'><strong>Delpltieortun</strong></span> <span class='ocrx_word' id='word_1_427' title='bbox 1290 5161 1596 5230; x_wconf 55' lang='lat' dir='ltr'><strong>oraculorum</strong></span> <span class='ocrx_word' id='word_1_428' title='bbox 1628 5161 1955 5225; x_wconf 52' lang='lat' dir='ltr'><strong>conclusiones</strong></span> 
     </span>
    </p>
   </div>
   <div class='ocr_carea' id='block_1_56' title="bbox 369 5227 1954 5298">
    <p class='ocr_par' dir='ltr' id='par_1_56' title="bbox 369 5227 1954 5298">
     <span class='ocr_line' id='line_1_56' title="bbox 369 5227 1954 5298; baseline 0.009 -28"><span class='ocrx_word' id='word_1_429' title='bbox 369 5227 620 5298; x_wconf 54' lang='lat' dir='ltr'><strong>ququam,</strong></span> <span class='ocrx_word' id='word_1_430' title='bbox 648 5227 1242 5298; x_wconf 64' lang='lat' dir='ltr'><strong>rogesquedtetiwuissibi</strong></span> <span class='ocrx_word' id='word_1_431' title='bbox 1262 5229 1468 5298; x_wconf 71' lang='lat' dir='ltr'><strong>abeundi</strong></span> <span class='ocrx_word' id='word_1_432' title='bbox 1492 5233 1699 5298; x_wconf 71' lang='lat' dir='ltr'><strong>gratiam</strong></span> <span class='ocrx_word' id='word_1_433' title='bbox 1720 5232 1832 5297; x_wconf 78' lang='lat' dir='ltr'><strong>fieri</strong></span> <span class='ocrx_word' id='word_1_434' title='bbox 1870 5247 1954 5298; x_wconf 87' lang='lat' dir='ltr'><strong>po-</strong></span> 
     </span>
    </p>
   </div>
   <div class='ocr_carea' id='block_1_57' title="bbox 365 5287 1951 5358">
    <p class='ocr_par' dir='ltr' id='par_1_57' title="bbox 365 5287 1951 5358">
     <span class='ocr_line' id='line_1_57' title="bbox 365 5287 1951 5358; baseline 0.008 -25"><span class='ocrx_word' id='word_1_435' title='bbox 365 5287 609 5358; x_wconf 50' lang='lat' dir='ltr'><strong>stuL‘tntis.</strong></span> <span class='ocrx_word' id='word_1_436' title='bbox 634 5287 853 5358; x_wconf 72' lang='lat' dir='ltr'><strong>Primttm</strong></span> <span class='ocrx_word' id='word_1_437' title='bbox 869 5288 1042 5358; x_wconf 66' lang='lat' dir='ltr'><strong>hor-unt</strong></span> <span class='ocrx_word' id='word_1_438' title='bbox 1065 5290 1206 5358; x_wconf 53' lang='lat' dir='ltr'><strong>habes</strong></span> <span class='ocrx_word' id='word_1_439' title='bbox 1229 5293 1360 5358; x_wconf 74' lang='lat' dir='ltr'><strong>apud</strong></span> <span class='ocrx_word' id='word_1_440' title='bbox 1389 5287 1730 5358; x_wconf 65' lang='lat' dir='ltr'><strong>Thetidoretuni</strong></span> <span class='ocrx_word' id='word_1_441' title='bbox 1752 5287 1951 5358; x_wconf 70' lang='lat' dir='ltr'><strong>cap.&#39;de</strong></span> 
     </span>
    </p>
   </div>
   <div class='ocr_carea' id='block_1_58' title="bbox 368 5349 1954 5420">
    <p class='ocr_par' dir='ltr' id='par_1_58' title="bbox 368 5349 1954 5420">
     <span class='ocr_line' id='line_1_58' title="bbox 368 5349 1954 5420; baseline 0.006 -24"><span class='ocrx_word' id='word_1_442' title='bbox 368 5349 613 5416; x_wconf 69' lang='lat' dir='ltr'><strong>oraculis,</strong></span> <span class='ocrx_word' id='word_1_443' title='bbox 628 5355 681 5420; x_wconf 73' lang='lat' dir='ltr'><strong>et</strong></span> <span class='ocrx_word' id='word_1_444' title='bbox 703 5351 837 5420; x_wconf 71' lang='lat' dir='ltr'><strong>apud</strong></span> <span class='ocrx_word' id='word_1_445' title='bbox 863 5351 1115 5420; x_wconf 75' lang='lat' dir='ltr'><strong>Eusebium</strong></span> <span class='ocrx_word' id='word_1_446' title='bbox 1136 5349 1269 5420; x_wconf 61' lang='lat' dir='ltr'><strong>libra</strong></span> <span class='ocrx_word' id='word_1_447' title='bbox 1280 5355 1310 5403; x_wconf 76' lang='grc' dir='ltr'>ὅ</span> <span class='ocrx_word' id='word_1_448' title='bbox 1326 5355 1622 5420; x_wconf 75' lang='lat' dir='ltr'><strong>Evangelij</strong></span> <span class='ocrx_word' id='word_1_449' title='bbox 1636 5349 1954 5420; x_wconf 70' lang='lat' dir='ltr'><strong>prwparatio-</strong></span> 
     </span>
    </p>
   </div>
   <div class='ocr_carea' id='block_1_59' title="bbox 365 5411 1952 5480">
    <p class='ocr_par' dir='ltr' id='par_1_59' title="bbox 365 5411 1952 5480">
     <span class='ocr_line' id='line_1_59' title="bbox 365 5411 1952 5480; baseline 0.007 -22"><span class='ocrx_word' id='word_1_450' title='bbox 365 5411 462 5480; x_wconf 67' lang='lat' dir='ltr'><strong>nis.</strong></span> <span class='ocrx_word' id='word_1_451' title='bbox 497 5411 638 5472; x_wconf 69' lang='lat' dir='ltr'><strong>Apud</strong></span> <span class='ocrx_word' id='word_1_452' title='bbox 650 5413 885 5480; x_wconf 72' lang='lat' dir='ltr'><strong>eumdem</strong></span> <span class='ocrx_word' id='word_1_453' title='bbox 915 5412 1081 5480; x_wconf 59' lang='lat' dir='ltr'><strong>clima</strong></span> <span class='ocrx_word' id='word_1_454' title='bbox 1097 5413 1368 5480; x_wconf 65' lang='lat' dir='ltr'><strong>Eusebium</strong></span> <span class='ocrx_word' id='word_1_455' title='bbox 1385 5411 1529 5466; x_wconf 75' lang='lat' dir='ltr'><strong>[tabes</strong></span> <span class='ocrx_word' id='word_1_456' title='bbox 1551 5411 1786 5480; x_wconf 50' lang='lat' dir='ltr'><strong>posterius</strong></span> <span class='ocrx_word' id='word_1_457' title='bbox 1808 5419 1952 5469; x_wconf 77' lang='lat' dir='ltr'><strong>disti-</strong></span> 
     </span>
    </p>
   </div>
   <div class='ocr_carea' id='block_1_60' title="bbox 367 5468 1950 5540">
    <p class='ocr_par' dir='ltr' id='par_1_60' title="bbox 367 5468 1950 5540">
     <span class='ocr_line' id='line_1_60' title="bbox 367 5468 1950 5540; baseline 0.009 -24"><span class='ocrx_word' id='word_1_458' title='bbox 367 5468 511 5540; x_wconf 68' lang='lat' dir='ltr'><strong>clwri,</strong></span> <span class='ocrx_word' id='word_1_459' title='bbox 531 5468 660 5535; x_wconf 60' lang='lat' dir='ltr'><strong>Quod</strong></span> <span class='ocrx_word' id='word_1_460' title='bbox 685 5474 909 5540; x_wconf 64' lang='lat' dir='ltr'><strong>quoniam</strong></span> <span class='ocrx_word' id='word_1_461' title='bbox 945 5481 1014 5524; x_wconf 77' lang='lat' dir='ltr'><strong>est</strong></span> <span class='ocrx_word' id='word_1_462' title='bbox 1035 5474 1299 5540; x_wconf 78' lang='lat' dir='ltr'><strong>obscurius,</strong></span> <span class='ocrx_word' id='word_1_463' title='bbox 1326 5477 1478 5528; x_wconf 66' lang='lat' dir='ltr'><strong>tivum</strong></span> <span class='ocrx_word' id='word_1_464' title='bbox 1520 5468 1686 5538; x_wconf 73' lang='lat' dir='ltr'><strong>paucis</strong></span> <span class='ocrx_word' id='word_1_465' title='bbox 1709 5468 1950 5540; x_wconf 79' lang='lat' dir='ltr'><strong>interpre-</strong></span> 
     </span>
    </p>
   </div>
   <div class='ocr_carea' id='block_1_61' title="bbox 365 5533 1947 5604">
    <p class='ocr_par' dir='ltr' id='par_1_61' title="bbox 365 5533 1947 5604">
     <span class='ocr_line' id='line_1_61' title="bbox 365 5533 1947 5604; baseline 0.008 -26"><span class='ocrx_word' id='word_1_466' title='bbox 365 5533 480 5581; x_wconf 81' lang='lat' dir='ltr'><strong>tari.</strong></span> <span class='ocrx_word' id='word_1_467' title='bbox 513 5533 955 5604; x_wconf 62' lang='lat' dir='ltr'><strong>Usurpa&#39;bantolim</strong></span> <span class='ocrx_word' id='word_1_468' title='bbox 972 5533 1329 5604; x_wconf 69' lang='lat' dir='ltr'><strong>superstitiones</strong></span> <span class='ocrx_word' id='word_1_469' title='bbox 1359 5533 1594 5599; x_wconf 83' lang='lat' dir='ltr'><strong>quasdam</strong></span> <span class='ocrx_word' id='word_1_470' title='bbox 1617 5533 1947 5604; x_wconf 64' lang='lat' dir='ltr'><strong>ridiculusque</strong></span> 
     </span>
    </p>
   </div>
   <div class='ocr_carea' id='block_1_62' title="bbox 364 5595 1946 5662">
    <p class='ocr_par' dir='ltr' id='par_1_62' title="bbox 364 5595 1946 5662">
     <span class='ocr_line' id='line_1_62' title="bbox 364 5595 1946 5662; baseline 0.008 -22"><span class='ocrx_word' id='word_1_471' title='bbox 364 5595 668 5662; x_wconf 67' lang='lat' dir='ltr'><strong>ceremons&#39;as</strong></span> <span class='ocrx_word' id='word_1_472' title='bbox 685 5634 698 5655; x_wconf 96' lang='lat'><strong>,</strong></span> <span class='ocrx_word' id='word_1_473' title='bbox 725 5596 905 5662; x_wconf 78' lang='lat' dir='ltr'><strong>quibus</strong></span> <span class='ocrx_word' id='word_1_474' title='bbox 918 5595 1200 5662; x_wconf 72' lang='lat' dir='ltr'><strong>credebant</strong></span> <span class='ocrx_word' id='word_1_475' title='bbox 1220 5595 1466 5662; x_wconf 69' lang='lat' dir='ltr'><strong>dieman</strong></span> <span class='ocrx_word' id='word_1_476' title='bbox 1487 5601 1695 5662; x_wconf 75' lang='lat' dir='ltr'><strong>euocari,</strong></span> <span class='ocrx_word' id='word_1_477' title='bbox 1717 5610 1764 5651; x_wconf 88' lang='lat' dir='ltr'><strong>et</strong></span> <span class='ocrx_word' id='word_1_478' title='bbox 1786 5595 1946 5654; x_wconf 69' lang='lat' dir='ltr'><strong>uel&#39;ad</strong></span> 
     </span>
    </p>
   </div>
   <div class='ocr_carea' id='block_1_63' title="bbox 365 5655 1947 5773">
    <p class='ocr_par' dir='ltr' id='par_1_63' title="bbox 365 5655 1947 5773">
     <span class='ocr_line' id='line_1_63' title="bbox 365 5655 1947 5773; baseline 0.009 -73"><span class='ocrx_word' id='word_1_479' title='bbox 365 5655 554 5724; x_wconf 71' lang='lat' dir='ltr'><strong>primm</strong></span> <span class='ocrx_word' id='word_1_480' title='bbox 573 5655 830 5727; x_wconf 78' lang='lat' dir='ltr'><strong>colloquia,</strong></span> <span class='ocrx_word' id='word_1_481' title='bbox 857 5657 926 5729; x_wconf 68' lang='lat' dir='ltr'><strong>vel</strong></span> <span class='ocrx_word' id='word_1_482' title='bbox 948 5659 1012 5707; x_wconf 86' lang='lat' dir='ltr'><strong>ad</strong></span> <span class='ocrx_word' id='word_1_483' title='bbox 1035 5659 1232 5730; x_wconf 71' lang='lat' dir='ltr'><strong>oracula</strong></span> <span class='ocrx_word' id='word_1_484' title='bbox 1254 5660 1443 5711; x_wconf 84' lang='lat' dir='ltr'><strong>edenda</strong></span> <span class='ocrx_word' id='word_1_485' title='bbox 1455 5661 1638 5773; x_wconf 52' lang='lat' dir='ltr'><strong>pellice</strong></span> <span class='ocrx_word' id='word_1_486' title='bbox 1655 5655 1947 5734; x_wconf 64' lang='lat' dir='ltr'><strong>(‘eremoniis</strong></span> 
     </span>
     <span class='ocr_line' id='line_1_64' title="bbox 365 5722 1947 5773; baseline 0.004 -6"><span class='ocrx_word' id='word_1_487' title='bbox 365 5725 470 5768; x_wconf 63' lang='lat' dir='ltr'><strong>bus</strong></span> <span class='ocrx_word' id='word_1_488' title='bbox 489 5725 676 5769; x_wconf 81' lang='lat' dir='ltr'><strong>ttmtam</strong></span> <span class='ocrx_word' id='word_1_489' title='bbox 694 5732 848 5772; x_wconf 83' lang='lat' dir='ltr'><strong>utesse</strong></span> <span class='ocrx_word' id='word_1_490' title='bbox 867 5731 980 5773; x_wconf 65' lang='lat' dir='ltr'><strong>vim.</strong></span> <span class='ocrx_word' id='word_1_491' title='bbox 1001 5734 1084 5772; x_wconf 84' lang='lat' dir='ltr'><strong>seu</strong></span> <span class='ocrx_word' id='word_1_492' title='bbox 1105 5728 1278 5773; x_wconf 76' lang='lat' dir='ltr'><strong>nouus.</strong></span> <span class='ocrx_word' id='word_1_493' title='bbox 1305 5729 1352 5772; x_wconf 86' lang='lat' dir='ltr'><strong>ut</strong></span> <span class='ocrx_word' id='word_1_494' title='bbox 1374 5735 1452 5773; x_wconf 87' lang='lat' dir='ltr'><strong>mo</strong></span> <span class='ocrx_word' id='word_1_495' title='bbox 1473 5722 1566 5773; x_wconf 82' lang='lat' dir='ltr'><strong>ltus</strong></span> <span class='ocrx_word' id='word_1_496' title='bbox 1589 5727 1796 5773; x_wconf 81' lang='lat' dir='ltr'><strong>tamatur</strong></span> <span class='ocrx_word' id='word_1_497' title='bbox 1814 5728 1947 5773; x_wconf 80' lang='lat' dir='ltr'><strong>Par.</strong></span> 
     </span>
    </p>
   </div>
   <div class='ocr_carea' id='block_1_64' title="bbox 365 5722 1952 5790">
    <p class='ocr_par' dir='ltr' id='par_1_64' title="bbox 365 5722 1952 5790">
     <span class='ocr_line' id='line_1_65' title="bbox 365 5722 1952 5790; baseline 0.008 -23"><span class='ocrx_word' id='word_1_498' title='bbox 365 5722 470 5768; x_wconf 67' lang='lat' dir='ltr'><strong>tstt&#39;s</strong></span> <span class='ocrx_word' id='word_1_499' title='bbox 489 5725 676 5769; x_wconf 81' lang='lat' dir='ltr'><strong>ttmtam</strong></span> <span class='ocrx_word' id='word_1_500' title='bbox 694 5722 848 5772; x_wconf 78' lang='lat' dir='ltr'><strong>utesse</strong></span> <span class='ocrx_word' id='word_1_501' title='bbox 867 5722 980 5785; x_wconf 72' lang='lat' dir='ltr'><strong>vim,</strong></span> <span class='ocrx_word' id='word_1_502' title='bbox 1001 5734 1084 5772; x_wconf 84' lang='lat' dir='ltr'><strong>seu</strong></span> <span class='ocrx_word' id='word_1_503' title='bbox 1105 5722 1278 5785; x_wconf 82' lang='lat' dir='ltr'><strong>potius,</strong></span> <span class='ocrx_word' id='word_1_504' title='bbox 1305 5729 1352 5772; x_wconf 86' lang='lat' dir='ltr'><strong>ut</strong></span> <span class='ocrx_word' id='word_1_505' title='bbox 1374 5722 1566 5776; x_wconf 84' lang='lat' dir='ltr'><strong>mollius</strong></span> <span class='ocrx_word' id='word_1_506' title='bbox 1589 5726 1796 5790; x_wconf 76' lang='lat' dir='ltr'><strong>loquitur</strong></span> <span class='ocrx_word' id='word_1_507' title='bbox 1813 5728 1952 5780; x_wconf 50' lang='lat' dir='ltr'><strong>Par.</strong></span> 
     </span>
    </p>
   </div>
   <div class='ocr_carea' id='block_1_65' title="bbox 1395 269 2614 331">
    <p class='ocr_par' dir='ltr' id='par_1_65' title="bbox 1395 269 2614 331">
     <span class='ocr_line' id='line_1_66' title="bbox 1395 269 2614 331; baseline 0.002 -3"><span class='ocrx_word' id='word_1_508' title='bbox 1395 273 1462 329; x_wconf 85' lang='lat' dir='ltr'><strong>IN</strong></span> <span class='ocrx_word' id='word_1_509' title='bbox 1499 271 1710 330; x_wconf 78' lang='lat' dir='ltr'><strong>EPIST.</strong></span> <span class='ocrx_word' id='word_1_510' title='bbox 1743 271 1761 326; x_wconf 89' lang='lat' dir='ltr'><strong>l</strong></span> <span class='ocrx_word' id='word_1_511' title='bbox 1825 271 1916 328; x_wconf 80' lang='lat' dir='ltr'><strong>AD</strong></span> <span class='ocrx_word' id='word_1_512' title='bbox 1953 269 2108 328; x_wconf 77' lang='lat' dir='ltr'><strong>COR.</strong></span> <span class='ocrx_word' id='word_1_513' title='bbox 2151 270 2378 327; x_wconf 76' lang='lat' dir='ltr'><strong>HOMIL.</strong></span> <span class='ocrx_word' id='word_1_514' title='bbox 2420 271 2614 331; x_wconf 76' lang='lat' dir='ltr'><strong>XXIX.</strong></span> 
     </span>
    </p>
   </div>
   <div class='ocr_carea' id='block_1_66' title="bbox 2030 389 3648 472">
    <p class='ocr_par' dir='ltr' id='par_1_66' title="bbox 2030 389 3648 472">
     <span class='ocr_line' id='line_1_67' title="bbox 2030 389 3648 472; baseline 0.004 -26"><span class='ocrx_word' id='word_1_515' title='bbox 2030 456 2034 460; x_wconf 19' lang='grc' dir='ltr'><strong>ν</strong></span> <span class='ocrx_word' id='word_1_516' title='bbox 2065 389 2190 447; x_wconf 63' lang='lat' dir='ltr'><strong>Hec</strong></span> <span class='ocrx_word' id='word_1_517' title='bbox 2214 390 2359 447; x_wconf 88' lang='lat' dir='ltr'><strong>enim</strong></span> <span class='ocrx_word' id='word_1_518' title='bbox 2389 402 2447 448; x_wconf 90' lang='lat' dir='ltr'><strong>et</strong></span> <span class='ocrx_word' id='word_1_519' title='bbox 2471 391 2664 448; x_wconf 78' lang='lat' dir='ltr'><strong>similia</strong></span> <span class='ocrx_word' id='word_1_520' title='bbox 2687 391 2707 461; x_wconf 89' lang='lat'>(</span> <span class='ocrx_word' id='word_1_521' title='bbox 2730 405 2852 448; x_wconf 86' lang='lat' dir='ltr'><strong>nam</strong></span> <span class='ocrx_word' id='word_1_522' title='bbox 2879 391 3036 464; x_wconf 75' lang='lat' dir='ltr'><strong>longe</strong></span> <span class='ocrx_word' id='word_1_523' title='bbox 3063 392 3214 464; x_wconf 86' lang='lat' dir='ltr'><strong>plura</strong></span> <span class='ocrx_word' id='word_1_524' title='bbox 3245 393 3352 450; x_wconf 87' lang='lat' dir='ltr'><strong>diei</strong></span> <span class='ocrx_word' id='word_1_525' title='bbox 3386 410 3601 466; x_wconf 86' lang='lat' dir='ltr'><strong>possent</strong></span> <span class='ocrx_word' id='word_1_526' title='bbox 3627 403 3648 472; x_wconf 95' lang='lat'><strong>)</strong></span> 
     </span>
    </p>
   </div>
   <div class='ocr_carea' id='block_1_67' title="bbox 3542 282 3648 339">
    <p class='ocr_par' dir='ltr' id='par_1_67' title="bbox 3542 282 3648 339">
     <span class='ocr_line' id='line_1_68' title="bbox 3542 282 3648 339; baseline -0.019 0"><span class='ocrx_word' id='word_1_527' title='bbox 3542 282 3648 339; x_wconf 58' lang='lat'><strong>‘21.?</strong></span> 
     </span>
    </p>
   </div>
   <div class='ocr_carea' id='block_1_68' title="bbox 2062 484 3650 560">
    <p class='ocr_par' dir='ltr' id='par_1_68' title="bbox 2062 484 3650 560">
     <span class='ocr_line' id='line_1_69' title="bbox 2062 484 3650 560; baseline 0.004 -21"><span class='ocrx_word' id='word_1_528' title='bbox 2062 494 2286 554; x_wconf 83' lang='lat' dir='ltr'><strong>utraque</strong></span> <span class='ocrx_word' id='word_1_529' title='bbox 2311 484 2468 541; x_wconf 84' lang='lat' dir='ltr'><strong>nobis</strong></span> <span class='ocrx_word' id='word_1_530' title='bbox 2489 485 2778 543; x_wconf 87' lang='lat' dir='ltr'><strong>ostendunt</strong></span> <span class='ocrx_word' id='word_1_531' title='bbox 2799 493 2856 542; x_wconf 90' lang='lat' dir='ltr'><strong>et</strong></span> <span class='ocrx_word' id='word_1_532' title='bbox 2879 487 3252 542; x_wconf 83' lang='lat' dir='ltr'><strong>necessitatem</strong></span> <span class='ocrx_word' id='word_1_533' title='bbox 3277 502 3379 560; x_wconf 85' lang='lat' dir='ltr'><strong>qua</strong></span> <span class='ocrx_word' id='word_1_534' title='bbox 3406 491 3650 546; x_wconf 85' lang='lat' dir='ltr'><strong>serviunt</strong></span> 
     </span>
    </p>
   </div>
   <div class='ocr_carea' id='block_1_69' title="bbox 2063 575 3648 647">
    <p class='ocr_par' dir='ltr' id='par_1_69' title="bbox 2063 575 3648 647">
     <span class='ocr_line' id='line_1_70' title="bbox 2063 575 3648 647; baseline 0.004 -18"><span class='ocrx_word' id='word_1_535' title='bbox 2063 575 2151 645; x_wconf 87' lang='lat' dir='ltr'><strong>qtti</strong></span> <span class='ocrx_word' id='word_1_536' title='bbox 2179 575 2485 633; x_wconf 86' lang='lat' dir='ltr'><strong>detinentur</strong></span> <span class='ocrx_word' id='word_1_537' title='bbox 2508 575 2783 632; x_wconf 68' lang='lat' dir='ltr'><strong>daemones</strong></span> <span class='ocrx_word' id='word_1_538' title='bbox 2807 616 2822 643; x_wconf 89' lang='lat'><strong>,</strong></span> <span class='ocrx_word' id='word_1_539' title='bbox 2855 586 2910 632; x_wconf 90' lang='lat' dir='ltr'><strong>et</strong></span> <span class='ocrx_word' id='word_1_540' title='bbox 2935 577 3040 632; x_wconf 87' lang='lat' dir='ltr'><strong>vim</strong></span> <span class='ocrx_word' id='word_1_541' title='bbox 3067 592 3224 647; x_wconf 88' lang='lat' dir='ltr'><strong>quam</strong></span> <span class='ocrx_word' id='word_1_542' title='bbox 3253 579 3582 635; x_wconf 82' lang='lat' dir='ltr'><strong>sustinentes</strong></span> <span class='ocrx_word' id='word_1_543' title='bbox 3613 582 3648 635; x_wconf 91' lang='lat' dir='ltr'><strong>it</strong></span> 
     </span>
    </p>
   </div>
   <div class='ocr_carea' id='block_1_70' title="bbox 2062 666 3649 737">
    <p class='ocr_par' dir='ltr' id='par_1_70' title="bbox 2062 666 3649 737">
     <span class='ocr_line' id='line_1_71' title="bbox 2062 666 3649 737; baseline 0.004 -17"><span class='ocrx_word' id='word_1_544' title='bbox 2062 668 2150 737; x_wconf 90' lang='lat' dir='ltr'><strong>qui</strong></span> <span class='ocrx_word' id='word_1_545' title='bbox 2171 666 2338 723; x_wconf 88' lang='lat' dir='ltr'><strong>semel</strong></span> <span class='ocrx_word' id='word_1_546' title='bbox 2365 681 2424 723; x_wconf 90' lang='lat' dir='ltr'><strong>se</strong></span> <span class='ocrx_word' id='word_1_547' title='bbox 2450 668 2580 737; x_wconf 87' lang='lat' dir='ltr'><strong>ipsis</strong></span> <span class='ocrx_word' id='word_1_548' title='bbox 2606 667 2945 736; x_wconf 86' lang='lat' dir='ltr'><strong>dediderunt,</strong></span> <span class='ocrx_word' id='word_1_549' title='bbox 2963 677 3018 723; x_wconf 92' lang='lat' dir='ltr'><strong>et</strong></span> <span class='ocrx_word' id='word_1_550' title='bbox 3039 683 3068 721; x_wconf 87' lang='lat' dir='ltr'><strong>a</strong></span> <span class='ocrx_word' id='word_1_551' title='bbox 3093 670 3318 724; x_wconf 89' lang='lat' dir='ltr'><strong>naturali</strong></span> <span class='ocrx_word' id='word_1_552' title='bbox 3349 685 3442 724; x_wconf 90' lang='lat' dir='ltr'><strong>sua</strong></span> <span class='ocrx_word' id='word_1_553' title='bbox 3470 679 3649 726; x_wconf 83' lang='lat' dir='ltr'><strong>mente</strong></span> 
     </span>
    </p>
   </div>
   <div class='ocr_carea' id='block_1_71' title="bbox 2062 757 3650 832">
    <p class='ocr_par' dir='ltr' id='par_1_71' title="bbox 2062 757 3650 832">
     <span class='ocr_line' id='line_1_72' title="bbox 2062 757 3650 832; baseline 0.001 -19"><span class='ocrx_word' id='word_1_554' title='bbox 2062 757 2345 814; x_wconf 77' lang='lat' dir='ltr'><strong>excedunt.</strong></span> <span class='ocrx_word' id='word_1_555' title='bbox 2381 758 2566 829; x_wconf 82' lang='lat' dir='ltr'><strong>Pythia</strong></span> <span class='ocrx_word' id='word_1_556' title='bbox 2595 773 2724 813; x_wconf 89' lang='lat' dir='ltr'><strong>vero</strong></span> <span class='ocrx_word' id='word_1_557' title='bbox 2754 758 2938 829; x_wconf 77' lang='lat' dir='ltr'><strong>(cogor</strong></span> <span class='ocrx_word' id='word_1_558' title='bbox 2961 760 3103 816; x_wconf 86' lang='lat' dir='ltr'><strong>enim</strong></span> <span class='ocrx_word' id='word_1_559' title='bbox 3129 759 3292 815; x_wconf 89' lang='lat' dir='ltr'><strong>aliam</strong></span> <span class='ocrx_word' id='word_1_560' title='bbox 3319 775 3529 832; x_wconf 87' lang='lat' dir='ltr'><strong>quoque</strong></span> <span class='ocrx_word' id='word_1_561' title='bbox 3557 777 3650 816; x_wconf 83' lang='lat' dir='ltr'><strong>eo-</strong></span> 
     </span>
    </p>
   </div>
   <div class='ocr_carea' id='block_1_72' title="bbox 2064 847 3644 921">
    <p class='ocr_par' dir='ltr' id='par_1_72' title="bbox 2064 847 3644 921">
     <span class='ocr_line' id='line_1_73' title="bbox 2064 847 3644 921; baseline 0.002 -17"><span class='ocrx_word' id='word_1_562' title='bbox 2064 865 2182 904; x_wconf 88' lang='lat' dir='ltr'><strong>rum</strong></span> <span class='ocrx_word' id='word_1_563' title='bbox 2225 847 2606 918; x_wconf 82' lang='lat' dir='ltr'><strong>turpi;udinem</strong></span> <span class='ocrx_word' id='word_1_564' title='bbox 2651 849 2932 905; x_wconf 88' lang='lat' dir='ltr'><strong>traducere</strong></span> <span class='ocrx_word' id='word_1_565' title='bbox 2955 891 2970 911; x_wconf 89' lang='lat'><strong>.</strong></span> <span class='ocrx_word' id='word_1_566' title='bbox 2997 865 3156 920; x_wconf 90' lang='lat' dir='ltr'><strong>quam</strong></span> <span class='ocrx_word' id='word_1_567' title='bbox 3199 849 3395 906; x_wconf 84' lang='lat' dir='ltr'><strong>bonum</strong></span> <span class='ocrx_word' id='word_1_568' title='bbox 3431 851 3644 921; x_wconf 73' lang='lat' dir='ltr'><strong>quidem</strong></span> 
     </span>
    </p>
   </div>
   <div class='ocr_carea' id='block_1_73' title="bbox 2062 940 3645 1009">
    <p class='ocr_par' dir='ltr' id='par_1_73' title="bbox 2062 940 3645 1009">
     <span class='ocr_line' id='line_1_74' title="bbox 2062 940 3645 1009; baseline 0.001 -15"><span class='ocrx_word' id='word_1_569' title='bbox 2062 949 2206 994; x_wconf 87' lang='lat' dir='ltr'><strong>esset</strong></span> <span class='ocrx_word' id='word_1_570' title='bbox 2251 941 2658 1009; x_wconf 72' lang='lat' dir='ltr'><strong>prmtermittere</strong></span> <span class='ocrx_word' id='word_1_571' title='bbox 2684 981 2699 1006; x_wconf 93' lang='lat'><strong>,</strong></span> <span class='ocrx_word' id='word_1_572' title='bbox 2726 940 2868 1009; x_wconf 91' lang='lat' dir='ltr'><strong>quod</strong></span> <span class='ocrx_word' id='word_1_573' title='bbox 2899 940 3212 995; x_wconf 90' lang='lat' dir='ltr'><strong>indecorum</strong></span> <span class='ocrx_word' id='word_1_574' title='bbox 3242 941 3396 996; x_wconf 91' lang='lat' dir='ltr'><strong>nobis</strong></span> <span class='ocrx_word' id='word_1_575' title='bbox 3423 942 3491 996; x_wconf 89' lang='lat' dir='ltr'><strong>sit</strong></span> <span class='ocrx_word' id='word_1_576' title='bbox 3523 943 3645 996; x_wconf 89' lang='lat' dir='ltr'><strong>talia</strong></span> 
     </span>
    </p>
   </div>
   <div class='ocr_carea' id='block_1_74' title="bbox 2063 1028 3645 1100">
    <p class='ocr_par' dir='ltr' id='par_1_74' title="bbox 2063 1028 3645 1100">
     <span class='ocr_line' id='line_1_75' title="bbox 2063 1028 3645 1100; baseline 0.003 -17"><span class='ocrx_word' id='word_1_577' title='bbox 2063 1028 2304 1099; x_wconf 79' lang='lat' dir='ltr'><strong>proferre</strong></span> <span class='ocrx_word' id='word_1_578' title='bbox 2328 1046 2343 1096; x_wconf 91' lang='lat'><strong>;</strong></span> <span class='ocrx_word' id='word_1_579' title='bbox 2390 1039 2449 1084; x_wconf 94' lang='lat' dir='ltr'><strong>ut</strong></span> <span class='ocrx_word' id='word_1_580' title='bbox 2477 1039 2653 1086; x_wconf 60' lang='lat' dir='ltr'><strong>autem</strong></span> <span class='ocrx_word' id='word_1_581' title='bbox 2685 1031 2896 1086; x_wconf 90' lang='lat' dir='ltr'><strong>illorum</strong></span> <span class='ocrx_word' id='word_1_582' title='bbox 2927 1030 3160 1086; x_wconf 87' lang='lat' dir='ltr'><strong>dedecus</strong></span> <span class='ocrx_word' id='word_1_583' title='bbox 3189 1031 3384 1087; x_wconf 89' lang='lat' dir='ltr'><strong>clarius</strong></span> <span class='ocrx_word' id='word_1_584' title='bbox 3413 1033 3606 1088; x_wconf 85' lang='lat' dir='ltr'><strong>evadat</strong></span> <span class='ocrx_word' id='word_1_585' title='bbox 3627 1074 3645 1100; x_wconf 96' lang='lat'><strong>,</strong></span> 
     </span>
    </p>
   </div>
   <div class='ocr_carea' id='block_1_75' title="bbox 2063 1121 3645 1190">
    <p class='ocr_par' dir='ltr' id='par_1_75' title="bbox 2063 1121 3645 1190">
     <span class='ocr_line' id='line_1_76' title="bbox 2063 1121 3645 1190; baseline 0.003 -17"><span class='ocrx_word' id='word_1_586' title='bbox 2063 1121 2423 1176; x_wconf 85' lang='lat' dir='ltr'><strong>necessarium</strong></span> <span class='ocrx_word' id='word_1_587' title='bbox 2463 1131 2546 1176; x_wconf 89' lang='lat' dir='ltr'><strong>est</strong></span> <span class='ocrx_word' id='word_1_588' title='bbox 2576 1121 2792 1187; x_wconf 90' lang='lat' dir='ltr'><strong>dicere;</strong></span> <span class='ocrx_word' id='word_1_589' title='bbox 2825 1132 2884 1175; x_wconf 91' lang='lat' dir='ltr'><strong>ut</strong></span> <span class='ocrx_word' id='word_1_590' title='bbox 2921 1121 3044 1178; x_wconf 90' lang='lat' dir='ltr'><strong>hinc</strong></span> <span class='ocrx_word' id='word_1_591' title='bbox 3075 1122 3290 1178; x_wconf 72' lang='lat' dir='ltr'><strong>discetis</strong></span> <span class='ocrx_word' id='word_1_592' title='bbox 3313 1123 3599 1178; x_wconf 88' lang='lat' dir='ltr'><strong>amentiam</strong></span> <span class='ocrx_word' id='word_1_593' title='bbox 3628 1165 3645 1190; x_wconf 96' lang='lat'><strong>,</strong></span> 
     </span>
    </p>
   </div>
   <div class='ocr_carea' id='block_1_76' title="bbox 2061 1211 3648 1284">
    <p class='ocr_par' dir='ltr' id='par_1_76' title="bbox 2061 1211 3648 1284">
     <span class='ocr_line' id='line_1_77' title="bbox 2061 1211 3648 1284; baseline 0.002 -19"><span class='ocrx_word' id='word_1_594' title='bbox 2061 1219 2115 1265; x_wconf 92' lang='lat' dir='ltr'><strong>et</strong></span> <span class='ocrx_word' id='word_1_595' title='bbox 2140 1211 2359 1266; x_wconf 89' lang='lat' dir='ltr'><strong>ridicula</strong></span> <span class='ocrx_word' id='word_1_596' title='bbox 2387 1220 2533 1282; x_wconf 79' lang='lat' dir='ltr'><strong>gesta</strong></span> <span class='ocrx_word' id='word_1_597' title='bbox 2559 1227 2745 1267; x_wconf 91' lang='lat' dir='ltr'><strong>eorum</strong></span> <span class='ocrx_word' id='word_1_598' title='bbox 2770 1212 2860 1282; x_wconf 90' lang='lat' dir='ltr'><strong>qui</strong></span> <span class='ocrx_word' id='word_1_599' title='bbox 2887 1213 3092 1266; x_wconf 85' lang='lat' dir='ltr'><strong>vatibus</strong></span> <span class='ocrx_word' id='word_1_600' title='bbox 3119 1213 3224 1267; x_wconf 92' lang='lat' dir='ltr'><strong>illis</strong></span> <span class='ocrx_word' id='word_1_601' title='bbox 3248 1215 3504 1284; x_wconf 86' lang='lat' dir='ltr'><strong>utuntur)</strong></span> <span class='ocrx_word' id='word_1_602' title='bbox 3528 1232 3541 1268; x_wconf 91' lang='lat'><strong>:</strong></span> <span class='ocrx_word' id='word_1_603' title='bbox 3567 1214 3648 1268; x_wconf 87' lang='lat' dir='ltr'><strong>di-</strong></span> 
     </span>
    </p>
   </div>
   <div class='ocr_carea' id='block_1_77' title="bbox 2061 1303 3644 1380">
    <p class='ocr_par' dir='ltr' id='par_1_77' title="bbox 2061 1303 3644 1380">
     <span class='ocr_line' id='line_1_78' title="bbox 2061 1303 3644 1380; baseline 0.001 -22"><span class='ocrx_word' id='word_1_604' title='bbox 2061 1303 2198 1358; x_wconf 87' lang='lat' dir='ltr'><strong>citur</strong></span> <span class='ocrx_word' id='word_1_605' title='bbox 2217 1319 2346 1372; x_wconf 83' lang='lat' dir='ltr'><strong>ergo</strong></span> <span class='ocrx_word' id='word_1_606' title='bbox 2368 1303 2554 1375; x_wconf 79' lang='lat' dir='ltr'><strong>Pythia</strong></span> <span class='ocrx_word' id='word_1_607' title='bbox 2583 1305 2774 1359; x_wconf 88' lang='lat' dir='ltr'><strong>mulier</strong></span> <span class='ocrx_word' id='word_1_608' title='bbox 2796 1304 3027 1360; x_wconf 86' lang='lat' dir='ltr'><strong>insidere</strong></span> <span class='ocrx_word' id='word_1_609' title='bbox 3049 1306 3241 1378; x_wconf 89' lang='lat' dir='ltr'><strong>tripodi</strong></span> <span class='ocrx_word' id='word_1_610' title='bbox 3266 1307 3528 1376; x_wconf 83' lang='lat' dir='ltr'><strong>Apollinis</strong></span> <span class='ocrx_word' id='word_1_611' title='bbox 3549 1307 3644 1380; x_wconf 85' lang='lat' dir='ltr'><strong>(tt),</strong></span> 
     </span>
    </p>
   </div>
   <div class='ocr_carea' id='block_1_78' title="bbox 2062 1394 3648 1474">
    <p class='ocr_par' dir='ltr' id='par_1_78' title="bbox 2062 1394 3648 1474">
     <span class='ocr_line' id='line_1_79' title="bbox 2062 1394 3648 1474; baseline 0.002 -26"><span class='ocrx_word' id='word_1_612' title='bbox 2062 1394 2366 1450; x_wconf 80' lang='lat' dir='ltr'><strong>divaricatis</strong></span> <span class='ocrx_word' id='word_1_613' title='bbox 2410 1395 2701 1450; x_wconf 89' lang='lat' dir='ltr'><strong>cruribus:</strong></span> <span class='ocrx_word' id='word_1_614' title='bbox 2735 1395 2930 1450; x_wconf 83' lang='lat' dir='ltr'><strong>deinde</strong></span> <span class='ocrx_word' id='word_1_615' title='bbox 2979 1398 3174 1474; x_wconf 84' lang='lat' dir='ltr'><strong>malum</strong></span> <span class='ocrx_word' id='word_1_616' title='bbox 3225 1397 3432 1452; x_wconf 76' lang='lat' dir='ltr'><strong>inferne</strong></span> <span class='ocrx_word' id='word_1_617' title='bbox 3477 1399 3648 1454; x_wconf 86' lang='lat' dir='ltr'><strong>emitti</strong></span> 
     </span>
    </p>
   </div>
   <div class='ocr_carea' id='block_1_79' title="bbox 2061 1485 3648 1556">
    <p class='ocr_par' dir='ltr' id='par_1_79' title="bbox 2061 1485 3648 1556">
     <span class='ocr_line' id='line_1_80' title="bbox 2061 1485 3648 1556; baseline 0.001 -18"><span class='ocrx_word' id='word_1_618' title='bbox 2061 1485 2325 1555; x_wconf 89' lang='lat' dir='ltr'><strong>spiritum,</strong></span> <span class='ocrx_word' id='word_1_619' title='bbox 2356 1493 2410 1540; x_wconf 90' lang='lat' dir='ltr'><strong>et</strong></span> <span class='ocrx_word' id='word_1_620' title='bbox 2438 1501 2532 1555; x_wconf 85' lang='lat' dir='ltr'><strong>per</strong></span> <span class='ocrx_word' id='word_1_621' title='bbox 2557 1486 2815 1555; x_wconf 77' lang='lat' dir='ltr'><strong>genitales</strong></span> <span class='ocrx_word' id='word_1_622' title='bbox 2843 1486 2958 1554; x_wconf 75' lang='lat' dir='ltr'><strong>ejus</strong></span> <span class='ocrx_word' id='word_1_623' title='bbox 2982 1497 3159 1556; x_wconf 87' lang='lat' dir='ltr'><strong>partes</strong></span> <span class='ocrx_word' id='word_1_624' title='bbox 3189 1494 3527 1552; x_wconf 88' lang='lat' dir='ltr'><strong>subeuntem,</strong></span> <span class='ocrx_word' id='word_1_625' title='bbox 3562 1489 3648 1541; x_wconf 80' lang='lat' dir='ltr'><strong>fu-</strong></span> 
     </span>
    </p>
   </div>
   <div class='ocr_carea' id='block_1_80' title="bbox 2061 1577 3647 1649">
    <p class='ocr_par' dir='ltr' id='par_1_80' title="bbox 2061 1577 3647 1649">
     <span class='ocr_line' id='line_1_81' title="bbox 2061 1577 3647 1649; baseline 0.002 -19"><span class='ocrx_word' id='word_1_626' title='bbox 2061 1592 2183 1631; x_wconf 87' lang='lat' dir='ltr'><strong>rore</strong></span> <span class='ocrx_word' id='word_1_627' title='bbox 2204 1578 2479 1632; x_wconf 89' lang='lat' dir='ltr'><strong>mulierem</strong></span> <span class='ocrx_word' id='word_1_628' title='bbox 2503 1577 2732 1646; x_wconf 85' lang='lat' dir='ltr'><strong>replere,</strong></span> <span class='ocrx_word' id='word_1_629' title='bbox 2752 1587 2804 1632; x_wconf 91' lang='lat' dir='ltr'><strong>et</strong></span> <span class='ocrx_word' id='word_1_630' title='bbox 2830 1577 2967 1632; x_wconf 85' lang='lat' dir='ltr'><strong>hanc</strong></span> <span class='ocrx_word' id='word_1_631' title='bbox 2987 1579 3235 1648; x_wconf 84' lang='lat' dir='ltr'><strong>deinceps</strong></span> <span class='ocrx_word' id='word_1_632' title='bbox 3259 1581 3424 1648; x_wconf 79' lang='lat' dir='ltr'><strong>passis</strong></span> <span class='ocrx_word' id='word_1_633' title='bbox 3441 1581 3647 1649; x_wconf 81' lang='lat' dir='ltr'><strong>capi&#39;lis</strong></span> 
     </span>
    </p>
   </div>
   <div class='ocr_carea' id='block_1_81' title="bbox 2060 1667 3647 1738">
    <p class='ocr_par' dir='ltr' id='par_1_81' title="bbox 2060 1667 3647 1738">
     <span class='ocr_line' id='line_1_82' title="bbox 2060 1667 3647 1738; baseline 0.001 -16"><span class='ocrx_word' id='word_1_634' title='bbox 2060 1667 2377 1724; x_wconf 86' lang='lat' dir='ltr'><strong>debacchari</strong></span> <span class='ocrx_word' id='word_1_635' title='bbox 2403 1678 2457 1724; x_wconf 85' lang='lat' dir='ltr'><strong>et</strong></span> <span class='ocrx_word' id='word_1_636' title='bbox 2497 1683 2738 1738; x_wconf 86' lang='lat' dir='ltr'><strong>spumam</strong></span> <span class='ocrx_word' id='word_1_637' title='bbox 2767 1685 2830 1722; x_wconf 82' lang='lat' dir='ltr'><strong>ex</strong></span> <span class='ocrx_word' id='word_1_638' title='bbox 2862 1685 2956 1724; x_wconf 89' lang='lat' dir='ltr'><strong>ore</strong></span> <span class='ocrx_word' id='word_1_639' title='bbox 2982 1671 3257 1734; x_wconf 83' lang='lat' dir='ltr'><strong>emittere;</strong></span> <span class='ocrx_word' id='word_1_640' title='bbox 3288 1680 3341 1724; x_wconf 91' lang='lat' dir='ltr'><strong>et</strong></span> <span class='ocrx_word' id='word_1_641' title='bbox 3371 1672 3447 1724; x_wconf 90' lang='lat' dir='ltr'><strong>sic</strong></span> <span class='ocrx_word' id='word_1_642' title='bbox 3479 1681 3647 1724; x_wconf 90' lang='lat' dir='ltr'><strong>temu-</strong></span> 
     </span>
    </p>
   </div>
   <div class='ocr_carea' id='block_1_82' title="bbox 2061 1759 3646 1831">
    <p class='ocr_par' dir='ltr' id='par_1_82' title="bbox 2061 1759 3646 1831">
     <span class='ocr_line' id='line_1_83' title="bbox 2061 1759 3646 1831; baseline 0.003 -18"><span class='ocrx_word' id='word_1_643' title='bbox 2061 1759 2259 1815; x_wconf 82' lang='lat' dir='ltr'><strong>lentam</strong></span> <span class='ocrx_word' id='word_1_644' title='bbox 2291 1759 2434 1814; x_wconf 89' lang='lat' dir='ltr'><strong>illam</strong></span> <span class='ocrx_word' id='word_1_645' title='bbox 2464 1759 2661 1816; x_wconf 78' lang='lat' dir='ltr'><strong>l&#39;uroris</strong></span> <span class='ocrx_word' id='word_1_646' title='bbox 2690 1761 2850 1815; x_wconf 84' lang='lat' dir='ltr'><strong>verba</strong></span> <span class='ocrx_word' id='word_1_647' title='bbox 2881 1761 3138 1830; x_wconf 79' lang='lat' dir='ltr'><strong>proferre.</strong></span> <span class='ocrx_word' id='word_1_648' title='bbox 3173 1762 3296 1816; x_wconf 87' lang='lat' dir='ltr'><strong>Scio</strong></span> <span class='ocrx_word' id='word_1_649' title='bbox 3325 1779 3417 1816; x_wconf 90' lang='lat' dir='ltr'><strong>vos</strong></span> <span class='ocrx_word' id='word_1_650' title='bbox 3447 1764 3646 1831; x_wconf 86' lang='lat' dir='ltr'><strong>pudore</strong></span> 
     </span>
    </p>
   </div>
   <div class='ocr_carea' id='block_1_83' title="bbox 2061 1849 3645 1907">
    <p class='ocr_par' dir='ltr' id='par_1_83' title="bbox 2061 1849 3645 1907">
     <span class='ocr_line' id='line_1_84' title="bbox 2061 1849 3645 1907; baseline 0.002 -3"><span class='ocrx_word' id='word_1_651' title='bbox 2061 1849 2279 1906; x_wconf 72' lang='lat' dir='ltr'><strong>allectos</strong></span> <span class='ocrx_word' id='word_1_652' title='bbox 2309 1851 2629 1905; x_wconf 89' lang='lat' dir='ltr'><strong>erubescere</strong></span> <span class='ocrx_word' id='word_1_653' title='bbox 2661 1851 2774 1905; x_wconf 82' lang='lat' dir='ltr'><strong>ha-c</strong></span> <span class='ocrx_word' id='word_1_654' title='bbox 2803 1851 3081 1906; x_wconf 90' lang='lat' dir='ltr'><strong>audientes</strong></span> <span class='ocrx_word' id='word_1_655' title='bbox 3109 1870 3121 1905; x_wconf 91' lang='lat'><strong>:</strong></span> <span class='ocrx_word' id='word_1_656' title='bbox 3151 1868 3331 1906; x_wconf 81' lang='lat' dir='ltr'><strong>verum</strong></span> <span class='ocrx_word' id='word_1_657' title='bbox 3369 1854 3444 1907; x_wconf 85' lang='lat' dir='ltr'><strong>illi</strong></span> <span class='ocrx_word' id='word_1_658' title='bbox 3479 1853 3645 1907; x_wconf 90' lang='lat' dir='ltr'><strong>altum</strong></span> 
     </span>
    </p>
   </div>
   <div class='ocr_carea' id='block_1_84' title="bbox 2062 1941 3388 2010">
    <p class='ocr_par' dir='ltr' id='par_1_84' title="bbox 2062 1941 3388 2010">
     <span class='ocr_line' id='line_1_85' title="bbox 2062 1941 3388 2010; baseline 0.002 -14"><span class='ocrx_word' id='word_1_659' title='bbox 2062 1941 2272 2009; x_wconf 85' lang='lat' dir='ltr'><strong>sapiunt</strong></span> <span class='ocrx_word' id='word_1_660' title='bbox 2300 1941 2368 1996; x_wconf 90' lang='lat' dir='ltr'><strong>oh</strong></span> <span class='ocrx_word' id='word_1_661' title='bbox 2396 1941 2772 2010; x_wconf 87' lang='lat' dir='ltr'><strong>turpitudinem</strong></span> <span class='ocrx_word' id='word_1_662' title='bbox 2803 1951 2856 1996; x_wconf 88' lang='lat' dir='ltr'><strong>et</strong></span> <span class='ocrx_word' id='word_1_663' title='bbox 2885 1943 3140 1996; x_wconf 84' lang='lat' dir='ltr'><strong>insaniam</strong></span> <span class='ocrx_word' id='word_1_664' title='bbox 3172 1953 3388 1998; x_wconf 87' lang='lat' dir='ltr'><strong>tantam.</strong></span> 
     </span>
    </p>
   </div>
   <div class='ocr_carea' id='block_1_85' title="bbox 2131 2030 3647 2104">
    <p class='ocr_par' dir='ltr' id='par_1_85' title="bbox 2131 2030 3647 2104">
     <span class='ocr_line' id='line_1_86' title="bbox 2131 2030 3647 2104; baseline 0.004 -20"><span class='ocrx_word' id='word_1_665' title='bbox 2131 2030 2188 2084; x_wconf 74' lang='lat'><strong>2.</strong></span> <span class='ocrx_word' id='word_1_666' title='bbox 2232 2031 2357 2086; x_wconf 73' lang='lat' dir='ltr'><strong>llmc</strong></span> <span class='ocrx_word' id='word_1_667' title='bbox 2401 2032 2560 2102; x_wconf 80' lang='lat' dir='ltr'><strong>igitur</strong></span> <span class='ocrx_word' id='word_1_668' title='bbox 2595 2043 2649 2086; x_wconf 90' lang='lat' dir='ltr'><strong>et</strong></span> <span class='ocrx_word' id='word_1_669' title='bbox 2689 2032 2880 2086; x_wconf 88' lang='lat' dir='ltr'><strong>similia</strong></span> <span class='ocrx_word' id='word_1_670' title='bbox 2917 2034 3093 2087; x_wconf 89' lang='lat' dir='ltr'><strong>omnia</strong></span> <span class='ocrx_word' id='word_1_671' title='bbox 3137 2033 3328 2088; x_wconf 83' lang='lat' dir='ltr'><strong>Paulus</strong></span> <span class='ocrx_word' id='word_1_672' title='bbox 3365 2035 3647 2104; x_wconf 70' lang='lat' dir='ltr'><strong>exagitans</strong></span> 
     </span>
    </p>
   </div>
   <div class='ocr_carea' id='block_1_86' title="bbox 2062 2120 3648 2194">
    <p class='ocr_par' dir='ltr' id='par_1_86' title="bbox 2062 2120 3648 2194">
     <span class='ocr_line' id='line_1_87' title="bbox 2062 2120 3648 2194; baseline 0.003 -19"><span class='ocrx_word' id='word_1_673' title='bbox 2062 2120 2273 2176; x_wconf 87' lang='lat' dir='ltr'><strong>dicebat</strong></span> <span class='ocrx_word' id='word_1_674' title='bbox 2302 2139 2315 2175; x_wconf 92' lang='lat'><strong>:</strong></span> <span class='ocrx_word' id='word_1_675' title='bbox 2355 2121 2509 2177; x_wconf 86' lang='lat' dir='ltr'><strong>Scitis</strong></span> <span class='ocrx_word' id='word_1_676' title='bbox 2547 2123 2681 2192; x_wconf 84' lang='lat' dir='ltr'><strong>quod</strong></span> <span class='ocrx_word' id='word_1_677' title='bbox 2709 2139 2822 2184; x_wconf 78' lang='lat' dir='ltr'><strong>eum</strong></span> <span class='ocrx_word' id='word_1_678' title='bbox 2849 2134 3018 2194; x_wconf 83' lang='lat' dir='ltr'><strong>gentes</strong></span> <span class='ocrx_word' id='word_1_679' title='bbox 3045 2125 3213 2180; x_wconf 84' lang='lat' dir='ltr'><strong>essetis</strong></span> <span class='ocrx_word' id='word_1_680' title='bbox 3237 2166 3254 2192; x_wconf 91' lang='lat'><strong>,</strong></span> <span class='ocrx_word' id='word_1_681' title='bbox 3281 2124 3349 2178; x_wconf 86' lang='lat' dir='ltr'><strong>ad</strong></span> <span class='ocrx_word' id='word_1_682' title='bbox 3373 2126 3648 2180; x_wconf 80' lang='lat' dir='ltr'><strong>simulacra</strong></span> 
     </span>
    </p>
   </div>
   <div class='ocr_carea' id='block_1_87' title="bbox 2062 2212 3644 2286">
    <p class='ocr_par' dir='ltr' id='par_1_87' title="bbox 2062 2212 3644 2286">
     <span class='ocr_line' id='line_1_88' title="bbox 2062 2212 3644 2286; baseline 0.004 -22"><span class='ocrx_word' id='word_1_683' title='bbox 2062 2220 2203 2265; x_wconf 85' lang='lat' dir='ltr'><strong>muta</strong></span> <span class='ocrx_word' id='word_1_684' title='bbox 2246 2212 2617 2267; x_wconf 82' lang='lat' dir='ltr'><strong>inducebantini</strong></span> <span class='ocrx_word' id='word_1_685' title='bbox 2653 2213 2878 2268; x_wconf 86' lang='lat' dir='ltr'><strong>abducti.</strong></span> <span class='ocrx_word' id='word_1_686' title='bbox 2918 2213 2983 2268; x_wconf 88' lang='lat' dir='ltr'><strong>Et</strong></span> <span class='ocrx_word' id='word_1_687' title='bbox 3018 2215 3138 2285; x_wconf 86' lang='lat' dir='ltr'><strong>quia</strong></span> <span class='ocrx_word' id='word_1_688' title='bbox 3165 2229 3287 2270; x_wconf 92' lang='lat' dir='ltr'><strong>cum</strong></span> <span class='ocrx_word' id='word_1_689' title='bbox 3316 2216 3379 2270; x_wconf 91' lang='lat' dir='ltr'><strong>iis</strong></span> <span class='ocrx_word' id='word_1_690' title='bbox 3408 2218 3497 2286; x_wconf 89' lang='lat' dir='ltr'><strong>qui</strong></span> <span class='ocrx_word' id='word_1_691' title='bbox 3530 2231 3644 2272; x_wconf 88' lang='lat' dir='ltr'><strong>rem</strong></span> 
     </span>
    </p>
   </div>
   <div class='ocr_carea' id='block_1_88' title="bbox 2063 2301 3644 2376">
    <p class='ocr_par' dir='ltr' id='par_1_88' title="bbox 2063 2301 3644 2376">
     <span class='ocr_line' id='line_1_89' title="bbox 2063 2301 3644 2376; baseline 0.003 -21"><span class='ocrx_word' id='word_1_692' title='bbox 2063 2301 2230 2371; x_wconf 87' lang='lat' dir='ltr'><strong>probe</strong></span> <span class='ocrx_word' id='word_1_693' title='bbox 2253 2310 2512 2357; x_wconf 89' lang='lat' dir='ltr'><strong>noverant</strong></span> <span class='ocrx_word' id='word_1_694' title='bbox 2537 2303 2851 2369; x_wconf 86' lang='lat' dir='ltr'><strong>disserebat,</strong></span> <span class='ocrx_word' id='word_1_695' title='bbox 2877 2319 2981 2358; x_wconf 92' lang='lat' dir='ltr'><strong>non</strong></span> <span class='ocrx_word' id='word_1_696' title='bbox 3003 2305 3181 2360; x_wconf 87' lang='lat' dir='ltr'><strong>omnia</strong></span> <span class='ocrx_word' id='word_1_697' title='bbox 3202 2315 3447 2360; x_wconf 85' lang='lat' dir='ltr'><strong>accurate</strong></span> <span class='ocrx_word' id='word_1_698' title='bbox 3475 2308 3644 2376; x_wconf 89' lang='lat' dir='ltr'><strong>ponit,</strong></span> 
     </span>
    </p>
   </div>
   <div class='ocr_carea' id='block_1_89' title="bbox 2043 2391 3642 2461">
    <p class='ocr_par' dir='ltr' id='par_1_89' title="bbox 2043 2391 3642 2461">
     <span class='ocr_line' id='line_1_90' title="bbox 2043 2391 3642 2461; baseline 0.005 -15"><span class='ocrx_word' id='word_1_699' title='bbox 2043 2407 2130 2454; x_wconf 87' lang='lat' dir='ltr'><strong>ne</strong></span> <span class='ocrx_word' id='word_1_700' title='bbox 2167 2391 2274 2447; x_wconf 89' lang='lat' dir='ltr'><strong>illis</strong></span> <span class='ocrx_word' id='word_1_701' title='bbox 2310 2392 2607 2447; x_wconf 88' lang='lat' dir='ltr'><strong>molestiam</strong></span> <span class='ocrx_word' id='word_1_702' title='bbox 2637 2403 2823 2461; x_wconf 87' lang='lat' dir='ltr'><strong>creet;</strong></span> <span class='ocrx_word' id='word_1_703' title='bbox 2863 2395 2958 2449; x_wconf 86' lang='lat' dir='ltr'><strong>sed</strong></span> <span class='ocrx_word' id='word_1_704' title='bbox 3004 2395 3054 2449; x_wconf 92' lang='lat' dir='ltr'><strong>in</strong></span> <span class='ocrx_word' id='word_1_705' title='bbox 3102 2397 3410 2451; x_wconf 87' lang='lat' dir='ltr'><strong>memoriam</strong></span> <span class='ocrx_word' id='word_1_706' title='bbox 3442 2407 3642 2454; x_wconf 85' lang='lat' dir='ltr'><strong>tantum</strong></span> 
     </span>
    </p>
   </div>
   <div class='ocr_carea' id='block_1_90' title="bbox 2063 2485 3646 2558">
    <p class='ocr_par' dir='ltr' id='par_1_90' title="bbox 2063 2485 3646 2558">
     <span class='ocr_line' id='line_1_91' title="bbox 2063 2485 3646 2558; baseline 0.006 -21"><span class='ocrx_word' id='word_1_707' title='bbox 2063 2498 2322 2539; x_wconf 84' lang='lat' dir='ltr'><strong>revocans</strong></span> <span class='ocrx_word' id='word_1_708' title='bbox 2347 2485 2525 2538; x_wconf 86' lang='lat' dir='ltr'><strong>omnia</strong></span> <span class='ocrx_word' id='word_1_709' title='bbox 2550 2526 2567 2551; x_wconf 95' lang='lat'><strong>,</strong></span> <span class='ocrx_word' id='word_1_710' title='bbox 2599 2486 2707 2540; x_wconf 92' lang='lat' dir='ltr'><strong>cito</strong></span> <span class='ocrx_word' id='word_1_711' title='bbox 2753 2487 2996 2550; x_wconf 87' lang='lat' dir='ltr'><strong>recedit,</strong></span> <span class='ocrx_word' id='word_1_712' title='bbox 3028 2487 3091 2540; x_wconf 89' lang='lat' dir='ltr'><strong>ad</strong></span> <span class='ocrx_word' id='word_1_713' title='bbox 3123 2491 3449 2558; x_wconf 82' lang='lat' dir='ltr'><strong>propositum</strong></span> <span class='ocrx_word' id='word_1_714' title='bbox 3491 2490 3610 2546; x_wconf 76' lang='lat' dir='ltr'><strong>fesﬁ</strong></span> <span class='ocrx_word' id='word_1_715' title='bbox 3632 2521 3646 2531; x_wconf 85' lang='lat'><strong>-</strong></span> 
     </span>
    </p>
   </div>
   <div class='ocr_carea' id='block_1_91' title="bbox 2063 2573 3641 2639">
    <p class='ocr_par' dir='ltr' id='par_1_91' title="bbox 2063 2573 3641 2639">
     <span class='ocr_line' id='line_1_92' title="bbox 2063 2573 3641 2639; baseline 0.007 -13"><span class='ocrx_word' id='word_1_716' title='bbox 2063 2588 2218 2627; x_wconf 90' lang='lat' dir='ltr'><strong>nans.</strong></span> <span class='ocrx_word' id='word_1_717' title='bbox 2246 2573 2382 2639; x_wconf 79' lang='lat' dir='ltr'><strong>Quid</strong></span> <span class='ocrx_word' id='word_1_718' title='bbox 2411 2582 2495 2629; x_wconf 83' lang='lat' dir='ltr'><strong>est</strong></span> <span class='ocrx_word' id='word_1_719' title='bbox 2518 2585 2717 2638; x_wconf 91' lang='lat' dir='ltr'><strong>autem,</strong></span> <span class='ocrx_word' id='word_1_720' title='bbox 2743 2577 2823 2630; x_wconf 82' lang='lat' dir='ltr'><strong>Ad</strong></span> <span class='ocrx_word' id='word_1_721' title='bbox 2847 2577 3120 2630; x_wconf 85' lang='lat' dir='ltr'><strong>simulacra</strong></span> <span class='ocrx_word' id='word_1_722' title='bbox 3147 2581 3324 2634; x_wconf 84' lang='lat' dir='ltr'><strong>muta?</strong></span> <span class='ocrx_word' id='word_1_723' title='bbox 3360 2581 3447 2634; x_wconf 87' lang='lat' dir='ltr'><strong>isti</strong></span> <span class='ocrx_word' id='word_1_724' title='bbox 3493 2591 3641 2638; x_wconf 89' lang='lat' dir='ltr'><strong>vates</strong></span> 
     </span>
    </p>
   </div>
   <div class='ocr_carea' id='block_1_92' title="bbox 2064 2663 3642 2742">
    <p class='ocr_par' dir='ltr' id='par_1_92' title="bbox 2064 2663 3642 2742">
     <span class='ocr_line' id='line_1_93' title="bbox 2064 2663 3642 2742; baseline 0.007 -27"><span class='ocrx_word' id='word_1_725' title='bbox 2064 2663 2128 2717; x_wconf 92' lang='lat' dir='ltr'><strong>ad</strong></span> <span class='ocrx_word' id='word_1_726' title='bbox 2176 2663 2262 2718; x_wconf 88' lang='lat' dir='ltr'><strong>illa</strong></span> <span class='ocrx_word' id='word_1_727' title='bbox 2313 2667 2465 2719; x_wconf 87' lang='lat' dir='ltr'><strong>tracti</strong></span> <span class='ocrx_word' id='word_1_728' title='bbox 2511 2666 2860 2722; x_wconf 91' lang='lat' dir='ltr'><strong>ducebantur.</strong></span> <span class='ocrx_word' id='word_1_729' title='bbox 2888 2667 2943 2723; x_wconf 92' lang='lat' dir='ltr'><strong>Si</strong></span> <span class='ocrx_word' id='word_1_730' title='bbox 2991 2684 3120 2723; x_wconf 88' lang='lat' dir='ltr'><strong>vero</strong></span> <span class='ocrx_word' id='word_1_731' title='bbox 3169 2680 3314 2725; x_wconf 87' lang='lat' dir='ltr'><strong>muta</strong></span> <span class='ocrx_word' id='word_1_732' title='bbox 3360 2672 3642 2742; x_wconf 88' lang='lat' dir='ltr'><strong>sint,qno-</strong></span> 
     </span>
    </p>
   </div>
   <div class='ocr_carea' id='block_1_93' title="bbox 2065 2757 3645 2830">
    <p class='ocr_par' dir='ltr' id='par_1_93' title="bbox 2065 2757 3645 2830">
     <span class='ocr_line' id='line_1_94' title="bbox 2065 2757 3645 2830; baseline 0.004 -19"><span class='ocrx_word' id='word_1_733' title='bbox 2065 2757 2222 2812; x_wconf 90' lang='lat' dir='ltr'><strong>modo</strong></span> <span class='ocrx_word' id='word_1_734' title='bbox 2255 2757 2359 2812; x_wconf 89' lang='lat' dir='ltr'><strong>illis</strong></span> <span class='ocrx_word' id='word_1_735' title='bbox 2401 2759 2723 2814; x_wconf 86' lang='lat' dir='ltr'><strong>utebantur?</strong></span> <span class='ocrx_word' id='word_1_736' title='bbox 2754 2775 2852 2830; x_wconf 88' lang='lat' dir='ltr'><strong>qua</strong></span> <span class='ocrx_word' id='word_1_737' title='bbox 2893 2761 2960 2815; x_wconf 91' lang='lat' dir='ltr'><strong>dc</strong></span> <span class='ocrx_word' id='word_1_738' title='bbox 2990 2776 3147 2815; x_wconf 84' lang='lat' dir='ltr'><strong>causa</strong></span> <span class='ocrx_word' id='word_1_739' title='bbox 3187 2760 3252 2815; x_wconf 89' lang='lat' dir='ltr'><strong>ad</strong></span> <span class='ocrx_word' id='word_1_740' title='bbox 3290 2771 3488 2816; x_wconf 88' lang='lat' dir='ltr'><strong>statuas</strong></span> <span class='ocrx_word' id='word_1_741' title='bbox 3524 2763 3645 2818; x_wconf 89' lang='lat' dir='ltr'><strong>illos</strong></span> 
     </span>
    </p>
   </div>
   <div class='ocr_carea' id='block_1_94' title="bbox 2063 2847 3642 2920">
    <p class='ocr_par' dir='ltr' id='par_1_94' title="bbox 2063 2847 3642 2920">
     <span class='ocr_line' id='line_1_95' title="bbox 2063 2847 3642 2920; baseline 0.001 -18"><span class='ocrx_word' id='word_1_742' title='bbox 2063 2847 2270 2902; x_wconf 83' lang='lat' dir='ltr'><strong>daemon</strong></span> <span class='ocrx_word' id='word_1_743' title='bbox 2303 2848 2598 2902; x_wconf 91' lang='lat' dir='ltr'><strong>adducebat</strong></span> <span class='ocrx_word' id='word_1_744' title='bbox 2642 2858 2906 2920; x_wconf 88' lang='lat' dir='ltr'><strong>tamquam</strong></span> <span class='ocrx_word' id='word_1_745' title='bbox 2939 2850 3178 2919; x_wconf 76' lang='lat' dir='ltr'><strong>captivos</strong></span> <span class='ocrx_word' id='word_1_746' title='bbox 3207 2859 3259 2904; x_wconf 91' lang='lat' dir='ltr'><strong>et</strong></span> <span class='ocrx_word' id='word_1_747' title='bbox 3285 2851 3526 2906; x_wconf 78' lang='lat' dir='ltr'><strong>vinctos?</strong></span> <span class='ocrx_word' id='word_1_748' title='bbox 3555 2851 3642 2906; x_wconf 82' lang='lat' dir='ltr'><strong>Si-</strong></span> 
     </span>
    </p>
   </div>
   <div class='ocr_carea' id='block_1_95' title="bbox 2064 2939 3643 3011">
    <p class='ocr_par' dir='ltr' id='par_1_95' title="bbox 2064 2939 3643 3011">
     <span class='ocr_line' id='line_1_96' title="bbox 2064 2939 3643 3011; baseline 0.002 -18"><span class='ocrx_word' id='word_1_749' title='bbox 2064 2940 2171 2993; x_wconf 91' lang='lat' dir='ltr'><strong>mul</strong></span> <span class='ocrx_word' id='word_1_750' title='bbox 2199 2955 2437 2994; x_wconf 88' lang='lat' dir='ltr'><strong>errorem</strong></span> <span class='ocrx_word' id='word_1_751' title='bbox 2471 2939 2700 2995; x_wconf 90' lang='lat' dir='ltr'><strong>reddens</strong></span> <span class='ocrx_word' id='word_1_752' title='bbox 2726 2940 3076 3011; x_wconf 83' lang='lat' dir='ltr'><strong>probabilem.</strong></span> <span class='ocrx_word' id='word_1_753' title='bbox 3109 2941 3183 2996; x_wconf 90' lang='lat' dir='ltr'><strong>Ne</strong></span> <span class='ocrx_word' id='word_1_754' title='bbox 3213 2941 3477 2996; x_wconf 83' lang='lat' dir='ltr'><strong>videretur</strong></span> <span class='ocrx_word' id='word_1_755' title='bbox 3498 2958 3643 2996; x_wconf 82' lang='lat' dir='ltr'><strong>enim</strong></span> 
     </span>
    </p>
   </div>
   <div class='ocr_carea' id='block_1_96' title="bbox 2063 3031 3640 3103">
    <p class='ocr_par' dir='ltr' id='par_1_96' title="bbox 2063 3031 3640 3103">
     <span class='ocr_line' id='line_1_97' title="bbox 2063 3031 3640 3103; baseline 0.001 -18"><span class='ocrx_word' id='word_1_756' title='bbox 2063 3031 2197 3100; x_wconf 86' lang='lat' dir='ltr'><strong>lapis</strong></span> <span class='ocrx_word' id='word_1_757' title='bbox 2224 3046 2343 3086; x_wconf 76' lang='lat' dir='ltr'><strong>esse</strong></span> <span class='ocrx_word' id='word_1_758' title='bbox 2366 3041 2547 3086; x_wconf 88' lang='lat' dir='ltr'><strong>mutus</strong></span> <span class='ocrx_word' id='word_1_759' title='bbox 2569 3072 2584 3096; x_wconf 95' lang='lat'><strong>,</strong></span> <span class='ocrx_word' id='word_1_760' title='bbox 2614 3033 2904 3087; x_wconf 89' lang='lat' dir='ltr'><strong>conabatur</strong></span> <span class='ocrx_word' id='word_1_761' title='bbox 2934 3031 3176 3088; x_wconf 88' lang='lat' dir='ltr'><strong>homines</strong></span> <span class='ocrx_word' id='word_1_762' title='bbox 3205 3032 3358 3086; x_wconf 83' lang='lat' dir='ltr'><strong>idolis</strong></span> <span class='ocrx_word' id='word_1_763' title='bbox 3384 3031 3599 3103; x_wconf 75' lang='lat' dir='ltr'><strong>afﬁgere</strong></span> <span class='ocrx_word' id='word_1_764' title='bbox 3623 3076 3640 3100; x_wconf 93' lang='lat'><strong>,</strong></span> 
     </span>
    </p>
   </div>
   <div class='ocr_carea' id='block_1_97' title="bbox 2063 3123 3644 3194">
    <p class='ocr_par' dir='ltr' id='par_1_97' title="bbox 2063 3123 3644 3194">
     <span class='ocr_line' id='line_1_98' title="bbox 2063 3123 3644 3194; baseline 0.004 -17"><span class='ocrx_word' id='word_1_765' title='bbox 2063 3132 2122 3178; x_wconf 91' lang='lat' dir='ltr'><strong>ut</strong></span> <span class='ocrx_word' id='word_1_766' title='bbox 2144 3139 2261 3194; x_wconf 76' lang='lat' dir='ltr'><strong>qua:</strong></span> <span class='ocrx_word' id='word_1_767' title='bbox 2287 3123 2522 3193; x_wconf 89' lang='lat' dir='ltr'><strong>ipsorum</strong></span> <span class='ocrx_word' id='word_1_768' title='bbox 2553 3134 2705 3180; x_wconf 88' lang='lat' dir='ltr'><strong>erant</strong></span> <span class='ocrx_word' id='word_1_769' title='bbox 2731 3125 2836 3181; x_wconf 91' lang='lat' dir='ltr'><strong>illis</strong></span> <span class='ocrx_word' id='word_1_770' title='bbox 2859 3126 3310 3182; x_wconf 88' lang='lat' dir='ltr'><strong>adscriberentur.</strong></span> <span class='ocrx_word' id='word_1_771' title='bbox 3333 3125 3436 3182; x_wconf 85' lang='lat' dir='ltr'><strong>Sed</strong></span> <span class='ocrx_word' id='word_1_772' title='bbox 3460 3135 3644 3183; x_wconf 83' lang='lat' dir='ltr'><strong>nostra</strong></span> 
     </span>
    </p>
   </div>
   <div class='ocr_carea' id='block_1_98' title="bbox 2065 3217 3641 3289">
    <p class='ocr_par' dir='ltr' id='par_1_98' title="bbox 2065 3217 3641 3289">
     <span class='ocr_line' id='line_1_99' title="bbox 2065 3217 3641 3289; baseline 0.003 -19"><span class='ocrx_word' id='word_1_773' title='bbox 2065 3231 2168 3270; x_wconf 91' lang='lat' dir='ltr'><strong>non</strong></span> <span class='ocrx_word' id='word_1_774' title='bbox 2200 3225 2326 3270; x_wconf 90' lang='lat' dir='ltr'><strong>sunt</strong></span> <span class='ocrx_word' id='word_1_775' title='bbox 2366 3217 2689 3287; x_wconf 71' lang='lat' dir='ltr'><strong>huiusmodi.</strong></span> <span class='ocrx_word' id='word_1_776' title='bbox 2729 3217 2920 3273; x_wconf 88' lang='lat' dir='ltr'><strong>Nostra</strong></span> <span class='ocrx_word' id='word_1_777' title='bbox 2949 3227 3127 3274; x_wconf 88' lang='lat' dir='ltr'><strong>autem</strong></span> <span class='ocrx_word' id='word_1_778' title='bbox 3163 3235 3268 3274; x_wconf 91' lang='lat' dir='ltr'><strong>non</strong></span> <span class='ocrx_word' id='word_1_779' title='bbox 3310 3220 3484 3289; x_wconf 91' lang='lat' dir='ltr'><strong>posuit</strong></span> <span class='ocrx_word' id='word_1_780' title='bbox 3514 3220 3602 3275; x_wconf 89' lang='lat' dir='ltr'><strong>ille</strong></span> <span class='ocrx_word' id='word_1_781' title='bbox 3624 3261 3641 3287; x_wconf 90' lang='lat'><strong>,</strong></span> 
     </span>
    </p>
   </div>
   <div class='ocr_carea' id='block_1_99' title="bbox 2063 3308 3646 3380">
    <p class='ocr_par' dir='ltr' id='par_1_99' title="bbox 2063 3308 3646 3380">
     <span class='ocr_line' id='line_1_100' title="bbox 2063 3308 3646 3380; baseline 0.004 -19"><span class='ocrx_word' id='word_1_782' title='bbox 2063 3325 2184 3378; x_wconf 78' lang='lat' dir='ltr'><strong>qua:</strong></span> <span class='ocrx_word' id='word_1_783' title='bbox 2215 3308 2595 3380; x_wconf 86' lang='lat' dir='ltr'><strong>prophetarum</strong></span> <span class='ocrx_word' id='word_1_784' title='bbox 2627 3319 2752 3365; x_wconf 91' lang='lat' dir='ltr'><strong>sunt</strong></span> <span class='ocrx_word' id='word_1_785' title='bbox 2776 3311 2898 3366; x_wconf 91' lang='lat' dir='ltr'><strong>dico</strong></span> <span class='ocrx_word' id='word_1_786' title='bbox 2926 3329 2938 3364; x_wconf 93' lang='lat'><strong>:</strong></span> <span class='ocrx_word' id='word_1_787' title='bbox 2968 3312 3076 3368; x_wconf 87' lang='lat' dir='ltr'><strong>illis</strong></span> <span class='ocrx_word' id='word_1_788' title='bbox 3103 3313 3244 3367; x_wconf 89' lang='lat' dir='ltr'><strong>enim</strong></span> <span class='ocrx_word' id='word_1_789' title='bbox 3271 3314 3447 3367; x_wconf 84' lang='lat' dir='ltr'><strong>omnia</strong></span> <span class='ocrx_word' id='word_1_790' title='bbox 3478 3314 3646 3368; x_wconf 86' lang='lat' dir='ltr'><strong>mani-</strong></span> 
     </span>
    </p>
   </div>
   <div class='ocr_carea' id='block_1_100' title="bbox 2066 3402 3642 3475">
    <p class='ocr_par' dir='ltr' id='par_1_100' title="bbox 2066 3402 3642 3475">
     <span class='ocr_line' id='line_1_101' title="bbox 2066 3402 3642 3475; baseline 0.002 -19"><span class='ocrx_word' id='word_1_791' title='bbox 2066 3402 2198 3458; x_wconf 79' lang='lat' dir='ltr'><strong>festa</strong></span> <span class='ocrx_word' id='word_1_792' title='bbox 2229 3414 2401 3465; x_wconf 86' lang='lat' dir='ltr'><strong>crant,</strong></span> <span class='ocrx_word' id='word_1_793' title='bbox 2429 3413 2480 3458; x_wconf 91' lang='lat' dir='ltr'><strong>et</strong></span> <span class='ocrx_word' id='word_1_794' title='bbox 2513 3404 2565 3457; x_wconf 94' lang='lat' dir='ltr'><strong>in</strong></span> <span class='ocrx_word' id='word_1_795' title='bbox 2593 3404 2696 3458; x_wconf 85' lang='lat' dir='ltr'><strong>illis</strong></span> <span class='ocrx_word' id='word_1_796' title='bbox 2726 3405 3114 3474; x_wconf 89' lang='lat' dir='ltr'><strong>prophetabant</strong></span> <span class='ocrx_word' id='word_1_797' title='bbox 3140 3413 3200 3459; x_wconf 92' lang='lat' dir='ltr'><strong>ut</strong></span> <span class='ocrx_word' id='word_1_798' title='bbox 3229 3407 3371 3475; x_wconf 89' lang='lat' dir='ltr'><strong>ipsos</strong></span> <span class='ocrx_word' id='word_1_799' title='bbox 3397 3405 3642 3471; x_wconf 84' lang='lat' dir='ltr'><strong>decebat,</strong></span> 
     </span>
    </p>
   </div>
   <div class='ocr_carea' id='block_1_101' title="bbox 2063 3494 3643 3567">
    <p class='ocr_par' dir='ltr' id='par_1_101' title="bbox 2063 3494 3643 3567">
     <span class='ocr_line' id='line_1_102' title="bbox 2063 3494 3643 3567; baseline 0.002 -18"><span class='ocrx_word' id='word_1_800' title='bbox 2063 3510 2184 3549; x_wconf 90' lang='lat' dir='ltr'><strong>cum</strong></span> <span class='ocrx_word' id='word_1_801' title='bbox 2232 3494 2576 3563; x_wconf 79' lang='lat' dir='ltr'><strong>intelligentia</strong></span> <span class='ocrx_word' id='word_1_802' title='bbox 2615 3504 2668 3550; x_wconf 91' lang='lat' dir='ltr'><strong>et</strong></span> <span class='ocrx_word' id='word_1_803' title='bbox 2706 3495 2950 3551; x_wconf 89' lang='lat' dir='ltr'><strong>libertate</strong></span> <span class='ocrx_word' id='word_1_804' title='bbox 2982 3498 3149 3552; x_wconf 92' lang='lat' dir='ltr'><strong>omni.</strong></span> <span class='ocrx_word' id='word_1_805' title='bbox 3181 3496 3303 3551; x_wconf 90' lang='lat' dir='ltr'><strong>Ideo</strong></span> <span class='ocrx_word' id='word_1_806' title='bbox 3331 3512 3494 3567; x_wconf 86' lang='lat' dir='ltr'><strong>penes</strong></span> <span class='ocrx_word' id='word_1_807' title='bbox 3524 3497 3643 3552; x_wconf 89' lang='lat' dir='ltr'><strong>illos</strong></span> 
     </span>
    </p>
   </div>
   <div class='ocr_carea' id='block_1_102' title="bbox 2063 3586 3646 3658">
    <p class='ocr_par' dir='ltr' id='par_1_102' title="bbox 2063 3586 3646 3658">
     <span class='ocr_line' id='line_1_103' title="bbox 2063 3586 3646 3658; baseline 0.003 -18"><span class='ocrx_word' id='word_1_808' title='bbox 2063 3594 2179 3640; x_wconf 92' lang='lat' dir='ltr'><strong>erat</strong></span> <span class='ocrx_word' id='word_1_809' title='bbox 2213 3595 2268 3640; x_wconf 91' lang='lat' dir='ltr'><strong>ct</strong></span> <span class='ocrx_word' id='word_1_810' title='bbox 2307 3586 2448 3655; x_wconf 90' lang='lat' dir='ltr'><strong>loqui</strong></span> <span class='ocrx_word' id='word_1_811' title='bbox 2491 3596 2542 3641; x_wconf 89' lang='lat' dir='ltr'><strong>ct</strong></span> <span class='ocrx_word' id='word_1_812' title='bbox 2591 3601 2696 3640; x_wconf 92' lang='lat' dir='ltr'><strong>non</strong></span> <span class='ocrx_word' id='word_1_813' title='bbox 2737 3587 2880 3657; x_wconf 91' lang='lat' dir='ltr'><strong>loqui</strong></span> <span class='ocrx_word' id='word_1_814' title='bbox 2911 3605 2926 3642; x_wconf 89' lang='lat'><strong>:</strong></span> <span class='ocrx_word' id='word_1_815' title='bbox 2956 3603 3128 3658; x_wconf 86' lang='lat' dir='ltr'><strong>neque</strong></span> <span class='ocrx_word' id='word_1_816' title='bbox 3156 3590 3297 3644; x_wconf 88' lang='lat' dir='ltr'><strong>enim</strong></span> <span class='ocrx_word' id='word_1_817' title='bbox 3327 3590 3646 3644; x_wconf 87' lang='lat' dir='ltr'><strong>necessitate</strong></span> 
     </span>
    </p>
   </div>
   <div class='ocr_carea' id='block_1_103' title="bbox 2065 3676 3642 3746">
    <p class='ocr_par' dir='ltr' id='par_1_103' title="bbox 2065 3676 3642 3746">
     <span class='ocr_line' id='line_1_104' title="bbox 2065 3676 3642 3746; baseline 0.005 -18"><span class='ocrx_word' id='word_1_818' title='bbox 2065 3676 2418 3742; x_wconf 82' lang='lat' dir='ltr'><strong>tenebantur,</strong></span> <span class='ocrx_word' id='word_1_819' title='bbox 2447 3676 2539 3731; x_wconf 89' lang='lat' dir='ltr'><strong>sed</strong></span> <span class='ocrx_word' id='word_1_820' title='bbox 2573 3679 2848 3746; x_wconf 84' lang='lat' dir='ltr'><strong>potestatis</strong></span> <span class='ocrx_word' id='word_1_821' title='bbox 2876 3678 3080 3734; x_wconf 88' lang='lat' dir='ltr'><strong>honore</strong></span> <span class='ocrx_word' id='word_1_822' title='bbox 3106 3679 3287 3734; x_wconf 84' lang='lat' dir='ltr'><strong>donati</strong></span> <span class='ocrx_word' id='word_1_823' title='bbox 3315 3692 3487 3735; x_wconf 89' lang='lat' dir='ltr'><strong>erant.</strong></span> <span class='ocrx_word' id='word_1_824' title='bbox 3520 3681 3642 3735; x_wconf 89' lang='lat' dir='ltr'><strong>ldco</strong></span> 
     </span>
    </p>
   </div>
   <div class='ocr_carea' id='block_1_104' title="bbox 2063 3766 3646 3833">
    <p class='ocr_par' dir='ltr' id='par_1_104' title="bbox 2063 3766 3646 3833">
     <span class='ocr_line' id='line_1_105' title="bbox 2063 3766 3646 3833; baseline 0.004 -12"><span class='ocrx_word' id='word_1_825' title='bbox 2063 3766 2226 3821; x_wconf 89' lang='lat' dir='ltr'><strong>Jonas</strong></span> <span class='ocrx_word' id='word_1_826' title='bbox 2255 3766 2412 3833; x_wconf 81' lang='lat' dir='ltr'><strong>fugit,</strong></span> <span class='ocrx_word' id='word_1_827' title='bbox 2447 3767 2567 3820; x_wconf 88' lang='lat' dir='ltr'><strong>ideo</strong></span> <span class='ocrx_word' id='word_1_828' title='bbox 2596 3767 2839 3822; x_wconf 82' lang='lat' dir='ltr'><strong>Ezechiel</strong></span> <span class='ocrx_word' id='word_1_829' title='bbox 2868 3769 3092 3832; x_wconf 86' lang='lat' dir='ltr'><strong>distulit,</strong></span> <span class='ocrx_word' id='word_1_830' title='bbox 3125 3770 3245 3825; x_wconf 87' lang='lat' dir='ltr'><strong>ideo</strong></span> <span class='ocrx_word' id='word_1_831' title='bbox 3271 3770 3530 3826; x_wconf 88' lang='lat' dir='ltr'><strong>Jeremias</strong></span> <span class='ocrx_word' id='word_1_832' title='bbox 3560 3788 3646 3828; x_wconf 78' lang='lat' dir='ltr'><strong>rc-</strong></span> 
     </span>
    </p>
   </div>
   <div class='ocr_carea' id='block_1_105' title="bbox 2063 3856 3644 3932">
    <p class='ocr_par' dir='ltr' id='par_1_105' title="bbox 2063 3856 3644 3932">
     <span class='ocr_line' id='line_1_106' title="bbox 2063 3856 3644 3932; baseline 0.003 -21"><span class='ocrx_word' id='word_1_833' title='bbox 2063 3856 2300 3911; x_wconf 80' lang='lat' dir='ltr'><strong>cusahat.</strong></span> <span class='ocrx_word' id='word_1_834' title='bbox 2325 3857 2465 3911; x_wconf 90' lang='lat' dir='ltr'><strong>Deus</strong></span> <span class='ocrx_word' id='word_1_835' title='bbox 2483 3872 2608 3912; x_wconf 79' lang='lat' dir='ltr'><strong>vero</strong></span> <span class='ocrx_word' id='word_1_836' title='bbox 2626 3872 2727 3912; x_wconf 88' lang='lat' dir='ltr'><strong>non</strong></span> <span class='ocrx_word' id='word_1_837' title='bbox 2751 3874 2873 3912; x_wconf 92' lang='lat' dir='ltr'><strong>cum</strong></span> <span class='ocrx_word' id='word_1_838' title='bbox 2894 3861 3210 3915; x_wconf 76' lang='lat' dir='ltr'><strong>neceSsitate</strong></span> <span class='ocrx_word' id='word_1_839' title='bbox 3234 3861 3454 3929; x_wconf 88' lang='lat' dir='ltr'><strong>impellit</strong></span> <span class='ocrx_word' id='word_1_840' title='bbox 3477 3863 3644 3932; x_wconf 87' lang='lat' dir='ltr'><strong>ipsos,</strong></span> 
     </span>
    </p>
   </div>
   <div class='ocr_carea' id='block_1_106' title="bbox 2064 3945 3645 4018">
    <p class='ocr_par' dir='ltr' id='par_1_106' title="bbox 2064 3945 3645 4018">
     <span class='ocr_line' id='line_1_107' title="bbox 2064 3945 3645 4018; baseline 0.002 -16"><span class='ocrx_word' id='word_1_841' title='bbox 2064 3945 2156 4002; x_wconf 88' lang='lat' dir='ltr'><strong>sed</strong></span> <span class='ocrx_word' id='word_1_842' title='bbox 2176 3946 2436 4012; x_wconf 75' lang='lat' dir='ltr'><strong>consiliis,</strong></span> <span class='ocrx_word' id='word_1_843' title='bbox 2458 3946 2846 4004; x_wconf 88' lang='lat' dir='ltr'><strong>hortationibus</strong></span> <span class='ocrx_word' id='word_1_844' title='bbox 2862 3957 2916 4002; x_wconf 89' lang='lat' dir='ltr'><strong>et</strong></span> <span class='ocrx_word' id='word_1_845' title='bbox 2934 3951 3434 4006; x_wconf 83' lang='lat' dir='ltr'><strong>comminationibus</strong></span> <span class='ocrx_word' id='word_1_846' title='bbox 3457 3954 3645 4018; x_wconf 86' lang='lat' dir='ltr'><strong>utitur,</strong></span> 
     </span>
    </p>
   </div>
   <div class='ocr_carea' id='block_1_107' title="bbox 2064 4038 3645 4111">
    <p class='ocr_par' dir='ltr' id='par_1_107' title="bbox 2064 4038 3645 4111">
     <span class='ocr_line' id='line_1_108' title="bbox 2064 4038 3645 4111; baseline 0.003 -18"><span class='ocrx_word' id='word_1_847' title='bbox 2064 4049 2298 4093; x_wconf 87' lang='lat' dir='ltr'><strong>mentem</strong></span> <span class='ocrx_word' id='word_1_848' title='bbox 2329 4039 2562 4093; x_wconf 89' lang='lat' dir='ltr'><strong>tenebris</strong></span> <span class='ocrx_word' id='word_1_849' title='bbox 2590 4055 2695 4092; x_wconf 91' lang='lat' dir='ltr'><strong>non</strong></span> <span class='ocrx_word' id='word_1_850' title='bbox 2721 4038 3019 4094; x_wconf 83' lang='lat' dir='ltr'><strong>oll&#39;undens.</strong></span> <span class='ocrx_word' id='word_1_851' title='bbox 3053 4039 3319 4095; x_wconf 73' lang='lat' dir='ltr'><strong>Dmtnonis</strong></span> <span class='ocrx_word' id='word_1_852' title='bbox 3345 4043 3485 4098; x_wconf 90' lang='lat' dir='ltr'><strong>enim</strong></span> <span class='ocrx_word' id='word_1_853' title='bbox 3517 4059 3645 4111; x_wconf 89' lang='lat' dir='ltr'><strong>pro-</strong></span> 
     </span>
    </p>
   </div>
   <div class='ocr_carea' id='block_1_108' title="bbox 2062 4131 3644 4202">
    <p class='ocr_par' dir='ltr' id='par_1_108' title="bbox 2062 4131 3644 4202">
     <span class='ocr_line' id='line_1_109' title="bbox 2062 4131 3644 4202; baseline 0.002 -17"><span class='ocrx_word' id='word_1_854' title='bbox 2062 4131 2236 4202; x_wconf 89' lang='lat' dir='ltr'><strong>prium</strong></span> <span class='ocrx_word' id='word_1_855' title='bbox 2263 4141 2345 4186; x_wconf 87' lang='lat' dir='ltr'><strong>est</strong></span> <span class='ocrx_word' id='word_1_856' title='bbox 2371 4140 2425 4186; x_wconf 90' lang='lat' dir='ltr'><strong>ct</strong></span> <span class='ocrx_word' id='word_1_857' title='bbox 2451 4131 2732 4185; x_wconf 90' lang='lat' dir='ltr'><strong>tumultum</strong></span> <span class='ocrx_word' id='word_1_858' title='bbox 2765 4140 2818 4186; x_wconf 86' lang='lat' dir='ltr'><strong>et</strong></span> <span class='ocrx_word' id='word_1_859' title='bbox 2847 4131 3080 4188; x_wconf 82' lang='lat' dir='ltr'><strong>furorem</strong></span> <span class='ocrx_word' id='word_1_860' title='bbox 3111 4141 3166 4188; x_wconf 90' lang='lat' dir='ltr'><strong>et</strong></span> <span class='ocrx_word' id='word_1_861' title='bbox 3194 4133 3411 4187; x_wconf 89' lang='lat' dir='ltr'><strong>multam</strong></span> <span class='ocrx_word' id='word_1_862' title='bbox 3441 4134 3644 4188; x_wconf 87' lang='lat' dir='ltr'><strong>immit-</strong></span> 
     </span>
    </p>
   </div>
   <div class='ocr_carea' id='block_1_109' title="bbox 2065 4221 3646 4293">
    <p class='ocr_par' dir='ltr' id='par_1_109' title="bbox 2065 4221 3646 4293">
     <span class='ocr_line' id='line_1_110' title="bbox 2065 4221 3646 4293; baseline 0.002 -19"><span class='ocrx_word' id='word_1_863' title='bbox 2065 4229 2177 4276; x_wconf 90' lang='lat' dir='ltr'><strong>tere</strong></span> <span class='ocrx_word' id='word_1_864' title='bbox 2205 4221 2521 4291; x_wconf 78' lang='lat' dir='ltr'><strong>caliginem;</strong></span> <span class='ocrx_word' id='word_1_865' title='bbox 2557 4221 2648 4275; x_wconf 91' lang='lat' dir='ltr'><strong>Dei</strong></span> <span class='ocrx_word' id='word_1_866' title='bbox 2680 4236 2804 4276; x_wconf 89' lang='lat' dir='ltr'><strong>vero</strong></span> <span class='ocrx_word' id='word_1_867' title='bbox 2834 4231 2915 4275; x_wconf 89' lang='lat' dir='ltr'><strong>est</strong></span> <span class='ocrx_word' id='word_1_868' title='bbox 2941 4221 3259 4287; x_wconf 88' lang='lat' dir='ltr'><strong>illuminare,</strong></span> <span class='ocrx_word' id='word_1_869' title='bbox 3285 4231 3340 4277; x_wconf 93' lang='lat' dir='ltr'><strong>et</strong></span> <span class='ocrx_word' id='word_1_870' title='bbox 3365 4238 3484 4293; x_wconf 74' lang='lat' dir='ltr'><strong>qua:</strong></span> <span class='ocrx_word' id='word_1_871' title='bbox 3511 4239 3646 4292; x_wconf 87' lang='lat' dir='ltr'><strong>opus</strong></span> 
     </span>
    </p>
   </div>
   <div class='ocr_carea' id='block_1_110' title="bbox 2063 4310 3646 4382">
    <p class='ocr_par' dir='ltr' id='par_1_110' title="bbox 2063 4310 3646 4382">
     <span class='ocr_line' id='line_1_111' title="bbox 2063 4310 3646 4382; baseline 0.001 -17"><span class='ocrx_word' id='word_1_872' title='bbox 2063 4321 2144 4365; x_wconf 87' lang='lat' dir='ltr'><strong>est</strong></span> <span class='ocrx_word' id='word_1_873' title='bbox 2178 4325 2297 4365; x_wconf 90' lang='lat' dir='ltr'><strong>cum</strong></span> <span class='ocrx_word' id='word_1_874' title='bbox 2337 4310 2682 4379; x_wconf 81' lang='lat' dir='ltr'><strong>intelligentia</strong></span> <span class='ocrx_word' id='word_1_875' title='bbox 2716 4310 2932 4365; x_wconf 84' lang='lat' dir='ltr'><strong>docere.</strong></span> <span class='ocrx_word' id='word_1_876' title='bbox 2966 4310 3141 4365; x_wconf 90' lang='lat' dir='ltr'><strong>Prima</strong></span> <span class='ocrx_word' id='word_1_877' title='bbox 3178 4326 3305 4382; x_wconf 84' lang='lat' dir='ltr'><strong>ergo</strong></span> <span class='ocrx_word' id='word_1_878' title='bbox 3333 4311 3646 4367; x_wconf 87' lang='lat' dir='ltr'><strong>divinatoris</strong></span> 
     </span>
    </p>
   </div>
   <div class='ocr_carea' id='block_1_111' title="bbox 2062 4400 3648 4472">
    <p class='ocr_par' dir='ltr' id='par_1_111' title="bbox 2062 4400 3648 4472">
     <span class='ocr_line' id='line_1_112' title="bbox 2062 4400 3648 4472; baseline 0.003 -18"><span class='ocrx_word' id='word_1_879' title='bbox 2062 4409 2116 4455; x_wconf 91' lang='lat' dir='ltr'><strong>et</strong></span> <span class='ocrx_word' id='word_1_880' title='bbox 2154 4400 2430 4472; x_wconf 76' lang='lat' dir='ltr'><strong>propheta:</strong></span> <span class='ocrx_word' id='word_1_881' title='bbox 2467 4400 2764 4455; x_wconf 81' lang='lat' dir='ltr'><strong>dill‘erentia</strong></span> <span class='ocrx_word' id='word_1_882' title='bbox 2807 4401 2922 4456; x_wconf 68' lang='lat' dir='ltr'><strong>hmo</strong></span> <span class='ocrx_word' id='word_1_883' title='bbox 2957 4411 3082 4455; x_wconf 89' lang='lat' dir='ltr'><strong>est:</strong></span> <span class='ocrx_word' id='word_1_884' title='bbox 3119 4402 3351 4457; x_wconf 90' lang='lat' dir='ltr'><strong>secunda</strong></span> <span class='ocrx_word' id='word_1_885' title='bbox 3394 4418 3523 4457; x_wconf 84' lang='lat' dir='ltr'><strong>vero</strong></span> <span class='ocrx_word' id='word_1_886' title='bbox 3562 4414 3648 4458; x_wconf 93' lang='lat' dir='ltr'><strong>est</strong></span> 
     </span>
    </p>
   </div>
   <div class='ocr_carea' id='block_1_112' title="bbox 2061 4490 3648 4560">
    <p class='ocr_par' dir='ltr' id='par_1_112' title="bbox 2061 4490 3648 4560">
     <span class='ocr_line' id='line_1_113' title="bbox 2061 4490 3648 4560; baseline 0.002 -16"><span class='ocrx_word' id='word_1_887' title='bbox 2061 4491 2182 4557; x_wconf 89' lang='lat' dir='ltr'><strong>alia,</strong></span> <span class='ocrx_word' id='word_1_888' title='bbox 2207 4506 2364 4560; x_wconf 88' lang='lat' dir='ltr'><strong>quam</strong></span> <span class='ocrx_word' id='word_1_889' title='bbox 2394 4490 2645 4560; x_wconf 80' lang='lat' dir='ltr'><strong>deinceps</strong></span> <span class='ocrx_word' id='word_1_890' title='bbox 2671 4491 2822 4560; x_wconf 89' lang='lat' dir='ltr'><strong>ponit</strong></span> <span class='ocrx_word' id='word_1_891' title='bbox 2847 4491 3030 4547; x_wconf 90' lang='lat' dir='ltr'><strong>dicens</strong></span> <span class='ocrx_word' id='word_1_892' title='bbox 3055 4511 3068 4547; x_wconf 89' lang='lat'>:</span> <span class='ocrx_word' id='word_1_893' title='bbox 3092 4493 3145 4548; x_wconf 78' lang='grc'><strong>5.</strong></span> <span class='ocrx_word' id='word_1_894' title='bbox 3171 4492 3297 4546; x_wconf 81' lang='lat' dir='ltr'><strong>Ideo</strong></span> <span class='ocrx_word' id='word_1_895' title='bbox 3318 4504 3489 4546; x_wconf 82' lang='lat' dir='ltr'><strong>notum</strong></span> <span class='ocrx_word' id='word_1_896' title='bbox 3513 4493 3648 4548; x_wconf 82' lang='lat' dir='ltr'><strong>vobis</strong></span> 
     </span>
    </p>
   </div>
   <div class='ocr_carea' id='block_1_113' title="bbox 2060 4580 3646 4653">
    <p class='ocr_par' dir='ltr' id='par_1_113' title="bbox 2060 4580 3646 4653">
     <span class='ocr_line' id='line_1_114' title="bbox 2060 4580 3646 4653; baseline 0.003 -20"><span class='ocrx_word' id='word_1_897' title='bbox 2060 4580 2193 4650; x_wconf 79' lang='lat' dir='ltr'><strong>{acia</strong></span> <span class='ocrx_word' id='word_1_898' title='bbox 2217 4621 2231 4645; x_wconf 92' lang='lat'><strong>,</strong></span> <span class='ocrx_word' id='word_1_899' title='bbox 2261 4580 2395 4650; x_wconf 89' lang='lat' dir='ltr'><strong>quod</strong></span> <span class='ocrx_word' id='word_1_900' title='bbox 2432 4596 2576 4634; x_wconf 86' lang='lat' dir='ltr'><strong>nemo</strong></span> <span class='ocrx_word' id='word_1_901' title='bbox 2603 4581 2654 4634; x_wconf 88' lang='lat' dir='ltr'><strong>in</strong></span> <span class='ocrx_word' id='word_1_902' title='bbox 2679 4582 2861 4650; x_wconf 84' lang='lat' dir='ltr'><strong>spiritu</strong></span> <span class='ocrx_word' id='word_1_903' title='bbox 2893 4581 2986 4636; x_wconf 90' lang='lat' dir='ltr'><strong>Dei</strong></span> <span class='ocrx_word' id='word_1_904' title='bbox 3014 4581 3219 4653; x_wconf 86' lang='lat' dir='ltr'><strong>loquens</strong></span> <span class='ocrx_word' id='word_1_905' title='bbox 3239 4625 3254 4651; x_wconf 93' lang='lat'><strong>,</strong></span> <span class='ocrx_word' id='word_1_906' title='bbox 3283 4583 3402 4637; x_wconf 85' lang='lat' dir='ltr'><strong>dicit</strong></span> <span class='ocrx_word' id='word_1_907' title='bbox 3429 4584 3646 4638; x_wconf 83' lang='lat' dir='ltr'><strong>anathe-</strong></span> 
     </span>
    </p>
   </div>
   <div class='ocr_carea' id='block_1_114' title="bbox 2062 4670 3647 4746">
    <p class='ocr_par' dir='ltr' id='par_1_114' title="bbox 2062 4670 3647 4746">
     <span class='ocr_line' id='line_1_115' title="bbox 2062 4670 3647 4746; baseline 0.004 -22"><span class='ocrx_word' id='word_1_908' title='bbox 2062 4687 2146 4724; x_wconf 85' lang='lat' dir='ltr'><strong>ma</strong></span> <span class='ocrx_word' id='word_1_909' title='bbox 2185 4670 2380 4725; x_wconf 69' lang='lat' dir='ltr'><strong>Iesum.</strong></span> <span class='ocrx_word' id='word_1_910' title='bbox 2412 4672 2613 4727; x_wconf 91' lang='lat' dir='ltr'><strong>Deinde</strong></span> <span class='ocrx_word' id='word_1_911' title='bbox 2642 4673 2800 4726; x_wconf 90' lang='lat' dir='ltr'><strong>etiam</strong></span> <span class='ocrx_word' id='word_1_912' title='bbox 2829 4673 2931 4727; x_wconf 89' lang='lat' dir='ltr'><strong>alia</strong></span> <span class='ocrx_word' id='word_1_913' title='bbox 2958 4715 2971 4738; x_wconf 96' lang='lat'><strong>,</strong></span> <span class='ocrx_word' id='word_1_914' title='bbox 3001 4672 3068 4726; x_wconf 86' lang='lat' dir='ltr'><strong>Et</strong></span> <span class='ocrx_word' id='word_1_915' title='bbox 3115 4693 3257 4730; x_wconf 86' lang='lat' dir='ltr'><strong>nemo</strong></span> <span class='ocrx_word' id='word_1_916' title='bbox 3287 4686 3447 4746; x_wconf 84' lang='lat' dir='ltr'><strong>potest</strong></span> <span class='ocrx_word' id='word_1_917' title='bbox 3483 4677 3647 4731; x_wconf 80' lang='lat' dir='ltr'><strong>dicere</strong></span> 
     </span>
    </p>
   </div>
   <div class='ocr_carea' id='block_1_115' title="bbox 2063 4761 3641 4838">
    <p class='ocr_par' dir='ltr' id='par_1_115' title="bbox 2063 4761 3641 4838">
     <span class='ocr_line' id='line_1_116' title="bbox 2063 4761 3641 4838; baseline 0.005 -22"><span class='ocrx_word' id='word_1_918' title='bbox 2063 4761 2338 4819; x_wconf 86' lang='lat' dir='ltr'><strong>Dominum</strong></span> <span class='ocrx_word' id='word_1_919' title='bbox 2365 4763 2563 4832; x_wconf 87' lang='lat' dir='ltr'><strong>Jesum,</strong></span> <span class='ocrx_word' id='word_1_920' title='bbox 2596 4767 2695 4819; x_wconf 85' lang='lat' dir='ltr'><strong>nisi</strong></span> <span class='ocrx_word' id='word_1_921' title='bbox 2720 4767 2773 4819; x_wconf 87' lang='lat' dir='ltr'><strong>in</strong></span> <span class='ocrx_word' id='word_1_922' title='bbox 2805 4765 3007 4836; x_wconf 86' lang='lat' dir='ltr'><strong>Spiritu</strong></span> <span class='ocrx_word' id='word_1_923' title='bbox 3037 4778 3230 4822; x_wconf 80' lang='lat' dir='ltr'><strong>sancto.</strong></span> <span class='ocrx_word' id='word_1_924' title='bbox 3259 4769 3392 4822; x_wconf 90' lang='lat' dir='ltr'><strong>Cum</strong></span> <span class='ocrx_word' id='word_1_925' title='bbox 3428 4769 3641 4838; x_wconf 81' lang='lat' dir='ltr'><strong>videris,</strong></span> 
     </span>
    </p>
   </div>
   <div class='ocr_carea' id='block_1_116' title="bbox 2063 4861 3644 4934">
    <p class='ocr_par' dir='ltr' id='par_1_116' title="bbox 2063 4861 3644 4934">
     <span class='ocr_line' id='line_1_117' title="bbox 2063 4861 3644 4934; baseline 0.003 -20"><span class='ocrx_word' id='word_1_926' title='bbox 2063 4861 2266 4932; x_wconf 88' lang='lat' dir='ltr'><strong>inquit,</strong></span> <span class='ocrx_word' id='word_1_927' title='bbox 2295 4863 2594 4932; x_wconf 90' lang='lat' dir='ltr'><strong>quempiam</strong></span> <span class='ocrx_word' id='word_1_928' title='bbox 2625 4878 2728 4917; x_wconf 91' lang='lat' dir='ltr'><strong>non</strong></span> <span class='ocrx_word' id='word_1_929' title='bbox 2758 4862 3115 4931; x_wconf 89' lang='lat' dir='ltr'><strong>prol&#39;erentem</strong></span> <span class='ocrx_word' id='word_1_930' title='bbox 3138 4878 3331 4918; x_wconf 88' lang='lat' dir='ltr'><strong>nomen</strong></span> <span class='ocrx_word' id='word_1_931' title='bbox 3359 4864 3476 4934; x_wconf 88' lang='lat' dir='ltr'><strong>ejus</strong></span> <span class='ocrx_word' id='word_1_932' title='bbox 3496 4906 3510 4930; x_wconf 94' lang='lat'><strong>,</strong></span> <span class='ocrx_word' id='word_1_933' title='bbox 3536 4865 3644 4918; x_wconf 90' lang='lat' dir='ltr'><strong>imo</strong></span> 
     </span>
    </p>
   </div>
   <div class='ocr_carea' id='block_1_117' title="bbox 2057 5053 3643 5125">
    <p class='ocr_par' dir='ltr' id='par_1_117' title="bbox 2057 5053 3643 5125">
     <span class='ocr_line' id='line_1_118' title="bbox 2057 5053 3643 5125; baseline 0.007 -24"><span class='ocrx_word' id='word_1_934' title='bbox 2057 5053 2278 5125; x_wconf 74' lang='lat' dir='ltr'><strong>phyrius,</strong></span> <span class='ocrx_word' id='word_1_935' title='bbox 2303 5067 2536 5125; x_wconf 56' lang='lat' dir='ltr'><strong>guinem</strong></span> <span class='ocrx_word' id='word_1_936' title='bbox 2553 5053 2901 5125; x_wconf 66' lang='lat' dir='ltr'><strong>puniebantur,</strong></span> <span class='ocrx_word' id='word_1_937' title='bbox 2949 5064 3000 5106; x_wconf 89' lang='lat' dir='ltr'><strong>ut</strong></span> <span class='ocrx_word' id='word_1_938' title='bbox 3031 5070 3125 5107; x_wconf 84' lang='lat' dir='ltr'><strong>non</strong></span> <span class='ocrx_word' id='word_1_939' title='bbox 3156 5069 3405 5125; x_wconf 76' lang='lat' dir='ltr'><strong>evocarent</strong></span> <span class='ocrx_word' id='word_1_940' title='bbox 3423 5068 3643 5125; x_wconf 83' lang='lat' dir='ltr'><strong>tantum,</strong></span> 
     </span>
    </p>
   </div>
   <div class='ocr_carea' id='block_1_118' title="bbox 2057 5115 3638 5186">
    <p class='ocr_par' dir='ltr' id='par_1_118' title="bbox 2057 5115 3638 5186">
     <span class='ocr_line' id='line_1_119' title="bbox 2057 5115 3638 5186; baseline 0.006 -22"><span class='ocrx_word' id='word_1_941' title='bbox 2057 5115 2143 5164; x_wconf 76' lang='lat' dir='ltr'><strong>sed</strong></span> <span class='ocrx_word' id='word_1_942' title='bbox 2167 5115 2309 5186; x_wconf 68' lang='lat' dir='ltr'><strong>etiam</strong></span> <span class='ocrx_word' id='word_1_943' title='bbox 2323 5115 2512 5184; x_wconf 76' lang='lat' dir='ltr'><strong>evocata</strong></span> <span class='ocrx_word' id='word_1_944' title='bbox 2530 5115 2768 5186; x_wconf 40' lang='lat' dir='ltr'><strong>dar&#39;ntonia</strong></span> <span class='ocrx_word' id='word_1_945' title='bbox 2783 5115 3066 5186; x_wconf 75' lang='lat' dir='ltr'><strong>detinerent,</strong></span> <span class='ocrx_word' id='word_1_946' title='bbox 3083 5122 3316 5186; x_wconf 83' lang='lat' dir='ltr'><strong>quamdiu</strong></span> <span class='ocrx_word' id='word_1_947' title='bbox 3337 5123 3430 5172; x_wconf 87' lang='lat' dir='ltr'><strong>vati</strong></span> <span class='ocrx_word' id='word_1_948' title='bbox 3443 5115 3638 5186; x_wconf 78' lang='lat' dir='ltr'><strong>maguvé</strong></span> 
     </span>
    </p>
   </div>
   <div class='ocr_carea' id='block_1_119' title="bbox 2057 5175 3643 5247">
    <p class='ocr_par' dir='ltr' id='par_1_119' title="bbox 2057 5175 3643 5247">
     <span class='ocr_line' id='line_1_120' title="bbox 2057 5175 3643 5247; baseline 0.006 -23"><span class='ocrx_word' id='word_1_949' title='bbox 2057 5183 2177 5247; x_wconf 74' lang='lat' dir='ltr'><strong>esset</strong></span> <span class='ocrx_word' id='word_1_950' title='bbox 2199 5175 2402 5247; x_wconf 81' lang='lat' dir='ltr'><strong>libitum.</strong></span> <span class='ocrx_word' id='word_1_951' title='bbox 2427 5176 2503 5226; x_wconf 80' lang='lat' dir='ltr'><strong>sic</strong></span> <span class='ocrx_word' id='word_1_952' title='bbox 2538 5177 2665 5226; x_wconf 79' lang='lat' dir='ltr'><strong>enim</strong></span> <span class='ocrx_word' id='word_1_953' title='bbox 2687 5181 2821 5240; x_wconf 84' lang='lat' dir='ltr'><strong>apud</strong></span> <span class='ocrx_word' id='word_1_954' title='bbox 2849 5175 3174 5244; x_wconf 64' lang='lat' dir='ltr'><strong>Porphyrium</strong></span> <span class='ocrx_word' id='word_1_955' title='bbox 3197 5183 3497 5247; x_wconf 74' lang='lat' dir='ltr'><strong>Pythagoras</strong></span> <span class='ocrx_word' id='word_1_956' title='bbox 3522 5175 3643 5234; x_wconf 56' lang='lat' dir='ltr'><strong>Filio-</strong></span> 
     </span>
    </p>
   </div>
   <div class='ocr_carea' id='block_1_120' title="bbox 2058 5239 3650 5306">
    <p class='ocr_par' dir='ltr' id='par_1_120' title="bbox 2058 5239 3650 5306">
     <span class='ocr_line' id='line_1_121' title="bbox 2058 5239 3650 5306; baseline 0.004 -20"><span class='ocrx_word' id='word_1_957' title='bbox 2058 5239 2185 5294; x_wconf 83' lang='lat' dir='ltr'><strong>dius,</strong></span> <span class='ocrx_word' id='word_1_958' title='bbox 2193 5249 2258 5300; x_wconf 70' lang='grc' dir='ltr'><strong>οὺχ</strong></span> <span class='ocrx_word' id='word_1_959' title='bbox 2265 5245 2416 5296; x_wconf 51' lang='lat' dir='ltr'><strong>{dum</strong></span> <span class='ocrx_word' id='word_1_960' title='bbox 2423 5250 2460 5289; x_wconf 76' lang='lat' dir='ltr'><strong>oi</strong></span> <span class='ocrx_word' id='word_1_961' title='bbox 2471 5249 2693 5306; x_wconf 46' lang='lat' dir='ltr'><strong>sinitaut-ros</strong></span> <span class='ocrx_word' id='word_1_962' title='bbox 2705 5239 2761 5290; x_wconf 70' lang='grc' dir='ltr'><strong>ὶιςὶ</strong></span> <span class='ocrx_word' id='word_1_963' title='bbox 2771 5257 2849 5298; x_wconf 68' lang='grc' dir='ltr'><strong>ταῖς</strong></span> <span class='ocrx_word' id='word_1_964' title='bbox 2875 5239 3038 5300; x_wconf 55' lang='lat' dir='ltr'><strong>bucinas—0</strong></span> <span class='ocrx_word' id='word_1_965' title='bbox 3044 5258 3108 5301; x_wconf 72' lang='lat' dir='ltr'><strong>toi,</strong></span> <span class='ocrx_word' id='word_1_966' title='bbox 3122 5239 3259 5306; x_wconf 57' lang='lat' dir='ltr'><strong>ivéys;</strong></span> <span class='ocrx_word' id='word_1_967' title='bbox 3284 5253 3324 5296; x_wconf 79' lang='grc' dir='ltr'><em>δι</em></span> <span class='ocrx_word' id='word_1_968' title='bbox 3341 5239 3410 5294; x_wconf 46' lang='lat' dir='ltr'><strong>vivi</strong></span> <span class='ocrx_word' id='word_1_969' title='bbox 3429 5257 3650 5306; x_wconf 56' lang='grc' dir='ltr'><strong>ἀιολορθίας</strong></span> 
     </span>
    </p>
   </div>
   <div class='ocr_carea' id='block_1_121' title="bbox 2058 5303 3643 5370">
    <p class='ocr_par' dir='ltr' id='par_1_121' title="bbox 2058 5303 3643 5370">
     <span class='ocr_line' id='line_1_122' title="bbox 2058 5303 3643 5370; baseline 0.004 -22"><span class='ocrx_word' id='word_1_970' title='bbox 2058 5312 2244 5368; x_wconf 47' lang='lat' dir='ltr'><strong>«assumi</strong></span> <span class='ocrx_word' id='word_1_971' title='bbox 2283 5312 2578 5370; x_wconf 42' lang='grc' dir='ltr'><strong>περιγίνονται</strong></span> <span class='ocrx_word' id='word_1_972' title='bbox 2610 5303 2700 5350; x_wconf 87' lang='lat' dir='ltr'><strong>hoc</strong></span> <span class='ocrx_word' id='word_1_973' title='bbox 2734 5310 2810 5350; x_wconf 84' lang='lat' dir='ltr'><strong>est</strong></span> <span class='ocrx_word' id='word_1_974' title='bbox 2825 5317 2849 5370; x_wconf 35' lang='grc' dir='ltr'><strong>,ε</strong></span> <span class='ocrx_word' id='word_1_975' title='bbox 2877 5312 2979 5370; x_wconf 66' lang='lat' dir='ltr'><strong>nou</strong></span> <span class='ocrx_word' id='word_1_976' title='bbox 3022 5307 3133 5354; x_wconf 78' lang='lat' dir='ltr'><strong>(leas</strong></span> <span class='ocrx_word' id='word_1_977' title='bbox 3149 5303 3286 5370; x_wconf 69' lang='lat' dir='ltr'><strong>jupat</strong></span> <span class='ocrx_word' id='word_1_978' title='bbox 3311 5306 3359 5354; x_wconf 86' lang='lat' dir='ltr'><strong>in</strong></span> <span class='ocrx_word' id='word_1_979' title='bbox 3384 5305 3643 5370; x_wconf 66' lang='lat' dir='ltr'><strong>sacriﬁciis</strong></span> 
     </span>
    </p>
   </div>
   <div class='ocr_carea' id='block_1_122' title="bbox 2057 5363 3639 5426">
    <p class='ocr_par' dir='ltr' id='par_1_122' title="bbox 2057 5363 3639 5426">
     <span class='ocr_line' id='line_1_123' title="bbox 2057 5363 3639 5426; baseline 0.004 -18"><span class='ocrx_word' id='word_1_980' title='bbox 2057 5363 2262 5426; x_wconf 68' lang='lat' dir='ltr'><strong>evocari.</strong></span> <span class='ocrx_word' id='word_1_981' title='bbox 2281 5367 2366 5409; x_wconf 78' lang='lat' dir='ltr'><strong>sed</strong></span> <span class='ocrx_word' id='word_1_982' title='bbox 2383 5363 2679 5426; x_wconf 74' lang='lat' dir='ltr'><strong>necessitate</strong></span> <span class='ocrx_word' id='word_1_983' title='bbox 2703 5363 2914 5422; x_wconf 76' lang='lat' dir='ltr'><strong>quadrua</strong></span> <span class='ocrx_word' id='word_1_984' title='bbox 2934 5363 3222 5426; x_wconf 72' lang='lat' dir='ltr'><strong>obsequendi</strong></span> <span class='ocrx_word' id='word_1_985' title='bbox 3262 5365 3406 5414; x_wconf 86' lang='lat' dir='ltr'><strong>tracti</strong></span> <span class='ocrx_word' id='word_1_986' title='bbox 3431 5363 3639 5415; x_wconf 75' lang='lat' dir='ltr'><strong>veniunt.</strong></span> 
     </span>
    </p>
   </div>
   <div class='ocr_carea' id='block_1_123' title="bbox 2057 5420 3648 5489">
    <p class='ocr_par' dir='ltr' id='par_1_123' title="bbox 2057 5420 3648 5489">
     <span class='ocr_line' id='line_1_124' title="bbox 2057 5420 3648 5489; baseline 0.006 -21"><span class='ocrx_word' id='word_1_987' title='bbox 2057 5420 2222 5489; x_wconf 68' lang='lat' dir='ltr'><strong>Apollo</strong></span> <span class='ocrx_word' id='word_1_988' title='bbox 2244 5420 2344 5482; x_wconf 86' lang='lat' dir='ltr'><strong>ipse</strong></span> <span class='ocrx_word' id='word_1_989' title='bbox 2368 5423 2499 5483; x_wconf 83' lang='lat' dir='ltr'><strong>apud</strong></span> <span class='ocrx_word' id='word_1_990' title='bbox 2530 5420 2884 5484; x_wconf 72' lang='lat' dir='ltr'><strong>theodot&#39;etum,</strong></span> <span class='ocrx_word' id='word_1_991' title='bbox 2929 5433 3024 5473; x_wconf 86' lang='lat' dir='ltr'><strong>etc.</strong></span> <span class='ocrx_word' id='word_1_992' title='bbox 3057 5420 3179 5487; x_wconf 61' lang='lat' dir='ltr'><strong>&#39;qua:</strong></span> <span class='ocrx_word' id='word_1_993' title='bbox 3203 5427 3447 5476; x_wconf 81' lang='lat' dir='ltr'><strong>tusissime</strong></span> <span class='ocrx_word' id='word_1_994' title='bbox 3472 5441 3648 5489; x_wconf 80' lang='lat' dir='ltr'><strong>perse-</strong></span> 
     </span>
    </p>
   </div>
   <div class='ocr_carea' id='block_1_124' title="bbox 2055 5483 2498 5545">
    <p class='ocr_par' dir='ltr' id='par_1_124' title="bbox 2055 5483 2498 5545">
     <span class='ocr_line' id='line_1_125' title="bbox 2055 5483 2498 5545; baseline 0 -15"><span class='ocrx_word' id='word_1_995' title='bbox 2055 5483 2222 5545; x_wconf 89' lang='lat' dir='ltr'><strong>quitur</strong></span> <span class='ocrx_word' id='word_1_996' title='bbox 2246 5489 2498 5545; x_wconf 64' lang='lat' dir='ltr'><strong>Dountrfus.</strong></span> 
     </span>
    </p>
   </div>
   <div class='ocr_carea' id='block_1_125' title="bbox 2118 5543 3642 5613">
    <p class='ocr_par' dir='ltr' id='par_1_125' title="bbox 2118 5543 3642 5613">
     <span class='ocr_line' id='line_1_126' title="bbox 2118 5543 3642 5613; baseline 0.005 -21"><span class='ocrx_word' id='word_1_997' title='bbox 2118 5546 2194 5606; x_wconf 78' lang='grc' dir='ltr'><strong>(α)</strong></span> <span class='ocrx_word' id='word_1_998' title='bbox 2229 5544 2483 5613; x_wconf 50' lang='grc' dir='ltr'><strong>ῼερςιιιὶβ</strong></span> <span class='ocrx_word' id='word_1_999' title='bbox 2505 5550 2557 5592; x_wconf 91' lang='lat' dir='ltr'><strong>et</strong></span> <span class='ocrx_word' id='word_1_1000' title='bbox 2571 5543 2641 5613; x_wconf 84' lang='lat' dir='ltr'><strong>de</strong></span> <span class='ocrx_word' id='word_1_1001' title='bbox 2654 5544 2844 5613; x_wconf 75' lang='lat' dir='ltr'><strong>tripode</strong></span> <span class='ocrx_word' id='word_1_1002' title='bbox 2865 5545 2975 5613; x_wconf 74' lang='lat' dir='ltr'><strong>vide</strong></span> <span class='ocrx_word' id='word_1_1003' title='bbox 2986 5548 3268 5613; x_wconf 81' lang='lat' dir='ltr'><strong>Strabonem</strong></span> <span class='ocrx_word' id='word_1_1004' title='bbox 3293 5545 3376 5613; x_wconf 67' lang='lat' dir='ltr'><strong>lib.</strong></span> <span class='ocrx_word' id='word_1_1005' title='bbox 3395 5549 3446 5608; x_wconf 85' lang='lat'><strong>9,</strong></span> <span class='ocrx_word' id='word_1_1006' title='bbox 3460 5564 3510 5613; x_wconf 90' lang='lat' dir='ltr'><strong>p.</strong></span> <span class='ocrx_word' id='word_1_1007' title='bbox 3531 5550 3642 5600; x_wconf 75' lang='grc'><strong>419.</strong></span> 
     </span>
    </p>
   </div>
   <div class='ocr_carea' id='block_1_126' title="bbox 2056 5605 3635 5717">
    <p class='ocr_par' dir='ltr' id='par_1_126' title="bbox 2056 5605 3635 5717">
     <span class='ocr_line' id='line_1_127' title="bbox 2056 5605 3635 5717; baseline 0.004 -63"><span class='ocrx_word' id='word_1_1008' title='bbox 2056 5617 2162 5677; x_wconf 65' lang='lat' dir='ltr'><strong>seq.</strong></span> <span class='ocrx_word' id='word_1_1009' title='bbox 2178 5605 2270 5655; x_wconf 82' lang='lat' dir='ltr'><strong>ed.</strong></span> <span class='ocrx_word' id='word_1_1010' title='bbox 2295 5605 2498 5677; x_wconf 57' lang='lat' dir='ltr'><strong>(lasani).</strong></span> <span class='ocrx_word' id='word_1_1011' title='bbox 2521 5642 2535 5665; x_wconf 91' lang='lat'><strong>,</strong></span> <span class='ocrx_word' id='word_1_1012' title='bbox 2563 5610 2646 5668; x_wconf 85' lang='lat' dir='ltr'><strong>qui</strong></span> <span class='ocrx_word' id='word_1_1013' title='bbox 2669 5605 3052 5717; x_wconf 46' lang='lat' dir='ltr'><strong>desetéi‘ptionem</strong></span> <span class='ocrx_word' id='word_1_1014' title='bbox 3075 5609 3279 5681; x_wconf 78' lang='lat' dir='ltr'><strong>tripodis</strong></span> <span class='ocrx_word' id='word_1_1015' title='bbox 3301 5605 3445 5660; x_wconf 81' lang='lat' dir='ltr'><strong>atlert</strong></span> <span class='ocrx_word' id='word_1_1016' title='bbox 3463 5605 3522 5660; x_wconf 73' lang='lat' dir='ltr'><strong>et</strong></span> <span class='ocrx_word' id='word_1_1017' title='bbox 3549 5626 3635 5660; x_wconf 57' lang='lat' dir='ltr'><strong>an.</strong></span> 
     </span>
     <span class='ocr_line' id='line_1_128' title="bbox 2057 5671 3635 5717; baseline 0.001 -1"><span class='ocrx_word' id='word_1_1018' title='bbox 2057 5674 2118 5716; x_wconf 88' lang='lat' dir='ltr'><strong>trt</strong></span> <span class='ocrx_word' id='word_1_1019' title='bbox 2152 5681 2201 5716; x_wconf 84' lang='grc' dir='ltr'><strong>ιιι</strong></span> <span class='ocrx_word' id='word_1_1020' title='bbox 2234 5681 2331 5717; x_wconf 84' lang='grc' dir='ltr'><em>(ιιιο</em></span> <span class='ocrx_word' id='word_1_1021' title='bbox 2373 5673 2560 5717; x_wconf 74' lang='lat' dir='ltr'><strong>nasutus</strong></span> <span class='ocrx_word' id='word_1_1022' title='bbox 2594 5674 2717 5716; x_wconf 88' lang='lat' dir='ltr'><strong>erat.</strong></span> <span class='ocrx_word' id='word_1_1023' title='bbox 2762 5676 2789 5715; x_wconf 83' lang='lat' dir='ltr'><strong>s</strong></span> <span class='ocrx_word' id='word_1_1024' title='bbox 2884 5681 2994 5717; x_wconf 71' lang='lat' dir='ltr'><strong>quae</strong></span> <span class='ocrx_word' id='word_1_1025' title='bbox 3018 5676 3232 5717; x_wconf 85' lang='lat' dir='ltr'><strong>turmora</strong></span> <span class='ocrx_word' id='word_1_1026' title='bbox 3255 5671 3336 5717; x_wconf 87' lang='lat' dir='ltr'><strong>hic</strong></span> <span class='ocrx_word' id='word_1_1027' title='bbox 3356 5673 3635 5717; x_wconf 79' lang='lat' dir='ltr'><strong>ml&#39;eruttutr</strong></span> 
     </span>
    </p>
   </div>
   <div class='ocr_carea' id='block_1_127' title="bbox 2057 5668 3643 5734">
    <p class='ocr_par' dir='ltr' id='par_1_127' title="bbox 2057 5668 3643 5734">
     <span class='ocr_line' id='line_1_129' title="bbox 2057 5668 3643 5734; baseline 0.005 -18"><span class='ocrx_word' id='word_1_1028' title='bbox 2057 5668 2118 5716; x_wconf 91' lang='lat' dir='ltr'><strong>tri</strong></span> <span class='ocrx_word' id='word_1_1029' title='bbox 2152 5669 2201 5716; x_wconf 89' lang='lat' dir='ltr'><strong>in</strong></span> <span class='ocrx_word' id='word_1_1030' title='bbox 2234 5681 2331 5730; x_wconf 89' lang='lat' dir='ltr'><strong>quo</strong></span> <span class='ocrx_word' id='word_1_1031' title='bbox 2373 5669 2560 5734; x_wconf 84' lang='lat' dir='ltr'><strong>positus</strong></span> <span class='ocrx_word' id='word_1_1032' title='bbox 2594 5674 2717 5734; x_wconf 76' lang='lat' dir='ltr'><strong>erat.</strong></span> <span class='ocrx_word' id='word_1_1033' title='bbox 2762 5668 2852 5717; x_wconf 79' lang='lat' dir='ltr'><strong>sed</strong></span> <span class='ocrx_word' id='word_1_1034' title='bbox 2884 5681 2994 5732; x_wconf 69' lang='lat' dir='ltr'><strong>quae</strong></span> <span class='ocrx_word' id='word_1_1035' title='bbox 3018 5668 3232 5734; x_wconf 80' lang='lat' dir='ltr'><strong>turpiora</strong></span> <span class='ocrx_word' id='word_1_1036' title='bbox 3255 5671 3336 5722; x_wconf 90' lang='lat' dir='ltr'><strong>hic</strong></span> <span class='ocrx_word' id='word_1_1037' title='bbox 3356 5673 3643 5724; x_wconf 74' lang='lat' dir='ltr'><strong>referuntur</strong></span> 
     </span>
    </p>
   </div>
   <div class='ocr_carea' id='block_1_128' title="bbox 2059 5729 2828 5792">
    <p class='ocr_par' dir='ltr' id='par_1_128' title="bbox 2059 5729 2828 5792">
     <span class='ocr_line' id='line_1_130' title="bbox 2059 5729 2828 5792; baseline 0.001 -14"><span class='ocrx_word' id='word_1_1038' title='bbox 2059 5729 2292 5792; x_wconf 84' lang='lat' dir='ltr'><strong>nusquam</strong></span> <span class='ocrx_word' id='word_1_1039' title='bbox 2315 5730 2514 5780; x_wconf 85' lang='lat' dir='ltr'><strong>memini</strong></span> <span class='ocrx_word' id='word_1_1040' title='bbox 2537 5742 2616 5780; x_wconf 87' lang='lat' dir='ltr'><strong>me</strong></span> <span class='ocrx_word' id='word_1_1041' title='bbox 2635 5729 2828 5792; x_wconf 76' lang='lat' dir='ltr'><strong>legere.</strong></span> 
     </span>
    </p>
   </div>
  </div>
