4094 6222
456 303 554 357 Ξοιῦ

453 420 625 485 ipsum
671 407 1245 469 anathematitautem,
1289 403 1334 457 is
1380 408 1462 455 est
1503 397 1785 453 divinator.
1827 394 2032 448 Rursus

450 523 569 564 cum
595 504 788 560 videris
808 502 967 557 alium
989 511 1110 554 eum
1133 491 1349 549 nomine
1365 490 1484 559 ejus
1504 487 1682 542 omnia
1703 487 2030 557 loquentem,

451 602 622 670 cogita
656 597 802 652 illum
835 606 954 648 esse
979 584 1330 658 spiritualem.
1361 579 1498 650 Quid
1524 592 1670 647 ergo,
1705 577 1934 670 inquies,
1965 575 2033 629 de

449 665 847 745 caiechumenis
871 676 1204 735 dixerimus?
1228 674 1275 728 si
1299 673 1440 728 enim
1469 684 1626 725 nemo
1654 676 1827 738 potest
1851 665 2032 721 dicere

454 779 731 834 Dominum
757 774 958 834 Jesum,
982 769 1083 824 nisi
1110 769 1163 822 in
1188 765 1389 836 Spirilu
1414 771 1619 822 sancto,
1645 759 1769 830 quid
1792 758 2032 812 dicemus

450 871 518 926 de
543 869 644 933 his,
671 867 760 936 qui
788 865 904 935 ejus
930 861 1140 932 quidem
1171 871 1364 912 nomen
1394 854 1687 926 proferunt,
1712 849 1912 920 Spiritu
1939 864 2032 903 au-

451 973 556 1017 tem
589 957 896 1031 privamur?
923 953 1030 1011 Sed
1061 952 1128 1007 de
1157 951 1241 1006 his
1271 963 1412 1004 nunc
1441 947 1530 1002 ille
1556 959 1660 1000 non
1687 943 1831 1014 agit:
1858 955 2030 1012 neque

451 1055 592 1109 cnim
640 1062 764 1106 tunc
804 1045 1170 1103 catechumeui
1215 1052 1408 1098 erant:
1451 1039 1543 1095 sed
1589 1039 1658 1094 de
1697 1036 1938 1092 ﬁdelibus
1976 1043 2031 1088 et

451 1143 774 1198 infidelibus.
803 1138 938 1206 Quid
965 1135 1126 1206 ergo?
1153 1132 1397 1188 nullusne
1427 1131 1635 1185 daemon
1667 1128 1830 1182 Deum
1859 1126 2032 1180 nomi-

451 1234 582 1289 nat?
610 1246 786 1286 annon
817 1229 1064 1283 dicebant
1089 1223 1400 1280 daemoniaci
1429 1239 1442 1274 :
1472 1219 1719 1274 Nouimus
1745 1226 1793 1270 te
1816 1216 1927 1286 quis
1952 1231 2025 1278 es,

453 1327 617 1381 Filius
647 1323 739 1377 Dci
760 1320 951 1394 (Marc.
979 1321 1025 1374 l.
1053 1316 1191 1387 24)?
1223 1330 1398 1370 annon
1429 1313 1591 1368 Paulo
1617 1309 1866 1366 dicebant
1893 1329 1906 1364 :
1937 1308 2030 1363 Isti

449 1416 674 1470 homines
719 1413 845 1467 servi
892 1409 986 1463 Dei
1025 1405 1256 1460 altissimi
1298 1412 1412 1458 sunt
1442 1403 1460 1469 (
1493 1401 1600 1456 Act.
1634 1401 1720 1455 l6.
1754 1400 1819 1454 l7
1854 1402 1891 1468 ).
1921 1397 2025 1453 Sed

448 1506 696 1578 ﬁagellati
722 1547 736 1569 ,
766 1503 860 1558 sed
901 1500 1108 1563 coacti;
1141 1505 1330 1568 Sponte
1369 1504 1545 1550 autem
1585 1502 1639 1549 et
1681 1508 1786 1547 non
1815 1491 2024 1555 coacti,

451 1611 757 1666 numquam.
791 1593 887 1648 llic
922 1591 1032 1662 jam
1072 1587 1312 1658 apposite
1352 1595 1648 1658 quaeratur,
1682 1597 1778 1638 cur
1816 1583 2025 1636 dmmon

447 1689 562 1744 lucc
584 1689 910 1758 loqueretur,
936 1693 988 1737 et
1009 1697 1104 1736 cur
1129 1677 1325 1735 Paulus
1347 1677 1718 1746 increpaverit.
1745 1675 2023 1728 Ductorem

445 1797 639 1852 nempe
677 1794 829 1834 suum
873 1775 1126 1830 imitatus.
1167 1770 1302 1827 Nam
1327 1779 1380 1825 et
1405 1769 1650 1824 Christus
1691 1765 2022 1834 increpat-it:

445 1874 658 1929 nolebat
708 1872 848 1926 enim
891 1867 958 1922 ab
994 1867 1096 1921 illis
1141 1863 1337 1920 habere
1383 1861 1763 1918 testimonium.
1812 1858 2026 1924 Quare?

445 1968 662 2022 Dmmon
725 1963 824 2018 hoc
898 1960 1117 2031 agebat,
1166 1972 1347 2013 rerum
1404 1954 1644 2010 ordinem
1701 1951 2026 2006 confundere

442 2059 626 2114 volens
645 2098 658 2121 ,
691 2063 744 2110 et
769 2052 1132 2123 apostolorum
1161 2049 1407 2118 abripere
1445 2046 1813 2100 auctoritatem
1840 2083 1856 2108 ,
1884 2041 2024 2096 mul-

441 2152 614 2220 tisque
643 2145 961 2218 persuadere
986 2153 1042 2198 ut
1067 2141 1166 2197 sibi
1188 2139 1525 2196 attenderem
1551 2136 1724 2207 :quod
1752 2135 1798 2192 si
1829 2135 2021 2189 factum

439 2251 581 2296 esset
609 2281 622 2304 ,
651 2253 771 2293 cum
801 2235 904 2292 ﬁde
929 2235 1071 2304 digiti
1099 2233 1470 2302 apparuissent
1495 2271 1510 2296 ,
1543 2229 1698 2284 facile
1726 2243 1819 2282 sua
1850 2228 2020 2282 intro-

440 2334 736 2388 duxissent.
767 2328 844 2384 Ne
871 2328 972 2382 hoc
996 2340 1126 2396 ergo
1156 2323 1302 2380 ﬁeret
1332 2365 1347 2388 ,
1381 2337 1552 2392 neque
1582 2320 1784 2375 fallacia
1813 2319 2019 2373 initium

439 2424 659 2478 duceret
683 2461 696 2484 ,
727 2421 886 2476 etiam
921 2433 1040 2473 cum
1070 2430 1194 2472 vera
1231 2414 1576 2484 loquerentur
1600 2453 1614 2478 ,
1644 2427 1735 2466 ora
1769 2410 1895 2480 ipsis
1921 2410 2022 2464 ob-

440 2514 628 2578 struit,
660 2520 716 2566 ut
766 2511 818 2566 in
865 2510 1007 2564 falsis
1047 2522 1206 2563 nemo
1251 2506 1379 2576 ipsis
1423 2505 1659 2558 animum
1703 2502 2016 2568 adhiberet,

440 2605 535 2659 sed
577 2603 642 2658 ad
682 2618 741 2658 ea
775 2618 892 2672 qua:
921 2601 988 2654 ab
1017 2600 1144 2669 ipsis
1173 2597 1475 2652 dicerentur
1515 2610 1668 2650 aures
1696 2594 2017 2649 obstruerct.

440 2696 725 2764 Postquam
762 2707 890 2763 ergo
918 2701 1068 2745 rates
1106 2700 1159 2745 et
1198 2688 1483 2760 prophetas
1527 2687 1842 2742 distinxerat
1872 2695 1925 2740 ct
1954 2700 2016 2738 ex

439 2788 614 2855 priore
653 2795 704 2838 et
749 2797 812 2838 es
859 2781 1094 2837 secundo
1139 2781 1324 2850 signo,
1369 2778 1582 2834 demum
1631 2777 1700 2832 de
1750 2777 2020 2832 miraculis

435 2876 683 2939 disserit;
717 2889 816 2930 nec
845 2873 959 2928 siue
985 2885 1143 2927 causa
1175 2870 1240 2925 ad
1271 2871 1371 2924 hoc
1401 2877 1772 2939 argumentum
1807 2868 2015 2933 transit,

433 2968 526 3021 sed
560 2974 617 3021 ut
643 2964 1033 3021 dissensionem
1063 2961 1186 3017 inde
1216 2961 1486 3014 subortam
1516 2960 1684 3026 tollat,
1713 2966 1768 3013 et
1796 2973 2018 3028 persua-

433 3059 557 3113 deat
596 3059 659 3113 iis
699 3058 788 3128 qui
835 3055 1009 3109 minus
1051 3053 1285 3116 habent,
1332 3067 1400 3106 ne
1443 3051 1698 3115 doleant,
1729 3061 1782 3106 et
1825 3050 1890 3105 iis
1929 3051 2019 3120 qui

433 3150 631 3219 majora
663 3146 964 3217 possident,
997 3159 1066 3200 ne
1095 3143 1402 3199 eﬁ’erautur.
1439 3141 1560 3196 ldeo
1588 3141 1665 3195 sic
1694 3141 1890 3211 incepit
1918 3159 1933 3196 :
1961 3143 2015 3198 4.

432 3243 713 3297 Dioisiones
743 3255 858 3294 vero
885 3239 1166 3308 gratiarum
1195 3245 1313 3290 sunt
1337 3275 1352 3300 ,
1388 3236 1520 3288 idem
1550 3244 1716 3287 autem
1749 3233 2017 3305 Spiritus;

430 3335 708 3403 primoque
733 3338 881 3385 curat
910 3329 1056 3384 illum
1089 3327 1178 3399 qui
1207 3327 1383 3382 minus
1410 3325 1567 3381 habet
1593 3327 1791 3380 donum
1817 3366 1832 3392 ,
1866 3325 2016 3380 ideo-

429 3443 538 3498 que
562 3426 722 3480 dolet.
758 3424 863 3478 (Jur
892 3424 1032 3479 enim
1055 3465 1068 3490 ,
1101 3423 1302 3493 inquit,
1332 3422 1582 3492 angoris?
1607 3423 1728 3491 quia
1761 3435 1865 3476 non
1899 3429 2016 3475 tan-

432 3530 540 3572 ttnn
588 3535 727 3588 accc;
751 3519 835 3574 isti
877 3527 1130 3589 quantum
1173 3517 1345 3572 alius?
1383 3517 1477 3572 sed
1522 3517 1693 3588 cogita
1737 3514 1863 3569 illud
1897 3529 2018 3569 esse

430 3612 650 3679 donum,
677 3628 782 3667 non
807 3611 1070 3678 debitum,
1093 3619 1148 3666 et
1167 3609 1590 3665 consolationem
1617 3608 1864 3676 accipies.
1894 3606 2016 3661 Ideo

429 3705 606 3759 statim
653 3705 730 3758 sic
773 3703 1006 3773 loquitur
1033 3720 1048 3757 :
1075 3701 1360 3757 Divisiones
1406 3718 1520 3755 tero
1562 3702 1838 3772 gratiarum
1876 3712 2013 3754 sunt.

429 3794 611 3864 Neque
654 3793 789 3848 dixit
835 3795 1106 3864 signorum
1133 3836 1149 3859 ,
1200 3808 1372 3863 neque
1416 3791 1792 3846 miraculorum
1818 3833 1832 3856 ,
1879 3789 1971 3846 sed
1997 3832 2012 3856 ,

432 3884 762 3949 Gratiarum;
789 3885 1006 3940 nomine
1029 3884 1152 3939 doni
1182 3883 1509 3954 persuadens
1538 3883 1611 3936 illi
1642 3891 1694 3936 ut
1723 3897 1826 3937 non
1857 3881 2016 3936 modo

429 3992 533 4031 non
557 3977 754 4039 doleat,
777 3977 870 4033 sed
890 3986 942 4033 et
963 3978 1184 4049 gratiam
1208 3977 1418 4033 habeat.
1447 3977 1512 4031 Et
1531 3992 1650 4032 eum
1677 3977 1793 4041 hoc,
1821 3976 2010 4045 inquit,

429 4068 558 4124 illud
589 4085 800 4140 quoque
833 4080 1006 4125 tecum
1037 4077 1222 4141 reputa
1243 4109 1259 4136 ,
1289 4068 1426 4140 quod
1455 4069 1662 4124 etiamsi
1689 4069 1739 4122 in
1766 4082 2012 4123 mensura

429 4160 552 4215 doni
583 4161 758 4215 minus
788 4160 1022 4227 habeas;
1056 4165 1109 4215 in
1140 4175 1205 4216 eo
1233 4160 1373 4230 quod
1402 4159 1644 4230 dignatus
1674 4159 1748 4214 sis
1776 4159 1898 4214 inde
1925 4175 2010 4214 ac-

428 4253 606 4322 cipere
627 4294 639 4316 ,
670 4252 810 4308 unde
838 4255 882 4308 is
905 4253 1109 4322 accepit
1140 4252 1229 4322 qui
1259 4252 1376 4322 plus
1405 4251 1563 4305 habet
1589 4293 1602 4315 ,
1635 4266 1816 4320 parem
1849 4250 2013 4306 habes

429 4343 710 4398 honorem.
757 4343 941 4414 Neque
985 4343 1128 4399 enim
1172 4341 1351 4398 dicere
1393 4342 1598 4411 possis,
1645 4341 1718 4394 illi
1758 4340 2012 4410 Spiritum

429 4433 660 4501 dedisse,
687 4435 777 4489 tibi
800 4450 929 4489 vero
950 4435 1198 4505 angelum
1223 4451 1235 4486 :
1259 4449 1377 4488 nam
1405 4443 1460 4488 et
1486 4432 1575 4487 libi
1604 4442 1658 4488 et
1684 4432 1758 4488 illi
1785 4431 2015 4503 Spiritus

430 4524 599 4579 dedit.
632 4523 753 4580 Ideo
781 4526 1071 4595 subjunxit,
1109 4524 1253 4578 Idem
1280 4533 1444 4578 autem
1477 4523 1724 4593 Spiritus.

502 4616 556 4669 3.
601 4615 778 4686 Itaque
805 4615 1011 4669 etiamsi
1043 4616 1096 4668 in
1121 4613 1264 4669 dono
1290 4613 1586 4668 differentia
1615 4613 1718 4680 sit,
1746 4621 1800 4668 at
1826 4627 1931 4668 non
1959 4611 2012 4666 in

429 4721 493 4760 eo
522 4707 608 4777 qui
638 4705 782 4760 dedit
816 4723 829 4758 :
860 4719 926 4759 ex
970 4704 1159 4759 eodem
1205 4718 1432 4773 namque
1462 4702 1606 4758 fonte
1640 4710 1696 4758 et
1739 4712 1794 4757 tu
1830 4713 1884 4758 et
1923 4703 2013 4759 ille

430 4796 700 4851 hausistis.
732 4798 783 4852 5.
822 4795 885 4849 Et
928 4795 1196 4849 divisiones
1241 4793 1662 4846 ministrationum
1698 4802 1847 4858 sunt,
1879 4793 2013 4846 idem

429 4898 594 4940 autem
640 4887 910 4941 Dominus.
956 4887 1088 4943 Nam
1128 4886 1547 4943 consolationem
1591 4883 1766 4940 adhuc
1807 4885 2012 4955 placide

431 4993 631 5046 augens
657 5017 673 5042 ,
699 4986 754 5030 et
783 4977 973 5032 Filium
1002 4988 1055 5033 et
1095 4979 1306 5034 Patrem
1331 4975 1534 5047 adjicit.
1567 4975 1795 5046 Alioque
1825 4990 2011 5030 rursus

431 5067 646 5123 nomine
675 5066 786 5121 haec
813 5067 950 5122 dona
978 5078 1152 5135 vocat,
1184 5071 1437 5139 majorem
1465 5069 1624 5125 etiam
1653 5068 1775 5124 inde
1801 5068 2014 5139 excogi-

436 5171 553 5216 tans
578 5159 996 5215 consolationem
1027 5178 1039 5212 :
1072 5159 1192 5214 ideo
1238 5162 1316 5216 sic
1359 5163 1517 5230 dicit,
1549 5162 1829 5217 Diuisioues
1857 5162 2012 5216 mini-

436 5253 728 5306 strationum
749 5261 887 5316 sunt,
911 5253 1042 5306 idem
1064 5263 1230 5306 autem
1254 5251 1520 5306 Dominus.
1546 5253 1676 5308 Nam
1699 5256 1789 5326 qui
1811 5255 2008 5310 donum

430 5343 613 5407 audit,
643 5351 698 5398 et
723 5344 900 5400 minus
924 5344 1163 5414 accepit,
1199 5341 1426 5399 fortasse
1457 5343 1721 5410 doluerit;
1761 5348 1849 5417 qui
1881 5362 2010 5402 vero

430 5435 875 5492 ministrationem
904 5437 1127 5506 accepit,
1157 5450 1262 5491 non
1292 5437 1416 5491 item
1449 5454 1462 5492 :
1492 5451 1578 5491 res
1604 5438 1744 5493 enim
1773 5439 2012 5494 laborem

431 5526 628 5580 indicat
654 5537 706 5582 et
731 5528 1002 5584 sudorem.
1035 5527 1171 5596 Quid
1197 5543 1326 5599 ergo
1351 5528 1522 5594 doles,
1549 5528 1746 5600 inquit,
1775 5529 1819 5584 si
1848 5528 2011 5582 alium

431 5617 550 5688 plus
590 5619 830 5675 laborare
873 5621 1070 5689 jussit,
1115 5621 1206 5676 tibi
1247 5622 1514 5692 parcens?
1551 5621 1607 5678 6.
1648 5619 1716 5676 Et
1745 5621 2010 5675 divisiones

432 5709 782 5782 operationum
811 5722 924 5766 sunt
945 5754 959 5778 ,
1000 5713 1128 5766 idem
1158 5730 1269 5770 vero
1299 5714 1431 5770 Deus
1455 5717 1542 5785 qui
1577 5726 1816 5789 aperatur
1840 5715 2010 5770 omnia

1153 290 1210 347 S.
1247 285 1523 346 JOANNIS
1558 277 2028 339 CHRYSOSTUMI
2067 277 2379 337 ARCIIIEP.
2421 277 2952 337 CONSTANTINOP.

3630 283 3741 339 2Δό

2145 393 2198 446 in
2241 391 2490 448 omnibus.
2543 394 2595 447 7.
2648 390 2930 462 Unicuique
2973 402 3138 446 autem
3187 394 3340 448 datur
3387 385 3732 468 maniﬁstutie

2145 483 2370 553 Spiritus
2397 485 2466 538 ad
2491 485 2776 538 utilitatem.
2809 485 2874 538 Et
2903 485 3029 554 quid
3059 493 3145 540 est
3172 487 3450 556 operatio?
3477 488 3600 558 quid
3630 488 3730 544 do-

2143 575 2310 630 num?
2341 575 2581 645 inquies;
2622 575 2749 644 quid
2791 575 3150 631 ministratio?
3191 577 3476 633 Nominum
3523 590 3727 636 tantum

2141 675 2265 719 sunt
2289 663 2623 732 diﬂ'erentite,
2647 666 2769 735 quia
2795 679 2884 720 res
2903 665 3107 721 eadem
3131 675 3276 722 sunt.
3303 667 3454 733 Quod
3477 669 3621 724 enim
3644 677 3730 726 est

2141 756 2339 811 donum
2366 796 2382 822 ,
2418 756 2544 811 illud
2574 757 2746 826 ipsum
2776 765 2859 812 est
2888 758 3240 826 ministratio;
3283 759 3385 816 hoc
3411 763 3568 816 etiam
3595 763 3730 818 dicit

2140 847 2505 917 operationem
2535 864 2552 902 :
2581 862 2703 902 nam
2741 849 2814 902 ait
2845 865 2859 902 :
2889 847 3230 904 Ministerium
3257 859 3399 904 tuum
3441 853 3596 922 imple
3624 854 3725 923 (2.

2143 939 2276 994 Tim.
2305 941 2357 995 ι.
2389 941 2475 1010 5);
2502 949 2575 1007 et,
2608 939 2947 996 Ministerium
2973 959 3140 997 meum
3167 944 3396 1013 glori/ica
3425 946 3601 1013 (Rom.
3633 948 3724 1002 Η.

2143 1031 2254 1102 15).
2287 1032 2353 1086 Ει
2382 1032 2664 1088 Timotheo
2693 1034 2936 1090 scribens
2965 1034 3128 1101 dicit,
3162 1035 3380 1108 Propter
3402 1055 3554 1108 quant
3590 1057 3721 1094 cau-

2138 1138 2246 1175 sam
2271 1123 2516 1177 admonea
2544 1134 2592 1177 te
2612 1165 2627 1189 ,
2655 1135 2711 1177 ut
2745 1126 2951 1179 suscites
2978 1128 3191 1197 gratiam
3227 1126 3326 1181 Dei
3359 1145 3471 1198 qua
3497 1138 3566 1184 est
3595 1131 3648 1184 in
3676 1141 3726 1185 te

2139 1212 2218 1282 (2.
2241 1212 2376 1266 Tim.
2402 1214 2453 1268 1.
2479 1213 2558 1286 6);
2587 1224 2642 1270 et
2664 1215 2732 1270 ad
2759 1214 2972 1270 Galatas
2999 1233 3183 1272 rursus
3207 1218 3446 1274 scribens
3471 1220 3718 1277 dicebat:

2141 1307 2240 1371 Qui
2269 1308 2400 1361 enim
2435 1319 2672 1377 operatus
2700 1319 2774 1363 est
2805 1309 2958 1365 Petro
2992 1311 3044 1365 in
3079 1314 3417 1380 apostolatum
3437 1355 3452 1380 ,
3485 1326 3724 1385 operatus

2137 1408 2211 1452 est
2236 1407 2282 1452 et
2311 1399 2435 1454 mihi
2461 1401 2591 1454 inter
2608 1409 2779 1470 gentes
2802 1400 2943 1470 (Gal.
2963 1401 3018 1456 2.
3043 1403 3119 1472 8).
3150 1403 3332 1460 Viden‘
3357 1405 3498 1475 quod
3521 1407 3718 1462 nullam

2135 1490 2489 1547 diﬂ’ercntiam
2514 1493 2760 1549 ostendat
2786 1494 2838 1549 in
2867 1494 3022 1551 donis
3050 1495 3221 1551 Patris
3247 1506 3301 1552 et
3325 1496 3444 1552 Filii
3472 1508 3526 1553 et
3548 1499 3723 1569 Spiri-

2139 1592 2222 1639 tus
2255 1585 2460 1638 sancti?
2497 1600 2602 1639 non
2643 1584 2956 1655 hyposmses
2993 1585 3328 1642 confundens
3353 1629 3368 1655 ,
3410 1588 3578 1653 absit,
3621 1590 3718 1645 sed

2133 1674 2445 1729 substantias
2493 1689 2674 1744 parem
2728 1676 2988 1732 honorem
3035 1678 3343 1734 ostendens.
3395 1679 3526 1734 Nam
3573 1683 3717 1750 quod

2133 1765 2361 1836 Spiritus
2409 1767 2668 1837 largitur,
2704 1767 2804 1822 hoc
2839 1777 2894 1823 et
2934 1769 3100 1823 Deum
3145 1771 3352 1839 operari
3381 1811 3395 1837 ,
3433 1781 3487 1826 et
3523 1771 3718 1828 Filium

2133 1858 2383 1914 ordinare
2407 1873 2472 1912 ac
2499 1859 2737 1928 prmbere
2763 1859 2910 1914 dicit.
2941 1861 3100 1930 Atqui
3127 1861 3170 1916 si
3202 1862 3301 1917 hoc
3327 1872 3468 1918 esset
3498 1863 3588 1918 illo
3617 1865 3720 1918 mi-

2133 1963 2232 2002 nus
2253 1989 2268 2014 ,
2299 1958 2352 2003 et
2378 1947 2508 2002 illud
2534 1948 2635 2003 isto
2654 1989 2670 2014 ,
2700 1965 2806 2004 non
2834 1951 2913 2004 sic
2940 1950 3067 2006 illud
3096 1953 3381 2022 posuisset,
3412 1969 3585 2024 neque
3614 1954 3718 2010 hae

2133 2040 2338 2093 ratione
2377 2037 2646 2095 dolentem
2687 2041 2996 2096 consolatus
3027 2051 3186 2098 esset.
3227 2043 3355 2099 Post
3397 2044 3510 2100 bare
3535 2055 3714 2102 autem

2131 2129 2238 2185 alio
2277 2145 2489 2201 quoque
2533 2130 2691 2186 modo
2732 2132 2906 2202 ipsum
2951 2134 3294 2201 consolatur;
3339 2136 3480 2206 quod
3522 2153 3716 2208 nempe

2130 2220 2252 2276 data
2291 2236 2536 2276 mensura
2579 2223 2678 2292 ipsi
2707 2224 2977 2289 conferat,
3006 2225 3213 2280 etiamsi
3255 2227 3428 2281 minor
3452 2227 3542 2282 sit.
3577 2227 3713 2283 Cum

2129 2313 2357 2369 dixisset
2394 2315 2536 2369 enim
2562 2357 2576 2382 ,
2605 2314 2752 2369 Idem
2785 2315 3011 2387 Spiritus
3033 2358 3048 2385 ,
3091 2318 3222 2373 idem
3263 2319 3509 2376 Dominus
3532 2363 3547 2388 ,
3577 2323 3710 2376 idem

2130 2403 2267 2459 Deus
2285 2445 2300 2471 ,
2328 2413 2385 2459 et
2416 2405 2514 2459 hac
2540 2406 2746 2460 ratione
2773 2407 2946 2476 ipsum
2975 2420 3302 2474 recreasset;
3337 2411 3494 2466 aliam
3527 2428 3714 2468 rursus

2127 2495 2395 2566 subjungit
2423 2497 2841 2554 consolationem
2869 2499 2946 2554 sic
2977 2499 3161 2555 dicens
3189 2518 3202 2554 :
3235 2499 3518 2570 Unicuique
3543 2516 3711 2558 autem

2128 2587 2466 2659 manifestatio
2495 2587 2723 2656 Spiritus
2749 2589 2902 2642 datur
2921 2590 2989 2643 ad
3012 2590 3300 2647 utilitatem.
3328 2591 3405 2648 Ne
3429 2594 3547 2664 quis
3566 2595 3709 2649 enim

2127 2678 2330 2734 diceret
2356 2721 2370 2744 ,
2400 2679 2537 2748 Quid
2563 2681 2704 2735 enim
2725 2721 2741 2746 ,
2772 2682 2815 2736 si
2845 2681 2984 2736 idem
3019 2683 3270 2739 Dominus
3297 2695 3350 2741 et
3378 2685 3516 2742 idem
3543 2687 3713 2758 Spiri.

2127 2779 2212 2826 tus
2235 2781 2288 2826 et
2315 2771 2454 2826 idem
2479 2772 2651 2827 Deus?
2678 2783 2732 2827 at
2755 2787 2855 2843 ego
2875 2773 3053 2829 minus
3076 2777 3256 2846 accepi
3278 2792 3293 2841 ;
3315 2777 3389 2831 ait
3411 2778 3543 2848 ipse,
3567 2780 3710 2850 quod

2127 2864 2197 2917 ita
2240 2863 2527 2919 conferret.
2581 2865 3059 2922 Manifestationem
3105 2883 3234 2923 vero
3283 2869 3515 2940 Spiritus
3560 2873 3712 2943 signa

2126 2965 2312 3021 vocat;
2359 2965 2412 3010 et
2455 2957 2666 3011 merito.
2706 2956 2831 3010 Mihi
2861 2957 3005 3012 enim
3046 2958 3184 3013 ﬁdeli
3217 2960 3531 3017 manifestus
3557 2965 3714 3020 estis

2123 3048 2212 3118 qui
2244 3047 2404 3103 habet
2427 3047 2681 3118 Spiritum
2706 3089 2722 3115 ,
2753 3063 2818 3104 eo
2846 3049 2988 3120 quod
3028 3051 3098 3105 sit
3139 3051 3474 3123 baptizatus;
3508 3055 3712 3112 inﬁdeli

2123 3151 2300 3198 autem
2329 3157 2395 3199 ex
2425 3143 2568 3198 nulla
2599 3158 2657 3198 re
2685 3143 2784 3198 hoc
2813 3144 2915 3199 erit
2942 3145 3308 3215 conspicuum,
3341 3148 3442 3202 nisi
3465 3163 3496 3202 a
3520 3149 3709 3218 signis.

2124 3231 2306 3305 Itaque
2349 3234 2472 3289 inde
2505 3235 2664 3289 etiam
2703 3249 2810 3289 non
2841 3249 3001 3304 parva
3029 3236 3324 3292 consolatio
3354 3247 3455 3293 est.
3488 3239 3712 3298 Etiamsi

2123 3327 2264 3382 enim
2290 3328 2428 3382 dona
2455 3328 2562 3383 sint
2586 3327 2817 3395 diversa,
2841 3343 2943 3382 una
2972 3337 3150 3384 tamen
3177 3337 3256 3384 est
3279 3329 3669 3388 demonstratio
3693 3353 3709 3388 :

2124 3437 2246 3476 nam
2284 3423 2395 3478 sive
2435 3423 2658 3476 multum
2698 3424 2810 3478 sive
2852 3439 3071 3492 parvum
3117 3424 3316 3479 habeas
3340 3467 3354 3488 ,
3395 3427 3620 3496 perinde
3648 3442 3710 3482 es

2123 3514 2452 3570 manifestus.
2500 3515 2680 3585 Itaque
2721 3515 2765 3570 si
2807 3515 2936 3570 illud
2981 3517 3265 3573 ostendere
3299 3519 3532 3590 satagis,
3565 3520 3709 3590 quod

2123 3605 2379 3677 Spiritum
2429 3606 2662 3674 habeas,
2696 3607 3044 3664 sufﬁcientem
3084 3610 3247 3664 habes
3287 3611 3707 3667 demonstratio-

2123 3713 2264 3752 nem.
2293 3697 2424 3751 Cum
2453 3712 2581 3767 ergo
2604 3708 2658 3752 et
2683 3713 2820 3753 unus
2849 3699 2917 3754 sit
2941 3699 3032 3770 qui
3054 3697 3222 3766 dedit,
3247 3713 3300 3754 et
3325 3703 3610 3772 gratuitum
3639 3706 3712 3759 sit

2122 3789 2319 3844 donum
2347 3829 2359 3852 ,
2389 3797 2443 3843 et
2484 3789 2846 3844 manifestatio
2875 3790 3000 3846 hinc
3036 3793 3127 3845 ﬁat
3149 3833 3164 3856 ,
3197 3801 3250 3848 et
3283 3792 3382 3848 hoc
3418 3793 3508 3848 tibi
3537 3797 3710 3866 magis

2120 3882 2392 3946 conferat;
2445 3897 2513 3937 ne
2539 3881 2724 3937 doleas
2750 3883 2900 3954 quasi
2933 3883 3238 3953 despectus.
3269 3885 3450 3956 Neque
3479 3887 3621 3941 enim
3655 3896 3710 3942 te

2095 3973 2383 4030 .dedecore
2408 3973 2646 4030 afﬁciens
2666 3975 2830 4040 Deus,
2857 3989 3033 4044 neque
3055 3976 3228 4032 altero
3252 3977 3511 4032 minorem
3537 3977 3710 4033 decla-

2119 4081 2243 4123 rans
2281 4066 2382 4122 hoc
2409 4064 2556 4132 facit,
2585 4065 2677 4121 sed
2711 4066 2802 4120 tibi
2837 4081 3088 4135 parcens,
3114 4076 3168 4122 et
3202 4067 3254 4122 id
3287 4079 3534 4138 spectans
3562 4069 3707 4141 quod

2121 4158 2214 4213 tibi
2261 4158 2391 4214 utile
2423 4168 2583 4214 esset.
2623 4158 2755 4213 Nam
2798 4157 2969 4228 majus
2998 4159 3268 4230 quldpiam
3311 4163 3552 4232 accipere
3581 4178 3704 4218 eum

2119 4247 2210 4318 qui
2237 4247 2379 4304 ferre
2407 4265 2510 4303 non
2541 4248 2724 4318 possit,
2743 4247 2845 4304 hoc
2869 4257 3012 4304 esset
3040 4250 3245 4318 inutile,
3266 4252 3482 4306 noxium
3503 4261 3558 4306 et
3578 4267 3704 4307 mm-

2119 4354 2242 4395 rore
2268 4339 2503 4411 dignum.
2537 4340 2590 4395 8.
2636 4338 2775 4393 Nunt
2804 4340 2894 4393 alii
2921 4341 3120 4411 quidem
3149 4359 3237 4412 per
3267 4343 3522 4414 Spiritum
3548 4343 3707 4398 datur

2119 4449 2281 4487 sermo
2317 4433 2580 4503 sapientia:
2601 4473 2617 4498 ,
2647 4433 2736 4486 alii
2776 4441 2941 4487 autem
2980 4449 3143 4487 sermo
3181 4436 3402 4490 scientia:
3428 4435 3706 4491 secundum

2120 4523 2349 4577 eumdem
2372 4523 2659 4593 Spiritum;
2687 4522 2738 4579 9.
2770 4524 2917 4578 alteri
2942 4525 3067 4594 [ides
3093 4526 3144 4580 in
3167 4526 3339 4580 eodem
3369 4525 3587 4596 Spiritu,
3614 4529 3709 4584 alii

2119 4623 2285 4666 autent
2310 4613 2474 4684 gratia
2499 4615 2816 4668 curationum
2841 4617 2893 4668 in
2918 4616 3092 4669 eodem
3122 4615 3344 4686 Spiritu.
3363 4616 3554 4672 .Viden‘
3575 4634 3709 4689 quo-

2118 4702 2280 4759 modo
2330 4703 2524 4775 ubique
2568 4705 2670 4760 hoc
2713 4705 3132 4762 additamentum
3176 4707 3372 4776 faciat,
3423 4707 3491 4762 In
3531 4711 3707 4765 eodem

2121 4795 2320 4867 Spiritu
2348 4795 2552 4865 dicens,
2585 4807 2674 4864 et,
2706 4795 2998 4852 Secundum
3028 4800 3257 4852 eumdem
3287 4799 3576 4870 Spiritum?
3598 4799 3706 4854 scit

2119 4889 2263 4945 cnim
2295 4888 2418 4944 hinc
2455 4903 2699 4958 magnam
2729 4889 2857 4944 oriri
2885 4889 3327 4944 consolationem.
3358 4890 3447 4946 l0.
3478 4889 3580 4944 Alii
3607 4905 3707 4942 au-

2119 4991 2217 5036 tem
2241 4983 2556 5052 aperationes
2584 4983 2844 5048 virtutum,
2872 4983 2962 5036 alii
2993 4982 3291 5052 prophetiae,
3319 4983 3410 5037 alii
3439 4983 3708 5036 discretio-

2120 5092 2206 5130 nes
2236 5076 2531 5144 spirituum,
2563 5075 2651 5127 alii
2679 5091 2863 5145 genera
2891 5075 3211 5145 linguarum,
3243 5076 3333 5130 alii
3363 5076 3710 5146 interpretatio

2118 5183 2425 5222 sermonum.
2454 5165 2586 5231 Quia
2615 5165 2756 5219 enim
2787 5167 2838 5219 in
2868 5165 2969 5220 hoc
2993 5167 3156 5221 altum
3183 5166 3480 5235 sapiebant,
3504 5166 3627 5221 ideo
3652 5165 3706 5219 id

2120 5267 2446 5329 postremum
2477 5255 2674 5326 posuit,
2705 5264 2759 5310 et
2788 5257 3059 5325 subjunxit
3090 5274 3101 5310 :
3135 5257 3220 5312 ll.
3254 5256 3380 5312 Ηωσ
3407 5266 3576 5312 autem
3603 5273 3704 5310 om-

2120 5349 2206 5402 nia
2241 5357 2479 5416 operatur
2517 5362 2647 5400 unus
2687 5355 2732 5399 et
2776 5345 2908 5400 idem
2950 5347 3199 5416 Spiritus.
3245 5347 3594 5402 Pharmacum
3635 5347 3701 5402 ad

2121 5452 2331 5492 omnem
2353 5436 2774 5491 consolationem
2796 5447 2976 5506 aptum
3004 5455 3016 5490 :
3037 5438 3179 5508 quod
3201 5452 3266 5492 ex
3289 5437 3476 5492 eadem
3499 5437 3704 5502 radice,

2121 5543 2185 5583 ex
2209 5526 2394 5582 iisdem
2419 5525 2702 5591 thesauris,
2721 5541 2788 5582 ex
2809 5527 2999 5584 iisdem
3022 5528 3233 5584 ﬁuentis
3253 5542 3442 5584 omnes
3459 5527 3703 5598 accipere

2123 5617 2345 5689 possint.
2368 5615 2491 5672 ldco
2513 5614 2821 5688 frequenter
2841 5619 3112 5684 hauriens,
3138 5619 3238 5674 hoc
3263 5619 3429 5675 verbo
3445 5633 3564 5675 eam
3584 5633 3707 5688 quas

2126 5708 2402 5766 videbatur
2425 5723 2546 5766 esse
2575 5709 2988 5780 mtequalitatem
3017 5717 3268 5782 exaequat
3290 5717 3346 5767 et
3371 5708 3702 5769 consolatur.
