4094 6222
368 284 473 340 2ίό

1339 278 1405 333 ΙΝ
1445 279 1658 334 EPIST.
1699 279 1719 331 1
1758 277 1846 331 AD
1882 275 2040 331 COB.
2083 277 2316 335 HOMIL.
2346 283 2536 341 XXIX.

3508 294 3612 348 ΞΗ

363 404 431 456 ἂν
459 401 734 469 είποιμενς
789 399 839 451 εἰ
881 398 988 468 γὰρ
1033 398 1209 461 οὐδεὶς
1246 396 1464 451 δύναται
1513 397 1685 448 εἰπεῖν
1723 393 1929 463 Κύριον
2033 393 2168 448 τίδὲ
2196 398 2472 470 χάρισμας
2504 401 2658 472 φησί·
2690 403 2823 456 τίδὲ
2855 403 3133 470 διακονίας
3174 405 3480 476 Ὀνομάτων
3505 407 3617 463 δια.

373 482 610 554 Ἰησοῦν.
650 483 698 534 εί
733 483 809 553 μὴ
843 483 902 534 ἐν
948 481 1227 552 Πνεύματι
1264 481 1421 551 ἁγίῳ,
1466 480 1519 532 τί
1575 479 1642 532 ἂν
1685 477 1936 547 εἴποιμεν

357 568 496 638 περὶ
543 565 774 628 τούτων,
840 564 1216 634 ὀνομαζόντων
1270 565 1369 635 μὲν
1416 561 1582 616 αὐτοῦ
1628 562 1690 614 16
1742 561 1936 630 ὀνομα,

357 649 684 718 Πνεύματος
716 647 774 701 δὲ
812 647 1304 718 άπεστερημένωνς
1343 645 1482 698 Ἀλλ’
1521 646 1582 698 06
1629 645 1760 715 περὶ
1812 642 1938 695 τού-

357 752 474 786 των
499 734 527 786 6
570 733 730 800 λόγος
772 730 921 801 αὐτῷ
974 729 1089 784 νῦν·
1128 731 1189 784 06
1223 730 1330 800 γὰρ
1360 725 1498 800 ἦσαν
1540 725 1941 798 κατηχούμενοι

354 816 509 870 τότε·
546 813 684 869 ἀλλά
717 813 846 885 περὶ
875 813 1080 866 πιστῶν
1118 812 1212 866 καὶ
1245 812 1507 866 ἀπίστων.
1543 810 1608 863 Τί
1637 805 1731 862 οὖν
1768 809 1942 871 οὐδεὶς

359 900 578 969 δαίμων
601 897 859 968 ὀνομάζει
887 897 978 950 16v
1005 897 1137 950 Θεόν
1160 915 1174 962 ;
1206 896 1328 966 οὐχὶ⁹
1354 897 1403 949 οί
1431 893 1792 966 δαιμονῶντες
1827 891 1943 944 ἔλε-

361 1000 483 1052 γον,
540 982 789 1052 Οιδαμέν
839 997 913 1036 σε
952 981 1039 1046 τίς
1066 977 1139 1044 εἴ,
1185 983 1218 1034 ό
1249 979 1384 1045 Υἱὸς
1421 979 1529 1032 τοῦ
1576 976 1726 1031 Θεοῦ
1748 993 1767 1039 ;
1823 975 1944 1045 ούχὶ

363 1067 565 1135 Παύλῳ
627 1065 835 1133 ἔλεγον,
885 1059 1058 1120 Οὔτοι
1113 1066 1166 1117 οἱ
1213 1063 1509 1130 ἄνθρωποι
1565 1060 1772 1114 δοῦλοι
1837 1059 1941 1129 τοῦ

365 1149 516 1202 Θεοῦ
569 1147 677 1201 τοῦ
730 1147 996 1215 ὑψίστου
1049 1146 1249 1209 είσίν;
1307 1144 1465 1198 Ἀλλά
1530 1142 1939 1214 μαστιζόμενοι,

361 1231 483 1285 ἀλλ’
508 1229 964 1297 ἀναγκαζόμενον
993 1229 1210 1292 ἑκόντες
1239 1228 1295 1281 δέ
1333 1229 1427 1281 καὶ
1458 1226 1532 1298 μὴ
1573 1224 1943 1296 μαστιγούμε-

364 1330 472 1376 νοι,
498 1313 758 1384 οὐδαμοῦ.
789 1310 973 1375 Ἀξιον
1002 1311 1057 1364 δέ
1086 1310 1320 1366 ἐνταῦθα
1351 1310 1604 1380 ζητῆσαι,
1635 1308 1723 1362 διὰ
1752 1309 1806 1362 τί
1849 1307 1944 1362 καὶ

364 1400 394 1449 ὀ
428 1397 642 1466 δαίμων
676 1396 852 1450 ταῦτα
903 1395 1222 1464 ἐφθέγγετο,
1255 1396 1352 1449 καὶ
1379 1394 1590 1457 Παῦλος
1619 1393 1938 1464 ἐπετίμησε.

364 1481 472 1532 Τὸν
494 1479 815 1533 διδάσκαλον
839 1479 932 1533 τὸν
965 1479 1157 1532 ἐαυτοῦ
1197 1479 1531 1550 μιμούμενος
1552 1495 1566 1509 ·
1603 1479 1825 1548 καὶγὰρ
1849 1476 1944 1530 καὶ

362 1565 391 1614 ὀ
420 1563 657 1633 Χριστὸς
681 1562 1031 1633 ἐπετίμησεν·
1071 1561 1190 1614 ούδέ
1220 1562 1327 1633 γὰρ
1359 1561 1609 1615 ἐϐούλετο
1639 1561 1768 1630 παρ’
1798 1559 1944 1613 ἐκεί-

365 1663 474 1698 νων
499 1645 600 1714 τὴν
634 1645 940 1717 μαρτυρίαν
973 1644 1136 1714 ἔχειν.
1174 1645 1329 1708 Τίνος
1357 1644 1414 1697 δὲ
1439 1644 1624 1699 ἔνεκεν
1647 1645 1742 1698 καὶ
1774 1645 1802 1697 ὁ
1825 1641 1944 1697 δαί-

367 1744 486 1798 μων
508 1727 686 1782 ἐποίει
711 1727 900 1790 τοῦτο;
946 1727 1275 1798 Βουλόμενος
1302 1730 1522 1799 συγχεῖν
1547 1727 1656 1781 τῶν
1681 1725 1943 1798 πραγμά-

364 1827 474 1864 των
499 1811 600 1881 τὴν
624 1811 798 1874 τάξιν,
823 1811 918 1865 καὶ
942 1811 1186 1881 ἁρπάσαι
1208 1810 1318 1865 τῶν
1338 1811 1652 1865 ἀποστόλων
1685 1811 1745 1864 16
1773 1809 1942 1875 ἀξίω-

368 1910 470 1962 μα.
497 1893 595 1946 καὶ
625 1897 811 1947 πεῖσαι
834 1893 1060 1956 πολλοὺς
1082 1894 1370 1965 προσέχειν
1393 1894 1561 1964 αὐτῷ·
1593 1895 1730 1965 ὅπερ
1760 1896 1808 1948 εί
1829 1895 1944 1962 ἐγεο

365 1977 540 2044 γόνει,
570 1975 768 2046 ῥᾳδίως
803 1976 870 2030 ἂν
898 1975 1148 2029 ἐντεῦθεν
1195 1976 1496 2040 ἀξιόπιστοι
1529 1977 1809 2046 φανέντες,
1850 1979 1945 2030 καὶ

365 2057 438 2111 τά
469 2057 603 2129 παρ’
632 2057 842 2112 ἑαυτῶν
885 2059 1250 2129 ἐπεισήγαγον
1297 2059 1384 2114 άν.
1427 2060 1523 2113 'lv’
1557 2056 1650 2114 οῦν
1678 2060 1752 2133 μὴ
1787 2059 1945 2114 τοῦτο

365 2140 599 2210 γένηται
639 2140 776 2211 μηδέ
804 2141 980 2212 ἀρχὴν
1019 2143 1052 2212 ἡ
1111 2142 1296 2212 ἀπάτη
1338 2142 1499 2214 λάϐῃ,
1534 2144 1726 2199 καὶτὰ
1766 2143 1944 2214 ἀληθῆ

363 2223 626 2291 λέγοντας
672 2223 1034 2294 ἐπιστομίζει,
1087 2223 1230 2277 ὥστε
1277 2226 1337 2278 ἐν
1382 2229 1494 2289 τοῖς
1545 2225 1768 2295 ψεύδεσι
1820 2225 1943 2296 μηδ’

363 2306 510 2369 ὅλως
546 2305 667 2358 τινὰ
703 2305 887 2368 αὐτοῖς
921 2307 1232 2376 προσέχειν,
1273 2307 1410 2362 ἀλλὰ
1438 2307 1669 2362 καθόλου
1707 2309 1846 2379 πρὸς
1877 2309 1945 2362 τὰ

363 2391 636 2460 λεγόμενα
666 2390 795 2459 παρ’
828 2389 1006 2443 αὐτῶν
1035 2390 1402 2459 ἀποφράττειν
1420 2391 1519 2455 τὰς
1538 2392 1726 2454 ἀκοάς.
1745 2391 1946 2463 Δήλους

363 2473 550 2538 τοίνυν
583 2474 813 2544 ποιήσας
849 2472 975 2535 τοὺς
1009 2473 1230 2542 μάντεις
1259 2473 1352 2545 καὶ
1379 2474 1505 2537 τοὺς
1531 2476 1816 2546 προφήτας
1837 2474 1946 2527 ἀπό

363 2571 426 2608 τε
465 2554 562 2608 τοῦ
603 2554 868 2627 προτέρου
920 2554 1136 2608 καὶτοῦ
1168 2555 1422 2624 δευτέρου
1468 2557 1717 2626 σημείου,
1758 2556 1945 2610 λοιπὸν

367 2638 499 2708 περὶ
525 2636 634 2690 τῶν
664 2637 958 2707 θαυμάτων
991 2637 1321 2705 διαλέγεται,
1366 2639 1463 2709 οὐχ
1501 2638 1687 2702 ἁπλῶς
1712 2641 1792 2702 εἰς
1818 2638 1945 2692 106-

364 2737 460 2774 τον
486 2718 774 2791 παρελθὼν
803 2720 895 2773 τὸν
927 2719 1108 2789 λόγον,
1141 2721 1256 2774 ἀλλ’
1282 2720 1422 2774 ὥστε
1449 2721 1548 2792 τὴν
1571 2723 1819 2776 ἐντεῦθεν
1857 2740 1946 2792 γε-

365 2804 604 2875 νομένην
636 2804 916 2858 διάστασιν
954 2804 1186 2869 ἀνελεῖν,
1229 2805 1324 2858 καὶ
1373 2806 1553 2858 πεῖσαι
1602 2805 1697 2858 καὶ
1733 2806 1857 2868 τοὺς
1885 2806 1945 2858 16

363 2886 594 2940 ἔλαττον
622 2887 843 2958 ἔχοντας
875 2885 949 2957 μὴ
971 2888 1186 2955 ἀλγεῖν,
1216 2888 1308 2941 καὶ
1337 2889 1464 2951 τοὺς
1500 2887 1569 2941 τὰ
1600 2889 1824 2958 μείζονα
1854 2906 1946 2942 κε-

364 2969 676 3039 κτημένους
724 2968 799 3040 μὴ
849 2968 1194 3039 ἐπαίρεσθαι.
1244 2970 1333 3022 Διὸ
1363 2971 1454 3023 καὶ
1495 2969 1666 3033 οὕτως
1704 2970 1942 3041 ἤρξατο·

364 3051 695 3121 Διαιρέσεις
733 3052 796 3106 δὲ
839 3052 1224 3122 χαρισμάτων
1239 3052 1380 3115 εἰσί,
1402 3052 1470 3105 τὸ
1493 3052 1561 3106 δὲ
1578 3054 1725 3108 αὐτὸ
1755 3055 1944 3110 Πνεῦ-

361 3151 482 3203 μα·
529 3135 626 3188 καὶ
675 3135 968 3206 θεραπεύει
1002 3135 1220 3206 πρῶτον
1249 3135 1339 3189 τδν
1371 3134 1433 3187 16
1478 3135 1698 3189 ἔλαττον
1751 3136 1945 3207 ἔχοντα

365 3218 638 3288 χάρισμα,
673 3220 781 3272 ικαὶ
824 3217 914 3272 διὰ
963 3215 1113 3289 [2621
1142 3217 1302 3271 τοῦτο
1335 3217 1625 3288 ἀλγοῦντα.
1651 3219 1808 3283 Τίνος
1836 3221 1945 3290 γάρ

365 3300 576 3364 ξειεκεν,
601 3301 784 3371 φησιν,
814 3300 1076 3370 άθυμεῖςς
1113 3301 1194 3355 ὅτι
1223 3301 1322 3354 οὐκ
1361 3300 1552 3364 ἔλαϐες
1580 3301 1700 3354 ὅσον
1737 3301 1943 3372 ἓτεροςς

367 3385 487 3438 ἀλλ’
528 3385 781 3454 ἐννόησον
808 3387 890 3439 ὃτι
910 3385 1159 3454 χάρισμά
1183 3385 1319 3448 ἐστι,
1356 3385 1450 3438 καὶ
1478 3384 1578 3437 οὐκ
1611 3385 1822 3454 ὀφειλὴ,
1851 3386 1946 3439 καὶ

365 3469 739 3540 παραμυθήσῃ
781 3468 879 3539 τὴν
927 3467 1138 3538 ὀδύνην.
1197 3466 1296 3520 Διά
1341 3465 1498 3520 τοῦτο
1546 3467 1748 3531 εὐθέως
1792 3463 1947 3521 εἶπεν

364 3550 532 3605 οὕτω·
572 3551 900 3620 Διαιρέσεις
953 3550 1023 3604 δὲ
1067 3549 1452 3620 χαρισμάτων
1496 3552 1637 3606 είσί.
1690 3553 1800 3606 Καὶ
1845 3553 1946 3606 ούκ

364 3630 510 3702 εἶπε,
545 3635 811 3706 σημείων,
839 3635 982 3697 οὐδὲ,
1005 3634 1318 3704 θαυμάτων,
1349 3633 1503 3696 ἀλλὰ,
1536 3634 1942 3704 χαρισμάτων,

365 3717 448 3788 τῷ
471 3717 696 3788 ὀνόματι
732 3718 831 3788 τῆς
853 3719 1060 3788 δωρεᾶς
1098 3717 1301 3771 πείθων
1339 3718 1412 3788 μὴ
1447 3717 1606 3788 μόνον
1638 3717 1712 3789 μὴ
1736 3718 1940 3786 ἀλγεῖν,

366 3802 501 3856 άλλά
542 3803 637 3856 καὶ
691 3802 850 3873 χάριν
880 3802 1098 3855 εἰδέναι.
1131 3802 1240 3855 Καὶ
1295 3805 1432 3871 μετά
1483 3801 1674 3855 τούτου
1723 3803 1945 3856 κάκεῖνο

364 3883 610 3954 λογίζου,
651 3886 836 3955 φησὶν,
885 3885 967 3937 ὅτι
991 3885 1039 3937 εί
1073 3884 1168 3937 καὶ
1197 3883 1275 3954 τῷ
1301 3885 1485 3955 μέτρῳ
1506 3885 1814 3954 ὴλάττωσαι
1847 3886 1943 3939 τοῦ

358 3967 641 4031 δοθέντος,
663 3967 742 4038 τῷ
776 3967 1176 4036 καταξιωθῆναι
1213 3967 1396 4020 λαϐεῖν
1439 3966 1668 4032 ἐκεῖθεν,
1701 3966 1822 4021 ὅθεν
1851 3968 1944 4022 καὶ

361 4052 399 4103 ὁ
435 4051 498 4103 16
526 4050 684 4104 πλέον
705 4050 908 4112 λαϐὼν,
940 4050 1038 4118 τὴν
1063 4050 1184 4121 ἴσην
1205 4049 1350 4119 ἔχεις
1381 4051 1569 4120 τιμήν.
1610 4050 1685 4103 Οὐ
1722 4049 1834 4120 γὰρ
1876 4051 1938 4121 δή

363 4151 483 4187 που
533 4131 676 4203 ἔχοις
716 4134 779 4186 ἂν
824 4134 1020 4196 εἰπεῖν,
1050 4133 1133 4186 ὅτι
1171 4133 1366 4203 ἐκείνῳ
1411 4133 1508 4203 μέν
1544 4134 1838 4204 ἐχαρίσατο
1882 4135 1943 4188 16

363 4215 625 4286 Πνεῦμα,
661 4215 741 4268 σοὶ
789 4215 844 4268 δὲ
886 4215 1116 4283 ἄγγελος
1140 4231 1154 4247 ·
1200 4215 1430 4286 καὶγὰρ
1479 4215 1560 4268 σοὶ
1595 4217 1836 4285 κάκείνῳ
1883 4217 1942 4270 τὸ

366 4298 622 4370 Πνεῦμα.
654 4298 744 4352 Διὸ
770 4299 1038 4369 ἐπήγαγε,
1079 4298 1150 4353 Τὸ
1182 4298 1250 4352 δὲ
1291 4300 1437 4352 αὑτό
1475 4300 1736 4370 Πνεῦμα.

438 4505 512 4567 7'.
549 4500 711 4554 Ὥστε
741 4501 900 4555 είκαὶ
923 4503 980 4554 ἐν
993 4503 1059 4573 τῇ
1078 4501 1220 4556 δόσει
1240 4502 1490 4574 διαφορά,
1508 4504 1623 4558 ἀλλ’
1647 4506 1748 4559 οὐκ
1777 4507 1834 4559 ἐν
1865 4507 1942 4578 τῷ

360 4583 621 4638 δεδωκότι
647 4583 883 4656 διαφορά
901 4601 916 4615 ·
945 4584 1054 4638 ἀπὸ
1078 4584 1188 4657 γὰρ
1214 4585 1316 4656 τῆς
1344 4587 1516 4658 αὐτῆς
1551 4589 1736 4660 πηγῆς
1761 4590 1940 4644 καὶσὺ

364 4667 618 4728 κάκεῖνος
645 4665 899 4735 ἀρύεσθε.
929 4667 1038 4722 Καὶ
1067 4667 1384 4736 διαιρέσεις
1417 4669 1733 4725 διακονιῶν
1761 4674 1939 4738 είσιν,

363 4750 402 4802 ὁ
432 4749 502 4801 δὲ
526 4748 710 4814 αὐτὸς
737 4750 966 4818 Κύριος.
1004 4752 1280 4806 Διπαίνων
1306 4753 1414 4824 γάρ
1441 4753 1540 4826 τὴν
1567 4757 1937 4826 παραμυθίαν,

366 4831 463 4884 καὶ
489 4832 582 4884 τὸν
609 4831 736 4885 Υίὸν
759 4834 965 4887 καὶτὸν
989 4835 1206 4906 Πατέρα
1240 4836 1588 4908 προστίθησι.
1617 4839 1725 4892 Καὶ
1768 4839 1941 4911 ἑτέρῳ

365 4915 534 4969 πάλιν
569 4917 796 4986 ὀνόματι
854 4917 1009 4971 καλεῖ
1055 4919 1154 4982 τάς
1200 4919 1410 4988 δωρεάς
1453 4919 1677 4984 ταύτας,
1722 4922 1943 4978 πλείονα

367 4998 666 5051 κάντεῦθεν
691 5001 1042 5070 παραμυθίαν
1071 5003 1320 5055 ἐπινοῶν·
1352 5003 1432 5056 διδ
1462 5004 1557 5058 καὶ
1594 5003 1766 5066 οὕτως
1795 5003 1938 5071 εἷπε,

370 5081 700 5148 Διαιρέσεις
741 5082 1061 5137 διακονιῶν
1088 5085 1264 5148 εἰσιν,
1311 5087 1344 5139 ό
1379 5084 1448 5138 δὲ
1490 5086 1672 5152 αὐτὸς
1704 5088 1937 5155 Κύριος.

383 5162 442 5215 '0
484 5162 585 5232 μὲν
612 5164 721 5235 γάρ
759 5165 1004 5236 χάρισμα
1039 5165 1295 5233 ἀκούσας,
1349 5168 1444 5220 καὶ
1495 5167 1717 5222 ἔλαττον
1737 5168 1938 5236 λαϐὼν,

372 5243 504 5307 ῐσως
523 5244 592 5298 ἂν
607 5245 822 5318 άλγήσῃ
843 5265 856 5278 ·
901 5251 930 5302 ὀ
971 5248 1028 5301 δὲ
1057 5249 1352 5315 διακονίαν,
1389 5251 1486 5320 οὐχ
1511 5250 1712 5320 ὁμοίως
1731 5268 1744 5283 ·
1776 5253 1938 5306 πόνου

368 5327 483 5398 γάρ
508 5327 838 5383 ἐνδεικτικὸν
864 5331 926 5384 16
963 5332 1195 5403 πρᾶγμα
1227 5332 1321 5384 καὶ
1375 5331 1616 5403 ἱδρῶτος.
1661 5335 1726 5387 Τί
1758 5334 1940 5390 τοίνυν

367 5410 580 5478 ἀλγεῖς,
611 5413 798 5481 φησιν,
837 5415 887 5467 εί
922 5414 1107 5484 ἔτερον
1143 5414 1362 5467 πλείονα
1400 5415 1630 5486 πονῆσαι
1666 5417 1938 5485 ἐκέλευσε,

371 5489 468 5544 σοῦ
495 5494 862 5562 φεισάμενοςς
909 5496 1016 5550 Καὶ
1047 5495 1369 5564 διαιρέσεις
1396 5497 1811 5567 ἐνεργημάτων
1855 5503 1937 5553 εί-

371 5573 496 5637 σίν,
527 5576 561 5626 ό
589 5573 657 5626 δὲ
689 5578 870 5644 αὐτὸς
897 5580 1040 5644 Θεὸς
1079 5583 1110 5632 ό
1146 5577 1403 5648 ἐνεργῶν
1424 5581 1496 5632 τὰ
1521 5579 1716 5634 πάντα
1740 5582 1810 5634 ἐν
1836 5583 1941 5637 πᾶα

369 5674 497 5712 σιν.
530 5660 796 5728 Ἑκάστῳ
822 5662 890 5716 δὲ
924 5663 1147 5717 δίδοται
1172 5663 1210 5731 ἡ
1244 5663 1581 5733 φανέρωσις
1607 5665 1712 5718 τοῦ
1751 5668 1938 5721 Πνεύ-

369 5757 559 5809 ματος
595 5742 746 5810 πρὸς
775 5745 840 5799 τὸ
869 5745 1194 5817 συμφέρον.
1227 5747 1335 5802 Καὶ
1367 5746 1420 5802 τί
1447 5747 1592 5800 ἐστιν
1620 5749 1930 5820 ἐνέργημας

2039 482 2203 550 φοραὶ
2237 483 2421 552 μόνον,
2469 486 2591 538 ἐπεὶ
2623 487 2930 558 πράγματα
2959 489 3028 542 1'0
3059 489 3219 543 αὐτά.
3248 491 3314 542 ’Ὀ
3346 490 3454 560 γάρ
3498 492 3616 545 ἐστι

2036 561 2304 634 χάρισμα,
2327 566 2489 620 τοῦτο
2507 566 2776 631 διακονία,
2814 570 2972 623 τοῦτο
2995 571 3090 624 καὶ
3115 572 3396 643 ἐνέργειαν
3444 571 3612 639 λέγει·

2043 645 2163 712 Τὴν
2219 647 2329 719 γὰρ
2367 648 2680 704 διακονίαν
2715 668 2855 717 σου,
2903 653 3058 724 φησὶ,
3107 655 3611 724 πληροφόρησον·

2039 729 2153 793 καὶ,
2209 730 2328 799 Τὴν
2377 733 2695 788 διακονίαν
2741 753 2862 804 μου
2915 735 3157 800 δοξάζω.
3203 737 3314 790 Καὶ
3364 737 3616 808 Τιμοθέῳ

2040 812 2270 881 γράφων
2331 816 2494 885 φησί·
2555 817 2636 871 Δι’
2687 816 2768 883 ἢν
2819 819 3017 873 αἰτίαν
3055 818 3491 888 ἀναμιμνήσκω
3542 835 3618 872 σε

2040 896 2444 966 ἀναζωπυρεῖν
2471 900 2535 953 τὸ
2571 901 2836 970 χάρισμα
2893 901 3000 954 τοῦ
3058 902 3226 965 Θεοῦ,
3275 901 3308 954 ὅ
3342 901 3515 956 ἐστιν
3545 902 3617 954 ἐν

2041 980 2178 1033 σοί·
2225 981 2321 1034 καὶ
2356 982 2629 1047 Γαλάταις
2680 985 2842 1038 πάλιν
2895 985 3226 1038 ἐπιστέλλων
3270 985 3488 1054 ἔλεγεν·
3551 986 3615 1038 '0

2042 1063 2152 1133 γὰρ
2177 1064 2516 1135 ἐνεργήσας
2551 1067 2754 1136 Πέτρῳ
2793 1071 2882 1133 είς
2909 1068 3284 1134 ἀποστολὴν,
3312 1068 3616 1138 ἐνήργησε

2041 1147 2215 1216 κάμοί
2233 1152 2320 1214 εις
2351 1151 2423 1203 τὰ
2442 1150 2608 1218 ἔθνη.
2627 1151 2788 1221 Ὁρᾷς
2817 1152 2896 1204 ὃτι
2925 1151 3178 1221 οὐδεμίαν
3198 1151 3458 1222 διαφοράν
3509 1152 3604 1204 δεί-

2043 1248 2235 1285 κνυσιν
2258 1234 2316 1286 ἐν
2337 1236 2455 1296 ταῖς
2474 1234 2707 1301 δωρεαῖς
2726 1233 2939 1304 Πατρὸς
2960 1235 3055 1288 καὶ
3088 1233 3229 1288 Πνεύ
3239 1251 3408 1304 ματος
3427 1234 3578 1302 ἁγίου
3597 1251 3612 1299 ;

2043 1314 2104 1367 ού
2129 1314 2227 1378 τάς
2249 1316 2576 1380 ὑποστάσεις
2605 1317 2964 1385 συναλείφων,
3001 1316 3076 1387 μὴ
3105 1316 3335 1384 γένοιτο,
3356 1317 3494 1371 ἀλλά
3516 1317 3617 1384 τῆς

2043 1398 2230 1462 οὐσίας
2261 1399 2360 1470 τὴν
2383 1400 2671 1470 ὀμοτιμίαν
2696 1401 2994 1470 ἐμφαίνων.
3024 1400 3201 1470 Ὅπερ
3229 1399 3338 1470 γὰρ
3361 1399 3423 1451 16
3446 1398 3618 1452 Πνεῦ-

2048 1499 2122 1552 μα
2177 1482 2476 1553 χαρίζεται.
2521 1483 2680 1536 τοῦτο
2728 1484 2821 1536 καὶ
2862 1484 2954 1535 τὸν
2990 1481 3122 1536 Θεὸν
3165 1485 3428 1551 ἐνεργεῖν,
3462 1480 3619 1534 τοῦτο

2045 1565 2138 1618 καὶ
2168 1565 2254 1618 τὸν
2284 1565 2411 1620 Υἱόν
2459 1567 2764 1620 διατάττειν
2803 1567 2899 1621 καὶ
2940 1567 3199 1636 παρέχειν
3232 1565 3384 1635 φησί.
3427 1565 3618 1618 Καίτοι

2043 1665 2106 1718 γε
2134 1650 2182 1702 εί
2213 1648 2433 1702 ἔλαττον
2460 1645 2528 1720 ἦν
2558 1649 2716 1703 10610
2750 1649 2982 1714 ἐκείνου,
3012 1651 3044 1719 ἢ
3070 1651 3246 1702 ἐκεῖνο
3274 1648 3484 1712 τούτου,
3518 1649 3620 1701 ούκ

2042 1731 2108 1786 ἂν
2155 1732 2328 1796 οὕτως
2361 1734 2494 1787 0616
2541 1733 2806 1797 τέθεικεν,
2842 1734 2949 1786 οὐδ’
2979 1733 3045 1787 ἂν
3084 1733 3255 1803 ταύτῃ
3297 1731 3622 1802 παρεμυθή-

2046 1833 2175 1870 σατο
2200 1817 2290 1870 τὸν
2332 1816 2619 1885 ἀλγοῦντα.
2665 1816 2818 1870 Μετὰ
2868 1816 2924 1869 δὲ
2967 1815 3139 1868 ταῦτα
3181 1816 3274 1868 καὶ
3313 1815 3483 1885 ἑτέρῳ
3513 1814 3619 1866 τινὶ

2043 1900 2228 1970 τρόπῳ
2265 1900 2425 1953 αὐτὸν
2457 1900 2785 1971 παρακαλεῖ,
2817 1898 2894 1968 τῷ
2935 1899 3030 1952 καὶ
3061 1897 3359 1968 συμφέρειν
3388 1898 3535 1968 αὐτῷ
3558 1897 3621 1950 16

2042 1985 2193 2038 δοθὲν
2222 1985 2436 2054 μέτρον,
2472 1987 2514 2038 εί
2543 1986 2636 2038 καὶ
2660 1984 2877 2039 ἔλαττον
2908 1983 3013 2052 εἴη.
3049 1981 3232 2035 Εἰπὼν
3264 1983 3394 2051 γὰρ,
3431 1982 3510 2034 ὃτι
3543 1979 3621 2034 Τὸ

2043 2067 2191 2121 αὐτὸ
2217 2067 2480 2138 Πνεῦμα,
2518 2067 2616 2121 καί
2667 2069 2701 2121 ό
2739 2066 2922 2132 αὐτὸς
2953 2066 3185 2133 Κύριος,
3231 2065 3328 2118 καί
3373 2067 3404 2117 ό
3435 2063 3621 2129 αὐτὸς

2048 2151 2210 2215 Θεὸς,
2239 2153 2334 2205 καὶ
2362 2151 2531 2222 ταύτῃ
2560 2151 2723 2206 αὐτὸν
2748 2149 3216 2219 ἀνακτησάμενος,
3242 2147 3437 2216 ἐπάγει
3459 2146 3621 2202 πάλιν

2046 2237 2239 2307 ἑτέραν
2264 2236 2630 2306 παράκλησιν,
2666 2232 2809 2287 οὕτω
2833 2232 3028 2300 λέγων,
3071 2230 3336 2298 Ἑκάστῳ
3359 2229 3428 2284 66
3451 2231 3488 2298 ἡ
3508 2247 3621 2299 φα·-

2044 2320 2296 2386 νέρωσις
2326 2321 2430 2374 τοῦ
2461 2320 2805 2386 Πνεύματος
2849 2316 3077 2370 δίδοται
3107 2315 3255 2382 πρὸς
3283 2314 3348 2368 τό
3388 2313 3622 2385 συμφέ-

2037 2418 2170 2470 ρον.
2199 2402 2317 2455 ’Ὶνα
2349 2403 2456 2473 γὰρ
2486 2402 2560 2473 μὴ
2594 2401 2727 2472 λέγῃ
2759 2394 2870 2463 τιςξ
2907 2398 2972 2452 Τί
3010 2397 3151 2468 γὰρ,
3180 2399 3228 2451 εί
3263 2398 3359 2451 καὶ
3395 2399 3422 2450 ὀ
3460 2397 3621 2461 αύτδς

2045 2484 2268 2554 Κύριος,
2311 2486 2404 2539 καὶ
2443 2485 2503 2537 16
2548 2483 2679 2536 0616
2734 2481 2978 2552 Πνεῦμα,
3030 2483 3125 2536 καὶ
3172 2483 3200 2534 6
3247 2480 3408 2544 αὐτὸς
3453 2479 3618 2543 Θεός;

2045 2567 2158 2620 ἀλλ’
2188 2566 2299 2635 ἐγὼ
2329 2567 2550 2619 ἔλαττον
2575 2565 2766 2619 ἔλαϐον
2785 2581 2798 2595 ·
2829 2567 3012 2635 φησὶν,
3045 2567 3126 2619 ὅτι
3159 2564 3302 2617 οὕτω
3333 2562 3618 2633 συνέφερε.

2043 2649 2351 2719 Φανέρωσιν
2382 2649 2532 2720 [263]
2568 2650 2624 2702 δὲ
2656 2647 2969 2719 Πνεύματος
2999 2648 3067 2701 τά
3099 2650 3299 2717 σημεῖα
3337 2646 3510 2707 καλεῖ,
3545 2647 3621 2698 εί-

2045 2731 2237 2795 κότως.
2294 2732 2447 2800 Ἐμοὶ
2496 2732 2593 2801 μέν
2632 2730 2741 2801 γάρ
2780 2730 2860 2800 τῷ
2909 2731 3085 2802 πιστῷ
3123 2730 3280 2800 δῆλος
3324 2731 3352 2782 ὀ
3397 2727 3621 2796 Πνεῦμα

2044 2813 2182 2883 ἔχων
2211 2813 2430 2866 ἀπὸτοῦ
2461 2813 2853 2882 βαπτισθῆναι·
2884 2812 3045 2883 τῷ·δέ
3079 2813 3293 2882 ἀπίστῳ
3324 2809 3622 2879 οὐδαμόθεν

2045 2895 2195 2949 ἔσται
2235 2895 2393 2949 τοῦτο
2435 2894 2766 2964 καταφανὲς,
2802 2895 2917 2948 ἀλλ’
2967 2895 2999 2964 ἢ
3047 2893 3155 2947 ἀπὸ
3183 2894 3290 2948 τῶν
3337 2892 3618 2963 σημείων·

2044 2977 2183 3031 ὥστε
2217 2977 2510 3030 κάντεῦθεν
2548 2977 2709 3030 πάλιν
2735 2978 2795 3030 06
2833 2977 3006 3048 μικρά
3044 2975 3386 3046 παραμυθία.
3428 2974 3621 3044 Είγάρ

2045 3060 2139 3114 κα)⁵
2159 3059 2229 3113 τά
2255 3060 2570 3130 χαρίσματα
2606 3059 2859 3130 διάφορα,
2895 3059 3010 3112 ἀλλ’
3036 3059 3069 3129 ὴ
3103 3058 3329 3124 ἔνδειξις
3361 3057 3458 3128 μία
3477 3074 3491 3088 ·
3517 3057 3622 3110 κᾶν

2044 3143 2154 3214 γὰρ
2188 3144 2322 3198 πολὺ
2366 3143 2514 3213 ἔχῃς.
2557 3143 2658 3198 κᾶν
2697 3142 2896 3211 ὀλίγον,
2933 3143 3132 3212 ὁμοίως
3165 3139 3216 3195 εί
3242 3142 3420 3212 δῆλος.
3455 3142 3619 3194 Ὥστε

2045 3227 2095 3279 εί
2122 3225 2280 3279 τοῦτο
2309 3225 2630 3290 σπουδάζεις
2662 3226 3056 3291 ἐπιδείξασθαι,
3091 3226 3174 3279 ὅτι
3203 3224 3426 3295 Πνεῦμα
3453 3224 3618 3294 ἔχεις,

2045 3307 2321 3379 ἀρκοῦσαν
2349 3308 2492 3378 ἔχεις
2535 3309 2632 3380 τὴν
2661 3309 2957 3376 ἀπόδειξιν.
2995 3310 3164 3362 Ὅταν
3200 3305 3294 3362 οὖν
3333 3307 3427 3361 καὶ
3471 3303 3552 3371 εἷς
3592 3309 3621 3360 ὀ

2044 3391 2290 3455 δεδωκὼς
2395 3393 2488 3445 καὶ
2529 3392 2775 3464 χάρισμα
2803 3393 2864 3446 16
2892 3391 3068 3451 δοθὲν.
3103 3393 3196 3445 καὶ
3229 3393 3262 3461 ὴ
3314 3391 3621 3462 φανέρωσις

2045 3474 2338 3528 κάντεῦθεν
2361 3475 2575 3545 γίνηται
2596 3485 2637 3537 ⁸,
2667 3475 2761 3528 καὶ
2789 3474 2948 3528 τοῦτο
2976 3473 3174 3544 μᾶλλόν
3205 3491 3285 3526 σοι
3340 3474 3616 3544 συμφέρῃ,

2048 3559 2122 3630 μὴ
2149 3559 2302 3627 ἄλγει
2333 3559 2408 3622 ὡς
2442 3559 2892 3630 καταφρονηθείς.
2935 3559 3011 3611 υύ
3043 3559 3154 3628 γὰρ
3185 3557 3468 3628 ἀτιμάζων
3508 3574 3566 3609 σε
3591 3559 3620 3610 ὀ

2044 3641 2194 3706 Θεὸς,
2229 3643 2348 3694 ούδέ
2379 3641 2798 3711 καταδεέστερον
2839 3641 3027 3712 ἑτέρου
3075 3641 3393 3710 ἀποφαίνων
3430 3640 3620 3710 ἐποίη-

2047 3742 2157 3789 σεν,
2185 3725 2322 3778 ἀλλά
2350 3726 2662 3796 φειδόμενός
2698 3743 2814 3788 σου,
2851 3724 3030 3779 καὶτὸ
3061 3724 3341 3787 λυσιτελές
3369 3741 3450 3777 σοι
3491 3740 3619 3776 σκο-

2044 3810 2180 3863 πῶν.
2209 3809 2283 3862 Τὸ
2317 3810 2426 3881 γὰρ
2455 3809 2637 3879 μεῖζον
2665 3809 2846 3863 λαϐεῖν
2896 3810 2988 3862 τὸν
3019 3810 3080 3863 06
3119 3809 3414 3879 δυνάμενον
3466 3810 3619 3875 ἐνεγ-

2044 3897 2181 3957 κεῖν,
2210 3892 2370 3946 τοῦτο
2390 3894 2484 3946 καὶ
2506 3892 2823 3962 ἀσύμφορον
2848 3892 2943 3946 καὶ
2981 3892 3182 3962 βλάϐην
3214 3891 3337 3963 ἔχον
3367 3891 3462 3944 καὶ¹
3487 3891 3620 3944 ἀθυ-

2048 3977 2172 4047 μίας
2195 3973 2363 4041 ἄξιον.
2396 3969 2470 4046 ᾭ
2493 3975 2609 4045 μὲν
2629 3975 2739 4044 γὰρ
2767 3974 2864 4028 διὰ
2896 3973 3005 4028 τοῦ
3028 3975 3372 4042 Πνεύματος
3391 3973 3618 4026 δίδοται

2042 4062 2224 4129 λόγος
2255 4059 2496 4128 σοφίας,
2530 4057 2697 4126 ἄλλῳ
2733 4057 2801 4111 66
2829 4059 3012 4126 λόγος
3037 4056 3333 4126 γνώσεως,
3369 4056 3520 4110 κατὰ
3550 4055 3618 4111 τό

2043 4143 2188 4197 αὐτὸ
2240 4143 2482 4211 Πνεῦμα
2505 4157 2520 4173 ·
2571 4141 2748 4208 ἑτέρῳ
2802 4141 2870 4193 δὲ
2919 4141 3122 4206 πίστις
3149 4178 3164 4202 ,
3217 4140 3287 4192 ἐν
3326 4138 3407 4204 τῷ
3459 4139 3620 4206 αὑτῷ

2043 4226 2339 4295 Πνεύματι
2382 4241 2395 4254 ·
2443 4223 2611 4291 ἄλλῳ
2643 4225 2711 4278 δὲ
2738 4225 3077 4292 χαρίσματα
3119 4221 3400 4292 ίαμάτων,
3425 4224 3496 4275 ὲν
3537 4222 3619 4288 τῷ

2042 4309 2202 4374 αὐτῷ
2227 4309 2543 4377 Πνεύμίιτι.
2586 4307 2748 4378 Ὁρᾷς
2776 4307 2892 4370 πῶς
2915 4305 3192 4377 πανταχοῦ
3217 4305 3420 4376 ταύτην
3443 4308 3617 4359 ποιεῖ-

2041 4410 2130 4445 ται
2158 4391 2256 4462 τὴν
2281 4393 2618 4462 προσθήκην,
2653 4391 2750 4443 Ἐν
2784 4388 2861 4455 τῷ
2881 4389 3040 4456 αὐτῷ
3068 4391 3387 4459 Πνεύματι,
3419 4389 3616 4457 λέγων,

2043 4477 2156 4538 καὶ,
2190 4476 2348 4530 Κατὰ
2376 4475 2439 4528 τὸ
2479 4473 2625 4529 αὐτὸ
2651 4474 2932 4543 Πνεῦμα;
2965 4469 3074 4528 οἶδε
3105 4473 3213 4544 γὰρ
3245 4473 3484 4543 μεγάλην
3523 4469 3617 4526 06—

2045 4577 2142 4612 σαν
2166 4559 2264 4628 τὴν
2287 4557 2532 4612 ἐντεῦθεν
2552 4558 2913 4630 παράκλησιν.
2943 4558 3144 4622 ’Ἄλλῳ
3159 4556 3228 4610 δὲ
3247 4555 3615 4625 ἐνεργήματα

2041 4641 2368 4711 δυνάμεων,
2401 4641 2568 4706 ἄλλῳ
2591 4640 2659 4694 δὲ
2690 4639 3057 4709 προφητεῖαι,
3088 4639 3256 4704 ἄλλῳ
3293 4640 3362 4693 δὲ
3391 4639 3612 4708 διακρί-

2040 4739 2170 4788 σεις
2201 4723 2572 4793 πνευμάτων,
2606 4723 2783 4791 ἑτέρῳ
2819 4722 2900 4775 66-
2923 4722 3068 4792 γένη
3101 4720 3416 4791 γλωσσῶν,
3445 4721 3614 4788 ἄλλῳ

2040 4808 2108 4860 δὲ
2134 4808 2414 4876 ἑρμηνεία
2443 4805 2754 4877 γλωσσῶν.
2804 4804 3019 4875 Ἐπειδὴ
3042 4803 3150 4874 γάρ
3173 4806 3230 4856 ἐν
3266 4804 3438 4876 τούτῳ
3468 4805 3612 4874 μέγα

2041 4893 2318 4959 ἐφρόνουν,
2349 4891 2438 4944 διά
2474 4889 2633 4944 τοῦτο
2665 4887 2798 4941 0616
2832 4885 3056 4957 ὕστερον
3090 4885 3321 4950 τέθεικε,
3350 4888 3444 4941 καὶ
3471 4887 3610 4958 ἐπή-

2041 4991 2178 5043 γαγε
2203 4993 2216 5006 ·
2259 4973 2463 5028 Πάντα
2513 4972 2583 5026 δὲ
2633 4970 2820 5024 ταῦτα
2855 4968 3091 5038 ἐνεργεῖ
3123 4968 3192 5022 ἐν
3230 4970 3327 5024 καί
3353 4970 3432 5045 ,τὸ
3467 4973 3613 5026 αὑτό

2040 5056 2302 5126 Πνεῦμα.
2325 5055 2398 5108 Τδ
2420 5055 2709 5124 φάρμακον
2724 5052 2783 5105 τὸ
2803 5051 3089 5105 καθολικὸν
3111 5051 3212 5121 τῆς
3239 5051 3610 5123 παραμυθίας,

2040 5139 2100 5192 16
2125 5141 2187 5191 ἐκ
2211 5139 2310 5208 τῆς
2332 5137 2501 5205 αὐτῆς
2535 5133 2710 5205 ῥίζης,
2737 5137 2800 5188 ἐκ
2828 5134 2938 5188 τῶν
2977 5135 3157 5189 αὐτῶν
3197 5136 3508 5206 θησαυρῶν,
3547 5137 3610 5189 ἐν

2038 5219 2147 5273 τῶν
2175 5219 2353 5272 αὐτῶν
2384 5219 2638 5288 ναμάτων
2670 5219 2872 5280 πάντας
2904 5217 3220 5288 λαμϐάνειν.
3251 5219 3342 5270 Διὸ
3381 5217 3474 5269 καὶ
3497 5233 3614 5269 συν-

2041 5303 2178 5374 εχῶς
2201 5302 2476 5356 ἐπαντλῶν
2511 5300 2589 5372 τῷ
2624 5303 2825 5373 ῥήματι
2851 5303 3028 5372 τούτῳ
3053 5303 3154 5371 τὴν
3176 5301 3437 5354 δοκοῦσαν
3471 5301 3613 5354 άνω-

2043 5385 2238 5456 μαλίαν
2265 5379 2424 5446 εἶναι,
2459 5383 2628 5449 ἐξισοῖ
2652 5385 2744 5436 καὶ
2769 5383 3191 5454 παραμυθεῖται.
3226 5382 3333 5435 Καὶ
3354 5381 3613 5452 ἀνωτέρω

2043 5468 2139 5538 μὲν
2163 5468 2254 5521 καὶ
2283 5465 2344 5520 16
2368 5466 2593 5537 Πνεῦμα
2612 5466 2704 5518 καὶ
2726 5466 2818 5518 τὸν
2855 5465 2982 5517 Υίόν
3011 5465 3103 5518 καὶ
3127 5464 3217 5517 τὸν
3250 5464 3468 5535 Πατέρα
3496 5464 3608 5518 δεί-

2100 5696 2266 5812 αιΗιεο
2287 5695 2336 5747 in
2357 5696 2529 5747 Morel.
2558 5697 2816 5756 corrupta,
2852 5703 2914 5741 ex
2959 5690 3116 5754 Regio
3169 5689 3335 5742 codice
3378 5694 3602 5744 resuluta

2100 5773 2130 5809 n

2039 5773 2130 5810 sun
