4094 6222
483 280 591 336 2-55

482 409 639 448 κνυσι
696 389 1034 462 χορηγοῦντα
1079 390 1150 445 τά
1199 390 1514 463 χαρίσματα
1543 407 1557 424 ο
1612 389 1848 447 ἐνταῦθα
1901 392 1958 446 δέ
1999 392 2062 446 16

485 473 710 543 Πνεῦμα
738 472 907 526 εἰπὼν
932 473 1202 545 ἠρκέσθη,
1241 475 1328 529 ἵνα
1357 474 1536 546 μάθῃς
1573 473 1869 530 κάντεῦθεν
1899 474 2063 530 πάλιν

484 555 582 625 τήν
619 555 788 627 αὐτὴν
817 556 976 620 ἀξίαν
1009 552 1195 611 οὖσαν.
1233 555 1297 610 Τί
1327 558 1386 612 δέ
1414 558 1552 621 ἐστι,
1575 557 1769 626 Λόγος
1801 557 2067 628 σοφίας;

488 642 584 691 ’ον
607 635 753 708 εἶχεν
792 640 820 691 6
866 637 1098 703 Παῦλος,
1149 638 1210 691 ὃν
1243 635 1389 709 εἶχεν
1443 638 1698 708 Ἰωάννης
1741 641 1770 692 6
1819 640 1934 703 υίὸς
1964 639 2068 709 τῆς

484 722 733 792 βροντῆς.
768 721 832 773 Τί
861 721 938 786 δὲ,
958 723 1148 791 Λόγος
1177 721 1484 792 γνώσεως;
1512 725 1607 778 ’ον
1629 717 1775 793 εἶχον
1801 724 1848 776 οί
1877 723 2064 778 πολλοὶ¹

480 805 590 858 τῶν
614 803 841 870 πιστῶν,
869 803 1072 873 γνῶσιν
1101 804 1201 875 μὲν
1230 805 1468 875 ἔχοντες,
1500 805 1771 860 διδάσκειν
1807 805 1864 860 δὲ
1892 805 2066 872 οὕτως

481 887 544 940 οὐ
585 886 893 956 δυνάμενοι,
941 887 1063 940 οὐδὲ
1105 889 1184 952 εἰς
1221 889 1408 961 ἕτερον
1452 888 1690 953 εὐκόλως
1734 888 2062 959 ἐξενεγκεῖν,

483 969 624 1040 ιντερ
661 970 874 1042 ᾔδεσαν.
928 970 1142 1040 Ἐτέρῳ
1170 971 1238 1024 δέ
1268 971 1506 1035 πίστις·
1543 971 1725 1026 πίστιν
1765 973 1826 1028 οὐ
1859 971 2064 1043 ταύτην

478 1054 653 1123 λέγων
694 1055 794 1125 τὴν
841 1055 947 1109 τῶν
978 1055 1284 1126 δογμάτων,
1334 1055 1468 1109 ἀλλά
1508 1056 1608 1126 τὴν
1645 1056 1754 1111 τῶν
1797 1056 2061 1128 σημείων,

481 1139 610 1210 περὶ
638 1132 704 1209 ἧς
743 1140 771 1190 6
810 1137 1044 1207 Χριστός
1081 1154 1274 1208 φησιν’
1315 1138 1456 1192 Ἐὰν
1502 1139 1681 1207 ἔχητε
1730 1139 1940 1194 πίστιν
1981 1140 2063 1206 ὡς

481 1224 703 1277 κόκκον
733 1223 1052 1288 σινάπεως,
1086 1223 1270 1291 ἐρεῖτε
1295 1221 1370 1288 τῷ
1396 1222 1514 1292 ὄρει
1544 1226 1751 1291 τούτῳ,
1795 1223 2061 1292 Μετάᾶη-

481 1310 555 1367 θι,
592 1306 687 1360 καί
711 1307 1132 1375 μεταϐήσεται.
1171 1307 1280 1360 Καὶ
1317 1308 1366 1360 οί
1400 1308 1688 1361 ἀπόστολοι
1716 1309 1772 1362 δὲ
1808 1310 1938 1380 περὶ
1966 1308 2063 1362 αὐ-

480 1389 580 1458 τῆς
620 1389 804 1459 ἠξίουν
849 1389 1119 1457 λέγοντες,
1166 1391 1432 1456 Πρόσθες
1461 1391 1608 1458 ἡμῖν
1639 1391 1867 1444 πίστιν.
1911 1391 2060 1462 Αῦτη

481 1474 589 1543 γὰρ
635 1475 816 1544 μήτηρ
845 1473 954 1526 τῶν
990 1473 1231 1544 σημείων
1261 1474 1427 1528 ἐστίν.
1468 1475 1846 1546 Ἐνεργήματα
1889 1476 1945 1530 δὲ
1973 1476 2062 1528 δυ-

479 1558 694 1626 νάμεων
718 1557 1038 1625 κεκτῆσθαι,
1072 1557 1165 1610 καὶ
1195 1559 1510 1628 χαρίσματα
1539 1555 1803 1630 ἰαμάτων,
1825 1561 1923 1614 οὐκ
1946 1560 2061 1614 ἐστι

477 1640 694 1692 ταύτόν.
747 1640 929 1720 ὐμὲν
974 1640 1083 1712 γὰρ
1117 1639 1255 1711 ἔχων
1283 1641 1527 1713 χάρισμα
1567 1644 1836 1714 ἰαμάτων,
1872 1643 2061 1715 ἐθερά-

478 1740 610 1800 πεμε
647 1723 804 1793 μόνον
830 1739 844 1751 ·
869 1726 898 1776 6
922 1723 978 1776 δὲ
1009 1726 1358 1794 ἐνεργήματα
1384 1727 1669 1797 δυνάμεων
1699 1728 2058 1797 κεκτημένος,

479 1809 572 1860 καὶ
597 1809 942 1878 ἐτιμωρεῖτο.
995 1807 1236 1878 Δύναμις
1277 1809 1384 1880 γάρ
1419 1811 1566 1862 ἐστιν
1594 1811 1654 1864 οὐ
1699 1811 1760 1864 16
1809 1811 2059 1865 ίάσασθαι

481 1883 661 1960 μόνον,
697 1889 831 1942 ἀλλά
876 1889 970 1944 καὶ
1010 1890 1072 1944 16
1121 1891 1366 1954 κολάσαι,
1404 1891 1594 1965 ὥσπερ
1627 1894 1656 1946 6
1693 1893 1903 1958 Παῦλος
1935 1895 2064 1965 ἐπή-

479 1989 674 2044 ρωσεν,
708 1972 894 2043 ὥσπερ
930 1972 1186 2046 ὁΠέτρος
1217 1974 1446 2029 ἀνεῖλεν.
1496 1977 1699 2043 ’Ἄλλῳ
1722 1976 1791 2030 δὲ
1827 1994 2060 2046 προφη-

475 2055 643 2120 τεῖαι,
699 2054 870 2122 ἄλλῳ
908 2052 980 2109 ὁέ
1015 2054 1347 2126 ὁιακρίσεις
1382 2057 1530 2130 [εει]
1565 2059 1940 2128 πνευμάτων.
1992 2059 2060 2113 Τί

477 2140 634 2204 ἐστι,
694 2141 1031 2209 Διακρίσεις
1081 2141 1480 2211 πνευμάτων;
1533 2142 1606 2196 T6
1655 2142 1854 2197 εἰδέναι
1897 2143 1981 2208 τίς
2031 2145 2061 2197 6

477 2224 871 2294 πνευματικὸς,
913 2224 1008 2278 καὶ
1051 2224 1134 2289 τίς
1176 2227 1204 2279 6
1235 2224 1312 2296 μὴ
1340 2225 1736 2296 πνευματικόςο
1768 2225 1852 2290 τίς
1877 2229 1906 2281 6
1935 2244 2063 2299 προ-

477 2309 676 2378 φήτης,
714 2307 810 2362 καὶ
852 2307 935 2371 τίς
967 2308 996 2361 6
1030 2307 1282 2362 ἀπατεὼν
1312 2325 1326 2338 ο
1364 2307 1393 2361 6
1431 2310 1526 2362 καὶ
1575 2309 2060 2365 Θεσσαλονικεῦσιν

475 2389 649 2459 ἔλεγε,
682 2391 1056 2460 Προφητείας
1080 2389 1166 2460 μὴ
1204 2390 1574 2456 ἐξουθενεῖτε
1602 2407 1616 2423 ο
1651 2390 1851 2446 πάντα
1875 2390 1944 2446 δὲ
1963 2391 2060 2446 δο-

476 2473 838 2544 κιμάζοντες,
889 2473 954 2527 τὸ
993 2473 1187 2528 καλὸν
1219 2475 1521 2542 κατέχετε.
1575 2475 1687 2528 Καὶ
1737 2473 1847 2546 γὰρ
1887 2473 2057 2546 πολλὴ

473 2558 595 2610 τότε
617 2558 726 2610 τῶν
743 2555 1206 2628 ψευδοπροφητῶν
1237 2553 1304 2627 ἦν
1329 2556 1659 2628 διαφθοράι,
1688 2558 1782 2611 τοῦ
1810 2557 2056 2612 διαϐόλου

475 2641 910 2710 φιλονεικοῦντος
944 2642 1360 2711 παρυποστῆσαι
1391 2644 1455 2712 τῇ
1493 2641 1724 2712 ἀληθεία
1753 2641 1814 2694 16
1840 2641 2054 2710 ψεῦδος.

479 2726 682 2787 Ἄλλῳ
737 2723 805 2776 δέ
865 2723 1008 2791 γένη
1072 2722 1387 2799 γτιῑωσσῶν,
1443 2724 1613 2790 ἄλλῳ
1668 2724 1730 2777 δέ
1775 2724 2058 2793 ἑρμηνεία

474 2806 792 2876 γλωσσῶν.
831 2806 888 2858 '0
914 2806 1012 2874 μὲν
1039 2805 1146 2876 γὰρ
1168 2806 1281 2876 ᾔδει
1312 2807 1372 2859 τὸ
1395 2806 1446 2859 τί
1469 2806 1654 2875 ἔλεγεν
1675 2807 1855 2871 αὐτὸς,
1889 2809 2057 2878 ἑτέρῳ

449 2894 452 2897 ’
472 2891 529 2943 δὲ
557 2888 893 2961 ἑρμηνεῦσαι
913 2889 1012 2940 οὐκ
1035 2889 1266 2957 ἠδύνατο
1285 2906 1298 2918 °
1324 2891 1352 2942 6
1373 2889 1428 2942 δὲ
1457 2889 1550 2942 καὶ
1571 2888 1858 2960 ἀμφότερα
1882 2889 2056 2943 ταῦτα

474 2974 771 3040 ἐκέκτητο,
787 2971 818 3041 ἢ
852 2970 1054 3023 τούτων
1078 2971 1323 3042 θάτερον.
1508 2966 1511 2968 ’

546 3053 608 3108 δ’,
647 3052 854 3107 Ἐδόκει
877 3052 933 3105 δὲ
950 3052 1107 3106 τοῦτο
1136 3054 1382 3123 χάρισμα
1410 3051 1554 3120 μέγα
1570 3047 1730 3117 εἶναι,
1753 3051 1938 3123 ἐπειδὴ
1963 3053 2057 3107 καὶ

474 3139 692 3208 πρῶτον
719 3136 852 3190 αὐτὸ
891 3135 1082 3190 ἔλαϐον
1108 3137 1156 3189 οί
1201 3134 1508 3199 ἀπόστολοι,
1551 3137 1644 3188 καὶ
1678 3137 1830 3204 παρά
1861 3137 2056 3207 Κοριν-

475 3222 609 3286 θίοις
637 3224 686 3274 οί
717 3219 935 3282 πλείους
968 3217 1126 3272 τοῦτο
1157 3219 1482 3288 ἐκέκτηντοο
1524 3220 1552 3271 ὁ
1588 3218 1645 3271 δὲ
1669 3217 1770 3288 τῆς
1796 3219 2054 3272 διδασκα-

471 3306 592 3370 λίας
621 3304 775 3372 λόγος
795 3304 892 3373 οὐχ
920 3301 1082 3356 οῦτω.
1117 3301 1205 3355 Διὸ
1239 3303 1416 3355 ἐκεῖνο
1443 3302 1540 3372 μὲν
1566 3301 1781 3372 πρῶτον
1816 3301 2050 3371 τίθησιν,

473 3388 700 3458 ὕστερον
731 3386 788 3457 δέ
821 3386 997 3440 τοῦτο.
1038 3385 1148 3439 Καὶ
1181 3385 1291 3455 γάρ
1323 3384 1418 3437 καὶ
1443 3383 1602 3438 τοῦτο
1621 3383 1688 3438 δι’
1719 3385 1916 3448 ἐκεῖνο,
1959 3385 2054 3438 καὶ

472 3473 542 3526 τά
562 3472 696 3527 ἄλλα
731 3471 930 3532 πάντα,
961 3470 1056 3522 καὶ
1087 3470 1413 3539 προφητεῖαι
1445 3467 1539 3521 καὶ
1567 3468 1920 3538 ἐνεργήματα
1959 3467 2052 3520 δυ-

472 3557 691 3627 νάμεων
715 3556 809 3608 καὶ
829 3554 962 3623 γένη
1004 3550 1267 3621 γλωσσῶν
1311 3553 1406 3604 καὶ
1451 3552 1718 3622 ἑρμηνεία
1752 3550 2014 3619 γλωσσῶν
2034 3567 2050 3583 ο

472 3641 625 3695 οὐδὲν
653 3639 762 3708 γάρ
813 3637 1005 3691 τούτου
1048 3635 1195 3690 ἴσον·
1243 3635 1324 3688 6:6
1361 3636 1456 3689 καὶ
1493 3635 1698 3704 ἔλεγεν,
1747 3636 1810 3688 οι
1853 3633 2054 3700 καλῶς

473 3722 844 3792 προεστῶτες
900 3720 1308 3787 πρεσϐύτεροι,
1371 3715 1589 3783 διπλῆς
1645 3715 1820 3785 τιμῆς
1852 3717 2054 3781 ἀξιούσ-

473 3809 743 3870 σθωσαν,
770 3801 1039 3872 μάλιστα
1077 3804 1131 3856 οί
1165 3799 1494 3866 κοπιῶντες
1537 3801 1609 3852 ἐν
1643 3801 1804 3870 λόγῳ
1833 3800 1933 3854 καί
1966 3799 2052 3853 δι-

471 3888 795 3954 δασκαλίᾳ.
815 3887 922 3940 Καὶ
941 3884 1019 3956 τῷ
1041 3884 1293 3954 Τιμοθέῳ
1321 3883 1612 3937 ἐπέστελλε
1637 3883 1830 3951 λέγων’
1859 3884 2054 3952 Πρόσ-

471 3989 573 4042 εχε
587 3969 658 4039 τῇ
671 3967 1025 4039 ἀναγνώσει,
1044 3965 1118 4035 τῇ
1136 3966 1536 4035 παρακλήσει,
1558 3965 1631 4034 τῇ
1650 3965 2015 4032 διδασκαλίᾳ
2033 3982 2047 3996 ·

467 4057 552 4124 μὴ
582 4054 791 4122 ἀμέλει
819 4053 928 4106 τοῦ
949 4051 1018 4104 ἐν
1054 4050 1152 4104 σοί
1183 4052 1571 4119 χαρίσματος.
1621 4050 1782 4120 Ὁρᾷς
1815 4049 1932 4113 πῶς
1957 4049 2052 4103 καὶ

471 4139 717 4208 χάρισμα
747 4135 880 4188 αὐτὸ
901 4133 1089 4198 καλεῖ;
1126 4129 1256 4186 Είτα
1294 4134 1362 4203 ἢν
1394 4133 1652 4204 ἀνωτέρω
1689 4133 1901 4186 τέθεικε
1942 4150 2050 4186 παο

473 4220 748 4294 ραμυθίαν
780 4219 970 4283 εἰπὼν,
1019 4218 1088 4272 Τὸ
1128 4218 1274 4272 αὐτὸ
1308 4219 1570 4288 Πνεῦμα,
1598 4218 1802 4288 ταύτην
1833 4218 1927 4273 καὶ
1960 4219 2049 4271 ἐν-

468 4305 644 4358 ταῦοα
687 4303 868 4371 τίθησι
912 4301 1117 4369 λέγων·
1163 4301 1366 4355 Πάντα
1399 4302 1466 4355 δὲ
1497 4301 1683 4356 ταῦτα
1720 4301 1951 4372 ἐνεργεῖ
1981 4301 2050 4355 ἐν

469 4388 566 4441 καὶ
607 4386 696 4440 ’τὸ
752 4386 898 4441 αὐτό
951 4383 1224 4454 Πνεῦμα,
1278 4385 1549 4454 διαιροῦν
1599 4387 1718 4455 ίδίᾳ
1783 4387 2045 4454 ἑκάστῳ,

470 4472 660 4536 καθὼς
694 4472 1001 4534 βούλεται.

541 4556 615 4606 Οὐ
647 4553 1051 4623 παραμυθεῖται
1093 4553 1148 4605 δέ
1188 4554 1368 4623 μόνον,
1399 4553 1536 4607 ἀλλὰ
1569 4555 1660 4608 καὶ
1706 4554 2047 4624 ἐπιστομίζει

467 4637 558 4692 16v
587 4636 930 4704 ἀντιλέγοντα
961 4634 1192 4687 ἐνταῦθα
1223 4635 1416 4704 λέγων,
1449 4637 1723 4705 Διαιροῦν
1755 4636 1877 4703 ιδίςι
1912 4637 2049 4690 ἐκά-

467 4738 612 4787 στῳ,
653 4722 844 4784 καθὼς
863 4718 1172 4782 βούλεται.
1200 4720 1291 4771 Δεῖ
1318 4719 1427 4790 γάρ
1458 4721 1553 4773 καὶ
1582 4719 1920 4788 ἐπιστύφειν,
1953 4721 2046 4774 οὐ-

467 4805 524 4874 χὶ
557 4804 880 4875 θεραπεύειν
922 4803 1104 4875 μόνον,
1155 4801 1342 4874 ὥσπερ
1393 4802 1486 4856 καὶ
1525 4803 1584 4855 ἐν
1617 4805 1680 4874 τῇ
1723 4803 1860 4874 πρὸς
1913 4803 2046 4858 Ῥω-

471 4888 662 4956 μαίους
691 4890 851 4956 ποιεῖ,
876 4889 1006 4942 ὅταν
1037 4888 1170 4962 λέγῃ
1196 4905 1210 4920 ο
1250 4885 1332 4941 Σὺ
1363 4881 1557 4952 τίςέί,
1603 4889 1636 4940 ὁ
1691 4886 2047 4954 ἀνταποκρι-

466 4993 720 5045 νομενος
758 4978 837 5042 τῷ
862 4980 983 5044 Θεῷ
999 4996 1018 5044 ;
1058 4979 1214 5035 Οὐτω
1234 4980 1328 5034 καὶ
1351 4979 1600 5044 ἐνταῦθα,
1627 4979 1903 5046 Διαιροῦν
1923 4978 2043 5045 ίδίᾳ

467 5059 721 5125 ἑκάστῳ,
771 5062 965 5126 καθὼς
997 5063 1305 5124 βούλεται.
1356 5063 1462 5115 Καὶ
1507 5062 1535 5114 ὃ
1571 5061 1663 5115 τοῦ
1702 5063 1915 5133 Πατρὸς
1950 5061 2038 5136 ἦν,

465 5142 623 5196 τοῦτο
655 5144 746 5194 καὶ
771 5141 862 5194 τοῦ
887 5143 1200 5211 Πνεύματος
1223 5145 1420 5209 ἔδειξεν
1445 5147 1522 5198 όν.
1551 5147 1759 5217 ’Ὠσπερ
1781 5147 1886 5217 γὰρ
1913 5150 2042 5219 περὶ

466 5225 632 5282 αὐτοῦ
660 5243 843 5297 φησιν,
881 5227 941 5278 '0
971 5225 1037 5278 δὲ
1061 5226 1242 5292 αὐτὸς
1262 5228 1404 5292 Θεὸς
1429 5233 1460 5281 ό
1483 5229 1741 5298 ἐνεργῶν
1756 5234 1827 5286 τὰ
1846 5233 2044 5287 πάντα

466 5313 536 5365 ἐν
581 5304 798 5375 πᾶσιν,
843 5309 983 5364 οῦτω
1025 5311 1119 5362 καὶ
1155 5312 1281 5381 περὶ
1323 5310 1417 5363 τοῦ
1457 5313 1807 5382 Πνεύματος·
1840 5315 2042 5371 Πάντα

467 5394 536 5446 δὲ
591 5395 774 5450 ταῦτα
853 5392 1087 5464 ἐνεργεῖ
1155 5393 1224 5447 ἓν
1295 5393 1390 5446 καί
1451 5393 1514 5446 τὸ
1577 5397 1722 5449 αὐτὸ
1777 5399 2037 5468 Πνεῦμα.

477 5478 613 5531 Ἀλλ’
643 5479 1056 5551 ἐνεργούμενον,
1091 5479 1274 5550 φησιν,
1316 5478 1420 5531 ὑπὸ
1453 5477 1544 5532 τοῦ
1570 5478 1724 5536 Θεοῦ.
1768 5481 1908 5535 Ἀλλ’
1947 5481 2038 5534 οὐ-

525 5732 552 5762 ⁸
572 5729 645 5782 Ita
671 5733 790 5797 Reg.
827 5733 957 5782 Edlti
981 5747 1114 5789 vero.
1142 5735 1356 5801 διαφορά.

1194 275 1250 330 S.
1291 272 1580 333 JOANNIS
1607 274 2107 335 CHRYSOSTOMI
2147 278 2466 337 ARCHIEP.
2505 274 3072 337 CONSTANTINOP.‘

3633 281 3740 337 216

2167 395 2338 466 δαμοῦ
2361 395 2517 450 τοῦτο
2540 396 2781 467 εἴρηκεν,
2821 395 2958 450 ἀλλὰ
2988 396 3054 451 σύ
3082 391 3240 448 τοῦτο
3270 391 3545 456 πλάττεις.
3578 394 3746 449 Ὅταν

2164 479 2272 551 γάρ
2291 479 2448 551 λέγῃ,
2495 479 2560 532 '0
2589 477 2849 548 ἐνεργῶν
2872 480 2946 536 τὰ
2966 477 3166 533 πάντα
3192 477 3264 531 ἂν
3289 474 3463 540 πᾶσι,
3496 476 3627 544 περὶ
3652 477 3751 530 ἀν·

2166 560 2399 632 θρώπων
2426 560 2586 616 τοῦτο
2621 561 2799 630 λέγει·
2842 562 2903 615 οὐ
2951 562 3126 634 δήπου
3151 561 3181 602 δ
3223 560 3360 630 μετὰ
3396 558 3506 614 τῶν
3535 557 3747 628 ἀνθρὼ-

2163 660 2284 698 πων
2311 645 2404 697 καὶ
2429 644 2489 697 16
2518 644 2741 714 Πνεῦμα
2762 643 3010 715 ἀριθμεῖ,
3042 644 3146 698 κᾶν
3183 657 3444 715 μυριακις
3468 638 3536 716 ᾗς
3570 657 3751 710 παρα-

2163 727 2363 794 παίων,
2388 728 2494 782 κᾶν
2525 728 2783 799 μυριάκις
2821 729 3165 799 μαινόμενος.
3224 726 3441 796 Ἐπειδὴ
3467 725 3577 796 γὰρ
3602 721 3746 790 εἷπε,

2161 807 2266 863 Διὰ
2303 811 2410 865 τοῦ
2449 812 2819 880 Πνεύματος,
2860 811 2948 865 ῖνα
2979 810 3041 864 16
3081 809 3181 863 διὰ
3213 808 3374 862 τοῦτο
3413 809 3486 879 μὴ
3516 808 3750 879 νομίσῃς

2161 891 2514 956 ἐλαττώσεως
2547 891 2681 947 εἶναι
2715 894 2849 964 μηδέ
2895 893 2990 948 τοῦ
3023 893 3404 964 ἐνεργεῖσθαι,
3440 893 3747 962 ἐπήγαγεν,

2159 975 2243 1028 δτι
2282 977 2546 1047 Ἐνεργεῖ
2561 977 2628 1030 τὸ
2655 977 2916 1044 Πνεῦμα,
2939 975 3038 1030 οὐκ
3063 978 3390 1048 ἐνεργεῖται,
3413 975 3507 1029 καὶ
3532 975 3752 1044 ἐνεργεῖ

2160 1057 2236 1121 ὡς
2267 1057 2538 1128 βούλεται,
2565 1061 2626 1114 οὐ
2656 1059 2840 1122 καθὼς
2872 1059 3176 1114 κελεύεται.
3217 1058 3485 1129 Καθάπερ
3513 1060 3623 1128 γὰρ
3648 1072 3752 1110 περ

2163 1143 2217 1212 91
2246 1142 2340 1196 τοῦ
2371 1144 2580 1214 Πατρδς
2628 1146 2656 1198 6
2682 1143 2809 1207 Υἱὸς
2841 1143 3011 1212 λέγει,
3041 1144 3125 1197 ὅτι
3185 1143 3431 1212 Ἐτείρει
3463 1141 3606 1207 τοὺς
3647 1158 3750 1196 νε-

2159 1225 2344 1292 κροὺς
2376 1226 2475 1280 καί
2515 1225 2797 1288 ζωοποιεῖ,
2845 1226 3045 1295 ὁμοίως
3079 1225 3175 1279 καὶ
3224 1226 3354 1296 περ)⁸
3399 1223 3616 1287 ἐαυτοῦ,
3665 1225 3748 1279 δτι

2163 1307 2282 1373 οὓς
2311 1307 2469 1362 θέλει
2504 1307 2797 1369 ζωοποιεῖ⁸
2829 1307 2970 1361 οῦτω
2991 1309 3082 1362 καὶ
3115 1307 3244 1378 περὶ
3276 1307 3370 1360 τοῦ
3399 1306 3744 1375 Πνεύματος,

2159 1389 2395 1460 ἀλλαχοῦ
2435 1391 2534 1460 μὲν
2561 1393 2642 1444 ὅτι
2685 1395 2802 1461 μετ’
2836 1390 3083 1456 ἐξουσίας
3123 1391 3304 1444 πάντα
3344 1392 3508 1452 ποιεῖ,
3560 1390 3656 1442 καὶ
3686 1389 3748 1442 16

2160 1473 2368 1528 κωλύον
2399 1475 2551 1528 οὐδέν
2591 1475 2672 1542 (16
2695 1474 2824 1547 γὰρ,
2860 1476 3045 1528 Ὅπου
3075 1474 3235 1528 θέλει
3260 1473 3418 1537 πνεῖ,
3446 1475 3494 1526 εἰ
3521 1473 3616 1526 καὶ
3645 1489 3746 1525 πε-

2163 1557 2218 1627 ρί
2237 1557 2330 1610 τοῦ
2344 1557 2544 1628 ἀνέμου
2571 1559 2808 1628 εἴρηται,
2829 1558 3022 1611 τούτου
3047 1558 3162 1610 ἐστὶ
3182 1556 3714 1625 κατασκευαστικὸν)
3730 1573 3744 1586 ·

2159 1640 2394 1694 ἐνταῦθα
2421 1641 2497 1704 δὲ,
2526 1642 2607 1694 ὅτι
2633 1641 2832 1696 Πάντα
2862 1640 3012 1715 [265]
3042 1641 3277 1710 ἐνεργεῖ
3303 1641 3499 1706 καθὼς
3519 1640 3749 1704 ,βούλε-

2158 1740 2274 1777 ται.
2327 1725 2436 1777 Καὶ
2481 1724 2748 1794 ἑτέρωθεν
2790 1725 2847 1780 δέ
2893 1727 2974 1780 ὅτι
3017 1726 3139 1795 οὐχὶ
3191 1724 3296 1778 τῶν
3329 1723 3747 1796 ἐνεργουμένων

2157 1807 2327 1873 ἐστὶν,
2389 1807 2524 1862 ἀλλά
2571 1808 2678 1861 τῶν
2724 1811 3109 1880 ἐνεργούντων,
3177 1806 3436 1878 μάνθανε.
3492 1808 3587 1871 Τίς
3634 1808 3747 1875 γὰρ

2157 1885 2303 1953 οἶδε,
2354 1892 2509 1961 φησὶ,
2554 1891 2626 1944 τὰ
2659 1891 2768 1946 τοῦ
2797 1891 3140 1961 ἀνθρώπου,
3188 1892 3240 1944 εί
3285 1889 3366 1956 μὴ
3399 1889 3466 1942 τὸ
3505 1887 3746 1956 πνεῦμα

2157 1973 2265 2026 τοῦ
2290 1973 2641 2042 ἀνθρώπου;
2669 1976 2834 2030 Οὕτω
2867 1975 2965 2029 καί
2998 1975 3069 2029 τὰ
3106 1975 3212 2028 τοῦ
3241 1972 3389 2026 Θεοῦ
3421 1970 3623 2036 οὐδεὶς
3651 1966 3745 2024 οἵ·

2156 2053 2284 2123 68?,
2312 2059 2364 2110 εί
2387 2057 2473 2127 μὴ
2495 2059 2562 2110 τὸ
2587 2059 2833 2128 Πνεῦμα
2865 2057 2970 2113 τοῦ
2999 2057 3168 2111 Θεοῦ.
3199 2057 3324 2108 Ὀτι
3349 2055 3405 2108 δὲ
3435 2054 3495 2107 16
3519 2053 3745 2124 πνεῦμα

2155 2138 2251 2192 τοῦ
2295 2141 2612 2214 ἀνθρώπου,
2645 2143 2943 2208 τουτέστιν,
2987 2143 3019 2210 ὴ
3053 2141 3222 2211 ψυχὴ,
3261 2141 3323 2192 οὐ
3364 2139 3538 2192 δεῖται
3574 2139 3742 2207 ,ἐνερ-

2156 2225 2330 2293 γείας,
2367 2226 2455 2280 ῖνα
2482 2228 2596 2299 εἰδῇ
2624 2226 2692 2282 τά
2722 2227 2944 2298 ἑαυτῆς,
2983 2224 3143 2280 παντί
3173 2241 3275 2277 που
3305 2222 3467 2291 δῆλον
3491 2238 3506 2252 ο
3541 2220 3742 2274 οὐκοῦν

2155 2315 2276 2368 οὐδὲ
2298 2314 2358 2368 16
2379 2315 2601 2386 Πνεῦμα
2623 2317 2684 2370 16
2715 2316 2891 2386 ἅγιον,
2924 2317 3010 2368 ἵνα
3038 2315 3150 2384 είδῇ
3179 2313 3246 2367 τά
3276 2311 3371 2367 τοῦ
3387 2309 3554 2391 Θεοῦ.
3580 2309 3742 2364 Οὕτω

2155 2397 2265 2468 γάρ
2300 2414 2468 2468 φησι⁸
2505 2399 2585 2454 Τὰ
2612 2400 2705 2454 τοῦ
2744 2399 2880 2454 Θεοῦ
2911 2395 3048 2452 οῐδεν
3091 2396 3380 2470 ἀπόρρητα
3423 2393 3485 2446 16
3514 2393 3741 2463 Πνεῦμα

2152 2480 2215 2534 16
2244 2479 2419 2550 άγιον,
2449 2480 2525 2546 ὼς
2557 2483 2590 2553 ἡ
2628 2483 2776 2555 ψυχὴ
2807 2481 2901 2536 τοῦ
2943 2480 3232 2553 ἀνθρώπου
3261 2478 3331 2533 τά
3359 2477 3650 2548 ἀπόρρητα
3671 2476 3741 2530 τὰ

2155 2565 2377 2635 ἑαυτῆς.
2408 2565 2471 2618 Et
2496 2565 2552 2619 δὲ
2582 2567 2662 2630 είς
2697 2566 2856 2620 τοῦτο
2885 2567 2987 2620 οὐκ
3023 2565 3348 2634 ἐνεργεῖται,
3387 2561 3567 2630 πολλῷ
3603 2559 3740 2630 μᾶλα

2153 2647 2242 2702 λον
2267 2647 2328 2700 16
2356 2649 2721 2720 ἐπιστάμενον
2745 2648 2840 2702 τοῦ
2881 2648 3015 2702 Θεοῦ
3047 2648 3115 2701 τὰ
3147 2647 3308 2716 βάθη,
3349 2646 3444 2699 καὶ
3467 2645 3566 2697 οὐκ
3592 2645 3738 2714 ἐνερ-

2152 2731 2422 2801 γούμενον
2464 2735 2542 2795 εἰς
2571 2732 2632 2785 τὸ
2668 2731 2852 2785 δοῦναι
2891 2732 3207 2803 χαρίσματα
3252 2731 3362 2792 τοῖς
3394 2726 3734 2790 ἀποστόλοις,

2153 2818 2434 2889 ἐνεργείας
2463 2819 2564 2872 οὐκ
2601 2818 2668 2872 ἂν
2703 2820 2918 2890 ἐδεήθη.
2955 2819 3139 2887 Χωρὶς
3167 2816 3222 2869 δὲ
3253 2814 3458 2869 τούτων
3489 2814 3732 2875 κάκεῖνο,

2153 2900 2290 2972 ὅπερ
2318 2900 2628 2972 ἔμπροσθεν
2656 2897 2829 2966 εἶπον,
2861 2901 2970 2972 ἐρῶ
2996 2902 3087 2953 καὶ
3115 2899 3232 2953 νῦν.
3265 2900 3420 2952 Ποῖον
3442 2898 3506 2968 δὴ
3541 2895 3734 2960 τοῦτο;

2154 2982 2276 3035 Ὅτι
2307 2985 2354 3035 εἰ
2386 2983 2605 3036 ἔλαττον
2637 2985 2698 3036 16
2731 2983 2954 3053 Πνεῦμα
2989 2983 3082 3036 καὶ
3111 2982 3305 3053 ἐτέρας
3344 2981 3552 3044 οὐσίας,
3578 2979 3737 3034 οὐδὲν

2153 3067 2218 3120 ἂν
2257 3066 2466 3138 ὤνησεν
2503 3069 2536 3137 ή
2572 3066 2919 3139 παραμυθία,
2960 3066 3080 3120 οὐδὲ
3119 3066 3180 3120 16
3222 3065 3455 3120 ἀκοῦσαι
3494 3065 3556 3117 16
3600 3062 3737 3117 αὐτὸ

2154 3151 2399 3220 Πνεῦμα.
2447 3151 2505 3205 '0
2535 3151 2633 3222 μὲν
2660 3151 2768 3223 γάρ
2800 3152 2950 3223 παρὰ
2979 3151 3073 3205 τοῦ
3118 3149 3384 3220 βασιλέως
3431 3147 3612 3202 λαϐὼν
3641 3165 3739 3219 με-

2151 3233 2346 3305 γίστην
2370 3233 2437 3288 ἂν
2461 3234 2667 3306 ταύτην
2694 3235 2846 3306 σχοίη
2877 3235 3256 3306 παραμυθίαν,
3287 3236 3370 3287 δτι
3397 3234 3564 3295 αὐτὸς
3583 3232 3738 3304 αὐτῷ

2152 3316 2353 3372 ἔδωκεν
2381 3333 2396 3348 ·
2423 3319 2452 3371 6
2491 3318 2549 3371 δὲ
2587 3317 2739 3388 παρὰ
2780 3317 2873 3371 τοῦ
2905 3317 3116 3383 δούλου,
3165 3319 3286 3371 τότε
3326 3317 3527 3387 μᾶλλον
3555 3317 3734 3384 ἀλγεῖ,

2151 3400 2280 3452 ὅταν
2322 3399 2480 3454 τοῦτό
2521 3419 2607 3464 τις
2647 3401 2796 3472 αὐτῷ
2838 3403 3180 3474 προσενέγκῃ
3203 3417 3216 3432 ·
3264 3401 3404 3455 ὥστε
3439 3400 3736 3455 κάντεῦθεν

2149 3481 2330 3552 δῆλον,
2349 3483 2428 3537 ὃτι
2457 3483 2517 3536 οὐ
2543 3484 2642 3554 τῆς
2661 3484 2932 3556 δουλικῆς,
2958 3485 3092 3540 ἀλλά
3113 3485 3214 3556 τῆς
3234 3484 3522 3556 βασιλικῆς
3546 3484 3738 3548 οὐσίας

2149 3567 2212 3619 16
2239 3567 2464 3638 Πνεῦμα
2491 3566 2552 3620 16
2578 3567 2751 3637 ἅγιον.
2785 3569 2983 3640 Διόπερ
3015 3569 3268 3641 καθάπερ
3302 3567 3736 3640 παρεμυθήσατο

2150 3650 2348 3714 αὐτοὺς
2400 3649 2591 3712 είπὼν,
2636 3653 2717 3704 ὃτι
2755 3652 3084 3721 Διαιρέσεις
3121 3653 3440 3708 διακονιῶν
3470 3655 3651 3715 εἰσιν,
3700 3653 3736 3704 δ

2150 3732 2219 3786 δὲ
2244 3733 2426 3801 αὐτὸς
2473 3737 2720 3803 Κύριοςο
2751 3736 2847 3790 καί
2879 3736 3201 3804 διαιρέσεις
3228 3735 3663 3805 ἐνεργημάτων,
3701 3737 3736 3788 ὀ

2151 3815 2220 3869 δὲ
2251 3817 2434 3884 αὐτὸς
2461 3819 2606 3885 Θεός
2625 3836 2637 3849 ⁸
2681 3817 2826 3872 οὕτω
2855 3821 2951 3873 καὶ
2995 3819 3256 3890 ἀνωτέρω
3286 3819 3472 3879 εἰπὼν,
3509 3818 3736 3887 Διαιρέ-

2151 3914 2284 3966 σεις
2320 3901 2705 3970 χαρισμάτων
2745 3902 2884 3966 είσί,
2929 3903 2996 3955 τὸ
3031 3901 3100 3954 δέ
3143 3901 3290 3957 αὐτὸ
3323 3902 3561 3971 Πνεῦμα
3587 3917 3600 3932 ·
3637 3901 3733 3953 καὶ

2155 3983 2296 4055 μετὰ
2315 3983 2490 4037 ταῦτα
2524 3984 2685 4037 πάλιν
2711 3982 2900 4049 εἰπὼν,
2939 3983 3140 4038 Πάντα
3171 3983 3240 4038 δὲ
3272 3985 3456 4039 ταῦτα
3503 3981 3738 4053 ἐνεργεῖ

2149 4066 2220 4120 ἓν
2257 4066 2355 4120 καὶ
2406 4067 2470 4119 τὸ
2512 4066 2657 4120 αὑτύ
2720 4066 2980 4135 Πνεῦμα,
3029 4066 3302 4136 διαιροῦν
3336 4067 3456 4136 ίδίᾳ
3493 4067 3734 4132 ἑκάστῳ

2150 4152 2344 4216 καθὼς
2353 4151 2661 4215 βούλεται.
2679 4151 2768 4220 Μὴ
2800 4149 2974 4202 τοίνυν
2987 4149 3264 4221 ἀλύωμεν,
3283 4152 3439 4220 φησὶ,
3471 4151 3606 4222 μηδέ
3629 4149 3728 4204 ἀλο

2149 4233 2338 4303 γῶμεν
2365 4233 2636 4300 λέγοντες,
2665 4233 2764 4285 Διά
2794 4233 2846 4284 τί
2883 4233 2944 4286 16
2968 4233 3157 4287 ἔλαϐον
3177 4235 3272 4287 καὶ
3295 4235 3355 4288 16
3376 4236 3477 4288 οὐκ
3505 4234 3724 4297 ἐλαϐον;

2153 4319 2289 4390 μηδὲ
2324 4317 2555 4381 εὐθύνας
2585 4317 2906 4387 ἀπαιτῶμεν
2953 4317 3015 4371 16
3058 4318 3286 4388 Πνεῦμα
3329 4319 3393 4373 16
3434 4319 3612 4388 ἇγιον.
3665 4318 3728 4371 Ei

2148 4402 2257 4474 γάρ
2289 4395 2435 4466 οἶδας
2474 4403 2556 4455 ὅτι
2595 4401 2702 4454 ἀπὸ
2739 4401 3067 4472 κηδεμονίας
3105 4403 3422 4475 ἐχαρίσατο,
3466 4404 3726 4473 ἐννοήσας

2148 4485 2231 4538 ὅτι
2251 4483 2358 4537 ἀπὸ
2393 4483 2493 4552 τῆς
2519 4484 2689 4554 αὐτῆς
2729 4485 3056 4555 κηδεμονίας
3086 4486 3180 4539 καὶ
3209 4486 3268 4539 16
3296 4486 3494 4556 μέτρον
3530 4484 3722 4548 ἔδωκε,

2151 4567 2464 4642 στέργεκαὶ
2491 4569 2646 4638 χαῖρε
2672 4569 2812 4638 ὑπὲρ
2833 4563 2907 4622 ὦν
2934 4568 3154 4633 ἔλαϐες·
3179 4571 3274 4623 καὶ
3304 4569 3380 4642 μὴ
3403 4569 3726 4641 δυσχέραινε

2149 4643 2384 4721 ὐπέρῶν
2408 4651 2509 4703 οὐκ
2544 4650 2794 4722 εἴληφας,
2826 4652 2960 4706 ἀλλὰ
2998 4653 3092 4707 καὶ
3136 4653 3386 4722 ὁμολόγει
3419 4653 3600 4724 χάριν,
3642 4654 3726 4708 ὅτι

2150 4734 2225 4805 μὴ
2259 4732 2483 4804 μείζονα
2507 4734 2701 4798 ἔλαϐες
2738 4734 2837 4804 τῆς
2869 4735 3151 4806 δυνάμεως
3177 4737 3274 4806 τῆς
3315 4738 3435 4806 σῆς.

2215 4815 2277 4870 ε’.
2297 4817 2360 4870 El
2371 4817 2426 4870 δέ
2439 4820 2495 4872 ἐν
2520 4822 2632 4882 τοῖς
2645 4821 3032 4888 πνευματικοῖς
3043 4819 3103 4871 οὐ
3117 4821 3221 4891 χρὴ
3239 4819 3722 4889 περιεργάζεσθαι,

2145 4899 2327 4971 πολλῷ
2354 4901 2552 4971 μᾶλλον
2585 4904 2642 4955 ἐν
2663 4905 2774 4965 τοῖς
2800 4905 3102 4971 σαρκικοῖς,
3129 4903 3246 4955 ἀλλ’
3278 4903 3598 4972 ἡσυχάζειν,
3627 4903 3726 4955 καὶ

2148 4984 2223 5057 μὴ
2249 4985 2780 5057 πολυπραγμονεῖνο,
2815 4985 2901 5037 διὰ
2931 4985 2982 5036 τί
3005 4987 3032 5038 ό
3057 4985 3203 5040 δεῖνα
3232 4985 3505 5049 πλούσιος,
3528 4989 3556 5039 6
3575 4986 3725 5039 δεῖνα

2142 5060 2200 5122 δέ
2230 5070 2418 5140 πένης.
2467 5070 2719 5124 Μάλιστα
2759 5071 2857 5139 μὲν
2887 5069 2996 5138 γὰρ
3032 5071 3130 5140 οὐχ
3179 5070 3412 5134 ἕκαστος
3444 5070 3552 5123 ἀπὸ
3582 5067 3720 5123 Θεοῦ

2145 5153 2384 5218 πλουτεῖ,
2412 5153 2544 5206 ἀλλά
2580 5153 2762 5206 πολλοὶ
2786 5154 2880 5206 καὶ
2903 5153 2962 5217 ἐξ
2979 5153 3193 5217 ἀδικίας
3216 5155 3310 5208 καὶ
3336 5155 3594 5225 ἁρπαγῆς
3627 5154 3722 5207 καὶ

2144 5235 2475 5299 πλεονεξίας.
2533 5236 2592 5288 '0
2633 5236 2742 5304 γὰρ
2771 5234 3036 5300 κελεύσας
3065 5236 3140 5308 μὴ
3176 5235 3446 5302 πλουτεῖν,
3493 5236 3610 5299 πῶς
3652 5235 3721 5290 ἂν

2143 5320 2341 5374 ἔδωκεν
2369 5321 2506 5390 ὅπερ
2535 5319 2776 5372 ἐκώλυσε
2806 5319 2882 5390 μὴ
2906 5319 3124 5386 λαϐεῖνς
3163 5321 3280 5375 Ἱνα
3300 5320 3358 5374 δὲ
3380 5322 3444 5374 ἐκ
3474 5320 3723 5384 πλείονος

2142 5402 2479 5472 ἐπιστομίσω
2510 5402 2610 5471 τῆς
2641 5403 2953 5472 περιουσίας
2993 5405 3120 5466 τούς
3157 5405 3298 5475 ὑπὲρ
3330 5403 3539 5458 τούτων
3571 5405 3723 5457 ἀντι-

2204 5657 2232 5694 ι›
2261 5652 2542 5716 Legebalur,
2567 5655 2788 5707 οὐδέπου.
2859 5667 2881 5697 ο
2909 5657 3057 5723 Βεεη
3087 5659 3169 5732 καὶ
3193 5659 3256 5721 μὴ
3284 5657 3718 5722 πολυπραγμονεῖν,

2147 5736 2298 5798 Εάὶιί,
2319 5737 2398 5786 καὶ
2424 5737 2488 5799 μὴ
2507 5737 2680 5790 ἀλύειν.
