4094 6222
386 253 497 310 ﬁs

386 369 456 423 Et
479 368 726 437 superius
748 368 964 439 quidem
988 368 1266 441 Spiritum,
1294 370 1482 425 Filium
1510 382 1563 426 et
1593 372 1800 425 Patrem
1827 366 1967 426 anna

380 460 597 530 elargiri
626 461 864 516 ostendit
892 479 907 516 :
937 460 1024 517 hic
1059 478 1189 523 vero,
1213 461 1467 532 Spiritum
1495 461 1692 517 dixisse
1716 462 1848 517 satis
1874 463 1967 521 hao

378 550 499 606 huit
519 594 534 618 ,
568 561 627 607 ut
657 551 782 607 hinc
809 554 971 610 etiam
998 553 1172 609 discas
1198 553 1442 610 eamdem
1471 569 1593 611 esse
1630 554 1963 624 dignitatem.

376 645 520 711 Quid
543 654 628 700 est
650 656 831 702 autem
858 646 1041 703 Sermo
1063 648 1362 720 sapientiae?
1387 648 1558 717 Quem
1582 649 1807 702 habebat
1831 649 1966 704 Pau-

374 737 486 797 lus,
509 753 668 807 quem
696 739 924 795 habebat
941 739 1170 795 Joannes
1192 740 1330 796 illius
1350 742 1589 794 tonitrui.
1620 740 1757 806 Quid
1778 740 1958 796 Sermo

374 830 640 885 scientiis?
664 831 833 900 Quem
878 833 1110 887 ﬁdelium
1151 834 1303 889 multi
1344 834 1652 898 habebunt,
1680 833 1956 888 scientiam

374 924 599 991 quidem
627 924 906 993 habentes,
935 926 1131 983 docere
1158 936 1332 982 autem
1364 942 1470 982 non
1500 928 1759 988 valentes,
1790 941 1962 995 neque

374 1015 538 1069 facile
556 1030 619 1070 ea
644 1031 764 1086 quae
790 1017 1028 1073 sciebant
1051 1018 1171 1074 aliis
1193 1021 1491 1074 enuntiare.
1517 1019 1618 1072 Alii
1643 1035 1752 1072 vero
1773 1019 1958 1087 Iidem;

373 1103 537 1160 iidem
571 1121 677 1160 non
722 1106 863 1163 hanc
898 1108 1116 1176 dicens,
1147 1124 1265 1178 qua:
1295 1109 1543 1181 dogmata
1581 1118 1823 1178 spectat,
1862 1108 1958 1164 sed

370 1196 537 1253 ﬁdem
563 1198 837 1269 signorum
858 1241 874 1266 ,
901 1200 968 1256 de
993 1216 1095 1271 qua
1122 1202 1367 1256 Christus
1394 1202 1522 1256 dicit
1551 1224 1563 1257 :
1597 1202 1658 1257 Si
1684 1202 1956 1256 habueritis

365 1291 528 1358 [idem
568 1303 621 1345 ut
659 1309 877 1363 granum
914 1295 1106 1363 sinapis
1131 1336 1144 1357 ,
1185 1294 1357 1349 dicetis
1395 1294 1509 1347 huic
1548 1298 1702 1347 monti
1722 1336 1736 1359 ,
1773 1291 1957 1347 Transi

364 1383 492 1436 hinc
515 1425 531 1450 ,
560 1394 606 1438 et
631 1385 864 1439 transibit
903 1385 922 1457 (
950 1385 1136 1440 Matth.
1166 1387 1253 1441 17.
1285 1385 1351 1444 19
1378 1385 1416 1456 ).
1450 1387 1514 1440 Et
1542 1385 1678 1440 hanc
1706 1385 1956 1454 petebant

365 1476 599 1546 apostoli
642 1474 927 1532 dicentes:
958 1476 1104 1531 Adde
1150 1475 1291 1531 nobis
1333 1476 1485 1545 [idem
1516 1475 1534 1545 (
1556 1475 1682 1529 Luc.
1721 1476 1806 1530 17.
1850 1475 1948 1543 5).

362 1566 498 1621 Haec
542 1568 683 1622 enim
728 1577 902 1624 mater
943 1569 1215 1638 signorum
1255 1578 1356 1624 est.
1397 1568 1746 1637 Operationes
1775 1577 1949 1623 antem

362 1660 621 1713 virtutum
654 1659 852 1714 habere
876 1701 891 1723 ,
922 1669 978 1714 et
1007 1661 1232 1730 gratiam
1260 1660 1595 1714 curationum
1625 1700 1641 1724 ,
1673 1673 1779 1712 non
1810 1657 1949 1712 idem

362 1749 542 1820 ipsum
586 1762 691 1806 est.
738 1751 868 1806 Nam
908 1751 998 1820 qui
1041 1751 1265 1822 gratiam
1305 1755 1636 1806 curationum
1682 1749 1946 1814 habebat,

361 1842 683 1896 medebatur
727 1850 971 1906 tantum;
1018 1841 1105 1910 qui
1149 1856 1278 1895 vero
1317 1841 1655 1910 operationes
1697 1840 1947 1893 virtutum

363 1934 676 2005 possidebat
699 1976 712 1996 ,
741 1934 901 1989 etiam
932 1934 1241 2005 castigabat.
1284 1934 1526 1989 Potestas
1561 1935 1702 1989 enim
1733 1944 1815 1988 est
1841 1950 1945 1988 non

360 2025 589 2079 sanandi
618 2023 809 2089 modo,
843 2025 936 2079 sed
965 2025 1121 2080 etiam
1149 2026 1436 2096 puniendi;
1467 2035 1523 2080 ut
1550 2025 1741 2080 Paulus
1771 2040 1945 2080 excas-

356 2119 503 2173 carit
526 2160 543 2183 ,
576 2118 869 2188 Petrusque
898 2118 1179 2174 interfecit.
1227 2120 1327 2173 Alii
1364 2135 1478 2174 vero
1515 2119 1789 2190 prophetia:
1813 2160 1826 2184 ,
1856 2120 1945 2173 alii

357 2212 686 2265 diseretiones
711 2212 1003 2280 spirituum.
1037 2211 1170 2279 Quid
1199 2213 1300 2267 sibi
1330 2212 1442 2267 vult
1469 2212 1594 2267 illud
1619 2253 1634 2279 ,
1668 2212 1943 2266 Discretio-

356 2317 451 2355 nes
488 2301 799 2367 spirituum?
843 2298 994 2357 Scire
1022 2301 1139 2371 quis
1187 2302 1257 2356 sit
1303 2303 1628 2373 Spiritualis,
1671 2304 1792 2373 quis
1834 2317 1938 2357 non

353 2394 682 2461 Spiritualis;
726 2395 844 2463 quis
889 2394 1144 2465 prOpheta
1172 2437 1186 2462 ,
1228 2396 1349 2466 quis
1384 2396 1678 2466 deceptor:
1708 2396 1759 2452 id
1798 2396 1937 2467 quod

352 2485 928 2541 Thessalonicensibus
968 2486 1177 2542 dicebat
1205 2504 1219 2541 :
1249 2486 1553 2555 Prophetias
1587 2489 1740 2545 nolite
1776 2490 1938 2560 negli-

350 2594 470 2649 gere
495 2593 515 2631 :
541 2580 714 2631 omnia
740 2588 905 2632 autem
933 2578 1199 2643 probantes
1221 2621 1234 2642 .
1263 2580 1399 2648 quod
1430 2580 1614 2634 bonum
1638 2590 1746 2646 est,
1780 2592 1939 2637 tenete

349 2671 371 2740 (
393 2673 443 2726 1.
476 2670 653 2726 Thess.
683 2671 736 2726 5.
766 2670 856 2726 20.
883 2671 1004 2742 21).
1033 2671 1167 2727 Nam
1206 2673 1371 2729 multa
1404 2680 1529 2729 tunc
1555 2683 1672 2728 erat
1706 2674 1937 2743 pseudo-

347 2762 738 2833 prophetarum
795 2764 1105 2834 corruptio,
1167 2764 1383 2820 diabolo
1429 2766 1788 2823 contendente
1839 2783 1936 2837 pro

345 2857 578 2911 veritate
618 2855 944 2911 substituere
988 2856 1346 2913 mendacium.
1395 2858 1501 2914 Alii
1541 2868 1709 2914 autent
1753 2877 1935 2932 genera

345 2949 641 3020 linguarum
662 2989 679 3015 ,
709 2949 801 3002 alii
825 2949 1169 3017 interpretatio
1191 2966 1498 3005 sermonum.
1530 2951 1660 3006 Nam
1692 2952 1783 3008 ille
1810 2953 1933 3022 qui-

344 3040 471 3097 dem
510 3041 716 3096 sciebat
740 3039 883 3110 quod
914 3042 1027 3111 ipse
1055 3040 1296 3107 diceret,
1327 3043 1479 3098 alteri
1509 3058 1639 3098 vero
1669 3043 1719 3098 id
1766 3045 1932 3099 inter-

343 3135 548 3205 pretari
576 3150 682 3189 non
710 3142 949 3205 poterat:
970 3134 1106 3190 alius
1131 3151 1260 3191 vero
1286 3135 1400 3192 hate
1421 3137 1578 3191 ambo
1605 3138 1927 3207 possidebat,

343 3229 428 3284 vel
456 3228 799 3283 alterutrum.

413 3323 471 3377 4.
514 3320 805 3376 Videbatur
842 3329 1020 3377 autem
1064 3321 1168 3378 hoc
1215 3321 1415 3378 donum
1460 3338 1581 3379 esse
1625 3339 1874 3394 magnum
1901 3368 1918 3393 ,

341 3415 597 3484 quoniam
628 3412 804 3484 ipsum
837 3415 1065 3484 primum
1090 3416 1319 3487 apostoli
1344 3428 1683 3486 acceperunt,
1705 3428 1760 3474 et
1787 3421 1927 3486 apud

342 3507 654 3563 Corinthios
680 3508 895 3577 plurimi
926 3507 1029 3564 hoc
1055 3523 1277 3564 munere
1307 3510 1550 3566 instructi
1578 3521 1770 3566 erant:
1794 3512 1927 3569 doe-

342 3600 496 3654 trina:
520 3608 700 3655 autem
728 3599 953 3655 verbum
998 3614 1106 3655 non
1137 3600 1229 3655 ita.
1264 3600 1391 3656 ldeo
1419 3601 1544 3657 illud
1574 3602 1787 3672 quidem
1816 3604 1924 3674 pri-

340 3706 485 3745 mum
505 3691 654 3761 ponit
677 3733 693 3759 ,
725 3690 829 3746 hoc
844 3706 973 3747 vero
992 3701 1342 3761 postremum.
1364 3691 1495 3747 Nam
1515 3703 1567 3747 et
1585 3694 1688 3748 hoe
1709 3704 1926 3764 propter

338 3782 469 3838 illud
494 3792 612 3848 est,
649 3797 870 3838 necnon
893 3782 997 3836 alia
1021 3783 1221 3848 omnia,
1246 3783 1560 3853 prophetiae,
1588 3785 1924 3853 operationes

337 3874 621 3937 virtutum,
652 3889 849 3944 genera
887 3873 1209 3944 linguarum,
1239 3883 1295 3930 et
1323 3864 1687 3945 interpretatio
1717 3877 1922 3947 lingua-

334 3978 462 4019 rum
495 3981 512 4017 :
544 3964 670 4020 nihil
697 3967 839 4019 enim
869 3965 993 4020 huic
1018 3980 1116 4036 par
1145 3972 1266 4029 est;
1295 3965 1521 4036 ideoque
1541 3966 1751 4022 dicebat
1778 3984 1794 4023 :
1823 3968 1924 4033 Qui

334 4056 470 4110 bene
514 4067 733 4124 praesunt
777 4057 1096 4129 presbyteri,
1124 4058 1317 4129 duplici
1365 4059 1556 4113 honore
1599 4060 1738 4131 digni
1765 4072 1918 4128 sunt,

333 4149 571 4202 maxime
602 4150 686 4220 qui
723 4150 949 4204 laborant
978 4153 1033 4204 in
1060 4150 1207 4205 verbo
1234 4160 1282 4205 et
1318 4151 1550 4205 doctrina
1590 4152 1674 4221 (1.
1699 4153 1835 4208 Tim.
1863 4156 1916 4211 5.

332 4240 456 4310 17).
493 4239 560 4294 Et
585 4239 859 4296 Timotheo
901 4242 1117 4310 scripsit
1159 4242 1381 4305 dicens,
1428 4242 1642 4298 Attende
1684 4244 1916 4311 lectioni,

330 4332 680 4386 exhortationi
702 4373 717 4396 ,
743 4333 989 4387 doctrina:
1015 4350 1033 4386 :
1062 4334 1167 4386 noli
1196 4334 1446 4404 negligere
1474 4336 1691 4405 gratiam
1727 4353 1840 4407 quae
1866 4338 1919 4391 in

332 4433 388 4478 te
415 4433 488 4477 est
521 4424 594 4493 (1.
638 4424 774 4478 Tim.
802 4427 855 4480 4.
885 4426 974 4480 15.
1003 4425 1112 4495 14).
1148 4423 1337 4479 Viden'
1370 4427 1638 4496 quomodo
1666 4429 1766 4483 hoc
1794 4444 1918 4499 gra-

331 4516 464 4570 tiam
493 4516 690 4570 vocet?
715 4515 921 4571 Deinde
963 4532 1121 4587 quam
1165 4516 1414 4586 superius
1457 4521 1634 4586 posuit
1676 4520 1918 4575 consola-

330 4607 537 4661 tionem
564 4606 771 4674 dicens,
804 4606 951 4661 Idem
981 4608 1209 4673 Spiritus
1232 4649 1247 4671 ,
1287 4608 1424 4662 hanc
1460 4616 1516 4662 et
1566 4609 1652 4663 hic
1689 4610 1870 4674 adjicit
1896 4653 1912 4677 ,

330 4698 521 4753 dicens
552 4714 567 4751 :
601 4697 729 4752 Ηωσ
768 4708 936 4752 autem
975 4698 1148 4752 omnia
1184 4706 1423 4767 operatur
1449 4714 1581 4752 unus
1609 4710 1757 4772 atque
1780 4701 1913 4757 idem

333 4788 585 4857 Spiritus,
614 4789 840 4844 dividens
863 4790 1075 4860 singulis
1099 4798 1248 4861 prout
1274 4788 1400 4844 uult.

406 4880 596 4938 Contra
626 4882 1143 4939 Pneumatomachos.
1168 4884 1367 4939 —Non
1394 4883 1556 4939 modo
1581 4894 1756 4939 autem
1780 4900 1910 4940 con-

330 4977 557 5045 solatur,
606 4977 884 5034 sedetiam
922 4994 986 5034 os
1011 4978 1239 5034 obstruit
1280 4977 1663 5032 contradicenli
1708 4977 1794 5033 hic
1835 4980 1916 5034 di-

328 5084 505 5127 cens:
534 5069 775 5125 Dividam
799 5071 1012 5142 singulis
1042 5082 1193 5142 prout
1225 5072 1350 5125 vult.
1393 5070 1619 5141 Oportet
1648 5072 1789 5127 enim
1819 5072 1913 5128 ad-

327 5163 614 5235 stringere,
648 5178 749 5219 nec
776 5164 947 5219 solum
976 5164 1176 5220 mederi
1205 5182 1219 5231 ;
1251 5165 1389 5219 sicut
1416 5174 1473 5219 et
1497 5165 1549 5219 in
1577 5165 1812 5235 Epistola
1843 5167 1911 5222 ad

328 5254 607 5311 Romanos
632 5254 780 5319 facit,
807 5271 929 5311 eum
953 5256 1080 5311 dicit
1104 5272 1119 5310 :
1149 5254 1229 5309 Tu
1253 5257 1365 5327 quis
1391 5272 1460 5321 es,
1490 5258 1576 5327 qui
1604 5259 1912 5328 respondeas

329 5345 444 5402 Deo
470 5346 647 5417 (Rom.
674 5348 728 5404 9.
759 5347 852 5416 20)
877 5347 899 5399 ?
931 5348 1002 5401 Ita
1030 5348 1188 5402 etiam
1235 5348 1322 5401 hic
1348 5389 1365 5415 ,
1406 5347 1651 5403 Dividens
1694 5347 1911 5420 singulis

328 5452 483 5514 prout
504 5442 628 5497 vult.
661 5442 729 5496 Et
756 5441 895 5512 quod
932 5441 1105 5496 Patris
1138 5450 1256 5495 erat
1284 5482 1299 5506 ,
1332 5441 1493 5496 etiam
1536 5440 1768 5511 Spiritus
1790 5456 1912 5499 esse

328 5534 584 5589 Ostendit.
618 5533 768 5589 Sicut
811 5534 953 5587 enim
981 5533 1050 5587 de
1090 5533 1181 5586 illo
1204 5533 1277 5586 ait
1305 5549 1319 5587 :
1346 5530 1495 5586 Idem
1516 5540 1685 5586 autem
1711 5530 1853 5588 Deus
1890 5573 1907 5600 ,

324 5628 415 5694 qui
440 5636 681 5700 operatur
723 5625 891 5680 omnia
934 5625 987 5678 in
1030 5624 1260 5678 erunibus
1286 5639 1306 5689 ;
1332 5624 1410 5679 sic
1447 5631 1501 5679 et
1541 5622 1612 5678 de
1658 5624 1859 5694 Spiritu
1892 5642 1907 5679 :

334 5715 459 5773 Hec
483 5734 639 5791 porro
666 5716 837 5770 omnia
860 5724 1099 5785 operatur
1124 5730 1253 5767 unus
1279 5722 1326 5767 et
1352 5713 1482 5768 idem
1520 5712 1762 5783 Spiritus.
1797 5712 1903 5770 Sed

568 5829 575 5841 '
656 5816 924 5877 Psrnos.
972 5814 1085 5874 Gn.
1139 5811 1292 5877 LXI.

1384 251 1448 305 IN
1489 251 1698 308 EPIST.
1748 253 1768 308 1
1828 253 1919 308 AD
1954 254 2116 310 (1011.
2160 256 2389 314 1103111..
2435 260 2624 318 XXIX.

3548 284 3658 339 καὶ

2083 383 2281 442 motus,
2309 374 2514 447 inquies
2540 421 2554 445 ,
2582 395 2613 434 a
2642 381 2770 436 Deo.
2806 384 2998 440 Verum
3028 386 3130 442 hoc
3171 406 3429 463 nusquam
3479 397 3653 469 dixit,

2076 464 2172 523 sed
2205 477 2259 523 ttt
2285 468 2415 524 illud
2445 469 2675 543 effingis.
2697 475 2923 541 Quando
2946 480 3089 534 enim
3115 482 3263 547 dicit,
3294 486 3395 553 Qui
3421 464 3657 558 aperatur

2072 560 2244 614 omnia
2267 561 2321 616 in
2345 564 2597 631 omnibus,
2627 565 2694 621 de
2716 567 3022 625 hominibus
3047 572 3150 628 hoc
3171 573 3338 632 dicit:
3366 594 3652 650 numquam

2070 671 2190 713 cum
2220 658 2527 717 hominibus
2565 663 2818 734 Spiritum
2846 680 3196 735 annutnerat,
3223 674 3431 729 etiamsi
3460 676 3657 733 millies

2067 759 2312 807 amcnter
2352 752 2589 823 loquaris
2616 763 2672 811 et
2714 756 2969 816 insanias.
2998 760 3133 828 Quia
3160 766 3301 818 enim
3329 766 3502 833 dixit,
3549 766 3655 825 Per

2070 841 2322 910 Spiritum
2346 860 2365 908 ;
2393 854 2450 899 ut
2479 863 2547 901 ne
2574 860 2728 916 putes
2756 850 2884 904 illud
2909 891 2923 917 ,
2960 870 3049 921 per
3072 893 3087 919 ,
3122 854 3507 913 imminutionis
3534 874 3654 916 esse

2068 948 2278 1002 vocem,
2307 953 2406 993 nec
2438 940 2583 994 illum
2618 944 2828 999 moveri
2854 945 2921 999 ad
2943 949 3332 1017 operationem,
3359 950 3653 1023 subiungit.

2071 1024 2290 1098 Operari
2319 1030 2608 1101 Spiritum,
2639 1052 2745 1090 non
2795 1037 2864 1091 ad
2909 1041 3275 1108 operationem
3323 1045 3525 1098 moveri
3549 1086 3567 1111 ,
3598 1054 3653 1103 et

2065 1121 2276 1188 operari
2347 1132 2403 1177 ut
2444 1124 2597 1191 vult,
2642 1141 2748 1182 non
2787 1140 2849 1183 ut
2893 1129 3127 1199 jubetur.
3186 1134 3645 1201 Quemadmodum

2064 1209 2207 1263 enim
2229 1212 2295 1268 tle
2318 1211 2475 1269 Patre
2496 1214 2665 1272 Filius
2681 1218 2833 1285 dicit,
2856 1218 3062 1276 Excitat
3083 1234 3306 1280 mortuos
3325 1235 3373 1280 et
3392 1228 3650 1297 uini/icat;

2063 1310 2119 1355 et
2136 1301 2384 1358 similiter
2404 1304 2471 1361 de
2492 1308 2691 1377 seipse,
2715 1312 2851 1375 Quos
2875 1313 2980 1366 vult
3000 1315 3216 1381 rivi/ient
3238 1314 3418 1387 (Joan.
3442 1319 3497 1373 5.
3512 1318 3607 1391 21)
3632 1338 3645 1374 :

2062 1391 2139 1445 sic
2167 1404 2222 1447 et
2254 1394 2322 1450 de
2350 1394 2548 1465 Spiritu
2575 1439 2589 1460 .
2635 1401 2758 1455 alibi
2791 1403 3001 1472 quidem
3030 1406 3173 1475 quod
3215 1422 3337 1463 cum
3383 1419 3648 1479 potestate

2060 1486 2238 1539 omnia
2267 1488 2427 1544 faciat
2449 1532 2463 1555 ,
2491 1502 2545 1546 et
2574 1493 2703 1547 nihil
2732 1496 2804 1549 sit
2829 1498 2969 1563 quod
2995 1499 3247 1568 impediat
3277 1501 3433 1572 (illud
3464 1505 3607 1557 enim
3627 1546 3642 1569 ,

2064 1575 2161 1630 Ubi
2189 1580 2292 1633 vult
2326 1584 2486 1650 spirat
2541 1583 2701 1655 (Ibid.
2731 1588 2784 1642 5.
2816 1587 2894 1657 8).
2924 1591 3131 1647 etiamsi
3158 1592 3225 1647 de
3253 1603 3415 1649 vento
3440 1595 3642 1655 dictum

2058 1671 2247 1739 interit,
2282 1675 2348 1729 ad
2393 1676 2493 1731 hoc
2532 1678 2671 1748 quod
2710 1681 2938 1737 dicimus
2963 1686 3100 1740 viam
3146 1689 3360 1758 parat):
3393 1688 3480 1744 hic
3515 1705 3644 1744 vero

2056 1761 2206 1830 dicit,
2232 1762 2416 1820 Omnia
2440 1781 2677 1837 operatur
2694 1784 2842 1842 prout
2870 1777 2995 1829 vult.
3015 1777 3084 1831 Et
3104 1779 3320 1836 aliunde
3337 1781 3484 1838 disce
3499 1783 3640 1853 quod

2065 1869 2168 1907 non
2187 1856 2340 1911 silex
2364 1859 2446 1924 iis,
2470 1861 2556 1930 qui
2587 1877 2685 1931 per
2711 1867 3078 1933 Operationem
3103 1881 3406 1940 moventur,
3429 1874 3521 1930 sed
3548 1879 3637 1946 qui

2054 1956 2362 2015 cperantur,
2380 1948 2501 2004 hinc
2515 1951 2691 2006 disce:
2718 1954 2842 2020 Quis
2859 1958 2988 2010 enim
3006 1960 3161 2026 novit,
3181 1961 3374 2032 inquit,
3387 1981 3501 2034 qua:
3520 1977 3639 2020 sunt

2053 2033 2271 2090 hominis
2295 2078 2311 2103 ,
2360 2039 2458 2093 nisi
2485 2042 2695 2111 spiritus
2732 2045 2994 2102 hominis?
3019 2048 3110 2105 Sic
3152 2061 3201 2105 et
3240 2069 3355 2121 quae
3384 2033 3479 2109 Dei
3517 2067 3635 2111 sunt

2051 2142 2197 2181 nemo
2223 2130 2359 2183 novit
2381 2171 2395 2195 ,
2438 2134 2536 2188 nisi
2575 2135 2800 2204 Spiritus
2830 2137 2925 2193 Dei
2951 2139 3026 2211 (1.
3059 2141 3183 2196 Cor.
3219 2141 3275 2200 2.
3321 2147 3433 2215 lt).
3478 2148 3633 2214 Qu0d

2050 2228 2227 2275 autem
2254 2222 2473 2291 Spiritus
2495 2224 2745 2294 hominis,
2774 2229 2825 2284 id
2852 2239 2957 2296 est,
2982 2234 3181 2302 anima,
3207 2250 3313 2293 non
3337 2249 3633 2309 egi-alope-

2049 2310 2290 2377 ratione,
2329 2324 2384 2367 ut
2423 2330 2518 2369 sua
2545 2328 2834 2388 cognoscat
2856 2361 2871 2384 ,
2914 2324 3113 2378 nemini
3153 2341 3261 2381 non
3291 2339 3477 2384 notum
3501 2341 3584 2385 est
3612 2350 3627 2385 :

2049 2414 2179 2470 ergo
2204 2417 2304 2458 nec
2346 2404 2576 2475 Spiritus
2604 2421 2821 2465 sanctus
2844 2453 2859 2479 ,
2889 2423 2950 2467 ut
2987 2426 3271 2485 cognoscat
3300 2434 3362 2473 ea
3387 2435 3505 2490 quia
3534 2423 3623 2478 Dei

2047 2501 2191 2548 sunt.
2242 2496 2329 2551 Sic
2367 2498 2509 2553 enim
2558 2502 2674 2555 ait:
2708 2503 2916 2558 Arcana
2966 2506 3061 2560 Dei
3108 2512 3357 2579 cognovit
3400 2514 3628 2583 Spiritus

2045 2594 2282 2652 sanctus,
2315 2589 2451 2643 sicut
2481 2592 2657 2646 anima
2706 2594 2938 2650 hominis
2975 2612 3168 2654 arcana
3211 2615 3326 2656 sua.
3360 2601 3413 2659 Si
3445 2614 3622 2661 autem

2042 2676 2111 2729 ad
2153 2680 2252 2734 hoc
2293 2681 2395 2736 alia
2426 2687 2737 2753 operatione
2778 2706 2882 2744 non
2930 2702 3215 2760 movetur,
3249 2697 3412 2751 multo
3456 2703 3625 2771 magis

2042 2769 2129 2833 qtti
2160 2772 2260 2825 scit
2289 2772 2546 2840 profunda
2578 2778 2669 2832 Dei
2688 2818 2706 2846 ,
2736 2790 2788 2835 et
2816 2797 2920 2836 non
2954 2784 3130 2855 aliqua
3158 2789 3473 2857 operatione
3504 2769 3621 2845 uto-

2042 2870 2195 2913 \‘ctltt‘
2214 2861 2280 2915 ad
2306 2862 2541 2919 dandum
2569 2868 2888 2925 charismata
2919 2876 3196 2944 apostolis,
3217 2879 3321 2932 alia
3353 2894 3456 2935 nou
3487 2897 3620 2952 opus

2041 2949 2286 3007 habuerit
2324 2959 2654 3024 operatione.
2698 2962 2898 3019 Praeter
2940 2966 3054 3023 haec
3083 2976 3265 3026 autem
3308 2973 3452 3027 aliud
3479 2990 3623 3031 nunc

2038 3044 2246 3112 dicam,
2280 3050 2422 3117 quod
2473 3053 2618 3121 prius
2661 3055 2789 3109 dixi.
2835 3058 3002 3126 Quale
3041 3062 3217 3118 illud?
3247 3063 3302 3118 Si
3350 3067 3527 3123 minor
3551 3069 3620 3124 sit

2038 3138 2265 3223 Spiritus
2292 3152 2347 3197 et
2375 3144 2594 3202 alterius
2619 3149 2953 3214 substantiae,
2981 3154 3116 3209 nihil
3168 3158 3456 3226 profuisset
3478 3174 3610 3216 con-

2036 3232 2247 3300 solatio,
2274 3251 2446 3304 neqne
2469 3238 2740 3296 audivisse
2764 3243 3013 3299 eumdem
3039 3261 3161 3303 esse
3179 3248 3458 3319 Spiritum.
3482 3251 3617 3308 Nam

2033 3326 2121 3395 qui
2152 3341 2181 3379 a
2213 3343 2336 3397 rege
2361 3331 2586 3401 accepit,
2616 3332 2753 3390 hanc
2780 3337 3067 3394 maximam
3098 3340 3338 3398 habuerit
3358 3349 3608 3403 consola-

2036 3418 2273 3486 tionem,
2308 3422 2448 3491 qnod
2490 3423 2600 3493 ipse
2652 3425 2701 3480 ei
2744 3426 2988 3493 dederit;
3021 3431 3113 3501 qui
3161 3444 3341 3489 autem
3385 3451 3415 3491 a
3461 3453 3616 3495 servo

2033 3510 2260 3582 accipit,
2306 3521 2431 3569 tunc
2474 3518 2643 3586 magis
2687 3517 2867 3587 dolet,
2898 3523 3112 3591 quando
3140 3526 3404 3596 quispiam
3441 3528 3543 3585 hoc
3565 3534 3612 3586 ei

2032 3601 2307 3658 obtulerit.
2338 3605 2519 3676 Itaque
2546 3608 2669 3681 hinc
2695 3610 2854 3665 etiam
2885 3614 3056 3681 palam
3084 3626 3168 3671 est
3191 3617 3450 3687 Spiritum
3483 3636 3607 3677 sau-

2030 3703 2175 3748 ctunt
2208 3711 2312 3750 non
2334 3698 2565 3763 servilis,
2594 3699 2689 3754 sed
2718 3704 2877 3772 regia:
2899 3719 3019 3761 esse
3047 3706 3381 3765 substantiae.
3413 3709 3614 3769 Idcirco

2030 3784 2169 3838 sicut
2196 3789 2502 3842 consolatus
2527 3798 2611 3844 est
2636 3791 2754 3846 illos
2779 3793 2964 3850 dicens
2982 3837 2998 3863 ,
3034 3796 3318 3855 Divisiones
3349 3802 3609 3858 ministra-

2031 3875 2224 3928 tionum
2252 3888 2391 3945 sunt,
2414 3879 2548 3932 idem
2575 3890 2744 3936 autent
2768 3882 3059 3955 Dominus;
3090 3898 3161 3955 et,
3190 3890 3467 3947 Divisiones
3491 3911 3611 3966 ope-

2028 3967 2281 4021 rationum
2306 4009 2321 4033 ,
2352 3969 2483 4023 idem
2508 3982 2676 4026 autem
2701 3971 2840 4028 Deus
2866 3991 2884 4028 :
2908 3977 2985 4032 sic
3014 3992 3135 4034 cum
3164 3984 3413 4050 superius
3438 3985 3606 4049 dixit,

2028 4054 2313 4112 Divisiones
2332 4061 2613 4130 gratiarum
2635 4073 2774 4132 sunt,
2795 4065 2927 4120 idem
2952 4082 3119 4123 autem
3149 4070 3410 4142 Spiritus;
3432 4085 3487 4129 et
3509 4078 3611 4130 Sub

2027 4147 2142 4203 haec
2191 4150 2352 4206 etiam
2401 4152 2565 4219 dicit,
2621 4153 2746 4210 [huc
2793 4154 2977 4212 autem;
3004 4162 3173 4215 omnia
3209 4175 3445 4233 operatur
3479 4183 3608 4221 unus

2026 4249 2174 4310 atque
2208 4242 2340 4297 idem
2380 4243 2606 4314 Spiritus
2629 4287 2645 4311 ,
2676 4248 2904 4304 dividens
2948 4251 3163 4322 singulis
3192 4266 3339 4323 prout
3373 4256 3497 4310 vult.
3531 4258 3608 4313 Ne

2025 4331 2202 4402 itaque
2234 4348 2490 4404 angamur
2512 4377 2526 4402 ,
2562 4337 2747 4407 inquit,
2784 4354 2955 4411 neque
2997 4342 3276 4399 doleamus
3318 4346 3558 4404 dicentes
3582 4391 3598 4411 ,

2023 4422 2131 4477 Cur
2160 4422 2261 4479 hoc
2300 4426 2481 4495 accepi
2513 4467 2528 4491 ,
2575 4426 2677 4483 hoc
2730 4445 2834 4484 non
2882 4431 3111 4503 accepi?
3142 4448 3316 4506 neque
3361 4439 3598 4496 rationes

2024 4513 2299 4585 exigamus
2327 4532 2357 4570 a
2397 4516 2597 4587 Spiritu
2626 4531 2832 4576 sancto.
2871 4522 3003 4579 Nam
3045 4526 3089 4580 si
3137 4529 3316 4596 nosti,
3347 4530 3398 4585 id
3431 4530 3601 4601 ipsum

2022 4606 2270 4677 largitum
2306 4623 2426 4665 esse
2469 4612 2611 4681 quod
2642 4614 2716 4668 tui
2745 4630 2926 4671 curam
2950 4630 3141 4688 gerat;
3169 4622 3431 4692 cogitans.
3455 4626 3601 4680 illum

2021 4699 2263 4754 eamdem
2309 4717 2489 4756 curam
2536 4714 2808 4775 gerentem
2858 4725 3161 4766 mensuram
3202 4713 3451 4783 dedisse,
3483 4734 3601 4771 atu-

2020 4792 2254 4861 plectere
2279 4801 2333 4848 ct
2370 4794 2544 4865 gaude
2570 4797 2640 4851 ob
2681 4812 2745 4853 ea
2776 4814 2894 4869 qum
2931 4803 3184 4871 accepisti
3209 4819 3223 4867 ;
3253 4814 3308 4859 et
3353 4822 3422 4861 ne
3459 4822 3602 4880 aegre

2022 4886 2159 4941 teras
2188 4886 2326 4957 quod
2356 4887 2460 4943 alia
2498 4905 2602 4944 non
2640 4893 2943 4960 acceperis;
2970 4894 3078 4951 imo
3106 4898 3304 4966 gratias
3346 4900 3556 4956 reddito
3579 4944 3596 4969 ,

2020 4978 2163 5048 quod
2194 4994 2299 5034 non
2328 4980 2528 5049 majora
2559 4998 2715 5051 quam
2746 4983 2885 5038 ferre
2913 4999 3100 5054 posses
3124 4994 3418 5060 acceperis.

2089 5070 2144 5125 5.
2184 5069 2238 5125 Si
2274 5079 2454 5125 autem
2481 5071 2533 5124 in
2571 5071 2938 5140 spiritualibus
2980 5093 3086 5133 non
3130 5090 3340 5151 oportet
3384 5087 3597 5142 curiose

2021 5159 2287 5229 inquirere
2313 5201 2325 5222 ,
2357 5161 2524 5217 multo
2546 5164 2713 5233 magis
2741 5165 2790 5219 iu
2824 5169 3128 5225 carnalibus
3153 5188 3167 5236 ;
3197 5174 3293 5229 scd
3320 5179 3599 5246 quiescere

2019 5261 2073 5307 et
2096 5266 2203 5306 non
2231 5251 2441 5308 curiose
2471 5257 2695 5311 scrutari
2746 5272 2843 5313 cur
2890 5260 2978 5315 ille
3021 5261 3170 5319 dives
3195 5306 3211 5332 ,
3258 5266 3348 5321 illc
3373 5282 3591 5339 pauper.

2019 5342 2159 5400 Sane
2187 5343 2403 5414 quidem
2431 5361 2535 5400 non
2566 5347 2759 5419 singuli
2792 5365 2822 5404 a
2855 5351 2964 5407 Deo
2991 5353 3206 5410 divitias
3245 5356 3468 5422 habent,
3501 5359 3597 5415 sed

2017 5436 2170 5492 multi
2192 5452 2257 5491 ex
2289 5437 2570 5506 iniustitia,
2590 5454 2655 5494 ex
2685 5445 2867 5510 rapina
2891 5452 2945 5497 et
2971 5458 3037 5499 ex
3062 5448 3303 5502 avaritia.
3331 5448 3432 5515 Qui
3450 5451 3595 5508 enim

2011 5526 2174 5599 jussit
2202 5542 2307 5582 non
2332 5528 2512 5594 ditari,
2536 5531 2807 5598 quomodo
2832 5533 3069 5590 dedisset
3089 5551 3175 5605 ea,
3211 5528 3330 5609 quae
3351 5542 3599 5615 accipere

2019 5619 2307 5691 prohibet?
2334 5620 2405 5676 Ut
2443 5631 2626 5677 autem
2662 5622 2893 5679 validius
2921 5625 3193 5685 eonl‘utem
3224 5645 3351 5702 eos,
3378 5638 3467 5707 qui
3492 5634 3597 5693 hac

2026 5713 2078 5768 in
2110 5728 2169 5767 re
2201 5711 2573 5768 contradicunt
2617 5714 2808 5784 nobis;
2844 5730 3272 5789 age,sermonem
3301 5726 3457 5783 altius
3499 5730 3601 5783 du-

3162 5832 3234 5895 lii
