4094 6222
486 250 590 307 247

489 378 691 430 camus,
720 362 788 419 ab
811 376 880 420 eo
895 370 1138 434 tempore
1157 374 1266 432 quo
1287 359 1428 416 Deus
1451 358 1667 416 divitias
1685 359 1939 429 elargitus
1959 367 2060 422 est,

491 467 544 512 et
569 455 832 525 reSponde
857 453 986 508 mihi
1012 471 1025 507 :
1051 452 1228 521 Quare
1254 450 1405 506 dives
1433 458 1550 506 erat
1577 448 1872 511 Abraham.
1904 449 2071 503 Jacob

491 559 668 605 autem
701 549 862 605 etiam
895 561 1030 618 pane
1059 544 1294 616 egebat?
1320 559 1497 600 annon
1542 543 1789 599 similiter
1825 553 1880 598 et
1909 541 1996 597 hic
2019 551 2073 596 et

491 642 584 697 ille
611 642 783 711 justus
803 639 961 694 erat?
987 652 1168 692 annon
1190 637 1438 691 similiter
1461 636 1528 691 de
1555 636 1724 690 tribus
1753 634 1887 689 dixit
1916 652 1930 691 :
1963 635 2076 704 F-go

495 736 634 790 Deus
672 733 928 787 Abraham
969 740 1016 785 et
1058 729 1210 785 Isaac
1244 739 1289 784 et
1323 728 1484 784 Iacob
1513 727 1721 802 (Exod.
1755 729 1809 784 5.
1839 726 1950 796 6)?
1977 741 2069 780 cur

493 841 622 897 ergo
652 825 740 879 ille
766 824 920 879 dives
945 832 1078 888 erat,
1109 822 1197 878 hic
1222 822 1468 878 mercede
1493 820 1890 877 conducebatur
1910 819 1936 873 ?
1963 818 2072 873 imo

491 921 689 986 potius,
721 917 828 972 Cur
853 915 999 971 Esau
1031 915 1243 986 iniquus
1264 929 1383 969 cum
1407 923 1549 972 esset
1572 923 1624 968 ct
1651 912 1919 967 fratricida
1947 953 1960 974 ,
1990 910 2071 965 di-

491 1025 585 1066 ves
611 1019 763 1074 erat,
807 1009 892 1065 hic
919 1023 1046 1064 vero
1077 1009 1129 1063 in
1169 1008 1424 1063 servitute
1452 1013 1600 1062 tanto
1649 1015 1890 1076 tempore
1930 1002 2073 1058 fuit?

493 1116 590 1158 cur
614 1116 798 1156 rursus
828 1101 974 1155 Isaac
1005 1099 1286 1170 tranquille
1315 1105 1462 1153 tanto
1501 1105 1740 1166 tempore
1767 1095 1940 1162 vixit,
1982 1094 2074 1150 Ja-

491 1192 594 1248 cob
622 1201 797 1246 autem
827 1191 878 1245 in
901 1189 1175 1245 laboribus
1203 1198 1257 1244 et
1286 1187 1558 1244 miseriis?
1585 1187 1812 1258 ideoque
1835 1185 2068 1251 dicebat,

494 1283 660 1340 Pauci
699 1294 746 1338 et
775 1282 899 1337 mali
931 1283 1036 1338 dies
1075 1284 1170 1337 mei
1204 1281 1359 1356 (Gen.
1391 1281 1482 1336 47.
1515 1279 1595 1353 9).
1623 1279 1732 1334 Cur
1778 1278 1940 1334 David
1980 1279 2068 1348 qui

494 1373 755 1445 prepheta
779 1383 834 1429 et
861 1389 954 1430 rex
987 1373 1116 1437 fuit,
1143 1381 1310 1427 totum
1340 1372 1462 1426 vitae
1487 1380 1695 1441 tempus
1716 1369 1769 1424 in
1800 1369 2071 1424 laboribus

497 1466 790 1537 transegit;
823 1465 1077 1522 Salomon
1103 1474 1285 1519 autem
1313 1463 1454 1519 ﬁlius
1473 1463 1588 1533 ejus
1612 1478 1706 1532 per
1726 1461 2070 1532 quadraginta

495 1573 666 1613 annos
695 1558 937 1612 securius
982 1572 1137 1626 quam
1169 1554 1393 1626 quilibet
1434 1554 1708 1610 hominum
1737 1555 1872 1608 vixit
1897 1595 1911 1620 ,
1941 1567 2070 1624 pro-

497 1647 659 1704 funda
689 1649 874 1703 fruens
906 1663 1033 1718 pace
1055 1689 1070 1714 ,
1103 1662 1263 1703 omne
1287 1661 1456 1718 genus
1480 1646 1662 1718 gloria:
1684 1687 1700 1713 ,
1754 1645 1973 1700 honoris
2017 1655 2072 1700 et

496 1742 788 1812 voluptatis
813 1740 1082 1811 adeptus?
1115 1757 1210 1795 cur
1251 1741 1305 1795 in
1349 1739 1624 1810 prephetis
1673 1739 1810 1796 alius
1861 1740 2068 1810 magis,

493 1835 630 1891 alius
657 1834 833 1890 minus
873 1831 1250 1905 ulﬂigebatur?
1277 1831 1538 1901 Quoniam
1559 1832 1638 1888 sic
1668 1831 1950 1903 unicuique
1975 1847 2072 1887 ex-

491 1928 759 2000 pediebat.

565 2020 662 2075 Dei
683 2021 990 2092 dispensatio
1003 2036 1104 2074 non
1117 2020 1266 2075 nimis
1280 2017 2072 2086 examinanda.—Quamobrcm

494 2111 635 2166 circa
661 2112 899 2181 singulos
918 2110 1203 2168 dicendum
1225 2119 1327 2178 est,
1344 2109 1552 2165 Iudicia
1577 2120 1662 2164 tua
1689 2110 1897 2180 abyssus
1914 2111 2074 2162 multa

497 2202 515 2270 (
543 2197 687 2255 Psal.
723 2202 811 2257 55.
841 2202 872 2256 7
897 2201 936 2270 ).
965 2201 1099 2256 Nam
1142 2202 1188 2256 si
1228 2216 1450 2273 magnos
1481 2202 1603 2257 illos
1637 2210 1694 2257 et
1721 2201 2072 2256 admirabiles

496 2294 645 2350 viros
673 2310 777 2350 non
801 2294 1046 2351 similiter
1073 2296 1358 2351 exercebat
1384 2295 1544 2360 Deus,
1568 2295 1661 2351 sed
1693 2295 1834 2350 hunc
1859 2295 2074 2366 quidem

499 2403 597 2458 per
625 2397 987 2458 paupertatem
1005 2429 1018 2454 ,
1044 2390 1209 2445 alium
1238 2405 1334 2460 per
1354 2388 1602 2456 divitias;
1634 2391 1777 2447 hunc
1801 2406 1900 2460 per
1929 2401 2076 2447 tran-

499 2481 814 2551 quillitatem
835 2522 852 2549 ,
893 2482 1040 2537 illum
1069 2498 1164 2553 per
1186 2497 1454 2538 aerumnas
1484 2501 1498 2538 :
1527 2483 1696 2539 multo
1737 2483 1905 2554 magis
1935 2498 2075 2538 nunc

498 2573 601 2628 hoc
629 2582 844 2644 oportet
870 2575 1126 2646 cogitare.
1158 2574 1289 2631 Cum
1335 2574 1437 2630 hoc
1472 2584 1650 2632 autem
1694 2575 1826 2630 illud
1865 2590 2076 2646 quoque

499 2681 680 2722 secum
705 2675 953 2738 reputare
978 2675 1210 2737 Oportet,
1236 2682 1429 2738 nempe
1454 2668 1616 2722 multa
1648 2682 1713 2723 ex
1747 2667 1812 2722 iis
1838 2683 1957 2737 quae
1988 2681 2077 2721 ac-

499 2760 680 2816 cidunt
711 2774 815 2815 nou
842 2777 906 2815 ex
935 2761 1077 2816 illius
1103 2761 1367 2817 sententia
1394 2760 1510 2816 ﬁeri
1535 2802 1550 2829 ,
1581 2760 1676 2816 sed
1707 2776 1806 2830 per
1836 2770 2073 2815 nostram

479 2852 793 2922 .nequitiam
822 2853 1058 2909 evenire.
1079 2854 1153 2909 Ne
1175 2855 1352 2924 itaque
1374 2853 1546 2919 dicas,
1569 2854 1675 2909 Cur
1696 2852 1782 2908 hic
1801 2853 1951 2907 dives
1969 2860 2072 2919 est,

501 2959 624 3000 cum
657 2959 884 3015 nequam
913 2947 1014 3012 sit;
1046 2945 1137 3001 ille
1163 2962 1293 3002 vero
1334 2959 1536 3016 pauper
1567 2986 1580 3009 ,
1609 2959 1727 3000 cum
1757 2944 1827 2999 sit
1852 2943 2075 3014 justus?

502 3037 704 3092 llorum
731 3039 926 3109 quippe
951 3038 1218 3094 rationem
1243 3037 1373 3093 dare
1399 3038 1525 3094 licet
1553 3079 1567 3104 ,
1600 3053 1664 3093 ac
1691 3038 1870 3093 dicere
1895 3055 1907 3091 :
1937 3037 2070 3106 Quia

498 3131 863 3202 nequejustus
888 3146 918 3186 a
946 3141 1256 3202 paupertate
1286 3130 1513 3197 laeditur,
1543 3131 1650 3186 imo
1679 3130 1932 3201 majorem
1960 3131 2075 3186 cla-

499 3223 674 3278 ritatis
715 3222 874 3279 habet
911 3223 1313 3287 accessionem;
1356 3230 1412 3276 et
1442 3221 1716 3291 improbus
1746 3221 1904 3276 habet
1941 3220 2075 3275 divi-

500 3317 604 3372 tias
631 3315 875 3386 supplicii
904 3316 1174 3379 viaticum,
1199 3313 1302 3368 nisi
1327 3320 1704 3368 convertatur:
1727 3323 1886 3383 atque
1910 3313 2070 3369 etiam

501 3418 627 3465 ante
672 3409 990 3480 supplicium
1037 3407 1234 3462 divitiae
1283 3405 1358 3460 illi
1414 3405 1674 3461 malorum
1717 3406 2072 3476 complurium

498 3516 660 3556 causa
690 3501 857 3566 fuere,
889 3509 943 3555 et
964 3501 1015 3554 in
1045 3499 1193 3554 mille
1215 3499 1465 3555 baratbra
1494 3498 1784 3556 deduxere.
1814 3499 1953 3555 Deus
1979 3514 2077 3554 au—

501 3603 610 3649 tem
634 3592 684 3647 id
707 3608 768 3663 ag
906 3592 941 3632 ⁷⁸
964 3634 978 3650 .
1013 3591 1174 3647 simul
1205 3592 1430 3648 liberum
1461 3592 1743 3647 arbitrium
1788 3593 2077 3647 voluntatis

499 3683 812 3751 ostendens,
845 3697 899 3738 et
932 3699 1060 3738 Mus
1084 3683 1283 3740 docens
1327 3701 1394 3740 ne
1439 3685 1610 3740 insani
1651 3693 1705 3739 et
1743 3683 1979 3740 furentes
2008 3684 2074 3738 ad

503 3775 755 3845 pecunias
786 3775 1040 3830 ferantur.
1083 3776 1219 3844 Quid
1255 3791 1384 3847 ergo
1411 3817 1426 3844 ,
1471 3776 1682 3847 inquies
1713 3816 1727 3841 ,
1756 3790 1875 3832 cum
1903 3776 2076 3831 malus

502 3867 766 3938 quispiam
809 3867 959 3925 dives
995 3868 1126 3925 nihil
1171 3870 1294 3924 mali
1347 3869 1594 3940 patitur?
1624 3885 1745 3924 nam
1783 3869 1829 3923 si
1875 3870 2074 3940 probus

500 3976 621 4016 cum
645 3961 748 4026 sit,
775 3960 924 4016 dives
954 3970 1070 4030 est,
1088 3960 1210 4031 jure
1236 3961 1461 4026 merito;
1493 3962 1574 4015 sin
1607 3961 1776 4016 malus
1803 3961 1872 4016 sit
1899 4001 1913 4025 ,
1948 3961 2075 4031 quid

501 4053 786 4108 dicemus?
814 4053 964 4122 Quod
991 4054 1056 4109 sit
1075 4055 1233 4108 etiam
1258 4053 1357 4108 hac
1383 4053 1587 4108 ratione
1610 4053 1928 4110 miserabilis
1956 4070 1969 4105 :
1994 4053 2075 4107 di-

501 4147 644 4200 vitiae
675 4146 816 4201 enim
844 4146 910 4202 ad
943 4146 1230 4216 nequitiam
1251 4145 1515 4217 adjuncta:
1543 4145 1737 4200 malum
1762 4154 2072 4216 aggravant.

499 4237 604 4294 Sed
649 4238 818 4294 bonus
857 4247 977 4306 est,
1005 4249 1061 4293 et
1109 4246 1284 4292 tamen
1333 4237 1656 4308 pauper?At
1683 4236 1818 4292 nihil
1844 4236 2071 4292 laeditur.

499 4328 608 4384 Sed
629 4329 798 4384 malus
824 4339 901 4384 est
931 4336 984 4383 et
1014 4344 1217 4401 pauper
1243 4329 1267 4384 ἲ
1300 4329 1440 4398 Ergo
1465 4329 1611 4398 juste
1633 4339 1688 4384 et
1715 4345 1810 4400 pro
1837 4331 2029 4384 merito
2057 4369 2072 4394 ,

503 4421 613 4478 imo
651 4429 705 4477 et
740 4421 805 4477 ad
834 4422 1113 4476 utilitatem
1151 4435 1323 4475 suam.
1363 4420 1558 4476 Verum
1600 4421 1688 4475 ille
1716 4461 1730 4484 ,
1761 4421 1968 4491 inquies
1999 4461 2014 4486 ,
2047 4435 2076 4473 a

504 4514 796 4582 majoribus
821 4512 1034 4567 divitias
1063 4513 1291 4581 accepit,
1317 4521 1371 4565 et
1397 4511 1653 4583 diSpergit
1674 4512 1791 4566 illas
1821 4511 2074 4566 meretri-

504 4603 656 4657 cibus
679 4611 733 4657 et
763 4601 1030 4672 parasitis,
1064 4601 1304 4671 nihilque
1331 4601 1454 4655 mali
1483 4601 1700 4670 patitur.
1730 4601 1866 4667 Quid
1893 4600 2026 4656 dicis
2055 4601 2078 4655 ἳ

501 4692 797 4751 fornicatur
823 4703 874 4748 et
902 4692 1030 4747 nihil
1079 4693 1202 4746 mali
1234 4693 1433 4762 patitur
1461 4693 1485 4746 Ἰ
1515 4693 1808 4748 inebriatur
1838 4702 1892 4749 et
1922 4703 2077 4762 putas

503 4786 675 4855 ipsum
707 4785 944 4842 deliciari
967 4784 1076 4841 ?ad
1105 4783 1233 4839 nihil
1255 4784 1507 4839 decorum
1530 4785 1781 4854 pecunias
1801 4785 2074 4855 expendit,

500 4888 555 4934 ct
582 4891 737 4950 putas
769 4881 938 4950 ipsum
967 4880 1304 4936 aemulatione
1331 4877 1589 4949 dignum?
1611 4887 1666 4932 et
1689 4877 1816 4947 quid
1843 4878 2078 4933 deterius

503 4970 597 5025 illo
625 4971 804 5035 fuerit,
831 4971 920 5041 qui
946 4973 1136 5025 anima:
1163 4987 1272 5025 sua:
1298 4971 1516 5025 exitium
1544 4968 1742 5023 affert?
1768 4967 1844 5022 Tu
1865 4984 2013 5031 vero,
2033 4969 2076 5023 si

505 5077 628 5117 cum
652 5061 908 5116 membris
927 5070 1228 5115 contortum
1247 5069 1304 5116 et
1331 5062 1574 5117 mutilum
1601 5059 1830 5125 videres,
1860 5059 2079 5116 infinitis

509 5154 656 5211 illum
709 5152 957 5224 lacrymis
1002 5151 1218 5221 dignum
1263 5166 1383 5206 esse
1424 5166 1717 5216 censeres;
1747 5166 1868 5207 cum
1900 5162 2077 5206 autem

505 5249 738 5304 animam
768 5244 886 5316 ejus
916 5252 1080 5300 totam
1105 5243 1343 5297 mutilam
1374 5243 1546 5310 vides,
1571 5243 1780 5298 beatum
1807 5243 1955 5298 illum
1987 5257 2080 5296 ex-

504 5341 754 5400 istimas?
784 5341 852 5396 At
883 5355 986 5396 non
1012 5339 1173 5394 sentit
1195 5378 1211 5402 ,
1242 5337 1470 5408 inquies.
1501 5337 1568 5391 Et
1587 5335 1708 5392 ideo
1735 5336 2079 5392 commisera-

503 5435 651 5492 tione
696 5433 887 5505 dignus
915 5442 997 5488 est
1029 5475 1044 5499 ,
1075 5439 1133 5487 ut
1161 5430 1249 5501 qui
1280 5429 1570 5485 insaniunt.
1607 5427 1736 5482 Nam
1775 5429 1862 5499 qui
1890 5426 1991 5510 scit
2019 5440 2078 5481 se

504 5535 769 5595 aegrotare
795 5567 811 5593 ,
850 5525 1114 5582 medicum
1158 5538 1377 5594 prorsus
1407 5521 1680 5592 requiret,
1709 5527 1763 5573 et
1795 5518 2077 5588 pharmaca

507 5618 607 5671 sibi
634 5616 748 5672 dari
771 5622 998 5687 patietur
1026 5634 1041 5682 ;
1070 5616 1156 5687 qui
1186 5631 1314 5670 vero
1353 5614 1598 5681 ignorat,
1631 5623 1917 5679 numquam
1950 5606 2076 5662 libe-

506 5706 610 5762 rari
648 5706 860 5778 poterit.
909 5706 1179 5760 lluncciue
1205 5745 1220 5771 ,
1268 5716 1449 5774 quaeso
1477 5741 1493 5770 ,
1542 5703 1751 5759 beatum
1786 5698 2078 5770 praedicas?

1251 243 1292 303 S
1349 241 1622 303 lOANNlS
1645 238 2115 299 CHRYSOSTOMI
2155 240 2470 301 ARCHIEP.
2506 241 3033 304 CONSTANTINOP.

3651 250 3758 306 ειη

2181 359 2286 414 Sed
2319 361 2446 416 nihil
2486 362 2676 417 mirum
2707 380 2720 417 :
2750 373 2876 418 sunt
2901 363 3045 419 enim
3075 363 3378 435 complures
3397 364 3756 438 philosophia:

2179 453 2429 524 imperiti.
2464 454 2585 510 ldeo
2613 465 2879 512 extremas
2903 455 3090 512 damus
3115 473 3301 528 pinnas
3323 499 3338 522 ,
3367 467 3428 514 ut
3449 460 3537 530 qui
3560 461 3755 530 punia-

2179 562 2299 600 mur
2322 561 2423 601 nec
2448 546 2738 603 liberemur
2765 565 2797 604 a
2826 549 3128 620 supplicio:
3169 550 3292 606 ideo
3314 551 3408 606 ira:
3441 593 3456 614 ,
3489 567 3754 609 maerores

2178 649 2232 693 et
2259 639 2684 706 perturbationes
2704 640 3012 711 frequentes
3032 658 3047 709 ;
3070 642 3192 713 quia
3214 658 3336 697 cum
3367 643 3531 698 vitam
3560 644 3748 700 dolore

2176 743 2399 783 vacuam
2427 728 2579 784 nobis
2608 731 2856 786 ostendat
2884 732 3024 788 Deus
3043 773 3058 797 ,
3091 733 3230 787 viam
3257 749 3455 803 nempe
3481 734 3548 788 ad
3578 736 3751 790 virtu-

2181 821 2551 889 tem.nos,illa
2574 823 2780 890 relicta,
2811 824 2968 879 aliam
2998 827 3134 880 viam
3165 826 3513 896 ingredimur,
3537 827 3755 885 divitia-

2179 927 2297 967 rum
2324 929 2514 980 nempe
2535 923 2589 969 et
2612 917 2867 984 pecuniar,
2901 917 3196 974 imunneris
3227 919 3436 988 plenam
3468 921 3622 976 malis
3655 939 3670 975 :
3700 931 3757 977 et

2178 1020 2284 1060 non
2340 1021 2496 1062 secus
2547 1007 2892 1074 facimus,ac
2943 1009 2987 1064 si
3033 1011 3152 1080 quis
3197 1025 3481 1080 corporum
3526 1012 3754 1068 formam

2177 1099 2482 1156 discernere
2505 1115 2609 1155 non
2637 1101 2843 1168 valens,
2872 1103 2965 1158 sed
2995 1112 3162 1160 totum
3193 1105 3432 1160 tribuens
3458 1107 3755 1162 vestimen-

2177 1192 2246 1246 tis
2282 1201 2337 1248 et
2367 1192 2746 1261 circumposito
2791 1194 3000 1248 ornatui
3031 1236 3046 1257 ,
3081 1193 3368 1250 formosam
3420 1197 3703 1253 mulierem
3734 1237 3752 1262 .

2176 1285 2400 1338 naturali
2431 1283 2823 1354 pulchritudine
2863 1287 3142 1356 praeditam
3185 1288 3372 1344 videns
3400 1291 3702 1358 praeteriret
3733 1330 3752 1356 ,

2179 1383 2384 1444 turpem
2406 1385 2618 1442 autem,
2651 1375 2946 1431 deformem
2977 1389 3030 1432 et
3056 1393 3285 1449 corpore
3313 1380 3553 1435 mutilam
3586 1423 3602 1448 ,
3634 1382 3756 1451 pul-

2176 1465 2323 1520 chris
2350 1476 2593 1520 ornatam
2624 1467 2866 1522 vestibus
2895 1469 3160 1538 aspiciens
3189 1508 3204 1535 ,
3235 1485 3456 1526 uxorem
3502 1470 3750 1526 duceret.

2179 1555 2307 1610 Tale
2355 1556 2624 1626 quidpiam
2674 1573 2815 1613 nunc
2866 1557 3006 1614 circa
3059 1561 3306 1614 virtutem
3361 1570 3415 1616 et
3460 1563 3753 1633 nequitiam

2179 1645 2325 1699 multi
2359 1647 2628 1715 patiuntur
2659 1666 2670 1698 :
2703 1659 2907 1716 turpem
2955 1650 3096 1705 illam
3126 1651 3384 1708 adeuntes
3415 1661 3631 1722 propter
3661 1669 3758 1709 ex-

2178 1739 2428 1792 teriorem
2454 1748 2720 1806 ornatum,
2749 1739 3034 1796 formosam
3067 1751 3244 1796 autem
3275 1752 3328 1798 et
3359 1744 3638 1812 pulchram
3664 1761 3753 1802 r0-

2179 1839 2433 1898 spuentes
2471 1841 2690 1900 propter
2729 1833 2926 1887 nudam
2961 1833 3102 1888 illius
3141 1835 3585 1904 pulchritudinem
3614 1877 3632 1904 ,
3677 1838 3752 1894 ob

2178 1935 2336 1989 quam
2367 1921 2534 1990 ipsam
2565 1923 2795 1978 maxime
2822 1924 2980 1996 deligi
3000 1925 3302 1992 oportebat.

2249 2013 2302 2067 6.
2334 2012 2538 2069 Divitiae
2559 2016 2933 2086 ﬂuam—Ideo
2949 2033 3035 2073 me
3062 2017 3259 2088 pudet,
3289 2019 3429 2090 quod
3455 2035 3574 2076 cum
3602 2021 3746 2092 apud

2180 2105 2394 2162 Graecos
2425 2107 2542 2163 illos
2568 2109 2785 2164 insanos
2805 2110 3018 2181 quidam
3037 2111 3142 2166 sint
3159 2112 3247 2182 qui
3274 2114 3351 2167 sic
3375 2113 3754 2185 philosophan-

2181 2207 2268 2252 tur
2291 2239 2307 2264 ,
2350 2199 2561 2255 etiamsi
2588 2215 2697 2255 non
2728 2215 2786 2256 re
2811 2243 2826 2268 ,
2874 2210 3107 2257 attamen
3133 2205 3398 2259 sententia
3428 2246 3444 2270 ,
3475 2215 3531 2260 et
3554 2205 3752 2262 llttxam

2180 2306 2363 2346 rerum
2409 2294 2750 2362 praesentium
2793 2294 3154 2352 conditionem
3205 2306 3440 2362 norunt;
3472 2301 3610 2368 apud
3656 2316 3752 2354 nos

2178 2385 2393 2454 quidam
2435 2401 2502 2441 ne
2552 2387 2638 2441 illa
2693 2387 2907 2458 quidem
2955 2387 3170 2454 norint,
3224 2389 3318 2444 seti
3361 2399 3416 2444 et
3457 2392 3625 2460 ipsum
3668 2391 3755 2461 ju-

2180 2475 2376 2532 dicium
2401 2488 2711 2548 corruptum
2741 2479 3010 2535 habeant:
3034 2495 3154 2535 cum
3184 2480 3299 2536 haec
3319 2481 3496 2536 omnia
3518 2491 3622 2536 tam
3647 2484 3755 2537 fre-

2180 2576 2404 2636 quenter
2433 2568 2704 2639 Scriptura
2742 2569 2858 2625 hmo
2897 2571 3050 2626 nobis
3083 2571 3332 2628 decantet
3374 2582 3429 2629 et
3467 2573 3648 2629 dicat:
3678 2569 3757 2627 Ad

2179 2658 2394 2712 nihilum
2429 2659 2675 2714 deductus
2721 2670 2792 2716 est
2830 2663 2883 2716 in
2911 2673 3176 2733 conspectu
3215 2665 3324 2733 eius
3361 2665 3615 2736 malignus
3645 2651 3756 2726 {ti-

2180 2757 2369 2802 mentes
2395 2759 2560 2804 autent
2589 2749 2839 2806 Dominus
2867 2753 3118 2824 glori/ient
3147 2753 3320 2824 (Psal.
3347 2755 3434 2810 14.
3465 2758 3545 2827 4).
3582 2755 3756 2811 Timor

2180 2836 2389 2894 Domini
2418 2842 2586 2895 omnia
2605 2845 2859 2913 superavit
2884 2843 3068 2916 (Eccli.
3094 2845 3184 2901 ‘25.
3213 2847 3326 2916 14).
3349 2845 3515 2900 Deum
3541 2848 3678 2911 time,
3708 2858 3756 2901 et

2180 2933 2422 2988 mandata
2445 2935 2554 3003 ejus
2574 2937 2768 2990 custodi
2799 2953 2818 2991 :
2848 2943 2941 2991 hoc
2955 2949 3028 2992 est
3051 2941 3182 2993 enim
3203 2941 3364 2995 omnis
3381 2942 3529 2995 homo
3555 2940 3754 3014 (Eccle.

2182 3025 2270 3080 i9...
2300 3026 2414 3096 15).
2444 3026 2572 3081 Noli
2591 3029 2821 3083 azmulari
2836 3030 2889 3083 in
2917 3031 3328 3101 malignanlibus.
3366 3030 3450 3085 Ne
3482 3034 3710 3088 timueris
3737 3075 3754 3102 ,

2178 3135 2295 3174 cum
2323 3120 2459 3174 dives
2480 3119 2644 3190 {actus
2675 3123 2825 3193 fuerit
2853 3123 3004 3176 homo
3045 3123 3063 3192 (
3094 3121 3238 3178 Psal.
3269 3123 3360 3179 48.
3394 3125 3459 3178 17
3485 3126 3527 3194 ).
3578 3125 3756 3179 Omnis

2181 3227 2300 3266 caro
2329 3217 2519 3284 frenum
2552 3254 2567 3279 ,
2596 3223 2641 3267 et
2663 3215 2824 3269 omnis
2861 3214 3026 3286 gloria
3069 3215 3285 3269 hominis
3324 3217 3467 3286 quasi
3504 3217 3603 3286 ﬂos
3637 3217 3757 3287 farti

2181 3303 2335 3372 (Isai.
2364 3305 2454 3361 40.
2487 3305 2565 3377 6).
2589 3305 2716 3361 Ηαξρ
2740 3307 2885 3362 enim
2927 3317 2980 3363 et
3018 3307 3137 3362 talia
3165 3309 3400 3378 quotidie
3431 3309 3710 3365 audientes
3736 3352 3751 3375 ,

2181 3395 2356 3452 adlmc
2380 3405 2537 3452 terrae
2564 3397 2850 3467 afligimur.
2881 3398 2948 3453 Et
2986 3399 3433 3469 quemadmodum
3469 3401 3617 3470 pueri
3659 3402 3756 3456 im-

2182 3487 2338 3558 periti
2365 3487 2676 3558 frequenter
2697 3488 2958 3544 elementa
2982 3490 3269 3556 discentes,
3293 3491 3508 3561 quando
3527 3493 3754 3561 sparsim

2183 3579 2392 3634 illorum
2417 3580 2548 3634 ordo
2567 3581 2923 3645 examinatur,
2957 3583 3058 3636 alia
3090 3597 3186 3652 pro
3210 3583 3327 3637 aliis
3349 3583 3588 3638 dicentes
3613 3583 3756 3638 mul-

2183 3679 2292 3726 tum
2321 3673 2556 3726 excitant
2596 3674 2763 3727 risum
2792 3691 2806 3727 :
2838 3674 2917 3728 sic
2946 3683 2996 3728 et
3028 3688 3158 3740 vos,
3190 3673 3402 3744 quando
3434 3674 3520 3728 illa
3550 3673 3638 3729 hic
3663 3689 3756 3729 or-

2181 3761 2306 3816 dine
2350 3778 2693 3817 nun-teramus
2723 3805 2739 3829 ,
2773 3773 3056 3833 utcumque
3111 3765 3496 3834 assequimini;
3541 3765 3758 3836 quando

2182 3862 2362 3928 autem
2399 3868 2494 3906 vos
2524 3852 2656 3908 foris
2697 3855 2922 3923 sparsim
2970 3855 3395 3925 interrogamus,
3420 3871 3541 3926 qua:
3585 3857 3756 3926 prima

2181 3944 2309 4009 sint,
2329 3960 2447 4015 quae
2472 3944 2703 4000 secunda
2722 3945 2970 4000 harmnce
2999 3961 3173 4000 rerum
3203 3947 3466 4002 collocare
3485 3957 3752 4016 oporteat,

2183 4045 2236 4090 et
2297 4053 2538 4107 quamam
2598 4045 2720 4106 post
2766 4036 2866 4090 alia
2922 4037 3214 4101 locentur;
3259 4053 3379 4092 cum
3431 4038 3614 4094 dicere
3663 4055 3757 4094 ne-

2183 4129 2384 4194 sciatis,
2420 4129 2627 4185 ridiculi
2655 4128 2807 4184 estis.
2840 4131 3054 4196 Annon,
3097 4146 3313 4199 quatso,
3341 4132 3508 4186 multo
3535 4135 3647 4188 risu
3676 4132 3757 4187 di-

2183 4237 2342 4291 gnum
2370 4231 2453 4276 est
2479 4261 2494 4287 ,
2529 4221 2670 4292 quod
2702 4236 2821 4276 cum
2853 4221 3304 4278 immortalitatem
3332 4234 3709 4293 exspectemus
3739 4265 3756 4291 ,

2183 4323 2238 4370 et
2277 4315 2412 4369 bona
2443 4356 2458 4379 ,
2488 4329 2607 4384 qua:
2635 4329 2734 4370 nec
2759 4315 2943 4370 oculus
2973 4315 3104 4369 vidit
3129 4330 3228 4370 nec
3254 4317 3397 4370 auris
3417 4316 3620 4371 audivit
3657 4333 3762 4372 nec

2184 4406 2236 4460 in
2279 4421 2374 4461 cor
2431 4406 2659 4460 hominis
2718 4404 3123 4472 ascenderunt,
3166 4407 3235 4462 de
3282 4409 3441 4463 rebus
3489 4423 3612 4478 quae
3669 4406 3758 4463 hic

2185 4507 2402 4554 manent
2430 4498 2818 4552 contendamus
2845 4539 2859 4564 ,
2885 4510 2937 4553 et
2969 4499 3080 4568 ipsa
3109 4500 3451 4554 aamulatioue
3474 4499 3636 4570 digna
3663 4514 3763 4555 ex-

2185 4591 2478 4644 istimemus
2499 4588 2522 4642 ?
2547 4588 2678 4644 Nam
2708 4591 2750 4644 si
2781 4588 2956 4643 adhuc
3000 4589 3113 4644 haec
3149 4605 3287 4659 opus
3312 4589 3478 4646 habes
3503 4590 3715 4647 discere
3741 4634 3758 4657 ,

2181 4679 2326 4748 quod
2351 4677 2550 4733 divitia:
2580 4679 2711 4734 nihil
2733 4695 2981 4750 magnum
3013 4680 3120 4734 sint
3140 4719 3154 4743 ,
3179 4679 3318 4749 quod
3348 4695 3437 4735 res
3468 4691 3762 4750 praesentes

2183 4771 2288 4824 sint
2315 4769 2500 4823 mnbra
2529 4779 2583 4824 et
2606 4770 2869 4824 somnium
2898 4810 2914 4836 ,
2943 4770 3085 4840 quod
3110 4769 3241 4824 fumi
3274 4771 3440 4825 inStar
3464 4770 3764 4826 dissolvan-

2188 4871 2272 4916 tur
2296 4872 2350 4917 et
2369 4862 2583 4917 avolent
2608 4879 2621 4927 ;
2651 4861 2751 4916 ista
2780 4861 2992 4916 interim
3014 4871 3165 4916 extra
3194 4861 3371 4933 adyta,
3401 4863 3453 4917 in
3481 4863 3762 4918 vestibulis

2185 4971 2378 5010 mane:
2411 4957 2644 5011 nondum
2675 4956 2816 5011 enim
2851 4956 3094 5025 ingressu
3137 4954 3204 5010 ad
3245 4970 3528 5024 supernam
3557 4959 3760 5028 regiam

2184 5051 2374 5120 dignus
2395 5065 2472 5106 es.
2498 5049 2552 5105 Si
2575 5051 2716 5106 enim
2745 5061 2986 5105 naturam
3010 5066 3194 5106 eorum
3222 5051 3529 5108 instabilem
3560 5065 3617 5109 et
3644 5070 3765 5124 per-

2182 5151 2345 5210 petuo
2387 5142 2637 5195 liuentem
2686 5141 2996 5198 discernere
3034 5144 3207 5198 nescis
3237 5184 3252 5206 ,
3293 5145 3633 5213 quandouam
3675 5146 3763 5200 illa

2183 5231 2463 5300 despicere
2507 5231 2706 5298 poteris
2731 5232 2754 5285 ?
2795 5234 2839 5286 si
2871 5243 2922 5288 te
2943 5233 3082 5288 scire
3110 5234 3258 5288 dicas
3288 5276 3302 5298 ,
3336 5235 3523 5290 desine
3549 5237 3763 5291 curiose

2185 5325 2411 5378 scrutari
2437 5333 2492 5378 et
2519 5323 2788 5392 inquirere
2814 5363 2826 5388 ,
2858 5340 2954 5379 cur
2978 5325 3068 5379 ille
3095 5325 3164 5378 sit
3192 5326 3341 5379 dives
3369 5367 3386 5390 ,
3424 5341 3522 5381 cur
3561 5326 3647 5382 hic
3694 5329 3765 5380 sit

2189 5431 2403 5488 pauper.
2442 5415 2668 5471 Perinde
2700 5417 2842 5471 enim
2873 5417 3006 5472 facis
3035 5419 3148 5472 haec
3193 5419 3530 5490 interrogans
3557 5458 3572 5479 .
3601 5428 3764 5487 atque

2186 5511 2229 5564 si
2260 5509 2579 5564 circumiens
2604 5523 2820 5578 rogares
2851 5551 2867 5574 ,
2903 5525 3002 5564 cur
3031 5510 3120 5563 ille
3159 5510 3314 5564 albus
3354 5519 3410 5564 et
3455 5509 3544 5564 ille
3573 5510 3761 5580 niger;

2189 5601 2278 5656 ille
2307 5600 2540 5671 aquilino
2570 5615 2719 5665 naso,
2751 5599 2838 5656 ille
2859 5601 3046 5655 simus.
3073 5600 3222 5658 Sicut
3245 5601 3391 5657 enim
3411 5602 3500 5658 illa
3532 5601 3662 5656 nihil
3691 5600 3760 5655 ad

2193 5710 2308 5761 nos,
2337 5710 2403 5748 an
2436 5694 2563 5761 isto,
2591 5708 2656 5749 an
2681 5694 2773 5751 illo
2797 5694 2956 5751 modo
2979 5709 3037 5766 se
3060 5693 3290 5752 habeant
3310 5711 3322 5748 :
3343 5695 3421 5750 sic
3445 5710 3616 5766 neque
3640 5706 3758 5746 esse
