4094 6222
391 307 494 363 947

376 516 544 585 ἡνίκα
573 519 722 588 παρὰ
751 519 845 572 τοῦ
873 520 1004 573 Θεοῦ
1037 524 1064 575 6
1093 523 1318 586 πλοῦτος
1340 523 1561 587 ἐδίδοτο,
1587 523 1681 575 καὶ
1709 519 1938 586 ἀπόκρισ

376 599 469 651 ναί
503 617 590 668 μοι
611 616 625 630 ’
658 601 806 665 τίνος
833 604 1018 658 ἕνεκεν
1040 607 1067 658 6
1111 607 1358 678 Ἀϐραὰμ
1392 607 1660 670 ἐπλούτει,
1691 607 1718 658 6
1745 603 1803 657 66
1842 604 1946 655 Ἰα-

376 680 498 732 κὼϐ
527 684 621 735 καὶ
644 684 810 756 ἄρτου
841 687 1041 754 ἐδεῖτο;
1070 690 1189 760 οὐχὶ
1222 690 1428 753 δίκαιος
1451 690 1544 743 καὶ
1569 683 1723 751 οὗτος
1745 682 1835 756 ἦν,
1854 685 1947 737 καὶ

379 767 624 831 ἐκεῖνος;
659 768 792 844 ούχὶ.
815 769 1017 838 ὁμοίως
1039 775 1165 843 περὶ
1189 773 1297 827 τῶν
1321 772 1488 843 τριῶν
1519 789 1704 841 φησιν,
1749 767 1890 836 Ἐγὼ
1915 768 1947 819 δ

384 849 532 914 Θεὸς
566 850 810 920 Ἀϐραὰμ
843 855 939 906 καί
988 855 1191 909 Ἰσαὰκ
1229 856 1328 909 καί
1373 856 1581 911 Ἰακὼϐ
1597 872 1616 920 ;
1643 853 1730 906 διὰ
1761 851 1812 904 τί
1841 849 1950 902 τοί-

381 948 480 983 νυν
506 934 535 984 ὁ
560 933 658 1001 μὲν
680 933 949 1001 ἐπλούτει,
979 938 1008 990 6
1036 937 1093 991 66
1121 939 1378 1008 ἐθήτευε;
1409 938 1607 1009 μᾶλλον
1640 936 1696 989 δὲ
1727 934 1814 988 διά
1844 933 1895 986 τί
1919 934 1948 984 6

383 1014 485 1082 μὲν
505 1012 652 1086 [266]
675 1016 737 1068 Ἢ
745 1017 843 1070 σαῦ
865 1018 1132 1085 ἐπλούτει,
1151 1021 1331 1085 ἄδικος
1347 1022 1421 1074 ῶν
1437 1022 1529 1074 καὶ
1541 1017 1944 1087 ἀδελφοκτόνος.

379 1090 537 1159 οὗτος
563 1097 619 1152 δὲ
649 1099 707 1152 ἐν
741 1100 955 1171 δουλείᾳ
980 1098 1049 1173 ἦν
1087 1104 1277 1174 χρόνον
1303 1104 1557 1157 τοσοῦτον
1584 1120 1598 1166 ;
1629 1102 1716 1155 διά
1750 1101 1802 1155 τί
1842 1100 1947 1152 πά-

380 1179 469 1232 λιν
501 1183 528 1233 6
559 1181 657 1250 μὲν
699 1184 880 1238 Ἰσαάκ
911 1186 1046 1255 μετά
1076 1187 1255 1251 ἀδείας
1279 1187 1438 1258 ἔζησε
1470 1188 1559 1241 τὸν
1586 1187 1795 1242 ἅπαντα
1827 1185 1948 1256 χρό-

380 1281 496 1326 νον,
526 1267 554 1317 6
587 1264 644 1316 66
695 1265 891 1320 Ἰακὼϐ
923 1269 982 1320 ἐν
1015 1268 1235 1339 μόχθοις
1275 1271 1370 1324 καὶ
1410 1271 1802 1341 ταλαιπωρίαις
1828 1285 1842 1298 ·
1867 1268 1947 1321 διὸ

382 1345 481 1398 καὶ
519 1346 690 1415 έλεγε,
723 1350 933 1417 Μικραὶ
957 1351 1054 1405 καί
1083 1353 1332 1422 πονηραὶ
1362 1356 1420 1407 αὶ
1453 1353 1661 1423 ἡμέραι
1686 1371 1824 1421 μου.
1853 1350 1948 1404 Διά

383 1427 441 1483 τί
466 1431 493 1481 6
526 1430 625 1499 μὲν
648 1431 808 1484 Δαυῖδ
839 1436 1120 1506 προφήτης
1147 1434 1222 1490 ὢν
1255 1437 1347 1490 καὶ
1373 1435 1640 1506 βασιλεὺς,
1667 1437 1761 1488 καὶ
1786 1433 1946 1496 αὐτὸς

382 1511 478 1562 τὸν
499 1511 713 1568 ἅπαντα
740 1514 929 1584 χρόνον
951 1519 1007 1569 ἐν
1032 1519 1214 1583 πόνοις
1246 1519 1460 1590 ἔζησεν⁹
1493 1521 1521 1572 6
1543 1519 1600 1571 66
1640 1516 1889 1589 Σολομὼν
1919 1517 1948 1568 6

385 1590 503 1652 υίὸς
516 1592 706 1644 τούτου
720 1597 1120 1668 τεσσαράκοντα
1139 1597 1234 1667 ἔτη
1251 1599 1465 1652 πάντων
1481 1599 1576 1652 ἀνθ
1587 1597 1779 1670 ρώπων
1797 1596 1947 1650 ἀδεέ-

388 1689 581 1743 στερον
630 1675 848 1746 διῆγεν,
887 1681 1110 1751 εἰρήνης
1158 1681 1443 1734 ἀπολαύων
1479 1681 1720 1752 βαθείας,
1767 1680 1945 1750 δόξης.

382 1758 572 1827 τιμῆς,
608 1759 702 1811 κα)⁸
727 1763 934 1833 τρυφῆς
959 1763 1103 1818 άπαν
1130 1765 1296 1818 ἐπιὼν
1325 1761 1496 1831 εἷδος;
1537 1765 1588 1818 τί
1624 1765 1822 1832 δήποτε
1855 1764 1949 1816 καὶ

383 1840 446 1892 ἐν
468 1843 581 1905 τοῖς
617 1848 922 1924 προφήταις
957 1848 986 1899 6
1036 1847 1136 1918 μὲν
1183 1849 1466 1919 μειζόνως,
1509 1851 1536 1902 6
1567 1848 1622 1902 66
1657 1849 1950 1909 ἐλαττόνως

381 1923 662 1992 ἐθλίϐετο;
692 1927 814 1983 Ὀτι
852 1931 1062 2001 ἑκάστῳ
1083 1931 1224 1986 οὕτω
1247 1933 1522 2004 συμφέρον
1544 1928 1632 2004 ἦν.

455 2007 548 2060 Διὸ
596 2010 811 2082 ἑκάστῳ
861 2014 1159 2083 ἀντιλέγειν
1215 2014 1342 2086 χρὴ,
1407 2016 1484 2070 Τὰ
1539 2014 1789 2084 κρίματά
1833 2027 1949 2066 σου

383 2091 657 2161 ἄϐυσσος
684 2096 904 2164 πολλή.
935 2099 1000 2151 El
1025 2099 1130 2169 γάρ
1147 2102 1274 2161 τοὺς
1303 2100 1571 2170 μεγάλους
1597 2099 1834 2160 ἐκείνους
1858 2096 1952 2150 καὶ

385 2176 733 2249 θαυμαστοὺς
766 2180 864 2251 οὐχ
891 2183 1089 2252 ὁμοίως
1126 2183 1430 2255 ἐγύμναζεν
1462 2186 1490 2236 6
1525 2182 1675 2247 Θεὸς,
1710 2181 1846 2235 ἀλλὰ
1860 2180 1952 2234 τὸν

388 2260 496 2332 μὲν
529 2259 616 2314 διὰ
651 2263 857 2328 πενίας,
890 2264 983 2317 τὸν
1010 2265 1065 2318 δέ
1101 2265 1189 2319 διά
1221 2266 1472 2332 πλούτου,
1500 2268 1594 2320 καὶ
1629 2267 1720 2319 τὸν
1760 2265 1857 2334 μὲν
1883 2262 1949 2316 δι’

382 2342 643 2408 ἀνέσεως,
665 2345 756 2398 τὸν
787 2345 844 2398 δὲ
872 2346 958 2400 διὰ
977 2347 1226 2418 θλίψεως,
1259 2348 1437 2420 πολλῷ
1468 2349 1664 2420 μᾶλλον
1693 2347 1787 2401 νῦν
1820 2346 1951 2400 ταῦ-

380 2441 454 2479 τα
483 2429 682 2480 ἐννοεῖν
715 2430 842 2500 χρή.
890 2430 1046 2484 Μετά
1072 2432 1130 2484 δέ
1161 2431 1350 2485 τούτου
1379 2433 1598 2486 κάκεῖνο
1643 2429 1952 2500 λογίζεσθαι

380 2509 486 2572 δεῖ,
518 2509 600 2562 ὃτι
634 2511 802 2565 πολλά
826 2511 934 2566 τῶν
965 2514 1367 2584 συμϐαινόντων
1397 2515 1458 2568 ού
1486 2514 1625 2569 κατά
1653 2514 1752 2584 τὴν
1785 2511 1950 2566 αὑτοῦ

381 2592 595 2660 γίνεται
622 2594 868 2666 γνώμην,
915 2597 1028 2650 ἀλλ’
1059 2598 1163 2652 ἀπὸ
1189 2601 1288 2671 τῆς
1313 2598 1586 2670 ἡμετέρας
1615 2597 1833 2661 κακίας.
1861 2595 1952 2667 Μὴ

382 2677 562 2731 τοίνυν
590 2677 734 2746 λέγε,
766 2679 864 2733 Διά
897 2681 948 2733 τί
985 2683 1012 2734 6
1041 2682 1139 2752 μὲν
1168 2683 1418 2745 πλούσιος
1465 2681 1664 2751 φαῦλος
1696 2681 1792 2745 ῶν,
1833 2683 1861 2734 6
1895 2679 1952 2732 66

381 2760 556 2832 πένης
581 2762 788 2827 δίκαιος
824 2763 932 2828 ῶν;
960 2766 1208 2819 Μάλιστα
1236 2767 1335 2837 μὲν
1358 2766 1466 2839 γάρ
1489 2767 1583 2820 καὶ
1609 2765 1810 2819 τούτων
1837 2764 1952 2817 ἔστι

381 2845 567 2900 δοῦναι
600 2847 772 2916 λόγον,
798 2850 892 2902 καὶ
921 2851 1112 2904 εἰπεῖν·
1145 2852 1264 2904 Ὅτι
1291 2850 1413 2904 οὔτε
1438 2855 1465 2904 6
1488 2851 1692 2914 δίκαιος
1721 2851 1828 2903 ἀπὸ
1852 2849 1954 2920 τῆς

382 2930 575 2994 πενίας
611 2932 723 3002 ἔχει
763 2952 815 2987 τι
841 2933 1054 3004 βλάϐος,
1095 2934 1229 2988 ἀλλά
1255 2936 1350 2988 καὶ
1386 2935 1609 3005 μείζονα
1640 2935 1953 3007 προσθήκην

382 3014 807 3087 εὐδοκιμήσεως,
850 3017 945 3070 καὶ
994 3021 1022 3072 6
1068 3020 1237 3082 κακὸς
1281 3020 1489 3088 ἐφόδιον
1535 3019 1805 3090 τιμωρίας
1863 3018 1953 3072 16v

381 3099 634 3165 πλοῦτον,
658 3101 722 3154 ἂν
756 3101 830 3172 μὴ
855 3101 1240 3173 μεταϐάληται,
1273 3105 1556 3173 κέκτηταιο
1597 3103 1689 3156 καὶ
1727 3102 1832 3174 πρὸ
1855 3102 1956 3173 τῆς

381 3182 658 3246 κολάσεως
696 3184 750 3238 δὲ
787 3185 1046 3250 πολλάκις
1080 3185 1264 3239 κακῶν
1297 3187 1468 3245 αίτιος
1495 3185 1642 3256 αύτῷ
1671 3185 1890 3254 γέγονεν
1927 3188 1955 3238 6

382 3265 612 3330 πλοῦτος
634 3267 862 3334 πολλῶν,
884 3268 977 3322 καὶ
1009 3270 1089 3332 εἰς
1120 3267 1288 3340 μύρια
1309 3269 1483 3339 ήγαγε
1515 3268 1779 3340 βάραθρα.
1823 3269 1878 3323 '0
1898 3268 1955 3322 δὲ

383 3349 517 3413 Θεὸς
563 3351 807 3422 ἀφίησιν,
847 3350 982 3421 ὁμοῦ
1034 3368 1094 3404 τε
1132 3351 1345 3416 δεικνὺς
1383 3352 1444 3405 τὸ
1479 3352 1821 3416 αὐτεξούσιον
1857 3353 1956 3422 τῆς

382 3433 781 3504 προαιρέσεως,
812 3433 946 3504 ὁμοῦ
966 3451 1026 3488 τε
1048 3434 1178 3498 τοὺς
1207 3434 1398 3498 ἄλλους
1429 3434 1696 3488 παιδεύων
1733 3434 1806 3506 μὴ
1832 3436 1955 3506 μαί-

383 3518 573 3573 νεσθαι
612 3519 746 3589 μηδέ
782 3518 978 3590 λυττᾷν
1007 3521 1136 3590 περὶ
1165 3519 1235 3573 τά
1265 3523 1546 3591 χρήματα.
1580 3521 1644 3574 Τί
1677 3517 1799 3585 οὖν,
1827 3523 1955 3574 ὅταν

382 3601 622 3671 πονηρός
650 3618 732 3664 τις
759 3601 835 3653 ῶν
863 3601 1088 3672 πλουτῇ,
1115 3604 1209 3656 καὶ⁵
1239 3603 1402 3674 μηδὲν
1432 3604 1612 3675 πάσχῃ
1633 3604 1828 3670 δεινόν;
1855 3622 1956 3674 φη-

384 3685 472 3737 σίν
491 3701 505 3714 ·
537 3684 602 3738 ἂν
640 3684 740 3755 μὲν
771 3684 880 3756 γὰρ
899 3685 1120 3754 ’ἀγαθὸς
1149 3685 1224 3739 ῶν
1254 3687 1482 3758 πλουτῇ,
1525 3688 1765 3753 δικαίωςο
1808 3690 1872 3744 ἂν
1899 3690 1956 3744 δὲ

382 3767 643 3837 πονηρὸς,
676 3768 728 3820 τί
750 3767 1016 3839 ἐροῦμεν;
1044 3770 1164 3822 Ὅτι
1196 3769 1289 3822 καὶ
1315 3769 1485 3844 ταύτῃ
1519 3772 1768 3835 ἐλεεινός·
1802 3773 1959 3827 πλοῦν

382 3867 478 3913 τος
510 3853 618 3921 γάρ
654 3853 888 3923 πονηρίᾳ
917 3853 1340 3923 προσγινόμενος
1376 3855 1646 3925 ἐπιτρίϐει
1672 3856 1734 3908 τὸ
1763 3856 1954 3920 πάθος.

394 3933 541 3987 Ἀλλ’
571 3935 771 4002 ἀγαθός
795 3936 932 3998 ἐστι,
967 3936 1062 3990 καὶ
1094 3936 1343 4002 πένεται;
1379 3937 1515 3990 Ἀλλ’
1545 3938 1697 3991 οὐδὲν
1724 3938 1955 4009 βλάπτε-

380 4034 505 4072 ται.
561 4017 720 4070 Ἀλλά
763 4019 996 4090 πονηρός
1039 4020 1175 4084 ἐστι,
1211 4021 1304 4073 καὶ
1348 4020 1596 4086 πένεται;
1633 4021 1840 4075 Ούκοῦν
1879 4023 1958 4076 δι-

383 4099 566 4162 καίως
587 4100 679 4153 καὶ
703 4102 1008 4169 κατ’ἀξίαν,
1039 4103 1236 4174 μᾶλλον
1268 4103 1325 4156 δέ
1356 4103 1451 4157 καὶ
1478 4104 1762 4174 χρησίμως
1785 4104 1954 4175 αὐτῷ,

397 4182 552 4237 Ἀλλ’
580 4185 608 4237 6
638 4182 801 4247 δεῖνα,
846 4185 999 4256 φησὶ,
1045 4185 1196 4257 παρά
1234 4187 1514 4259 προγόνων
1547 4187 1761 4252 ἐδέξατο
1792 4187 1956 4242 πλού-

382 4283 504 4333 τον,
541 4267 636 4321 καὶ
669 4270 947 4339 σκορπίζει
997 4270 1184 4324 τοῦτον
1224 4272 1302 4334 είς
1346 4270 1548 4341 πόρνας
1589 4272 1684 4324 καὶ
1724 4271 1958 4342 παρασί-

383 4369 537 4416 τους,
566 4353 659 4406 καὶ
685 4353 838 4407 οὐδὲν
859 4355 1056 4425 πάσχει
1080 4355 1269 4410 δεινόν.
1303 4355 1368 4408 Τί
1402 4354 1539 4426 φῄςς
1571 4355 1840 4427 πορνεύει,
1865 4355 1958 4408 καὶ

384 4436 586 4504 λέγεις,
605 4436 770 4490 Ούδέν
795 4437 990 4508 πάσχει
1010 4439 1214 4507 δεινόνς
1246 4439 1450 4509 μεθύει,
1480 4440 1574 4494 καὶ
1597 4439 1836 4511 νομίζεις
1859 4440 1958 4493 αύ-

384 4519 482 4573 τὸν
509 4523 754 4592 τρυφᾷν;
788 4524 869 4586 είς
901 4523 1050 4576 οὐδὲν
1077 4522 1193 4576 δέον
1226 4523 1456 4595 δαπανᾷ,
1484 4525 1574 4578 καὶ
1601 4524 1836 4595 ζηλωτὸν
1860 4525 1958 4578 αύ-

384 4603 480 4657 τὸν
510 4598 654 4658 εἶναι
682 4605 788 4676 φῄς
819 4616 882 4668 ις
917 4605 1012 4658 καὶ
1037 4606 1090 4658 τί
1114 4608 1293 4676 χεῖρον
1320 4607 1517 4675 γένοιτ’
1541 4608 1606 4661 ἂν
1647 4608 1834 4662 τούτου
1864 4607 1956 4662 τοῦ

386 4687 489 4759 τὴν
512 4687 688 4759 ψυχὴν
725 4688 1118 4758 λυμαινομένου
1143 4708 1157 4756 ;
1190 4691 1260 4744 Σὺ
1289 4691 1366 4754 δὲ,
1404 4690 1581 4760 είμέν
1605 4692 1666 4744 τὸ
1691 4693 1848 4763 σῶμα
1880 4693 1957 4746 δι-

387 4770 660 4840 έστραπτο
697 4771 790 4825 καὶ
830 4774 1144 4843 πεπήρωτο,
1179 4774 1387 4844 μυρίων
1421 4774 1485 4828 ἂν
1520 4774 1655 4846 ἔφης
1681 4775 1828 4839 ἀξιον
1857 4777 1957 4829 αύ-

387 4852 482 4906 τὸν
516 4849 653 4908 εἶναι
681 4853 953 4924 δακρύων,
984 4856 1082 4926 τὴν
1107 4856 1163 4909 δὲ
1187 4855 1365 4927 ψυχὴν
1395 4857 1558 4910 αὐτοῦ
1585 4860 1762 4911 πᾶσαν
1786 4876 1960 4930 πεπη-

397 4936 646 5007 ρωμένην
689 4937 851 5008 δρῶν,
904 4939 997 4992 καὶ
1046 4939 1310 5010 μακάριον
1364 4939 1630 5009 νομίζειςς
1677 4941 1815 4995 Ἀλλ’
1859 4943 1960 4996 ούκ

395 5019 728 5083 αἰσθάνεται,
752 5020 904 5090 φησί.
946 5021 1056 5075 Καὶ
1099 5021 1164 5074 δι’
1197 5022 1329 5076 αὐτὸ
1363 5023 1462 5094 μὲν
1487 5019 1579 5076 οὖν
1615 5023 1771 5077 τοῦτο
1799 5024 1959 5080 πάλιν

392 5101 645 5167 ἐλεεινὸς,
677 5101 864 5174 ῶσπερ
897 5106 944 5157 οί
973 5106 1391 5175 παραπαίοντες.
1427 5106 1486 5159 '0
1517 5106 1616 5178 μὲν
1645 5107 1955 5179 γὰρέίδὼς,

391 5185 474 5239 ὅτι
517 5188 679 5250 νοσεῖ,
725 5186 818 5239 καὶ
851 5186 942 5240 τὸν
997 5187 1177 5258 ἰατρὸν
1216 5188 1532 5260 ἐπιζητήσει
1587 5189 1824 5254 πάντως.
1867 5194 1954 5245 καὶ

390 5269 702 5339 φαρμάκων
738 5268 1004 5334 ἀνέξεται’
1037 5272 1065 5324 6
1099 5271 1156 5324 δὲ
1189 5271 1414 5341 ἀγνοῶν,
1438 5271 1557 5324 οὐδὲ
1577 5273 1962 5344 ἀπαλλαγῆναι

388 5350 907 5421 δυνήσεται.Τοῦτον
922 5351 1014 5408 οὖν
1031 5354 1350 5426 μακαρίζεις
1364 5372 1378 5418 ;
1393 5355 1512 5408 είπέ
1531 5374 1640 5426 μοι.
1661 5357 1796 5410 Ἀλλ’
1811 5359 1961 5412 οὐδὲν

392 5435 727 5506 θαυμαστόν·
760 5437 1075 5507 φιλοσοφίας
1101 5439 1210 5508 γὰρ
1239 5440 1288 5490 οἱ
1313 5439 1527 5503 πλείους
1553 5439 1698 5513 [267]
1722 5441 1958 5515 ἄπειροι.

390 5518 491 5574 Διὰ
536 5519 697 5574 τοῦτο
739 5523 837 5592 τὴν
869 5521 1102 5594 ἐσχάτην
1137 5523 1354 5593 τίνομεν
1383 5523 1556 5594 δίκην,
1588 5525 1957 5597 κολαζόμενοι,

453 5779 478 5809 ⁸
509 5778 774 5842 lcgebalur
801 5780 878 5826 καὶ
897 5779 1093 5836 νομίζεις
1116 5780 1254 5828 αὐτὸν
1277 5784 1311 5835 ζ.
1344 5781 1475 5832 εἶναι.

1376 324 1438 378 ΙΝ
1476 320 1689 376 EPIST.
1731 315 1868 373 IAD
1905 315 2061 370 COIL
2104 315 2335 370 HOMIL.
2367 317 2556 372 XXIX.

379 433 636 501 λέγοντας
662 436 814 505 ἡμῖν,
860 437 990 510 φέρε
1030 440 1282 510 ἀνωτέρω
1305 441 1394 493 τὸν
1440 441 1597 508 λόγον
1624 440 1942 507 ἀγάγωμεν,
1984 453 2005 480 ⁸

3503 309 3608 365 288

2052 437 2144 489 καὶ
2197 436 2318 490 ούδέ
2367 436 2826 504 ἀπαλλαττόμενοι
2864 433 2963 502 τῆς
3013 433 3279 500 τιμωρίας
3303 443 3315 456 ο
3340 425 3428 479 διὰ
3455 427 3613 479 τοῦτο

2051 518 2210 589 θυμοὶ
2231 521 2323 573 καὶ
2355 520 2580 592 ἀθυμίαι
2617 519 2713 572 κα)⁸
2738 516 2954 587 θόρυϐοι
2974 515 3259 584 διηνεκεῖς,
3285 509 3474 580 ἐπειδὴ
3504 509 3614 579 βίον

2049 602 2251 656 ἄλυπον
2291 603 2561 670 δείξαντος
2594 604 2723 674 ημῖν
2765 600 2857 652 τοῦ
2905 596 3068 661 Θεοῦ,
3113 596 3202 648 τὸν
3240 598 3341 665 τῆς
3383 595 3614 665 ἀρετῆς,

2049 688 2210 755 ἡμεῖς
2249 686 2452 756 ταύτην
2498 686 2757 754 ἀφέντες,
2807 683 2997 752 ἑτέραν
3046 680 3312 748 τέμνομεν
3355 679 3473 732 666v
3518 679 3617 748 τὴν

2050 770 2141 823 τοῦ
2170 771 2399 824 πλούτου
2436 772 2529 824 καὶ
2562 769 2670 822 τῶν
2696 768 3012 838 χρημάτων,
3044 763 3141 834 τὴν
3178 762 3382 833 μυρίων
3415 759 3618 831 γέμουο

2052 869 2148 905 σαν
2191 852 2396 906 κακῶν·
2449 852 2543 907 καὶ
2573 852 2764 904 ταύτὸν
2802 848 3078 918 ποιοῦμεν,
3116 845 3304 915 ὥσπερ
3345 843 3410 898 ἂν
3455 842 3617 906 εἴτις

2051 938 2316 1006 σωμάτων
2359 937 2460 989 οὐκ
2491 934 2645 998 εἰδὼς
2680 932 2973 1005 διακρίνειν
3001 929 3214 992 κάλλος,
3251 926 3387 981 ἀλλὰ
3412 927 3474 980 τὸ
3510 929 3620 978 πᾶν

2049 1023 2160 1083 τοῖς
2186 1019 2421 1090 ίματίοις
2449 1018 2727 1088 τιθέμενος
2769 1016 2864 1070 καὶ
2894 1014 2971 1085 τῷ
3001 1011 3367 1084 περικειμένῳ
3405 1009 3618 1078 κόσμῳ,

2048 1104 2147 1175 τὴν
2189 1105 2285 1174 μὲν
2319 1103 2524 1175 ὡραίαν
2553 1103 2786 1170 γυναῖκα
2825 1099 2921 1153 καὶ
2952 1097 3177 1167 φυσικὸν
3203 1095 3397 1165 κάλλος
3421 1110 3621 1161 κεκτη-

2053 1187 2220 1258 μένην
2248 1185 2370 1240 ίδὼν
2408 1185 2754 1256 παραδράμοι
2774 1201 2787 1214 ⁸
2815 1182 2912 1253 τὴν
2941 1181 2999 1236 δὲ
3023 1180 3255 1250 αἰσχρὰν
3289 1179 3384 1232 καὶ
3407 1175 3619 1246 δυσειδῆ

2050 1271 2143 1322 καὶ
2169 1271 2229 1322 τὸ
2261 1270 2416 1340 σῶμα
2449 1267 2748 1337 ἀνάπηρον,
2777 1265 2916 1320 καλά
2948 1263 3138 1335 ἱμάτια
3167 1263 3392 1332 ἔχουσαν
3425 1258 3622 1312 θεασά-

2052 1370 2228 1422 μενος,
2256 1355 2487 1421 γυναῖκα
2526 1353 2800 1420 ἀγάγοιτο.
2834 1347 3084 1404 Τοιοῦτόν
3129 1364 3180 1400 τι
3228 1346 3319 1397 καὶ
3356 1343 3450 1396 νῦν
3494 1340 3620 1412 περὶ

2048 1437 2143 1505 τὴν
2173 1435 2371 1506 ἀρετὴν
2398 1437 2491 1487 καὶ
2527 1435 2623 1505 τὴν
2658 1434 2856 1490 κακίαν
2897 1435 3193 1500 πάσχουσιν
3215 1429 3261 1481 οἱ
3290 1425 3495 1487 πολλοὶ,
3522 1424 3622 1493 τὴν

2051 1521 2149 1590 μὲν
2172 1520 2402 1591 αἰσχράν
2429 1521 2586 1589 φύσει
2614 1521 2963 1592 προσιέμενοι
2993 1518 3081 1571 διὰ
3110 1521 3199 1570 τὸν
3223 1514 3419 1580 ἔξωθεν
3449 1512 3622 1581 αὐτῆς

2049 1606 2272 1675 κόσμον,
2303 1605 2398 1676 τὴν
2426 1606 2482 1658 δέ
2511 1605 2714 1678 ὡραίαν
2742 1605 2834 1658 καὶ
2855 1603 3128 1674 εύμορφον
3156 1597 3622 1670 ἀποστρεφόμενοι

2045 1691 2133 1744 διά
2179 1691 2240 1744 τὸ
2285 1691 2490 1761 γυμνὸν
2532 1691 2703 1762 αὐτῆς
2756 1691 2971 1754 κάλλος,
3000 1690 3068 1744 δι’
3102 1690 3129 1742 ὃ
3172 1689 3405 1760 μάλιστα
3451 1684 3622 1756 αὐτὴν

2048 1773 2263 1828 ἑλέσθαι
2293 1775 2480 1846 ἐχρῆν.

2121 1864 2197 1922 ς’.
2219 1857 2316 1912 Διά
2351 1857 2507 1912 τοῦτο
2521 1858 2864 1929 αἰσχύνομαι,
2887 1858 2968 1911 ὅτι
2995 1860 3124 1926 παρ’
3141 1857 3365 1926 Ἕλλησι
3393 1853 3490 1926 μὲν
3509 1855 3622 1915 τοῖς

2047 1942 2296 2012 ἀνοήτοις
2337 1943 2472 1994 εἰσὶν
2518 1943 2567 1995 οί
2607 1941 2780 1996 ταῦτα
2830 1941 3264 2010 φιλοσοφοῦντες,
3313 1942 3361 1993 εί
3403 1939 3495 1992 καὶ
3546 1936 3624 2008 μὴ

2049 2025 2385 2094 πράγμασιν,
2420 2025 2558 2080 ἀλλὰ
2579 2028 2643 2095 τῇ
2667 2026 2858 2097 γνώμη
2879 2025 3008 2094 γοῦν
3030 2025 3189 2090 τέως,
3220 2025 3312 2078 καὶ
3335 2023 3534 2084 εἰδότες
3561 2021 3623 2078 τὸ

2047 2109 2157 2162 τῶν
2206 2110 2486 2181 παρόντων
2539 2109 2834 2180 ἐπίκηρον·
2898 2111 3026 2182 παρ’
3065 2111 3196 2179 ἡμῖν
3237 2107 3294 2160 66
3331 2106 3462 2160 ἔνιοι
3501 2104 3624 2160 οὐδὲ

2047 2191 2220 2246 ταῦτα
2243 2192 2578 2257 ἐπίστανται,
2601 2193 2737 2249 ἀλλὰ
2757 2194 2850 2247 καὶ
2869 2192 2967 2264 τὴν
2990 2193 3170 2261 κρίσιν
3190 2189 3356 2258 αὐτὴν
3376 2187 3626 2258 διεφθαρ-

2053 2276 2224 2344 μένην
2264 2274 2464 2346 ἔχουσι,
2502 2277 2594 2329 καὶ
2635 2275 2808 2330 ταῦτα
2828 2276 2950 2330 »ἀνω
2975 2275 3070 2329 καὶ
3099 2275 3249 2327 κάτω
3273 2273 3372 2342 τῆς
3398 2272 3624 2343 Γραφῆς

2049 2357 2354 2430 ἐπᾳδούσης
2400 2361 2533 2428 ἡμῖν
2583 2361 2676 2413 καὶ
2723 2359 3006 2429 λεγούσηςο
3061 2355 3480 2423 Ἐξουδένωται
3522 2353 3623 2406 ἐν·

2049 2441 2234 2495 ώπιον
2284 2441 2469 2496 αὐτοῦ
2512 2442 3006 2511 πονηρευόμενος,
3047 2440 3188 2506 τοὺς
3229 2439 3298 2492 δὲ
3337 2435 3624 2506 φοϐουμέ-

2049 2543 2196 2591 νους
2218 2525 2324 2578 τὸν
2346 2525 2563 2592 Κύριον
2584 2523 2830 2589 δοξάζει.
2861 2526 3048 2590 Φόϐος
3073 2523 3293 2590 Κυρίου
3319 2520 3471 2588 ὑπὲρ
3501 2519 3626 2573 πᾶν

2048 2608 2400 2677 ὑπερέϐαλε.
2435 2608 2545 2663 Τὸν
2571 2610 2721 2662 Θεὸν
2747 2610 2954 2679 φοϐοῦ,
2985 2609 3082 2662 καί
3117 2607 3226 2671 τὰς
3245 2605 3497 2670 ἐντολὰς
3521 2603 3623 2657 αὑ-

2050 2692 2157 2746 τοῦ
2224 2693 2526 2761 φύλασσε,
2588 2692 2678 2746 ὅτι
2727 2692 2904 2746 τοῦτο
2955 2690 3073 2756 πᾶς
3127 2689 3458 2757 ἅνθρωπος.
3527 2683 3626 2754 Μὴ

2051 2773 2393 2844 ποραζήλου
2446 2775 2517 2828 ἐν
2565 2775 2692 2841 τοῖς
2737 2772 3240 2844 πονηρευομένοις
3259 2788 3274 2802 ο
3318 2769 3403 2840 μὴ
3436 2768 3627 2838 φοϐοῦ

2051 2858 2197 2912 ὅταν
2231 2857 2552 2926 πλουτήσῃ
2585 2857 2915 2925 ἄνθρωπος.
2952 2855 3142 2910 Πᾶσαη
3181 2854 3338 2922 σὰρξ
3388 2853 3625 2924 χόρτος,

2051 2944 2148 2997 καί
2211 2941 2379 2998 πᾶσα
2430 2941 2580 3007 δόξα
2639 2941 2952 3010 ἀνθρώπου
3004 2939 3086 3006 ὠς
3143 2938 3326 3004 ἄνθος
3386 2937 3624 3006 χόρτου.

2051 3025 2237 3079 Ταῦτα
2265 3027 2371 3099 γὰρ
2407 3027 2500 3078 καὶ
2536 3024 2603 3076 τά
2638 3023 2860 3077 τοιαῦτα
2905 3021 3027 3076 καθ’
3057 3022 3295 3090 ἑκάστην
3341 3019 3628 3081 ἀκούοντες

2051 3109 2152 3181 τὴν
2182 3109 2413 3182 ἡμέραν,
2441 3109 2519 3161 ἐτι
2562 3109 2628 3178 τῇ
2667 3110 2738 3179 γῇ
2770 3106 3190 3179 προσηλώμεθα.
3229 3105 3338 3158 Καὶ
3378 3103 3628 3177 καθάπερ

2051 3193 2240 3246 παιδία
2264 3192 2452 3262 ἀμαθῆ
2480 3190 2716 3262 συνεχῶς
2739 3190 2806 3244 τά
2831 3193 3068 3261 στοιχεῖα
3093 3187 3449 3260 μανθάνοντα,
3478 3189 3628 3240 ἐπει-

2051 3274 2149 3328 δὰν
2175 3274 2591 3346 διεσπαρμένως
2617 3273 2934 3344 ἐξετάζηται
2977 3275 3107 3344 περὶ
3141 3273 3240 3342 τῆς
3268 3269 3490 3324 ἐκείνων
3527 3268 3628 3322 τά·

2053 3357 2206 3422 ξεως,
2236 3358 2398 3428 ἕτερα
2431 3357 2546 3411 ἀνθ’
2576 3358 2762 3430 ἐτέρου
2798 3357 3026 3426 λέγοντα
3052 3357 3218 3410 πολὺν
3248 3355 3389 3409 κινεῖ
3409 3354 3500 3406 τὸν
3530 3352 3626 3422 γέ-

2051 3441 2218 3495 λωταο
2243 3440 2386 3494 οὕτω
2417 3441 2510 3494 καὶ
2539 3441 2716 3510 ὑμεῖς,
2742 3442 2870 3495 ὅταν
2904 3440 3002 3511 μὲν
3034 3437 3266 3493 ἐνταῦθα
3299 3437 3442 3491 κατὰ
3473 3436 3628 3502 τάξιν

2053 3525 2192 3578 αύτά
2234 3524 2362 3595 ύμῖν
2417 3523 2831 3594 καταλέξωμεν,
2889 3525 3243 3594 ὁπωσδήποτε
3286 3521 3628 3593 παρακολου-

2053 3609 2214 3663 θεῖτε·
2246 3609 2372 3661 ὃταν
2400 3608 2456 3660 δὲ
2494 3606 2597 3671 ἔξω
2623 3607 3033 3678 διεσπαρμένως
3065 3607 3208 3679 ὑμᾶς
3239 3605 3628 3677 ἐρωτήσωμεν,

2053 3694 2181 3746 ποῖα
2215 3691 2314 3760 μὲν
2337 3689 2549 3761 πρῶτα,
2583 3692 2712 3744 ποῖα
2757 3689 2813 3743 δὲ
2856 3690 3082 3762 δεύτερα
3123 3691 3232 3744 τῶν
3283 3687 3626 3761 πραγμάτων

2052 3775 2265 3828 τάττειν
2293 3772 2460 3839 ἄξιον,
2492 3773 2587 3825 καὶ
2615 3773 2736 3826 τίνα
2785 3773 2921 3842 μετὰ
2976 3773 3116 3836 τίνα,
3169 3773 3271 3825 οὐκ
3301 3763 3502 3834 είδότες
3548 3773 3629 3824 εί-

2054 3859 2196 3922 πεῖν,
2236 3855 2624 3922 καταγέλαστοι
2657 3856 2890 3923 γίνεσθε.
2923 3851 2998 3908 Ἦ
3028 3857 3088 3909 ού
3135 3854 3332 3908 πολλοῦ
3368 3854 3626 3923 γέλωτος,

2055 3940 2175 3994 εἰπέ
2214 3957 2323 4011 μοι,
2355 3939 2650 3993 ἀθανασίαν
2680 3939 3110 4008 προσδοκῶντας,
3140 3939 3235 3992 καὶ¹
3264 3938 3333 3992 τά
3361 3937 3562 4006 ἀγαθὰ,
3591 3938 3631 3991 ἃ

2054 4022 2178 4077 οὔτε
2199 4023 2470 4094 ὀφθαλμὸς
2487 4018 2645 4087 είδεν,
2665 4022 2787 4075 οὔτε
2821 4017 2912 4086 οὖς
2939 4022 3189 4094 ήκουσεν,
3227 4019 3350 4073 οὔτε
3372 4021 3462 4073 ἐπὶ
3489 4035 3628 4091 καρ-

2056 4106 2173 4160 δίαν
2210 4104 2494 4175 άνθρὼπου
2534 4105 2722 4178 ἀνέϐη,
2774 4107 2901 4176 περὶ
2947 4104 3054 4157 τῶν
3091 4103 3324 4157 ἐνταῦθα
3360 4103 3630 4174 μενόντων

2058 4189 2399 4258 φιλονεικεῖν,
2434 4189 2527 4242 καὶ
2551 4188 2764 4258 ζηλωτὰ
2796 4187 2935 4242 αὑτά
2962 4183 3099 4240 εἶναι
3135 4186 3373 4257 νομίζειν
3393 4203 3408 4250 ;
3432 4187 3494 4238 Εί
3519 4184 3630 4256 γάρ

2057 4272 2137 4325 ἔτι
2187 4272 2358 4325 ταῦτα
2399 4272 2586 4343 χρείαν
2640 4271 2780 4341 ἔχεις
2839 4270 3150 4340 μανθάνειν,
3190 4271 3271 4323 ὅτι
3297 4268 3450 4322 οὐδὲν
3486 4268 3632 4338 μέγα

2057 4355 2304 4419 πλοῦτος,
2341 4357 2421 4408 ὅτι
2459 4355 2584 4408 σκιά
2613 4355 2683 4408 τὰ
2715 4355 2957 4426 παρόντα
2989 4353 3082 4407 καὶ
3115 4353 3271 4426 ὄναρ,
3311 4353 3392 4405 ὃτι
3421 4352 3629 4405 καπνοῦ

2055 4439 2208 4507 δίκην
2233 4438 2502 4492 διαλύεται
2529 4439 2622 4490 καὶ
2642 4437 2962 4506 άφίπταται·
2989 4436 3093 4500 ἔξω
3116 4436 3222 4488 τῶν
3243 4435 3448 4488 ἀδύτων
3474 4434 3628 4505 στῆθι

2056 4523 2215 4588 τέως,
2242 4523 2299 4574 ἐν
2332 4524 2442 4584 τοῖς
2483 4520 2834 4592 προπυλαίοις
2879 4520 3026 4591 μένε·
3061 4518 3212 4574 οὔπω
3248 4519 3358 4590 γὰρ
3392 4519 3491 4588 τῆς
3508 4519 3631 4572 ἐίσ-

2057 4606 2178 4661 όδου
2207 4607 2304 4676 τῆς
2332 4606 2466 4678 πρὸς
2495 4605 2562 4658 τά
2585 4604 2695 4658 ἀνω
2726 4604 2968 4675 βασίλεια
2994 4603 3142 4671 ἄξιος
3161 4604 3408 4673 γέγονας.
3436 4604 3497 4656 Εἰ
3522 4601 3630 4674 γάρ

2058 4689 2156 4761 τὴν
2201 4688 2362 4762 φύσιν
2391 4688 2568 4742 αὐτῶν
2597 4687 2890 4758 διακρίνειν
2941 4687 3041 4740 οὐκ
3089 4683 3244 4740 οἶσθα
3271 4687 3370 4756 τὴν
3398 4685 3631 4739 ἄστατον

2058 4775 2157 4830 καὶ
2173 4772 2434 4843 διηνεκῶς
2465 4771 2712 4842 ῥέουσαν,
2738 4771 2866 4824 πότε
2892 4771 3070 4824 αὐτῶν
3097 4768 3370 4840 ὑπεριδεῖν
3389 4767 3628 4839 δυνήσῃς

2059 4858 2185 4913 είδέ
2204 4856 2382 4924 λέγεις
2407 4855 2624 4917 εἰδέναι,
2647 4853 2851 4907 παῦσαι
2872 4849 3340 4922 πολυπραγμονῶν
3369 4851 3461 4904 καί¹
3484 4867 3633 4921 περι.

2059 4942 2442 5015 εργαζόμενος,
2470 4938 2521 4991 τί
2551 4939 2750 5012 δήποτε
2775 4939 2802 4990 6
2835 4937 2981 4990 δεῖνα
3010 4935 3281 5000 πλούσιος,
3318 4938 3408 4990 καὶ
3434 4937 3462 4988 6
3485 4934 3633 4988 δεῖνα

2058 5025 2248 5095 πένης.
2296 5022 2502 5076 Ταύτὸν
2545 5020 2653 5090 γὰρ
2697 5022 2869 5082 ποιεῖς
2919 5019 3091 5073 ταῦτα
3147 5018 3385 5091 ἐρωτῶν,
3433 5018 3634 5072 ὡσανεὶ

2058 5106 2288 5179 περιιὼν
2333 5103 2652 5167 ἐπυνθάνου,
2684 5102 2831 5176 [268]
2875 5104 2928 5158 τί
2971 5104 3167 5177 δήποτε
3208 5105 3237 5156 6
3262 5104 3407 5158 δεῖνα
3443 5102 3634 5162 λευκὸς

2058 5193 2152 5246 καὶ
2189 5195 2217 5244 6
2241 5191 2388 5244 δεῖνα
2435 5189 2617 5260 μέλας,
2646 5189 2678 5260 ἢ
2711 5190 2739 5241 6
2771 5189 2916 5242 δεῖνα
2946 5189 3152 5260 γρυπὸς
3187 5189 3282 5243 καὶ
3316 5192 3344 5243 6
3375 5188 3521 5240 δεῖνα
3551 5202 3633 5237 σι-

2063 5277 2179 5348 μός.
2217 5276 2426 5344 Ὥσπερ
2465 5275 2572 5348 γάρ
2609 5273 2759 5331 οὐδὲν
2801 5273 2971 5327 ταῦτα
3003 5275 3134 5343 ήμῖν
3179 5272 3443 5342 διαφέρει,
3478 5271 3544 5324 άν
3568 5285 3632 5323 τε

2059 5359 2251 5423 οὕτως,
2275 5358 2339 5411 ἀν
2364 5375 2423 5410 τε
2451 5357 2672 5421 ἐκείνως
2696 5357 2814 5427 ἔχῃ,
2838 5355 3008 5418 οὕτως
3036 5355 3155 5407 ούδέ
3176 5354 3237 5406 16
3265 5351 3518 5406 πένεσθαι
3535 5351 3633 5404 καὶ

2063 5443 2331 5508 πλουτεῖν,
2371 5440 2465 5494 καὶ
2501 5439 2679 5508 πολλῷ
2713 5439 2908 5508 μᾶλλον
2940 5439 2973 5508 ἢ
3009 5438 3210 5495 ἐκεῖναο
3247 5435 3384 5490 ἀλλά
3428 5435 3488 5488 τὸ
3522 5437 3632 5490 πᾶν

2061 5526 2212 5598 παρὰ
2247 5527 2339 5578 τὸν
2375 5524 2473 5595 τῆς
2519 5523 2765 5594 χρήσεως
2804 5521 3009 5587 γίνεται
3049 5520 3266 5592 τρόπον.
3301 5518 3422 5573 Κάν
3462 5518 3632 5592 πένης

2061 5606 2150 5684 ᾖς,
2204 5610 2426 5690 δύνασαι
2476 5607 2614 5677 μετά
2670 5603 2931 5690 εὐθυμίας
2979 5601 3631 5690 ζῇν-φιλοσοφῶνοκκᾶν

2065 5695 2318 5757 πλούσιος
2352 5688 2438 5767 ᾖς,
2469 5692 2684 5746 πάντων
2720 5687 3043 5757 ἀθλιώτερος
3072 5684 3122 5742 εί
3155 5688 3370 5756 φεύγων
3402 5684 3626 5760 ἀρετήν.

2066 5780 2146 5833 Τά
2171 5778 2278 5848 γὰρ
2301 5776 2619 5848 διαφέροντα
2654 5775 2786 5845 ἡμῖν
2811 5772 3000 5838 ταῦτα,
3033 5773 3100 5828 τά
3134 5773 3233 5844 τῆς
3265 5771 3461 5844 ἀρετῆς
3482 5787 3495 5801 ·
3522 5769 3632 5830 κᾶν
