4108 6218
472 340 578 390 249

471 450 642 505 ταῦτα
677 450 750 522 μὴ
776 453 972 523 προσῇ,
1002 450 1110 504 τῶν
1132 448 1307 503 ἄλλων
1336 448 1485 500 οὐδὲν
1509 446 1717 516 ὄφελος.
1750 446 1846 498 Διά
1883 444 2036 497 τοῦτο

473 536 566 588 καὶ
597 536 653 587 αἰ
679 537 878 588 πυκναί
910 528 1070 587 αὗται
1108 532 1423 602 ἐρωτήσεις,
1448 532 1530 583 ὅτι
1552 532 1621 584 τὰ
1652 530 1746 600 μὲν
1774 528 2039 595 ἀδιάφορα

469 616 745 686 διαφέρειν
770 617 951 677 αὐτοῖς
976 613 1285 683 νομίζουσιν
1313 614 1361 665 οἰ
1390 612 1592 677 πολλοὶ,
1629 611 1735 665 τῶν
1767 611 1822 663 δὲ
1856 611 2039 677 διαφε-

472 698 672 767 ρόντων
718 696 909 749 οὐδένα
967 695 1241 749 ποιοῦνται
1290 695 1463 764 λόγον.
1511 696 1584 748 Τὸ
1633 698 1741 766 γάρ
1785 694 2038 763 διαφέρον

470 781 622 851 ημῖν,
656 777 825 848 ἀρετὴ
858 777 950 830 καὶ
983 778 1287 847 φιλοσοφία.
1329 779 1479 831 Ἐπεὶ
1505 773 1598 831 οὖν
1622 777 1821 845 ταύτης
1850 776 2040 846 πόρῥω

473 878 572 914 που
613 862 706 913 καὶ
738 861 955 931 μακρὰν
985 863 1247 932 ἑστήκατε
1285 866 1326 926 ⁶,
1362 863 1448 916 διὰ
1492 863 1648 916 τοῦτο
1677 860 1902 933 θόρυϐος
1930 859 2039 912 τῶν

470 942 767 1013 λογισμῶν,
801 944 889 997 διά
919 944 1077 998 τοῦτο
1109 946 1178 998 τὰ
1210 943 1380 998 πολλά
1426 945 1663 1014 κύματα,
1695 946 1781 999 διά
1821 942 1976 997 τοῦτο
2002 945 2034 1014 ἡ

471 1025 627 1095 ζάλη.
662 1026 829 1079 Ὅταν
862 1027 968 1098 γάρ
1009 1028 1107 1097 τῆς
1154 1029 1266 1082 ἀνω
1297 1028 1452 1097 δόξης
1486 1029 1754 1081 ἐκπέσωσι
1804 1027 1898 1081 καὶ
1943 1026 2036 1079 τοῦ

469 1108 580 1160 τῶν
606 1108 846 1178 οὐρανῶν
874 1108 1094 1181 ἔρωτος,
1116 1112 1214 1180 τῆς
1247 1111 1522 1182 παρούσης
1543 1111 1802 1179 ἐφίενται,
1829 1111 1922 1164 καὶ
1951 1109 2038 1177 γί-

470 1207 649 1245 νονται
680 1190 853 1244 δοῦλοι
880 1193 975 1244 καὶ
1003 1193 1353 1262 αἰχμάλωτοι.
1379 1194 1485 1247 Καὶ
1526 1194 1686 1247 πόθεν
1715 1194 1918 1264 ταύτης
1945 1194 2039 1261 ἐφ-

474 1272 684 1342 ιέμεθα,
708 1274 903 1343 φησίν;
934 1275 1066 1328 Ἀπὸ
1090 1275 1182 1328 τοῦ
1216 1275 1291 1346 μὴ
1316 1276 1516 1347 σφόδρα
1542 1278 1752 1348 ἐκείνης
1775 1277 2036 1345 ἐφίεσθαι.

471 1356 611 1409 Αὐτὸ
630 1357 686 1411 δὲ
702 1356 860 1411 τοῦτο
894 1358 1055 1413 πόθεν
1086 1359 1409 1429 συμϐαίνει;
1451 1360 1581 1413 ’Λπὸ
1610 1359 1898 1431 ῥᾳθυμίας·
1931 1360 2040 1430 ἡδὲ

477 1438 716 1509 ῥᾳθυμία
751 1439 947 1504 πόθεν;
988 1441 1118 1494 Ἀπὸ
1178 1445 1649 1514 καταφρονήσεως·
1702 1445 1734 1514 ἡ
1773 1443 1828 1495 δὲ
1876 1460 2042 1496 κατα·
2078 1492 2096 1505 ,

536 1612 561 1642 δι
576 1609 720 1667 Reg.,
744 1612 925 1672 μακρὰν
943 1611 1251 1668 ἐσκήνωνται.

1192 335 1251 389 S.
1289 330 1577 387 JOANNIS
1612 324 2096 386 CIIRYSOSTOMI
2133 323 2450 380 ARCHIEP.
2493 322 3041 379 CONSTANTINOP.

3590 316 3697 373 2ὕο

2137 442 2395 512 φρόνησις
2443 441 2637 507 πόθεν;
2673 438 2762 504 Ἐξ
2814 438 2998 502 ἀνοίας
3036 437 3131 491 καὶ
3174 435 3267 489 τοῦ
3309 435 3419 497 τοῖς
3469 431 3702 503 παροῦσι

2137 527 2580 595 προστετηκέναι,
2634 523 2730 578 καὶ
2778 523 2852 593 μὴ
2899 521 3179 592 βούλεσθαι
3221 518 3330 571 τῶν
3363 515 3704 586 πραγμάτων

2139 607 2410 674 ἐξετάζειν
2460 608 2597 677 μετά
2626 605 2910 676 ἀκριϐείας
2938 604 3035 675 τὴν
3064 604 3243 673 φύσιν.
3271 599 3414 655 Αὐτὸ
3451 597 3509 651 δὲ
3548 595 3707 649 τοῦτο

2140 690 2299 743 πόθεν
2347 690 2629 761 συμϐαίνει
2673 689 2865 752 πάλιν;
2912 688 3007 740 Ἐκ
3035 685 3127 741 τοῦ
3157 685 3294 756 μήτε
3313 680 3544 753 Γραφῶν
3574 681 3706 733 ἀνα-

2136 773 2333 841 γνώσει
2368 773 2675 843 προσέχειν,
2709 774 2846 844 μήτε
2877 772 3099 841 ἀνδράσι
3130 765 3476 837 συγγίνεσθαι
3505 763 3703 832 ἁγίοις,

2137 859 2231 911 καὶ
2256 859 2379 920 τοὺς
2404 857 2513 910 τῶν
2545 858 2792 928 πονηρῶν
2815 852 3101 924 συλλόγους
3131 852 3367 908 διώκειν.
3389 852 3484 904 ’Ἰν⁹
3512 846 3604 903 οὖν
3629 849 3705 919 μὴ

2136 941 2224 994 ἀεὶ
2244 939 2404 993 τοῦτο
2431 940 2667 1010 γίνηται,
2693 940 2785 993 καὶ
2817 939 3035 1010 κύματα
3059 941 3122 991 ἐκ
3149 938 3407 1007 κυμάτων
3437 935 3585 1004 ἡμᾶς
3614 933 3708 985 δε-

2138 1023 2344 1094 χόμενα
2369 1025 2447 1086 εἰς
2466 1023 2528 1076 τὸ
2551 1022 2783 1091 πέλαγος
2810 1023 3070 1094 ἀπαγάγῃ
3093 1020 3200 1073 τῶν
3223 1019 3406 1073 κακῶν
3426 1018 3518 1071 καὶ
3540 1031 3709 1070 κατα-

2139 1106 2297 1178 πνίξῃ
2327 1107 2417 1160 καὶ
2435 1102 2685 1179 ἀπολέσῄ
2700 1105 2894 1176 πάντη,
2917 1105 3021 1168 ἕως
3045 1105 3161 1158 ἐστὶ
3180 1102 3390 1174 καιρὸς,
3412 1100 3712 1167 ἀνενέγκω-

2143 1207 2259 1261 μεν,
2288 1192 2380 1244 καὶ
2413 1190 2506 1243 ἐπὶ
2532 1190 2630 1261 τῆς
2656 1189 2857 1261 πέτρας
2888 1188 3130 1253 στάντες,
3183 1186 3292 1239 τῶν
3322 1184 3417 1237 τοῦ
3456 1181 3591 1236 Θεοῦ
3619 1180 3707 1234 δο-

2138 1274 2360 1344 γμάτων
2413 1273 2556 1343 λέγω
2607 1274 2701 1327 καί⁸
2733 1273 2929 1341 λόγων,
2960 1272 3266 1342 κατίδωμεν
3299 1269 3390 1323 τὸν
3423 1268 3583 1323 σάλον
3610 1263 3707 1318 τοῦ

2140 1357 2401 1427 παρόντος
2429 1356 2563 1427 βίου.
2597 1357 2752 1409 Οὕτω
2778 1357 2887 1425 γὰρ
2919 1357 3013 1408 καὶ
3040 1356 3194 1408 αὐτοὶ
3221 1351 3408 1406 τοῦτον
3427 1346 3710 1420 διαφευξό-

2144 1441 2301 1512 μεθα,
2349 1442 2443 1495 καὶ
2478 1442 2695 1511 ἐτέρους
2736 1439 3103 1507 ναυαγοῦντας
3144 1437 3560 1507 ἀνιμησάμενοι,
3600 1432 3710 1487 τῶν

2145 1526 2443 1596 μελλόντων
2478 1525 2869 1594 ἐπιτευξόμεθα
2910 1522 3148 1591 ἀγαθῶν,
3177 1522 3359 1593 χάριτι
3400 1520 3494 1573 καὶ
3519 1517 3712 1588 φιλαν-

2144 1608 2378 1680 θρωπίᾳ,
2405 1608 2494 1660 καὶ
2523 1607 2591 1660 τά
2618 1607 2761 1675 ἐξῆς.

1969 1959 2211 2013 OMIAIA
2250 1958 2326 2012 A'.

477 2084 748 2156 Καθάπερ
793 2085 901 2156 γὰρ
943 2082 1220 2156 τύμσῶμα
1268 2085 1337 2156 ἓν
1355 2087 1504 2150 ἐστι,
1556 2085 1654 2140 καὶ
1708 2086 1863 2155 μέλη
1919 2088 2041 2156 ἔχει

543 2154 762 2212 πολλὰ.
789 2153 983 2225 πάντα
1009 2154 1076 2225 δὲ
1104 2154 1176 2207 τὰ
1202 2155 1357 2225 μέλη
1388 2157 1494 2209 τοῦ
1534 2153 1806 2225 σώματος
1843 2153 2043 2212 πολλὰ

544 2225 710 2290 ὄντα,
732 2225 801 2278 ἓν
828 2224 959 2278 ἐστι
985 2223 1174 2291 σῶμα·
1203 2223 1354 2279 οὕτω
1380 2226 1477 2280 καί
1504 2230 1537 2280 ό
1572 2223 1841 2295 Χριστός.

546 2422 618 2477 α’.
639 2421 1181 2495 Παραμυθησάμενος
1201 2421 1265 2475 ἐκ
1298 2421 1390 2475 τοῦ
1423 2424 1595 2476 εἰπεῖν
1613 2425 1886 2494 ιχάρισμα
1908 2419 2045 2477 εἶναι

480 2510 537 2561 τὸ
573 2508 871 2579 διδόμενον,
902 2508 966 2560 ἐκ
997 2506 1092 2560 τοῦ
1143 2506 1322 2559 πάντα
1359 2506 1416 2572 ἐξ
1466 2507 1582 2571 ἐνὸς
1619 2508 1713 2561 καὶ
1748 2507 1844 2562 τοῦ
1883 2507 2047 2562 αὐτοῦ

481 2590 617 2645 [Ινεύ
628 2608 796 2661 ματος
826 2589 1145 2660 λαμϐάνειν,
1185 2590 1249 2643 ἐκ
1277 2587 1371 2642 τοῦ
1402 2589 1537 2660 πρὸς
1575 2591 1636 2643 τὸ
1665 2591 1943 2661 συμφέρον
1967 2590 2049 2643 δί-

480 2675 682 2740 δοσθαι,
706 2674 771 2728 ἐκ
787 2675 878 2726 τοῦ
902 2672 991 2727 διὰ
1007 2673 1115 2727 τῶν
1140 2673 1436 2728 ἐλαττόνων
1459 2673 1590 2744 φανέ
1600 2691 1762 2746 ρωσιν
1785 2673 2046 2743 γίνεσθαι,

481 2759 575 2814 καὶ
601 2756 739 2827 μετά
764 2755 968 2810 τούτων
996 2757 1091 2809 καὶ
1115 2757 1475 2825 ἐπιστομίσας
1519 2760 1583 2811 ἐκ
1607 2756 1699 2811 τοῦ
1735 2758 1847 2811 δεῖν
1876 2774 2051 2830 παρα-

482 2842 680 2912 χωρεῖν
729 2841 797 2911 τῇ
854 2839 1073 2912 ἐξουσίᾳ
1135 2838 1228 2893 τοῦ
1283 2839 1630 2909 Πνεύματος·
1683 2838 1885 2894 Πάντα
1945 2841 2052 2911 γὰρ

484 2925 691 2986 ταῦτα,
722 2924 906 2994 φησὶν,
936 2924 1165 2993 ἐνεργεῖ
1189 2923 1260 2978 ἓν
1287 2925 1385 2978 καί
1419 2924 1484 2977 τὸ
1509 2922 1658 2977 αὐτὸ
1686 2924 1948 2993 Πνεῦμα.
1977 2923 2054 2978 διο

485 3007 693 3076 αιροῦν
748 3006 868 3076 ἰδίᾳ
920 3006 1174 3074 ἑκάστῳ,
1219 3007 1414 3073 καθὼς
1473 3007 1778 3072 βούλεται·
1820 3006 1900 3061 διὸ
1935 3007 2053 3061 οὐδέ

485 3090 945 3163 περιεργάζεσθαι
971 3090 1129 3162 θέμις
1148 3109 1162 3123 ·
1191 3090 1286 3144 καὶ
1319 3089 1378 3155 ἐξ
1406 3089 1593 3160 ἐτέρου
1630 3088 1814 3143 λοιπὸν
1860 3091 2056 3154 αὐτοὺς

487 3175 893 3247 παραμυθεῖται
947 3174 1127 3228 κοινοῦ
1176 3173 1634 3244 παραδείγματος,
1689 3173 1781 3227 καὶ
1828 3173 1921 3226 ἐπὶ
1957 3172 2055 3243 τὴν

488 3261 649 3328 φύσιν
706 3259 875 3330 αὐτὴν
924 3255 1279 3327 καταφεύγει,
1338 3256 1473 3327 ὅπερ
1528 3254 1678 3327 [269]
1737 3254 1857 3320 ἔθος
1910 3254 2057 3326 αὐτῷ

492 3344 682 3397 ποιεῖν.
713 3341 824 3395 Καὶ
852 3341 959 3414 γάρ
981 3341 1143 3413 ἡνίκα
1172 3341 1301 3412 περὶ
1328 3339 1428 3410 τῆς
1457 3338 1633 3410 κόμης
1658 3338 1927 3405 διελέγετο
1949 3338 2057 3391 τῶν

490 3425 698 3498 ἀνδρῶν
732 3426 826 3479 καὶ
864 3425 974 3479 τῶν
998 3422 1292 3492 γυναικῶν,
1330 3421 1465 3493 μετά
1491 3421 1560 3475 τά
1590 3421 1723 3475 ἀλλα
1752 3422 1846 3476 καί
1874 3422 2059 3475 ἐντεῦ-

491 3508 581 3562 θεν
612 3508 811 3571 αὐτοὺς
839 3507 1146 3569 ἐπαίδευσε,
1186 3505 1379 3573 λέγων·
1406 3500 1481 3562 Ἦ
1516 3504 1658 3560 οὐδὲ
1683 3504 1836 3573 αὐτὴ
1876 3506 1914 3573 ἡ
1952 3505 2063 3574 φύ-

493 3606 591 3655 σις
620 3587 775 3658 ὑμᾶς
795 3588 1084 3652 διδάσκει,
1114 3589 1204 3643 ὅτι
1228 3588 1384 3656 ἀνὴρ
1400 3588 1517 3658 μὲν
1535 3587 1644 3641 ἐὰν
1666 3585 1838 3657 κομᾷ,
1863 3587 2062 3657 ἀτιμία

493 3671 653 3738 αὐτῷ
681 3672 830 3738 ἐστι,
869 3671 1023 3742 γυνὴ
1064 3672 1132 3726 δὲ
1156 3673 1265 3727 ἐὰν
1294 3671 1464 3742 κομᾷ,
1498 3672 1649 3736 δόξα
1683 3671 1872 3740 αὐτῆς
1897 3672 2062 3735 ἐστι;

496 3754 604 3811 Καὶ
640 3756 729 3809 ὅτε
760 3755 890 3825 περὶ
921 3754 1031 3808 τῶν
1062 3756 1425 3810 εἰδωλοθύτων
1456 3754 1660 3824 ἔλεγεν,
1707 3754 2064 3826 ἀπαγορεύων

495 3838 673 3894 αὐτῶν
698 3838 986 3904 ἅπτεσθαι,
1010 3840 1104 3893 καὶ
1128 3840 1233 3893 ἀπὺ
1254 3839 1363 3893 τῶν
1390 3837 1586 3905 ἔξωθεν
1608 3838 2066 3910 παραδειγμάτων

497 3923 870 3996 ἐπεχείρειτῷ
893 3923 1057 3996 λόγῳ,
1093 3923 1436 3996 Ὀλυμπικῶν
1475 3941 1534 3977 τε
1580 3923 1806 3991 ἀγώνων
1857 3940 2064 3993 μεμνη-

501 4006 683 4078 μένος.
728 4007 824 4061 καί⁸
864 4006 1060 4077 λέγων,
1095 4008 1175 4062 ὅτι
1233 4010 1298 4061 Ol
1349 4008 1420 4061 ἐν
1468 4006 1691 4074 σταδίῳ
1733 4005 2065 4074 τρέχοντες,

498 4090 720 4157 πάντες
752 4089 871 4159 μὲν
904 4090 1241 4159 τρέχουσιν,
1270 4085 1358 4157 εἷς
1392 4090 1461 4144 δὲ
1496 4087 1783 4159 λαμϐάνει
1832 4087 1899 4140 τὸ
1923 4088 2071 4156 ,βρα-

501 4174 683 4231 ϐεῖον·
719 4173 816 4227 καὶ
846 4174 954 4228 ἀπὸ
984 4174 1254 4245 ποιμένων
1278 4175 1373 4227 καὶ
1396 4171 1744 4245 στρατιωτῶν
1776 4170 1871 4224 καὶ¹
1894 4185 2070 4240 γεωρο

499 4257 611 4326 γῶν
635 4255 810 4311 ταῦτα
831 4256 1275 4322 κατασκευάζων.
1307 4255 1399 4309 Διὸ
1427 4256 1488 4326 δὴ
1513 4255 1608 4309 καὶ
1630 4251 1865 4307 ἐνταῦθα
1895 4252 2070 4306 κοινὸν

502 4341 809 4411 ὑπόδειγμα
859 4339 940 4401 εἰς
995 4341 1156 4409 μέσον
1221 4339 1400 4409 φέρει,
1448 4338 1515 4391 δι’
1570 4330 1631 4392 οὗ
1686 4336 1928 4407 βιάζεται
1978 4334 2072 4389 κιιιί¹

503 4424 795 4494 φιλονεικεῖ
822 4421 989 4487 δεῖξαι
1017 4422 1205 4476 οὐδένα
1241 4421 1637 4492 ἠλαττωμένον,
1670 4420 1698 4472 ὃ
1735 4419 1830 4473 καὶ
1862 4417 2074 4488 θαυμα-

506 4507 628 4560 στὸν
664 4501 732 4576 ἦν
765 4505 860 4558 καὶ
886 4505 1186 4576 παράδοξον
1207 4505 1500 4576 δυνηθῆναι
1529 4502 1954 4567 κατασκευάσαι,
1981 4500 2074 4553 καὶ

502 4588 629 4648 τοὺς
661 4585 1053 4658 ἀφελεστέρους
1084 4588 1265 4641 ἰκανὸν
1293 4586 1720 4657 ἀνακτήσασθαι,
1751 4585 1812 4637 τὸ
1839 4582 1932 4636 τοῦ
1965 4580 2071 4635 σώ-

509 4688 677 4740 ματος
702 4670 863 4738 λέγω.
899 4669 1003 4722 Τὸν
1042 4669 1149 4739 γὰρ
1183 4667 1513 4738 μικρόψυχον
1558 4669 1652 4721 καὶ
1692 4665 2070 4738 ἠλαττωμένον

506 4754 656 4808 οὐδὲν
685 4754 828 4808 οὕτω
856 4752 1254 4826 παραμυθεῖται
1294 4752 1389 4804 καὶ
1417 4750 1591 4804 πείθει
1637 4750 1710 4822 μὴ
1761 4749 1968 4819 ἀλγεῖν,
1997 4750 2072 4814 ὡς

507 4837 568 4889 τὸ
628 4839 819 4908 μαθεῖν
874 4840 956 4892 ὅτι
1002 4837 1102 4892 οὐκ
1161 4836 1484 4908 ἠλάττωται.
1532 4834 1731 4905 Διόπερ
1777 4833 1871 4887 καί⁵
1913 4833 2074 4897 αὐτὸς

510 4922 932 4985 κατασκευάζων
969 4922 1132 4983 αὐτὸ,
1160 4921 1302 4975 οὓτω
1329 4919 1479 4992 φησί·
1531 4916 1807 4986 Καθάπερ
1856 4917 1965 4989 γὰρ
2005 4918 2074 4973 τὸ

512 4997 681 5068 σῶμα
703 5001 772 5053 ἓν
794 5003 946 5067 ἐστι,
980 5004 1079 5057 καὶ
1097 5004 1252 5071 μέλη
1280 5003 1401 5072 ἔχει
1422 5000 1643 5057 πολλά.
1671 4995 1825 5066 Εἶδες
1859 5000 2075 5056 σύνεσιν

510 5080 934 5152 ἠκριϐωμένην;
975 5084 1049 5136 Τὸ
1088 5085 1221 5137 αὐτὸ
1253 5087 1346 5139 καί⁹
1379 5084 1458 5147 ἐν,
1486 5086 1581 5142 καὶ
1618 5083 1790 5137 πολλά
1814 5083 2073 5140 δείκνυσι·

512 5162 605 5217 Διὸ
649 5163 742 5215 καὶ
791 5164 1005 5230 ἐπάγει,
1055 5165 1312 5234 μειζόνως
1345 5167 1812 5239 ἐπαγωνιζόμενος
1835 5166 1912 5238 τῷ
1941 5184 2077 5238 προ-

514 5244 770 5317 κειμένῳ·
827 5245 1027 5301 Πάντα
1073 5245 1141 5299 δὲ
1191 5246 1267 5301 τὰ
1297 5246 1454 5314 μέλη
1501 5251 1607 5304 τοῦ
1650 5251 1920 5321 σώματος
1973 5247 2080 5303 τοῦ

516 5330 654 5398 ἐνὸς
690 5328 889 5384 πολλὰ
913 5328 1077 5397 ὄντα,
1106 5327 1177 5383 ἓν
1197 5328 1329 5383 ἐστι
1353 5326 1544 5398 σῶμα.
1577 5332 1690 5386 Οὐκ
1734 5329 1876 5398 εἶπε,
1904 5330 2081 5386 Πολλά

517 5412 645 5467 ὄντα
672 5412 765 5467 τοῦ
792 5411 909 5476 ἐνός
933 5414 1049 5467 ἐστι
1081 5412 1348 5485 σώματος,
1380 5412 1516 5476 ἀλλ’,
1542 5415 1681 5468 Αὐτὸ
1703 5416 1762 5471 τὸ
1784 5416 1842 5469 ἐν
1870 5416 2026 5485 σῶμα
2052 5412 2079 5451 δ

520 5496 693 5550 πολλά
724 5498 859 5557 ἐστι.
895 5497 1120 5551 κάκεῖνα
1139 5497 1209 5552 τά
1235 5495 1405 5552 πολλὰ
1434 5498 1568 5569 μέλη
1597 5497 1757 5552 τοῦτό
1777 5501 1890 5552 ἐστι
1918 5498 1977 5550 τὸ
2000 5495 2076 5550 ἐν.

522 5578 586 5630 Εἰ
612 5580 792 5633 τοίνυν
818 5581 877 5634 ἐν
920 5583 1034 5635 ἐστι
1066 5580 1137 5635 τὰ
1180 5583 1370 5645 πολλὰ,
1402 5582 1494 5634 καὶ
1526 5580 1586 5635 τὸ
1612 5580 1668 5634 ἐν
1693 5580 1882 5643 πολλὰ,
1923 5577 2023 5631 ποῦ
2048 5579 2082 5647 ἡ

524 5659 787 5731 διαφορά;
830 5663 931 5715 ποῦ
968 5664 1029 5717 τὸ
1056 5665 1350 5736 ὑπερέχον;
1384 5662 1487 5716 ποῦ
1515 5664 1576 5716 τὸ
1603 5664 1853 5728 ἕλαττον;
1884 5661 2083 5716 Πάντα

594 5868 623 5899 ι
647 5855 818 5909 Aberat
842 5857 1002 5906 εἰπεῖν.
1070 5857 1094 5898 1³
1125 5858 1196 5909 Ila
1214 5859 1338 5924 Reg.
1360 5857 1487 5909 Edili
1512 5868 1647 5916 vero,
1668 5857 1783 5905 αὐτὸ
1803 5857 1856 5905 τὸ
1883 5860 2038 5921 σῶμα.

2144 2092 2272 2162 γὰρ,
2301 2090 2483 2160 φησίν,
2508 2090 2577 2144 ἓν
2596 2090 2747 2153 ἐστι,
2773 2089 2868 2143 καὶ
2890 2088 2988 2160 οὐχ
3014 2086 3198 2150 ἁπλῶς
3218 2084 3299 2149 ἓν,
3325 2084 3462 2139 ἀλλά
3486 2084 3627 2139 κατά
3651 2084 3718 2138 τὺ

2144 2175 2481 2248 κυριώτερον
2545 2175 2927 2247 ἐξεταζόμενα,
2991 2173 3132 2228 κατά
3192 2171 3274 2237 τὸ,
3323 2169 3483 2239 σῶμα
3552 2166 3715 2232 εἶναι,

2146 2260 2320 2313 πάντα
2368 2259 2678 2329 εὑρίσκεται
2709 2259 2765 2312 ἓν
2792 2259 2939 2313 ὄντα.
2965 2258 3136 2310 Ὅταν
3166 2255 3223 2309 δὲ
3263 2251 3324 2307 τὸ
3348 2252 3486 2307 κατὰ
3528 2251 3718 2323 μέρος,

2143 2343 2265 2396 τότε
2301 2344 2333 2412 ἡ
2369 2342 2597 2412 διαφορά
2622 2384 2636 2407 ,
2688 2343 2781 2397 καὶ
2823 2344 2854 2412 ἠ
2904 2340 3135 2411 διαφορά
3192 2341 3251 2393 ἐν
3292 2339 3454 2391 πᾶσιν
3493 2336 3717 2407 ὁμοίως.

2147 2426 2310 2480 Οὐδὲν
2338 2426 2448 2498 γὰρ
2491 2428 2669 2481 αὐτῶν
2710 2427 2831 2482 καθ’
2862 2426 3023 2481 ἑαυτὸ
3068 2425 3226 2494 σῶμα
3266 2422 3490 2477 δύναται
3519 2424 3717 2478 ποιεῖν.

2147 2512 2262 2565 ἀλλ’
2290 2512 2488 2581 ὁμοίως
2542 2512 2769 2566 ἕκαστον
2816 2512 3059 2565 λείπεται
3105 2511 3185 2573 εἰς
3221 2507 3282 2562 τὸ
3328 2508 3503 2561 ποιεῖν
3536 2505 3716 2575 σῶμα,

2148 2595 2241 2649 καὶ
2267 2595 2348 2649 δεῖ
2377 2595 2476 2667 τῆς
2507 2595 2752 2649 συνόδου.
2787 2596 2956 2650 Ὅταν
3002 2594 3112 2664 γὰρ
3152 2592 3221 2646 τὰ
3261 2590 3429 2645 πολλά
3468 2588 3526 2642 ἓν
3565 2589 3720 2658 γίνη-

2148 2696 2259 2741 ται,
2287 2679 2409 2732 τότε
2434 2679 2580 2732 ἐστὶν
2601 2677 2660 2731 ἓν
2689 2677 2867 2748 σῶμα.
2901 2677 2992 2730 Διὸ
3025 2678 3117 2730 καὶ
3140 2675 3273 2729 αὐτὸ
3293 2672 3452 2727 τοῦτο
3483 2669 3717 2726 αἰνιττό-

2153 2779 2329 2833 μενος,
2382 2762 2562 2829 ἐλεγε·
2606 2761 2808 2816 Πάντα
2851 2760 2919 2817 δὲ
2964 2762 3037 2815 τὰ
3077 2760 3235 2830 μέλη
3283 2758 3389 2813 τοῦ
3446 2757 3721 2826 σώματος

2150 2845 2348 2899 πολλὰ
2384 2844 2546 2908 ὄντα,
2599 2844 2670 2897 ἓν
2728 2845 2859 2898 ἐστι
2905 2843 3097 2913 σῶμα.
3150 2843 3259 2897 Καὶ
3310 2843 3411 2896 οὐκ
3456 2837 3597 2905 εἰπε,
3637 2838 3721 2892 Τὰ

2152 2928 2483 2998 ὑπερέχοντα
2512 2928 2606 2981 καὶ
2645 2926 2715 2981 τὰ
2748 2928 3024 2993 ἐλάττονα,
3064 2924 3221 2987 ἀλλὰ,
3258 2926 3463 2979 Πολλὰ
3493 2925 3657 2987 ὄντα,
3689 2922 3719 2976 δ

2153 3011 2328 3067 κοινὸν
2356 3012 2520 3065 πᾶσίν
2550 3013 2715 3066 ἐστιν.
2745 3012 2854 3065 Καὶ
2881 3011 2998 3075 πῶς
3022 3011 3244 3064 δυνατὸν
3267 3011 3323 3064 ἓν
3346 3006 3484 3064 εἶναι
3509 3027 3524 3075 ;
3552 3010 3722 3062 Ὅταν

2151 3096 2249 3167 τὴν
2287 3094 2547 3168 διαφορὰν
2590 3094 2833 3150 ἐκϐαλὼν
2873 3094 2981 3148 τῶν
3019 3094 3214 3164 μελῶν,
3236 3094 3297 3148 τὸ
3334 3095 3489 3164 σῶμα
3536 3092 3723 3160 ἐξετάο

2154 3180 2272 3251 ζῃς.
2311 3180 2486 3250 Ὅπερ
2535 3178 2644 3250 γάρ
2696 3180 2841 3231 ἐστιν
2892 3178 3187 3248 ὀφθαλμὸς,
3227 3177 3385 3231 τοῦτο
3420 3178 3515 3231 καὶ
3561 3174 3719 3237 ποῦς,

2155 3262 2299 3316 κατά
2332 3262 2413 3324 τὸ,
2446 3261 2603 3331 μέλος
2644 3257 2781 3315 εἶναι
2828 3257 3102 3331 καὶσῶμα
3131 3262 3324 3313 ποιεῖν·
3357 3258 3584 3330 οὐδεμία
3611 3258 3722 3328 γὰρ

2158 3344 2391 3400 ἐνταῦθα
2416 3345 2666 3416 διαφορά.
2700 3344 2825 3398 Οὐδ’
2860 3343 2926 3398 ἀν
2971 3342 3117 3413 έχοις
3164 3344 3357 3407 εἰπεῖν,
3402 3344 3483 3397 ὅτι
3526 3343 3587 3396 τὸ
3622 3341 3725 3412 μὲν

2157 3427 2266 3481 τῶν
2315 3429 2490 3499 μελῶν
2533 3431 2679 3481 ποιεῖ
2710 3427 2869 3499 σῶμα
2900 3427 3021 3481 καθ’
3062 3427 3239 3489 ἐαυτδ,
3266 3428 3328 3481 τὸ
3364 3427 3422 3481 δέ
3466 3427 3526 3481 οὐ
3555 3427 3720 3479 ποιεῖ·

2161 3514 2337 3568 πάντα
2357 3514 2464 3585 γὰρ
2488 3512 2659 3576 ἰσάζει
2692 3513 2750 3565 ἐν
2769 3512 2962 3582 τούτῳ,
2989 3510 3174 3583 ἐπειδὴ
3203 3513 3297 3566 καὶ⁸
3320 3512 3498 3567 πάντα
3523 3512 3580 3566 ἐν
3608 3514 3724 3565 ἐστι

2166 3615 2242 3651 σω
2248 3616 2324 3667 μα
2332 3639 2342 3651 .

2234 3754 2418 3809 Εἰπὼν
2463 3755 2519 3807 δὲ
2560 3752 2740 3815 τοῦτο,
2787 3754 2882 3810 καὶ
2925 3754 3214 3820 ἀποδείξας
3255 3755 3440 3826 σαφῶς
3470 3753 3579 3809 ἀπὸ
3624 3756 3730 3823 τῆς

2165 3841 2345 3910 κοινῆς
2376 3839 2627 3893 ἀπάντων
2655 3839 2859 3909 ψήφου,
2889 3840 3193 3910 ἐπήγαγεν·
3214 3839 3376 3894 Οὕτω
3407 3837 3504 3892 καὶ
3530 3840 3562 3890 ὀ
3590 3839 3728 3905 Χρι-

2166 3927 2332 3991 στός.
2363 3924 2473 3977 Καὶ
2494 3922 2610 3977 δέον
2638 3924 2830 3984 εἰπεῖν,
2856 3921 3011 3977 Οὐτω
3036 3924 3128 3978 καὶ
3153 3924 3186 3994 ἡ
3228 3910 3521 3991 Ἐκκλησία
3549 3919 3730 3991 (τοῦτο

2166 4011 2273 4082 γὰρ
2299 4007 2589 4064 ἀκόλουθον
2614 4002 2725 4080 ἦν),
2756 4006 2912 4061 τοῦτο
2949 4006 3048 4077 μὲν
3073 4008 3135 4060 οὐ
3168 4006 3352 4077 φησὶν,
3376 4003 3489 4059 ἀντ’
3513 4003 3732 4072 ἐκείνης

2167 4096 2224 4150 δέ
2259 4095 2351 4149 τὸν
2381 4092 2543 4166 [270]
2570 4093 2803 4163 Χριστὸν
2830 4091 3062 4163 τίθησιν,
3103 4092 3183 4155 εἰς
3217 4091 3350 4160 ὕψος
3381 4089 3601 4158 ἀνάγων
3634 4087 3730 4140 τὸν

2168 4179 2344 4248 λόγον,
2390 4178 2482 4232 καὶ
2514 4176 2774 4246 μειζόνως
2804 4175 2895 4229 τόν
2934 4175 3205 4246 ἀκροατὴν
3238 4173 3535 4245 ἐντρέπων.
3577 4172 3642 4225 Ὃ
3668 4169 3729 4224 δὲ

2169 4264 2337 4333 λέγει,
2367 4262 2525 4316 τοῦτό
2556 4264 2723 4315 ἐστιν·
2756 4260 2915 4315 Οὐτω
2944 4262 3038 4333 τιιαί
3063 4260 3158 4313 τοῦ
3194 4257 3432 4330 Χριστοῦ
3455 4258 3518 4311 τὸ
3546 4255 3727 4326 σῶμα,

2170 4324 2490 4421 ὅπερ-ἐστὶν
2529 4348 2562 4416 ἡ
2609 4344 2925 4416 Ἐκκλησία.
2952 4324 3256 4413 ίῖζαθάπερ
3280 4343 3389 4412 γάρ
3428 4342 3520 4394 καὶ
3568 4324 3729 4408 σῶμα

2172 4433 2267 4485 καὶ
2299 4429 2507 4499 κεφαλὴ
2540 4423 2621 4490 εἷς
2651 4430 2798 4481 ἐστιν
2829 4426 3131 4498 ἄνθρωπος,
3164 4424 3306 4478 οὕτω
3346 4425 3445 4495 τὴν
3495 4422 3731 4487 Ἐκκλη-

2174 4515 2296 4568 σίαν
2335 4513 2430 4567 καὶ
2471 4512 2562 4565 τὸν
2591 4509 2824 4582 Χριστὸν
2856 4509 2912 4563 ἓν
2943 4509 3154 4581 ἔφησεν,
3175 4504 3346 4582 εἶναᾎ
3367 4507 3460 4561 Διὸ
3504 4508 3601 4562 καὶ
3637 4507 3733 4559 τὸν

2173 4597 2407 4668 Χριστὸν
2438 4594 2558 4649 ἀντί⁵
2586 4595 2687 4664 τῆς
2732 4594 3056 4665 Ἐκκλησίας
3083 4593 3297 4646 τέθεικε
3315 4634 3329 4657 ,
3364 4591 3425 4645 τὸ
3453 4590 3613 4659 σῶμα
3636 4591 3737 4644 αὐ-

2171 4681 2263 4735 τοῦ
2291 4678 2461 4742 οὕτως
2491 4676 2793 4747 ὀνομάζων.
2822 4677 3036 4747 Ὥσπερ
3064 4671 3179 4735 οὖν.
3210 4676 3405 4746 φησὶν,
3434 4674 3492 4728 ἐν
3521 4692 3574 4728 τι
3614 4674 3736 4727 ἐστὶ

2173 4765 2232 4819 τὸ
2254 4762 2518 4835 ἡμέτερον
2543 4761 2722 4831 σῶμα,
2746 4761 2792 4814 εἰ
2820 4761 2912 4814 καὶ
2940 4761 3004 4813 ἐκ
3031 4757 3239 4812 πολλῶν
3262 4758 3565 4824 σύγκειται·
3593 4756 3737 4810 οὕτω

2174 4849 2269 4903 καὶ
2296 4849 2353 4900 ἐν
2376 4848 2441 4917 τῇ
2480 4842 2772 4915 Ἐκκλησία
2795 4843 2853 4896 ἐν
2882 4859 2935 4895 τι
2964 4842 3161 4904 πάντες
3191 4840 3377 4912 ἐσμέν.
3411 4841 3472 4894 Εἰ
3501 4841 3611 4909 γὰρ
3639 4841 3736 4893 καὶ

2174 4934 2239 4986 ἐκ
2282 4928 2491 4986 πολλῶν
2520 4927 2658 4998 αὐτη
2710 4926 2994 4992 σύγκειται
3041 4923 3237 4995 μελῶν,
3290 4922 3426 4977 ἀλλά
3463 4924 3530 4976 τά
3566 4920 3740 4975 πολλά

2172 5014 2347 5069 ταῦτα
2373 5012 2430 5066 ἓν
2453 5011 2662 5081 γίνεται
2692 5008 2872 5079 σῶμα.
2922 5007 3398 5078 ’Δνακτησάμενος
3433 5005 3613 5060 τοίνυν
3640 5005 3740 5059 καὶ

2176 5095 2463 5167 ἀναγαγὼν
2493 5095 2583 5148 τὸν
2614 5090 2877 5147 δοκοῦντα
2905 5090 3278 5161 ἠλλαττῶσθαι
3302 5090 3410 5144 ἀπὺ
3431 5089 3524 5143 τοῦ
3554 5086 3737 5142 κοινοῦ

2175 5183 2364 5237 τούτου
2394 5177 2855 5249 παραδείγματος,
2889 5175 3052 5230 πάλιν
3080 5175 3180 5245 τὴν
3221 5174 3407 5245 κοινὴν
3451 5172 3741 5243 συνήθειαν

2176 5266 2392 5334 ἀφίησι,
2420 5263 2514 5316 καὶ
2539 5262 2624 5331 ἐφ’
2645 5260 2831 5331 ἕτερον
2862 5257 3083 5329 ἔρχεται
3109 5257 3406 5327 κεφάλαιον
3438 5272 3740 5324 πνευματι-

2178 5348 2276 5403 κὸν
2328 5344 2547 5417 μείζονα
2590 5343 2754 5415 φέρον
2803 5342 2902 5413 τὴν
2954 5341 3336 5413 παράκλησιν,
3392 5340 3488 5394 καὶ
3538 5338 3742 5409 πολλῆς

2183 5430 2448 5494 ἰσοτιμίας
2475 5429 2533 5482 δν
2572 5426 2919 5482 ἐνδεικτικόν.
2956 5426 3114 5480 Ποῖον
3148 5425 3213 5497 δὴ
3244 5423 3438 5488 τοῦτο;
3469 5421 3577 5477 Καὶ
3626 5421 3741 5490 γὰρ

2180 5515 2249 5569 ἐν
2276 5510 2367 5568 ἐνὶ
2394 5512 2710 5581 Πνεύματι,
2741 5509 2895 5579 φησὶ.
2915 5506 3136 5571 πάντες
3165 5506 3337 5577 ἡμεῖς
3364 5509 3446 5573 εἰς
3474 5504 3544 5559 ἐν
3567 5504 3743 5573 σῶμα

2181 5594 2636 5661 ἐϐαπτίσθημεν,
2662 5591 2782 5645 εἴτε
2818 5588 3102 5653 Ἰουδαῖοι,
3124 5590 3242 5643 εἴτε
3268 5587 3587 5653 Ἕλληνες,
3619 5587 3743 5640 εἴτε

2181 5678 2405 5740 δοῦλοι,
2439 5676 2558 5729 εἴτε
2589 5675 2905 5743 ἐλεύθεροι.
2941 5675 3005 5725 Ὃ
3032 5673 3088 5725 δέ
3115 5672 3282 5739 λέγει,
3311 5670 3468 5725 τοῦτό
3501 5673 3637 5723 ἐστι·
3667 5669 3741 5721 Τὸ

2184 5759 2593 5816 κατασκευάσαν
2625 5758 2773 5829 ἡμᾶς
2802 5755 2861 5807 ἓν
2887 5754 3044 5825 σῶμα
3081 5754 3351 5822 γενέσθαι,
3385 5753 3478 5807 καὶ
3515 5754 3744 5820 ἀναγενο

2186 5847 2353 5919 νῆσαν
2396 5843 2564 5915 ἡμᾶς,
2598 5840 2655 5894 ἓν
2698 5842 2810 5892 ἐστι
2844 5837 3085 5908 Πνεῦμα·
3115 5837 3175 5890 οὐ
3219 5836 3327 5907 γάρ
3368 5838 3426 5890 ἐν
3470 5834 3614 5904 ἄλλῳ
3646 5834 3746 5905 μὲν
