4108 6218
435 265 538 320 949

429 376 573 430 illum
625 367 929 441 quempiam
975 377 1264 436 pauperem
1306 360 1387 417 vel
1434 359 1700 421 divitem;
1733 358 1840 410 imo
1878 354 1997 410 bare

430 466 606 520 minus
645 457 803 532 quam
836 458 925 513 illa
952 455 1281 527 quaerenda;
1318 452 1412 508 sed
1440 460 1606 506 totum
1637 449 1703 503 ad
1734 462 1889 502 usum
1914 463 2000 503 re~

426 558 555 613 ferri
581 554 760 610 debet.
785 550 1006 607 Etiamsi
1033 562 1233 619 pauper
1257 546 1352 611 sis,
1388 552 1537 613 potes
1561 557 1682 596 cum
1713 540 1854 594 bono
1879 553 1997 591 aut-

426 666 516 707 Ito
543 649 723 703 vivere
747 645 794 700 si
830 639 1263 714 philosopheris:
1293 637 1501 693 etiamsi
1540 633 1693 687 dives
1733 631 1806 685 sis
1832 672 1847 694 ,
1879 644 1998 683 om-

426 745 574 797 nium
605 755 666 795 es
701 738 1036 793 miserrimus
1065 774 1081 799 ,
1121 733 1167 786 si
1211 732 1460 785 virtutem
1490 727 1679 798 fugias.
1725 724 1862 779 Nam
1887 723 2001 776 lucc

427 833 585 888 nobis
610 828 860 885 sectanda
901 833 1025 881 sunt
1058 866 1074 891 ,
1105 838 1224 894 qua:
1262 820 1329 875 ad
1366 820 1616 873 virtutem
1647 822 1891 885 specta-tt
1913 830 1926 866 :
1952 813 1997 866 si

429 924 545 978 haec
571 937 677 977 non
704 920 901 981 adsint,
929 917 1153 971 aliorum
1181 912 1327 968 nulla
1350 910 1566 966 utilitas.
1599 907 1723 962 ideo
1746 908 1998 974 frequen-

426 1025 511 1069 tes
538 1013 645 1068 illm
676 1008 1121 1080 interrogationes
1148 1045 1163 1070 ,
1188 1004 1312 1074 quia
1351 1000 1502 1056 multi
1538 1014 1602 1055 ea
1644 1011 1763 1068 qua:
1794 995 2002 1050 indiffe-

427 1106 601 1164 rentia
622 1110 746 1159 sunt
775 1102 840 1156 ad
867 1116 925 1156 se
948 1110 1191 1169 spectare
1219 1103 1404 1165 putant
1431 1109 1447 1158 ;
1470 1091 1538 1147 de
1554 1091 1618 1145 iis
1641 1103 1770 1143 vero
1789 1103 1908 1158 quae
1932 1085 1999 1140 ad

430 1214 493 1253 se
519 1205 759 1267 spectant
796 1204 851 1250 et
874 1193 975 1249 sibi
1007 1192 1154 1246 utilia
1195 1198 1324 1245 sunt
1348 1227 1366 1254 ,
1394 1185 1594 1241 nullam
1618 1182 1878 1238 rationem
1908 1178 1998 1233 ha-

429 1290 580 1346 bent.
609 1287 741 1344 Nam
769 1302 888 1358 quae
925 1292 1109 1340 nostra
1140 1283 1405 1338 intersunt
1434 1319 1449 1342 ,
1483 1279 1646 1332 virtus
1683 1283 1739 1331 et
1769 1274 2001 1344 philoso-

433 1383 556 1454 phia
586 1388 728 1436 sunt.
757 1378 892 1446 Quia
912 1390 1039 1447 ergo
1060 1376 1127 1430 ab
1147 1374 1239 1429 illa
1261 1373 1421 1443 longo
1446 1368 1730 1425 intervallo
1754 1365 1986 1431 abestis,

431 1476 555 1531 ideo
582 1472 960 1543 cogitationum
992 1464 1322 1538 perturbatio
1347 1505 1363 1530 ,
1394 1463 1516 1518 ideo
1556 1459 1750 1516 ﬂuctus
1799 1456 1951 1513 multi
1981 1495 1998 1521 ,

433 1565 554 1619 ideo
575 1570 884 1632 tempestas.
920 1558 1051 1614 Cum
1091 1557 1233 1613 enim
1270 1570 1302 1610 a
1331 1568 1561 1625 superna
1591 1551 1757 1622 gloria
1790 1547 2000 1604 excide-

430 1654 577 1719 rint,
624 1660 677 1708 et
700 1667 730 1706 a
752 1651 1004 1706 cmlurum
1030 1661 1216 1703 amore
1244 1686 1260 1711 ,
1304 1651 1623 1716 prmsentem
1650 1639 1874 1711 gloriam
1909 1652 2003 1692 cu-

434 1746 587 1818 piunt
610 1745 845 1814 ﬁuntque
868 1741 1009 1798 servi
1048 1747 1105 1796 et
1138 1738 1355 1809 captivi.
1384 1736 1454 1791 Et
1482 1734 1623 1791 unde
1653 1733 1711 1787 fit
1743 1773 1759 1798 ,
1790 1730 1956 1801 inquit
1983 1771 1996 1793 ,

1477 244 1541 298 1N
1582 242 1791 298 l‘IPlST.
1833 242 1853 296 l
1919 239 2009 296 Al)
2044 240 2196 296 (ΞΟΠ.
2242 237 2468 292 llOMlL.
2512 235 2680 293 XXX.

3564 235 3669 291 250

2101 363 2155 408 ut
2183 353 2316 406 hanc
2338 354 2677 425 appetamus?
2700 352 2832 421 Quia
2859 368 2966 407 neu
2989 354 3210 407 inultum
3244 352 3386 408 illam
3412 361 3665 427 concupio

2098 445 2315 499 scimus.
2363 444 2476 523 Hoc
2513 453 2693 499 autem
2734 443 2908 514 ipsum
2955 442 3095 499 unde
3139 443 3372 499 accidit?
3400 444 3479 500 Ex
3507 447 3672 517 negli-

2100 536 2275 606 gentia
2300 544 2393 591 :et
2434 535 2754 607 negligentia
2796 535 2980 591 unde?
3023 536 3101 591 Ex
3145 543 3454 608 contemptu
3494 554 3510 591 :
3544 553 3673 594 con-

2099 638 2336 699 temptus
2377 627 2559 684 unde?
2598 628 2680 683 Ex
2721 627 2954 684 amentia
2984 668 3003 696 ,
3043 636 3100 686 et
3139 628 3280 699 quod
3323 630 3675 701 praesentibus

2102 721 2368 779 inhiamus
2393 762 2410 789 ,
2438 729 2492 775 et
2514 721 2659 791 quod
2698 736 2876 776 rerum
2901 730 3143 776 naturam
3171 721 3401 778 nolimus
3421 733 3675 780 accurate

2101 813 2431 869 examinare.
2457 812 2571 867 Hoc
2596 827 2725 868 vero
2746 811 3014 868 undeuam
3036 813 3319 883 procedit?
3345 813 3495 881 Quod
3528 814 3676 872 Scri-

2103 916 2376 977 pturarum
2403 905 2622 961 lectioni
2651 921 2757 961 non
2784 904 3122 961 attendamus
3151 945 3168 972 ,
3206 921 3381 976 neque
3407 922 3527 962 eum
3548 908 3679 963 viris

2102 999 2301 1053 sanctis
2338 1012 2617 1053 versemur
2639 1038 2654 1062 ,
2694 1006 2752 1052 et
2779 997 3142 1068 improborum
3172 1006 3344 1053 cmtus
3372 995 3680 1068 frequente-

2104 1104 2244 1144 mus.
2272 1087 2351 1144 Ne
2379 1089 2540 1158 igitur
2557 1087 2658 1143 hoc
2687 1097 2946 1159 perpetuo
2966 1087 3060 1143 liat
3076 1129 3093 1156 ,
3116 1096 3258 1144 etne
3282 1087 3477 1144 ﬂuctus
3495 1087 3677 1144 ﬂucti-

2104 1181 2203 1236 bus
2226 1180 2577 1236 succedentes
2596 1222 2612 1247 ,
2646 1195 2747 1234 nos
2778 1180 2830 1234 in
2873 1179 3138 1235 malorum
3164 1180 3384 1251 pelagus
3413 1180 3681 1235 abducant

2105 1281 2158 1328 ct
2175 1270 2434 1327 sull‘ocent
2450 1269 2793 1341 funditusque
2814 1270 3066 1339 perdant;
3089 1270 3261 1326 donec
3279 1279 3488 1340 tempus
3505 1269 3679 1336 adest,

2102 1375 2478 1432 exsurgamus,
2502 1370 2557 1416 et
2582 1374 2742 1430 supra
2768 1370 2974 1430 petram
3005 1369 3234 1427 stantes,
3260 1360 3352 1416 Dei
3370 1360 3678 1431 dogmatum

2104 1453 2225 1508 dico
2274 1462 2330 1508 et
2380 1452 2707 1511 verborum.
2754 1452 3100 1522 respiciamus
3141 1459 3514 1519 tempestatem
3559 1449 3683 1504 vitae

2108 1544 2407 1614 praesentis.
2453 1542 2527 1597 lta
2551 1543 2692 1597 enim
2719 1550 2774 1598 et
2797 1558 2895 1598 nos
2925 1543 3093 1613 ipsam
3115 1542 3450 1613 cﬁugietttus,
3478 1550 3530 1596 ct
3550 1541 3683 1596 alios

2108 1636 2436 1708 naufragium
2484 1635 2748 1705 patientes
2788 1635 3133 1691 extrahemus
3163 1677 3178 1702 ,
3229 1638 3396 1706 gratia
3440 1643 3495 1690 ct
3533 1633 3685 1689 beni-

2107 1732 2334 1798 gnitate,
2366 1736 2472 1782 etc.

1784 1893 2127 1959 HOMILIA
2169 1893 2383 1971 xxx.

434 2042 565 2097 CAP.
595 2039 682 2095 12.
725 2055 778 2089 v.
815 2033 903 2091 12.
932 2033 1075 2089 Sicut
1100 2030 1231 2086 enim
1256 2043 1439 2098 corpus
1468 2042 1624 2081 unum
1647 2032 1740 2087 est,
1768 2030 1815 2075 et
1843 2035 2004 2073 mem-

509 2134 602 2186 bra
620 2129 763 2184 habet
787 2124 946 2205 multa
967 2140 988 2190 ,'
1016 2123 1187 2179 omnia
1211 2131 1378 2174 autem
1402 2117 1624 2172 membra
1640 2113 1865 2184 corporis
1890 2127 2007 2164 cum

512 2228 613 2281 sint
638 2222 816 2287 multa,
836 2236 994 2275 unum
1012 2228 1177 2271 tamen
1205 2230 1389 2285 corpus
1412 2220 1527 2266 sunt
1551 2210 1661 2265 :ita
1685 2216 1731 2262 et
1755 2204 2005 2261 Christus.

515 2323 569 2374 i.
610 2318 736 2372 Cum
784 2312 1206 2370 consolationem
1259 2306 1579 2378 praebuisset
1636 2318 1703 2358 ex
1748 2315 1814 2356 eo
1865 2296 2009 2369 quod

436 2411 725 2483 gratuitum
749 2414 897 2463 esset
920 2404 1116 2459 donum
1139 2442 1154 2467 ,
1211 2416 1282 2456 ex
1338 2413 1405 2454 eo
1429 2396 1571 2469 quod
1609 2394 1787 2450 omnia
1810 2407 1875 2447 ex
1903 2402 2013 2445 uno

437 2502 733 2571 eodemque
784 2497 985 2569 Spiritu
1017 2497 1319 2565 acciperent
1345 2533 1361 2559 ,
1383 2506 1451 2547 ex
1476 2504 1542 2545 eo
1563 2485 1704 2558 quod
1725 2484 1792 2540 ad
1815 2483 2011 2538 utilita-

440 2605 549 2648 tem
577 2591 834 2647 darentur
863 2629 881 2653 ,
911 2603 980 2643 ex
1008 2602 1072 2642 eo
1100 2584 1240 2657 quod
1272 2598 1370 2654 per
1398 2582 1607 2636 minora
1651 2573 2011 2633 manifestatio

442 2686 595 2739 ﬁeret
623 2701 635 2736 :
661 2680 729 2737 ad
758 2680 874 2736 haec
900 2678 1061 2735 etiam
1089 2691 1210 2732 cum
1240 2690 1302 2730 os
1343 2688 1530 2729 eorum
1563 2668 1917 2725 obstruxisset
1945 2680 2013 2720 ex

448 2792 515 2832 eo
567 2774 708 2846 quod
757 2779 1000 2844 eporteat
1048 2766 1294 2840 potestati
1332 2764 1560 2836 Spiritus
1601 2760 1830 2825 cedere;
1887 2755 2014 2813 Haec

442 2869 585 2924 enim
639 2865 805 2919 omnia
826 2903 846 2931 ,
873 2862 1061 2932 inquit,
1093 2867 1330 2931 operatur
1352 2871 1482 2910 unus
1512 2864 1662 2924 atque
1688 2850 1821 2906 idem
1841 2847 2013 2919 Spiri-

444 2975 547 3029 tus,
575 2960 798 3015 dividens
825 2956 1037 3029 singulis
1064 2961 1214 3023 prout
1248 2952 1356 3006 uult
1378 2964 1398 3015 ;
1427 2962 1595 3020 quare
1619 2960 1725 3001 non
1763 2944 1887 2998 licet
1916 2955 2014 2995 cu-

444 3055 591 3109 riose
612 3050 883 3121 inquirere
907 3065 921 3102 :
951 3062 1015 3103 ex
1042 3045 1149 3100 alio
1172 3057 1361 3099 rursus
1391 3041 1508 3096 illos
1528 3037 1836 3094 consolatur
1863 3048 2014 3089 com-

445 3144 595 3198 muni
639 3139 927 3210 exemplo:
959 3148 1013 3194 et
1039 3136 1108 3192 ad
1148 3144 1391 3191 naturam
1430 3133 1601 3202 ipsam
1648 3126 1928 3198 confugit,
1959 3132 2019 3179 ut

444 3235 624 3290 facere
638 3234 791 3288 solet.
808 3231 941 3287 Nam
965 3228 1181 3301 quando
1199 3225 1493 3282 disserebat
1512 3223 1579 3278 de
1606 3235 1756 3277 coma
1783 3220 2017 3274 virorum

447 3341 513 3381 ac
536 3325 837 3391 mulierum,
866 3331 984 3393 post
1008 3320 1109 3376 alia
1135 3319 1257 3375 hinc
1282 3331 1495 3389 quoque
1514 3315 1636 3370 illos
1660 3311 1907 3377 erudivit,
1934 3309 2018 3365 di-

447 3433 577 3474 cens
601 3435 615 3471 :
647 3420 827 3471 Annon
846 3416 959 3487 ipsa
978 3424 1161 3468 natura
1177 3427 1267 3466 vos
1288 3411 1466 3475 docet,
1487 3407 1621 3479 quod
1646 3407 1720 3459 uir
1744 3404 1946 3476 quidem
1974 3402 2019 3455 si

449 3525 648 3564 comam
672 3508 877 3571 nutriat,
910 3504 1187 3577 ignominia
1207 3511 1280 3556 est
1305 3500 1382 3555 illi
1407 3514 1429 3564 ;
1452 3499 1631 3552 mulier
1658 3506 1829 3550 autem
1861 3495 1906 3548 si
1928 3509 2018 3547 co-

449 3617 588 3654 ntam
613 3599 801 3653 nutriat
828 3638 845 3663 ,
873 3596 969 3668 ipsi
994 3604 1067 3649 est
1091 3593 1254 3666 gloria
1280 3591 1300 3664 (
1323 3588 1510 3646 LCor.
1539 3589 1627 3643 l‘l.
1659 3587 1745 3642 14.
1774 3586 1841 3641 15
1869 3587 1889 3656 )
1916 3583 2022 3639 δῖΕι

449 3708 573 3748 cum
610 3691 679 3747 de
707 3688 1019 3760 idolothytis
1045 3685 1255 3743 dicebat
1282 3724 1299 3750 ,
1329 3682 1621 3754 prohibens
1646 3679 1733 3734 illa
1762 3687 1978 3747 tangere
2000 3716 2017 3742 ,

449 3784 612 3839 etiam
641 3782 710 3837 ab
733 3780 972 3836 externis
996 3777 1257 3846 exemplis
1287 3788 1590 3831 sermonem
1620 3771 1789 3839 texit,
1831 3769 2020 3841 Olym-

450 3876 569 3945 pica
607 3874 898 3929 certamiua
943 3882 1250 3926 memorans
1289 3876 1342 3923 et
1379 3865 1566 3923 dicens
1595 3882 1608 3920 :
1636 3864 1735 3933 Qui
1762 3865 1816 3918 in
1858 3861 2021 3917 stadio

449 3975 661 4021 currunt
686 4005 705 4033 ,
734 3982 903 4020 omnes
940 3964 1143 4033 quidem
1189 3970 1396 4016 currunt
1423 4000 1438 4025 ,
1466 3976 1597 4014 unus
1631 3969 1794 4013 autem
1840 3956 2024 4023 accipit

454 4056 684 4110 bravium
710 4055 875 4126 (Ibid-
907 4056 963 4111 9.
991 4053 1103 4124 24)
1133 4069 1149 4109 :
1178 4062 1336 4123 atque
1377 4067 1407 4105 a
1460 4049 1762 4120 pastoribus
1789 4088 1804 4113 ,
1835 4047 2023 4103 militi-

454 4146 564 4202 bus
607 4155 659 4201 et
700 4145 937 4216 agricolis
982 4145 1072 4200 illa
1101 4145 1215 4214 ipsa
1245 4143 1495 4213 probans.
1528 4139 1652 4196 Ideo
1697 4140 1786 4194 hic
1814 4151 2025 4208 quoque

452 4254 742 4298 commune
765 4238 1060 4310 exemplum
1084 4238 1135 4292 in
1157 4237 1391 4292 medium
1414 4234 1587 4301 affert,
1609 4248 1716 4305 quo
1737 4232 2023 4289 admodum

454 4330 733 4388 contendit
774 4342 833 4385 ut
874 4328 1124 4386 ostendat
1157 4328 1424 4384 neminem
1472 4327 1650 4381 minus
1688 4339 1849 4395 quam
1891 4324 2025 4381 alios

455 4426 677 4489 habere,
712 4423 765 4478 id
790 4424 931 4493 quod
961 4422 1203 4477 mirabile
1229 4422 1415 4477 luisset
1437 4428 1493 4476 et
1518 4419 1739 4490 probatu
1762 4418 1977 4474 difﬁcile
2004 4459 2021 4486 ,

455 4528 743 4585 tamenque
788 4514 1140 4584 simpliciores
1183 4523 1368 4584 posset
1410 4509 1786 4568 recrearezde
1813 4511 1880 4565 iis
1906 4526 2028 4581 quae

453 4607 524 4662 ad
544 4622 738 4676 corpus
764 4614 1008 4675 spectant
1029 4604 1169 4661 dico.
1189 4604 1586 4660 Pusillanimem
1607 4617 1837 4673 namque
1850 4609 1907 4658 et
1923 4602 2028 4656 mi-

455 4715 563 4755 nus
588 4700 872 4755 habentem
909 4698 1042 4753 nihil
1071 4699 1140 4753 ita
1165 4698 1471 4753 consolatur
1496 4705 1552 4751 et
1590 4695 1658 4751 ad
1686 4711 1795 4753 non
1840 4694 2030 4751 dolen-

456 4795 586 4850 dum
616 4793 860 4859 inducit,
890 4803 947 4848 ut
984 4807 1106 4848 cum
1147 4791 1308 4847 discit
1349 4804 1412 4845 se
1453 4803 1559 4844 non
1590 4788 1765 4844 minus
1807 4788 2029 4845 habere.

455 4884 798 4955 Quapropter
827 4883 879 4938 id
908 4883 999 4938 ille
1026 4882 1259 4952 probans
1283 4923 1299 4947 ,
1329 4882 1406 4935 sic
1427 4879 1695 4950 loquitur:
1730 4880 1872 4935 Sicut
1891 4879 2028 4934 enim

457 4993 644 5046 corpus
662 4992 825 5029 unum
845 4982 940 5041 est,
969 4984 1015 5030 et
1038 4973 1258 5028 membra
1285 4973 1430 5028 habet
1453 4973 1635 5027 multa.
1665 4971 1908 5028 Vidistin‘
1934 4987 2020 5027 ac-

458 5078 699 5124 curatam
754 5067 1157 5137 intelligentiam
1181 5067 1206 5120 Ἰ
1232 5065 1469 5137 ldipsum
1512 5072 1568 5120 et
1596 5079 1760 5119 unum
1783 5071 1839 5119 et
1861 5063 2028 5120 multa

460 5176 583 5217 esse
609 5159 863 5215 ostendit.
897 5159 1022 5215 Ideo
1042 5158 1336 5236 subiungit,
1368 5159 1422 5213 in
1451 5158 1721 5228 pr0posito
1750 5157 1917 5227 magis
1948 5158 2032 5213 in-

459 5263 614 5309 stans
642 5272 658 5309 :
687 5252 872 5309 Omnia
890 5262 1057 5307 autem
1083 5252 1302 5306 membra
1327 5250 1573 5322 corporis,
1599 5266 1713 5305 cum
1731 5250 1831 5306 sint
1849 5248 2031 5316 multa,

458 5360 623 5398 unum
648 5354 764 5399 sunt
784 5360 986 5415 corpus.
1010 5342 1127 5399 Non
1145 5342 1317 5409 dixit,
1350 5340 1483 5398 Cum
1512 5343 1620 5398 sint
1643 5342 1809 5397 multa
1831 5382 1848 5411 ,
1873 5341 2032 5397 unius

461 5450 591 5491 sunt
609 5438 891 5506 corporis;
931 5435 1047 5500 sed,
1080 5435 1192 5490 Hoc
1213 5439 1386 5505 ipsum
1416 5451 1577 5491 unum
1607 5436 1768 5489 multa
1791 5444 1949 5500 sunt,
1976 5441 2032 5489 et

464 5526 556 5583 illa
580 5528 743 5582 multa
766 5526 1004 5585 membra
1017 5527 1118 5581 hoc
1135 5541 1298 5581 unum
1315 5536 1419 5583 est.
1437 5527 1491 5583 Si
1520 5542 1647 5597 ergo
1672 5526 1834 5582 multa
1865 5540 2028 5580 unum

464 5629 630 5684 sunt,
670 5629 725 5675 et
771 5635 936 5674 unum
977 5617 1137 5672 multa
1163 5660 1178 5683 ,
1207 5618 1297 5672 ubi
1326 5630 1408 5673 est
1453 5618 1789 5674 differentia?
1814 5618 2025 5675 ubinam

467 5710 523 5767 id
549 5711 690 5783 quod
712 5710 962 5768 excedit?
987 5711 1072 5766 ubi
1095 5710 1234 5781 quod
1264 5712 1438 5767 anuus
1465 5723 1546 5768 est
1570 5715 1593 5767 ?
1627 5714 1805 5769 Omnia
1837 5719 1973 5772 enim
2008 5758 2019 5781 ,

2114 2020 2282 2087 inquit
2309 2060 2324 2085 ,
2357 2035 2512 2072 unum
2535 2028 2653 2074 sunt
2681 2057 2696 2083 ,
2729 2027 2784 2075 et
2833 2035 2939 2074 non
2984 2020 3147 2076 modo
3171 2036 3334 2075 unum
3366 2062 3380 2086 ,
3405 2021 3497 2076 sed
3523 2023 3680 2078 etiam

2113 2110 2280 2180 magis
2326 2109 2539 2180 proprie
2589 2110 2891 2166 examinata
2922 2151 2938 2176 ,
2970 2111 3264 2167 secundum
3310 2112 3452 2183 quod
3490 2128 3686 2185 corpus

2112 2211 2239 2258 sunt
2265 2244 2280 2269 ,
2310 2202 2657 2259 inveniuntur
2679 2203 2860 2259 omnia
2887 2217 3010 2260 esse
3033 2219 3219 2259 unum.
3249 2204 3476 2273 Quando
3505 2214 3683 2260 autem

2114 2312 2211 2368 per
2249 2305 2459 2367 partes,
2503 2307 2627 2352 tunc
2662 2295 2960 2354 diﬂ'ereutia
2993 2305 3110 2366 est,
3161 2306 3216 2354 et
3253 2297 3551 2355 differentia
3590 2299 3677 2354 illa

2114 2389 2166 2443 in
2218 2387 2466 2444 omnibus
2501 2388 2765 2445 similiter.
2794 2388 3011 2445 Nullum
3056 2388 3199 2444 enim
3247 2404 3434 2445 eorum
3482 2405 3578 2460 per
3627 2405 3688 2446 se

2114 2489 2295 2552 potest
2317 2494 2513 2551 corpus
2550 2481 2763 2537 efficere
2790 2521 2807 2549 ,
2839 2480 2933 2537 sed
2963 2480 3077 2550 pari
3114 2479 3277 2536 modo
3313 2481 3520 2552 singula
3553 2482 3687 2537 deli-

2114 2575 2263 2631 ciunt
2290 2574 2355 2630 ad
2378 2589 2574 2645 corpus
2597 2574 2986 2631 efformandum
3015 2616 3032 2642 ,
3057 2583 3114 2630 et
3155 2590 3290 2646 opus
3334 2584 3419 2631 est
3456 2576 3684 2645 conjun-

2116 2671 2313 2724 CIione.
2357 2668 2490 2724 Cum
2515 2668 2659 2724 enim
2688 2669 2851 2723 multa
2881 2683 3042 2723 unum
3071 2666 3376 2723 efﬁciuntur
3398 2708 3417 2737 ,
3451 2677 3575 2724 tunc
3603 2681 3687 2726 est

2117 2776 2282 2816 unum
2307 2774 2522 2831 corpus.
2540 2759 2771 2830 Ideoque
2797 2761 2849 2816 id
2871 2762 3046 2832 ipsum
3068 2762 3409 2819 subindicans
3433 2763 3642 2820 dicebat
3670 2785 3686 2820 :

2122 2849 2306 2906 Omnia
2328 2861 2494 2906 autem
2531 2851 2751 2907 manbra
2783 2853 3028 2922 corporis,
3055 2867 3171 2908 cum
3189 2855 3291 2909 sint
3316 2855 3497 2922 multa,
3525 2870 3689 2910 unum

2119 2955 2190 3000 est
2212 2962 2413 3018 corpus.
2441 2946 2624 3017 Neque
2646 2946 2780 3002 dixit
2807 2989 2822 3014 ,
2845 2947 2974 3017 Quae
2999 2949 3264 3006 excedunt
3292 2959 3347 3007 et
3372 2967 3491 3021 qua:
3514 2952 3692 3007 mino—

2120 3054 2179 3094 ra
2207 3045 2353 3106 sunt,
2371 3037 2467 3094 sed
2490 3083 2507 3104 ,
2539 3037 2664 3093 Cum
2683 3039 2782 3094 sint
2809 3040 2969 3094 multa
2993 3082 3009 3108 ,
3037 3041 3180 3112 quod
3203 3056 3486 3099 commune
3509 3044 3690 3099 omni-

2118 3131 2222 3187 bus
2270 3142 2371 3187 est.
2418 3132 2484 3188 Et
2531 3130 2799 3201 quomodo
2846 3131 2961 3187 fieri
3014 3142 3195 3202 potest
3236 3143 3295 3189 ut
3341 3136 3450 3190 sint
3474 3149 3635 3190 unum
3664 3135 3690 3189 ἲ

2121 3224 2343 3293 Quando
2368 3224 2537 3295 ejecta
2567 3224 2930 3280 membrorum
2957 3223 3257 3281 differentia
3291 3267 3307 3292 ,
3338 3241 3533 3298 corpus
3558 3242 3689 3282 exa-

2122 3319 2425 3375 minaveris.
2453 3317 2605 3385 Quod
2625 3318 2770 3373 enim
2798 3328 2881 3374 est
2900 3319 3108 3385 oculus,
3143 3318 3245 3375 hoc
3266 3328 3321 3375 et
3346 3334 3441 3389 pes
3468 3327 3571 3388 est,
3598 3336 3690 3376 se-

2123 3414 2354 3469 cundum
2385 3414 2436 3469 id
2466 3413 2608 3485 quod
2636 3413 2931 3468 membrum
2960 3422 3084 3468 sunt
3106 3422 3160 3468 et
3179 3427 3374 3485 corpus
3403 3412 3644 3470 efficiunt
3672 3431 3687 3467 :

2123 3504 2266 3558 nulla
2282 3504 2420 3559 enim
2437 3504 2523 3560 hic
2545 3504 2843 3560 diﬁ'erentia
2861 3513 2964 3559 est.
2985 3503 3166 3575 Neque
3193 3503 3369 3560 dicere
3395 3504 3567 3574 possis
3592 3503 3693 3560 hoc

2124 3596 2420 3651 membrum
2451 3611 2546 3666 per
2571 3611 2629 3652 se
2656 3611 2852 3666 corpus
2874 3595 3069 3663 facere,
3105 3596 3234 3652 illud
3253 3613 3356 3652 non
3386 3598 3547 3653 item:
3578 3612 3693 3653 om-

2125 3688 2213 3741 nia
2243 3688 2384 3742 enim
2418 3687 2517 3743 hac
2544 3688 2595 3743 in
2618 3703 2678 3744 re
2701 3691 2845 3759 paria
2873 3697 3016 3758 sunt,
3036 3689 3156 3759 quia
3181 3689 3360 3744 omnia
3382 3705 3547 3745 unum
3569 3696 3694 3745 sunt

2124 3793 2337 3849 corpus.

2198 3872 2423 3927 Ecclesia
2463 3872 2666 3941 corpori
2699 3872 2919 3926 humano
2956 3882 3299 3941 comparatur.
3327 3901 3400 3914 -—
3426 3873 3538 3928 Hoc
3570 3887 3690 3927 cum

2128 3964 2369 4029 dixisset,
2400 3970 2455 4019 et
2480 3964 2623 4018 clare
2647 3980 2712 4017 ex
2745 3964 2983 4017 omnium
3010 3963 3216 4018 calculo
3245 3963 3687 4029 demonstrasset,

2129 4056 2420 4127 subjunxit,
2450 4054 2533 4109 Ita
2557 4065 2603 4109 et
2631 4053 2881 4110 Christus.
2906 4054 3116 4110 Etcum
3145 4055 3464 4124 oportuisset
3482 4055 3687 4131 dicere,

2130 4148 2203 4203 Ita
2245 4157 2298 4203 et
2345 4147 2623 4213 Ecclesia;
2680 4147 2781 4202 hoc
2825 4146 2966 4202 enim
3014 4161 3347 4217 consequens
3393 4156 3552 4203 erat:
3594 4146 3695 4202 hoc

2130 4237 2344 4309 quidem
2377 4254 2482 4294 non
2512 4238 2666 4305 dixit,
2696 4238 2789 4295 sed
2822 4239 2969 4294 illius
3011 4239 3130 4294 loco
3151 4238 3419 4295 Christum
3444 4239 3610 4308 ponit,
3641 4239 3692 4293 in

2130 4336 2293 4389 altum
2324 4333 2586 4389 extollens
2611 4332 2933 4399 orationem,
2958 4340 3013 4386 et
3055 4331 3352 4387 auditorem
3380 4330 3548 4401 magis
3591 4345 3693 4402 pu-

2131 4427 2261 4482 dore
2306 4425 2564 4480 afliciens.
2608 4424 2721 4480 Hoc
2766 4433 2939 4479 autem
2983 4426 3095 4479 vult
3134 4423 3478 4495 significare:
3521 4422 3597 4477 Ita
3642 4431 3697 4479 et

2132 4518 2329 4573 Christi
2355 4532 2573 4587 corpus,
2602 4516 2742 4588 quod
2771 4526 2854 4572 est
2878 4492 3308 4574 EcclesialSicut
3329 4518 3468 4570 enim
3491 4523 3546 4571 et
3572 4531 3692 4571 cor-

2133 4624 2231 4679 pus
2271 4618 2326 4664 et
2367 4618 2530 4681 caput
2571 4624 2707 4663 unus
2736 4614 2859 4663 sunt
2906 4608 3087 4675 homo,
3119 4607 3188 4662 ita
3217 4616 3272 4664 et
3319 4607 3613 4664 Ecclesiam
3645 4616 3701 4662 et

2134 4701 2405 4757 Christum
2431 4716 2594 4757 unum
2621 4715 2741 4757 esse
2765 4700 2927 4773 dixit.
2954 4698 3077 4756 Ideo
3101 4699 3369 4756 Christum
3395 4715 3493 4770 pro
3512 4699 3698 4756 Eccle—

2136 4794 2212 4849 sia
2241 4794 2439 4864 posuit,
2458 4808 2654 4864 corpus
2679 4793 2796 4863 ejus
2824 4792 2902 4848 sic
2926 4807 3146 4849 vocans.
3166 4792 3312 4849 Sicut
3338 4808 3485 4864 ergo,
3505 4794 3693 4866 inquit,

2134 4901 2328 4957 corpus
2368 4898 2609 4941 nosuum
2638 4900 2803 4940 unum
2831 4893 2935 4952 est,
2960 4885 3167 4940 etiamsi
3195 4900 3261 4941 ex
3288 4887 3466 4941 multis
3493 4889 3699 4943 consti-

2136 4986 2344 5033 tuatur:
2369 4978 2439 5033 ita
2460 4977 2586 5032 etin
2608 4976 2848 5031 Ecclesia
2870 4992 3055 5033 omnes
3077 4993 3238 5033 unum
3261 4994 3463 5035 sumus.
3479 4980 3699 5036 Etiamsi

2135 5070 2277 5124 enim
2304 5068 2395 5124 illa
2425 5082 2491 5124 ex
2514 5067 2694 5122 multis
2718 5067 2976 5125 membris
3015 5079 3244 5140 constat,
3273 5071 3366 5127 sed
3407 5072 3495 5127 illa
3536 5073 3699 5127 multa

2089 5209 2097 5215 .
2138 5174 2303 5214 unum
2341 5157 2474 5213 fiunt
2501 5171 2716 5230 corpus.
2746 5159 2876 5215 Cum
2920 5175 3049 5233 ergo
3088 5173 3383 5219 recreasset
3411 5173 3467 5219 et
3494 5164 3700 5219 erexis-

2087 5316 2093 5322 θ
2137 5261 2221 5307 set
2244 5251 2311 5307 ab
2341 5251 2444 5306 hoc
2472 5252 2742 5307 communi
2767 5254 3016 5324 exemplo
3045 5269 3164 5309 eum
3189 5256 3278 5325 qui
3305 5254 3583 5310 videbatur
3601 5254 3705 5309 mi-

2137 5359 2237 5398 nor
2262 5343 2398 5410 lieri,
2423 5360 2608 5401 rursus
2631 5360 2972 5400 communem
2997 5346 3213 5400 dimittit
3239 5345 3700 5409 consuetudinem,

2139 5445 2194 5491 et
2218 5436 2284 5490 ad
2321 5435 2464 5490 aliud
2489 5437 2659 5506 pergit
2684 5434 2959 5505 spirituale
2980 5444 3159 5506 caput,
3191 5437 3447 5505 majorem
3472 5435 3702 5492 aﬂ‘ercns

2140 5529 2579 5601 consolationem,
2620 5526 2762 5590 quod
2810 5526 3055 5581 ostendat
3102 5541 3342 5598 magnam
3393 5529 3446 5584 in
3496 5529 3701 5586 honore

2131 5614 2502 5682 anmalitatem.
2544 5612 2821 5680 Quodnam
2863 5609 2992 5664 illud
3023 5610 3141 5665 est?
3168 5612 3253 5667 15.
3290 5610 3491 5668 Etenim
3522 5614 3576 5670 in
3602 5633 3705 5672 una

2134 5709 2357 5777 Spiritu,
2389 5705 2574 5775 inquit,
2604 5722 2771 5761 omnes
2809 5721 2899 5760 nos
2945 5705 2995 5758 in
3044 5721 3199 5761 unum
3244 5722 3425 5780 corpus
3456 5709 3702 5779 baptismi
