4094 6222
445 299 541 357 9.51

446 431 643 482 sumus,
670 414 772 468 siue
796 410 990 476 Judaei,
1026 408 1128 462 sive
1177 403 1362 466 (ἐι-(νεὶ,
1405 400 1506 453 sive
1537 396 1686 462 serui,
1714 394 1816 448 sive
1862 389 2022 444 liberi.

449 510 502 565 ld
535 518 655 563 est:
689 504 830 576 quod
859 501 1035 558 effecit
1075 506 1134 553 ut
1177 509 1340 551 unum
1377 506 1574 560 corpus
1604 488 1793 548 simus,
1826 491 1881 538 et
1931 495 2028 536 nos

451 573 812 670 regeneraivit.
833 609 968 649 unus
997 599 1082 646 est
1103 587 1338 660 Spiritus
1364 603 1378 639 :
1410 597 1513 637 non
1535 581 1677 635 enim
1703 578 1755 632 in
1788 576 1892 630 alio
1919 573 2026 636 hic,

455 667 648 746 inialio
677 689 764 741 ille
791 683 1088 754 baptizatus
1113 689 1196 734 est
1239 675 1449 746 Spiritu.
1486 672 1604 727 Non
1649 667 1808 723 modo
1849 671 2028 718 autem

457 782 551 853 qui
597 795 694 834 nos
725 776 956 847 baptizat
984 787 1121 827 unus
1163 779 1268 834 est,
1313 767 1406 822 sed
1437 773 1493 820 et
1530 777 1693 818 unum
1723 767 1806 814 est
1843 759 1896 811 in
1922 769 2030 825 quo

460 847 781 942 baptizavit;
816 865 868 921 id
890 875 992 931 est,
1021 870 1242 933 propter
1259 857 1401 928 quod
1427 851 1729 925 baptizavit.
1751 848 1864 904 Non
1888 847 2030 902 enim

459 977 519 1022 ut
543 966 753 1020 diversa
786 962 976 1017 ﬁerent
1001 973 1249 1027 corpora,
1273 953 1366 1010 sed
1409 958 1469 1006 ut
1493 963 1680 1005 omnes
1726 945 1884 1000 unius
1911 957 2034 997 cor-

460 1059 610 1129 poris
654 1063 954 1112 accuratam
998 1049 1432 1120 conjunctioncm
1497 1050 1683 1098 mutuo
1733 1050 2029 1100 servemus,

462 1149 712 1220 baptizati
758 1161 980 1209 smnus;
1029 1144 1132 1199 hoc
1174 1150 1276 1207 est,
1309 1147 1370 1193 ut
1413 1149 1600 1192 omnes
1639 1144 1804 1187 unum
1840 1139 2036 1198 corpus

464 1245 652 1306 simus,
682 1241 732 1294 in
763 1239 865 1292 hoc
897 1234 1147 1307 baptizati
1169 1245 1378 1288 sumus.

537 1334 592 1388 Ξ.
640 1332 823 1400 Itaque
865 1339 920 1384 et
963 1328 1052 1398 qui
1103 1322 1405 1380 construxit
1443 1332 1659 1389 corpus,
1693 1326 1828 1370 unus
1855 1321 1954 1377 est,
1984 1319 2039 1367 et

445 1425 518 1480 id
545 1424 610 1478 ad
633 1422 776 1492 quod
801 1427 1164 1476 constructum
1196 1424 1299 1479 est,
1333 1427 1496 1468 unum
1526 1419 1628 1466 est.
1656 1407 1766 1463 Nec
1789 1405 1941 1468 dixit,
1970 1402 2043 1459 Ut

468 1519 638 1573 simus
662 1515 900 1586 ejusdem
937 1511 1216 1582 corporis;
1259 1506 1374 1571 sed,
1406 1505 1477 1561 Ut
1501 1518 1665 1558 unum
1692 1514 1886 1570 corpus
1927 1511 2042 1552 om-

469 1627 566 1666 nes
591 1612 758 1664 simus
783 1626 795 1661 :
828 1621 1043 1678 semper
1071 1605 1214 1660 enim
1243 1601 1422 1656 studet
1446 1597 1621 1652 verbis
1650 1595 1907 1663 majorem
1933 1605 2046 1646 em-

471 1705 658 1774 phasin
687 1698 1114 1772 exprimentibus
1145 1695 1242 1751 uti.
1276 1693 1344 1748 Et
1381 1693 1518 1747 bene
1548 1688 1710 1752 dixit,
1744 1685 1929 1740 Omnes
1957 1699 2046 1737 su-

471 1816 602 1862 mus,
632 1798 866 1866 seipsum
907 1793 1184 1863 adjiciens.
1216 1787 1397 1857 Neque
1429 1787 1572 1840 enim
1617 1794 1745 1850 ergo
1773 1775 2048 1848 apostolus

474 1891 595 1960 plus
621 1901 778 1958 quam
812 1896 866 1940 tu
901 1883 1026 1954 quid
1055 1881 1226 1937 habeo
1252 1897 1265 1933 :
1297 1876 1494 1932 etenim
1518 1883 1573 1928 tu
1603 1883 1798 1941 corpus
1820 1883 1880 1923 es
1913 1869 2052 1922 sicut

479 1959 533 2038 et
572 1994 692 2051 ego.
727 1993 846 2048 ego,
892 1976 1029 2030 sicut
1071 1983 1148 2037 tu,
1179 1980 1233 2026 et
1277 1981 1465 2023 omnes
1515 1964 1743 2034 idipsum
1795 1959 2052 2015 habemus

479 2083 661 2145 caput,
688 2081 742 2125 et
767 2069 955 2145 eodem
981 2075 1134 2138 partu
1165 2063 1275 2118 nati
1300 2074 1516 2117 sumus:
1543 2056 1740 2112 idcirco
1766 2053 1905 2109 idem
1934 2067 2055 2106 cor-

482 2182 583 2238 pus
612 2178 816 2220 sumus.
850 2161 918 2215 Et
956 2158 1079 2230 quid
1106 2157 1225 2212 dico
1250 2197 1266 2221 ,
1293 2153 1484 2224 inquit,
1524 2147 1776 2206 Judmos?
1825 2147 1955 2201 Nam
2001 2153 2056 2200 et

481 2258 698 2315 Graecos
730 2271 761 2310 a
789 2253 941 2308 nobis
964 2261 1169 2306 tantum
1199 2248 1443 2310 dissitas,
1470 2243 1536 2298 ad
1567 2242 1619 2296 id
1649 2243 1820 2311 ipsum
1861 2251 2056 2308 corpus

489 2347 713 2419 redegit.
757 2346 932 2413 Quare
973 2359 1094 2398 cum
1135 2340 1384 2404 dixisset,
1431 2335 1542 2390 Nos
1581 2350 1783 2396 omnes.
1822 2346 1928 2387 non
1972 2328 2059 2384 hic

483 2441 754 2504 substitit;
779 2437 873 2494 sed
900 2435 1178 2506 subjunxit
1205 2453 1219 2489 :
1247 2434 1366 2489 Sive
1391 2429 1584 2496 Judaei,
1621 2428 1719 2482 sive
1746 2424 1929 2491 Graeci,
1957 2425 2059 2479 sive

483 2534 635 2598 servi,
682 2532 784 2586 sive
832 2529 994 2584 liberi.
1035 2525 1187 2596 Quod
1230 2526 1277 2580 si
1323 2538 1446 2578 cum
1489 2531 1644 2576 antea
1687 2517 1822 2573 adeo
1866 2514 2060 2573 remoti

492 2637 755 2684 essemus.
782 2621 952 2692 juncti
983 2634 1169 2676 sumus
1196 2626 1251 2673 et
1278 2630 1440 2671 unum
1469 2611 1676 2679 effecti;
1705 2611 1874 2665 multo
1895 2607 2062 2678 magis

491 2725 775 2788 postquam
800 2729 962 2769 unum
991 2711 1115 2767 facti
1141 2725 1346 2773 sumus,
1377 2721 1482 2761 non
1519 2704 1776 2760 debemus
1799 2703 1982 2757 dolere
2011 2707 2067 2753 et

496 2808 749 2866 maestitia
777 2806 916 2862 afﬁci
942 2823 956 2859 :
989 2819 1162 2874 neque
1189 2803 1331 2858 enim
1357 2801 1532 2855 locum
1558 2796 1718 2850 habet
1742 2792 2063 2849 differentia.

499 2901 633 2958 Nam
654 2900 698 2955 si
723 2897 940 2955 Grazcos
977 2912 1072 2952 seu
1098 2895 1324 2965 gentiles
1344 2901 1397 2946 et
1420 2889 1636 2946 Judaaos
1662 2887 1852 2942 iisdem
1882 2885 2069 2956 digna-

497 3003 585 3048 tus
623 3000 725 3058 est,
759 3003 964 3045 necnon
1010 3002 1197 3043 servos
1239 2993 1294 3040 et
1333 2983 1564 3047 liberos;
1610 2977 1881 3049 quomodo
1918 2984 2068 3047 post-

497 3101 657 3160 quam
687 3083 739 3139 id
767 3083 1016 3153 dignatus
1061 3089 1162 3143 est.
1201 3075 1537 3147 disjunxerit,
1567 3071 1778 3144 quando
1811 3071 2070 3141 majorem

501 3188 559 3235 et
615 3176 998 3232 accuratiorem
1049 3188 1114 3226 ex
1165 3169 1321 3225 donis
1368 3166 1797 3236 conjunctionem
1857 3162 2074 3220 efﬁcere

505 3271 752 3342 dignatus
773 3267 893 3324 est?
917 3263 988 3322 Et
1017 3280 1186 3320 omnes
1216 3279 1317 3317 uno
1345 3260 1544 3330 Spiritu
1574 3259 1732 3324 potati
1758 3273 1953 3312 sumus.
1985 3257 2072 3312 14.

509 3361 650 3416 Nam
675 3370 722 3415 et
751 3375 936 3429 corpus
966 3373 1067 3412 non
1093 3364 1164 3410 est
1189 3370 1344 3408 unum
1371 3352 1666 3417 membrum,
1694 3350 1782 3405 sed
1811 3350 1990 3404 multa.
2023 3349 2076 3404 Id

509 3462 616 3520 est,
645 3452 713 3508 ad
742 3450 983 3507 eamdem
1014 3448 1258 3504 venimus
1297 3443 1672 3517 mysteriorum
1703 3441 2075 3507 initiationem,

510 3546 696 3602 eadem
746 3543 971 3598 fruimur
1023 3553 1225 3598 mensa.
1267 3537 1335 3592 Et
1379 3551 1476 3591 cur
1519 3549 1626 3590 non
1655 3533 1834 3589 dixit:
1877 3532 2078 3589 Eodem

509 3653 735 3709 corpore
759 3637 1042 3702 nutrimur,
1065 3640 1120 3688 et
1145 3631 1332 3687 eodem
1355 3630 1610 3700 sanguine
1637 3627 1920 3698 potamur?
1949 3626 2082 3693 Quia

513 3745 636 3787 cum
669 3729 922 3799 Spiritum
953 3725 1108 3790 dixit,
1135 3733 1422 3792 utrumque
1450 3721 1767 3792 signiﬁcavit
1791 3728 1846 3775 et
1871 3720 2086 3789 sangui—

517 3837 638 3877 nem
668 3832 722 3876 et
752 3834 946 3890 corpus
971 3836 986 3872 :
1028 3832 1124 3887 per
1152 3825 1433 3884 utrumque
1462 3813 1603 3868 enim
1629 3827 1738 3868 uno
1761 3811 1961 3882 Spiritu
1994 3824 2088 3881 po-

523 3925 715 3970 tamur.
747 3912 872 3966 Mihi
898 3922 1078 3965 autem
1105 3907 1314 3962 videtur
1341 3919 1483 3960 nunc
1511 3904 1693 3960 dicere
1737 3904 1883 3959 illum
1916 3901 2082 3972 Spiri-

523 4020 610 4062 tus
658 4004 966 4070 adveutum,
999 4001 1087 4072 qui
1133 4015 1162 4054 a
1205 3998 1521 4068 baptismate
1565 4004 1621 4052 et
1665 4004 1792 4050 ante
1837 3994 2090 4065 mysteria

524 4098 681 4154 nobis
723 4095 951 4152 accedit.
995 4093 1137 4149 Dixit
1173 4102 1384 4158 autem,
1417 4087 1588 4143 Palati
1632 4103 1827 4155 sumus,
1857 4087 1981 4155 quia
2009 4084 2093 4139 di-

527 4189 724 4247 ctionis
765 4185 1076 4256 metaphora
1105 4183 1257 4239 valde
1283 4193 1578 4254 opportuna
1623 4179 1722 4250 ipsi
1752 4187 1836 4233 est
1860 4179 1925 4232 ad
1957 4191 2092 4246 pra:-

529 4297 655 4338 sens
695 4289 1102 4351 argumentum:
1139 4287 1196 4330 ut
1239 4275 1283 4329 si
1308 4274 1374 4328 de
1422 4273 1615 4343 plantis
1646 4281 1698 4326 et
1735 4271 1804 4326 de
1853 4269 2098 4340 paradiso

530 4375 756 4438 diceret,
785 4370 865 4425 Ab
894 4368 1081 4424 eodem
1121 4365 1268 4423 fonte
1309 4377 1496 4419 omnes
1524 4363 1744 4417 arbores
1789 4361 2097 4430 irrigantur,

530 4473 588 4519 et
612 4464 679 4517 ab
703 4461 889 4517 eadem
917 4474 1052 4529 aqua
1075 4477 1087 4512 :
1115 4458 1185 4512 ita
1213 4467 1266 4512 et
1291 4456 1345 4510 in
1370 4453 1642 4524 praesenti,
1674 4452 1875 4508 Eodem
1901 4451 2103 4520 Spiritu

535 4553 699 4624 potati
738 4566 922 4609 sumus
949 4563 1158 4608 omnes.
1199 4545 1440 4604 eamdem
1474 4545 1810 4614 percepimus
1852 4543 2101 4612 gratiam.

539 4644 597 4700 Si
622 4658 748 4713 ergo
777 4657 914 4696 unus
937 4638 1167 4708 Spiritus
1193 4653 1289 4692 nos
1318 4635 1612 4705 conjunxit,
1639 4642 1693 4689 et
1720 4648 1818 4688 nos
1839 4647 2026 4688 oumes
2053 4633 2107 4688 in

537 4752 698 4792 unum
739 4749 932 4805 corpus
977 4730 1278 4801 compegit;
1315 4727 1416 4782 hoc
1462 4727 1604 4781 enim
1649 4724 1912 4795 signiﬁcat
1954 4724 2105 4791 illud,

538 4829 609 4884 In
637 4844 792 4889 unum
824 4840 1006 4896 corpus
1035 4821 1273 4892 baptizati
1313 4833 1530 4882 sumus;
1573 4827 1628 4873 et
1672 4831 1830 4870 unam
1870 4831 2110 4872 mensam

548 4919 766 4987 largitus
794 4927 895 4984 est,
928 4926 982 4972 et
1009 4913 1254 4971 eamdem
1296 4909 1544 4967 omnibus
1574 4907 1980 4979 irrigationem;
2013 4908 2114 4964 hoc

547 5010 690 5062 enim
736 5007 839 5060 sibi
867 5007 979 5061 vult
1024 5007 1172 5071 illud,
1210 5003 1323 5060 Uno
1370 5003 1570 5073 Spiritu
1613 5001 1769 5072 palati
1804 5016 2014 5065 sumus;
2060 5010 2115 5054 et

550 5105 697 5153 tanto
727 5097 1004 5150 intervallo
1033 5097 1248 5151 dissitos
1269 5099 1478 5165 junxit;
1509 5105 1564 5151 et
1605 5094 1772 5150 multa
1818 5103 1944 5149 tunc
1985 5094 2117 5149 fiunt

548 5204 767 5260 corpus,
797 5188 1008 5259 quando
1036 5187 1172 5244 facta
1203 5189 1412 5244 fuerunt
1438 5205 1602 5245 unum
1629 5208 1642 5244 :
1676 5204 1774 5244 cur
1801 5188 1928 5243 mibi
1959 5187 2114 5244 diffe-

553 5284 779 5340 rentiam
818 5293 912 5336 sus
953 5279 1127 5350 deque
1157 5279 1376 5336 versas?
1409 5278 1464 5332 Si
1493 5291 1670 5334 autem
1703 5280 1925 5346 dixeris,
1956 5278 2118 5333 Multa

547 5389 674 5436 sunt
703 5375 941 5432 uictubra
974 5383 1029 5430 et
1054 5374 1263 5428 diversa
1293 5389 1306 5424 :
1335 5372 1516 5429 discas
1553 5371 1654 5425 hoc
1680 5372 1851 5442 ipsum
1879 5388 2000 5428 esse
2025 5371 2121 5425 ad-

547 5469 816 5534 mirabile,
834 5475 888 5523 et
918 5466 1055 5522 hanc
1081 5465 1324 5535 corporis
1351 5478 1470 5523 esse
1491 5461 1891 5527 excellentiam,
1911 5463 2122 5532 quando

553 5563 718 5618 multa
747 5570 802 5616 et
825 5559 1031 5614 diversa
1059 5572 1221 5612 unum
1253 5555 1509 5611 efficiunt.
1545 5554 1700 5621 Quod
1742 5555 1787 5609 si
1815 5553 1982 5608 multa
2019 5567 2124 5606 non

559 5659 758 5716 essent,
778 5665 883 5704 non
906 5650 977 5704 ita
1004 5648 1244 5704 mirabile
1262 5657 1317 5702 et
1348 5647 1767 5715 inexspectatum
1790 5653 1934 5699 esset
1957 5659 2124 5697 unum

564 5757 690 5803 esse
715 5755 938 5809 corpus;
973 5742 1078 5796 imo
1118 5757 1182 5796 ne
1217 5750 1356 5797 esset
1385 5736 1596 5808 quidem
1641 5751 1853 5808 corpus.
1886 5735 1989 5792 Sed
2018 5736 2117 5793 hoc

1169 289 1225 345 S.
1266 285 1542 344 JOANNIS
1576 273 2051 339 CllllYSOSTOMl
2087 266 2396 326 ARCHIEP.
2426 264 2953 324 CONSTANTINOP.

3602 261 3714 318 25%

2130 382 2348 446 quidem
2380 390 2652 452 postremo
2678 380 2863 450 ponit:
2897 376 3112 432 interim
3135 389 3264 430 vero
3294 374 3361 428 ad
3391 373 3504 445 ipsa
3533 390 3714 430 mem-

2089 508 2097 516 -
2131 475 2222 529 hra
2254 475 2446 545 pergit,
2475 475 2544 527 ita
2574 473 2834 542 loquens:
2879 471 2964 526 15.
2996 469 3057 524 Si
3088 468 3272 522 dixerit
3299 484 3421 538 pes,
3451 465 3574 520 Non
3598 483 3718 520 sum

2132 583 2332 631 manus,
2359 582 2460 620 non
2485 582 2596 620 sum
2635 566 2697 618 de
2724 579 2973 635 corpore;
3024 578 3146 615 num
3193 561 3383 614 idcirco
3410 576 3512 613 non
3552 563 3718 614 estde

2135 658 2389 728 corpore?
2420 657 2506 713 16.
2537 658 2601 711 Et
2621 659 2662 711 si
2691 657 2876 712 dixerit
2904 656 3066 719 auris,
3101 652 3222 708 Non
3250 671 3363 708 sum
3391 654 3590 717 oculus,
3611 670 3715 707 non

2135 766 2248 805 sum
2273 750 2338 804 de
2359 765 2607 819 corpore;
2635 765 2754 802 num
2775 749 2964 802 idcirco
2994 764 3094 801 non
3117 755 3188 800 est
3215 746 3278 800 de
3305 745 3555 812 corpore?
3580 744 3717 799 Nam

2136 841 2182 897 si
2207 839 2349 910 quod
2380 840 2515 895 alius
2551 839 2728 894 minus
2752 838 2991 904 haberet,
3024 839 3160 892 alius
3185 837 3490 902 excederet,
3518 836 3568 890 id
3607 851 3718 891 non

2137 936 2339 990 sineret
2378 950 2499 990 esse
2544 933 2610 989 de
2649 947 2896 1003 corpore,
2943 932 3254 987 universum
3300 931 3598 985 tolleretur.
3641 929 3721 984 Ne

2140 1032 2319 1102 itaque
2345 1030 2566 1095 dixeris,
2594 1029 2708 1084 Non
2751 1044 2872 1084 sum
2915 1042 3132 1097 corpus,
3161 1027 3287 1097 quia
3339 1040 3457 1080 sum
3507 1025 3719 1080 minor:

2141 1125 2338 1180 etenim
2375 1138 2467 1194 pes
2497 1123 2760 1176 minorem
2793 1128 2938 1175 tenet
2965 1119 3236 1184 ordinem,
3269 1117 3362 1172 sed
3390 1125 3472 1172 est
3509 1131 3574 1172 ex
3601 1131 3724 1170 cor-

2143 1231 2294 1287 pore.
2322 1215 2454 1270 Nam
2485 1230 2553 1269 ex
2580 1227 2812 1282 corpore
2856 1225 2977 1266 esse
3005 1210 3091 1265 vel
3134 1225 3242 1265 non
3279 1224 3419 1274 esse,
3447 1223 3555 1263 non
3597 1208 3725 1264 inde

2146 1311 2206 1363 lit
2233 1307 2374 1379 quod
2401 1306 2539 1361 alius
2568 1305 2620 1358 in
2652 1304 2755 1358 hoc
2781 1303 2923 1369 loco,
2957 1302 3091 1356 alius
3131 1301 3184 1355 in
3215 1299 3324 1355 alio
3368 1300 3575 1370 positus
3617 1299 3722 1362 sit;

2147 1401 2248 1456 hoc
2277 1400 2424 1456 enim
2449 1398 2553 1454 loci
2594 1406 2799 1452 tantum
2851 1395 2976 1451 facit
3004 1393 3398 1458 differentiam;
3428 1391 3522 1447 sed
3563 1407 3632 1446 ex
3659 1406 3727 1445 eo

2147 1493 2290 1565 quod
2333 1493 2404 1547 sit
2427 1490 2743 1561 conjunctus
2784 1489 2870 1544 vel
2912 1502 3023 1542 non
3051 1485 3368 1555 conjunctus
3401 1502 3415 1537 :
3450 1498 3572 1538 nam
3602 1496 3725 1537 esse

2151 1586 2235 1642 vel
2261 1600 2367 1640 non
2397 1597 2519 1639 esse
2547 1596 2743 1651 corpus
2771 1595 2838 1635 ex
2874 1593 2941 1635 eo
2972 1578 3049 1644 ﬁt,
3083 1577 3226 1647 quod
3256 1577 3340 1631 vel
3383 1574 3728 1644 conjunctum

2149 1679 2237 1734 vel
2266 1692 2374 1733 non
2398 1677 2744 1746 conjunctum
2787 1675 2876 1730 sit.
2921 1672 3000 1727 Tu
3042 1687 3171 1727 vero
3212 1669 3342 1725 mihi
3395 1668 3730 1740 prudentiam

2154 1769 2442 1842 perpende,
2485 1767 2756 1840 quomodo
2804 1767 2916 1836 ipsa
2972 1764 3134 1820 verba
3183 1763 3426 1834 apposite
3475 1760 3734 1816 membris

2154 1863 2353 1920 nostris
2387 1859 2776 1917 accommodet.
2809 1858 2942 1914 Nam
2971 1867 3030 1911 ut
3056 1857 3302 1926 superius
3345 1853 3576 1920 diccbat,
3600 1852 3731 1908 licet:

2156 1955 2515 2026 transfiguravi
2540 1955 2594 2008 in
2633 1970 2713 2007 me
2735 1961 2784 2006 et
2812 1951 3037 2022 Apollo:
3077 1950 3154 2005 sic
3173 1957 3228 2005 et
3255 1948 3358 2002 hoc
3387 1948 3526 2013 loco,
3545 1956 3604 2001 ut
3627 1961 3736 2002 non

2157 2052 2466 2116 molestum,
2495 2046 2590 2103 sed
2620 2053 2898 2117 acceptum
2926 2043 3175 2099 redderet
3204 2057 3528 2103 sermonem,
3561 2055 3737 2094 mem-

2161 2143 2256 2198 bra
2283 2140 2556 2212 loquentia
2588 2138 2826 2202 inducit;
2859 2146 2917 2190 ut
2941 2151 3061 2191 cum
3091 2133 3338 2188 audirent
3366 2140 3606 2186 naturam
3637 2130 3738 2186 sibi

2160 2233 2598 2304 respondentem,
2618 2230 2685 2285 ab
2707 2229 2818 2299 ipsa
2847 2227 3182 2298 experientia
3208 2224 3442 2280 convicti
3467 2232 3523 2278 et
3544 2239 3569 2274 a
3593 2237 3742 2276 eom-

2161 2325 2310 2380 muni
2339 2323 2566 2390 calculo,
2598 2321 2728 2376 nihil
2760 2320 2894 2381 ullra
2922 2315 3291 2374 contradicere
3319 2314 3582 2370 valerent.
3606 2312 3738 2368 Nam

2163 2419 2277 2475 sive
2305 2418 2408 2472 hoc
2428 2417 2624 2486 ipsum,
2650 2412 2842 2484 inquit,
2867 2411 3082 2476 dicatis,
3105 2410 3218 2464 sive
3247 2408 3613 2471 murmuretis,
3634 2421 3742 2460 non

2165 2509 2389 2583 potestis
2413 2517 2565 2564 extra
2589 2521 2784 2577 corpus
2820 2519 2961 2560 esse.
2998 2501 3458 2571 Quemadmodum
3485 2501 3627 2555 enim
3659 2501 3743 2555 lex

2168 2609 2395 2666 naturae,
2427 2599 2507 2654 sic
2531 2607 2587 2652 et
2615 2597 2782 2652 multo
2812 2594 2980 2665 magis
3006 2593 3194 2664 gratiae
3244 2593 3414 2647 virtus
3443 2592 3621 2648 omnia
3649 2606 3746 2646 cu-

2168 2693 2334 2750 Stodit
2361 2701 2416 2746 et
2441 2698 2746 2746 conservat.
2771 2688 2836 2743 Et
2869 2688 2991 2743 vide
3013 2687 3284 2758 quomodo
3301 2687 3499 2742 caverit
3525 2702 3592 2741 ne
3621 2685 3746 2756 quid

2169 2782 2502 2854 superﬂuum
2543 2792 2709 2848 esset,
2735 2795 2845 2835 non
2871 2779 2939 2834 de
2978 2779 3235 2835 membris
3262 2779 3510 2833 omnibus
3546 2778 3748 2832 orando

2173 2884 2427 2940 tractans,
2457 2871 2552 2927 sed
2584 2871 2654 2926 de
2677 2869 2890 2926 duobus
2916 2877 3142 2935 tantum,
3169 2870 3339 2938 iisque
3359 2869 3636 2924 extremis.
3659 2868 3753 2923 Et-

2173 2967 2317 3022 enim
2365 2963 2604 3019 omnium
2652 2962 3100 3033 pretiosissimum
3145 2961 3360 3032 posuit,
3401 2960 3653 3026 oculum;
3698 2968 3755 3014 ct

2175 3059 2413 3116 omnium
2444 3057 2760 3113 vilissimum
2788 3056 2972 3127 pedes.
2989 3055 3172 3126 Neque
3196 3054 3397 3110 inducit
3423 3054 3610 3123 pedem
3631 3068 3756 3108 cum

2176 3154 2335 3209 oculo
2358 3153 2684 3222 loquentem,
2705 3150 2800 3204 sed
2819 3163 2939 3204 cum
2963 3163 3125 3202 manu
3147 3163 3264 3218 qua:
3287 3156 3370 3202 cst
3387 3147 3544 3217 paulo
3563 3147 3754 3210 altior;

2179 3244 2419 3300 auditum
2448 3251 2625 3297 autem
2667 3256 2788 3296 cum
2817 3239 3008 3295 oculis.
3037 3239 3174 3306 Quia
3218 3238 3362 3294 enim
3413 3253 3521 3292 non
3575 3238 3640 3291 iis
3667 3237 3758 3306 qui

2182 3351 2282 3392 nos
2323 3337 2481 3406 longe
2506 3345 2782 3405 superant,
2811 3333 2906 3389 sed
2934 3333 3001 3387 iis
3032 3333 3120 3403 qui
3168 3333 3327 3403 paulo
3367 3332 3586 3387 altiores
3616 3341 3760 3396 sunt,

2183 3429 2419 3485 solemus
2450 3426 2724 3491 invidere;
2767 3425 2892 3481 ideo
2914 3434 2970 3481 et
2999 3425 3114 3494 ipse
3143 3427 3222 3478 sic
3251 3423 3377 3479 facit
3402 3423 3762 3494 comparatio-

2185 3536 2330 3577 nem.
2357 3521 2445 3575 17.
2477 3519 2538 3574 Si
2567 3528 2729 3572 totum
2765 3533 2948 3587 corpus
2987 3515 3186 3584 oculus,
3216 3517 3299 3570 ubi
3325 3517 3528 3572 auditus
3548 3517 3575 3569 ?
3612 3517 3658 3571 si
3684 3527 3764 3570 to-

2186 3625 2294 3668 tum
2320 3613 2544 3677 auditus,
2569 3611 2653 3665 ubi
2682 3612 2924 3666 odoratus
2943 3611 2969 3664 ?
3011 3611 3146 3678 Quia
3173 3613 3315 3666 enim
3343 3626 3465 3666 cum
3493 3612 3545 3666 in
3593 3627 3765 3666 mem-

2188 3708 2406 3763 brorum
2459 3705 2736 3761 incidisset
2778 3704 3172 3772 dill‘erentiam,
3220 3713 3276 3760 et
3303 3704 3528 3761 dixisset
3576 3705 3767 3776 pedes,

2191 3818 2404 3868 manus,
2427 3801 2614 3856 oculos
2631 3809 2686 3855 et
2705 3815 2887 3865 aures,
2910 3799 3030 3855 illos
3059 3799 3111 3854 in
3141 3799 3518 3870 cogitationem
3547 3801 3772 3855 minoris

2192 3894 2277 3950 vel
2301 3893 2519 3963 majoris
2545 3890 2787 3958 induxit;
2815 3891 2940 3946 vide
2967 3891 3236 3962 quomodo
3265 3907 3479 3948 rursum
3503 3892 3623 3946 illos
3643 3907 3773 3946 con-

2195 3985 2422 4052 solatur,
2454 3983 2747 4039 ostendens
2793 3984 2865 4037 ita
2905 3991 3325 4038 consentaneum
3370 3997 3510 4050 esse,
3541 3992 3595 4038 et
3633 3983 3774 4053 quod

2198 4077 2348 4132 multi
2391 4077 2500 4133 sint
2536 4084 2592 4130 et
2630 4075 2863 4140 diversi,
2897 4073 2999 4128 hoc
3047 4075 3280 4130 maxime
3321 4073 3444 4127 facit
3485 4086 3542 4128 ut
3581 4088 3777 4144 corpus

2201 4171 2288 4224 sit.
2321 4168 2474 4236 Quod
2499 4168 2544 4224 si
2571 4183 2733 4222 unum
2761 4175 2942 4222 essent
2969 4181 3180 4234 omnes,
3210 4182 3314 4222 non
3342 4177 3523 4222 essent
3547 4181 3776 4237 corpus:

2203 4261 2431 4332 ideoque
2459 4261 2534 4314 ait
2562 4277 2576 4314 :
2602 4259 2689 4314 19.
2717 4258 2778 4314 Si
2818 4268 2978 4316 essent
3003 4260 3174 4312 omnia
3196 4275 3352 4312 unum
3379 4259 3674 4323 membrum,
3698 4259 3783 4311 ubi

2205 4356 2433 4427 corpus?
2470 4353 2576 4408 Sed
2600 4353 2701 4407 hoc
2729 4351 2941 4422 quidem
2976 4360 3156 4422 postea
3187 4351 3350 4418 dicit;
3397 4352 3478 4406 hic
3505 4365 3634 4405 vero
3654 4353 3784 4421 quid

2207 4447 2379 4518 majus
2415 4444 2672 4511 ostendit,
2704 4459 2897 4514 nempe
2935 4443 3078 4513 quod
3123 4458 3227 4498 non
3261 4443 3436 4498 solum
3466 4459 3569 4497 non
3617 4445 3790 4514 possit

2209 4555 2330 4594 esse
2374 4553 2590 4607 corpus,
2623 4535 2717 4592 sed
2759 4551 2828 4592 ne
2873 4550 2995 4591 esse
3034 4535 3249 4607 quidem
3300 4545 3522 4592 cmtcros
3571 4551 3788 4592 sensus.

2212 4632 2344 4686 Nam
2369 4630 2430 4686 Si
2475 4629 2681 4684 auditus
2702 4639 2862 4683 totum
2887 4639 3032 4696 esset,
3062 4628 3146 4683 ubi
3176 4630 3416 4684 odoratus
3436 4631 3460 4680 ?
3505 4630 3698 4700 inquit.

2283 4725 2337 4780 '5.
2379 4721 2583 4779 Deinde
2609 4722 2730 4793 quia
2761 4722 2841 4778 sic
2867 4737 3078 4792 quoque
3109 4721 3460 4777 turbabantur
3483 4764 3499 4788 ,
3528 4723 3672 4794 quod
3704 4737 3794 4776 su-

2214 4817 2400 4888 perius
2427 4815 2554 4872 fecit
2573 4855 2588 4884 ,
2623 4815 2675 4869 id
2704 4815 2868 4870 etiam
2898 4830 3042 4870 nunc
3067 4813 3214 4870 facit.
3244 4815 3395 4870 Sicut
3424 4815 3566 4869 cnim
3599 4816 3671 4871 ibi
3703 4831 3797 4886 per

2217 4911 2501 4966 utilitatem
2529 4907 2859 4972 consolatus,
2885 4906 3102 4962 dentom
3125 4922 3187 4962 os
3213 4906 3387 4961 valide
3416 4907 3682 4962 obstruxit
3710 4905 3796 4961 di-

2218 5019 2366 5072 cens,
2389 5001 2512 5057 Hac
2537 5010 2704 5055 autem
2734 5001 2903 5054 omnia
2930 5009 3169 5069 operatur
3190 5015 3318 5052 unus
3342 5007 3490 5068 atque
3517 4998 3651 5051 idem
3673 4997 3800 5067 Spi-

2219 5098 2366 5161 ritus,
2391 5093 2615 5147 dividens
2634 5093 2844 5163 singulis
2865 5101 3013 5163 proul
3039 5092 3143 5146 uult
3167 5094 3279 5147 :sic
3302 5101 3356 5146 ct
3380 5092 3480 5146 hoc
3501 5091 3620 5146 loco
3641 5092 3800 5146 etiam

2221 5184 2504 5241 ratiocinia
2537 5183 2837 5252 proferens,
2869 5183 3021 5255 queis
3051 5183 3290 5239 ostendit
3318 5183 3385 5237 ad
3417 5185 3699 5238 utilitatem
3728 5185 3804 5236 sic

2223 5279 2399 5333 omnia
2442 5276 2579 5330 facta
2608 5291 2729 5332 esse
2754 5319 2769 5342 ,
2801 5293 2983 5333 rursus
3015 5288 3184 5334 totum
3227 5276 3295 5332 ad
3335 5278 3429 5333 Dei
3476 5279 3803 5332 voluntatem

2225 5370 2434 5426 reducit
2469 5369 2690 5425 dicens:
2723 5372 2809 5425 18.
2845 5369 2998 5425 Nunc
3016 5384 3183 5425 autent
3209 5374 3376 5443 posuit
3407 5371 3541 5426 Deus
3563 5369 3805 5434 membra,

2225 5459 2610 5531 unumquodque
2637 5476 2808 5514 eorum
2836 5462 2889 5515 in
2917 5463 3206 5533 corporibus
3231 5464 3358 5518 sicut
3397 5465 3570 5518 uoluit.
3602 5464 3808 5531 Quem-

2227 5553 2514 5608 admodum
2560 5553 2628 5609 de
2671 5553 2871 5623 Spiritu
2915 5555 3078 5621 dixit,
3124 5555 3288 5610 Prout
3317 5557 3459 5609 vult:
3499 5557 3579 5611 sic
3623 5564 3680 5609 ct
3708 5555 3812 5608 hoc

2231 5646 2370 5710 loco,
2401 5644 2548 5700 Sicut
2578 5647 2750 5700 voluit.
2782 5645 2858 5702 Ne
2883 5661 3010 5718 ergo
3036 5645 3173 5702 ultra
3198 5647 3461 5703 curiosius
3484 5661 3700 5702 causam
3732 5646 3814 5698 in-

2233 5738 2432 5809 quiras,
2459 5755 2553 5797 cur
2579 5741 2676 5808 sic,
2711 5755 2806 5796 cur
2828 5757 2930 5798 non
2963 5742 3059 5797 sic.
3090 5739 3309 5798 Etiamsi
3335 5739 3477 5797 enim
3502 5739 3649 5794 mille
3670 5737 3812 5794 dicta
