4094 6222
499 322 605 379 255

499 436 601 506 τῆς
632 436 845 506 φύσεως
872 435 1054 508 τίθησι
1081 436 1363 509 διαφορὰν,
1394 438 1514 491 οὐδὲ
1537 439 1634 510 τὴν
1663 437 1769 492 ἀπὸ
1796 439 1896 509 τῆς
1924 441 2070 508 ἐνερ-

499 529 677 598 γείας,
722 528 858 581 ἀλλά
889 529 989 599 τὴν
1025 528 1134 580 ἀπὸ
1170 527 1270 599 τῆς
1305 527 1507 592 θέσεως
1550 530 1658 583 τῶν
1687 530 1887 584 τόπων.
1917 530 2071 584 Νυνί

498 620 629 692 γὰρ,
660 622 843 690 φησὶν,
871 624 905 675 ό
932 620 1076 686 Θεὸς
1096 620 1263 675 ἔθετο
1285 625 1359 676 τὰ
1380 623 1560 692 μέλη,
1586 623 1657 677 ἓν
1682 623 1944 678 ἕκαστον
1965 626 2071 678 af:-

499 714 617 769 τῶν
654 715 725 767 ἐν
768 713 847 778 τῷ
885 712 1132 783 σώματι,
1167 716 1362 782 καθὼς
1402 717 1685 786 ἠθέλησε.
1727 720 1837 772 Καὶ
1889 719 2074 784 καλῶς

498 804 674 871 εἶπεν,
708 807 1026 871 Ἕκαστον,
1049 808 1142 860 ἐπὶ
1171 808 1387 863 πάντων
1414 809 1474 862 τδ
1503 809 1776 875 λυσιτελὲς
1796 810 2073 865 ἐνδεικνύ-

500 913 679 967 μενος.
707 897 782 949 Οὐ
813 895 920 965 γὰρ
948 896 1013 950 ἂν
1052 895 1197 967 έχοις
1231 899 1428 962 εἰπεῖν,
1472 898 1556 951 ὄτι
1584 898 1741 952 τοῦτο
1777 901 1876 969 μὲν
1910 900 2073 964 αὐτὸς

494 987 707 1052 ἔταξεν,
737 988 914 1041 ἐκεῖνο
935 987 990 1040 δὲ
1012 988 1150 1058 οὐχί·
1185 988 1323 1042 ἀλλά
1349 989 1581 1044 ἕκαστον
1606 991 1748 1043 κατά
1770 990 1831 1044 τὸ
1862 990 2074 1063 θέλημα

496 1077 685 1144 αὐτοῦ,
719 1076 862 1131 οὕτω
892 1081 1088 1132 κεῖται.
1120 1080 1281 1133 Ὥστε
1308 1080 1404 1134 καὶ
1441 1079 1518 1151 τῷ
1555 1081 1676 1133 ποδὶ
1705 1083 1973 1154 συμφέρει
2011 1082 2074 1136 τὸ

496 1167 640 1222 ούτω
676 1169 954 1240 τετάχθαι,
994 1171 1116 1241 οὐχὶ
1150 1173 1216 1242 τῇ
1258 1171 1469 1243 κεφαλῇ
1520 1171 1699 1242 μόνον’
1739 1172 1843 1227 κᾶν
1881 1171 2074 1227 ἀνταλν

496 1260 635 1334 λάξῃ
665 1261 765 1332 τὴν
808 1262 979 1327 τάξιν,
1013 1263 1107 1316 καὶ
1142 1264 1242 1334 τὴν
1276 1263 1483 1317 οἰκείαν
1529 1262 1714 1335 χώραν
1759 1263 1940 1333 ἀφεὶς,
1988 1265 2071 1333 ἐφ’

498 1354 695 1425 ἑτέραν
720 1354 869 1429 ἔλθῃ,
910 1353 1013 1408 κᾶν
1047 1357 1140 1408 ἐπὶ
1181 1354 1404 1426 μείζονα
1436 1355 1566 1425 δοκῇ
1614 1355 1959 1426 ἐληλυθέναι,
2009 1354 2072 1410 τὸ

498 1446 609 1499 πᾶν
636 1444 887 1499 ἀπώλεσε
914 1445 1007 1498 καὶ
1027 1445 1321 1517 διέφθειρε·
1349 1446 1449 1516 τῆς
1474 1463 1535 1499 τε
1554 1447 1664 1516 γὰρ
1690 1446 1897 1510 οἰκείας
1919 1446 2076 1501 ἐκπί-

497 1553 644 1600 πτει,
677 1537 773 1590 καὶ⁸
798 1537 897 1608 τῆς
926 1536 1120 1608 ἐτέρας
1145 1538 1246 1590 οὐκ
1285 1538 1656 1608 ἐπιτυγχάνει.
1698 1540 1767 1592 El
1798 1538 1869 1592 δὲ
1894 1535 1974 1609 ἦν
2004 1540 2076 1595 τὰ

498 1628 693 1683 πάντα
713 1627 783 1682 ἐν
803 1629 1012 1699 μέλος,
1037 1629 1155 1684 ποῦ
1181 1628 1250 1684 τὸ
1268 1628 1460 1700 σῶμα;
1478 1631 1630 1685 Νυνί
1656 1631 1724 1684 δὲ
1745 1636 1946 1688 πολλὰ
1960 1634 2077 1704 μὲν

496 1719 673 1790 μέλη,
700 1719 770 1774 ἒν
789 1721 858 1775 δὲ
877 1720 1069 1791 σῶμα.
1112 1722 1501 1793 Ἐπιστομίσας
1522 1723 1630 1794 γὰρ
1651 1724 1850 1788 αὐτοὺς
1875 1725 2076 1790 ἰκανῶς

497 1813 607 1866 ἀπὸ
634 1814 733 1884 τῆς
754 1813 849 1867 τοῦ
870 1813 1004 1867 Θεοῦ
1026 1813 1345 1879 διατάξεως,
1368 1815 1532 1868 πάλιν
1551 1815 1853 1886 λογισμοὺς
1869 1817 2071 1888 τίθησι’

497 1906 594 1957 καὶ
621 1903 744 1957 οὐτε
759 1904 918 1957 τοῦτο
939 1905 1026 1958 ἀεὶ
1048 1907 1192 1958 ποιεῖ
1208 1904 1355 1972 οὔτε,
1380 1906 1578 1970 ἐκεῖνο,
1600 1905 1717 1959 ἀλλ’
1734 1906 2075 1961 ἐναλλάττων

497 1992 650 2066 1275]
699 1993 968 2047 ποικίλλει
996 1993 1087 2047 τὸν
1135 1995 1314 2064 λόγον.
1358 1994 1425 2047 Ὅ
1452 2012 1511 2049 τε
1558 1994 1668 2065 γὰρ
1708 1996 2075 2068 ἐπιστομίζων

500 2085 682 2155 μόνον,
714 2085 805 2138 τὸν
833 2086 1134 2157 ἀκροατὴν,
1169 2084 1447 2157 θορυϐεῖὸ
1470 2103 1531 2138 τε
1571 2087 1631 2139 δέ
1662 2085 1859 2151 ἐθίζων
1911 2088 2075 2141 αὐτὸν

495 2176 718 2232 πάντων
749 2177 931 2241 αἰτίας
958 2178 1242 2244 ἀπαιτεῖν,
1275 2179 1355 2241 εἰς
1391 2177 1484 2231 τὸν
1518 2178 1618 2248 τῆς
1644 2178 1882 2242 πίστεως
1911 2179 2074 2233 αὐτὸν

496 2267 886 2338 παραϐλάπτει
924 2268 1103 2338 λόγον.
1136 2270 1236 2323 Διά
1270 2268 1335 2340 δὴ
1365 2268 1527 2322 τοῦτο
1561 2270 1788 2324 κάκεῖνο
1834 2271 2074 2342 συνεχῶς

494 2362 525 2414 ὀ
566 2359 780 2424 Παῦλος
822 2363 987 2426 ποιεῖ,
1019 2360 1107 2414 ἵνα
1153 2361 1248 2414 καὶ
1282 2360 1612 2414 πιστεύσωσι
1654 2361 1749 2415 καὶ
1794 2361 1871 2433 μὴ
1917 2362 2075 2435 θορυ-

495 2450 717 2505 ϐῶνται·
759 2454 854 2506 καὶ
902 2451 1041 2524 μετά
1080 2452 1140 2505 τὸ
1184 2451 1535 2523 ἐπιστομίσαι
1570 2451 1733 2506 πάλιν
1773 2453 1869 2506 καὶ
1916 2453 2073 2521 λόγον

493 2544 749 2617 παρέχει.
786 2544 897 2597 Καὶ
929 2544 1122 2597 σκόπει
1151 2544 1252 2616 τὴν
1280 2541 1636 2611 φιλονεικίαν,
1664 2543 1758 2597 καὶ
1784 2547 1884 2615 τὴν
1914 2561 2072 2615 περι-

495 2637 684 2691 ουσίαν
728 2637 825 2707 τῆς
859 2635 1035 2707 νίκης.
1091 2637 1208 2705 ’Δφ’
1245 2630 1321 2691 ὧν
1354 2637 1465 2710 γὰρ
1513 2634 1763 2708 ἐνόμιζον
1796 2636 1898 2689 οὐκ
1934 2631 2073 2689 εἰναι

498 2729 730 2799 ἰσότιμοι
781 2727 861 2799 τῷ
895 2728 1096 2800 πολλὴν
1140 2732 1197 2782 ἐν
1234 2731 1416 2794 αὐτοῖς
1467 2725 1607 2783 εἶναι
1646 2729 1747 2801 τὴν
1788 2728 2071 2800 διαφορὰν,

494 2815 603 2869 ἀπὸ
635 2815 842 2869 τούτων
880 2816 1177 2880 δείκνυσιν,
1214 2818 1297 2871 ὅτι
1341 2818 1408 2873 δι’
1450 2819 1581 2872 αὐτὸ
1629 2820 1727 2889 μὲν
1772 2813 1865 2873 οὖν
1917 2817 2075 2872 τοῦτο

497 2905 749 2975 ἰσότιμοι.
782 2905 942 2972 Πῶς;
984 2906 1095 2976 ἐγὼ
1121 2907 1285 2975 λέγω.
1316 2909 1387 2961 El
1410 2903 1491 2977 ἦν
1525 2908 1599 2962 τὰ
1640 2908 1859 2975 πάντα,
1886 2911 2071 2980 φησὶν,

494 2995 566 3050 ἓν
579 2997 784 3065 μέλος,
808 2998 930 3051 ποῦ
958 2998 1024 3052 τὸ
1057 2997 1265 3066 σῶμα;
1302 2999 1367 3050 Ὃ
1404 2998 1461 3051 δέ
1495 2997 1663 3067 λέγει,
1697 2999 1856 3054 τοῦτό
1893 3001 2070 3054 ἐστιν’

495 3085 560 3140 Εἰ
590 3087 665 3158 μὴ
687 3083 756 3157 ἦν
779 3089 836 3139 ἐν
860 3087 990 3158 ὑμῖν
1013 3088 1182 3159 πολλὴ
1206 3092 1238 3159 ὴ
1266 3088 1519 3160 διαφορά,
1545 3090 1645 3143 οὐκ
1668 3090 1735 3144 ἂν
1759 3086 1858 3162 ἦτε
1889 3091 2070 3162 σῶμαο

497 3177 657 3249 σῶμα
690 3179 747 3231 δὲ
773 3179 874 3232 οὐκ
899 3179 1071 3243 ὄντες,
1101 3181 1200 3233 οὐκ
1234 3180 1300 3234 ἂν
1332 3176 1430 3252 ἦτε
1468 3179 1527 3234 ἐν
1549 3197 1561 3210 ·
1597 3181 1654 3236 ἓν
1682 3183 1739 3235 δὲ
1768 3184 1867 3237 οὐκ
1898 3183 2070 3247 ὄντες,

495 3270 596 3323 οὐκ
634 3271 699 3323 ἂν
735 3266 833 3344 ἦτε
871 3272 1124 3342 ἰσότιμοι.
1166 3273 1330 3327 Ὥστε
1372 3269 1466 3328 οῦν
1499 3276 1548 3328 εἰ
1604 3276 1801 3339 πάντες
1842 3275 2073 3346 ἰσότιμοι

495 3358 616 3434 ἦτε,
650 3363 750 3415 οὐκ
799 3363 865 3417 ἀν
896 3359 994 3435 ἦτε
1036 3365 1215 3437 σῶμα·
1251 3366 1351 3420 οὐκ
1386 3366 1537 3431 ὄντες
1565 3367 1623 3421 δὲ
1657 3368 1838 3435 σῶμα,
1873 3369 1972 3421 οὐκ
2007 3368 2073 3423 ἂν

495 3450 593 3526 ἦτε
624 3455 682 3508 ἐν
701 3472 716 3486 ⁸
744 3456 845 3509 οὐκ
880 3456 1031 3521 ὄντες
1070 3457 1127 3510 δέ
1170 3457 1248 3524 ἓν,
1289 3458 1405 3523 πῶς
1434 3460 1499 3515 ἂν
1530 3456 1628 3531 ἦτε
1661 3459 1891 3530 ἰσότιμοι
1917 3476 1930 3525 ;
1960 3461 2074 3515 Νῦν

500 3546 706 3618 μέντοι,
744 3547 931 3620 ἐπειδὴ
962 3550 1062 3602 οὐκ
1092 3551 1214 3603 ἐστέ
1249 3552 1448 3614 πάντες
1475 3550 1533 3605 ἐν
1563 3569 1616 3604 τι
1643 3551 1888 3624 χάρισμα
1923 3551 2073 3623 έχον-

498 3654 611 3705 τες,
638 3637 725 3691 διὰ
755 3638 913 3693 τοῦτο
950 3638 1110 3711 σῶμά
1145 3642 1268 3694 ἐστε
1290 3659 1304 3673 ·
1361 3641 1520 3712 σῶμα
1571 3641 1628 3695 δέ
1654 3641 1804 3706 ὀντες
1824 3683 1840 3709 ,
1877 3644 2076 3708 πάντες

498 3731 623 3784 ἐστέ
652 3730 732 3794 ἓν,
762 3732 854 3785 καὶ
881 3732 1033 3786 οὐδὲν
1058 3732 1299 3805 ἀλλήλων
1324 3734 1609 3805 διαφέρετε
1649 3735 1791 3790 κατά
1826 3736 1886 3790 τὸ
1918 3736 2076 3808 σῶμα

499 3817 659 3877 εἶναι.
689 3822 851 3876 Ὥστε
874 3824 908 3895 ἡ
929 3824 1164 3896 διαφορά
1184 3826 1320 3896 αὐτη
1353 3826 1589 3896 μάλιστά
1613 3828 1759 3881 ἐστιν
1784 3830 1818 3900 ἡ
1850 3829 2077 3883 ποιοῦσα

498 3916 599 3988 τὴν
631 3917 923 3986 ἰσοτιμίαν·
960 3917 1041 3971 διὸ
1068 3921 1163 3973 καὶ
1191 3921 1457 3989 ἐπήγαγε,
1486 3918 1617 3975 Νῦν
1643 3919 1713 3973 δὲ
1737 3921 1936 3976 πολλὰ
1959 3922 2078 3991 μὲν

499 4011 674 4078 μέλη,
704 4008 777 4063 ἐν
815 4010 885 4063 δὲ
915 4008 1108 4081 σῶμα.
1141 4012 1304 4066 Ταῦτ’
1335 4007 1428 4066 οὖν
1467 4012 1775 4077 ἐννοοῦντες
1800 4015 1895 4066 καὶ
1919 4015 2078 4085 ἡμεῖς

501 4100 684 4153 πᾶσαν
715 4099 1013 4171 βασκανίαν
1040 4102 1382 4173 ἐκϐάλωμεν,
1421 4105 1517 4157 καὶ
1543 4104 1683 4175 μήτε
1712 4107 1824 4169 τοῖς
1856 4106 2079 4175 μείζονα

503 4192 816 4264 χαρίσματα
855 4193 1038 4265 έχουσι
1096 4194 1418 4266 φθονῶμεν,
1461 4196 1597 4267 μήτε
1648 4199 2079 4270 καταφρονῶμεν

503 4285 611 4337 τῶν
637 4284 708 4338 τὰ
734 4284 993 4340 ἐλάττονα
1020 4286 1396 4358 κεκτημένωνο
1424 4286 1567 4340 οὓτω
1595 4286 1706 4360 γάρ
1732 4291 1760 4342 ό
1787 4290 1919 4352 Θεὸς
1950 4289 2077 4358 ἠθέ-

504 4376 654 4447 λησε.
691 4379 782 4448 Μὴ
817 4376 997 4430 τοίνυν
1027 4378 1499 4449 ἀντιτασσώμεθα.
1541 4380 1604 4432 Εἰ
1641 4379 1700 4432 δέ
1737 4380 1817 4433 ἔτι
1853 4380 2076 4452 θορυϐῇ,

505 4472 754 4539 ἐννόησον
800 4471 881 4523 ὅτι
914 4471 974 4524 τὸ
1004 4470 1112 4538 ,σὸν
1154 4470 1312 4541 ἔργον
1341 4473 1401 4525 οὐ
1435 4472 1658 4527 δύναται
1707 4475 1911 4536 ἐκεῖνος
1948 4473 2078 4526 πολ-

507 4564 661 4625 λάκις
694 4563 892 4616 ἀνύειν.
929 4562 1091 4614 ’Ὠστε
1130 4563 1233 4616 κᾶν
1284 4563 1521 4617 ἐλάττων
1569 4560 1656 4637 ᾗς,
1696 4564 1867 4635 τούτῳ
1893 4564 2080 4616 πλεον-

507 4654 703 4715 εκτεῖς
737 4651 841 4705 κᾶν
876 4652 1077 4721 μείζων
1110 4652 1316 4714 ἐκεῖνος
1354 4646 1410 4725 ᾗ,
1440 4651 1757 4704 ἐλαττοῦται
1795 4653 1854 4704 ἐν
1882 4651 2076 4723 τούτῳ,

506 4746 601 4800 καὶ
630 4745 803 4809 οὕτως
828 4744 1009 4815 ἰσότης
1034 4743 1265 4812 γίνεται.
1303 4745 1409 4797 Καὶ
1436 4744 1544 4814 γὰρ
1571 4744 1667 4796 καὶ
1689 4745 1746 4796 ὲν
1768 4744 1845 4815 τῷ
1869 4742 2080 4815 σώματι

507 4839 603 4890 καὶ
641 4836 710 4891 τὰ
741 4837 914 4909 μικρά
950 4837 1012 4890 ού
1063 4836 1237 4908 μικρά
1266 4836 1416 4889 δοκεῖ
1471 4834 1767 4901 συντελεῖν,
1814 4834 1950 4888 ἀλλά
1988 4837 2082 4889 καὶ

508 4928 622 4988 τοῖς
665 4929 920 4996 μεγάλοις
967 4928 1292 5000 λυμαίνεται
1334 4927 1625 4992 πολλάκις,
1666 4928 1794 4981 ὃταν
1846 4928 2077 5000 ἀποστῇ.

509 5015 575 5068 Τί
599 5016 709 5084 γάρ
735 5020 937 5088 τριχῶν
961 5021 1339 5093 εὐτελέστερον
1361 5022 1418 5073 ἐν
1442 5019 1520 5091 τῷ
1547 5019 1793 5090 σώματι;
1825 5019 1962 5074 ἀλλά
1982 5020 2083 5085 τὰς

510 5104 748 5169 εὐτελεῖς
772 5106 972 5170 ταύτας
1000 5108 1067 5160 ἂν
1100 5111 1296 5181 ἀνέλῃς
1325 5113 1433 5165 ἀπὸ
1465 5112 1572 5166 τῶν
1599 5111 1815 5182 ὀφρύων
1853 5112 1947 5165 καί
1976 5113 2082 5166 τῶν

410 5212 417 5219 ‘
512 5197 818 5272 βλεφάρων,
851 5198 979 5269 ὃλην
1010 5199 1281 5269 ὴφάνισας
1306 5203 1405 5270 τῆς
1442 5202 1616 5272 ὅψεως
1643 5202 1741 5275 τὴν
1773 5202 1921 5275 ὥραν
1941 5244 1956 5268 ,
1992 5205 2084 5258 καὶ

509 5290 788 5363 ὀφθαλμὸς
817 5289 999 5344 οὐκέτι
1032 5289 1233 5360 ὁμοίως
1273 5295 1519 5360 φανεῖται
1564 5294 1748 5359 καλός·
1798 5296 1972 5349 καίτοι
2020 5308 2085 5364 γε

511 5385 641 5457 περὶ
686 5384 747 5453 τὸ
778 5383 937 5456 τυχόν
976 5387 1121 5438 ἐστιν
1157 5385 1191 5454 ἡ
1240 5384 1446 5457 ζημία,
1483 5385 1598 5439 ἀλλ’
1630 5388 1779 5458 ὅμως
1817 5389 1911 5441 καὶ
1944 5386 2086 5441 οὕτω

513 5477 663 5529 πᾶσα
689 5475 949 5546 διεφθάρη
986 5475 1018 5546 ή
1051 5475 1353 5547 εὐμορφία·
1381 5477 1481 5530 οὐκ
1513 5477 1787 5549 εὐμορφία
1814 5478 1871 5531 δέ
1905 5477 2084 5546 μόνω,

516 5565 654 5619 ἀλλὰ
681 5568 777 5620 καὶ
805 5569 938 5621 πολὺ
970 5568 1069 5636 τῆς
1099 5569 1288 5638 χρείας
1328 5569 1436 5622 τῶν
1481 5570 1794 5640 ὀφθαλμῶν.
1825 5569 1945 5622 Τῶν
1978 5571 2086 5641 γάρ

523 5655 699 5726 μελῶν
746 5658 899 5726 ἡμῶν
931 5660 1159 5713 ἕκαστον
1201 5662 1295 5713 καὶ
1340 5660 1475 5712 ἰδίαν
1513 5660 1794 5731 ἐνέργειαν
1832 5659 1945 5730 ἔχει
1993 5660 2088 5713 καὶ

525 5747 730 5817 κοινὴν,
765 5750 860 5801 καὶ
888 5750 1082 5814 καλλος
1106 5752 1308 5821 ὁμοίως
1333 5753 1426 5804 καὶ
1458 5751 1586 5804 ἴδιον
1613 5753 1708 5804 καὶ
1737 5751 1914 5805 κοινόν
1942 5752 2088 5807 ἐστιν

523 5842 582 5895 ἐν
633 5840 783 5914 ἡμῖν’
827 5842 917 5895 καὶ
973 5842 1117 5896 δοκεῖ
1157 5843 1254 5913 μὲν
1301 5841 1586 5916 διῃρῆσθαι
1624 5842 1816 5912 ταῦτα,
1873 5844 2083 5916 συμπέ-

1263 322 1321 377 S.
1358 322 1640 379 JOANNIS
1678 321 2169 378 CHRYSOSTUMI
2210 321 2533 379 ARCIIIEP.
2575 316 3125 377 CONSTA'NTINOP.

3642 310 3754 364 255

2171 438 2398 492 πλεκται
2426 437 2483 490 δέ
2516 434 2777 507 ἀκριϐῶς,
2810 434 2906 487 καὶ⁵
2953 430 3183 502 θατέρου
3221 429 3611 502 διαφθαρέντος
3657 427 3756 481 καὶ

2171 529 2231 582 τὸ
2256 529 2441 600 ἕτερον
2472 527 2884 581 συναπόλλυται.
2915 525 3117 578 Σκόπει
3143 524 3235 578 δέ·
3266 523 3509 577 ἔστωσαν
3550 520 3753 589 ὀφθαλ-

2175 618 2267 692 μοὶ
2287 622 2613 690 λάμποντες,
2643 621 2737 673 καὶ
2762 618 2965 690 παρειά
2989 616 3271 689 μειδιῶσα,
3302 615 3398 670 καὶ
3433 615 3609 686 χεῖλος
3630 615 3756 685 ἐρυ-

2173 712 2322 783 θρὸν,
2362 711 2455 764 καὶ
2487 712 2570 782 ῥὶς
2600 708 2819 774 εὐθεῖα,
2866 710 2960 764 καλ¹
2996 710 3168 780 ὀφρῦς
3213 707 3587 777 ἐκτεταμένη·
3637 704 3753 758 ἀλλ’

2172 802 2321 875 ὅμως
2345 802 2445 858 κᾶν
2473 802 2532 856 τὸ
2560 802 2720 872 τυχὸν
2747 802 2813 855 ἐκ
2838 802 3041 854 τούτων
3064 800 3301 871 λυμήνῃ,
3324 801 3401 869 τῷ
3428 797 3594 868 κοινῷ
3617 798 3759 851 πάν-

2173 910 2282 946 των
2322 894 2575 965 ἐλυμήνω
2612 893 2833 961 κάλλει,
2869 891 2961 946 καὶ
2998 892 3176 947 πάντα
3215 891 3513 958 κατηφείας
3543 887 3754 960 μεστά,

2149 981 2272 1039 ’καὶ
2310 987 2487 1041 πάντα
2528 988 2730 1060 αἰσχρὰ
2782 991 3030 1058 φανεῖται
3070 985 3139 1040 τά
3188 983 3296 1056 πρὸ
3351 984 3539 1036 τούτου
3584 980 3752 1036 καλά.

2176 1079 2273 1132 Ἂν
2300 1078 2409 1151 γὰρ
2433 1083 2494 1134 τὸ
2523 1080 2691 1153 ἀκρον
2719 1081 2879 1151 μόνον
2897 1080 2995 1149 τῆς
3017 1078 3162 1151 ῥινὸς
3189 1075 3504 1148 συντρίψῃς,
3533 1075 3754 1129 πάντων

2173 1172 2377 1242 πολλὴν
2428 1174 2698 1246 κατέχεας
2747 1173 2846 1246 τὴν
2903 1172 3219 1244 ἀμορφίαν,
3276 1169 3455 1223 καίτοι
3508 1184 3575 1236 γε
3633 1166 3754 1230 ἐνὸς

2179 1265 2373 1335 μέλους
2403 1266 2545 1320 ἐστὶν
2576 1269 2609 1339 ἡ
2655 1268 2925 1339 πήρωσις·
2960 1266 3054 1318 καὶ
3087 1263 3180 1317 ἐπὶ
3214 1261 3396 1334 χειρὸς
3425 1260 3650 1331 ὁμοίως,
3684 1259 3753 1312 ἂν

2177 1358 2295 1424 ἐνὸς
2324 1359 2587 1415 δακτύλου
2616 1361 2709 1415 τὸν
2751 1360 2918 1432 ὄνυχα
2949 1358 3137 1431 ἐξέλῃς
3156 1398 3171 1423 ,
3207 1357 3265 1410 τὸ
3302 1355 3431 1410 αὐτὸ
3468 1355 3753 1425 γινόμενον

2178 1453 2317 1524 ὕφει.

2252 1630 2401 1703 [ΞΗ]
2423 1631 2488 1684 δ’.
2520 1630 2580 1685 El
2596 1630 2653 1684 δέ
2676 1632 2770 1685 καὶ
2790 1630 2882 1684 ἐπὶ
2896 1628 3175 1701 ἐνεργείας
3193 1625 3509 1698 βουληθείης
3536 1625 3595 1677 τὸ
3621 1622 3754 1677 αὐτὸ

2179 1722 2472 1793 συμϐαῖνον
2529 1722 2676 1788 ἰδεῖν,
2730 1721 2885 1775 ἄνελε
2917 1720 3178 1774 δάκτυλον
3206 1720 3321 1784 ἕνα,
3364 1718 3610 1780 καὶτοὺς
3638 1717 3754 1771 λοι-

2176 1813 2313 1876 ποὺς
2333 1813 2662 1884 ἀργοτέρους
2685 1813 2823 1883 ὄψει,
2849 1812 2946 1867 καί⁵
2966 1812 3148 1866 οὐκέτι
3171 1812 3239 1866 τὰ
3264 1811 3443 1866 αὐτῶν
3468 1810 3757 1874 ποιοῦντας

2173 1904 2393 1975 ὁμοίως.
2442 1904 2594 1958 Ἐπεί⁸
2637 1899 2731 1957 οὖν
2765 1904 2942 1958 κοινὸν
2973 1899 3162 1974 αἰσχος
3216 1906 3249 1975 ἡ
3288 1903 3384 1957 τοῦ
3429 1901 3623 1973 μέλους
3653 1902 3754 1971 ξηε-

2178 1996 2297 2067 μία,
2332 1997 2427 2051 καὶ
2470 1996 2648 2051 κοινὸν
2683 1996 2876 2059 κάλλος
2911 1998 2944 2067 ἡ
2981 1995 3242 2065 σωτηρία,
3281 1994 3355 2066 μὴ
3400 1993 3757 2064 ἐπαιρώμεθα

2178 2089 2311 2160 μηδέ
2340 2089 2758 2161 ἐπεμϐαίνωμεν
2800 2090 2913 2153 τοῖς
2949 2088 3194 2158 πλησίον.
3223 2087 3322 2140 Διὰ
3352 2087 3460 2157 γὰρ
3490 2089 3665 2140 ἐκεῖνο
3695 2084 3759 2137 τὸ

2179 2181 2372 2253 μικρὸν
2404 2182 2565 2252 μέλος
2611 2183 2706 2235 καὶ
2750 2181 2810 2235 τδ
2856 2180 2998 2252 μέγα
3044 2181 3160 2233 ἐστὶ
3193 2179 3355 2233 καλὸν
3400 2179 3496 2231 καὶ
3532 2177 3753 2248 ὡραῖον,

2174 2273 2268 2327 καὶ
2320 2272 2411 2326 διά
2456 2272 2564 2325 τῶν
2622 2272 2957 2345 βλεφαρίδων
3004 2271 3277 2341 ὀφθαλμὸς
3329 2268 3754 2333 καλλωπίζεται.

2176 2366 2339 2419 Ὥστε
2372 2365 2549 2437 ἐαυτῷ
2573 2366 2799 2438 πολεμεῖ
2831 2367 2860 2420 ό
2893 2363 2973 2435 τῷ
2998 2364 3211 2435 ἀδελφῷ
3240 2362 3512 2433 πολεμῶν·
3557 2363 3618 2414 οὐ
3648 2360 3758 2433 γὰρ

2177 2457 2372 2529 μέχρις
2401 2458 2608 2511 ἐκείνου
2634 2457 2702 2511 τὰ
2721 2458 2820 2528 τῆς
2851 2456 3074 2528 βλάϐης,
3100 2456 3234 2511 ἀλλά
3262 2455 3356 2508 καὶ
3386 2454 3547 2517 αὐτὸς
3574 2454 3637 2506 οὐ
3668 2471 3758 2524 μι-

2175 2547 2314 2620 κράν
2341 2547 2702 2617 ὐποστήσεται
2725 2544 2949 2617 ζημίαν.
2977 2545 3072 2599 ’Ίν’
3090 2540 3183 2600 οὖν
3219 2544 3292 2616 μὴ
3323 2542 3482 2597 τοῦτο
3508 2542 3752 2611 γίνηται,

2173 2636 2249 2700 ὡς
2285 2638 2515 2701 ἐαυτῶν,
2538 2636 2679 2692 οὕτω
2715 2636 2944 2691 καὶτῶν
2978 2635 3209 2707 πλησίον
3241 2631 3637 2705 φροντίξωμεν,
3663 2632 3759 2686 καὶ

2173 2730 2377 2798 ταύτην
2398 2730 2497 2801 τὴν
2524 2730 2707 2783 εἰκόνα
2736 2727 2831 2782 τοῦ
2863 2727 3113 2800 σώματος
3140 2719 3234 2781 κάλ.
3261 2726 3356 2780 νῦν
3383 2725 3478 2780 ἐπὶ
3503 2724 3601 2795 τὴν
3638 2723 3759 2778 Ἐκ-

2175 2823 2403 2892 κλησίαν
2449 2823 2867 2893 μεταγάγωμεν,
2899 2820 2994 2874 καὶ
3027 2820 3343 2891 προνοῶμεν
3391 2818 3643 2871 ἁπάντων
3684 2816 3759 2880 ὡς

2178 2913 2357 2985 μελῶν
2383 2913 2618 2967 οἰκείων.
2655 2914 2766 2966 Καὶ
2803 2913 2914 2983 γὰρ
2947 2911 3040 2965 καὶ
3074 2913 3131 2965 ἐν
3168 2913 3233 2982 τῇ
3272 2908 3569 2981 Ἐκκλησία
3623 2908 3760 2979 μέλη

2175 3004 2346 3058 πολλά
2395 3003 2489 3057 καὶ
2532 3002 2797 3074 διάφορα·
2849 3001 2942 3056 καὶ
2989 3002 3057 3054 τὰ
3093 2998 3192 3070 μὲν
3228 2997 3555 3069 τιμιώτερα,
3589 2995 3660 3049 τὰ
3701 2996 3761 3049 δέ

2176 3096 2602 3166 καταδεέστερα·
2636 3090 2746 3148 οἷόν
2773 3095 2876 3148 εἰσι
2911 3091 3200 3163 παρθένων
3231 3092 3414 3163 χοροὶ,
3439 3090 3548 3144 είσὶ
3572 3088 3762 3161 χηρῶν

2178 3189 2445 3258 σύλλογοι,
2500 3186 2608 3240 εἱσί
2665 3186 2775 3239 τῶν
2823 3186 2882 3239 ἐν
2941 3185 3107 3254 γάμῳ
3159 3183 3394 3255 σώφρονι
3436 3182 3762 3254 λαμπόντων

2176 3279 2459 3351 φρατρίαι,
2506 3278 2601 3330 καὶ
2644 3276 2827 3329 πολλοὶ
2872 3274 2974 3344 τῆς
3024 3274 3226 3345 ἀρετῆς
3273 3273 3323 3325 οἱ
3375 3270 3593 3342 βαθμοί.
3649 3272 3762 3324 Καὶ

2177 3369 2269 3423 ἐπὶ
2316 3367 2414 3438 τῆς
2457 3364 2825 3437 ἐλεημοσύνης
2872 3363 3035 3417 πάλιν
3079 3361 3309 3433 ὁμοίωςο
3340 3360 3369 3411 ὀ
3412 3361 3511 3429 μὲν
3543 3360 3654 3431 γὰρ
3691 3358 3762 3411 τὰ

2176 3459 2356 3513 πάντα
2384 3458 2673 3521 ἐκένωσεν,
2708 3457 2756 3509 οἱ
2786 3454 2842 3508 δέ
2872 3455 2970 3523 τῆς
3006 3453 3342 3525 αὐταρκείας
3371 3449 3761 3522 ἐπιμελοῦνται

2180 3556 2368 3627 μόνης,
2397 3554 2493 3606 καὶ
2512 3551 2674 3604 πλέον
2700 3549 2802 3620 τῆς
2827 3548 3014 3620 χρείας
3043 3545 3195 3600 οὐδὲν
3222 3541 3497 3627 ζητοῦσιν,
3536 3542 3587 3594 οἰ
3615 3541 3673 3593 δὲ
3698 3542 3763 3593 ἐκ

2175 3626 2271 3699 τοῦ
2312 3642 2750 3715 περισσεύματος
2779 3639 3008 3693 ἔδωκανο
3045 3636 3159 3690 ἀλλ’
3188 3636 3339 3704 ὅμως
3375 3626 3525 3686 οῦτοι
3558 3631 3763 3693 πάντες

2177 3740 2441 3812 ἀλλήλους
2470 3734 2755 3808 κοσμοῦσι,
2797 3731 2899 3788 κᾶν
2937 3730 3264 3801 ἐξουθενήσῃ
3309 3726 3401 3781 τὸν
3435 3726 3697 3780 ἐλάττονα
3733 3723 3765 3776 ὀ

2180 3833 2401 3906 μείζων,
2425 3829 2615 3884 ἐαυτὸν
2646 3827 2715 3882 τὰ
2752 3826 2982 3898 μέγιστα
3016 3820 3269 3892 ἔϐλαψεν.
3296 3821 3369 3873 ’Ἤ
3396 3835 3455 3872 τε
3483 3816 3595 3889 γὰρ
3622 3831 3764 3885 παρ-

2180 3928 2330 3990 θένος
2376 3925 2441 3979 ἂν
2481 3920 2679 3994 ὑϐρίσῃ
2707 3920 2803 3992 τὴν
2837 3918 3100 3989 ἐγγαμον,
3138 3916 3198 3968 οὐ
3238 3912 3430 3985 μικρὸν
3460 3910 3763 3980 ὐπετέμετο

2178 4020 2271 4075 τοῦ
2327 4015 2538 4089 μισθοῦ·
2594 4016 2622 4069 ὃ
2677 4031 2733 4067 τε
2789 4012 2859 4065 τὰ
2909 4012 3088 4065 πάντα
3131 4006 3396 4069 κενώσας,
3424 4004 3491 4058 ἂν
3528 4002 3764 4072 ὀνειδίσῃ

2178 4115 2256 4187 τῷ
2309 4115 2383 4186 μὴ
2438 4111 2598 4166 τοῦτο
2649 4104 2995 4177 πεποιηκότι,
3030 4103 3165 4158 πολὺ
3213 4100 3320 4154 τῶν
3369 4096 3535 4152 αὐτοῦ
3584 4097 3764 4149 πόνων

2181 4208 2438 4263 ὲκένωσε.

2251 4383 2362 4436 Καὶ
2391 4380 2445 4434 τί
2486 4379 2629 4448 λέγω
2662 4374 2965 4447 παρθένους
2994 4372 3089 4426 καὶ
3122 4373 3297 4443 χήρας
3330 4368 3422 4421 καὶ
3448 4363 3767 4437 ἀκτήμονας

2180 4475 2411 4545 ἀνδραςς
2451 4471 2515 4524 Τί
2562 4470 2672 4539 γὰρ
2706 4467 2817 4521 τῶν
2862 4462 3299 4536 προσαιτούντων
3347 4456 3764 4525 εὐτελέστερον;

2184 4565 2298 4621 ἀλλ’
2331 4566 2482 4634 ὅμως
2523 4562 2616 4615 καὶ
2661 4554 2805 4615 οὗτοι
2847 4557 3036 4630 χρείαν
3089 4550 3353 4623 πληροῦσι
3396 4546 3660 4619 μεγίστην
3708 4545 3769 4597 ἐν

2195 4654 2515 4725 Ἐκκλησία,
2555 4650 2969 4723 προσηλωμένοι
2996 4648 3118 4710 ταῖς
3140 4646 3335 4714 θύραις
3357 4638 3454 4694 τοῦ
3492 4635 3648 4699 ναοῦ,
3672 4637 3769 4689 καὶ

2183 4748 2386 4819 κόσμον
2418 4744 2750 4816 παρέχοντες
2774 4741 3048 4812 μέγιστον,
3078 4736 3398 4791 καὶτούτων
3421 4732 3549 4785 ἀνευ
3571 4729 3675 4782 οὐκ
3700 4726 3771 4819 ἀν

2183 4813 2547 4912 ἀπαρτισθείη
2565 4813 2631 4889 ⁷ἰδ
2660 4833 2934 4904 πλήρωμα
2961 4830 3059 4901 τῆς
3093 4825 3441 4895 Ἐκκλησίας.
3470 4823 3649 4912 Ὅπερ
3673 4813 3769 4872 οὗν

2184 4933 2279 4986 καὶ
2305 4911 2372 4985 ἰοί
2412 4928 2696 4984 ἀπόστολοι
2734 4923 3036 4981 συνιδόντες
3069 4917 3303 4989 ἐξαρχῆς
3339 4911 3763 4985 ἐνομοτέθησαν,

2186 5028 2374 5097 ῶσπερ
2395 5024 2461 5080 τὰ
2492 5023 2626 5078 ἄλλα
2663 5022 2859 5081 πάντα,
2893 5016 3035 5071 οὕτω
3064 5014 3157 5067 καὶ
3185 5013 3247 5066 τὸ
3270 5013 3443 5083 χήρας
3466 5005 3605 5062 εἶναι
3623 5025 3638 5038 ·
3673 5005 3768 5097 καλ⁸

2185 5096 2452 5187 τοσαύτην
2479 5113 2802 5182 ἐποιήσαντο
2825 5109 2954 5181 περὶ
2973 5108 3033 5161 τὸ
3053 5105 3284 5177 πρᾶγμα
3307 5099 3563 5170 σπουδὴν,
3577 5097 3654 5159 ὡς
3671 5096 3768 5152 καὶ

2186 5208 2466 5267 διακόνους
2510 5205 2701 5266 αὐταῖς
2740 5201 3034 5271 ἐπιστῆσαι
3071 5196 3230 5251 ἐπτά.
3263 5195 3475 5264 Ὥσπερ
3511 5191 3622 5262 γὰρ
3648 5190 3768 5241 ἐπι-

2187 5301 2425 5361 σκόπους
2470 5296 2563 5350 καλ⁵
2597 5293 2999 5366 πρεσϐυτέρους
3039 5291 3134 5345 καὶ
3169 5287 3450 5347 διακόνους
3485 5284 3580 5337 καὶ
3618 5298 3767 5353 παρ-

2188 5392 2371 5454 θένους
2418 5389 2515 5442 καὶ
2559 5386 3057 5457 ἐγκρατευομένους
3101 5379 3340 5454 ἀριθμῷ,
3383 5377 3453 5432 τά
3485 5375 3623 5446 μέλη
3666 5374 3769 5445 τῆς

2202 5479 2528 5551 Ἐκκλησίας
2564 5475 2898 5543 καταλέγων,
2921 5474 3064 5529 οὕτω
3112 5472 3208 5526 καὶ
3239 5471 3436 5543 χήρας.
3479 5465 3616 5521 Οὐδὲ
3655 5464 3769 5537 γὰρ

2188 5573 2287 5644 τὴν
2310 5569 2578 5641 τυχοῦσαν
2599 5566 2787 5639 χρείαν
2812 5561 2966 5620 αὗται
2989 5563 3276 5636 πληροῦσι.
3308 5563 3380 5616 Σὺ
3415 5560 3511 5632 μὲν
3541 5558 3653 5629 γὰρ
3677 5559 3769 5613 ὅτε

2194 5662 2393 5733 βούλει,
2417 5659 2815 5733 παραγέγονας
2838 5651 2996 5711 αὗται
3027 5656 3085 5710 δέ
3114 5656 3209 5709 καὶ
3236 5653 3450 5726 ἡμέραν
3473 5652 3569 5706 καὶ
3593 5649 3770 5705 νύκτα

2191 5754 2450 5826 ψάλλουσι
2490 5752 2586 5807 καὶ
2617 5751 2887 5823 πάρεισιν,
2923 5750 2984 5803 οὐ
3019 5750 3115 5820 τῆς
3162 5746 3533 5818 ἐλεημοσύνης
3577 5744 3771 5797 ἕνεκεν

2201 5847 2364 5918 μόνης
2396 5843 2556 5900 τοῦτο
2582 5843 2846 5898 ποιοῦσαν
2871 5840 3013 5909 ἐπεὶ,
3042 5842 3088 5896 εἰ
3115 5840 3269 5896 τοῦτο
3305 5837 3605 5903 ἐϐούλοντο,
3638 5832 3770 5905 ἐξῆν
