4108 6218
380 339 484 394 255

371 451 687 527 proferenda
712 449 1075 515 habuerimus,
1101 461 1206 503 non
1233 446 1309 502 sic
1334 445 1626 515 poterimus
1653 441 1939 498 ostendere

367 556 516 603 recte
549 543 744 600 factum
777 556 918 606 esse,
951 551 1007 593 ut
1043 555 1163 595 cum
1193 537 1457 592 dicimus:
1496 535 1565 592 Ut
1603 535 1836 604 optimus
1861 547 1948 586 ar-

366 640 496 696 tifex
543 637 746 703 voluit,
794 636 862 689 ita
908 634 1105 688 factum
1152 642 1275 686 est:
1325 646 1445 684 nam
1489 630 1565 683 sic
1604 629 1693 683 ille
1733 627 1846 681 vult
1891 635 1949 679 ut

364 732 605 803 expedit.
647 730 702 785 Si
747 740 924 783 autem
970 728 1021 780 in
1064 725 1164 781 hoc
1206 738 1434 794 corpore
1462 723 1531 777 de
1561 721 1812 775 membris
1844 732 1947 772 non

364 826 581 880 curiose
611 821 950 891 inquirimus,
984 819 1148 872 multo
1179 818 1344 886 magis
1373 817 1424 868 in
1452 813 1712 869 Ecclesia.
1745 812 1810 866 Et
1828 809 1948 865 vide

366 919 511 973 illius
536 914 916 987 prudentiam:
951 928 1054 966 non
1083 912 1225 964 enim
1255 909 1396 964 illam
1427 908 1574 977 ponit
1598 903 1945 960 differentiam

364 1026 486 1080 qua:
521 1024 587 1063 ex
617 1018 807 1060 natura
835 1013 918 1060 est
939 1045 954 1070 ,
985 1018 1156 1074 neque
1188 1002 1336 1056 illam
1368 1016 1488 1070 qua:
1524 1006 1608 1055 est
1650 1013 1716 1053 ex
1756 1011 1947 1066 opera-

366 1108 533 1169 tione,
563 1102 657 1157 sed
687 1115 805 1155 eam
834 1113 952 1169 qua:
982 1106 1064 1151 est
1102 1111 1131 1150 a
1164 1096 1269 1149 situ
1300 1094 1540 1149 locorum
1569 1110 1581 1145 :
1618 1090 1769 1145 Nunc
1801 1089 1943 1143 enim

363 1195 573 1266 posuit,
603 1194 809 1261 inquit,
841 1189 981 1245 Deus
1004 1188 1250 1253 membra,
1277 1185 1663 1257 unumquodque
1687 1198 1860 1237 eorum
1890 1182 1943 1235 in

360 1302 580 1357 corpore
611 1285 745 1338 sicut
780 1282 958 1337 voluit.
1003 1280 1066 1334 Et
1108 1288 1255 1334 recte
1295 1278 1460 1344 dixit,
1505 1273 1940 1346 Unumquodque,

360 1382 418 1434 in
451 1378 701 1432 omnibus
728 1374 1012 1429 utilitatem
1040 1370 1350 1426 oswndens.
1390 1367 1571 1439 Neque
1596 1366 1736 1422 enim
1763 1365 1943 1420 dicere

365 1471 575 1542 possis,
611 1469 761 1523 illum
789 1465 892 1520 hoc
915 1463 1129 1535 quidem
1160 1461 1434 1532 posuisse,
1467 1459 1595 1513 illud
1625 1472 1753 1512 vero
1783 1455 1942 1509 mini-

360 1580 449 1619 me
468 1604 485 1627 ,
515 1561 611 1619 sed
642 1557 1059 1629 unumquodque
1098 1554 1389 1611 secundum
1417 1553 1745 1608 voluntatem
1776 1549 1941 1619 ipsius

358 1659 526 1712 situm
557 1664 661 1711 est.
695 1654 879 1723 Itaque
908 1661 962 1707 et
990 1650 1108 1722 pedi
1138 1650 1269 1705 utile
1297 1650 1367 1704 sit
1395 1648 1473 1703 sic
1501 1647 1754 1703 collatum
1783 1659 1936 1708 esse,

360 1766 470 1804 non
502 1748 666 1818 capiti
701 1755 941 1809 tantum;
978 1753 1033 1799 et
1058 1744 1173 1798 sive
1196 1742 1437 1796 ordinem
1469 1738 1784 1800 mutaverit,
1827 1735 1939 1792 sive

361 1841 586 1911 proprio
632 1838 825 1893 relicto
875 1838 1027 1901 loco,
1078 1835 1130 1889 in
1178 1835 1337 1889 alium
1388 1831 1692 1893 transierit,
1733 1831 1846 1884 sive
1884 1829 1937 1883 in

358 1934 623 2001 majorem
664 1930 876 1986 venisse
916 1929 1183 1989 videatur,
1232 1934 1397 1979 totum
1447 1922 1674 1992 perdidit
1719 1929 1772 1974 et
1814 1934 1937 1974 cor-

356 2026 544 2095 rupit:
588 2040 709 2079 nam
744 2022 1016 2092 proprium
1042 2020 1217 2075 locum
1252 2017 1513 2087 perdidit,
1556 2026 1610 2071 et
1637 2015 1798 2068 alium
1831 2028 1936 2067 non

354 2117 683 2186 assequitur.
736 2114 886 2182 Quod
926 2115 969 2167 si
1011 2121 1171 2167 essent
1212 2111 1381 2164 omnia
1422 2124 1575 2161 unum
1616 2107 1890 2160 membrum
1917 2145 1933 2170 ,

356 2211 448 2263 ubi
480 2209 696 2278 corpus?
723 2207 810 2262 9.0.
852 2204 1005 2259 Nunc
1046 2215 1215 2257 autent
1244 2203 1401 2255 multa
1440 2201 1642 2271 quidem
1673 2198 1895 2253 membra
1917 2237 1933 2263 ,

353 2320 521 2357 uirum
556 2319 666 2355 vero
698 2316 901 2369 corpus.
948 2296 1078 2352 Cum
1110 2296 1251 2351 enim
1280 2294 1356 2349 eis
1386 2294 1516 2347 satis
1543 2306 1604 2345 os
1634 2289 1934 2345 obstruxis-

351 2407 441 2451 set
468 2412 498 2450 a
529 2395 617 2449 Dei
646 2392 1014 2463 diSpositione,
1043 2402 1227 2443 rursus
1250 2385 1522 2441 ratiocinia
1553 2382 1732 2454 ponit;
1765 2395 1935 2451 neque

351 2502 572 2554 semper
597 2485 697 2540 hoc
723 2483 865 2547 facit,
898 2496 1071 2551 neque
1101 2478 1254 2544 illud,
1286 2476 1380 2531 sed
1405 2484 1738 2531 couunutans
1769 2472 1937 2526 variat

349 2580 678 2634 orationem.
730 2576 830 2645 Qui
859 2578 1001 2630 enim
1031 2587 1091 2626 os
1117 2572 1332 2627 obturat
1366 2578 1593 2632 tantum,
1637 2566 1933 2621 auditorem

353 2672 576 2734 turbat;
621 2669 816 2740 quique
862 2667 1011 2722 illum
1056 2661 1342 2719 assuefacit
1380 2661 1447 2716 ad
1478 2660 1715 2716 omnium
1744 2670 1933 2713 causas

349 2760 734 2832 exquirendas,
759 2761 812 2813 in
834 2759 1078 2813 oratione
1101 2756 1167 2811 de
1197 2754 1299 2809 [ide
1329 2754 1499 2822 ipsum
1540 2751 1701 2806 laedit.
1735 2749 1934 2804 Idcirco

351 2857 459 2910 hoc
488 2854 682 2909 Paulus
708 2852 1017 2921 frequenter
1041 2848 1183 2913 facit,
1205 2855 1262 2901 ut
1287 2856 1340 2899 et
1368 2844 1585 2899 credant
1607 2853 1662 2898 et
1692 2858 1797 2896 non
1824 2854 1934 2896 tur-

352 2949 583 3009 bentur;
617 2955 670 3001 et
699 2954 981 3015 postquam
1013 2956 1105 2996 ora
1132 2938 1394 3003 obstruit,
1439 2937 1529 2991 dat
1566 2936 1727 2990 etiam
1771 2936 1931 2990 ratio.

351 3056 500 3095 nem.
539 3039 601 3092 Et
630 3037 750 3091 vide
778 3034 1173 3092 contentionem
1202 3041 1257 3087 et
1286 3031 1495 3103 plenam
1527 3029 1821 3082 victoriam.
1853 3029 1930 3082 Ex

351 3132 547 3201 quibus
589 3129 847 3198 putabant
891 3143 950 3182 se
990 3141 1094 3180 non
1138 3138 1256 3179 esse
1303 3124 1507 3178 honore
1550 3136 1739 3192 pares,
1788 3121 1930 3191 quod

348 3226 516 3280 multa
562 3225 615 3277 in
649 3223 777 3291 ipsis
813 3230 955 3276 esset
983 3217 1317 3280 differentia,
1360 3232 1422 3271 ex
1468 3215 1656 3270 iisdem
1698 3214 1933 3270 ostendit

349 3319 472 3372 illos
500 3326 717 3386 propter
746 3314 847 3369 hoc
873 3315 1048 3383 ipsum
1074 3310 1278 3365 benore
1309 3325 1462 3380 pares
1488 3323 1635 3373 esse;
1663 3307 1931 3378 quomodo

350 3419 567 3471 autem,
609 3420 712 3476 ego
751 3405 945 3460 dicant.
994 3403 1054 3457 Si
1096 3411 1289 3467 essent,
1331 3400 1537 3471 inquit,
1569 3402 1737 3454 omnia
1774 3417 1931 3454 unum

350 3502 668 3565 membrum,
701 3498 784 3551 ubi
814 3495 1041 3565 corpus?
1070 3494 1124 3549 Id
1156 3503 1257 3559 est,
1286 3494 1342 3548 Si
1370 3509 1472 3547 non
1499 3502 1676 3559 esset,
1720 3493 1927 3563 inquit,

349 3594 405 3646 in
452 3592 606 3646 vobis
649 3590 815 3644 multa
847 3587 1184 3651 differentia,
1233 3601 1337 3639 non
1381 3585 1573 3639 essetis
1617 3599 1850 3655 corpus:
1883 3585 1929 3639 si

349 3699 547 3753 corpus
577 3697 683 3737 non
732 3680 924 3736 essetis
947 3721 961 3743 ,
996 3693 1170 3746 neque
1213 3692 1372 3731 unum
1402 3676 1634 3733 essetis:
1678 3677 1723 3731 si
1767 3691 1929 3730 unum

351 3796 458 3833 non
488 3778 700 3839 essetis,
730 3790 902 3845 neque
931 3788 1086 3844 pares
1113 3772 1323 3827 essetis.
1362 3770 1542 3842 Itaque
1569 3771 1613 3825 si
1655 3785 1809 3840 pares
1839 3785 1926 3826 es-

348 3873 506 3933 setis,
537 3886 642 3924 non
670 3868 861 3924 essetis
888 3882 1082 3937 corpus
1108 3884 1123 3921 :
1151 3867 1194 3921 si
1224 3878 1418 3935 corpus
1443 3879 1549 3918 non
1579 3864 1787 3929 essetis,
1821 3879 1926 3919 non

347 3965 547 4021 essetis
573 3978 730 4017 unum
757 3979 771 4017 :
800 3962 844 4016 si
869 3976 1028 4016 unum
1060 3975 1163 4013 non
1191 3958 1402 4023 essetis,
1430 3957 1697 4025 quomodo
1726 3956 1929 4012 honore

349 4070 517 4126 pares
548 4054 771 4109 essetis?
800 4052 950 4108 Nunc
977 4065 1136 4115 vero,
1162 4050 1283 4120 quia
1317 4063 1421 4103 non
1447 4063 1633 4101 omnes
1661 4047 1801 4101 idem
1831 4048 1929 4119 do-

349 4164 488 4202 ltltttt
519 4145 756 4210 habetis,
796 4144 917 4200 ideo
957 4156 1152 4213 corpus
1192 4141 1361 4197 estis:
1401 4154 1596 4209 corpus
1633 4154 1760 4194 vero
1806 4154 1928 4195 cum

346 4240 511 4303 sitis,
540 4252 723 4291 ournes
753 4253 910 4291 unum
938 4235 1090 4300 estis,
1117 4241 1172 4288 et
1199 4231 1333 4287 nihil
1365 4231 1504 4285 alter
1533 4232 1601 4286 ab
1631 4230 1802 4287 altero
1827 4228 1929 4286 dif-

346 4332 533 4395 fertis,
566 4329 853 4385 secundum
887 4328 937 4383 id
960 4370 974 4392 ,
1003 4327 1143 4398 quod
1182 4341 1377 4395 corpus
1417 4325 1568 4381 estis.
1614 4325 1794 4395 itaque
1839 4325 1926 4379 illa

347 4423 585 4478 maxime
626 4421 927 4477 ditlerentia
967 4431 1089 4484 est,
1132 4434 1250 4489 qua:
1295 4417 1421 4472 facit
1464 4415 1684 4471 honoris
1725 4417 1927 4486 parita-

345 4525 456 4572 tcm
487 4535 501 4570 :
547 4515 776 4586 ideoque
814 4514 1125 4584 subjunxit,
1170 4511 1323 4566 Nunc
1350 4520 1513 4566 autem
1546 4511 1703 4565 multa
1728 4511 1928 4582 quidem

345 4608 572 4662 membra
596 4649 613 4673 ,
645 4624 804 4661 unum
842 4623 955 4660 vero
985 4621 1190 4675 corpus.
1221 4605 1345 4659 [hec
1386 4604 1563 4674 itaque
1590 4618 1688 4658 nos
1716 4618 1927 4674 quoque

343 4700 683 4769 cogitantes,
728 4714 942 4753 omnem
986 4698 1243 4767 pellamus
1283 4696 1568 4759 invidiam,
1614 4710 1786 4767 neque
1825 4695 1929 4750 illis

345 4791 680 4846 invideamus
722 4791 810 4861 qui
856 4789 1055 4860 majora
1097 4787 1295 4842 habent
1332 4786 1652 4843 charismata
1677 4828 1694 4853 ,
1741 4801 1913 4856 neque

344 4884 712 4953 deSpiciamus
750 4897 845 4938 eos
889 4882 978 4950 qui
1028 4882 1232 4936 minora
1280 4880 1556 4952 possident
1597 4896 1611 4934 :
1663 4879 1732 4933 ita
1783 4880 1925 4934 enim

350 4975 490 5030 Deus
528 4976 718 5031 voluit.
766 4974 845 5030 Ne
890 4976 1067 5044 itaque
1113 4974 1454 5029 obsistamus.
1499 4972 1556 5027 Si
1598 4987 1725 5026 vero
1754 4970 1928 5025 adhuc

346 5066 602 5131 turbaris,
630 5066 803 5138 cogita
832 5066 983 5121 illum
1015 5080 1158 5136 saepe
1188 5080 1293 5120 non
1324 5079 1479 5134 posse
1506 5078 1639 5133 opus
1666 5072 1811 5117 tuum
1838 5062 1935 5115 im-

343 5157 519 5228 plere.
565 5158 925 5226 Quamobrem
952 5198 967 5223 ,
1016 5156 1224 5212 etiamsi
1271 5159 1444 5212 minor
1490 5155 1686 5221 fueris,
1733 5157 1785 5210 in
1826 5154 1928 5209 hoc

341 5248 498 5303 illum
527 5265 786 5322 superas;
814 5250 1023 5306 etiamsi
1049 5249 1220 5318 major
1249 5247 1340 5303 ille
1365 5250 1451 5311 sit,
1485 5247 1539 5302 in
1571 5246 1673 5302 hoc
1702 5261 1925 5316 supera-

342 5349 467 5408 tur,
515 5351 572 5396 et
616 5343 694 5398 sic
737 5342 1014 5413 :equalitas
1055 5340 1305 5396 efticitur.
1348 5340 1559 5394 Etenim
1598 5339 1652 5393 in
1701 5352 1927 5409 corpore

339 5449 580 5506 quoque,
625 5450 745 5503 qua:
787 5450 947 5505 parva
984 5442 1142 5499 sunt,
1185 5448 1291 5488 non
1337 5446 1496 5501 parva
1537 5430 1780 5486 videntur
1825 5446 1923 5486 ex

340 5524 532 5594 sequi,
565 5524 659 5581 sed
689 5533 745 5580 et
780 5540 968 5595 magna
996 5539 1139 5594 saepe
1167 5520 1525 5588 labefactant,
1568 5536 1690 5576 cum
1733 5521 1921 5578 absce-

339 5616 494 5671 dunt.
528 5615 665 5685 Quid
693 5617 837 5673 enim
865 5617 916 5671 in
953 5632 1177 5687 corpore
1208 5616 1329 5686 pilis
1359 5614 1557 5669 vilius?
1604 5615 1698 5669 sed
1727 5616 1772 5671 si
1803 5615 1923 5671 illos

342 5709 478 5765 viles
494 5710 784 5767 abstuleris
800 5725 830 5764 a
845 5710 1163 5780 superciliis,
1187 5724 1399 5764 omnem
1420 5708 1570 5765 faciei
1587 5709 1809 5765 formam
1827 5709 1921 5766 de-

344 5799 519 5859 levisti
547 5844 562 5872 ,
602 5813 658 5861 et
687 5805 874 5861 oculus
915 5821 1016 5860 non
1050 5804 1184 5859 ultra
1219 5812 1323 5857 tam
1356 5802 1574 5872 pulcher
1605 5806 1914 5875 apparebit:

1393 328 1460 383 IN
1498 328 1710 383 EPlS'l.
1745 325 1784 380 1.
1817 327 1905 380 AD
1943 325 2096 381 COR.
2132 325 2359 381 llOMIL.
2389 326 2559 385 XXX.

2057 458 2374 514 quamquam
2408 444 2522 499 leve
2551 455 2632 499 est
2661 446 3059 518 detrimentum,
3090 459 3322 510 attamen
3350 456 3428 511 sic
3453 463 3627 516 omnis

2056 532 2224 588 forma
2274 535 2462 605 periit;
2496 553 2600 591 non
2648 538 2817 593 forma
2861 548 3085 605 tantum,
3121 546 3213 601 sed
3256 558 3310 602 et
3346 549 3623 607 oculorum

2055 639 2182 679 usus
2221 626 2445 682 multum
2487 627 2718 682 lzeditur.
2748 629 2964 701 Singula
2996 635 3139 690 enim
3177 639 3412 693 membra
3444 651 3624 696 nostra

2054 719 2320 788 propriam
2379 730 2433 776 et
2486 736 2821 778 communem
2877 725 3070 780 habent
3117 732 3517 798 operationem;
3572 742 3628 789 et

2055 809 2393 879 pulchritudo
2433 812 2591 867 etiam
2637 824 2690 869 et
2737 817 2946 884 propria
2993 826 3047 871 et
3098 820 3396 878 communis
3439 832 3520 878 est
3568 825 3626 879 iu

2052 901 2206 955 nobis
2236 919 2248 954 :
2282 913 2337 957 et
2384 903 2630 960 videntur
2658 906 2868 975 quidem
2902 908 2990 963 illa
3020 910 3184 965 divisa
3215 927 3365 978 esse,
3397 925 3626 987 suntque

2054 1004 2229 1049 tamen
2283 1006 2530 1052 accurate
2568 1012 2852 1066 connexa,
2898 1016 2962 1056 ac
3003 1002 3047 1057 si
3090 1004 3316 1061 alterum
3357 1008 3614 1077 perierit,

2051 1087 2278 1142 alterum
2307 1105 2518 1159 quoque
2545 1091 2703 1146 simul
2737 1092 2936 1146 interit.
2982 1094 3359 1152 Animadverte
3390 1108 3568 1155 autem
3602 1119 3618 1156 :

2052 1177 2161 1232 sint
2186 1179 2325 1233 oculi
2356 1180 2614 1248 lucentes,
2641 1197 2776 1251 gena
2813 1183 3114 1252 subridens,
3146 1187 3342 1243 labium
3369 1190 3621 1247 rubicun-

2047 1268 2174 1324 dum
2194 1312 2209 1334 ,
2238 1285 2401 1325 nasus
2431 1280 2639 1339 rectus,
2672 1275 3012 1342 supercilium
3038 1286 3317 1333 extensum
3345 1297 3360 1334 :
3388 1288 3621 1338 attamen

2046 1362 2091 1416 si
2139 1362 2352 1417 illorum
2403 1364 2688 1434 quodpiam
2737 1366 2821 1421 vel
2867 1369 3127 1425 tantillum
3181 1372 3617 1441 labefactaveris,

2047 1450 2387 1509 communem
2418 1456 2657 1509 omnium
2692 1458 3144 1527 pulchritudinem
3176 1462 3503 1520 labefactasti
3524 1507 3538 1527 ,
3567 1476 3622 1522 et

2048 1545 2217 1613 turpia
2258 1545 2438 1600 omnia
2483 1548 2835 1616 apparebunt,
2867 1566 2988 1621 qua:
3024 1562 3177 1606 antea
3198 1553 3418 1623 pulchra
3439 1567 3615 1611 erant.

2042 1635 2174 1692 Nam
2207 1637 2253 1693 si
2285 1638 2365 1693 vel
2395 1648 2692 1694 extremum
2724 1657 2910 1696 nasum
2942 1646 3260 1700 contriveris
3280 1687 3294 1709 ,
3338 1647 3391 1701 in
3436 1653 3615 1705 omnia

2042 1729 2199 1785 simul
2241 1732 2460 1786 multant
2503 1732 2738 1787 inludisti
2781 1734 3197 1802 deformitatem,
3227 1740 3434 1794 etiamsi
3461 1743 3618 1797 unius

2041 1822 2266 1877 membri
2297 1823 2367 1877 sit
2405 1824 2711 1878 mutilatio:
2754 1834 2809 1881 et
2848 1824 2900 1879 in
2942 1841 3102 1881 manu
3143 1829 3339 1893 etiam,
3384 1831 3428 1885 si
3461 1833 3615 1891 unius

2040 1910 2188 1983 digiti
2222 1927 2450 1983 unguem
2481 1913 2782 1981 abstuleris,
2812 1914 3038 1987 idipsnm
3071 1917 3184 1973 fieri
3212 1919 3437 1976 videbis.

2110 2005 2166 2059 4.
2206 2002 2260 2059 Si
2303 2015 2480 2060 autem
2508 2005 2734 2077 idipsnm
2780 2007 2833 2062 in
2873 2010 3181 2079 operatione
3229 2012 3411 2070 videre
3452 2017 3612 2084 velis,

2043 2094 2169 2149 tolle
2211 2094 2431 2167 digitum
2474 2113 2638 2152 unum
2681 2107 2734 2153 et
2776 2098 3012 2169 reliquos
3050 2100 3330 2158 otiosiores
3368 2105 3611 2171 videbis,

2041 2200 2214 2257 neque
2239 2202 2337 2242 suo
2366 2188 2500 2243 ultra
2523 2188 2769 2244 similiter
2787 2204 3009 2245 munere
3034 2190 3333 2261 fungentes.
3352 2195 3612 2262 Quoniam

2040 2276 2201 2348 igitur
2231 2280 2387 2333 unius
2413 2279 2634 2334 membri
2656 2280 2862 2348 jactura
2890 2282 3191 2336 communis
3215 2291 3296 2337 est
3319 2286 3607 2354 turpitudo,

2038 2369 2259 2440 ejusque
2280 2370 2613 2426 conservatio
2637 2371 2937 2426 "communis
2963 2371 3323 2441 pulchritudo,
3353 2392 3419 2431 ne
3444 2380 3610 2433 extol-

2039 2462 2212 2517 lamur
2240 2479 2412 2534 neque
2438 2463 2752 2519 insultemus
2779 2466 3056 2534 proximis.
3084 2465 3214 2521 Nam
3239 2477 3457 2539 propter
3484 2470 3609 2527 illud

2037 2555 2284 2626 exiguum
2327 2556 2667 2623 membrum,
2713 2557 2843 2612 illud
2886 2558 3028 2628 quod
3054 2574 3301 2629 magnum
3343 2572 3457 2626 est,

2037 2648 2225 2703 chrum
2267 2658 2350 2705 est
2390 2658 2445 2706 et
2484 2648 2814 2717 formosum,
2841 2661 2898 2707 et
2929 2665 3027 2720 per
3067 2653 3347 2724 palpebras
3389 2671 3609 2712 ornatur

2037 2742 2244 2795 oculus.
2288 2741 2360 2797 Se
2402 2740 2675 2812 impugnat
2712 2757 2873 2813 ergo,
2914 2744 3004 2813 qui
3043 2742 3258 2799 fratrem
3301 2745 3607 2818 impugnat:

2038 2850 2142 2889 non
2172 2836 2313 2891 enim
2340 2836 2406 2890 ad
2438 2836 2586 2891 illum
2615 2838 2787 2891 sohun
2818 2839 3069 2908 pertingit
3104 2838 3356 2894 damnum
3375 2882 3389 2906 ,
3428 2842 3524 2897 sed
3554 2851 3609 2897 et

2034 2927 2147 2997 ipse
2189 2943 2294 2982 non
2339 2943 2559 2999 parvum
2607 2928 2910 2985 detrimenti
2951 2931 3169 3003 subibit.
3200 2932 3276 2989 Ne
3301 2933 3403 2991 hoc
3432 2935 3608 3007 itaque

2034 3019 2160 3086 fiat,
2189 3029 2249 3073 ut
2279 3021 2636 3090 nosmetipsos
2675 3021 2753 3075 sic
2778 3022 3049 3090 proximos
3077 3040 3360 3094 curemus,
3390 3036 3445 3082 et
3473 3028 3611 3083 hanc

2034 3117 2277 3187 corporis
2307 3116 2588 3185 imaginem
2619 3129 2760 3169 nunc
2800 3123 2855 3169 et
2896 3116 2948 3169 in
2988 3115 3282 3172 Ecclesiam
3320 3120 3608 3176 transfera-

2035 3225 2187 3275 mus,
2219 3220 2271 3263 et
2299 3209 2536 3261 outnium
2570 3207 2950 3277 providentiam
2981 3224 3228 3279 geramus
3258 3220 3315 3266 ttt
3357 3216 3603 3284 proprio-

2035 3317 2153 3357 rum
2184 3301 2565 3355 membrorum.
2598 3300 2729 3355 Nam
2766 3311 2820 3356 et
2860 3303 2912 3356 in
2950 3303 3185 3358 Ecclesia
3218 3307 3453 3362 membra
3482 3319 3605 3363 sunt

2035 3395 2199 3449 multa
2228 3402 2282 3449 et
2309 3394 2537 3459 diversa,
2571 3394 2671 3447 alia
2700 3394 2912 3465 quidem
2946 3389 3311 3466 honorabilia,
3344 3400 3444 3455 alia
3472 3401 3605 3457 infe-

2034 3486 2212 3550 riora;
2263 3494 2319 3541 ut
2365 3494 2487 3540 sunt
2534 3486 2796 3557 virginum
2840 3487 3030 3552 chori,
3079 3488 3352 3544 viduarum
3397 3504 3604 3549 cretus:

2033 3587 2158 3633 sunt
2199 3578 2359 3632 etiam
2403 3594 2589 3633 eorum
2632 3579 2727 3649 qui
2772 3574 2826 3633 in
2875 3588 3022 3635 casto
3063 3580 3332 3638 connubio
3374 3583 3610 3655 fulgeant

2031 3672 2298 3738 sodalitia,
2328 3672 2586 3742 multique
2610 3681 2734 3726 sunt
2759 3673 2967 3729 virtutis
2995 3674 3213 3745 gradus.
3243 3678 3606 3750 Similiterque

2032 3785 2243 3823 rursum
2274 3768 2327 3823 in
2370 3767 2708 3839 eleemosyna
2734 3785 2747 3822 :
2789 3769 2925 3823 alius
2950 3770 3092 3825 enim
3119 3772 3297 3827 omnia
3328 3773 3514 3829 effudit
3554 3787 3611 3829 et

2032 3859 2293 3931 erogavit,
2325 3857 2414 3912 alii
2447 3867 2624 3912 autem
2649 3858 2765 3912 solo
2793 3867 2996 3913 tantum
3024 3861 3166 3916 victu
3192 3866 3429 3919 contenti
3455 3875 3601 3934 sunt,

2032 3962 2087 4008 et
2112 3966 2217 4007 non
2246 3951 2366 4022 plus
2391 3959 2636 4023 quaerunt
2663 3965 2822 4022 quam
2849 3955 3150 4007 necessaria
3170 3995 3186 4021 ,
3214 3957 3303 4011 alii
3330 3974 3393 4013 ex
3420 3975 3609 4029 snper-

2032 4046 2142 4100 fluo
2182 4051 2426 4114 erogant.
2470 4045 2719 4098 Attamen
2764 4043 2818 4097 bi
2857 4057 3045 4099 omnes
3077 4060 3198 4101 sese
3241 4059 3425 4104 mutuo
3460 4067 3612 4106 exor-

2032 4147 2161 4191 nant
2184 4153 2199 4202 ;
2223 4145 2277 4191 et
2298 4135 2343 4188 si
2368 4133 2627 4188 minorem
2645 4132 2816 4205 major
2829 4133 3107 4205 despiciat,
3126 4137 3200 4193 sei
3208 4154 3358 4207 psum
3378 4143 3608 4200 maxime

2033 4229 2197 4283 laedit.
2225 4227 2389 4299 Virgo
2419 4242 2631 4298 quoque
2659 4228 2704 4283 si
2734 4228 3000 4285 connubio
3022 4230 3260 4300 junctam
3285 4236 3608 4293 contumelia

2032 4320 2247 4411 afciat,
2276 4336 2381 4375 non
2404 4334 2590 4390 parum
2615 4335 2681 4374 ex
2706 4319 2952 4376 mercede
2978 4337 3074 4377 sua
3100 4322 3315 4378 decidit.
3344 4324 3398 4381 Si
3438 4326 3483 4382 is
3515 4329 3608 4399 qui

2032 4402 2219 4466 omnia
2251 4411 2505 4482 elargitus
2529 4419 2649 4477 est,
2680 4411 2970 4480 exprobret
3005 4413 3055 4467 ei
3097 4413 3189 4483 qui
3231 4414 3458 4486 idipsnm
3499 4435 3606 4474 non

2033 4505 2178 4571 fecit,
2206 4520 2271 4560 ex
2299 4503 2574 4559 laboribus
2602 4501 2711 4557 suis
2738 4502 2965 4558 multum
2992 4507 3288 4562 evacuavit.

2114 4595 2291 4650 Vidua
2303 4595 2359 4648 in
2377 4591 2624 4651 Ecclesia.
2645 4624 2717 4636 -
2737 4594 2801 4650 Et
2823 4594 2949 4665 quid
2977 4597 3207 4669 virgines
3230 4598 3371 4667 dico,
3399 4601 3606 4671 viduas,

2031 4700 2087 4746 et
2111 4689 2255 4745 viros
2277 4689 2369 4761 qui
2399 4688 2528 4743 nihil
2556 4688 2867 4760 possident?
2893 4690 3021 4761 quid
3051 4691 3192 4747 enim
3234 4692 3390 4748 vilius
3425 4695 3491 4750 iis
3516 4696 3609 4767 qui

2032 4782 2407 4839 emendicant?
2430 4791 2663 4838 attamen
2691 4782 2765 4838 illi
2793 4798 2947 4837 usum
2969 4783 3255 4839 maximum
3286 4784 3342 4839 in
3366 4785 3607 4843 Ecclesia

2032 4873 2275 4943 implent,
2302 4872 2453 4929 ostiis
2477 4873 2659 4943 templi
2681 4871 2948 4928 haerentes
2973 4881 3028 4928 et
3050 4882 3296 4929 ornatum
3315 4878 3607 4933 maximum

2032 4965 2315 5021 afferentes
2344 4982 2357 5017 :
2389 4963 2592 5034 absque
2621 4963 2727 5018 illis
2755 4964 2896 5018 enim
2929 4963 3158 5032 perfecta
3190 4980 3294 5021 non
3326 4978 3470 5023 esset
3498 4968 3611 5038 ple-

2029 5055 2213 5110 nitudo
2244 5054 2518 5109 Ecclesiae.
2546 5053 2699 5122 Quod
2739 5069 2859 5109 cum
2890 5053 3046 5111 initio
3086 5058 3329 5113 viderent
3355 5061 3605 5129 apostoli,

2030 5146 2201 5217 legem
2248 5153 2593 5213 statuerunt,
2639 5155 2696 5200 ut
2738 5144 2881 5201 circa
2931 5145 3033 5202 alia
3082 5149 3291 5216 omnia,
3336 5150 3415 5205 sic
3454 5159 3508 5205 et
3552 5159 3612 5205 ut

2028 5240 2201 5296 vidua:
2238 5248 2453 5304 essent;
2500 5248 2555 5295 et
2583 5239 2637 5293 in
2665 5252 2729 5294 ea
2759 5254 2821 5295 re
2850 5248 3053 5295 tantum
3080 5242 3240 5296 studii
3271 5251 3603 5312 posuerunt,

2031 5342 2090 5390 ut
2125 5333 2255 5404 ipsis
2294 5332 2548 5387 diaconos
2590 5341 2796 5404 septem
2841 5334 3195 5405 praeficerem.
3242 5332 3604 5401 Quemadmo-

2028 5427 2153 5483 dum
2179 5426 2321 5481 enim
2343 5424 2645 5496 episcopos,
2671 5426 3034 5497 presbyteros,
3062 5424 3341 5490 diaconos,
3372 5422 3606 5494 virgines

2027 5530 2085 5576 et
2122 5518 2459 5574 continentes
2485 5530 2771 5583 enumera,
2802 5530 2923 5570 cum
2962 5514 3219 5570 Ecclesiae
3257 5514 3497 5569 membra
3523 5529 3608 5571 reo

2030 5626 2273 5668 censeo:
2319 5609 2399 5664 sic
2447 5617 2500 5662 et
2537 5606 2741 5662 viduas.
2794 5606 2974 5675 Neque
3015 5607 3159 5662 enim
3198 5606 3303 5662 illa:
3333 5606 3435 5662 levi
3479 5605 3603 5662 fun-

2029 5716 2224 5780 guntur
2268 5717 2509 5759 munere.
2539 5700 2670 5755 Nam
2701 5708 2755 5754 tu
2800 5699 3012 5772 quidem
3041 5699 3254 5771 quando
3278 5700 3360 5758 vis
3381 5741 3398 5767 ,
3435 5697 3604 5765 ades;

2030 5803 2133 5858 illae
2184 5816 2310 5856 vero
2369 5798 2453 5853 die
2512 5802 2773 5865 nocteque
2828 5792 3054 5863 psallunt
3112 5805 3167 5850 et
3219 5792 3443 5859 adsunt,
3499 5806 3602 5846 non
