4094 6222
514 307 621 363 255

516 420 868 492 clcemosynaa
920 426 1122 475 tantum
1173 429 1332 470 causa
1381 415 1496 468 lucc
1537 418 1797 482 agentes;
1845 407 1892 462 si
1942 406 2086 461 enim

522 513 623 566 hoc
669 511 902 568 vellent.
947 510 1132 563 liceret
1163 521 1260 576 per
1290 505 1461 559 forum
1502 502 1780 566 incedere,
1829 508 1883 555 et
1917 498 1970 554 in
2001 513 2095 552 an-

517 603 739 674 giportis
790 601 1134 664 mendicare;
1175 598 1270 652 sed
1310 613 1416 652 non
1445 595 1650 652 modica
1680 601 1959 649 moventur
1985 592 2096 661 pie-

522 702 648 748 tate.
684 691 813 746 Vide
857 705 988 759 ergo
1027 691 1080 744 in
1118 695 1316 757 quanta
1359 687 1690 758 paupertatis
1730 684 1947 740 fornace
1975 699 2094 738 ver-

520 793 725 839 sentur.
751 780 1196 851 Blasphemantes
1220 779 1358 850 apud
1387 779 1502 834 illas
1527 792 1814 848 numquam
1840 773 2092 841 audieris,

523 889 695 945 neque
739 873 955 944 indigne
1011 872 1283 939 ferentes,
1329 871 1470 942 quod
1517 880 1693 925 tamen
1737 884 1804 924 ex
1846 867 2097 923 divitibus

520 969 699 1021 multae
730 965 952 1021 faciunt.
997 966 1062 1020 Et
1092 964 1304 1021 illarum
1334 963 1575 1034 quaedam
1615 962 1916 1016 esurientes
1955 972 2097 1029 Saepe

519 1058 855 1114 dormierunt
880 1075 895 1122 ;
937 1058 1054 1112 alia;
1083 1066 1261 1112 autem
1289 1071 1318 1109 a
1350 1056 1544 1128 frigore
1569 1054 1786 1111 assidue
1814 1061 2094 1119 vexantur,

520 1160 576 1206 ct
618 1161 794 1205 tamen
825 1149 878 1203 in
915 1149 1214 1220 gratiarum.
1236 1147 1447 1202 actione
1489 1154 1545 1202 et
1585 1143 1970 1216 glorificatione
1999 1142 2097 1197 de-

520 1250 673 1312 gunt.
713 1242 767 1297 Si
811 1240 1028 1295 obolum
1070 1239 1318 1304 dederis,
1359 1237 1566 1308 gratias.
1600 1245 1803 1308 agunt,
1851 1243 1907 1290 et
1955 1233 2098 1288 mille

523 1332 666 1388 bona
688 1331 832 1385 danti
860 1339 1243 1401 apprecantur;
1287 1330 1330 1383 si
1373 1329 1504 1384 nihil
1531 1327 1777 1392 dederis,
1810 1342 1914 1380 non
1957 1339 2100 1395 aegre

524 1423 738 1488 ferunt,
792 1420 887 1475 sed
955 1422 1032 1475 sic
1085 1434 1298 1490 quoque
1351 1418 1674 1475 benedicunt
1719 1426 1775 1473 et
1823 1416 2096 1486 diligunt,

524 1513 718 1569 diurno
745 1512 984 1568 fruentes
1010 1513 1173 1567 victu.
1193 1511 1396 1582 Nempe
1417 1512 1626 1567 etiamsi
1654 1510 1845 1575 nolint,
1871 1510 2098 1580 inquies,

525 1601 579 1661 id
609 1604 751 1661 ferre
779 1605 898 1668 illas
941 1619 1162 1659 necesse
1187 1612 1291 1659 est.
1317 1604 1421 1659 Cur
1443 1605 1466 1659 ?
1487 1619 1657 1676 queso
1681 1616 1817 1675 ;,qua
1849 1601 1916 1656 de
1939 1615 2100 1656 causa

523 1699 627 1754 hoc
661 1696 913 1753 acerbum
950 1696 1229 1766 protulisti.
1255 1695 1519 1750 verbum?
1555 1708 1732 1748 annon
1758 1702 1883 1748 sunt
1921 1701 2102 1762 turpes

521 1800 696 1857 artes,
724 1806 842 1860 qua:
882 1791 1044 1847 etiam
1085 1789 1303 1846 senibus
1326 1799 1383 1844 et
1411 1787 1543 1843 vnris
1571 1795 1628 1844 et
1669 1787 1981 1842 mulieribus
2019 1786 2102 1840 Iu-

521 1899 672 1939 crum
699 1880 893 1938 afferre
921 1882 1169 1953 possint?
1203 1880 1248 1936 si
1277 1880 1438 1936 vitam
1467 1879 1742 1934 honestam
1769 1894 1957 1934 curare
1981 1877 2106 1933 nol-

521 1975 662 2040 lent,
703 1989 881 2029 annon
933 1971 1348 2044 poterant‘inde
1400 1986 1521 2028 cum
1572 1985 1760 2042 magna
1809 1970 1879 2025 ali
1924 1985 2100 2025 rerum

521 2068 710 2140 copia?
756 2082 864 2122 non
910 2066 1060 2122 vides
1102 2074 1233 2136 quot
1269 2065 1560 2135 quantique
1599 2063 1706 2120 sint
1733 2064 1889 2119 istius
1931 2063 2104 2119 aetatis

523 2161 743 2216 lenones
762 2169 818 2216 et
838 2159 1074 2215 libidinis
1091 2157 1404 2224 ministri,et
1418 2157 1524 2212 alia
1537 2156 1782 2229 quaedam
1801 2155 2102 2227 huiusmodi

524 2252 704 2307 munia
747 2259 1080 2316 exercentes,
1115 2249 1204 2319 qui
1241 2248 1456 2302 aluntur
1485 2255 1540 2302 et
1571 2247 1622 2301 in
1652 2245 1858 2301 deliciis
1885 2246 2110 2301 vivunt?

525 2347 596 2400 At
633 2345 686 2399 hi
717 2344 955 2409 minime,
984 2346 1080 2399 sed
1119 2341 1329 2396 malunt
1351 2339 1492 2395 fame
1522 2340 1694 2410 perire
1721 2339 1915 2410 potius,
1945 2353 2109 2410 quam-

531 2439 690 2494 eitam
712 2452 863 2494 suam
894 2436 1202 2505 deturpare,
1224 2442 1280 2489 et
1307 2433 1533 2489 salutem
1559 2446 1707 2485 suam
1740 2431 1995 2502 prodere;
2019 2445 2106 2486 se-

524 2530 760 2602 dentque
797 2537 908 2585 toto
936 2527 1024 2583 die
1051 2525 1392 2597 pharmacutn
1426 2524 1516 2579 tibi
1547 2523 1736 2579 salutis
1763 2532 2101 2593 apparantes.

526 2621 646 2676 Non
673 2623 816 2676 enim
848 2619 1086 2675 medicus
1115 2633 1329 2674 manum
1361 2617 1659 2672 extendens
1686 2624 1742 2672 et
1778 2615 1974 2672 ferrum
2002 2615 2106 2672 im-

527 2713 745 2768 mittens
801 2711 1082 2767 vulnerum
1136 2709 1471 2781 putredinem
1523 2723 1678 2780 aeque
1730 2707 1999 2764 exscindit
2048 2715 2108 2762 ut

529 2818 729 2872 pauper
771 2801 1047 2857 dexteram
1089 2801 1386 2856 extendens
1425 2808 1480 2855 et
1519 2800 1916 2870 eleemosynam
1961 2797 2104 2854 acci-

527 2893 679 2962 piens
701 2933 718 2958 ,
749 2891 924 2948 aufert
950 2892 1229 2946 vulnerum
1263 2901 1538 2946 tumores:
1584 2891 1828 2962 quodque
1865 2891 2106 2948 mirabile

526 2993 653 3051 est,
700 2984 818 3040 sine
857 2985 969 3040 ullo
1012 2983 1202 3039 dolore
1245 2984 1384 3038 hanc
1431 2983 1685 3053 optimam
1735 2984 1812 3039 illi
1854 2992 2106 3039 exercent

529 3076 872 3132 medicinam.
892 3077 969 3132 Ae
997 3090 1102 3130 non
1126 3076 1302 3131 minus
1328 3090 1486 3145 quam
1517 3089 1614 3130 nos
1637 3075 1726 3146 qui
1755 3075 1950 3147 populo
1970 3090 2106 3146 prae-

526 3182 712 3222 sumus
741 3176 798 3222 et
836 3180 932 3221 vos
961 3163 1026 3221 ad
1057 3165 1206 3220 utilia
1239 3162 1548 3232 hortamur,
1579 3164 1670 3220 ille
1693 3166 1782 3235 qui
1809 3175 1934 3221 ante
1962 3164 2105 3223 fores

523 3257 767 3313 ecclesiae
793 3255 945 3312 sedet
967 3273 1060 3328 per
1083 3257 1356 3311 silentium
1385 3265 1440 3311 et
1465 3265 1737 3326 aspectum
1763 3272 1857 3313 vos
1880 3257 2128 3328 alloq_ui-.

523 3357 630 3402 tur.
651 3345 760 3403 Nos
780 3347 922 3403 enim
951 3347 1067 3403 haec
1091 3346 1244 3402 vobis
1264 3347 1503 3418 quotidie
1529 3349 1838 3404 iusonantes
1855 3348 2100 3406 dicimus:

521 3439 599 3496 Ne
640 3441 806 3496 altum
851 3441 1028 3510 sapias
1049 3481 1066 3506 ,
1103 3457 1136 3495 ο
1163 3439 1324 3495 homo
1353 3459 1366 3494 :
1415 3449 1636 3510 repente
1667 3441 1855 3496 transit
1883 3451 1937 3496 et
1961 3440 2101 3497 fluxa

522 3544 607 3590 est
645 3533 919 3589 hominum
951 3541 1183 3596 natura;
1224 3533 1478 3602 juventus
1519 3532 1586 3588 ad
1631 3533 1837 3588 senium
1869 3532 2100 3600 festinat,

522 3623 694 3678 forma
724 3621 790 3679 ad
821 3623 1215 3679 deformitatem
1236 3663 1252 3690 ,
1285 3624 1448 3676 robur
1486 3624 1552 3677 ad
1580 3623 1938 3678 inlirmitatem
1960 3663 1975 3689 ,
2007 3623 2103 3678 bo—

527 3731 625 3771 nor
664 3715 730 3770 ad
774 3723 1162 3784 contemptum,
1190 3715 1392 3768 sanitas
1416 3713 1467 3768 in
1498 3713 1856 3768 inlirmitatem
1895 3713 2099 3778 incidit,

520 3806 688 3876 gloria
733 3807 785 3861 in
826 3805 1106 3872 vilitatem,
1132 3805 1333 3860 divitiae
1365 3806 1415 3858 in
1463 3813 1827 3875 paupertatem
1857 3823 1870 3859 :
1902 3803 2101 3860 ﬂuento

522 3899 822 3954 vehementi
867 3913 955 3954 res
990 3909 1188 3954 nostra:
1219 3897 1420 3954 similes
1455 3906 1611 3963 sunt,
1647 3896 2098 3968 quodnumquam

523 3991 635 4045 v'ult
671 3991 991 4055 consistere,
1025 3991 1118 4046 sed
1146 3990 1211 4044 ad
1241 3991 1446 4046 declive
1473 3989 1707 4046 festinat.

591 4082 645 4137 5.
677 4082 802 4136 Haec
824 4097 1035 4153 quoque
1057 4123 1072 4147 ,
1106 4083 1213 4137 imo
1241 4081 1393 4152 plura
1424 4097 1518 4152 per
1547 4090 1820 4152 aspectum
1851 4081 1922 4136 illi
1948 4094 2085 4138 con.-

520 4171 717 4236 sulunt,
751 4181 805 4227 et
843 4188 935 4242 per
962 4174 1350 4242 experientiam
1392 4173 1590 4242 ipsam,
1609 4189 1732 4243 qua:
1758 4183 1842 4228 est
1878 4172 2102 4229 manife-

518 4266 651 4318 stior
678 4264 990 4319 admonitio.
1011 4267 1179 4332 Quam
1200 4265 1349 4320 multi
1402 4281 1468 4319 cx
1493 4265 1579 4330 iis,
1610 4265 1701 4336 qui
1729 4265 1859 4320 foris
1885 4266 2094 4332 sedent,

522 4359 574 4411 in
591 4357 871 4426 iuventute
896 4357 1210 4423 floruerunt,
1236 4371 1422 4429 magna
1447 4359 1928 4431 patrarunt?quam
1946 4361 2098 4416 multi

513 4464 582 4504 ex
618 4447 699 4502 his
727 4447 1056 4503 deformibus
1085 4458 1140 4503 et
1186 4450 1432 4520 corporis
1471 4449 1784 4507 fortitudine
1829 4460 1886 4506 et
1927 4452 2096 4508 forma

521 4539 714 4594 ttutltos
740 4541 1096 4610 superarunt?
1116 4539 1224 4596 Sed
1249 4557 1316 4596 ne
1340 4541 1500 4597 fidem
1527 4543 1752 4614 negetis,
1779 4558 1886 4599 neu
1914 4543 2096 4599 ridea-

519 4630 625 4685 tis:
657 4645 778 4685 nam
825 4631 1121 4686 innumeris
1165 4631 1470 4701 huiusmodi
1511 4634 1775 4704 exemplis
1809 4633 1963 4703 plena
2010 4642 2095 4690 est

515 4725 641 4779 vita.
674 4723 806 4779 Nam
846 4723 891 4779 si
924 4723 1072 4778 multi
1095 4723 1228 4777 viles
1255 4733 1311 4778 et
1339 4724 1531 4794 abiecti
1562 4723 1810 4780 homines
1839 4738 1982 4795 stupe
2006 4741 2096 4782 re-

513 4830 606 4885 ges
631 4827 752 4870 sunt
775 4815 965 4879 elfecti,
996 4813 1122 4886 quid
1141 4815 1334 4870 mirum
1365 4817 1410 4870 si
1443 4830 1510 4870 ex
1532 4815 1738 4886 magnis
1759 4825 1814 4871 et
1837 4817 2088 4887 gloriosis

518 4908 649 4962 viles
677 4918 730 4962 et
757 4910 966 4980 inglorii
999 4918 1126 4964 sunt
1170 4909 1380 4966 effecti?
1422 4923 1542 4963 nam
1591 4909 1730 4964 illud”
1747 4919 1894 4965 certe
1937 4910 2094 4982 longe

515 4999 809 5053 mirabilius
834 5013 917 5056 est
941 5019 956 5066 ;
989 5002 1092 5058 hoc
1118 5019 1248 5059 vero
1278 5014 1605 5074 postremum
1637 5003 1935 5073 sazpissime
1957 5019 2092 5060 con-

515 5090 684 5159 tingit.
712 5090 1046 5162 QuaprOpter
1074 5109 1180 5147 non
1213 5104 1424 5164 oportet
1467 5095 1624 5150 fidem
1666 5110 1773 5150 non
1802 5094 2089 5163 adhibere,

510 5181 554 5236 si
583 5181 634 5236 in
660 5179 868 5235 artibus
887 5223 902 5244 ,
935 5182 989 5236 in
1032 5182 1218 5236 militia
1245 5193 1300 5238 et
1343 5185 1394 5238 in
1425 5187 1765 5254 pecuniarum
1789 5186 1938 5256 copia
1965 5187 2089 5258 qui-

511 5272 634 5329 dam
661 5288 848 5330 eorum
880 5271 1194 5341 floruerint;
1239 5274 1348 5330 imo
1392 5277 1633 5333 miserari
1679 5275 1930 5335 convenit
1970 5280 2091 5336 illos

508 5383 628 5423 cum
653 5365 842 5422 affectu
865 5366 1034 5422 multo
1060 5407 1077 5434 ,
1107 5375 1162 5422 et
1187 5365 1381 5437 quique
1424 5366 1679 5425 debemus
1707 5371 1899 5428 timere
1927 5385 1993 5427 ne
2020 5371 2084 5427 sl-

481 5458 650 5514 'milia
681 5458 962 5528 patiamur.
997 5456 1208 5512 Etenim
1241 5472 1340 5513 nos
1362 5473 1578 5530 quoque
1607 5458 1852 5518 homines
1879 5474 2086 5527 sumus,

505 5557 562 5602 et
587 5548 712 5604 huic
753 5549 915 5606 celeri
955 5549 1181 5620 subjecti
1227 5551 1528 5606 mutationi.
1565 5551 1671 5608 Sed
1716 5552 1966 5608 fortassis
2013 5567 2084 5607 ex

465 5698 473 5706 ,
504 5637 768 5708 improbis
786 5642 1046 5712 quispiam
1071 5683 1088 5710 ,
1117 5642 1208 5713 qui
1237 5643 1461 5699 irridere
1485 5644 1679 5712 solent,
1705 5662 1767 5701 ea
1792 5661 1913 5717 quae
1941 5645 2082 5703 dicta

505 5740 635 5785 sunt
655 5738 851 5800 carpet,
875 5746 1078 5804 nosque
1101 5733 1321 5792 omnino
1345 5733 1586 5791 traducet
1610 5735 1792 5793 dicens
1819 5755 1833 5792 :
1866 5737 2076 5803 011011³-

1277 303 1334 358 S.
1365 295 1637 356 JOANNJS
1673 288 2147 352 CHRYSOSTOMI
2184 287 2497 346 ARCIIIEP.
2537 282 3065 343 CONSTANTINOP.

3668 278 3775 336 11511

2203 419 2304 476 quo
2329 417 2435 457 non
2461 401 2696 458 cessabis
2724 412 2986 470 pauperes
3009 406 3064 454 et
3090 411 3287 469 egenos
3325 411 3535 468 semper
3563 397 3616 452 in
3647 413 3776 453 ora-

2199 500 2398 549 tionem
2453 494 2740 562 inducere,
2787 500 2843 548 et
2868 491 3200 547 calamitates
3243 490 3394 546 nobis
3447 490 3773 562 prmdiccre.

2199 597 2561 657 paupertatem
2590 585 2971 655 praenuntiare,
3005 583 3055 638 id
3081 598 3276 639 curans
3298 593 3355 639 ut
3381 597 3476 638 nos
3495 583 3772 640 mendicos

2199 677 2433 732 efﬁcias?
2461 677 2573 731 Non
2604 692 2797 731 curans
2826 685 2882 731 ut
2905 691 3002 732 vos
3031 675 3305 730 mendicos
3331 674 3558 730 efliciam
3579 717 3596 742 ,
3621 692 3653 730 o
3671 675 3775 729 ho-

2201 785 2310 837 mo,
2339 768 2453 824 haec
2473 769 2614 836 dico,
2637 769 2729 825 sed
2751 769 2901 824 vobis
2915 768 3030 824 caeli
3052 767 3265 822 divitias
3295 770 3504 838 aperire
3527 769 3770 824 studens.

2199 862 2332 918 Nam
2358 864 2448 933 qui
2474 864 2614 933 apud
2637 863 2771 918 bene
2799 863 3062 918 valentem
3089 869 3320 934 aegrotos
3345 873 3623 930 memorat,
3653 862 3776 918 illo-

2201 970 2424 1025 rumque
2452 954 2666 1010 dolores
2688 964 2899 1009 enarrat
2922 997 2937 1020 ,
2965 969 3071 1009 non
3099 965 3156 1009 ut
3186 954 3333 1008 illum
3359 964 3618 1024 aegrotum
3646 955 3774 1010 red-

2200 1047 2294 1102 dat
2318 1047 2420 1102 hoc
2447 1046 2608 1113 dicit,
2642 1046 2735 1101 sed
2767 1056 2824 1101 ut
2850 1046 2905 1102 in
2931 1047 3158 1100 sanitate
3182 1054 3481 1113 conservet,
3508 1055 3775 1101 eteorum

2200 1153 2318 1208 qua:
2339 1138 2459 1193 aliis
2476 1137 2784 1193 acciderunt
2801 1138 2990 1193 timore
3022 1136 3177 1206 huius
3196 1136 3452 1192 incuriam
3469 1138 3775 1193 exscindat.

2202 1228 2479 1286 Terribilis
2508 1229 2660 1286 vobis
2693 1239 2977 1300 paupertas
3019 1229 3228 1285 videtur
3255 1245 3394 1295 esse,
3437 1246 3500 1286 ac
3530 1231 3614 1286 vel
3659 1231 3778 1302 ipso

2203 1323 2418 1376 nomine
2441 1320 2726 1377 horrenda.
2750 1321 2874 1376 ideo
2897 1336 3126 1392 namque
3145 1334 3405 1391 patrpcres
3429 1337 3634 1388 sumus,
3651 1325 3778 1394 quia

2203 1423 2566 1484 paupertatem
2613 1413 2861 1467 timemus
2883 1454 2899 1479 ,
2927 1413 3134 1468 etiamsi
3179 1411 3326 1468 mille
3355 1413 3549 1469 talenta
3577 1415 3778 1469 habea-

2205 1520 2343 1560 mus.
2375 1505 2491 1561 Nou
2521 1505 2664 1561 enim
2706 1506 2750 1560 is
2779 1507 2867 1576 qui
2900 1505 3028 1560 nihil
3059 1506 3219 1562 habet
3244 1521 3445 1578 pauper
3470 1519 3573 1576 est,
3605 1509 3701 1564 sed
3734 1510 3778 1564 is

2203 1597 2292 1667 qui
2324 1606 2684 1669 paupertatem
2719 1596 3050 1652 exhorrescit
3081 1615 3095 1652 :
3121 1599 3367 1668 quoniam
3395 1609 3449 1653 et
3474 1599 3526 1654 in
3555 1600 3776 1655 calami-

2207 1688 2401 1744 tatibus
2445 1703 2550 1742 non
2581 1703 2676 1744 eos
2697 1728 2713 1754 ,
2741 1688 2830 1758 qui
2876 1689 3158 1743 innumera
3185 1689 3458 1760 patiuntur
3492 1692 3652 1758 mala,
3683 1693 3779 1747 de-

2207 1778 2474 1852 ploramus
2503 1791 2558 1837 et
2594 1781 2823 1837 miseros
2868 1781 3237 1838 existimamus
3257 1823 3274 1849 ,
3302 1782 3396 1838 sed
3426 1799 3521 1839 eos
3549 1785 3640 1854 qui
3688 1785 3780 1842 illa

2207 1873 2349 1930 ferre
2377 1874 2651 1940 nesciant,
2679 1874 2888 1930 etiamsi
2913 1874 3120 1930 modica
3149 1875 3274 1930 sint.
3313 1873 3510 1930 Contra
3539 1891 3666 1931 vero
3699 1877 3744 1932 is
3764 1919 3780 1944 ,

2207 1966 2299 2038 qui
2327 1967 2414 2022 illa
2445 1967 2550 2022 scit
2581 1966 2851 2036 patienter
2880 1965 3056 2032 ferre,
3102 1975 3159 2021 et
3200 1967 3415 2022 coronis
3443 1977 3498 2022 et
3536 1967 3782 2023 laudibus

2207 2057 2398 2130 dignus
2426 2067 2528 2114 est.
2557 2057 2625 2112 Et
2651 2058 2793 2129 quod
2823 2058 2923 2114 hoc
2953 2059 3023 2113 ita
3049 2073 3116 2116 se
3138 2059 3367 2126 habeat,
3400 2061 3459 2115 in
3472 2063 3782 2116 certamini-

2209 2151 2306 2206 bus
2329 2165 2585 2221 quosnam
2604 2149 2923 2205 laudamus?
2934 2164 3100 2206 eosne
3124 2151 3212 2221 qui
3242 2151 3464 2205 multum
3491 2152 3784 2208 verberan-

2209 2248 2328 2306 tur,
2379 2256 2477 2296 nec
2499 2240 2720 2306 dolent,
2753 2240 2849 2296 sed
2877 2251 3057 2296 erecto
3098 2241 3240 2298 collo
3280 2251 3551 2312 perstant;
3593 2260 3660 2297 an
3691 2260 3784 2300 cos

2207 2333 2296 2406 qui
2327 2343 2448 2403 post
2470 2334 2669 2404 primas
2717 2334 2896 2405 plagas
2924 2333 3168 2405 fugiunt?
3195 2351 3374 2391 annon
3423 2338 3541 2393 illos
3569 2341 3784 2408 quidem

2207 2439 2549 2492 coronamus,
2575 2432 2842 2496 tamquam
2866 2424 3032 2481 fortes
3051 2427 3334 2498 magnique
3354 2429 3514 2482 animi
3538 2469 3552 2495 ,
3573 2429 3674 2484 hos
3693 2445 3787 2485 au-

2209 2527 2316 2574 tem
2340 2518 2625 2575 irridemus
2646 2559 2661 2583 ,
2688 2529 2749 2574 ut
2779 2519 2998 2590 ignavos
3027 2528 3084 2575 et.
3109 2520 3362 2576 timidos?
3387 2521 3477 2577 Sic
3501 2537 3631 2593 ergo
3656 2526 3784 2579 etin

2207 2610 2366 2681 huius
2417 2612 2516 2666 vise
2571 2611 2729 2666 rebus
2771 2612 3029 2667 faciamus
3059 2628 3218 2668 :eum
3265 2614 3355 2684 qui
3404 2615 3556 2670 facile
3607 2617 3786 2672 omnia

2208 2703 2439 2758 sustinet
2467 2717 2786 2758 coronemus
2806 2743 2821 2768 ,
2848 2711 2907 2758 ut
2931 2712 2988 2758 et
3017 2703 3163 2758 illum
3187 2705 3374 2760 fortem
3398 2706 3448 2760 in
3475 2707 3619 2761 omni
3665 2723 3784 2763 cer-

2210 2795 2410 2850 tamine
2453 2796 2667 2864 virum;
2717 2795 2860 2853 hunc
2901 2812 3030 2853 vero
3081 2797 3324 2853 timidum
3375 2807 3430 2853 et
3477 2799 3545 2854 ad
3597 2815 3786 2870 aspera

2207 2896 2524 2944 trementem
2549 2888 2859 2956 defleamus,
2879 2890 2968 2960 qui
2988 2898 3270 2961 antequam
3299 2892 3510 2962 plagam
3538 2893 3785 2962 accipiat,

2207 2994 2318 3050 prae
2334 2978 2618 3036 formidine
2639 2981 3010 3051 exstinguitur.
3033 2982 3246 3038 Etenim
3266 2983 3318 3038 in
3339 2985 3724 3040 certaminibus
3741 2985 3789 3040 si

2207 3070 2327 3141 quis
2347 3080 2635 3140 antequam
2673 3087 2863 3128 manus
2897 3075 3154 3137 extollat,
3189 3074 3556 3130 adversarium
3594 3075 3786 3132 videns

2207 3161 2479 3218 dexteram
2497 3163 2893 3231 extendentem,
2917 3163 3382 3237 fugiatantequam
3405 3169 3612 3239 plagam
3644 3174 3788 3226 acci-

2216 3253 2358 3324 piat,
2381 3254 2635 3310 ridiculus
2671 3257 2808 3322 erit,
2849 3265 2908 3312 ut
2927 3267 3212 3313 enervatus
3249 3268 3304 3314 et
3360 3261 3535 3316 mollis
3554 3263 3681 3316 etin
3705 3263 3791 3319 his

2207 3345 2480 3401 laboribus
2527 3346 2830 3418 imperitus.
2887 3348 2956 3405 Ut
2999 3351 3159 3404 etiam
3205 3351 3398 3406 accidit
3438 3353 3502 3408 iis
3529 3355 3620 3424 qui
3653 3372 3786 3426 pau-

2205 3445 2462 3509 pertatem
2512 3440 2731 3508 timent,
2761 3449 2818 3496 et
2846 3456 2912 3496 ne
2942 3441 3058 3512 eius
3087 3443 3301 3513 quidem
3333 3447 3786 3514 exspectationem

2205 3531 2346 3586 ferre
2376 3544 2615 3600 possunt.
2650 3533 2765 3588 Non
2794 3549 2922 3605 ergo
2951 3549 3049 3590 nos
3079 3550 3175 3591 vos
3209 3537 3435 3592 miseros
3463 3538 3742 3596 reddimus
3762 3581 3778 3605 ,

2205 3619 2310 3676 sed
2326 3637 2422 3675 vos
2447 3623 2544 3691 ipsi
2575 3622 2627 3677 id
2657 3623 2850 3678 facitis.
2883 3624 3162 3692 Quomodo
3193 3626 3334 3681 enim
3363 3642 3471 3682 non
3506 3629 3601 3683 tibi
3628 3629 3783 3684 dein-

2205 3727 2333 3783 ceps
2364 3713 2550 3770 illudet
2578 3713 2869 3784 diabolus;
2887 3733 3045 3787 quem
3071 3729 3196 3774 ante
3223 3720 3429 3790 plagam
3457 3721 3632 3776 minas
3664 3733 3783 3778 tan-

2206 3813 2316 3861 tum
2361 3807 2802 3878 conspicientcm,
2854 3810 2997 3864 videt
3048 3811 3421 3868 formidantem
3475 3824 3636 3885 atque
3679 3825 3786 3871 tre-

2204 3900 2473 3954 mentem?
2500 3900 2610 3956 lmo
2639 3917 2767 3956 vero
2789 3917 2908 3956 cum
2935 3911 2990 3957 tu
3013 3902 3114 3958 hoc
3135 3914 3287 3974 putes
3311 3920 3431 3960 esse
3453 3887 3658 3971 minas,
3676 3923 3782 3964 non

2203 3991 2307 4046 erit
2335 3991 2409 4046 illi
2438 4006 2571 4062 opus
2599 4002 2656 4047 ut
2687 4003 2737 4048 te
2764 3994 3026 4063 percutiat
3054 4011 3070 4059 ;
3099 3995 3202 4050 sed
3218 3996 3399 4051 sitiens
3426 4006 3478 4050 te
3509 3998 3784 4066 possidere

2203 4080 2414 4137 divitias
2434 4123 2448 4148 ,
2480 4097 2551 4138 ex
2580 4083 2770 4138 timore
2809 4099 2876 4138 ne
2903 4085 3214 4140 auferantur
3237 4095 3287 4141 te
3326 4102 3448 4142 cera
3478 4087 3780 4145 molliorem

2205 4173 2415 4230 reddet.
2447 4175 2522 4229 Ea
2553 4175 2696 4231 enim
2737 4191 2921 4234 sumus
2950 4187 3158 4245 natura,
3193 4188 3250 4234 ut
3279 4179 3349 4234 ita
3377 4179 3548 4235 dicam
3570 4223 3585 4247 ,
3621 4192 3677 4236 ut
3719 4199 3781 4238 ca

2201 4281 2320 4337 qua:
2365 4267 2812 4337 pertimescimus,
2857 4277 3137 4341 postquam
3185 4287 3247 4327 ea
3283 4272 3519 4342 perpessi
3553 4287 3780 4343 sumus,

2203 4375 2310 4415 non
2341 4360 2413 4415 ita
2444 4361 2699 4416 terribilia
2719 4363 3112 4431 existimemus,
3142 4373 3198 4418 ut
3231 4375 3355 4421 ante
3383 4381 3536 4436 quam
3565 4369 3784 4437 experi-

2201 4461 2438 4508 mentum
2469 4452 2784 4509 faceremus.
2835 4451 2902 4510 Ut
2932 4469 3001 4511 ne
3025 4471 3154 4527 ergo
3181 4455 3319 4512 hanc
3359 4456 3610 4513 virtutem
3639 4459 3782 4515 obti-

2199 4557 2350 4609 neas,
2380 4543 2432 4597 in
2459 4558 2668 4599 summo
2699 4554 2749 4600 te
2776 4543 2980 4602 detinet
3005 4545 3214 4612 timore,
3233 4557 3393 4619 atque
3415 4557 3540 4605 anne
3566 4553 3779 4620 experi-

2200 4641 2439 4689 mentum
2457 4649 2522 4690 ex
2544 4636 2868 4705 paupertatis
2883 4645 3026 4693 metu
3052 4647 3102 4693 te
3117 4640 3267 4709 quasi
3291 4655 3469 4696 ceram
3488 4641 3778 4711 liquefacit.

2197 4724 2329 4782 Nam
2354 4726 2474 4783 talis
2498 4727 2658 4784 homo
2675 4743 2798 4785 cera
2816 4731 2999 4799 quavis
3020 4731 3232 4786 mollior
3246 4741 3344 4797 est,
3370 4742 3425 4789 et
3445 4735 3779 4789 miseriorem

2197 4834 2354 4890 quam
2371 4819 2568 4876 Cainus
2583 4821 2744 4876 vitam
2766 4820 2932 4887 ducit,
2959 4837 3053 4892 pro
3076 4823 3139 4878 iis
3162 4839 3280 4893 quae
3303 4825 3544 4893 possidet
3562 4825 3775 4889 timens,

2198 4921 2254 4967 et
2275 4897 2349 4968 de
2371 4912 2436 4969 iis
2455 4928 2574 4984 qua:
2600 4928 2707 4967 non
2739 4913 2898 4968 habet
2921 4913 3110 4969 dolens
3141 4931 3154 4968 :
3183 4924 3237 4969 et
3266 4930 3360 4984 pro
3387 4915 3453 4970 iis
3478 4932 3597 4985 qua:
3619 4915 3778 4970 habet

2197 5020 2415 5060 rursum
2455 5015 2723 5071 tremens,
2758 5013 2942 5075 utpote
2985 5005 3232 5076 fugitives
3261 5015 3316 5062 et
3355 5007 3589 5077 ingratas
3635 5007 3778 5062 intus

2197 5097 2440 5152 retinens
2469 5098 2684 5153 divitias
2707 5139 2722 5165 ,
2754 5107 2914 5169 atque
2956 5099 3117 5154 variis
3144 5099 3492 5170 absurdisqnc
3519 5101 3776 5156 obsessus

2197 5189 2494 5247 affectibus.
2531 5190 2742 5246 Etenim
2779 5191 3044 5262 cupiditas
3086 5179 3337 5259 absurda,
3373 5195 3533 5248 timor
3575 5194 3773 5258 varius,

2196 5298 2367 5354 angor
2409 5283 2610 5348 animi,
2650 5293 2703 5339 et
2744 5293 2948 5340 tremor
2972 5286 3206 5357 undique
3245 5303 3434 5343 avaros
3461 5287 3774 5358 exagitant:

2193 5374 2506 5445 similesque
2531 5383 2656 5429 sunt
2681 5375 2938 5431 navicula:
2965 5377 3196 5446 undique
3234 5393 3263 5432 a
3293 5379 3578 5432 contrariis
3603 5377 3775 5433 ventis

2195 5465 2429 5533 agitatae,
2463 5473 2518 5520 et
2557 5463 2750 5521 fluctus
2777 5467 2973 5524 multos
3002 5469 3305 5524 sustinenti.
3341 5468 3406 5524 Et
3434 5479 3633 5540 quanto
3657 5485 3776 5525 mc-

2195 5555 2298 5612 lius
2323 5566 2468 5613 esset
2507 5556 2811 5630 huiusmodi
2841 5559 3110 5616 hominem
3142 5561 3420 5630 decedere,
3469 5577 3630 5632 quam
3657 5577 3780 5632 per-

2193 5657 2406 5722 petuam
2438 5650 2576 5708 ferre
2598 5654 3007 5723 tempestatem?
3031 5653 3164 5709 Nam
3180 5665 3236 5710 et
3255 5654 3420 5712 Caino
3443 5654 3779 5712 tolerabilius

2206 5753 2318 5800 erat
2345 5744 2500 5814 mori,
2523 5758 2680 5815 quam
2703 5756 2957 5817 perpetuo
2975 5755 3220 5802 tremere.
