4094 6222
326 323 441 380 255

341 434 482 491 κατά
530 433 630 506 τὴν
684 433 890 506 ἀγοράν
948 433 1199 506 βαδίζειν,
1232 435 1323 488 καὶ
1359 436 1418 487 ἐν
1447 437 1560 498 τοῖς
1602 433 1895 496 στενωποῖς

330 523 667 592 προσαιτεῖν·
699 519 814 572 ἀλλ’
840 519 1019 590 ἔχουσί
1052 537 1105 573 τι
1143 520 1236 573 καὶ
1271 519 1552 582 εὐλαϐείας
1584 518 1645 572 οὐ
1682 516 1893 589 μικρόν.

330 600 479 676 Ὀρα
503 603 634 672 γοῦν
663 606 723 657 ἐν
750 604 848 675 ὅσῃ
877 605 1092 675 καμίνῳ
1131 605 1317 666 πενίας
1364 603 1490 657 εἰσί.
1522 604 1629 656 Kal
1658 601 1900 672 βλασφη-

331 689 553 762 μουσῶν
583 688 682 740 οὐκ
711 689 774 741 ἄν
808 705 933 740 ποτε
966 688 1144 740 αὐτῶν
1175 687 1434 758 ἀκούσῃς,
1465 687 1585 740 οὐδὲ
1609 685 1904 738 ἀποδυσπε-

327 773 562 836 τουσῶν,
606 772 750 842 άπερ
788 771 979 826 πολλαὶ
1030 772 1138 826 τῶν
1176 771 1543 825 πλουτουντων
1575 781 1600 810 α
1635 767 1900 822 ποιοῦσιν.

327 859 446 912 Kal
468 859 523 911 αἱ
558 857 654 927 μὲν
692 856 871 910 αὐτῶν
901 855 1162 908 πεινῶσαι
1203 855 1574 925 ἐκοιμήθησαν
1619 852 1900 918 πολλάκις,

328 945 389 1003 αἱ
412 944 472 996 δὲ
504 941 598 995 καὶ
625 939 887 1010 διηνεκῶς
919 940 1022 994 ὑπὸ
1049 939 1141 993 τοῦ
1176 938 1387 1010 κρυμοῦ
1419 937 1758 1008 πηγνύμεναι
1785 936 1902 989 δια-

328 1024 568 1089 τελοῦσι,
603 1023 696 1077 καὶ
741 1023 890 1094 ὅμως
937 1024 995 1075 ἐν
1022 1023 1336 1093 εὐχαριστίᾳ
1379 1022 1474 1075 καὶ
1505 1020 1782 1090 δοξολογίᾳ
1820 1020 1901 1072 δι-

331 1112 548 1179 άγουσι.
578 1107 696 1161 Κάν
724 1105 908 1159 ὀϐολὸν
938 1104 1062 1176 δῷς,
1091 1104 1473 1178 εὐχαριστοῦσι
1515 1108 1610 1158 καὶ
1641 1101 1901 1172 ἐπεύχον-

329 1212 424 1248 ται
451 1193 618 1266 μυρία
641 1192 720 1265 τῷ
751 1191 1024 1245 δεδωκότι·
1050 1190 1154 1245 κᾶν
1187 1189 1353 1261 μηδὲν
1377 1189 1502 1260 δῷς,
1532 1187 1592 1240 οὐ
1619 1185 1902 1258 δυσχεραί-

328 1296 537 1340 νουσιν,
560 1276 694 1330 ἀλλά
729 1278 824 1330 καὶ
849 1274 1019 1338 οὑτως
1052 1274 1332 1342 εὐλογοῦσι
1363 1272 1456 1326 καὶ
1494 1270 1770 1340 ἀγαπῶσι,
1803 1269 1904 1339 τῆς

329 1361 614 1433 ἐφημέρου
655 1359 862 1432 τροφῆς
895 1358 1284 1411 ἀπολαύουσαι.
1334 1355 1453 1408 Κάν
1492 1357 1599 1423 γὰρ
1643 1352 1793 1425 [275]
1829 1352 1902 1424 μὴ

331 1445 652 1518 βούλωνται,
679 1443 861 1513 φησὶν,
889 1442 1100 1512 ἀνάγκη
1131 1441 1316 1512 φέρειν
1344 1437 1650 1501 αὐτάς.Διά
1669 1437 1751 1501 τίς
1783 1437 1902 1490 εἰπέ

333 1544 464 1600 μοι·
505 1527 649 1590 τίνος
694 1525 879 1578 ἕνεκεν
925 1527 987 1578 τὸ
1031 1523 1226 1595 πικρὸν
1255 1521 1412 1576 τοῦτο
1438 1520 1682 1592 ἐφθέγξω
1717 1521 1900 1592 ρῆμα;

330 1615 434 1667 οὐκ
462 1612 570 1664 είσὶ
602 1609 788 1680 τέχναι
813 1609 1053 1679 αἰσχραὶ,
1090 1607 1185 1660 καὶ
1213 1609 1324 1668 τοῖς
1348 1605 1682 1677 γεγηρακόσι
1711 1602 1904 1673 κέρδος

330 1696 556 1766 ἔχουσαι
583 1695 677 1746 καὶ
695 1695 816 1754 ταῖς
845 1691 1274 1762 γεγηρακυίαις;
1300 1691 1400 1744 οὐκ
1437 1690 1718 1760 ἠδύναντο,
1745 1688 1902 1756 εἴπερ

333 1780 579 1852 βούλοιτο
616 1777 709 1831 τοῦ
745 1777 846 1848 ζῇν
885 1776 1143 1840 ἐπιεικῶς
1192 1774 1434 1845 ἀμελεῖν,
1475 1773 1726 1827 κάκεῖθεν
1765 1768 1903 1841 μετὰ

331 1863 537 1934 πολλῆς
564 1861 970 1933 ἀποτρέψεσθαι
999 1863 1096 1930 τῆς
1131 1858 1481 1930 περιουσίας;
1512 1858 1609 1926 οὐχ
1640 1857 1773 1925 δρᾷς
1800 1853 1900 1906 πό·

332 1966 418 2002 σοι
450 1947 558 2000 τῶν
582 1948 642 2000 ἐν
659 1945 830 2017 ταύτῃ
856 1947 922 2016 τῇ
947 1944 1130 2015 ήλικίᾳ
1154 1943 1454 2014 μαστροποὶ⁵
1474 1942 1568 1994 καὶ
1587 1937 1903 2011 προαγωγοὶ

329 2033 630 2102 γινόμενοι,
665 2030 758 2082 καὶ
804 2030 968 2099 ἕτερα
1024 2027 1245 2085 τοιαῦτα
1292 2028 1428 2081 άττα
1476 2023 1900 2102 διακονούμενοι,

330 2099 430 2169 καὶ
459 2099 757 2183 ’τρέφονται
796 2111 891 2163 καὶ
925 2109 1235 2181 τρυφῶσιν;
1282 2108 1420 2162 Ἀλλ’
1449 2109 1546 2179 οὐχ
1584 2099 1750 2170 οὗτοι,
1787 2106 1902 2161 ἀλλ’

329 2197 617 2270 αἱροῦνται
640 2195 783 2267 λιμῷ
807 2193 1210 2264 διαφθείρεσθαι
1241 2193 1461 2264 μᾶλλον,
1490 2193 1523 2263 ἢ
1547 2190 1903 2262 καταισχῦναι

327 2283 437 2354 τὴν
473 2281 676 2335 ἑαυτῶν
719 2279 864 2349 ζωήν
913 2279 1005 2330 καὶ
1033 2277 1319 2348 προδοῦναι
1347 2275 1444 2347 τὴν
1473 2276 1746 2348 σωτηρίαν
1765 2291 1779 2306 ·
1811 2276 1905 2330 καὶ

327 2367 604 2436 κάθηνται
631 2365 694 2418 δι’
729 2364 938 2434 ἡμέρας
967 2361 1094 2433 ὅλης
1129 2362 1416 2434 φάρμακόν
1449 2379 1530 2415 σοι
1563 2359 1905 2414 κατασκευά-

328 2449 520 2511 ζοντες
551 2445 842 2514 σωτηρίας.
870 2443 942 2496 Οὐ
970 2443 1077 2512 γὰρ
1107 2442 1276 2505 οὑτως
1307 2442 1508 2511 ἰατρὸς,
1544 2443 1697 2511 χεῖρα
1729 2438 1905 2492 ἐκτεί-

326 2548 438 2584 νων
465 2531 562 2583 καὶ
599 2529 838 2600 σιδήριον
860 2527 1102 2593 ἐπάγων,
1139 2526 1390 2596 ἐκτέμνει
1412 2525 1479 2578 τὰ
1503 2524 1777 2595 σεσηπότα
1797 2523 1905 2577 τῶν

325 2615 685 2685 τραυμάτων,
721 2614 796 2675 ὡς
828 2611 1012 2682 πένης,
1047 2610 1226 2674 δεξιὰν
1258 2609 1514 2663 ἐκτείνων
1549 2609 1641 2663 καὶ
1675 2607 1905 2679 ἐλεημο-

329 2698 500 2767 σύνην
553 2696 865 2765 λαμϐάνων,
921 2696 1196 2765 περιαιρεῖ
1245 2693 1354 2746 τῶν
1399 2693 1730 2763 τραυμάτων
1780 2692 1907 2755 τούς

331 2782 632 2853 μώλωπας.
659 2783 767 2833 Kal
787 2781 848 2833 τὸ
871 2780 936 2851 δὴ
965 2779 1296 2850 θαυμαστὸν,
1318 2779 1400 2832 ὅτι
1421 2781 1590 2849 χωρὶς
1617 2776 1908 2846 ἀλγηδόνος

327 2868 428 2921 καὶ
470 2867 662 2938 ὀδύνης
694 2865 791 2937 τὴν
834 2866 1004 2935 καλὴν
1044 2863 1244 2934 ταύτην
1277 2863 1597 2934 ἐργάζονται
1643 2861 1904 2933 ἰατρείαν.

327 2953 443 3006 Καὶ
471 2952 629 3022 ήμῶν
657 2949 763 3003 τῶν
805 2949 898 3003 τοῦ
930 2948 1060 3002 λαοῦ
1105 2948 1534 3020 προκαθημένων
1577 2946 1668 3001 κα).
1708 2962 1907 3016 παραι-

326 3035 568 3090 νούντων
593 3036 721 3105 ὑμῖν
746 3034 815 3087 τά
847 3033 1194 3104 συμφέροντα
1215 3031 1314 3084 οὐκ
1335 3030 1553 3083 ἔλαττον
1575 3029 1778 3093 ἐκεῖνος
1802 3028 1908 3081 δια⁶

327 3121 551 3188 λέγεται
583 3121 612 3172 0
643 3119 747 3187 πρὸ
773 3116 880 3170 τῶν
903 3115 1082 3187 θυρῶν
1127 3116 1224 3184 τῆς
1261 3113 1553 3185 ἐκκλησίας
1602 3113 1908 3184 καθήμενος

326 3203 425 3257 διά
454 3203 554 3274 τῆς
592 3201 750 3271 σιγῆς
772 3201 866 3254 καὶ
897 3200 995 3270 τῆς
1028 3199 1220 3268 ὅψεως.
1257 3199 1367 3251 Kal
1394 3197 1505 3269 γὰρ
1542 3199 1704 3268 ἡμεῖς
1733 3195 1907 3249 ταῦτα

329 3287 458 3340 καθ’
482 3289 720 3356 ἑκάστην
745 3285 872 3354 ὑμῖν
899 3282 1200 3353 ἐνηχοῦμεν
1228 3279 1326 3352 τὴν
1355 3281 1587 3352 ἡμέραν,
1619 3279 1865 3348 λέγοντες
1888 3295 1902 3309 ·

330 3371 426 3440 Μὴ
459 3371 602 3441 μέγα
627 3368 834 3440 φρόνει,
858 3361 902 3419 ὧ
931 3365 1203 3437 ἄνθρωπε,
1227 3364 1526 3436 ὀξύρροπον
1552 3365 1646 3417 καὶ
1672 3364 1730 3416 εὐ
1739 3363 1906 3433 μετά-

331 3471 544 3506 πτωτον
570 3453 677 3505 τῶν
698 3450 998 3520 ἀνθρώπων
1025 3450 1059 3519 ή
1082 3449 1263 3518 φύσις,
1293 3449 1326 3518 ή
1348 3447 1535 3517 νεότης
1570 3445 1703 3518 πρὸς
1731 3449 1908 3516 γῆρας

329 3537 639 3604 ἐπίγεται,
672 3533 732 3587 τδ
769 3533 964 3596 κάλλος
998 3533 1134 3604 πρὸς
1168 3531 1462 3602 ἀμορφίαν,
1503 3532 1536 3602 ή
1582 3530 1734 3600 ίσχύς
1772 3529 1907 3598 πρὸς

327 3620 639 3685 ἀσθένειαν,
667 3619 702 3688 ή
720 3616 854 3688 τιμὴ
885 3618 1020 3688 πρὸς
1049 3616 1472 3685 καταφρόνησιν,
1501 3615 1533 3685 ή
1562 3611 1741 3681 ὑγιεία
1770 3611 1906 3682 πρὸς

332 3703 644 3776 ἀρρωστίαν
703 3700 1118 3770 μεταπίπτει.ή
1169 3697 1296 3762 δόξα
1347 3697 1482 3770 πρὸς
1537 3696 1829 3760 εὐτέλειαν,
1878 3695 1908 3748 0

330 3789 565 3852 πλοῦτος
614 3787 752 3857 7:90;
800 3785 989 3837 πενίαν
1009 3800 1023 3813 ·
1059 3783 1290 3852 ῥεύματι
1322 3781 1531 3853 σφοδρῷ
1563 3781 1631 3836 τὰ
1663 3782 1907 3852 ήμέτερα

332 3873 512 3927 ἔοικεν
535 3868 768 3941 οὐδαμοῦ
796 3867 1046 3922 ἵστασθαι
1070 3865 1393 3938 βουλομένῳ,
1425 3864 1538 3920 ἀλλ’
1569 3863 1908 3935 ἐπειγομένῳ

329 3956 476 4026 πρὸς
502 3954 565 4006 τὸ
596 3954 878 4015 κάταντες.

410 4043 476 4093 ε’.
497 4038 580 4089 Τὰ
607 4037 740 4090 αὐτά
769 4035 864 4089 καὶ
890 4037 1107 4101 ἐκεῖνοι,
1125 4033 1218 4088 καὶ
1237 4033 1452 4086 πλείονα
1474 4032 1676 4087 τούτων
1700 4031 1786 4087 διὰ
1809 4034 1908 4102 τῆς

329 4119 521 4183 ὕψεως
548 4118 985 4188 συμϐουλεύουσι,
1009 4117 1101 4171 καὶ
1128 4117 1216 4170 διὰ
1239 4117 1338 4186 τῆς
1362 4116 1555 4187 πείρας
1579 4117 1765 4186 αὐτῆς,
1788 4117 1908 4187 ἥτις

332 4204 440 4259 καὶ
472 4203 772 4272 σαφεστέρα
804 4201 921 4256 ἐστὶ
951 4202 1292 4274 παραίνεσις.
1317 4201 1479 4254 Πόσοι
1508 4200 1639 4268 γοῦν
1677 4201 1786 4253 τῶν
1804 4200 1909 4267 ἔξω

332 4285 667 4355 καθημένων
694 4285 785 4338 νῦν
809 4286 1066 4356 ήκμασαν
1091 4288 1146 4338 ἐν
1176 4285 1409 4354 νεότητι,
1443 4285 1534 4338 καὶ
1562 4284 1769 4354 μεγάλα
1799 4284 1910 4354 είρ-

333 4371 611 4439 γάσαντο;
647 4370 798 4422 πόσοι
825 4368 933 4422 τῶν
963 4369 1216 4440 εἰδεχθῶν
1247 4367 1450 4420 τούτων
1484 4368 1578 4420 καί
1603 4367 1695 4420 ἐπὶ
1721 4368 1787 4438 τῇ
1814 4365 1907 4420 τοῦ

338 4452 590 4524 σώματος
627 4453 770 4524 ἰσχύι
795 4454 890 4510 καὶ
918 4457 984 4526 τῇ
1017 4454 1116 4524 τῆς
1149 4452 1323 4521 ὅψεως
1360 4450 1479 4522 ὥρᾳ
1509 4450 1734 4514 πολλοὺς
1768 4468 1911 4521 παρ-

335 4540 584 4610 ήλασανς
625 4537 788 4591 Ἀλλά
829 4538 904 4610 μὴ
949 4539 1248 4601 ἀπιστεῖτε,
1289 4535 1422 4606 μηδὲ
1461 4534 1779 4606 χλευάζετε·
1818 4535 1910 4588 καὶ

336 4623 450 4692 γὰρ
487 4623 694 4692 μυρίων
725 4622 882 4690 γέμει
912 4620 1168 4674 τοιούτων
1197 4619 1606 4689 ὑποδειγμάτων
1627 4620 1655 4671 0
1683 4617 1815 4688 βίος.
1845 4618 1910 4671 El

337 4707 451 4777 γάρ
481 4705 718 4775 βασιλεῖς
748 4706 806 4770 ἐξ
826 4705 1057 4758 εὐτελῶν
1083 4705 1175 4758 καὶ
1195 4703 1464 4756 ταπεινῶν
1497 4702 1681 4759 πολλοὶ
1711 4702 1910 4756 πολλά-

340 4806 430 4852 xv;
458 4789 724 4857 ἐγένοντο,
751 4789 802 4842 τί
840 4787 1171 4858 θαυμαστὸν,
1211 4786 1306 4840 καὶ
1337 4787 1400 4838 ἐκ
1431 4787 1678 4856 μεγάλων
1708 4787 1798 4840 καὶ
1829 4787 1912 4839 ἐν-

339 4870 508 4936 δόξων
537 4873 782 4924 ταπεινοὶ
810 4871 905 4924 καὶ
934 4871 1169 4934 εὐτελεῖς
1199 4869 1566 4941 κατέστησανς
1599 4869 1693 4922 καὶ
1717 4871 1824 4942 γὰρ
1853 4869 1913 4923 τδ

341 4953 524 5024 πολλῷ
557 4953 999 5026 παραδοξώτερον
1035 4954 1210 5006 ἐκεῖνό
1247 4955 1362 5006 ἐστι
1386 4969 1399 4982 ·
1428 4952 1584 5007 τοῦτο
1605 4952 1662 5006 δὲ
1692 4953 1800 5006 τῶν
1824 4947 1912 5007 ἀεί

345 5038 772 5110 συμϐαινόντων.
797 5040 961 5092 Ὥστε
984 5040 1044 5092 οὐ
1075 5039 1180 5112 χρὴ
1201 5038 1519 5101 διαπιστεῖν,
1546 5037 1598 5089 εἴ
1621 5053 1765 5100 τινες
1790 5036 1913 5090 τού-

341 5139 453 5176 των
483 5124 578 5177 καὶ
598 5125 656 5176 ἐν
676 5125 894 5195 τέχναις
925 5125 1018 5178 καὶ
1048 5127 1105 5178 ἐν
1135 5124 1442 5194 στρατείαις
1467 5121 1708 5193 ήνθησαν
1735 5123 1829 5176 καὶ
1854 5123 1912 5176 ἐν

343 5207 641 5278 χρημάτων
662 5208 1023 5279 περιουσίαις,
1053 5206 1188 5260 ἀλλά
1221 5205 1316 5259 καὶ
1347 5205 1518 5258 ἐλεεῖν
1551 5206 1746 5268 αὐτοὺς
1776 5205 1913 5273 μετά

343 5291 548 5361 πολλῆς
574 5291 673 5362 τῆς
701 5292 1064 5362 συμπαθείας,
1088 5289 1184 5344 καὶ
1203 5290 1342 5359 ὑπὲρ
1368 5287 1576 5343 ἑαυτῶν
1596 5288 1910 5352 δεδοικέναι,

345 5375 423 5445 μή
464 5391 594 5428 ποτε
624 5375 720 5429 καὶ
749 5376 904 5429 αὐτοὶ
939 5374 1011 5428 τά
1050 5373 1188 5427 αὐτὰ
1210 5372 1486 5442 πάθωμεν.
1521 5372 1631 5424 Kal
1678 5371 1787 5442 γὰρ
1821 5372 1916 5425 καὶ

341 5459 505 5528 ἡμεῖς
532 5458 831 5530 ἄνθρωποι,
860 5459 955 5514 καὶ
981 5459 1085 5513 ὑπὸ
1116 5459 1215 5531 τήν
1242 5458 1538 5531 ὀξύρροπον
1565 5458 1768 5528 ταύτην
1804 5455 1915 5511 κεί-

344 5541 487 5612 μεθα
518 5543 838 5614 μεταϐολήν.
877 5543 1016 5597 Ἀλλ’
1045 5545 1174 5607 ἴσως
1205 5542 1315 5596 τῶν
1334 5542 1664 5613 ἀγνωμόνων
1701 5559 1786 5606 τις
1818 5542 1914 5596 καὶ

403 5747 432 5773 ⁸
460 5744 746 5808 Legendum
771 5746 981 5808 videtur,
1008 5747 1102 5794 τῶν
1123 5742 1444 5805 πλουτονσῶν,
1491 5744 1582 5796 nisi
1627 5736 1910 5797 subintelll-

337 5811 485 5866 satur
503 5807 601 5856 τῶν
623 5807 950 5856 πλουτούντων
972 5808 1200 5869 γυναῖκες.

1199 301 1224 322 ’
1308 317 1373 375 IN
1410 317 1630 375 EPIST.
1666 316 1686 371 ι
1719 317 1812 371 AD
1849 315 2005 375 con.
2047 318 2276 375 HOMIL.
2316 323 2485 380 xxx.

3455 327 3561 384 256

2005 433 2277 493 σκώπτειν
2313 441 2580 496 είωθότων
2625 440 2718 495 καὶ
2758 439 3049 514 ἐπισκήψει
3079 441 3193 505 τοῖς
3231 440 3565 513 εἰρημένοις,

2008 520 2102 572 καὶ
2131 524 2455 596 κωμῳδήσει
2483 525 2700 590 πάντως
2729 527 2875 597 ἡμᾶς
2899 526 3090 594 λέγων·
3121 525 3297 595 Μέχρι
3333 525 3476 589 τίνος
3505 527 3567 580 οὐ

2006 602 2190 678 παύση
2217 607 2455 678 πένητας
2496 609 2585 662 ἀεὶ
2615 609 2708 662 καὶ
2735 611 2983 679 πτωχοὺς
3009 612 3066 662 ἐν
3099 610 3210 674 τοῖς
3247 609 3423 678 λόγοις
3453 612 3568 660 είσ-

2005 689 2172 755 άγων,
2209 691 2302 744 καὶ
2342 692 2626 764 συμφορὰς
2668 694 2797 762 ἡμῖν
2837 691 3216 763 προφητεύων,
3251 695 3345 745 καὶ
3378 692 3570 745 πενίαν

2005 775 2431 842 προαναφωνῶν,
2455 777 2548 830 καὶ
2584 777 2828 845 πτωχοὺς
2855 775 3074 844 ποιῆσαι
3111 775 3456 842 σπουδάζων;
3491 775 3567 828 Οὐ

2006 850 2155 925 [276]
2202 859 2450 927 πτωχοὺς
2488 859 2631 928 ὑμᾶς
2672 858 2986 923 σπουδάζων
3014 859 3258 928 ποιῆσαι,
3292 856 3566 927 ἄνθρωπε,

2003 935 2172 990 ταῦτα
2199 937 2362 1007 λέγω,
2396 941 2531 994 ἀλλά
2558 941 2651 994 τοῦ
2676 940 2904 1013 οὐρανοῦ
2937 941 3027 993 τὸν
3064 940 3292 994 πλοῦτον
3321 941 3449 1008 ὑμῖν
3474 940 3570 991 ἀν-

2003 1018 2141 1083 οῖξαι
2162 1021 2423 1077 σπεύδων.
2467 1025 2619 1078 Ἐπεὶ
2651 1025 2745 1078 καὶ
2774 1023 2910 1095 πρὸς
2938 1024 3029 1076 τὸν
3052 1023 3361 1092 ὑγιαίνοντα
3395 1023 3424 1074 0
3462 1022 3570 1074 τῶν

2003 1104 2428 1176 ἀρρωστούντων
2462 1108 2804 1180 μεμνημένος
2841 1108 2937 1161 καὶ
2973 1108 3069 1170 τάς
3104 1107 3326 1161 ἐκείνων
3353 1103 3570 1175 διηγού-

2007 1203 2166 1256 μενος
2187 1188 2398 1258 ὀδύνας,
2418 1191 2512 1261 οὐχ
2538 1192 2624 1245 ἵνα
2649 1193 2894 1245 ἐπίνοσον
2917 1193 3136 1262 ποιήσῃ,
3168 1189 3333 1257 λέγει,
3353 1188 3570 1242 ἀλλ’ἵνα

2005 1271 2098 1323 ἐπὶ
2141 1271 2242 1342 τῆς
2289 1273 2500 1343 ὑγιείας
2519 1275 2842 1348 διατηρήσῃ,
2891 1275 2968 1346 τῷ
3003 1275 3154 1346 φόϐῳ
3195 1274 3302 1327 τῶν
3345 1273 3573 1334 ἐκείνοις

2006 1353 2410 1424 συμϐαινόντων
2435 1359 2534 1429 τὴν
2567 1358 2751 1412 τούτου
2785 1359 3057 1431 ρᾳθυμίαν
3083 1359 3388 1412 ἐκκόπτων.
3411 1354 3574 1408 Φοϐε-

2008 1437 2098 1507 90v
2122 1438 2250 1508 ὑμῖν
2278 1441 2311 1511 ή
2348 1441 2507 1494 πενία
2537 1437 2674 1496 εἶναι
2709 1438 2874 1507 δοκεῖ,
2900 1443 2994 1496 καὶ
3034 1441 3260 1512 φρικτὸν
3287 1439 3382 1492 καὶ
3411 1439 3570 1510 μέχρι

2005 1523 2376 1592 προσηγορίας
2415 1525 2602 1596 αὐτῆς.
2646 1525 2745 1579 Διά
2779 1525 2889 1597 γάρ
2916 1524 3075 1579 τοῦτο
3117 1524 3344 1596 πένητές
3383 1524 3570 1592 ἐσμεν,

2004 1603 2086 1656 ὅτι
2139 1604 2328 1660 πενίαν
2355 1607 2692 1679 δεδοίκαμεν,
2729 1610 2832 1664 κάν
2865 1610 3034 1680 μύρια
3065 1609 3275 1684 ἔχωμεν
3314 1606 3571 1664 τάλαντα.

2005 1686 2080 1739 οὐ
2112 1687 2220 1760 γὰρ
2249 1689 2278 1741 0
2308 1690 2474 1761 μηδὲν
2499 1691 2656 1762 ἔχων,
2689 1693 2879 1763 πένης,
2901 1694 3013 1747 ἀλλ’
3043 1694 3072 1746 0
3099 1691 3289 1746 πενίαν
3312 1691 3569 1761 φρίττων·

2005 1771 2127 1826 ἐπεὶ
2159 1773 2254 1826 καὶ⁸
2290 1776 2348 1827 ἐν
2376 1777 2498 1838 ταῖς
2523 1780 2827 1848 συμφοραῖς
2865 1778 2926 1831 οὐ
2961 1778 3087 1840 τούς
3112 1778 3181 1832 τά
3219 1775 3428 1848 μεγάλα
3466 1774 3573 1828 πά-

2006 1872 2229 1926 σχοντας
2257 1857 2403 1911 κακά
2421 1858 2726 1929 δακρύομεν
2749 1861 2842 1914 καὶ⁸
2873 1861 3089 1924 ἀθλίους
3115 1858 3415 1930 ἡγούμεθα,
3438 1856 3574 1912 ἀλλὰ

2003 1940 2135 2002 τούς-
2167 1940 2267 1994 οὐκ
2295 1941 2503 2006 εἰδότας
2527 1943 2668 1996 αὐτά
2684 1943 2892 2014 φέρειν,
2919 1943 3022 1998 κᾶν
3059 1943 3233 2015 μικρά
3254 1943 3390 2013 τύχῃ
3421 1941 3570 1994 ὄντα·

2004 2022 2079 2087 ὡς
2108 2024 2136 2076 ὃ
2169 2042 2231 2093 γε
2269 2025 2454 2097 φέρειν
2485 2028 2639 2093 εἰδὼς
2671 2030 2767 2083 καὶ
2804 2029 3038 2083 ἐπαίνων
3078 2028 3224 2093 ἄξιος
3249 2028 3343 2080 καὶ
3371 2026 3574 2094 στεφά-

2003 2124 2130 2162 νων.
2167 2109 2276 2161 Kal
2312 2111 2392 2164 ὃτι
2430 2111 2589 2165 τοῦτο
2619 2111 2806 2166 τοῦτον
2838 2112 2951 2182 ἔχει
2992 2111 3085 2165 τὸν
3114 2110 3334 2182 τρόπον,
3368 2109 3426 2161 ἐν
3461 2110 3577 2172 τοῖς

2005 2190 2178 2258 ἀγῶσι
2209 2191 2360 2256 τίνας
2391 2194 2758 2266 ἐπαινοῦμενς
2812 2197 2939 2261 τούς
2986 2193 3157 2249 πολλά
3207 2191 3576 2263 τυπτομένους

2005 2274 2100 2327 καὶ
2139 2273 2214 2346 μὴ
2246 2275 2564 2344 ἀλγοῦντας,
2597 2278 2711 2332 ἀλλ’
2751 2278 2954 2350 ὑψηλὸν
2982 2277 3074 2332 τὸν
3096 2277 3297 2348 αὐχένα
3331 2275 3576 2348 ἔχοντας,

2004 2357 2038 2429 ἢ
2083 2358 2209 2421 τοὺς
2253 2360 2363 2412 ἀπὸ
2394 2361 2502 2413 τῶν
2533 2361 2762 2432 πρώτων
2820 2361 3118 2432 φεύγοντας
3168 2360 3422 2432 πληγῶνς
3454 2362 3577 2432 οὐχὶ

2005 2442 2246 2507 ἐκείνους
2271 2445 2368 2514 μὲν
2401 2447 2494 2500 καὶ
2517 2445 2907 2517 στεφανοῦμεν,
2937 2444 3012 2511 ὡς
3039 2445 3313 2518 ἀνδρείους
3345 2447 3438 2500 καὶ
3461 2465 3578 2515 γεν-

2005 2526 2208 2590 ναίους,
2243 2527 2466 2593 τούτους
2501 2530 2558 2583 δὲ
2592 2531 2685 2584 καὶ
2727 2531 2994 2600 γελῶμεν,
3036 2531 3111 2594 ὡς
3149 2529 3441 2603 ἀνάνδρους
3482 2530 3578 2584 καὶ

2004 2610 2238 2678 δειλούς;
2275 2612 2430 2666 Οὐτω
2460 2615 2635 2668 τοίνυν
2662 2615 2755 2668 καὶ
2794 2615 2887 2667 ἐπὶ
2913 2615 3024 2668 τῶν
3046 2613 3138 2668 τοῦ
3173 2613 3288 2685 βίου
3317 2614 3577 2686 πραγμά-

2004 2714 2112 2750 των
2138 2697 2398 2768 ποιῶμεν·
2436 2699 2527 2752 τὸν
2552 2699 2650 2770 μὲν
2679 2699 2916 2764 εὐκόλως
2943 2699 3156 2754 ἅπαντα
3191 2699 3426 2770 φέροντα
3455 2717 3579 2753 στε-

2007 2780 2366 2852 φανώσωμεν,
2401 2782 2650 2854 καθάπερ
2687 2785 2891 2838 ἐκεῖνον
2925 2783 3017 2838 τὸν
3047 2784 3291 2852 γενναῖον
3324 2801 3579 2855 παγκρα-

2004 2865 2248 2936 τιαστήν·
2266 2865 2454 2919 τοῦτον
2475 2865 2531 2918 δὲ
2555 2864 2914 2938 δακρύσωμεν
2935 2866 3025 2920 τὸν
3045 2867 3316 2921 δεδοικότα
3345 2867 3439 2922 καὶ
3459 2866 3582 2939 τρέ-

2009 2965 2179 3018 μοντα
2206 2947 2275 3001 τὰ
2306 2948 2472 3014 δεινά,
2508 2949 2604 3005 καὶ
2635 2950 2763 3019 πρὶν
2788 2949 2820 3021 ἢ
2849 2947 3102 3016 δέξασθαι
3128 2951 3343 3022 πληγήν
3383 2953 3582 3004 ἀποτε-

2005 3030 2240 3103 θνηκότα
2279 3031 2357 3102 τῷ
2392 3032 2520 3086 δέει.
2551 3033 2660 3086 Kal
2692 3033 2802 3104 γὰρ
2844 3034 2936 3087 ἐπὶ
2976 3033 3085 3088 τῶν
3117 3034 3342 3104 ἀγώνων
3381 3036 3436 3088 εί
3474 3053 3578 3103 τις,

2005 3116 2133 3186 7:9lv
2158 3114 2190 3186 ἢ
2218 3118 2406 3186 χεῖρας
2431 3118 2681 3188 ἀντᾶραι,
2707 3117 2800 3172 τδν
2819 3117 3108 3172 ἀντίπαλον
3133 3117 3256 3172 ίδὼν
3281 3119 3380 3191 τὴν
3401 3117 3580 3184 δεξιὰν

2004 3201 2245 3255 τείνοντα
2291 3201 2450 3272 μόνον
2481 3201 2772 3272 ἀποφύγοι,
2805 3201 2908 3257 κᾶν
2961 3203 3036 3274 μὴ
3086 3203 3302 3274 δέξηται
3341 3202 3577 3273 πληγὴν,

2005 3283 2409 3352 καταγέλαστος
2451 3285 2624 3349 ἔσται,
2659 3285 2736 3350 ὡς
2781 3286 2968 3350 ἀτονος
2996 3287 3023 3326 δ
3054 3286 3150 3340 καὶ
3202 3285 3441 3357 μαλακὸς
3483 3287 3580 3342 καὶ

2006 3366 2184 3420 πόνων
2215 3367 2436 3438 ἄπειρος
2460 3367 2714 3422 τοιούτων
2731 3385 2745 3400 ·
2765 3364 2874 3422 οἷον
2897 3371 2991 3423 καὶ
3009 3370 3100 3423 ἐπὶ
3117 3369 3322 3424 τούτων
3349 3369 3583 3441 συμϐαί-

2006 3467 2085 3504 νει
2124 3449 2233 3504 τῶν
2261 3451 2448 3504 πενίαν
2477 3451 2812 3516 δεδοικότων,
2853 3453 2947 3507 καὶ
2981 3453 3100 3506 οὐδέ
3130 3453 3226 3524 τὴν
3256 3453 3581 3523 προσδοκίαν

2006 3534 2174 3604 αὐτῆς
2201 3537 2441 3603 ἐνεγκεῖν
2479 3536 2811 3607 δυναμένων.
2852 3537 2965 3590 Οὐκ
2994 3537 3099 3608 ἀρα
3130 3539 3290 3607 ήμεῖς
3317 3537 3580 3609 ποιοῦμεν

2007 3617 2152 3686 ὑμᾶς
2179 3617 2416 3682 ἀθλίους,
2439 3618 2553 3672 ἀλλ’
2585 3619 2741 3689 ὑμεῖς
2767 3619 3011 3682 ἑαυτούς.
3039 3620 3162 3684 Πῶς
3181 3621 3290 3691 γὰρ
3319 3620 3380 3673 οὐ
3411 3638 3582 3675 καταο

2008 3701 2256 3768 παίξεταί
2290 3719 2384 3755 σου
2409 3702 2592 3756 λοιπὸν
2621 3704 2650 3756 0
2676 3703 2938 3767 διάϐολος,
2974 3705 3068 3758 καὶ
3100 3705 3206 3776 πρὸ
3239 3705 3338 3774 τῆς
3365 3704 3582 3776 πληγῆς

2006 3783 2104 3855 τὴν
2125 3785 2352 3856 ἀπειλήν
2371 3786 2510 3858 ὁρῶν
2531 3786 2801 3840 δεδοικότα
2829 3787 2921 3840 καὶ
2943 3787 3236 3858 τρέμοντας
3259 3788 3474 3842 Μᾶλλον
3497 3789 3579 3853 δὲ,

2007 3868 2135 3924 ὅταν
2163 3867 2392 3939 ἀπειλήν
2419 3869 2574 3922 τοῦτο
2609 3869 2855 3941 νομίζῃς,
2885 3872 2945 3923 οὐ
2973 3871 3219 3942 δεήσεται
3251 3871 3432 3925 λοιπὸν
3457 3872 3580 3926 οὐδέ

2009 3952 2229 4023 πλῆξαι,
2267 3952 2381 4006 ἀλλ’
2416 3953 2574 4022 ἀφεὶς
2600 3953 2744 4023 ἔχειν
2774 3954 2866 4007 τὸν
2899 3955 3144 4019 πλοῦτον,
3184 3959 3250 4026 τῇ
3283 3957 3581 4030 προσδοκίᾳ

2006 4035 2108 4107 τῆς
2129 4035 2469 4107 ἀφαιρέσεως
2495 4037 2663 4107 κηροῦ
2691 4036 2890 4100 παντὸς
2920 4037 3301 4109 μαλακώτερόν
3329 4057 3387 4092 σε
3414 4040 3581 4110 ἐργά-

2011 4136 2182 4173 σεται.
2209 4119 2320 4173 Kal
2345 4118 2452 4190 γὰρ
2474 4119 2817 4190 πεφύκαμεν,
2847 4119 2921 4185 ὡς
2950 4121 3143 4185 είπεῖν,
3174 4120 3319 4192 άπερ
3341 4121 3582 4176 δεδοίκα-

2012 4220 2132 4274 μεν,
2158 4203 2295 4274 μετά
2317 4205 2378 4256 τὸ
2401 4204 2592 4257 παθεῖν
2619 4204 2716 4274 οὐχ
2740 4203 2882 4257 οὕτω
2906 4204 3144 4276 νομίζειν
3180 4201 3316 4258 εἶναι
3350 4205 3576 4276 φοϐερὰ,

2009 4287 2198 4359 ῶσπερ
2234 4287 2542 4360 ἔμπροσθεν
2574 4288 2663 4342 καὶ
2687 4288 2793 4357 πρὸ
2821 4291 2919 4359 τῆς
2949 4288 3162 4359 πείρας.
3202 4290 3295 4343 ’Ίν’
3323 4287 3412 4344 οὖν
3447 4289 3581 4362 μηδὲ

2011 4370 2215 4440 ταύτην
2247 4372 2422 4445 κτήσῃ
2460 4371 2559 4441 τὴν
2590 4372 2812 4442 ἀρετὴν,
2849 4374 2906 4425 ἐν
2932 4372 3232 4442 ἀκμάζοντί
3273 4390 3331 4426 σε
3362 4376 3580 4446 κατέχει

2012 4455 2182 4525 φόϐῳ,
2215 4455 2320 4526 πρὸ
2366 4456 2468 4526 τῆς
2509 4455 2702 4526 πείρας
2751 4454 2828 4526 τῷ
2869 4455 3018 4527 φόϐῳ
3054 4457 3153 4527 τῆς
3181 4458 3369 4522 πενίας
3393 4459 3582 4530 ὥσπερ

2012 4537 2183 4608 κηρὸν
2215 4539 2346 4608 πυρὶ
2375 4541 2720 4609 κατατήκων.
2762 4539 2871 4592 Kal
2893 4541 2998 4610 γὰρ
3043 4538 3212 4610 κηροῦ
3245 4541 3444 4605 παντὸς
3479 4558 3584 4612 μα-

2011 4619 2314 4692 λακώτερος
2343 4621 2374 4673 0
2405 4620 2662 4684 τοιοῦτος.
2697 4623 2788 4676 καὶ
2821 4622 2982 4676 αὐτοῦ
3022 4622 3117 4676 τοῦ
3146 4624 3285 4677 Κάῖν
3325 4624 3584 4678 ἀθλιώτε-

2015 4722 2106 4777 ρον
2135 4705 2247 4776 βίον
2269 4703 2395 4770 ζῶν,
2427 4706 2566 4777 ὑπὲρ
2599 4705 2696 4774 μέν
2732 4699 2806 4760 ὧν
2831 4705 3141 4759 πλεονεκτεῖ
3157 4706 3425 4773 δεδοικὼς,
3445 4709 3585 4781 ὑπὲρ

2012 4789 2068 4847 δέ
2094 4782 2169 4842 ὧν
2197 4789 2295 4844 οὐκ
2319 4789 2429 4860 ἔχει
2463 4789 2663 4857 ἀλγῶν·
2690 4790 2782 4842 καὶ
2813 4789 2953 4859 ὑπὲρ
2979 4784 3053 4843 ὧν
3086 4789 3196 4859 ἔχει
3233 4792 3450 4860 τρέμων
3487 4793 3588 4847 πά-

2012 4873 2115 4940 λιν,
2140 4873 2235 4928 ἀτε
2259 4873 2534 4944 δραπέτην
2561 4873 2850 4942 ἀγνώμονα
2875 4874 3119 4942 κατέχων
3142 4874 3286 4927 ἔνδον
3313 4875 3402 4928 τὸν
3424 4877 3586 4931 πλοῦ-

2010 4973 2124 5018 τον,
2167 4957 2259 5010 καὶ
2301 4957 2562 5019 ποικίλοις
2595 4955 2707 5008 τισὶ
2745 4957 2839 5009 καὶ
2876 4956 3094 5020 ἀτόποις
3133 4957 3585 5030 πολιορκούμενος

2014 5039 2231 5094 πάθεσι.
2273 5039 2381 5092 Kal
2424 5038 2530 5108 γὰρ
2575 5037 2838 5107 ἐπιθυμία
2870 5040 3068 5103 ἄτοπος
3094 5041 3188 5094 καὶ
3222 5042 3385 5110 φόϐος
3417 5043 3584 5098 πολυ-

2013 5123 2157 5193 ειδὴς
2217 5123 2310 5175 xal
2348 5120 2556 5189 ἀγωνία
2605 5119 2697 5173 καὶ
2747 5121 2949 5192 τρόμος
3003 5125 3334 5194 πανταχόθεν
3388 5128 3586 5190 αὐτοὺς

2013 5205 2332 5278 χειμάζουσι
2357 5221 2371 5234 ·
2425 5203 2518 5256 καὶ
2550 5205 2759 5261 ἐοίκασι
2806 5205 2975 5276 πλοίῳ
3025 5207 3284 5261 πάντοθεν
3324 5209 3588 5272 ἐναντίοις

2015 5292 2235 5361 ἀνέμοις
2287 5288 2647 5359 ἐλαυνομένῳ,
2689 5288 2838 5362 [277]
2881 5291 2974 5344 καὶ
3025 5292 3225 5355 πολλὰς
3267 5293 3587 5363 ὑπομένοντι

2009 5375 2111 5436 τάς
2155 5373 2471 5446 τρικυμίας.
2504 5374 2615 5426 Kal
2657 5375 2808 5445 πόσῳ
2853 5374 3058 5443 βέλτιον
3094 5375 3187 5428 τὸν
3216 5375 3454 5429 τοιοῦτον
3483 5377 3590 5430 ἀπ-

2014 5457 2210 5524 ελθεῖν,
2261 5457 2296 5529 ἢ
2346 5457 2567 5528 διηνεκῆ
2624 5458 2809 5527 φέρειν
2857 5458 3132 5527 χειμῶνα;
3173 5459 3295 5512 ἐπεὶ
3349 5459 3441 5512 καὶ
3495 5459 3588 5514 τὸν

2014 5542 2156 5597 Κάῖν
2198 5539 2549 5611 ἀνεκτότερον
2581 5534 2649 5610 ἦν
2676 5538 2988 5605 ἀποθανεῖν,
3038 5541 3072 5611 ἢ
3125 5541 3414 5608 διαπαντὸς
3455 5543 3588 5616 τρέ-

2019 5642 2162 5697 μειν.

2082 5806 2110 5848 δ
2131 5806 2250 5866 Alii,
2274 5807 2336 5862 ὡς
2369 5805 2590 5863 ἄτολμος,
2616 5816 2712 5853 non
2740 5803 2884 5854 male.
