4094 6222
577 277 688 334 257

651 396 745 449 Ἵν’
765 389 857 449 οὖν
885 394 959 465 μὴ
985 395 1076 448 καὶ
1099 395 1258 464 ἡμεῖς
1287 392 1460 445 ταῦτα
1493 393 1810 462 πάσχωμεν,
1851 391 2151 460 καταγελά-

581 497 761 548 σωμεν
793 478 894 548 τῆς
916 478 1008 532 τοῦ
1050 476 1296 529 διαϐόλου
1335 476 1606 546 μηχανῆς,
1644 475 2020 548 διαρρήξωμεν
2052 477 2151 528 αύ-

579 563 672 615 τοῦ
705 563 773 614 τά
800 562 1026 630 σχοινία,
1050 559 1393 628 διακόψωμεν
1418 558 1511 611 τοῦ
1546 560 1782 629 χαλεποῦ
1805 559 2028 631 δόρατος
2053 559 2152 630 τὴν

577 646 802 716 αἰχμὴν,
837 644 930 695 καὶ
977 644 1155 694 πᾶσαν
1197 641 1380 708 ἔφοδον
1413 643 1864 713 ἀποτειχίσωμεν.
1907 644 2002 694 Ἂν
2044 642 2152 710 γὰρ

579 726 876 798 χρημάτων
917 724 1317 794 καταγελάσῃς,
1365 724 1464 775 ούκ
1493 724 1605 794 ἔχει
1640 723 1742 775 ποῦ
1794 723 2014 795 πλῆξαι,
2052 725 2152 776 ούκ

578 813 688 881 ἔχει
714 809 876 862 πόθεν
901 808 1241 876 ἐπιλάϐηταιο
1271 809 1370 878 τὴν
1397 807 1503 878 γάρ
1527 808 1680 877 ῥίζαν
1707 809 2020 870 ἀνέσπασας
2045 807 2155 860 τῶν

578 892 779 946 κακῶν·
818 891 972 962 ῥίζης
1017 893 1071 944 δὲ
1112 892 1209 944 οὐκ
1239 890 1424 962 οῦσης,
1464 890 1582 943 οὐδὲ
1621 890 1830 960 καρπὸς
1865 890 2155 960 βλαστήσει

575 976 829 1047 πονηρός.
868 976 1054 1029 Ταῦτα
1092 975 1338 1044 λέγωμεν
1373 975 1470 1040 μὲν
1502 975 1610 1039 ἀεὶ,
1663 975 1757 1027 καὶ
1795 975 2043 1042 λέγοντες
2093 974 2151 1027 ού

574 1061 909 1129 παυώμεθα’
944 1061 993 1111 εί
1030 1059 1087 1111 δέ
1121 1076 1171 1111 τι
1206 1059 1453 1125 λέγοντες
1487 1058 1743 1127 ἀνύομεν,
1773 1059 1804 1128 ἡ
1836 1058 2016 1128 ἡμέρα
2045 1057 2154 1109 δεί-

575 1144 655 1208 ξει
695 1143 876 1212 ἐκείνη
917 1144 948 1212 ἠ
978 1144 1034 1194 ἐν
1063 1141 1195 1210 πυρὶ
1224 1140 1740 1209 ἀποκαλυπτομένη,
1772 1143 1805 1211 ἡ
1841 1141 1899 1194 τὸ
1923 1141 2152 1193 ἑκάστου

574 1225 732 1294 ἔργον
759 1223 1146 1293 δοκιμάζουσα,
1182 1225 1216 1292 ἡ
1251 1223 1349 1284 τάς
1381 1223 1668 1292 λαμπάδας
1695 1223 2017 1276 δεικνύουσα
2047 1222 2146 1285 τὰς

573 1306 831 1376 λαμπράς
877 1306 969 1358 καὶ
999 1306 1095 1369 τὰς
1127 1306 1185 1357 ού
1217 1305 1490 1366 τοιαύτας.
1537 1305 1668 1356 Τότε
1698 1304 1793 1357 xal
1842 1306 1871 1357 ό
1913 1305 2052 1375 ἔχων
2086 1304 2146 1358 τὸ

573 1389 770 1454 ἔλαιον,
795 1390 887 1441 καὶ
915 1391 944 1441 ό
968 1391 1040 1459 μὴ
1060 1389 1217 1458 ἔχων,
1244 1388 1397 1458 δῆλος
1424 1388 1596 1441 ἔσται.
1639 1387 1796 1440 Ἀλλά
1831 1388 2035 1459 μηδένα
2055 1389 2147 1456 γέ-

575 1489 716 1525 νοιτο
741 1472 860 1525 τότε
887 1471 1175 1542 εὑρεθῆναι
1197 1472 1397 1542 ταύτης
1413 1469 1616 1542 ἔρημον
1646 1469 1745 1540 τῆς
1770 1471 2149 1543 παραμυθίας,

1266 279 1323 332 S.
1363 275 1646 332 JOANNIS
1681 270 2172 330 CHRYSOSTOMI
2207 271 2528 330 ARCHIEP.
2573 271 3120 331 CONSTANTINOP.

3705 276 3816 332 258

2252 391 2387 446 ἀλλά
2438 393 2638 456 πάντας
2682 392 2874 462 δαψιλῆ
2907 391 3003 462 τὴν
3040 389 3443 460 φιλανθρωπίαν
3486 392 3817 463 ἐπιφερομέ-

2250 491 2394 537 νους,
2435 477 2527 528 καὶ
2560 474 2789 546 φαιδράς
2820 475 3042 544 ἔχοντας
3071 475 3170 536 τὰς
3188 474 3494 543 λαμπάδας.
3543 475 3818 528 συνεισελ-

2251 555 2362 608 θεῖν
2387 557 2466 626 τῷ
2493 560 2710 627 νυμφίῳ
2729 577 2741 588 ·
2784 557 2859 620 ὡς
2888 557 3039 610 οὐδὲν
3067 557 3165 628 τῆς
3195 561 3376 628 φωνῆς
3402 557 3615 627 ἐκείνης
3657 561 3824 627 φοϐε-

2253 638 2487 709 ρώτερον
2517 641 2611 693 καὶ
2648 639 3049 710 ὀδυνηρότερον,
3084 641 3149 710 ἢν
3171 641 3220 692 οἱ
3257 641 3423 713 χωρὶς
3453 641 3821 711 ἐλεημοσύνης

2251 720 2506 788 δαψιλοῦς
2535 723 2786 784 ἀπιόντες
2828 721 2951 775 τότε
2984 722 3303 775 ἀκούσονται
3341 722 3431 774 τοῦ
3461 723 3694 796 νυμφίου
3727 724 3816 776 λέ-

2254 819 2461 871 γοντος,
2517 807 2639 859 Οὐκ
2691 801 2821 858 οἴδα
2875 805 3050 873 ὑμᾶς.
3121 806 3278 858 nam
3344 807 3552 876 μήποτε
3588 795 3820 878 Ἶταύτης

2214 885 2587 956 ’ἀκούσαιμεν
2633 887 2732 955 τῆς
2783 887 2986 956 φωνῆς,
3037 887 3172 940 ἀλλά
3215 888 3312 956 τῆς
3345 889 3563 959 ἡδίστης
3604 890 3830 960 ἐκείνης,

2254 973 2348 1022 καὶ
2379 969 2781 1038 ποθεινοτάτης,
2829 971 3022 1035 Δεῦτε,
3055 975 3105 1025 01
3135 971 3521 1040 εὐλογημένοι
3564 972 3669 1024 τοῦ
3696 975 3818 1024 Πα-

2253 1055 2394 1120 τρός
2440 1071 2584 1121 pm),
2647 1054 3137 1123 κληρονομήσατε
3197 1053 3312 1122 τὴν
3371 1056 3821 1124 ἡτοιμασμένην

2251 1136 2393 1204 ὑμῖν
2428 1137 2756 1201 βασιλειαν
2806 1137 2922 1190 ἀπὸ
2986 1137 3323 1206 καταϐολῆς
3372 1140 3623 1208 κόσμου.
3661 1139 3819 1193 Οὕτω

2248 1219 2355 1289 γάρ
2419 1219 2512 1272 καὶ
2570 1220 2660 1272 τὸν
2712 1221 2980 1291 μακάριον
3029 1221 3303 1292 ζησόημεθα
3363 1221 3498 1292 βίον,
3552 1223 3644 1274 καὶ
3709 1223 3818 1276 τῶν

2247 1301 2466 1370 ἀγαθῶν
2513 1301 2933 1372 ἀπολαυσόμεθα
2983 1301 3199 1356 πάντων
3226 1303 3332 1356 τῶν
3361 1305 3454 1357 καὶ
3487 1305 3609 1357 νοῦν
3645 1307 3817 1376 ὑπερ-

2249 1385 2537 1438 ϐαινόντων
2589 1384 2948 1455 ἀνθρώπινον·
3010 1379 3084 1437 ὧν
3137 1387 3344 1453 γένοιτο
3400 1387 3607 1450 πάντας
3668 1391 3816 1460 ἡμᾶς

2250 1469 2543 1538 ἐπιτυχεῖν,
2574 1468 2756 1538 χάριτι
2782 1469 2876 1520 καὶ
2909 1468 3304 1540 φιλανθρωπίᾳ,
3333 1471 3426 1524 καὶ
3455 1471 3522 1524 τά
3556 1471 3702 1542 ἑξῆς.

2009 1797 2248 1850 OMIAIA
2286 1793 2411 1850 AA'.

571 1929 654 1982 Οὐ
669 1927 914 1982 δύναται
937 1926 1006 1999 δὲ
1030 1930 1063 1980 ό
1085 1928 1391 1999 ὀφθαλμὸς
1415 1929 1604 1983 εἰπεῖν
1629 1929 1703 1998 τῇ
1729 1929 1900 1998 χειρί,
1923 1932 2141 1999 Χρείαν

635 2000 907 2070 σου-οὑκ,
941 1998 1086 2070 ἔχω·
1129 1997 1184 2070 γῆ
1224 1999 1411 2070 πάλιν
1463 2002 1501 2068 ἠ
1533 1997 1766 2070 κεφαλῆ
1807 1997 1928 2068 τοῖς
1967 1997 2141 2066 ποσί,

635 2068 852 2136 Χρείαν
882 2067 1049 2136 ὑμῶν
1077 2069 1189 2121 οὐκ
1219 2068 1360 2139 ἔχω.

634 2212 670 2248 α
691 2235 704 2248 .
724 2194 1094 2258 Καταστείλας
1117 2193 1224 2248 τῶν
1253 2195 1548 2249 ἐλαττόνων
1568 2196 1658 2250 τὸν
1683 2197 1896 2266 φθόνον,
1927 2197 2020 2250 καὶ
2044 2194 2147 2267 τὴν

563 2278 801 2349 ἀθυμίαν
824 2278 1000 2330 αὐτῶν
1037 2277 1254 2343 ἐξελὼν,
1281 2279 1348 2348 ἢν
1376 2279 1520 2342 εἰκὸς
1549 2279 1692 2350 ἔχειν
1715 2280 1910 2342 αύτοῦς
1944 2282 2008 2333 ἐκ
2045 2278 2139 2332 τοῦ

567 2362 828 2432 μειζόνων
855 2360 1074 2431 ἑτέρους
1100 2360 1472 2432 κατηξιῶσθαι
1492 2363 1870 2434 χαρισμάτων,
1895 2364 2144 2416 ταπεινοῖ

564 2445 659 2498 καὶ
693 2444 894 2498 τούτων
916 2444 1006 2498 τὸν
1026 2443 1194 2513 τῦφον
1221 2443 1329 2496 τῶν
1359 2445 1428 2497 τά
1463 2445 1684 2514 μείζονα
1711 2445 2012 2516 εἰληφότων
2036 2463 2138 2516 χα-

565 2530 807 2600 ρίσματα
827 2543 842 2559 ο
875 2529 1111 2598 ποιήσας
1143 2527 1242 2597 μὲν
1267 2527 1399 2581 αὐτὸ
1421 2528 1513 2580 καὶ
1539 2529 1596 2581 ἐν
1626 2523 1707 2592 οἷς
1737 2529 1873 2599 πρὸς
1899 2528 2143 2592 ἐκείνους

561 2610 831 2678 διελέγετο
866 2610 958 2680 (τὸ
991 2609 1099 2679 γάρ
1135 2608 1334 2678 λέγειν,
1379 2610 1462 2663 ὃτι
1495 2611 1743 2683 χάρισμά
1774 2612 1910 2672 ἐστι,
1940 2611 2034 2664 xal
2075 2612 2136 2664 οὐ

561 2695 915 2765 κατόρθωμα,
944 2695 1102 2747 τοῦτο
1131 2694 1484 2765 ἐμφαίνοντος
1509 2693 1632 2767 ἦν)⁶
1657 2697 1775 2750 νυνὶ
1802 2695 1859 2747 δὲ
1887 2695 2017 2748 αὐτὸ
2041 2694 2138 2748 xal

563 2779 922 2848 σφοδρότερον
951 2778 1112 2832 πάλιν
1144 2780 1306 2844 ποιεῖ,
1341 2781 1434 2832 ἐπὶ
1459 2779 1559 2850 τῆς
1588 2779 1758 2850 αὐτῆς
1792 2780 1966 2850 μένων
1991 2779 2135 2832 είκό-

560 2879 670 2939 νος.
716 2860 848 2913 Ἀπὸ
875 2862 982 2932 γάρ
1023 2861 1117 2912 τοῦ
1175 2859 1428 2932 σώματος
1465 2861 1651 2915 λοιπὸν
1683 2863 1898 2932 καὶτῆς
1926 2862 2135 2916 ἐκεῖθεν

561 2945 814 3014 ἐνότητος
839 2945 926 2995 ἐπ’
956 2943 1126 3015 αὐτὴν
1153 2944 1263 2996 τῶν
1294 2944 1471 3014 μελῶν
1494 2947 1664 3015 χωρεῖ
1689 2945 1786 3015 τὴν
1812 2945 2098 3013 σύγκρισιν
2117 2961 2131 2975 ο

487 3017 492 3024 ’
557 3029 588 3082 ὃ
621 3030 851 3099 μάλιστα
879 3027 1102 3100 ἐζήτουν
1131 3029 1326 3081 ἐκεῖνοι
1351 3027 1573 3098 μαθεῖν·
1616 3027 1803 3098 ἐπειδὴ
1839 3028 1935 3098 οὐχ
1963 3027 2134 3090 οὕτως

561 3112 747 3166 ἱκανὸν
767 3107 834 3183 ἦν
853 3114 1048 3174 αὐτοὺς
1071 3109 1573 3181 παραμυθήσασθαι
1592 3111 1652 3163 τὸ
1670 3112 1877 3174 πάντας
1894 3111 1950 3163 ἓν
1975 3111 2130 3180 σῶμα

557 3193 716 3262 εἶναι,
744 3197 818 3260 ὼς
838 3195 900 3247 τὸ
931 3193 1120 3265 μαθεῖν
1144 3194 1225 3245 ὃτι
1251 3193 1346 3245 καὶ
1367 3194 1424 3244 ἐν
1451 3194 1654 3257 αύτοῖς,
1685 3189 1766 3256 οἷς
1793 3189 1953 3263 εἶχον,
1981 3194 2130 3248 οὐδὲν

560 3281 704 3350 μέγα
753 3276 1099 3348 ἠλαττοῦντο.
1149 3275 1256 3327 Καί
1311 3292 1508 3344 φησιν·
1556 3279 1639 3330 Οὐ
1698 3277 1948 3330 δύναται
1982 3276 2050 3329 δὲ
2097 3279 2131 3330 ὀ

557 3361 864 3431 ὀφθαλμὸς
896 3358 1087 3412 εἰπεῖν
1114 3356 1187 3426 τῇ
1222 3357 1392 3426 χειρὶ,
1428 3358 1644 3426 Χρείαν
1693 3373 1807 3413 σου
1838 3361 1948 3413 οὐκ
1979 3360 2128 3426 ἔχω’

555 3445 594 3513 ἢ
625 3443 810 3497 πάλιν
839 3445 877 3511 η
912 3441 1061 3515 [278]
1097 3441 1330 3510 κεφαλὴ
1360 3440 1485 3507 τοῖς
1513 3442 1680 3505 ποσὶ,
1713 3443 1928 3509 Χρείαν
1964 3444 2130 3511 ὑμῶν

557 3531 670 3582 οὐκ
695 3529 830 3596 ἔχω.
853 3529 914 3579 Εἰ
941 3527 1050 3597 γάρ
1072 3527 1163 3579 καὶ
1187 3525 1403 3578 ἔλαττον
1435 3525 1496 3577 τὸ
1526 3525 1924 3595 χάρισμα,ιάλλ’
1955 3528 2126 3594 ἀναγ-

553 3614 738 3664 καῖονσ
773 3611 867 3663 καὶ
923 3610 1110 3680 ῶσπερ
1154 3610 1254 3662 οὐκ
1301 3608 1451 3671 ὄντος
1498 3608 1706 3660 ἐκείνου
1753 3609 1925 3661 πολλά
1956 3611 2128 3678 ἐμπο-

552 3694 778 3756 δίζεται,
811 3691 952 3744 οῦτω
983 3692 1075 3743 καὶ
1102 3691 1293 3744 τούτου
1322 3693 1488 3761 χωρὶς
1515 3690 1741 3761 χωλεύει
1767 3691 1827 3744 τὸ
1855 3691 2126 3762 πλήρωμα

551 3778 650 3846 τῆς
694 3773 1036 3844 Ἐκκλησίας.
1075 3775 1185 3826 Kal
1212 3775 1311 3827 ούκ
1339 3769 1512 3837 εἶπεν,
1543 3775 1656 3827 Ούκ
1701 3776 1836 3842 ἐρεῖ,
1875 3774 1990 3828 ἀλλ’
2019 3776 2123 3840 ὅτι,

547 3861 631 3913 οὺ
662 3859 911 3912 δύναται
943 3855 1152 3911 εἰπεῖν.
1189 3857 1352 3909 Ὥστε
1381 3858 1484 3910 κᾶν
1515 3857 1662 3931 θέλῃ,
1702 3859 1802 3912 κᾶν
1831 3859 1984 3929 λέγῃ,
2027 3859 2126 3912 οὐκ

551 3943 846 4013 ἐνδέχεται,
875 3941 993 3994 ούδέ
1021 3941 1132 4011 ἔχει
1158 3941 1220 3994 τὸ
1243 3942 1478 4012 πρᾶγμα
1509 3941 1605 4012 τὴν
1635 3941 1816 4010 φύσιν.
1843 3942 1941 3994 Διά
1968 3942 2126 3996 τοῦτο

550 4025 731 4079 λαϐὼν
781 4025 1018 4096 ἑκάτερα
1064 4023 1136 4077 τά
1181 4025 1349 4094 ἄκρα,
1391 4026 1449 4078 ἐν
1497 4025 1678 4087 αὐτοῖς
1716 4025 1982 4095 γυμνάζει
2030 4025 2121 4080 τὸν

491 4129 500 4136 ’
549 4109 728 4177 λόγον,
769 4109 984 4179 πρῶτον
1017 4108 1114 4178 μὲν
1165 4110 1258 4160 ἐπί
1307 4109 1487 4179 χειρὸς
1538 4109 1632 4161 καὶ
1669 4108 1969 4178 ὀφθαλμοῦ,
2003 4109 2122 4162 δεύ-

547 4209 706 4263 τερον
757 4193 812 4245 δὲ
849 4193 940 4244 ἐπὶ
970 4190 1211 4260 κεφαλῆς
1251 4193 1345 4244 καὶ
1398 4191 1596 4256 ποδῶν,
1627 4191 1805 4255 αὔξων
1834 4193 1896 4244 τὸ
1940 4192 2122 4262 παρά-

544 4274 764 4344 δειγμα.
803 4275 845 4325 Τ
852 4273 868 4325 ί
918 4273 1028 4345 γάρ
1074 4273 1234 4334 ποδὸς
1271 4273 1667 4344 εὐτελέστερον,
1704 4274 1736 4344 ἢ
1789 4275 1842 4327 τί
1877 4275 2120 4346 κεφαλῆς

545 4357 874 4428 τιμιώτερον
921 4358 1016 4410 καὶ
1051 4356 1506 4428 ἀναγκαιότερον;
1553 4357 1709 4410 τοῦτο
1745 4357 1854 4428 γάρ
1887 4359 2118 4428 μάλιστά

545 4443 696 4494 ἐστιν
728 4441 1096 4512 άνθρωπος,ἡ
1146 4438 1375 4510 κεφαλή.
1444 4440 1583 4492 Ἀλλ’
1635 4442 1783 4511 ὅμως
1829 4444 1928 4496 ούκ
1970 4443 2116 4495 ἔστιν

546 4525 849 4595 αὐτάρκης,
887 4523 1003 4575 οὐδὲ
1038 4523 1104 4574 τὰ
1137 4524 1313 4577 πάντα
1363 4523 1500 4594 αὑτὴ
1549 4523 1749 4578 δύναιτ’
1795 4526 1860 4579 ἂν
1891 4525 2074 4578 ἀνύειν
2097 4542 2110 4555 ⁶

545 4608 666 4659 ἐπεὶ
691 4609 739 4658 εί
761 4605 918 4658 τοῦτο
937 4601 1023 4674 ἦν,
1050 4603 1320 4674 περιττῶς
1341 4606 1470 4674 ἡμῖν
1491 4608 1537 4657 οί
1567 4606 1722 4668 πόδες
1743 4606 2112 4677 προσέκειντο.

544 4691 658 4745 Kal
686 4689 806 4743 ούδέ
834 4687 962 4758 ἔστη
999 4687 1161 4757 μέχρι
1190 4686 1405 4752 τούτου,
1437 4688 1572 4740 ἀλλά
1604 4690 1696 4741 καὶ
1728 4689 1918 4758 ἑτέραν
1944 4691 2113 4760 ὑπερ-

545 4772 707 4842 ϐολὴν
735 4771 914 4841 ζητεῖ·
946 4771 1082 4840 ὅπερ
1119 4770 1206 4822 ἀεὶ
1247 4772 1412 4835 ποιεῖ,
1444 4771 1505 4823 ού
1548 4772 1709 4840 μέχρι
1750 4771 1842 4824 τοῦ
1877 4774 1991 4826 ῐσου
2025 4791 2114 4840 φι-

543 4855 826 4920 λονεικῶν,
861 4853 996 4908 ἀλλά
1029 4853 1122 4906 καὶ
1161 4852 1469 4923 περαιτέρω
1517 4853 1844 4923 προϐαίνων.
1878 4855 1970 4908 Διὸ
2018 4859 2112 4910 καὶ

542 4936 738 5004 ἐπάγει
767 4937 940 5005 λέγων
960 4951 974 4966 ⁸
1020 4935 1193 4991 Ἀλλὰ
1225 4934 1432 5001 πολλῷ
1456 4935 1697 5006 μᾶλλον
1722 4937 1792 4990 τὰ
1818 4936 2112 4994 δοκοῦντα

538 5017 694 5086 μέλη
718 5019 823 5071 τοῦ
849 5019 1118 5086 σώματος
1151 5020 1555 5088 ἀσθενέστερα
1586 5019 1895 5090 ὑπάρχειν,
1925 5024 2108 5094 ἀναγ-

542 5099 680 5153 καῖὰ
712 5100 842 5152 ἐστι
864 5117 877 5131 ·
916 5100 1015 5152 καὶ
1048 5099 1085 5152 ἃ
1124 5101 1420 5170 δοκοῦμεν
1463 5105 1774 5174 ἀτιμότερα
1813 5101 1963 5161 εἶναι
1999 5108 2107 5162 τοῦ

540 5181 835 5252 σώματος,
896 5183 1126 5247 τούτοις
1177 5182 1354 5251 τιμὴν
1405 5187 1838 5256 περισσοτέραν
1893 5192 2107 5258 περιτί-

540 5271 717 5336 θεμεν
736 5277 762 5305 ﬁ
785 5283 798 5295 ο
823 5265 922 5318 καὶ
949 5265 1300 5334 τάσχήμονα
1323 5265 1491 5334 ἡμῶν
1509 5271 1980 5341 εὐσχημοσύνην
2005 5287 2105 5326 πε-

537 5351 899 5420 ρισσοτέραν
933 5350 1056 5419 ἔχει
1077 5368 1091 5383 ο
1128 5350 1403 5420 πανταχοῦ
1432 5350 1527 5420 τὴν
1543 5353 1637 5406 τοῦ
1663 5354 1912 5426 σώματος
1935 5374 2102 5427 προσ-

539 5435 713 5506 θήκην
749 5434 940 5498 τιθεὶς,
977 5436 1070 5488 καὶ
1101 5433 1270 5505 ταύτῃ
1317 5434 1563 5487 κάκεῖνον
1613 5438 2100 5508 παραμυθούμενος

539 5521 634 5572 καὶ
671 5519 857 5573 τοῦτον
887 5519 1283 5574 καταστέλλων.
1319 5521 1390 5572 Ού
1416 5518 1524 5592 γὰρ
1552 5520 1707 5574 τοῦτο
1727 5521 1887 5590 λέγω,
1915 5521 2096 5591 φησὶν,

603 5736 626 5764 ⁸
650 5731 800 5796 Marg.
834 5733 1004 5796 Sa\'il.,
1027 5737 1271 5798 ἐντίθεμεν.

2246 1931 2330 1984 ὅτι
2359 1929 2420 1983 ού
2457 1929 2618 2000 μόνον
2638 1928 2826 2000 χρείαν
2849 1929 2961 1999 ἔχει
2990 1928 3060 1982 τά
3095 1929 3314 2000 μείζονα
3337 1930 3447 1983 τῶν
3481 1931 3818 1999 ἐλαττόνων,

2241 2013 2354 2066 ἀλλ’
2383 2014 2464 2066 ὅτι
2499 2012 2595 2065 καὶ
2629 2012 2826 2082 πολλὴν
2873 2011 3061 2082 χρείαν
3093 2013 3224 2082 ἔχει.
3259 2012 3328 2066 Et
3351 2031 3403 2066 τι
3436 2015 3547 2086 γάρ
3584 2015 3812 2081 ἀσθενὲς

2239 2099 2298 2150 ἐν
2337 2100 2492 2169 ἡμῖν,
2533 2097 2586 2150 el
2609 2114 2662 2150 τι
2689 2098 2900 2167 ἄτιμον,
2931 2097 3087 2150 τοῦτο
3131 2096 3226 2150 καὶ
3259 2099 3554 2166 ἀναγκαῖον
3603 2099 3696 2152 καὶ
3722 2116 3810 2152 τι-

2243 2181 2352 2250 μής
2396 2178 2659 2233 ἀπολαύει
2715 2179 2980 2249 μείζονος.
3026 2179 3137 2233 Kal
3162 2179 3341 2243 καλῶς
3394 2176 3533 2242 εἷπε,
3592 2182 3668 2235 Τὰ
3708 2182 3812 2235 δο-

2243 2263 2485 2325 κοῦντα,
2525 2263 2639 2327 καὶ,
2677 2264 2752 2316 ’Ἃ
2785 2261 3098 2332 δοκοῦμεν,
3123 2262 3334 2326 δεικνὺς
3363 2263 3444 2316 ὅτι
3477 2263 3538 2317 ού
3571 2264 3670 2335 τῆς
3704 2265 3811 2332 φύ-

2241 2362 2376 2408 σεως
2399 2344 2506 2398 τῶν
2536 2345 2897 2416 πραγμάτων,
2919 2345 3056 2399 ἀλλά
3074 2346 3171 2416 τῆς
3195 2346 3304 2398 τῶν
3329 2346 3538 2400 πολλῶν
3557 2347 3812 2410 ὑπονοίας

2239 2429 2271 2499 ἡ
2295 2427 2493 2498 ψῆφος.
2527 2428 2691 2482 Οὐδὲν
2727 2429 2834 2501 γὰρ
2867 2431 2924 2482 ἐν
2951 2432 3085 2501 ἡμῖν
3107 2430 3300 2497 άτιμον
3319 2445 3332 2458 ·
3355 2429 3490 2483 Θεοῦ
3515 2430 3624 2500 γὰρ
3653 2430 3815 2502 ἔργον

2241 2511 2379 2564 ἐστί.
2412 2511 2477 2563 Τί
2506 2510 2614 2580 γὰρ
2641 2511 2750 2565 τῶν
2775 2513 2979 2582 μορίων
3005 2511 3112 2567 τῶν
3131 2513 3462 2582 γεννητικῶν
3489 2513 3810 2584 ἀτιμότερον

2237 2593 2299 2646 ἐν
2327 2595 2459 2664 ἡμῖν
2504 2589 2642 2647 εἶναι
2673 2594 2848 2662 δοκεῖ;
2896 2594 3033 2648 Ἀλλ’
3085 2595 3233 2666 ὅμως
3268 2595 3510 2658 πλείονος
3547 2595 3810 2649 ἀπολαύει

2234 2677 2402 2746 τιμῆς
2422 2694 2437 2707 ⁶
2468 2677 2564 2731 καὶ
2599 2679 2648 2730 οἱ
2679 2677 2882 2750 σφόδρα
2911 2679 3142 2750 πένητες
3170 2677 3272 2732 κᾶν
3301 2679 3362 2731 τὸ
3389 2677 3573 2732 λοιπὸν
3600 2679 3809 2749 γυμνὸν

2236 2759 2404 2830 ἔχωσι
2422 2762 2602 2831 σῶμα,
2627 2761 2726 2814 ούκ
2752 2761 2816 2814 ἂν
2835 2761 3154 2833 ἀνάσχοιντο
3177 2763 3360 2815 ὲκεῖνα
3383 2761 3450 2815 τὰ
3481 2761 3615 2832 μέλη
3636 2763 3806 2828 δεῖξαι

2235 2842 2436 2912 γυμνά.
2489 2843 2683 2896 Καίτοι
2713 2861 2777 2912 γε
2824 2845 2922 2915 ούχ
2974 2843 3112 2914 αὕτη
3164 2844 3274 2898 τῶν
3317 2845 3528 2914 ἀτίμων
3564 2846 3597 2913 ἡ
3630 2845 3804 2908 τάξις,

2235 2927 2373 2980 ἀλλά
2415 2927 2613 2996 μᾶλλον
2655 2928 2764 2981 τῶν
2801 2928 2974 2982 ἀλλων
3024 2927 3481 2998 καταφρονεῖσθαι
3521 2928 3650 2980 ἔδει.
3699 2930 3814 2982 Kal

2233 3009 2341 3081 γὰρ
2393 3010 2450 3062 ἐν
2482 3010 2659 3082 οἰκείᾳ
2699 3013 2727 3063 ὁ
2764 3012 3106 3082 ἠτιμωμένος
3147 3011 3364 3080 οἰκέτης
3406 3012 3468 3064 ού
3526 3011 3681 3081 μόνον
3705 3013 3808 3067 οὐκ

2234 3093 2496 3147 ἀπολαύει
2547 3093 2789 3158 πλείονος
2819 3095 3131 3165 θεραπείας,
3183 3094 3298 3149 ἀλλ’
3327 3093 3446 3147 ούδέ
3486 3095 3596 3147 τῶν
3626 3096 3808 3150 αὐτῶν

2235 3175 2500 3241 ἀξιοῦται.
2549 3177 2711 3229 Ὥστε
2758 3179 2806 3230 εἰ
2839 3181 2934 3230 καὶ
2979 3178 3139 3232 τοῦτο
3166 3178 3358 3248 ἄτιμον
3403 3172 3492 3247 ἦν,
3543 3178 3606 3230 ού
3643 3179 3806 3248 μόνον

2235 3259 2496 3328 μειζόνων
2530 3261 2822 3314 ἀπολαύειν
2849 3262 2948 3314 ούκ
2980 3261 3108 3325 εδει,
3143 3261 3254 3314 ἀλλ’
3285 3260 3406 3313 οὐδὲ
3444 3259 3553 3314 τῶν
3584 3262 3767 3315 αὐτῶν
3786 3280 3802 3292 ·

2231 3344 2347 3396 νυνὶ
2378 3343 2433 3396 δὲ
2470 3344 2710 3408 πλείονος
2740 3344 3001 3398 ἀπολαύει
3038 3347 3226 3415 τιμῆς,
3272 3345 3366 3397 καὶ
3393 3343 3550 3398 τοῦτο
3577 3346 3675 3414 τῆς
3705 3346 3799 3400 τοῦ

2230 3425 2369 3480 Θεοῦ
2401 3427 2589 3496 σοφίας
2618 3429 3018 3499 ἐργασαμένης.
3049 3429 3172 3492 Τοῖς
3202 3429 3299 3499 μὲν
3327 3427 3433 3498 γὰρ
3460 3429 3519 3480 ἐν
3544 3431 3610 3499 τῇ
3639 3429 3800 3498 φύσει

2229 3509 2290 3562 τὸ
2328 3510 2402 3580 μὴ
2431 3510 2638 3564 δεῖσθαι
2686 3511 2888 3565 ἔδωκε·
2923 3515 3034 3574 τοῖς
3067 3511 3144 3576 δέ,
3185 3512 3369 3578 ἐπειδὴ
3411 3513 3470 3566 ἐν
3514 3516 3582 3583 τῇ
3637 3512 3797 3580 φύσει

2228 3593 2328 3646 ούκ
2358 3593 2575 3660 ἔδωκεν,
2614 3595 2759 3664 ἡμᾶς
2786 3595 3042 3665 παρέχειν
3083 3595 3408 3664 ἠνάγκασεν.
3453 3595 3592 3648 Ἀλλ’
3620 3596 3678 3648 ού
3710 3595 3806 3649 ala:

2231 3675 2391 3728 τοῦτο
2419 3675 2588 3746 ἄτιμα
2607 3693 2620 3706 ⁸
2651 3678 2772 3730 ἐπεὶ
2800 3677 2894 3731 καὶ
2927 3679 2993 3730 τὰ
3024 3678 3140 3740 ζῶα
3177 3681 3232 3731 ἐν
3259 3681 3325 3748 τῇ
3361 3678 3517 3748 φύσει
3549 3679 3610 3732 τὸ
3643 3682 3797 3732 ἀνεν-

2225 3758 2342 3822 δεές
2371 3759 2504 3830 ἔχει,
2537 3760 2630 3813 καὶ
2646 3759 2770 3813 οῦτε
2804 3761 3035 3831 ἱματίων
3051 3763 3242 3826 δεῖται,
3259 3763 3382 3816 οὗτε
3406 3764 3791 3834 ὑποδημάτων,

2223 3841 2348 3896 οὕτε
2400 3845 2623 3914 ὀρόφου,
2657 3845 2724 3898 τά
2758 3845 2974 3898 πλείονα
3021 3847 3225 3899 αὐτῶν
3264 3847 3378 3900 ἀλλ’
3411 3848 3471 3900 ού
3517 3847 3607 3901 διά
3637 3847 3793 3901 τοῦτο

2223 3926 2544 3998 ἀτιμότερον
2603 3929 2778 3981 αὐτῶν
2831 3930 2891 3982 τὸ
2941 3931 3098 4000 σῶμα
3158 3931 3218 3984 τὸ
3265 3933 3551 4003 ἡμέτερον,
3603 3935 3790 4006 ἐπειδὴ

2223 4008 2440 4063 πάντων
2464 4010 2633 4063 δεῖται
2671 4010 2893 4067 τούτων.
2925 4014 3033 4066 Kal
3068 4013 3176 4085 γάρ
3213 4016 3366 4079 εἴτις
3397 4018 3641 4090 ἀκριϐῶς
3675 4019 3789 4086 ἐξε-

2220 4092 2428 4154 τάσειε,
2472 4094 2567 4147 καὶ
2611 4095 2744 4166 αὐτῇ
2777 4099 2842 4168 τῇ
2893 4097 3050 4165 φύσει
3095 4097 3251 4167 τίμιά
3279 4117 3338 4152 τε
3371 4101 3465 4154 καὶ
3517 4103 3790 4170 ἀναγκαῖά

2221 4177 2366 4229 ἐστιν
2386 4193 2399 4209 ·
2425 4177 2452 4229 ὃ
2473 4176 2536 4247 δὴ
2565 4179 2658 4231 καὶ
2687 4179 2847 4242 αὐτὸς
2872 4179 3108 4248 ᾐνίξατο,
3137 4181 3234 4234 ούκ
3254 4183 3362 4236 ἀπὸ
3383 4185 3483 4252 τῆς
3515 4187 3788 4255 ἡμετέρας

2223 4258 2374 4332 [279]
2413 4261 2729 4332 ἐπιμελείας
2757 4264 2848 4315 καὶ
2877 4261 2968 4315 τοῦ
3003 4263 3245 4328 πλείονος
3273 4266 3562 4320 ἀπολαύειν
3596 4287 3643 4320 τι
3655 4270 3783 4338 μῆς,

2219 4342 2354 4395 ἀλλά
2399 4345 2492 4396 καὶ
2538 4344 2646 4398 ἀπὸ
2688 4345 2786 4414 τῆς
2831 4346 2940 4399 τῶν
2979 4347 3317 4417 πραγμάτων
3360 4350 3569 4418 φύσεως
3598 4352 3780 4415 αὐτοῖς

2219 4423 2615 4495 ψηφισάμενος.
2644 4427 2756 4490 Διὸ,
2786 4427 2913 4480 ὅταν
2945 4428 3043 4498 μὲν
3077 4429 3276 4501 ἀσθενῆ
3309 4431 3442 4505 λέγῃ
3469 4433 3560 4485 καὶ
3587 4435 3779 4502 ἄτιμα,

2225 4509 2301 4562 Τὰ
2324 4510 2618 4563 δοκοῦντα
2645 4510 2826 4579 λέγει’
2857 4513 2986 4566 ὅταν
3012 4513 3068 4565 δὲ
3095 4516 3388 4582 ἀναγκαῖα,
3414 4517 3593 4570 ούκέτι
3617 4534 3783 4588 προσ-

2213 4591 2416 4660 τίθησι,
2446 4591 2520 4646 Τὰ
2545 4591 2861 4659 δοκοῦντα,
2889 4595 3000 4647 ἀλλ’
3023 4598 3182 4661 αὐτὸς
3203 4599 3560 4668 ἀποφαίνεται
3583 4600 3778 4668 λέγων,

2213 4673 2294 4726 ὅτι
2323 4675 2596 4742 ἀναγκαῖά
2628 4676 2744 4728 ἐστι
2765 4694 2776 4708 ·
2810 4678 2902 4731 καὶ
2931 4679 3074 4748 μάλα
3105 4681 3348 4744 είκότως.
3378 4683 3485 4735 Kal
3513 4683 3621 4754 γάρ
3643 4684 3777 4753 πρὸς

2213 4756 2554 4810 παιδοποιίαν
2584 4759 2676 4810 καὶ
2706 4759 2803 4829 τὴν
2831 4759 2923 4813 τοῦ
2953 4762 3141 4828 γένους
3176 4765 3208 4830 ἡ
3218 4765 3334 4833 μῶν
3363 4763 3610 4835 διαδοχὴν
3642 4768 3778 4836 χρή-

2213 4856 2366 4911 σιμα.
2416 4841 2513 4894 Διά
2565 4842 2721 4896 τοῦτο
2769 4843 2864 4896 καὶ
2917 4845 2965 4896 οί
2995 4845 3280 4914 νομοθέται
3317 4847 3601 4916 Ῥωμαίων
3651 4850 3779 4915 τοὺς

2210 4923 2379 4978 ταῦτα
2411 4925 2918 4996 ἀκρωτηριάζοντας
2951 4927 3018 4980 τὰ
3065 4927 3199 4998 μέλη
3245 4930 3340 4982 καὶ
3369 4929 3654 4994 ποιοῦντας
3683 4933 3776 4984 εὑ-

2209 5006 2430 5078 νούχους
2472 5007 2808 5072 κολάζουσιν,
2843 5008 2936 5062 ἆτε
2963 5009 3042 5080 τῷ
3073 5010 3236 5081 κοινῷ
3268 5013 3413 5080 γένει
3442 5013 3775 5084 λυμαινομέ-

2208 5107 2350 5154 νους,
2383 5091 2476 5144 καὶ
2509 5092 2644 5161 αὐτῇ
2693 5091 3096 5162 ἐπηρεάζοντας
3128 5098 3194 5166 τῇ
3241 5095 3420 5164 φύσει.
3451 5097 3602 5150 ’Ἀλλ’
3635 5099 3772 5152 ἀπό-

2205 5172 2381 5225 λοιντο
2410 5173 2458 5225 οἱ
2501 5173 2809 5239 ἀκόλαστοι,
2845 5178 2893 5229 οί
2919 5176 3014 5229 τοῦ
3045 5177 3179 5231 Θεοῦ
3215 5178 3286 5232 τά
3315 5180 3772 5251 δημιουργήματα

2205 5254 2599 5319 διαϐάλλοντες.
2647 5256 2855 5327 ’Ὠσπερ
2884 5261 2992 5331 γάρ
3033 5261 3110 5332 τῷ
3137 5263 3263 5332 οἴνῳ
3309 5263 3491 5317 πολλοὶ
3526 5265 3614 5317 διὰ
3644 5265 3770 5330 τοὺς

2206 5337 2502 5406 μεθύοντας
2528 5339 2924 5410 κατηράσαντο,
2959 5344 3054 5397 καὶ
3074 5347 3136 5414 τῇ
3168 5345 3326 5414 φύσει
3354 5346 3461 5400 τῶν
3492 5347 3771 5415 γυναικῶν

2200 5417 2288 5470 διά
2319 5419 2416 5480 τὰς
2453 5423 2838 5492 μοιχευομένας
2859 5441 2872 5454 ⁸
2905 5424 3047 5480 οὕτω
3081 5428 3175 5481 καὶ
3205 5429 3271 5481 τά
3313 5429 3445 5500 μέλη
3482 5430 3653 5482 ταῦτα
3685 5431 3769 5483 αἰ-

2201 5502 2341 5572 σχρά
2382 5501 2520 5556 εἶναι
2565 5505 2816 5575 ἐνόμισαν
2862 5509 2952 5562 διὰ
2992 5513 3117 5574 τοὺς
3173 5513 3272 5565 οὐκ
3302 5517 3383 5576 είς
3417 5514 3535 5566 δέον
3580 5516 3768 5578 αὐτοῖς

2197 5583 2532 5653 χρωμένους.
2582 5589 2718 5640 Ἀλλ’
2757 5591 2857 5644 ούκ
2886 5593 3053 5665 ἐχρῆν
3075 5610 3087 5623 ·
3138 5597 3197 5647 ού
3244 5596 3352 5666 γάρ
3382 5599 3444 5666 τῇ
3479 5596 3638 5665 φύσει
3672 5599 3766 5650 τοῦ

2197 5667 2520 5737 πράγματος
2551 5672 2583 5742 ἡ
2623 5673 2860 5744 ἁμαρτία
2895 5677 3363 5749 συγκεκλήρωται,
3401 5681 3515 5733 ἀλλ’
3542 5681 3650 5734 ἀπὸ
3667 5682 3764 5750 τῆς

2198 5752 2564 5819 προαιρέσεως
2584 5756 2823 5811 τίκτεται
2847 5757 2938 5812 τοῦ
2962 5762 3262 5831 τολμῶντος
3282 5764 3339 5815 τὸ
3363 5763 3760 5832 πλημμέλημα.
