4094 6222
341 322 454 380 257

416 438 658 494 Pecunia
704 439 1020 504 spernendae.
1047 459 1117 476 -
1143 433 1220 490 Ne
1254 448 1380 504 ergo
1419 449 1515 489 nos
1539 448 1748 505 quoque
1789 431 1914 488 talia

331 538 625 596 patiamur,
659 524 858 581 diaboli
902 525 1175 580 machinas
1221 525 1556 592 irrideamus,
1605 526 1720 594 ejus
1762 525 1914 579 funes

332 620 664 688 frangamus,
699 617 1068 688 dirumpamus
1097 618 1273 686 gravis
1303 618 1500 672 lancea:
1537 618 1832 688 cuspidem,
1860 626 1914 672 et

336 726 553 765 nuntiem
595 711 644 764 ei
673 710 878 764 aditum
917 711 1349 764 intercludamus.
1381 710 1434 765 Si
1476 711 1619 765 enim
1664 712 1913 779 pecunias

335 802 596 866 irriseris,
626 815 732 855 non
759 801 919 856 habet
943 816 1048 871 quo
1076 811 1126 856 te
1150 802 1429 872 percutiat,
1464 818 1567 856 non
1597 802 1754 856 habet
1777 803 1914 856 unde

331 893 702 963 apprehendat
737 911 751 949 :
782 909 902 947 nam
946 892 1177 948 radicem
1220 895 1460 948 evulsisti
1492 895 1752 948 malorum
1781 912 1795 959 ;
1826 911 1912 948 ra-

329 985 456 1041 dice
485 1001 609 1040 vero
630 985 861 1050 sublata,
898 1000 1068 1055 neque
1111 986 1280 1038 malus
1324 986 1644 1055 germinabit
1685 987 1907 1038 fruetus.
1937 983 1955 1016 ‘-

326 1077 465 1132 Btec
489 1091 700 1146 semper
720 1075 981 1140 dicamus,
999 1085 1054 1131 et
1077 1076 1234 1132 linem
1257 1077 1464 1131 dicendi
1489 1092 1591 1131 non
1618 1075 1870 1130 faciamus
1897 1094 1911 1130 :

329 1184 403 1223 an
436 1185 565 1224 vero
587 1169 829 1224 dicentes
856 1169 1052 1239 aliquid
1082 1169 1443 1239 proficiamus,
1468 1169 1584 1224 dies
1612 1170 1701 1224 illc
1728 1181 1909 1224 osten-

327 1261 448 1325 det,
491 1257 581 1330 qui
612 1260 662 1314 in
694 1260 815 1331 igne
844 1261 1187 1326 revelabitur,
1218 1261 1307 1331 qui
1341 1261 1754 1330 uniuscujusque
1779 1276 1912 1330 opus

329 1351 658 1421 explorabit,
691 1350 780 1422 qui
826 1351 1098 1422 lampadas
1143 1353 1387 1406 ostendet
1434 1352 1674 1406 lucentes
1720 1360 1773 1405 et
1819 1366 1913 1406 eas

328 1459 452 1511 quae
488 1443 619 1498 tales
645 1458 750 1498 non
773 1452 915 1497 sunt.
941 1443 1088 1498 Tunc
1106 1444 1416 1498 manifestus
1437 1444 1536 1498 erit
1560 1445 1604 1498 is
1621 1445 1708 1514 qui
1736 1443 1910 1498 oleum

324 1537 515 1595 habet.
548 1545 601 1590 et
630 1537 678 1590 is
709 1538 795 1605 qui
826 1551 932 1592 non
964 1535 1142 1592 habet.
1171 1536 1277 1592 Sed
1316 1535 1446 1590 faxit
1473 1538 1611 1591 Deus
1640 1547 1697 1590 ut
1738 1537 1912 1591 nullus

371 1697 512 1705 υ*-

1356 317 1421 374 IN
1459 318 1667 375 EPIST.
1711 319 1748 372 Ι.
1792 318 1882 370 AD
1919 316 2072 372 COR.
2120 317 2344 371 llUMIL.
2391 318 2578 374 XXXI.

3489 334 3592 392 9.58

2024 443 2146 486 tunc
2174 436 2473 502 reperiatur
2503 437 2590 490 tali
2624 453 2822 494 vacuus
2845 443 3252 512 consolatione;
3280 447 3371 502 sed
3402 459 3456 502 ut
3480 467 3595 506 om-

2023 540 2119 580 nes
2149 525 2346 596 largam
2371 527 2747 596 bcnignitatem
2781 532 3024 601 efferant,
3054 546 3107 590 et
3136 539 3306 593 claras
3337 539 3593 599 habentes

2023 616 2316 684 lampadas,
2359 634 2461 672 una
2492 636 2613 674 cum
2646 638 2844 690 sponso
2887 626 3108 681 intrent.
3156 630 3244 683 Illa
3283 644 3430 688 certe
3459 650 3594 691 voce

2022 709 2155 763 nihil
2184 711 2472 764 terribilius
2492 753 2507 777 ,
2541 713 2668 767 nihil
2700 716 2940 784 asperius
2966 729 3067 782 est,
3099 736 3256 789 quam
3289 732 3413 778 tunc
3435 725 3590 780 audi-

2024 802 2122 853 turi
2151 811 2274 854 sunt
2305 802 2361 866 ii,
2390 804 2478 871 qui
2507 804 2622 857 sine
2653 805 2792 874 larga
2814 808 3150 880 eleemosyna
3181 812 3302 867 hinc
3330 814 3596 884 demigra-

2021 899 2163 951 runt,
2211 891 2422 946 dicente
2467 909 2683 962 sponso.
2730 895 2916 950 Nescio
2964 916 3049 953 vos
3080 900 3308 970 (Matth.
3334 907 3424 959 ‘25.
3455 906 3522 959 η
3547 907 3588 974 ).

2019 983 2172 1034 Absit
2214 993 2390 1036 autem
2424 993 2482 1038 ut
2529 985 2663 1039 hanc
2688 988 2962 1043 audiamus
2991 1007 3196 1057 vocem,
3229 997 3590 1050 sedsuavissi-

2020 1088 2159 1124 mam
2194 1074 2334 1126 illam
2366 1085 2419 1128 et
2459 1091 2665 1132 summe
2708 1081 3057 1148 expetendam
3093 1103 3105 1137 :
3153 1083 3592 1151 Venite,benedicti

2023 1166 2195 1222 Patris
2222 1171 2336 1236 mei,
2365 1171 2616 1239 possidete
2637 1183 2867 1240 paratum
2894 1175 3029 1228 vobis
3050 1192 3260 1247 regnum
3285 1195 3316 1230 a
3348 1181 3591 1234 constitu-

2021 1262 2153 1314 tione
2179 1262 2355 1315 mundi
2398 1261 2556 1333 (Ibid.
2588 1281 2634 1315 υ.
2667 1264 2780 1332 54).
2814 1265 2901 1320 Sic
2929 1269 3070 1322 enim
3101 1269 3308 1324 beatam
3337 1270 3592 1328 ducemus

2022 1354 2208 1417 vitam,
2239 1364 2292 1405 et
2325 1356 2573 1408 omnibus
2613 1370 2854 1410 truemur
2881 1359 3055 1424 bonis,
3089 1375 3207 1430 qua:
3232 1372 3462 1417 mentem
3493 1363 3593 1418 hu-

2020 1459 2230 1497 manam
2252 1456 2602 1514 exsuperant:
2626 1463 2742 1516 qum
2759 1463 2857 1502 nos
2869 1464 3056 1505 omnes
3069 1453 3280 1523 assequi
3296 1455 3588 1527 contingat,

2020 1538 2185 1607 gratia
2213 1547 2266 1593 et
2287 1539 2629 1610 benignitate,
2653 1551 2756 1597 etc.

1621 1788 1967 1851 HOMILIA
2013 1787 2259 1849 XXXI.

327 1937 460 1990 Car.
490 1934 570 1989 li.
606 1951 660 1988 γ.
685 1937 774 1990 9.1.
808 1933 927 1988 Non
957 1944 1115 2005 potest
1141 1946 1304 1989 autem
1332 1937 1508 1991 oculus
1536 1937 1701 1991 dicere
1718 1933 1908 1996 nianui,

400 2027 574 2096 Opera
612 2037 698 2078 tua
743 2043 842 2078 non
885 2026 1127 2095 indigeo;
1168 2036 1254 2079 aut
1280 2027 1460 2080 iterum
1489 2037 1641 2098 caput
1674 2026 1902 2097 pedibus,

402 2116 526 2168 Non
557 2117 671 2169 estis
701 2117 822 2170 uuln
857 2117 1140 2171 necessarii.

403 2209 458 2261 1.
499 2208 778 2275 Postquam
817 2209 1079 2262 minorum
1116 2207 1364 2264 invidiam
1398 2218 1748 2278 represserat,
1783 2209 1905 2262 illo-

330 2318 564 2371 rumque
589 2317 874 2356 maerorem
905 2301 1231 2369 abstulerat,
1259 2319 1415 2373 quem
1451 2302 1760 2372 concepisse
1785 2302 1904 2357 illos

327 2394 621 2448 verisimile
647 2405 761 2449 erat
789 2411 854 2449 ex
895 2411 989 2460 eo,
1033 2395 1171 2464 quod
1199 2396 1286 2448 alii
1319 2395 1608 2463 majoribus
1641 2394 1795 2448 donis
1819 2394 1902 2448 di-

325 2485 475 2555 gnati
525 2486 746 2540 fuissent
777 2529 791 2549 ,
823 2485 1009 2540 horum
1043 2486 1234 2540 fastum
1263 2487 1548 2556 deprimit,
1577 2488 1664 2556 qui
1698 2485 1900 2556 majora

321 2577 466 2630 dona
494 2587 831 2646 acceperant.
859 2578 1100 2648 Cumque
1131 2577 1232 2633 hoc
1265 2577 1510 2643 fecisset,
1544 2578 1755 2648 quando
1781 2593 1901 2633 cum

321 2670 432 2723 illis
456 2669 755 2724 disserebat
781 2669 802 2738 (
825 2669 1003 2724 dicere
1031 2670 1192 2733 enim,
1237 2671 1365 2724 illud
1397 2686 1515 2726 esse
1556 2671 1751 2725 donum
1779 2686 1901 2740 gra-

324 2763 544 2826 tuitum,
564 2771 617 2815 et
643 2777 747 2815 non
771 2761 967 2816 bonum
995 2778 1150 2831 opus,
1177 2763 1276 2816 hoc
1301 2772 1485 2832 aperte
1513 2763 1898 2834 signiﬁcnbat):

321 2870 467 2908 nunc
491 2864 671 2907 autem
699 2852 927 2923 idipsum
954 2853 1321 2908 vehementius
1345 2854 1484 2920 facit,
1506 2854 1556 2908 in
1584 2855 1769 2909 eadem
1798 2869 1904 2908 ma-

323 2960 458 2998 nens
483 2944 740 3015 unagine:
763 2960 792 2999 a
818 2959 1042 3014 corpore
1067 2946 1210 3000 enim
1237 2948 1375 3002 etab
1404 2947 1643 3016 ejusdem
1677 2949 1898 3012 imitate,

321 3036 389 3089 ad
416 3036 584 3105 ipsam
613 3037 974 3092 membrorum
992 3038 1442 3108 comparationem
1474 3039 1737 3108 procedit:
1758 3040 1900 3110 quod

324 3128 427 3195 ipsi
469 3128 701 3188 maxime
741 3128 947 3184 discere
976 3129 1228 3199 optabant
1255 3147 1268 3195 ;
1301 3131 1421 3200 quia
1450 3131 1516 3185 ad
1563 3131 1680 3186 illos
1709 3148 1900 3187 conso-

323 3220 514 3274 landos
533 3237 635 3274 non
653 3231 835 3290 aptum
857 3230 970 3276 erat
991 3221 1136 3286 illud.
1152 3222 1290 3292 quod
1308 3238 1496 3279 omnes
1518 3240 1677 3278 unum
1705 3240 1900 3294 corpus

320 3323 507 3367 essent
531 3330 544 3377 ;
574 3328 731 3383 quam
757 3328 875 3368 cum
903 3314 1192 3380 discerent,
1218 3329 1276 3370 se
1299 3315 1350 3368 in
1392 3316 1456 3370 iis
1483 3331 1600 3386 quae
1638 3315 1902 3372 habebant

326 3421 432 3460 noo
477 3406 764 3461 admodum
819 3407 1100 3462 inferiores
1138 3422 1276 3463 esse.
1325 3409 1392 3462 Et
1435 3409 1548 3464 ait:
1579 3407 1699 3463 Non
1741 3420 1900 3480 potest

319 3512 492 3552 autem
535 3501 712 3554 oculus
755 3500 920 3554 dicere
958 3502 1150 3566 manui,
1196 3500 1363 3571 Opera
1402 3513 1489 3554 tua
1532 3518 1630 3555 non
1659 3503 1898 3573 indigeo;

319 3605 414 3645 aut
456 3595 636 3646 iterum
675 3603 830 3663 caput
871 3594 1096 3664 pedibus,
1133 3592 1256 3644 Non
1295 3593 1413 3647 estis
1459 3595 1583 3646 mihi
1609 3595 1896 3648 necessarii.

322 3685 458 3739 Nam
487 3686 584 3739 etsi
617 3685 815 3738 donum
845 3685 914 3738 sit
943 3685 1115 3738 minus
1141 3725 1154 3746 ,
1203 3693 1257 3737 at
1296 3686 1653 3740 necessarium
1693 3695 1814 3740 est:
1846 3694 1901 3740 et

320 3780 464 3833 sicut
493 3779 692 3847 absque
721 3778 811 3832 illo
837 3779 1004 3831 multa
1031 3785 1154 3831 sunt
1185 3778 1559 3846 impedimenta
1585 3819 1600 3842 ,
1633 3777 1703 3832 ila
1738 3779 1897 3832 etiam

321 3871 443 3923 sine
475 3868 574 3922 hoc
606 3868 876 3937 plenitudo
903 3867 1154 3922 Ecclesia:
1182 3867 1467 3922 claudicat.
1513 3867 1696 3938 Neque
1724 3868 1892 3935 dixit,

320 3960 444 4014 Non
475 3959 636 4022 dicet,
661 3959 774 4020 sed,
803 3957 924 4012 Non
952 3969 1113 4030 potest
1133 3959 1333 4024 dicere;
1367 3959 1436 4013 ita
1463 3971 1540 4023 ut,
1571 3961 1780 4015 etiamsi
1810 3977 1900 4015 vo-

319 4054 512 4116 luerit,
554 4052 754 4105 etiamsi
782 4052 996 4116 dixerit,
1051 4067 1156 4105 non
1199 4052 1389 4114 valeat,
1432 4066 1605 4121 neque
1647 4067 1732 4108 res
1780 4068 1896 4107 eam

319 4145 527 4200 habeat
566 4155 820 4198 naturam.
853 4145 978 4200 Ideo
1002 4145 1107 4200 duo
1143 4154 1379 4199 extrema
1409 4159 1709 4211 assumens,
1753 4147 1802 4200 in
1836 4147 1898 4202 iis

318 4251 631 4291 sermonem
654 4247 861 4292 exercet
891 4255 903 4291 :
936 4238 1106 4307 primo
1131 4235 1344 4306 quidem
1367 4235 1436 4290 de
1459 4251 1617 4290 manu
1644 4246 1697 4291 et
1721 4237 1894 4304 oculo,

319 4328 562 4383 secundo
590 4339 766 4383 autem
807 4329 873 4384 de
901 4331 1074 4398 capite
1100 4337 1154 4383 et
1181 4328 1313 4398 pede
1334 4371 1348 4394 ,
1377 4329 1678 4397 exemplum
1703 4331 1895 4400 ampli-

320 4425 510 4477 ficatis.
545 4423 679 4488 Quid
713 4423 855 4477 enim
889 4422 1023 4492 pede
1055 4423 1258 4476 vilius?
1283 4432 1374 4476 aut
1399 4423 1524 4492 quid
1555 4424 1728 4493 capite
1764 4441 1897 4493 pra:—

319 4517 550 4571 stantius
591 4527 647 4572 et
685 4519 852 4587 magis
897 4517 1299 4573 necessarium?
1341 4516 1441 4571 hoc
1483 4518 1626 4572 enim
1669 4518 1896 4572 maxime

321 4608 486 4663 homo
513 4619 592 4664 est
617 4651 632 4676 ,
671 4626 861 4680 nempe
890 4619 1071 4680 caput.
1118 4611 1362 4664 Attamen
1393 4626 1494 4663 non
1523 4621 1603 4664 est
1628 4610 1724 4666 sibi
1751 4611 1898 4665 suffi-

318 4704 468 4754 ciens
488 4744 502 4766 ,
531 4719 705 4772 neque
729 4703 904 4756 omnia
940 4702 1194 4771 perlicere
1225 4704 1412 4772 possit.
1436 4702 1565 4757 Nam
1611 4706 1654 4757 si
1683 4704 1784 4758 hoc
1810 4720 1895 4759 es-

320 4809 424 4860 set,
456 4811 848 4865 supervacanee
887 4797 1040 4851 nobis
1071 4795 1232 4865 pedes
1260 4795 1452 4865 adjecti
1487 4805 1685 4852 essent.
1715 4796 1895 4867 Neque

322 4897 495 4940 tamen
530 4887 616 4942 hic
643 4888 896 4952 substitit,
930 4887 1023 4943 sed
1058 4900 1110 4942 et
1136 4889 1290 4941 aliam
1322 4889 1512 4958 quaerit
1541 4887 1888 4958 hyperbolen,

320 4979 374 5034 id
402 4980 542 5050 quod
573 4995 788 5050 semper
817 4980 958 5047 facit,
983 4996 1088 5034 non
1112 4995 1278 5050 usque
1300 4979 1365 5033 ad
1394 4978 1746 5049 mqualitatem
1775 4995 1895 5035 cou-

319 5074 582 5141 tendens,
631 5075 724 5130 sed
768 5075 928 5130 etiam
976 5074 1198 5128 ulterius
1247 5073 1610 5143 progrediens.
1664 5071 1894 5143 Ideoque

316 5167 587 5237 subjungit
613 5167 798 5222 dicens
826 5185 840 5221 :
885 5165 976 5219 ‘22.
1007 5166 1112 5220 Sed
1137 5165 1292 5219 multo
1330 5166 1490 5236 magis
1523 5181 1637 5236 qua:
1663 5165 1894 5219 videntur

317 5261 541 5314 membra
573 5260 801 5329 corporis
821 5258 1062 5330 inferiora
1092 5274 1216 5324 esse,
1248 5257 1590 5310 necessariam
1614 5267 1772 5310 sunt:
1797 5255 1890 5311 25.

316 5362 361 5404 et
399 5367 514 5422 quae
538 5361 772 5422 putamus
801 5349 1105 5422 ignobiliora
1142 5366 1246 5404 esse
1286 5349 1505 5402 membra
1543 5349 1768 5418 corporis
1789 5391 1802 5413 ,
1830 5349 1892 5402 iis

317 5444 556 5498 honorem
587 5442 1008 5497 abundantiorem
1031 5441 1404 5495 circumdamus
1427 5455 1446 5492 :
1475 5449 1520 5492 et
1548 5455 1660 5508 quin
1678 5439 1892 5491 inhone-

313 5539 470 5591 stiara
498 5546 616 5593 sunt
658 5546 860 5601 nostra,
890 5535 1305 5588 abundantiorem
1339 5533 1642 5585 honestatem
1670 5530 1891 5595 habent;

317 5628 510 5699 ubique
538 5628 901 5682 accessionem
931 5625 1169 5695 corporis
1210 5637 1447 5694 ponens,
1480 5630 1534 5676 et
1560 5621 1658 5674 hac
1688 5621 1892 5675 ratione

318 5721 459 5775 illum
496 5733 716 5789 quoque
748 5720 1032 5772 consolans
1076 5727 1128 5771 ct
1168 5717 1304 5770 hunc
1343 5713 1722 5784 coiiipritncus.
1772 5707 1890 5766 Non

2017 1931 2158 1984 enim
2188 1931 2291 1987 hoc
2319 1932 2456 1997 dico,
2491 1934 2662 2004 inquit
2685 1975 2701 2001 ,
2733 1937 2873 2005 quod
2907 1938 3106 2008 majora
3135 1941 3430 1997 minoribus
3457 1957 3591 2013 Opus

2013 2022 2276 2091 habeant,
2322 2025 2414 2080 sed
2447 2027 2603 2080 etiam
2643 2029 2783 2097 quod
2814 2032 3034 2084 multum
3063 2047 3195 2102 opus
3236 2033 3484 2090 habeant.
3533 2037 3589 2092 Si

2011 2115 2136 2185 quid
2165 2117 2306 2171 enim
2337 2117 2604 2172 inlirmum
2629 2120 2681 2173 in
2706 2121 2858 2175 nobis
2880 2129 2980 2187 est,
3010 2123 3197 2194 siquid
3227 2125 3586 2193 inhonestum,

2010 2207 2111 2262 hoc
2136 2217 2190 2264 et
2215 2211 2574 2264 necessarium
2606 2220 2708 2276 est,
2739 2222 2792 2267 et
2820 2213 3004 2282 majori
3037 2214 3229 2269 fruitur
3261 2216 3482 2272 honore.
3513 2220 3590 2274 Ac

2007 2309 2154 2354 recte
2179 2299 2350 2366 dixit,
2386 2301 2512 2367 Quae
2552 2301 2801 2367 videntur,
2833 2311 2918 2366 et,
2952 2303 3079 2370 Quae
3104 2315 3378 2375 putamus;
3407 2319 3590 2362 osten-

2008 2389 2142 2446 dens
2171 2407 2274 2446 non
2304 2407 2366 2446 ex
2400 2399 2586 2446 natura
2618 2408 2817 2458 rerum,
2851 2393 2942 2448 sed
2971 2409 3035 2448 ex
3067 2395 3352 2450 nndtorum
3382 2399 3589 2452 calculo

2008 2485 2326 2538 sententiam
2354 2485 2494 2539 ferri.
2525 2484 2664 2539 Nihil
2688 2487 2738 2539 in
2765 2486 2916 2540 nobis
2939 2486 3170 2557 ignobile
3197 2506 3208 2540 :
3246 2489 3336 2544 Dei
3361 2506 3589 2560 namque

2007 2590 2142 2643 Opus
2170 2585 2271 2631 est.
2303 2575 2438 2643 Quid
2471 2577 2611 2630 enim
2639 2577 2876 2646 partibus
2904 2579 3223 2646 genitalibus
3249 2581 3300 2635 in
3331 2581 3482 2636 nobis
3511 2583 3589 2636 vi-

2007 2667 2163 2721 detur
2192 2668 2525 2723 inbonestius
2546 2670 2707 2724 esse?
2729 2672 2977 2724 Attamen
3004 2671 3258 2741 majorem
3286 2688 3587 2744 assequun-

2007 2768 2092 2812 tur
2113 2759 2368 2815 honorem
2399 2779 2414 2816 :
2443 2770 2497 2816 et
2517 2761 2605 2830 qui
2627 2761 2911 2815 admodum
2936 2778 3194 2832 pauperes
3215 2776 3358 2832 sunt,
3377 2768 3586 2822 etiamsi

2005 2851 2264 2921 reliquum
2281 2867 2474 2920 corpus
2496 2851 2693 2906 nudum
2719 2851 2971 2917 habeant,
3004 2869 3288 2924 numquam
3319 2857 3587 2925 patiantur

2005 2943 2167 2999 hasce
2198 2956 2374 3014 partes
2403 2945 2572 3000 nudas
2596 2945 2898 3000 ostendere.
2925 2948 3083 3016 Atqui
3109 2963 3213 3001 non
3243 2959 3325 3003 est
3348 2949 3432 3005 hic
3453 2950 3587 3006 ordo

2005 3037 2410 3091 inbonestorum
2438 3078 2453 3103 ,
2504 3036 2599 3092 sed
2647 3038 2812 3108 magis
2851 3048 3120 3107 oporteret
3165 3040 3394 3113 despici,
3426 3059 3583 3113 quam

2003 3129 2127 3183 alia.
2166 3129 2371 3182 Etenim
2403 3129 2547 3182 domi
2579 3144 2764 3184 servus
2792 3131 2878 3199 qui
2912 3141 2993 3186 est
3022 3132 3306 3202 ignominia
3339 3135 3581 3202 affectus,

2005 3236 2110 3277 non
2141 3220 2302 3276 modo
2335 3237 2439 3274 non
2469 3221 2661 3275 fruitur
2690 3222 2876 3291 majori
2904 3238 3031 3277 cura
3053 3266 3068 3288 ,
3101 3224 3194 3278 scd
3225 3240 3322 3280 nec
3352 3227 3538 3281 iisdem
3565 3269 3581 3295 ,

2003 3314 2156 3384 queis
2181 3315 2288 3379 alii,
2321 3313 2512 3384 dignus
2533 3325 2798 3368 censetur.
2829 3316 3011 3385 Itaque
3040 3318 3083 3370 si
3117 3316 3215 3371 hoc
3245 3318 3584 3374 inhonestum

2004 3415 2178 3470 esset,
2211 3421 2318 3460 non
2351 3405 2508 3459 modo
2535 3406 2826 3474 majoribus
2871 3406 2972 3460 frui
3020 3422 3123 3462 non
3153 3418 3456 3477 Oporteret,
3486 3412 3584 3467 sed

2003 3513 2177 3568 neque
2207 3496 2394 3552 iisdem
2426 3515 2440 3551 :
2477 3513 2616 3551 nunc
2643 3507 2821 3552 autem
2848 3499 3034 3568 majori
3067 3502 3309 3556 fruuntur
3339 3502 3540 3560 honore
3567 3547 3583 3572 ,

2003 3600 2058 3643 et
2101 3591 2200 3643 hoc
2228 3588 2319 3643 Dei
2349 3588 2624 3657 sapientia:
2665 3604 2799 3658 opus
2828 3598 2930 3644 est.
2976 3589 3107 3644 Nam
3139 3591 3242 3646 illis
3270 3593 3484 3662 quidem
3528 3595 3582 3650 in

2004 3690 2191 3733 natura
2215 3678 2361 3733 dedit
2389 3688 2446 3732 ut
2476 3695 2578 3733 non
2605 3688 2855 3749 egerent;
2892 3679 2973 3734 his
3000 3691 3177 3736 autem
3205 3723 3219 3747 ,
3251 3684 3498 3752 quoniam
3527 3684 3579 3739 in

2003 3777 2190 3824 natura
2223 3784 2326 3823 non
2367 3770 2545 3836 dedit,
2594 3783 2652 3824 ut
2699 3785 2798 3825 nos
2849 3771 3208 3840 prmberemus
3251 3776 3442 3844 coegit.
3473 3775 3580 3830 Sed

2003 3877 2109 3915 non
2138 3870 2416 3931 prepterea
2446 3861 2725 3916 inhonesta
2749 3870 2875 3914 sunt
2901 3880 2912 3913 :
2943 3863 3369 3934 quandoquidem
3391 3875 3446 3920 et
3466 3867 3581 3920 ani-

2002 3953 2161 4006 malia
2183 3967 2249 4006 ex
2282 3960 2470 4006 natura
2498 3966 2591 4006 sua
2617 3952 2758 4006 nulla
2787 3967 2843 4006 re
2864 3962 3040 4022 egent,
3065 3971 3171 4008 non
3194 3955 3445 4024 Vestibus,
3470 3974 3574 4013 non

2001 4044 2230 4112 calceis,
2280 4059 2378 4099 nec
2424 4053 2598 4110 tecto,
2648 4044 2870 4116 plurima
2905 4045 3130 4112 saltem;
3176 4047 3267 4100 sed
3300 4064 3404 4103 non
3456 4050 3576 4104 ideo

2000 4150 2194 4205 corpus
2223 4145 2462 4191 nostrum
2493 4147 2575 4192 est
2600 4138 2807 4192 illorum
2834 4153 3057 4208 corpore
3096 4138 3382 4208 ignobilius
3402 4182 3417 4205 ,
3452 4143 3578 4212 quia

2002 4229 2085 4283 his
2113 4229 2360 4284 omnibus
2394 4229 2610 4300 indiget.
2642 4229 2774 4285 Nam
2803 4231 2846 4282 si
2879 4231 2994 4298 quis
3030 4239 3274 4285 accurate
3303 4234 3578 4286 examina-

2001 4323 2159 4386 verit,
2190 4324 2302 4392 ipsa
2331 4324 2490 4379 etiam
2520 4333 2706 4378 natura
2735 4332 2858 4376 sunt
2902 4323 3120 4378 honesta
3149 4332 3202 4378 et
3232 4327 3528 4379 necessaria
3559 4343 3574 4381 :

2000 4419 2141 4488 quod
2170 4418 2328 4472 etiam
2361 4419 2473 4487 ipse
2497 4416 2871 4482 subindicavit,
2905 4431 3007 4470 non
3037 4431 3063 4468 a
3093 4432 3217 4470 cura
3247 4427 3447 4481 nostra,
3478 4433 3578 4473 nec

1999 4509 2140 4579 quod
2180 4509 2367 4579 majori
2409 4509 2650 4562 fruantur
2679 4507 2920 4574 honore;
2953 4507 3046 4562 sed
3077 4523 3142 4563 ex
3183 4516 3366 4563 natura
3394 4525 3573 4564 rerum

2001 4603 2131 4674 ipsis
2159 4602 2420 4658 calculum
2453 4600 2655 4656 ferens.
2691 4600 2915 4664 Idcirco,
2960 4615 3078 4655 cum
3109 4601 3314 4654 infirma
3353 4601 3481 4656 dicit
3523 4613 3574 4658 et

1999 4697 2303 4761 inhonesta,
2340 4696 2465 4762 Qua:
2507 4695 2754 4759 videntur,
2788 4693 2998 4764 adjicit;
3031 4708 3151 4748 cum
3180 4703 3354 4748 autem
3387 4709 3573 4748 neces-

1998 4792 2136 4846 saria
2165 4789 2312 4856 dicit,
2346 4804 2452 4844 non
2485 4789 2620 4843 ultra
2650 4787 2851 4857 adjicit,
2879 4787 3006 4854 Qua:
3033 4785 3309 4849 videntur;
3339 4785 3432 4839 sed
3461 4785 3575 4854 ipse

1998 4886 2316 4941 sententiam
2359 4885 2458 4938 fert
2489 4883 2672 4938 dicens
2697 4894 2818 4936 esse
2858 4878 3195 4944 necessaria;
3227 4885 3282 4932 et
3301 4877 3421 4946 jure
3459 4879 3576 4948 qui-

1999 4980 2142 5033 dem.
2174 4977 2304 5032 Nam
2332 4975 2396 5028 ad
2427 4975 2712 5028 liberorum
2745 4969 3166 5040 procreationem
3193 4976 3248 5024 et
3267 4967 3333 5023 ad
3361 4983 3576 5024 succes-

1996 5069 2200 5124 sionem
2239 5065 2448 5136 generis
2479 5062 2643 5116 nostri
2682 5060 2826 5114 utilia
2858 5068 2999 5114 sunt.
3030 5059 3385 5127 Quamobrem
3413 5070 3464 5114 et
3495 5061 3572 5115 le-

1997 5161 2278 5230 gislatores
2307 5156 2667 5208 Romanorum
2701 5168 2824 5217 eos,
2855 5154 2943 5221 qui
2989 5151 3103 5207 haac
3147 5151 3384 5206 membra
3427 5151 3572 5206 exci-

1995 5251 2129 5304 dunt
2153 5259 2206 5303 et
2236 5245 2510 5301 eunuchos
2538 5245 2752 5310 faciunt,
2783 5245 3044 5314 puniunt,
3073 5250 3132 5296 ut
3161 5243 3250 5314 qui
3289 5255 3570 5297 commune

1996 5354 2165 5412 genus
2195 5339 2490 5409 perimant,
2533 5337 2738 5406 ipsique
2785 5343 2985 5388 natura:
3023 5333 3276 5386 damnum
3317 5329 3566 5385 inferant.

1995 5430 2099 5486 Sed
2123 5437 2339 5499 pereant
2360 5426 2629 5496 impudici,
2646 5425 2736 5495 qui
2759 5424 2850 5478 Dei
2868 5436 3029 5492 opera
3054 5423 3106 5475 in
3123 5422 3332 5491 culpam
3350 5429 3565 5474 vocant.

2000 5522 2147 5578 Sicut
2173 5519 2314 5574 enim
2344 5519 2464 5571 vino
2490 5515 2638 5570 multi
2679 5514 2748 5569 ob
2793 5512 3113 5568 temulentos
3153 5509 3560 5578 maledixerunt,

1997 5615 2075 5669 sic
2099 5621 2156 5669 et
2172 5611 2322 5669 sexui
2345 5610 2625 5665 mulierum
2663 5607 2732 5662 ob
2771 5604 3028 5660 adulteria
3055 5622 3068 5658 τ
3095 5604 3171 5658 sic
3190 5599 3304 5654 haec
3331 5602 3565 5661 membra

1997 5705 2169 5777 turpia
2194 5719 2314 5763 esse
2357 5711 2640 5775 putarunt,
2687 5698 2757 5756 ob
2785 5697 2982 5754 malum
3007 5696 3359 5770 quorumdam
3388 5709 3564 5752 usum.
