4094 6222
551 333 655 392 ἳ59

551 450 656 505 Sed
701 462 804 502 non
845 443 1082 516 oportuit
1109 459 1124 495 :
1155 454 1261 494 non
1303 436 1450 492 enim
1479 444 1681 490 natura:
1707 434 1786 490 rei
1815 432 2131 488 attributum

552 551 635 596 est
667 551 942 610 peccatum
970 577 984 600 ,
1030 533 1125 589 sed
1156 529 1412 585 voluntati
1439 528 1556 598 ejus
1586 528 1674 597 qui
1713 526 1816 581 hoc
1842 525 2018 580 scelus
2043 539 2136 595 ag-

552 633 701 702 gredi
725 630 906 684 audet.
937 624 1164 692 Quidam
1190 631 1366 677 autem
1393 636 1454 676 ea
1484 636 1602 690 quae
1629 628 1756 673 sunt
1780 617 1986 672 infirma
2014 656 2030 679 ,
2063 615 2137 668 in-

554 723 774 776 honesta
796 759 810 780 .
837 728 890 772 et
917 714 1246 778 necessaria,
1279 722 1333 768 et
1359 711 1546 781 majori
1573 710 1820 764 fruuntur
1845 707 2074 767 hon'ore,
2102 718 2132 756 a
2161 763 2176 772 ,

554 812 717 868 Paulo
745 809 812 864 de
837 807 1007 863 oculis
1045 805 1353 862 existimant
1379 804 1518 858 dicta
1545 803 1708 857 fuisse
1727 842 1742 865 ,
1773 800 1864 870 qui
1892 799 1942 852 vi
1969 798 2134 852 mino-

553 917 677 964 res,
713 915 808 953 usu
837 907 1016 952 autem
1056 896 1265 951 caneris
1309 903 1600 965 prarstant;
1645 888 2009 947 inhonestiora
2046 901 2134 940 au-

557 1001 663 1045 tem
697 989 860 1061 pedes
892 1007 905 1042 :
946 1003 1070 1043 nam
1096 1001 1284 1042 eorum
1308 999 1519 1058 quoque
1545 983 1710 1040 multa
1734 982 1936 1053 geritur
1963 977 2134 1050 provi-

551 1080 754 1136 dentia.

628 1172 685 1226 2.
705 1170 926 1238 Deinde,
950 1185 1017 1225 ne
1040 1169 1201 1225 aliam
1222 1181 1408 1225 rursus
1423 1164 1770 1237 hyperbolem
1793 1163 2010 1230 faceret,
2025 1161 2126 1215 ait:

553 1265 646 1322 ει.
684 1265 909 1320 Honesta
937 1274 1101 1319 autent
1131 1273 1304 1319 nostra
1331 1262 1520 1316 nullius
1547 1268 1706 1330 egent.
1742 1257 1819 1314 Ne
1839 1257 1958 1328 quis
1987 1256 2129 1311 enim

563 1361 806 1416 diceret:
842 1357 1020 1426 Ecqua
1053 1356 1169 1412 haec
1193 1355 1377 1410 ratio?
1431 1353 1651 1408 honesta
1680 1350 1955 1419 despicere
1971 1356 2026 1402 et
2045 1348 2130 1401 in-

565 1450 964 1506 honesnoribus
990 1447 1280 1518 advigilare
1299 1445 1324 1499 ἲ
1343 1444 1458 1500 Non
1489 1442 1845 1512 despicientes
1866 1439 1968 1494 hoc
1993 1436 2126 1492 faci-

565 1557 704 1606 mus,
752 1541 942 1612 inquit,
993 1539 1090 1596 sed
1116 1540 1238 1609 quia
1262 1537 1378 1592 haec
1401 1551 1530 1592 cura
1574 1549 1680 1588 non
1709 1542 1885 1602 egent.
1917 1531 1982 1610 Et
2012 1527 2134 1584 vide

557 1645 810 1707 quantum
837 1633 1138 1688 encominm
1167 1631 1346 1701 paucis
1361 1628 1589 1684 efferens
1609 1623 2006 1688 transcurrerit,
2028 1621 2131 1676 hoc

565 1735 867 1797 opportune
894 1734 948 1779 et
979 1707 1182 1778 uiiliter
1208 1721 1429 1776 faciens.
1487 1718 1670 1789 Neque
1699 1717 1800 1772 hoc
1824 1722 2126 1780 contentus,

555 1833 770 1874 causam
798 1817 958 1872 etiam
983 1814 1167 1884 adjicit
1190 1813 1408 1869 dicens:
1431 1810 1536 1867 Sed
1564 1811 1696 1864 Deus
1721 1811 2009 1880 temperavit
2026 1823 2131 1861 cor-

562 1926 676 1980 pus,
707 1909 752 1962 ei
775 1908 858 1962 cui
885 1907 1055 1960 deerat
1079 1905 1499 1959 abundantiorem
1549 1901 1814 1956 tribuendo
1842 1902 2084 1956 honorem
2115 1943 2130 1965 ,

555 1999 647 2056 9.5.
668 2007 835 2052 utnon
859 1997 923 2052 ait
944 1997 1164 2051 schisma
1183 1997 1236 2049 in
1261 2011 1490 2065 corpore.
1515 1993 1570 2048 Si
1588 2003 1765 2048 autem
1788 1993 2126 2064 temperavit,

555 2108 661 2148 non
700 2093 826 2150 sivit
865 2106 1121 2162 apparere
1147 2091 1198 2144 id
1228 2089 1371 2160 quod
1391 2097 1506 2144 erat
1533 2087 1886 2143 inhonestius.
1917 2087 2128 2142 Etenim

554 2185 694 2256 quod
717 2191 1158 2252 contemperatur
1207 2183 1322 2236 sive
1373 2181 1648 2245 miscetur,
1705 2179 1766 2234 fit
1791 2194 1979 2244 unum,
2028 2192 2128 2234 nec

555 2284 779 2347 apparet
802 2274 930 2346 quid
958 2284 1114 2329 antea
1166 2281 1348 2328 esset:
1380 2287 1502 2327 nam
1531 2287 1599 2327 ne
1626 2269 1843 2342 quidem
1887 2279 2130 2326 contem-

553 2375 796 2437 peratum
824 2365 988 2421 fuisse
1017 2365 1333 2422 dixerimus.
1374 2363 1444 2418 Et
1470 2362 1592 2418 vide
1630 2377 1789 2434 quam
1817 2362 2128 2432 frequenter

551 2459 790 2516 defectus
821 2468 1192 2530 prmtercurrat
1211 2458 1414 2524 dicens,
1443 2457 1506 2512 Ei
1527 2459 1609 2512 cui
1628 2459 1819 2514 deerat.
1841 2458 1956 2514 Non
1971 2459 2124 2526 dixit,

553 2551 841 2607 lnhonesto
863 2551 944 2608 vel
976 2551 1136 2622 turpi,
1169 2550 1288 2618 sed,
1321 2549 1384 2604 Ei
1427 2551 1510 2604 cui
1530 2550 1721 2605 deerat.
1753 2550 1852 2606 Cui
1894 2551 2078 2607 deerat
2109 2567 2125 2618 ;

551 2643 862 2715 quomodo?
923 2643 1231 2701 Secundum
1278 2653 1542 2700 naturam.
1587 2643 1653 2698 Ei
1698 2646 1944 2716 majorem
1997 2645 2127 2700 dans

553 2735 812 2790 honorem.
845 2734 912 2792 Et
949 2735 1158 2806 quare?
1185 2734 1256 2792 Ut
1295 2750 1402 2790 non
1425 2744 1573 2792 esset
1596 2735 1831 2792 schisma
1855 2737 1907 2792 in
1935 2751 2128 2805 corpo-

553 2841 632 2882 re.
659 2827 791 2894 Quia
822 2827 964 2882 enim
989 2829 1248 2882 immensa
1277 2827 1652 2884 consolatione
1682 2827 1942 2894 fruentes,
1975 2828 2125 2882 dole-

553 2919 682 2973 bant
712 2929 912 2983 tamen,
944 2927 1002 2972 ut
1029 2919 1118 2988 qui
1149 2919 1354 2974 minora
1377 2920 1734 2990 accepissent,
1764 2920 2002 2975 ostendit
2031 2933 2126 2975 eos

553 3010 721 3082 magis
769 3008 932 3066 fuisse
965 3011 1296 3066 honoratos:
1330 3009 1398 3064 Ei
1413 3013 1494 3064 cui
1523 3011 1712 3075 deerat,
1742 3011 1932 3081 inquit,
1964 2993 2128 3065 tiburt-

554 3101 834 3158 dantiorem
855 3101 1120 3158 tribuendo
1150 3102 1412 3158 honorem.
1447 3102 1650 3158 Deinde
1666 3111 1842 3158 autem
1865 3103 2126 3158 rationem

555 3195 848 3265 subjungit,
876 3193 1165 3250 ostendens
1195 3195 1336 3265 quod
1363 3206 1660 3266 opportune
1684 3195 1967 3262 effecisset,
1991 3204 2051 3251 ut
2071 3204 2128 3254 et

555 3290 628 3344 illi
659 3289 891 3356 deesset,
925 3299 978 3345 et
1003 3289 1170 3360 magis
1191 3305 1312 3344 eum
1342 3289 1651 3345 honoraret.
1677 3288 1807 3356 Qute
1829 3289 1918 3345 illa
1947 3289 2128 3345 ratio?

557 3381 640 3436 Ne
658 3387 741 3444 sit,
771 3383 960 3451 inquit,
989 3381 1210 3436 schisnta
1229 3383 1525 3450 incorpore.
1555 3380 1663 3435 Nec
1687 3379 1840 3448 dixit,
1874 3381 1929 3436 In
1958 3395 2128 3438 mem-

557 3473 686 3534 bris,
705 3472 819 3536 sed,
843 3471 907 3526 In
930 3489 1156 3543 corpore.
1189 3473 1399 3527 Etenim
1427 3472 1589 3527 multa
1620 3471 1794 3527 futura
1817 3481 1932 3528 erat
1955 3488 2123 3530 exsu-

557 3565 819 3636 perantia,
852 3565 897 3621 si
919 3565 1021 3620 alia
1048 3565 1262 3635 quidem
1293 3572 1348 3620 et
1372 3580 1439 3620 ex
1456 3574 1642 3618 natura
1668 3574 1722 3620 et
1741 3573 1920 3620 nostra
1947 3569 2127 3637 provi-

556 3659 734 3713 dentia
763 3668 1098 3726 curarentur,
1121 3658 1222 3712 alia
1255 3667 1429 3712 autem
1452 3665 1696 3712 neutrum
1721 3657 2012 3724 haberent;
2031 3660 2128 3716 sed

559 3750 628 3804 ab
653 3751 878 3804 invicem
908 3751 1148 3806 exscissa
1175 3748 1422 3816 fuissent,
1453 3758 1511 3804 ut
1549 3765 1668 3821 qua:
1695 3749 1836 3807 ferre
1869 3768 1978 3808 non
2003 3768 2129 3824 pos-

564 3851 682 3896 sent
729 3841 1202 3910 conjunctionem:
1257 3840 1512 3897 abscissis
1544 3851 1723 3898 autem
1766 3843 1884 3912 his,
1935 3853 2128 3900 ctetera

559 3949 770 4004 quoque
797 3933 1047 3989 damnum
1073 3932 1426 4002 accepissent.
1457 3934 1702 3991 Vidistin’
1740 3937 2009 4007 quomodo
2042 3952 2132 3994 os-

561 4025 730 4080 tendit
781 4025 1084 4080 necessario
1115 4027 1373 4094 majorem
1410 4026 1460 4080 ei
1487 4027 1574 4098 qui
1603 4028 1786 4084 delicit
1811 4029 1926 4084 dari
1955 4027 2132 4085 hono-

561 4117 715 4172 rem?
741 4117 797 4172 Si
826 4119 967 4170 enim
1019 4115 1119 4171 hoc
1158 4114 1356 4171 factum
1398 4133 1504 4172 non
1559 4120 1782 4188 fuisset,
1831 4122 2131 4178 communis

561 4207 797 4266 Omnium
825 4209 1088 4277 pernicies
1113 4208 1318 4277 fuisset,
1343 4210 1537 4282 inquit.
1568 4212 1699 4268 Nam
1727 4215 1772 4269 si
1801 4230 1899 4270 nos
1921 4215 2128 4270 illorum

563 4315 668 4355 non
713 4314 955 4370 magnam
989 4301 1342 4370 gessissemus
1371 4318 1552 4359 curam
1579 4345 1594 4368 ,
1625 4315 1941 4362 nocumenta
1973 4321 2127 4363 acce-

563 4392 765 4460 pissent
785 4405 904 4446 cum
930 4405 958 4443 a
999 4400 1186 4448 natura
1227 4395 1481 4450 auxilium
1537 4411 1645 4452 non
1673 4396 1952 4464 haberent,
1979 4405 2036 4452 et
2062 4412 2130 4453 ex

565 4484 667 4537 hoc
685 4490 1003 4537 nocumento
1027 4486 1340 4554 periissem;
1363 4489 1404 4541 si
1429 4489 1735 4559 perlissent,
1754 4503 1948 4560 corpus
1971 4489 2134 4546 disci-

567 4571 800 4635 dissent;
827 4573 994 4627 st'isso
1043 4589 1291 4646 corpore,
1321 4587 1512 4633 ctetera
1554 4581 1713 4634 etiam
1759 4598 1876 4651 qua:
1901 4592 2023 4636 sunt
2049 4581 2132 4637 his

565 4661 722 4732 longe
743 4661 941 4732 majora
973 4666 1273 4733 periissent.
1326 4666 1511 4722 Viden’
1536 4667 1723 4723 horum
1753 4685 1894 4726 cura:
1920 4671 2131 4728 illorum

564 4773 776 4829 quoque
826 4758 1211 4830 providentiam
1239 4773 1359 4814 esse
1387 4760 1722 4829 conjtt'tctam
1764 4765 1786 4818 ‘I
1830 4765 1942 4820 Non
1987 4768 2131 4822 enim

563 4849 635 4903 ita
667 4852 717 4904 in
748 4853 963 4922 propria
986 4860 1168 4906 natura
1201 4849 1400 4906 habent
1423 4852 1558 4922 quod
1581 4853 1708 4922 sint,
1736 4865 1795 4911 ut
1826 4858 1876 4911 in
1901 4873 2132 4930 corpore

567 4938 766 4994 habent
785 4944 925 5012 quod
954 4943 1057 4997 sint
1091 4957 1274 4997 unum.
1301 4941 1430 4998 Ideo
1451 4944 1494 4998 si
1524 4959 1719 5014 corpus
1769 4946 1979 5017 quidem
2006 4965 2132 5020 per-

571 5038 678 5088 eat.
713 5032 914 5086 nullum
966 5033 1095 5102 ipsis
1143 5033 1348 5089 lucrum
1389 5051 1455 5090 ex
1487 5035 1814 5107 singulorum
1862 5038 2130 5108 sanitate;

575 5119 668 5175 sed
697 5119 811 5174 sive
832 5122 1018 5176 oculus
1045 5136 1278 5187 maneat,
1309 5126 1421 5180 sive
1445 5144 1624 5194 nasus,
1655 5128 1794 5200 quod
1840 5145 1997 5186 suum
2046 5144 2132 5188 est

565 5225 804 5278 servans,
835 5212 1081 5283 ligamine
1112 5217 1308 5284 soluto,
1335 5219 1479 5272 nulla
1502 5230 1680 5290 postea
1714 5222 1835 5278 hinc
1858 5224 1960 5279 erit
1986 5225 2130 5281 utili-

567 5315 668 5360 tas.
700 5303 850 5372 Quod
863 5305 906 5359 si
930 5303 1031 5360 hoc
1047 5319 1314 5374 manente,
1337 5309 1424 5364 illa
1451 5323 1826 5370 nocumentum
1848 5315 2128 5386 accipiant,

568 5406 623 5451 et
641 5404 914 5466 gestantur
941 5403 994 5450 et
1012 5395 1078 5450 ad
1110 5398 1391 5454 sanitatem
1411 5399 1518 5456 cito
1548 5400 1793 5459 redeunt.
1839 5404 1944 5460 Sed
1972 5405 2128 5462 dixe-

571 5489 641 5542 rit
664 5487 893 5543 furtasse
921 5489 1182 5560 quispiam
1215 5508 1230 5546 :
1257 5491 1367 5546 Hoc
1403 5494 1618 5563 quidem
1641 5495 1691 5550 in
1713 5509 1937 5568 corpore
1967 5497 2129 5553 ratio.

565 5593 689 5635 nem
744 5573 921 5645 habet,
973 5580 1191 5652 quodid
1217 5585 1302 5639 cui
1332 5584 1534 5640 desunt
1580 5589 1820 5658 quaedam
1874 5589 2134 5659 majorem

565 5669 790 5739 accipiat
819 5671 1074 5729 honorem
1103 5691 1118 5740 ;
1153 5676 1290 5746 apud
1313 5676 1556 5734 homines
1583 5694 1714 5737 vero
1733 5679 1999 5752 quomodt
2031 5681 2133 5739 hoc

569 5765 861 5822 cernatur?
913 5765 969 5821 In
1018 5766 1317 5826 hominibus
1361 5778 1506 5829 certe
1557 5771 1787 5831 maxime
1812 5772 1863 5829 id
1891 5773 2132 5832 accidere

1289 325 1346 382 S.
1383 321 1656 379 JOANNIS
1691 316 2160 378 CHRYSOSTOMI
2197 317 2512 375 ARCHIEP.
2551 320 3080 377 CONSTANTINOP.

3707 325 3816 383 260

2243 432 2445 488 videas.
2477 433 2686 488 Etenim
2715 433 2748 488 ii
2776 435 2866 505 qui
2900 436 3038 489 circa
3072 434 3402 491 undecimam
3433 437 3616 492 horam
3644 454 3813 495 vene-

2240 534 2386 592 runt,
2408 525 2562 596 primi
2607 526 2912 582 mercedem
2943 541 3199 597 accepere
3225 544 3240 586 :
3269 539 3325 583 et
3364 529 3479 582 ovis
3503 544 3690 585 errans
3716 548 3814 601 pa-

2239 618 2374 671 stori
2391 617 2558 671 suasit
2587 625 2646 671 ut
2675 618 2961 687 nonaginta
2986 631 3177 672 novem
3227 618 3359 672 alias
3387 619 3730 690 relinqueret.
3757 633 3818 678 et

2238 705 2303 760 ad
2334 706 2502 776 ipsam
2547 718 2860 762 accurreret
2881 718 2935 762 et
2965 718 3025 762 ut
3062 719 3272 779 reperta
3321 721 3622 780 gestaretur
3644 754 3660 778 ,
3704 731 3814 770 non

2238 797 2582 888 abigeretur;
2613 810 2668 854 et
2705 799 2844 855 filius
2876 801 3127 872 prodigus
3155 802 3273 872 plus
3304 802 3522 858 honoris
3554 808 3765 877 accepit
3791 849 3811 876 ,

2236 905 2396 960 quam
2425 891 2468 946 is
2499 893 2589 962 qui
2616 907 2675 948 se
2704 903 2848 948 recte
2876 903 3116 962 gesserat
3147 911 3160 958 ;
3191 902 3249 949 et
3279 895 3414 950 latro
3441 907 3562 952 ante
3588 909 3812 968 aposto-

2237 981 2320 1038 los
2361 993 2646 1038 coronatus
2671 993 2726 1039 et
2750 984 3051 1039 celebratus
3093 995 3194 1040 est.
3245 985 3301 1039 In
3335 987 3548 1042 talentis
3594 1005 3814 1061 quoque

2235 1071 2465 1144 idipsum
2485 1075 2680 1130 factum
2712 1075 2907 1133 videas.
2944 1075 3076 1130 Nam
3099 1077 3186 1146 qni
3223 1077 3420 1132 talenta
3453 1081 3690 1149 quinque
3716 1095 3810 1135 ac-

2234 1177 2468 1237 ceperat,
2487 1175 2540 1222 et
2559 1167 2646 1237 qui
2677 1167 2784 1221 duo
2803 1177 3099 1237 acceperat,
3131 1169 3316 1224 eadem
3348 1172 3594 1227 moreede
3621 1173 3814 1245 digna-

2237 1261 2275 1315 ti
2301 1270 2458 1325 sunt;
2487 1261 2671 1329 etipse
2691 1259 2836 1330 quod
2857 1259 2962 1314 duo
2984 1261 3283 1330 accepisset
3305 1277 3368 1316 ex
3397 1279 3584 1334 magna
3608 1266 3807 1324 factum

2235 1363 2322 1410 est
2339 1353 2692 1424 providentia.
2715 1351 2848 1407 Nam
2870 1354 2911 1406 si
2940 1353 3176 1422 quinque
3206 1355 3303 1421 ipsi
3329 1356 3632 1411 concredita
3675 1357 3810 1415 fuis~

2236 1455 2375 1512 sent,
2399 1461 2520 1501 cum
2547 1461 2650 1500 non
2669 1455 2853 1516 posset
2880 1445 2967 1499 illa
3009 1461 3224 1516 augere,
3248 1462 3311 1502 ex
3343 1457 3453 1502 toto
3481 1450 3805 1520 excidisset;

2237 1555 2358 1595 cum
2387 1549 2563 1594 autem
2618 1538 2726 1594 duo
2774 1539 3091 1609 accepisset,
3141 1553 3260 1594 cum
3285 1555 3346 1593 ea
3373 1557 3492 1611 qua:
3541 1559 3706 1612 penes
3748 1561 3810 1602 se

2236 1639 2392 1688 erant
2416 1631 2708 1700 implesset,
2737 1629 2928 1684 eodem
2961 1629 3206 1698 dignatus
3249 1639 3332 1685 est
3359 1634 3574 1701 prmmio
3600 1651 3708 1706 quo
3738 1637 3806 1706 is,

2235 1725 2325 1793 qui
2349 1737 2468 1776 cum
2495 1722 2729 1791 quinque
2753 1729 3002 1790 operatus
3024 1719 3216 1786 fuerat,
3243 1730 3297 1775 et
3321 1737 3386 1776 eo
3416 1723 3562 1778 illum
3584 1741 3810 1796 supera-

2235 1815 2331 1877 vit,
2357 1811 2498 1883 quod
2529 1827 2559 1866 a
2578 1809 2869 1866 minoribus
2897 1810 3168 1866 laboribus
3197 1813 3410 1868 easdem
3443 1829 3808 1887 consequutus

2233 1906 2304 1962 sit
2330 1919 2576 1960 coronas.
2603 1904 2762 1973 Atqui
2786 1903 2897 1974 ipse
2913 1918 3124 1975 quoque
3169 1903 3330 1960 homo
3374 1915 3521 1974 erat,
3549 1919 3683 1964 utet
3714 1913 3806 1968 ille

2233 1997 2321 2068 qui
2347 1998 2552 2065 accepit
2574 1996 2841 2067 quinque:
2873 2003 3106 2049 attamen
3138 2010 3241 2050 non
3273 2005 3379 2051 tam
3404 2009 3653 2056 accurate
3681 2017 3805 2058 cum

2234 2090 2325 2144 illo
2346 2089 2580 2143 rationes
2622 2089 2787 2158 exigit
2835 2087 3128 2152 Dominus,
3181 2104 3357 2159 neque
3403 2091 3546 2162 cogit
3573 2093 3720 2147 illum
3750 2104 3810 2152 ut

2235 2189 2377 2235 tanta
2401 2179 2578 2244 faciat,
2606 2188 2799 2251 quanta
2822 2192 3112 2234 conservus
3143 2178 3259 2247 ejus
3283 2197 3298 2244 ;
3323 2196 3495 2250 neque
3520 2181 3668 2250 dicit,
3696 2183 3808 2241 Cur

2233 2289 2340 2328 non
2374 2282 2522 2342 potes
2549 2273 2783 2342 quinque
2815 2270 3082 2326 conficere
3101 2270 3124 2323 ἲ
3145 2271 3286 2339 quod
3314 2275 3508 2328 merito
3535 2275 3759 2333 dixisset
3784 2295 3802 2344 ;

2232 2365 2326 2421 sed
2347 2374 2401 2418 et
2427 2364 2595 2436 ipsum
2619 2361 2910 2418 coronavit.
2948 2361 3074 2418 Huic
3101 2377 3228 2433 ergo
3251 2378 3372 2418 cum
3402 2366 3604 2432 sciatis,
3638 2385 3706 2424 ne
3733 2371 3808 2426 in-

2232 2459 2441 2514 sultetis
2465 2455 3047 2530 majoresnninuribus,
3087 2470 3154 2510 ne
3187 2471 3281 2512 vos
3321 2457 3466 2528 ipsos
3509 2470 3633 2516 ante
3681 2463 3806 2518 illos

2232 2549 2475 2614 lmdatis;
2525 2551 2630 2604 illis
2676 2552 2817 2605 enim
2866 2549 3150 2614 abscissis,
3193 2559 3359 2605 totum
3401 2552 3536 2620 perit
3584 2569 3799 2625 corpus.

2230 2641 2368 2712 Quid
2390 2643 2533 2698 enim
2561 2643 2700 2698 aliud
2732 2653 2814 2698 est
2850 2659 3042 2716 corpus
3064 2688 3079 2714 ,
3108 2661 3266 2717 quam
3312 2644 3475 2700 multa
3517 2646 3754 2701 membra
3779 2647 3805 2700 ἳ

2229 2738 2368 2792 sicut
2390 2745 2446 2792 et
2471 2737 2586 2806 ipse
2605 2737 2698 2799 ait,
2731 2737 2928 2808 Corpus
2954 2756 3054 2794 non
3082 2750 3154 2794 est
3184 2756 3339 2793 unum
3371 2738 3646 2792 membrum
3667 2782 3682 2804 ,
3715 2741 3806 2793 sed

2233 2830 2416 2881 multa.
2475 2827 2531 2882 Si
2563 2829 2722 2897 igitur
2771 2829 2871 2884 hoc
2919 2840 3003 2885 est
3031 2845 3250 2900 corpus,
3295 2831 3520 2886 sollicite
3551 2846 3804 2890 curemus

2232 2928 2289 2974 ut
2318 2919 2474 2988 plura
2505 2919 2924 2988 maneantplura
2949 2936 2964 2986 ;
2995 2921 3066 2974 ita
3098 2931 3174 2985 ut,
3205 2921 3249 2975 si
3279 2921 3380 2975 hoc
3409 2937 3512 2976 non
3537 2931 3802 2987 servetur,

2229 3009 2389 3066 letale
2416 3011 2706 3081 accipiatur
2735 3011 2946 3068 vulnus.
2977 3010 3314 3081 Quapropter
3340 3011 3427 3066 ille
3455 3027 3558 3066 non
3589 3013 3690 3066 huc
3718 3025 3808 3067 so-

2229 3101 2339 3156 lum
2361 3102 2546 3171 exigit,
2578 3109 2638 3156 ut
2665 3117 2732 3156 ne
2756 3102 2823 3156 ab
2839 3102 2960 3157 aliis
2988 3103 3387 3168 abscindamur,
3417 3102 3510 3158 sed
3549 3104 3715 3158 etiam
3743 3112 3800 3158 ut

2230 3194 2515 3251 admodum
2537 3195 2804 3266 conjuncti
2834 3210 3167 3251 maneamus.
3189 3194 3322 3250 Cum
3349 3195 3570 3251 dixisset
3606 3196 3750 3251 enim
3784 3237 3802 3261 ,

2234 3283 2300 3344 Ut
2319 3299 2424 3339 non
2454 3287 2753 3341 sitschiama
2777 3287 2829 3340 in
2849 3303 3058 3357 corpore
3075 3302 3095 3351 ,°
3125 3303 3231 3342 non
3261 3287 3362 3343 hoc
3379 3297 3660 3342 contentus
3681 3287 3805 3352 fuit,

2231 3377 2324 3435 sed
2373 3377 2675 3448 subjunxit:
2728 3378 2795 3434 Ut
2824 3378 2876 3432 in
2905 3379 3073 3447 ipsum
3103 3395 3194 3448 pro
3223 3379 3433 3433 invicem
3457 3379 3674 3434 sollicita
3702 3383 3807 3433 sint

2229 3469 2452 3525 membra
2476 3487 2495 3536 ;
2536 3470 2759 3525 alteram
2785 3469 2922 3524 hanc
2948 3485 3160 3541 quoque
3185 3484 3398 3526 causam
3427 3470 3677 3534 atierens,
3710 3486 3806 3525 cur

2230 3563 2439 3620 minora
2462 3562 2720 3632 majorem
2769 3571 3124 3633 assequantur
3149 3561 3426 3617 honorem.
3459 3561 3575 3616 Non
3600 3571 3805 3617 tantum

2233 3655 2376 3712 enim
2396 3697 2412 3722 ,
2440 3664 2500 3710 ut
2525 3671 2630 3710 non
2656 3655 2725 3710 ab
2747 3657 2972 3711 invicem
3018 3665 3354 3726 separentur,
3381 3655 3460 3710 sic
3480 3655 3808 3726 dispensavit

2235 3747 2395 3811 Deus,
2417 3747 2511 3803 sed
2540 3748 2699 3803 etiam
2740 3757 2798 3802 ut
2825 3747 2988 3803 multa
3009 3756 3153 3803 esset
3178 3749 3372 3804 caritas
3403 3756 3458 3803 et
3490 3747 3804 3804 concordia.

2237 3840 2369 3898 Nam
2393 3841 2438 3897 si
2468 3841 2697 3912 singulis
2723 3855 2858 3911 opus
2884 3850 2965 3896 cst
3008 3841 3232 3911 proximi
3278 3840 3434 3895 saluti
3466 3839 3756 3910 advigilare
3787 3881 3804 3905 ,

2238 3950 2306 3991 ne
2336 3934 2467 3989 mihi
2497 3938 2673 3988 minus
2695 3943 2750 3988 et
2773 3933 2941 4003 magis
2987 3931 3187 3987 dixeris
3217 3949 3230 3985 :
3275 3931 3362 3988 hic
3404 3933 3546 3986 enim
3579 3947 3682 3987 non
3723 3941 3809 3987 est

2235 4027 2352 4098 plus
2375 4035 2430 4083 et
2459 4026 2657 4081 minus.
2694 4025 2938 4080 Manente
2967 4039 3197 4095 namque
3225 4037 3471 4093 corpore,
3496 4032 3672 4092 potest
3695 4022 3804 4078 dif-

2238 4118 2461 4175 ferentia
2489 4118 2657 4175 vidcri
2687 4135 2702 4185 ;
2735 4125 2992 4189 pereunte
3023 4125 3202 4172 autem
3224 4157 3241 4186 ,
3269 4131 3376 4173 non
3406 4116 3533 4172 item
3560 4135 3574 4172 :
3613 4115 3807 4189 peribit

2235 4227 2382 4280 vero,
2411 4213 2512 4268 nisi
2539 4213 2742 4269 minora
2765 4220 3030 4267 maneant.

2311 4307 2367 4360 5.
2389 4307 2442 4360 Si
2467 4321 2594 4376 ergo
2623 4319 2813 4376 magna
2839 4304 3084 4374 peribunt
3114 4303 3290 4374 parvis
3317 4303 3585 4369 abscissis,
3616 4302 3811 4357 simili-

2239 4405 2321 4452 ter
2357 4394 2555 4451 debent
2598 4395 2711 4451 haec
2737 4409 2924 4466 magna
2952 4409 3236 4466 parvorum
3268 4394 3490 4468 perinde
3518 4403 3677 4464 atque
3723 4393 3810 4450 sui

2237 4502 2420 4544 curam
2451 4501 2636 4557 gerere
2659 4503 2674 4540 :
2702 4501 2824 4542 cum
2845 4487 3033 4542 horum
3053 4486 3195 4543 enim
3217 4487 3386 4542 salute
3406 4493 3624 4542 manent
3648 4485 3810 4540 etiam

2237 4577 2461 4647 majora.
2495 4576 2674 4646 Itaque
2725 4577 2935 4632 etiamsi
2979 4577 3171 4633 millies
3217 4576 3454 4644 dixeris,
3509 4575 3811 4632 membrum

2239 4683 2360 4725 esse
2383 4667 2666 4741 inglorium
2687 4677 2738 4722 et
2765 4668 2974 4734 minus;
3003 4669 3097 4724 sed
3129 4668 3230 4723 nisi
3284 4683 3436 4740 teque
3483 4667 3764 4738 provideas
3792 4709 3810 4733 ,

2239 4769 2295 4816 ut
2327 4775 2422 4830 pro
2451 4769 2502 4816 te
2529 4761 2665 4832 ipso,
2694 4759 2788 4816 sed
2815 4769 2873 4816 ut
2914 4761 3090 4815 minus
3118 4760 3246 4816 illud
3275 4761 3533 4832 negligas,
3555 4760 3812 4816 damnum

2241 4854 2294 4910 in
2322 4864 2372 4911 te
2391 4854 2653 4910 transibit.
2689 4851 2892 4909 Idcirco
2917 4867 3020 4908 non
3045 4852 3199 4909 dixit.
3225 4853 3294 4909 Ut
3325 4869 3420 4924 pro
3439 4854 3664 4908 invicem
3690 4862 3815 4908 tan-

2241 4957 2352 5002 tum
2379 4947 2607 5002 sollicita
2639 4947 2746 5000 sint
2773 4946 3033 5012 membra,
3069 4944 3162 5001 sed
3192 4945 3418 5016 adjecit,
3455 4945 3522 5002 Ut
3551 4947 3612 5000 de
3638 4947 3816 5000 eodem

2244 5055 2337 5110 pro
2367 5054 2420 5092 se
2439 5038 2650 5091 invicem
2676 5037 2897 5090 sollicita
2924 5037 3024 5091 sint
3067 5038 3330 5102 membra;
3358 5036 3412 5092 id
3477 5047 3564 5094 est
3590 5077 3605 5104 ,
3650 5036 3820 5094 simili

2247 5138 2301 5184 et
2329 5127 2538 5192 eadem,
2571 5141 2674 5196 qua
2702 5141 2945 5196 magnus,
2998 5141 3193 5197 parvus
3220 5143 3434 5199 quoque
3461 5127 3667 5182 fruatur
3688 5145 3815 5198 pro-

2243 5219 2497 5274 videntia.
2531 5217 2606 5273 Ne
2626 5219 2799 5288 itaque
2827 5217 3046 5284 dixeris,
3074 5218 3165 5276 llle
3193 5219 3433 5290 plebeius
3469 5230 3572 5286 est,
3595 5221 3690 5277 sed
3718 5237 3815 5279 co-

2241 5313 2346 5381 gita
2374 5311 2521 5366 illum
2543 5325 2662 5366 esse
2690 5311 2982 5364 membrum
3001 5313 3263 5382 corporis,
3282 5312 3424 5383 quod
3451 5321 3621 5368 totum
3643 5314 3818 5369 conti-

2242 5412 2362 5459 net:
2384 5417 2445 5457 ac
2461 5402 2904 5474 quemadmodum
2922 5404 3124 5469 oculus,
3151 5403 3222 5459 ita
3238 5412 3292 5459 et
3305 5403 3388 5459 hic
3406 5403 3532 5460 facit
3546 5414 3604 5460 ut
3619 5420 3816 5475 corpus

2245 5497 2315 5552 sit
2368 5511 2584 5566 corpus.
2645 5494 2748 5552 Ubi
2809 5497 2950 5550 enim
3001 5511 3197 5565 corpus
3241 5495 3577 5564 aedificatur,
3633 5498 3818 5554 nullus

2245 5588 2514 5661 quidpiam
2556 5588 2715 5644 habet
2761 5588 3026 5660 amplius,
3082 5603 3241 5660 quam
3287 5589 3582 5659 proximus.
3628 5587 3818 5660 Neque

2245 5681 2386 5739 enim
2414 5680 2514 5736 hoc
2539 5696 2733 5750 corpus
2771 5679 2934 5748 facit,
2961 5688 3020 5735 ut
3062 5681 3132 5735 sit
3169 5679 3299 5736 illud
3335 5680 3553 5753 quidem
3598 5682 3815 5751 majus,

2251 5778 2350 5833 hoc
2376 5791 2502 5833 vero
2523 5774 2716 5844 minus,
2738 5770 2832 5831 sed
2851 5770 2993 5846 quod
3015 5772 3184 5832 multa
3207 5772 3309 5829 sint
3332 5781 3391 5830 et
3409 5771 3636 5830 diversa.
3666 5770 3818 5829 Sicut
