4094 6222
386 242 498 300 259

385 363 547 424 Τινές
577 359 635 413 δέ
663 357 732 413 τά
755 357 1123 431 ἀσθενέστερα
1143 359 1238 414 καὶ
1266 359 1435 434 ἄτιμα
1456 365 1550 417 καὶ
1572 364 1842 433 ἀναγκαῖα
1865 357 1960 416 καὶ

381 444 553 514 τιμῆς
589 442 926 499 ἀπολαύοντα
955 444 1198 508 πλείονος
1230 446 1356 516 περὶ
1402 446 1693 517 ὀφθαλμῶν
1718 449 1812 502 καὶ
1851 463 1953 499 πο-

381 527 492 580 δῶν
519 525 770 597 εἰρῆσθαι
803 525 880 595 τῷ
908 525 1104 597 Παύλῳ
1133 528 1431 597 νομίζουσι,
1467 529 1562 583 καὶ
1594 528 1958 599 ἀσθενέστερα

383 611 480 663 καὶ
504 612 775 678 ἀναγκαῖα
801 609 927 673 τοὺς
943 609 1251 680 ὀφθαλμοὺς
1263 611 1462 678 λέγειν,
1479 613 1560 665 ὅτι
1582 612 1956 683 ἐλαττούμενοι

383 696 453 762 τῇ
487 693 738 761 δυνάμει,
781 691 1163 746 πλεονεκτοῦσι
1186 695 1253 763 τῇ
1283 693 1463 764 χρεία,
1491 693 1560 746 τά
1579 695 1636 748 δὲ
1663 696 1956 767 ἀτιμότερα

382 777 516 840 τοὺς
552 775 750 839 πόδας·
780 775 873 828 καὶ
913 775 1022 847 γὰρ
1063 775 1156 829 καὶ
1197 772 1340 831 οῦτοι
1388 775 1589 848 πολλῆς
1625 779 1954 834 ἀπολαύουσι

383 859 663 930 προνοίας.

456 957 523 1026 β’.
551 952 680 1010 Εἶτα
707 955 794 1008 ἵνα
825 955 900 1027 μὴ
931 956 1094 1011 πάλιν
1120 955 1286 1028 ἀλλην
1306 957 1606 1028 ὑπερϐολὴν
1631 957 1952 1029 ἐργάσηται,

383 1040 519 1110 φησί
538 1056 554 1072 ο
592 1039 669 1092 Τὰ
692 1038 761 1091 δὲ
783 1039 1136 1108 εὐσχήμονα
1157 1039 1327 1109 ἡμῶν
1347 1042 1418 1094 οὐ
1439 1043 1646 1109 χρείαν
1669 1041 1813 1111 ἔχει.
1838 1042 1952 1096 Ἵνα

383 1124 496 1192 7&9
521 1123 702 1193 μήτις
731 1121 887 1192 λέγῃ,
915 1125 1024 1176 Kal
1048 1126 1196 1186 ποῖος
1224 1117 1376 1187 οὗτος
1405 1123 1588 1193 λόγος;
1610 1122 1720 1178 τῶν
1751 1123 1848 1194 μὲν
1869 1141 1953 1177 τι-

379 1208 528 1279 μίων
548 1210 928 1278 καταφρονεῖν,
955 1210 1066 1272 τοῖς
1089 1207 1145 1260 δέ
1166 1207 1506 1279 ἀτιμοτέροις
1543 1208 1948 1279 προσεδρεύειν;

382 1293 506 1362 οὐχὶ
538 1289 998 1362 καταφρονοῦντες
1053 1291 1208 1344 τοῦτο
1265 1291 1542 1361 ποιοῦμεν,
1596 1291 1779 1361 φησὶν,
1834 1290 1949 1344 ἀλλ’

384 1375 576 1446 ἐπειδὴ
619 1376 756 1427 αύτά
787 1375 848 1427 ού
877 1375 1066 1428 δεῖται.
1103 1376 1213 1428 Kal
1244 1375 1344 1445 δρα
1377 1375 1562 1444 ἡλίκον
1589 1375 1862 1444 ἐγκώμιον
1892 1375 1948 1428 ἐν

379 1459 578 1528 βραχεί
600 1457 720 1520 θεὶς
746 1456 1088 1528 παρέδραμε,
1111 1459 1494 1528 συμφερόντως
1513 1458 1668 1511 τοῦτο
1696 1459 1791 1511 καὶ
1817 1475 1950 1529 χρη-

382 1544 560 1612 σίμως
594 1541 784 1594 ποιῶν.
837 1541 946 1593 Kal
973 1541 1096 1594 οὐδὲ
1128 1542 1376 1612 ἀρκεῖται
1421 1541 1617 1612 τούτῳ,
1669 1541 1806 1596 ἀλλά
1855 1542 1948 1594 καὶ

374 1628 563 1681 αῑτίαν
593 1624 917 1695 προστίθησι
945 1625 1119 1693 λέγων
1135 1641 1149 1657 ·
1186 1626 1336 1680 Ἀλλ’
1362 1629 1394 1680 ό
1417 1627 1560 1692 Θεὸς
1575 1626 1946 1694 συνεκέρασεν

373 1710 448 1764 τὸ
479 1707 670 1777 σῶμα,
705 1707 784 1773 τῷ
811 1708 1162 1776 ὑστεροῦντι
1212 1711 1646 1778 περισσοτέραν
1680 1709 1823 1776 δοὺς
1859 1727 1945 1764 τι·

371 1793 522 1863 μὴν,
549 1793 648 1846 ἵνα
668 1790 754 1860 μὴ
777 1791 1007 1860 σχίσμα
1035 1786 1074 1862 ᾖ
1097 1791 1166 1845 ἐν
1188 1790 1268 1856 τῷ
1288 1791 1531 1862 σώματι.
1561 1795 1622 1846 Εἰ
1644 1793 1700 1846 δὲ
1730 1794 1948 1846 συνεκέ-

379 1893 567 1948 ρασεν,
605 1874 706 1927 οὐκ
737 1875 916 1944 ἀφῆκε
950 1874 1010 1926 τὸ
1042 1875 1362 1947 ἀτιμότερον
1392 1875 1703 1944 φαίνεσθαι’
1749 1876 1810 1929 16
1839 1877 1946 1947 7&9

379 1959 718 2031 κιρνὼμενον
745 1958 804 2011 ἒν
828 1957 1054 2026 γίνεται,
1079 1958 1172 2012 καὶ
1195 1959 1254 2011 ού
1282 1959 1526 2028 φαίνεται
1551 1959 1604 2012 τί
1626 1959 1730 2031 πρὸ
1752 1960 1944 2018 τούτου

373 2039 479 2114 ἦν·
513 2042 634 2096 ἐπεὶ
678 2041 798 2094 οὐδὲ
829 2041 896 2094 ἂν
935 2041 1234 2112 κεκρᾶσθαι
1259 2043 1389 2095 αὐτὸ
1439 2042 1676 2112 φαίημεν
1707 2041 1792 2096 ἄν.
1832 2043 1944 2096 Kal

373 2128 485 2197 ὂρα
510 2125 624 2187 πῶς
646 2123 881 2195 συνεχῶς
914 2125 982 2179 τὰ
1009 2125 1366 2196 ἐλαττώματα
1389 2125 1722 2197 παρατρέχει
1750 2127 1942 2196 λέγων,

373 2208 464 2274 τῷ
497 2208 863 2276 ὑστεροῦντι.
906 2209 1019 2262 Οὐκ
1041 2205 1180 2274 εἷπε,
1203 2209 1281 2280 τῷ
1305 2209 1512 2280 ἀτίμῳ,
1549 2209 1626 2280 τῷ
1653 2211 1941 2282 ἀσχήμονι⁹

375 2293 537 2358 ἀλλὰ,
583 2293 658 2358 τῷ
681 2292 1049 2361 ὑστεροῦντι.
1091 2293 1453 2364 ’Υστεροῦντιη
1486 2293 1631 2359 πῶς;
1657 2295 1810 2348 Κατά
1841 2295 1942 2364 φύ-

377 2395 485 2432 σιν.
526 2375 964 2444 Περισσοτέραν
981 2375 1122 2442 δοὺς
1149 2376 1344 2445 τιμήν.
1369 2376 1478 2430 Kal
1507 2376 1593 2430 διὰ
1616 2377 1699 2441 τί;
1728 2378 1843 2431 Ἵνα
1866 2379 1941 2450 μὴ

374 2457 415 2536 ᾖ
443 2460 647 2530 σχίσμα
679 2460 736 2512 ἐν
763 2458 840 2528 τῷ
872 2458 1104 2528 σώματι.
1149 2459 1364 2530 Ἐπειδὴ
1395 2460 1501 2532 γὰρ
1535 2461 1734 2530 μυρίας
1762 2477 1942 2532 παρα-

372 2545 576 2614 μυθίας
605 2542 966 2604 ἀπολαύοντες
993 2541 1190 2612 ήλγουν
1222 2541 1390 2612 ὅμως,
1423 2542 1524 2595 ςάτε
1557 2542 1813 2597 ἐλάττονα
1851 2543 1944 2596 λα-

372 2628 586 2690 ϐόντες,
627 2627 899 2680 δείκνυσιν
937 2627 1018 2679 ὅτι
1060 2625 1258 2696 μᾶλλον
1295 2624 1670 2696 ἐτιμήθησαν·
1714 2626 1798 2692 Τῷ
1834 2626 1942 2697 7&9

371 2711 750 2779 ὑστεροῦντι,
779 2709 932 2779 φησὶ,
958 2707 1390 2777 περισσοτέραν
1411 2708 1555 2776 δοὺς
1577 2709 1772 2778 τιμήν.
1807 2706 1938 2763 Εἶτα

365 2805 472 2858 ’καὶ
497 2803 588 2855 τὸν
616 2801 770 2870 λόγον
813 2800 1031 2867 ἐπάγει,
1077 2799 1287 2861 δεικνὺς
1313 2799 1392 2850 ὅτι
1433 2799 1816 2870 συμφερόντως
1847 2799 1940 2852 καὶ

365 2888 624 2956 ’ὑστερεῖν
654 2885 900 2951 ἐποίησε,
931 2883 1026 2934 καὶ
1057 2881 1318 2951 μειζόνως
1342 2881 1589 2951 ἐτίμησε.
1609 2880 1704 2944 Τίς
1733 2882 1788 2934 δέ
1811 2884 1838 2935 6
1860 2881 1943 2934 λό-

368 2987 502 3040 γος;
537 2971 659 3023 Ἵνα
685 2967 768 3038 μὴ
793 2962 832 3038 ᾖ
862 2966 1113 3036 σχίσμα,
1153 2965 1336 3036 φησὶν,
1368 2965 1437 3018 ἐν
1459 2963 1536 3030 τῷ
1563 2965 1803 3034 σώματι.
1830 2965 1939 3018 Καὶ

361 3057 471 3108 οὐκ
503 3049 674 3115 εἶπεν,
719 3052 808 3104 Ἐν
832 3053 944 3112 τοῖς
973 3049 1209 3119 μέλεσιν,
1259 3048 1395 3114 ἀλλ’,
1439 3049 1540 3102 Ἔν
1575 3047 1654 3114 τῷ
1690 3049 1934 3119 σώματι.

367 3140 484 3194 Kal
507 3138 614 3209 7&9
644 3134 792 3208 [280]
815 3133 984 3204 πολλὴ
1003 3133 1222 3203 ἔμελλεν
1251 3131 1578 3203 ὴπλεονεξία
1610 3128 1767 3196 εἶναι,
1800 3137 1848 3187 εί
1867 3134 1936 3188 τά

364 3224 472 3295 μὲν
493 3223 584 3275 καὶ
602 3219 712 3274 ἀπὸ
735 3221 832 3288 τῆς
865 3215 1077 3286 φύσεως
1096 3215 1190 3268 καὶ
1213 3215 1320 3268 ἀπὸ
1335 3215 1432 3284 τῆς
1452 3215 1726 3288 ἡμετέρας
1747 3216 1938 3288 ἐθερα-

368 3305 567 3358 πεύετο
595 3303 868 3374 προνοίας,
894 3299 964 3352 τά
987 3298 1042 3351 δὲ
1069 3297 1187 3351 ούδέ
1208 3298 1292 3351 ἐτέ
1302 3298 1470 3368 ρωθεν
1490 3317 1502 3330 ·
1522 3299 1614 3352 καὶ
1631 3299 1932 3373 ἀπεσχίσθη

372 3389 440 3442 ἂν
462 3387 729 3459 ἀλλήλων,
746 3386 808 3438 ού
827 3385 1100 3454 δυνάμενα
1119 3381 1302 3452 φέρειν
1329 3381 1421 3434 τὸν
1450 3382 1764 3456 σύνδεσμοψ
1807 3386 1936 3438 ἀπο-
2008 3414 2010 3416 τ

372 3472 697 3541 σχισθέντων
721 3470 777 3523 δέ
801 3467 1027 3531 τούτων,
1045 3465 1140 3519 καὶ
1156 3468 1265 3530 τοῖς
1279 3467 1482 3531 λοιποῖς
1507 3467 1715 3537 ἐγίνετο
1739 3468 1928 3538 βλάϐη.

367 3553 521 3618 Εἶδες
542 3553 660 3617 πῶς
695 3550 892 3615 ἔδειξεν
927 3548 1240 3617 ἀναγκαίως
1267 3549 1487 3619 μείζονα
1515 3549 1592 3620 τῷ
1619 3550 1931 3621 ὑστεροῦντι

366 3637 656 3709 δεδομένην
699 3636 904 3707 τιμήνς
940 3635 1004 3688 El
1043 3633 1154 3705 7&9
1205 3633 1280 3704 μὴ
1326 3632 1482 3686 τοῦτο
1528 3634 1738 3704 γέγονε,
1777 3637 1929 3708 κοινὴ

361 3722 584 3774 πάντων
606 3719 672 3772 ἂν
711 3721 745 3788 ἡ
776 3717 921 3788 λύμη
964 3717 1230 3786 ἐγεγόνει,
1276 3717 1430 3786 φησί.
1485 3717 1595 3771 Kal
1623 3717 1730 3789 7&9
1763 3721 1812 3772 εἰ
1855 3720 1928 3790 μὴ

364 3801 566 3864 πολλῆς
589 3800 759 3855 ταῦτα
798 3799 929 3872 παρ’
959 3799 1112 3870 ὑμῶν
1158 3797 1435 3852 ἀπέλαυσε
1477 3799 1748 3870 προνοίας,
1795 3801 1931 3871 ἐπη-

367 3890 573 3962 ρεάσθη
594 3890 658 3943 ἂν
686 3891 760 3960 μὴ
783 3890 973 3958 ἔχοντα
1000 3888 1100 3960 τὴν
1129 3887 1239 3943 ἀπὸ
1273 3889 1373 3958 τῆς
1412 3888 1626 3958 φύσεως
1655 3888 1924 3960 βοήθειανο

364 3973 776 4044 ἐπηρεασθέντα
803 3973 884 4037 δέ,
913 3971 1160 4026 ἀπώλετο
1191 3973 1256 4026 ἀν
1279 3989 1294 4003 ο
1342 3971 1652 4042 ἀπολόμενα
1679 3973 1754 4037 δέ,
1783 3973 1930 4043 εσχι-

365 4076 462 4112 σεν
494 4057 559 4112 ἂν
584 4057 645 4108 16
673 4057 825 4127 σῶμα
849 4072 863 4086 ⁸
901 4055 1208 4127 σχισθέντος
1235 4053 1292 4108 δέ
1317 4054 1410 4107 τοῦ
1444 4054 1710 4125 σώματος,
1737 4055 1832 4109 καὶ
1859 4055 1928 4110 τά

362 4142 534 4198 λοιπά
569 4141 634 4194 ἂν
654 4139 892 4194 ἀπώλετο
928 4141 998 4193 τὰ
1033 4139 1211 4210 πολλῷ
1259 4137 1480 4209 μείζονα
1507 4136 1730 4192 τούτων.
1766 4139 1927 4214 Ὁρᾷς

361 4228 446 4284 ὅτι
481 4225 573 4278 καὶ
608 4223 706 4292 τῆς
743 4223 960 4277 ἐκείνων
998 4221 1254 4294 προνοίας
1291 4221 1472 4291 ἔχεται
1505 4221 1538 4292 ἡ
1571 4221 1772 4274 τούτων
1803 4225 1924 4275 ἐπι-

367 4310 601 4380 μέλεια;
638 4307 710 4359 Οὐ
758 4306 865 4377 γὰρ
894 4305 1066 4370 οὕτως
1099 4307 1158 4358 ἐν
1195 4311 1262 4376 τῇ
1295 4304 1472 4374 οἰκείᾳ
1506 4303 1665 4374 φύσει
1699 4305 1761 4357 16
1788 4301 1926 4359 εἶναι

360 4393 596 4463 ἔχουσιν,
631 4390 711 4453 ὡς
745 4391 802 4442 ἐν
830 4388 905 4458 τῷ
936 4388 1147 4459 σώματι
1174 4383 1314 4441 εἷναι
1337 4385 1417 4440 ἐν.
1441 4386 1539 4441 Διά
1570 4386 1636 4458 δὴ
1662 4387 1839 4453 τοῦτο,
1859 4387 1926 4442 ἂν

365 4476 463 4546 μὲν
495 4475 557 4527 16
587 4474 745 4543 σῶμα
772 4472 1065 4544 ἀπόληται,
1089 4465 1240 4525 ὁύδέν
1260 4472 1445 4533 αὐτοῖς
1468 4470 1658 4541 κέρδος
1684 4471 1784 4541 τῆς
1803 4471 1923 4526 καθ’

359 4560 592 4612 ἕκαστον
615 4556 853 4625 ὑγιείας⁹
884 4555 997 4609 ἀλλ’
1020 4556 1084 4610 ἀν
1103 4571 1164 4607 τε
1187 4553 1459 4624 ὀφθαλμὸς
1478 4553 1634 4625 μένῃ,
1659 4553 1723 4608 ἄν
1751 4572 1809 4608 τε
1840 4555 1926 4626 ῥὶς

354 4641 691 4712 διατηροῦσα
719 4640 781 4692 16
810 4641 1032 4704 οἰκεῖον,
1060 4637 1151 4691 τοῦ
1182 4637 1478 4706 συνδέσμου
1504 4637 1774 4700 λυθέντος,
1799 4638 1926 4707 ὕφε-

358 4725 448 4788 λος
468 4725 621 4778 οὐδὲν
638 4723 789 4775 ἐσται
813 4721 1014 4774 λοιπόν·
1045 4721 1112 4774 ἂν
1138 4720 1215 4784 δὲ,
1238 4720 1428 4772 τούτου
1451 4719 1719 4789 μένοντος,
1741 4722 1924 4776 ἐκεῖνα

357 4809 556 4880 βλαῦᾖ,
592 4807 688 4861 καὶ
717 4804 1137 4866 διαδαστάζεται
1170 4802 1264 4856 καὶ
1295 4803 1430 4876 πρὸς
1451 4802 1658 4870 ὑγίειαν
1676 4804 1921 4858 ἐπάνεισι

357 4894 587 4964 ταχέως.
624 4890 763 4947 Ἀλλ’
819 4889 949 4953 ἴσως
979 4887 1123 4941 είποι
1154 4904 1239 4950 τις
1284 4887 1378 4940 ἀν’
1417 4885 1586 4939 Τοῦτο
1635 4887 1736 4956 μὲν
1764 4889 1823 4940 ἐν
1845 4888 1921 4960 τῷ

359 4977 570 5045 σώματι
617 4975 775 5043 λόγον
827 4972 959 5043 ἔχει,
1007 4972 1090 5024 ὅτι
1133 4970 1195 5024 16
1234 4969 1494 5042 ύστεροῦν
1531 4971 1921 5042 περισσοτέραν

357 5060 514 5112 ἔλαϐε
536 5061 721 5132 τιμὴν,
758 5057 850 5109 ἐπὶ
880 5057 935 5108 δὲ
986 5055 1095 5108 τῶν
1132 5052 1432 5124 ἀνθρώπων
1475 5053 1595 5117 πῶς
1650 5054 1717 5108 ἂν
1763 5057 1922 5112 τοῦτο

357 5143 588 5211 φανεὶη;
631 5141 754 5193 Ἐπὶ
805 5139 912 5192 τῶν
947 5137 1245 5208 ἀνθρώπων
1272 5137 1370 5207 μὲν
1395 5133 1488 5189 οὖν
1529 5137 1761 5208 μάλιστα
1791 5139 1922 5205 ίδοις

354 5225 422 5278 ἂν
461 5224 619 5276 τοῦτο
652 5223 966 5293 συμϐαῖνον.
994 5222 1104 5275 Kal
1129 5221 1236 5292 7&9
1274 5223 1322 5274 οἱ
1343 5221 1473 5292 περὶ
1497 5221 1596 5290 τὴν
1628 5221 1920 5295 ἑνδεκάτην

353 5305 526 5375 ὥραν,
558 5305 766 5377 πρῶτοι
813 5301 904 5359 16v
934 5305 1122 5375 μισθὸν
1155 5303 1379 5357 ἔλαϐονο
1424 5305 1514 5357 καὶ
1549 5303 1612 5356 16
1649 5305 1920 5377 πλανηθὲν

353 5389 629 5458 πρόϐατον
662 5389 846 5442 ἔπεισε
863 5388 954 5441 τὸν
986 5388 1219 5458 ποιμένα
1235 5387 1303 5441 τά
1328 5389 1808 5456 ἐνενηκονταεννέα
1825 5408 1922 5444 κα-

352 5474 623 5536 ταλιπεῖν,
647 5473 742 5525 καὶ
774 5471 860 5524 ἐπ’
892 5471 1022 5524 αὐτὸ
1037 5471 1288 5541 δραμεῖν,
1309 5471 1402 5524 καὶ
1431 5471 1660 5542 εὑρηθέν
1685 5471 1921 5528 Macta-

353 5555 498 5618 ζετο,
529 5555 630 5608 ούκ
663 5553 944 5624 ἡλαύνετο’
987 5555 1080 5608 καὶ
1108 5557 1136 5608 6
1164 5554 1372 5616 ἄσωτος
1400 5554 1513 5617 υίὸς
1552 5553 1797 5619 πλείονος
1823 5556 1916 5610 τοῦ

353 5638 778 5710 εύδοκιμηκότος
811 5640 910 5708 τῆς
956 5637 1122 5707 τιμῆς
1158 5636 1450 5690 ἀπέλαυσεο
1503 5637 1598 5690 καὶ
1633 5639 1662 5690 6
1715 5637 1918 5710 λῃστὴς

355 5722 464 5792 πρὸ
533 5723 644 5777 τῶν
698 5720 1006 5774 ἀποστόλων
1064 5717 1418 5789 ἐστεφανοῦτο
1475 5719 1570 5774 καὶ
1616 5720 1916 5790 ἀνεκηρύτ-

1413 243 1480 301 IN
1521 243 1738 301 EPIST.
1781 241 1802 299 Ι
1837 242 1929 300 AD
1965 242 2120 300 00R.
2161 243 2393 303 HOMIL.
2435 247 2627 306 XXXI.

3507 264 3611 318 2150

2063 377 2205 416 τετο.
2239 364 2347 416 Kal
2379 367 2471 419 ἐπὶ
2515 369 2625 424 τῶν
2651 368 2924 424 ταλάντων
2950 369 3005 424 δέ
3033 369 3191 424 τοῦτο
3221 371 3349 437 ίδοις
3376 375 3442 428 ἂν
3470 382 3616 446 γινό-

2059 459 2239 512 μενον.
2264 447 2374 500 Kal
2402 449 2511 521 7&9
2546 452 2574 503 6
2605 453 2672 506 τά
2706 453 2866 506 πέντε
2899 454 3136 509 τάλαντα
3167 455 3343 511 λαϐὼν
3379 459 3473 512 καὶ
3497 461 3527 514 6
3549 462 3618 518 τά

2051 526 2165 612 δύο,
2196 529 2304 582 τῶν
2330 533 2510 586 αὐτῶν
2531 535 2860 607 ἠξιώθησαν,
2883 540 2976 592 καὶ
3014 539 3162 611 αύτῷ
3195 541 3271 612 τῷ
3295 542 3363 597 τά
3395 541 3490 597 δύο
3520 544 3616 598 λα-

2051 609 2165 701 εείν
2202 613 2408 701 πολλῇς
2445 617 2724 701 ἀπέλαυσε
2756 621 2955 690 μᾶλλον
2980 622 3078 693 τῆς
3107 609 3380 694 προνοίας.
3414 628 3477 679 Εί
3505 629 3616 701 γὰρ

2052 693 2117 746 τά
2147 694 2309 748 πέντε
2334 697 2692 772 ἐνεχειρίσθη,
2723 702 2798 773 μὴ
2836 693 3159 774 δυνάμενος,
3178 706 3273 759 τοῦ
3309 693 3616 773 παντὸς-ἂν

2049 775 2280 861 ἐξέπεσε
2301 797 2316 810 ο
2373 781 2664 852 δεξάμενος
2696 784 2752 838 δέ
2787 788 2853 839 τὰ
2881 786 2992 851 δύο,
3039 781 3233 842 καῖτά
3260 794 3387 861 παρ’
3418 793 3614 848 ἐαυτοῦ

2049 857 2364 932 πληρώσας,
2403 865 2512 918 τῶν
2543 867 2723 921 αὐτῶν
2752 869 2956 941 ⁴Ιγξιώθη
2983 870 3060 941 τῷ
3093 871 3159 924 τὰ
3188 857 3354 927 πέντε
3379 876 3614 944 ἐργασα-

2047 951 2217 1022 μένῳ,
2253 954 2488 1025 τοσούτῳ
2541 957 2962 1031 πλεονεκτήσας,
3009 961 3118 1032 ὅσῳ
3165 963 3261 1016 ἀπ’
3315 965 3613 1021 ἐλαττόνων

2048 1035 2225 1090 πόνων
2267 1038 2376 1091 τῶν
2420 1039 2598 1093 αὐτῶν
2645 1043 2870 1114 ἐπέτυχε
2925 1046 3222 1116 στεφάνων.
3276 1048 3468 1102 Καίτοι
3513 1052 3612 1104 καὶ

2046 1118 2208 1201 αὑτὸς
2239 1119 2522 1192 ἄνθρωπος
2571 1119 2660 1194 ἦν,
2699 1125 2887 1197 ὥσπερ
2915 1129 2943 1180 6
2976 1128 3044 1181 1&
3071 1128 3232 1180 πέντε
3252 1145 3267 1160 ο
3301 1129 3416 1182 ἀλλ’
3461 1131 3612 1201 ὅμως

2045 1200 2196 1253 οὐδὲν
2234 1202 2370 1272 πρὸς
2400 1205 2562 1258 αὐτὸν
2605 1207 2634 1258 ό
2665 1208 2942 1278 Δεσπότης
2977 1209 3434 1281 ἀκριϐολογεῖται,
3487 1200 3611 1266 οὐδὲ

2045 1283 2343 1354 ἀναγκάζει
2368 1287 2436 1340 τὰ
2463 1289 2604 1342 αι’,τά
2627 1293 2800 1344 ποιεῖν
2823 1304 2848 1332 ι
2877 1291 2954 1363 τῷ
2984 1294 3271 1365 συνδούλῳ,
3294 1295 3417 1348 ούδέ
3439 1295 3608 1364 λέγει,

2043 1367 2142 1421 Διά
2169 1369 2220 1422 τί
2248 1369 2323 1439 μὴ
2348 1369 2572 1426 δύνασαι
2591 1375 2660 1426 τά
2704 1374 2864 1427 πέντε
2889 1376 3257 1447 ἐργάσασθαι;
3303 1376 3522 1442 δικαίως
3543 1380 3610 1434 ἂν

2043 1452 2233 1506 εἰπών’
2269 1452 2407 1507 ἀλλά
2439 1455 2532 1508 καὶ
2573 1456 2734 1510 αὑτὸν
2766 1459 3130 1527 ἐστεφάνωσε.
3159 1459 3323 1513 Ταῦτ’
3352 1455 3446 1514 οῦν
3473 1461 3610 1514 είδό-

2041 1552 2152 1599 τες,
2199 1535 2273 1606 μὴ
2318 1537 2673 1607 ἐπεμϐαίνετε
2715 1542 2825 1604 τοῖς
2857 1540 3135 1595 ἐλάττοσιν
3167 1543 3215 1595 οί
3249 1542 3486 1614 μείζους,
3520 1545 3608 1601 ἵνα

2043 1617 2120 1689 μὴ
2169 1619 2276 1690 πρὸ
2325 1620 2547 1674 ἐκείνων
2577 1622 2802 1686 ἑαυτοὺς
2832 1622 3103 1695 βλάψητε·
3163 1625 3609 1698 ἀποσχιζομένων

2042 1702 2150 1771 γὰρ
2186 1700 2384 1767 αὐτῶν,
2415 1703 2476 1780 16
2501 1705 2608 1757 πᾶν
2641 1702 3010 1776 διαφθείρεται
3043 1707 3218 1777 σῶμα.
3251 1708 3314 1759 Τί
3338 1709 3446 1780 7&9
3478 1709 3608 1764 ἀλλο

2042 1785 2160 1838 ἐστὶ
2190 1784 2369 1854 σῶμα,
2396 1786 2429 1858 ἢ
2465 1779 2526 1839 τὸ
2561 1787 2728 1842 πολλὰ
2758 1783 2898 1840 εἶναι
2941 1789 3075 1859 μέλη
3103 1807 3116 1854 ;
3155 1789 3334 1853 καθὼς
3378 1779 3471 1844 καὶ
3503 1795 3603 1846 αύ-

2039 1867 2130 1930 τός
2159 1884 2343 1938 φησιν,
2367 1869 2447 1921 ὅτι
2475 1868 2622 1941 [181]
2665 1871 2735 1924 T6
2772 1867 2942 1938 σῶμα
2971 1873 3082 1924 οὐκ
3112 1870 3284 1925 ἐστιν
3301 1871 3372 1925 ἓν
3393 1873 3601 1942 μέλος,

2039 1949 2202 2004 ἀλλὰ
2235 1951 2456 2005 πολλά.
2513 1953 2576 2006 Εἰ
2617 1951 2795 2006 τοίνυν
2836 1952 2996 2005 τοῦτό
3024 1953 3140 2005 ἐστι
3175 1953 3353 2024 σῶμα,
3389 1957 3603 2026 φροντί-

2041 2031 2221 2104 ζωμεν
2253 2033 2346 2087 τοῦ
2372 2035 2439 2088 τά
2460 2034 2631 2088 πολλά
2663 2035 2844 2106 μένειν
2867 2035 3035 2090 πολλά
3055 2050 3068 2064 '
3112 2037 3185 2100 ὡς
3217 2038 3311 2090 ἐάν
3345 2039 3420 2108 μὴ
3444 2039 3602 2094 τοῦτο

2037 2115 2386 2188 διασώζηται,
2423 2117 2553 2189 περὶ
2597 2119 2665 2171 τὰ
2713 2119 2900 2190 καίρια
2933 2119 2968 2190 ἡ
3017 2118 3198 2190 πληγὴ
3247 2120 3475 2188 γίνεται.
3509 2121 3601 2177 Διὸ

2039 2200 2131 2253 καὶ
2157 2200 2316 2263 αὐτὸς
2354 2201 2414 2253 ού
2462 2200 2619 2254 τοῦτο
2659 2201 2816 2271 μόνον
2856 2202 3098 2264 ἀπαιτεῖ,
3152 2203 3213 2256 τὸ
3253 2203 3328 2273 μὴ
3376 2203 3601 2274 ἀποσχί-

2037 2281 2226 2346 ζεσθαι
2252 2283 2514 2354 ἀλλήλων,
2551 2284 2685 2338 ἀλλά
2715 2286 2810 2338 καὶ
2837 2285 2898 2338 16
2937 2278 3153 2356 σφόδρα
3178 2287 3467 2358 συνῆφθαι.
3504 2288 3599 2344 El-

2037 2363 2153 2417 πὼν
2179 2364 2332 2432 γοῦν,
2355 2366 2486 2420 Ἵνα
2517 2366 2602 2436 μὴ
2728 2368 2961 2438 σχίσμα
2987 2370 3057 2423 ἐν
3083 2368 3162 2435 τῷ
3210 2369 3454 2438 σώματι,
3501 2371 3602 2428 ούκ

2037 2449 2279 2521 ἠρκέσθη
2307 2450 2502 2522 τούτῳ,
2548 2450 2662 2503 ἀλλ’
2699 2451 2996 2522 ἐπήγαγεν·
3032 2452 3157 2507 Ἵνα
3181 2453 3245 2506 τὸ
3270 2453 3416 2522 αὐτὸ
3449 2455 3602 2522 ὑπὲρ

2035 2531 2325 2600 ἀλλήλων
2369 2521 2698 2603 μεριμνῶσι
2730 2521 2802 2587 τὰ
2829 2534 2986 2604 μέλη
3009 2547 3025 2563 ⁸
3061 2535 3254 2609 ἐτέραν
3282 2521 3374 2591 καὶ
3395 2521 3602 2609 ταύτην

2034 2615 2214 2668 αἰτίαν
2253 2616 2564 2686 προστιθεὶς
2608 2616 2704 2670 τοῦ
2750 2616 2819 2670 τά
2868 2616 3126 2674 ἐλάττονα
3173 2618 3417 2682 πλείονος
3465 2621 3601 2673 ἀπο-

2035 2697 2221 2752 λαύειν
2270 2700 2454 2770 τιμῆς.
2493 2700 2566 2752 Ού
2618 2699 2725 2770 7&9
2770 2699 2856 2752 ἴνα
2910 2700 2984 2773 μὴ
3027 2699 3388 2772 ἀποσχίζηται
3438 2702 3601 2773 μόνον

2035 2783 2300 2853 ἀλλήλων,
2346 2782 2518 2846 οὕτως
2562 2782 2912 2853 ᾠκονόμησεν
2953 2787 2982 2837 6
3019 2784 3169 2848 Θεὸς,
3221 2784 3335 2837 ἀλλ’
3384 2785 3470 2839 ἴνα
3504 2790 3600 2842 καὶ

2033 2867 2222 2938 ἀγάπη
2317 2866 2486 2937 πολλὴ
2530 2866 2622 2919 καὶ
2670 2867 2908 2936 ὁμόνοια.
2943 2869 3005 2921 Εἰ
3031 2871 3138 2939 γὰρ
3163 2870 3220 2922 ἐν
3247 2873 3314 2941 τῇ
3336 2869 3430 2923 τοῦ
3463 2870 3598 2943 πλη-

2036 2952 2150 3003 σίον
2192 2950 2436 3021 σωτηρίᾳ
2479 2951 2540 3002 τὸ
2590 2945 2728 3002 εἶναι
2769 2950 3003 3020 ἐκάστῳ,
3036 2953 3110 3022 μή
3139 2969 3228 3022 μοι
3271 2954 3331 3005 τὸ
3376 2953 3598 3007 ἐλαττον

2032 3034 2128 3086 καὶ
2150 3033 2210 3086 16
2236 3033 2394 3086 πλέον
2425 3033 2582 3103 εἴπῃς
2601 3049 2616 3066 ο
2649 3032 2883 3087 ἐνταῦθα
2913 3035 3022 3105 γὰρ
3047 3036 3147 3088 οὐκ
3175 3037 3290 3088 ἐστι
3319 3035 3477 3090 πλέον
3502 3042 3598 3092 καὶ

2032 3115 2269 3170 ἔλαττον.
2322 3116 2590 3178 Μένοντος
2640 3116 2750 3187 7&9
2793 3115 2888 3168 τοῦ
2940 3115 3210 3186 σώματος,
3241 3117 3464 3174 δυνατὸν
3501 3122 3597 3177 καὶ

2030 3199 2129 3269 τὴν
2160 3198 2424 3270 διαφορὰν
2470 3200 2628 3252 ίδείν’
2676 3199 3050 3269 ἀπολλυμένου
3093 3201 3172 3264 δὲ,
3205 3200 3409 3256 οὐκέτι·
3459 3204 3596 3260 ἀπο-

2031 3281 2202 3336 λεῖται
2236 3280 2310 3347 δὲ,
2346 3280 2412 3334 ἂν
2440 3281 2514 3353 μὴ
2544 3283 2638 3336 καὶ
2660 3281 2730 3335 τά
2747 3283 3009 3337 ἐλάττονα
3046 3283 3200 3357 μένῃ.

2098 3371 2170 3435 γ’.
2193 3365 2256 3418 El
2282 3366 2459 3419 τοίνυν
2490 3367 2584 3420 καὶ
2605 3365 2675 3420 τὰ
2699 3366 2906 3437 μεγάλα
2935 3367 3210 3422 ἀπολεῖται
3233 3368 3342 3422 τῶν
3383 3370 3594 3445 μικρῶν

2027 3448 2469 3520 ἀπορραγέντων,
2527 3449 2727 3520 ὁμοίως
2771 3451 2975 3521 ὀφείλει
3019 3450 3192 3507 ταῦτα
3226 3452 3335 3508 τῶν
3377 3454 3590 3527 μικρῶν

2029 3531 2355 3601 φροντίζειν,
2386 3531 2481 3586 καὶ
2508 3531 2680 3596 οὕτως
2708 3533 2784 3596 ὡς
2823 3533 3050 3597 ἐαυτῶν,
3083 3533 3178 3587 ᾰτε
3208 3535 3264 3587 ἐν
3289 3538 3353 3604 τῇ
3385 3536 3592 3591 τούτων

2030 3615 2271 3688 σωτηρίᾳ
2303 3617 2398 3670 καὶ
2427 3616 2534 3670 τῶν
2563 3615 2826 3688 μειζόνων
2849 3619 3141 3689 μενόντων.
3167 3618 3332 3672 Ὥστε
3366 3619 3466 3674 κᾶν
3491 3638 3593 3691 μυ-

2031 3700 2209 3770 ριάκις
2244 3699 2428 3770 λέγῃς,
2465 3701 2547 3753 ὅτι
2582 3700 2776 3770 ἄτιμον
2802 3701 2862 3754 τὸ
2898 3699 3058 3769 μέλος
3087 3702 3182 3754 καὶ
3206 3700 3449 3767 ἔλαττον,
3473 3702 3590 3756 ἀλλ’

2027 3783 2120 3834 ἐάν
2151 3781 2224 3852 μὴ
2262 3782 2460 3851 ὁμοίως
2499 3785 2755 3853 προνοῇς,
2808 3782 2883 3845 ὡς
2932 3786 3024 3837 καὶ
3073 3783 3292 3847 σαυτοῦ,
3346 3785 3460 3838 ἀλλ’
3513 3785 3590 3851 ὡς

2025 3867 2302 3930 ἐλάττονος
2350 3866 2580 3938 ἀμελῇς,
2613 3868 2648 3938 ἡ
2694 3866 2865 3938 βλάϐη
2899 3870 2980 3930 εἰς
3026 3869 3084 3920 σὲ
3115 3868 3455 3940 διαϐήσεται.
3489 3873 3590 3928 Διά

2023 3951 2182 4005 τοῦτο
2209 3947 2308 4005 οὗκ
2339 3947 2638 4013 εἷπεν,”1να
2663 3948 2804 4017 ὑπὲρ
2827 3949 3071 4020 ἀλλήλων
3101 3951 3257 4014 μόνον
3284 3953 3590 4022 μεριμνῶσι

2021 4035 2092 4089 τά
2133 4034 2290 4104 μέλη,
2313 4032 2450 4087 ἀλλὰ
2486 4032 2845 4103 προσέθηκεν,
2878 4034 3014 4088 Ἵνα
3042 4033 3110 4087 τὸ
3137 4035 3280 4088 αὐτὸ
3309 4035 3460 4104 ὑπὲρ
3476 4037 3586 4092 (1.1-

2021 4118 2232 4186 λήλων
2264 4125 2610 4188 μεριμνῶσι,
2627 4117 2928 4180 τουτέστιν,
2955 4116 3146 4187 όμοίας
3172 4117 3266 4170 καὶ
3294 4118 3392 4188 τῆς
3418 4119 3588 4192 αὐτῆς

2021 4201 2100 4272 τῷ
2133 4200 2354 4272 μεγάλῳ
2384 4199 2480 4256 καὶ
2503 4201 2532 4253 6
2567 4197 2762 4270 μικρὸς
2796 4199 3044 4271 ἀπολαύῃ
3069 4198 3342 4270 προνοίας.
3363 4202 3454 4272 Μὴ
3475 4202 3588 4256 τοί·-

2023 4302 2117 4340 νυν
2150 4284 2330 4354 είπῃς,
2366 4283 2446 4336 ὅτι
2482 4283 2539 4335 '0
2573 4281 2722 4335 δεῖνα
2760 4283 2788 4335 6
2825 4282 3004 4352 τυχών
3043 4285 3209 4348 ἐστιν,
3249 4284 3362 4336 ἀλλ’
3401 4285 3586 4354 ἐννόη-

2025 4385 2116 4422 σον
2147 4369 2230 4424 ὃτι
2265 4367 2424 4437 μέλος
2451 4367 2596 4420 ἐστὶν
2624 4365 2833 4419 ἐκείνου
2857 4365 2951 4418 τοῦ
2983 4363 3231 4435 σώματος
3259 4365 3353 4419 τοῦ
3381 4367 3441 4419 τὸ
3477 4371 3584 4422 πᾶν

2025 4449 2477 4524 συγκρατοῦντος·
2519 4451 2614 4504 καὶ
2667 4448 2858 4518 ὥσπερ
2905 4449 2934 4501 6
2989 4447 3287 4520 ὀφθαλμὸς,
3323 4448 3464 4503 οὕτω
3490 4453 3585 4509 καὶ

2023 4529 2178 4600 οὗτος
2224 4535 2369 4588 ποιεῖ
2421 4534 2580 4605 σῶμα
2613 4529 2752 4586 εἶναι
2798 4531 2859 4584 16
2893 4529 3071 4602 σῶμα.
3100 4529 3267 4584 Ἔνθα
3295 4531 3402 4605 7&9
3430 4533 3496 4585 ἄν
3521 4535 3584 4588 16

2025 4618 2186 4689 σῶμα
2232 4617 2600 4688 οίκοδομῆται,
2637 4617 2811 4679 οὐδεὶς
2863 4615 3016 4669 οὐδὲν
3057 4612 3148 4668 τοῦ
3199 4614 3423 4686 πλησίον
3468 4616 3580 4685 ἔχει

2023 4703 2206 4763 πλέον,
2238 4701 2372 4755 Οὑδέ
2406 4700 2514 4772 7&9
2545 4699 2702 4755 τοῦτο
2749 4702 2892 4751 ποιεῖ
2929 4698 3107 4769 σῶμα,
3131 4697 3192 4751 16
3219 4693 3356 4751 εἶναι
3386 4699 3448 4752 16
3483 4701 3582 4769 μὲν

2025 4789 2229 4858 μεῖζον,
2264 4786 2325 4838 16
2353 4784 2409 4837 δέ
2433 4784 2673 4848 ἔλαττον,
2705 4782 2840 4836 ἀλλά
2869 4783 2930 4834 τὸ
2959 4781 3129 4835 πολλά
3167 4775 3304 4858 εἶναι
3333 4783 3424 4835 καὶ
3460 4782 3579 4836 διὰ-

2022 4857 2185 4940 φορα.
2230 4869 2442 4938 ’Ὠσπερ
2487 4869 2598 4936 γὰρ
2634 4867 2720 4929 σὺ,
2768 4864 2952 4934 ἐπειδὴ
2995 4863 3192 4933 μείζων
3219 4857 3290 4928 εἳ,
3328 4863 3388 4916 τὸ
3419 4865 3580 4936 σῶμα

2023 4953 2377 5023 συνέστησας,
2403 4950 2544 5003 οὕτω
2581 4949 2674 5002 καὶ
2703 4940 2877 5011 οὗτος,
2912 4947 3098 5015 ἐπειδὴ
3126 4946 3382 5004 ἐλάττων.
3417 4949 3578 5004 Ὥστε

2019 5041 2054 5109 ή
2093 5037 2384 5100 ἐλάττωσις
2423 5032 2608 5095 αὐτοῦ,
2655 5032 2782 5085 ὅταν
2821 5032 2916 5103 δέῃ
2941 5032 3001 5086 τὸ
3056 5031 3212 5102 σῶμα
3255 5033 3577 5103 οἰκοδομεῖν,

2023 5121 2262 5192 ἰσότιμός
2310 5136 2394 5173 σοι
2448 5117 2657 5186 γίνεται
2687 5118 2767 5180 είς
2798 5117 2889 5170 16v
2933 5115 3094 5170 καλὸν
3139 5115 3326 5172 τοῦτον
3355 5117 3576 5188 ἔρανον·

2019 5207 2080 5259 16
2109 5206 2217 5276 7&9
2241 5203 2371 5258 αὐτό
2417 5218 2498 5255 σοι
2545 5201 2802 5255 δύναταιε
2853 5201 2947 5257 καὶ
2999 5201 3157 5272 δῆλον
3202 5201 3431 5257 ἐκεῖθεν.
3487 5202 3578 5270 Μὴ

2020 5289 2160 5342 ἔστω
2185 5285 2404 5340 ἔλαττόν
2435 5303 2488 5338 τι
2527 5285 2621 5339 καὶ.
2652 5284 2837 5356 μεῖζον
2883 5284 3062 5354 μέλος,
3113 5284 3249 5353 μηδέ
3279 5284 3455 5352 τίμιον
3483 5283 3578 5336 καὶ

2019 5371 2363 5443 ἀτιμότερον,
2409 5369 2522 5424 ἀλλ’
2564 5370 2702 5426 ἔστω
2751 5370 2928 5423 πάντα
2977 5367 3278 5436 ὀφθαλμὸς,
3323 5367 3355 5436 ἢ
3401 5367 3575 5420 πάντα

2021 5454 2251 5526 κεφαλήο
2293 5453 2393 5506 οὐκ
2429 5453 2712 5506 ἀπολεῖται
2739 5452 2800 5505 16
2829 5451 3022 5522 σῶμα;
3066 5451 3236 5504 Παντί
3267 5466 3370 5502 που
3397 5450 3574 5521 δῆλον.

2083 5669 2108 5698 ⁸
2132 5668 2214 5716 διο
2234 5668 2360 5730 legit.
2383 5664 2814 5730 interpliggvems.
2835 5669 2886 5730 εἰ
2904 5664 2983 5730 _sic
3019 5662 3167 5730 hgbel
3192 5663 3343 5715 Savll.
3367 5661 3415 5714 in
3451 5677 3581 5714 mar-

2022 5730 2159 5796 gine,
2191 5726 2370 5780 melius
2389 5740 2534 5790 quam
2562 5726 2708 5785 Edili,
2729 5728 2789 5775 τὰ
2807 5726 2926 5775 αὐτὰ
2944 5727 3118 5778 πονεῖν.
