4094 6222
522 248 619 303 261

517 358 687 416 Πάλιν
722 355 789 413 ἂν
811 356 991 413 πάντα
1031 353 1291 409 ἐλάττονα
1317 347 1375 426 ᾖ,
1413 348 1475 402 τὺ
1520 344 1652 400 αὐτὸ
1698 340 2041 413 συμϐήσεται
2058 353 2073 367 ·

513 448 656 502 ὥστε
695 447 791 502 καὶ
818 444 994 517 ταύτῃ
1029 443 1240 495 ίσοῦται
1272 437 1342 492 τά
1367 437 1596 491 ἐλάττω.
1620 432 1683 486 ΕΞ
1710 430 1767 484 δέ
1794 431 1876 484 δεῖ
1907 446 1959 481 τι
1991 428 2089 482 zeal

514 540 676 594 πλέον
740 540 936 599 είπεῖν,
994 534 1082 587 ῖνα
1149 530 1284 603 μένῃ
1349 527 1533 598 σῶμα,
1596 525 1834 580 ἐλάττων
1883 522 2031 575 ἐστὶν
2062 522 2092 574 ὀ

516 631 753 684 ἐλάττων
775 651 794 669 ο
834 627 973 680 ὥστε
1021 621 1109 675 διά
1138 623 1198 675 σέ
1239 623 1386 674 ἐστιν
1423 619 1681 680 ἐλάττων,
1708 617 1791 670 ἵνα
1823 615 1885 668 σύ
1921 614 2090 687 μένῃς

519 721 692 790 μέγας
743 715 835 769 ὢν.
869 714 973 768 Διά
1003 713 1160 767 τοῦτο
1204 713 1298 766 zeal
1349 710 1446 783 τὴν
1481 710 1652 781 αὐτὴν
1686 708 1909 762 ἀπαιτεῖ
1937 706 2091 776 παρά

513 807 729 859 πάντων
776 802 1031 873 πρόνοιαν
1055 816 1066 830 ·
1118 800 1216 854 καὶ
1247 797 1436 860 εἰπὼν,
1465 798 1598 851 Ἵνα
1642 795 1709 850 τὸ
1749 793 1895 848 αὐτὸ
1933 791 2089 860 ὑπὲρ

513 894 807 960 ἀλλήλων
849 890 1181 962 μεριμνῶσι
1222 889 1295 944 τὰ
1335 888 1523 958 μέλη,
1551 883 1846 957 ἐρμηνεύει
1874 883 1935 937 τὸ
1958 883 2089 937 αὐτὸ

511 984 671 1038 τοῦτο
726 983 910 1046 πάλιν,
973 981 1148 1050 λέγων
1175 997 1188 1011 ο
1254 978 1366 1033 Καὶ
1409 976 1528 1030 εἴτε
1581 974 1805 1043 πάσχει
1865 970 1934 1026 ἐν
1985 971 2088 1041 μέ-

510 1077 643 1138 λος,
675 1071 1023 1140 συμπάσχει
1078 1068 1273 1122 πάντα
1318 1067 1391 1121 τὰ
1421 1066 1607 1134 μέληο
1642 1064 1762 1117 εἶτε
1786 1060 2087 1128 δοξάζεται

510 1165 581 1219 ἐν
632 1165 838 1233 μέλος,
881 1168 1195 1231 συγχαίρει
1250 1158 1449 1213 πάντα
1501 1156 1574 1210 τὰ
1605 1154 1785 1223 μέλη.
1831 1154 1930 1208 Διά
1978 1154 2086 1226 γὰρ

509 1254 687 1319 τοῦτο,
721 1254 873 1325 φησὶ,
917 1254 1011 1306 zeal
1051 1255 1149 1322 τὴν
1179 1252 1433 1323 πρόνοιαν
1475 1249 1660 1321 κοινὴν
1710 1249 1983 1319 ἐποίησεν,
2027 1251 2086 1300 ἐν

508 1346 743 1418 τοσαύτῃ
796 1344 946 1417 [289.]
1003 1344 1235 1414 διαφορᾷ
1279 1340 1696 1404 κατασκευάσας
1740 1340 1952 1407 ἕνωσιν,
2000 1340 2085 1393 ἴνα

508 1439 604 1492 zeal
627 1437 735 1491 τῶν
758 1435 1161 1492 ἀποϐαινόντων
1192 1432 1359 1504 πολλὴ
1385 1434 1419 1504 ή
1448 1433 1697 1487 κοινωνία
1818 1431 1881 1485 Εί
1917 1430 2024 1503 γὰρ
2049 1433 2084 1502 ἠ

507 1530 600 1584 τοῦ
652 1529 880 1596 πλησίον
938 1527 1166 1599 πρόνοια
1216 1524 1458 1597 σωτηρία
1502 1525 1653 1595 κοινή
1681 1527 1846 1590 ἐστιν,
1872 1524 2083 1594 ἀνάγκη

507 1624 603 1677 zeal
640 1623 739 1693 τὴν
779 1621 934 1686 δόξαν
977 1620 1070 1673 zeal
1114 1617 1212 1690 τὴν
1258 1616 1495 1688 ἀθυμίαν
1540 1612 1680 1670 εἶναι
1713 1617 1914 1684 κοινήν.
1947 1616 2085 1685 Τρία

506 1715 684 1769 τοίνυν
712 1712 947 1768 ἐνταῦθα
979 1711 1232 1765 ἀπαιτεῖ·
1273 1709 1333 1761 τὸ
1360 1709 1434 1779 μὴ
1479 1707 1777 1778 σχίζεσθαι,
1800 1707 1915 1761 ἀλλ’
1944 1705 2084 1780 ήνῶ-

507 1808 628 1861 σθαι
663 1806 798 1878 μετά
824 1803 1127 1874 ἀκριϐείας,
1156 1804 1216 1856 τὸ
1249 1804 1496 1873 προνοεῖν
1514 1800 1711 1871 ὁμοίιος
1730 1800 1993 1871 ἀλλήλων,
2020 1799 2081 1854 τὸ

471 1880 662 1951 ’κοινὰ
690 1897 758 1949 τὰ
794 1894 1164 1966 συμϐαίνοντα
1212 1892 1484 1961 ἡγεῖσθαι.
1530 1892 1640 1945 Kal
1689 1892 1944 1962 ἀνωτέρω
1984 1892 2083 1963 μέν

506 2005 690 2059 φησιν,
720 1988 802 2041 ὅτι
840 1986 1229 2057 περισσοτέραν
1259 1986 1424 2040 ἔδωκε
1465 1984 1629 2055 τιμὴν
1656 1983 1733 2054 τῷ
1771 1985 2082 2056 ὑστεροῦντι

503 2081 590 2135 διὰ
606 2079 665 2133 τὸ
680 2079 909 2140 δεῖσθαι,
926 2078 1139 2140 δεικνὺς
1164 2078 1243 2130 ὅτι
1260 2077 1391 2131 αὐτὸ
1405 2076 1466 2129 τὸ
1481 2075 1822 2147 ὴλαττῶσθαι
1842 2078 2082 2148 μείζονος

503 2171 669 2240 τιμῆς
696 2169 954 2240 πρόξενον
980 2168 1221 2236 γέγονεν’
1252 2166 1485 2220 ἐνταῦθα
1512 2166 1568 2219 δὲ
1586 2167 1677 2219 zeal
1703 2166 1843 2220 κατά
1864 2166 1955 2221 τὸν
1983 2167 2083 2238 τῆς

505 2261 762 2331 προνοίας
791 2261 959 2326 ἐξισοῖ
987 2259 1142 2326 λόγον
1174 2257 1313 2312 αὐτὰ
1348 2257 1451 2328 τῆς
1478 2257 1567 2311 ὐπ’
1595 2257 1840 2328 ἀλλήλων
1862 2258 2081 2329 γινομέο

504 2371 620 2425 νης.
658 2354 757 2408 Διά
786 2353 896 2424 γὰρ
918 2352 1073 2407 τοῦτο
1093 2351 1188 2405 zeal
1215 2349 1457 2421 μείζονος
1484 2349 1739 2421 ἐποίησεν
1775 2351 2081 2405 ἀπολαῦσαι

501 2446 691 2515 τιμῆς,
735 2446 921 2515 φησὶν,
972 2444 1056 2498 ἵνα
1091 2442 1166 2514 μὴ
1199 2442 1478 2506 ἐλάττονος
1509 2442 1755 2516 ἀπολαύῃ
1803 2444 2078 2515 προνοίας.

506 2539 622 2591 Οὐκ
645 2536 893 2591 ἐντεῦθεν
918 2536 975 2590 δὲ
1008 2536 1190 2602 μόνον,
1224 2534 1361 2588 ἀλλά
1392 2535 1487 2588 zeal
1524 2536 1588 2588 ἐκ
1615 2535 1723 2589 τῶν
1754 2535 2079 2605 συμϐαινόν-

503 2647 612 2683 των
644 2627 896 2699 χρηστῶν
927 2629 1022 2680 zeal
1066 2625 1324 2698 λυπηρῶν
1375 2625 1624 2697 ἀλλήλοις
1665 2626 1969 2681 συνδέδεται
2009 2627 2081 2684 τὰ

508 2716 664 2787 μέλη.
696 2716 805 2768 Kal
846 2714 953 2787 γάρ
995 2718 1061 2787 τῇ
1105 2716 1310 2787 πτέρνῃ
1361 2714 1619 2779 πολλάκις
1666 2717 2079 2789 προσπαγείσης

504 2806 767 2877 ἀκάνθης,
791 2805 910 2859 ὅλον
931 2806 992 2858 τὸ
1023 2806 1180 2875 σῶμα
1210 2805 1540 2868 αίσθάνεται,
1570 2805 1662 2858 zeal
1694 2808 1948 2878 μεριμνᾷ,
1985 2807 2080 2860 zeal

504 2899 672 2962 νῶτος
701 2897 1029 2967 κάμπτεται,
1072 2897 1165 2949 zeal
1205 2896 1416 2966 γαστὴρ
1446 2896 1538 2949 zeal
1569 2895 1734 2965 μηροὶ
1773 2896 2081 2951 συντέλλον-

503 3007 614 3053 ται,
669 2991 763 3043 καὶ
804 2991 1001 3060 χεῖρες,
1038 2988 1289 3056 καθάπερ
1327 2987 1612 3057 δορυφόροι
1657 2988 1751 3041 zeal
1808 2987 2078 3059 ὑπηρέται

504 3080 804 3152 προϊόντες,
856 3078 1136 3133 ἀνέλκουσι
1172 3081 1233 3131 τὸ
1268 3080 1459 3146 παγὲν,
1499 3078 1592 3132 καί
1633 3078 1843 3150 κεφαλὴ
1886 3079 2078 3134 ἐπικύ-

505 3191 649 3236 πτει,
683 3173 776 3227 zeal
805 3170 1073 3242 ὀφθαλμοὶ
1116 3171 1253 3241 μετά
1280 3170 1480 3241 πολλῆς
1518 3170 1686 3243 ὀρῶσι
1725 3173 1826 3241 τῆς
1859 3171 2079 3243 φροντί-

503 3265 612 3328 δος.
646 3265 808 3317 Ὥστε
828 3265 876 3317 εἰ
911 3265 1002 3317 zeal
1024 3262 1240 3316 ἔλαττον
1269 3261 1381 3334 ἔχει
1414 3261 1492 3332 τῷ
1519 3262 1593 3333 μὴ
1628 3261 1885 3316 δύνασθαι
1918 3262 2077 3317 ἀνελ-

506 3356 617 3409 θεῖν
646 3357 674 3410 ὀ
702 3355 860 3419 ποῦς,
891 3354 1025 3409 ἀλλά
1046 3353 1124 3424 τῷ
1146 3353 1244 3424 τὴν
1272 3350 1512 3425 κεφαλὴν
1535 3355 1861 3422 καταγαγεῖν
1881 3353 1943 3407 τὸ
1965 3352 2076 3407 ῖσον

506 3445 651 3516 ἔσχε,
687 3447 781 3499 zeal
817 3445 914 3514 τῆς
950 3444 1117 3514 αὐτῆς
1149 3441 1425 3496 ἀπέλαυσε
1461 3442 1643 3513 τιμῆς,
1691 3442 1784 3496 zeal
1844 3441 2077 3511 μάλιστα

504 3538 632 3591 ὅταν
680 3536 756 3608 μὴ
806 3537 989 3606 χάριτι
1035 3532 1416 3605 καταφέρωσιν
1463 3533 1630 3605 αὐτὴν
1674 3534 1724 3586 οί
1757 3533 1936 3599 πόδες,
1962 3533 2075 3588 ἀλλ’

504 3628 713 3698 ὀφειλῇ.
747 3627 909 3681 Ὥστε
940 3628 990 3680 εί
1019 3625 1096 3697 τῷ
1125 3625 1428 3698 τιμιωτέρα
1465 3619 1602 3679 εἶναι
1645 3623 1972 3691 πλεονεκτεῖ,
2001 3625 2078 3695 τῷ

504 3718 598 3770 zeal
621 3716 843 3787 τοιαύτη
875 3712 1011 3770 οὐσα
1038 3716 1116 3784 τῷ
1146 3714 1386 3769 ἐλάττονι
1413 3715 1512 3789 τὴν
1535 3714 1698 3787 τιμήν
1724 3715 1955 3784 ὀφείλειν
1983 3717 2078 3771 καὶ

503 3809 603 3879 τὴν
628 3807 972 3879 κηδεμονίαν,
1000 3811 1094 3862 zeal
1126 3807 1204 3880 τῷ
1227 3820 1251 3849 ο
1283 3806 1482 3878 ὁμοίως
1507 3808 1767 3872 ὡσαύτως
1795 3808 2078 3877 συναλγεῖν

511 3901 738 3971 ἰσότητα
761 3900 1001 3955 δείκνυσι
1031 3899 1251 3971 πολλήν.
1278 3900 1344 3954 Τί
1371 3901 1480 3974 γὰρ
1505 3901 1740 3971 πτέρνης
1770 3900 2078 3955 εὐτελέστε-

508 4009 634 4065 ρον;
674 3993 726 4045 τί
762 3992 817 4045 δέ
860 3992 1100 4063 κεφαλῆς
1144 3990 1498 4063 τιμιώτερανς
1539 3992 1698 4046 Ἀλλά
1736 3991 1894 4047 τοῦτο
1941 3992 2076 4064 πρὸς

505 4085 683 4138 ἐκεῖνο
715 4083 917 4154 βαδίζει
948 4082 1009 4136 τὸ
1045 4083 1225 4155 μέλος,
1254 4085 1349 4138 zeal
1366 4084 1544 4139 πάντα
1574 4083 1691 4155 μεθ’
1719 4084 1916 4155 ἐαυτῆς
1942 4102 2075 4153 συγ-

506 4179 661 4230 κινεῖ.
688 4175 855 4239 Πάλιν
887 4174 952 4229 ἀν
985 4174 1251 4246 ὀφθαλμοί
1303 4194 1355 4230 τι
1410 4175 1644 4238 πάθωσι,
1680 4176 1858 4230 πάντα
1898 4174 2073 4245 ἀλγεῖ,

505 4269 600 4323 καὶ
627 4268 806 4322 πάντα
833 4268 888 4321 ἐν
912 4267 1101 4339 ἀργίᾳ,
1133 4267 1229 4320 zeal
1253 4264 1377 4320 οὐτε
1407 4266 1566 4330 πόδες
1600 4265 1923 4336 βαδίζουσιν,
1951 4265 2074 4319 οὔτε

504 4362 681 4430 χεῖρες
716 4357 1057 4429 ἐργάζονται,
1082 4357 1205 4411 οὐτε
1239 4356 1450 4429 γαστὴρ
1474 4356 1734 4411 ἀπολαύει
1760 4357 1867 4410 τῶν
1889 4355 2075 4411 είωθό-

501 4465 629 4502 τωψ
667 4448 842 4502 καίτοι
880 4449 941 4502 τὸ
968 4449 1138 4512 πάθος
1160 4448 1267 4501 τῶν
1289 4447 1582 4518 ὀφθαλμῶν
1617 4449 1751 4501 ἐστι.
1785 4447 1853 4500 Τί
1887 4448 2072 4519 τήκεις

501 4542 600 4612 τὴν
622 4539 897 4610 γαστέρα;
925 4539 981 4592 τί
1004 4540 1252 4609 κατέχεις
1280 4540 1407 4603 τούς
1430 4540 1621 4605 πόδας;
1650 4540 1704 4592 τί
1731 4540 1949 4611 δεσμεῖς
1972 4539 2073 4604 τάς

501 4635 689 4704 χεῖρας
710 4648 724 4695 ;
748 4631 870 4685 Ὅτι
892 4630 1119 4692 ἐκείνοις
1142 4629 1465 4695 συνδέδεται,
1494 4631 1589 4684 zeal
1613 4631 1865 4702 ἀρρήτως
1887 4630 1948 4683 τὸ
1966 4632 2072 4683 πᾶν

501 4726 701 4797 πάσχει
731 4724 907 4795 σῶμα.
932 4723 993 4777 Εἰ
1020 4722 1128 4794 γὰρ
1152 4720 1227 4793 μὴ
1250 4720 1609 4791 συνέπασχεν,
1634 4721 1744 4774 οὐδ’
1767 4721 1832 4776 ἂν
1851 4721 2075 4792 ἠνέσχε-

499 4833 562 4869 το
581 4821 854 4872 κοινωνεῖν
881 4817 978 4887 τῆς
1008 4814 1282 4888 προνοίας.
1340 4812 1539 4883 Διόπερ
1597 4812 1786 4876 εἰπὼν,
1831 4813 1957 4867 Ἵνα
2003 4814 2071 4868 τι)

502 4906 649 4960 αὐτὸ
685 4906 839 4974 ὑπὲρ
867 4905 1156 4973 ἀλλήλων
1185 4901 1515 4977 μεριμνῶσι
1551 4904 1623 4957 τὰ
1651 4901 1825 4973 μέλη,
1863 4904 2071 4976 ἐπήγα-

502 5012 616 5066 γεν·
647 4998 785 5050 Εττε
821 4999 1042 5066 πάσχει
1067 4998 1137 5053 ἐν
1154 5000 1362 5067 μέλος,
1393 4996 1740 5068 συμπάσχει
1765 4996 1961 5052 πάντα
1998 4997 2072 5052 τὰ

499 5087 653 5160 μέλη
670 5103 683 5118 ·
713 5086 834 5141 εἶτε
871 5086 1173 5151 δοξάζεται
1199 5088 1269 5142 ἐν
1287 5090 1494 5158 μέλος,
1533 5088 1848 5160 συγχαίρει
1875 5087 2071 5145 πάντα

502 5180 574 5234 τὰ
591 5176 767 5249 μέλη.
799 5177 912 5232 Kal
957 5177 1074 5241 πῶς
1105 5180 1407 5251 συγχαίρει,
1434 5181 1606 5250 φησί;
1635 5181 1998 5251 Στεφανοῦται
2036 5183 2068 5251 ἡ

502 5269 735 5343 κεφαλὴ,
762 5270 858 5324 zeal
904 5267 1050 5334 ἀπας
1091 5271 1119 5324 ὀ
1165 5268 1448 5341 ἄνθρωπος
1490 5270 1790 5339 δοξάζεται·
1829 5274 1979 5343 λέγει
2009 5272 2069 5327 τὸ

502 5362 700 5433 στόμα,
729 5364 824 5416 zeal
849 5360 1079 5433 γελῶσιν
1098 5360 1364 5433 ὀφθαλμοὶ
1398 5361 1494 5416 zeal
1522 5364 1924 5436 εὐφραίνονται’
1950 5363 2069 5417 καί-

498 5469 582 5506 τοι
614 5453 674 5506 οὐ
720 5452 816 5507 τοῦ
854 5453 1086 5518 κάλλους
1108 5453 1214 5507 τῶν
1246 5452 1557 5526 ὀφθαλμῶν,
1591 5456 1730 5511 ἀλλά
1762 5458 1863 5527 τῆς
1897 5456 2068 5524 γλώτ-

499 5556 599 5610 της
624 5543 659 5610 ή
687 5542 1053 5615 εὐδοκίμησις.
1084 5543 1251 5599 Πάλιν
1275 5543 1566 5614 ὀφθαλμῶν
1600 5546 1780 5602 καλῶν
1809 5546 2062 5617 φαινομέ-

561 5735 588 5765 ⁸
618 5732 873 5798 legebatur
891 5738 970 5785 zeal
994 5738 1065 5787 τό.

1283 234 1341 289 8.
1378 225 1664 291 JOANNIS
1701 220 2189 279 CHRYSUSTOM
2226 218 2542 277 ARCHIEP.
2582 217 3130 279 CONSTANTINOP.

3649 223 3764 279 269.

2183 355 2308 405 νων,
2344 341 2378 409 ἠ
2412 339 2561 393 πᾶσα
2574 338 2710 409 γυνὴ
2747 334 3375 404 καλλωπίζεταιοῶσπερ
3397 332 3492 389 οὖν
3523 337 3619 390 zeal
3661 331 3758 391 οὖ-

2190 445 2295 492 τοι,
2326 429 2424 482 zeal
2446 429 2591 500 ῥινὸς
2623 427 2839 492 εὐθείας
2868 429 2963 483 zeal
2992 427 3215 497 αὐχένος
3242 425 3405 496 ὀρθοῦ
3438 427 3531 481 zeal
3560 430 3765 499 ἐτέρων

2192 517 2368 589 μελῶν
2396 518 2912 588 ἐγκωμιαζομένων,
2944 517 3208 588 γεγήθασι
3230 517 3324 569 zeal
3353 516 3571 586 φαιδροὶ⁵
3588 517 3768 586 γίνον-

2187 627 2298 671 ται.
2331 610 2426 663 zeal
2457 609 2752 680 δακρύουσι
2775 611 2935 664 πάλιν
2965 609 3103 681 μετά
3127 608 3326 679 πολλῆς
3355 608 3457 678 τῆς
3482 608 3767 680 δαψιλείας

2188 702 2247 754 ἐν
2268 704 2386 765 ταῖς
2412 702 2623 765 ὀδύναις
2644 702 2823 755 αὐτῶν
2858 703 2955 756 zeal
2980 705 3102 767 ταῖς
3141 703 3473 772 συμφοραῖς,
3503 702 3606 758 κᾶν
3637 705 3766 759 ἀσι-

2188 798 2297 857 νεῖς
2321 793 2471 847 αὐτοὶ
2492 793 2806 862 διαμένωσι.

2259 973 2412 1046 [⁸285]
2442 973 2675 1049 δ¹.Ταῦτ’
2715 972 2807 1030 οὖν
2845 977 3084 1042 ἅπαντες
3103 979 3474 1050 ἐννοήσαντες,
3503 979 3766 1052 μιμησῶ-

2189 1065 2327 1134 μεθα
2373 1065 2471 1137 τήν
2490 1066 2710 1138 ἀγάπην
2739 1068 2846 1123 τῶν
2882 1070 3057 1140 μελῶν
3088 1069 3312 1135 τούτων,
3347 1070 3480 1140 μηδὲ
3505 1072 3767 1127 τάναντία

2185 1155 2448 1227 ποιῶμεν,
2481 1158 2900 1229 ἐπεμϐαίνοντες
2917 1164 3027 1226 τοῖς
3049 1161 3142 1215 τοῦ
3181 1162 3408 1230 πλησίον
3428 1166 3639 1229 κακοῖς,
3667 1168 3767 1221 zeal

2186 1245 2501 1314 φθονοῦντες
2520 1250 2632 1311 τοῖς
2649 1247 2744 1301 τοῦ
2767 1249 2994 1319 πλησίον
3014 1250 3256 1319 ἀγαθοῖς·
3288 1251 3629 1322 μαινομένων
3649 1261 3723 1322 γά
3730 1272 3764 1326 ρ

2184 1337 2339 1415 τοῦτο
2370 1340 2464 1392 zeal
2494 1338 2885 1411 ἐξεστηκότων.
2918 1343 3027 1395 Kal
3052 1343 3160 1412 γὰρ
3187 1343 3216 1395 ὀ
3236 1342 3326 1396 τὸν
3355 1342 3633 1414 ὀφθαλμδν
3671 1344 3763 1410 ἐξ-

2184 1429 2445 1502 ορύττων,
2482 1432 2910 1505 παραφροσύνης
2951 1433 3204 1503 μέγιστον
3244 1433 3439 1505 δεῖγμα
3473 1435 3759 1507 ἐξήνεγκε·

2185 1521 2278 1575 zeal
2303 1523 2333 1574 ὀ
2355 1520 2455 1593 τὴν
2474 1524 2631 1594 χεῖρα
2659 1524 2980 1590 κατεσθίων,
3004 1524 3263 1598 λαμπρᾶς
3296 1527 3492 1597 μανίας
3520 1531 3762 1602 παρέχε-

2182 1626 2273 1663 ται
2301 1609 2542 1680 ἔλεγχον.
2573 1611 2636 1664 El
2663 1611 2720 1664 δέ
2748 1611 2969 1664 ἐπὶτῶν
3000 1612 3177 1683 μελῶν
3202 1613 3380 1676 τοῦτο,
3409 1616 3504 1668 zeal
3526 1618 3620 1670 ἐπὶ
3650 1619 3763 1673 τῶν

2183 1700 2427 1772 ἀδελφῶν
2452 1703 2654 1773 ὁμοίως
2675 1704 2961 1773 γινόμενον
2990 1706 3418 1777 παραφροσύνης
3448 1710 3761 1781 περιτίθησι

2181 1791 2357 1857 δόξαν,
2390 1793 2483 1847 zeal
2514 1792 2718 1867 βλάϐην
2742 1795 2804 1847 οὐ
2826 1794 2925 1866 τὴν
2949 1795 3219 1866 τυχοῦσαν
3245 1799 3461 1867 ἐπάγει.
3490 1800 3634 1864 Ἕως
3657 1803 3760 1872 μὲν

2181 1882 2290 1955 γάρ
2323 1884 2389 1939 ἂν
2420 1887 2625 1949 ἐκεῖνος
2652 1886 2864 1959 λάμπῃ,
2898 1888 2993 1941 zeal
3021 1890 3054 1959 ή
3087 1887 3155 1961 σὴ
3189 1890 3462 1961 εὐμορφία
3503 1893 3760 1961 φαίνεται

2180 1979 2276 2032 zeal
2300 1977 2420 2032 ὅλον
2452 1977 2853 2045 καλλωπίζεται
2872 1980 2932 2033 τὸ
2957 1981 3135 2052 σῶμα·
3172 1982 3292 2035 οὐδέ
3313 1982 3423 2055 γὰρ
3449 1985 3532 2048 είς
3565 1987 3759 2041 ἐαυτὸν

2183 2072 2344 2144 μόνον
2372 2071 2435 2126 τὸ
2461 2072 2657 2138 κάλλος
2677 2073 3043 2147 περιίστησιν,
3075 2073 3210 2128 ἀλλά
3235 2076 3331 2127 καὶ
3359 2075 3441 2128 σοὶ
3464 2075 3645 2130 δίδωσι
3666 2094 3758 2132 σε-

2183 2163 2495 2234 μνύνεσθαιο
2524 2163 2591 2218 ἂν
2622 2163 2679 2217 δὲ
2710 2163 3053 2237 κατασϐέσῃς
3081 2163 3263 2229 αὐτὸν,
3300 2165 3408 2237 ὅλῳ
3434 2165 3512 2237 τῷ
3542 2165 3756 2238 σώματι

2179 2254 2356 2309 κοινὸν
2378 2256 2439 2309 τὸ
2462 2255 2653 2319 σκότος
2681 2256 2942 2328 εἰργάσω,
2977 2254 3072 2309 zeal
3113 2256 3248 2310 πᾶσι
3280 2258 3394 2320 τοῖς
3424 2258 3613 2328 μέλεσι
3652 2259 3757 2331 τήν

2181 2345 2467 2417 συμφορὰν
2488 2347 2788 2417 ἐπήγαγες·
2835 2344 3030 2416 ὥσπερ
3062 2341 3156 2400 οῦν
3193 2347 3289 2400 ἐάν
3312 2347 3574 2421 διατηρῇς
3613 2349 3756 2421 λάμ-

2178 2454 2369 2501 ποντα,
2388 2437 2667 2510 ὁλοκλήρῳ
2691 2437 2770 2509 τῷ
2792 2437 3004 2509 σώματι
3032 2437 3130 2510 τὴν
3151 2438 3301 2511 ὥραν
3323 2439 3621 2512 διατηρεῖς.
3643 2443 3753 2495 Οὐ-

2176 2528 2286 2594 δεὶς
2320 2530 2429 2602 γάρ
2465 2547 2648 2601 φησιν,
2677 2531 2759 2585 ὅτι
2791 2529 2968 2595 Καλὸς
2994 2533 3023 2585 ὀ
3049 2530 3345 2603 ὀφθαλμὸς,
3375 2531 3511 2587 ἀλλά
3532 2532 3585 2587 τί
3602 2552 3620 2601 ;
3642 2535 3756 2589 Ka-

2176 2618 2241 2692 λὴ
2278 2623 2311 2692 ή
2344 2621 2510 2677 δεῖνα·
2539 2622 2604 2677 ἂν
2632 2624 2690 2677 δέ
2724 2624 2817 2677 zeal
2850 2623 3011 2689 αὐτὸς
3042 2624 3352 2696 ἐπαινῆται,
3381 2623 3519 2695 μετά
3550 2625 3610 2680 τὸ
3632 2642 3753 2681 κοι-

2176 2713 2266 2768 νδν
2294 2714 2568 2785 ἐγκώμιον
2596 2717 2914 2770 ἐπαινεῖται.
2944 2714 3101 2770 Οὕτω
3132 2715 3228 2770 zeal
3254 2718 3315 2771 ἐν
3340 2719 3409 2789 τῇ
3455 2716 3755 2791 Ἐκκλησία

2178 2804 2485 2873 συμϐαίνειο
2530 2805 2597 2860 ἂν
2637 2806 2747 2879 γάρ
2792 2802 3081 2888 ὦσίπινες
3127 2811 3177 2862 οί
3222 2808 3658 2882 εὐδοκιμοῦντες,
3689 2812 3755 2867 τὸ

2175 2896 2352 2951 κοινὸν
2375 2897 2679 2968 καρποῦται
2712 2898 2811 2970 τὴν
2833 2899 3130 2970 εὐφημίαν.
3157 2900 3221 2953 Ol
3247 2901 3359 2972 γὰρ
3389 2901 3656 2972 ἐχθροὶού
3679 2902 3758 2958 δο-

2175 2983 2392 3067 αιροῦσι
2422 2987 2493 3040 τά
2516 2987 2786 3059 ἐγκώμια,
2814 2990 2951 3044 ἀλλά
2989 2991 3338 3046 συνάπτουσι.
3372 2992 3492 3047 Κᾶν
3578 3011 3668 3060 τις
3692 2997 3755 3051 ἐν

2174 3066 2252 3139 τῷ
2289 3069 2466 3137 λέγειν
2494 3070 2744 3143 λάμπων,
2782 3073 2883 3126 οὐκ
2910 3074 3072 3127 αὐτὸν
3114 3066 3753 3150 ἐγκωμιάζουσιημόνον,

2175 3159 2311 3214 ἀλλά
2358 3163 2452 3216 zeal
2500 3163 2600 3234 τὴν
2632 3164 2956 3236 Ἐκκλησίαν
2992 3167 3231 3222 ἃπασαν.
3266 3169 3403 3222 Οὐδέ
3444 3170 3554 3242 γάρ
3586 3189 3755 3242 φασιν

2174 3251 2256 3307 ὅτι
2298 3252 2607 3325 θαυμαστὸς
2654 3256 2683 3308 ὀ
2729 3255 2874 3310 δεῖνα
2910 3257 3090 3328 μόνον,
3120 3259 3256 3313 ἀλλά
3299 3261 3388 3327 τίς
3439 3260 3756 3333 θαυμαστὸν

2175 3343 2357 3415 έχουσι
2411 3346 2732 3402 διδάσκαλον
2787 3350 2837 3401 οί
2904 3350 3251 3422 Χριστιανοίο
3311 3353 3406 3406 zeal
3457 3354 3635 3409 κοινὸν
3690 3356 3756 3410 τὸ

2175 3436 2359 3507 κτῆμα
2405 3437 2667 3493 ποιοῦσιν.
2723 3435 2858 3494 Εἶτα
2915 3441 3172 3511 Ἕλληνες
3239 3444 3338 3515 μέν
3391 3445 3750 3513 συνάπτουσι,

2177 3529 2241 3582 σύ
2298 3528 2357 3582 δὲ
2404 3528 2651 3600 διαιρεῖς,
2686 3533 2782 3586 zeal
2838 3532 3098 3606 πολεμεῖς
3151 3536 3229 3606 τῷ
3283 3537 3481 3591 σαυτοῦ
3536 3537 3753 3610 σώματι

2175 3622 2270 3675 zeal
2305 3622 2444 3675 κατὰ
2491 3623 2601 3676 τῶν
2649 3624 2864 3679 οἰκείων
2910 3627 3129 3682 ἴστασαι
3172 3628 3381 3700 μελῶν;
3420 3631 3535 3684 υύκ
3568 3626 3750 3699 οἶσθα,

2175 3714 2257 3766 ὅτι
2312 3712 2470 3767 τοῦτο
2527 3716 2702 3771 πάντα
2749 3718 3074 3790 ἀνατρέπει;
3128 3723 3223 3776 zeal
3277 3723 3387 3792 γὰρ
3425 3724 3518 3777 zeal
3569 3726 3754 3778 Βασι-

2174 3805 2331 3874 λεία,
2364 3810 2547 3881 φησιν,
2578 3809 2672 3879 ἐφ’
2708 3810 2935 3879 ἑαυτὴν
2956 3814 3313 3881 μερισθεῖσα
3344 3816 3416 3870 οὐ
3450 3816 3754 3883 σταθήσε-

2175 3915 2288 3954 ται.

2245 4084 2409 4138 Οὐδὲν
2450 4084 2507 4138 δέ
2536 4082 2680 4137 οὐτω
2707 4083 2917 4155 μερίζει
2962 4085 3057 4139 zeal
3094 4086 3381 4158 διίστησιν,
3419 4088 3492 4153 ὡς
3555 4091 3752 4160 φθόνος

2174 4174 2266 4228 zeal
2295 4174 2581 4245 βασκανία,
2612 4174 2672 4226 τὸ
2695 4173 2930 4244 χαλεπὸν
2968 4174 3126 4229 τοῦτο
3153 4176 3385 4247 νόσημα,
3430 4180 3523 4232 zeal
3565 4183 3753 4253 πάσης

2173 4266 2615 4338 ἀπεστερημένον
2651 4264 3001 4337 συγγνώμης,
3037 4266 3132 4320 zeal
3177 4267 3279 4338 τῆς
3316 4270 3425 4324 τῶν
3452 4273 3640 4326 κακῶν
3672 4276 3752 4347 ρι-

2175 4357 2274 4429 ζης
2301 4359 2443 4417 κατά
2477 4375 2531 4411 τι
2569 4357 2967 4429 χαλεπώτερον.
3023 4358 3081 4411 '0
3131 4360 3228 4431 μὲν
3264 4361 3372 4433 γὰρ
3410 4364 3751 4439 φιλάργυρος

2171 4451 2294 4504 τότε
2333 4449 2541 4519 ἥδεται,
2583 4451 2714 4503 ὅταν
2737 4450 2899 4514 αὐτὸς
2934 4449 3106 4523 λιίιϐῃ⁸
3146 4452 3175 4504 ὀ
3216 4452 3274 4506 δέ
3318 4453 3584 4525 βάσκανος
3624 4458 3748 4513 τότε

2170 4542 2377 4613 ἥδεται,
2400 4541 2527 4594 ὅταν
2563 4541 2749 4613 ἕτερος
2783 4543 2858 4614 μή
2888 4541 3050 4615 λάϐῃ,
3080 4545 3178 4616 οὐχ
3210 4547 3339 4599 ὅταν
3362 4548 3525 4611 αὐτὸς
3561 4548 3703 4622 λάϐῃ
3729 4564 3747 4580 ο

2169 4632 2490 4704 εὐεργεσίαν
2530 4632 2637 4705 γὰρ
2676 4635 2886 4688 οἰκείαν
2930 4637 3143 4706 νομίζει
3189 4637 3287 4708 τὴν
3330 4639 3531 4711 ἐτέρων
3574 4657 3751 4694 κακο-

2170 4725 2429 4797 πραγίαν,
2455 4724 2516 4779 οὐ
2540 4725 2640 4795 τὴν
2671 4726 2876 4779 οίκείαν
2898 4727 3219 4800 εὐημερίαν,
3248 4731 3422 4793 κοινός
3440 4747 3525 4795 τις
3550 4731 3750 4803 ἐχθρὸς

2166 4820 2267 4892 τῆς
2301 4818 2407 4874 τῶν
2450 4817 2750 4891 ἀνθρώπιον
2798 4820 3222 4890 περιερχόμενος
3259 4821 3495 4891 φύσεως,
3534 4826 3629 4877 καὶ
3674 4829 3747 4882 τὰ

2166 4909 2259 4964 τοῦ
2289 4910 2527 4983 Χριστοῦ
2554 4911 2691 4982 μέλη
2712 4909 2956 4975 τύπτων,
2986 4903 3048 4965 οὗ
3097 4912 3151 4965 τί
3178 4913 3372 4982 γένοιτ’
3403 4915 3469 4970 ἂν
3497 4918 3745 4988 μανικὼ-

2165 5021 2354 5076 τερον;
2396 5005 2455 5058 '0
2479 5003 2688 5073 δαίμων
2724 5003 2913 5074 φθονεῖ
2937 5004 3059 5075 μέν,
3103 5003 3221 5058 ἀλλ’
3252 5006 3582 5077 ἀνθρώποις,
3619 5010 3745 5063 δαί-

2170 5114 2289 5166 μονι
2339 5096 2396 5149 δέ
2439 5094 2646 5149 οὐδενί*
2708 5096 2772 5148 σύ
2816 5096 2877 5151 δὲ
2927 5095 3214 5168 ἄνθρωπος
3277 5096 3377 5164 ὢν,
3431 5100 3745 5172 ἀνθρώποις

2168 5185 2401 5255 φθονεῖς,
2425 5186 2519 5240 zeal
2547 5186 2683 5258 πρὸς
2706 5185 2769 5240 τὸ
2797 5188 3070 5257 ὁμόφυλον
3095 5188 3313 5243 ῖστασαι
3337 5192 3431 5245 zeal
3454 5190 3741 5262 ὁμογενὲς,

2164 5277 2300 5347 ὅπερ
2336 5277 2456 5332 οὐδὲ
2482 5278 2512 5331 ὀ
2541 5276 2748 5346 δαίμων
2770 5282 2935 5336 ποιεῖ.
2968 5280 3079 5334 Kal
3107 5281 3267 5345 ποίας
3297 5280 3462 5355 τεύξῃ
3488 5285 3763 5364 συγγνιὶμ.

2167 5381 2295 5436 μης.
2329 5365 2483 5429 ποίας
2510 5364 2568 5417 δέ
2595 5365 2908 5436 ἀπολογίας,
2951 5369 3080 5423 ὅταν
3114 5368 3230 5444 ι’δῃς
3271 5370 3496 5440 ἀδελφὸν
3529 5373 3743 5444 εὐημε-

2167 5456 2360 5529 ροῦντα
2386 5457 2604 5529 τρέμων
2635 5459 2728 5512 καὶ
2770 5459 3010 5532 ὠχριῶν,
3052 5460 3449 5530 στεφανοῦσθαι
3487 5460 3606 5518 δέον
3640 5468 3745 5520 καὶ

2162 5551 2373 5622 χαίρειν
2397 5551 2491 5604 zeal
2520 5551 2875 5621 ἀγάλλεσθαι;
2901 5555 2966 5607 Εἰ
2986 5555 3043 5608 δὲ
3079 5556 3173 5609 zeal
3193 5554 3389 5627 ζηλοῦν
3414 5555 3638 5619 ἐθέλεις.
3668 5562 3741 5616 οὐ

2161 5642 2383 5698 κωλύω·
2420 5642 2681 5717 ζήλωσον,
2714 5645 2829 5698 ἀλλ’
2857 5647 2946 5701 ἵνα
2975 5646 3097 5701 κατ’
3124 5648 3332 5701 ἐκεῖνον
3352 5646 3485 5719 γένῃ
3518 5646 3610 5701 τὸν
3636 5646 3739 5702 σύ·-

2163 5736 2483 5808 ὀοκιμοῦντα
2503 5754 2518 5769 '
2543 5737 2616 5810 μὴ
2638 5738 2724 5793 ἴνα
2750 5739 2908 5797 αὐτὸν
2930 5741 3322 5813 καταϐιϐάσῃς,
3347 5740 3463 5798 ἀλλ’
3486 5741 3571 5795 ῖνα
3594 5739 3740 5809 πρὶς
