  <div class='ocr_page' id='page_1' title='image "/cluster/home/n/w/nwhite01/storage/ocr_20150623/61/hvd.32044054166368/266.png"; bbox 0 0 4108 6218; ppageno 0'>
   <div class='ocr_carea' id='block_1_1' title="bbox 416 285 2688 365">
    <p class='ocr_par' dir='ltr' id='par_1_1' title="bbox 416 285 2688 365">
     <span class='ocr_line' id='line_1_1' title="bbox 416 285 2688 365; baseline -0.002 -18"><span class='ocrx_word' id='word_1_1' title='bbox 416 311 510 365; x_wconf 66' lang='grc' dir='ltr'><strong>ρει</strong></span> <span class='ocrx_word' id='word_1_2' title='bbox 1443 294 1506 349; x_wconf 66' lang='lat' dir='ltr'><strong>IN</strong></span> <span class='ocrx_word' id='word_1_3' title='bbox 1546 292 1760 348; x_wconf 70' lang='lat' dir='ltr'><strong>urzsr.</strong></span> <span class='ocrx_word' id='word_1_4' title='bbox 1805 291 1823 345; x_wconf 94' lang='lat' dir='ltr'><strong>t</strong></span> <span class='ocrx_word' id='word_1_5' title='bbox 1891 289 1978 346; x_wconf 72' lang='lat' dir='ltr'><strong>an</strong></span> <span class='ocrx_word' id='word_1_6' title='bbox 2021 287 2174 348; x_wconf 81' lang='lat' dir='ltr'><strong>con.</strong></span> <span class='ocrx_word' id='word_1_7' title='bbox 2219 285 2444 345; x_wconf 83' lang='lat' dir='ltr'><strong>t-toutL.</strong></span> <span class='ocrx_word' id='word_1_8' title='bbox 2499 289 2688 344; x_wconf 71' lang='lat' dir='ltr'><strong>XXXI.</strong></span> 
     </span>
    </p>
   </div>
   <div class='ocr_carea' id='block_1_2' title="bbox 411 406 1980 484">
    <p class='ocr_par' dir='ltr' id='par_1_2' title="bbox 411 406 1980 484">
     <span class='ocr_line' id='line_1_2' title="bbox 411 406 1980 484; baseline -0.01 -12"><span class='ocrx_word' id='word_1_9' title='bbox 411 431 554 472; x_wconf 79' lang='lat' dir='ltr'><strong>enim</strong></span> <span class='ocrx_word' id='word_1_10' title='bbox 583 422 661 480; x_wconf 88' lang='lat' dir='ltr'><strong>tu,</strong></span> <span class='ocrx_word' id='word_1_11' title='bbox 687 407 811 484; x_wconf 84' lang='lat' dir='ltr'><strong>quia</strong></span> <span class='ocrx_word' id='word_1_12' title='bbox 838 409 1005 483; x_wconf 82' lang='lat' dir='ltr'><strong>tuajor</strong></span> <span class='ocrx_word' id='word_1_13' title='bbox 1030 425 1108 474; x_wconf 76' lang='lat' dir='ltr'><strong>es,</strong></span> <span class='ocrx_word' id='word_1_14' title='bbox 1137 425 1328 481; x_wconf 65' lang='lat' dir='ltr'><strong>COTplla</strong></span> <span class='ocrx_word' id='word_1_15' title='bbox 1356 408 1635 464; x_wconf 66' lang='lat' dir='ltr'><strong>constituis</strong></span> <span class='ocrx_word' id='word_1_16' title='bbox 1663 424 1674 460; x_wconf 92' lang='lat'><strong>:</strong></span> <span class='ocrx_word' id='word_1_17' title='bbox 1705 407 1772 460; x_wconf 89' lang='lat' dir='ltr'><strong>ita</strong></span> <span class='ocrx_word' id='word_1_18' title='bbox 1798 415 1854 460; x_wconf 91' lang='lat' dir='ltr'><strong>ct</strong></span> <span class='ocrx_word' id='word_1_19' title='bbox 1877 406 1980 470; x_wconf 83' lang='lat' dir='ltr'><strong>hic,</strong></span> 
     </span>
    </p>
   </div>
   <div class='ocr_carea' id='block_1_3' title="bbox 408 499 1992 579">
    <p class='ocr_par' dir='ltr' id='par_1_3' title="bbox 408 499 1992 579">
     <span class='ocr_line' id='line_1_3' title="bbox 408 499 1992 579; baseline -0.008 -18"><span class='ocrx_word' id='word_1_20' title='bbox 408 505 534 579; x_wconf 81' lang='lat' dir='ltr'><strong>quia</strong></span> <span class='ocrx_word' id='word_1_21' title='bbox 558 508 751 562; x_wconf 89' lang='lat' dir='ltr'><strong>minor.</strong></span> <span class='ocrx_word' id='word_1_22' title='bbox 785 503 968 574; x_wconf 80' lang='lat' dir='ltr'><strong>Itaque</strong></span> <span class='ocrx_word' id='word_1_23' title='bbox 993 504 1254 574; x_wconf 89' lang='lat' dir='ltr'><strong>pusillitas</strong></span> <span class='ocrx_word' id='word_1_24' title='bbox 1285 503 1422 570; x_wconf 79' lang='lat' dir='ltr'><strong>ejus,</strong></span> <span class='ocrx_word' id='word_1_25' title='bbox 1455 517 1575 578; x_wconf 82' lang='lat' dir='ltr'><strong>Cum</strong></span> <span class='ocrx_word' id='word_1_26' title='bbox 1604 517 1796 569; x_wconf 78' lang='lat' dir='ltr'><strong>Corpus</strong></span> <span class='ocrx_word' id='word_1_27' title='bbox 1823 499 1992 552; x_wconf 81' lang='lat' dir='ltr'><strong>:edili-</strong></span> 
     </span>
    </p>
   </div>
   <div class='ocr_carea' id='block_1_4' title="bbox 407 589 1988 665">
    <p class='ocr_par' dir='ltr' id='par_1_4' title="bbox 407 589 1988 665">
     <span class='ocr_line' id='line_1_4' title="bbox 407 589 1988 665; baseline -0.008 -13"><span class='ocrx_word' id='word_1_28' title='bbox 407 612 536 652; x_wconf 79' lang='lat' dir='ltr'><strong>Care</strong></span> <span class='ocrx_word' id='word_1_29' title='bbox 566 603 818 665; x_wconf 80' lang='lat' dir='ltr'><strong>Oportet,</strong></span> <span class='ocrx_word' id='word_1_30' title='bbox 871 611 964 661; x_wconf 90' lang='lat' dir='ltr'><strong>par</strong></span> <span class='ocrx_word' id='word_1_31' title='bbox 984 593 1077 647; x_wconf 88' lang='lat' dir='ltr'><strong>tibi</strong></span> <span class='ocrx_word' id='word_1_32' title='bbox 1111 592 1314 646; x_wconf 87' lang='lat' dir='ltr'><strong>honore</strong></span> <span class='ocrx_word' id='word_1_33' title='bbox 1352 593 1408 644; x_wconf 90' lang='lat' dir='ltr'><strong>lit</strong></span> <span class='ocrx_word' id='word_1_34' title='bbox 1445 592 1510 644; x_wconf 90' lang='lat' dir='ltr'><strong>ad</strong></span> <span class='ocrx_word' id='word_1_35' title='bbox 1552 591 1686 644; x_wconf 87' lang='lat' dir='ltr'><strong>hanc</strong></span> <span class='ocrx_word' id='word_1_36' title='bbox 1716 589 1988 658; x_wconf 73' lang='lat' dir='ltr'><strong>pulchram</strong></span> 
     </span>
    </p>
   </div>
   <div class='ocr_carea' id='block_1_5' title="bbox 407 677 1990 752">
    <p class='ocr_par' dir='ltr' id='par_1_5' title="bbox 407 677 1990 752">
     <span class='ocr_line' id='line_1_5' title="bbox 407 677 1990 752; baseline -0.006 -12"><span class='ocrx_word' id='word_1_37' title='bbox 407 687 820 749; x_wconf 73' lang='lat' dir='ltr'><strong>Collectionem;</strong></span> <span class='ocrx_word' id='word_1_38' title='bbox 855 685 1082 752; x_wconf 83' lang='lat' dir='ltr'><strong>idipsum</strong></span> <span class='ocrx_word' id='word_1_39' title='bbox 1107 685 1245 737; x_wconf 89' lang='lat' dir='ltr'><strong>enim</strong></span> <span class='ocrx_word' id='word_1_40' title='bbox 1281 692 1454 751; x_wconf 77' lang='lat' dir='ltr'><strong>potest</strong></span> <span class='ocrx_word' id='word_1_41' title='bbox 1478 683 1616 752; x_wconf 85' lang='lat' dir='ltr'><strong>quod</strong></span> <span class='ocrx_word' id='word_1_42' title='bbox 1647 694 1698 734; x_wconf 90' lang='lat' dir='ltr'><strong>tu</strong></span> <span class='ocrx_word' id='word_1_43' title='bbox 1726 699 1738 732; x_wconf 86' lang='lat'><strong>;</strong></span> <span class='ocrx_word' id='word_1_44' title='bbox 1771 681 1820 732; x_wconf 91' lang='lat' dir='ltr'><strong>id</strong></span> <span class='ocrx_word' id='word_1_45' title='bbox 1851 677 1990 749; x_wconf 87' lang='lat' dir='ltr'><strong>quod</strong></span> 
     </span>
    </p>
   </div>
   <div class='ocr_carea' id='block_1_6' title="bbox 409 773 1990 846">
    <p class='ocr_par' dir='ltr' id='par_1_6' title="bbox 409 773 1990 846">
     <span class='ocr_line' id='line_1_6' title="bbox 409 773 1990 846; baseline -0.006 -13"><span class='ocrx_word' id='word_1_46' title='bbox 409 778 534 833; x_wconf 85' lang='lat' dir='ltr'><strong>inde</strong></span> <span class='ocrx_word' id='word_1_47' title='bbox 557 779 727 846; x_wconf 85' lang='lat' dir='ltr'><strong>palam</strong></span> <span class='ocrx_word' id='word_1_48' title='bbox 747 787 846 830; x_wconf 75' lang='lat' dir='ltr'><strong>est.</strong></span> <span class='ocrx_word' id='word_1_49' title='bbox 865 775 977 830; x_wconf 79' lang='lat' dir='ltr'><strong>Non</strong></span> <span class='ocrx_word' id='word_1_50' title='bbox 993 777 1056 828; x_wconf 74' lang='lat' dir='ltr'><strong>sit</strong></span> <span class='ocrx_word' id='word_1_51' title='bbox 1075 775 1158 828; x_wconf 88' lang='lat' dir='ltr'><strong>vel</strong></span> <span class='ocrx_word' id='word_1_52' title='bbox 1179 776 1352 827; x_wconf 84' lang='lat' dir='ltr'><strong>minus</strong></span> <span class='ocrx_word' id='word_1_53' title='bbox 1376 773 1456 826; x_wconf 88' lang='lat' dir='ltr'><strong>vel</strong></span> <span class='ocrx_word' id='word_1_54' title='bbox 1479 774 1649 841; x_wconf 81' lang='lat' dir='ltr'><strong>majus</strong></span> <span class='ocrx_word' id='word_1_55' title='bbox 1670 774 1990 834; x_wconf 64' lang='lat' dir='ltr'><strong>memhruu‘t,</strong></span> 
     </span>
    </p>
   </div>
   <div class='ocr_carea' id='block_1_7' title="bbox 410 863 1992 924">
    <p class='ocr_par' dir='ltr' id='par_1_7' title="bbox 410 863 1992 924">
     <span class='ocr_line' id='line_1_7' title="bbox 410 863 1992 924; baseline -0.004 -2"><span class='ocrx_word' id='word_1_56' title='bbox 410 885 460 922; x_wconf 78' lang='grc' dir='ltr'><strong>ιιι</strong></span> <span class='ocrx_word' id='word_1_57' title='bbox 483 883 513 921; x_wconf 91' lang='lat' dir='ltr'><strong>c</strong></span> <span class='ocrx_word' id='word_1_58' title='bbox 542 867 826 920; x_wconf 78' lang='lat' dir='ltr'><strong>honestum</strong></span> <span class='ocrx_word' id='word_1_59' title='bbox 861 876 910 918; x_wconf 89' lang='lat' dir='ltr'><strong>et</strong></span> <span class='ocrx_word' id='word_1_60' title='bbox 941 866 1113 918; x_wconf 86' lang='lat' dir='ltr'><strong>minus</strong></span> <span class='ocrx_word' id='word_1_61' title='bbox 1157 865 1439 918; x_wconf 80' lang='lat' dir='ltr'><strong>honestum</strong></span> <span class='ocrx_word' id='word_1_62' title='bbox 1470 905 1484 924; x_wconf 87' lang='lat'><strong>,</strong></span> <span class='ocrx_word' id='word_1_63' title='bbox 1512 863 1605 917; x_wconf 61' lang='lat' dir='ltr'><strong>scd</strong></span> <span class='ocrx_word' id='word_1_64' title='bbox 1653 865 1758 916; x_wconf 75' lang='lat' dir='ltr'><strong>sint</strong></span> <span class='ocrx_word' id='word_1_65' title='bbox 1815 865 1992 916; x_wconf 80' lang='lat' dir='ltr'><strong>omnia</strong></span> 
     </span>
    </p>
   </div>
   <div class='ocr_carea' id='block_1_8' title="bbox 410 953 1994 1034">
    <p class='ocr_par' dir='ltr' id='par_1_8' title="bbox 410 953 1994 1034">
     <span class='ocr_line' id='line_1_8' title="bbox 410 953 1994 1034; baseline -0.002 -26"><span class='ocrx_word' id='word_1_66' title='bbox 410 959 600 1012; x_wconf 86' lang='lat' dir='ltr'><strong>oculus</strong></span> <span class='ocrx_word' id='word_1_67' title='bbox 627 1001 640 1019; x_wconf 86' lang='lat'><strong>,</strong></span> <span class='ocrx_word' id='word_1_68' title='bbox 673 965 763 1010; x_wconf 87' lang='lat' dir='ltr'><strong>aut</strong></span> <span class='ocrx_word' id='word_1_69' title='bbox 792 957 969 1008; x_wconf 78' lang='lat' dir='ltr'><strong>omnia</strong></span> <span class='ocrx_word' id='word_1_70' title='bbox 999 963 1159 1022; x_wconf 88' lang='lat' dir='ltr'><strong>caput</strong></span> <span class='ocrx_word' id='word_1_71' title='bbox 1189 971 1200 1004; x_wconf 93' lang='lat'><strong>:</strong></span> <span class='ocrx_word' id='word_1_72' title='bbox 1257 969 1436 1034; x_wconf 66' lang='lat' dir='ltr'><strong>annon</strong></span> <span class='ocrx_word' id='word_1_73' title='bbox 1472 954 1664 1023; x_wconf 78' lang='lat' dir='ltr'><strong>peribit</strong></span> <span class='ocrx_word' id='word_1_74' title='bbox 1692 968 1888 1021; x_wconf 83' lang='lat' dir='ltr'><strong>Corpus</strong></span> <span class='ocrx_word' id='word_1_75' title='bbox 1931 953 1994 1005; x_wconf 84' lang='lat' dir='ltr'><strong>il-</strong></span> 
     </span>
    </p>
   </div>
   <div class='ocr_carea' id='block_1_9' title="bbox 410 1043 1992 1105">
    <p class='ocr_par' dir='ltr' id='par_1_9' title="bbox 410 1043 1992 1105">
     <span class='ocr_line' id='line_1_9' title="bbox 410 1043 1992 1105; baseline -0.006 0"><span class='ocrx_word' id='word_1_76' title='bbox 410 1050 558 1105; x_wconf 86' lang='lat' dir='ltr'><strong>lud?</strong></span> <span class='ocrx_word' id='word_1_77' title='bbox 605 1049 658 1103; x_wconf 92' lang='lat' dir='ltr'><strong>ld</strong></span> <span class='ocrx_word' id='word_1_78' title='bbox 707 1048 880 1103; x_wconf 85' lang='lat' dir='ltr'><strong>cuivis</strong></span> <span class='ocrx_word' id='word_1_79' title='bbox 930 1045 1268 1100; x_wconf 84' lang='lat' dir='ltr'><strong>manifestum</strong></span> <span class='ocrx_word' id='word_1_80' title='bbox 1328 1055 1428 1100; x_wconf 89' lang='lat' dir='ltr'><strong>est.</strong></span> <span class='ocrx_word' id='word_1_81' title='bbox 1486 1045 1692 1098; x_wconf 79' lang='lat' dir='ltr'><strong>llnrsus</strong></span> <span class='ocrx_word' id='word_1_82' title='bbox 1723 1043 1766 1096; x_wconf 77' lang='lat' dir='ltr'><strong>si</strong></span> <span class='ocrx_word' id='word_1_83' title='bbox 1815 1044 1992 1096; x_wconf 81' lang='lat' dir='ltr'><strong>oinuia</strong></span> 
     </span>
    </p>
   </div>
   <div class='ocr_carea' id='block_1_10' title="bbox 409 1137 1988 1211">
    <p class='ocr_par' dir='ltr' id='par_1_10' title="bbox 409 1137 1988 1211">
     <span class='ocr_line' id='line_1_10' title="bbox 409 1137 1988 1211; baseline -0.008 -12"><span class='ocrx_word' id='word_1_84' title='bbox 409 1147 520 1200; x_wconf 83' lang='lat' dir='ltr'><strong>sint</strong></span> <span class='ocrx_word' id='word_1_85' title='bbox 543 1145 768 1207; x_wconf 89' lang='lat' dir='ltr'><strong>minora,</strong></span> <span class='ocrx_word' id='word_1_86' title='bbox 786 1142 1013 1211; x_wconf 90' lang='lat' dir='ltr'><strong>idipsum</strong></span> <span class='ocrx_word' id='word_1_87' title='bbox 1034 1141 1264 1194; x_wconf 75' lang='lat' dir='ltr'><strong>eveniet.</strong></span> <span class='ocrx_word' id='word_1_88' title='bbox 1291 1139 1469 1208; x_wconf 84' lang='lat' dir='ltr'><strong>Itaque</strong></span> <span class='ocrx_word' id='word_1_89' title='bbox 1497 1139 1547 1192; x_wconf 91' lang='lat' dir='ltr'><strong>in</strong></span> <span class='ocrx_word' id='word_1_90' title='bbox 1572 1137 1674 1191; x_wconf 89' lang='lat' dir='ltr'><strong>hoc</strong></span> <span class='ocrx_word' id='word_1_91' title='bbox 1700 1138 1858 1190; x_wconf 80' lang='lat' dir='ltr'><strong>etiam</strong></span> <span class='ocrx_word' id='word_1_92' title='bbox 1884 1138 1988 1188; x_wconf 87' lang='lat' dir='ltr'><strong>mi-</strong></span> 
     </span>
    </p>
   </div>
   <div class='ocr_carea' id='block_1_11' title="bbox 411 1227 1990 1302">
    <p class='ocr_par' dir='ltr' id='par_1_11' title="bbox 411 1227 1990 1302">
     <span class='ocr_line' id='line_1_11' title="bbox 411 1227 1990 1302; baseline -0.006 -14"><span class='ocrx_word' id='word_1_93' title='bbox 411 1251 542 1288; x_wconf 88' lang='lat' dir='ltr'><strong>nora</strong></span> <span class='ocrx_word' id='word_1_94' title='bbox 574 1243 698 1288; x_wconf 91' lang='lat' dir='ltr'><strong>sunt</strong></span> <span class='ocrx_word' id='word_1_95' title='bbox 727 1233 973 1302; x_wconf 82' lang='lat' dir='ltr'><strong>:cqualia.</strong></span> <span class='ocrx_word' id='word_1_96' title='bbox 1001 1231 1054 1285; x_wconf 88' lang='lat' dir='ltr'><strong>Si</strong></span> <span class='ocrx_word' id='word_1_97' title='bbox 1088 1245 1213 1284; x_wconf 76' lang='lat' dir='ltr'><strong>vero</strong></span> <span class='ocrx_word' id='word_1_98' title='bbox 1235 1238 1478 1298; x_wconf 84' lang='lat' dir='ltr'><strong>Oportcat</strong></span> <span class='ocrx_word' id='word_1_99' title='bbox 1505 1228 1629 1298; x_wconf 90' lang='lat' dir='ltr'><strong>quid</strong></span> <span class='ocrx_word' id='word_1_100' title='bbox 1653 1229 1882 1297; x_wconf 77' lang='lat' dir='ltr'><strong>amplius</strong></span> <span class='ocrx_word' id='word_1_101' title='bbox 1909 1227 1990 1279; x_wconf 88' lang='lat' dir='ltr'><strong>di-</strong></span> 
     </span>
    </p>
   </div>
   <div class='ocr_carea' id='block_1_12' title="bbox 408 1319 1988 1390">
    <p class='ocr_par' dir='ltr' id='par_1_12' title="bbox 408 1319 1988 1390">
     <span class='ocr_line' id='line_1_12' title="bbox 408 1319 1988 1390; baseline -0.008 -8"><span class='ocrx_word' id='word_1_102' title='bbox 408 1341 557 1390; x_wconf 85' lang='lat' dir='ltr'><strong>cere,</strong></span> <span class='ocrx_word' id='word_1_103' title='bbox 583 1334 638 1379; x_wconf 89' lang='lat' dir='ltr'><strong>ut</strong></span> <span class='ocrx_word' id='word_1_104' title='bbox 664 1333 875 1378; x_wconf 81' lang='lat' dir='ltr'><strong>maneat</strong></span> <span class='ocrx_word' id='word_1_105' title='bbox 906 1339 1121 1390; x_wconf 81' lang='lat' dir='ltr'><strong>corpus,</strong></span> <span class='ocrx_word' id='word_1_106' title='bbox 1153 1322 1328 1374; x_wconf 81' lang='lat' dir='ltr'><strong>minor</strong></span> <span class='ocrx_word' id='word_1_107' title='bbox 1353 1331 1438 1376; x_wconf 85' lang='lat' dir='ltr'><strong>est</strong></span> <span class='ocrx_word' id='word_1_108' title='bbox 1465 1322 1509 1374; x_wconf 88' lang='lat' dir='ltr'><strong>is</strong></span> <span class='ocrx_word' id='word_1_109' title='bbox 1535 1321 1623 1390; x_wconf 82' lang='lat' dir='ltr'><strong>qui</strong></span> <span class='ocrx_word' id='word_1_110' title='bbox 1652 1321 1861 1373; x_wconf 82' lang='lat' dir='ltr'><strong>minor:</strong></span> <span class='ocrx_word' id='word_1_111' title='bbox 1884 1319 1988 1371; x_wconf 83' lang='lat' dir='ltr'><strong>ita-</strong></span> 
     </span>
    </p>
   </div>
   <div class='ocr_carea' id='block_1_13' title="bbox 408 1410 1992 1488">
    <p class='ocr_par' dir='ltr' id='par_1_13' title="bbox 408 1410 1992 1488">
     <span class='ocr_line' id='line_1_13' title="bbox 408 1410 1992 1488; baseline -0.005 -18"><span class='ocrx_word' id='word_1_112' title='bbox 408 1433 518 1488; x_wconf 84' lang='lat' dir='ltr'><strong>que</strong></span> <span class='ocrx_word' id='word_1_113' title='bbox 551 1427 766 1486; x_wconf 89' lang='lat' dir='ltr'><strong>propter</strong></span> <span class='ocrx_word' id='word_1_114' title='bbox 799 1425 848 1469; x_wconf 90' lang='lat' dir='ltr'><strong>te</strong></span> <span class='ocrx_word' id='word_1_115' title='bbox 881 1415 1053 1468; x_wconf 84' lang='lat' dir='ltr'><strong>minor</strong></span> <span class='ocrx_word' id='word_1_116' title='bbox 1073 1423 1175 1478; x_wconf 81' lang='lat' dir='ltr'><strong>est,</strong></span> <span class='ocrx_word' id='word_1_117' title='bbox 1198 1426 1245 1464; x_wconf 89' lang='lat' dir='ltr'><strong>ut</strong></span> <span class='ocrx_word' id='word_1_118' title='bbox 1277 1423 1327 1465; x_wconf 87' lang='lat' dir='ltr'><strong>tu</strong></span> <span class='ocrx_word' id='word_1_119' title='bbox 1355 1429 1576 1480; x_wconf 78' lang='lat' dir='ltr'><strong>magnus</strong></span> <span class='ocrx_word' id='word_1_120' title='bbox 1603 1427 1836 1465; x_wconf 80' lang='lat' dir='ltr'><strong>maneas.</strong></span> <span class='ocrx_word' id='word_1_121' title='bbox 1871 1410 1992 1463; x_wconf 72' lang='lat' dir='ltr'><strong>ldro</strong></span> 
     </span>
    </p>
   </div>
   <div class='ocr_carea' id='block_1_14' title="bbox 411 1503 1988 1576">
    <p class='ocr_par' dir='ltr' id='par_1_14' title="bbox 411 1503 1988 1576">
     <span class='ocr_line' id='line_1_14' title="bbox 411 1503 1988 1576; baseline -0.006 -14"><span class='ocrx_word' id='word_1_122' title='bbox 411 1508 655 1562; x_wconf 80' lang='lat' dir='ltr'><strong>eamdem</strong></span> <span class='ocrx_word' id='word_1_123' title='bbox 710 1507 875 1576; x_wconf 74' lang='lat' dir='ltr'><strong>exigit</strong></span> <span class='ocrx_word' id='word_1_124' title='bbox 911 1505 979 1558; x_wconf 89' lang='lat' dir='ltr'><strong>ab</strong></span> <span class='ocrx_word' id='word_1_125' title='bbox 1029 1504 1281 1558; x_wconf 85' lang='lat' dir='ltr'><strong>omnibus</strong></span> <span class='ocrx_word' id='word_1_126' title='bbox 1331 1503 1750 1572; x_wconf 70' lang='lat' dir='ltr'><strong>providentiam;</strong></span> <span class='ocrx_word' id='word_1_127' title='bbox 1778 1511 1832 1554; x_wconf 87' lang='lat' dir='ltr'><strong>et</strong></span> <span class='ocrx_word' id='word_1_128' title='bbox 1869 1519 1988 1554; x_wconf 85' lang='lat' dir='ltr'><strong>cum</strong></span> 
     </span>
    </p>
   </div>
   <div class='ocr_carea' id='block_1_15' title="bbox 409 1593 1990 1667">
    <p class='ocr_par' dir='ltr' id='par_1_15' title="bbox 409 1593 1990 1667">
     <span class='ocr_line' id='line_1_15' title="bbox 409 1593 1990 1667; baseline -0.006 -14"><span class='ocrx_word' id='word_1_129' title='bbox 409 1601 672 1661; x_wconf 77' lang='lat' dir='ltr'><strong>dixisset,</strong></span> <span class='ocrx_word' id='word_1_130' title='bbox 727 1597 794 1652; x_wconf 91' lang='lat' dir='ltr'><strong>Ut</strong></span> <span class='ocrx_word' id='word_1_131' title='bbox 849 1598 913 1650; x_wconf 83' lang='lat' dir='ltr'><strong>de</strong></span> <span class='ocrx_word' id='word_1_132' title='bbox 955 1597 1126 1650; x_wconf 81' lang='lat' dir='ltr'><strong>eodem</strong></span> <span class='ocrx_word' id='word_1_133' title='bbox 1145 1613 1238 1667; x_wconf 81' lang='lat' dir='ltr'><strong>pro</strong></span> <span class='ocrx_word' id='word_1_134' title='bbox 1268 1613 1320 1648; x_wconf 80' lang='lat' dir='ltr'><strong>se</strong></span> <span class='ocrx_word' id='word_1_135' title='bbox 1358 1597 1569 1648; x_wconf 81' lang='lat' dir='ltr'><strong>invicem</strong></span> <span class='ocrx_word' id='word_1_136' title='bbox 1627 1593 1844 1648; x_wconf 81' lang='lat' dir='ltr'><strong>sollicita</strong></span> <span class='ocrx_word' id='word_1_137' title='bbox 1892 1593 1990 1645; x_wconf 77' lang='lat' dir='ltr'><strong>sint</strong></span> 
     </span>
    </p>
   </div>
   <div class='ocr_carea' id='block_1_16' title="bbox 411 1683 1990 1758">
    <p class='ocr_par' dir='ltr' id='par_1_16' title="bbox 411 1683 1990 1758">
     <span class='ocr_line' id='line_1_16' title="bbox 411 1683 1990 1758; baseline -0.006 -13"><span class='ocrx_word' id='word_1_138' title='bbox 411 1691 655 1756; x_wconf 78' lang='lat' dir='ltr'><strong>membra,</strong></span> <span class='ocrx_word' id='word_1_139' title='bbox 685 1691 786 1744; x_wconf 92' lang='lat' dir='ltr'><strong>hoc</strong></span> <span class='ocrx_word' id='word_1_140' title='bbox 813 1704 998 1742; x_wconf 63' lang='lat' dir='ltr'><strong>rur~us</strong></span> <span class='ocrx_word' id='word_1_141' title='bbox 1023 1691 1404 1758; x_wconf 89' lang='lat' dir='ltr'><strong>interpretatur</strong></span> <span class='ocrx_word' id='word_1_142' title='bbox 1425 1687 1610 1740; x_wconf 77' lang='lat' dir='ltr'><strong>d;ceus</strong></span> <span class='ocrx_word' id='word_1_143' title='bbox 1637 1703 1648 1737; x_wconf 90' lang='lat'>:</span> <span class='ocrx_word' id='word_1_144' title='bbox 1678 1684 1766 1738; x_wconf 74' lang='lat'><strong>26.</strong></span> <span class='ocrx_word' id='word_1_145' title='bbox 1798 1683 1867 1736; x_wconf 82' lang='lat' dir='ltr'><strong>Et</strong></span> <span class='ocrx_word' id='word_1_146' title='bbox 1890 1687 1990 1736; x_wconf 71' lang='lat' dir='ltr'><strong>sive</strong></span> 
     </span>
    </p>
   </div>
   <div class='ocr_carea' id='block_1_17' title="bbox 407 1779 1990 1854">
    <p class='ocr_par' dir='ltr' id='par_1_17' title="bbox 407 1779 1990 1854">
     <span class='ocr_line' id='line_1_17' title="bbox 407 1779 1990 1854; baseline -0.005 -18"><span class='ocrx_word' id='word_1_147' title='bbox 407 1784 532 1854; x_wconf 80' lang='lat' dir='ltr'><strong>quid</strong></span> <span class='ocrx_word' id='word_1_148' title='bbox 579 1784 771 1854; x_wconf 82' lang='lat' dir='ltr'><strong>patitur</strong></span> <span class='ocrx_word' id='word_1_149' title='bbox 826 1799 978 1834; x_wconf 80' lang='lat' dir='ltr'><strong>unum</strong></span> <span class='ocrx_word' id='word_1_150' title='bbox 1033 1779 1349 1846; x_wconf 79' lang='lat' dir='ltr'><strong>membrum,</strong></span> <span class='ocrx_word' id='word_1_151' title='bbox 1393 1779 1773 1850; x_wconf 77' lang='lat' dir='ltr'><strong>compatiuntur</strong></span> <span class='ocrx_word' id='word_1_152' title='bbox 1823 1779 1990 1828; x_wconf 81' lang='lat' dir='ltr'><strong>omnia</strong></span> 
     </span>
    </p>
   </div>
   <div class='ocr_carea' id='block_1_18' title="bbox 409 1868 1990 1944">
    <p class='ocr_par' dir='ltr' id='par_1_18' title="bbox 409 1868 1990 1944">
     <span class='ocr_line' id='line_1_18' title="bbox 409 1868 1990 1944; baseline -0.005 -16"><span class='ocrx_word' id='word_1_153' title='bbox 409 1875 632 1928; x_wconf 83' lang='lat' dir='ltr'><strong>membra</strong></span> <span class='ocrx_word' id='word_1_154' title='bbox 659 1890 678 1928; x_wconf 93' lang='lat'><strong><em>:</em></strong></span> <span class='ocrx_word' id='word_1_155' title='bbox 707 1875 811 1927; x_wconf 76' lang='lat' dir='ltr'><strong>sive</strong></span> <span class='ocrx_word' id='word_1_156' title='bbox 846 1873 1094 1944; x_wconf 78' lang='lat' dir='ltr'><strong>gloriatur</strong></span> <span class='ocrx_word' id='word_1_157' title='bbox 1124 1888 1279 1925; x_wconf 87' lang='lat' dir='ltr'><strong>unum</strong></span> <span class='ocrx_word' id='word_1_158' title='bbox 1326 1869 1624 1934; x_wconf 77' lang='lat' dir='ltr'><strong>membrum,</strong></span> <span class='ocrx_word' id='word_1_159' title='bbox 1673 1868 1990 1938; x_wconf 71' lang='lat' dir='ltr'><strong>congaudent</strong></span> 
     </span>
    </p>
   </div>
   <div class='ocr_carea' id='block_1_19' title="bbox 407 1960 1986 2032">
    <p class='ocr_par' dir='ltr' id='par_1_19' title="bbox 407 1960 1986 2032">
     <span class='ocr_line' id='line_1_19' title="bbox 407 1960 1986 2032; baseline -0.006 -13"><span class='ocrx_word' id='word_1_160' title='bbox 407 1967 581 2019; x_wconf 83' lang='lat' dir='ltr'><strong>omnia</strong></span> <span class='ocrx_word' id='word_1_161' title='bbox 629 1965 870 2018; x_wconf 79' lang='lat' dir='ltr'><strong>membra.</strong></span> <span class='ocrx_word' id='word_1_162' title='bbox 935 1961 1058 2018; x_wconf 82' lang='lat' dir='ltr'><strong>Ideo</strong></span> <span class='ocrx_word' id='word_1_163' title='bbox 1109 1961 1290 2027; x_wconf 90' lang='lat' dir='ltr'><strong>enim,</strong></span> <span class='ocrx_word' id='word_1_164' title='bbox 1349 1962 1556 2032; x_wconf 81' lang='lat' dir='ltr'><strong>inquit,</strong></span> <span class='ocrx_word' id='word_1_165' title='bbox 1604 1960 1986 2030; x_wconf 62' lang='lat' dir='ltr'><strong>providentiam</strong></span> 
     </span>
    </p>
   </div>
   <div class='ocr_carea' id='block_1_20' title="bbox 409 2051 1986 2118">
    <p class='ocr_par' dir='ltr' id='par_1_20' title="bbox 409 2051 1986 2118">
     <span class='ocr_line' id='line_1_20' title="bbox 409 2051 1986 2118; baseline -0.006 -8"><span class='ocrx_word' id='word_1_166' title='bbox 409 2070 750 2110; x_wconf 81' lang='lat' dir='ltr'><strong>communem</strong></span> <span class='ocrx_word' id='word_1_167' title='bbox 785 2053 932 2118; x_wconf 83' lang='lat' dir='ltr'><strong>fecit,</strong></span> <span class='ocrx_word' id='word_1_168' title='bbox 959 2053 1009 2106; x_wconf 89' lang='lat' dir='ltr'><strong>in</strong></span> <span class='ocrx_word' id='word_1_169' title='bbox 1039 2061 1180 2106; x_wconf 85' lang='lat' dir='ltr'><strong>tanta</strong></span> <span class='ocrx_word' id='word_1_170' title='bbox 1211 2051 1510 2106; x_wconf 72' lang='lat' dir='ltr'><strong>differentia</strong></span> <span class='ocrx_word' id='word_1_171' title='bbox 1561 2051 1814 2104; x_wconf 73' lang='lat' dir='ltr'><strong>unitatem</strong></span> <span class='ocrx_word' id='word_1_172' title='bbox 1855 2065 1986 2103; x_wconf 90' lang='lat' dir='ltr'><strong>con-</strong></span> 
     </span>
    </p>
   </div>
   <div class='ocr_carea' id='block_1_21' title="bbox 408 2145 1987 2214">
    <p class='ocr_par' dir='ltr' id='par_1_21' title="bbox 408 2145 1987 2214">
     <span class='ocr_line' id='line_1_21' title="bbox 408 2145 1987 2214; baseline -0.003 -14"><span class='ocrx_word' id='word_1_173' title='bbox 408 2150 655 2208; x_wconf 83' lang='lat' dir='ltr'><strong>stituens,</strong></span> <span class='ocrx_word' id='word_1_174' title='bbox 682 2156 736 2200; x_wconf 91' lang='grc' dir='ltr'><strong>ιιι</strong></span> <span class='ocrx_word' id='word_1_175' title='bbox 759 2161 946 2200; x_wconf 88' lang='lat' dir='ltr'><strong>eorum</strong></span> <span class='ocrx_word' id='word_1_176' title='bbox 970 2145 1129 2198; x_wconf 86' lang='lat' dir='ltr'><strong>etiam</strong></span> <span class='ocrx_word' id='word_1_177' title='bbox 1156 2161 1275 2214; x_wconf 76' lang='lat' dir='ltr'><strong>qua:</strong></span> <span class='ocrx_word' id='word_1_178' title='bbox 1295 2146 1608 2212; x_wconf 79' lang='lat' dir='ltr'><strong>contingant</strong></span> <span class='ocrx_word' id='word_1_179' title='bbox 1631 2159 1818 2214; x_wconf 84' lang='lat' dir='ltr'><strong>magna</strong></span> <span class='ocrx_word' id='word_1_180' title='bbox 1845 2151 1987 2196; x_wconf 84' lang='lat' dir='ltr'><strong>esset</strong></span> 
     </span>
    </p>
   </div>
   <div class='ocr_carea' id='block_1_22' title="bbox 405 2237 1986 2308">
    <p class='ocr_par' dir='ltr' id='par_1_22' title="bbox 405 2237 1986 2308">
     <span class='ocr_line' id='line_1_22' title="bbox 405 2237 1986 2308; baseline -0.006 -11"><span class='ocrx_word' id='word_1_181' title='bbox 405 2241 736 2297; x_wconf 87' lang='lat' dir='ltr'><strong>communio.</strong></span> <span class='ocrx_word' id='word_1_182' title='bbox 762 2239 895 2294; x_wconf 84' lang='lat' dir='ltr'><strong>Nam</strong></span> <span class='ocrx_word' id='word_1_183' title='bbox 926 2240 968 2294; x_wconf 91' lang='lat' dir='ltr'><strong>si</strong></span> <span class='ocrx_word' id='word_1_184' title='bbox 1001 2255 1119 2308; x_wconf 75' lang='lat' dir='ltr'><strong>qua:</strong></span> <span class='ocrx_word' id='word_1_185' title='bbox 1145 2239 1348 2308; x_wconf 80' lang='lat' dir='ltr'><strong>geritur</strong></span> <span class='ocrx_word' id='word_1_186' title='bbox 1380 2254 1504 2307; x_wconf 82' lang='lat' dir='ltr'><strong>erga</strong></span> <span class='ocrx_word' id='word_1_187' title='bbox 1536 2237 1838 2306; x_wconf 75' lang='lat' dir='ltr'><strong>proximum</strong></span> <span class='ocrx_word' id='word_1_188' title='bbox 1871 2251 1986 2304; x_wconf 84' lang='lat' dir='ltr'><strong>pro-</strong></span> 
     </span>
    </p>
   </div>
   <div class='ocr_carea' id='block_1_23' title="bbox 333 2328 1985 2398">
    <p class='ocr_par' dir='ltr' id='par_1_23' title="bbox 333 2328 1985 2398">
     <span class='ocr_line' id='line_1_23' title="bbox 333 2328 1985 2398; baseline -0.005 -8"><span class='ocrx_word' id='word_1_189' title='bbox 333 2383 340 2390; x_wconf 93' lang='lat'><strong>.</strong></span> <span class='ocrx_word' id='word_1_190' title='bbox 405 2333 666 2398; x_wconf 76' lang='lat' dir='ltr'><strong>videntia,</strong></span> <span class='ocrx_word' id='word_1_191' title='bbox 695 2333 994 2388; x_wconf 82' lang='lat' dir='ltr'><strong>communis</strong></span> <span class='ocrx_word' id='word_1_192' title='bbox 1023 2341 1102 2386; x_wconf 87' lang='lat' dir='ltr'><strong>est</strong></span> <span class='ocrx_word' id='word_1_193' title='bbox 1133 2333 1298 2394; x_wconf 85' lang='lat' dir='ltr'><strong>salus,</strong></span> <span class='ocrx_word' id='word_1_194' title='bbox 1329 2346 1548 2384; x_wconf 65' lang='lat' dir='ltr'><strong>necesse</strong></span> <span class='ocrx_word' id='word_1_195' title='bbox 1575 2339 1659 2383; x_wconf 81' lang='lat' dir='ltr'><strong>est</strong></span> <span class='ocrx_word' id='word_1_196' title='bbox 1683 2340 1729 2381; x_wconf 90' lang='lat' dir='ltr'><strong>cl</strong></span> <span class='ocrx_word' id='word_1_197' title='bbox 1762 2328 1985 2398; x_wconf 87' lang='lat' dir='ltr'><strong>gloriam</strong></span> 
     </span>
    </p>
   </div>
   <div class='ocr_carea' id='block_1_24' title="bbox 403 2423 1981 2494">
    <p class='ocr_par' dir='ltr' id='par_1_24' title="bbox 403 2423 1981 2494">
     <span class='ocr_line' id='line_1_24' title="bbox 403 2423 1981 2494; baseline -0.005 -11"><span class='ocrx_word' id='word_1_198' title='bbox 403 2441 462 2483; x_wconf 86' lang='lat' dir='ltr'><strong>et</strong></span> <span class='ocrx_word' id='word_1_199' title='bbox 494 2443 777 2483; x_wconf 74' lang='lat' dir='ltr'><strong>tumrorem</strong></span> <span class='ocrx_word' id='word_1_200' title='bbox 810 2442 1148 2480; x_wconf 83' lang='lat' dir='ltr'><strong>communem</strong></span> <span class='ocrx_word' id='word_1_201' title='bbox 1171 2439 1313 2480; x_wconf 87' lang='lat' dir='ltr'><strong>esse.</strong></span> <span class='ocrx_word' id='word_1_202' title='bbox 1355 2423 1476 2478; x_wconf 82' lang='lat' dir='ltr'><strong>Tria</strong></span> <span class='ocrx_word' id='word_1_203' title='bbox 1512 2424 1672 2494; x_wconf 81' lang='lat' dir='ltr'><strong>igitur</strong></span> <span class='ocrx_word' id='word_1_204' title='bbox 1695 2423 1780 2478; x_wconf 90' lang='lat' dir='ltr'><strong>hic</strong></span> <span class='ocrx_word' id='word_1_205' title='bbox 1799 2423 1981 2492; x_wconf 87' lang='lat' dir='ltr'><strong>requi-</strong></span> 
     </span>
    </p>
   </div>
   <div class='ocr_carea' id='block_1_25' title="bbox 407 2513 1986 2584">
    <p class='ocr_par' dir='ltr' id='par_1_25' title="bbox 407 2513 1986 2584">
     <span class='ocr_line' id='line_1_25' title="bbox 407 2513 1986 2584; baseline -0.005 -12"><span class='ocrx_word' id='word_1_206' title='bbox 407 2520 501 2583; x_wconf 90' lang='lat' dir='ltr'><strong>rit,</strong></span> <span class='ocrx_word' id='word_1_207' title='bbox 537 2534 641 2571; x_wconf 91' lang='lat' dir='ltr'><strong>non</strong></span> <span class='ocrx_word' id='word_1_208' title='bbox 670 2516 920 2580; x_wconf 71' lang='lat' dir='ltr'><strong>discindi,</strong></span> <span class='ocrx_word' id='word_1_209' title='bbox 952 2515 1044 2571; x_wconf 86' lang='lat' dir='ltr'><strong>sed</strong></span> <span class='ocrx_word' id='word_1_210' title='bbox 1073 2524 1322 2570; x_wconf 80' lang='lat' dir='ltr'><strong>accurate</strong></span> <span class='ocrx_word' id='word_1_211' title='bbox 1342 2515 1559 2584; x_wconf 83' lang='lat' dir='ltr'><strong>junctus</strong></span> <span class='ocrx_word' id='word_1_212' title='bbox 1607 2527 1728 2568; x_wconf 90' lang='lat' dir='ltr'><strong>esse</strong></span> <span class='ocrx_word' id='word_1_213' title='bbox 1757 2529 1771 2579; x_wconf 91' lang='lat'><strong>;</strong></span> <span class='ocrx_word' id='word_1_214' title='bbox 1807 2513 1986 2581; x_wconf 81' lang='lat' dir='ltr'><strong>provi-</strong></span> 
     </span>
    </p>
   </div>
   <div class='ocr_carea' id='block_1_26' title="bbox 400 2604 1984 2678">
    <p class='ocr_par' dir='ltr' id='par_1_26' title="bbox 400 2604 1984 2678">
     <span class='ocr_line' id='line_1_26' title="bbox 400 2604 1984 2678; baseline -0.003 -14"><span class='ocrx_word' id='word_1_215' title='bbox 400 2611 640 2665; x_wconf 79' lang='lat' dir='ltr'><strong>dentiam</strong></span> <span class='ocrx_word' id='word_1_216' title='bbox 669 2617 904 2663; x_wconf 87' lang='lat' dir='ltr'><strong>mutuam</strong></span> <span class='ocrx_word' id='word_1_217' title='bbox 929 2609 1176 2663; x_wconf 88' lang='lat' dir='ltr'><strong>similiter</strong></span> <span class='ocrx_word' id='word_1_218' title='bbox 1196 2608 1328 2678; x_wconf 82' lang='lat' dir='ltr'><strong>geri;</strong></span> <span class='ocrx_word' id='word_1_219' title='bbox 1345 2622 1404 2660; x_wconf 78' lang='lat' dir='ltr'><strong>ea</strong></span> <span class='ocrx_word' id='word_1_220' title='bbox 1428 2623 1544 2676; x_wconf 83' lang='lat' dir='ltr'><strong>qme</strong></span> <span class='ocrx_word' id='word_1_221' title='bbox 1563 2604 1808 2660; x_wconf 86' lang='lat' dir='ltr'><strong>accidunt</strong></span> <span class='ocrx_word' id='word_1_222' title='bbox 1834 2619 1984 2660; x_wconf 87' lang='lat' dir='ltr'><strong>com—</strong></span> 
     </span>
    </p>
   </div>
   <div class='ocr_carea' id='block_1_27' title="bbox 401 2695 1985 2770">
    <p class='ocr_par' dir='ltr' id='par_1_27' title="bbox 401 2695 1985 2770">
     <span class='ocr_line' id='line_1_27' title="bbox 401 2695 1985 2770; baseline -0.004 -14"><span class='ocrx_word' id='word_1_223' title='bbox 401 2702 588 2756; x_wconf 85' lang='lat' dir='ltr'><strong>munia</strong></span> <span class='ocrx_word' id='word_1_224' title='bbox 649 2700 906 2770; x_wconf 81' lang='lat' dir='ltr'><strong>reputari.</strong></span> <span class='ocrx_word' id='word_1_225' title='bbox 957 2700 1021 2753; x_wconf 80' lang='lat' dir='ltr'><strong>Et</strong></span> <span class='ocrx_word' id='word_1_226' title='bbox 1073 2701 1317 2768; x_wconf 72' lang='lat' dir='ltr'><strong>superius</strong></span> <span class='ocrx_word' id='word_1_227' title='bbox 1369 2699 1581 2767; x_wconf 76' lang='lat' dir='ltr'><strong>quidem</strong></span> <span class='ocrx_word' id='word_1_228' title='bbox 1634 2697 1794 2764; x_wconf 90' lang='lat' dir='ltr'><strong>dicit,</strong></span> <span class='ocrx_word' id='word_1_229' title='bbox 1843 2695 1985 2766; x_wconf 84' lang='lat' dir='ltr'><strong>quod</strong></span> 
     </span>
    </p>
   </div>
   <div class='ocr_carea' id='block_1_28' title="bbox 399 2788 1985 2853">
    <p class='ocr_par' dir='ltr' id='par_1_28' title="bbox 399 2788 1985 2853">
     <span class='ocr_line' id='line_1_28' title="bbox 399 2788 1985 2853; baseline -0.002 -9"><span class='ocrx_word' id='word_1_230' title='bbox 399 2792 854 2846; x_wconf 77' lang='lat' dir='ltr'><strong>abundantiorrm</strong></span> <span class='ocrx_word' id='word_1_231' title='bbox 908 2789 1119 2845; x_wconf 86' lang='lat' dir='ltr'><strong>dederit</strong></span> <span class='ocrx_word' id='word_1_232' title='bbox 1163 2788 1422 2844; x_wconf 79' lang='lat' dir='ltr'><strong>honorem</strong></span> <span class='ocrx_word' id='word_1_233' title='bbox 1453 2791 1500 2843; x_wconf 89' lang='lat' dir='ltr'><strong>ei</strong></span> <span class='ocrx_word' id='word_1_234' title='bbox 1547 2790 1630 2842; x_wconf 85' lang='lat' dir='ltr'><strong>cui</strong></span> <span class='ocrx_word' id='word_1_235' title='bbox 1675 2789 1866 2853; x_wconf 84' lang='lat' dir='ltr'><strong>deest,</strong></span> <span class='ocrx_word' id='word_1_236' title='bbox 1918 2802 1985 2842; x_wconf 84' lang='lat' dir='ltr'><strong>eo</strong></span> 
     </span>
    </p>
   </div>
   <div class='ocr_carea' id='block_1_29' title="bbox 398 2879 1983 2954">
    <p class='ocr_par' dir='ltr' id='par_1_29' title="bbox 398 2879 1983 2954">
     <span class='ocr_line' id='line_1_29' title="bbox 398 2879 1983 2954; baseline -0.001 -18"><span class='ocrx_word' id='word_1_237' title='bbox 398 2882 546 2952; x_wconf 88' lang='lat' dir='ltr'><strong>quod</strong></span> <span class='ocrx_word' id='word_1_238' title='bbox 577 2893 724 2954; x_wconf 78' lang='lat' dir='ltr'><strong>egeat</strong></span> <span class='ocrx_word' id='word_1_239' title='bbox 751 2899 765 2946; x_wconf 91' lang='lat'><strong>;</strong></span> <span class='ocrx_word' id='word_1_240' title='bbox 799 2882 1108 2944; x_wconf 79' lang='lat' dir='ltr'><strong>ostendens,</strong></span> <span class='ocrx_word' id='word_1_241' title='bbox 1132 2880 1272 2950; x_wconf 88' lang='lat' dir='ltr'><strong>quod</strong></span> <span class='ocrx_word' id='word_1_242' title='bbox 1310 2879 1550 2934; x_wconf 79' lang='lat' dir='ltr'><strong>defectus</strong></span> <span class='ocrx_word' id='word_1_243' title='bbox 1581 2881 1694 2950; x_wconf 86' lang='lat' dir='ltr'><strong>ipsc</strong></span> <span class='ocrx_word' id='word_1_244' title='bbox 1725 2880 1983 2950; x_wconf 84' lang='lat' dir='ltr'><strong>majorem</strong></span> 
     </span>
    </p>
   </div>
   <div class='ocr_carea' id='block_1_30' title="bbox 397 2967 1984 3040">
    <p class='ocr_par' dir='ltr' id='par_1_30' title="bbox 397 2967 1984 3040">
     <span class='ocr_line' id='line_1_30' title="bbox 397 2967 1984 3040; baseline 0 -14"><span class='ocrx_word' id='word_1_245' title='bbox 397 2974 656 3027; x_wconf 78' lang='lat' dir='ltr'><strong>conciliet</strong></span> <span class='ocrx_word' id='word_1_246' title='bbox 679 2973 971 3026; x_wconf 89' lang='lat' dir='ltr'><strong>honorem:</strong></span> <span class='ocrx_word' id='word_1_247' title='bbox 1009 2972 1093 3025; x_wconf 92' lang='lat' dir='ltr'><strong>hic</strong></span> <span class='ocrx_word' id='word_1_248' title='bbox 1119 2967 1297 3026; x_wconf 85' lang='lat' dir='ltr'><strong>autem</strong></span> <span class='ocrx_word' id='word_1_249' title='bbox 1343 2972 1458 3025; x_wconf 86' lang='lat' dir='ltr'><strong>illos</strong></span> <span class='ocrx_word' id='word_1_250' title='bbox 1503 2980 1749 3040; x_wconf 55' lang='lat' dir='ltr'><strong>exaequat</strong></span> <span class='ocrx_word' id='word_1_251' title='bbox 1793 2985 1984 3026; x_wconf 82' lang='lat' dir='ltr'><strong>secun—</strong></span> 
     </span>
    </p>
   </div>
   <div class='ocr_carea' id='block_1_31' title="bbox 397 3062 1980 3135">
    <p class='ocr_par' dir='ltr' id='par_1_31' title="bbox 397 3062 1980 3135">
     <span class='ocr_line' id='line_1_31' title="bbox 397 3062 1980 3135; baseline -0.001 -17"><span class='ocrx_word' id='word_1_252' title='bbox 397 3065 524 3118; x_wconf 87' lang='lat' dir='ltr'><strong>dum</strong></span> <span class='ocrx_word' id='word_1_253' title='bbox 557 3064 695 3135; x_wconf 85' lang='lat' dir='ltr'><strong>quod</strong></span> <span class='ocrx_word' id='word_1_254' title='bbox 727 3065 817 3117; x_wconf 84' lang='lat' dir='ltr'><strong>alit</strong></span> <span class='ocrx_word' id='word_1_255' title='bbox 838 3063 1061 3117; x_wconf 89' lang='lat' dir='ltr'><strong>aliorum</strong></span> <span class='ocrx_word' id='word_1_256' title='bbox 1092 3071 1330 3116; x_wconf 84' lang='lat' dir='ltr'><strong>mutuam</strong></span> <span class='ocrx_word' id='word_1_257' title='bbox 1365 3062 1753 3131; x_wconf 79' lang='lat' dir='ltr'><strong>providentiam</strong></span> <span class='ocrx_word' id='word_1_258' title='bbox 1793 3078 1980 3131; x_wconf 81' lang='lat' dir='ltr'><strong>gerere</strong></span> 
     </span>
    </p>
   </div>
   <div class='ocr_carea' id='block_1_32' title="bbox 397 3154 1983 3226">
    <p class='ocr_par' dir='ltr' id='par_1_32' title="bbox 397 3154 1983 3226">
     <span class='ocr_line' id='line_1_32' title="bbox 397 3154 1983 3226; baseline -0.002 -16"><span class='ocrx_word' id='word_1_259' title='bbox 397 3157 618 3210; x_wconf 86' lang='lat' dir='ltr'><strong>debent.</strong></span> <span class='ocrx_word' id='word_1_260' title='bbox 669 3154 795 3210; x_wconf 87' lang='lat' dir='ltr'><strong>ldeo</strong></span> <span class='ocrx_word' id='word_1_261' title='bbox 839 3171 1070 3226; x_wconf 78' lang='lat' dir='ltr'><strong>namque</strong></span> <span class='ocrx_word' id='word_1_262' title='bbox 1115 3154 1321 3210; x_wconf 80' lang='lat' dir='ltr'><strong>curavit</strong></span> <span class='ocrx_word' id='word_1_263' title='bbox 1354 3165 1408 3208; x_wconf 88' lang='lat' dir='ltr'><strong>ut</strong></span> <span class='ocrx_word' id='word_1_264' title='bbox 1441 3154 1630 3224; x_wconf 88' lang='lat' dir='ltr'><strong>majori</strong></span> <span class='ocrx_word' id='word_1_265' title='bbox 1681 3157 1983 3208; x_wconf 83' lang='lat' dir='ltr'><strong>fruerentur</strong></span> 
     </span>
    </p>
   </div>
   <div class='ocr_carea' id='block_1_33' title="bbox 398 3247 1979 3317">
    <p class='ocr_par' dir='ltr' id='par_1_33' title="bbox 398 3247 1979 3317">
     <span class='ocr_line' id='line_1_33' title="bbox 398 3247 1979 3317; baseline -0.002 -14"><span class='ocrx_word' id='word_1_266' title='bbox 398 3248 625 3309; x_wconf 88' lang='lat' dir='ltr'><strong>honore,</strong></span> <span class='ocrx_word' id='word_1_267' title='bbox 677 3249 884 3317; x_wconf 81' lang='lat' dir='ltr'><strong>inquit,</strong></span> <span class='ocrx_word' id='word_1_268' title='bbox 931 3259 983 3302; x_wconf 91' lang='lat' dir='ltr'><strong>ut</strong></span> <span class='ocrx_word' id='word_1_269' title='bbox 1024 3264 1090 3302; x_wconf 90' lang='lat' dir='ltr'><strong>ne</strong></span> <span class='ocrx_word' id='word_1_270' title='bbox 1129 3248 1319 3301; x_wconf 84' lang='lat' dir='ltr'><strong>minori</strong></span> <span class='ocrx_word' id='word_1_271' title='bbox 1376 3262 1504 3301; x_wconf 89' lang='lat' dir='ltr'><strong>cura</strong></span> <span class='ocrx_word' id='word_1_272' title='bbox 1558 3256 1612 3301; x_wconf 91' lang='lat' dir='ltr'><strong>et</strong></span> <span class='ocrx_word' id='word_1_273' title='bbox 1651 3247 1979 3316; x_wconf 60' lang='lat' dir='ltr'><strong>providentia</strong></span> 
     </span>
    </p>
   </div>
   <div class='ocr_carea' id='block_1_34' title="bbox 397 3339 1981 3404">
    <p class='ocr_par' dir='ltr' id='par_1_34' title="bbox 397 3339 1981 3404">
     <span class='ocr_line' id='line_1_34' title="bbox 397 3339 1981 3404; baseline -0.001 -11"><span class='ocrx_word' id='word_1_274' title='bbox 397 3341 666 3393; x_wconf 76' lang='lat' dir='ltr'><strong>fruantur.</strong></span> <span class='ocrx_word' id='word_1_275' title='bbox 697 3339 810 3392; x_wconf 81' lang='lat' dir='ltr'><strong>Non</strong></span> <span class='ocrx_word' id='word_1_276' title='bbox 837 3339 960 3393; x_wconf 84' lang='lat' dir='ltr'><strong>hinc</strong></span> <span class='ocrx_word' id='word_1_277' title='bbox 989 3349 1168 3393; x_wconf 88' lang='lat' dir='ltr'><strong>autem</strong></span> <span class='ocrx_word' id='word_1_278' title='bbox 1198 3340 1394 3404; x_wconf 77' lang='lat' dir='ltr'><strong>Solum,</strong></span> <span class='ocrx_word' id='word_1_279' title='bbox 1431 3340 1522 3392; x_wconf 89' lang='lat' dir='ltr'><strong>sed</strong></span> <span class='ocrx_word' id='word_1_280' title='bbox 1553 3339 1712 3394; x_wconf 90' lang='lat' dir='ltr'><strong>etiam</strong></span> <span class='ocrx_word' id='word_1_281' title='bbox 1741 3355 1802 3392; x_wconf 81' lang='lat' dir='ltr'><strong>ex</strong></span> <span class='ocrx_word' id='word_1_282' title='bbox 1829 3340 1981 3394; x_wconf 87' lang='lat' dir='ltr'><strong>bonis</strong></span> 
     </span>
    </p>
   </div>
   <div class='ocr_carea' id='block_1_35' title="bbox 395 3431 1978 3502">
    <p class='ocr_par' dir='ltr' id='par_1_35' title="bbox 395 3431 1978 3502">
     <span class='ocr_line' id='line_1_35' title="bbox 395 3431 1978 3502; baseline 0.001 -19"><span class='ocrx_word' id='word_1_283' title='bbox 395 3443 450 3483; x_wconf 81' lang='lat' dir='ltr'><strong>et</strong></span> <span class='ocrx_word' id='word_1_284' title='bbox 483 3431 730 3486; x_wconf 77' lang='lat' dir='ltr'><strong>tristibus</strong></span> <span class='ocrx_word' id='word_1_285' title='bbox 759 3447 879 3502; x_wconf 74' lang='lat' dir='ltr'><strong>qua:</strong></span> <span class='ocrx_word' id='word_1_286' title='bbox 907 3432 1176 3492; x_wconf 85' lang='lat' dir='ltr'><strong>accidunt,</strong></span> <span class='ocrx_word' id='word_1_287' title='bbox 1225 3431 1464 3485; x_wconf 88' lang='lat' dir='ltr'><strong>membra</strong></span> <span class='ocrx_word' id='word_1_288' title='bbox 1509 3433 1846 3499; x_wconf 66' lang='lat' dir='ltr'><strong>colligantur.</strong></span> <span class='ocrx_word' id='word_1_289' title='bbox 1883 3432 1978 3486; x_wconf 84' lang='lat' dir='ltr'><strong>Et-</strong></span> 
     </span>
    </p>
   </div>
   <div class='ocr_carea' id='block_1_36' title="bbox 393 3523 1978 3594">
    <p class='ocr_par' dir='ltr' id='par_1_36' title="bbox 393 3523 1978 3594">
     <span class='ocr_line' id='line_1_36' title="bbox 393 3523 1978 3594; baseline 0.001 -18"><span class='ocrx_word' id='word_1_290' title='bbox 393 3525 538 3576; x_wconf 86' lang='lat' dir='ltr'><strong>enim</strong></span> <span class='ocrx_word' id='word_1_291' title='bbox 569 3524 764 3594; x_wconf 76' lang='lat' dir='ltr'><strong>plautte</strong></span> <span class='ocrx_word' id='word_1_292' title='bbox 794 3525 943 3594; x_wconf 88' lang='lat' dir='ltr'><strong>pedis</strong></span> <span class='ocrx_word' id='word_1_293' title='bbox 991 3539 1132 3593; x_wconf 61' lang='grc' dir='ltr'><strong>εαξρο</strong></span> <span class='ocrx_word' id='word_1_294' title='bbox 1162 3523 1320 3578; x_wconf 74' lang='lat' dir='ltr'><strong>infixa</strong></span> <span class='ocrx_word' id='word_1_295' title='bbox 1346 3525 1518 3592; x_wconf 89' lang='lat' dir='ltr'><strong>spina,</strong></span> <span class='ocrx_word' id='word_1_296' title='bbox 1569 3532 1736 3578; x_wconf 91' lang='lat' dir='ltr'><strong>totum</strong></span> <span class='ocrx_word' id='word_1_297' title='bbox 1784 3541 1978 3594; x_wconf 81' lang='lat' dir='ltr'><strong>corpus</strong></span> 
     </span>
    </p>
   </div>
   <div class='ocr_carea' id='block_1_37' title="bbox 393 3614 1979 3680">
    <p class='ocr_par' dir='ltr' id='par_1_37' title="bbox 393 3614 1979 3680">
     <span class='ocr_line' id='line_1_37' title="bbox 393 3614 1979 3680; baseline -0.001 -11"><span class='ocrx_word' id='word_1_298' title='bbox 393 3631 560 3670; x_wconf 90' lang='lat' dir='ltr'><strong>sensu</strong></span> <span class='ocrx_word' id='word_1_299' title='bbox 577 3615 999 3670; x_wconf 83' lang='lat' dir='ltr'><strong>etsollieitudiue</strong></span> <span class='ocrx_word' id='word_1_300' title='bbox 1027 3615 1279 3680; x_wconf 77' lang='lat' dir='ltr'><strong>afficitur,</strong></span> <span class='ocrx_word' id='word_1_301' title='bbox 1307 3625 1362 3670; x_wconf 88' lang='lat' dir='ltr'><strong>et</strong></span> <span class='ocrx_word' id='word_1_302' title='bbox 1383 3614 1601 3671; x_wconf 84' lang='lat' dir='ltr'><strong>dorsum</strong></span> <span class='ocrx_word' id='word_1_303' title='bbox 1626 3617 1859 3670; x_wconf 84' lang='lat' dir='ltr'><strong>ﬂectitur</strong></span> <span class='ocrx_word' id='word_1_304' title='bbox 1883 3656 1898 3680; x_wconf 91' lang='lat'><strong>,</strong></span> <span class='ocrx_word' id='word_1_305' title='bbox 1925 3625 1979 3669; x_wconf 90' lang='lat' dir='ltr'><strong>et</strong></span> 
     </span>
    </p>
   </div>
   <div class='ocr_carea' id='block_1_38' title="bbox 396 3706 1976 3776">
    <p class='ocr_par' dir='ltr' id='par_1_38' title="bbox 396 3706 1976 3776">
     <span class='ocr_line' id='line_1_38' title="bbox 396 3706 1976 3776; baseline -0.001 -17"><span class='ocrx_word' id='word_1_306' title='bbox 396 3719 582 3761; x_wconf 83' lang='lat' dir='ltr'><strong>venter</strong></span> <span class='ocrx_word' id='word_1_307' title='bbox 601 3717 655 3762; x_wconf 88' lang='lat' dir='ltr'><strong>et</strong></span> <span class='ocrx_word' id='word_1_308' title='bbox 676 3706 878 3762; x_wconf 87' lang='lat' dir='ltr'><strong>femora</strong></span> <span class='ocrx_word' id='word_1_309' title='bbox 925 3709 1352 3776; x_wconf 87' lang='lat' dir='ltr'><strong>comprimuntur</strong></span> <span class='ocrx_word' id='word_1_310' title='bbox 1373 3747 1388 3771; x_wconf 91' lang='lat'><strong>,</strong></span> <span class='ocrx_word' id='word_1_311' title='bbox 1415 3716 1465 3760; x_wconf 88' lang='lat' dir='ltr'><strong>et</strong></span> <span class='ocrx_word' id='word_1_312' title='bbox 1489 3721 1678 3760; x_wconf 89' lang='lat' dir='ltr'><strong>manus</strong></span> <span class='ocrx_word' id='word_1_313' title='bbox 1710 3716 1976 3775; x_wconf 86' lang='lat' dir='ltr'><strong>tamquam</strong></span> 
     </span>
    </p>
   </div>
   <div class='ocr_carea' id='block_1_39' title="bbox 298 3797 1978 3868">
    <p class='ocr_par' dir='ltr' id='par_1_39' title="bbox 298 3797 1978 3868">
     <span class='ocr_line' id='line_1_39' title="bbox 298 3797 1978 3868; baseline 0.001 -17"><span class='ocrx_word' id='word_1_314' title='bbox 298 3803 305 3810; x_wconf 87' lang='lat'><strong>’</strong></span> <span class='ocrx_word' id='word_1_315' title='bbox 393 3798 654 3852; x_wconf 68' lang='lat' dir='ltr'><strong>satellites</strong></span> <span class='ocrx_word' id='word_1_316' title='bbox 681 3807 735 3852; x_wconf 87' lang='lat' dir='ltr'><strong>et</strong></span> <span class='ocrx_word' id='word_1_317' title='bbox 765 3797 994 3850; x_wconf 62' lang='lat' dir='ltr'><strong>ministri</strong></span> <span class='ocrx_word' id='word_1_318' title='bbox 1047 3798 1416 3866; x_wconf 81' lang='lat' dir='ltr'><strong>procedentes,</strong></span> <span class='ocrx_word' id='word_1_319' title='bbox 1469 3797 1612 3868; x_wconf 90' lang='lat' dir='ltr'><strong>quod</strong></span> <span class='ocrx_word' id='word_1_320' title='bbox 1642 3798 1862 3852; x_wconf 75' lang='lat' dir='ltr'><strong>infixum</strong></span> <span class='ocrx_word' id='word_1_321' title='bbox 1893 3809 1978 3854; x_wconf 86' lang='lat' dir='ltr'><strong>est</strong></span> 
     </span>
    </p>
   </div>
   <div class='ocr_carea' id='block_1_40' title="bbox 393 3889 1978 3960">
    <p class='ocr_par' dir='ltr' id='par_1_40' title="bbox 393 3889 1978 3960">
     <span class='ocr_line' id='line_1_40' title="bbox 393 3889 1978 3960; baseline -0.001 -14"><span class='ocrx_word' id='word_1_322' title='bbox 393 3889 706 3955; x_wconf 78' lang='lat' dir='ltr'><strong>extrahunt,</strong></span> <span class='ocrx_word' id='word_1_323' title='bbox 729 3898 782 3944; x_wconf 90' lang='lat' dir='ltr'><strong>et</strong></span> <span class='ocrx_word' id='word_1_324' title='bbox 805 3899 964 3958; x_wconf 87' lang='lat' dir='ltr'><strong>caput</strong></span> <span class='ocrx_word' id='word_1_325' title='bbox 991 3890 1280 3945; x_wconf 84' lang='lat' dir='ltr'><strong>inclinatur</strong></span> <span class='ocrx_word' id='word_1_326' title='bbox 1305 3931 1319 3954; x_wconf 90' lang='lat'><strong>,</strong></span> <span class='ocrx_word' id='word_1_327' title='bbox 1349 3891 1596 3960; x_wconf 87' lang='lat' dir='ltr'><strong>oculique</strong></span> <span class='ocrx_word' id='word_1_328' title='bbox 1625 3905 1744 3944; x_wconf 90' lang='lat' dir='ltr'><strong>cum</strong></span> <span class='ocrx_word' id='word_1_329' title='bbox 1769 3907 1896 3945; x_wconf 83' lang='lat' dir='ltr'><strong>cura</strong></span> <span class='ocrx_word' id='word_1_330' title='bbox 1927 3902 1978 3944; x_wconf 88' lang='lat' dir='ltr'><strong>et</strong></span> 
     </span>
    </p>
   </div>
   <div class='ocr_carea' id='block_1_41' title="bbox 391 3981 1978 4053">
    <p class='ocr_par' dir='ltr' id='par_1_41' title="bbox 391 3981 1978 4053">
     <span class='ocr_line' id='line_1_41' title="bbox 391 3981 1978 4053; baseline 0.001 -17"><span class='ocrx_word' id='word_1_331' title='bbox 391 3981 760 4036; x_wconf 81' lang='lat' dir='ltr'><strong>sollicitudine</strong></span> <span class='ocrx_word' id='word_1_332' title='bbox 797 3998 986 4053; x_wconf 67' lang='lat' dir='ltr'><strong>magna</strong></span> <span class='ocrx_word' id='word_1_333' title='bbox 1042 3983 1358 4052; x_wconf 76' lang='lat' dir='ltr'><strong>respiciunt.</strong></span> <span class='ocrx_word' id='word_1_334' title='bbox 1419 3983 1490 4036; x_wconf 89' lang='lat' dir='ltr'><strong>lta</strong></span> <span class='ocrx_word' id='word_1_335' title='bbox 1539 3992 1595 4036; x_wconf 89' lang='lat' dir='ltr'><strong>ut</strong></span> <span class='ocrx_word' id='word_1_336' title='bbox 1637 3983 1846 4037; x_wconf 88' lang='lat' dir='ltr'><strong>etiamsi</strong></span> <span class='ocrx_word' id='word_1_337' title='bbox 1886 3999 1978 4052; x_wconf 81' lang='lat' dir='ltr'><strong>pes</strong></span> 
     </span>
    </p>
   </div>
   <div class='ocr_carea' id='block_1_42' title="bbox 394 4071 1975 4142">
    <p class='ocr_par' dir='ltr' id='par_1_42' title="bbox 394 4071 1975 4142">
     <span class='ocr_line' id='line_1_42' title="bbox 394 4071 1975 4142; baseline 0 -16"><span class='ocrx_word' id='word_1_338' title='bbox 394 4074 582 4127; x_wconf 89' lang='lat' dir='ltr'><strong>minus</strong></span> <span class='ocrx_word' id='word_1_339' title='bbox 620 4071 804 4124; x_wconf 82' lang='lat' dir='ltr'><strong>haheat</strong></span> <span class='ocrx_word' id='word_1_340' title='bbox 825 4115 838 4138; x_wconf 90' lang='lat'><strong>,</strong></span> <span class='ocrx_word' id='word_1_341' title='bbox 867 4073 1009 4142; x_wconf 86' lang='lat' dir='ltr'><strong>quod</strong></span> <span class='ocrx_word' id='word_1_342' title='bbox 1039 4090 1142 4126; x_wconf 91' lang='lat' dir='ltr'><strong>non</strong></span> <span class='ocrx_word' id='word_1_343' title='bbox 1175 4075 1340 4141; x_wconf 73' lang='lat' dir='ltr'><strong>possit</strong></span> <span class='ocrx_word' id='word_1_344' title='bbox 1361 4074 1694 4136; x_wconf 85' lang='lat' dir='ltr'><strong>ascendere;</strong></span> <span class='ocrx_word' id='word_1_345' title='bbox 1743 4082 1975 4127; x_wconf 83' lang='lat' dir='ltr'><strong>attamen</strong></span> 
     </span>
    </p>
   </div>
   <div class='ocr_carea' id='block_1_43' title="bbox 392 4161 1978 4235">
    <p class='ocr_par' dir='ltr' id='par_1_43' title="bbox 392 4161 1978 4235">
     <span class='ocr_line' id='line_1_43' title="bbox 392 4161 1978 4235; baseline 0.002 -20"><span class='ocrx_word' id='word_1_346' title='bbox 392 4161 545 4232; x_wconf 88' lang='lat' dir='ltr'><strong>quod</strong></span> <span class='ocrx_word' id='word_1_347' title='bbox 577 4173 732 4232; x_wconf 86' lang='lat' dir='ltr'><strong>caput</strong></span> <span class='ocrx_word' id='word_1_348' title='bbox 764 4164 1063 4232; x_wconf 79' lang='lat' dir='ltr'><strong>deduxerit,</strong></span> <span class='ocrx_word' id='word_1_349' title='bbox 1098 4182 1192 4234; x_wconf 89' lang='lat' dir='ltr'><strong>par</strong></span> <span class='ocrx_word' id='word_1_350' title='bbox 1219 4167 1316 4235; x_wconf 87' lang='lat' dir='ltr'><strong>ipsi</strong></span> <span class='ocrx_word' id='word_1_351' title='bbox 1349 4175 1452 4230; x_wconf 89' lang='lat' dir='ltr'><strong>est,</strong></span> <span class='ocrx_word' id='word_1_352' title='bbox 1485 4175 1537 4219; x_wconf 87' lang='lat' dir='ltr'><strong>et</strong></span> <span class='ocrx_word' id='word_1_353' title='bbox 1568 4165 1754 4219; x_wconf 84' lang='lat' dir='ltr'><strong>eodem</strong></span> <span class='ocrx_word' id='word_1_354' title='bbox 1785 4166 1978 4218; x_wconf 80' lang='lat' dir='ltr'><strong>fruitur</strong></span> 
     </span>
    </p>
   </div>
   <div class='ocr_carea' id='block_1_44' title="bbox 392 4255 1974 4326">
    <p class='ocr_par' dir='ltr' id='par_1_44' title="bbox 392 4255 1974 4326">
     <span class='ocr_line' id='line_1_44' title="bbox 392 4255 1974 4326; baseline 0.001 -18"><span class='ocrx_word' id='word_1_355' title='bbox 392 4256 608 4309; x_wconf 81' lang='lat' dir='ltr'><strong>honore</strong></span> <span class='ocrx_word' id='word_1_356' title='bbox 641 4271 655 4319; x_wconf 89' lang='lat'><strong>;</strong></span> <span class='ocrx_word' id='word_1_357' title='bbox 688 4256 914 4311; x_wconf 84' lang='lat' dir='ltr'><strong>maxime</strong></span> <span class='ocrx_word' id='word_1_358' title='bbox 937 4272 1067 4312; x_wconf 88' lang='lat' dir='ltr'><strong>vero</strong></span> <span class='ocrx_word' id='word_1_359' title='bbox 1099 4257 1236 4326; x_wconf 89' lang='lat' dir='ltr'><strong>quod</strong></span> <span class='ocrx_word' id='word_1_360' title='bbox 1273 4257 1437 4326; x_wconf 84' lang='lat' dir='ltr'><strong>pedes</strong></span> <span class='ocrx_word' id='word_1_361' title='bbox 1485 4255 1751 4310; x_wconf 74' lang='lat' dir='ltr'><strong>deducant</strong></span> <span class='ocrx_word' id='word_1_362' title='bbox 1805 4258 1974 4324; x_wconf 88' lang='lat' dir='ltr'><strong>ipsum</strong></span> 
     </span>
    </p>
   </div>
   <div class='ocr_carea' id='block_1_45' title="bbox 393 4342 1976 4419">
    <p class='ocr_par' dir='ltr' id='par_1_45' title="bbox 393 4342 1976 4419">
     <span class='ocr_line' id='line_1_45' title="bbox 393 4342 1976 4419; baseline 0.001 -17"><span class='ocrx_word' id='word_1_363' title='bbox 393 4363 504 4402; x_wconf 91' lang='lat' dir='ltr'><strong>non</strong></span> <span class='ocrx_word' id='word_1_364' title='bbox 535 4363 632 4418; x_wconf 83' lang='lat' dir='ltr'><strong>per</strong></span> <span class='ocrx_word' id='word_1_365' title='bbox 657 4342 904 4418; x_wconf 75' lang='lat' dir='ltr'><strong>gratiam,</strong></span> <span class='ocrx_word' id='word_1_366' title='bbox 929 4349 1024 4404; x_wconf 90' lang='lat' dir='ltr'><strong>sed</strong></span> <span class='ocrx_word' id='word_1_367' title='bbox 1053 4365 1145 4419; x_wconf 88' lang='lat' dir='ltr'><strong>per</strong></span> <span class='ocrx_word' id='word_1_368' title='bbox 1183 4349 1445 4404; x_wconf 86' lang='lat' dir='ltr'><strong>debitum.</strong></span> <span class='ocrx_word' id='word_1_369' title='bbox 1491 4349 1696 4418; x_wconf 87' lang='lat' dir='ltr'><strong>Itaque,</strong></span> <span class='ocrx_word' id='word_1_370' title='bbox 1743 4349 1786 4401; x_wconf 78' lang='lat' dir='ltr'><strong>si</strong></span> <span class='ocrx_word' id='word_1_371' title='bbox 1836 4348 1976 4418; x_wconf 85' lang='lat' dir='ltr'><strong>quod</strong></span> 
     </span>
    </p>
   </div>
   <div class='ocr_carea' id='block_1_46' title="bbox 393 4439 1977 4510">
    <p class='ocr_par' dir='ltr' id='par_1_46' title="bbox 393 4439 1977 4510">
     <span class='ocr_line' id='line_1_46' title="bbox 393 4439 1977 4510; baseline 0.002 -18"><span class='ocrx_word' id='word_1_372' title='bbox 393 4439 712 4494; x_wconf 85' lang='lat' dir='ltr'><strong>honoratius</strong></span> <span class='ocrx_word' id='word_1_373' title='bbox 740 4439 807 4493; x_wconf 90' lang='lat' dir='ltr'><strong>sit</strong></span> <span class='ocrx_word' id='word_1_374' title='bbox 839 4452 1076 4510; x_wconf 88' lang='lat' dir='ltr'><strong>superet,</strong></span> <span class='ocrx_word' id='word_1_375' title='bbox 1101 4456 1166 4494; x_wconf 75' lang='lat' dir='ltr'><strong>ex</strong></span> <span class='ocrx_word' id='word_1_376' title='bbox 1195 4457 1259 4494; x_wconf 90' lang='lat' dir='ltr'><strong>eo</strong></span> <span class='ocrx_word' id='word_1_377' title='bbox 1285 4441 1424 4510; x_wconf 89' lang='lat' dir='ltr'><strong>quod</strong></span> <span class='ocrx_word' id='word_1_378' title='bbox 1447 4441 1550 4494; x_wconf 87' lang='lat' dir='ltr'><strong>tale</strong></span> <span class='ocrx_word' id='word_1_379' title='bbox 1580 4455 1698 4494; x_wconf 90' lang='lat' dir='ltr'><strong>cum</strong></span> <span class='ocrx_word' id='word_1_380' title='bbox 1724 4441 1812 4505; x_wconf 85' lang='lat' dir='ltr'><strong>sit,</strong></span> <span class='ocrx_word' id='word_1_381' title='bbox 1840 4441 1977 4496; x_wconf 84' lang='lat' dir='ltr'><strong>infe-</strong></span> 
     </span>
    </p>
   </div>
   <div class='ocr_carea' id='block_1_47' title="bbox 393 4529 1975 4602">
    <p class='ocr_par' dir='ltr' id='par_1_47' title="bbox 393 4529 1975 4602">
     <span class='ocr_line' id='line_1_47' title="bbox 393 4529 1975 4602; baseline 0 -18"><span class='ocrx_word' id='word_1_382' title='bbox 393 4531 524 4585; x_wconf 84' lang='lat' dir='ltr'><strong>tiori</strong></span> <span class='ocrx_word' id='word_1_383' title='bbox 548 4529 746 4585; x_wconf 85' lang='lat' dir='ltr'><strong>debeat</strong></span> <span class='ocrx_word' id='word_1_384' title='bbox 775 4532 1035 4586; x_wconf 89' lang='lat' dir='ltr'><strong>honorem</strong></span> <span class='ocrx_word' id='word_1_385' title='bbox 1055 4541 1109 4586; x_wconf 85' lang='lat' dir='ltr'><strong>et</strong></span> <span class='ocrx_word' id='word_1_386' title='bbox 1131 4532 1574 4592; x_wconf 87' lang='lat' dir='ltr'><strong>sollicitudinem,</strong></span> <span class='ocrx_word' id='word_1_387' title='bbox 1608 4541 1661 4584; x_wconf 86' lang='lat' dir='ltr'><strong>et</strong></span> <span class='ocrx_word' id='word_1_388' title='bbox 1689 4533 1828 4602; x_wconf 88' lang='lat' dir='ltr'><strong>quod</strong></span> <span class='ocrx_word' id='word_1_389' title='bbox 1857 4548 1975 4587; x_wconf 87' lang='lat' dir='ltr'><strong>cum</strong></span> 
     </span>
    </p>
   </div>
   <div class='ocr_carea' id='block_1_48' title="bbox 393 4621 1976 4695">
    <p class='ocr_par' dir='ltr' id='par_1_48' title="bbox 393 4621 1976 4695">
     <span class='ocr_line' id='line_1_48' title="bbox 393 4621 1976 4695; baseline 0.001 -19"><span class='ocrx_word' id='word_1_390' title='bbox 393 4625 510 4695; x_wconf 89' lang='lat' dir='ltr'><strong>ipso</strong></span> <span class='ocrx_word' id='word_1_391' title='bbox 533 4621 740 4688; x_wconf 84' lang='lat' dir='ltr'><strong>doleat,</strong></span> <span class='ocrx_word' id='word_1_392' title='bbox 774 4621 901 4675; x_wconf 89' lang='lat' dir='ltr'><strong>hinc</strong></span> <span class='ocrx_word' id='word_1_393' title='bbox 949 4622 1302 4690; x_wconf 82' lang='lat' dir='ltr'><strong>a-qualitatem</strong></span> <span class='ocrx_word' id='word_1_394' title='bbox 1333 4622 1550 4676; x_wconf 80' lang='lat' dir='ltr'><strong>multam</strong></span> <span class='ocrx_word' id='word_1_395' title='bbox 1577 4623 1782 4690; x_wconf 86' lang='lat' dir='ltr'><strong>prohat.</strong></span> <span class='ocrx_word' id='word_1_396' title='bbox 1839 4623 1976 4690; x_wconf 88' lang='lat' dir='ltr'><strong>Quid</strong></span> 
     </span>
    </p>
   </div>
   <div class='ocr_carea' id='block_1_49' title="bbox 392 4713 1980 4782">
    <p class='ocr_par' dir='ltr' id='par_1_49' title="bbox 392 4713 1980 4782">
     <span class='ocr_line' id='line_1_49' title="bbox 392 4713 1980 4782; baseline 0 -16"><span class='ocrx_word' id='word_1_397' title='bbox 392 4715 537 4767; x_wconf 81' lang='lat' dir='ltr'><strong>enim</strong></span> <span class='ocrx_word' id='word_1_398' title='bbox 565 4721 650 4768; x_wconf 85' lang='lat' dir='ltr'><strong>est</strong></span> <span class='ocrx_word' id='word_1_399' title='bbox 671 4713 854 4782; x_wconf 83' lang='lat' dir='ltr'><strong>planta</strong></span> <span class='ocrx_word' id='word_1_400' title='bbox 888 4714 1038 4782; x_wconf 84' lang='lat' dir='ltr'><strong>pedis</strong></span> <span class='ocrx_word' id='word_1_401' title='bbox 1056 4713 1253 4766; x_wconf 84' lang='lat' dir='ltr'><strong>vilius?</strong></span> <span class='ocrx_word' id='word_1_402' title='bbox 1283 4713 1408 4782; x_wconf 88' lang='lat' dir='ltr'><strong>quid</strong></span> <span class='ocrx_word' id='word_1_403' title='bbox 1439 4713 1613 4781; x_wconf 86' lang='lat' dir='ltr'><strong>capite</strong></span> <span class='ocrx_word' id='word_1_404' title='bbox 1643 4716 1926 4782; x_wconf 78' lang='lat' dir='ltr'><strong>pretiosius</strong></span> <span class='ocrx_word' id='word_1_405' title='bbox 1956 4713 1980 4766; x_wconf 87' lang='lat'><strong>?</strong></span> 
     </span>
    </p>
   </div>
   <div class='ocr_carea' id='block_1_50' title="bbox 392 4809 1976 4872">
    <p class='ocr_par' dir='ltr' id='par_1_50' title="bbox 392 4809 1976 4872">
     <span class='ocr_line' id='line_1_50' title="bbox 392 4809 1976 4872; baseline -0.002 -5"><span class='ocrx_word' id='word_1_406' title='bbox 392 4811 499 4867; x_wconf 80' lang='lat' dir='ltr'><strong>Sed</strong></span> <span class='ocrx_word' id='word_1_407' title='bbox 527 4810 633 4866; x_wconf 89' lang='lat' dir='ltr'><strong>hoc</strong></span> <span class='ocrx_word' id='word_1_408' title='bbox 662 4811 809 4864; x_wconf 86' lang='lat' dir='ltr'><strong>vadit</strong></span> <span class='ocrx_word' id='word_1_409' title='bbox 839 4811 902 4864; x_wconf 90' lang='lat' dir='ltr'><strong>ad</strong></span> <span class='ocrx_word' id='word_1_410' title='bbox 939 4809 1064 4864; x_wconf 77' lang='lat' dir='ltr'><strong>illud</strong></span> <span class='ocrx_word' id='word_1_411' title='bbox 1123 4810 1421 4864; x_wconf 82' lang='lat' dir='ltr'><strong>membrum</strong></span> <span class='ocrx_word' id='word_1_412' title='bbox 1449 4851 1463 4872; x_wconf 94' lang='lat'><strong>,</strong></span> <span class='ocrx_word' id='word_1_413' title='bbox 1490 4819 1544 4862; x_wconf 91' lang='lat' dir='ltr'><strong>et</strong></span> <span class='ocrx_word' id='word_1_414' title='bbox 1575 4810 1750 4863; x_wconf 80' lang='lat' dir='ltr'><strong>omnia</strong></span> <span class='ocrx_word' id='word_1_415' title='bbox 1795 4826 1976 4864; x_wconf 82' lang='lat' dir='ltr'><strong>secum</strong></span> 
     </span>
    </p>
   </div>
   <div class='ocr_carea' id='block_1_51' title="bbox 388 4900 1979 4971">
    <p class='ocr_par' dir='ltr' id='par_1_51' title="bbox 388 4900 1979 4971">
     <span class='ocr_line' id='line_1_51' title="bbox 388 4900 1979 4971; baseline -0.001 -14"><span class='ocrx_word' id='word_1_416' title='bbox 388 4915 720 4960; x_wconf 76' lang='lat' dir='ltr'><strong>cmumovet.</strong></span> <span class='ocrx_word' id='word_1_417' title='bbox 767 4905 997 4959; x_wconf 81' lang='lat' dir='ltr'><strong>Rursum</strong></span> <span class='ocrx_word' id='word_1_418' title='bbox 1030 4904 1072 4956; x_wconf 82' lang='lat' dir='ltr'><strong>si</strong></span> <span class='ocrx_word' id='word_1_419' title='bbox 1107 4903 1244 4956; x_wconf 83' lang='lat' dir='ltr'><strong>oculi</strong></span> <span class='ocrx_word' id='word_1_420' title='bbox 1289 4900 1412 4971; x_wconf 87' lang='lat' dir='ltr'><strong>quid</strong></span> <span class='ocrx_word' id='word_1_421' title='bbox 1462 4903 1768 4970; x_wconf 64' lang='lat' dir='ltr'><strong>patiantur.</strong></span> <span class='ocrx_word' id='word_1_422' title='bbox 1801 4903 1979 4956; x_wconf 87' lang='lat' dir='ltr'><strong>omnia</strong></span> 
     </span>
    </p>
   </div>
   <div class='ocr_carea' id='block_1_52' title="bbox 388 4992 1982 5065">
    <p class='ocr_par' dir='ltr' id='par_1_52' title="bbox 388 4992 1982 5065">
     <span class='ocr_line' id='line_1_52' title="bbox 388 4992 1982 5065; baseline -0.002 -17"><span class='ocrx_word' id='word_1_423' title='bbox 388 5001 600 5065; x_wconf 74' lang='lat' dir='ltr'><strong>dolent,</strong></span> <span class='ocrx_word' id='word_1_424' title='bbox 623 5007 678 5052; x_wconf 87' lang='lat' dir='ltr'><strong>et</strong></span> <span class='ocrx_word' id='word_1_425' title='bbox 706 4997 884 5051; x_wconf 86' lang='lat' dir='ltr'><strong>omnia</strong></span> <span class='ocrx_word' id='word_1_426' title='bbox 917 4997 969 5049; x_wconf 90' lang='lat' dir='ltr'><strong>in</strong></span> <span class='ocrx_word' id='word_1_427' title='bbox 1001 4996 1112 5050; x_wconf 90' lang='lat' dir='ltr'><strong>otio</strong></span> <span class='ocrx_word' id='word_1_428' title='bbox 1155 5005 1280 5049; x_wconf 89' lang='lat' dir='ltr'><strong>sunt</strong></span> <span class='ocrx_word' id='word_1_429' title='bbox 1309 5010 1322 5056; x_wconf 89' lang='lat'><strong>;</strong></span> <span class='ocrx_word' id='word_1_430' title='bbox 1355 5005 1408 5047; x_wconf 86' lang='lat' dir='ltr'><strong>et</strong></span> <span class='ocrx_word' id='word_1_431' title='bbox 1445 5010 1618 5063; x_wconf 81' lang='lat' dir='ltr'><strong>neque</strong></span> <span class='ocrx_word' id='word_1_432' title='bbox 1653 4992 1815 5062; x_wconf 80' lang='lat' dir='ltr'><strong>pedes</strong></span> <span class='ocrx_word' id='word_1_433' title='bbox 1861 5010 1982 5062; x_wconf 66' lang='grc' dir='ltr'>ιιι-ει.</span> 
     </span>
    </p>
   </div>
   <div class='ocr_carea' id='block_1_53' title="bbox 387 5086 1983 5160">
    <p class='ocr_par' dir='ltr' id='par_1_53' title="bbox 387 5086 1983 5160">
     <span class='ocr_line' id='line_1_53' title="bbox 387 5086 1983 5160; baseline -0.001 -18"><span class='ocrx_word' id='word_1_434' title='bbox 387 5093 634 5155; x_wconf 82' lang='lat' dir='ltr'><strong>diuntur,</strong></span> <span class='ocrx_word' id='word_1_435' title='bbox 671 5105 847 5160; x_wconf 86' lang='lat' dir='ltr'><strong>neque</strong></span> <span class='ocrx_word' id='word_1_436' title='bbox 877 5103 1070 5142; x_wconf 88' lang='lat' dir='ltr'><strong>manus</strong></span> <span class='ocrx_word' id='word_1_437' title='bbox 1096 5097 1409 5157; x_wconf 86' lang='lat' dir='ltr'><strong>operantur,</strong></span> <span class='ocrx_word' id='word_1_438' title='bbox 1442 5102 1613 5155; x_wconf 88' lang='lat' dir='ltr'><strong>neque</strong></span> <span class='ocrx_word' id='word_1_439' title='bbox 1643 5093 1832 5140; x_wconf 77' lang='lat' dir='ltr'><strong>venter</strong></span> <span class='ocrx_word' id='word_1_440' title='bbox 1855 5086 1983 5140; x_wconf 90' lang='lat' dir='ltr'><strong>soli-</strong></span> 
     </span>
    </p>
   </div>
   <div class='ocr_carea' id='block_1_54' title="bbox 389 5182 2048 5252">
    <p class='ocr_par' dir='ltr' id='par_1_54' title="bbox 389 5182 2048 5252">
     <span class='ocr_line' id='line_1_54' title="bbox 389 5182 2048 5252; baseline -0.002 -14"><span class='ocrx_word' id='word_1_441' title='bbox 389 5187 462 5238; x_wconf 87' lang='lat' dir='ltr'><strong>tis</strong></span> <span class='ocrx_word' id='word_1_442' title='bbox 490 5185 652 5239; x_wconf 87' lang='lat' dir='ltr'><strong>rebus</strong></span> <span class='ocrx_word' id='word_1_443' title='bbox 678 5185 872 5239; x_wconf 78' lang='lat' dir='ltr'><strong>fruitur</strong></span> <span class='ocrx_word' id='word_1_444' title='bbox 901 5203 914 5237; x_wconf 87' lang='lat'><strong>:</strong></span> <span class='ocrx_word' id='word_1_445' title='bbox 945 5185 1088 5252; x_wconf 82' lang='lat' dir='ltr'><strong>atqui</strong></span> <span class='ocrx_word' id='word_1_446' title='bbox 1114 5184 1394 5236; x_wconf 82' lang='lat' dir='ltr'><strong>iulirmitas</strong></span> <span class='ocrx_word' id='word_1_447' title='bbox 1416 5193 1499 5238; x_wconf 88' lang='lat' dir='ltr'><strong>est</strong></span> <span class='ocrx_word' id='word_1_448' title='bbox 1519 5182 1818 5236; x_wconf 87' lang='lat' dir='ltr'><strong>oculorum.</strong></span> <span class='ocrx_word' id='word_1_449' title='bbox 1879 5184 1984 5235; x_wconf 79' lang='lat' dir='ltr'><strong>Cur</strong></span> <span class='ocrx_word' id='word_1_450' title='bbox 2039 5228 2048 5235; x_wconf 91' lang='lat'><strong>.</strong></span> 
     </span>
    </p>
   </div>
   <div class='ocr_carea' id='block_1_55' title="bbox 387 5273 1980 5344">
    <p class='ocr_par' dir='ltr' id='par_1_55' title="bbox 387 5273 1980 5344">
     <span class='ocr_line' id='line_1_55' title="bbox 387 5273 1980 5344; baseline -0.001 -16"><span class='ocrx_word' id='word_1_451' title='bbox 387 5285 639 5328; x_wconf 73' lang='lat' dir='ltr'><strong>ventrem</strong></span> <span class='ocrx_word' id='word_1_452' title='bbox 669 5273 948 5344; x_wconf 79' lang='lat' dir='ltr'><strong>liquefacis</strong></span> <span class='ocrx_word' id='word_1_453' title='bbox 969 5275 1106 5329; x_wconf 83' lang='lat' dir='ltr'><strong>?cur</strong></span> <span class='ocrx_word' id='word_1_454' title='bbox 1137 5274 1295 5342; x_wconf 80' lang='lat' dir='ltr'><strong>pedes</strong></span> <span class='ocrx_word' id='word_1_455' title='bbox 1317 5273 1558 5328; x_wconf 82' lang='lat' dir='ltr'><strong>retines?</strong></span> <span class='ocrx_word' id='word_1_456' title='bbox 1585 5289 1680 5326; x_wconf 86' lang='lat' dir='ltr'><strong>cur</strong></span> <span class='ocrx_word' id='word_1_457' title='bbox 1703 5289 1890 5326; x_wconf 74' lang='lat' dir='ltr'><strong>mutuis</strong></span> <span class='ocrx_word' id='word_1_458' title='bbox 1914 5273 1980 5326; x_wconf 87' lang='lat' dir='ltr'><strong>li-</strong></span> 
     </span>
    </p>
   </div>
   <div class='ocr_carea' id='block_1_56' title="bbox 387 5366 1980 5438">
    <p class='ocr_par' dir='ltr' id='par_1_56' title="bbox 387 5366 1980 5438">
     <span class='ocr_line' id='line_1_56' title="bbox 387 5366 1980 5438; baseline 0.001 -18"><span class='ocrx_word' id='word_1_459' title='bbox 387 5368 538 5438; x_wconf 79' lang='lat' dir='ltr'><strong>gas?</strong></span> <span class='ocrx_word' id='word_1_460' title='bbox 589 5367 856 5436; x_wconf 85' lang='lat' dir='ltr'><strong>Quoniam</strong></span> <span class='ocrx_word' id='word_1_461' title='bbox 910 5369 1018 5423; x_wconf 86' lang='lat' dir='ltr'><strong>illis</strong></span> <span class='ocrx_word' id='word_1_462' title='bbox 1045 5383 1106 5422; x_wconf 85' lang='lat' dir='ltr'><strong>es</strong></span> <span class='ocrx_word' id='word_1_463' title='bbox 1127 5367 1390 5436; x_wconf 83' lang='lat' dir='ltr'><strong>alligatus,</strong></span> <span class='ocrx_word' id='word_1_464' title='bbox 1423 5377 1478 5422; x_wconf 90' lang='lat' dir='ltr'><strong>et</strong></span> <span class='ocrx_word' id='word_1_465' title='bbox 1521 5366 1776 5421; x_wconf 82' lang='lat' dir='ltr'><strong>ineffabili</strong></span> <span class='ocrx_word' id='word_1_466' title='bbox 1823 5367 1980 5421; x_wconf 88' lang='lat' dir='ltr'><strong>modo</strong></span> 
     </span>
    </p>
   </div>
   <div class='ocr_carea' id='block_1_57' title="bbox 389 5457 1980 5529">
    <p class='ocr_par' dir='ltr' id='par_1_57' title="bbox 389 5457 1980 5529">
     <span class='ocr_line' id='line_1_57' title="bbox 389 5457 1980 5529; baseline 0 -17"><span class='ocrx_word' id='word_1_467' title='bbox 389 5474 592 5528; x_wconf 87' lang='lat' dir='ltr'><strong>corpus</strong></span> <span class='ocrx_word' id='word_1_468' title='bbox 619 5466 784 5513; x_wconf 87' lang='lat' dir='ltr'><strong>totum</strong></span> <span class='ocrx_word' id='word_1_469' title='bbox 809 5460 1026 5528; x_wconf 88' lang='lat' dir='ltr'><strong>patitur.</strong></span> <span class='ocrx_word' id='word_1_470' title='bbox 1075 5457 1188 5512; x_wconf 78' lang='lat' dir='ltr'><strong>Nisi</strong></span> <span class='ocrx_word' id='word_1_471' title='bbox 1229 5458 1368 5511; x_wconf 85' lang='lat' dir='ltr'><strong>enim</strong></span> <span class='ocrx_word' id='word_1_472' title='bbox 1415 5465 1831 5529; x_wconf 85' lang='lat' dir='ltr'><strong>compateretur,</strong></span> <span class='ocrx_word' id='word_1_473' title='bbox 1874 5473 1980 5512; x_wconf 87' lang='lat' dir='ltr'><strong>non</strong></span> 
     </span>
    </p>
   </div>
   <div class='ocr_carea' id='block_1_58' title="bbox 391 5547 1980 5618">
    <p class='ocr_par' dir='ltr' id='par_1_58' title="bbox 391 5547 1980 5618">
     <span class='ocr_line' id='line_1_58' title="bbox 391 5547 1980 5618; baseline 0 -14"><span class='ocrx_word' id='word_1_474' title='bbox 391 5547 742 5604; x_wconf 73' lang='lat' dir='ltr'><strong>sustinuisset</strong></span> <span class='ocrx_word' id='word_1_475' title='bbox 784 5565 906 5605; x_wconf 88' lang='lat' dir='ltr'><strong>esse</strong></span> <span class='ocrx_word' id='word_1_476' title='bbox 935 5549 1140 5603; x_wconf 89' lang='lat' dir='ltr'><strong>socimu</strong></span> <span class='ocrx_word' id='word_1_477' title='bbox 1184 5563 1326 5604; x_wconf 72' lang='lat' dir='ltr'><strong>curm</strong></span> <span class='ocrx_word' id='word_1_478' title='bbox 1355 5559 1408 5604; x_wconf 87' lang='lat' dir='ltr'><strong>et</strong></span> <span class='ocrx_word' id='word_1_479' title='bbox 1439 5547 1808 5618; x_wconf 66' lang='lat' dir='ltr'><strong>providentiae.</strong></span> <span class='ocrx_word' id='word_1_480' title='bbox 1857 5548 1980 5604; x_wconf 87' lang='lat' dir='ltr'><strong>Ideo</strong></span> 
     </span>
    </p>
   </div>
   <div class='ocr_carea' id='block_1_59' title="bbox 393 5638 1980 5710">
    <p class='ocr_par' dir='ltr' id='par_1_59' title="bbox 393 5638 1980 5710">
     <span class='ocr_line' id='line_1_59' title="bbox 393 5638 1980 5710; baseline -0.001 -16"><span class='ocrx_word' id='word_1_481' title='bbox 393 5654 519 5694; x_wconf 86' lang='lat' dir='ltr'><strong>cum</strong></span> <span class='ocrx_word' id='word_1_482' title='bbox 570 5639 795 5694; x_wconf 72' lang='lat' dir='ltr'><strong>dixisset</strong></span> <span class='ocrx_word' id='word_1_483' title='bbox 814 5680 828 5700; x_wconf 91' lang='lat'><strong>,</strong></span> <span class='ocrx_word' id='word_1_484' title='bbox 887 5638 954 5694; x_wconf 88' lang='lat' dir='ltr'><strong>Ut</strong></span> <span class='ocrx_word' id='word_1_485' title='bbox 999 5639 1050 5692; x_wconf 88' lang='lat' dir='ltr'><strong>in</strong></span> <span class='ocrx_word' id='word_1_486' title='bbox 1077 5638 1297 5705; x_wconf 75' lang='lat' dir='ltr'><strong>idipsnm</strong></span> <span class='ocrx_word' id='word_1_487' title='bbox 1328 5656 1417 5710; x_wconf 81' lang='lat' dir='ltr'><strong>pro</strong></span> <span class='ocrx_word' id='word_1_488' title='bbox 1443 5656 1496 5693; x_wconf 75' lang='lat' dir='ltr'><strong>se</strong></span> <span class='ocrx_word' id='word_1_489' title='bbox 1521 5640 1730 5693; x_wconf 80' lang='lat' dir='ltr'><strong>invicem</strong></span> <span class='ocrx_word' id='word_1_490' title='bbox 1761 5639 1980 5694; x_wconf 80' lang='lat' dir='ltr'><strong>sollicita</strong></span> 
     </span>
    </p>
   </div>
   <div class='ocr_carea' id='block_1_60' title="bbox 396 5729 1970 5800">
    <p class='ocr_par' dir='ltr' id='par_1_60' title="bbox 396 5729 1970 5800">
     <span class='ocr_line' id='line_1_60' title="bbox 396 5729 1970 5800; baseline 0.006 -25"><span class='ocrx_word' id='word_1_491' title='bbox 396 5730 494 5783; x_wconf 61' lang='lat' dir='ltr'><strong>sint</strong></span> <span class='ocrx_word' id='word_1_492' title='bbox 524 5731 766 5785; x_wconf 72' lang='grc' dir='ltr'><strong>ηιρηιῑπσ,</strong></span> <span class='ocrx_word' id='word_1_493' title='bbox 796 5729 1106 5794; x_wconf 72' lang='lat' dir='ltr'><strong>cnhjunxit:</strong></span> <span class='ocrx_word' id='word_1_494' title='bbox 1138 5729 1258 5783; x_wconf 62' lang='grc' dir='ltr'><strong>,Ἧι-ε</strong></span> <span class='ocrx_word' id='word_1_495' title='bbox 1283 5733 1471 5800; x_wconf 82' lang='lat' dir='ltr'><strong>patitur</strong></span> <span class='ocrx_word' id='word_1_496' title='bbox 1491 5748 1643 5785; x_wconf 89' lang='lat' dir='ltr'><strong>unum</strong></span> <span class='ocrx_word' id='word_1_497' title='bbox 1675 5729 1970 5799; x_wconf 81' lang='lat' dir='ltr'><strong>membrum,</strong></span> 
     </span>
    </p>
   </div>
   <div class='ocr_carea' id='block_1_61' title="bbox 747 5831 1393 5894">
    <p class='ocr_par' dir='ltr' id='par_1_61' title="bbox 747 5831 1393 5894">
     <span class='ocr_line' id='line_1_61' title="bbox 747 5831 1393 5894; baseline 0.005 -4"><span class='ocrx_word' id='word_1_498' title='bbox 747 5832 1017 5890; x_wconf 70' lang='lat' dir='ltr'><strong>l’ATuoL.</strong></span> <span class='ocrx_word' id='word_1_499' title='bbox 1069 5831 1180 5890; x_wconf 84' lang='lat' dir='ltr'><strong>Gn.</strong></span> <span class='ocrx_word' id='word_1_500' title='bbox 1237 5833 1393 5894; x_wconf 68' lang='lat' dir='ltr'><strong>LXI.</strong></span> 
     </span>
    </p>
   </div>
   <div class='ocr_carea' id='block_1_62' title="bbox 3581 299 3689 356">
    <p class='ocr_par' dir='ltr' id='par_1_62' title="bbox 3581 299 3689 356">
     <span class='ocr_line' id='line_1_62' title="bbox 3581 299 3689 356; baseline 0 -1"><span class='ocrx_word' id='word_1_501' title='bbox 3581 299 3689 356; x_wconf 68' lang='lat'><strong>261</strong></span> 
     </span>
    </p>
   </div>
   <div class='ocr_carea' id='block_1_63' title="bbox 2100 405 3688 480">
    <p class='ocr_par' dir='ltr' id='par_1_63' title="bbox 2100 405 3688 480">
     <span class='ocr_line' id='line_1_63' title="bbox 2100 405 3688 480; baseline 0.008 -24"><span class='ocrx_word' id='word_1_502' title='bbox 2100 405 2475 474; x_wconf 84' lang='lat' dir='ltr'><strong>compatiuntur</strong></span> <span class='ocrx_word' id='word_1_503' title='bbox 2518 405 2687 459; x_wconf 85' lang='lat' dir='ltr'><strong>omnia</strong></span> <span class='ocrx_word' id='word_1_504' title='bbox 2734 407 2956 460; x_wconf 82' lang='lat' dir='ltr'><strong>membra</strong></span> <span class='ocrx_word' id='word_1_505' title='bbox 2981 410 3126 463; x_wconf 61' lang='grc' dir='ltr'>ειεξιτ</span> <span class='ocrx_word' id='word_1_506' title='bbox 3169 407 3486 480; x_wconf 76' lang='lat' dir='ltr'><strong>gloriﬁcatur</strong></span> <span class='ocrx_word' id='word_1_507' title='bbox 3535 430 3688 470; x_wconf 83' lang='lat' dir='ltr'><strong>unum</strong></span> 
     </span>
    </p>
   </div>
   <div class='ocr_carea' id='block_1_64' title="bbox 2103 495 3690 572">
    <p class='ocr_par' dir='ltr' id='par_1_64' title="bbox 2103 495 3690 572">
     <span class='ocr_line' id='line_1_64' title="bbox 2103 495 3690 572; baseline 0.008 -24"><span class='ocrx_word' id='word_1_508' title='bbox 2103 495 2422 561; x_wconf 85' lang='lat' dir='ltr'><strong>membrum,</strong></span> <span class='ocrx_word' id='word_1_509' title='bbox 2471 497 2790 566; x_wconf 79' lang='lat' dir='ltr'><strong>congaudent</strong></span> <span class='ocrx_word' id='word_1_510' title='bbox 2829 499 3000 552; x_wconf 83' lang='lat' dir='ltr'><strong>omnia</strong></span> <span class='ocrx_word' id='word_1_511' title='bbox 3030 501 3270 554; x_wconf 84' lang='lat' dir='ltr'><strong>membra.</strong></span> <span class='ocrx_word' id='word_1_512' title='bbox 3308 501 3374 556; x_wconf 84' lang='lat' dir='ltr'><strong>Et</strong></span> <span class='ocrx_word' id='word_1_513' title='bbox 3419 505 3690 572; x_wconf 86' lang='lat' dir='ltr'><strong>quomodo</strong></span> 
     </span>
    </p>
   </div>
   <div class='ocr_carea' id='block_1_65' title="bbox 2099 585 3690 663">
    <p class='ocr_par' dir='ltr' id='par_1_65' title="bbox 2099 585 3690 663">
     <span class='ocr_line' id='line_1_65' title="bbox 2099 585 3690 663; baseline 0.008 -23"><span class='ocrx_word' id='word_1_514' title='bbox 2099 585 2460 656; x_wconf 87' lang='lat' dir='ltr'><strong>congaudent,</strong></span> <span class='ocrx_word' id='word_1_515' title='bbox 2496 587 2746 658; x_wconf 88' lang='lat' dir='ltr'><strong>inquies?</strong></span> <span class='ocrx_word' id='word_1_516' title='bbox 2775 589 3080 646; x_wconf 86' lang='lat' dir='ltr'><strong>Corouatur</strong></span> <span class='ocrx_word' id='word_1_517' title='bbox 3123 604 3304 663; x_wconf 87' lang='lat' dir='ltr'><strong>caput,</strong></span> <span class='ocrx_word' id='word_1_518' title='bbox 3335 606 3389 650; x_wconf 91' lang='lat' dir='ltr'><strong>et</strong></span> <span class='ocrx_word' id='word_1_519' title='bbox 3418 607 3560 650; x_wconf 90' lang='lat' dir='ltr'><strong>totus</strong></span> <span class='ocrx_word' id='word_1_520' title='bbox 3592 597 3690 652; x_wconf 88' lang='lat' dir='ltr'><strong>ho-</strong></span> 
     </span>
    </p>
   </div>
   <div class='ocr_carea' id='block_1_66' title="bbox 2103 677 3689 748">
    <p class='ocr_par' dir='ltr' id='par_1_66' title="bbox 2103 677 3689 748">
     <span class='ocr_line' id='line_1_66' title="bbox 2103 677 3689 748; baseline 0.008 -18"><span class='ocrx_word' id='word_1_521' title='bbox 2103 693 2190 730; x_wconf 88' lang='lat' dir='ltr'><strong>mo</strong></span> <span class='ocrx_word' id='word_1_522' title='bbox 2243 677 2575 746; x_wconf 73' lang='lat' dir='ltr'><strong>gloriﬁcatur</strong></span> <span class='ocrx_word' id='word_1_523' title='bbox 2604 697 2616 730; x_wconf 75' lang='grc' dir='ltr'>ε</span> <span class='ocrx_word' id='word_1_524' title='bbox 2647 697 2970 748; x_wconf 79' lang='lat' dir='ltr'><strong>quamquam</strong></span> <span class='ocrx_word' id='word_1_525' title='bbox 2994 699 3054 735; x_wconf 92' lang='lat' dir='ltr'><strong>os</strong></span> <span class='ocrx_word' id='word_1_526' title='bbox 3081 683 3229 743; x_wconf 83' lang='lat' dir='ltr'><strong>dicit.</strong></span> <span class='ocrx_word' id='word_1_527' title='bbox 3263 696 3318 740; x_wconf 85' lang='lat' dir='ltr'><strong>et</strong></span> <span class='ocrx_word' id='word_1_528' title='bbox 3344 686 3520 743; x_wconf 84' lang='lat' dir='ltr'><strong>rident</strong></span> <span class='ocrx_word' id='word_1_529' title='bbox 3545 687 3689 745; x_wconf 88' lang='lat' dir='ltr'><strong>oculi</strong></span> 
     </span>
    </p>
   </div>
   <div class='ocr_carea' id='block_1_67' title="bbox 2098 769 3690 846">
    <p class='ocr_par' dir='ltr' id='par_1_67' title="bbox 2098 769 3690 846">
     <span class='ocr_line' id='line_1_67' title="bbox 2098 769 3690 846; baseline 0.01 -24"><span class='ocrx_word' id='word_1_530' title='bbox 2098 780 2153 822; x_wconf 92' lang='lat' dir='ltr'><strong>et</strong></span> <span class='ocrx_word' id='word_1_531' title='bbox 2180 769 2460 826; x_wconf 86' lang='lat' dir='ltr'><strong>l.t-tantur:</strong></span> <span class='ocrx_word' id='word_1_532' title='bbox 2497 787 2604 825; x_wconf 90' lang='lat' dir='ltr'><strong>non</strong></span> <span class='ocrx_word' id='word_1_533' title='bbox 2634 783 2714 826; x_wconf 87' lang='lat' dir='ltr'><strong>est</strong></span> <span class='ocrx_word' id='word_1_534' title='bbox 2741 775 3016 829; x_wconf 87' lang='lat' dir='ltr'><strong>oculorum</strong></span> <span class='ocrx_word' id='word_1_535' title='bbox 3055 778 3396 846; x_wconf 88' lang='lat' dir='ltr'><strong>pulchritudo</strong></span> <span class='ocrx_word' id='word_1_536' title='bbox 3421 822 3436 846; x_wconf 92' lang='lat'><strong>,</strong></span> <span class='ocrx_word' id='word_1_537' title='bbox 3469 783 3562 837; x_wconf 86' lang='lat' dir='ltr'><strong>sed</strong></span> <span class='ocrx_word' id='word_1_538' title='bbox 3589 782 3690 838; x_wconf 83' lang='lat' dir='ltr'><strong>liu-</strong></span> 
     </span>
    </p>
   </div>
   <div class='ocr_carea' id='block_1_68' title="bbox 2097 861 3684 940">
    <p class='ocr_par' dir='ltr' id='par_1_68' title="bbox 2097 861 3684 940">
     <span class='ocr_line' id='line_1_68' title="bbox 2097 861 3684 940; baseline 0.014 -32"><span class='ocrx_word' id='word_1_539' title='bbox 2097 876 2214 930; x_wconf 69' lang='grc' dir='ltr'>ειιιιι</span> <span class='ocrx_word' id='word_1_540' title='bbox 2243 861 2512 917; x_wconf 83' lang='lat' dir='ltr'><strong>facundia.</strong></span> <span class='ocrx_word' id='word_1_541' title='bbox 2547 865 2752 920; x_wconf 71' lang='lat' dir='ltr'><strong>ltursus</strong></span> <span class='ocrx_word' id='word_1_542' title='bbox 2777 907 2791 928; x_wconf 92' lang='lat'><strong>,</strong></span> <span class='ocrx_word' id='word_1_543' title='bbox 2825 867 2870 920; x_wconf 91' lang='lat' dir='ltr'><strong>si</strong></span> <span class='ocrx_word' id='word_1_544' title='bbox 2901 867 3104 936; x_wconf 89' lang='lat' dir='ltr'><strong>pulchri</strong></span> <span class='ocrx_word' id='word_1_545' title='bbox 3147 883 3446 940; x_wconf 85' lang='lat' dir='ltr'><strong>appareant</strong></span> <span class='ocrx_word' id='word_1_546' title='bbox 3495 874 3636 929; x_wconf 91' lang='lat' dir='ltr'><strong>oculi</strong></span> <span class='ocrx_word' id='word_1_547' title='bbox 3669 919 3684 936; x_wconf 87' lang='lat'><strong>.</strong></span> 
     </span>
    </p>
   </div>
   <div class='ocr_carea' id='block_1_69' title="bbox 2101 955 3686 1026">
    <p class='ocr_par' dir='ltr' id='par_1_69' title="bbox 2101 955 3686 1026">
     <span class='ocr_line' id='line_1_69' title="bbox 2101 955 3686 1026; baseline 0.011 -22"><span class='ocrx_word' id='word_1_548' title='bbox 2101 959 2206 1005; x_wconf 80' lang='lat' dir='ltr'><strong>tota</strong></span> <span class='ocrx_word' id='word_1_549' title='bbox 2240 955 2429 1008; x_wconf 88' lang='lat' dir='ltr'><strong>mulier</strong></span> <span class='ocrx_word' id='word_1_550' title='bbox 2457 964 2708 1008; x_wconf 80' lang='lat' dir='ltr'><strong>Ornatur:</strong></span> <span class='ocrx_word' id='word_1_551' title='bbox 2745 959 2881 1011; x_wconf 84' lang='lat' dir='ltr'><strong>sicut</strong></span> <span class='ocrx_word' id='word_1_552' title='bbox 2907 959 3068 1014; x_wconf 83' lang='lat' dir='ltr'><strong>etiam</strong></span> <span class='ocrx_word' id='word_1_553' title='bbox 3095 963 3256 1026; x_wconf 87' lang='lat' dir='ltr'><strong>oculi,</strong></span> <span class='ocrx_word' id='word_1_554' title='bbox 3291 964 3334 1015; x_wconf 90' lang='lat' dir='ltr'><strong>si</strong></span> <span class='ocrx_word' id='word_1_555' title='bbox 3374 974 3552 1020; x_wconf 86' lang='lat' dir='ltr'><strong>rectus</strong></span> <span class='ocrx_word' id='word_1_556' title='bbox 3591 983 3686 1020; x_wconf 84' lang='lat' dir='ltr'><strong>ua-</strong></span> 
     </span>
    </p>
   </div>
   <div class='ocr_carea' id='block_1_70' title="bbox 2099 1047 3684 1134">
    <p class='ocr_par' dir='ltr' id='par_1_70' title="bbox 2099 1047 3684 1134">
     <span class='ocr_line' id='line_1_70' title="bbox 2099 1047 3684 1134; baseline 0.008 -36"><span class='ocrx_word' id='word_1_557' title='bbox 2099 1061 2210 1112; x_wconf 87' lang='lat' dir='ltr'><strong>sus,</strong></span> <span class='ocrx_word' id='word_1_558' title='bbox 2240 1047 2436 1102; x_wconf 86' lang='lat' dir='ltr'><strong>collum</strong></span> <span class='ocrx_word' id='word_1_559' title='bbox 2488 1058 2724 1116; x_wconf 86' lang='lat' dir='ltr'><strong>rectum,</strong></span> <span class='ocrx_word' id='word_1_560' title='bbox 2750 1061 2802 1104; x_wconf 92' lang='lat' dir='ltr'><strong>et</strong></span> <span class='ocrx_word' id='word_1_561' title='bbox 2831 1052 2931 1104; x_wconf 90' lang='lat' dir='ltr'><strong>alia</strong></span> <span class='ocrx_word' id='word_1_562' title='bbox 2973 1055 3210 1108; x_wconf 85' lang='lat' dir='ltr'><strong>membra</strong></span> <span class='ocrx_word' id='word_1_563' title='bbox 3242 1055 3542 1134; x_wconf 73' lang='lat' dir='ltr'><strong>laudentur,</strong></span> <span class='ocrx_word' id='word_1_564' title='bbox 3594 1054 3684 1111; x_wconf 68' lang='lat' dir='ltr'><strong>la:-</strong></span> 
     </span>
    </p>
   </div>
   <div class='ocr_carea' id='block_1_71' title="bbox 2101 1141 3677 1220">
    <p class='ocr_par' dir='ltr' id='par_1_71' title="bbox 2101 1141 3677 1220">
     <span class='ocr_line' id='line_1_71' title="bbox 2101 1141 3677 1220; baseline 0.008 -30"><span class='ocrx_word' id='word_1_565' title='bbox 2101 1146 2277 1192; x_wconf 88' lang='lat' dir='ltr'><strong>tautur</strong></span> <span class='ocrx_word' id='word_1_566' title='bbox 2297 1147 2349 1194; x_wconf 92' lang='lat' dir='ltr'><strong>et</strong></span> <span class='ocrx_word' id='word_1_567' title='bbox 2378 1155 2486 1208; x_wconf 65' lang='lat' dir='ltr'><strong>pra:</strong></span> <span class='ocrx_word' id='word_1_568' title='bbox 2507 1141 2700 1210; x_wconf 88' lang='lat' dir='ltr'><strong>gaudio</strong></span> <span class='ocrx_word' id='word_1_569' title='bbox 2721 1143 2956 1212; x_wconf 62' lang='lat' dir='ltr'><strong>gestiunt</strong></span> <span class='ocrx_word' id='word_1_570' title='bbox 2980 1161 2994 1206; x_wconf 83' lang='lat'>;</span> <span class='ocrx_word' id='word_1_571' title='bbox 3026 1160 3088 1198; x_wconf 93' lang='lat' dir='ltr'><strong>ac</strong></span> <span class='ocrx_word' id='word_1_572' title='bbox 3117 1161 3330 1201; x_wconf 88' lang='lat' dir='ltr'><strong>rursum</strong></span> <span class='ocrx_word' id='word_1_573' title='bbox 3375 1147 3677 1220; x_wconf 71' lang='lat' dir='ltr'><strong>lacsyman-</strong></span> 
     </span>
    </p>
   </div>
   <div class='ocr_carea' id='block_1_72' title="bbox 2101 1230 3682 1312">
    <p class='ocr_par' dir='ltr' id='par_1_72' title="bbox 2101 1230 3682 1312">
     <span class='ocr_line' id='line_1_72' title="bbox 2101 1230 3682 1312; baseline 0.011 -31"><span class='ocrx_word' id='word_1_574' title='bbox 2101 1240 2183 1281; x_wconf 90' lang='lat' dir='ltr'><strong>tnr</strong></span> <span class='ocrx_word' id='word_1_575' title='bbox 2215 1231 2262 1282; x_wconf 89' lang='lat' dir='ltr'><strong>in</strong></span> <span class='ocrx_word' id='word_1_576' title='bbox 2305 1230 2582 1286; x_wconf 85' lang='lat' dir='ltr'><strong>doloribus</strong></span> <span class='ocrx_word' id='word_1_577' title='bbox 2605 1243 2659 1286; x_wconf 85' lang='lat' dir='ltr'><strong>et</strong></span> <span class='ocrx_word' id='word_1_578' title='bbox 2683 1233 3080 1290; x_wconf 70' lang='lat' dir='ltr'><strong>calamitatibus</strong></span> <span class='ocrx_word' id='word_1_579' title='bbox 3097 1254 3306 1305; x_wconf 85' lang='lat' dir='ltr'><strong>eorum,</strong></span> <span class='ocrx_word' id='word_1_580' title='bbox 3348 1241 3556 1296; x_wconf 64' lang='lat' dir='ltr'><strong>etiamsi</strong></span> <span class='ocrx_word' id='word_1_581' title='bbox 3583 1240 3682 1312; x_wconf 84' lang='lat' dir='ltr'><strong>ipsi</strong></span> 
     </span>
    </p>
   </div>
   <div class='ocr_carea' id='block_1_73' title="bbox 2098 1322 2544 1379">
    <p class='ocr_par' dir='ltr' id='par_1_73' title="bbox 2098 1322 2544 1379">
     <span class='ocr_line' id='line_1_73' title="bbox 2098 1322 2544 1379; baseline 0.002 -3"><span class='ocrx_word' id='word_1_582' title='bbox 2098 1322 2248 1376; x_wconf 83' lang='lat' dir='ltr'><strong>illa-si</strong></span> <span class='ocrx_word' id='word_1_583' title='bbox 2277 1337 2544 1379; x_wconf 86' lang='lat' dir='ltr'><strong>maneant.</strong></span> 
     </span>
    </p>
   </div>
   <div class='ocr_carea' id='block_1_74' title="bbox 2167 1414 3672 1490">
    <p class='ocr_par' dir='ltr' id='par_1_74' title="bbox 2167 1414 3672 1490">
     <span class='ocr_line' id='line_1_74' title="bbox 2167 1414 3672 1490; baseline 0.008 -22"><span class='ocrx_word' id='word_1_584' title='bbox 2167 1417 2218 1468; x_wconf 69' lang='lat'><strong>4.</strong></span> <span class='ocrx_word' id='word_1_585' title='bbox 2251 1414 2374 1470; x_wconf 78' lang='lat' dir='ltr'><strong>llzrc</strong></span> <span class='ocrx_word' id='word_1_586' title='bbox 2404 1432 2530 1484; x_wconf 80' lang='lat' dir='ltr'><strong>ergo</strong></span> <span class='ocrx_word' id='word_1_587' title='bbox 2558 1434 2746 1472; x_wconf 76' lang='lat' dir='ltr'><strong>omnes</strong></span> <span class='ocrx_word' id='word_1_588' title='bbox 2798 1419 3113 1490; x_wconf 79' lang='lat' dir='ltr'><strong>cogitantes,</strong></span> <span class='ocrx_word' id='word_1_589' title='bbox 3165 1421 3436 1478; x_wconf 86' lang='lat' dir='ltr'><strong>imitemur</strong></span> <span class='ocrx_word' id='word_1_590' title='bbox 3485 1425 3672 1480; x_wconf 75' lang='lat' dir='ltr'><strong>horum</strong></span> 
     </span>
    </p>
   </div>
   <div class='ocr_carea' id='block_1_75' title="bbox 2097 1507 3680 1583">
    <p class='ocr_par' dir='ltr' id='par_1_75' title="bbox 2097 1507 3680 1583">
     <span class='ocr_line' id='line_1_75' title="bbox 2097 1507 3680 1583; baseline 0.009 -25"><span class='ocrx_word' id='word_1_591' title='bbox 2097 1507 2458 1560; x_wconf 88' lang='lat' dir='ltr'><strong>membrorum</strong></span> <span class='ocrx_word' id='word_1_592' title='bbox 2490 1507 2851 1574; x_wconf 82' lang='lat' dir='ltr'><strong>dilectionem,</strong></span> <span class='ocrx_word' id='word_1_593' title='bbox 2894 1529 3066 1583; x_wconf 88' lang='lat' dir='ltr'><strong>neque</strong></span> <span class='ocrx_word' id='word_1_594' title='bbox 3105 1516 3370 1569; x_wconf 73' lang='lat' dir='ltr'><strong>contraria</strong></span> <span class='ocrx_word' id='word_1_595' title='bbox 3407 1515 3680 1583; x_wconf 69' lang='lat' dir='ltr'><strong>faciamus,</strong></span> 
     </span>
    </p>
   </div>
   <div class='ocr_carea' id='block_1_76' title="bbox 2098 1597 3680 1675">
    <p class='ocr_par' dir='ltr' id='par_1_76' title="bbox 2098 1597 3680 1675">
     <span class='ocr_line' id='line_1_76' title="bbox 2098 1597 3680 1675; baseline 0.008 -26"><span class='ocrx_word' id='word_1_596' title='bbox 2098 1597 2251 1650; x_wconf 78' lang='lat' dir='ltr'><strong>malis</strong></span> <span class='ocrx_word' id='word_1_597' title='bbox 2282 1601 2508 1664; x_wconf 77' lang='lat' dir='ltr'><strong>proximi</strong></span> <span class='ocrx_word' id='word_1_598' title='bbox 2543 1601 2884 1669; x_wconf 89' lang='lat' dir='ltr'><strong>insultantes,</strong></span> <span class='ocrx_word' id='word_1_599' title='bbox 2915 1615 2969 1658; x_wconf 85' lang='lat' dir='ltr'><strong>et</strong></span> <span class='ocrx_word' id='word_1_600' title='bbox 3013 1606 3128 1675; x_wconf 82' lang='lat' dir='ltr'><strong>ejus</strong></span> <span class='ocrx_word' id='word_1_601' title='bbox 3157 1609 3308 1662; x_wconf 84' lang='lat' dir='ltr'><strong>h0nis</strong></span> <span class='ocrx_word' id='word_1_602' title='bbox 3343 1607 3680 1664; x_wconf 68' lang='lat' dir='ltr'><strong>invidentes:</strong></span> 
     </span>
    </p>
   </div>
   <div class='ocr_carea' id='block_1_77' title="bbox 2100 1686 3684 1766">
    <p class='ocr_par' dir='ltr' id='par_1_77' title="bbox 2100 1686 3684 1766">
     <span class='ocr_line' id='line_1_77' title="bbox 2100 1686 3684 1766; baseline 0.011 -28"><span class='ocrx_word' id='word_1_603' title='bbox 2100 1686 2386 1752; x_wconf 82' lang='lat' dir='ltr'><strong>furentium</strong></span> <span class='ocrx_word' id='word_1_604' title='bbox 2415 1692 2556 1743; x_wconf 85' lang='lat' dir='ltr'><strong>enim</strong></span> <span class='ocrx_word' id='word_1_605' title='bbox 2589 1689 2691 1745; x_wconf 92' lang='lat' dir='ltr'><strong>hoc</strong></span> <span class='ocrx_word' id='word_1_606' title='bbox 2718 1701 2800 1746; x_wconf 89' lang='lat' dir='ltr'><strong>est</strong></span> <span class='ocrx_word' id='word_1_607' title='bbox 2826 1703 2878 1747; x_wconf 88' lang='lat' dir='ltr'><strong>et</strong></span> <span class='ocrx_word' id='word_1_608' title='bbox 2905 1711 3090 1749; x_wconf 88' lang='lat' dir='ltr'><strong>eorum</strong></span> <span class='ocrx_word' id='word_1_609' title='bbox 3117 1698 3202 1766; x_wconf 90' lang='lat' dir='ltr'><strong>qui</strong></span> <span class='ocrx_word' id='word_1_610' title='bbox 3233 1700 3281 1752; x_wconf 90' lang='lat' dir='ltr'><strong>iu</strong></span> <span class='ocrx_word' id='word_1_611' title='bbox 3299 1716 3380 1753; x_wconf 61' lang='lat' dir='ltr'><strong>ext</strong></span> <span class='ocrx_word' id='word_1_612' title='bbox 3399 1717 3520 1755; x_wconf 59' lang='lat' dir='ltr'><strong>(‘mll</strong></span> <span class='ocrx_word' id='word_1_613' title='bbox 3546 1718 3684 1754; x_wconf 86' lang='lat' dir='ltr'><strong>meu-</strong></span> 
     </span>
    </p>
   </div>
   <div class='ocr_carea' id='block_1_78' title="bbox 2098 1780 3684 1862">
    <p class='ocr_par' dir='ltr' id='par_1_78' title="bbox 2098 1780 3684 1862">
     <span class='ocr_line' id='line_1_78' title="bbox 2098 1780 3684 1862; baseline 0.011 -31"><span class='ocrx_word' id='word_1_614' title='bbox 2098 1780 2164 1834; x_wconf 91' lang='lat' dir='ltr'><strong>tis</strong></span> <span class='ocrx_word' id='word_1_615' title='bbox 2187 1781 2549 1836; x_wconf 80' lang='lat' dir='ltr'><strong>sunt.Etenitn</strong></span> <span class='ocrx_word' id='word_1_616' title='bbox 2571 1784 2660 1851; x_wconf 90' lang='lat' dir='ltr'><strong>qui</strong></span> <span class='ocrx_word' id='word_1_617' title='bbox 2690 1784 2876 1839; x_wconf 80' lang='lat' dir='ltr'><strong>clIodit</strong></span> <span class='ocrx_word' id='word_1_618' title='bbox 2897 1788 3132 1854; x_wconf 89' lang='lat' dir='ltr'><strong>oculum,</strong></span> <span class='ocrx_word' id='word_1_619' title='bbox 3159 1793 3452 1845; x_wconf 75' lang='lat' dir='ltr'><strong>maximum</strong></span> <span class='ocrx_word' id='word_1_620' title='bbox 3486 1793 3684 1862; x_wconf 77' lang='lat' dir='ltr'><strong>profert</strong></span> 
     </span>
    </p>
   </div>
   <div class='ocr_carea' id='block_1_79' title="bbox 2094 1871 3684 1950">
    <p class='ocr_par' dir='ltr' id='par_1_79' title="bbox 2094 1871 3684 1950">
     <span class='ocr_line' id='line_1_79' title="bbox 2094 1871 3684 1950; baseline 0.009 -26"><span class='ocrx_word' id='word_1_621' title='bbox 2094 1871 2340 1925; x_wconf 59' lang='lat' dir='ltr'><strong>amentia;</strong></span> <span class='ocrx_word' id='word_1_622' title='bbox 2367 1873 2576 1942; x_wconf 82' lang='lat' dir='ltr'><strong>signum</strong></span> <span class='ocrx_word' id='word_1_623' title='bbox 2607 1891 2621 1926; x_wconf 74' lang='grc' dir='ltr'><strong>ε</strong></span> <span class='ocrx_word' id='word_1_624' title='bbox 2651 1883 2706 1928; x_wconf 87' lang='lat' dir='ltr'><strong>et</strong></span> <span class='ocrx_word' id='word_1_625' title='bbox 2751 1876 2838 1944; x_wconf 88' lang='lat' dir='ltr'><strong>qui</strong></span> <span class='ocrx_word' id='word_1_626' title='bbox 2867 1892 3080 1931; x_wconf 87' lang='lat' dir='ltr'><strong>manum</strong></span> <span class='ocrx_word' id='word_1_627' title='bbox 3112 1881 3312 1946; x_wconf 74' lang='lat' dir='ltr'><strong>exedit,</strong></span> <span class='ocrx_word' id='word_1_628' title='bbox 3371 1895 3568 1950; x_wconf 65' lang='lat' dir='ltr'><strong>apertae</strong></span> <span class='ocrx_word' id='word_1_629' title='bbox 3599 1886 3684 1938; x_wconf 75' lang='lat' dir='ltr'><strong>in~</strong></span> 
     </span>
    </p>
   </div>
   <div class='ocr_carea' id='block_1_80' title="bbox 2095 1964 3680 2040">
    <p class='ocr_par' dir='ltr' id='par_1_80' title="bbox 2095 1964 3680 2040">
     <span class='ocr_line' id='line_1_80' title="bbox 2095 1964 3680 2040; baseline 0.009 -24"><span class='ocrx_word' id='word_1_630' title='bbox 2095 1964 2258 2018; x_wconf 70' lang='lat' dir='ltr'><strong>sanitr</strong></span> <span class='ocrx_word' id='word_1_631' title='bbox 2285 1975 2653 2034; x_wconf 80' lang='lat' dir='ltr'><strong>argumentum</strong></span> <span class='ocrx_word' id='word_1_632' title='bbox 2682 1969 2898 2036; x_wconf 83' lang='lat' dir='ltr'><strong>pra-bet.</strong></span> <span class='ocrx_word' id='word_1_633' title='bbox 2929 1969 2984 2022; x_wconf 82' lang='lat' dir='ltr'><strong>Si</strong></span> <span class='ocrx_word' id='word_1_634' title='bbox 3011 1980 3186 2024; x_wconf 89' lang='lat' dir='ltr'><strong>autem</strong></span> <span class='ocrx_word' id='word_1_635' title='bbox 3212 1973 3308 2027; x_wconf 89' lang='lat' dir='ltr'><strong>hoc</strong></span> <span class='ocrx_word' id='word_1_636' title='bbox 3333 1975 3382 2027; x_wconf 91' lang='lat' dir='ltr'><strong>in</strong></span> <span class='ocrx_word' id='word_1_637' title='bbox 3403 1976 3680 2040; x_wconf 86' lang='lat' dir='ltr'><strong>membris,</strong></span> 
     </span>
    </p>
   </div>
   <div class='ocr_carea' id='block_1_81' title="bbox 2095 2053 3678 2126">
    <p class='ocr_par' dir='ltr' id='par_1_81' title="bbox 2095 2053 3678 2126">
     <span class='ocr_line' id='line_1_81' title="bbox 2095 2053 3678 2126; baseline 0.009 -20"><span class='ocrx_word' id='word_1_638' title='bbox 2095 2053 2146 2106; x_wconf 91' lang='lat' dir='ltr'><strong>in</strong></span> <span class='ocrx_word' id='word_1_639' title='bbox 2180 2053 2429 2107; x_wconf 88' lang='lat' dir='ltr'><strong>fratribus</strong></span> <span class='ocrx_word' id='word_1_640' title='bbox 2477 2055 2724 2110; x_wconf 84' lang='lat' dir='ltr'><strong>similiter</strong></span> <span class='ocrx_word' id='word_1_641' title='bbox 2774 2058 3066 2112; x_wconf 88' lang='lat' dir='ltr'><strong>admissmn</strong></span> <span class='ocrx_word' id='word_1_642' title='bbox 3120 2060 3439 2126; x_wconf 69' lang='lat' dir='ltr'><strong>insipientia:</strong></span> <span class='ocrx_word' id='word_1_643' title='bbox 3485 2063 3678 2120; x_wconf 89' lang='lat' dir='ltr'><strong>famam</strong></span> 
     </span>
    </p>
   </div>
   <div class='ocr_carea' id='block_1_82' title="bbox 2096 2133 3708 2227">
    <p class='ocr_par' dir='ltr' id='par_1_82' title="bbox 2096 2133 3708 2227">
     <span class='ocr_line' id='line_1_82' title="bbox 2096 2133 3708 2227; baseline 0.009 -29"><span class='ocrx_word' id='word_1_644' title='bbox 2096 2143 2270 2209; x_wconf 66' lang='lat' dir='ltr'><strong>alii-rt,</strong></span> <span class='ocrx_word' id='word_1_645' title='bbox 2303 2154 2356 2198; x_wconf 87' lang='lat' dir='ltr'><strong>et</strong></span> <span class='ocrx_word' id='word_1_646' title='bbox 2383 2161 2487 2199; x_wconf 89' lang='lat' dir='ltr'><strong>non</strong></span> <span class='ocrx_word' id='word_1_647' title='bbox 2523 2147 2636 2201; x_wconf 84' lang='lat' dir='ltr'><strong>leve</strong></span> <span class='ocrx_word' id='word_1_648' title='bbox 2665 2147 3042 2204; x_wconf 87' lang='lat' dir='ltr'><strong>detrimentum</strong></span> <span class='ocrx_word' id='word_1_649' title='bbox 3081 2150 3299 2207; x_wconf 89' lang='lat' dir='ltr'><strong>inducit.</strong></span> <span class='ocrx_word' id='word_1_650' title='bbox 3333 2154 3462 2208; x_wconf 84' lang='lat' dir='ltr'><strong>Nam</strong></span> <span class='ocrx_word' id='word_1_651' title='bbox 3491 2133 3708 2227; x_wconf 29' lang='lat' dir='ltr'><strong>quamo-</strong></span> 
     </span>
    </p>
   </div>
   <div class='ocr_carea' id='block_1_83' title="bbox 2097 2235 3683 2316">
    <p class='ocr_par' dir='ltr' id='par_1_83' title="bbox 2097 2235 3683 2316">
     <span class='ocr_line' id='line_1_83' title="bbox 2097 2235 3683 2316; baseline 0.009 -27"><span class='ocrx_word' id='word_1_652' title='bbox 2097 2235 2188 2290; x_wconf 82' lang='lat' dir='ltr'><strong>diu</strong></span> <span class='ocrx_word' id='word_1_653' title='bbox 2234 2237 2323 2291; x_wconf 86' lang='lat' dir='ltr'><strong>ille</strong></span> <span class='ocrx_word' id='word_1_654' title='bbox 2369 2239 2698 2307; x_wconf 48' lang='lat' dir='ltr'><strong>resplendet,</strong></span> <span class='ocrx_word' id='word_1_655' title='bbox 2737 2247 2822 2293; x_wconf 89' lang='lat' dir='ltr'><strong>tua</strong></span> <span class='ocrx_word' id='word_1_656' title='bbox 2851 2257 3064 2312; x_wconf 89' lang='lat' dir='ltr'><strong>quoque</strong></span> <span class='ocrx_word' id='word_1_657' title='bbox 3111 2242 3282 2298; x_wconf 87' lang='lat' dir='ltr'><strong>forma</strong></span> <span class='ocrx_word' id='word_1_658' title='bbox 3329 2257 3572 2316; x_wconf 88' lang='lat' dir='ltr'><strong>apparet,</strong></span> <span class='ocrx_word' id='word_1_659' title='bbox 3627 2258 3683 2304; x_wconf 84' lang='lat' dir='ltr'><strong>et</strong></span> 
     </span>
    </p>
   </div>
   <div class='ocr_carea' id='block_1_84' title="bbox 2095 2335 3680 2408">
    <p class='ocr_par' dir='ltr' id='par_1_84' title="bbox 2095 2335 3680 2408">
     <span class='ocr_line' id='line_1_84' title="bbox 2095 2335 3680 2408; baseline 0.008 -28"><span class='ocrx_word' id='word_1_660' title='bbox 2095 2343 2290 2398; x_wconf 86' lang='lat' dir='ltr'><strong>corpus</strong></span> <span class='ocrx_word' id='word_1_661' title='bbox 2322 2337 2487 2383; x_wconf 88' lang='lat' dir='ltr'><strong>totmn</strong></span> <span class='ocrx_word' id='word_1_662' title='bbox 2516 2340 2768 2396; x_wconf 77' lang='lat' dir='ltr'><strong>ornatur;</strong></span> <span class='ocrx_word' id='word_1_663' title='bbox 2804 2349 2974 2402; x_wconf 85' lang='lat' dir='ltr'><strong>neque</strong></span> <span class='ocrx_word' id='word_1_664' title='bbox 3015 2335 3158 2389; x_wconf 81' lang='lat' dir='ltr'><strong>enim</strong></span> <span class='ocrx_word' id='word_1_665' title='bbox 3185 2336 3248 2387; x_wconf 89' lang='lat' dir='ltr'><strong>ad</strong></span> <span class='ocrx_word' id='word_1_666' title='bbox 3277 2351 3336 2390; x_wconf 91' lang='lat' dir='ltr'><strong>se</strong></span> <span class='ocrx_word' id='word_1_667' title='bbox 3356 2338 3528 2392; x_wconf 91' lang='lat' dir='ltr'><strong>solum</strong></span> <span class='ocrx_word' id='word_1_668' title='bbox 3561 2340 3680 2408; x_wconf 87' lang='lat' dir='ltr'><strong>pul-</strong></span> 
     </span>
    </p>
   </div>
   <div class='ocr_carea' id='block_1_85' title="bbox 2094 2420 3682 2502">
    <p class='ocr_par' dir='ltr' id='par_1_85' title="bbox 2094 2420 3682 2502">
     <span class='ocr_line' id='line_1_85' title="bbox 2094 2420 3682 2502; baseline 0.008 -28"><span class='ocrx_word' id='word_1_669' title='bbox 2094 2420 2449 2476; x_wconf 88' lang='lat' dir='ltr'><strong>chritudinem</strong></span> <span class='ocrx_word' id='word_1_670' title='bbox 2477 2423 2706 2488; x_wconf 87' lang='lat' dir='ltr'><strong>adducit,</strong></span> <span class='ocrx_word' id='word_1_671' title='bbox 2739 2423 2830 2478; x_wconf 90' lang='lat' dir='ltr'><strong>sed</strong></span> <span class='ocrx_word' id='word_1_672' title='bbox 2853 2437 2905 2478; x_wconf 89' lang='lat' dir='ltr'><strong>et</strong></span> <span class='ocrx_word' id='word_1_673' title='bbox 2939 2426 3027 2480; x_wconf 90' lang='lat' dir='ltr'><strong>tibi</strong></span> <span class='ocrx_word' id='word_1_674' title='bbox 3053 2427 3313 2497; x_wconf 84' lang='lat' dir='ltr'><strong>gloriandi</strong></span> <span class='ocrx_word' id='word_1_675' title='bbox 3342 2430 3514 2484; x_wconf 89' lang='lat' dir='ltr'><strong>locum</strong></span> <span class='ocrx_word' id='word_1_676' title='bbox 3544 2447 3682 2502; x_wconf 66' lang='lat' dir='ltr'><strong>pra:-</strong></span> 
     </span>
    </p>
   </div>
   <div class='ocr_carea' id='block_1_86' title="bbox 2095 2511 3682 2591">
    <p class='ocr_par' dir='ltr' id='par_1_86' title="bbox 2095 2511 3682 2591">
     <span class='ocr_line' id='line_1_86' title="bbox 2095 2511 3682 2591; baseline 0.011 -28"><span class='ocrx_word' id='word_1_677' title='bbox 2095 2511 2187 2567; x_wconf 88' lang='lat' dir='ltr'><strong>het</strong></span> <span class='ocrx_word' id='word_1_678' title='bbox 2218 2531 2232 2565; x_wconf 89' lang='lat'><strong>:</strong></span> <span class='ocrx_word' id='word_1_679' title='bbox 2266 2513 2310 2567; x_wconf 93' lang='lat' dir='ltr'><strong>si</strong></span> <span class='ocrx_word' id='word_1_680' title='bbox 2333 2523 2510 2568; x_wconf 89' lang='lat' dir='ltr'><strong>autem</strong></span> <span class='ocrx_word' id='word_1_681' title='bbox 2545 2515 2690 2569; x_wconf 89' lang='lat' dir='ltr'><strong>illum</strong></span> <span class='ocrx_word' id='word_1_682' title='bbox 2713 2519 3040 2588; x_wconf 58' lang='lat' dir='ltr'><strong>exstinguas,</strong></span> <span class='ocrx_word' id='word_1_683' title='bbox 3071 2520 3163 2573; x_wconf 88' lang='lat' dir='ltr'><strong>toti</strong></span> <span class='ocrx_word' id='word_1_684' title='bbox 3200 2523 3412 2591; x_wconf 89' lang='lat' dir='ltr'><strong>corpori</strong></span> <span class='ocrx_word' id='word_1_685' title='bbox 3441 2539 3682 2580; x_wconf 83' lang='lat' dir='ltr'><strong>commu-</strong></span> 
     </span>
    </p>
   </div>
   <div class='ocr_carea' id='block_1_87' title="bbox 2097 2605 3679 2673">
    <p class='ocr_par' dir='ltr' id='par_1_87' title="bbox 2097 2605 3679 2673">
     <span class='ocr_line' id='line_1_87' title="bbox 2097 2605 3679 2673; baseline 0.011 -17"><span class='ocrx_word' id='word_1_686' title='bbox 2097 2618 2190 2658; x_wconf 89' lang='lat' dir='ltr'><strong>nes</strong></span> <span class='ocrx_word' id='word_1_687' title='bbox 2213 2605 2460 2660; x_wconf 85' lang='lat' dir='ltr'><strong>tenebras</strong></span> <span class='ocrx_word' id='word_1_688' title='bbox 2487 2605 2730 2672; x_wconf 77' lang='lat' dir='ltr'><strong>ell‘ecisti,</strong></span> <span class='ocrx_word' id='word_1_689' title='bbox 2761 2618 2813 2661; x_wconf 91' lang='lat' dir='ltr'><strong>et</strong></span> <span class='ocrx_word' id='word_1_690' title='bbox 2841 2608 3088 2664; x_wconf 90' lang='lat' dir='ltr'><strong>omnibus</strong></span> <span class='ocrx_word' id='word_1_691' title='bbox 3122 2612 3380 2668; x_wconf 89' lang='lat' dir='ltr'><strong>membris</strong></span> <span class='ocrx_word' id='word_1_692' title='bbox 3427 2615 3679 2673; x_wconf 77' lang='lat' dir='ltr'><strong>induxisti</strong></span> 
     </span>
    </p>
   </div>
   <div class='ocr_carea' id='block_1_88' title="bbox 2093 2694 3673 2770">
    <p class='ocr_par' dir='ltr' id='par_1_88' title="bbox 2093 2694 3673 2770">
     <span class='ocr_line' id='line_1_88' title="bbox 2093 2694 3673 2770; baseline 0.01 -23"><span class='ocrx_word' id='word_1_693' title='bbox 2093 2694 2480 2762; x_wconf 83' lang='lat' dir='ltr'><strong>calamitatem;</strong></span> <span class='ocrx_word' id='word_1_694' title='bbox 2510 2707 2566 2750; x_wconf 94' lang='grc' dir='ltr'><strong>ιιι</strong></span> <span class='ocrx_word' id='word_1_695' title='bbox 2585 2711 2648 2750; x_wconf 77' lang='lat' dir='ltr'><strong>ex</strong></span> <span class='ocrx_word' id='word_1_696' title='bbox 2673 2698 2962 2766; x_wconf 89' lang='lat' dir='ltr'><strong>contrario,</strong></span> <span class='ocrx_word' id='word_1_697' title='bbox 2987 2701 3030 2753; x_wconf 89' lang='lat' dir='ltr'><strong>si</strong></span> <span class='ocrx_word' id='word_1_698' title='bbox 3057 2701 3424 2770; x_wconf 79' lang='lat' dir='ltr'><strong>Splendeutem</strong></span> <span class='ocrx_word' id='word_1_699' title='bbox 3455 2721 3673 2763; x_wconf 89' lang='lat' dir='ltr'><strong>conser-</strong></span> 
     </span>
    </p>
   </div>
   <div class='ocr_carea' id='block_1_89' title="bbox 2095 2789 3676 2858">
    <p class='ocr_par' dir='ltr' id='par_1_89' title="bbox 2095 2789 3676 2858">
     <span class='ocr_line' id='line_1_89' title="bbox 2095 2789 3676 2858; baseline 0.008 -15"><span class='ocrx_word' id='word_1_700' title='bbox 2095 2803 2208 2849; x_wconf 83' lang='lat' dir='ltr'><strong>ves.</strong></span> <span class='ocrx_word' id='word_1_701' title='bbox 2255 2789 2416 2842; x_wconf 87' lang='lat' dir='ltr'><strong>totius</strong></span> <span class='ocrx_word' id='word_1_702' title='bbox 2464 2789 2702 2858; x_wconf 73' lang='lat' dir='ltr'><strong>Corporis</strong></span> <span class='ocrx_word' id='word_1_703' title='bbox 2737 2789 2956 2844; x_wconf 85' lang='lat' dir='ltr'><strong>formam</strong></span> <span class='ocrx_word' id='word_1_704' title='bbox 3005 2809 3314 2849; x_wconf 84' lang='lat' dir='ltr'><strong>conservas.</strong></span> <span class='ocrx_word' id='word_1_705' title='bbox 3341 2795 3510 2850; x_wconf 79' lang='lat' dir='ltr'><strong>Nemo</strong></span> <span class='ocrx_word' id='word_1_706' title='bbox 3535 2801 3676 2856; x_wconf 88' lang='lat' dir='ltr'><strong>enim</strong></span> 
     </span>
    </p>
   </div>
   <div class='ocr_carea' id='block_1_90' title="bbox 2094 2879 3679 2954">
    <p class='ocr_par' dir='ltr' id='par_1_90' title="bbox 2094 2879 3679 2954">
     <span class='ocr_line' id='line_1_90' title="bbox 2094 2879 3679 2954; baseline 0.008 -22"><span class='ocrx_word' id='word_1_707' title='bbox 2094 2879 2238 2945; x_wconf 88' lang='lat' dir='ltr'><strong>dicit,</strong></span> <span class='ocrx_word' id='word_1_708' title='bbox 2270 2879 2498 2935; x_wconf 87' lang='lat' dir='ltr'><strong>Pulcher</strong></span> <span class='ocrx_word' id='word_1_709' title='bbox 2523 2889 2602 2935; x_wconf 83' lang='lat' dir='ltr'><strong>est</strong></span> <span class='ocrx_word' id='word_1_710' title='bbox 2625 2883 2829 2946; x_wconf 89' lang='lat' dir='ltr'><strong>oculus,</strong></span> <span class='ocrx_word' id='word_1_711' title='bbox 2851 2882 2944 2936; x_wconf 87' lang='lat' dir='ltr'><strong>sed</strong></span> <span class='ocrx_word' id='word_1_712' title='bbox 2967 2884 3128 2952; x_wconf 87' lang='lat' dir='ltr'><strong>quid?</strong></span> <span class='ocrx_word' id='word_1_713' title='bbox 3158 2883 3410 2940; x_wconf 85' lang='lat' dir='ltr'><strong>Formosa</strong></span> <span class='ocrx_word' id='word_1_714' title='bbox 3440 2899 3520 2942; x_wconf 90' lang='lat' dir='ltr'><strong>est</strong></span> <span class='ocrx_word' id='word_1_715' title='bbox 3541 2890 3626 2946; x_wconf 92' lang='lat' dir='ltr'><strong>illa</strong></span> <span class='ocrx_word' id='word_1_716' title='bbox 3663 2904 3679 2954; x_wconf 91' lang='lat'><strong>;</strong></span> 
     </span>
    </p>
   </div>
   <div class='ocr_carea' id='block_1_91' title="bbox 2091 2973 3676 3044">
    <p class='ocr_par' dir='ltr' id='par_1_91' title="bbox 2091 2973 3676 3044">
     <span class='ocr_line' id='line_1_91' title="bbox 2091 2973 3676 3044; baseline 0.008 -17"><span class='ocrx_word' id='word_1_717' title='bbox 2091 2974 2137 3027; x_wconf 87' lang='lat' dir='ltr'><strong>si</strong></span> <span class='ocrx_word' id='word_1_718' title='bbox 2165 2977 2342 3027; x_wconf 82' lang='lat' dir='ltr'><strong>autem</strong></span> <span class='ocrx_word' id='word_1_719' title='bbox 2377 2983 2427 3026; x_wconf 87' lang='lat' dir='ltr'><strong>et</strong></span> <span class='ocrx_word' id='word_1_720' title='bbox 2460 2974 2572 3042; x_wconf 83' lang='lat' dir='ltr'><strong>ipse</strong></span> <span class='ocrx_word' id='word_1_721' title='bbox 2614 2973 2877 3037; x_wconf 79' lang='lat' dir='ltr'><strong>laudetur,</strong></span> <span class='ocrx_word' id='word_1_722' title='bbox 2907 2984 3029 3044; x_wconf 85' lang='lat' dir='ltr'><strong>post</strong></span> <span class='ocrx_word' id='word_1_723' title='bbox 3067 2991 3351 3034; x_wconf 86' lang='lat' dir='ltr'><strong>commune</strong></span> <span class='ocrx_word' id='word_1_724' title='bbox 3377 2985 3676 3039; x_wconf 87' lang='lat' dir='ltr'><strong>encomium</strong></span> 
     </span>
    </p>
   </div>
   <div class='ocr_carea' id='block_1_92' title="bbox 2093 3065 3676 3144">
    <p class='ocr_par' dir='ltr' id='par_1_92' title="bbox 2093 3065 3676 3144">
     <span class='ocr_line' id='line_1_92' title="bbox 2093 3065 3676 3144; baseline 0.005 -24"><span class='ocrx_word' id='word_1_725' title='bbox 2093 3065 2357 3120; x_wconf 83' lang='lat' dir='ltr'><strong>laudatur.</strong></span> <span class='ocrx_word' id='word_1_726' title='bbox 2386 3067 2475 3120; x_wconf 88' lang='lat' dir='ltr'><strong>Sic</strong></span> <span class='ocrx_word' id='word_1_727' title='bbox 2496 3075 2548 3119; x_wconf 82' lang='lat' dir='ltr'><strong>ct</strong></span> <span class='ocrx_word' id='word_1_728' title='bbox 2575 3067 2622 3119; x_wconf 89' lang='lat' dir='ltr'><strong>in</strong></span> <span class='ocrx_word' id='word_1_729' title='bbox 2647 3066 2878 3120; x_wconf 77' lang='lat' dir='ltr'><strong>Ecclesia</strong></span> <span class='ocrx_word' id='word_1_730' title='bbox 2901 3069 3178 3138; x_wconf 82' lang='lat' dir='ltr'><strong>eontiugit.</strong></span> <span class='ocrx_word' id='word_1_731' title='bbox 3210 3070 3262 3125; x_wconf 90' lang='lat' dir='ltr'><strong>Si</strong></span> <span class='ocrx_word' id='word_1_732' title='bbox 3291 3074 3431 3126; x_wconf 90' lang='lat' dir='ltr'><strong>enim</strong></span> <span class='ocrx_word' id='word_1_733' title='bbox 3464 3075 3676 3144; x_wconf 82' lang='lat' dir='ltr'><strong>quidam</strong></span> 
     </span>
    </p>
   </div>
   <div class='ocr_carea' id='block_1_93' title="bbox 2090 3157 3678 3232">
    <p class='ocr_par' dir='ltr' id='par_1_93' title="bbox 2090 3157 3678 3232">
     <span class='ocr_line' id='line_1_93' title="bbox 2090 3157 3678 3232; baseline 0.006 -21"><span class='ocrx_word' id='word_1_734' title='bbox 2090 3158 2216 3227; x_wconf 83' lang='lat' dir='ltr'><strong>sint,</strong></span> <span class='ocrx_word' id='word_1_735' title='bbox 2250 3157 2339 3228; x_wconf 91' lang='lat' dir='ltr'><strong>qui</strong></span> <span class='ocrx_word' id='word_1_736' title='bbox 2369 3158 2504 3211; x_wconf 79' lang='lat' dir='ltr'><strong>bona</strong></span> <span class='ocrx_word' id='word_1_737' title='bbox 2539 3157 2672 3210; x_wconf 82' lang='lat' dir='ltr'><strong>fama</strong></span> <span class='ocrx_word' id='word_1_738' title='bbox 2718 3157 3004 3227; x_wconf 85' lang='lat' dir='ltr'><strong>gaudeant,</strong></span> <span class='ocrx_word' id='word_1_739' title='bbox 3053 3167 3218 3214; x_wconf 91' lang='lat' dir='ltr'><strong>totum</strong></span> <span class='ocrx_word' id='word_1_740' title='bbox 3265 3176 3458 3232; x_wconf 87' lang='lat' dir='ltr'><strong>corpus</strong></span> <span class='ocrx_word' id='word_1_741' title='bbox 3507 3165 3678 3221; x_wconf 86' lang='lat' dir='ltr'><strong>laudis</strong></span> 
     </span>
    </p>
   </div>
   <div class='ocr_carea' id='block_1_94' title="bbox 2088 3246 3678 3319">
    <p class='ocr_par' dir='ltr' id='par_1_94' title="bbox 2088 3246 3678 3319">
     <span class='ocr_line' id='line_1_94' title="bbox 2088 3246 3678 3319; baseline 0.007 -18"><span class='ocrx_word' id='word_1_742' title='bbox 2088 3246 2320 3303; x_wconf 82' lang='lat' dir='ltr'><strong>fructum</strong></span> <span class='ocrx_word' id='word_1_743' title='bbox 2371 3248 2616 3317; x_wconf 75' lang='lat' dir='ltr'><strong>percipit.</strong></span> <span class='ocrx_word' id='word_1_744' title='bbox 2663 3248 3121 3319; x_wconf 80' lang='lat' dir='ltr'><strong>lnimicinamtpte</strong></span> <span class='ocrx_word' id='word_1_745' title='bbox 3151 3255 3392 3308; x_wconf 88' lang='lat' dir='ltr'><strong>cncomia</strong></span> <span class='ocrx_word' id='word_1_746' title='bbox 3445 3273 3547 3310; x_wconf 90' lang='lat' dir='ltr'><strong>non</strong></span> <span class='ocrx_word' id='word_1_747' title='bbox 3597 3257 3678 3312; x_wconf 58' lang='lat' dir='ltr'><strong>div</strong></span> 
     </span>
    </p>
   </div>
   <div class='ocr_carea' id='block_1_95' title="bbox 2089 3339 3676 3411">
    <p class='ocr_par' dir='ltr' id='par_1_95' title="bbox 2089 3339 3676 3411">
     <span class='ocr_line' id='line_1_95' title="bbox 2089 3339 3676 3411; baseline 0.008 -19"><span class='ocrx_word' id='word_1_748' title='bbox 2089 3341 2382 3409; x_wconf 85' lang='lat' dir='ltr'><strong>stingnunt,</strong></span> <span class='ocrx_word' id='word_1_749' title='bbox 2407 3339 2498 3394; x_wconf 86' lang='lat' dir='ltr'><strong>sed</strong></span> <span class='ocrx_word' id='word_1_750' title='bbox 2527 3340 2874 3408; x_wconf 83' lang='lat' dir='ltr'><strong>conjungunt.</strong></span> <span class='ocrx_word' id='word_1_751' title='bbox 2901 3340 2960 3393; x_wconf 82' lang='lat' dir='ltr'><strong>Et</strong></span> <span class='ocrx_word' id='word_1_752' title='bbox 2981 3341 3024 3394; x_wconf 91' lang='lat' dir='ltr'><strong>si</strong></span> <span class='ocrx_word' id='word_1_753' title='bbox 3053 3343 3172 3411; x_wconf 88' lang='lat' dir='ltr'><strong>quis</strong></span> <span class='ocrx_word' id='word_1_754' title='bbox 3194 3344 3400 3399; x_wconf 86' lang='lat' dir='ltr'><strong>dicendi</strong></span> <span class='ocrx_word' id='word_1_755' title='bbox 3434 3349 3676 3404; x_wconf 86' lang='lat' dir='ltr'><strong>facundia</strong></span> 
     </span>
    </p>
   </div>
   <div class='ocr_carea' id='block_1_96' title="bbox 2088 3430 3676 3500">
    <p class='ocr_par' dir='ltr' id='par_1_96' title="bbox 2088 3430 3676 3500">
     <span class='ocr_line' id='line_1_96' title="bbox 2088 3430 3676 3500; baseline 0.01 -20"><span class='ocrx_word' id='word_1_756' title='bbox 2088 3430 2277 3492; x_wconf 81' lang='lat' dir='ltr'><strong>\aleat,</strong></span> <span class='ocrx_word' id='word_1_757' title='bbox 2313 3446 2417 3482; x_wconf 89' lang='lat' dir='ltr'><strong>non</strong></span> <span class='ocrx_word' id='word_1_758' title='bbox 2448 3430 2592 3482; x_wconf 87' lang='lat' dir='ltr'><strong>illmu</strong></span> <span class='ocrx_word' id='word_1_759' title='bbox 2638 3431 2811 3483; x_wconf 80' lang='lat' dir='ltr'><strong>solum</strong></span> <span class='ocrx_word' id='word_1_760' title='bbox 2858 3432 3118 3486; x_wconf 90' lang='lat' dir='ltr'><strong>encomiis</strong></span> <span class='ocrx_word' id='word_1_761' title='bbox 3143 3433 3436 3500; x_wconf 87' lang='lat' dir='ltr'><strong>celebrant,</strong></span> <span class='ocrx_word' id='word_1_762' title='bbox 3484 3440 3577 3492; x_wconf 88' lang='lat' dir='ltr'><strong>sed</strong></span> <span class='ocrx_word' id='word_1_763' title='bbox 3621 3450 3676 3496; x_wconf 89' lang='lat' dir='ltr'><strong>et</strong></span> 
     </span>
    </p>
   </div>
   <div class='ocr_carea' id='block_1_97' title="bbox 2089 3521 3676 3592">
    <p class='ocr_par' dir='ltr' id='par_1_97' title="bbox 2089 3521 3676 3592">
     <span class='ocr_line' id='line_1_97' title="bbox 2089 3521 3676 3592; baseline 0.009 -18"><span class='ocrx_word' id='word_1_764' title='bbox 2089 3532 2248 3574; x_wconf 87' lang='lat' dir='ltr'><strong>totam</strong></span> <span class='ocrx_word' id='word_1_765' title='bbox 2297 3521 2610 3574; x_wconf 82' lang='lat' dir='ltr'><strong>Ecclesium.</strong></span> <span class='ocrx_word' id='word_1_766' title='bbox 2660 3521 2842 3589; x_wconf 86' lang='lat' dir='ltr'><strong>Neque</strong></span> <span class='ocrx_word' id='word_1_767' title='bbox 2873 3524 3016 3576; x_wconf 89' lang='lat' dir='ltr'><strong>enim</strong></span> <span class='ocrx_word' id='word_1_768' title='bbox 3065 3523 3250 3578; x_wconf 88' lang='lat' dir='ltr'><strong>dicunt</strong></span> <span class='ocrx_word' id='word_1_769' title='bbox 3296 3537 3535 3592; x_wconf 87' lang='lat' dir='ltr'><strong>tantum,</strong></span> <span class='ocrx_word' id='word_1_770' title='bbox 3583 3531 3676 3588; x_wconf 82' lang='lat' dir='ltr'><strong>ille</strong></span> 
     </span>
    </p>
   </div>
   <div class='ocr_carea' id='block_1_98' title="bbox 2088 3611 3672 3680">
    <p class='ocr_par' dir='ltr' id='par_1_98' title="bbox 2088 3611 3672 3680">
     <span class='ocr_line' id='line_1_98' title="bbox 2088 3611 3672 3680; baseline 0.006 -15"><span class='ocrx_word' id='word_1_771' title='bbox 2088 3613 2343 3666; x_wconf 81' lang='lat' dir='ltr'><strong>mirabilis</strong></span> <span class='ocrx_word' id='word_1_772' title='bbox 2389 3621 2489 3672; x_wconf 82' lang='lat' dir='ltr'><strong>cst,</strong></span> <span class='ocrx_word' id='word_1_773' title='bbox 2541 3611 2635 3665; x_wconf 87' lang='lat' dir='ltr'><strong>sed</strong></span> <span class='ocrx_word' id='word_1_774' title='bbox 2690 3613 2854 3680; x_wconf 88' lang='lat' dir='ltr'><strong>quid?</strong></span> <span class='ocrx_word' id='word_1_775' title='bbox 2885 3613 3175 3669; x_wconf 77' lang='lat' dir='ltr'><strong>Mirabilent</strong></span> <span class='ocrx_word' id='word_1_776' title='bbox 3216 3615 3488 3672; x_wconf 82' lang='lat' dir='ltr'><strong>doctorem</strong></span> <span class='ocrx_word' id='word_1_777' title='bbox 3518 3620 3672 3676; x_wconf 80' lang='lat' dir='ltr'><strong>Chri-</strong></span> 
     </span>
    </p>
   </div>
   <div class='ocr_carea' id='block_1_99' title="bbox 2085 3704 3668 3776">
    <p class='ocr_par' dir='ltr' id='par_1_99' title="bbox 2085 3704 3668 3776">
     <span class='ocr_line' id='line_1_99' title="bbox 2085 3704 3668 3776; baseline 0.004 -21"><span class='ocrx_word' id='word_1_778' title='bbox 2085 3705 2240 3756; x_wconf 77' lang='lat' dir='ltr'><strong>Stiani</strong></span> <span class='ocrx_word' id='word_1_779' title='bbox 2293 3704 2488 3756; x_wconf 81' lang='lat' dir='ltr'><strong>hab-nt</strong></span> <span class='ocrx_word' id='word_1_780' title='bbox 2523 3719 2533 3754; x_wconf 90' lang='lat'><strong>:</strong></span> <span class='ocrx_word' id='word_1_781' title='bbox 2568 3712 2618 3755; x_wconf 90' lang='lat' dir='ltr'><strong>et</strong></span> <span class='ocrx_word' id='word_1_782' title='bbox 2657 3719 2995 3758; x_wconf 78' lang='lat' dir='ltr'><strong>Communem</strong></span> <span class='ocrx_word' id='word_1_783' title='bbox 3026 3704 3221 3760; x_wconf 74' lang='lat' dir='ltr'><strong>faciunt</strong></span> <span class='ocrx_word' id='word_1_784' title='bbox 3259 3713 3668 3776; x_wconf 58' lang='lat' dir='ltr'><strong>pos~essioncm.</strong></span> 
     </span>
    </p>
   </div>
   <div class='ocr_carea' id='block_1_100' title="bbox 2086 3793 3670 3864">
    <p class='ocr_par' dir='ltr' id='par_1_100' title="bbox 2086 3793 3670 3864">
     <span class='ocr_line' id='line_1_100' title="bbox 2086 3793 3670 3864; baseline 0.005 -16"><span class='ocrx_word' id='word_1_785' title='bbox 2086 3795 2240 3864; x_wconf 77' lang='lat' dir='ltr'><strong>Atqui</strong></span> <span class='ocrx_word' id='word_1_786' title='bbox 2266 3793 2436 3848; x_wconf 80' lang='lat' dir='ltr'><strong>Cra-ci</strong></span> <span class='ocrx_word' id='word_1_787' title='bbox 2467 3794 2678 3861; x_wconf 83' lang='lat' dir='ltr'><strong>quidem</strong></span> <span class='ocrx_word' id='word_1_788' title='bbox 2702 3794 3052 3860; x_wconf 61' lang='lat' dir='ltr'><strong>eoujuntunt,</strong></span> <span class='ocrx_word' id='word_1_789' title='bbox 3084 3809 3135 3849; x_wconf 90' lang='grc' dir='ltr'><strong>ιιι</strong></span> <span class='ocrx_word' id='word_1_790' title='bbox 3186 3814 3315 3852; x_wconf 76' lang='lat' dir='ltr'><strong>vero</strong></span> <span class='ocrx_word' id='word_1_791' title='bbox 3361 3801 3582 3864; x_wconf 64' lang='lat' dir='ltr'><strong>dixidis,</strong></span> <span class='ocrx_word' id='word_1_792' title='bbox 3620 3817 3670 3859; x_wconf 81' lang='lat' dir='ltr'><strong>et</strong></span> 
     </span>
    </p>
   </div>
   <div class='ocr_carea' id='block_1_101' title="bbox 2083 3886 3672 3956">
    <p class='ocr_par' dir='ltr' id='par_1_101' title="bbox 2083 3886 3672 3956">
     <span class='ocr_line' id='line_1_101' title="bbox 2083 3886 3672 3956; baseline 0.001 -17"><span class='ocrx_word' id='word_1_793' title='bbox 2083 3905 2202 3940; x_wconf 88' lang='lat' dir='ltr'><strong>cutn</strong></span> <span class='ocrx_word' id='word_1_794' title='bbox 2229 3897 2316 3938; x_wconf 85' lang='lat' dir='ltr'><strong>tuo</strong></span> <span class='ocrx_word' id='word_1_795' title='bbox 2340 3901 2566 3955; x_wconf 76' lang='lat' dir='ltr'><strong>corp&#39;:rc</strong></span> <span class='ocrx_word' id='word_1_796' title='bbox 2599 3901 2799 3954; x_wconf 69' lang='lat' dir='ltr'><strong>pugnas</strong></span> <span class='ocrx_word' id='word_1_797' title='bbox 2828 3886 3037 3956; x_wconf 86' lang='lat' dir='ltr'><strong>tuisque</strong></span> <span class='ocrx_word' id='word_1_798' title='bbox 3069 3891 3320 3943; x_wconf 80' lang='lat' dir='ltr'><strong>membris</strong></span> <span class='ocrx_word' id='word_1_799' title='bbox 3342 3892 3672 3950; x_wconf 54' lang='lat' dir='ltr'><strong>adversm-&#39;3?</strong></span> 
     </span>
    </p>
   </div>
   <div class='ocr_carea' id='block_1_102' title="bbox 2085 3977 3668 4055">
    <p class='ocr_par' dir='ltr' id='par_1_102' title="bbox 2085 3977 3668 4055">
     <span class='ocr_line' id='line_1_102' title="bbox 2085 3977 3668 4055; baseline 0.004 -23"><span class='ocrx_word' id='word_1_800' title='bbox 2085 3978 2287 4043; x_wconf 50' lang='lat' dir='ltr'><strong>Nescis,</strong></span> <span class='ocrx_word' id='word_1_801' title='bbox 2319 3977 2419 4030; x_wconf 88' lang='lat' dir='ltr'><strong>hoc</strong></span> <span class='ocrx_word' id='word_1_802' title='bbox 2447 3977 2623 4030; x_wconf 88' lang='lat' dir='ltr'><strong>omnia</strong></span> <span class='ocrx_word' id='word_1_803' title='bbox 2652 3977 3006 4030; x_wconf 79' lang='lat' dir='ltr'><strong>subvertere?</strong></span> <span class='ocrx_word' id='word_1_804' title='bbox 3037 3994 3156 4032; x_wconf 86' lang='lat' dir='ltr'><strong>nam</strong></span> <span class='ocrx_word' id='word_1_805' title='bbox 3193 3981 3443 4050; x_wconf 77' lang='lat' dir='ltr'><strong>Regnum,</strong></span> <span class='ocrx_word' id='word_1_806' title='bbox 3479 3986 3668 4055; x_wconf 87' lang='lat' dir='ltr'><strong>inquit,</strong></span> 
     </span>
    </p>
   </div>
   <div class='ocr_carea' id='block_1_103' title="bbox 2082 4067 3448 4142">
    <p class='ocr_par' dir='ltr' id='par_1_103' title="bbox 2082 4067 3448 4142">
     <span class='ocr_line' id='line_1_103' title="bbox 2082 4067 3448 4142; baseline 0.002 -20"><span class='ocrx_word' id='word_1_807' title='bbox 2082 4071 2132 4122; x_wconf 76' lang='lat' dir='ltr'><strong>in</strong></span> <span class='ocrx_word' id='word_1_808' title='bbox 2163 4071 2380 4138; x_wconf 75' lang='lat' dir='ltr'><strong>scipsum</strong></span> <span class='ocrx_word' id='word_1_809' title='bbox 2407 4069 2616 4122; x_wconf 80' lang='lat' dir='ltr'><strong>diuisum</strong></span> <span class='ocrx_word' id='word_1_810' title='bbox 2647 4085 2745 4120; x_wconf 88' lang='lat' dir='ltr'><strong>non</strong></span> <span class='ocrx_word' id='word_1_811' title='bbox 2772 4070 2918 4120; x_wconf 83' lang='lat' dir='ltr'><strong>stnbit</strong></span> <span class='ocrx_word' id='word_1_812' title='bbox 2946 4067 2966 4142; x_wconf 89' lang='lat'>(</span> <span class='ocrx_word' id='word_1_813' title='bbox 2993 4068 3154 4124; x_wconf 76' lang='lat' dir='ltr'><strong>Marc.</strong></span> <span class='ocrx_word' id='word_1_814' title='bbox 3192 4071 3277 4130; x_wconf 71' lang='grc'><strong>12,</strong></span> <span class='ocrx_word' id='word_1_815' title='bbox 3318 4073 3386 4125; x_wconf 69' lang='grc' dir='ltr'><strong>2ῗὶ</strong></span> <span class='ocrx_word' id='word_1_816' title='bbox 3412 4072 3448 4138; x_wconf 91' lang='grc'><strong>).</strong></span> 
     </span>
    </p>
   </div>
   <div class='ocr_carea' id='block_1_104' title="bbox 2160 4162 3667 4230">
    <p class='ocr_par' dir='ltr' id='par_1_104' title="bbox 2160 4162 3667 4230">
     <span class='ocr_line' id='line_1_104' title="bbox 2160 4162 3667 4230; baseline 0.005 -14"><span class='ocrx_word' id='word_1_817' title='bbox 2160 4163 2308 4217; x_wconf 73' lang='lat' dir='ltr'><strong>Nihil</strong></span> <span class='ocrx_word' id='word_1_818' title='bbox 2328 4165 2398 4216; x_wconf 75' lang='lat' dir='ltr'><strong>ita</strong></span> <span class='ocrx_word' id='word_1_819' title='bbox 2424 4162 2633 4216; x_wconf 64' lang='lat' dir='ltr'><strong>discidia</strong></span> <span class='ocrx_word' id='word_1_820' title='bbox 2663 4162 2795 4230; x_wconf 77' lang='lat' dir='ltr'><strong>parit</strong></span> <span class='ocrx_word' id='word_1_821' title='bbox 2829 4172 2878 4212; x_wconf 88' lang='lat' dir='ltr'><strong>ut</strong></span> <span class='ocrx_word' id='word_1_822' title='bbox 2901 4163 3109 4214; x_wconf 82' lang='lat' dir='ltr'><strong>invidia.</strong></span> <span class='ocrx_word' id='word_1_823' title='bbox 3131 4165 3350 4218; x_wconf 71' lang='grc' dir='ltr'><strong>-ΝἱξιίΙ</strong></span> <span class='ocrx_word' id='word_1_824' title='bbox 3385 4180 3560 4221; x_wconf 85' lang='lat' dir='ltr'><strong>au&#39;eut</strong></span> <span class='ocrx_word' id='word_1_825' title='bbox 3597 4171 3667 4224; x_wconf 83' lang='lat' dir='ltr'><strong>ita</strong></span> 
     </span>
    </p>
   </div>
   <div class='ocr_carea' id='block_1_105' title="bbox 2083 4254 3668 4326">
    <p class='ocr_par' dir='ltr' id='par_1_105' title="bbox 2083 4254 3668 4326">
     <span class='ocr_line' id='line_1_105' title="bbox 2083 4254 3668 4326; baseline 0.003 -15"><span class='ocrx_word' id='word_1_826' title='bbox 2083 4257 2268 4311; x_wconf 80' lang='lat' dir='ltr'><strong>dividit</strong></span> <span class='ocrx_word' id='word_1_827' title='bbox 2287 4266 2582 4326; x_wconf 86' lang='lat' dir='ltr'><strong>etseparat,</strong></span> <span class='ocrx_word' id='word_1_828' title='bbox 2605 4263 2660 4307; x_wconf 86' lang='lat' dir='ltr'><strong>ut</strong></span> <span class='ocrx_word' id='word_1_829' title='bbox 2678 4254 2870 4307; x_wconf 78' lang='lat' dir='ltr'><strong>invidia</strong></span> <span class='ocrx_word' id='word_1_830' title='bbox 2893 4266 2944 4308; x_wconf 75' lang='lat' dir='ltr'><strong>rt</strong></span> <span class='ocrx_word' id='word_1_831' title='bbox 2959 4255 3110 4313; x_wconf 80' lang='lat' dir='ltr'><strong>livor.</strong></span> <span class='ocrx_word' id='word_1_832' title='bbox 3133 4255 3217 4310; x_wconf 84' lang='lat' dir='ltr'><strong>hic.</strong></span> <span class='ocrx_word' id='word_1_833' title='bbox 3235 4259 3411 4326; x_wconf 70' lang='lat' dir='ltr'><strong>gravis</strong></span> <span class='ocrx_word' id='word_1_834' title='bbox 3431 4265 3668 4325; x_wconf 86' lang='lat' dir='ltr'><strong>morbus,</strong></span> 
     </span>
    </p>
   </div>
   <div class='ocr_carea' id='block_1_106' title="bbox 2083 4349 3667 4423">
    <p class='ocr_par' dir='ltr' id='par_1_106' title="bbox 2083 4349 3667 4423">
     <span class='ocr_line' id='line_1_106' title="bbox 2083 4349 3667 4423; baseline 0.001 -18"><span class='ocrx_word' id='word_1_835' title='bbox 2083 4354 2170 4423; x_wconf 89' lang='lat' dir='ltr'><strong>qtti</strong></span> <span class='ocrx_word' id='word_1_836' title='bbox 2195 4353 2338 4404; x_wconf 91' lang='lat' dir='ltr'><strong>omni</strong></span> <span class='ocrx_word' id='word_1_837' title='bbox 2362 4352 2514 4404; x_wconf 83' lang='lat' dir='ltr'><strong>venia</strong></span> <span class='ocrx_word' id='word_1_838' title='bbox 2537 4351 2792 4418; x_wconf 87' lang='lat' dir='ltr'><strong>privatur,</strong></span> <span class='ocrx_word' id='word_1_839' title='bbox 2814 4360 2865 4400; x_wconf 87' lang='lat' dir='ltr'><strong>et</strong></span> <span class='ocrx_word' id='word_1_840' title='bbox 2889 4349 3147 4401; x_wconf 87' lang='lat' dir='ltr'><strong>malorum</strong></span> <span class='ocrx_word' id='word_1_841' title='bbox 3181 4351 3360 4405; x_wconf 74' lang='lat' dir='ltr'><strong>radice</strong></span> <span class='ocrx_word' id='word_1_842' title='bbox 3374 4354 3667 4408; x_wconf 75' lang='lat' dir='ltr'><strong>secundum</strong></span> 
     </span>
    </p>
   </div>
   <div class='ocr_carea' id='block_1_107' title="bbox 2084 4441 3668 4513">
    <p class='ocr_par' dir='ltr' id='par_1_107' title="bbox 2084 4441 3668 4513">
     <span class='ocr_line' id='line_1_107' title="bbox 2084 4441 3668 4513; baseline 0.003 -17"><span class='ocrx_word' id='word_1_843' title='bbox 2084 4443 2207 4513; x_wconf 90' lang='lat' dir='ltr'><strong>quid</strong></span> <span class='ocrx_word' id='word_1_844' title='bbox 2253 4443 2464 4512; x_wconf 87' lang='lat' dir='ltr'><strong>gravior</strong></span> <span class='ocrx_word' id='word_1_845' title='bbox 2507 4451 2608 4495; x_wconf 86' lang='lat' dir='ltr'><strong>est.</strong></span> <span class='ocrx_word' id='word_1_846' title='bbox 2651 4441 2858 4495; x_wconf 80' lang='lat' dir='ltr'><strong>Avarus</strong></span> <span class='ocrx_word' id='word_1_847' title='bbox 2899 4441 3042 4493; x_wconf 85' lang='lat' dir='ltr'><strong>enim</strong></span> <span class='ocrx_word' id='word_1_848' title='bbox 3096 4452 3219 4495; x_wconf 89' lang='lat' dir='ltr'><strong>tunc</strong></span> <span class='ocrx_word' id='word_1_849' title='bbox 3269 4443 3496 4504; x_wconf 75' lang='lat' dir='ltr'><strong>hct-ator.</strong></span> <span class='ocrx_word' id='word_1_850' title='bbox 3547 4461 3668 4500; x_wconf 89' lang='lat' dir='ltr'><strong>cum</strong></span> 
     </span>
    </p>
   </div>
   <div class='ocr_carea' id='block_1_108' title="bbox 2084 4530 3671 4603">
    <p class='ocr_par' dir='ltr' id='par_1_108' title="bbox 2084 4530 3671 4603">
     <span class='ocr_line' id='line_1_108' title="bbox 2084 4530 3671 4603; baseline 0.001 -14"><span class='ocrx_word' id='word_1_851' title='bbox 2084 4534 2380 4603; x_wconf 73' lang='lat' dir='ltr'><strong>acceperit;</strong></span> <span class='ocrx_word' id='word_1_852' title='bbox 2415 4532 2624 4586; x_wconf 89' lang='lat' dir='ltr'><strong>invidus</strong></span> <span class='ocrx_word' id='word_1_853' title='bbox 2655 4545 2780 4585; x_wconf 87' lang='lat' dir='ltr'><strong>vero</strong></span> <span class='ocrx_word' id='word_1_854' title='bbox 2824 4542 2948 4585; x_wconf 90' lang='lat' dir='ltr'><strong>tunc</strong></span> <span class='ocrx_word' id='word_1_855' title='bbox 2996 4530 3212 4600; x_wconf 86' lang='lat' dir='ltr'><strong>gaudet,</strong></span> <span class='ocrx_word' id='word_1_856' title='bbox 3241 4547 3360 4586; x_wconf 90' lang='lat' dir='ltr'><strong>cum</strong></span> <span class='ocrx_word' id='word_1_857' title='bbox 3403 4534 3671 4590; x_wconf 82' lang='lat' dir='ltr'><strong>aliusnon</strong></span> 
     </span>
    </p>
   </div>
   <div class='ocr_carea' id='block_1_109' title="bbox 2085 4623 3677 4695">
    <p class='ocr_par' dir='ltr' id='par_1_109' title="bbox 2085 4623 3677 4695">
     <span class='ocr_line' id='line_1_109' title="bbox 2085 4623 3677 4695; baseline 0.001 -17"><span class='ocrx_word' id='word_1_858' title='bbox 2085 4625 2366 4695; x_wconf 64' lang='lat' dir='ltr'><strong>acceperit,</strong></span> <span class='ocrx_word' id='word_1_859' title='bbox 2398 4640 2502 4678; x_wconf 90' lang='lat' dir='ltr'><strong>uou</strong></span> <span class='ocrx_word' id='word_1_860' title='bbox 2539 4637 2660 4678; x_wconf 89' lang='lat' dir='ltr'><strong>cum</strong></span> <span class='ocrx_word' id='word_1_861' title='bbox 2704 4623 2816 4692; x_wconf 91' lang='lat' dir='ltr'><strong>ipse</strong></span> <span class='ocrx_word' id='word_1_862' title='bbox 2839 4623 3106 4690; x_wconf 82' lang='lat' dir='ltr'><strong>acceperit</strong></span> <span class='ocrx_word' id='word_1_863' title='bbox 3133 4640 3146 4676; x_wconf 88' lang='lat'><strong>:</strong></span> <span class='ocrx_word' id='word_1_864' title='bbox 3173 4623 3488 4679; x_wconf 79' lang='lat' dir='ltr'><strong>beneficium</strong></span> <span class='ocrx_word' id='word_1_865' title='bbox 3530 4641 3677 4680; x_wconf 84' lang='lat' dir='ltr'><strong>nam-</strong></span> 
     </span>
    </p>
   </div>
   <div class='ocr_carea' id='block_1_110' title="bbox 2085 4713 3670 4787">
    <p class='ocr_par' dir='ltr' id='par_1_110' title="bbox 2085 4713 3670 4787">
     <span class='ocr_line' id='line_1_110' title="bbox 2085 4713 3670 4787; baseline 0.002 -20"><span class='ocrx_word' id='word_1_866' title='bbox 2085 4735 2188 4780; x_wconf 78' lang='lat' dir='ltr'><strong>que</strong></span> <span class='ocrx_word' id='word_1_867' title='bbox 2215 4731 2367 4771; x_wconf 90' lang='lat' dir='ltr'><strong>suum</strong></span> <span class='ocrx_word' id='word_1_868' title='bbox 2393 4723 2540 4787; x_wconf 86' lang='lat' dir='ltr'><strong>putat</strong></span> <span class='ocrx_word' id='word_1_869' title='bbox 2576 4714 2803 4768; x_wconf 86' lang='lat' dir='ltr'><strong>aliorum</strong></span> <span class='ocrx_word' id='word_1_870' title='bbox 2823 4713 3234 4778; x_wconf 72' lang='lat' dir='ltr'><strong>adversitatem,</strong></span> <span class='ocrx_word' id='word_1_871' title='bbox 3267 4729 3370 4767; x_wconf 92' lang='lat' dir='ltr'><strong>non</strong></span> <span class='ocrx_word' id='word_1_872' title='bbox 3403 4716 3670 4786; x_wconf 83' lang='lat' dir='ltr'><strong>propriam</strong></span> 
     </span>
    </p>
   </div>
   <div class='ocr_carea' id='block_1_111' title="bbox 2087 4806 3674 4874">
    <p class='ocr_par' dir='ltr' id='par_1_111' title="bbox 2087 4806 3674 4874">
     <span class='ocr_line' id='line_1_111' title="bbox 2087 4806 3674 4874; baseline -0.001 -10"><span class='ocrx_word' id='word_1_873' title='bbox 2087 4811 2414 4868; x_wconf 85' lang='lat' dir='ltr'><strong>felicitatem.</strong></span> <span class='ocrx_word' id='word_1_874' title='bbox 2470 4807 2771 4862; x_wconf 79' lang='lat' dir='ltr'><strong>Communis</strong></span> <span class='ocrx_word' id='word_1_875' title='bbox 2801 4806 3062 4874; x_wconf 83' lang='lat' dir='ltr'><strong>quiSpiam</strong></span> <span class='ocrx_word' id='word_1_876' title='bbox 3101 4806 3270 4859; x_wconf 73' lang='lat' dir='ltr'><strong>hostis</strong></span> <span class='ocrx_word' id='word_1_877' title='bbox 3301 4806 3546 4864; x_wconf 71' lang='lat' dir='ltr'><strong>Iuturnam</strong></span> <span class='ocrx_word' id='word_1_878' title='bbox 3575 4825 3641 4864; x_wconf 85' lang='lat' dir='ltr'><strong>Ita</strong></span> <span class='ocrx_word' id='word_1_879' title='bbox 3661 4841 3674 4852; x_wconf 87' lang='lat'><em>-</em></span> 
     </span>
    </p>
   </div>
   <div class='ocr_carea' id='block_1_112' title="bbox 2087 4895 3678 4970">
    <p class='ocr_par' dir='ltr' id='par_1_112' title="bbox 2087 4895 3678 4970">
     <span class='ocr_line' id='line_1_112' title="bbox 2087 4895 3678 4970; baseline 0 -16"><span class='ocrx_word' id='word_1_880' title='bbox 2087 4909 2217 4954; x_wconf 71' lang='lat' dir='ltr'><strong>tura:</strong></span> <span class='ocrx_word' id='word_1_881' title='bbox 2245 4899 2583 4960; x_wconf 89' lang='lat' dir='ltr'><strong>circumiens,</strong></span> <span class='ocrx_word' id='word_1_882' title='bbox 2613 4909 2665 4950; x_wconf 88' lang='lat' dir='ltr'><strong>et</strong></span> <span class='ocrx_word' id='word_1_883' title='bbox 2690 4895 2882 4949; x_wconf 70' lang='lat' dir='ltr'><strong>(Ilii-isti</strong></span> <span class='ocrx_word' id='word_1_884' title='bbox 2913 4895 3146 4949; x_wconf 89' lang='lat' dir='ltr'><strong>membra</strong></span> <span class='ocrx_word' id='word_1_885' title='bbox 3185 4899 3489 4965; x_wconf 83' lang='lat' dir='ltr'><strong>percutiens</strong></span> <span class='ocrx_word' id='word_1_886' title='bbox 3523 4917 3536 4954; x_wconf 91' lang='lat'><strong>:</strong></span> <span class='ocrx_word' id='word_1_887' title='bbox 3570 4918 3678 4970; x_wconf 90' lang='lat' dir='ltr'><strong>quo</strong></span> 
     </span>
    </p>
   </div>
   <div class='ocr_carea' id='block_1_113' title="bbox 2085 4991 3674 5066">
    <p class='ocr_par' dir='ltr' id='par_1_113' title="bbox 2085 4991 3674 5066">
     <span class='ocr_line' id='line_1_113' title="bbox 2085 4991 3674 5066; baseline -0.004 -18"><span class='ocrx_word' id='word_1_888' title='bbox 2085 4997 2210 5062; x_wconf 91' lang='lat' dir='ltr'><strong>quid</strong></span> <span class='ocrx_word' id='word_1_889' title='bbox 2260 4995 2506 5048; x_wconf 76' lang='lat' dir='ltr'><strong>furiosius</strong></span> <span class='ocrx_word' id='word_1_890' title='bbox 2552 4991 2747 5045; x_wconf 75' lang='lat' dir='ltr'><strong>fuerit?</strong></span> <span class='ocrx_word' id='word_1_891' title='bbox 2783 4993 2995 5046; x_wconf 66' lang='lat' dir='ltr'><strong>ntt‘tttUn</strong></span> <span class='ocrx_word' id='word_1_892' title='bbox 3045 4993 3244 5048; x_wconf 82' lang='lat' dir='ltr'><strong>invidet</strong></span> <span class='ocrx_word' id='word_1_893' title='bbox 3289 4996 3528 5066; x_wconf 66' lang='lat' dir='ltr'><strong>quidem,</strong></span> <span class='ocrx_word' id='word_1_894' title='bbox 3581 4999 3674 5053; x_wconf 64' lang='lat' dir='ltr'><strong>god</strong></span> 
     </span>
    </p>
   </div>
   <div class='ocr_carea' id='block_1_114' title="bbox 2085 5086 3674 5146">
    <p class='ocr_par' dir='ltr' id='par_1_114' title="bbox 2085 5086 3674 5146">
     <span class='ocr_line' id='line_1_114' title="bbox 2085 5086 3674 5146; baseline 0.001 -6"><span class='ocrx_word' id='word_1_895' title='bbox 2085 5087 2410 5146; x_wconf 81' lang='lat' dir='ltr'><strong>hominibus,</strong></span> <span class='ocrx_word' id='word_1_896' title='bbox 2441 5086 2747 5138; x_wconf 68' lang='lat' dir='ltr'><strong>datumuum</strong></span> <span class='ocrx_word' id='word_1_897' title='bbox 2775 5101 2898 5137; x_wconf 79' lang='lat' dir='ltr'><strong>vero</strong></span> <span class='ocrx_word' id='word_1_898' title='bbox 2927 5086 3054 5140; x_wconf 91' lang='lat' dir='ltr'><strong>nulli</strong></span> <span class='ocrx_word' id='word_1_899' title='bbox 3079 5105 3090 5139; x_wconf 93' lang='lat'>:</span> <span class='ocrx_word' id='word_1_900' title='bbox 3124 5096 3176 5141; x_wconf 89' lang='grc' dir='ltr'><strong>ιιι</strong></span> <span class='ocrx_word' id='word_1_901' title='bbox 3218 5105 3344 5144; x_wconf 77' lang='lat' dir='ltr'><strong>vero</strong></span> <span class='ocrx_word' id='word_1_902' title='bbox 3373 5089 3535 5145; x_wconf 88' lang='lat' dir='ltr'><strong>homo</strong></span> <span class='ocrx_word' id='word_1_903' title='bbox 3557 5107 3674 5144; x_wconf 89' lang='lat' dir='ltr'><strong>cum</strong></span> 
     </span>
    </p>
   </div>
   <div class='ocr_carea' id='block_1_115' title="bbox 2086 5156 3682 5240">
    <p class='ocr_par' dir='ltr' id='par_1_115' title="bbox 2086 5156 3682 5240">
     <span class='ocr_line' id='line_1_115' title="bbox 2086 5156 3682 5240; baseline 0.003 -10"><span class='ocrx_word' id='word_1_904' title='bbox 2086 5183 2180 5240; x_wconf 61' lang='lat' dir='ltr'><strong>si&quot;,</strong></span> <span class='ocrx_word' id='word_1_905' title='bbox 2215 5156 2520 5231; x_wconf 61' lang='lat' dir='ltr'><strong>hominibiis</strong></span> <span class='ocrx_word' id='word_1_906' title='bbox 2549 5176 2774 5240; x_wconf 77' lang='lat' dir='ltr'><strong>invides,</strong></span> <span class='ocrx_word' id='word_1_907' title='bbox 2825 5189 2878 5231; x_wconf 79' lang='lat' dir='ltr'><strong>et</strong></span> <span class='ocrx_word' id='word_1_908' title='bbox 2907 5179 3168 5236; x_wconf 87' lang='lat' dir='ltr'><strong>adversus</strong></span> <span class='ocrx_word' id='word_1_909' title='bbox 3210 5185 3567 5238; x_wconf 82' lang='lat' dir='ltr'><strong>contribulem</strong></span> <span class='ocrx_word' id='word_1_910' title='bbox 3627 5191 3682 5236; x_wconf 90' lang='lat' dir='ltr'><strong>et</strong></span> 
     </span>
    </p>
   </div>
   <div class='ocr_carea' id='block_1_116' title="bbox 2087 5267 3678 5341">
    <p class='ocr_par' dir='ltr' id='par_1_116' title="bbox 2087 5267 3678 5341">
     <span class='ocr_line' id='line_1_116' title="bbox 2087 5267 3678 5341; baseline 0.004 -23"><span class='ocrx_word' id='word_1_911' title='bbox 2087 5283 2444 5333; x_wconf 67' lang='lat' dir='ltr'><strong>congenerem</strong></span> <span class='ocrx_word' id='word_1_912' title='bbox 2499 5267 2772 5338; x_wconf 75' lang='lat' dir='ltr'><strong>ittSltt&#39;ng,</strong></span> <span class='ocrx_word' id='word_1_913' title='bbox 2825 5271 2965 5338; x_wconf 90' lang='lat' dir='ltr'><strong>quod</strong></span> <span class='ocrx_word' id='word_1_914' title='bbox 3035 5289 3208 5341; x_wconf 71' lang='lat' dir='ltr'><strong>neque</strong></span> <span class='ocrx_word' id='word_1_915' title='bbox 3260 5273 3470 5327; x_wconf 70' lang='lat' dir='ltr'><strong>daemon</strong></span> <span class='ocrx_word' id='word_1_916' title='bbox 3531 5273 3678 5326; x_wconf 85' lang='lat' dir='ltr'><strong>facit.</strong></span> 
     </span>
    </p>
   </div>
   <div class='ocr_carea' id='block_1_117' title="bbox 2089 5359 3678 5428">
    <p class='ocr_par' dir='ltr' id='par_1_117' title="bbox 2089 5359 3678 5428">
     <span class='ocr_line' id='line_1_117' title="bbox 2089 5359 3678 5428; baseline 0.001 -15"><span class='ocrx_word' id='word_1_917' title='bbox 2089 5359 2320 5428; x_wconf 71' lang='lat' dir='ltr'><strong>Ecquam</strong></span> <span class='ocrx_word' id='word_1_918' title='bbox 2389 5360 2790 5413; x_wconf 78' lang='lat' dir='ltr'><strong>excusationem</strong></span> <span class='ocrx_word' id='word_1_919' title='bbox 2863 5370 2918 5412; x_wconf 89' lang='lat' dir='ltr'><strong>et</strong></span> <span class='ocrx_word' id='word_1_920' title='bbox 2975 5360 3346 5417; x_wconf 85' lang='lat' dir='ltr'><strong>defensionem</strong></span> <span class='ocrx_word' id='word_1_921' title='bbox 3417 5359 3678 5417; x_wconf 81' lang='lat' dir='ltr'><strong>habebis?</strong></span> 
     </span>
    </p>
   </div>
   <div class='ocr_carea' id='block_1_118' title="bbox 2087 5449 3673 5522">
    <p class='ocr_par' dir='ltr' id='par_1_118' title="bbox 2087 5449 3673 5522">
     <span class='ocr_line' id='line_1_118' title="bbox 2087 5449 3673 5522; baseline 0.004 -19"><span class='ocrx_word' id='word_1_922' title='bbox 2087 5465 2206 5504; x_wconf 90' lang='lat' dir='ltr'><strong>cum</strong></span> <span class='ocrx_word' id='word_1_923' title='bbox 2261 5449 2461 5503; x_wconf 88' lang='lat' dir='ltr'><strong>videris</strong></span> <span class='ocrx_word' id='word_1_924' title='bbox 2520 5449 2734 5503; x_wconf 84' lang='lat' dir='ltr'><strong>fratrem</strong></span> <span class='ocrx_word' id='word_1_925' title='bbox 2786 5465 3042 5518; x_wconf 77' lang='lat' dir='ltr'><strong>prospere</strong></span> <span class='ocrx_word' id='word_1_926' title='bbox 3093 5461 3386 5522; x_wconf 85' lang='lat' dir='ltr'><strong>agentem,</strong></span> <span class='ocrx_word' id='word_1_927' title='bbox 3457 5464 3673 5513; x_wconf 71' lang='lat' dir='ltr'><strong>contreo</strong></span> 
     </span>
    </p>
   </div>
   <div class='ocr_carea' id='block_1_119' title="bbox 2087 5541 3680 5612">
    <p class='ocr_par' dir='ltr' id='par_1_119' title="bbox 2087 5541 3680 5612">
     <span class='ocr_line' id='line_1_119' title="bbox 2087 5541 3680 5612; baseline 0.001 -13"><span class='ocrx_word' id='word_1_928' title='bbox 2087 5543 2269 5600; x_wconf 84' lang='lat' dir='ltr'><strong>miscis</strong></span> <span class='ocrx_word' id='word_1_929' title='bbox 2305 5551 2354 5596; x_wconf 90' lang='lat' dir='ltr'><strong>ct</strong></span> <span class='ocrx_word' id='word_1_930' title='bbox 2389 5541 2579 5610; x_wconf 87' lang='lat' dir='ltr'><strong>palles,</strong></span> <span class='ocrx_word' id='word_1_931' title='bbox 2607 5557 2727 5596; x_wconf 91' lang='lat' dir='ltr'><strong>cum</strong></span> <span class='ocrx_word' id='word_1_932' title='bbox 2751 5551 3024 5610; x_wconf 86' lang='lat' dir='ltr'><strong>oporteret</strong></span> <span class='ocrx_word' id='word_1_933' title='bbox 3045 5553 3096 5598; x_wconf 88' lang='lat' dir='ltr'><strong>te</strong></span> <span class='ocrx_word' id='word_1_934' title='bbox 3123 5559 3401 5612; x_wconf 84' lang='lat' dir='ltr'><strong>coronare,</strong></span> <span class='ocrx_word' id='word_1_935' title='bbox 3433 5544 3603 5603; x_wconf 73' lang='lat' dir='ltr'><strong>ltrtari</strong></span> <span class='ocrx_word' id='word_1_936' title='bbox 3625 5559 3680 5604; x_wconf 90' lang='lat' dir='ltr'><strong>et</strong></span> 
     </span>
    </p>
   </div>
   <div class='ocr_carea' id='block_1_120' title="bbox 2088 5631 3677 5707">
    <p class='ocr_par' dir='ltr' id='par_1_120' title="bbox 2088 5631 3677 5707">
     <span class='ocr_line' id='line_1_120' title="bbox 2088 5631 3677 5707; baseline 0.001 -15"><span class='ocrx_word' id='word_1_937' title='bbox 2088 5635 2375 5692; x_wconf 79' lang='lat' dir='ltr'><strong>exsultare.</strong></span> <span class='ocrx_word' id='word_1_938' title='bbox 2409 5633 2466 5688; x_wconf 85' lang='lat' dir='ltr'><strong>Si</strong></span> <span class='ocrx_word' id='word_1_939' title='bbox 2491 5642 2670 5687; x_wconf 88' lang='lat' dir='ltr'><strong>autem</strong></span> <span class='ocrx_word' id='word_1_940' title='bbox 2699 5631 2831 5688; x_wconf 84' lang='lat' dir='ltr'><strong>velis</strong></span> <span class='ocrx_word' id='word_1_941' title='bbox 2847 5646 2969 5687; x_wconf 90' lang='lat' dir='ltr'><strong>eum</strong></span> <span class='ocrx_word' id='word_1_942' title='bbox 2991 5634 3252 5702; x_wconf 76' lang='lat' dir='ltr'><strong>aemulari,</strong></span> <span class='ocrx_word' id='word_1_943' title='bbox 3275 5649 3380 5689; x_wconf 91' lang='lat' dir='ltr'><strong>non</strong></span> <span class='ocrx_word' id='word_1_944' title='bbox 3409 5636 3677 5707; x_wconf 86' lang='lat' dir='ltr'><strong>impedio:</strong></span> 
     </span>
    </p>
   </div>
   <div class='ocr_carea' id='block_1_121' title="bbox 2091 5725 3678 5797">
    <p class='ocr_par' dir='ltr' id='par_1_121' title="bbox 2091 5725 3678 5797">
     <span class='ocr_line' id='line_1_121' title="bbox 2091 5725 3678 5797; baseline 0.002 -10"><span class='ocrx_word' id='word_1_945' title='bbox 2091 5728 2366 5792; x_wconf 66' lang='lat' dir='ltr'><strong>tumulare,</strong></span> <span class='ocrx_word' id='word_1_946' title='bbox 2399 5725 2492 5782; x_wconf 86' lang='lat' dir='ltr'><strong>sed</strong></span> <span class='ocrx_word' id='word_1_947' title='bbox 2529 5734 2586 5781; x_wconf 92' lang='lat' dir='ltr'><strong>ut</strong></span> <span class='ocrx_word' id='word_1_948' title='bbox 2617 5726 2712 5795; x_wconf 90' lang='lat' dir='ltr'><strong>illi,</strong></span> <span class='ocrx_word' id='word_1_949' title='bbox 2737 5727 2946 5781; x_wconf 88' lang='lat' dir='ltr'><strong>laudem</strong></span> <span class='ocrx_word' id='word_1_950' title='bbox 2973 5726 3072 5782; x_wconf 92' lang='lat' dir='ltr'><strong>sibi</strong></span> <span class='ocrx_word' id='word_1_951' title='bbox 3114 5728 3420 5784; x_wconf 86' lang='lat' dir='ltr'><strong>concilianti</strong></span> <span class='ocrx_word' id='word_1_952' title='bbox 3443 5770 3458 5797; x_wconf 94' lang='lat'><strong>,</strong></span> <span class='ocrx_word' id='word_1_953' title='bbox 3488 5732 3678 5790; x_wconf 72' lang='lat' dir='ltr'><strong>similis</strong></span> 
     </span>
    </p>
   </div>
   <div class='ocr_carea' id='block_1_122' title="bbox 3259 5829 3336 5890">
    <p class='ocr_par' dir='ltr' id='par_1_122' title="bbox 3259 5829 3336 5890">
     <span class='ocr_line' id='line_1_122' title="bbox 3259 5829 3336 5890; baseline -0.013 0"><span class='ocrx_word' id='word_1_954' title='bbox 3259 5829 3336 5890; x_wconf 80' lang='grc' dir='ltr'><strong><em>Π</em></strong></span> 
     </span>
    </p>
   </div>
  </div>
