4112 6224
420 333 526 388 9.63

420 443 527 510 sis;
585 457 690 496 non
744 447 803 494 ut
851 437 1000 492 illum
1047 433 1287 503 dejicias.
1333 430 1424 486 sed
1459 429 1604 484 utad
1633 429 1770 484 idem
1799 428 2008 482 culmen

423 535 724 606 pervenias,
754 539 812 585 ut
834 528 1075 583 eamdem
1118 524 1363 577 virtutem
1390 523 1666 576 exhibeas.
1707 521 1830 574 lla'c
1874 519 2008 573 bona

425 639 505 683 est
527 626 814 686 aemulatio,
851 619 1064 682 imitari,
1095 633 1201 672 non
1230 617 1563 684 impugnare,
1597 629 1702 668 non
1735 613 1918 668 dolere
1945 611 2012 664 de

427 724 616 778 alienis
641 718 815 782 bonis,
842 715 936 770 sed
969 712 1203 768 morderi
1231 714 1297 765 de
1324 711 1551 780 propriis
1581 708 1732 762 malis
1763 723 1775 759 :
1810 706 1893 761 cui
1935 706 2010 760 rei

429 810 754 867 contrarium
809 806 932 860 facit
1005 803 1243 866 invidia;
1296 817 1418 855 nam
1478 799 1690 869 propria
1741 797 2014 868 negligens

430 903 585 965 mala,
614 899 680 954 de
710 899 898 953 alienis
925 897 1078 952 bonis
1125 894 1370 949 tabescit.
1401 893 1607 962 Pauper
1636 891 1777 946 enim
1810 905 1915 944 non
1943 889 2012 943 ita

427 1011 456 1048 a
486 1000 796 1064 paupertate
825 1005 919 1045 sua
947 988 1242 1049 mordetur,
1299 1001 1456 1056 quam
1485 999 1514 1038 a
1543 982 1768 1054 proximi
1805 981 1974 1050 copiis
1998 999 2012 1035 :

427 1102 533 1155 quo
577 1084 701 1156 quid
749 1082 962 1152 gravius
1001 1079 1194 1134 fuerit?
1222 1077 1316 1132 llle
1363 1075 1560 1147 quippe
1594 1077 1646 1130 in
1677 1075 1798 1141 hoc,
1823 1084 1880 1129 ut
1899 1074 2008 1144 jam

427 1178 558 1245 dixi,
592 1191 753 1230 avaro
779 1176 938 1229 etiam
971 1171 1121 1242 pejor
1138 1180 1221 1226 est
1246 1189 1258 1224 :
1282 1171 1367 1224 ille
1392 1171 1534 1224 enim
1560 1184 1680 1222 cum
1707 1167 1832 1239 quid
1863 1182 2014 1222 acce-

432 1270 597 1340 perit,
643 1265 875 1338 gaudet;
905 1263 993 1320 hic
1025 1277 1186 1328 vero,
1221 1277 1341 1315 cum
1370 1261 1507 1314 alius
1563 1275 1668 1314 non
1717 1257 2014 1326 acceperit,

433 1363 662 1417 la‘tatnr.
711 1357 1092 1427 Quamobrem,
1144 1355 1390 1419 obsecro,
1446 1353 1584 1406 hanc
1625 1351 1820 1405 malam
1849 1351 2018 1406 relin-

432 1464 656 1520 quentes
687 1453 822 1505 \iam
850 1460 902 1504 et
932 1449 996 1503 ad
1026 1449 1196 1502 zelum
1229 1447 1425 1499 homnn
1463 1445 1650 1499 mutati
1685 1444 1844 1515 (nam
1898 1443 2021 1499 talis

434 1547 582 1599 zelus
627 1543 916 1597 vehemens
946 1549 1028 1594 est
1071 1548 1126 1592 et
1171 1538 1290 1607 igne
1334 1535 1776 1607 vehementior),
1830 1551 2020 1605 magna

437 1638 556 1691 inde
580 1633 886 1706 percipiatis
911 1631 1068 1685 bona.
1104 1628 1193 1684 Sic
1223 1637 1276 1682 et
1308 1627 1503 1682 Paulus
1529 1626 1742 1680 Judzcos
1769 1627 1835 1681 ad
1863 1626 2018 1681 fidem

435 1727 760 1789 deducebat,
789 1723 975 1778 dicens
1003 1739 1016 1774 :
1051 1720 1112 1773 Si
1141 1717 1392 1790 quomodo
1423 1719 1490 1771 ad
1515 1720 1857 1772 wmulandum
1900 1736 2022 1789 pro-

437 1835 604 1872 vocem
632 1832 834 1870 carnem
860 1830 1054 1876 meam,
1086 1821 1132 1866 et
1171 1811 1338 1865 salvos
1381 1810 1568 1881 faciant
1611 1810 1807 1879 aliquos
1833 1826 1897 1865 ea:
1923 1809 2026 1864 illis

438 1914 453 1975 (
480 1911 626 1964 Rom.
663 1909 747 1973 ll,
784 1905 903 1977 ll).
933 1904 1063 1959 Nam
1088 1904 1176 1973 qui
1205 1904 1274 1956 ita
1300 1900 1583 1956 aemulatur
1606 1911 1661 1956 ut
1683 1901 1771 1956 ille
1793 1901 2021 1968 volebat,

441 2019 544 2055 non
574 1999 795 2055 tabescit
818 2013 937 2052 cum
970 1995 1164 2049 viderit
1193 1993 1357 2048 alium
1384 1993 1434 2047 in
1470 1993 1604 2047 bona
1636 1993 2028 2047 existimatione

440 2109 580 2160 e~se,
613 2092 704 2147 sed
749 2089 962 2162 quando
991 2088 1182 2142 viderit
1220 2103 1277 2141 se
1317 2102 1420 2140 non
1468 2085 1518 2139 id
1546 2087 1776 2155 assequi.
1812 2084 2031 2139 invidus

442 2201 571 2238 vero
599 2198 703 2238 non
735 2182 813 2236 sic
839 2219 852 2243 ,
882 2180 974 2234 sed
1003 2193 1122 2234 cum
1156 2178 1316 2231 alium
1349 2192 1605 2248 prospere
1657 2185 1901 2247 agentem
1948 2177 2030 2229 vi-

442 2280 618 2339 derit,
651 2275 815 2332 veluti
862 2275 1074 2345 quidam
1117 2273 1267 2327 fucus
1311 2281 1412 2337 est,
1457 2273 1545 2342 qui
1585 2273 1791 2326 alienos
1822 2271 2032 2326 labores

445 2370 759 2435 labefactat;
782 2376 836 2423 et
853 2381 1140 2436 numquam
1171 2365 1284 2435 ipse
1307 2381 1526 2435 surgere
1544 2373 1728 2429 tentat,
1755 2364 1888 2418 fletis
1906 2380 2033 2417 vero

445 2478 566 2518 cum
593 2461 755 2515 alium
791 2467 1100 2529 surgentem
1149 2456 1314 2523 videt,
1339 2466 1392 2512 et
1421 2457 1596 2511 omnia
1628 2457 1750 2510 facit
1786 2465 1842 2510 ut
1885 2456 2032 2510 illum

448 2555 678 2625 dejiciat.
714 2553 937 2606 Cuinatn
971 2551 1089 2618 quis
1147 2549 1290 2603 hunc
1321 2548 1565 2603 morbum
1607 2549 2035 2619 comparaverit?

452 2647 574 2699 Mihi
607 2655 785 2698 autem
820 2641 921 2695 huc
955 2639 1178 2710 perinde
1207 2654 1328 2694 esse
1353 2637 1562 2694 videtur
1588 2655 1650 2692 ac
1675 2640 1717 2693 si
1747 2641 1863 2709 quis
1892 2639 2036 2710 piger

450 2737 632 2790 asinus
658 2743 708 2787 et
734 2732 1052 2802 pinguedine
1071 2730 1246 2799 gravis
1266 2745 1385 2784 cum
1417 2745 1555 2800 equo
1586 2730 1785 2784 volucri
1809 2731 2029 2799 conjun-

451 2837 568 2881 ctus
588 2867 602 2888 ,
650 2838 824 2893 neque
855 2824 969 2891 ipsc
997 2837 1218 2891 surgere
1248 2821 1399 2887 velit,
1429 2831 1483 2876 et
1519 2821 1754 2891 pondere
1799 2825 2036 2876 carnimn

455 2919 626 2987 ipsum
650 2923 873 2969 conetur
891 2913 1193 2967 detrahere.
1210 2911 1344 2966 Nam
1362 2920 1415 2966 ct
1434 2911 1542 2978 hic,
1563 2921 1620 2966 ut
1647 2913 1760 2982 ipse
1777 2930 1804 2965 a
1832 2912 2041 2982 profun-

454 3011 526 3064 do
559 3024 750 3064 somno
775 3007 1052 3071 liberetur,
1084 3005 1214 3060 nihil
1241 3021 1339 3059 nec
1361 3005 1552 3074 cogitat
1584 3020 1682 3060 nec
1702 3015 1881 3071 curat;
1909 3005 2040 3060 nihil

457 3117 582 3155 νισι-ο
615 3115 718 3154 non
750 3099 877 3170 agit,
908 3111 963 3152 ut
989 3113 1110 3152 eum
1141 3097 1228 3166 qui
1256 3097 1306 3149 in
1338 3097 1527 3150 caelum
1559 3097 1774 3152 advolat
1793 3098 2043 3168 supplan-

457 3204 531 3248 tet
554 3204 605 3250 et
633 3193 870 3262 dejiciat,
900 3198 1182 3245 accuratus
1210 3189 1404 3243 diaboli
1427 3188 1667 3244 imitator
1693 3194 1879 3248 factus.
1907 3193 2041 3248 Nam

459 3297 510 3340 et
537 3287 624 3341 ille
651 3284 836 3338 videns
865 3283 1136 3336 hominem
1171 3281 1221 3335 in
1264 3281 1530 3352 paradiso,
1567 3300 1671 3336 non
1703 3284 1815 3353 ipse
1843 3285 2045 3342 studuit

462 3378 678 3441 mutari,
711 3376 804 3431 sed
836 3376 982 3428 illum
1014 3373 1212 3444 ejicere
1250 3390 1312 3427 ex
1345 3374 1594 3443 paradiso
1626 3394 1638 3430 :
1669 3386 1722 3432 et
1752 3393 1936 3433 rursus
1963 3381 2043 3434 vi-

456 3469 592 3524 dens
622 3467 768 3522 illum
799 3466 849 3520 in
882 3466 1015 3520 caelo
1043 3463 1340 3528 sedentem,
1370 3465 1572 3519 etalios
1597 3466 1688 3521 illo
1712 3467 2044 3536 festinantes,

460 3561 690 3630 idipsum
722 3555 1031 3622 meditatur,
1060 3571 1155 3611 eos
1185 3557 1271 3626 qui
1295 3557 1385 3611 illo
1422 3569 1651 3627 pergunt
1676 3561 2044 3631 supplantans,

461 3661 515 3706 et
563 3651 686 3703 hinc
733 3647 992 3717 majorem
1024 3649 1126 3702 sibi
1153 3664 1451 3719 congereus
1502 3650 1792 3708 fornacem.
1843 3653 2048 3726 Ubique

461 3742 605 3795 enim
634 3741 737 3795 hoc
756 3739 1050 3810 contingit;
1099 3756 1218 3794 nam
1251 3741 1296 3795 is
1323 3741 1408 3794 cui
1438 3742 1722 3812 invidetur,
1757 3745 1801 3800 si
1847 3749 2046 3819 vigilet,

1124 323 1180 378 S.
1223 319 1499 376 JOANNIS
1537 311 2010 372 CllRYSOSTOMl
2055 312 2370 368 ARClllEP.
2412 309 2940 367 CONSTANTINOP.

3587 317 3686 374 ΞΜ

2112 427 2441 495 splendidior
2469 428 2678 492 evadit;
2723 429 2930 484 invidus
2960 445 3086 484 vero
3126 432 3276 501 plura
3303 433 3402 489 sibi
3432 434 3568 490 mala
3599 452 3691 494 ac-

2112 520 2366 573 cumulat.
2395 520 2481 573 Sic
2499 530 2552 573 et
2572 520 2768 588 .loseph
2788 521 3014 576 illustris
3034 521 3252 577 ell‘ectus
3271 533 3351 579 est
3375 542 3388 589 ;
3412 528 3489 582 sic
3512 529 3690 584 Aaron

2113 611 2366 666 sacerdos
2395 630 2407 665 :
2442 629 2562 666 nam
2597 613 2893 667 invidorum
2919 613 3124 669 insidia:
3146 614 3434 672 eﬂ‘eeeruut
3469 628 3526 674 ut
3555 620 3694 676 Deus

2114 703 2281 758 semel
2303 713 2353 758 et
2381 703 2462 758 his
2491 706 2733 758 eamdem
2766 706 2932 761 ferret
2975 709 3316 775 sententiam,
3347 720 3401 765 et
3439 721 3494 765 ut
3546 713 3695 783 virga

2114 795 2458 864 germinaret.
2490 796 2576 850 Sic
2610 805 2663 850 et
2692 796 2858 851 Jacob
2885 799 3045 852 tnulta
3074 816 3247 854 rermn
3275 803 3426 871 copia
3458 804 3698 858 abunda-

2088 889 2224 957 Ivit,
2280 888 2504 958 aliisque
2544 891 2813 945 omnibus.
2860 890 2948 946 Sic
2984 892 3144 947 invidi
3193 895 3242 946 in
3271 895 3420 951 mille
3444 911 3503 952 se
3541 899 3699 954 malis

2116 981 2524 1050 eomplicarunt.
2557 984 2685 1048 Qua:
2707 985 2884 1038 omnia
2923 986 3175 1053 scientes,
3221 987 3482 1057 fugiamus
3513 990 3700 1060 huius.

2119 1074 2260 1128 modi
2291 1075 2484 1129 zelum.
2515 1074 2623 1128 Cur
2660 1076 2825 1143 enim,
2858 1092 3060 1147 quzcso,
3111 1079 3355 1134 invides?
3383 1083 3503 1151 quia
3531 1085 3693 1152 spirie

2124 1166 2316 1220 tualem
2371 1165 2594 1236 gratiam
2656 1165 2822 1222 frater
2866 1169 3110 1239 accepit?
3158 1170 3224 1224 Et
3262 1187 3290 1224 a
3319 1189 3451 1245 quo,
3479 1190 3687 1242 quirso,

2123 1259 2364 1328 accepit?
2392 1274 2569 1313 nonne
2586 1274 2616 1313 a
2649 1259 2796 1314 Deo?
2827 1261 2966 1331 Ergo
2988 1271 3171 1316 contra
3198 1263 3340 1316 illum
3368 1264 3700 1321 inimicitiam

2123 1353 2356 1421 suscipe,
2385 1352 2474 1421 qni
2502 1351 2699 1406 donum
2727 1353 2975 1408 contulit.
3004 1353 3192 1408 Viden’
3213 1371 3321 1425 quo
3358 1358 3554 1412 malum
3579 1375 3695 1414 ser-

2126 1446 2220 1513 pit,
2250 1455 2304 1499 et
2330 1445 2540 1516 qualem
2589 1446 2944 1516 c010phonem
2996 1459 3334 1518 peccatorum
3377 1451 3596 1519 inducit,
3647 1463 3704 1508 et

2126 1547 2380 1606 quantum
2444 1537 2662 1592 suffodit
2724 1539 2971 1608 supplicii
3026 1540 3368 1595 barathrum?
3414 1541 3700 1612 Fugianms

2128 1643 2294 1698 ergo,
2352 1628 2554 1694 dilecti,
2605 1628 2706 1684 hoc
2757 1630 2964 1693 vitium,
3011 1646 3186 1700 neque
3235 1632 3585 1695 invideamus,
3642 1650 3708 1690 ac

2131 1739 2228 1793 pro
2254 1724 2445 1777 invidis
2491 1738 2792 1793 precemur,
2820 1723 3058 1793 nihilque
3086 1741 3190 1778 non
3219 1739 3458 1796 agamus,
3484 1736 3537 1779 ut
3561 1742 3708 1781 mor-

2133 1816 2256 1870 bum
2307 1816 2515 1870 illorum
2562 1816 2992 1885 exstinguamns.
3043 1815 3150 1871 Sed
3179 1832 3245 1872 ne
3271 1817 3455 1871 eadem
3487 1833 3605 1886 qua:
3630 1819 3714 1872 in—

2133 1912 2248 1966 sani
2273 1911 2345 1964 illi
2372 1911 2654 1980 patiamur,
2679 1909 2769 1978 qui
2791 1909 3034 1964 volentes
3055 1925 3240 1980 poenas
3260 1911 3327 1965 ab
3350 1910 3453 1965 illis
3474 1911 3710 1982 exigere,

2134 2004 2308 2058 omnia
2343 2003 2538 2056 faciunt
2582 2011 2637 2055 ut
2666 2000 2934 2056 flammam
2963 2001 3063 2056 sibi
3103 2002 3418 2074 accendant.
3453 2004 3523 2057 At
3543 2018 3608 2058 ne
3638 2003 3711 2058 ita

2137 2114 2254 2166 nos,
2309 2098 2402 2151 sed
2453 2096 2558 2150 dell
2583 2109 2746 2150 amns
2777 2095 2894 2150 illos
2921 2104 2975 2150 et
3004 2095 3378 2150 lamentamur.
3430 2094 3532 2166 lpsi
3571 2097 3713 2151 enim

2138 2199 2263 2244 sunt
2306 2190 2396 2258 qui
2424 2187 2705 2253 laeduntur,
2739 2202 2972 2242 vermem
2998 2185 3252 2241 habentes
3283 2198 3600 2257 perpetuum
3624 2202 3720 2243 cor

2139 2282 2374 2350 ipsorum
2413 2278 2777 2344 arrodentem,
2828 2287 2885 2333 et
2932 2277 3124 2333 veneni
3159 2288 3488 2349 congregant
3518 2279 3718 2333 fontem

2139 2373 2284 2427 omni
2351 2371 2472 2427 felle
2530 2371 2871 2425 amariorem.
2923 2369 3192 2440 Rogemus
3249 2384 3377 2439 ergo
3434 2369 3719 2440 benignum
3788 2363 3794 2369 ’

2144 2467 2330 2528 Deum,
2363 2474 2420 2519 ut
2445 2472 2499 2518 et
2542 2462 2644 2516 illis
2687 2460 2933 2516 morbum
2980 2461 3248 2528 immutet,
3289 2469 3344 2516 et
3371 2475 3469 2515 nos
3503 2476 3570 2516 ne
3599 2477 3720 2515 um-

2141 2573 2297 2628 quam
2332 2558 2383 2610 in
2411 2556 2552 2610 hunc
2582 2553 2895 2610 incidamus.
2919 2553 3052 2608 Nam
3079 2554 3408 2610 inaccessum
3435 2554 3722 2608 estcaalnm

2141 2651 2190 2705 ei
2213 2649 2302 2719 qui
2338 2652 2436 2704 hac
2458 2648 2578 2702 tabe
2619 2647 2846 2713 laborat,
2877 2656 2932 2702 et
2959 2657 3085 2700 ante
3110 2645 3301 2701 eazlum
3335 2645 3450 2700 haec
3479 2645 3586 2700 vita
3613 2659 3721 2699 non

2144 2742 2317 2795 vitalis
2335 2751 2435 2794 est.
2457 2739 2639 2810 Neque
2659 2739 2803 2794 enim
2824 2739 3022 2810 lignum
3047 2748 3100 2794 et
3123 2739 3296 2793 lanam
3321 2738 3559 2793 insidens
3583 2739 3722 2793 tinea

2147 2834 2216 2887 ita
2263 2832 2456 2887 rodere
2499 2831 2657 2897 solet,
2703 2840 2759 2886 ut
2808 2831 3024 2886 invidia:
3057 2831 3221 2886 febris
3259 2846 3381 2886 ossa
3426 2832 3726 2886 invidorum

2145 2923 2403 2990 eorrodit,
2430 2931 2484 2976 et
2503 2922 2695 2976 anima:
2725 2923 3125 2992 temperantiam
3152 2921 3452 2978 labefactat.
3482 2922 3550 2978 Ut
3573 2923 3730 2992 igitur

2147 3027 2200 3071 et
2228 3031 2324 3068 nos
2351 3025 2404 3068 et
2429 3015 2564 3068 alios
2589 3013 2657 3068 ab
2686 3015 2982 3069 innumeris
3009 3028 3258 3069 eruamus
3285 3015 3460 3081 malis,
3489 3015 3728 3085 expella-

2148 3123 2269 3162 mus
2296 3125 2323 3160 a
2353 3107 2504 3161 nobis
2534 3105 2672 3162 hanc
2696 3107 2888 3160 malam
2922 3105 3108 3162 febrim
3140 3107 3325 3175 quavis
3356 3106 3477 3161 tabe
3497 3106 3730 3161 deterio-

2149 3216 2293 3261 rem;
2331 3208 2385 3252 ut
2415 3198 2676 3268 spirituali
2715 3206 2965 3268 suscepto
3009 3196 3227 3262 robore,
3259 3207 3315 3251 et
3342 3211 3580 3266 pnesens
3607 3213 3728 3252 ecr-

2150 3302 2326 3348 tamen
2360 3292 2716 3362 perﬁciamus,
2749 3300 2805 3346 et
2826 3290 3030 3344 futuras
3055 3303 3446 3360 consequamur
3473 3304 3728 3344 coronas:

2151 3402 2283 3456 quas
2307 3386 2509 3440 utinam
2537 3398 2636 3439 nos
2686 3399 2874 3438 omnes
2903 3381 3127 3452 adipisci
3156 3382 3452 3452 contingat,
3482 3382 3648 3452 gratia
3679 3390 3736 3436 et

2153 3481 2480 3549 benignitate
2508 3477 2718 3532 Domini
2742 3475 2913 3531 nostri
2940 3475 3066 3531 .lesu
3091 3473 3310 3540 Christi,
3347 3473 3560 3544 quicum
3592 3472 3735 3527 Patri

2154 3588 2364 3643 unaque
2389 3569 2607 3643 Spiritui
2629 3579 2817 3625 sancto
2838 3569 3024 3640 gloria,
3051 3568 3354 3638 imperium,
3379 3567 3571 3634 honor,
3595 3579 3738 3621 nunc

2154 3677 2207 3721 et
2236 3678 2470 3734 semper,
2503 3673 2556 3716 et
2579 3661 2630 3715 in
2669 3660 2864 3715 sarcula
2891 3658 3232 3716 saeculorum.
3261 3659 3453 3713 Amen.

505 3875 3626 3900 ______.________________________________________________.__.

1802 3963 2148 4026 HOMILIA
2191 3963 2468 4026 XXXII.

463 4116 590 4169 Car.
636 4113 732 4176 12,
765 4129 810 4166 v.
855 4112 944 4165 27.
999 4110 1096 4164 Vos
1140 4119 1306 4163 autem
1349 4110 1467 4163 estis
1505 4126 1691 4180 corpus
1731 4111 1959 4180 Christi,
2001 4124 2049 4169 et

1016 4201 1239 4256 membra
1265 4217 1328 4256 ex
1356 4211 1520 4272 parte.

545 4301 594 4354 l.
634 4298 710 4353 Ne
749 4298 870 4368 quis
907 4295 1051 4353 enim
1092 4295 1315 4362 diceret,
1349 4295 1486 4364 Quid
1524 4295 1591 4350 ad
1622 4312 1720 4352 nos
1749 4299 2051 4370 exemplum

470 4390 750 4461 corporis?
783 4388 915 4444 illud
937 4388 1081 4444 enim
1110 4396 1314 4442 natura:
1337 4387 1521 4452 servit,
1549 4399 1731 4444 nostra
1758 4405 1886 4446 vero
1911 4400 2054 4446 recte

473 4483 611 4536 facta
643 4481 794 4536 liberi
823 4479 1033 4534 arbitrii
1071 4488 1195 4533 sunt
1229 4497 1243 4534 :
1293 4478 1343 4532 id
1369 4478 1436 4532 ad
1457 4479 1698 4535 actiones
1727 4490 1935 4535 nostras
1963 4481 2056 4536 ad-

473 4573 700 4640 ducens,
745 4578 800 4625 et
845 4569 1136 4624 ostendens
1163 4586 1260 4623 nos
1289 4584 1353 4623 ex
1385 4569 1547 4622 animi
1575 4572 1835 4624 sententia
1862 4572 2057 4627 debere

473 4662 718 4718 eamdem
762 4659 1100 4716 concordiam
1134 4658 1350 4721 habere,
1395 4673 1554 4727 quam
1591 4659 1700 4728 ipsa
1731 4662 1964 4717 membra
1990 4678 2057 4717 ex

477 4764 687 4818 natura,
718 4752 847 4808 dicit
876 4769 888 4804 :
930 4750 1026 4804 Vos
1055 4760 1223 4803 autent
1253 4751 1370 4803 estis
1396 4765 1581 4820 corpus
1610 4747 1818 4808 Christi.
1865 4751 1925 4808 S'.
1964 4768 2059 4807 an-

479 4855 586 4899 tem
636 4860 742 4899 non
785 4853 996 4914 oportet
1037 4857 1232 4912 corpus
1273 4852 1514 4897 nostrum
1559 4841 1847 4912 dissidere,
1891 4845 2060 4902 multo

481 4935 650 5002 magis
676 4951 779 4988 non
811 4943 1021 5005 oportet
1046 4933 1240 4989 Christi
1281 4949 1497 5003 corpus,
1533 4945 1588 4991 et
1630 4949 1696 4990 eo
1735 4936 1924 5006 magis,
1952 4950 2061 5006 quo

479 5025 647 5096 gratia
677 5026 943 5092 potentior
972 5033 1054 5078 est
1082 5034 1289 5080 natura.
1326 5025 1393 5079 Et
1420 5027 1639 5082 membra
1668 5045 1731 5082 ea:
1757 5039 1921 5098 parte.
1954 5028 2062 5084 Ne-

480 5132 587 5188 que
610 5113 754 5170 enim
787 5129 982 5183 corpus
1012 5129 1197 5168 sumus
1225 5125 1452 5180 tantum,
1501 5117 1595 5173 sed
1625 5128 1679 5173 et
1707 5121 1944 5175 membra
1973 5136 2064 5176 su-

481 5222 621 5264 mus.
654 5203 786 5260 Nam
815 5202 882 5258 de
912 5201 995 5256 his
1030 5202 1290 5256 ambobus
1317 5207 1561 5272 superius
1586 5207 1898 5278 disputavit,
1929 5212 2064 5264 nml-
2097 5215 2100 5218 ’

481 5311 570 5356 tos
616 5299 667 5354 in
712 5311 876 5352 unum
928 5293 1206 5365 colligens,
1266 5303 1322 5349 et
1368 5298 1659 5355 ostendens
1685 5317 1871 5358 omnes
1900 5319 2059 5357 unum

479 5390 775 5445 secundum
818 5386 1103 5458 imaginem
1152 5385 1394 5455 corporis
1443 5386 1606 5445 factos
1658 5406 1796 5459 esse,
1852 5403 1906 5447 ct
1962 5393 2062 5448 hoc

483 5498 645 5536 unum
676 5496 771 5550 per
797 5481 963 5536 multa
985 5478 1258 5545 constitui,
1303 5487 1463 5549 atque
1507 5479 1558 5533 in
1599 5483 1773 5535 multis
1817 5498 1958 5550 esse,
2009 5493 2063 5536 ct

483 5573 650 5626 multa
691 5587 754 5625 ex
783 5588 849 5626 eo
875 5571 1138 5626 contineri
1169 5581 1222 5625 et
1249 5585 1406 5640 posse
1436 5572 1600 5626 multa
1639 5589 1778 5628 esse.
1808 5577 1947 5641 Quid
1978 5586 2063 5630 est

486 5673 665 5716 autem
710 5661 861 5728 illud,
894 5662 974 5716 Ex
1000 5661 1186 5732 parte?
1229 5662 1497 5728 Quantum
1543 5664 1609 5716 ad
1651 5680 1745 5718 vos
1783 5667 1971 5721 attinet
2012 5677 2066 5721 et

486 5758 745 5824 quantum
785 5762 1198 5808 consentaneum
1249 5761 1352 5818 est,
1403 5766 1524 5808 esse
1565 5765 1766 5822 partem
1809 5770 1873 5810 ex
1916 5758 2064 5814 vobis

2169 4113 2502 4169 aedificatam.
2551 4109 2682 4178 Quia
2721 4109 2862 4164 enim
2902 4105 3071 4172 dixit,
3119 4101 3334 4175 Corpus,
3363 4110 3531 4157 totum
3563 4109 3745 4154 autem

2165 4214 2283 4260 erat
2320 4219 2535 4274 corpus,
2579 4217 2688 4256 non
2736 4199 3133 4257 Corinthiorum
3181 4193 3445 4260 Ecclesia,
3491 4192 3585 4247 sed
3623 4206 3747 4261 quae

2165 4298 2361 4368 ubique
2403 4306 2666 4351 terrarum
2695 4301 2850 4356 erat;
2892 4291 3014 4347 ideo
3043 4289 3194 4354 dixit,
3233 4286 3313 4341 Ex
3346 4295 3527 4356 parte;
3559 4283 3608 4338 id
3639 4293 3747 4349 est,

2165 4389 2286 4460 quia
2318 4388 2550 4442 Ecclesia
2580 4394 2754 4440 vestra
2789 4398 2912 4455 pars
2938 4392 3020 4437 est
3046 4381 3163 4451 ejus
3197 4395 3316 4451 quae
3345 4379 3540 4448 ubique
3578 4385 3749 4430 terra-

2165 4498 2284 4537 rum
2315 4491 2396 4536 est
2440 4479 2691 4534 Ecclesiae
2713 4519 2728 4542 ,
2758 4487 2812 4532 et
2838 4477 3103 4546 corporis,
3136 4473 3277 4544 quod
3307 4487 3400 4542 per
3423 4468 3613 4526 omnes
3647 4469 3747 4523 Ec-

2166 4574 2356 4627 slesias
2385 4568 2727 4623 constituitur
2762 4587 2775 4622 :
2802 4569 2874 4622 ita
2901 4577 2956 4620 ut
2989 4583 3094 4620 non
3121 4566 3292 4619 solum
3324 4564 3466 4617 inter
3491 4577 3615 4625 vos,
3651 4561 3748 4615 sed

2165 4666 2326 4719 etiam
2355 4676 2474 4714 eum
2511 4670 2620 4714 tota
2654 4660 2909 4723 Eoi-lesia,
2958 4673 3078 4727 qua:
3123 4665 3206 4710 est
3254 4657 3306 4709 in
3351 4654 3515 4719 orbe,
3560 4666 3747 4722 pacem

2168 4754 2367 4809 habere
2405 4751 2682 4817 debeatis;
2737 4751 2783 4804 si
2828 4749 3043 4818 quidem
3083 4748 3216 4802 estis
3248 4745 3401 4816 justi,
3430 4745 3474 4800 si
3506 4742 3749 4798 membra

2169 4848 2332 4902 totius
2375 4845 2641 4915 corporis.
2689 4843 2782 4898 28.
2841 4842 2905 4895 Et
2931 4857 3057 4912 quos
3081 4840 3282 4912 quidem
3320 4838 3488 4910 posuit
3513 4835 3654 4890 Deus
3696 4835 3751 4888 in

2169 4937 2421 5005 Ecclesia,
2457 4938 2674 5008 primum
2703 4933 2980 5003 apostolos,
3013 4931 3235 4986 secundo
3268 4931 3572 5002 prophetas,
3603 4927 3754 4981 tertio

2170 5033 2415 5094 doctores,
2447 5029 2629 5082 deinde
2669 5027 2874 5080 virtutes
2899 5067 2913 5091 ,
2959 5023 3140 5078 deinde
3167 5024 3358 5094 gratias
3398 5022 3750 5081 curationum.

2169 5121 2523 5192 Opitulationes
2543 5161 2558 5183 ,
2590 5117 2972 5190 gubernationes
2991 5156 3007 5181 ,
3037 5132 3221 5186 genera
3251 5115 3561 5184 linguarum.
3597 5111 3752 5178 Quod

2169 5212 2312 5266 enim
2362 5211 2609 5280 superius
2650 5209 2781 5275 dixi,
2826 5207 2929 5262 hoc
2955 5222 3094 5261 nunc
3130 5205 3293 5261 facit:
3320 5206 3442 5274 quia
3469 5204 3635 5257 altum
3659 5215 3748 5255 sa-

2171 5303 2386 5371 piehant
2404 5301 2471 5356 de
2502 5301 2716 5371 linguis,
2747 5300 2892 5355 illam
2920 5313 3032 5354 rem
3065 5313 3278 5367 semper
3307 5297 3546 5350 ultimam
3577 5294 3748 5363 ponit.

2170 5393 2301 5447 Nam
2333 5392 2459 5446 illud
2502 5391 2734 5460 primum
2765 5400 2820 5445 et
2849 5390 3143 5447 secundum
3171 5405 3277 5444 non
3306 5389 3424 5444 sine
3451 5402 3611 5443 causa
3645 5401 3748 5456 po-

2173 5485 2269 5548 nit,
2302 5481 2397 5538 sed
2448 5483 2777 5552 przmnittens
2821 5480 2872 5535 id
2913 5480 3053 5550 quod
3083 5479 3366 5550 pretiosius
3393 5491 3497 5543 est,
3528 5489 3580 5533 et
3609 5475 3758 5546 quod

2168 5585 2252 5629 est
2276 5570 2496 5627 inferius
2524 5571 2838 5627 ostendens.
2885 5571 3008 5625 Ideo
3046 5571 3320 5639 apostolos
3347 5569 3629 5641 prtemisit,
3660 5569 3758 5635 qui

2170 5664 2492 5722 charismata
2521 5679 2615 5739 seu
2646 5663 2783 5718 dona
2812 5662 2991 5718 omnia
3017 5663 3070 5716 in
3102 5676 3163 5717 se
3190 5661 3479 5716 habehant.
3529 5661 3594 5714 Et
3643 5673 3758 5711 non

2170 5755 2324 5822 dixit,
2366 5755 2510 5824 Quos
2534 5749 2712 5826 posuit
2738 5755 2883 5810 Deus
2905 5755 2956 5809 in
2987 5752 3224 5809 Ecclesia
3268 5750 3542 5823 apostolos
3564 5791 3579 5818 ,
3619 5749 3756 5803 sim-
