4094 6222
459 320 563 373 2653

457 435 684 503 plieter,
717 442 806 485 aut
834 431 1122 501 prophetas
1148 449 1162 500 ;
1188 432 1285 490 sed
1313 431 1540 504 primum
1569 442 1624 489 et
1653 431 1946 488 secundum
1977 439 2033 484 et

458 523 671 578 tertium
706 526 885 591 ponit;
932 522 1034 578 hoc
1063 525 1232 591 ipsum
1261 523 1401 594 quod
1437 523 1545 578 dixi
1572 524 1877 593 signiﬁcans
1937 522 2032 577 Se-

451 614 619 667 cundo
649 613 940 681 pmpltetus.
984 615 1377 683 l’rophetabant
1412 615 1577 681 enim,
1605 623 1663 668 ut
1685 615 1806 669 lilia:
1828 612 2032 683 Philip-

454 707 540 773 pi,
569 713 626 758 ut
657 705 894 774 Agahus.
932 716 989 759 ut
1011 707 1093 758 isti
1121 708 1215 775 ipsi
1242 708 1328 776 qui
1361 717 1512 762 erant
1538 708 1676 777 apud
1702 706 2029 767 Corinthios,

453 797 523 851 de
563 796 754 862 quibus
797 797 947 859 dicit,
1010 798 1281 867 Propheta:
1336 800 1438 853 duo
1490 810 1578 853 aut
1624 812 1721 854 tres
1768 800 2034 870 loquantur

453 888 505 957 (Ι
556 887 675 941 Cor.
705 887 794 957 H,
823 888 954 958 ‘29).
1002 888 1065 943 Et
1119 889 1184 944 ad
1232 890 1568 945 Timozheum
1601 892 1840 947 scribens
1891 890 2031 946 dicc-

455 979 545 1031 bat
588 997 601 1031 :
652 977 774 1032 Noli
816 979 1065 1050 negligere
1093 982 1307 1051 gratiam
1347 998 1458 1052 quae
1490 985 1542 1036 in
1569 991 1616 1036 te
1639 993 1744 1048 est,
1791 998 1901 1053 qua:
1947 982 2033 1035 tibi

453 1074 575 1123 data
604 1082 676 1125 est
714 1089 804 1142 per
832 1073 1146 1140 prophetiam
1178 1075 1228 1143 (l
1285 1074 1419 1128 Tim.
1451 1076 1641 1148 4,14).

528 1161 713 1216 Plures
736 1166 995 1233 propheta;
1030 1174 1174 1217 erant
1200 1166 1252 1218 iu
1285 1165 1507 1220 Ecclesia
1537 1164 1758 1232 Christi,
1808 1183 1955 1236 quam
1980 1166 2033 1219 in

453 1255 563 1324 lege
580 1256 749 1309 veteri.
782 1285 853 1295 -—-
872 1257 950 1309 Ae
992 1257 1148 1324 longe
1186 1257 1364 1327 plures
1395 1265 1519 1312 tunc
1547 1265 1700 1312 erant
1726 1257 2029 1327 prophette,

453 1364 611 1419 quam
641 1350 692 1403 in
724 1347 900 1403 Veteri
933 1348 1294 1404 Testamento.
1338 1349 1520 1420 Neque
1564 1350 1707 1404 enim
1736 1349 1802 1402 ad
1848 1348 2030 1402 decem

455 1449 511 1494 et
552 1439 732 1508 viginti
772 1446 829 1492 et
867 1439 1245 1510 quinquaginta
1289 1448 1341 1494 ct
1371 1450 1583 1494 centum
1618 1439 1888 1494 redactum
1920 1448 2034 1491 erat

457 1530 747 1599 prapbetia:
794 1529 1034 1595 donum;
1082 1529 1176 1584 sed
1222 1529 1336 1584 hare
1377 1532 1545 1600 gratia
1590 1532 1816 1584 ubertim
1863 1530 2031 1583 ell‘on-

454 1624 712 1687 debatur,
762 1631 815 1675 et
859 1622 1082 1692 singula:
1129 1620 1383 1676 Ecclesia:
1413 1622 1609 1675 multos
1642 1623 1905 1675 habebant
1943 1621 2030 1690 qui

456 1712 865 1782 propltetabant.
890 1712 1040 1780 Quod
1067 1713 1112 1766 si
1143 1712 1386 1766 Christus
1412 1712 1574 1774 dicat,
1606 1711 1713 1766 Lex
1736 1723 1780 1765 et
1812 1712 2029 1781 prop/te-

452 1815 520 1857 ιω
564 1820 720 1873 usque
769 1804 836 1856 ad
872 1803 1125 1857 Joannem
1154 1803 1368 1873 (Matth.
1400 1805 1484 1857 ll.
1522 1803 1633 1872 15),
1658 1803 1725 1858 de
1756 1804 1859 1856 illis
1896 1803 2033 1856 dixit

453 1898 748 1967 prophetis,
798 1897 887 1967 qui
933 1897 1047 1966 ejus
1088 1895 1374 1950 adventum
1421 1896 1804 1966 pr.edixerunt.
1866 1894 2031 1948 Tertio

450 1990 706 2041 doctores.
742 1986 871 2040 Nam
904 1987 994 2057 qui
1025 1987 1331 2056 prephetat,
1360 1987 1536 2041 omnia
1579 2004 1605 2038 ιι
1637 1986 1834 2055 Spiritu
1865 1986 2033 2056 loqui-

454 2090 541 2132 tur
578 2097 588 2128 :
621 2080 708 2147 qui
752 2078 906 2131 tiOCt'l
951 2088 1152 2140 autem,
1206 2077 1492 2147 aliquando
1517 2094 1580 2131 ex
1606 2077 1818 2145 propria
1854 2085 2032 2131 tuente

451 2169 685 2222 disserit.
718 2167 841 2222 Ideo
871 2169 1080 2222 dicebat
1111 2186 1123 2220 :
1160 2168 1258 2234 Qui
1306 2169 1426 2221 bene
1465 2178 1683 2238 pra’sunl
1724 2168 2027 2238 presbyteri,

455 2262 646 2324 tlupliri
694 2261 881 2313 Iaonore
929 2261 1070 2331 digni
1114 2261 1426 2325 habeantur,
1476 2261 1693 2313 maxime
1734 2270 1903 2313 autem
1947 2260 2033 2329 qui

453 2352 680 2404 laborant
705 2353 756 2404 in
787 2353 931 2405 verbo
960 2363 1006 2405 et
1031 2353 1261 2406 doctrina
1301 2354 1379 2424 (Ι.
1414 2352 1544 2405 Tim.
1574 2352 1628 2407 5.
1660 2353 1765 2422 17).
1796 2352 1894 2419 Qui
1940 2369 2034 2404 au-

454 2455 560 2497 tem
603 2446 803 2514 Spiritu
850 2446 1027 2498 omnia
1071 2446 1327 2514 loquitur,
1374 2462 1478 2499 non
1526 2446 1768 2506 laborat;
1804 2447 2031 2514 itiCOllllt‘.

452 2547 573 2604 post
601 2538 909 2606 prophetam
944 2538 1089 2589 illum
1121 2538 1331 2605 posuit;
1374 2537 1624 2605 quoniam
1661 2536 1787 2590 illud
1820 2537 2030 2606 quidem

451 2640 620 2682 totmn
653 2641 731 2682 est
759 2629 979 2690 donum,
1030 2628 1131 2682 hoc
1166 2640 1343 2683 autem
1376 2629 1538 2682 etiam
1581 2628 1840 2681 humanus
1863 2628 2030 2682 labor.

453 2722 658 2773 litcnim
686 2737 748 2774 ex
777 2736 834 2774 se
860 2735 1069 2789 quoque
1092 2720 1254 2773 multa
1290 2720 1542 2788 l0qttitur,
1572 2730 1891 2788 quattauten
1910 2734 2031 2772 cum

449 2812 642 2864 divinis
668 2809 957 2880 Scripturis
986 2819 1301 2865 consonant.
1334 2808 1532 2863 Deinde
1560 2810 1767 2862 virtutes
1793 2852 1807 2875 ,
1852 2809 2034 2862 deinde

447 2903 639 2971 gratias
660 2902 1001 2954 curationum.
1052 2900 1234 2956 Viden'
1274 2900 1544 2971 quomodo
1582 2917 1792 2954 rursum
1839 2901 2031 2954 distin-

444 2995 559 3060 guit
600 2994 906 3049 curationes
953 3010 983 3047 a
1032 2995 1262 3056 virtute,
1293 2993 1434 3063 quod
1471 2994 1631 3048 etiam
1680 3004 1835 3046 antea
1868 2994 2031 3047 fecit?

453 3087 618 3137 virtus
638 3086 779 3139 enim
806 3086 978 3154 majus
1007 3085 1276 3155 quidpiam
1306 3094 1385 3138 est
1409 3126 1423 3150 ,
1452 3099 1609 3154 quam
1639 3085 1864 3137 curatio.
1901 3085 2027 3137 Nam

447 3178 534 3245 qui
577 3178 822 3231 virtutem
871 3178 1048 3241 habet,
1092 3186 1148 3232 et
1186 3178 1412 3247 castigat
1441 3186 1497 3231 et
1546 3186 1739 3232 curat:
1772 3178 1863 3247 qui
1904 3194 2029 3232 vero

444 3272 670 3340 gratiam
697 3271 1032 3325 curationum
1065 3270 1245 3334 habet,
1279 3270 1499 3326 morbos
1526 3278 1729 3325 tantum
1759 3280 1929 3324 curat.
1966 3271 2029 3325 Et

447 3362 567 3415 vide
611 3378 769 3431 quam
798 3362 1001 3431 optimo
1029 3377 1156 3415 usus
1181 3361 1253 3415 sit
1277 3361 1467 3416 ordine
1486 3403 1502 3426 ,
1545 3376 1665 3416 cum
1695 3361 2025 3431 prophetiam

444 3462 567 3505 ante
611 3454 836 3506 virtutes
887 3463 940 3506 ct
990 3453 1293 3508 curationes
1339 3453 1537 3522 posuit.
1584 3454 1842 3522 Superius
1884 3455 2025 3507 enim

446 3543 532 3596 ubi
561 3542 773 3597 dicebat
806 3560 817 3595 :
852 3543 953 3595 Alii
982 3542 1182 3612 quidem
1209 3559 1301 3612 per
1323 3542 1575 3613 Spiritum
1598 3545 1745 3597 datus
1773 3553 1845 3598 est
1865 3560 2027 3598 sermo

443 3634 726 3701 sapit-utile,
762 3644 809 3686 et
836 3635 926 3688 alii
951 3650 1114 3688 sermo
1140 3636 1405 3698 scientiw;
1451 3650 1555 3689 non
1595 3635 1784 3690 ordine
1824 3652 2025 3705 ponens

444 3724 672 3789 dicebat,
708 3726 799 3778 sed
833 3724 1334 3790 indiscriminatim;
1366 3725 1450 3780 hic
1484 3733 1661 3780 autem
1690 3735 1743 3781 et
1770 3728 2027 3795 pt‘mpttnit

443 3828 498 3871 et
539 3817 769 3887 subjicit.
819 3817 926 3872 Cur
978 3833 1107 3887 ergo
1145 3818 1480 3887 prophetiam
1531 3820 1843 3889 praeponit?
1891 3820 2023 3887 Quia

442 3910 602 3962 etiam
632 3910 683 3962 in
706 3908 883 3963 Veteri
904 3908 1243 3963 Testamento
1271 3909 1429 3964 talem
1460 3910 1702 3964 ordinem
1725 3911 1811 3963 illa
1838 3909 2021 3965 habet.

444 4001 579 4054 Cum
608 4002 747 4054 enim
770 4001 931 4056 lsaias
957 3999 1171 4054 Judzcos
1202 4000 1584 4069 alloqueretur,
1613 4009 1670 4054 et
1694 4000 1902 4054 virtutis
1931 4000 2025 4055 Dei

445 4091 955 4145 demonstrationem
990 4090 1272 4160 prmberet,
1302 4090 1520 4144 vilitatis
1542 4089 1847 4144 dwmouum
1877 4106 2026 4159 argu-

448 4191 688 4236 mentum
721 4183 769 4235 in
797 4184 1028 4237 medium
1057 4182 1280 4237 adduxit
1310 4198 1324 4237 :
1349 4191 1405 4237 et
1432 4184 1532 4237 hoc
1562 4180 1860 4236 divinitatis
1906 4185 2023 4250 ejus

442 4275 581 4329 dixit
608 4290 724 4330 esse
756 4276 1005 4331 indicium
1033 4279 1349 4343 maximum,
1395 4275 1537 4347 quod
1566 4275 1738 4329 futura
1768 4275 2023 4345 prtcdice-

443 4383 543 4425 ret.
587 4370 829 4425 Christus
873 4386 1001 4424 vero
1040 4370 1129 4439 qui
1181 4378 1256 4423 tot
1298 4369 1553 4423 miracula
1601 4376 1854 4438 patrarat,
1906 4385 2013 4422 non

440 4479 658 4532 pnvnm
703 4462 806 4517 hoc
835 4461 964 4517 dicit
1006 4477 1128 4517 esse
1173 4462 1467 4516 divinitatis
1506 4475 1618 4516 suae
1665 4461 1913 4531 signum;
1968 4470 2022 4515 et

439 4562 745 4628 frequenter
772 4558 851 4612 sic
876 4571 1177 4611 sermonem
1205 4553 1478 4609 concludit
1507 4571 1521 4607 :
1555 4552 1679 4608 Hazc
1704 4562 1872 4607 autem
1910 4554 2019 4607 dixi

437 4653 605 4714 vobis,
659 4660 711 4702 ut
762 4666 875 4702 cum
920 4648 1059 4719 facta
1099 4649 1318 4720 fuerint,
1371 4647 1589 4703 credatis
1625 4649 1745 4718 quia
1777 4664 1868 4717 ego
1905 4664 2019 4702 sum

437 4742 626 4814 (Joan.
664 4744 756 4804 13,
794 4742 913 4811 i9).
975 4742 1080 4797 Sed
1129 4740 1424 4810 prophetiae
1461 4739 1583 4807 jure
1624 4749 2017 4809 postponuntur

432 4838 620 4903 gratiae
659 4833 995 4887 curationum
1031 4850 1044 4885 :
1083 4848 1180 4886 cur
1207 4847 1334 4885 vero
1364 4831 1525 4885 etiam
1553 4830 1811 4884 doctrina:
1831 4829 1854 4882 ’ἶ
1883 4828 2015 4897 Quia

434 4940 537 4979 non
562 4938 670 4994 par
697 4939 785 4978 res
814 4934 918 4990 est,
950 4926 1172 4977 verbum
1203 4921 1598 4992 prazdicationis
1621 4919 1939 4974 annuntiare
1964 4929 2018 4975 et

435 5018 572 5088 piam
606 5016 920 5087 religionem
962 5016 1229 5071 seminare
1256 5016 1308 5069 in
1334 5015 1638 5069 auditorum
1678 5014 1890 5078 animis,
1931 5024 2014 5067 at-

436 5127 533 5176 que
585 5112 810 5165 virtutes
853 5109 1064 5175 facere;
1120 5110 1369 5179 quoniam
1428 5110 1557 5178 ipsa:
1611 5115 1831 5178 propter
1881 5106 2012 5161 illud

433 5205 579 5258 fiunt.
1808 5214 1813 5219 ‘

496 5296 550 5350 2.
583 5296 718 5352 Cum
742 5312 868 5368 ergo
893 5296 1015 5365 quis
1043 5305 1100 5351 et
1124 5295 1286 5349 verbo
1315 5302 1370 5348 et
1395 5294 1516 5347 vitm
1541 5292 1787 5362 exemplo
1811 5291 2010 5350 erudit,

428 5390 598 5458 major
642 5398 725 5443 est
768 5386 1038 5442 onmibus.
1089 5386 1213 5441 illos
1249 5386 1391 5440 enim
1430 5385 1559 5438 dicit
1593 5383 1873 5449 doctores,
1922 5382 2012 5452 qui

424 5483 586 5536 etiam
617 5480 869 5550 operibus
907 5479 1102 5534 docent
1125 5488 1180 5533 et
1212 5478 1376 5534 verbo
1401 5476 1672 5533 erudiunt.
1712 5476 1824 5530 lloc
1853 5475 2012 5545 igitur

344 5578 353 5581 ’
424 5576 585 5627 etiam
630 5572 904 5642 apostolos
944 5586 1064 5627 esse
1090 5569 1216 5625 fecit
1250 5569 1543 5639 apostolos.
1578 5567 1644 5622 Et
1675 5568 1764 5621 illa
1793 5565 2008 5637 quidem

423 5668 513 5722 alii
541 5665 785 5721 nonnulli
808 5680 913 5720 non
941 5663 1118 5734 magni
1150 5662 1304 5733 pretii
1334 5661 1485 5716 initio
1516 5660 1837 5724 habuerunt,
1889 5668 1947 5712 ut
1973 5659 2007 5712 ii

424 5762 513 5829 qui
542 5760 815 5828 dicebant,
849 5757 1086 5827 Domine,
1109 5770 1276 5812 nonne
1304 5755 1359 5811 in
1386 5753 1588 5809 nomine
1617 5761 1701 5808 tuo
1724 5751 2001 5823 propheta-

1500 317 1567 375 ΙΝ
1605 318 1823 376 EPIST.
1866 320 1883 372 Ι
1948 319 2039 375 AD
2075 318 2232 376 (ΞΟΠ.
2278 319 2504 375 ιιοιιιιι.
2553 320 2769 379 XXX”.

3609 335 3712 387 26ὶὸ

2143 431 2323 497 vimus,
2367 444 2415 487 et
2459 437 2662 490 virtutes
2707 438 2894 492 multas
2933 442 3185 505 ferimus?
3228 456 3275 497 εει
3311 455 3490 512 postea
3532 449 3713 500 audit-.-

2137 532 2275 587 rttnt,
2306 521 2598 596 Numquam
2621 530 2734 581 novi
2753 545 2875 592 vos;
2903 530 3143 586 discedite
3168 551 3196 585 a
3223 536 3410 605 migqui
3434 542 3715 603 operamini

2137 613 2452 683 iniquitatem
2496 617 2705 686 (Ill/.ttlt.
2737 622 2787 689 7,
2815 621 3024 687 222,95)
3059 642 3072 677 :
3101 624 3358 679 doctrina:
3389 637 3565 683 autem
3598 644 3713 683 vcr-

2139 704 2264 757 lmm
2302 705 2496 775 duplex
2548 709 2673 761 illud
2699 753 2710 771 ,
2739 711 2879 779 quod
2916 728 3007 781 per
3036 729 3196 782 opera
3226 724 3281 768 et
3308 730 3403 785 per
3431 718 3588 772 verba
3619 735 3714 772 ex—

2139 794 2366 857 hibetur,
2397 800 2566 852 malus
2597 800 2755 853 lr~mo
2798 818 3081 872 numquam
3110 807 3423 874 susceperit.
3474 808 3626 875 Quod
3672 810 3716 864 si

2139 888 2429 955 prophetas
2462 903 2751 960 przrponat,
2787 909 2854 947 ne
2881 894 3092 949 mireris
3122 911 3134 947 :
3166 912 3269 949 non
3294 900 3438 952 enim
3461 899 3714 967 simplici-

2141 990 2221 1033 ter
2261 982 2543 1050 prophetas
2570 983 2716 1045 dicit,
2747 986 2839 1039 sed
2880 1002 2975 1041 eos
3016 988 3103 1056 qui
3160 1006 3251 1056 per
3300 991 3630 1059 prophetiam
3661 1004 3711 1047 et.

2139 1070 2439 1127 docuerunt
2480 1084 2532 1127 ct
2575 1076 2623 1128 in
2667 1092 3004 1131 eomn‘tunem
3032 1079 3312 1134 utilitatem
3354 1084 3528 1136 omnia
3562 1084 3713 1138 dixe—

2139 1172 2265 1216 runt
2298 1179 2310 1215 :
2343 1166 2485 1234 quod
2535 1167 2583 1218 in
2632 1170 2977 1235 sequentibus
3030 1172 3361 1227 manifestius
3410 1176 3563 1229 nobis
3616 1177 3711 1231 de-

2137 1258 2303 1311 clarat
2336 1275 2350 1310 :
2379 1257 2767 1324 ()pitulutiones,
2800 1263 3210 1330 gubernationes.
3236 1265 3371 1332 Quid
3398 1276 3500 1331 est,
3537 1268 3717 1338 Upim-

2139 1348 2390 1401 lationes?
2420 1349 2485 1403 Ut
2516 1349 2710 1403 inﬁrmi
2744 1364 3107 1422 protegantur.
3162 1355 3393 1411 lloccine
3427 1373 3609 1426 quaeso
3636 1370 3716 1414 est

2137 1439 2446 1493 charisma?
2486 1445 2623 1496 Sane
2658 1444 2871 1511 quidem
2900 1445 3001 1497 hoc
3023 1461 3086 1499 ex
3121 1446 3211 1501 Dei
3243 1447 3384 1500 dono
3416 1458 3500 1502 est
3531 1460 3716 1518 prote-

2136 1546 2283 1600 gere,
2325 1541 2379 1584 et
2424 1548 2508 1584 res
2555 1533 2864 1601 dispensare
2907 1535 3215 1605 spirituales
3251 1555 3264 1595 :
3294 1539 3533 1609 alioquin
3557 1542 3717 1595 etiam

2138 1621 2300 1675 multa
2328 1639 2354 1673 a
2379 1621 2533 1675 nobis
2566 1625 2820 1692 praeclare
2850 1637 2997 1696 gesta
3025 1626 3348 1683 charismata
3383 1640 3571 1694 vocat,
3615 1647 3710 1684 ιιοσ

2138 1714 2253 1767 lens
2282 1723 2335 1765 ut
2363 1713 2739 1781 concidamus,
2768 1715 2862 1769 sed
2887 1718 3181 1773 ostendens
3211 1734 3307 1772 nos
3331 1735 3548 1789 semper
3566 1724 3717 1775 auxi-

2139 1806 2207 1856 lio
2236 1804 2324 1857 Dei
2356 1803 2594 1873 indigere
2614 1843 2629 1869 ,
2680 1814 2733 1859 et
2762 1820 2861 1860 nos
2885 1807 3168 1863 instituens
3200 1819 3253 1862 ut
3278 1811 3415 1878 grati
3437 1811 3600 1866 animi
3629 1815 3719 1867 si—

2138 1912 2273 1958 mus,
2322 1897 2503 1964 sicque
2535 1896 2821 1951 alacriores
2864 1898 3124 1959 reddens,
3176 1900 3498 1969 illorumque
3528 1918 3719 1958 sensus

2138 1987 2405 2039 excitans.
2433 1984 2629 2039 Genera
2660 1988 2971 2058 linguarum.
2999 1987 3243 2043 Vidistin‘
3270 1991 3355 2044 ubi
3391 1991 3489 2046 hoc
3518 1993 3717 2048 donum

2138 2078 2395 2146 posuerit,
2424 2086 2477 2129 et
2501 2078 2769 2147 quomodo
2804 2079 2997 2149 ubique
3021 2080 3262 2134 nltitnnm
3292 2082 3364 2136 illi
3404 2083 3602 2138 tribuat
3625 2103 3715 2139 or-

2136 2168 2351 2222 dinem?
2382 2169 2601 2233 Deinde,
2632 2172 2751 2239 quia
2782 2186 2845 2224 ex
2884 2172 2984 2225 hoc
3010 2173 3254 2240 catalogo
3284 2176 3502 2228 tnultam
3531 2164 3715 2230 osten-

2137 2245 2215 2313 dit
2257 2258 2639 2322 differentiam,
2683 2270 2737 2313 et
2780 2260 2928 2315 illum
2961 2262 3212 2317 excitarit
3246 2264 3489 2319 morbum
3529 2281 3717 2320 eorum

2138 2350 2224 2416 qui
2253 2351 2455 2403 minora
2487 2349 2748 2405 habebant
2772 2350 3128 2415 charismata;
3158 2353 3372 2408 demum
3403 2370 3525 2410 Cum
3550 2360 3709 2412 vehe-

2138 2442 2334 2494 mentia
2380 2456 2569 2511 magna
2601 2442 2721 2496 illos
2763 2443 3086 2511 aggreditur.
3118 2443 3244 2498 dum
3279 2445 3343 2498 iis
3372 2448 3540 2502 multa
3574 2464 3712 2517 pra:-

2138 2531 2228 2585 bct
2252 2542 2578 2601 argumenta,
2606 2534 2748 2603 quod
2781 2549 2884 2590 non
2915 2535 2965 2588 i;t
2990 2535 3158 2589 multo
3184 2537 3445 2592 minorem
3470 2539 3711 2595 ordinem

2136 2622 2335 2676 redacti
2362 2624 2487 2676 sint.
2539 2624 2671 2689 Quia
2701 2625 2843 2679 enim
2872 2626 3168 2681 verisimile
3190 2637 3307 2683 erat
3340 2629 3461 2684 illos
3490 2631 3603 2685 hinc
3625 2649 3719 2685 au-

2136 2713 2346 2767 dientes
2373 2714 2554 2769 dicere
2585 2733 2597 2768 :
2626 2717 2692 2769 Et
2723 2731 2819 2770 cur
2847 2734 2952 2771 non
2981 2732 3169 2773 omnes
3198 2721 3428 2787 apostoli
3474 2721 3599 2777 facti
3639 2740 3720 2778 su-

2139 2804 2291 2856 mus?
2332 2805 2578 2872 superius
2619 2805 2834 2874 quidem
2880 2808 3047 2878 magis
3085 2808 3443 2864 consolatorie
3478 2813 3721 2869 oratione

2137 2909 2263 2947 usus
2283 2904 2382 2959 est,
2408 2895 2587 2950 multis
2608 2896 2896 2952 ostendens
2920 2900 2998 2953 sic
3019 2902 3326 2956 necessario
3349 2900 3547 2963 factum
3568 2920 3713 2972 esse,

2134 2986 2293 3039 etiam
2324 2986 2390 3038 ab
2414 2987 2642 3055 imagine
2671 2991 2912 3056 corporis
2947 3007 2959 3044 :
2992 2989 3188 3062 Corpus
3208 2991 3373 3058 enim,
3405 2992 3594 3065 inquit,
3619 3014 3718 3050 non

2133 3086 2203 3129 est
2232 3093 2387 3129 unum
2413 3078 2692 3131 membrum
2723 3094 2741 3132 :
2770 3090 2822 3133 et
2861 3095 3096 3146 rursum,
3130 3082 3193 3139 Si
3226 3095 3394 3140 autent
3421 3097 3581 3140 essent
3607 3104 3721 3140 oru-

2132 3169 2218 3222 nia
2248 3186 2403 3224 unum
2428 3169 2720 3238 membrum,
2744 3174 2826 3227 ubi
2854 3189 3035 3243 corpus
3056 3175 3082 3228 ?
3109 3185 3163 3229 et
3192 3175 3332 3245 quod
3367 3178 3568 3233 utiliter
3595 3180 3713 3237 data

2134 3262 2281 3315 sint:
2317 3261 2600 3333 Unicuique
2648 3265 2813 3328 enim,
2859 3265 3050 3333 inquit,
3098 3268 3441 3337 manifestatio
3493 3270 3726 3340 Spiritu

2132 3353 2284 3405 datur
2319 3355 2385 3406 ad
2413 3354 2716 3420 utilitatem;
2751 3365 2805 3409 et
2837 3374 2899 3408 ex
2926 3371 2992 3410 eo
3019 3358 3160 3426 quod
3189 3373 3379 3413 omnes
3419 3377 3485 3415 ex
3529 3363 3644 3416 cotb
3669 3379 3718 3416 ιιι

2134 3444 2335 3511 Spiritu
2383 3444 2624 3509 audiant,
2679 3454 2733 3499 et
2777 3429 2916 3514 quod
2962 3447 3226 3504 charisma
3257 3449 3458 3506 donum
3487 3453 3589 3515 sit,
3623 3458 3715 3506 sed

2138 3552 2241 3589 tton
2300 3534 2536 3589 debitum
2569 3554 2580 3584 τ
2612 3535 2896 3591 Divisiones
2948 3540 3124 3603 enim,
3177 3540 3380 3609 inquit,
3430 3545 3717 3613 gratiarum

2129 3636 2266 3690 sunt,
2309 3628 2443 3678 idem
2471 3643 2583 3680 vero
2612 3626 2839 3696 Spiritus
2862 3643 2881 3691 ;
2911 3640 2962 3682 et
2989 3631 3130 3699 quod
3156 3633 3516 3689 manifestatio
3546 3636 3715 3705 Spiri-

2132 3725 2215 3769 tus
2254 3731 2350 3783 per
2388 3718 2565 3770 omnia
2609 3721 2740 3771 tiat:
2775 3717 3056 3789 Unicuique
3081 3723 3249 3789 enim,
3282 3725 3472 3795 inquit,
3500 3730 3715 3799 manife-

2128 3809 2276 3861 statio
2300 3807 2452 3860 datur
2478 3826 2565 3875 per
2589 3808 2875 3878 Spiritum;
2914 3822 2968 3864 et
3000 3826 3065 3866 ex
3095 3829 3159 3865 eo
3189 3815 3331 3884 quod
3367 3828 3526 3886 prout
3561 3819 3714 3873 vide-

2132 3910 2215 3953 tur
2243 3899 2461 3968 Spiritui
2506 3910 2560 3955 et
2612 3902 2720 3955 Deo
2764 3903 2880 3957 haec
2926 3902 3150 3973 ﬁgurata
3203 3908 3354 3961 sint:
3394 3909 3518 3964 lltcc
3569 3914 3712 3966 cuitu

2128 3996 2318 4059 omnia,
2378 3995 2568 4061 inquit,
2607 4005 2847 4062 operatur
2884 4012 3014 4049 unus
3043 4007 3089 4049 ct
3120 3999 3253 4051 idem
3281 3999 3537 4067 Spiritus,
3591 3980 3714 4058 divi;

2128 4089 2250 4141 deus
2300 4089 2511 4158 singulis
2559 4099 2705 4157 prout
2757 4088 2906 4153 vult;
2937 4097 3019 4154 et,
3074 4088 3257 4143 Posuit
3305 4090 3443 4147 Deus
3490 4096 3712 4150 membra

2128 4181 2516 4250 unumquodque
2559 4197 2730 4234 eorum
2770 4181 2824 4235 in
2853 4198 3068 4250 corpore
3092 4184 3220 4235 sicut
3248 4184 3439 4238 voluit:
3476 4195 3530 4240 et
3568 4189 3707 4255 qttod

2129 4272 2428 4327 necessaria
2477 4272 2583 4325 sint
2630 4273 2789 4327 etiam
2831 4273 3037 4328 minora
3073 4293 3087 4328 :
3119 4273 3245 4339 Qua:
3282 4276 3424 4329 enim
3450 4278 3699 4346 videntur

2129 4365 2319 4433 inquit,
2350 4365 2632 4432 inﬁrmiora
2658 4381 2783 4430 esse,
2814 4366 3097 4420 necessaria
3116 4378 3231 4420 sunt
3254 4384 3358 4431 ;ex
3382 4383 3447 4422 eo
3469 4370 3607 4438 qunti
3632 4373 3700 4425 si-

2127 4457 2323 4511 militer
2364 4457 2664 4511 necessaria
2709 4457 2858 4521 sint,
2908 4458 2963 4512 in
3000 4472 3067 4513 eo
3091 4458 3230 4527 quod
3263 4474 3456 4528 corpus
3490 4463 3706 4532 perinde

2125 4557 2436 4605 construant
2458 4560 2616 4619 atque
2640 4562 2706 4603 ea
2726 4563 2846 4619 quae
2875 4548 3076 4619 majora
3105 4560 3231 4605 svnt
3259 4568 3273 4604 :
3307 4549 3503 4622 Corpus
3535 4555 3667 4611 enim
3687 4598 3701 4612 ,

2123 4640 2315 4709 inquit,
2343 4657 2444 4694 non
2468 4649 2540 4693 est
2562 4656 2718 4693 unum
2744 4640 3038 4707 membrum,
3063 4643 3151 4695 sed
3171 4642 3365 4709 multa;
3388 4654 3540 4700 om»
3560 4650 3702 4715 quod

2124 4736 2324 4801 majora
2354 4734 2649 4788 minoribus
2678 4749 2812 4801 opus
2842 4734 3074 4788 habeant
3119 4753 3131 4784 :
3172 4733 3284 4790 Non
3318 4747 3479 4804 potest
3519 4740 3661 4793 enitn
3682 4782 3695 4803 ,

2124 4829 2328 4898 inquit,
2369 4839 2521 4897 caput
2548 4828 2713 4880 dicere
2746 4826 2973 4893 pedibus,
3028 4825 3203 4879 Vestra
3240 4844 3392 4896 opera
3422 4846 3522 4884 non
3548 4849 3704 4903 egeo;

2120 4933 2185 4972 ex
2223 4933 2288 4972 ρο
2330 4917 2468 4987 quod
2498 4916 2682 4984 majori
2714 4917 2827 4969 tunc
2866 4914 3109 4970 fruantur
3155 4915 3491 4975 honorein
3535 4932 3703 4975 autem

2123 5009 2205 5062 cui
2234 5010 2368 5061 deest
2390 5048 2402 5070 ,
2438 5007 2639 5075 inquit,
2682 5006 3098 5060 abundantiorem
3137 5006 3274 5063 dedit
3302 5009 3589 5076 honorent;
3633 5029 3697 5067 cx

2121 5113 2187 5152 eo
2218 5097 2361 5166 quod
2395 5111 2732 5150 communem
2776 5105 2831 5149 et
2870 5111 3051 5166 parem
3084 5113 3268 5153 curam
3301 5098 3532 5157 habeant
3579 5120 3589 5153 :
3635 5101 3702 5159 In

2118 5191 2173 5243 id
2190 5206 2339 5253 psunt
2395 5189 2538 5243 enim
2587 5197 2703 5242 sunt
2742 5189 2870 5243 inter
2910 5206 2964 5244 se
3004 5191 3216 5246 invicem
3262 5193 3486 5248 sollicita
3530 5194 3701 5251 omnia

2118 5283 2381 5338 nteoibra:
2425 5292 2476 5337 et
2507 5297 2571 5337 ex
2606 5298 2673 5339 eo
2706 5283 2844 5355 quod
2874 5285 2942 5338 sit
2970 5299 3071 5338 una
3100 5286 3267 5355 gloria
3295 5296 3351 5341 et
3378 5300 3515 5340 unus
3544 5286 3701 5341 dolor

2120 5376 2355 5445 ipsorum
2388 5377 2626 5429 omnium
2653 5398 2669 5429 ~.
2700 5375 2818 5430 Sive
2851 5378 3062 5441 patitur,
3102 5376 3305 5445 inquit,
3342 5393 3499 5430 unum
3537 5392 3697 5431 metu-

2115 5467 2281 5532 brum,
2329 5469 2708 5538 compatiuntur
2732 5468 2904 5520 omnia
2933 5466 3198 5531 membra;
3242 5468 3345 5521 sive
3384 5469 3700 5537 gloriﬁcatur

2115 5578 2272 5615 unum
2302 5564 2596 5625 mandaram,
2624 5560 2941 5630 congaudent
2969 5559 3144 5613 omnia
3166 5559 3407 5614 membra.
3435 5561 3699 5632 Superius

2114 5655 2272 5727 igitur
2302 5670 2391 5723 per
2420 5654 2533 5707 lucc
2572 5653 2883 5708 consolatus
2908 5661 2989 5707 est
3017 5667 3033 5715 ;
3067 5651 3157 5706 hic
3184 5663 3366 5709 autem
3395 5654 3695 5710 vehemen.

2116 5759 2194 5805 ter
2223 5756 2277 5802 et
2306 5746 2630 5815 increpantis
2675 5758 2823 5801 more
2864 5743 3028 5801 verbo
3055 5743 3243 5802 utitur.
3282 5744 3437 5811 Nam,
3467 5756 3522 5802 ut
3553 5746 3685 5811 doti.
