4094 6222
403 325 509 383 Μ

405 458 581 514 neque
610 455 822 510 semper
850 438 1116 495 consolari
1140 478 1155 503 ,
1185 451 1358 504 neque
1387 449 1600 503 semper
1623 447 1684 487 os
1708 432 1986 488 obstruere

407 543 641 605 oportet.
683 532 809 588 Ideo
857 541 909 586 ct
956 531 1090 599 ipse,
1139 528 1261 597 quia
1293 526 1473 580 multis
1520 525 1640 579 illos
1681 523 1988 578 consolatus

413 634 564 692 erat,
595 625 946 679 vehementer
974 620 1230 688 deinceps
1260 618 1380 672 illos
1416 617 1725 678 insectatur,
1761 615 1983 668 dicens:

407 719 499 773 29.
536 716 804 786 Numquid
828 730 1000 768 omnes
1027 711 1282 781 apostoli?
1312 709 1556 779 numquid
1584 724 1757 762 omnes
1781 705 1989 775 prophe-

409 811 512 865 σαεξ)
557 805 799 874 numquid
827 821 997 858 omnes
1024 804 1240 874 gratiam
1270 801 1452 855 habent
1483 798 1843 853 curationum?
1886 795 1990 850 Nc-

406 916 512 970 que
551 897 797 953 consistit
830 896 882 950 in
914 896 1086 965 primo
1114 895 1196 948 vel
1229 892 1465 948 secundo
1493 891 1848 954 charismate,
1894 885 1990 942 sed

408 989 581 1060 pergit
609 1004 776 1058 usque
801 989 864 1043 ad
898 997 1199 1057 postrema;
1229 994 1321 1039 aut
1353 984 1454 1039 hoc
1480 983 1662 1038 dicens
1683 1023 1698 1044 ,
1723 981 1838 1036 Non
1871 995 1990 1050 pos-

406 1091 532 1134 sunt
575 1095 763 1134 omnes
790 1093 911 1133 esse
945 1078 1162 1142 omnia;
1189 1073 1638 1146 quemadmodum
1670 1075 1778 1127 illic
1815 1071 1943 1126 dicit
1974 1090 1989 1126 :

407 1174 470 1228 Si
493 1172 666 1225 emnia
691 1179 851 1224 essent
878 1186 1034 1222 unum
1059 1168 1356 1231 membrum,
1382 1166 1466 1218 ubi
1487 1165 1714 1233 corpus?
1741 1162 1823 1216 vel
1849 1159 1991 1214 aliud

405 1264 678 1335 quidpiam
703 1263 826 1316 hinc
850 1271 1030 1330 postea
1059 1275 1325 1331 apparans
1364 1258 1427 1311 ad
1455 1256 1840 1312 consolationis
1870 1269 1992 1308 vcr-

409 1361 555 1415 bum.
594 1355 946 1424 Qnaleillnd?
980 1354 1130 1417 Quod
1169 1351 1414 1408 ostendat
1441 1351 1508 1406 de
1535 1350 1832 1404 minoribus
1861 1363 1989 1417 per-

411 1451 534 1506 inde
579 1461 738 1519 atque
768 1447 835 1502 de
863 1447 1154 1515 majoribus
1208 1442 1493 1507 contendi,
1540 1456 1607 1496 eo
1638 1440 1780 1511 quod
1823 1455 1996 1510 neque

410 1544 526 1598 truc
553 1540 808 1596 ornuibas
836 1537 958 1592 data
986 1537 1198 1592 fuerint.
1232 1535 1368 1603 Quid
1397 1535 1564 1600 enim,
1595 1531 1782 1603 inquit,
1818 1530 1993 1596 doles,

409 1636 550 1705 quod
580 1651 683 1689 non
715 1633 911 1687 habeas
937 1631 1160 1701 gratiam
1183 1627 1558 1683 curationum?
1579 1627 1752 1697 cogita
1777 1625 1828 1680 id
1854 1624 1996 1695 quod

417 1741 472 1782 tn
527 1728 710 1790 habes,
758 1725 966 1780 etiamsi
1009 1725 1080 1778 sit
1107 1724 1302 1786 minus,
1336 1736 1478 1790 sarpe
1509 1737 1614 1774 non
1647 1720 1846 1774 habere
1873 1735 1995 1774 eum

411 1822 504 1887 qui
536 1821 710 1888 majus
749 1817 1019 1888 quidpiam
1067 1815 1247 1870 habet.
1299 1813 1422 1868 Ideo
1465 1813 1540 1867 ait
1570 1828 1584 1866 :
1615 1811 1704 1867 50.
1735 1809 1999 1881 Numquid

411 1928 586 1967 ontnes
612 1910 798 1980 linguis
830 1906 1142 1978 loquuntur?
1187 1903 1433 1975 numquid
1458 1920 1630 1958 omnes
1659 1903 1998 1974 interpretan-

417 2005 542 2058 tur?
564 1999 1026 2068 Quemadmodum
1058 1998 1199 2053 enim
1223 2011 1414 2068 magna
1444 2011 1549 2050 non
1573 1995 1823 2048 omnibus
1855 1992 2000 2048 dedit

424 2097 595 2159 Deus,
627 2092 718 2148 sed
748 2091 867 2146 aliis
893 2090 995 2146 hoc
1015 2131 1028 2154 ,
1057 2089 1176 2144 aliis
1205 2088 1330 2143 illud
1365 2107 1379 2144 :
1408 2088 1486 2142 sic
1520 2097 1574 2143 et
1612 2089 1664 2142 in
1705 2085 2000 2141 minoribus

420 2189 565 2253 fecit,
598 2201 716 2257 qua:
747 2198 847 2239 nec
873 2183 1122 2237 omnibus
1151 2180 1446 2252 proposuit.
1480 2179 1611 2234 Illud
1649 2188 1827 2234 autem
1854 2177 1998 2241 fecit,

418 2280 636 2334 multam
668 2276 791 2332 inde
817 2274 1159 2330 concordiam
1191 2282 1244 2327 et
1279 2272 1557 2326 caritatem
1589 2269 1892 2334 mdiﬁcans,
1943 2278 2002 2323 ut

419 2372 786 2443 unusquisque
815 2369 1060 2439 proximo
1086 2379 1222 2436 opus
1253 2364 1477 2426 habens,
1523 2379 1642 2416 cum
1675 2361 1837 2416 h'atre
1873 2375 2000 2415 con-

418 2474 688 2538 gregetur.
719 2462 834 2518 Hoc
871 2461 924 2515 in
951 2460 1159 2515 artibus
1189 2472 1404 2528 quoque
1432 2455 1780 2525 dispensavit,
1827 2452 2001 2507 hocin

422 2555 722 2620 elementis,
754 2552 858 2608 hoc
885 2551 938 2606 in
964 2549 1160 2621 plantis
1189 2557 1244 2604 et
1273 2550 1326 2602 in
1353 2546 1610 2602 membris
1635 2545 1834 2601 nostris
1857 2551 1910 2600 et
1951 2544 2004 2598 in

422 2648 692 2704 omnibus.

495 2740 547 2792 5.
591 2735 795 2791 Deinde
815 2732 1320 2804 opportunissimam
1344 2730 1528 2801 adjicit
1545 2728 1968 2785 consolationem
1990 2769 2004 2792 ,

424 2845 544 2900 qua:
556 2827 723 2899 possit
737 2841 980 2882 recreare
1001 2839 1064 2880 ac
1084 2823 1273 2880 sedare
1290 2821 1560 2877 dolentem
1582 2821 1833 2874 animam.
1847 2819 2008 2887 Qua:-

427 2938 549 2978 nam
567 2921 655 2976 illa
681 2919 802 2975 est?
830 2919 920 2974 51.
955 2916 1319 2982 ίΕηιυΙαηιὶηἱ,
1343 2914 1536 2984 inquit,
1564 2912 1871 2966 charismata
1907 2927 2012 2964 me-

427 3016 576 3070 liora.
601 3011 665 3066 Et
681 3011 849 3064 adhuc
861 3007 1260 3064 excellentiorem
1276 3006 1412 3060 vobis
1425 3005 1558 3059 uiam
1575 3003 1881 3057 demonstro.
1901 3001 2013 3057 Hoc

426 3117 603 3163 autem
635 3105 820 3160 dicens
857 3101 1213 3158 subindicavit
1241 3099 1360 3152 illos
1402 3098 1452 3152 in
1492 3110 1650 3152 causa
1682 3094 1846 3150 fuisse
1869 3092 2013 3164 quod

428 3202 633 3257 minora
657 3197 983 3268 acceperint,
1023 3205 1077 3248 et
1104 3207 1267 3262 penes
1295 3190 1415 3244 illos
1439 3203 1579 3252 esse,
1610 3188 1654 3242 si
1687 3186 1872 3252 velint,
1904 3201 2014 3239 ma-

424 3295 542 3364 jora
583 3291 847 3358 aecipcre.
881 3286 1012 3343 Cum
1042 3285 1184 3341 enim
1216 3283 1366 3347 dicit,
1397 3279 1764 3345 /Emulamini,
1813 3280 1880 3333 ab
1911 3279 2016 3334 illis

429 3383 663 3438 studium
711 3380 880 3448 exigit
922 3388 977 3432 et
1005 3375 1332 3440 desiderium
1373 3375 1516 3426 circa
1561 3385 1647 3426 res
1689 3369 2010 3440 spirituales.

431 3474 613 3545 Neque
639 3472 792 3538 dixit,
834 3471 1052 3540 Majora,
1099 3467 1216 3531 scd,
1251 3464 1506 3527 Meliora;
1536 3464 1587 3518 id
1629 3472 1732 3529 est,
1779 3463 2012 3528 utiliora,

431 3582 552 3636 qua:
578 3561 877 3619 conferant.
913 3560 1024 3614 Hoc
1071 3568 1248 3613 autem
1278 3555 1396 3610 vult
1433 3553 1736 3623 significare
1765 3571 1778 3607 :
1812 3553 2018 3608 Manete

432 3659 752 3716 charismata
781 3652 1168 3717 desiderantes,
1201 3658 1257 3705 et
1289 3647 1514 3703 ostendo
1542 3646 1698 3702 vobis
1723 3645 2019 3701 charisma-

435 3763 547 3806 tum
576 3750 736 3803 viam.
768 3745 883 3800 Non
913 3744 1055 3800 enim
1085 3742 1240 3809 dixit,
1279 3740 1579 3806 Charisma,
1607 3740 1724 3806 sed,
1764 3737 1930 3806 Viam,
1965 3748 2022 3793 nt

435 3845 605 3917 magis
654 3841 880 3898 extollat
922 3839 974 3894 id
1019 3837 1160 3909 quod
1214 3845 1298 3893 est
1337 3836 1597 3892 dicturus.
1640 3834 1822 3905 Neque
1875 3833 2018 3889 enim

438 3954 600 3994 unum
631 3937 714 3992 vel
740 3935 846 3990 duo
875 3934 958 3987 vel
987 3933 1083 3986 tria
1114 3931 1434 3987 charismata
1462 3927 1691 3984 ostendo
1720 3929 1894 3994 vobis,
1926 3926 2019 3982 sed

437 4031 577 4086 viam
633 4043 793 4084 unam
846 4025 912 4081 ad
958 4024 1076 4079 ha‘c
1123 4023 1302 4078 omnia
1348 4020 1667 4087 ducentem;
1722 4036 1822 4076 nec
1862 4019 2022 4074 modo

437 4123 601 4189 viam,
631 4117 723 4174 sed
751 4118 909 4172 etiam
930 4131 1051 4170 eum
1075 4112 1391 4186 hyperbole,
1419 4122 1473 4168 et
1499 4111 1746 4168 omnibus
1771 4127 1871 4166 una
1897 4127 2021 4182 pro-

437 4212 686 4284 positam.
717 4207 831 4264 Non
863 4207 998 4262 sicut
1029 4204 1350 4260 charismata
1376 4201 1458 4256 his
1477 4201 1613 4269 haec,
1643 4202 1764 4257 aliis
1793 4201 1904 4268 illa,
1928 4202 2022 4256 sed

439 4320 547 4359 non
577 4301 755 4357 omnia
785 4298 1034 4354 omnibus
1054 4296 1282 4359 dantur;
1324 4295 1394 4348 ita
1422 4301 1475 4349 et
1506 4292 1638 4359 hoc;
1671 4292 1765 4348 sed
1803 4293 2021 4348 univer-

445 4397 560 4454 sale
587 4395 788 4450 donnm
819 4401 920 4449 est.
957 4391 1186 4458 Ideoque
1228 4402 1414 4444 omnes
1444 4386 1509 4442 ad
1540 4387 1642 4441 hoc
1671 4395 1826 4441 vocat
1856 4404 1869 4440 :
1903 4401 2023 4440 nam

437 4490 534 4552 ait,
566 4484 912 4543 zEmulamini
943 4482 1247 4537 charismata
1277 4479 1489 4533 meliora
1519 4495 1539 4532 :
1563 4487 1610 4531 et
1636 4478 1805 4532 adhuc
1843 4479 2025 4532 excel-

441 4581 701 4636 lentiorem
726 4579 858 4632 viam
886 4574 1022 4630 vobis
1043 4575 1329 4626 demonstro
1350 4586 1372 4636 ;
1395 4570 1669 4625 caritatem
1699 4570 1883 4626 dicens
1899 4585 2022 4641 erga

440 4671 763 4744 proximum.
793 4666 1000 4724 Deinde
1029 4678 1330 4720 sermonem
1357 4662 1425 4717 dc
1466 4662 1553 4716 illa
1595 4677 1945 4733 aggressurus
1973 4671 2028 4716 et

440 4766 745 4822 encomium
789 4761 948 4832 hujus
980 4758 1234 4827 praeclare
1287 4754 1432 4820 l'acti,
1465 4755 1695 4824 primum
1727 4756 1858 4809 facta
1903 4770 2022 4810 cum

442 4857 534 4911 illa
565 4853 1119 4926 comparationeJtmc
1135 4849 1202 4904 de
1246 4847 1426 4902 medio
1463 4845 1620 4910 tollit,
1648 4846 1936 4900 ostendens
1963 4863 2024 4901 ea

446 4947 579 5002 nihil
614 4963 735 5001 esse
763 4948 879 5000 sine
907 4944 1018 5011 illa,
1051 4941 1446 5011 admodumque
1483 4937 1790 5008 prudenter.
1821 4937 1952 4992 Nam
1982 4940 2027 4993 si

446 5039 628 5095 statim
663 5036 730 5090 de
766 5037 989 5089 caritate
1013 5035 1375 5098 disseruisset,
1406 5044 1461 5088 ct
1486 5042 1766 5103 postquam
1795 5030 2024 5096 dixerat,

456 5127 605 5182 Viam
634 5125 770 5180 vobis
798 5125 1108 5186 dentonstro,
1148 5124 1538 5191 subjunxisset,
1574 5122 1700 5177 Hac
1732 5131 1908 5176 autem
1947 5132 2029 5177 est

442 5223 658 5284 caritas,
707 5225 760 5272 et
799 5228 905 5270 non
934 5228 1028 5282 per
1071 5214 1530 5282 comparationem
1575 5213 1869 5270 orationem
1904 5229 2026 5284 pro-

443 5314 719 5374 duxisset;
742 5308 943 5364 dictum
965 5303 1180 5375 quidam
1210 5301 1654 5368 subsatmassent,
1682 5305 1760 5360 rei
1785 5307 1887 5359 vim
1919 5321 2023 5360 non

442 5410 592 5465 clare
627 5406 882 5467 scientes,
907 5399 1001 5456 sed
1031 5397 1205 5453 adhuc
1231 5395 1297 5450 ad
1327 5396 1442 5452 hcce
1472 5395 1752 5452 inhiantes.
1780 5400 2024 5470 Quapro-

445 5511 564 5573 pter
594 5515 697 5555 uon
723 5495 902 5553 statim
933 5492 1077 5548 illam
1121 5489 1354 5552 revelat;
1398 5486 1491 5543 sed
1518 5503 1638 5542 cmn
1669 5491 1844 5558 primo
1870 5491 2026 5544 andi-

450 5597 579 5647 toris
607 5596 845 5645 animum
873 5603 968 5657 per
994 5583 1404 5656 promissionem
1432 5581 1733 5651 extulisset,
1773 5599 1836 5639 ac
1862 5583 2029 5639 dixis-

449 5690 552 5747 set,
582 5678 996 5733 Excrllentiorem
1023 5676 1154 5729 viam
1182 5674 1318 5728 vobis
1338 5671 1649 5737 demonstro,
1673 5673 1798 5728 etin
1825 5673 2028 5731 deside-

448 5769 584 5828 rium
606 5769 933 5833 induxisset;
959 5782 1129 5836 ncque
1154 5765 1232 5822 sic
1253 5763 1432 5820 statim
1459 5762 1510 5817 in
1542 5763 1681 5819 illam
1701 5763 2020 5836 ingreditur,

1173 322 1228 376 S.
1269 319 1546 376 JOANNIS
1582 310 2057 372 CllliYSOSTOMi
2095 313 2412 371 ARCHIEP.
2453 315 2984 372 CONSTANTINOP.

3570 322 3679 378 268

2089 428 2183 484 sed
2207 445 2404 500 augens
2423 432 2601 487 adhuc
2616 432 2945 488 desiderium
2972 431 3122 498 illud,
3153 432 3222 488 de
3245 432 3328 490 his
3350 434 3480 504 ipsis
3503 437 3680 505 primo

2088 523 2324 588 disserit.
2355 533 2409 579 et
2431 526 2684 592 ostendit,
2716 526 2760 579 si
2805 525 2890 579 illa
2919 540 3023 580 non
3050 527 3139 592 sit,
3170 542 3232 582 ea
3261 527 3392 582 nihil
3421 544 3574 594 esse;
3623 533 3677 584 in

2093 615 2379 668 maximam
2414 615 2534 670 illos
2564 615 2941 671 necessitatem
2972 616 3226 672 inducens
3253 633 3311 674 se
3337 631 3524 673 mutuo
3552 619 3679 674 dili-

2089 706 2271 774 gendi,
2294 707 2544 776 quoniam
2567 723 2632 762 ex
2657 722 2724 762 eo
2740 708 2882 777 quod
2905 709 2995 762 illa
3021 709 3260 778 neglecta
3285 708 3494 776 fuisset,
3518 725 3681 766 causa

2092 797 2215 852 hinc
2260 799 2496 852 omnium
2544 800 2804 854 malorum
2848 808 2985 854 erat.
3022 799 3380 868 Quamobrem
3418 802 3503 856 vel
3553 801 3683 855 inde

2093 891 2286 943 merito
2329 905 2518 960 magna
2550 890 2640 944 illa
2684 901 2970 962 appareat;
3019 891 3064 946 si
3095 891 3312 962 quidem
3352 891 3685 950 charismata

2093 997 2202 1034 non
2229 983 2390 1038 ιιιοιΙο
2409 983 2526 1037 illos
2554 998 2658 1036 non
2689 984 3038 1038 conciliarunt
3067 993 3120 1039 et
3148 993 3562 1054 congregarunt,
3585 987 3681 1041 sed

2093 1073 2253 1126 etiam
2284 1074 2600 1144 conjunctos
2625 1085 2942 1144 separarum
2968 1091 2984 1130 :
3007 1075 3124 1131 hcce
3149 1091 3278 1131 vero
3304 1076 3446 1140 illos,
3471 1079 3562 1146 qui
3585 1093 3686 1147 per

2094 1165 2412 1221 charismata
2451 1167 2701 1238 disiuncti
2731 1167 2964 1234 fuerant,
3008 1185 3102 1238 per
3138 1169 3373 1237 seipsam
3418 1169 3680 1223 concilia-

2097 1266 2212 1312 tura
2239 1269 2292 1313 et
2313 1274 2474 1313 unum
2496 1273 2692 1330 corpus
2713 1259 2972 1314 eil’ectura
2994 1269 3094 1314 est.
3123 1259 3227 1314 Sed
3251 1273 3354 1313 non
3378 1261 3555 1314 statim
3582 1259 3684 1314 hoe

2095 1348 2244 1412 dicit,
2289 1366 2475 1404 verum
2523 1351 2665 1419 quod
2714 1351 2948 1406 maxime
2997 1351 3074 1404 illi
3119 1342 3520 1416 desiderabant,
3580 1349 3686 1406 hoc

2097 1441 2282 1509 ponit;
2316 1455 2508 1511 nempe
2534 1439 2674 1511 quod
2707 1456 2793 1496 res
2826 1442 2938 1512 ipsa
2968 1442 3234 1496 charisma
3265 1443 3352 1505 sit,
3381 1452 3434 1496 et
3469 1441 3535 1495 ad
3557 1441 3688 1496 cha-

2099 1531 2313 1585 rismata
2341 1532 2517 1586 omnia
2549 1531 2632 1586 via
2661 1531 2952 1588 excellens.
2975 1531 3313 1602 Quapropter
3336 1531 3546 1586 etiamsi
3577 1547 3684 1586 non

2098 1636 2164 1677 eo
2193 1621 2336 1692 quod
2376 1621 2596 1687 debeas,
2637 1622 2772 1678 velis
2801 1622 3018 1678 fratrem
3051 1623 3291 1692 diligere,
3341 1638 3408 1677 ex
3452 1637 3518 1676 eo
3543 1623 3688 1692 quod

2099 1714 2273 1782 majus
2300 1715 2534 1786 accipias
2582 1715 2793 1786 signum
2835 1725 2889 1770 et
2919 1716 3194 1785 copiosum
3229 1714 3518 1779 charisma,
3549 1715 3690 1769 cari-

2103 1813 2263 1858 tatem
2285 1805 2518 1873 suscipe.
2547 1804 2614 1859 Et
2636 1805 2758 1860 vide
2784 1805 3050 1861 undenam
3079 1805 3297 1874 incipiat
3323 1823 3337 1859 :
3364 1807 3594 1875 primum
3619 1806 3692 1860 ab

2100 1910 2167 1950 eo
2195 1898 2336 1967 quod
2385 1898 2628 1954 mirabile
2660 1898 2944 1954 videbatur
2983 1909 3037 1953 et
3080 1914 3330 1969 magnum
3375 1898 3516 1970 apud
3566 1900 3691 1955 illos

2100 2003 2242 2054 esse,
2284 2004 2314 2043 a
2342 1989 2535 2060 linguis
2577 2005 2808 2060 nempe:
2837 1999 2892 2044 et
2933 1990 3198 2045 charisma
3232 1991 3283 2044 in
3329 1991 3563 2046 medium
3594 1990 3692 2044 ad-

2101 2081 2324 2147 ducens,
2353 2099 2458 2137 non
2501 2093 2704 2137 tantum
2745 2083 2874 2139 illud
2904 2085 3081 2153 posuit
3106 2092 3362 2152 quantum
3394 2084 3491 2154 ipsi
3525 2083 3691 2138 habe-

2103 2172 2251 2238 bant,
2286 2175 2380 2230 sed
2415 2176 2571 2246 longe
2597 2175 2790 2245 majus.
2839 2175 3022 2246 Neque
3049 2177 3194 2231 enim
3223 2175 3379 2240 dixit,
3413 2177 3466 2231 Si
3498 2177 3690 2247 linguis

2104 2267 2314 2338 loquar,
2349 2268 2441 2323 sed
2466 2310 2482 2335 ,
2515 2268 2666 2340 (Cap.
2697 2271 2788 2336 15)
2816 2269 2869 2324 1.
2894 2268 2956 2324 Si
2984 2269 3169 2338 linguis
3196 2269 3456 2322 [lautianm
3487 2269 3689 2339 loquar.

2104 2361 2241 2427 Quid
2273 2362 2535 2432 signiﬁcat
2565 2363 2718 2430 illud,
2751 2362 3076 2417 Hominum?
3102 2363 3351 2418 Omnium
3382 2379 3477 2433 per
3504 2365 3690 2420 orbem

2105 2454 2362 2523 gentium.
2395 2453 2580 2524 Neque
2605 2464 2781 2511 tamen
2812 2456 2911 2510 hac
2940 2455 3232 2526 hyperbole
3260 2465 3545 2512 contentus
3573 2456 3693 2523 fuit,

2107 2545 2201 2601 sed
2231 2545 2389 2600 aliam
2420 2547 2578 2617 longe
2626 2548 2887 2618 majorem
2921 2549 3091 2618 p0nit,
3143 2550 3473 2619 subjungens
3520 2566 3583 2604 ac
3613 2551 3696 2604 di-

2107 2650 2258 2702 cens,
2311 2637 2378 2692 Et
2424 2638 2741 2708 angelorum,
2788 2643 3052 2695 caritatem
3102 2651 3269 2694 autem
3313 2657 3414 2694 non
3461 2641 3692 2704 habeam,

2110 2735 2274 2804 factus
2311 2747 2422 2786 sum
2457 2748 2527 2786 (es
2561 2749 2748 2786 sonans
2787 2741 2875 2786 aut
2909 2733 3193 2803 cymbalum
3236 2734 3473 2788 tianiens.
3511 2733 3698 2788 Vidcn’

2110 2837 2339 2892 quonam
2370 2838 2537 2893 usque
2564 2824 2762 2878 elatum
2793 2825 3084 2891 charisma,
3123 2839 3356 2894 quonam
3386 2840 3556 2894 usque
3597 2825 3695 2879 de-

2113 2914 2320 2969 miserit
2346 2920 2515 2984 ipsum
2539 2923 2594 2969 et
2617 2914 2905 2986 proiecerit
2923 2915 2949 2968 ‘i
2973 2913 3159 2986 Neque
3180 2917 3324 2970 enim
3345 2916 3518 2971 solum
3539 2916 3696 2982 dixit,

2112 3005 2252 3060 Nihil
2273 3021 2414 3072 sum,
2443 3007 2535 3060 sed
2560 3005 2751 3061 Factus
2775 3023 2887 3061 sum
2911 3022 2981 3062 (es
3002 3023 3210 3074 sonans,
3235 3007 3546 3063 insensibile
3571 3007 3700 3074 quid

2114 3107 2168 3152 et
2196 3098 2562 3152 inanimatam.
2597 3098 2878 3166 Quomodo
2903 3107 3081 3153 autem
3127 3115 3201 3154 ms
3231 3099 3475 3154 sonans?
3502 3098 3702 3154 Vocem

2113 3188 2332 3260 quidem
2374 3190 2648 3254 emittens,
2691 3191 2784 3246 sed
2815 3193 3008 3246 frustra
3049 3203 3102 3245 et
3129 3200 3351 3256 temere,
3395 3191 3461 3246 ad
3495 3192 3703 3247 nullum

2116 3298 2290 3336 usum.
2320 3281 2679 3354 Prteterquam
2726 3284 2867 3338 enim
2899 3281 3043 3354 quod
3090 3284 3218 3338 nihil
3249 3284 3484 3354 perﬁcio,
3532 3284 3707 3338 mole-

2117 3374 2274 3429 stiam
2302 3389 2492 3430 creare
2519 3374 2703 3431 videor
2747 3386 2801 3429 et
2832 3377 3094 3432 molestus
3135 3392 3258 3433 esse
3284 3377 3484 3432 multis.
3519 3377 3706 3432 Videu'

2118 3467 2386 3537 quomodo
2408 3469 2451 3523 is
2478 3469 2568 3539 qui
2599 3469 2838 3524 caritatis
2860 3484 3052 3539 expers
3073 3481 3176 3537 est,
3208 3471 3510 3526 inanimatis
3536 3479 3591 3525 et
3621 3471 3707 3526 in-

2120 3561 2411 3616 sensilibus
2437 3563 2506 3616 sit
2526 3563 2754 3618 similis?
2779 3562 3040 3634 Linguam
3071 3575 3248 3620 autem
3279 3567 3590 3638 angelorum
3620 3566 3708 3622 hic

2120 3651 2270 3720 dicit,
2304 3667 2411 3706 non
2440 3667 2636 3722 corpus
2674 3655 2881 3725 angelis
2920 3657 3181 3725 tribuens,
3226 3656 3319 3712 sed
3351 3659 3453 3714 hoc
3475 3659 3588 3712 vult
3627 3661 3703 3714 si-

2121 3744 2416 3814 gniﬁcare:
2451 3745 2673 3799 Etiamsi
2715 3747 2784 3800 ita
2817 3746 3022 3817 loquar,
3060 3759 3120 3802 ut
3148 3749 3321 3820 angeli
3364 3749 3540 3805 solent
3567 3751 3710 3806 inter

2122 3851 2182 3892 se
2203 3836 2459 3907 colloqui,
2491 3837 2607 3892 sine
2636 3838 2859 3893 caritate
2881 3838 3015 3893 nihil
3044 3855 3160 3895 sum
3187 3856 3202 3906 ;
3237 3841 3346 3896 imo
3371 3856 3632 3897 onerosus
3654 3853 3711 3897 et

2125 3929 2401 3984 molestus.
2437 3929 2526 3985 Sic
2553 3929 2694 3983 enim
2724 3929 2846 3983 alibi
2878 3945 3090 4000 quoque
3119 3946 3240 3986 cum
3267 3931 3398 3986 dicit
3423 3951 3436 3986 :
3465 3930 3579 4001 Ipsi
3609 3934 3708 4002 ﬂe-

2124 4031 2286 4075 ctetur
2312 4038 2457 4075 omne
2485 4038 2613 4093 genu
2641 4022 2936 4090 cwlestium,
2966 4025 3276 4077 terrestrium
3310 4033 3357 4078 et
3394 4025 3712 4094 infernarum

2129 4110 2388 4182 (Philipp.
2413 4113 2614 4182 2,10);
2647 4126 2754 4166 non
2780 4128 2952 4183 genua
2979 4122 3034 4168 et
3054 4129 3172 4168 ossa
3192 4115 3397 4184 angelis
3412 4115 3711 4170 attribuens

2128 4203 2245 4258 lucc
2274 4205 2434 4271 dicit;
2457 4205 2630 4271 absit;
2663 4205 2757 4260 sed
2785 4215 2839 4261 et
2863 4209 3125 4262 intensam
3149 4215 3202 4260 et
3225 4206 3478 4276 grandem
3509 4207 3714 4261 adora-

2130 4296 2328 4351 tionem
2358 4314 2452 4367 per
2477 4299 2626 4353 illum
2657 4313 2764 4369 quo
2807 4298 2946 4368 apud
2987 4313 3088 4353 nos
3118 4299 3176 4353 lit
3201 4299 3420 4354 modum
3464 4301 3711 4355 subindi-

2127 4403 2255 4443 care
2284 4389 2414 4444 vult.
2446 4391 2535 4444 Sic
2560 4400 2615 4444 et
2644 4391 2743 4444 hoc
2771 4391 2888 4444 loco
2930 4390 3162 4460 linguam
3195 4392 3421 4456 vocavit,
3457 4407 3561 4446 non
3588 4407 3714 4446 car-

2129 4481 2214 4535 nis
2243 4497 2500 4551 organum
2527 4484 2854 4553 signilicans,
2899 4482 2993 4536 sed
3022 4481 3234 4536 illorum
3265 4494 3506 4537 mutuum
3541 4484 3716 4537 collo-

2129 4581 2310 4650 quium
2337 4584 2464 4629 nolo
2483 4575 2620 4644 apud
2648 4590 2745 4629 nos
2769 4575 2928 4630 modo
2953 4575 3274 4630 adumbrare
3301 4575 3483 4630 voluit.
3511 4577 3719 4633 Deinde

2132 4681 2188 4724 ut
2214 4667 2478 4738 acceptior
2512 4666 2602 4721 llat
2649 4667 2839 4731 oratio,
2884 4681 2991 4721 non
3029 4667 3095 4721 ad
3125 4668 3329 4738 linguas
3376 4683 3542 4739 usque
3585 4683 3720 4724 con-

2131 4761 2291 4823 sistit.
2323 4757 2414 4815 sed
2442 4759 2506 4812 ad
2532 4759 2737 4828 reliqua
2770 4759 2941 4828 pergit
2961 4758 3305 4822 charismata,
3337 4760 3646 4829 omniaque,
3669 4763 3716 4815 si

2133 4853 2220 4907 illa
2253 4852 2410 4914 ilbsil,
2442 4850 2722 4920 dejiciens,
2752 4859 2878 4905 tunc
2905 4850 3020 4920 cjus
3049 4850 3286 4921 depingit
3315 4851 3600 4922 imaginem
3630 4863 3720 4908 :ct

2132 4945 2383 5016 quoniam
2435 4943 2765 5011 amplilicare
2811 4942 2923 4996 vult
2974 4942 3295 5008 orationem,
3343 4958 3374 4998 a
3416 4943 3721 4999 minoribus

2134 5036 2410 5104 incipiens,
2455 5033 2522 5088 ad
2563 5034 2762 5102 majora
2812 5034 3074 5089 ascendit.
3105 5034 3256 5101 Quod
3302 5036 3468 5102 enim,
3501 5036 3720 5107 quando

2133 5143 2318 5182 eorum
2351 5126 2601 5180 indicavit
2628 5124 2893 5190 ordinem,
2925 5135 3255 5195 postremum
3286 5129 3482 5196 posuit,
3526 5143 3720 5200 nempe

2132 5217 2332 5272 donum
2363 5218 2682 5286 linguarum,
2713 5216 2816 5270 hoc
2843 5232 2985 5273 nunc
3011 5218 3239 5287 primum
3284 5231 3556 5285 numerat,
3589 5236 3723 5289 pau-

2135 5309 2305 5375 latim,
2350 5316 2404 5362 ut
2454 5307 2585 5371 dixi,
2619 5306 2684 5361 ad
2717 5308 2920 5377 majora
2969 5309 3286 5364 ascendens.
3319 5309 3450 5363 Nam
3497 5327 3619 5365 eum
3649 5312 3720 5368 de

2133 5401 2326 5470 linguis
2350 5399 2594 5465 dixisset,
2623 5399 2688 5453 ad
2721 5400 3056 5469 pmphetiam
3085 5417 3207 5454 mox
3242 5403 3454 5467 transit,
3503 5413 3557 5456 et
3598 5405 3711 5456 ait:

2131 5492 2186 5546 2.
2223 5490 2288 5545 Et
2331 5492 2374 5545 si
2405 5491 2625 5545 habuero
2656 5492 3013 5562 praphetiam;
3059 5503 3114 5548 et
3152 5491 3292 5548 hanc
3334 5509 3548 5548 rursum
3597 5509 3719 5548 cum

2137 5583 2447 5656 hyperbole.
2493 5585 2644 5639 Sicut
2691 5586 2836 5640 cnim
2886 5584 2956 5639 ibi
2987 5585 3196 5655 linguas
3242 5601 3348 5640 non
3382 5586 3580 5656 posuit,
3625 5590 3723 5640 sed

2134 5673 2409 5729 hominum
2437 5675 2675 5730 omnimn
2705 5673 2932 5744 linguas,
2957 5684 3010 5729 ct
3037 5689 3355 5746 progressus
3375 5675 3538 5728 etiam
3559 5690 3723 5745 ange-

2133 5769 2328 5838 lorum,
2359 5778 2412 5824 et
2443 5779 2569 5826 tunc
2595 5769 2827 5827 ostendit
2855 5768 2955 5826 hoc
2981 5769 3248 5827 charisma
3292 5769 3424 5828 nilnl
3452 5785 3574 5827 esse
3605 5771 3724 5829 sine
