  <div class='ocr_page' id='page_1' title='image "/cluster/home/n/w/nwhite01/storage/ocr_20150623/61/hvd.32044054166368/272.png"; bbox 0 0 4094 6222; ppageno 0'>
   <div class='ocr_carea' id='block_1_1' title="bbox 426 272 525 328">
    <p class='ocr_par' dir='ltr' id='par_1_1' title="bbox 426 272 525 328">
     <span class='ocr_line' id='line_1_1' title="bbox 426 272 525 328; baseline -0.02 0"><span class='ocrx_word' id='word_1_1' title='bbox 426 272 525 328; x_wconf 68' lang='grc' dir='ltr'>ἳϐῚ</span> 
     </span>
    </p>
   </div>
   <div class='ocr_carea' id='block_1_2' title="bbox 415 382 2001 459">
    <p class='ocr_par' dir='ltr' id='par_1_2' title="bbox 415 382 2001 459">
     <span class='ocr_line' id='line_1_2' title="bbox 415 382 2001 459; baseline -0.001 -20"><span class='ocrx_word' id='word_1_2' title='bbox 415 385 597 456; x_wconf 61' lang='grc' dir='ltr'>μέλιτι</span> <span class='ocrx_word' id='word_1_3' title='bbox 611 386 734 440; x_wconf 81' lang='grc' dir='ltr'>εἴτε</span> <span class='ocrx_word' id='word_1_4' title='bbox 754 386 1057 452; x_wconf 75' lang='grc' dir='ltr'>δοξάζεται</span> <span class='ocrx_word' id='word_1_5' title='bbox 1071 388 1143 444; x_wconf 79' lang='grc' dir='ltr'>ἐν</span> <span class='ocrx_word' id='word_1_6' title='bbox 1156 389 1364 459; x_wconf 74' lang='grc' dir='ltr'>μέλος,</span> <span class='ocrx_word' id='word_1_7' title='bbox 1381 387 1695 458; x_wconf 61' lang='lat' dir='ltr'>(ruma/pse</span> <span class='ocrx_word' id='word_1_8' title='bbox 1718 384 1917 439; x_wconf 80' lang='grc' dir='ltr'>πάντα</span> <span class='ocrx_word' id='word_1_9' title='bbox 1930 382 2001 438; x_wconf 79' lang='grc' dir='ltr'>τὰ</span> 
     </span>
    </p>
   </div>
   <div class='ocr_carea' id='block_1_3' title="bbox 414 465 1999 544">
    <p class='ocr_par' dir='ltr' id='par_1_3' title="bbox 414 465 1999 544">
     <span class='ocr_line' id='line_1_3' title="bbox 414 465 1999 544; baseline -0.001 -23"><span class='ocrx_word' id='word_1_10' title='bbox 414 465 595 537; x_wconf 80' lang='grc' dir='ltr'>μέλη.</span> <span class='ocrx_word' id='word_1_11' title='bbox 646 467 933 542; x_wconf 79' lang='grc' dir='ltr'>Ἀνωτέρω</span> <span class='ocrx_word' id='word_1_12' title='bbox 975 472 1075 542; x_wconf 81' lang='grc' dir='ltr'>μὲν</span> <span class='ocrx_word' id='word_1_13' title='bbox 1106 467 1198 526; x_wconf 82' lang='grc' dir='ltr'>οὗν</span> <span class='ocrx_word' id='word_1_14' title='bbox 1238 470 1585 544; x_wconf 83' lang='grc' dir='ltr'>παρεκάλεσε</span> <span class='ocrx_word' id='word_1_15' title='bbox 1622 468 1711 522; x_wconf 84' lang='grc' dir='ltr'>διὰ</span> <span class='ocrx_word' id='word_1_16' title='bbox 1754 466 1999 522; x_wconf 67' lang='grc' dir='ltr'>τούτων*</span> 
     </span>
    </p>
   </div>
   <div class='ocr_carea' id='block_1_4' title="bbox 420 549 2003 626">
    <p class='ocr_par' dir='ltr' id='par_1_4' title="bbox 420 549 2003 626">
     <span class='ocr_line' id='line_1_4' title="bbox 420 549 2003 626; baseline 0.001 -24"><span class='ocrx_word' id='word_1_17' title='bbox 420 549 658 605; x_wconf 82' lang='grc' dir='ltr'>ἐνταῦθα</span> <span class='ocrx_word' id='word_1_18' title='bbox 682 550 742 605; x_wconf 81' lang='grc' dir='ltr'>δὲ</span> <span class='ocrx_word' id='word_1_19' title='bbox 769 555 1151 626; x_wconf 84' lang='grc' dir='ltr'>καταφορικῶς</span> <span class='ocrx_word' id='word_1_20' title='bbox 1178 555 1273 609; x_wconf 79' lang='grc' dir='ltr'>καὶ</span> <span class='ocrx_word' id='word_1_21' title='bbox 1300 551 1704 625; x_wconf 83' lang='grc' dir='ltr'>ἐπιτιμητικῶς</span> <span class='ocrx_word' id='word_1_22' title='bbox 1737 550 2003 623; x_wconf 84' lang='grc' dir='ltr'>κέχρηται</span> 
     </span>
    </p>
   </div>
   <div class='ocr_carea' id='block_1_5' title="bbox 419 632 2004 708">
    <p class='ocr_par' dir='ltr' id='par_1_5' title="bbox 419 632 2004 708">
     <span class='ocr_line' id='line_1_5' title="bbox 419 632 2004 708; baseline -0.001 -20"><span class='ocrx_word' id='word_1_23' title='bbox 419 632 503 705; x_wconf 80' lang='grc' dir='ltr'>τῷ</span> <span class='ocrx_word' id='word_1_24' title='bbox 524 634 666 704; x_wconf 81' lang='grc' dir='ltr'>λόγῳ</span> <span class='ocrx_word' id='word_1_25' title='bbox 693 634 900 691; x_wconf 86' lang='grc' dir='ltr'>λοιπόν.</span> <span class='ocrx_word' id='word_1_26' title='bbox 935 638 1113 708; x_wconf 82' lang='grc' dir='ltr'>Ὅπερ</span> <span class='ocrx_word' id='word_1_27' title='bbox 1143 636 1252 708; x_wconf 84' lang='grc' dir='ltr'>γὰρ</span> <span class='ocrx_word' id='word_1_28' title='bbox 1285 636 1445 707; x_wconf 72' lang='grc' dir='ltr'>ἔφην,</span> <span class='ocrx_word' id='word_1_29' title='bbox 1474 632 1599 691; x_wconf 76' lang='grc' dir='ltr'>οὔτε</span> <span class='ocrx_word' id='word_1_30' title='bbox 1630 635 1720 689; x_wconf 79' lang='grc' dir='ltr'>ἀεὶ</span> <span class='ocrx_word' id='word_1_31' title='bbox 1748 650 2004 705; x_wconf 86' lang='grc' dir='ltr'>παρακα-</span> 
     </span>
    </p>
   </div>
   <div class='ocr_carea' id='block_1_6' title="bbox 418 717 2003 792">
    <p class='ocr_par' dir='ltr' id='par_1_6' title="bbox 418 717 2003 792">
     <span class='ocr_line' id='line_1_6' title="bbox 418 717 2003 792; baseline 0.001 -22"><span class='ocrx_word' id='word_1_32' title='bbox 418 720 557 781; x_wconf 81' lang='grc' dir='ltr'>λεῖν,</span> <span class='ocrx_word' id='word_1_33' title='bbox 580 719 705 772; x_wconf 73' lang='grc' dir='ltr'>οὔτε</span> <span class='ocrx_word' id='word_1_34' title='bbox 733 719 1106 788; x_wconf 74' lang='grc' dir='ltr'>ἐπιστομίζειν</span> <span class='ocrx_word' id='word_1_35' title='bbox 1132 720 1220 774; x_wconf 73' lang='grc' dir='ltr'>ἀεὶ</span> <span class='ocrx_word' id='word_1_36' title='bbox 1244 722 1371 792; x_wconf 86' lang='grc' dir='ltr'>χρή.</span> <span class='ocrx_word' id='word_1_37' title='bbox 1399 718 1498 775; x_wconf 90' lang='grc' dir='ltr'>Διά</span> <span class='ocrx_word' id='word_1_38' title='bbox 1518 719 1676 773; x_wconf 88' lang='grc' dir='ltr'>τοῦτο</span> <span class='ocrx_word' id='word_1_39' title='bbox 1702 717 1799 772; x_wconf 76' lang='grc' dir='ltr'>καί</span> <span class='ocrx_word' id='word_1_40' title='bbox 1820 717 2003 781; x_wconf 83' lang='grc' dir='ltr'>αὐτὸς,</span> 
     </span>
    </p>
   </div>
   <div class='ocr_carea' id='block_1_7' title="bbox 420 801 2004 875">
    <p class='ocr_par' dir='ltr' id='par_1_7' title="bbox 420 801 2004 875">
     <span class='ocr_line' id='line_1_7' title="bbox 420 801 2004 875; baseline -0.002 -19"><span class='ocrx_word' id='word_1_41' title='bbox 420 802 608 874; x_wconf 81' lang='grc' dir='ltr'>ἐπειδὴ</span> <span class='ocrx_word' id='word_1_42' title='bbox 641 803 727 857; x_wconf 81' lang='grc' dir='ltr'>διὰ</span> <span class='ocrx_word' id='word_1_43' title='bbox 757 803 967 856; x_wconf 80' lang='grc' dir='ltr'>πολλῶν</span> <span class='ocrx_word' id='word_1_44' title='bbox 990 805 1185 868; x_wconf 77' lang='grc' dir='ltr'>αὐτοὺς</span> <span class='ocrx_word' id='word_1_45' title='bbox 1218 804 1586 875; x_wconf 85' lang='grc' dir='ltr'>παρεκάλεσε,</span> <span class='ocrx_word' id='word_1_46' title='bbox 1619 801 1863 874; x_wconf 80' lang='grc' dir='ltr'>σφοδρῶς</span> <span class='ocrx_word' id='word_1_47' title='bbox 1891 801 2004 854; x_wconf 91' lang='grc' dir='ltr'>λοι-</span> 
     </span>
    </p>
   </div>
   <div class='ocr_carea' id='block_1_8' title="bbox 422 882 2003 957">
    <p class='ocr_par' dir='ltr' id='par_1_8' title="bbox 422 882 2003 957">
     <span class='ocr_line' id='line_1_8' title="bbox 422 882 2003 957; baseline -0.001 -16"><span class='ocrx_word' id='word_1_48' title='bbox 422 886 529 941; x_wconf 76' lang='grc' dir='ltr'>πὸν</span> <span class='ocrx_word' id='word_1_49' title='bbox 558 886 888 953; x_wconf 87' lang='grc' dir='ltr'>ἐπιτίθεται,</span> <span class='ocrx_word' id='word_1_50' title='bbox 918 886 1091 957; x_wconf 89' lang='grc' dir='ltr'>λέγων</span> <span class='ocrx_word' id='word_1_51' title='bbox 1110 904 1123 917; x_wconf 95' lang='grc'><strong>·</strong></span> <span class='ocrx_word' id='word_1_52' title='bbox 1153 888 1250 956; x_wconf 79' lang='grc' dir='ltr'>Μὴ</span> <span class='ocrx_word' id='word_1_53' title='bbox 1272 887 1495 954; x_wconf 78' lang='grc' dir='ltr'>πάντες</span> <span class='ocrx_word' id='word_1_54' title='bbox 1518 887 1850 942; x_wconf 69' lang='grc' dir='ltr'>ἀπόστολοι</span> <span class='ocrx_word' id='word_1_55' title='bbox 1874 900 1892 949; x_wconf 90' lang='grc'><em>;</em></span> <span class='ocrx_word' id='word_1_56' title='bbox 1916 882 2003 955; x_wconf 79' lang='grc' dir='ltr'>μὴ</span> 
     </span>
    </p>
   </div>
   <div class='ocr_carea' id='block_1_9' title="bbox 422 967 2005 1045">
    <p class='ocr_par' dir='ltr' id='par_1_9' title="bbox 422 967 2005 1045">
     <span class='ocr_line' id='line_1_9' title="bbox 422 967 2005 1045; baseline -0.003 -20"><span class='ocrx_word' id='word_1_57' title='bbox 422 970 649 1037; x_wconf 70' lang='grc' dir='ltr'>πάντες</span> <span class='ocrx_word' id='word_1_58' title='bbox 671 970 1006 1040; x_wconf 68' lang='grc' dir='ltr'>προφῆταις</span> <span class='ocrx_word' id='word_1_59' title='bbox 1028 971 1108 1040; x_wconf 84' lang='grc' dir='ltr'>μὴ</span> <span class='ocrx_word' id='word_1_60' title='bbox 1134 971 1357 1037; x_wconf 80' lang='grc' dir='ltr'>πάντες</span> <span class='ocrx_word' id='word_1_61' title='bbox 1388 972 1728 1040; x_wconf 79' lang='grc' dir='ltr'>χαρίσματα</span> <span class='ocrx_word' id='word_1_62' title='bbox 1751 967 2005 1045; x_wconf 77' lang='grc' dir='ltr'>ἔχουσιν</span> 
     </span>
    </p>
   </div>
   <div class='ocr_carea' id='block_1_10' title="bbox 421 1050 2005 1125">
    <p class='ocr_par' dir='ltr' id='par_1_10' title="bbox 421 1050 2005 1125">
     <span class='ocr_line' id='line_1_10' title="bbox 421 1050 2005 1125; baseline -0.004 -17"><span class='ocrx_word' id='word_1_63' title='bbox 421 1052 728 1123; x_wconf 55' lang='lat' dir='ltr'>lquitur;</span> <span class='ocrx_word' id='word_1_64' title='bbox 773 1054 884 1108; x_wconf 76' lang='grc' dir='ltr'>Καὶ</span> <span class='ocrx_word' id='word_1_65' title='bbox 917 1055 1015 1125; x_wconf 81' lang='grc' dir='ltr'>οὐχ</span> <span class='ocrx_word' id='word_1_66' title='bbox 1056 1055 1268 1109; x_wconf 77' lang='grc' dir='ltr'>ἵσταται</span> <span class='ocrx_word' id='word_1_67' title='bbox 1309 1053 1471 1125; x_wconf 89' lang='grc' dir='ltr'>μέχρι</span> <span class='ocrx_word' id='word_1_68' title='bbox 1517 1052 1613 1107; x_wconf 91' lang='grc' dir='ltr'>τοῦ</span> <span class='ocrx_word' id='word_1_69' title='bbox 1647 1050 1868 1124; x_wconf 84' lang='grc' dir='ltr'>πρώτου</span> <span class='ocrx_word' id='word_1_70' title='bbox 1910 1050 2005 1103; x_wconf 76' lang='grc' dir='ltr'>καὶ</span> 
     </span>
    </p>
   </div>
   <div class='ocr_carea' id='block_1_11' title="bbox 422 1134 2005 1209">
    <p class='ocr_par' dir='ltr' id='par_1_11' title="bbox 422 1134 2005 1209">
     <span class='ocr_line' id='line_1_11' title="bbox 422 1134 2005 1209; baseline -0.002 -20"><span class='ocrx_word' id='word_1_71' title='bbox 422 1136 519 1189; x_wconf 81' lang='grc' dir='ltr'>τοῦ</span> <span class='ocrx_word' id='word_1_72' title='bbox 546 1135 802 1208; x_wconf 81' lang='grc' dir='ltr'>δευτέρου</span> <span class='ocrx_word' id='word_1_73' title='bbox 827 1136 1189 1209; x_wconf 84' lang='grc' dir='ltr'>χαρίσματος,</span> <span class='ocrx_word' id='word_1_74' title='bbox 1222 1137 1362 1193; x_wconf 81' lang='grc' dir='ltr'>ἀλλά</span> <span class='ocrx_word' id='word_1_75' title='bbox 1394 1137 1588 1209; x_wconf 82' lang='grc' dir='ltr'>μέχρις</span> <span class='ocrx_word' id='word_1_76' title='bbox 1607 1135 1854 1206; x_wconf 90' lang='grc' dir='ltr'>ἐσχάτων</span> <span class='ocrx_word' id='word_1_77' title='bbox 1876 1134 2005 1204; x_wconf 89' lang='grc' dir='ltr'>πρό-</span> 
     </span>
    </p>
   </div>
   <div class='ocr_carea' id='block_1_12' title="bbox 422 1215 2003 1289">
    <p class='ocr_par' dir='ltr' id='par_1_12' title="bbox 422 1215 2003 1289">
     <span class='ocr_line' id='line_1_12' title="bbox 422 1215 2003 1289; baseline -0.001 -17"><span class='ocrx_word' id='word_1_78' title='bbox 422 1235 584 1273; x_wconf 81' lang='grc' dir='ltr'>εισιν’</span> <span class='ocrx_word' id='word_1_79' title='bbox 616 1219 649 1289; x_wconf 77' lang='grc' dir='ltr'>ἢ</span> <span class='ocrx_word' id='word_1_80' title='bbox 682 1217 838 1274; x_wconf 87' lang='grc' dir='ltr'>τοῦτο</span> <span class='ocrx_word' id='word_1_81' title='bbox 866 1219 1039 1289; x_wconf 89' lang='grc' dir='ltr'>λέγων</span> <span class='ocrx_word' id='word_1_82' title='bbox 1059 1263 1074 1287; x_wconf 87' lang='grc'>,</span> <span class='ocrx_word' id='word_1_83' title='bbox 1110 1221 1195 1275; x_wconf 83' lang='grc' dir='ltr'>ὅτι</span> <span class='ocrx_word' id='word_1_84' title='bbox 1226 1222 1300 1275; x_wconf 86' lang='grc' dir='ltr'>Οὐ</span> <span class='ocrx_word' id='word_1_85' title='bbox 1346 1219 1573 1274; x_wconf 87' lang='grc' dir='ltr'>δυνατὸν</span> <span class='ocrx_word' id='word_1_86' title='bbox 1609 1218 1819 1282; x_wconf 79' lang='grc' dir='ltr'>πάντας</span> <span class='ocrx_word' id='word_1_87' title='bbox 1864 1215 2003 1270; x_wconf 89' lang='grc' dir='ltr'>είναι</span> 
     </span>
    </p>
   </div>
   <div class='ocr_carea' id='block_1_13' title="bbox 425 1298 2000 1376">
    <p class='ocr_par' dir='ltr' id='par_1_13' title="bbox 425 1298 2000 1376">
     <span class='ocr_line' id='line_1_13' title="bbox 425 1298 2000 1376; baseline -0.001 -22"><span class='ocrx_word' id='word_1_88' title='bbox 425 1300 626 1355; x_wconf 85' lang='grc' dir='ltr'>πάντα·</span> <span class='ocrx_word' id='word_1_89' title='bbox 662 1300 850 1376; x_wconf 78' lang='grc' dir='ltr'>ὥσπερ</span> <span class='ocrx_word' id='word_1_90' title='bbox 884 1305 1002 1356; x_wconf 88' lang='grc' dir='ltr'>ἐκεῖ</span> <span class='ocrx_word' id='word_1_91' title='bbox 1029 1319 1218 1373; x_wconf 88' lang='grc' dir='ltr'>φησιν,</span> <span class='ocrx_word' id='word_1_92' title='bbox 1250 1306 1316 1359; x_wconf 76' lang='lat' dir='ltr'><strong><em>El</em></strong></span> <span class='ocrx_word' id='word_1_93' title='bbox 1346 1298 1425 1373; x_wconf 83' lang='grc' dir='ltr'>ἦν</span> <span class='ocrx_word' id='word_1_94' title='bbox 1455 1300 1527 1356; x_wconf 82' lang='grc' dir='ltr'>τὰ</span> <span class='ocrx_word' id='word_1_95' title='bbox 1563 1301 1763 1354; x_wconf 78' lang='grc' dir='ltr'>πάντα</span> <span class='ocrx_word' id='word_1_96' title='bbox 1796 1299 1867 1353; x_wconf 73' lang='grc' dir='ltr'>ἓν</span> <span class='ocrx_word' id='word_1_97' title='bbox 1894 1299 2000 1369; x_wconf 82' lang='grc' dir='ltr'>μέ-</span> 
     </span>
    </p>
   </div>
   <div class='ocr_carea' id='block_1_14' title="bbox 420 1382 2004 1457">
    <p class='ocr_par' dir='ltr' id='par_1_14' title="bbox 420 1382 2004 1457">
     <span class='ocr_line' id='line_1_14' title="bbox 420 1382 2004 1457; baseline -0.002 -18"><span class='ocrx_word' id='word_1_98' title='bbox 420 1387 556 1450; x_wconf 72' lang='grc' dir='ltr'>λος,</span> <span class='ocrx_word' id='word_1_99' title='bbox 598 1383 716 1439; x_wconf 76' lang='grc' dir='ltr'>ποῦ</span> <span class='ocrx_word' id='word_1_100' title='bbox 738 1383 806 1438; x_wconf 87' lang='grc' dir='ltr'>τὸ</span> <span class='ocrx_word' id='word_1_101' title='bbox 845 1382 1057 1455; x_wconf 83' lang='grc' dir='ltr'>σῶμα;</span> <span class='ocrx_word' id='word_1_102' title='bbox 1096 1386 1130 1457; x_wconf 74' lang='grc' dir='ltr'>ἦ</span> <span class='ocrx_word' id='word_1_103' title='bbox 1175 1386 1269 1439; x_wconf 68' lang='grc' dir='ltr'>καί⁸</span> <span class='ocrx_word' id='word_1_104' title='bbox 1295 1385 1481 1456; x_wconf 73' lang='grc' dir='ltr'>ἕτερόν</span> <span class='ocrx_word' id='word_1_105' title='bbox 1521 1401 1573 1437; x_wconf 85' lang='grc' dir='ltr'>τι</span> <span class='ocrx_word' id='word_1_106' title='bbox 1616 1383 1754 1455; x_wconf 84' lang='grc' dir='ltr'>μετά</span> <span class='ocrx_word' id='word_1_107' title='bbox 1798 1382 2004 1436; x_wconf 82' lang='grc' dir='ltr'>τούτων</span> 
     </span>
    </p>
   </div>
   <div class='ocr_carea' id='block_1_15' title="bbox 425 1465 2004 1539">
    <p class='ocr_par' dir='ltr' id='par_1_15' title="bbox 425 1465 2004 1539">
     <span class='ocr_line' id='line_1_15' title="bbox 425 1465 2004 1539; baseline -0.001 -20"><span class='ocrx_word' id='word_1_108' title='bbox 425 1465 856 1530; x_wconf 73' lang='grc' dir='ltr'>κατασκευάζων</span> <span class='ocrx_word' id='word_1_109' title='bbox 903 1470 983 1531; x_wconf 86' lang='grc' dir='ltr'>είς</span> <span class='ocrx_word' id='word_1_110' title='bbox 1031 1469 1388 1539; x_wconf 73' lang='grc' dir='ltr'>παραμυθίας</span> <span class='ocrx_word' id='word_1_111' title='bbox 1420 1468 1578 1537; x_wconf 88' lang='grc' dir='ltr'>λόγον</span> <span class='ocrx_word' id='word_1_112' title='bbox 1616 1466 1800 1521; x_wconf 87' lang='grc' dir='ltr'>πάλιν.</span> <span class='ocrx_word' id='word_1_113' title='bbox 1847 1468 2004 1520; x_wconf 72' lang='grc' dir='ltr'>Ποῖον</span> 
     </span>
    </p>
   </div>
   <div class='ocr_carea' id='block_1_16' title="bbox 423 1548 2005 1621">
    <p class='ocr_par' dir='ltr' id='par_1_16' title="bbox 423 1548 2005 1621">
     <span class='ocr_line' id='line_1_16' title="bbox 423 1548 2005 1621; baseline 0 -20"><span class='ocrx_word' id='word_1_114' title='bbox 423 1549 488 1619; x_wconf 78' lang='grc' dir='ltr'>δὴ</span> <span class='ocrx_word' id='word_1_115' title='bbox 533 1549 728 1615; x_wconf 86' lang='grc' dir='ltr'>τοῦτο;</span> <span class='ocrx_word' id='word_1_116' title='bbox 765 1550 839 1604; x_wconf 81' lang='grc' dir='ltr'>Τὸ</span> <span class='ocrx_word' id='word_1_117' title='bbox 883 1549 1056 1616; x_wconf 81' lang='grc' dir='ltr'>δεῖξαι</span> <span class='ocrx_word' id='word_1_118' title='bbox 1102 1551 1199 1604; x_wconf 78' lang='grc' dir='ltr'>καί</span> <span class='ocrx_word' id='word_1_119' title='bbox 1234 1550 1304 1605; x_wconf 84' lang='grc' dir='ltr'>τά</span> <span class='ocrx_word' id='word_1_120' title='bbox 1356 1550 1620 1605; x_wconf 81' lang='grc' dir='ltr'>ἐλάττονα</span> <span class='ocrx_word' id='word_1_121' title='bbox 1646 1548 1848 1621; x_wconf 83' lang='grc' dir='ltr'>ὁμοίως</span> <span class='ocrx_word' id='word_1_122' title='bbox 1890 1550 2005 1612; x_wconf 89' lang='grc' dir='ltr'>τοῖς</span> 
     </span>
    </p>
   </div>
   <div class='ocr_carea' id='block_1_17' title="bbox 426 1629 2004 1706">
    <p class='ocr_par' dir='ltr' id='par_1_17' title="bbox 426 1629 2004 1706">
     <span class='ocr_line' id='line_1_17' title="bbox 426 1629 2004 1706; baseline -0.007 -10"><span class='ocrx_word' id='word_1_123' title='bbox 426 1629 640 1701; x_wconf 68' lang='grc' dir='ltr'>μείζοσι</span> <span class='ocrx_word' id='word_1_124' title='bbox 675 1632 1028 1704; x_wconf 79' lang='grc' dir='ltr'>περιμάχητα</span> <span class='ocrx_word' id='word_1_125' title='bbox 1062 1633 1129 1687; x_wconf 79' lang='grc' dir='ltr'>ἐκ</span> <span class='ocrx_word' id='word_1_126' title='bbox 1156 1633 1250 1687; x_wconf 87' lang='grc' dir='ltr'>τοῦ</span> <span class='ocrx_word' id='word_1_127' title='bbox 1278 1633 1414 1706; x_wconf 86' lang='grc' dir='ltr'>μηδέ</span> <span class='ocrx_word' id='word_1_128' title='bbox 1444 1632 1617 1687; x_wconf 87' lang='grc' dir='ltr'>ταῦτα</span> <span class='ocrx_word' id='word_1_129' title='bbox 1650 1632 1838 1695; x_wconf 82' lang='grc' dir='ltr'>ἀπλῶς</span> <span class='ocrx_word' id='word_1_130' title='bbox 1870 1632 2004 1685; x_wconf 80' lang='grc' dir='ltr'>πᾶσι.</span> 
     </span>
    </p>
   </div>
   <div class='ocr_carea' id='block_1_18' title="bbox 420 1712 2004 1787">
    <p class='ocr_par' dir='ltr' id='par_1_18' title="bbox 420 1712 2004 1787">
     <span class='ocr_line' id='line_1_18' title="bbox 420 1712 2004 1787; baseline 0 -20"><span class='ocrx_word' id='word_1_131' title='bbox 420 1714 688 1768; x_wconf 76' lang='grc' dir='ltr'>δεδόσθαι.</span> <span class='ocrx_word' id='word_1_132' title='bbox 747 1715 814 1768; x_wconf 86' lang='grc' dir='ltr'>Τί</span> <span class='ocrx_word' id='word_1_133' title='bbox 864 1714 994 1787; x_wconf 85' lang='grc' dir='ltr'>γὰρ,</span> <span class='ocrx_word' id='word_1_134' title='bbox 1056 1716 1244 1786; x_wconf 76' lang='grc' dir='ltr'>φησὶν,</span> <span class='ocrx_word' id='word_1_135' title='bbox 1297 1716 1514 1786; x_wconf 86' lang='grc' dir='ltr'>ἀλγεῖς,</span> <span class='ocrx_word' id='word_1_136' title='bbox 1566 1715 1650 1769; x_wconf 81' lang='grc' dir='ltr'>ὅτι</span> <span class='ocrx_word' id='word_1_137' title='bbox 1697 1716 1800 1768; x_wconf 76' lang='grc' dir='ltr'>οὐκ</span> <span class='ocrx_word' id='word_1_138' title='bbox 1860 1712 2004 1786; x_wconf 79' lang='grc' dir='ltr'>ἔχεις</span> 
     </span>
    </p>
   </div>
   <div class='ocr_carea' id='block_1_19' title="bbox 424 1798 1999 1872">
    <p class='ocr_par' dir='ltr' id='par_1_19' title="bbox 424 1798 1999 1872">
     <span class='ocr_line' id='line_1_19' title="bbox 424 1798 1999 1872; baseline 0 -21"><span class='ocrx_word' id='word_1_139' title='bbox 424 1799 742 1869; x_wconf 73' lang='grc' dir='ltr'>χαρίσματα</span> <span class='ocrx_word' id='word_1_140' title='bbox 791 1799 1071 1869; x_wconf 72' lang='grc' dir='ltr'>ίαμάτωνς</span> <span class='ocrx_word' id='word_1_141' title='bbox 1124 1799 1377 1872; x_wconf 75' lang='grc' dir='ltr'>ἐννόησον</span> <span class='ocrx_word' id='word_1_142' title='bbox 1415 1800 1498 1854; x_wconf 82' lang='grc' dir='ltr'>ὅτι</span> <span class='ocrx_word' id='word_1_143' title='bbox 1534 1800 1671 1870; x_wconf 84' lang='grc' dir='ltr'>ὅπερ</span> <span class='ocrx_word' id='word_1_144' title='bbox 1718 1798 1864 1870; x_wconf 76' lang='grc' dir='ltr'>ἔχεις</span> <span class='ocrx_word' id='word_1_145' title='bbox 1911 1799 1999 1862; x_wconf 82' lang='grc' dir='ltr'>σὺ,</span> 
     </span>
    </p>
   </div>
   <div class='ocr_carea' id='block_1_20' title="bbox 422 1876 2003 1954">
    <p class='ocr_par' dir='ltr' id='par_1_20' title="bbox 422 1876 2003 1954">
     <span class='ocr_line' id='line_1_20' title="bbox 422 1876 2003 1954; baseline 0.002 -22"><span class='ocrx_word' id='word_1_146' title='bbox 422 1881 529 1933; x_wconf 82' lang='grc' dir='ltr'>κᾶν</span> <span class='ocrx_word' id='word_1_147' title='bbox 568 1880 788 1934; x_wconf 73' lang='grc' dir='ltr'>ἔλαττον</span> <span class='ocrx_word' id='word_1_148' title='bbox 823 1876 895 1954; x_wconf 79' lang='grc' dir='ltr'>ᾖ,</span> <span class='ocrx_word' id='word_1_149' title='bbox 947 1880 1208 1946; x_wconf 77' lang='grc' dir='ltr'>πολλάκις</span> <span class='ocrx_word' id='word_1_150' title='bbox 1259 1884 1289 1935; x_wconf 83' lang='grc' dir='ltr'><strong>ὁ</strong></span> <span class='ocrx_word' id='word_1_151' title='bbox 1334 1881 1394 1935; x_wconf 77' lang='grc' dir='ltr'>τδ</span> <span class='ocrx_word' id='word_1_152' title='bbox 1447 1879 1635 1953; x_wconf 77' lang='grc' dir='ltr'>μεῖζον</span> <span class='ocrx_word' id='word_1_153' title='bbox 1682 1881 1854 1951; x_wconf 77' lang='grc' dir='ltr'>ἔχων,</span> <span class='ocrx_word' id='word_1_154' title='bbox 1902 1881 2003 1935; x_wconf 84' lang='grc' dir='ltr'>οὐκ</span> 
     </span>
    </p>
   </div>
   <div class='ocr_carea' id='block_1_21' title="bbox 422 1962 2003 2036">
    <p class='ocr_par' dir='ltr' id='par_1_21' title="bbox 422 1962 2003 2036">
     <span class='ocr_line' id='line_1_21' title="bbox 422 1962 2003 2036; baseline 0.001 -21"><span class='ocrx_word' id='word_1_155' title='bbox 422 1962 557 2033; x_wconf 79' lang='grc' dir='ltr'>ἔχει.</span> <span class='ocrx_word' id='word_1_156' title='bbox 599 1962 699 2017; x_wconf 84' lang='grc' dir='ltr'>Διά</span> <span class='ocrx_word' id='word_1_157' title='bbox 725 1964 885 2018; x_wconf 84' lang='grc' dir='ltr'>τοῦτό</span> <span class='ocrx_word' id='word_1_158' title='bbox 927 1981 1083 2036; x_wconf 76' lang='grc' dir='ltr'>φησιο</span> <span class='ocrx_word' id='word_1_159' title='bbox 1130 1964 1226 2034; x_wconf 81' lang='grc' dir='ltr'>Μὴ</span> <span class='ocrx_word' id='word_1_160' title='bbox 1273 1964 1498 2032; x_wconf 77' lang='grc' dir='ltr'>πάντες</span> <span class='ocrx_word' id='word_1_161' title='bbox 1543 1965 1855 2035; x_wconf 74' lang='grc' dir='ltr'>γλώσσαις</span> <span class='ocrx_word' id='word_1_162' title='bbox 1894 1967 2003 2019; x_wconf 66' lang='lat' dir='ltr'>Ja-</span> 
     </span>
    </p>
   </div>
   <div class='ocr_carea' id='block_1_22' title="bbox 420 2045 2003 2117">
    <p class='ocr_par' dir='ltr' id='par_1_22' title="bbox 420 2045 2003 2117">
     <span class='ocr_line' id='line_1_22' title="bbox 420 2045 2003 2117; baseline 0 -18"><span class='ocrx_word' id='word_1_163' title='bbox 420 2045 639 2110; x_wconf 70' lang='grc' dir='ltr'>λοῦσι;</span> <span class='ocrx_word' id='word_1_164' title='bbox 667 2046 753 2115; x_wconf 84' lang='grc' dir='ltr'><strong>μή</strong></span> <span class='ocrx_word' id='word_1_165' title='bbox 792 2045 1017 2113; x_wconf 82' lang='grc' dir='ltr'>πάντες</span> <span class='ocrx_word' id='word_1_166' title='bbox 1049 2047 1589 2117; x_wconf 79' lang='grc' dir='ltr'>διερμηνεύουσιν;</span> <span class='ocrx_word' id='word_1_167' title='bbox 1634 2046 1847 2111; x_wconf 81' lang='grc' dir='ltr'>’Ὥσπερ</span> <span class='ocrx_word' id='word_1_168' title='bbox 1892 2045 2003 2117; x_wconf 86' lang='grc' dir='ltr'>γὰρ</span> 
     </span>
    </p>
   </div>
   <div class='ocr_carea' id='block_1_23' title="bbox 423 2128 2004 2201">
    <p class='ocr_par' dir='ltr' id='par_1_23' title="bbox 423 2128 2004 2201">
     <span class='ocr_line' id='line_1_23' title="bbox 423 2128 2004 2201; baseline 0 -19"><span class='ocrx_word' id='word_1_169' title='bbox 423 2128 499 2182; x_wconf 69' lang='grc' dir='ltr'>τὰ</span> <span class='ocrx_word' id='word_1_170' title='bbox 528 2128 741 2199; x_wconf 89' lang='grc' dir='ltr'>μεγάλα</span> <span class='ocrx_word' id='word_1_171' title='bbox 781 2130 843 2182; x_wconf 83' lang='grc' dir='ltr'>οὐ</span> <span class='ocrx_word' id='word_1_172' title='bbox 876 2131 1042 2184; x_wconf 80' lang='grc' dir='ltr'>πᾶσιν</span> <span class='ocrx_word' id='word_1_173' title='bbox 1072 2131 1366 2201; x_wconf 88' lang='grc' dir='ltr'>ἐχαρίσατο</span> <span class='ocrx_word' id='word_1_174' title='bbox 1393 2133 1422 2184; x_wconf 88' lang='grc' dir='ltr'>ό</span> <span class='ocrx_word' id='word_1_175' title='bbox 1452 2131 1586 2195; x_wconf 83' lang='grc' dir='ltr'>Θεὸς</span> <span class='ocrx_word' id='word_1_176' title='bbox 1629 2131 1829 2197; x_wconf 87' lang='grc' dir='ltr'>πάντα,</span> <span class='ocrx_word' id='word_1_177' title='bbox 1862 2130 2004 2185; x_wconf 83' lang='grc' dir='ltr'>ἀλλά</span> 
     </span>
    </p>
   </div>
   <div class='ocr_carea' id='block_1_24' title="bbox 425 2213 2001 2282">
    <p class='ocr_par' dir='ltr' id='par_1_24' title="bbox 425 2213 2001 2282">
     <span class='ocr_line' id='line_1_24' title="bbox 425 2213 2001 2282; baseline 0.001 -16"><span class='ocrx_word' id='word_1_178' title='bbox 425 2215 541 2276; x_wconf 64' lang='lat' dir='ltr'>1d;</span> <span class='ocrx_word' id='word_1_179' title='bbox 581 2214 681 2282; x_wconf 73' lang='grc' dir='ltr'>μὲν</span> <span class='ocrx_word' id='word_1_180' title='bbox 729 2213 913 2280; x_wconf 85' lang='grc' dir='ltr'>τοῦτο,</span> <span class='ocrx_word' id='word_1_181' title='bbox 947 2217 1060 2279; x_wconf 88' lang='grc' dir='ltr'>τοῖς</span> <span class='ocrx_word' id='word_1_182' title='bbox 1101 2214 1158 2269; x_wconf 86' lang='grc' dir='ltr'>δὲ</span> <span class='ocrx_word' id='word_1_183' title='bbox 1197 2216 1394 2269; x_wconf 82' lang='grc' dir='ltr'>ἐκεῖνο·</span> <span class='ocrx_word' id='word_1_184' title='bbox 1443 2216 1586 2270; x_wconf 77' lang='grc' dir='ltr'>οὕτω</span> <span class='ocrx_word' id='word_1_185' title='bbox 1620 2217 1714 2271; x_wconf 76' lang='grc' dir='ltr'>καὶ</span> <span class='ocrx_word' id='word_1_186' title='bbox 1758 2217 1851 2269; x_wconf 74' lang='grc' dir='ltr'>ἐπὶ</span> <span class='ocrx_word' id='word_1_187' title='bbox 1893 2214 2001 2269; x_wconf 79' lang='grc' dir='ltr'>τῶν</span> 
     </span>
    </p>
   </div>
   <div class='ocr_carea' id='block_1_25' title="bbox 426 2294 1999 2369">
    <p class='ocr_par' dir='ltr' id='par_1_25' title="bbox 426 2294 1999 2369">
     <span class='ocr_line' id='line_1_25' title="bbox 426 2294 1999 2369; baseline 0.001 -21"><span class='ocrx_word' id='word_1_188' title='bbox 426 2294 723 2349; x_wconf 74' lang='grc' dir='ltr'>ἐλαττόνων</span> <span class='ocrx_word' id='word_1_189' title='bbox 800 2297 1092 2367; x_wconf 85' lang='grc' dir='ltr'>ἐποίησεν,</span> <span class='ocrx_word' id='word_1_190' title='bbox 1145 2297 1268 2351; x_wconf 78' lang='grc' dir='ltr'>οὐδὲ</span> <span class='ocrx_word' id='word_1_191' title='bbox 1337 2298 1510 2353; x_wconf 86' lang='grc' dir='ltr'>ταῦτα</span> <span class='ocrx_word' id='word_1_192' title='bbox 1565 2300 1700 2353; x_wconf 77' lang='grc' dir='ltr'>πᾶσι</span> <span class='ocrx_word' id='word_1_193' title='bbox 1755 2297 1999 2369; x_wconf 88' lang='grc' dir='ltr'>προθείς.</span> 
     </span>
    </p>
   </div>
   <div class='ocr_carea' id='block_1_26' title="bbox 438 2377 2003 2452">
    <p class='ocr_par' dir='ltr' id='par_1_26' title="bbox 438 2377 2003 2452">
     <span class='ocr_line' id='line_1_26' title="bbox 438 2377 2003 2452; baseline 0.001 -22"><span class='ocrx_word' id='word_1_194' title='bbox 438 2377 690 2448; x_wconf 81' lang='grc' dir='ltr'>Ἐποίησε</span> <span class='ocrx_word' id='word_1_195' title='bbox 716 2378 773 2432; x_wconf 80' lang='grc' dir='ltr'>δὲ</span> <span class='ocrx_word' id='word_1_196' title='bbox 798 2378 979 2446; x_wconf 90' lang='grc' dir='ltr'>τοῦτο,</span> <span class='ocrx_word' id='word_1_197' title='bbox 1012 2379 1217 2451; x_wconf 75' lang='grc' dir='ltr'>πολλὴν</span> <span class='ocrx_word' id='word_1_198' title='bbox 1252 2382 1316 2434; x_wconf 89' lang='grc' dir='ltr'>ἐκ</span> <span class='ocrx_word' id='word_1_199' title='bbox 1336 2380 1530 2434; x_wconf 85' lang='grc' dir='ltr'>τούτου</span> <span class='ocrx_word' id='word_1_200' title='bbox 1560 2380 1660 2452; x_wconf 80' lang='grc' dir='ltr'>τὴν</span> <span class='ocrx_word' id='word_1_201' title='bbox 1683 2380 2003 2452; x_wconf 79' lang='grc' dir='ltr'>συμφωνίαν</span> 
     </span>
    </p>
   </div>
   <div class='ocr_carea' id='block_1_27' title="bbox 420 2461 2004 2535">
    <p class='ocr_par' dir='ltr' id='par_1_27' title="bbox 420 2461 2004 2535">
     <span class='ocr_line' id='line_1_27' title="bbox 420 2461 2004 2535; baseline 0.001 -20"><span class='ocrx_word' id='word_1_202' title='bbox 420 2461 521 2515; x_wconf 81' lang='grc' dir='ltr'>καὶ</span> <span class='ocrx_word' id='word_1_203' title='bbox 550 2461 651 2533; x_wconf 77' lang='grc' dir='ltr'>τὴν</span> <span class='ocrx_word' id='word_1_204' title='bbox 683 2461 904 2533; x_wconf 82' lang='grc' dir='ltr'>ἀγάπην</span> <span class='ocrx_word' id='word_1_205' title='bbox 925 2462 1245 2534; x_wconf 73' lang='grc' dir='ltr'>οἰκοδομῶν,</span> <span class='ocrx_word' id='word_1_206' title='bbox 1272 2463 1359 2517; x_wconf 79' lang='grc' dir='ltr'>ἴνα</span> <span class='ocrx_word' id='word_1_207' title='bbox 1388 2464 1620 2528; x_wconf 74' lang='grc' dir='ltr'>ἕκαστος</span> <span class='ocrx_word' id='word_1_208' title='bbox 1648 2464 1743 2517; x_wconf 87' lang='grc' dir='ltr'>τοῦ</span> <span class='ocrx_word' id='word_1_209' title='bbox 1771 2463 2004 2535; x_wconf 81' lang='grc' dir='ltr'>πλησίον</span> 
     </span>
    </p>
   </div>
   <div class='ocr_carea' id='block_1_28' title="bbox 419 2543 2005 2616">
    <p class='ocr_par' dir='ltr' id='par_1_28' title="bbox 419 2543 2005 2616">
     <span class='ocr_line' id='line_1_28' title="bbox 419 2543 2005 2616; baseline 0.002 -21"><span class='ocrx_word' id='word_1_210' title='bbox 419 2543 676 2613; x_wconf 87' lang='grc' dir='ltr'>δεόμενος</span> <span class='ocrx_word' id='word_1_211' title='bbox 726 2545 1026 2615; x_wconf 78' lang='grc' dir='ltr'>συνάγηται</span> <span class='ocrx_word' id='word_1_212' title='bbox 1080 2545 1218 2616; x_wconf 79' lang='grc' dir='ltr'>πρὸς</span> <span class='ocrx_word' id='word_1_213' title='bbox 1260 2545 1353 2598; x_wconf 81' lang='grc' dir='ltr'>τὸν</span> <span class='ocrx_word' id='word_1_214' title='bbox 1401 2546 1650 2615; x_wconf 87' lang='grc' dir='ltr'>ἀδελφόν.</span> <span class='ocrx_word' id='word_1_215' title='bbox 1690 2546 1861 2599; x_wconf 84' lang='grc' dir='ltr'>Τοῦτο</span> <span class='ocrx_word' id='word_1_216' title='bbox 1910 2545 2005 2598; x_wconf 79' lang='grc' dir='ltr'>καὶ</span> 
     </span>
    </p>
   </div>
   <div class='ocr_carea' id='block_1_29' title="bbox 410 2626 2006 2699">
    <p class='ocr_par' dir='ltr' id='par_1_29' title="bbox 410 2626 2006 2699">
     <span class='ocr_line' id='line_1_29' title="bbox 410 2626 2006 2699; baseline 0.001 -21"><span class='ocrx_word' id='word_1_217' title='bbox 410 2626 484 2687; x_wconf 42' lang='grc' dir='ltr'>,ἐν</span> <span class='ocrx_word' id='word_1_218' title='bbox 505 2629 624 2689; x_wconf 87' lang='grc' dir='ltr'>ταῖς</span> <span class='ocrx_word' id='word_1_219' title='bbox 646 2626 860 2696; x_wconf 79' lang='grc' dir='ltr'>τέχναις</span> <span class='ocrx_word' id='word_1_220' title='bbox 890 2626 1233 2699; x_wconf 84' lang='grc' dir='ltr'>ᾠκονόμησε,</span> <span class='ocrx_word' id='word_1_221' title='bbox 1278 2626 1443 2682; x_wconf 87' lang='grc' dir='ltr'>τοῦτο</span> <span class='ocrx_word' id='word_1_222' title='bbox 1483 2629 1578 2681; x_wconf 80' lang='grc' dir='ltr'>καί</span> <span class='ocrx_word' id='word_1_223' title='bbox 1617 2629 1676 2681; x_wconf 83' lang='grc' dir='ltr'>ὲν</span> <span class='ocrx_word' id='word_1_224' title='bbox 1721 2630 1833 2691; x_wconf 88' lang='grc' dir='ltr'>τοῖς</span> <span class='ocrx_word' id='word_1_225' title='bbox 1863 2643 2006 2680; x_wconf 81' lang='grc' dir='ltr'>στοι-</span> 
     </span>
    </p>
   </div>
   <div class='ocr_carea' id='block_1_30' title="bbox 420 2709 2005 2782">
    <p class='ocr_par' dir='ltr' id='par_1_30' title="bbox 420 2709 2005 2782">
     <span class='ocr_line' id='line_1_30' title="bbox 420 2709 2005 2782; baseline 0.002 -22"><span class='ocrx_word' id='word_1_226' title='bbox 420 2709 612 2778; x_wconf 81' lang='grc' dir='ltr'>χείοις,</span> <span class='ocrx_word' id='word_1_227' title='bbox 644 2709 802 2762; x_wconf 90' lang='grc' dir='ltr'>τοῦτο</span> <span class='ocrx_word' id='word_1_228' title='bbox 826 2710 923 2763; x_wconf 75' lang='grc' dir='ltr'>καὶ</span> <span class='ocrx_word' id='word_1_229' title='bbox 965 2712 1023 2764; x_wconf 86' lang='grc' dir='ltr'>ἐν</span> <span class='ocrx_word' id='word_1_230' title='bbox 1052 2712 1165 2775; x_wconf 89' lang='grc' dir='ltr'>τοῖς</span> <span class='ocrx_word' id='word_1_231' title='bbox 1213 2713 1403 2779; x_wconf 78' lang='grc' dir='ltr'>φυτοῖς</span> <span class='ocrx_word' id='word_1_232' title='bbox 1451 2711 1546 2765; x_wconf 72' lang='grc' dir='ltr'>καὶ</span> <span class='ocrx_word' id='word_1_233' title='bbox 1576 2713 1634 2766; x_wconf 80' lang='grc' dir='ltr'>ἐν</span> <span class='ocrx_word' id='word_1_234' title='bbox 1676 2713 1789 2775; x_wconf 88' lang='grc' dir='ltr'>τοῖς</span> <span class='ocrx_word' id='word_1_235' title='bbox 1818 2710 2005 2782; x_wconf 83' lang='grc' dir='ltr'>μέλεσι</span> 
     </span>
    </p>
   </div>
   <div class='ocr_carea' id='block_1_31' title="bbox 378 2792 1501 2863">
    <p class='ocr_par' dir='ltr' id='par_1_31' title="bbox 378 2792 1501 2863">
     <span class='ocr_line' id='line_1_31' title="bbox 378 2792 1501 2863; baseline 0 -16"><span class='ocrx_word' id='word_1_236' title='bbox 378 2800 381 2803; x_wconf 76' lang='grc'><em>’</em></span> <span class='ocrx_word' id='word_1_237' title='bbox 417 2793 538 2855; x_wconf 72' lang='grc' dir='ltr'>τοῖς</span> <span class='ocrx_word' id='word_1_238' title='bbox 567 2792 857 2863; x_wconf 79' lang='grc' dir='ltr'>ἡμετέροις</span> <span class='ocrx_word' id='word_1_239' title='bbox 881 2793 977 2846; x_wconf 70' lang='grc' dir='ltr'>καὶ</span> <span class='ocrx_word' id='word_1_240' title='bbox 1010 2795 1069 2847; x_wconf 84' lang='grc' dir='ltr'>ἐν</span> <span class='ocrx_word' id='word_1_241' title='bbox 1099 2796 1266 2847; x_wconf 81' lang='grc' dir='ltr'>πᾶσιν</span> <span class='ocrx_word' id='word_1_242' title='bbox 1292 2793 1501 2858; x_wconf 82' lang='grc' dir='ltr'>ἁπλῶς.</span> 
     </span>
    </p>
   </div>
   <div class='ocr_carea' id='block_1_32' title="bbox 495 2869 2005 2947">
    <p class='ocr_par' dir='ltr' id='par_1_32' title="bbox 495 2869 2005 2947">
     <span class='ocr_line' id='line_1_32' title="bbox 495 2869 2005 2947; baseline 0.001 -22"><span class='ocrx_word' id='word_1_243' title='bbox 495 2880 566 2941; x_wconf 87' lang='grc' dir='ltr'>γ’.</span> <span class='ocrx_word' id='word_1_244' title='bbox 583 2869 718 2928; x_wconf 76' lang='grc' dir='ltr'>Εἶτα</span> <span class='ocrx_word' id='word_1_245' title='bbox 733 2876 929 2943; x_wconf 78' lang='grc' dir='ltr'>ἐπάγει</span> <span class='ocrx_word' id='word_1_246' title='bbox 940 2873 1125 2929; x_wconf 85' lang='grc' dir='ltr'>λοιπδν</span> <span class='ocrx_word' id='word_1_247' title='bbox 1141 2876 1241 2945; x_wconf 80' lang='grc' dir='ltr'>τὴν</span> <span class='ocrx_word' id='word_1_248' title='bbox 1273 2876 1613 2947; x_wconf 81' lang='grc' dir='ltr'>κυριωτάτην</span> <span class='ocrx_word' id='word_1_249' title='bbox 1629 2874 2005 2946; x_wconf 70' lang='grc' dir='ltr'>παραμυθίαν,</span> 
     </span>
    </p>
   </div>
   <div class='ocr_carea' id='block_1_33' title="bbox 418 2956 2006 3029">
    <p class='ocr_par' dir='ltr' id='par_1_33' title="bbox 418 2956 2006 3029">
     <span class='ocr_line' id='line_1_33' title="bbox 418 2956 2006 3029; baseline 0 -19"><span class='ocrx_word' id='word_1_250' title='bbox 418 2956 520 3010; x_wconf 73' lang='grc' dir='ltr'>καὶ</span> <span class='ocrx_word' id='word_1_251' title='bbox 550 2956 737 3028; x_wconf 83' lang='grc' dir='ltr'>ίκανὴν</span> <span class='ocrx_word' id='word_1_252' title='bbox 768 2957 967 3022; x_wconf 72' lang='grc' dir='ltr'>αὐτοὺς</span> <span class='ocrx_word' id='word_1_253' title='bbox 995 2958 1405 3029; x_wconf 75' lang='grc' dir='ltr'>ἀνακτήσασθαι</span> <span class='ocrx_word' id='word_1_254' title='bbox 1438 2959 1533 3012; x_wconf 78' lang='grc' dir='ltr'>καὶ</span> <span class='ocrx_word' id='word_1_255' title='bbox 1565 2957 1875 3011; x_wconf 87' lang='grc' dir='ltr'>ἀναπαῦσαι</span> <span class='ocrx_word' id='word_1_256' title='bbox 1904 2958 2006 3028; x_wconf 80' lang='grc' dir='ltr'>τὴν</span> 
     </span>
    </p>
   </div>
   <div class='ocr_carea' id='block_1_34' title="bbox 418 3038 2002 3112">
    <p class='ocr_par' dir='ltr' id='par_1_34' title="bbox 418 3038 2002 3112">
     <span class='ocr_line' id='line_1_34' title="bbox 418 3038 2002 3112; baseline 0.001 -21"><span class='ocrx_word' id='word_1_257' title='bbox 418 3038 767 3111; x_wconf 74' lang='grc' dir='ltr'>ὀδυνωμένην</span> <span class='ocrx_word' id='word_1_258' title='bbox 812 3040 1015 3111; x_wconf 74' lang='grc' dir='ltr'>ψυχήν.</span> <span class='ocrx_word' id='word_1_259' title='bbox 1064 3040 1159 3103; x_wconf 87' lang='grc' dir='ltr'>Τίς</span> <span class='ocrx_word' id='word_1_260' title='bbox 1212 3041 1268 3094; x_wconf 82' lang='grc' dir='ltr'>δὲ</span> <span class='ocrx_word' id='word_1_261' title='bbox 1324 3041 1460 3112; x_wconf 85' lang='grc' dir='ltr'>αῦτη</span> <span class='ocrx_word' id='word_1_262' title='bbox 1516 3039 1666 3106; x_wconf 80' lang='grc' dir='ltr'>ὲστίς</span> <span class='ocrx_word' id='word_1_263' title='bbox 1714 3039 2002 3107; x_wconf 80' lang='grc' dir='ltr'>Ζηλοῦτε,</span> 
     </span>
    </p>
   </div>
   <div class='ocr_carea' id='block_1_35' title="bbox 422 3121 2003 3193">
    <p class='ocr_par' dir='ltr' id='par_1_35' title="bbox 422 3121 2003 3193">
     <span class='ocr_line' id='line_1_35' title="bbox 422 3121 2003 3193; baseline 0.001 -18"><span class='ocrx_word' id='word_1_264' title='bbox 422 3122 582 3193; x_wconf 69' lang='grc' dir='ltr'>φησί,</span> <span class='ocrx_word' id='word_1_265' title='bbox 621 3121 696 3176; x_wconf 82' lang='grc' dir='ltr'>τὰ</span> <span class='ocrx_word' id='word_1_266' title='bbox 742 3123 1083 3192; x_wconf 81' lang='grc' dir='ltr'>χαρίσματα</span> <span class='ocrx_word' id='word_1_267' title='bbox 1116 3124 1190 3178; x_wconf 82' lang='grc' dir='ltr'>τὰ</span> <span class='ocrx_word' id='word_1_268' title='bbox 1220 3125 1549 3193; x_wconf 79' lang='grc' dir='ltr'>κρείττονα.</span> <span class='ocrx_word' id='word_1_269' title='bbox 1597 3122 1710 3178; x_wconf 74' lang='grc' dir='ltr'>Καὶ</span> <span class='ocrx_word' id='word_1_270' title='bbox 1755 3122 1843 3177; x_wconf 77' lang='grc' dir='ltr'>ἔτι</span> <span class='ocrx_word' id='word_1_271' title='bbox 1874 3124 2003 3177; x_wconf 81' lang='grc' dir='ltr'>καθ’</span> 
     </span>
    </p>
   </div>
   <div class='ocr_carea' id='block_1_36' title="bbox 423 3202 2005 3276">
    <p class='ocr_par' dir='ltr' id='par_1_36' title="bbox 423 3202 2005 3276">
     <span class='ocr_line' id='line_1_36' title="bbox 423 3202 2005 3276; baseline 0 -17"><span class='ocrx_word' id='word_1_272' title='bbox 423 3205 772 3274; x_wconf 69' lang='grc' dir='ltr'>ὑπερϐολὴν</span> <span class='ocrx_word' id='word_1_273' title='bbox 816 3206 962 3261; x_wconf 79' lang='grc' dir='ltr'>ὁδὸν</span> <span class='ocrx_word' id='word_1_274' title='bbox 1006 3205 1281 3275; x_wconf 78' lang='grc' dir='ltr'>δείκνυμι</span> <span class='ocrx_word' id='word_1_275' title='bbox 1332 3206 1492 3276; x_wconf 81' lang='grc' dir='ltr'>ὑμῖν.</span> <span class='ocrx_word' id='word_1_276' title='bbox 1543 3203 1714 3263; x_wconf 78' lang='grc' dir='ltr'>Τοῦτο</span> <span class='ocrx_word' id='word_1_277' title='bbox 1742 3204 1799 3263; x_wconf 79' lang='grc' dir='ltr'>δὲ</span> <span class='ocrx_word' id='word_1_278' title='bbox 1831 3202 2005 3259; x_wconf 82' lang='grc' dir='ltr'>εἰπὼν</span> 
     </span>
    </p>
   </div>
   <div class='ocr_carea' id='block_1_37' title="bbox 422 3287 2005 3360">
    <p class='ocr_par' dir='ltr' id='par_1_37' title="bbox 422 3287 2005 3360">
     <span class='ocr_line' id='line_1_37' title="bbox 422 3287 2005 3360; baseline 0.002 -21"><span class='ocrx_word' id='word_1_279' title='bbox 422 3289 525 3358; x_wconf 69' lang='grc' dir='ltr'>ηρέ</span> <span class='ocrx_word' id='word_1_280' title='bbox 535 3305 612 3359; x_wconf 87' lang='grc' dir='ltr'>μα</span> <span class='ocrx_word' id='word_1_281' title='bbox 657 3288 880 3360; x_wconf 63' lang='grc' dir='ltr'>ᾐνίξατο</span> <span class='ocrx_word' id='word_1_282' title='bbox 905 3291 1111 3357; x_wconf 90' lang='grc' dir='ltr'>αἰτίους</span> <span class='ocrx_word' id='word_1_283' title='bbox 1147 3289 1309 3352; x_wconf 73' lang='grc' dir='ltr'>ὄντας</span> <span class='ocrx_word' id='word_1_284' title='bbox 1340 3288 1437 3348; x_wconf 84' lang='grc' dir='ltr'>τοῦ</span> <span class='ocrx_word' id='word_1_285' title='bbox 1470 3287 1541 3344; x_wconf 82' lang='grc' dir='ltr'>τά</span> <span class='ocrx_word' id='word_1_286' title='bbox 1573 3288 1830 3343; x_wconf 81' lang='grc' dir='ltr'>ἐλάττονα</span> <span class='ocrx_word' id='word_1_287' title='bbox 1862 3288 2005 3359; x_wconf 91' lang='grc' dir='ltr'>λαμ-</span> 
     </span>
    </p>
   </div>
   <div class='ocr_carea' id='block_1_38' title="bbox 424 3371 2006 3444">
    <p class='ocr_par' dir='ltr' id='par_1_38' title="bbox 424 3371 2006 3444">
     <span class='ocr_line' id='line_1_38' title="bbox 424 3371 2006 3444; baseline 0.001 -20"><span class='ocrx_word' id='word_1_288' title='bbox 424 3371 633 3439; x_wconf 78' lang='grc' dir='ltr'>ϐάνειν,</span> <span class='ocrx_word' id='word_1_289' title='bbox 685 3372 781 3428; x_wconf 75' lang='grc' dir='ltr'>καί</span> <span class='ocrx_word' id='word_1_290' title='bbox 812 3371 1059 3443; x_wconf 82' lang='grc' dir='ltr'>κυρίους,</span> <span class='ocrx_word' id='word_1_291' title='bbox 1110 3375 1160 3430; x_wconf 85' lang='grc' dir='ltr'>εί</span> <span class='ocrx_word' id='word_1_292' title='bbox 1211 3373 1504 3442; x_wconf 85' lang='grc' dir='ltr'>βούλοιντο,</span> <span class='ocrx_word' id='word_1_293' title='bbox 1534 3372 1628 3427; x_wconf 88' lang='grc' dir='ltr'>τοῦ</span> <span class='ocrx_word' id='word_1_294' title='bbox 1660 3371 1729 3426; x_wconf 85' lang='grc' dir='ltr'>τά</span> <span class='ocrx_word' id='word_1_295' title='bbox 1784 3371 2006 3444; x_wconf 76' lang='grc' dir='ltr'>μείζονα</span> 
     </span>
    </p>
   </div>
   <div class='ocr_carea' id='block_1_39' title="bbox 421 3454 2006 3530">
    <p class='ocr_par' dir='ltr' id='par_1_39' title="bbox 421 3454 2006 3530">
     <span class='ocr_line' id='line_1_39' title="bbox 421 3454 2006 3530; baseline -0.001 -21"><span class='ocrx_word' id='word_1_296' title='bbox 421 3455 631 3511; x_wconf 71' lang='grc' dir='ltr'>λαϐεῖν.</span> <span class='ocrx_word' id='word_1_297' title='bbox 669 3455 841 3511; x_wconf 83' lang='grc' dir='ltr'>Ὅταν</span> <span class='ocrx_word' id='word_1_298' title='bbox 888 3456 998 3528; x_wconf 86' lang='grc' dir='ltr'>γὰρ</span> <span class='ocrx_word' id='word_1_299' title='bbox 1026 3456 1179 3527; x_wconf 71' lang='grc' dir='ltr'>εἴπῃ,</span> <span class='ocrx_word' id='word_1_300' title='bbox 1212 3455 1365 3530; x_wconf 61' lang='grc' dir='ltr'>μευ]</span> <span class='ocrx_word' id='word_1_301' title='bbox 1398 3455 1687 3523; x_wconf 75' lang='grc' dir='ltr'>Ζηλοῦτε,</span> <span class='ocrx_word' id='word_1_302' title='bbox 1731 3454 1831 3526; x_wconf 78' lang='grc' dir='ltr'>τὴν</span> <span class='ocrx_word' id='word_1_303' title='bbox 1874 3456 2006 3528; x_wconf 88' lang='grc' dir='ltr'>παρ’</span> 
     </span>
    </p>
   </div>
   <div class='ocr_carea' id='block_1_40' title="bbox 422 3539 2007 3613">
    <p class='ocr_par' dir='ltr' id='par_1_40' title="bbox 422 3539 2007 3613">
     <span class='ocr_line' id='line_1_40' title="bbox 422 3539 2007 3613; baseline -0.003 -17"><span class='ocrx_word' id='word_1_304' title='bbox 422 3540 648 3596; x_wconf 75' lang='grc' dir='ltr'>ἐκείνων</span> <span class='ocrx_word' id='word_1_305' title='bbox 678 3540 916 3611; x_wconf 79' lang='grc' dir='ltr'>σπουδὴν</span> <span class='ocrx_word' id='word_1_306' title='bbox 940 3541 1163 3596; x_wconf 84' lang='grc' dir='ltr'>ἀπαιτεῖ</span> <span class='ocrx_word' id='word_1_307' title='bbox 1183 3543 1276 3596; x_wconf 67' lang='grc' dir='ltr'>καὶ</span> <span class='ocrx_word' id='word_1_308' title='bbox 1308 3541 1405 3613; x_wconf 75' lang='grc' dir='ltr'>τὴν</span> <span class='ocrx_word' id='word_1_309' title='bbox 1443 3539 1736 3610; x_wconf 70' lang='grc' dir='ltr'>ἐπιθυμίαν</span> <span class='ocrx_word' id='word_1_310' title='bbox 1759 3539 1857 3611; x_wconf 83' lang='grc' dir='ltr'>τὴν</span> <span class='ocrx_word' id='word_1_311' title='bbox 1878 3540 2007 3611; x_wconf 82' lang='grc' dir='ltr'>περὶ</span> 
     </span>
    </p>
   </div>
   <div class='ocr_carea' id='block_1_41' title="bbox 422 3619 2003 3693">
    <p class='ocr_par' dir='ltr' id='par_1_41' title="bbox 422 3619 2003 3693">
     <span class='ocr_line' id='line_1_41' title="bbox 422 3619 2003 3693; baseline -0.003 -12"><span class='ocrx_word' id='word_1_312' title='bbox 422 3623 497 3681; x_wconf 73' lang='grc' dir='ltr'>τά</span> <span class='ocrx_word' id='word_1_313' title='bbox 524 3624 897 3693; x_wconf 80' lang='grc' dir='ltr'>πνευματικά.</span> <span class='ocrx_word' id='word_1_314' title='bbox 929 3623 1038 3678; x_wconf 76' lang='grc' dir='ltr'>Καὶ</span> <span class='ocrx_word' id='word_1_315' title='bbox 1082 3624 1183 3677; x_wconf 81' lang='grc' dir='ltr'>οὐκ</span> <span class='ocrx_word' id='word_1_316' title='bbox 1232 3619 1376 3689; x_wconf 80' lang='grc' dir='ltr'>εἰπε,</span> <span class='ocrx_word' id='word_1_317' title='bbox 1429 3623 1509 3677; x_wconf 87' lang='grc' dir='ltr'>Τά</span> <span class='ocrx_word' id='word_1_318' title='bbox 1559 3622 1803 3693; x_wconf 86' lang='grc' dir='ltr'>μείζονα,</span> <span class='ocrx_word' id='word_1_319' title='bbox 1847 3622 2003 3687; x_wconf 86' lang='grc' dir='ltr'>ἀλλά,</span> 
     </span>
    </p>
   </div>
   <div class='ocr_carea' id='block_1_42' title="bbox 426 3703 2005 3778">
    <p class='ocr_par' dir='ltr' id='par_1_42' title="bbox 426 3703 2005 3778">
     <span class='ocr_line' id='line_1_42' title="bbox 426 3703 2005 3778; baseline -0.003 -17"><span class='ocrx_word' id='word_1_320' title='bbox 426 3704 511 3762; x_wconf 81' lang='grc' dir='ltr'><strong><em>Τὰ</em></strong></span> <span class='ocrx_word' id='word_1_321' title='bbox 541 3707 876 3774; x_wconf 84' lang='grc' dir='ltr'>κρείττονα,</span> <span class='ocrx_word' id='word_1_322' title='bbox 909 3704 1178 3770; x_wconf 77' lang='grc' dir='ltr'>τουτέστι,</span> <span class='ocrx_word' id='word_1_323' title='bbox 1215 3705 1281 3759; x_wconf 83' lang='grc' dir='ltr'>τά</span> <span class='ocrx_word' id='word_1_324' title='bbox 1314 3703 1728 3778; x_wconf 85' lang='grc' dir='ltr'>χρησιμώτερα,</span> <span class='ocrx_word' id='word_1_325' title='bbox 1762 3703 1831 3757; x_wconf 83' lang='grc' dir='ltr'>τά</span> <span class='ocrx_word' id='word_1_326' title='bbox 1864 3722 2005 3775; x_wconf 90' lang='grc' dir='ltr'>συμ-</span> 
     </span>
    </p>
   </div>
   <div class='ocr_carea' id='block_1_43' title="bbox 426 3788 2007 3859">
    <p class='ocr_par' dir='ltr' id='par_1_43' title="bbox 426 3788 2007 3859">
     <span class='ocr_line' id='line_1_43' title="bbox 426 3788 2007 3859; baseline -0.001 -17"><span class='ocrx_word' id='word_1_327' title='bbox 426 3789 683 3859; x_wconf 81' lang='grc' dir='ltr'>φέροντα.</span> <span class='ocrx_word' id='word_1_328' title='bbox 720 3792 787 3842; x_wconf 77' lang='grc'>’0</span> <span class='ocrx_word' id='word_1_329' title='bbox 838 3789 897 3842; x_wconf 72' lang='grc' dir='ltr'>δέ</span> <span class='ocrx_word' id='word_1_330' title='bbox 937 3789 1110 3859; x_wconf 80' lang='grc' dir='ltr'>λέγει,</span> <span class='ocrx_word' id='word_1_331' title='bbox 1163 3788 1323 3844; x_wconf 89' lang='grc' dir='ltr'>τοῦτό</span> <span class='ocrx_word' id='word_1_332' title='bbox 1374 3790 1522 3842; x_wconf 79' lang='grc' dir='ltr'>ἐστι’</span> <span class='ocrx_word' id='word_1_333' title='bbox 1556 3788 1762 3842; x_wconf 85' lang='grc' dir='ltr'>Μένετε</span> <span class='ocrx_word' id='word_1_334' title='bbox 1820 3788 2007 3842; x_wconf 79' lang='grc' dir='ltr'>ἐπιθυ-</span> 
     </span>
    </p>
   </div>
   <div class='ocr_carea' id='block_1_44' title="bbox 426 3870 2004 3943">
    <p class='ocr_par' dir='ltr' id='par_1_44' title="bbox 426 3870 2004 3943">
     <span class='ocr_line' id='line_1_44' title="bbox 426 3870 2004 3943; baseline 0.001 -18"><span class='ocrx_word' id='word_1_335' title='bbox 426 3871 657 3943; x_wconf 85' lang='grc' dir='ltr'>μοῦντες</span> <span class='ocrx_word' id='word_1_336' title='bbox 688 3873 1069 3943; x_wconf 82' lang='grc' dir='ltr'>χαρισμάτων,</span> <span class='ocrx_word' id='word_1_337' title='bbox 1095 3874 1192 3926; x_wconf 78' lang='grc' dir='ltr'>καὶ</span> <span class='ocrx_word' id='word_1_338' title='bbox 1213 3872 1458 3938; x_wconf 84' lang='grc' dir='ltr'>δείκνυμι</span> <span class='ocrx_word' id='word_1_339' title='bbox 1483 3870 1601 3925; x_wconf 86' lang='grc' dir='ltr'>ὁδὺν</span> <span class='ocrx_word' id='word_1_340' title='bbox 1622 3872 2004 3943; x_wconf 82' lang='grc' dir='ltr'>χαρισμάτων·</span> 
     </span>
    </p>
   </div>
   <div class='ocr_carea' id='block_1_45' title="bbox 425 3950 2005 4027">
    <p class='ocr_par' dir='ltr' id='par_1_45' title="bbox 425 3950 2005 4027">
     <span class='ocr_line' id='line_1_45' title="bbox 425 3950 2005 4027; baseline 0.003 -21"><span class='ocrx_word' id='word_1_341' title='bbox 425 3954 577 4022; x_wconf 75' lang='grc' dir='ltr'>ὑμῖν.</span> <span class='ocrx_word' id='word_1_342' title='bbox 628 3954 763 4008; x_wconf 78' lang='grc' dir='ltr'>Ούδέ</span> <span class='ocrx_word' id='word_1_343' title='bbox 809 3955 921 4025; x_wconf 80' lang='grc' dir='ltr'>γὰρ</span> <span class='ocrx_word' id='word_1_344' title='bbox 965 3950 1112 4021; x_wconf 77' lang='grc' dir='ltr'>εἶπε,</span> <span class='ocrx_word' id='word_1_345' title='bbox 1164 3956 1447 4027; x_wconf 84' lang='grc' dir='ltr'>Χάρισμα,</span> <span class='ocrx_word' id='word_1_346' title='bbox 1505 3953 1621 4007; x_wconf 85' lang='grc' dir='ltr'>ἀλλ’</span> <span class='ocrx_word' id='word_1_347' title='bbox 1679 3953 1876 4018; x_wconf 83' lang='grc' dir='ltr'>Ὄδὸν,</span> <span class='ocrx_word' id='word_1_348' title='bbox 1916 3956 2005 4010; x_wconf 80' lang='grc' dir='ltr'>ἵνα</span> 
     </span>
    </p>
   </div>
   <div class='ocr_carea' id='block_1_46' title="bbox 427 4034 2003 4111">
    <p class='ocr_par' dir='ltr' id='par_1_46' title="bbox 427 4034 2003 4111">
     <span class='ocr_line' id='line_1_46' title="bbox 427 4034 2003 4111; baseline 0.004 -24"><span class='ocrx_word' id='word_1_349' title='bbox 427 4034 692 4103; x_wconf 78' lang='grc' dir='ltr'>μειζόνως</span> <span class='ocrx_word' id='word_1_350' title='bbox 724 4037 906 4111; x_wconf 81' lang='grc' dir='ltr'>ἐπάρῃ</span> <span class='ocrx_word' id='word_1_351' title='bbox 948 4037 1132 4104; x_wconf 88' lang='grc' dir='ltr'>τοῦτο,</span> <span class='ocrx_word' id='word_1_352' title='bbox 1173 4037 1205 4091; x_wconf 83' lang='grc' dir='ltr'>δ</span> <span class='ocrx_word' id='word_1_353' title='bbox 1239 4037 1426 4109; x_wconf 87' lang='grc' dir='ltr'>μέλλει</span> <span class='ocrx_word' id='word_1_354' title='bbox 1472 4036 1685 4105; x_wconf 79' lang='grc' dir='ltr'>λέγειν’</span> <span class='ocrx_word' id='word_1_355' title='bbox 1742 4038 1862 4092; x_wconf 77' lang='grc' dir='ltr'>οὐδὲ</span> <span class='ocrx_word' id='word_1_356' title='bbox 1896 4041 2003 4111; x_wconf 83' lang='grc' dir='ltr'>γὰρ</span> 
     </span>
    </p>
   </div>
   <div class='ocr_carea' id='block_1_47' title="bbox 433 4118 2003 4194">
    <p class='ocr_par' dir='ltr' id='par_1_47' title="bbox 433 4118 2003 4194">
     <span class='ocr_line' id='line_1_47' title="bbox 433 4118 2003 4194; baseline 0.005 -26"><span class='ocrx_word' id='word_1_357' title='bbox 433 4118 493 4168; x_wconf 80' lang='grc' dir='ltr'>ἐν</span> <span class='ocrx_word' id='word_1_358' title='bbox 527 4119 619 4171; x_wconf 74' lang='grc' dir='ltr'>καὶ</span> <span class='ocrx_word' id='word_1_359' title='bbox 663 4119 753 4173; x_wconf 86' lang='grc' dir='ltr'>δύο</span> <span class='ocrx_word' id='word_1_360' title='bbox 800 4122 895 4175; x_wconf 78' lang='grc' dir='ltr'>καὶ</span> <span class='ocrx_word' id='word_1_361' title='bbox 934 4121 1065 4194; x_wconf 87' lang='grc' dir='ltr'>τρία</span> <span class='ocrx_word' id='word_1_362' title='bbox 1095 4123 1413 4194; x_wconf 82' lang='grc' dir='ltr'>χαρίσματα</span> <span class='ocrx_word' id='word_1_363' title='bbox 1436 4120 1687 4192; x_wconf 82' lang='grc' dir='ltr'>δείκνυμι</span> <span class='ocrx_word' id='word_1_364' title='bbox 1716 4122 1866 4193; x_wconf 81' lang='grc' dir='ltr'>ὑμῖν,</span> <span class='ocrx_word' id='word_1_365' title='bbox 1889 4123 2003 4177; x_wconf 81' lang='grc' dir='ltr'>ἀλλ’</span> 
     </span>
    </p>
   </div>
   <div class='ocr_carea' id='block_1_48' title="bbox 424 4199 2005 4278">
    <p class='ocr_par' dir='ltr' id='par_1_48' title="bbox 424 4199 2005 4278">
     <span class='ocr_line' id='line_1_48' title="bbox 424 4199 2005 4278; baseline 0.004 -26"><span class='ocrx_word' id='word_1_366' title='bbox 424 4199 550 4253; x_wconf 75' lang='grc' dir='ltr'>ὁδὸν</span> <span class='ocrx_word' id='word_1_367' title='bbox 585 4201 715 4271; x_wconf 81' lang='grc' dir='ltr'>μίαν</span> <span class='ocrx_word' id='word_1_368' title='bbox 754 4204 851 4273; x_wconf 86' lang='grc' dir='ltr'>τὴν</span> <span class='ocrx_word' id='word_1_369' title='bbox 877 4205 971 4257; x_wconf 79' lang='grc' dir='ltr'>ἐπὶ</span> <span class='ocrx_word' id='word_1_370' title='bbox 1016 4205 1194 4259; x_wconf 86' lang='grc' dir='ltr'>πάντα</span> <span class='ocrx_word' id='word_1_371' title='bbox 1241 4203 1415 4258; x_wconf 89' lang='grc' dir='ltr'>ταῦτα</span> <span class='ocrx_word' id='word_1_372' title='bbox 1446 4205 1717 4277; x_wconf 84' lang='grc' dir='ltr'>φέρουσαν</span> <span class='ocrx_word' id='word_1_373' title='bbox 1738 4222 1750 4237; x_wconf 93' lang='grc'><strong>·</strong></span> <span class='ocrx_word' id='word_1_374' title='bbox 1783 4206 1880 4259; x_wconf 78' lang='grc' dir='ltr'>καὶ</span> <span class='ocrx_word' id='word_1_375' title='bbox 1907 4207 2005 4278; x_wconf 84' lang='grc' dir='ltr'>οὐχ</span> 
     </span>
    </p>
   </div>
   <div class='ocr_carea' id='block_1_49' title="bbox 424 4282 2005 4361">
    <p class='ocr_par' dir='ltr' id='par_1_49' title="bbox 424 4282 2005 4361">
     <span class='ocr_line' id='line_1_49' title="bbox 424 4282 2005 4361; baseline 0.006 -27"><span class='ocrx_word' id='word_1_376' title='bbox 424 4282 615 4347; x_wconf 81' lang='grc' dir='ltr'>ἁπλῶς</span> <span class='ocrx_word' id='word_1_377' title='bbox 639 4284 775 4350; x_wconf 84' lang='grc' dir='ltr'>όδδν,</span> <span class='ocrx_word' id='word_1_378' title='bbox 801 4285 941 4340; x_wconf 82' lang='grc' dir='ltr'>ἀλλά</span> <span class='ocrx_word' id='word_1_379' title='bbox 965 4289 1059 4340; x_wconf 73' lang='grc' dir='ltr'>καὶ</span> <span class='ocrx_word' id='word_1_380' title='bbox 1083 4288 1203 4358; x_wconf 88' lang='grc' dir='ltr'>μεθ’</span> <span class='ocrx_word' id='word_1_381' title='bbox 1226 4286 1555 4361; x_wconf 81' lang='grc' dir='ltr'>ὑπερϐολῆς,</span> <span class='ocrx_word' id='word_1_382' title='bbox 1580 4288 1674 4341; x_wconf 86' lang='grc' dir='ltr'>καί</span> <span class='ocrx_word' id='word_1_383' title='bbox 1695 4291 1847 4360; x_wconf 79' lang='grc' dir='ltr'>κοινῇ</span> <span class='ocrx_word' id='word_1_384' title='bbox 1872 4291 2005 4343; x_wconf 82' lang='grc' dir='ltr'>πᾶσι</span> 
     </span>
    </p>
   </div>
   <div class='ocr_carea' id='block_1_50' title="bbox 422 4368 2004 4443">
    <p class='ocr_par' dir='ltr' id='par_1_50' title="bbox 422 4368 2004 4443">
     <span class='ocr_line' id='line_1_50' title="bbox 422 4368 2004 4443; baseline 0.004 -24"><span class='ocrx_word' id='word_1_385' title='bbox 422 4368 812 4439; x_wconf 79' lang='grc' dir='ltr'>προκειμένην.</span> <span class='ocrx_word' id='word_1_386' title='bbox 849 4369 925 4423; x_wconf 82' lang='grc' dir='ltr'>Οὐ</span> <span class='ocrx_word' id='word_1_387' title='bbox 954 4371 1064 4440; x_wconf 84' lang='grc' dir='ltr'>γὰρ</span> <span class='ocrx_word' id='word_1_388' title='bbox 1090 4370 1280 4441; x_wconf 83' lang='grc' dir='ltr'>ὥσπερ</span> <span class='ocrx_word' id='word_1_389' title='bbox 1323 4370 1393 4423; x_wconf 87' lang='grc' dir='ltr'>τὰ</span> <span class='ocrx_word' id='word_1_390' title='bbox 1420 4369 1731 4441; x_wconf 87' lang='grc' dir='ltr'>χαρίσματα</span> <span class='ocrx_word' id='word_1_391' title='bbox 1763 4375 1875 4436; x_wconf 85' lang='grc' dir='ltr'>τοῖς</span> <span class='ocrx_word' id='word_1_392' title='bbox 1906 4373 2004 4443; x_wconf 74' lang='grc' dir='ltr'>μὲν</span> 
     </span>
    </p>
   </div>
   <div class='ocr_carea' id='block_1_51' title="bbox 419 4450 2000 4522">
    <p class='ocr_par' dir='ltr' id='par_1_51' title="bbox 419 4450 2000 4522">
     <span class='ocr_line' id='line_1_51' title="bbox 419 4450 2000 4522; baseline 0.005 -21"><span class='ocrx_word' id='word_1_393' title='bbox 419 4450 617 4515; x_wconf 78' lang='grc' dir='ltr'>ταῦτα,</span> <span class='ocrx_word' id='word_1_394' title='bbox 648 4454 760 4519; x_wconf 76' lang='grc' dir='ltr'>τοῖς</span> <span class='ocrx_word' id='word_1_395' title='bbox 801 4452 859 4508; x_wconf 75' lang='grc' dir='ltr'>δὲ</span> <span class='ocrx_word' id='word_1_396' title='bbox 892 4456 1098 4519; x_wconf 75' lang='grc' dir='ltr'>ἐκεῖνα,</span> <span class='ocrx_word' id='word_1_397' title='bbox 1134 4454 1247 4509; x_wconf 78' lang='grc' dir='ltr'>ἀλλ’</span> <span class='ocrx_word' id='word_1_398' title='bbox 1286 4454 1346 4507; x_wconf 84' lang='grc' dir='ltr'>ού</span> <span class='ocrx_word' id='word_1_399' title='bbox 1391 4456 1527 4509; x_wconf 79' lang='grc' dir='ltr'>πᾶσι</span> <span class='ocrx_word' id='word_1_400' title='bbox 1571 4453 1751 4509; x_wconf 88' lang='grc' dir='ltr'>πάντα</span> <span class='ocrx_word' id='word_1_401' title='bbox 1775 4454 2000 4522; x_wconf 74' lang='grc' dir='ltr'>δέδοται,</span> 
     </span>
    </p>
   </div>
   <div class='ocr_carea' id='block_1_52' title="bbox 421 4530 2003 4608">
    <p class='ocr_par' dir='ltr' id='par_1_52' title="bbox 421 4530 2003 4608">
     <span class='ocr_line' id='line_1_52' title="bbox 421 4530 2003 4608; baseline 0.005 -24"><span class='ocrx_word' id='word_1_402' title='bbox 421 4530 566 4585; x_wconf 74' lang='grc' dir='ltr'>οὕτω</span> <span class='ocrx_word' id='word_1_403' title='bbox 594 4535 694 4587; x_wconf 73' lang='grc' dir='ltr'>καὶ</span> <span class='ocrx_word' id='word_1_404' title='bbox 718 4535 878 4589; x_wconf 85' lang='grc' dir='ltr'>τοῦτο</span> <span class='ocrx_word' id='word_1_405' title='bbox 897 4551 910 4565; x_wconf 90' lang='grc'><strong>·</strong></span> <span class='ocrx_word' id='word_1_406' title='bbox 940 4536 1076 4591; x_wconf 85' lang='grc' dir='ltr'>ἀλλά</span> <span class='ocrx_word' id='word_1_407' title='bbox 1104 4536 1390 4592; x_wconf 85' lang='grc' dir='ltr'>καθολικὺν</span> <span class='ocrx_word' id='word_1_408' title='bbox 1418 4535 1591 4608; x_wconf 85' lang='grc' dir='ltr'>δῶρόν</span> <span class='ocrx_word' id='word_1_409' title='bbox 1617 4538 1755 4590; x_wconf 85' lang='grc' dir='ltr'>ἐστι.</span> <span class='ocrx_word' id='word_1_410' title='bbox 1788 4537 1880 4590; x_wconf 83' lang='grc' dir='ltr'>Διὸ</span> <span class='ocrx_word' id='word_1_411' title='bbox 1908 4539 2003 4592; x_wconf 75' lang='grc' dir='ltr'>καὶ</span> 
     </span>
    </p>
   </div>
   <div class='ocr_carea' id='block_1_53' title="bbox 422 4619 2002 4696">
    <p class='ocr_par' dir='ltr' id='par_1_53' title="bbox 422 4619 2002 4696">
     <span class='ocr_line' id='line_1_53' title="bbox 422 4619 2002 4696; baseline 0.005 -24"><span class='ocrx_word' id='word_1_412' title='bbox 422 4619 633 4683; x_wconf 79' lang='grc' dir='ltr'>πάντας</span> <span class='ocrx_word' id='word_1_413' title='bbox 678 4623 760 4685; x_wconf 89' lang='grc' dir='ltr'>εἰς</span> <span class='ocrx_word' id='word_1_414' title='bbox 795 4622 954 4678; x_wconf 87' lang='grc' dir='ltr'>τοῦτο</span> <span class='ocrx_word' id='word_1_415' title='bbox 1000 4624 1189 4679; x_wconf 75' lang='grc' dir='ltr'>καλεῖο</span> <span class='ocrx_word' id='word_1_416' title='bbox 1237 4622 1503 4692; x_wconf 73' lang='grc' dir='ltr'>Ζηλοῦτε</span> <span class='ocrx_word' id='word_1_417' title='bbox 1552 4622 1682 4696; x_wconf 82' lang='grc' dir='ltr'>γάρ,</span> <span class='ocrx_word' id='word_1_418' title='bbox 1733 4625 1885 4694; x_wconf 82' lang='grc' dir='ltr'>φησὶ,</span> <span class='ocrx_word' id='word_1_419' title='bbox 1929 4625 2002 4680; x_wconf 82' lang='grc' dir='ltr'>τὰ</span> 
     </span>
    </p>
   </div>
   <div class='ocr_carea' id='block_1_54' title="bbox 421 4709 2003 4781">
    <p class='ocr_par' dir='ltr' id='par_1_54' title="bbox 421 4709 2003 4781">
     <span class='ocr_line' id='line_1_54' title="bbox 421 4709 2003 4781; baseline 0.004 -22"><span class='ocrx_word' id='word_1_420' title='bbox 421 4709 766 4779; x_wconf 74' lang='grc' dir='ltr'>χαρίσματα</span> <span class='ocrx_word' id='word_1_421' title='bbox 787 4710 861 4764; x_wconf 85' lang='grc' dir='ltr'>τὰ</span> <span class='ocrx_word' id='word_1_422' title='bbox 886 4711 1229 4779; x_wconf 75' lang='grc' dir='ltr'>κρείττονιν</span> <span class='ocrx_word' id='word_1_423' title='bbox 1254 4710 1355 4764; x_wconf 83' lang='grc' dir='ltr'>καί</span> <span class='ocrx_word' id='word_1_424' title='bbox 1380 4711 1467 4765; x_wconf 76' lang='grc' dir='ltr'>ἐτι</span> <span class='ocrx_word' id='word_1_425' title='bbox 1498 4710 1627 4765; x_wconf 79' lang='grc' dir='ltr'>καθ’</span> <span class='ocrx_word' id='word_1_426' title='bbox 1659 4710 2003 4781; x_wconf 72' lang='grc' dir='ltr'>ὑπερϐολὴν</span> 
     </span>
    </p>
   </div>
   <div class='ocr_carea' id='block_1_55' title="bbox 420 4789 2002 4866">
    <p class='ocr_par' dir='ltr' id='par_1_55' title="bbox 420 4789 2002 4866">
     <span class='ocr_line' id='line_1_55' title="bbox 420 4789 2002 4866; baseline 0.003 -23"><span class='ocrx_word' id='word_1_427' title='bbox 420 4789 571 4844; x_wconf 74' lang='grc' dir='ltr'>ὁδὸν</span> <span class='ocrx_word' id='word_1_428' title='bbox 595 4790 870 4861; x_wconf 76' lang='grc' dir='ltr'>δείκνυμι</span> <span class='ocrx_word' id='word_1_429' title='bbox 903 4792 1077 4863; x_wconf 53' lang='grc' dir='ltr'>ὑμῖν</span> <span class='ocrx_word' id='word_1_430' title='bbox 1116 4791 1219 4860; x_wconf 77' lang='grc' dir='ltr'>τὴν</span> <span class='ocrx_word' id='word_1_431' title='bbox 1269 4793 1489 4865; x_wconf 84' lang='grc' dir='ltr'>ἀγάπην</span> <span class='ocrx_word' id='word_1_432' title='bbox 1516 4793 1690 4863; x_wconf 85' lang='grc' dir='ltr'>λέγων</span> <span class='ocrx_word' id='word_1_433' title='bbox 1736 4794 1835 4864; x_wconf 81' lang='grc' dir='ltr'>τὴν</span> <span class='ocrx_word' id='word_1_434' title='bbox 1865 4794 2002 4866; x_wconf 82' lang='grc' dir='ltr'>πρὸς</span> 
     </span>
    </p>
   </div>
   <div class='ocr_carea' id='block_1_56' title="bbox 421 4871 2001 4949">
    <p class='ocr_par' dir='ltr' id='par_1_56' title="bbox 421 4871 2001 4949">
     <span class='ocr_line' id='line_1_56' title="bbox 421 4871 2001 4949; baseline 0.004 -24"><span class='ocrx_word' id='word_1_435' title='bbox 421 4872 514 4926; x_wconf 84' lang='grc' dir='ltr'>τδν</span> <span class='ocrx_word' id='word_1_436' title='bbox 554 4873 805 4944; x_wconf 88' lang='grc' dir='ltr'>πλησίον.</span> <span class='ocrx_word' id='word_1_437' title='bbox 858 4871 992 4930; x_wconf 85' lang='grc' dir='ltr'>Εἶτα</span> <span class='ocrx_word' id='word_1_438' title='bbox 1046 4876 1254 4948; x_wconf 83' lang='grc' dir='ltr'>μέλλων</span> <span class='ocrx_word' id='word_1_439' title='bbox 1302 4876 1584 4948; x_wconf 78' lang='grc' dir='ltr'>ἐμϐαίνειν</span> <span class='ocrx_word' id='word_1_440' title='bbox 1629 4877 1710 4940; x_wconf 85' lang='grc' dir='ltr'>εἰς</span> <span class='ocrx_word' id='word_1_441' title='bbox 1746 4876 1837 4932; x_wconf 82' lang='grc' dir='ltr'>τὸν</span> <span class='ocrx_word' id='word_1_442' title='bbox 1873 4879 2001 4949; x_wconf 78' lang='grc' dir='ltr'>περὶ</span> 
     </span>
    </p>
   </div>
   <div class='ocr_carea' id='block_1_57' title="bbox 423 4955 2001 5032">
    <p class='ocr_par' dir='ltr' id='par_1_57' title="bbox 423 4955 2001 5032">
     <span class='ocr_line' id='line_1_57' title="bbox 423 4955 2001 5032; baseline 0.002 -21"><span class='ocrx_word' id='word_1_443' title='bbox 423 4955 593 5029; x_wconf 79' lang='grc' dir='ltr'>αὐτῆς</span> <span class='ocrx_word' id='word_1_444' title='bbox 611 4956 770 5025; x_wconf 84' lang='grc' dir='ltr'>λόγον</span> <span class='ocrx_word' id='word_1_445' title='bbox 799 4959 891 5011; x_wconf 75' lang='grc' dir='ltr'>καὶ</span> <span class='ocrx_word' id='word_1_446' title='bbox 916 4960 977 5013; x_wconf 81' lang='grc' dir='ltr'>τδ</span> <span class='ocrx_word' id='word_1_447' title='bbox 1001 4959 1275 5032; x_wconf 89' lang='grc' dir='ltr'>ἐγκώμιον</span> <span class='ocrx_word' id='word_1_448' title='bbox 1302 4961 1396 5014; x_wconf 92' lang='grc' dir='ltr'>τοῦ</span> <span class='ocrx_word' id='word_1_449' title='bbox 1426 4958 1852 5031; x_wconf 84' lang='grc' dir='ltr'>κατορθώματος</span> <span class='ocrx_word' id='word_1_450' title='bbox 1878 4960 2001 5014; x_wconf 85' lang='grc' dir='ltr'>τού-</span> 
     </span>
    </p>
   </div>
   <div class='ocr_carea' id='block_1_58' title="bbox 421 5040 1999 5116">
    <p class='ocr_par' dir='ltr' id='par_1_58' title="bbox 421 5040 1999 5116">
     <span class='ocr_line' id='line_1_58' title="bbox 421 5040 1999 5116; baseline 0.003 -23"><span class='ocrx_word' id='word_1_451' title='bbox 421 5055 541 5105; x_wconf 79' lang='grc' dir='ltr'>του,</span> <span class='ocrx_word' id='word_1_452' title='bbox 589 5040 810 5112; x_wconf 86' lang='grc' dir='ltr'>πρῶτον</span> <span class='ocrx_word' id='word_1_453' title='bbox 847 5042 1105 5114; x_wconf 83' lang='grc' dir='ltr'>καθαιρεῖ</span> <span class='ocrx_word' id='word_1_454' title='bbox 1144 5043 1318 5098; x_wconf 87' lang='grc' dir='ltr'>ταῦτα</span> <span class='ocrx_word' id='word_1_455' title='bbox 1347 5046 1412 5114; x_wconf 80' lang='grc' dir='ltr'>τῇ</span> <span class='ocrx_word' id='word_1_456' title='bbox 1450 5044 1588 5116; x_wconf 81' lang='grc' dir='ltr'>πρὸς</span> <span class='ocrx_word' id='word_1_457' title='bbox 1623 5043 1836 5116; x_wconf 83' lang='grc' dir='ltr'>ἐκείνην</span> <span class='ocrx_word' id='word_1_458' title='bbox 1868 5060 1999 5109; x_wconf 86' lang='grc' dir='ltr'>συγ-</span> 
     </span>
    </p>
   </div>
   <div class='ocr_carea' id='block_1_59' title="bbox 424 5122 2001 5198">
    <p class='ocr_par' dir='ltr' id='par_1_59' title="bbox 424 5122 2001 5198">
     <span class='ocr_line' id='line_1_59' title="bbox 424 5122 2001 5198; baseline 0.003 -22"><span class='ocrx_word' id='word_1_459' title='bbox 424 5122 627 5190; x_wconf 80' lang='grc' dir='ltr'>κρίσει,</span> <span class='ocrx_word' id='word_1_460' title='bbox 675 5124 828 5179; x_wconf 74' lang='grc' dir='ltr'>οίρδέν</span> <span class='ocrx_word' id='word_1_461' title='bbox 864 5124 993 5179; x_wconf 74' lang='grc' dir='ltr'>ὂντα</span> <span class='ocrx_word' id='word_1_462' title='bbox 1047 5127 1264 5191; x_wconf 82' lang='grc' dir='ltr'>δεικνὺς</span> <span class='ocrx_word' id='word_1_463' title='bbox 1314 5125 1518 5196; x_wconf 84' lang='grc' dir='ltr'>ταύτης</span> <span class='ocrx_word' id='word_1_464' title='bbox 1551 5126 1745 5197; x_wconf 78' lang='grc' dir='ltr'>χωρὶς,</span> <span class='ocrx_word' id='word_1_465' title='bbox 1794 5125 2001 5198; x_wconf 87' lang='grc' dir='ltr'>σφόδρα</span> 
     </span>
    </p>
   </div>
   <div class='ocr_carea' id='block_1_60' title="bbox 425 5206 1999 5281">
    <p class='ocr_par' dir='ltr' id='par_1_60' title="bbox 425 5206 1999 5281">
     <span class='ocr_line' id='line_1_60' title="bbox 425 5206 1999 5281; baseline 0.004 -24"><span class='ocrx_word' id='word_1_466' title='bbox 425 5206 685 5270; x_wconf 83' lang='grc' dir='ltr'>συνετῶς.</span> <span class='ocrx_word' id='word_1_467' title='bbox 722 5208 784 5261; x_wconf 72' lang='lat' dir='ltr'>Ei</span> <span class='ocrx_word' id='word_1_468' title='bbox 817 5208 926 5281; x_wconf 76' lang='grc' dir='ltr'>γὰρ</span> <span class='ocrx_word' id='word_1_469' title='bbox 961 5209 1164 5273; x_wconf 82' lang='grc' dir='ltr'>εὐθέως</span> <span class='ocrx_word' id='word_1_470' title='bbox 1201 5210 1331 5280; x_wconf 78' lang='grc' dir='ltr'>περὶ</span> <span class='ocrx_word' id='word_1_471' title='bbox 1355 5210 1576 5280; x_wconf 83' lang='grc' dir='ltr'>ἀγάπης</span> <span class='ocrx_word' id='word_1_472' title='bbox 1602 5208 1869 5280; x_wconf 84' lang='grc' dir='ltr'>διελέχθη,</span> <span class='ocrx_word' id='word_1_473' title='bbox 1905 5210 1999 5264; x_wconf 76' lang='grc' dir='ltr'>καὶ</span> 
     </span>
    </p>
   </div>
   <div class='ocr_carea' id='block_1_61' title="bbox 422 5288 2001 5364">
    <p class='ocr_par' dir='ltr' id='par_1_61' title="bbox 422 5288 2001 5364">
     <span class='ocr_line' id='line_1_61' title="bbox 422 5288 2001 5364; baseline 0.004 -23"><span class='ocrx_word' id='word_1_474' title='bbox 422 5288 615 5356; x_wconf 78' lang='grc' dir='ltr'>είπὼν,</span> <span class='ocrx_word' id='word_1_475' title='bbox 678 5290 854 5345; x_wconf 82' lang='grc' dir='ltr'>Ὀδόν</span> <span class='ocrx_word' id='word_1_476' title='bbox 883 5291 1028 5361; x_wconf 80' lang='grc' dir='ltr'>ὑμῖν</span> <span class='ocrx_word' id='word_1_477' title='bbox 1080 5291 1373 5361; x_wconf 81' lang='grc' dir='ltr'>δείκνυμι,</span> <span class='ocrx_word' id='word_1_478' title='bbox 1415 5292 1719 5363; x_wconf 85' lang='grc' dir='ltr'>ἐπήγαγεν,</span> <span class='ocrx_word' id='word_1_479' title='bbox 1761 5292 1911 5364; x_wconf 82' lang='grc' dir='ltr'>Δῦτη</span> <span class='ocrx_word' id='word_1_480' title='bbox 1941 5291 2001 5347; x_wconf 76' lang='grc' dir='ltr'>δέ</span> 
     </span>
    </p>
   </div>
   <div class='ocr_carea' id='block_1_62' title="bbox 420 5373 1999 5448">
    <p class='ocr_par' dir='ltr' id='par_1_62' title="bbox 420 5373 1999 5448">
     <span class='ocr_line' id='line_1_62' title="bbox 420 5373 1999 5448; baseline 0.002 -23"><span class='ocrx_word' id='word_1_481' title='bbox 420 5373 571 5425; x_wconf 72' lang='grc' dir='ltr'>έστιν</span> <span class='ocrx_word' id='word_1_482' title='bbox 619 5375 653 5444; x_wconf 81' lang='grc' dir='ltr'><strong>ἡ</strong></span> <span class='ocrx_word' id='word_1_483' title='bbox 705 5374 921 5446; x_wconf 83' lang='grc' dir='ltr'>ἀγάπη,</span> <span class='ocrx_word' id='word_1_484' title='bbox 971 5376 1066 5429; x_wconf 81' lang='grc' dir='ltr'>καὶ</span> <span class='ocrx_word' id='word_1_485' title='bbox 1114 5375 1357 5446; x_wconf 80' lang='grc' dir='ltr'>μὴκατὰ</span> <span class='ocrx_word' id='word_1_486' title='bbox 1402 5374 1693 5448; x_wconf 84' lang='grc' dir='ltr'>σύγκρισιν</span> <span class='ocrx_word' id='word_1_487' title='bbox 1722 5375 1815 5429; x_wconf 83' lang='grc' dir='ltr'>τὸν</span> <span class='ocrx_word' id='word_1_488' title='bbox 1841 5375 1999 5445; x_wconf 86' lang='grc' dir='ltr'>λόγον</span> 
     </span>
    </p>
   </div>
   <div class='ocr_carea' id='block_1_63' title="bbox 421 5457 2001 5530">
    <p class='ocr_par' dir='ltr' id='par_1_63' title="bbox 421 5457 2001 5530">
     <span class='ocr_line' id='line_1_63' title="bbox 421 5457 2001 5530; baseline 0.003 -22"><span class='ocrx_word' id='word_1_489' title='bbox 421 5459 742 5528; x_wconf 71' lang='grc' dir='ltr'>προήγαγε*</span> <span class='ocrx_word' id='word_1_490' title='bbox 785 5459 889 5513; x_wconf 84' lang='grc' dir='ltr'>κάν</span> <span class='ocrx_word' id='word_1_491' title='bbox 941 5459 1319 5530; x_wconf 83' lang='grc' dir='ltr'>ἐμυκτήρισάν</span> <span class='ocrx_word' id='word_1_492' title='bbox 1371 5475 1518 5523; x_wconf 82' lang='grc' dir='ltr'>τινες</span> <span class='ocrx_word' id='word_1_493' title='bbox 1560 5460 1621 5512; x_wconf 81' lang='grc' dir='ltr'>τὸ</span> <span class='ocrx_word' id='word_1_494' title='bbox 1661 5457 1871 5530; x_wconf 78' lang='grc' dir='ltr'>λεχθὲν,</span> <span class='ocrx_word' id='word_1_495' title='bbox 1899 5459 2001 5513; x_wconf 82' lang='grc' dir='ltr'>οὐκ</span> 
     </span>
    </p>
   </div>
   <div class='ocr_carea' id='block_1_64' title="bbox 421 5537 1998 5614">
    <p class='ocr_par' dir='ltr' id='par_1_64' title="bbox 421 5537 1998 5614">
     <span class='ocr_line' id='line_1_64' title="bbox 421 5537 1998 5614; baseline 0.003 -22"><span class='ocrx_word' id='word_1_496' title='bbox 421 5539 626 5603; x_wconf 79' lang='grc' dir='ltr'>εἰδότες</span> <span class='ocrx_word' id='word_1_497' title='bbox 670 5541 856 5610; x_wconf 81' lang='grc' dir='ltr'>σαφῶς</span> <span class='ocrx_word' id='word_1_498' title='bbox 883 5542 981 5596; x_wconf 85' lang='grc' dir='ltr'>τοῦ</span> <span class='ocrx_word' id='word_1_499' title='bbox 1032 5537 1366 5614; x_wconf 73' lang='grc' dir='ltr'>πράγματος</span> <span class='ocrx_word' id='word_1_500' title='bbox 1404 5541 1504 5613; x_wconf 83' lang='grc' dir='ltr'>τὴν</span> <span class='ocrx_word' id='word_1_501' title='bbox 1552 5542 1727 5612; x_wconf 80' lang='grc' dir='ltr'>ἰσχὺν,</span> <span class='ocrx_word' id='word_1_502' title='bbox 1770 5540 1885 5596; x_wconf 83' lang='grc' dir='ltr'>ἀλλ’</span> <span class='ocrx_word' id='word_1_503' title='bbox 1916 5543 1998 5596; x_wconf 73' lang='grc' dir='ltr'>ἔτι</span> 
     </span>
    </p>
   </div>
   <div class='ocr_carea' id='block_1_65' title="bbox 423 5625 1999 5698">
    <p class='ocr_par' dir='ltr' id='par_1_65' title="bbox 423 5625 1999 5698">
     <span class='ocr_line' id='line_1_65' title="bbox 423 5625 1999 5698; baseline 0.002 -22"><span class='ocrx_word' id='word_1_504' title='bbox 423 5625 561 5696; x_wconf 83' lang='grc' dir='ltr'>πρὸς</span> <span class='ocrx_word' id='word_1_505' title='bbox 591 5626 770 5679; x_wconf 86' lang='grc' dir='ltr'>ταῦτα</span> <span class='ocrx_word' id='word_1_506' title='bbox 815 5626 1124 5697; x_wconf 86' lang='grc' dir='ltr'>κεχηνότες.</span> <span class='ocrx_word' id='word_1_507' title='bbox 1171 5626 1368 5696; x_wconf 84' lang='grc' dir='ltr'>Διόπερ</span> <span class='ocrx_word' id='word_1_508' title='bbox 1424 5626 1524 5679; x_wconf 84' lang='grc' dir='ltr'>οὐκ</span> <span class='ocrx_word' id='word_1_509' title='bbox 1578 5625 1781 5690; x_wconf 85' lang='grc' dir='ltr'>εὐθέως</span> <span class='ocrx_word' id='word_1_510' title='bbox 1830 5626 1999 5698; x_wconf 78' lang='grc' dir='ltr'>αὐτὴν</span> 
     </span>
    </p>
   </div>
   <div class='ocr_carea' id='block_1_66' title="bbox 465 5727 1997 5805">
    <p class='ocr_par' dir='ltr' id='par_1_66' title="bbox 465 5727 1997 5805">
     <span class='ocr_line' id='line_1_66' title="bbox 465 5727 1997 5805; baseline 0.002 -29"><span class='ocrx_word' id='word_1_511' title='bbox 465 5727 500 5803; x_wconf 35' lang='grc'>,⁸</span> <span class='ocrx_word' id='word_1_512' title='bbox 524 5728 684 5779; x_wconf 70' lang='lat' dir='ltr'><strong>Vetus</strong></span> <span class='ocrx_word' id='word_1_513' title='bbox 706 5727 1067 5805; x_wconf 68' lang='lat' dir='ltr'>ipterpres.qui</span> <span class='ocrx_word' id='word_1_514' title='bbox 1092 5732 1259 5793; x_wconf 73' lang='lat' dir='ltr'>vertit,</span> <span class='ocrx_word' id='word_1_515' title='bbox 1281 5727 1458 5795; x_wconf 73' lang='lat' dir='ltr'>fontem</span> <span class='ocrx_word' id='word_1_516' title='bbox 1477 5728 1734 5789; x_wconf 83' lang='lat' dir='ltr'>donorum,</span> <span class='ocrx_word' id='word_1_517' title='bbox 1748 5731 1876 5790; x_wconf 69' lang='lat' dir='ltr'>legit</span> <span class='ocrx_word' id='word_1_518' title='bbox 1904 5747 1997 5791; x_wconf 83' lang='grc' dir='ltr'>πη-</span> 
     </span>
    </p>
   </div>
   <div class='ocr_carea' id='block_1_67' title="bbox 425 5804 884 5855">
    <p class='ocr_par' dir='ltr' id='par_1_67' title="bbox 425 5804 884 5855">
     <span class='ocr_line' id='line_1_67' title="bbox 425 5804 884 5855; baseline 0.002 -16"><span class='ocrx_word' id='word_1_519' title='bbox 425 5804 511 5855; x_wconf 71' lang='grc' dir='ltr'>γην</span> <span class='ocrx_word' id='word_1_520' title='bbox 529 5804 853 5854; x_wconf 65' lang='grc' dir='ltr'>χαρισμάτων.</span> <span class='ocrx_word' id='word_1_521' title='bbox 881 5808 884 5812; x_wconf 55' lang='grc' dir='ltr'>λ</span> 
     </span>
    </p>
   </div>
   <div class='ocr_carea' id='block_1_68' title="bbox 1406 267 2635 329">
    <p class='ocr_par' dir='ltr' id='par_1_68' title="bbox 1406 267 2635 329">
     <span class='ocr_line' id='line_1_68' title="bbox 1406 267 2635 329; baseline -0.002 -2"><span class='ocrx_word' id='word_1_522' title='bbox 1406 271 1474 327; x_wconf 80' lang='grc' dir='ltr'>ιΝ</span> <span class='ocrx_word' id='word_1_523' title='bbox 1514 269 1731 329; x_wconf 80' lang='lat' dir='ltr'>EPIST.</span> <span class='ocrx_word' id='word_1_524' title='bbox 1772 267 1913 324; x_wconf 82' lang='grc' dir='ltr'>ιΑι)</span> <span class='ocrx_word' id='word_1_525' title='bbox 1942 267 2104 326; x_wconf 76' lang='lat' dir='ltr'>COR.</span> <span class='ocrx_word' id='word_1_526' title='bbox 2145 267 2377 326; x_wconf 72' lang='lat' dir='ltr'>HOMIL.</span> <span class='ocrx_word' id='word_1_527' title='bbox 2420 270 2635 327; x_wconf 78' lang='lat' dir='ltr'>XXXII.</span> 
     </span>
    </p>
   </div>
   <div class='ocr_carea' id='block_1_69' title="bbox 3570 282 3680 338">
    <p class='ocr_par' dir='ltr' id='par_1_69' title="bbox 3570 282 3680 338">
     <span class='ocr_line' id='line_1_69' title="bbox 3570 282 3680 338; baseline 0 -1"><span class='ocrx_word' id='word_1_528' title='bbox 3570 282 3680 338; x_wconf 72' lang='grc' dir='ltr'>εδδ</span> 
     </span>
    </p>
   </div>
   <div class='ocr_carea' id='block_1_70' title="bbox 2107 382 3685 465">
    <p class='ocr_par' dir='ltr' id='par_1_70' title="bbox 2107 382 3685 465">
     <span class='ocr_line' id='line_1_70' title="bbox 2107 382 3685 465; baseline 0.009 -29"><span class='ocrx_word' id='word_1_529' title='bbox 2107 382 2499 451; x_wconf 85' lang='grc' dir='ltr'>ἀνακαλύπτει,</span> <span class='ocrx_word' id='word_1_530' title='bbox 2534 386 2668 440; x_wconf 87' lang='grc' dir='ltr'>ἀλλά</span> <span class='ocrx_word' id='word_1_531' title='bbox 2689 390 2902 459; x_wconf 88' lang='grc' dir='ltr'>πρῶτον</span> <span class='ocrx_word' id='word_1_532' title='bbox 2928 392 2994 461; x_wconf 76' lang='grc' dir='ltr'>τῇ</span> <span class='ocrx_word' id='word_1_533' title='bbox 3022 389 3324 463; x_wconf 75' lang='grc' dir='ltr'>ἐπαγγελίᾳ</span> <span class='ocrx_word' id='word_1_534' title='bbox 3359 391 3451 447; x_wconf 85' lang='grc' dir='ltr'>τόν</span> <span class='ocrx_word' id='word_1_535' title='bbox 3478 394 3685 465; x_wconf 80' lang='grc' dir='ltr'>ἀκροα-</span> 
     </span>
    </p>
   </div>
   <div class='ocr_carea' id='block_1_71' title="bbox 2106 467 3687 544">
    <p class='ocr_par' dir='ltr' id='par_1_71' title="bbox 2106 467 3687 544">
     <span class='ocr_line' id='line_1_71' title="bbox 2106 467 3687 544; baseline 0.008 -25"><span class='ocrx_word' id='word_1_536' title='bbox 2106 467 2208 539; x_wconf 82' lang='grc' dir='ltr'>τὴν</span> <span class='ocrx_word' id='word_1_537' title='bbox 2259 468 2491 540; x_wconf 83' lang='grc' dir='ltr'>ἐπάρας,</span> <span class='ocrx_word' id='word_1_538' title='bbox 2548 471 2642 525; x_wconf 76' lang='grc' dir='ltr'>καὶ</span> <span class='ocrx_word' id='word_1_539' title='bbox 2696 470 2887 537; x_wconf 87' lang='grc' dir='ltr'>είπὼν,</span> <span class='ocrx_word' id='word_1_540' title='bbox 2946 474 3085 528; x_wconf 80' lang='grc' dir='ltr'>Καθ’</span> <span class='ocrx_word' id='word_1_541' title='bbox 3150 475 3493 544; x_wconf 74' lang='grc' dir='ltr'>ὑπερϐολὴν</span> <span class='ocrx_word' id='word_1_542' title='bbox 3541 477 3687 531; x_wconf 85' lang='grc' dir='ltr'>όδὸν</span> 
     </span>
    </p>
   </div>
   <div class='ocr_carea' id='block_1_72' title="bbox 2104 551 3684 631">
    <p class='ocr_par' dir='ltr' id='par_1_72' title="bbox 2104 551 3684 631">
     <span class='ocr_line' id='line_1_72' title="bbox 2104 551 3684 631; baseline 0.006 -26"><span class='ocrx_word' id='word_1_543' title='bbox 2104 551 2375 622; x_wconf 78' lang='grc' dir='ltr'>δείκνυμι</span> <span class='ocrx_word' id='word_1_544' title='bbox 2402 553 2562 623; x_wconf 80' lang='grc' dir='ltr'>ὑμῖν,</span> <span class='ocrx_word' id='word_1_545' title='bbox 2581 555 2677 609; x_wconf 78' lang='grc' dir='ltr'>καὶ</span> <span class='ocrx_word' id='word_1_546' title='bbox 2694 557 2774 618; x_wconf 87' lang='grc' dir='ltr'>είς</span> <span class='ocrx_word' id='word_1_547' title='bbox 2796 556 3089 628; x_wconf 79' lang='grc' dir='ltr'>ἐπιθυμίαν</span> <span class='ocrx_word' id='word_1_548' title='bbox 3106 558 3267 612; x_wconf 75' lang='grc' dir='ltr'>αὑτὸν</span> <span class='ocrx_word' id='word_1_549' title='bbox 3296 558 3545 631; x_wconf 86' lang='grc' dir='ltr'>ἀγαγὼν,</span> <span class='ocrx_word' id='word_1_550' title='bbox 3563 561 3684 615; x_wconf 77' lang='grc' dir='ltr'>οὐδὲ</span> 
     </span>
    </p>
   </div>
   <div class='ocr_carea' id='block_1_73' title="bbox 2103 633 3687 713">
    <p class='ocr_par' dir='ltr' id='par_1_73' title="bbox 2103 633 3687 713">
     <span class='ocr_line' id='line_1_73' title="bbox 2103 633 3687 713; baseline 0.007 -26"><span class='ocrx_word' id='word_1_551' title='bbox 2103 633 2275 699; x_wconf 76' lang='grc' dir='ltr'>οὕτως</span> <span class='ocrx_word' id='word_1_552' title='bbox 2305 636 2506 699; x_wconf 82' lang='grc' dir='ltr'>εὐθέως</span> <span class='ocrx_word' id='word_1_553' title='bbox 2545 639 2626 700; x_wconf 83' lang='grc' dir='ltr'>εἰς</span> <span class='ocrx_word' id='word_1_554' title='bbox 2670 638 2840 711; x_wconf 76' lang='grc' dir='ltr'>αὐτὴν</span> <span class='ocrx_word' id='word_1_555' title='bbox 2889 640 3160 711; x_wconf 81' lang='grc' dir='ltr'>ἐμϐαίνει,</span> <span class='ocrx_word' id='word_1_556' title='bbox 3211 642 3326 696; x_wconf 74' lang='grc' dir='ltr'>ἀλλ’</span> <span class='ocrx_word' id='word_1_557' title='bbox 3379 642 3560 713; x_wconf 78' lang='grc' dir='ltr'>αῦξων</span> <span class='ocrx_word' id='word_1_558' title='bbox 3606 643 3687 699; x_wconf 74' lang='grc' dir='ltr'>ἔτι</span> 
     </span>
    </p>
   </div>
   <div class='ocr_carea' id='block_1_74' title="bbox 2105 717 3687 798">
    <p class='ocr_par' dir='ltr' id='par_1_74' title="bbox 2105 717 3687 798">
     <span class='ocr_line' id='line_1_74' title="bbox 2105 717 3687 798; baseline 0.008 -28"><span class='ocrx_word' id='word_1_559' title='bbox 2105 717 2200 771; x_wconf 71' lang='grc' dir='ltr'>καὶ</span> <span class='ocrx_word' id='word_1_560' title='bbox 2238 718 2524 773; x_wconf 71' lang='grc' dir='ltr'>ἐπιτείνων</span> <span class='ocrx_word' id='word_1_561' title='bbox 2574 720 2754 774; x_wconf 80' lang='grc' dir='ltr'>αὐτῶν</span> <span class='ocrx_word' id='word_1_562' title='bbox 2783 722 2883 793; x_wconf 76' lang='grc' dir='ltr'>τὴν</span> <span class='ocrx_word' id='word_1_563' title='bbox 2924 723 3243 795; x_wconf 84' lang='grc' dir='ltr'>ἐπιθυμίαν,</span> <span class='ocrx_word' id='word_1_564' title='bbox 3299 727 3432 798; x_wconf 74' lang='grc' dir='ltr'>περὶ</span> <span class='ocrx_word' id='word_1_565' title='bbox 3479 727 3687 781; x_wconf 88' lang='grc' dir='ltr'>τούτων</span> 
     </span>
    </p>
   </div>
   <div class='ocr_carea' id='block_1_75' title="bbox 2104 800 3687 884">
    <p class='ocr_par' dir='ltr' id='par_1_75' title="bbox 2104 800 3687 884">
     <span class='ocr_line' id='line_1_75' title="bbox 2104 800 3687 884; baseline 0.008 -30"><span class='ocrx_word' id='word_1_566' title='bbox 2104 800 2285 884; x_wconf 80' lang='grc' dir='ltr'>αὐτῶν</span> <span class='ocrx_word' id='word_1_567' title='bbox 2332 801 2642 871; x_wconf 82' lang='grc' dir='ltr'>διαλέγεται</span> <span class='ocrx_word' id='word_1_568' title='bbox 2692 805 2931 876; x_wconf 83' lang='grc' dir='ltr'>πρῶτον,</span> <span class='ocrx_word' id='word_1_569' title='bbox 2995 808 3089 862; x_wconf 78' lang='grc' dir='ltr'>καὶ</span> <span class='ocrx_word' id='word_1_570' title='bbox 3141 808 3412 865; x_wconf 89' lang='grc' dir='ltr'>δείκνυσιν</span> <span class='ocrx_word' id='word_1_571' title='bbox 3468 812 3687 884; x_wconf 77' lang='grc' dir='ltr'>ἐκείνης</span> 
     </span>
    </p>
   </div>
   <div class='ocr_carea' id='block_1_76' title="bbox 2104 883 3686 966">
    <p class='ocr_par' dir='ltr' id='par_1_76' title="bbox 2104 883 3686 966">
     <span class='ocr_line' id='line_1_76' title="bbox 2104 883 3686 966; baseline 0.006 -27"><span class='ocrx_word' id='word_1_572' title='bbox 2104 884 2206 939; x_wconf 80' lang='grc' dir='ltr'>οὐκ</span> <span class='ocrx_word' id='word_1_573' title='bbox 2228 883 2416 956; x_wconf 79' lang='grc' dir='ltr'>οῦσης,</span> <span class='ocrx_word' id='word_1_574' title='bbox 2444 886 2601 940; x_wconf 73' lang='grc' dir='ltr'>οὐδὲν</span> <span class='ocrx_word' id='word_1_575' title='bbox 2628 886 2778 955; x_wconf 74' lang='grc' dir='ltr'>ὄντα,</span> <span class='ocrx_word' id='word_1_576' title='bbox 2806 890 2887 952; x_wconf 87' lang='grc' dir='ltr'>εἰς</span> <span class='ocrx_word' id='word_1_577' title='bbox 2922 889 3184 963; x_wconf 83' lang='grc' dir='ltr'>μεγίστην</span> <span class='ocrx_word' id='word_1_578' title='bbox 3212 893 3412 958; x_wconf 78' lang='grc' dir='ltr'>αὐτοὺς</span> <span class='ocrx_word' id='word_1_579' title='bbox 3439 895 3686 966; x_wconf 84' lang='grc' dir='ltr'>ἀνάγκην</span> 
     </span>
    </p>
   </div>
   <div class='ocr_carea' id='block_1_77' title="bbox 2103 966 3687 1050">
    <p class='ocr_par' dir='ltr' id='par_1_77' title="bbox 2103 966 3687 1050">
     <span class='ocr_line' id='line_1_77' title="bbox 2103 966 3687 1050; baseline 0.009 -30"><span class='ocrx_word' id='word_1_580' title='bbox 2103 966 2200 1021; x_wconf 84' lang='grc' dir='ltr'>τοῦ</span> <span class='ocrx_word' id='word_1_581' title='bbox 2250 968 2426 1050; x_wconf 81' lang='grc' dir='ltr'>φιλεῖν</span> <span class='ocrx_word' id='word_1_582' title='bbox 2470 970 2734 1050; x_wconf 76' lang='grc' dir='ltr'>ἀλλήλους</span> <span class='ocrx_word' id='word_1_583' title='bbox 2779 972 3042 1037; x_wconf 83' lang='grc' dir='ltr'>καθιστάς</span> <span class='ocrx_word' id='word_1_584' title='bbox 3062 993 3077 1007; x_wconf 77' lang='lat'><strong>-</strong></span> <span class='ocrx_word' id='word_1_585' title='bbox 3110 976 3298 1050; x_wconf 78' lang='grc' dir='ltr'>ἐπειδὴ</span> <span class='ocrx_word' id='word_1_586' title='bbox 3343 979 3439 1033; x_wconf 74' lang='grc' dir='ltr'>καὶ</span> <span class='ocrx_word' id='word_1_587' title='bbox 3484 982 3549 1034; x_wconf 74' lang='grc' dir='ltr'>ἐκ</span> <span class='ocrx_word' id='word_1_588' title='bbox 3587 976 3687 1033; x_wconf 77' lang='grc' dir='ltr'>τοῦ</span> 
     </span>
    </p>
   </div>
   <div class='ocr_carea' id='block_1_78' title="bbox 2104 1046 3683 1128">
    <p class='ocr_par' dir='ltr' id='par_1_78' title="bbox 2104 1046 3683 1128">
     <span class='ocr_line' id='line_1_78' title="bbox 2104 1046 3683 1128; baseline 0.011 -31"><span class='ocrx_word' id='word_1_589' title='bbox 2104 1050 2313 1128; x_wconf 78' lang='grc' dir='ltr'>ταύτην</span> <span class='ocrx_word' id='word_1_590' title='bbox 2357 1046 2667 1119; x_wconf 77' lang='grc' dir='ltr'>ἠμελῆσθαι</span> <span class='ocrx_word' id='word_1_591' title='bbox 2708 1050 2742 1121; x_wconf 82' lang='grc' dir='ltr'>ἠ</span> <span class='ocrx_word' id='word_1_592' title='bbox 2768 1051 2917 1104; x_wconf 86' lang='grc' dir='ltr'>αίτία</span> <span class='ocrx_word' id='word_1_593' title='bbox 2947 1052 3057 1107; x_wconf 86' lang='grc' dir='ltr'>τῶν</span> <span class='ocrx_word' id='word_1_594' title='bbox 3084 1046 3569 1113; x_wconf 43' lang='grc' dir='ltr'>κακῶν-ἀπάντων</span> <span class='ocrx_word' id='word_1_595' title='bbox 3593 1053 3683 1128; x_wconf 86' lang='grc' dir='ltr'>ἦν.</span> 
     </span>
    </p>
   </div>
   <div class='ocr_carea' id='block_1_79' title="bbox 2109 1126 3691 1212">
    <p class='ocr_par' dir='ltr' id='par_1_79' title="bbox 2109 1126 3691 1212">
     <span class='ocr_line' id='line_1_79' title="bbox 2109 1126 3691 1212; baseline 0.01 -33"><span class='ocrx_word' id='word_1_596' title='bbox 2109 1126 2275 1212; x_wconf 76' lang='grc' dir='ltr'>Ὥστε</span> <span class='ocrx_word' id='word_1_597' title='bbox 2308 1132 2404 1212; x_wconf 81' lang='grc' dir='ltr'>καὶ</span> <span class='ocrx_word' id='word_1_598' title='bbox 2441 1130 2584 1212; x_wconf 81' lang='grc' dir='ltr'>κατὰ</span> <span class='ocrx_word' id='word_1_599' title='bbox 2614 1131 2773 1186; x_wconf 86' lang='grc' dir='ltr'>τοῦτο</span> <span class='ocrx_word' id='word_1_600' title='bbox 2795 1133 3020 1198; x_wconf 87' lang='grc' dir='ltr'>εἰκότως</span> <span class='ocrx_word' id='word_1_601' title='bbox 3048 1133 3114 1188; x_wconf 80' lang='grc' dir='ltr'>ἂν</span> <span class='ocrx_word' id='word_1_602' title='bbox 3145 1136 3354 1208; x_wconf 85' lang='grc' dir='ltr'>μεγάλη</span> <span class='ocrx_word' id='word_1_603' title='bbox 3379 1140 3597 1212; x_wconf 85' lang='grc' dir='ltr'>φανείη,</span> <span class='ocrx_word' id='word_1_604' title='bbox 3619 1126 3691 1195; x_wconf 62' lang='grc' dir='ltr'>τί</span> 
     </span>
    </p>
   </div>
   <div class='ocr_carea' id='block_1_80' title="bbox 2101 1206 3683 1290">
    <p class='ocr_par' dir='ltr' id='par_1_80' title="bbox 2101 1206 3683 1290">
     <span class='ocr_line' id='line_1_80' title="bbox 2101 1206 3683 1290; baseline 0.009 -31"><span class='ocrx_word' id='word_1_605' title='bbox 2101 1222 2165 1274; x_wconf 87' lang='grc' dir='ltr'>γε</span> <span class='ocrx_word' id='word_1_606' title='bbox 2195 1206 2264 1261; x_wconf 88' lang='grc' dir='ltr'>τά</span> <span class='ocrx_word' id='word_1_607' title='bbox 2289 1208 2387 1279; x_wconf 79' lang='grc' dir='ltr'>μὲν</span> <span class='ocrx_word' id='word_1_608' title='bbox 2412 1210 2730 1281; x_wconf 87' lang='grc' dir='ltr'>χαρίσματα</span> <span class='ocrx_word' id='word_1_609' title='bbox 2759 1212 2821 1265; x_wconf 86' lang='grc' dir='ltr'>οὐ</span> <span class='ocrx_word' id='word_1_610' title='bbox 2854 1214 3013 1282; x_wconf 88' lang='grc' dir='ltr'>μόνον</span> <span class='ocrx_word' id='word_1_611' title='bbox 3039 1214 3238 1278; x_wconf 78' lang='grc' dir='ltr'>αὐτοὺς</span> <span class='ocrx_word' id='word_1_612' title='bbox 3262 1216 3323 1269; x_wconf 75' lang='grc' dir='ltr'>οὐ</span> <span class='ocrx_word' id='word_1_613' title='bbox 3344 1206 3683 1290; x_wconf 74' lang='grc' dir='ltr'>συνήγαγεν,</span> 
     </span>
    </p>
   </div>
   <div class='ocr_carea' id='block_1_81' title="bbox 2102 1289 3684 1371">
    <p class='ocr_par' dir='ltr' id='par_1_81' title="bbox 2102 1289 3684 1371">
     <span class='ocr_line' id='line_1_81' title="bbox 2102 1289 3684 1371; baseline 0.009 -28"><span class='ocrx_word' id='word_1_614' title='bbox 2102 1289 2239 1343; x_wconf 88' lang='grc' dir='ltr'>ἀλλά</span> <span class='ocrx_word' id='word_1_615' title='bbox 2292 1292 2387 1345; x_wconf 76' lang='grc' dir='ltr'>καί</span> <span class='ocrx_word' id='word_1_616' title='bbox 2427 1292 2738 1364; x_wconf 81' lang='grc' dir='ltr'>ἡνωμένους</span> <span class='ocrx_word' id='word_1_617' title='bbox 2787 1295 3067 1365; x_wconf 82' lang='grc' dir='ltr'>διέστησεν</span> <span class='ocrx_word' id='word_1_618' title='bbox 3092 1312 3104 1324; x_wconf 77' lang='grc'><strong><em>⁸</em></strong></span> <span class='ocrx_word' id='word_1_619' title='bbox 3161 1297 3300 1371; x_wconf 81' lang='grc' dir='ltr'>αῦτη</span> <span class='ocrx_word' id='word_1_620' title='bbox 3347 1300 3407 1354; x_wconf 83' lang='grc' dir='ltr'>δὲ</span> <span class='ocrx_word' id='word_1_621' title='bbox 3449 1304 3575 1367; x_wconf 74' lang='grc' dir='ltr'>τοὺς</span> <span class='ocrx_word' id='word_1_622' title='bbox 3617 1305 3684 1358; x_wconf 77' lang='grc' dir='ltr'>δι’</span> 
     </span>
    </p>
   </div>
   <div class='ocr_carea' id='block_1_82' title="bbox 2102 1373 3688 1453">
    <p class='ocr_par' dir='ltr' id='par_1_82' title="bbox 2102 1373 3688 1453">
     <span class='ocr_line' id='line_1_82' title="bbox 2102 1373 3688 1453; baseline 0.01 -28"><span class='ocrx_word' id='word_1_623' title='bbox 2102 1373 2325 1427; x_wconf 87' lang='grc' dir='ltr'>ἐκείνων</span> <span class='ocrx_word' id='word_1_624' title='bbox 2373 1375 2699 1440; x_wconf 86' lang='grc' dir='ltr'>διαστάντας</span> <span class='ocrx_word' id='word_1_625' title='bbox 2742 1377 2809 1431; x_wconf 79' lang='grc' dir='ltr'>δι’</span> <span class='ocrx_word' id='word_1_626' title='bbox 2835 1380 3036 1449; x_wconf 84' lang='grc' dir='ltr'>ἐαυτῆς</span> <span class='ocrx_word' id='word_1_627' title='bbox 3082 1380 3263 1450; x_wconf 80' lang='grc' dir='ltr'>μέλλοι</span> <span class='ocrx_word' id='word_1_628' title='bbox 3295 1384 3551 1453; x_wconf 86' lang='grc' dir='ltr'>συνάγειν</span> <span class='ocrx_word' id='word_1_629' title='bbox 3592 1387 3688 1441; x_wconf 78' lang='grc' dir='ltr'>καὶ</span> 
     </span>
    </p>
   </div>
   <div class='ocr_carea' id='block_1_83' title="bbox 2103 1459 3688 1532">
    <p class='ocr_par' dir='ltr' id='par_1_83' title="bbox 2103 1459 3688 1532">
     <span class='ocr_line' id='line_1_83' title="bbox 2103 1459 3688 1532; baseline 0.009 -22"><span class='ocrx_word' id='word_1_630' title='bbox 2103 1460 2275 1511; x_wconf 82' lang='grc' dir='ltr'>ποιεῖν</span> <span class='ocrx_word' id='word_1_631' title='bbox 2307 1459 2467 1529; x_wconf 86' lang='grc' dir='ltr'>σῶμα</span> <span class='ocrx_word' id='word_1_632' title='bbox 2497 1460 2574 1514; x_wconf 79' lang='grc' dir='ltr'>ἓν.</span> <span class='ocrx_word' id='word_1_633' title='bbox 2619 1461 2759 1514; x_wconf 80' lang='grc' dir='ltr'>Ἀλλ’</span> <span class='ocrx_word' id='word_1_634' title='bbox 2800 1464 2862 1517; x_wconf 85' lang='grc' dir='ltr'>ού</span> <span class='ocrx_word' id='word_1_635' title='bbox 2892 1462 3040 1532; x_wconf 84' lang='grc' dir='ltr'>λέγει</span> <span class='ocrx_word' id='word_1_636' title='bbox 3068 1463 3228 1518; x_wconf 89' lang='grc' dir='ltr'>τοῦτο</span> <span class='ocrx_word' id='word_1_637' title='bbox 3251 1465 3477 1532; x_wconf 77' lang='grc' dir='ltr'>εὐθέως,</span> <span class='ocrx_word' id='word_1_638' title='bbox 3510 1469 3625 1522; x_wconf 77' lang='grc' dir='ltr'>ἀλλ’</span> <span class='ocrx_word' id='word_1_639' title='bbox 3655 1470 3688 1524; x_wconf 79' lang='grc' dir='ltr'><strong>ὃ</strong></span> 
     </span>
    </p>
   </div>
   <div class='ocr_carea' id='block_1_84' title="bbox 2106 1542 3686 1623">
    <p class='ocr_par' dir='ltr' id='par_1_84' title="bbox 2106 1542 3686 1623">
     <span class='ocr_line' id='line_1_84' title="bbox 2106 1542 3686 1623; baseline 0.007 -29"><span class='ocrx_word' id='word_1_640' title='bbox 2106 1542 2340 1612; x_wconf 72' lang='grc' dir='ltr'>μάλιστα</span> <span class='ocrx_word' id='word_1_641' title='bbox 2365 1543 2615 1605; x_wconf 79' lang='grc' dir='ltr'>ἐπόθουν,</span> <span class='ocrx_word' id='word_1_642' title='bbox 2651 1545 2810 1599; x_wconf 88' lang='grc' dir='ltr'>τοῦτο</span> <span class='ocrx_word' id='word_1_643' title='bbox 2834 1545 3049 1618; x_wconf 87' lang='grc' dir='ltr'>τίθησιν</span> <span class='ocrx_word' id='word_1_644' title='bbox 3067 1564 3080 1578; x_wconf 91' lang='grc'><strong>·</strong></span> <span class='ocrx_word' id='word_1_645' title='bbox 3109 1542 3219 1601; x_wconf 74' lang='grc' dir='ltr'>οἷον</span> <span class='ocrx_word' id='word_1_646' title='bbox 3243 1548 3325 1602; x_wconf 84' lang='grc' dir='ltr'>ὅτι</span> <span class='ocrx_word' id='word_1_647' title='bbox 3346 1550 3595 1623; x_wconf 84' lang='grc' dir='ltr'>χάρισμα</span> <span class='ocrx_word' id='word_1_648' title='bbox 3624 1553 3686 1606; x_wconf 83' lang='grc' dir='ltr'>τὸ</span> 
     </span>
    </p>
   </div>
   <div class='ocr_carea' id='block_1_85' title="bbox 2104 1626 3688 1701">
    <p class='ocr_par' dir='ltr' id='par_1_85' title="bbox 2104 1626 3688 1701">
     <span class='ocr_line' id='line_1_85' title="bbox 2104 1626 3688 1701; baseline 0.006 -24"><span class='ocrx_word' id='word_1_649' title='bbox 2104 1626 2339 1696; x_wconf 81' lang='grc' dir='ltr'>πρᾶγμά</span> <span class='ocrx_word' id='word_1_650' title='bbox 2382 1628 2521 1690; x_wconf 77' lang='grc' dir='ltr'>ἐστι,</span> <span class='ocrx_word' id='word_1_651' title='bbox 2573 1628 2670 1680; x_wconf 77' lang='grc' dir='ltr'>καὶ</span> <span class='ocrx_word' id='word_1_652' title='bbox 2706 1628 2816 1681; x_wconf 86' lang='grc' dir='ltr'>τῶν</span> <span class='ocrx_word' id='word_1_653' title='bbox 2868 1629 3227 1701; x_wconf 86' lang='grc' dir='ltr'>χαρισμάτων</span> <span class='ocrx_word' id='word_1_654' title='bbox 3274 1632 3531 1688; x_wconf 83' lang='grc' dir='ltr'>ἁπάντων</span> <span class='ocrx_word' id='word_1_655' title='bbox 3566 1635 3688 1699; x_wconf 80' lang='grc' dir='ltr'>ὁδὸς</span> 
     </span>
    </p>
   </div>
   <div class='ocr_carea' id='block_1_86' title="bbox 2105 1708 3686 1787">
    <p class='ocr_par' dir='ltr' id='par_1_86' title="bbox 2105 1708 3686 1787">
     <span class='ocr_line' id='line_1_86' title="bbox 2105 1708 3686 1787; baseline 0.008 -28"><span class='ocrx_word' id='word_1_656' title='bbox 2105 1708 2224 1776; x_wconf 88' lang='grc' dir='ltr'>μεθ’</span> <span class='ocrx_word' id='word_1_657' title='bbox 2280 1709 2604 1779; x_wconf 79' lang='grc' dir='ltr'>ὑπερϐολῆς.</span> <span class='ocrx_word' id='word_1_658' title='bbox 2661 1711 2824 1765; x_wconf 81' lang='grc' dir='ltr'>Ὥστε</span> <span class='ocrx_word' id='word_1_659' title='bbox 2873 1713 2924 1765; x_wconf 88' lang='grc' dir='ltr'>εί</span> <span class='ocrx_word' id='word_1_660' title='bbox 2971 1713 3068 1765; x_wconf 81' lang='grc' dir='ltr'>καὶ</span> <span class='ocrx_word' id='word_1_661' title='bbox 3112 1714 3309 1783; x_wconf 82' lang='grc' dir='ltr'>μὴδιά</span> <span class='ocrx_word' id='word_1_662' title='bbox 3339 1714 3402 1768; x_wconf 80' lang='grc' dir='ltr'>τὸ</span> <span class='ocrx_word' id='word_1_663' title='bbox 3448 1716 3686 1787; x_wconf 86' lang='grc' dir='ltr'>ὀφείλειν</span> 
     </span>
    </p>
   </div>
   <div class='ocr_carea' id='block_1_87' title="bbox 2103 1790 3685 1870">
    <p class='ocr_par' dir='ltr' id='par_1_87' title="bbox 2103 1790 3685 1870">
     <span class='ocr_line' id='line_1_87' title="bbox 2103 1790 3685 1870; baseline 0.008 -27"><span class='ocrx_word' id='word_1_664' title='bbox 2103 1790 2281 1861; x_wconf 81' lang='grc' dir='ltr'>βούλει</span> <span class='ocrx_word' id='word_1_665' title='bbox 2323 1792 2415 1845; x_wconf 82' lang='grc' dir='ltr'>τὸν</span> <span class='ocrx_word' id='word_1_666' title='bbox 2460 1793 2690 1863; x_wconf 80' lang='grc' dir='ltr'>ἀδελφὸν</span> <span class='ocrx_word' id='word_1_667' title='bbox 2722 1796 2965 1866; x_wconf 80' lang='grc' dir='ltr'>ἀγαπᾷν,</span> <span class='ocrx_word' id='word_1_668' title='bbox 3000 1795 3089 1850; x_wconf 74' lang='grc' dir='ltr'>διὰ</span> <span class='ocrx_word' id='word_1_669' title='bbox 3130 1797 3193 1851; x_wconf 78' lang='grc' dir='ltr'>τὸ</span> <span class='ocrx_word' id='word_1_670' title='bbox 3223 1798 3533 1870; x_wconf 83' lang='grc' dir='ltr'>κρείττονος</span> <span class='ocrx_word' id='word_1_671' title='bbox 3561 1802 3685 1855; x_wconf 78' lang='grc' dir='ltr'>ἐπι-</span> 
     </span>
    </p>
   </div>
   <div class='ocr_carea' id='block_1_88' title="bbox 2100 1872 3685 1951">
    <p class='ocr_par' dir='ltr' id='par_1_88' title="bbox 2100 1872 3685 1951">
     <span class='ocr_line' id='line_1_88' title="bbox 2100 1872 3685 1951; baseline 0.007 -24"><span class='ocrx_word' id='word_1_672' title='bbox 2100 1872 2474 1943; x_wconf 77' lang='grc' dir='ltr'>λαμϐάνεσθαι</span> <span class='ocrx_word' id='word_1_673' title='bbox 2514 1876 2745 1947; x_wconf 85' lang='grc' dir='ltr'>σημείου</span> <span class='ocrx_word' id='word_1_674' title='bbox 2790 1877 2888 1931; x_wconf 73' lang='grc' dir='ltr'>καὶ</span> <span class='ocrx_word' id='word_1_675' title='bbox 2915 1877 3257 1950; x_wconf 79' lang='grc' dir='ltr'>χαρίσματος</span> <span class='ocrx_word' id='word_1_676' title='bbox 3303 1881 3558 1951; x_wconf 79' lang='grc' dir='ltr'>δαψιλοῦς</span> <span class='ocrx_word' id='word_1_677' title='bbox 3581 1900 3685 1938; x_wconf 82' lang='grc' dir='ltr'>κα-</span> 
     </span>
    </p>
   </div>
   <div class='ocr_carea' id='block_1_89' title="bbox 2100 1956 3686 2037">
    <p class='ocr_par' dir='ltr' id='par_1_89' title="bbox 2100 1956 3686 2037">
     <span class='ocr_line' id='line_1_89' title="bbox 2100 1956 3686 2037; baseline 0.009 -29"><span class='ocrx_word' id='word_1_678' title='bbox 2100 1956 2317 2023; x_wconf 79' lang='grc' dir='ltr'>τάδεεαι</span> <span class='ocrx_word' id='word_1_679' title='bbox 2335 1958 2433 2029; x_wconf 79' lang='grc' dir='ltr'>τὴν</span> <span class='ocrx_word' id='word_1_680' title='bbox 2457 1958 2697 2030; x_wconf 84' lang='grc' dir='ltr'>ἀγάπην.</span> <span class='ocrx_word' id='word_1_681' title='bbox 2727 1960 2839 2014; x_wconf 80' lang='grc' dir='ltr'>Καὶ</span> <span class='ocrx_word' id='word_1_682' title='bbox 2865 1961 2968 2031; x_wconf 81' lang='grc' dir='ltr'>δρα</span> <span class='ocrx_word' id='word_1_683' title='bbox 2991 1961 3155 2015; x_wconf 82' lang='grc' dir='ltr'>πόθεν</span> <span class='ocrx_word' id='word_1_684' title='bbox 3177 1963 3408 2034; x_wconf 77' lang='grc' dir='ltr'>ἄρχεται</span> <span class='ocrx_word' id='word_1_685' title='bbox 3425 1982 3440 1997; x_wconf 80' lang='grc' dir='ltr'>ο</span> <span class='ocrx_word' id='word_1_686' title='bbox 3468 1968 3686 2037; x_wconf 83' lang='grc' dir='ltr'>πρῶτον</span> 
     </span>
    </p>
   </div>
   <div class='ocr_carea' id='block_1_90' title="bbox 2102 2039 3686 2118">
    <p class='ocr_par' dir='ltr' id='par_1_90' title="bbox 2102 2039 3686 2118">
     <span class='ocr_line' id='line_1_90' title="bbox 2102 2039 3686 2118; baseline 0.006 -23"><span class='ocrx_word' id='word_1_687' title='bbox 2102 2040 2210 2095; x_wconf 85' lang='grc' dir='ltr'>ἀπὸ</span> <span class='ocrx_word' id='word_1_688' title='bbox 2238 2039 2332 2095; x_wconf 89' lang='grc' dir='ltr'>τοῦ</span> <span class='ocrx_word' id='word_1_689' title='bbox 2374 2041 2692 2113; x_wconf 76' lang='grc' dir='ltr'>θαυμαστοῦ</span> <span class='ocrx_word' id='word_1_690' title='bbox 2731 2043 3017 2108; x_wconf 82' lang='grc' dir='ltr'>δοκοῦντος</span> <span class='ocrx_word' id='word_1_691' title='bbox 3047 2040 3187 2099; x_wconf 73' lang='grc' dir='ltr'>εἶναι</span> <span class='ocrx_word' id='word_1_692' title='bbox 3215 2048 3347 2118; x_wconf 80' lang='grc' dir='ltr'>παρ’</span> <span class='ocrx_word' id='word_1_693' title='bbox 3376 2049 3563 2115; x_wconf 82' lang='grc' dir='ltr'>αὐτοῖς</span> <span class='ocrx_word' id='word_1_694' title='bbox 3593 2051 3686 2104; x_wconf 78' lang='grc' dir='ltr'>καὶ</span> 
     </span>
    </p>
   </div>
   <div class='ocr_carea' id='block_1_91' title="bbox 2106 2122 3686 2203">
    <p class='ocr_par' dir='ltr' id='par_1_91' title="bbox 2106 2122 3686 2203">
     <span class='ocr_line' id='line_1_91' title="bbox 2106 2122 3686 2203; baseline 0.008 -28"><span class='ocrx_word' id='word_1_695' title='bbox 2106 2122 2365 2193; x_wconf 85' lang='grc' dir='ltr'>μεγάλου.</span> <span class='ocrx_word' id='word_1_696' title='bbox 2419 2123 2528 2178; x_wconf 87' lang='grc' dir='ltr'>τῶν</span> <span class='ocrx_word' id='word_1_697' title='bbox 2573 2124 2868 2194; x_wconf 60' lang='grc' dir='ltr'>γλωσσῶν</span> <span class='ocrx_word' id='word_1_698' title='bbox 2925 2128 3018 2181; x_wconf 77' lang='grc' dir='ltr'>καὶ</span> <span class='ocrx_word' id='word_1_699' title='bbox 3051 2127 3273 2197; x_wconf 87' lang='grc' dir='ltr'>ἀγαγὼν</span> <span class='ocrx_word' id='word_1_700' title='bbox 3311 2132 3391 2194; x_wconf 84' lang='grc' dir='ltr'>είς</span> <span class='ocrx_word' id='word_1_701' title='bbox 3432 2130 3598 2203; x_wconf 79' lang='grc' dir='ltr'>μέσον</span> <span class='ocrx_word' id='word_1_702' title='bbox 3623 2135 3686 2187; x_wconf 81' lang='grc' dir='ltr'>τὸ</span> 
     </span>
    </p>
   </div>
   <div class='ocr_carea' id='block_1_92' title="bbox 2102 2207 3687 2286">
    <p class='ocr_par' dir='ltr' id='par_1_92' title="bbox 2102 2207 3687 2286">
     <span class='ocr_line' id='line_1_92' title="bbox 2102 2207 3687 2286; baseline 0.009 -29"><span class='ocrx_word' id='word_1_703' title='bbox 2102 2207 2369 2277; x_wconf 84' lang='grc' dir='ltr'>χάρισμα,</span> <span class='ocrx_word' id='word_1_704' title='bbox 2420 2207 2486 2260; x_wconf 77' lang='grc' dir='ltr'>οὐ</span> <span class='ocrx_word' id='word_1_705' title='bbox 2545 2207 2802 2264; x_wconf 86' lang='grc' dir='ltr'>τοσοῦτον</span> <span class='ocrx_word' id='word_1_706' title='bbox 2853 2209 3088 2279; x_wconf 85' lang='grc' dir='ltr'>τίθησιν,</span> <span class='ocrx_word' id='word_1_707' title='bbox 3142 2213 3269 2266; x_wconf 80' lang='grc' dir='ltr'>ὅσον</span> <span class='ocrx_word' id='word_1_708' title='bbox 3322 2210 3488 2286; x_wconf 77' lang='grc' dir='ltr'>εἶχον,</span> <span class='ocrx_word' id='word_1_709' title='bbox 3549 2217 3687 2272; x_wconf 83' lang='grc' dir='ltr'>ἀλλά</span> 
     </span>
    </p>
   </div>
   <div class='ocr_carea' id='block_1_93' title="bbox 2101 2287 3682 2364">
    <p class='ocr_par' dir='ltr' id='par_1_93' title="bbox 2101 2287 3682 2364">
     <span class='ocr_line' id='line_1_93' title="bbox 2101 2287 3682 2364; baseline 0.006 -21"><span class='ocrx_word' id='word_1_710' title='bbox 2101 2288 2280 2361; x_wconf 85' lang='grc' dir='ltr'>πολλῷ</span> <span class='ocrx_word' id='word_1_711' title='bbox 2312 2289 2494 2344; x_wconf 87' lang='grc' dir='ltr'>πλέον.</span> <span class='ocrx_word' id='word_1_712' title='bbox 2520 2291 2656 2346; x_wconf 80' lang='grc' dir='ltr'>Οὐδὲ</span> <span class='ocrx_word' id='word_1_713' title='bbox 2687 2292 2799 2364; x_wconf 80' lang='grc' dir='ltr'>γάρ</span> <span class='ocrx_word' id='word_1_714' title='bbox 2829 2287 3004 2359; x_wconf 77' lang='grc' dir='ltr'>εἶπεν,</span> <span class='ocrx_word' id='word_1_715' title='bbox 3045 2295 3171 2349; x_wconf 83' lang='grc' dir='ltr'>Ἐάν</span> <span class='ocrx_word' id='word_1_716' title='bbox 3209 2295 3486 2364; x_wconf 86' lang='grc' dir='ltr'>γλώσσαις</span> <span class='ocrx_word' id='word_1_717' title='bbox 3515 2298 3682 2364; x_wconf 78' lang='grc' dir='ltr'>λαλῶ,</span> 
     </span>
    </p>
   </div>
   <div class='ocr_carea' id='block_1_94' title="bbox 2101 2373 3681 2447">
    <p class='ocr_par' dir='ltr' id='par_1_94' title="bbox 2101 2373 3681 2447">
     <span class='ocr_line' id='line_1_94' title="bbox 2101 2373 3681 2447; baseline 0.008 -21"><span class='ocrx_word' id='word_1_718' title='bbox 2101 2373 2216 2427; x_wconf 80' lang='grc' dir='ltr'>ἀλλ’</span> <span class='ocrx_word' id='word_1_719' title='bbox 2264 2373 2407 2428; x_wconf 84' lang='grc' dir='ltr'>Ἐὰν</span> <span class='ocrx_word' id='word_1_720' title='bbox 2442 2374 2573 2441; x_wconf 82' lang='grc' dir='ltr'>ταῖς</span> <span class='ocrx_word' id='word_1_721' title='bbox 2624 2375 2935 2445; x_wconf 67' lang='grc' dir='ltr'>γλώσσαις</span> <span class='ocrx_word' id='word_1_722' title='bbox 2962 2376 3083 2431; x_wconf 84' lang='grc' dir='ltr'>τῶν</span> <span class='ocrx_word' id='word_1_723' title='bbox 3130 2378 3457 2447; x_wconf 76' lang='grc' dir='ltr'>ἀνθρώπων</span> <span class='ocrx_word' id='word_1_724' title='bbox 3492 2384 3681 2438; x_wconf 71' lang='grc' dir='ltr'>λαλῶ.</span> 
     </span>
    </p>
   </div>
   <div class='ocr_carea' id='block_1_95' title="bbox 2103 2454 3687 2537">
    <p class='ocr_par' dir='ltr' id='par_1_95' title="bbox 2103 2454 3687 2537">
     <span class='ocr_line' id='line_1_95' title="bbox 2103 2454 3687 2537; baseline 0.006 -28"><span class='ocrx_word' id='word_1_725' title='bbox 2103 2454 2168 2509; x_wconf 81' lang='grc' dir='ltr'>Τί</span> <span class='ocrx_word' id='word_1_726' title='bbox 2199 2458 2336 2522; x_wconf 82' lang='grc' dir='ltr'>ἐστι,</span> <span class='ocrx_word' id='word_1_727' title='bbox 2368 2455 2491 2513; x_wconf 85' lang='grc' dir='ltr'>Τῶν</span> <span class='ocrx_word' id='word_1_728' title='bbox 2516 2457 2878 2527; x_wconf 78' lang='grc' dir='ltr'>ἀνθρώπων;</span> <span class='ocrx_word' id='word_1_729' title='bbox 2901 2460 3124 2515; x_wconf 84' lang='grc' dir='ltr'>Πάντων</span> <span class='ocrx_word' id='word_1_730' title='bbox 3152 2460 3263 2515; x_wconf 83' lang='grc' dir='ltr'>τῶν</span> <span class='ocrx_word' id='word_1_731' title='bbox 3288 2465 3565 2536; x_wconf 83' lang='grc' dir='ltr'>πανταχοῦ</span> <span class='ocrx_word' id='word_1_732' title='bbox 3586 2467 3687 2537; x_wconf 82' lang='grc' dir='ltr'>τῆς</span> 
     </span>
    </p>
   </div>
   <div class='ocr_carea' id='block_1_96' title="bbox 2100 2540 3687 2624">
    <p class='ocr_par' dir='ltr' id='par_1_96' title="bbox 2100 2540 3687 2624">
     <span class='ocr_line' id='line_1_96' title="bbox 2100 2540 3687 2624; baseline 0.009 -33"><span class='ocrx_word' id='word_1_733' title='bbox 2100 2540 2423 2624; x_wconf 67' lang='grc' dir='ltr'>οἰκουμένης</span> <span class='ocrx_word' id='word_1_734' title='bbox 2454 2540 2645 2595; x_wconf 86' lang='grc' dir='ltr'>ἐθνῶν.</span> <span class='ocrx_word' id='word_1_735' title='bbox 2675 2543 2783 2596; x_wconf 74' lang='grc' dir='ltr'>Καὶ</span> <span class='ocrx_word' id='word_1_736' title='bbox 2806 2543 2929 2597; x_wconf 80' lang='grc' dir='ltr'>οὐδὲ</span> <span class='ocrx_word' id='word_1_737' title='bbox 2951 2543 3124 2618; x_wconf 81' lang='grc' dir='ltr'>ταύτῃ</span> <span class='ocrx_word' id='word_1_738' title='bbox 3146 2546 3390 2619; x_wconf 79' lang='grc' dir='ltr'>ἠρκέσθη</span> <span class='ocrx_word' id='word_1_739' title='bbox 3418 2551 3484 2619; x_wconf 73' lang='grc' dir='ltr'>τῇ</span> <span class='ocrx_word' id='word_1_740' title='bbox 3515 2549 3687 2624; x_wconf 86' lang='grc' dir='ltr'>ύπερ-</span> 
     </span>
    </p>
   </div>
   <div class='ocr_carea' id='block_1_97' title="bbox 2103 2620 3685 2701">
    <p class='ocr_par' dir='ltr' id='par_1_97' title="bbox 2103 2620 3685 2701">
     <span class='ocr_line' id='line_1_97' title="bbox 2103 2620 3685 2701; baseline 0.009 -28"><span class='ocrx_word' id='word_1_741' title='bbox 2103 2620 2252 2692; x_wconf 84' lang='grc' dir='ltr'>ϐολῇ,</span> <span class='ocrx_word' id='word_1_742' title='bbox 2287 2621 2423 2676; x_wconf 88' lang='grc' dir='ltr'>ἀλλά</span> <span class='ocrx_word' id='word_1_743' title='bbox 2463 2624 2556 2677; x_wconf 75' lang='grc' dir='ltr'>καὶ</span> <span class='ocrx_word' id='word_1_744' title='bbox 2598 2624 2794 2695; x_wconf 81' lang='grc' dir='ltr'>ἑτέραν</span> <span class='ocrx_word' id='word_1_745' title='bbox 2831 2625 3012 2697; x_wconf 83' lang='grc' dir='ltr'>πολλῷ</span> <span class='ocrx_word' id='word_1_746' title='bbox 3048 2626 3273 2697; x_wconf 77' lang='grc' dir='ltr'>μείζονα</span> <span class='ocrx_word' id='word_1_747' title='bbox 3315 2630 3552 2701; x_wconf 87' lang='grc' dir='ltr'>τίθησιν,</span> <span class='ocrx_word' id='word_1_748' title='bbox 3586 2620 3685 2688; x_wconf 50' lang='grc' dir='ltr'>ιε-</span> 
     </span>
    </p>
   </div>
   <div class='ocr_carea' id='block_1_98' title="bbox 2104 2703 3684 2783">
    <p class='ocr_par' dir='ltr' id='par_1_98' title="bbox 2104 2703 3684 2783">
     <span class='ocr_line' id='line_1_98' title="bbox 2104 2703 3684 2783; baseline 0.008 -27"><span class='ocrx_word' id='word_1_749' title='bbox 2104 2703 2254 2771; x_wconf 89' lang='grc' dir='ltr'>άγων</span> <span class='ocrx_word' id='word_1_750' title='bbox 2282 2706 2377 2758; x_wconf 73' lang='grc' dir='ltr'>καὶ</span> <span class='ocrx_word' id='word_1_751' title='bbox 2397 2706 2593 2774; x_wconf 82' lang='grc' dir='ltr'>λέγων,</span> <span class='ocrx_word' id='word_1_752' title='bbox 2625 2707 2731 2760; x_wconf 82' lang='grc' dir='ltr'>Καί</span> <span class='ocrx_word' id='word_1_753' title='bbox 2760 2706 2878 2761; x_wconf 81' lang='grc' dir='ltr'>τῶν</span> <span class='ocrx_word' id='word_1_754' title='bbox 2904 2708 3195 2777; x_wconf 70' lang='grc' dir='ltr'>ἀγγέλων,</span> <span class='ocrx_word' id='word_1_755' title='bbox 3225 2710 3471 2781; x_wconf 76' lang='grc' dir='ltr'>ἀγάπην</span> <span class='ocrx_word' id='word_1_756' title='bbox 3502 2714 3571 2767; x_wconf 77' lang='grc' dir='ltr'>δὲ</span> <span class='ocrx_word' id='word_1_757' title='bbox 3596 2713 3684 2783; x_wconf 76' lang='grc' dir='ltr'>μὴ</span> 
     </span>
    </p>
   </div>
   <div class='ocr_carea' id='block_1_99' title="bbox 2105 2783 3686 2865">
    <p class='ocr_par' dir='ltr' id='par_1_99' title="bbox 2105 2783 3686 2865">
     <span class='ocr_line' id='line_1_99' title="bbox 2105 2783 3686 2865; baseline 0.008 -26"><span class='ocrx_word' id='word_1_758' title='bbox 2105 2783 2254 2857; x_wconf 71' lang='lat'><strong>[290]</strong></span> <span class='ocrx_word' id='word_1_759' title='bbox 2301 2788 2441 2855; x_wconf 77' lang='grc' dir='ltr'>ἔχω,</span> <span class='ocrx_word' id='word_1_760' title='bbox 2488 2787 2709 2858; x_wconf 78' lang='grc' dir='ltr'>γέγονα</span> <span class='ocrx_word' id='word_1_761' title='bbox 2766 2790 2996 2859; x_wconf 72' lang='grc' dir='ltr'>χαλκὸς</span> <span class='ocrx_word' id='word_1_762' title='bbox 3051 2790 3220 2859; x_wconf 74' lang='grc' dir='ltr'>ἠχῶν</span> <span class='ocrx_word' id='word_1_763' title='bbox 3276 2793 3315 2863; x_wconf 81' lang='grc' dir='ltr'><em>ἢ</em></span> <span class='ocrx_word' id='word_1_764' title='bbox 3373 2797 3686 2865; x_wconf 73' lang='grc' dir='ltr'>κύμϐαλον</span> 
     </span>
    </p>
   </div>
   <div class='ocr_carea' id='block_1_100' title="bbox 2102 2867 3683 2947">
    <p class='ocr_par' dir='ltr' id='par_1_100' title="bbox 2102 2867 3683 2947">
     <span class='ocr_line' id='line_1_100' title="bbox 2102 2867 3683 2947; baseline 0.006 -23"><span class='ocrx_word' id='word_1_765' title='bbox 2102 2868 2426 2930; x_wconf 68' lang='grc' dir='ltr'>ἀλαλάζον.</span> <span class='ocrx_word' id='word_1_766' title='bbox 2465 2867 2620 2935; x_wconf 79' lang='grc' dir='ltr'>Εἶδες</span> <span class='ocrx_word' id='word_1_767' title='bbox 2653 2871 2757 2926; x_wconf 85' lang='grc' dir='ltr'>ποῦ</span> <span class='ocrx_word' id='word_1_768' title='bbox 2784 2873 2847 2927; x_wconf 79' lang='grc' dir='ltr'>τὸ</span> <span class='ocrx_word' id='word_1_769' title='bbox 2868 2873 3111 2945; x_wconf 87' lang='grc' dir='ltr'>χάρισμα</span> <span class='ocrx_word' id='word_1_770' title='bbox 3142 2875 3373 2947; x_wconf 85' lang='grc' dir='ltr'>ἐπάρας.</span> <span class='ocrx_word' id='word_1_771' title='bbox 3412 2879 3516 2932; x_wconf 87' lang='grc' dir='ltr'>ποῦ</span> <span class='ocrx_word' id='word_1_772' title='bbox 3546 2880 3683 2935; x_wconf 79' lang='grc' dir='ltr'>καθ-</span> 
     </span>
    </p>
   </div>
   <div class='ocr_carea' id='block_1_101' title="bbox 2103 2952 3681 3029">
    <p class='ocr_par' dir='ltr' id='par_1_101' title="bbox 2103 2952 3681 3029">
     <span class='ocr_line' id='line_1_101' title="bbox 2103 2952 3681 3029; baseline 0.008 -25"><span class='ocrx_word' id='word_1_773' title='bbox 2103 2952 2242 3005; x_wconf 87' lang='grc' dir='ltr'>εῖλεν</span> <span class='ocrx_word' id='word_1_774' title='bbox 2281 2953 2417 3006; x_wconf 80' lang='grc' dir='ltr'>αὐτὸ</span> <span class='ocrx_word' id='word_1_775' title='bbox 2452 2954 2547 3008; x_wconf 76' lang='grc' dir='ltr'>καὶ</span> <span class='ocrx_word' id='word_1_776' title='bbox 2573 2953 2934 3025; x_wconf 75' lang='grc' dir='ltr'>κατέρῤιψενς</span> <span class='ocrx_word' id='word_1_777' title='bbox 2973 2956 3106 3010; x_wconf 81' lang='grc' dir='ltr'>Οὐδὲ</span> <span class='ocrx_word' id='word_1_778' title='bbox 3134 2956 3244 3029; x_wconf 80' lang='grc' dir='ltr'>γάρ</span> <span class='ocrx_word' id='word_1_779' title='bbox 3284 2959 3471 3025; x_wconf 82' lang='grc' dir='ltr'>ἁπλῶς</span> <span class='ocrx_word' id='word_1_780' title='bbox 3507 2957 3681 3029; x_wconf 73' lang='grc' dir='ltr'>εἶπεν,</span> 
     </span>
    </p>
   </div>
   <div class='ocr_carea' id='block_1_102' title="bbox 2102 3034 3683 3114">
    <p class='ocr_par' dir='ltr' id='par_1_102' title="bbox 2102 3034 3683 3114">
     <span class='ocr_line' id='line_1_102' title="bbox 2102 3034 3683 3114; baseline 0.009 -27"><span class='ocrx_word' id='word_1_781' title='bbox 2102 3034 2184 3088; x_wconf 82' lang='grc' dir='ltr'>ὅτι</span> <span class='ocrx_word' id='word_1_782' title='bbox 2246 3035 2411 3091; x_wconf 73' lang='grc' dir='ltr'>Οὐδέν</span> <span class='ocrx_word' id='word_1_783' title='bbox 2461 3041 2601 3107; x_wconf 84' lang='grc' dir='ltr'>ειμι,</span> <span class='ocrx_word' id='word_1_784' title='bbox 2641 3036 2757 3091; x_wconf 79' lang='grc' dir='ltr'>ἀλλ’</span> <span class='ocrx_word' id='word_1_785' title='bbox 2810 3038 2892 3091; x_wconf 79' lang='grc' dir='ltr'>ὅτι</span> <span class='ocrx_word' id='word_1_786' title='bbox 2934 3038 3169 3109; x_wconf 78' lang='grc' dir='ltr'>Γέγονα</span> <span class='ocrx_word' id='word_1_787' title='bbox 3217 3043 3446 3110; x_wconf 70' lang='grc' dir='ltr'>χαλκὸς</span> <span class='ocrx_word' id='word_1_788' title='bbox 3492 3044 3683 3114; x_wconf 79' lang='grc' dir='ltr'>ἠχῶν,</span> 
     </span>
    </p>
   </div>
   <div class='ocr_carea' id='block_1_103' title="bbox 2102 3116 3680 3199">
    <p class='ocr_par' dir='ltr' id='par_1_103' title="bbox 2102 3116 3680 3199">
     <span class='ocr_line' id='line_1_103' title="bbox 2102 3116 3680 3199; baseline 0.006 -28"><span class='ocrx_word' id='word_1_789' title='bbox 2102 3116 2424 3189; x_wconf 78' lang='grc' dir='ltr'>ἀναίσθητόν</span> <span class='ocrx_word' id='word_1_790' title='bbox 2480 3137 2533 3173; x_wconf 91' lang='grc' dir='ltr'>τι</span> <span class='ocrx_word' id='word_1_791' title='bbox 2580 3121 2675 3174; x_wconf 80' lang='grc' dir='ltr'>καὶ</span> <span class='ocrx_word' id='word_1_792' title='bbox 2705 3120 2932 3192; x_wconf 78' lang='grc' dir='ltr'>ἄψυχον.</span> <span class='ocrx_word' id='word_1_793' title='bbox 2984 3123 3109 3188; x_wconf 87' lang='grc' dir='ltr'>Πῶς</span> <span class='ocrx_word' id='word_1_794' title='bbox 3155 3125 3212 3179; x_wconf 77' lang='grc' dir='ltr'>δὲ</span> <span class='ocrx_word' id='word_1_795' title='bbox 3247 3126 3445 3196; x_wconf 80' lang='grc' dir='ltr'>χαλκὸς</span> <span class='ocrx_word' id='word_1_796' title='bbox 3498 3129 3680 3199; x_wconf 79' lang='grc' dir='ltr'>ἠχῶνς</span> 
     </span>
    </p>
   </div>
   <div class='ocr_carea' id='block_1_104' title="bbox 2101 3203 3681 3279">
    <p class='ocr_par' dir='ltr' id='par_1_104' title="bbox 2101 3203 3681 3279">
     <span class='ocr_line' id='line_1_104' title="bbox 2101 3203 3681 3279; baseline 0.008 -24"><span class='ocrx_word' id='word_1_797' title='bbox 2101 3203 2290 3274; x_wconf 76' lang='grc' dir='ltr'>Φωνὴν</span> <span class='ocrx_word' id='word_1_798' title='bbox 2332 3204 2431 3274; x_wconf 83' lang='grc' dir='ltr'>μὲν</span> <span class='ocrx_word' id='word_1_799' title='bbox 2460 3206 2664 3275; x_wconf 71' lang='grc' dir='ltr'>ἀφιεὶς,</span> <span class='ocrx_word' id='word_1_800' title='bbox 2705 3207 2828 3278; x_wconf 83' lang='grc' dir='ltr'>εἰκῆ</span> <span class='ocrx_word' id='word_1_801' title='bbox 2856 3206 2912 3260; x_wconf 78' lang='grc' dir='ltr'>δὲ</span> <span class='ocrx_word' id='word_1_802' title='bbox 2942 3209 3036 3261; x_wconf 78' lang='grc' dir='ltr'>καὶ</span> <span class='ocrx_word' id='word_1_803' title='bbox 3069 3210 3267 3279; x_wconf 88' lang='grc' dir='ltr'>μάτην,</span> <span class='ocrx_word' id='word_1_804' title='bbox 3301 3211 3395 3266; x_wconf 79' lang='grc' dir='ltr'>καὶ</span> <span class='ocrx_word' id='word_1_805' title='bbox 3417 3214 3497 3277; x_wconf 89' lang='grc' dir='ltr'>είς</span> <span class='ocrx_word' id='word_1_806' title='bbox 3529 3214 3681 3267; x_wconf 81' lang='grc' dir='ltr'>οὐδὲν</span> 
     </span>
    </p>
   </div>
   <div class='ocr_carea' id='block_1_105' title="bbox 2102 3286 3683 3368">
    <p class='ocr_par' dir='ltr' id='par_1_105' title="bbox 2102 3286 3683 3368">
     <span class='ocr_line' id='line_1_105' title="bbox 2102 3286 3683 3368; baseline 0.006 -28"><span class='ocrx_word' id='word_1_807' title='bbox 2102 3286 2244 3340; x_wconf 89' lang='grc' dir='ltr'>δέον.</span> <span class='ocrx_word' id='word_1_808' title='bbox 2296 3287 2440 3358; x_wconf 83' lang='grc' dir='ltr'>Πρὸς</span> <span class='ocrx_word' id='word_1_809' title='bbox 2482 3288 2592 3361; x_wconf 82' lang='grc' dir='ltr'>γάρ</span> <span class='ocrx_word' id='word_1_810' title='bbox 2639 3288 2718 3361; x_wconf 82' lang='grc' dir='ltr'>τῷ</span> <span class='ocrx_word' id='word_1_811' title='bbox 2757 3288 2927 3360; x_wconf 79' lang='grc' dir='ltr'>μηδὲν</span> <span class='ocrx_word' id='word_1_812' title='bbox 2975 3290 3158 3347; x_wconf 82' lang='grc' dir='ltr'>ἀνύειν</span> <span class='ocrx_word' id='word_1_813' title='bbox 3196 3294 3289 3348; x_wconf 71' lang='grc' dir='ltr'>καὶ</span> <span class='ocrx_word' id='word_1_814' title='bbox 3333 3296 3683 3368; x_wconf 80' lang='grc' dir='ltr'>παρενοχλεῖν</span> 
     </span>
    </p>
   </div>
   <div class='ocr_carea' id='block_1_106' title="bbox 2103 3369 3682 3451">
    <p class='ocr_par' dir='ltr' id='par_1_106' title="bbox 2103 3369 3682 3451">
     <span class='ocr_line' id='line_1_106' title="bbox 2103 3369 3682 3451; baseline 0.007 -27"><span class='ocrx_word' id='word_1_815' title='bbox 2103 3369 2245 3425; x_wconf 87' lang='grc' dir='ltr'>δοκῶ</span> <span class='ocrx_word' id='word_1_816' title='bbox 2289 3372 2382 3425; x_wconf 78' lang='grc' dir='ltr'>καὶ</span> <span class='ocrx_word' id='word_1_817' title='bbox 2417 3372 2672 3442; x_wconf 82' lang='grc' dir='ltr'>φορτικός</span> <span class='ocrx_word' id='word_1_818' title='bbox 2712 3389 2794 3437; x_wconf 87' lang='grc' dir='ltr'>τις</span> <span class='ocrx_word' id='word_1_819' title='bbox 2828 3370 2968 3429; x_wconf 81' lang='grc' dir='ltr'>εἶναι</span> <span class='ocrx_word' id='word_1_820' title='bbox 3002 3376 3095 3430; x_wconf 80' lang='grc' dir='ltr'>καί</span> <span class='ocrx_word' id='word_1_821' title='bbox 3126 3377 3370 3451; x_wconf 80' lang='grc' dir='ltr'>ἐπαχθὴς</span> <span class='ocrx_word' id='word_1_822' title='bbox 3400 3382 3513 3446; x_wconf 86' lang='grc' dir='ltr'>τοῖς</span> <span class='ocrx_word' id='word_1_823' title='bbox 3552 3380 3682 3435; x_wconf 89' lang='grc' dir='ltr'>πολ-</span> 
     </span>
    </p>
   </div>
   <div class='ocr_carea' id='block_1_107' title="bbox 2105 3453 3683 3533">
    <p class='ocr_par' dir='ltr' id='par_1_107' title="bbox 2105 3453 3683 3533">
     <span class='ocr_line' id='line_1_107' title="bbox 2105 3453 3683 3533; baseline 0.005 -23"><span class='ocrx_word' id='word_1_824' title='bbox 2105 3453 2216 3518; x_wconf 85' lang='grc' dir='ltr'>λοίς</span> <span class='ocrx_word' id='word_1_825' title='bbox 2237 3473 2251 3488; x_wconf 88' lang='grc'><strong>·</strong></span> <span class='ocrx_word' id='word_1_826' title='bbox 2301 3456 2434 3527; x_wconf 80' lang='grc' dir='ltr'>ὁρᾷς</span> <span class='ocrx_word' id='word_1_827' title='bbox 2466 3454 2581 3519; x_wconf 82' lang='grc' dir='ltr'>πῶς</span> <span class='ocrx_word' id='word_1_828' title='bbox 2611 3457 2640 3509; x_wconf 89' lang='grc' dir='ltr'>ό</span> <span class='ocrx_word' id='word_1_829' title='bbox 2668 3455 2889 3524; x_wconf 81' lang='grc' dir='ltr'>ἀγάπης</span> <span class='ocrx_word' id='word_1_830' title='bbox 2928 3458 3373 3532; x_wconf 78' lang='grc' dir='ltr'>ἀπεστερημένος</span> <span class='ocrx_word' id='word_1_831' title='bbox 3408 3466 3520 3527; x_wconf 88' lang='grc' dir='ltr'>τοῖς</span> <span class='ocrx_word' id='word_1_832' title='bbox 3542 3463 3683 3533; x_wconf 52' lang='lat' dir='ltr'>aqua-</span> 
     </span>
    </p>
   </div>
   <div class='ocr_carea' id='block_1_108' title="bbox 2105 3538 3681 3615">
    <p class='ocr_par' dir='ltr' id='par_1_108' title="bbox 2105 3538 3681 3615">
     <span class='ocr_line' id='line_1_108' title="bbox 2105 3538 3681 3615; baseline 0.005 -24"><span class='ocrx_word' id='word_1_833' title='bbox 2105 3555 2219 3608; x_wconf 90' lang='grc' dir='ltr'>χοις</span> <span class='ocrx_word' id='word_1_834' title='bbox 2245 3538 2531 3607; x_wconf 84' lang='grc' dir='ltr'>προσέοικε</span> <span class='ocrx_word' id='word_1_835' title='bbox 2560 3539 2655 3592; x_wconf 79' lang='grc' dir='ltr'>καὶ</span> <span class='ocrx_word' id='word_1_836' title='bbox 2677 3539 3060 3611; x_wconf 74' lang='grc' dir='ltr'>άναισθήτοιςς</span> <span class='ocrx_word' id='word_1_837' title='bbox 3080 3542 3330 3598; x_wconf 82' lang='grc' dir='ltr'>Γλῶτταν</span> <span class='ocrx_word' id='word_1_838' title='bbox 3348 3545 3406 3599; x_wconf 86' lang='grc' dir='ltr'>δέ</span> <span class='ocrx_word' id='word_1_839' title='bbox 3433 3546 3681 3615; x_wconf 81' lang='grc' dir='ltr'>ἀγγέλων</span> 
     </span>
    </p>
   </div>
   <div class='ocr_carea' id='block_1_109' title="bbox 2106 3620 3680 3697">
    <p class='ocr_par' dir='ltr' id='par_1_109' title="bbox 2106 3620 3680 3697">
     <span class='ocr_line' id='line_1_109' title="bbox 2106 3620 3680 3697; baseline 0.006 -22"><span class='ocrx_word' id='word_1_840' title='bbox 2106 3620 2342 3675; x_wconf 81' lang='grc' dir='ltr'>ἐνταῦθά</span> <span class='ocrx_word' id='word_1_841' title='bbox 2365 3637 2548 3691; x_wconf 86' lang='grc' dir='ltr'>φησιν,</span> <span class='ocrx_word' id='word_1_842' title='bbox 2584 3622 2703 3693; x_wconf 74' lang='grc' dir='ltr'>οὐχὶ</span> <span class='ocrx_word' id='word_1_843' title='bbox 2733 3622 2892 3693; x_wconf 83' lang='grc' dir='ltr'>σῶμα</span> <span class='ocrx_word' id='word_1_844' title='bbox 2934 3626 3234 3696; x_wconf 82' lang='grc' dir='ltr'>περιτιθεὶς</span> <span class='ocrx_word' id='word_1_845' title='bbox 3263 3628 3534 3697; x_wconf 80' lang='grc' dir='ltr'>ἀγγέλοις,</span> <span class='ocrx_word' id='word_1_846' title='bbox 3564 3630 3680 3683; x_wconf 81' lang='grc' dir='ltr'>ἀλλ’</span> 
     </span>
    </p>
   </div>
   <div class='ocr_carea' id='block_1_110' title="bbox 2104 3703 3683 3782">
    <p class='ocr_par' dir='ltr' id='par_1_110' title="bbox 2104 3703 3683 3782">
     <span class='ocr_line' id='line_1_110' title="bbox 2104 3703 3683 3782; baseline 0.006 -24"><span class='ocrx_word' id='word_1_847' title='bbox 2104 3704 2134 3758; x_wconf 82' lang='grc' dir='ltr'><strong>ὃ</strong></span> <span class='ocrx_word' id='word_1_848' title='bbox 2161 3704 2331 3771; x_wconf 86' lang='grc' dir='ltr'>λέγει,</span> <span class='ocrx_word' id='word_1_849' title='bbox 2375 3703 2617 3758; x_wconf 88' lang='grc' dir='ltr'>τοιοῦτόν</span> <span class='ocrx_word' id='word_1_850' title='bbox 2666 3706 2818 3759; x_wconf 83' lang='grc' dir='ltr'>ἐστι·</span> <span class='ocrx_word' id='word_1_851' title='bbox 2864 3706 2985 3762; x_wconf 80' lang='grc' dir='ltr'>Κάν</span> <span class='ocrx_word' id='word_1_852' title='bbox 3034 3708 3176 3762; x_wconf 78' lang='grc' dir='ltr'>οὕτω</span> <span class='ocrx_word' id='word_1_853' title='bbox 3227 3710 3572 3782; x_wconf 82' lang='grc' dir='ltr'>φθέγγωμαι,</span> <span class='ocrx_word' id='word_1_854' title='bbox 3603 3713 3683 3779; x_wconf 77' lang='grc' dir='ltr'>ὡς</span> 
     </span>
    </p>
   </div>
   <div class='ocr_carea' id='block_1_111' title="bbox 2104 3786 3680 3869">
    <p class='ocr_par' dir='ltr' id='par_1_111' title="bbox 2104 3786 3680 3869">
     <span class='ocr_line' id='line_1_111' title="bbox 2104 3786 3680 3869; baseline 0.006 -28"><span class='ocrx_word' id='word_1_855' title='bbox 2104 3786 2356 3869; x_wconf 82' lang='grc' dir='ltr'>ἀγγέλοις</span> <span class='ocrx_word' id='word_1_856' title='bbox 2384 3786 2558 3869; x_wconf 81' lang='grc' dir='ltr'>νόμος</span> <span class='ocrx_word' id='word_1_857' title='bbox 2607 3787 2744 3857; x_wconf 75' lang='grc' dir='ltr'>πρὸς</span> <span class='ocrx_word' id='word_1_858' title='bbox 2785 3788 3051 3860; x_wconf 84' lang='grc' dir='ltr'>ἀλλήλους</span> <span class='ocrx_word' id='word_1_859' title='bbox 3084 3791 3449 3861; x_wconf 84' lang='grc' dir='ltr'>διαλέγεσθαι,</span> <span class='ocrx_word' id='word_1_860' title='bbox 3479 3796 3680 3869; x_wconf 85' lang='grc' dir='ltr'>ταύτης</span> 
     </span>
    </p>
   </div>
   <div class='ocr_carea' id='block_1_112' title="bbox 2104 3868 3674 3950">
    <p class='ocr_par' dir='ltr' id='par_1_112' title="bbox 2104 3868 3674 3950">
     <span class='ocr_line' id='line_1_112' title="bbox 2104 3868 3674 3950; baseline 0.007 -26"><span class='ocrx_word' id='word_1_861' title='bbox 2104 3870 2234 3925; x_wconf 83' lang='grc' dir='ltr'>ἀνευ</span> <span class='ocrx_word' id='word_1_862' title='bbox 2273 3868 2427 3922; x_wconf 84' lang='grc' dir='ltr'>οὐδέν</span> <span class='ocrx_word' id='word_1_863' title='bbox 2465 3871 2603 3939; x_wconf 87' lang='grc' dir='ltr'>είμι,</span> <span class='ocrx_word' id='word_1_864' title='bbox 2653 3870 2788 3923; x_wconf 73' lang='grc' dir='ltr'>ἀλλὰ</span> <span class='ocrx_word' id='word_1_865' title='bbox 2842 3873 2935 3926; x_wconf 86' lang='grc' dir='ltr'>καί</span> <span class='ocrx_word' id='word_1_866' title='bbox 2984 3874 3229 3947; x_wconf 78' lang='grc' dir='ltr'>ἐπαχθὴς</span> <span class='ocrx_word' id='word_1_867' title='bbox 3267 3877 3362 3930; x_wconf 74' lang='grc' dir='ltr'>καὶ</span> <span class='ocrx_word' id='word_1_868' title='bbox 3401 3868 3674 3950; x_wconf 83' lang='grc' dir='ltr'>φορτικός.</span> 
     </span>
    </p>
   </div>
   <div class='ocr_carea' id='block_1_113' title="bbox 2105 3950 3678 4031">
    <p class='ocr_par' dir='ltr' id='par_1_113' title="bbox 2105 3950 3678 4031">
     <span class='ocr_line' id='line_1_113' title="bbox 2105 3950 3678 4031; baseline 0.007 -25"><span class='ocrx_word' id='word_1_869' title='bbox 2105 3951 2263 4006; x_wconf 74' lang='grc' dir='ltr'>Οὕτω</span> <span class='ocrx_word' id='word_1_870' title='bbox 2289 3951 2418 4021; x_wconf 89' lang='grc' dir='ltr'>γοῦν</span> <span class='ocrx_word' id='word_1_871' title='bbox 2449 3951 2543 4005; x_wconf 73' lang='grc' dir='ltr'>καὶ</span> <span class='ocrx_word' id='word_1_872' title='bbox 2565 3950 2799 4023; x_wconf 80' lang='grc' dir='ltr'>ἀλλαχοῦ</span> <span class='ocrx_word' id='word_1_873' title='bbox 2828 3954 2957 4008; x_wconf 83' lang='grc' dir='ltr'>ὅταν</span> <span class='ocrx_word' id='word_1_874' title='bbox 2977 3954 3134 4029; x_wconf 80' lang='grc' dir='ltr'>λέγῃ,</span> <span class='ocrx_word' id='word_1_875' title='bbox 3158 3958 3239 4011; x_wconf 84' lang='grc' dir='ltr'>ὅτι</span> <span class='ocrx_word' id='word_1_876' title='bbox 3256 3959 3428 4025; x_wconf 82' lang='grc' dir='ltr'>Λύτῷ</span> <span class='ocrx_word' id='word_1_877' title='bbox 3455 3962 3678 4031; x_wconf 65' lang='grc' dir='ltr'>κάμψει</span> 
     </span>
    </p>
   </div>
   <div class='ocr_carea' id='block_1_114' title="bbox 2102 4033 3674 4112">
    <p class='ocr_par' dir='ltr' id='par_1_114' title="bbox 2102 4033 3674 4112">
     <span class='ocr_line' id='line_1_114' title="bbox 2102 4033 3674 4112; baseline 0.006 -24"><span class='ocrx_word' id='word_1_878' title='bbox 2102 4033 2227 4090; x_wconf 74' lang='grc' dir='ltr'>πᾶν</span> <span class='ocrx_word' id='word_1_879' title='bbox 2250 4033 2397 4104; x_wconf 78' lang='grc' dir='ltr'>γόνυ</span> <span class='ocrx_word' id='word_1_880' title='bbox 2417 4034 2793 4103; x_wconf 81' lang='grc' dir='ltr'>ἐπουρανίων</span> <span class='ocrx_word' id='word_1_881' title='bbox 2820 4038 2918 4091; x_wconf 79' lang='grc' dir='ltr'>καὶ</span> <span class='ocrx_word' id='word_1_882' title='bbox 2958 4038 3234 4108; x_wconf 78' lang='grc' dir='ltr'>ἐπιγείων</span> <span class='ocrx_word' id='word_1_883' title='bbox 3263 4040 3359 4097; x_wconf 78' lang='grc' dir='ltr'>καί</span> <span class='ocrx_word' id='word_1_884' title='bbox 3385 4050 3674 4112; x_wconf 81' lang='grc' dir='ltr'>καταχθο-</span> 
     </span>
    </p>
   </div>
   <div class='ocr_carea' id='block_1_115' title="bbox 2101 4116 3682 4194">
    <p class='ocr_par' dir='ltr' id='par_1_115' title="bbox 2101 4116 3682 4194">
     <span class='ocr_line' id='line_1_115' title="bbox 2101 4116 3682 4194; baseline 0.003 -23"><span class='ocrx_word' id='word_1_885' title='bbox 2101 4116 2268 4182; x_wconf 81' lang='grc' dir='ltr'>νίων,</span> <span class='ocrx_word' id='word_1_886' title='bbox 2310 4117 2373 4171; x_wconf 83' lang='grc' dir='ltr'>οὐ</span> <span class='ocrx_word' id='word_1_887' title='bbox 2406 4118 2608 4186; x_wconf 84' lang='grc' dir='ltr'>γόνατα</span> <span class='ocrx_word' id='word_1_888' title='bbox 2639 4116 2734 4172; x_wconf 81' lang='grc' dir='ltr'>καί</span> <span class='ocrx_word' id='word_1_889' title='bbox 2762 4118 2897 4174; x_wconf 80' lang='grc' dir='ltr'>ὀστᾶ</span> <span class='ocrx_word' id='word_1_890' title='bbox 2946 4121 3242 4192; x_wconf 73' lang='grc' dir='ltr'>περιτιθεὶς,</span> <span class='ocrx_word' id='word_1_891' title='bbox 3290 4127 3402 4187; x_wconf 80' lang='grc' dir='ltr'>τοῖς</span> <span class='ocrx_word' id='word_1_892' title='bbox 3428 4125 3682 4194; x_wconf 77' lang='grc' dir='ltr'>ἀγγέλοις</span> 
     </span>
    </p>
   </div>
   <div class='ocr_carea' id='block_1_116' title="bbox 2101 4198 3678 4281">
    <p class='ocr_par' dir='ltr' id='par_1_116' title="bbox 2101 4198 3678 4281">
     <span class='ocr_line' id='line_1_116' title="bbox 2101 4198 3678 4281; baseline 0.004 -28"><span class='ocrx_word' id='word_1_893' title='bbox 2101 4199 2275 4254; x_wconf 89' lang='grc' dir='ltr'>ταῦτα</span> <span class='ocrx_word' id='word_1_894' title='bbox 2314 4198 2484 4268; x_wconf 88' lang='grc' dir='ltr'>λέγει,</span> <span class='ocrx_word' id='word_1_895' title='bbox 2531 4198 2734 4270; x_wconf 78' lang='grc' dir='ltr'>ἄπαγε,</span> <span class='ocrx_word' id='word_1_896' title='bbox 2768 4201 2903 4257; x_wconf 76' lang='grc' dir='ltr'>ἀλλὰ</span> <span class='ocrx_word' id='word_1_897' title='bbox 2937 4202 3035 4274; x_wconf 78' lang='grc' dir='ltr'>τὴν</span> <span class='ocrx_word' id='word_1_898' title='bbox 3081 4205 3478 4278; x_wconf 75' lang='grc' dir='ltr'>ἐπιτεταμένην</span> <span class='ocrx_word' id='word_1_899' title='bbox 3504 4224 3678 4281; x_wconf 66' lang='grc' dir='ltr'>προσ-</span> 
     </span>
    </p>
   </div>
   <div class='ocr_carea' id='block_1_117' title="bbox 2102 4282 3678 4360">
    <p class='ocr_par' dir='ltr' id='par_1_117' title="bbox 2102 4282 3678 4360">
     <span class='ocr_line' id='line_1_117' title="bbox 2102 4282 3678 4360; baseline 0.004 -23"><span class='ocrx_word' id='word_1_900' title='bbox 2102 4282 2330 4354; x_wconf 85' lang='grc' dir='ltr'>κύνησιν</span> <span class='ocrx_word' id='word_1_901' title='bbox 2352 4282 2441 4339; x_wconf 80' lang='grc' dir='ltr'>διὰ</span> <span class='ocrx_word' id='word_1_902' title='bbox 2464 4282 2558 4337; x_wconf 91' lang='grc' dir='ltr'>τοῦ</span> <span class='ocrx_word' id='word_1_903' title='bbox 2599 4284 2729 4358; x_wconf 82' lang='grc' dir='ltr'>παρ’</span> <span class='ocrx_word' id='word_1_904' title='bbox 2757 4287 2891 4354; x_wconf 78' lang='grc' dir='ltr'>ἡμῖν</span> <span class='ocrx_word' id='word_1_905' title='bbox 2923 4287 3199 4357; x_wconf 85' lang='grc' dir='ltr'>σχήματος</span> <span class='ocrx_word' id='word_1_906' title='bbox 3225 4289 3530 4353; x_wconf 77' lang='grc' dir='ltr'>αἰνίξασθαι</span> <span class='ocrx_word' id='word_1_907' title='bbox 3555 4291 3678 4360; x_wconf 81' lang='grc' dir='ltr'>βού-</span> 
     </span>
    </p>
   </div>
   <div class='ocr_carea' id='block_1_118' title="bbox 2100 4366 3674 4440">
    <p class='ocr_par' dir='ltr' id='par_1_118' title="bbox 2100 4366 3674 4440">
     <span class='ocr_line' id='line_1_118' title="bbox 2100 4366 3674 4440; baseline 0.004 -18"><span class='ocrx_word' id='word_1_908' title='bbox 2100 4367 2273 4423; x_wconf 86' lang='grc' dir='ltr'>λεται.</span> <span class='ocrx_word' id='word_1_909' title='bbox 2333 4366 2492 4423; x_wconf 78' lang='grc' dir='ltr'>Οὕτω</span> <span class='ocrx_word' id='word_1_910' title='bbox 2540 4368 2634 4423; x_wconf 79' lang='grc' dir='ltr'>καὶ</span> <span class='ocrx_word' id='word_1_911' title='bbox 2682 4368 2917 4423; x_wconf 81' lang='grc' dir='ltr'>ἐνταῦθα</span> <span class='ocrx_word' id='word_1_912' title='bbox 2972 4369 3222 4438; x_wconf 85' lang='grc' dir='ltr'>γλῶσσαν</span> <span class='ocrx_word' id='word_1_913' title='bbox 3279 4373 3559 4440; x_wconf 81' lang='grc' dir='ltr'>ἐκάλεσεν,</span> <span class='ocrx_word' id='word_1_914' title='bbox 3613 4375 3674 4428; x_wconf 76' lang='grc' dir='ltr'>οὐ</span> 
     </span>
    </p>
   </div>
   <div class='ocr_carea' id='block_1_119' title="bbox 2103 4449 3677 4527">
    <p class='ocr_par' dir='ltr' id='par_1_119' title="bbox 2103 4449 3677 4527">
     <span class='ocr_line' id='line_1_119' title="bbox 2103 4449 3677 4527; baseline 0.004 -23"><span class='ocrx_word' id='word_1_915' title='bbox 2103 4449 2304 4522; x_wconf 73' lang='grc' dir='ltr'>σαρκὸς</span> <span class='ocrx_word' id='word_1_916' title='bbox 2333 4450 2564 4522; x_wconf 73' lang='grc' dir='ltr'>ὄργανον</span> <span class='ocrx_word' id='word_1_917' title='bbox 2590 4451 2789 4520; x_wconf 89' lang='grc' dir='ltr'>δηλῶν,</span> <span class='ocrx_word' id='word_1_918' title='bbox 2817 4450 2954 4506; x_wconf 84' lang='grc' dir='ltr'>ἀλλά</span> <span class='ocrx_word' id='word_1_919' title='bbox 2977 4453 3076 4523; x_wconf 78' lang='grc' dir='ltr'>τὴν</span> <span class='ocrx_word' id='word_1_920' title='bbox 3116 4453 3250 4524; x_wconf 81' lang='grc' dir='ltr'>πρὸς</span> <span class='ocrx_word' id='word_1_921' title='bbox 3273 4454 3537 4527; x_wconf 81' lang='grc' dir='ltr'>ἀλλήλους</span> <span class='ocrx_word' id='word_1_922' title='bbox 3579 4457 3677 4510; x_wconf 85' lang='grc' dir='ltr'>αύ-</span> 
     </span>
    </p>
   </div>
   <div class='ocr_carea' id='block_1_120' title="bbox 2099 4532 3678 4610">
    <p class='ocr_par' dir='ltr' id='par_1_120' title="bbox 2099 4532 3678 4610">
     <span class='ocr_line' id='line_1_120' title="bbox 2099 4532 3678 4610; baseline 0.003 -21"><span class='ocrx_word' id='word_1_923' title='bbox 2099 4534 2211 4589; x_wconf 85' lang='grc' dir='ltr'>τῶν</span> <span class='ocrx_word' id='word_1_924' title='bbox 2249 4533 2466 4604; x_wconf 86' lang='grc' dir='ltr'>ὁμιλίαν</span> <span class='ocrx_word' id='word_1_925' title='bbox 2518 4532 2598 4605; x_wconf 85' lang='grc' dir='ltr'>τῷ</span> <span class='ocrx_word' id='word_1_926' title='bbox 2631 4533 2893 4605; x_wconf 89' lang='grc' dir='ltr'>γνωρίμῳ</span> <span class='ocrx_word' id='word_1_927' title='bbox 2928 4535 3059 4607; x_wconf 82' lang='grc' dir='ltr'>παρ’</span> <span class='ocrx_word' id='word_1_928' title='bbox 3090 4536 3220 4606; x_wconf 78' lang='grc' dir='ltr'>ἡμῖν</span> <span class='ocrx_word' id='word_1_929' title='bbox 3259 4538 3443 4610; x_wconf 83' lang='grc' dir='ltr'>τρόπῳ</span> <span class='ocrx_word' id='word_1_930' title='bbox 3470 4540 3678 4606; x_wconf 80' lang='grc' dir='ltr'>αἰνίξα-</span> 
     </span>
    </p>
   </div>
   <div class='ocr_carea' id='block_1_121' title="bbox 2104 4614 3677 4690">
    <p class='ocr_par' dir='ltr' id='par_1_121' title="bbox 2104 4614 3677 4690">
     <span class='ocr_line' id='line_1_121' title="bbox 2104 4614 3677 4690; baseline 0.003 -17"><span class='ocrx_word' id='word_1_931' title='bbox 2104 4617 2228 4673; x_wconf 87' lang='grc' dir='ltr'>σθαι</span> <span class='ocrx_word' id='word_1_932' title='bbox 2259 4615 2601 4687; x_wconf 82' lang='grc' dir='ltr'>βουλόμενος.</span> <span class='ocrx_word' id='word_1_933' title='bbox 2633 4614 2767 4670; x_wconf 83' lang='grc' dir='ltr'>Εἶτα</span> <span class='ocrx_word' id='word_1_934' title='bbox 2813 4617 2955 4672; x_wconf 82' lang='grc' dir='ltr'>ὥστε</span> <span class='ocrx_word' id='word_1_935' title='bbox 2987 4619 3392 4690; x_wconf 82' lang='grc' dir='ltr'>εὐπαράδεκτον</span> <span class='ocrx_word' id='word_1_936' title='bbox 3421 4623 3677 4690; x_wconf 85' lang='grc' dir='ltr'>γενέσθαι</span> 
     </span>
    </p>
   </div>
   <div class='ocr_carea' id='block_1_122' title="bbox 2099 4699 3676 4772">
    <p class='ocr_par' dir='ltr' id='par_1_122' title="bbox 2099 4699 3676 4772">
     <span class='ocr_line' id='line_1_122' title="bbox 2099 4699 3676 4772; baseline 0.004 -18"><span class='ocrx_word' id='word_1_937' title='bbox 2099 4700 2190 4755; x_wconf 84' lang='grc' dir='ltr'>τὸν</span> <span class='ocrx_word' id='word_1_938' title='bbox 2216 4699 2393 4768; x_wconf 88' lang='grc' dir='ltr'>λόγον,</span> <span class='ocrx_word' id='word_1_939' title='bbox 2422 4700 2485 4752; x_wconf 85' lang='grc' dir='ltr'>οὐ</span> <span class='ocrx_word' id='word_1_940' title='bbox 2531 4701 2694 4772; x_wconf 83' lang='grc' dir='ltr'>μέχρι</span> <span class='ocrx_word' id='word_1_941' title='bbox 2718 4700 2826 4755; x_wconf 86' lang='grc' dir='ltr'>τῶν</span> <span class='ocrx_word' id='word_1_942' title='bbox 2869 4700 3130 4770; x_wconf 86' lang='grc' dir='ltr'>γλωσσῶν</span> <span class='ocrx_word' id='word_1_943' title='bbox 3162 4703 3395 4770; x_wconf 83' lang='grc' dir='ltr'>ἵσταται,</span> <span class='ocrx_word' id='word_1_944' title='bbox 3422 4703 3557 4758; x_wconf 88' lang='grc' dir='ltr'>ἀλλά</span> <span class='ocrx_word' id='word_1_945' title='bbox 3582 4708 3676 4761; x_wconf 82' lang='grc' dir='ltr'>καὶ</span> 
     </span>
    </p>
   </div>
   <div class='ocr_carea' id='block_1_123' title="bbox 2100 4782 3673 4860">
    <p class='ocr_par' dir='ltr' id='par_1_123' title="bbox 2100 4782 3673 4860">
     <span class='ocr_line' id='line_1_123' title="bbox 2100 4782 3673 4860; baseline 0.003 -23"><span class='ocrx_word' id='word_1_946' title='bbox 2100 4784 2193 4837; x_wconf 77' lang='grc' dir='ltr'>ἐπὶ</span> <span class='ocrx_word' id='word_1_947' title='bbox 2218 4782 2288 4838; x_wconf 86' lang='grc' dir='ltr'>τά</span> <span class='ocrx_word' id='word_1_948' title='bbox 2310 4782 2472 4838; x_wconf 81' lang='grc' dir='ltr'>λοιπὰ</span> <span class='ocrx_word' id='word_1_949' title='bbox 2500 4783 2713 4854; x_wconf 83' lang='grc' dir='ltr'>πρόεισι</span> <span class='ocrx_word' id='word_1_950' title='bbox 2748 4784 3085 4856; x_wconf 83' lang='grc' dir='ltr'>χαρίσματα,</span> <span class='ocrx_word' id='word_1_951' title='bbox 3120 4785 3216 4839; x_wconf 83' lang='grc' dir='ltr'>καὶ</span> <span class='ocrx_word' id='word_1_952' title='bbox 3245 4787 3422 4841; x_wconf 88' lang='grc' dir='ltr'>πάντα</span> <span class='ocrx_word' id='word_1_953' title='bbox 3456 4790 3522 4860; x_wconf 81' lang='grc' dir='ltr'>τῇ</span> <span class='ocrx_word' id='word_1_954' title='bbox 3571 4789 3673 4860; x_wconf 55' lang='grc' dir='ltr'>αὒέ</span> 
     </span>
    </p>
   </div>
   <div class='ocr_carea' id='block_1_124' title="bbox 2097 4859 3680 4944">
    <p class='ocr_par' dir='ltr' id='par_1_124' title="bbox 2097 4859 3680 4944">
     <span class='ocr_line' id='line_1_124' title="bbox 2097 4859 3680 4944; baseline 0.004 -24"><span class='ocrx_word' id='word_1_955' title='bbox 2097 4867 2198 4937; x_wconf 81' lang='grc' dir='ltr'>τῆς</span> <span class='ocrx_word' id='word_1_956' title='bbox 2236 4866 2476 4938; x_wconf 69' lang='grc' dir='ltr'>άτιουσίςι⁵</span> <span class='ocrx_word' id='word_1_957' title='bbox 2534 4865 2796 4929; x_wconf 85' lang='grc' dir='ltr'>καθελὼν,</span> <span class='ocrx_word' id='word_1_958' title='bbox 2853 4866 2974 4920; x_wconf 74' lang='grc' dir='ltr'>τότε</span> <span class='ocrx_word' id='word_1_959' title='bbox 3003 4866 3175 4936; x_wconf 83' lang='grc' dir='ltr'>αὐτῆς</span> <span class='ocrx_word' id='word_1_960' title='bbox 3224 4859 3532 4940; x_wconf 81' lang='grc' dir='ltr'>ὑπογράφει</span> <span class='ocrx_word' id='word_1_961' title='bbox 3572 4859 3680 4944; x_wconf 65' lang='grc' dir='ltr'>τὴιῖ</span> 
     </span>
    </p>
   </div>
   <div class='ocr_carea' id='block_1_125' title="bbox 2099 4947 3672 5025">
    <p class='ocr_par' dir='ltr' id='par_1_125' title="bbox 2099 4947 3672 5025">
     <span class='ocr_line' id='line_1_125' title="bbox 2099 4947 3672 5025; baseline 0 -22"><span class='ocrx_word' id='word_1_962' title='bbox 2099 4949 2312 5003; x_wconf 72' lang='grc' dir='ltr'>εἰκόνα*</span> <span class='ocrx_word' id='word_1_963' title='bbox 2346 4948 2441 5002; x_wconf 73' lang='grc' dir='ltr'>καὶ</span> <span class='ocrx_word' id='word_1_964' title='bbox 2479 4948 2667 5014; x_wconf 84' lang='grc' dir='ltr'>ἐπειδὴ</span> <span class='ocrx_word' id='word_1_965' title='bbox 2698 4947 2925 5019; x_wconf 79' lang='grc' dir='ltr'>αύξησιν</span> <span class='ocrx_word' id='word_1_966' title='bbox 2968 4948 3193 5019; x_wconf 86' lang='grc' dir='ltr'>ποιῆσαι</span> <span class='ocrx_word' id='word_1_967' title='bbox 3239 4952 3548 5025; x_wconf 74' lang='grc' dir='ltr'>προῄρηται</span> <span class='ocrx_word' id='word_1_968' title='bbox 3575 4954 3672 5011; x_wconf 70' lang='grc' dir='ltr'>τοῦ</span> 
     </span>
    </p>
   </div>
   <div class='ocr_carea' id='block_1_126' title="bbox 2097 5031 3673 5104">
    <p class='ocr_par' dir='ltr' id='par_1_126' title="bbox 2097 5031 3673 5104">
     <span class='ocr_line' id='line_1_126' title="bbox 2097 5031 3673 5104; baseline 0.005 -17"><span class='ocrx_word' id='word_1_969' title='bbox 2097 5033 2281 5101; x_wconf 84' lang='grc' dir='ltr'>λόγου,</span> <span class='ocrx_word' id='word_1_970' title='bbox 2314 5032 2422 5088; x_wconf 84' lang='grc' dir='ltr'>ἀπὸ</span> <span class='ocrx_word' id='word_1_971' title='bbox 2449 5031 2555 5086; x_wconf 85' lang='grc' dir='ltr'>τῶν</span> <span class='ocrx_word' id='word_1_972' title='bbox 2581 5031 2877 5087; x_wconf 77' lang='grc' dir='ltr'>ἐλαττόνων</span> <span class='ocrx_word' id='word_1_973' title='bbox 2906 5032 3205 5104; x_wconf 83' lang='grc' dir='ltr'>ἀρχόμενος</span> <span class='ocrx_word' id='word_1_974' title='bbox 3237 5035 3442 5090; x_wconf 77' lang='grc' dir='ltr'>ἄνεισιν</span> <span class='ocrx_word' id='word_1_975' title='bbox 3482 5038 3576 5094; x_wconf 77' lang='grc' dir='ltr'>ἐπὶ</span> <span class='ocrx_word' id='word_1_976' title='bbox 3603 5038 3673 5095; x_wconf 82' lang='grc' dir='ltr'>τά</span> 
     </span>
    </p>
   </div>
   <div class='ocr_carea' id='block_1_127' title="bbox 2101 5113 3670 5195">
    <p class='ocr_par' dir='ltr' id='par_1_127' title="bbox 2101 5113 3670 5195">
     <span class='ocr_line' id='line_1_127' title="bbox 2101 5113 3670 5195; baseline 0.004 -27"><span class='ocrx_word' id='word_1_977' title='bbox 2101 5115 2292 5188; x_wconf 78' lang='grc' dir='ltr'>μείζω.</span> <span class='ocrx_word' id='word_1_978' title='bbox 2326 5115 2499 5183; x_wconf 84' lang='grc' dir='ltr'>Ὅπερ</span> <span class='ocrx_word' id='word_1_979' title='bbox 2528 5114 2656 5186; x_wconf 83' lang='grc' dir='ltr'>γάρ,</span> <span class='ocrx_word' id='word_1_980' title='bbox 2684 5115 2848 5185; x_wconf 78' lang='grc' dir='ltr'>ἡνίκα</span> <span class='ocrx_word' id='word_1_981' title='bbox 2870 5113 2967 5189; x_wconf 80' lang='grc' dir='ltr'>τὴν</span> <span class='ocrx_word' id='word_1_982' title='bbox 3009 5114 3162 5182; x_wconf 81' lang='grc' dir='ltr'>τάξιν</span> <span class='ocrx_word' id='word_1_983' title='bbox 3185 5118 3364 5172; x_wconf 87' lang='grc' dir='ltr'>αὐτῶν</span> <span class='ocrx_word' id='word_1_984' title='bbox 3389 5120 3670 5195; x_wconf 79' lang='grc' dir='ltr'>ἐνέφηνεν,</span> 
     </span>
    </p>
   </div>
   <div class='ocr_carea' id='block_1_128' title="bbox 2099 5196 3670 5272">
    <p class='ocr_par' dir='ltr' id='par_1_128' title="bbox 2099 5196 3670 5272">
     <span class='ocr_line' id='line_1_128' title="bbox 2099 5196 3670 5272; baseline 0.002 -20"><span class='ocrx_word' id='word_1_985' title='bbox 2099 5198 2325 5268; x_wconf 76' lang='grc' dir='ltr'>ὕστερον</span> <span class='ocrx_word' id='word_1_986' title='bbox 2379 5196 2592 5254; x_wconf 81' lang='grc' dir='ltr'>τέθεικε</span> <span class='ocrx_word' id='word_1_987' title='bbox 2644 5196 2708 5255; x_wconf 83' lang='grc' dir='ltr'>τὸ</span> <span class='ocrx_word' id='word_1_988' title='bbox 2747 5196 2858 5252; x_wconf 90' lang='grc' dir='ltr'>τῶν</span> <span class='ocrx_word' id='word_1_989' title='bbox 2894 5199 3177 5267; x_wconf 85' lang='grc' dir='ltr'>γλωσσῶν,</span> <span class='ocrx_word' id='word_1_990' title='bbox 3231 5201 3390 5255; x_wconf 86' lang='grc' dir='ltr'>τοῦτο</span> <span class='ocrx_word' id='word_1_991' title='bbox 3452 5202 3670 5272; x_wconf 84' lang='grc' dir='ltr'>πρῶτον</span> 
     </span>
    </p>
   </div>
   <div class='ocr_carea' id='block_1_129' title="bbox 2098 5278 3670 5356">
    <p class='ocr_par' dir='ltr' id='par_1_129' title="bbox 2098 5278 3670 5356">
     <span class='ocr_line' id='line_1_129' title="bbox 2098 5278 3670 5356; baseline 0.001 -18"><span class='ocrx_word' id='word_1_992' title='bbox 2098 5280 2321 5352; x_wconf 84' lang='grc' dir='ltr'>ἀριθμεῖ</span> <span class='ocrx_word' id='word_1_993' title='bbox 2346 5278 2442 5335; x_wconf 84' lang='grc' dir='ltr'>νῦν</span> <span class='ocrx_word' id='word_1_994' title='bbox 2469 5280 2612 5338; x_wconf 83' lang='grc' dir='ltr'>κατά</span> <span class='ocrx_word' id='word_1_995' title='bbox 2647 5280 2862 5352; x_wconf 78' lang='grc' dir='ltr'>μικρὸν,</span> <span class='ocrx_word' id='word_1_996' title='bbox 2895 5281 3032 5356; x_wconf 83' lang='grc' dir='ltr'>ὅπερ</span> <span class='ocrx_word' id='word_1_997' title='bbox 3056 5282 3213 5353; x_wconf 76' lang='grc' dir='ltr'>ἔφην,</span> <span class='ocrx_word' id='word_1_998' title='bbox 3240 5285 3333 5337; x_wconf 78' lang='grc' dir='ltr'>ἐπὶ</span> <span class='ocrx_word' id='word_1_999' title='bbox 3351 5284 3418 5337; x_wconf 82' lang='grc' dir='ltr'>τὰ</span> <span class='ocrx_word' id='word_1_1000' title='bbox 3445 5283 3670 5350; x_wconf 81' lang='grc' dir='ltr'>μείζονα</span> 
     </span>
    </p>
   </div>
   <div class='ocr_carea' id='block_1_130' title="bbox 2097 5361 3668 5437">
    <p class='ocr_par' dir='ltr' id='par_1_130' title="bbox 2097 5361 3668 5437">
     <span class='ocr_line' id='line_1_130' title="bbox 2097 5361 3668 5437; baseline 0.003 -19"><span class='ocrx_word' id='word_1_1001' title='bbox 2097 5361 2424 5418; x_wconf 85' lang='grc' dir='ltr'>ἀναϐαίνων.</span> <span class='ocrx_word' id='word_1_1002' title='bbox 2459 5362 2644 5419; x_wconf 79' lang='grc' dir='ltr'>Είπὼν</span> <span class='ocrx_word' id='word_1_1003' title='bbox 2671 5365 2782 5436; x_wconf 83' lang='grc' dir='ltr'>γὰρ</span> <span class='ocrx_word' id='word_1_1004' title='bbox 2817 5366 2944 5435; x_wconf 88' lang='grc' dir='ltr'>περὶ</span> <span class='ocrx_word' id='word_1_1005' title='bbox 2982 5366 3089 5417; x_wconf 86' lang='grc' dir='ltr'>τῶν</span> <span class='ocrx_word' id='word_1_1006' title='bbox 3120 5365 3401 5432; x_wconf 87' lang='grc' dir='ltr'>γλωσσῶν,</span> <span class='ocrx_word' id='word_1_1007' title='bbox 3439 5366 3533 5421; x_wconf 78' lang='grc' dir='ltr'>ἐπὶ</span> <span class='ocrx_word' id='word_1_1008' title='bbox 3567 5367 3668 5437; x_wconf 77' lang='grc' dir='ltr'>τὴν</span> 
     </span>
    </p>
   </div>
   <div class='ocr_carea' id='block_1_131' title="bbox 2099 5445 3670 5519">
    <p class='ocr_par' dir='ltr' id='par_1_131' title="bbox 2099 5445 3670 5519">
     <span class='ocr_line' id='line_1_131' title="bbox 2099 5445 3670 5519; baseline 0.005 -22"><span class='ocrx_word' id='word_1_1009' title='bbox 2099 5446 2433 5518; x_wconf 87' lang='grc' dir='ltr'>προφητείαν</span> <span class='ocrx_word' id='word_1_1010' title='bbox 2453 5445 2655 5509; x_wconf 84' lang='grc' dir='ltr'>εὐθέως</span> <span class='ocrx_word' id='word_1_1011' title='bbox 2683 5446 2944 5511; x_wconf 83' lang='grc' dir='ltr'>ἐκϐαίνει,</span> <span class='ocrx_word' id='word_1_1012' title='bbox 2973 5447 3067 5500; x_wconf 82' lang='grc' dir='ltr'>καί</span> <span class='ocrx_word' id='word_1_1013' title='bbox 3093 5463 3225 5519; x_wconf 88' lang='grc' dir='ltr'>φησι</span> <span class='ocrx_word' id='word_1_1014' title='bbox 3241 5464 3255 5478; x_wconf 75' lang='grc' dir='ltr'>ο</span> <span class='ocrx_word' id='word_1_1015' title='bbox 3286 5447 3394 5502; x_wconf 73' lang='grc' dir='ltr'>Καὶ</span> <span class='ocrx_word' id='word_1_1016' title='bbox 3415 5448 3525 5501; x_wconf 83' lang='grc' dir='ltr'>ἐὰν</span> <span class='ocrx_word' id='word_1_1017' title='bbox 3551 5449 3670 5518; x_wconf 76' lang='grc' dir='ltr'>ἔχω</span> 
     </span>
    </p>
   </div>
   <div class='ocr_carea' id='block_1_132' title="bbox 2096 5527 3665 5603">
    <p class='ocr_par' dir='ltr' id='par_1_132' title="bbox 2096 5527 3665 5603">
     <span class='ocr_line' id='line_1_132' title="bbox 2096 5527 3665 5603; baseline -0.001 -19"><span class='ocrx_word' id='word_1_1018' title='bbox 2096 5528 2493 5598; x_wconf 78' lang='grc' dir='ltr'>προφητείανο</span> <span class='ocrx_word' id='word_1_1019' title='bbox 2552 5529 2648 5583; x_wconf 80' lang='grc' dir='ltr'>καὶ</span> <span class='ocrx_word' id='word_1_1020' title='bbox 2697 5527 2901 5595; x_wconf 88' lang='grc' dir='ltr'>ταύτην</span> <span class='ocrx_word' id='word_1_1021' title='bbox 2961 5528 3125 5583; x_wconf 88' lang='grc' dir='ltr'>πάλιν</span> <span class='ocrx_word' id='word_1_1022' title='bbox 3173 5529 3291 5600; x_wconf 83' lang='grc' dir='ltr'>μεθ’</span> <span class='ocrx_word' id='word_1_1023' title='bbox 3338 5529 3665 5603; x_wconf 64' lang='grc' dir='ltr'>ὑπερῶλῆτ,</span> 
     </span>
    </p>
   </div>
   <div class='ocr_carea' id='block_1_133' title="bbox 2099 5610 3668 5686">
    <p class='ocr_par' dir='ltr' id='par_1_133' title="bbox 2099 5610 3668 5686">
     <span class='ocr_line' id='line_1_133' title="bbox 2099 5610 3668 5686; baseline -0.004 -19"><span class='ocrx_word' id='word_1_1024' title='bbox 2099 5612 2309 5686; x_wconf 84' lang='grc' dir='ltr'>’Ὠσπερ</span> <span class='ocrx_word' id='word_1_1025' title='bbox 2332 5612 2441 5683; x_wconf 83' lang='grc' dir='ltr'>γὰρ</span> <span class='ocrx_word' id='word_1_1026' title='bbox 2462 5613 2580 5666; x_wconf 71' lang='grc' dir='ltr'>ἐκεῖ</span> <span class='ocrx_word' id='word_1_1027' title='bbox 2604 5612 2667 5665; x_wconf 80' lang='grc' dir='ltr'>οὐ</span> <span class='ocrx_word' id='word_1_1028' title='bbox 2704 5610 2956 5681; x_wconf 85' lang='grc' dir='ltr'>γλώσσας</span> <span class='ocrx_word' id='word_1_1029' title='bbox 2984 5611 3203 5683; x_wconf 75' lang='grc' dir='ltr'>έθηκεν,</span> <span class='ocrx_word' id='word_1_1030' title='bbox 3233 5612 3370 5667; x_wconf 86' lang='grc' dir='ltr'>ἀλλά</span> <span class='ocrx_word' id='word_1_1031' title='bbox 3397 5614 3497 5679; x_wconf 84' lang='grc' dir='ltr'>τὰς</span> <span class='ocrx_word' id='word_1_1032' title='bbox 3530 5617 3668 5672; x_wconf 85' lang='grc' dir='ltr'>πάν-</span> 
     </span>
    </p>
   </div>
   <div class='ocr_carea' id='block_1_134' title="bbox 2097 5694 3668 5770">
    <p class='ocr_par' dir='ltr' id='par_1_134' title="bbox 2097 5694 3668 5770">
     <span class='ocr_line' id='line_1_134' title="bbox 2097 5694 3668 5770; baseline 0.003 -19"><span class='ocrx_word' id='word_1_1033' title='bbox 2097 5714 2204 5751; x_wconf 89' lang='grc' dir='ltr'>των</span> <span class='ocrx_word' id='word_1_1034' title='bbox 2246 5696 2355 5751; x_wconf 87' lang='grc' dir='ltr'>τῶν</span> <span class='ocrx_word' id='word_1_1035' title='bbox 2405 5694 2707 5768; x_wconf 82' lang='grc' dir='ltr'>ἀνθρώπων</span> <span class='ocrx_word' id='word_1_1036' title='bbox 2745 5695 3013 5764; x_wconf 89' lang='grc' dir='ltr'>γλώσσας,</span> <span class='ocrx_word' id='word_1_1037' title='bbox 3048 5698 3144 5752; x_wconf 83' lang='grc' dir='ltr'>καὶ</span> <span class='ocrx_word' id='word_1_1038' title='bbox 3182 5697 3386 5770; x_wconf 82' lang='grc' dir='ltr'>προῖὼν</span> <span class='ocrx_word' id='word_1_1039' title='bbox 3415 5699 3516 5763; x_wconf 90' lang='grc' dir='ltr'>τάς</span> <span class='ocrx_word' id='word_1_1040' title='bbox 3558 5701 3668 5755; x_wconf 87' lang='grc' dir='ltr'>τῶν</span> 
     </span>
    </p>
   </div>
   <div class='ocr_carea' id='block_1_135' title="bbox 2099 5778 3663 5857">
    <p class='ocr_par' dir='ltr' id='par_1_135' title="bbox 2099 5778 3663 5857">
     <span class='ocr_line' id='line_1_135' title="bbox 2099 5778 3663 5857; baseline -0.012 -21"><span class='ocrx_word' id='word_1_1041' title='bbox 2099 5780 2367 5853; x_wconf 75' lang='grc' dir='ltr'>ἀγγέλων,</span> <span class='ocrx_word' id='word_1_1042' title='bbox 2392 5780 2486 5836; x_wconf 81' lang='grc' dir='ltr'>καί</span> <span class='ocrx_word' id='word_1_1043' title='bbox 2508 5778 2627 5836; x_wconf 87' lang='grc' dir='ltr'>τότε</span> <span class='ocrx_word' id='word_1_1044' title='bbox 2649 5780 2848 5849; x_wconf 77' lang='grc' dir='ltr'>ἔδειξεν</span> <span class='ocrx_word' id='word_1_1045' title='bbox 2862 5780 3012 5836; x_wconf 74' lang='grc' dir='ltr'>οὐδὲν</span> <span class='ocrx_word' id='word_1_1046' title='bbox 3032 5780 3090 5840; x_wconf 79' lang='grc' dir='ltr'>ὃν</span> <span class='ocrx_word' id='word_1_1047' title='bbox 3110 5781 3171 5837; x_wconf 82' lang='grc' dir='ltr'>τὸ</span> <span class='ocrx_word' id='word_1_1048' title='bbox 3189 5782 3432 5857; x_wconf 78' lang='grc' dir='ltr'>χάρισμα</span> <span class='ocrx_word' id='word_1_1049' title='bbox 3444 5784 3663 5854; x_wconf 68' lang='grc' dir='ltr'>ἀγάπης</span> 
     </span>
    </p>
   </div>
  </div>
