4112 6224
386 308 495 366 9.(ι9

383 425 606 477 raritate
634 421 749 476 :sic
776 430 831 476 et
858 419 962 475 hoc
988 419 1110 474 loco
1149 432 1253 471 non
1295 414 1629 487 prophetiam
1672 412 1818 483 ponit
1848 422 1967 465 tan-

381 526 516 579 tmn,
547 513 642 569 sed
685 528 948 567 summam
995 511 1153 567 e:iam
1184 509 1539 579 prophetiam.
1571 505 1705 561 Cum
1745 504 1970 558 dixisset

378 606 546 670 enim,
578 604 637 659 Si
668 603 891 657 habuero
917 601 1253 672 prophetiam,
1302 599 1575 668 suhjnnxit
1606 615 1620 651 :
1651 596 1716 648 Et
1745 594 1966 647 noverim

381 699 621 767 mysteria
657 699 827 749 omnia
856 704 902 747 et
933 710 1129 747 onmem
1157 692 1455 755 scientiam;
1485 706 1607 743 cum
1644 685 1885 755 emphasi
1915 696 1968 738 et

379 789 678 842 intentione
712 788 814 839 hoc
835 787 994 839 etiam
1021 783 1285 837 charisma
1312 796 1537 850 ponens.

450 882 507 934 4.
543 877 740 932 Deinde
766 876 831 930 ad
860 877 1060 944 reliqua
1109 876 1432 929 charismata
1484 870 1844 942 progreditur.
1904 868 1970 920 Et

380 986 448 1023 ne
507 971 713 1039 singula
766 981 1088 1023 enumerans
1141 965 1383 1019 videatur
1444 978 1655 1017 rursum
1712 961 1969 1014 molestus

378 1075 545 1125 esse,
592 1069 816 1113 matrem
863 1069 916 1113 et
965 1058 1165 1112 fontem
1216 1058 1453 1111 omnium
1498 1054 1770 1125 ponit,et
1802 1053 1968 1120 ipsam

381 1169 569 1209 rursus
597 1168 717 1207 cum
770 1151 1101 1222 hyperbole,
1150 1152 1228 1205 sic
1275 1151 1502 1205 dicens:
1538 1147 1602 1201 Et
1653 1148 1696 1200 si
1750 1145 1968 1197 habuero

378 1264 580 1301 omnem
606 1246 780 1315 ﬁdem.
809 1245 987 1315 Neque
1029 1245 1161 1298 satis
1199 1244 1379 1299 habuit
1436 1242 1537 1294 hoc
1584 1240 1818 1301 dixisse,
1875 1237 1967 1291 sed

378 1339 541 1392 etiam
570 1338 698 1392 illud
727 1377 741 1403 ,
786 1336 927 1407 quod
976 1345 1033 1389 ut
1076 1336 1370 1389 maximum
1419 1333 1661 1387 Christus
1707 1330 1872 1393 dixit,
1916 1328 1965 1382 id

378 1430 545 1484 etiam
608 1429 805 1499 adjecit
841 1446 854 1481 :
894 1427 974 1481 Ita
1000 1439 1053 1480 ut
1080 1436 1272 1480 mentes
1318 1429 1656 1496 transferam,
1709 1423 1969 1475 caritatem

378 1532 548 1574 autem
576 1538 675 1575 non
709 1520 929 1574 habuere
952 1561 966 1583 ,
1005 1518 1135 1573 nihil
1154 1535 1289 1572 sum.
1317 1516 1599 1585 Perpende
1623 1523 1800 1569 autem
1831 1529 1966 1581 quo-

378 1613 543 1666 tnodo
576 1612 662 1666 hic
689 1625 875 1666 rursus
906 1611 1207 1680 linguarum
1237 1608 1549 1679 dignitatem
1574 1606 1811 1683 deiiciat.
1839 1604 1970 1658 Pro-

379 1705 575 1774 phetia:
597 1719 827 1773 namque
849 1704 1075 1757 multtun
1105 1701 1342 1757 ostendit
1369 1701 1572 1755 lucrum
1595 1739 1610 1764 ,
1652 1696 1793 1767 quod
1831 1697 1967 1750 sciat

376 1796 635 1866 mysteria
662 1804 714 1850 et
764 1810 977 1849 omnem
1019 1795 1214 1850 habeat
1255 1793 1568 1855 scientiam;
1620 1791 1742 1845 ﬁdei
1788 1798 1965 1843 autem

376 1903 515 1956 epos
544 1903 651 1942 non
681 1902 901 1956 parvum
928 1928 942 1949 ,
973 1887 1112 1956 quod
1142 1894 1356 1940 montes
1399 1884 1682 1938 transferat
1712 1900 1726 1935 :
1754 1882 1821 1937 de
1863 1881 1966 1934 Iin-

375 1977 497 2046 guis
524 1992 653 2032 vero
694 1979 866 2046 ipsum
898 1979 1069 2032 solum
1113 1977 1380 2033 charisma
1421 1976 1693 2038 indicans,
1743 1973 1963 2028 recedit.

377 2069 457 2124 Tu
505 2070 636 2123 mihi
684 2069 811 2123 illud
854 2085 1067 2139 quoque
1111 2070 1414 2134 considera,
1464 2066 1733 2138 quomodo
1783 2066 1963 2135 mucis

375 2162 558 2216 omnia
595 2163 911 2232 complexus
941 2161 1008 2216 sit
1039 2162 1385 2227 charismata,
1422 2160 1753 2231 prophetiam
1779 2158 1965 2212 dicens

372 2265 431 2308 et
460 2253 620 2309 ﬁdem
652 2272 666 2308 :
694 2263 786 2309 aut
829 2256 972 2309 enim
1019 2255 1068 2308 in
1114 2255 1291 2309 verbis
1332 2262 1423 2308 aut
1449 2254 1500 2307 in
1533 2252 1785 2323 operibus
1813 2252 1962 2321 signa

372 2356 522 2399 sunt.
553 2346 656 2402 Sed
688 2346 959 2417 quomodo
1001 2345 1247 2401 Christus
1299 2346 1469 2411 dixit,
1519 2345 1794 2398 minimam
1843 2356 1965 2397 esse

371 2436 500 2491 ﬁdei
533 2446 759 2507 partem,
786 2453 944 2509 posse
970 2446 1207 2493 montem
1238 2436 1526 2491 transferre
1551 2436 1574 2489 ?
1603 2450 1725 2489 nam
1760 2442 1820 2488 ut
1863 2434 1963 2487 mi-

373 2530 583 2585 nimum
610 2531 919 2601 signiﬁcans
941 2571 955 2595 ,
1002 2531 1071 2583 ita
1105 2531 1280 2598 posuit
1324 2528 1508 2583 dicens
1538 2546 1550 2580 :
1585 2526 1646 2583 Si
1691 2515 1964 2579 habueritis

371 2624 527 2691 [idem
559 2625 689 2678 sicut
717 2641 933 2694 granum
960 2625 1173 2693 sinapis,
1200 2624 1375 2676 dicetis
1405 2622 1522 2675 huic
1548 2622 1722 2682 monti,
1756 2620 1960 2684 Transi,

372 2724 419 2766 et
447 2716 680 2768 transibit
717 2715 734 2786 (
767 2715 953 2768 Matth.
984 2716 1074 2781 Π,
1102 2712 1167 2768 19
1194 2723 1207 2783 Α)
1240 2731 1252 2764 :
1288 2714 1481 2766 l’aulus
1508 2727 1633 2765 vero
1657 2710 1782 2764 dicit
1826 2710 1962 2764 hanc

370 2820 591 2859 omnem
618 2807 775 2859 fidem
798 2806 958 2860 esse?
984 2805 1119 2873 Quid
1162 2820 1292 2874 ergo
1334 2803 1657 2857 dicendurm?
1695 2801 1958 2867 Quoniam

370 2912 626 2966 magnum
657 2898 785 2951 illud
814 2904 964 2961 erat‘,
995 2907 1233 2951 montem
1284 2895 1576 2949 transferre
1600 2935 1615 2955 ,
1663 2894 1782 2948 ideo
1829 2891 1958 2946 illud

371 2987 730 3050 memoravit;
765 3003 871 3042 non
896 2987 1045 3057 quasi
1080 2988 1180 3040 hoc
1209 2987 1319 3041 sola
1349 2994 1529 3055 posset
1553 2992 1658 3037 tota
1689 2983 1843 3048 ﬁdes,
1864 2981 1958 3036 sed

370 3078 495 3146 quia
529 3078 629 3131 hoc
659 3093 906 3148 magnum
934 3078 1284 3132 crassioribus
1312 3075 1585 3130 videbatur
1611 3089 1730 3129 esse
1755 3073 1826 3127 ob
1846 3087 1962 3128 mo-

372 3171 482 3225 lem
508 3173 770 3240 corporis,
804 3172 925 3226 hinc
952 3186 1165 3241 quoque
1195 3185 1305 3223 rem
1358 3168 1681 3239 propositam
1729 3166 1960 3237 ampliﬁ-

370 3274 479 3319 cat.
510 3265 623 3319 llec
653 3278 829 3319 autem
855 3265 965 3319 vult
997 3264 1299 3334 signiﬁcare
1329 3281 1341 3316 :
1374 3263 1426 3317 Si
1472 3261 1712 3315 habuero
1740 3275 1958 3315 omnem

372 3359 558 3421 ﬁdem,
587 3371 637 3411 et
668 3361 710 3413 si
737 3360 934 3427 possim
967 3367 1180 3412 mentes
1212 3355 1524 3417 transferre,
1559 3354 1837 3410 caritatem
1865 3369 1961 3408 au-

374 3460 482 3506 tetn
515 3467 621 3505 non
648 3453 903 3516 habuero,
936 3452 1066 3504 nihil
1095 3467 1233 3505 sunt.
1267 3451 1320 3505 ’5.
1357 3449 1423 3503 Ει
1464 3450 1509 3504 si
1554 3450 1855 3502 distribuere
1907 3450 1960 3502 in

372 3546 512 3598 cibos
540 3562 819 3614 pauperum
850 3562 1019 3598 omnes
1044 3546 1312 3614 facultates
1340 3561 1506 3610 meas,
1544 3555 1589 3597 et
1633 3544 1677 3597 si
1705 3542 1961 3596 tradidero

373 3653 560 3704 corpus
600 3652 765 3690 meum
800 3637 869 3689 ita
894 3646 947 3690 ut
969 3638 1175 3691 ardeam
1201 3678 1215 3701 ,
1253 3637 1513 3689 caritatem
1542 3644 1705 3689 autent
1736 3652 1836 3689 non
1864 3636 1960 3688 ha—

375 3729 529 3783 buere
554 3770 569 3795 ,
600 3730 729 3783 nihil
752 3731 875 3783 mihi
912 3730 1134 3799 prodest.
1187 3730 1363 3799 Papm,
1391 3739 1586 3798 quanta
1631 3729 1958 3802 hyperbole!

376 3821 593 3876 Etenim
623 3823 738 3878 haec
767 3824 1052 3892 pnnitcum
1077 3823 1184 3878 alio
1219 3823 1606 3877 additamento.
1655 3823 1770 3878 Non
1817 3823 1960 3877 enim

372 3915 559 3970 dixit:
606 3916 663 3971 Si
702 3917 901 3972 dedero
954 3916 1273 3985 pauperibus
1324 3916 1598 3970 dimidiam
1653 3916 1960 3970 facultatum

372 4022 622 4061 mearum
662 4017 903 4076 partem,
939 4017 1028 4061 aut
1054 4007 1186 4061 duas
1215 4009 1294 4060 vel
1345 4016 1452 4062 tres
1499 4016 1710 4076 partes;
1757 4006 1876 4070 sed,
1902 4005 1964 4061 Si

375 4114 559 4153 omnes
586 4098 845 4165 facultates
872 4116 1025 4153 meas.
1052 4099 1232 4168 Neque
1258 4099 1421 4162 dixit,
1455 4097 1682 4165 Dedere,
1710 4099 1825 4161 sed,
1856 4097 1964 4152 Dis-

375 4192 609 4245 tribnere
635 4192 684 4245 in
706 4193 877 4259 cibos;
914 4193 983 4246 ita
1014 4200 1070 4245 ιιι
1096 4209 1214 4246 cum
1249 4193 1486 4261 impensa
1520 4191 1678 4245 etiam
1720 4191 1962 4246 ministe-

372 4288 518 4341 riurn
553 4296 607 4340 et
636 4302 852 4355 operam
881 4287 1115 4354 adjiciat,
1139 4302 1260 4341 cum
1295 4285 1636 4339 accnratione
1679 4284 1847 4339 omni.
1897 4282 1963 4335 Et

372 4380 421 4434 si
440 4379 629 4433 dedere
659 4396 842 4447 corpus
867 4396 1060 4445 meum,
1092 4381 1160 4432 ita
1186 4390 1239 4432 ut
1266 4381 1492 4432 ardeam.
1530 4378 1644 4433 Non
1688 4378 1856 4442 dixit,
1905 4376 1962 4432 Si

376 4472 631 4537 moriar;
684 4473 778 4527 sed
832 4472 934 4528 hoc
973 4474 1131 4528 etiam
1176 4487 1297 4527 cum
1347 4471 1637 4542 hyperbole
1683 4470 1962 4525 :omninm

375 4564 519 4615 enim
548 4564 863 4633 gravissima
891 4575 1062 4619 morte
1092 4565 1262 4632 posita
1292 4604 1305 4625 ,
1347 4579 1538 4631 nempe
1585 4563 1763 4617 vivum
1810 4578 1961 4618 com-

376 4653 536 4718 latri,
568 4670 687 4707 eam
729 4656 888 4708 etiam
935 4655 1051 4709 sine
1098 4655 1319 4709 caritate
1366 4654 1498 4708 nihil
1544 4670 1792 4724 magnum
1844 4670 1963 4709 esse

378 4745 537 4800 dixit.
574 4746 863 4815 Subjunxit
894 4748 1091 4818 itaque,
1122 4746 1272 4801 Nihil
1300 4747 1421 4799 mihi
1442 4749 1661 4815 prodest.
1692 4747 1794 4802 Sed
1829 4764 1963 4801 nen-

375 4836 505 4890 dum
536 4847 702 4890 totam
735 4839 1065 4909 hyperbolen
1091 4838 1301 4893 ostendi
1328 4879 1342 4904 ,
1373 4838 1545 4893 donec
1574 4837 1768 4893 Christi
1816 4841 1962 4893 testi-

377 4932 557 4985 monia
613 4912 755 4985 circa
807 4932 1203 5004 elecmesynatn
1251 4943 1304 4986 et
1346 4940 1574 4986 martem
1625 4933 1677 4986 in
1728 4933 1960 4987 medium

377 5022 676 5078 adduxere.
732 5024 985 5091 Quatnam
1053 5040 1181 5095 ergo
1226 5035 1352 5078 sunt
1400 5024 1750 5079 testimonia?
1801 5026 1960 5079 Diviti

377 5115 534 5179 dixit,
570 5116 631 5169 Si
671 5116 743 5170 vis
782 5120 1034 5187 perfectus
1067 5133 1204 5183 esse,
1236 5117 1390 5171 vende
1415 5118 1586 5171 omnia
1615 5131 1730 5187 qua?
1775 5118 1925 5172 habes
1945 5158 1962 5184 ,

377 5216 423 5260 et
460 5207 527 5260 da
563 5209 872 5277 pauperibus
891 5251 905 5274 ,
942 5219 989 5263 et
1027 5211 1138 5263 veni
1157 5225 1361 5278 sequere
1380 5227 1459 5264 me
1487 5209 1696 5280 (Matth.
1722 5208 1807 5274 19,
1836 5209 1963 5280 2|);

376 5306 433 5354 ct
456 5299 525 5353 de
552 5302 777 5355 caritate
804 5316 927 5371 erga
958 5303 1254 5369 proximum
1273 5302 1542 5356 disserens
1562 5302 1636 5356 ait
1668 5321 1682 5357 :
1712 5301 1965 5369 Maiorem

379 5392 476 5445 hac
499 5392 761 5445 caritatem
784 5409 927 5446 nemo
956 5393 1100 5448 habet
1124 5433 1139 5457 ,
1168 5405 1224 5448 ut
1258 5395 1368 5464 quis
1394 5402 1548 5461 ponat
1575 5395 1798 5449 animam
1818 5412 1964 5449 suam

378 5501 472 5552 pro
497 5485 677 5536 amicis
698 5485 803 5537 suis
828 5485 847 5555 (
869 5483 1025 5539 lena.
1061 5487 1147 5541 l5.
1176 5488 1243 5541 13
1265 5488 1304 5555 ).
1335 5485 1487 5542 Unde
1516 5487 1687 5554 palam
1703 5496 1786 5544 est
1804 5489 1963 5543 etiam

380 5574 522 5644 apud
579 5576 745 5628 Dcutn
793 5574 896 5629 hoc
942 5577 1180 5631 omnium
1227 5579 1516 5632 maximum
1566 5593 1705 5634 esse.
1757 5582 1824 5634 At
1866 5596 1965 5649 ego

380 5665 522 5729 dico,
558 5667 731 5735 lltqttil
761 5665 981 5729 Paulus,
1010 5668 1217 5722 etiamsi
1249 5686 1345 5739 pro
1375 5670 1482 5724 Deo
1513 5686 1770 5740 ponamus
1798 5672 1962 5733 illam,

382 5773 557 5828 neque
585 5762 757 5814 solum
787 5775 1064 5829 ponamus.
1097 5760 1188 5815 Sed
1217 5762 1284 5815 ita
1315 5772 1369 5816 ut
1396 5762 1775 5818 comburantur
1822 5761 1965 5834 (hoc

1346 299 1410 356 IN
1450 297 1663 357 EPIST.
1704 296 1723 350 Ι
1788 296 1878 351 AD
1915 293 1963 350 Ct

2069 340 2070 344 η
2116 296 2346 350 ιιυλιιιι.
2389 296 2608 353 XXXII.
3553 309 3667 366 270

2076 412 2215 465 enim
2246 413 2346 467 sibi
2372 414 2499 478 vult,
2534 414 2684 479 illud,
2715 414 2778 471 Si
2810 416 3069 472 tradidero
3093 435 3279 489 corpus
3308 436 3494 489 meum,
3512 424 3581 478 ita
3604 436 3659 479 ut

2074 504 2320 577 ardeam)
2347 546 2361 571 ,
2397 523 2500 559 non
2540 524 2787 578 magnum
2814 511 2917 564 erit
2941 510 3147 565 lucrum
3176 511 3329 567 nobis
3353 553 3369 580 ,
3398 514 3442 567 si
3483 516 3665 583 prosi-

2076 612 2219 650 mutn
2245 613 2349 651 non
2379 599 2681 669 diligamus.

2147 689 2466 745 Charismata
2491 710 2575 747 seu
2601 694 2736 747 dona
2759 695 2887 748 nihil
2917 705 3131 760 prosunt
3161 697 3269 751 sine
3294 698 3424 752 bona
3445 699 3564 753 vita.
3587 728 3660 742 -

2077 778 2255 849 Itaque
2278 781 2457 836 dieere
2482 782 2804 838 charismata
2828 800 2931 839 non
2962 786 3185 840 multmn
3217 787 3493 856 prodesse,
3519 792 3663 844 cari-

2077 883 2181 928 tate
2212 876 2453 943 absente,
2486 877 2613 930 nihil
2645 880 2836 932 mirum
2868 896 2882 932 :
2916 895 3035 933 natn
3067 880 3118 933 itt
3149 881 3253 933 vita
3285 897 3496 950 quoque
3524 882 3662 938 infe-

2075 968 2215 1021 riora
2242 977 2368 1022 sunt
2393 969 2740 1024 charismata.
2770 971 2914 1026 Multi
2950 988 3178 1042 namque
3217 974 3304 1042 qui
3335 973 3660 1029 charismata

2074 1059 2367 1115 exhilmere
2388 1103 2400 1124 ,
2439 1062 2559 1131 quia
2591 1062 2816 1131 improbi
2848 1062 3057 1117 fuerunt
3083 1104 3097 1127 ,
3134 1079 3318 1132 pinnas
3346 1063 3605 1119 dederunt
3642 1083 3660 1121 :

2076 1162 2132 1207 ιιι
2160 1154 2230 1208 illi
2260 1156 2345 1224 qui
2379 1155 2429 1208 in
2459 1156 2674 1211 nomine
2703 1156 2817 1224 ejus
2864 1156 3345 1225 prophetavcrant,
3394 1157 3660 1213 dmnionia

2076 1246 2238 1299 tnulta
2289 1246 2597 1316 ejecerant,
2648 1257 2702 1302 ct
2755 1248 2978 1302 virtutes
3029 1249 3224 1302 multas
3281 1249 3554 1316 fecerant;
3604 1260 3662 1306 ut
3720 1278 3731 1283 -

2074 1336 2238 1391 Judas
2267 1337 2509 1406 proditor
2538 1354 2553 1392 :
2584 1337 2673 1391 alii
2701 1348 2878 1391 autem
2904 1338 3089 1392 ﬁdeles
3113 1380 3127 1404 ,
3158 1340 3246 1408 qtti
3278 1340 3438 1392 vitam
3488 1340 3660 1396 duxe-

2073 1439 2194 1483 rant
2228 1446 2410 1497 pnram
2432 1471 2445 1492 ,
2477 1432 2618 1485 nullo
2648 1431 2755 1486 alio
2778 1447 2914 1499 epos
2945 1430 3183 1486 habuere
3204 1432 3269 1485 ad
3298 1433 3531 1487 salutem
3564 1435 3660 1489 ob-

2075 1521 2364 1575 tincndam.
2386 1522 2535 1589 Quod
2554 1538 2682 1591 ergo
2712 1524 3055 1589 charismata,
3087 1532 3141 1577 ιιι
3166 1524 3298 1588 dixi,
3333 1525 3417 1578 illa
3447 1536 3659 1595 egeant,

2074 1611 2203 1664 nihil
2237 1613 2428 1664 mirum
2460 1632 2472 1664 ;
2502 1613 2641 1682 quod
2674 1622 2855 1667 autem
2887 1615 2992 1668 vita
3025 1626 3270 1670 accurata
3302 1627 3351 1669 et
3380 1632 3507 1686 pura
3527 1618 3659 1673 nihil

2073 1703 2241 1772 possit
2265 1704 2378 1758 sine
2400 1704 2487 1758 illa
2509 1745 2521 1768 ,
2554 1706 2653 1757 hoc
2682 1715 2830 1759 certe
2855 1722 3098 1776 magnam
3125 1707 3278 1761 effert
3301 1707 3654 1780 hyperbolen,

2070 1806 2124 1849 et
2156 1795 2375 1849 multam
2403 1796 2542 1864 parit
2565 1795 2934 1850 difﬁcultatem
2963 1814 2975 1858 ;
3008 1812 3128 1851 cum
3160 1799 3391 1851 maxime
3414 1798 3660 1854 Christus

2073 1889 2155 1944 ltis
2171 1888 2429 1943 ambobus
2452 1904 2637 1958 magna
2659 1888 2954 1943 decernere
2983 1890 3255 1954 videatur;
3278 1906 3468 1960 nempe
3497 1892 3659 1946 facul-

2073 1989 2238 2035 tatum
2288 1980 2614 2035 abdicationi
2638 2023 2650 2044 ,
2693 1991 2747 2034 et
2786 1981 3037 2049 periculis
3065 1984 3326 2051 martyrii.
3350 1983 3479 2036 Nam
3507 1984 3656 2037 diviti

2069 2073 2163 2138 ait,
2190 2080 2245 2126 ut
2266 2072 2377 2141 jam
2410 2071 2557 2126 disi:
2593 2072 2655 2126 Si
2685 2073 2757 2126 vis
2786 2072 3038 2142 perfectus
3083 2090 3188 2127 esse
3211 2114 3225 2139 ,
3278 2073 3432 2126 vende
3484 2074 3654 2127 omnia

2067 2184 2180 2237 qua:
2204 2167 2375 2231 habes,
2399 2177 2444 2221 et
2472 2167 2540 2221 da
2577 2168 2882 2236 pauperibus
2903 2207 2918 2231 ,
2950 2177 2996 2220 et
3040 2170 3167 2238 veni,
3193 2184 3390 2231 sequere
3433 2184 3551 2232 me;
3595 2177 3652 2223 et

2067 2258 2342 2327 discipulis
2372 2257 2441 2313 de
2469 2258 2726 2328 martyrio
2757 2257 3033 2311 disserens
3058 2257 3269 2311 dicebat
3297 2275 3309 2311 :
3347 2258 3448 2325 Qui
3473 2258 3645 2327 perdi-

2068 2349 2196 2402 derit
2224 2349 2448 2403 animam
2474 2364 2619 2402 suam
2646 2356 2850 2418 propter
2880 2364 2958 2400 me
2976 2389 2989 2413 ,
3019 2347 3235 2401 inveniet
3258 2364 3400 2412 eam;
3431 2358 3483 2405 et
3507 2389 3521 2413 ,
3552 2347 3655 2413 Qui

2067 2459 2146 2496 nte
2173 2442 2430 2511 confessus
2460 2442 2611 2509 fuerit
2641 2457 2814 2495 coram
2842 2440 3151 2504 hominibus,
3184 2440 3460 2509 confitebor
3486 2448 3533 2493 et
3558 2457 3649 2512 ego

2064 2549 2178 2586 eum
2203 2549 2375 2587 ceram
2400 2531 2554 2586 Patre
2581 2548 2709 2596 meo,
2739 2533 2823 2603 qui
2851 2542 2923 2586 est
2950 2533 3002 2585 in
3031 2532 3169 2585 carlis
3197 2531 3411 2602 (Matth.
3445 2532 3627 2595 lﬁﬂb’
3644 2579 3657 2599 ,

2065 2639 2110 2679 et
2142 2627 2229 2697 l0,
2260 2625 2330 2681 52
2361 2626 2401 2697 ).
2453 2625 2588 2680 Nam
2636 2626 2796 2693 hujus
2825 2625 3112 2703 praeclarae
3161 2636 3324 2695 gesta:
3372 2624 3448 2678 rei
3500 2623 3654 2677 labor

2066 2733 2292 2788 magnus
2320 2726 2431 2782 est,
2466 2729 2521 2772 et
2545 2717 2712 2786 ipsam
2740 2716 2853 2771 fere
2882 2725 3099 2783 superat
3126 2725 3368 2769 naturam
3405 2722 3498 2768 :et
3547 2713 3650 2768 hoc

2066 2808 2230 2877 probe
2256 2807 2434 2863 sciunt
2456 2808 2512 2870 ii,
2540 2809 2628 2877 qni
2664 2807 2808 2861 hisce
2838 2806 3052 2861 coronis
3077 2806 3218 2875 digni
3250 2808 3395 2859 fuere
3423 2821 3436 2856 :
3471 2804 3667 2858 nullus.

2064 2898 2209 2953 enim
2231 2915 2409 2953 sermo
2426 2897 2478 2951 id
2500 2898 2800 2965 exprimere
2839 2897 3003 2966 possit
3028 2912 3042 2960 ;
3069 2898 3135 2949 ita
3163 2911 3438 2965 generosa:
3457 2908 3649 2964 nempe

2063 2992 2255 3046 anima:
2282 2991 2485 3046 facinus
2511 3000 2615 3057 est,
2647 2998 2700 3045 et
2734 3005 2894 3058 supra
2926 2988 3143 3043 modum
3169 2987 3566 3041 admirandum.

2131 3072 2185 3138 Β.
2210 3084 2456 3136 Attamen
2478 3082 2604 3136 illud
2622 3081 2993 3136 admirandum
3018 3095 3121 3135 non
3146 3080 3371 3134 mttltum
3391 3079 3647 3150 prodesse

2063 3177 2179 3231 sine
2204 3178 2427 3230 caritate
2454 3175 2584 3229 dicit
2624 3173 2821 3229 Paulus
2848 3215 2864 3239 ,
2911 3172 3119 3227 etiamsi
3161 3171 3431 3241 depositas
3472 3169 3645 3224 facul-

2064 3278 2200 3323 tates
2230 3267 2387 3322 simul
2425 3266 2636 3336 junctas
2681 3264 2896 3320 habeat.
2948 3264 3056 3318 Cur
3094 3279 3222 3334 ergo
3262 3263 3341 3317 sic
3394 3263 3647 3332 loquutus

2063 3362 2186 3415 est?
2227 3360 2339 3415 llec
2364 3359 2473 3429 jam
2506 3357 2791 3414 ostendere
2819 3357 3090 3420 conabor,
3123 3371 3245 3411 cum
3296 3356 3466 3425 primo
3518 3353 3644 3408 illud

2062 3454 2391 3524 qumsieritn,
2423 3450 2693 3522 quomodo
2721 3450 2764 3503 is
2785 3450 2875 3519 qui
2906 3450 3182 3504 facultates
3208 3463 3397 3503 omnes
3423 3448 3473 3501 in
3500 3448 3649 3503 cibos

2064 3547 2375 3613 distribuit,
2411 3546 2576 3615 possit
2603 3560 2723 3600 esse
2748 3544 2866 3599 sine
2905 3545 3146 3598 caritate.
3200 3542 3291 3596 llle
3333 3544 3473 3598 enim
3498 3585 3513 3608 ,
3557 3543 3648 3613 qui

2066 3650 2384 3709 paratumst
2409 3638 2475 3692 ad
2504 3636 2746 3707 corporis
2772 3635 3201 3692 combustioncm
3222 3678 3237 3702 ,
3271 3635 3398 3691 licet
3438 3635 3648 3690 charis-

2066 3743 2202 3787 mata
2239 3732 2447 3796 habeat,
2481 3729 2592 3786 ﬁeri
2616 3730 2842 3785 fortasse
2872 3739 3046 3799 potest
3078 3740 3133 3782 nt
3155 3745 3260 3784 non
3287 3728 3465 3798 diligat
3498 3744 3513 3781 :
3554 3728 3646 3783 sed

2067 3826 2154 3879 ille
2182 3827 2272 3894 qui
2303 3840 2408 3878 nou
2434 3823 2593 3877 modo
2622 3823 2904 3877 facultates
2926 3822 3052 3887 dat,
3085 3822 3179 3875 sed
3207 3822 3367 3876 etiam
3401 3823 3450 3876 in
3498 3822 3649 3878 cibos

2065 3915 2368 3981 distribuit,
2400 3914 2670 3985 quomodo
2698 3930 2803 3967 non
2850 3911 3060 3982 diligit?
3109 3912 3243 3980 Quid
3297 3928 3423 3984 ergo
3467 3913 3651 3968 dicen-

2065 4012 2234 4064 dutn?
2267 4009 2357 4063 Vel
2388 4009 2528 4079 quod
2562 4009 2612 4063 id
2639 4008 2782 4078 quod
2813 4024 2919 4062 non
2951 4016 3069 4062 erat
3092 4048 3106 4072 ,
3136 4023 3197 4062 ac
3227 4008 3271 4061 si
3303 4017 3445 4063 esset
3466 4047 3483 4075 ,
3516 4023 3648 4077 sup-

2069 4100 2339 4168 pusnerit,
2383 4100 2524 4168 quod
2551 4114 2766 4169 semper
2798 4097 2975 4154 facere
3006 4099 3178 4164 solet,
3221 4112 3341 4150 cum
3391 4099 3652 4169 hyperbo-

2069 4193 2170 4247 lem
2200 4191 2483 4261 quamdam
2519 4191 2630 4244 vult
2657 4190 2935 4259 proferre;
2974 4199 3168 4243 utcum
3193 4188 3394 4244 Calatis
3410 4190 3652 4242 scribens

2065 4284 2198 4338 dixit
2232 4301 2244 4336 :
2279 4284 2339 4338 Si
2368 4299 2459 4336 nos
2483 4326 2496 4343 ,
2522 4292 2611 4335 aut
2640 4283 2851 4352 angelus
2880 4282 2943 4335 de
2985 4281 3109 4334 caelo
3156 4280 3457 4349 evangelizet
3509 4276 3648 4332 vobis

2068 4387 2401 4445 praztcrqnam
2429 4375 2482 4427 id
2510 4374 2646 4445 quod
2674 4374 2939 4440 accepistis
2961 4414 2975 4436 ,
3010 4372 3281 4425 anathema
3309 4372 3372 4425 sit
3402 4370 3419 4439 (
3447 4367 3563 4423 Cal.
3594 4370 3644 4438 l,

2067 4472 2159 4539 8).
2195 4471 2350 4539 Atqui
2404 4484 2577 4537 neque
2626 4468 2777 4537 ipse,
2833 4481 3006 4536 neque
3054 4466 3272 4534 angelus
3314 4465 3363 4519 id
3412 4462 3649 4518 facturus

2067 4571 2221 4626 erat;
2273 4561 2363 4615 sed
2414 4548 2822 4615 nt’estenderet
2862 4558 2936 4612 rei
2978 4556 3385 4620 excellentiam,
3420 4554 3468 4608 id
3511 4554 3648 4623 quod

2072 4667 2359 4721 numquam
2391 4650 2625 4704 fututum
2651 4656 2766 4703 erat
2788 4652 2982 4716 posuit.
3019 4647 3086 4701 Et
3122 4663 3330 4701 rursum
3379 4662 3500 4700 cum
3546 4646 3653 4701 Ro-

2071 4745 2243 4798 tnauis
2264 4742 2449 4797 scribit
2476 4752 2529 4797 et
2559 4742 2722 4808 dicit,
2758 4739 2937 4811 Neque
2962 4741 3163 4811 angeli,
3197 4757 3352 4809 neque
3394 4740 3653 4810 principa-

2074 4847 2173 4902 tus,
2201 4851 2361 4904 neque
2412 4834 2621 4888 virtutes
2674 4841 2912 4902 poterunt
2961 4848 3052 4885 nos
3097 4847 3333 4900 separare
3371 4848 3406 4885 (ι
3444 4832 3652 4885 caritate

2066 4926 2160 4981 Dei
2192 4927 2209 4998 (
2237 4927 2385 4981 llam.
2416 4926 2477 4987 8,
2504 4925 2608 4995 59)
2641 4941 2653 4977 :
2687 4939 2860 4992 neque
2882 4922 3026 4976 enim
3057 4920 3104 4974 id
3136 4921 3321 4975 t'acluri
3350 4930 3503 4976 erant
3546 4937 3645 4974 an-

2068 5023 2201 5091 geli;
2236 5021 2329 5077 sed
2357 5019 2443 5073 hic
2472 5018 2632 5073 etiam
2665 5017 2716 5071 id
2744 5017 2991 5085 supponit
3012 5056 3026 5080 ,
3075 5014 3216 5084 quod
3261 5030 3364 5070 non
3404 5012 3650 5078 exsistit;

2069 5117 2206 5170 sicut
2230 5115 2390 5167 etiam
2423 5111 2471 5164 id
2504 5109 2644 5179 quod
2688 5110 2967 5178 sequitur,
3027 5105 3205 5178 Neque
3250 5118 3482 5161 creatura
3523 5106 3651 5159 alia.

2068 5208 2251 5275 Neque
2297 5206 2400 5260 alia
2430 5210 2676 5259 creatura
2713 5200 2929 5255 :etnnia
2964 5201 3106 5254 enim
3139 5198 3254 5267 ig‘se
3301 5197 3655 5268 comprehen-

2069 5298 2167 5362 dit,
2199 5313 2318 5368 qme
2347 5311 2503 5365 supra
2536 5305 2589 5348 et
2618 5311 2734 5364 qum
2763 5292 2896 5347 intra
2928 5302 3081 5363 sunt,
3113 5308 3234 5345 cum
3260 5291 3436 5346 omnia
3483 5287 3647 5351 dicit;

2070 5391 2161 5445 sed
2221 5390 2308 5444 hic
2364 5389 2523 5443 etiam
2595 5389 2642 5440 id
2714 5386 2853 5456 quod
2906 5402 3008 5438 non
3063 5393 3146 5438 est
3210 5382 3468 5455 exsistere
3516 5395 3647 5448 ευρ-

2072 5482 2240 5552 ponit,
2275 5492 2329 5534 ut
2361 5479 2608 5535 ostendat
2638 5492 2758 5531 cum
2788 5475 3081 5547 hyperbole
3110 5472 3432 5527 desiderium
3454 5486 3644 5523 suum:

2074 5576 2123 5629 id
2147 5574 2285 5644 quod
2315 5573 2474 5627 etiam
2510 5570 2592 5624 hic
2623 5568 2747 5623 facit
2778 5567 2983 5629 dicens,
3015 5566 3075 5619 Si
3106 5564 3275 5618 omnia
3304 5563 3417 5633 quis
3438 5561 3649 5627 dederit,

2073 5667 2332 5721 caritatem
2356 5673 2647 5717 autemnon
2675 5660 2934 5719 habuerit,
2969 5654 3097 5710 nihil
3124 5657 3221 5726 ipsi
3272 5654 3492 5725 prodest.
3541 5653 3649 5708 .‘sut

2074 5762 2171 5815 hoc
2206 5760 2361 5828 igitur
2388 5765 2470 5811 est
2499 5753 2781 5812 dicendum
2805 5794 2817 5815 ,
2852 5760 2943 5805 aut
2971 5749 3111 5820 quod
3145 5747 3270 5804 velit
3296 5764 3390 5825 eos;
3411 5746 3499 5821 qui
3529 5760 3651 5799 cruv
