4112 6224
487 234 585 292 271

487 374 615 436 gant
638 367 955 437 conjunctae
978 374 1034 424 et
1057 366 1452 437 eonglutinatos
1480 380 1603 421 esse
1642 366 2026 434 accipientibus
2047 405 2066 430 ,

487 474 590 515 nec
613 461 929 531 simpliciter
952 461 1080 515 dare
1105 461 1223 514 sine
1273 460 1378 513 ulla
1419 461 1890 514 commiseratione
1916 499 1931 520 ,
1975 462 2068 514 sed

483 553 827 619 sniserentes,
862 551 1083 608 inflexos
1103 591 1118 617 ,
1159 549 1359 607 fractos
1385 593 1401 618 ,
1434 560 1490 606 et
1519 567 1639 606 cum
1671 553 1854 623 egenis
1882 551 2070 606 dolen-

481 653 587 698 tes.
615 642 740 698 Ideo
767 658 993 710 namque
1021 643 1359 712 eleemosyua
1393 659 1422 695 a
1467 644 1576 698 Deo
1619 643 1735 713 lege
1779 645 2066 699 constituta

479 742 588 788 est.
617 733 749 786 Nam
774 741 980 802 poterat
1014 733 1158 787 Deus
1185 733 1300 787 sine
1323 734 1430 787 ullo
1453 735 1559 788 alio
1588 750 1848 805 pauperes
1876 737 2058 797 alere;

479 825 577 878 sed
608 830 664 878 ut
696 839 794 877 nos
821 824 871 877 in
901 825 1125 880 caritate
1168 826 1520 896 conjungeret
1544 867 1559 891 ,
1605 837 1660 882 et
1700 836 1756 881 ut
1781 844 1904 897 erga
1932 828 2059 886 alios

480 917 712 971 invicem
744 916 1181 980 incenderemnr,
1217 919 1360 988 ipsos
1382 919 1544 987 jussit
1567 934 1596 972 a
1627 919 1780 974 nobis
1805 919 1895 973 ali.
1940 919 2066 975 Ideo

476 1007 608 1062 alibi
641 1023 853 1078 quoque
881 1009 1011 1063 dicit
1045 1027 1058 1063 :
1093 1008 1274 1064 Sermo
1316 1011 1476 1065 bonus
1505 1011 1719 1078 melior,
1768 1027 1922 1082 quam
1965 1012 2062 1066 do-

477 1114 604 1152 num
636 1114 652 1151 :
683 1107 754 1165 et,
785 1099 918 1152 Ecce
943 1116 1106 1155 sentio
1130 1117 1287 1170 supra
1317 1101 1506 1155 donum
1537 1103 1694 1156 bonus
1731 1101 1749 1174 (
1768 1101 1932 1157 Eccli.
1971 1103 2058 1173 l8,

479 1191 570 1254 16,
603 1191 728 1261 l7).
757 1191 981 1261 Ipseque
1007 1192 1100 1259 ait,
1137 1191 1543 1248 Misericordia»:
1572 1195 1683 1249 volo
1708 1235 1723 1261 ,
1757 1205 1803 1249 et
1839 1212 1940 1249 non
1977 1212 2062 1248 sa-

471 1281 724 1350 criﬁcium
758 1281 984 1353 (Matth.
1018 1284 1071 1344 9,
1101 1283 1168 1339 18
1190 1288 1226 1351 ).
1261 1284 1393 1352 Quia
1427 1286 1567 1340 enim
1599 1302 1714 1341 mos
1766 1297 1884 1352 est,
1937 1287 2058 1344 illos

471 1386 656 1428 amare
686 1375 773 1442 qui
799 1374 1063 1431 beneficio
1091 1376 1415 1444 afficiuntur,
1448 1387 1504 1434 et
1529 1394 1622 1434 eos
1651 1380 1741 1450 qui
1770 1381 1912 1436 bono
1934 1383 2055 1436 alti-

468 1463 686 1518 ciuntur
726 1481 851 1534 erga
904 1466 1172 1523 beneﬁcos
1202 1469 1337 1523 bene
1375 1471 1592 1525 allectos
1645 1486 1766 1528 esse
1792 1514 1805 1537 ,
1865 1474 2052 1528 vincu-

469 1556 580 1611 lum
608 1559 855 1614 amicith
885 1560 1079 1615 faciens
1101 1603 1116 1628 ,
1147 1562 1245 1617 hoc
1271 1563 1388 1632 lege
1436 1565 1706 1634 prmcepit.
1755 1565 1859 1621 Sed
1909 1567 2052 1636 quod

466 1650 726 1716 qmeritnr
771 1659 854 1704 est
877 1691 892 1716 ,
924 1652 1194 1722 quomodo
1219 1694 1233 1715 ,
1263 1653 1482 1709 Chrism
1510 1655 1626 1710 hinc
1651 1657 1809 1711 ambo
1841 1657 2048 1728 ρει·ίέοο

468 1742 628 1796 tionis
653 1758 772 1798 esse
799 1743 1141 1810 declarante,
1187 1747 1271 1800 hic
1311 1745 1400 1800 illa
1441 1747 1558 1803 sine
1591 1750 1816 1805 caritate
1854 1751 2053 1821 imper-

464 1830 602 1887 fecta
629 1849 750 1888 esse
775 1834 933 1889 dicat.
965 1835 1082 1890 Non
1129 1837 1225 1906 ipsi
1266 1840 1674 1908 contradicens,
1719 1841 1896 1908 absit;
1952 1844 2048 1900 sed

461 1924 748 1979 admodum
773 1941 892 1980 cum
926 1928 1016 1982 illo
1046 1943 1370 1984 consonans.
1393 1930 1525 1985 Nam
1559 1932 1711 1988 diviti
1751 1950 1857 1990 non
1889 1937 2049 1992 modo

460 2013 614 2080 dixit,
661 2015 828 2070 Vende
851 2018 1020 2072 omnia
1044 2035 1159 2090 qua:
1184 2021 1337 2075 [tabes
1376 2032 1424 2075 et
1455 2026 1522 2076 da
1562 2028 1904 2095 pauperibus;
1948 2029 2044 2084 sed

465 2106 758 2174 suhjnnxit,
792 2107 860 2161 Et
891 2109 1002 2163 veni
1045 2127 1251 2182 sequere
1301 2129 1397 2166 me.
1430 2113 1508 2168 Ex
1543 2115 1608 2170 iis
1650 2133 1778 2172 vero
1818 2117 1909 2188 qui
1952 2133 2042 2175 se-

458 2205 694 2271 quuntur
721 2198 889 2265 illum,
916 2199 1045 2254 nihil
1069 2201 1138 2254 ita
1163 2201 1475 2272 discipulum
1495 2205 1690 2262 Christi
1705 2210 2038 2279 comprobat,

454 2295 511 2339 ιιι
558 2301 710 2342 amor
757 2290 1004 2357 proximi.
1066 2290 1132 2346 In
1184 2293 1280 2347 ltoc
1319 2295 1462 2349 enim
1505 2309 1806 2369 cognoscent
1836 2317 2037 2367 omnes,

453 2376 643 2446 inquit,
678 2381 815 2449 quod
839 2381 1077 2452 discipuli
1127 2384 1223 2437 mei
1273 2385 1426 2451 estis,
1470 2387 1514 2440 si
1558 2388 1784 2460 diligatis
1829 2391 2039 2446 invicem

449 2465 642 2535 (Joau.
678 2469 765 2534 13,
797 2471 866 2526 55
965 2471 1032 2526 Ει
1057 2487 1178 2528 cum
1205 2473 1352 2541 dicit,
1383 2475 1484 2543 Qui
1512 2479 1789 2547 perdiderit
1813 2484 2037 2537 animam

445 2576 592 2614 suum
617 2572 824 2632 propter
853 2580 952 2632 me,
983 2566 1198 2620 inveniet
1227 2584 1337 2621 eam
1361 2583 1381 2632 ;
1409 2579 1496 2636 et,
1533 2570 1634 2638 Qui
1658 2589 1735 2627 me
1779 2581 2036 2646 confessus

448 2655 602 2721 fuerit
632 2670 803 2708 coram
833 2655 1122 2710 hominibus
1143 2700 1158 2725 ,
1189 2660 1466 2728 conﬁtebor
1495 2671 1541 2715 et
1574 2679 1664 2731 ego
1710 2682 1822 2717 eum
1862 2683 2033 2720 coram

445 2757 591 2811 patre
617 2765 743 2813 meo,
772 2751 858 2821 qui
884 2751 934 2804 in
959 2753 1098 2806 cwlis
1127 2763 1199 2806 est
1225 2752 1436 2822 (Matth.
1469 2755 1559 2821 l0,
1591 2757 1658 2813 39
1688 2768 1736 2811 et
1767 2758 1892 2828 3‘2);
1927 2777 2030 2816 non

447 2839 546 2891 hoc
593 2839 741 2905 dicit,
799 2842 942 2912 quod
992 2843 1106 2898 haec
1151 2861 1255 2899 non
1302 2847 1432 2902 [lant
1479 2859 1699 2919 propter
1727 2853 2027 2918 caritatem,

441 2931 534 2985 sed
570 2935 870 2990 mercedem
903 2936 984 2990 his
1015 2935 1284 2994 laboribus
1311 2943 1600 3010 repositam
1633 2943 1852 2999 indicat.
1896 2946 2027 3002 Nam

439 3025 580 3093 quod
611 3042 730 3081 cum
760 3030 1017 3100 martyrio
1047 3029 1149 3086 hoc
1190 3047 1403 3100 quoque
1437 3035 1708 3102 requirat,
1755 3036 1882 3091 alibi
1927 3038 2028 3094 hoc

440 3119 598 3173 valde
628 3119 1006 3187 subindicavit,
1035 3123 1112 3176 sic
1135 3122 1320 3178 dicens
1352 3141 1367 3177 :
1395 3122 1614 3179 Calicem
1634 3127 1834 3196 quidem
1863 3145 2026 3182 meum

438 3209 629 3274 bibatis,
661 3220 709 3263 et
735 3211 1010 3281 baptismo,
1044 3230 1140 3283 quo
1189 3230 1282 3283 ego
1331 3216 1558 3285 baptizor
1581 3259 1596 3283 ,
1646 3219 2023 3288 baptizabimini

435 3299 662 3371 (Matth.
693 3302 784 3372 20,
811 3303 882 3359 25
909 3309 962 3375 );
998 3306 1046 3358 id
1075 3316 1176 3368 est,
1208 3309 1520 3380 martyrium
1550 3311 1900 3376 sustinebitis,
1925 3328 2022 3382 pro

435 3407 523 3445 me
546 3393 898 3458 occidemini;
929 3396 1103 3450 sedere
1153 3407 1322 3451 autent
1361 3401 1430 3451 ad
1468 3399 1726 3454 dexteram
1771 3403 1848 3456 vel
1891 3404 2019 3456 sini-

435 3492 593 3536 stram
623 3501 784 3539 meam
802 3501 823 3550 ;
854 3503 956 3542 non
989 3489 1129 3557 quod
1160 3490 1371 3559 quidam
1401 3492 1627 3546 sedeant
1653 3493 1718 3546 ad
1735 3493 2018 3550 dexteram

434 3575 520 3629 vel
546 3575 611 3629 ad
643 3576 915 3632 siniStram
948 3580 1083 3648 ejus,
1115 3580 1208 3636 sed
1239 3595 1544 3650 supremam
1586 3584 1768 3638 sedem
1821 3595 1876 3640 et
1919 3586 2019 3643 lio-

429 3680 616 3721 norem
642 3667 860 3735 dicens;
891 3687 990 3725 non
1018 3681 1091 3726 est
1119 3690 1283 3727 meutn
1310 3674 1453 3741 dare,
1489 3676 1689 3744 inquit,
1721 3678 1812 3731 sed
1836 3679 2016 3748 quibus

427 3768 663 3828 paratum
697 3771 788 3816 est.
837 3763 1037 3820 Deinde
1072 3767 1365 3822 ostendens
1403 3768 1595 3838 quibus
1636 3779 1875 3839 paratum
1907 3774 2010 3841 sit,

425 3852 557 3922 ipsis
577 3853 871 3922 advocatis,
894 3856 1021 3912 dicit
1051 3872 1068 3912 :
1096 3858 1196 3923 Qui
1216 3860 1425 3914 voluerit
1443 3861 1494 3914 in
1517 3862 1650 3916 vobis
1672 3879 1778 3916 esse
1793 3867 2009 3933 primus,

423 3948 489 4001 sit
513 3950 737 4003 omnium
761 3962 978 4005 vestrum
1007 3953 1232 4007 minister
1259 3953 1278 4023 (
1301 3953 1438 4007 Ibid.
1466 3972 1515 4010 υ.
1545 3954 1688 4026 26),
1735 3957 2009 4012 humilita-

424 4049 532 4095 tem
557 4042 863 4112 signiﬁcans
885 4052 936 4099 et
963 4045 1261 4100 caritatem.
1280 4045 1570 4100 Caritatcm
1596 4061 1723 4101 vero
1743 4061 2006 4103 summam

421 4133 665 4203 requirit.
715 4133 836 4189 ldco
887 4150 1062 4206 neque
1108 4136 1177 4189 ibi
1226 4136 1497 4203 substitit,
1547 4137 1640 4191 sed
1689 4138 2003 4206 subjunxit:

421 4223 570 4277 Sicut
608 4222 777 4280 Filius
802 4225 1020 4279 hominis
1069 4242 1170 4279 non
1201 4227 1331 4280 venit
1375 4227 1686 4296 ministrari,
1734 4230 1824 4293 sed
1865 4231 2008 4288 mini-

418 4323 586 4369 strare
605 4357 618 4378 ,
650 4326 698 4370 et
724 4317 848 4381 dare
871 4317 1092 4382 animum
1112 4335 1259 4378 suam
1283 4320 1677 4389 redemptionem
1717 4339 1809 4392 pro
1837 4324 2006 4378 multis

419 4405 595 4491 (liud,
647 4424 695 4476 ᾳ.
739 4407 887 4482 28);
933 4410 1226 4472 ostendens
1265 4411 1343 4468 sic
1390 4427 1572 4467 amare
1613 4425 1900 4484 oportere,
1950 4425 2007 4471 ut

417 4499 577 4568 etiam
608 4514 752 4558 mors
780 4499 995 4556 ferenda
1023 4503 1096 4562 sit
1124 4518 1222 4572 pro
1247 4503 1458 4558 dilectis
1483 4521 1496 4557 :
1523 4504 1626 4560 hoc
1657 4506 1799 4561 enim
1831 4508 2003 4561 maxi-

417 4607 506 4656 me
531 4601 614 4652 est
643 4593 814 4663 ipsum
842 4591 1086 4662 diligere.
1130 4593 1258 4648 Ideo
1300 4595 1460 4648 etiam
1507 4595 1668 4650 Petro
1707 4597 1836 4651 dicit
1883 4609 1898 4646 :
1940 4597 2004 4653 Si

415 4700 560 4755 gntus
586 4701 682 4750 me,
710 4699 860 4753 pasce
884 4699 997 4738 oves
1024 4699 1161 4738 meas
1189 4687 1211 4752 (
1231 4681 1390 4738 Joau.
1423 4687 1510 4741 l3.
1539 4686 1657 4756 l9).
1691 4687 1757 4742 Et
1793 4699 1846 4743 ut
1889 4690 2001 4744 dis-

415 4776 549 4842 catis
569 4785 826 4846 quantum
853 4775 924 4830 sit
949 4774 1077 4831 illud
1108 4783 1162 4830 et
1186 4791 1342 4846 quam
1376 4777 1635 4846 praeclare
1659 4787 1889 4848 gestum,
1924 4781 2004 4850 ip-

415 4879 530 4933 sam
575 4868 850 4922 caritatem
893 4866 1060 4923 verbo
1106 4865 1514 4934 describamus,
1567 4867 1999 4940 quandoquidem

416 4956 532 5026 ipsa
557 4973 617 5011 re
643 4973 904 5028 nusquam
943 4960 1088 5014 illam
1117 4959 1519 5030 conspicimus;
1567 4968 1622 5015 et
1667 4961 1996 5031 cogitemus,

414 5048 556 5120 quod
584 5049 629 5103 si
654 5047 742 5102 illa
780 5049 980 5118 ubique
1019 5050 1357 5110 abundanter
1391 5062 1572 5120 esset,
1623 5061 1821 5123 quanta
1874 5054 1989 5113 bim

414 5143 552 5202 bona
580 5141 869 5197 orirentur.
913 5140 1096 5212 Neque
1143 5142 1285 5197 enim
1323 5143 1526 5213 legibus
1567 5161 1740 5216 neque
1781 5146 1992 5216 judiciis

390 5251 548 5311 ,ερας
578 5245 761 5299 esset,
794 5248 968 5304 neque
996 5232 1274 5303 suppliciis
1297 5275 1310 5296 ,
1361 5249 1534 5304 neque
1578 5237 1691 5291 ullo
1730 5239 1837 5295 alio
1893 5240 1996 5295 hu-

390 5321 666 5398 ijustuodi.
697 5325 831 5393 Nam
858 5327 902 5380 si
942 5339 1132 5384 omnes
1178 5323 1466 5393 diligerent
1511 5335 1567 5380 et
1608 5327 1994 5399 diligerentur,

415 5435 573 5481 nemo
597 5420 843 5490 cuiquam
871 5418 1084 5481 {emisset
1113 5415 1395 5488 iniuriam;
1425 5417 1519 5481 sed
1545 5419 1742 5484 ctedes,
1773 5436 1992 5491 pugnae,

416 5511 576 5574 bella,
603 5513 914 5578 seditiones,
945 5513 1147 5582 rapina:
1165 5553 1179 5577 ,
1206 5512 1427 5566 avaritia
1448 5552 1464 5579 ,
1491 5512 1776 5582 omniaque
1819 5512 1956 5565 mala
1976 5552 1992 5576 ,

417 5606 600 5671 procul
628 5608 1035 5675 abscessissent,
1066 5618 1122 5665 et
1147 5608 1214 5664 ad
1252 5623 1446 5666 nomen
1478 5624 1646 5678 usque
1693 5608 1991 5677 ignoratum

424 5697 598 5758 vitium
627 5696 830 5758 fuisset.
853 5701 1014 5772 Signa
1039 5711 1215 5756 autem
1248 5701 1349 5758 hoc
1375 5714 1478 5768 non
1523 5698 1801 5755 cll‘cccrint
1830 5738 1845 5765 ,
1896 5698 1988 5758 scd

1263 233 1319 291 S.
1360 234 1635 292 JOANNIS
1671 232 2145 292 Cl-lRYSOSTOM!
2183 234 2496 296 ARCIIIEP.
2535 240 3069 306 CONSTANTINOP.

3653 254 3757 310 972

2182 346 2248 403 ad
2285 363 2472 404 vanam
2498 351 2721 422 gloriam
2744 367 2797 412 et
2829 358 3190 428 arrogantiam
3231 359 3493 416 extollunt
3531 377 3626 421 eos
3666 367 3754 436 qui

2179 455 2281 495 non
2313 444 2610 500 attendunt.

2247 533 2298 584 6.
2333 534 2530 590 Caritas
2557 539 2620 590 ab
2645 541 2784 592 omni
2812 542 3036 611 pernicie
3062 542 3243 598 libera.
3272 572 3344 584 ιυ-
3366 544 3625 618 Quodque
3650 551 3748 603 nii—

2173 638 2290 678 rum
2317 625 2367 679 in
2398 627 2641 694 caritate,
2665 641 2856 685 cetera
2883 633 3098 701 quidem
3124 634 3257 688 bona
3286 635 3488 691 habent
3505 639 3750 708 adjuncta

2175 716 2341 780 mala;
2377 719 2523 772 verbi
2555 722 2746 789 gratia.
2777 724 2867 791 qui
2898 722 3180 780 facultates
3224 741 3328 780 non
3384 727 3566 796 habet,
3597 745 3657 785 ea
3684 731 3754 786 de

2172 822 2332 861 causa
2362 823 2506 880 sarpe
2550 810 2790 876 inﬂatur;
2823 815 2911 882 qui
2941 814 3152 870 dicendi
3198 819 3401 887 peritus
3432 829 3536 884 est,
3567 821 3751 891 gloriae

2169 901 2458 968 cupiditate
2490 902 2724 966 laborat;
2757 905 2971 960 humilis
2997 907 3328 978 propterlioc
3355 911 3404 964 in
3427 913 3746 968 conscientia

2168 1007 2261 1046 sua
2292 994 2455 1047 altum
2487 996 2625 1064 sapit
2660 1015 2672 1051 :
2703 998 2898 1054 caritas
2948 1011 3126 1056 autem
3172 1003 3238 1056 ab
3267 1003 3570 1072 hujusmodi
3600 1006 3744 1060 omni

2167 1087 2403 1155 pernicie
2433 1088 2601 1145 libera
2642 1101 2725 1147 est
2753 1111 2765 1146 :
2796 1108 2919 1148 nam
2948 1103 3136 1151 contra
3176 1095 3430 1152 dilectum
3459 1113 3748 1168 numquam

2164 1178 2283 1248 quis
2306 1180 2610 1236 extollatur.
2635 1181 2744 1238 Nec
2773 1183 2904 1239 mihi
2941 1188 3186 1255 posueris
3221 1203 3382 1242 unum
3419 1188 3510 1258 qui
3539 1187 3744 1258 diligat,

2163 1271 2256 1324 sed
2304 1288 2494 1327 omnes
2521 1275 2792 1342 similiter,
2831 1288 2884 1334 et
2916 1287 3044 1334 tunc
3070 1280 3186 1350 ejus
3211 1281 3463 1337 virtutem
3491 1282 3698 1339 videbis
3725 1299 3741 1336 :

2163 1361 2270 1416 imo
2301 1364 2494 1432 potius,
2525 1368 2570 1420 si
2595 1367 2788 1436 placet,
2825 1369 2999 1438 primo
3029 1387 3194 1427 unum
3220 1372 3473 1429 dilectum
3495 1384 3548 1428 et
3577 1388 3742 1428 unmn

2159 1465 2426 1511 amantem
2457 1472 2626 1526 pone;
2654 1469 2924 1516 amantem
2949 1462 3157 1519 scilicet
3181 1472 3238 1520 ut
3263 1481 3360 1536 par
3385 1474 3470 1522 est
3496 1464 3738 1536 diligere.

2159 1547 2290 1602 Nam
2320 1559 2516 1604 terram
2548 1561 2815 1622 tamquam
2847 1554 3036 1609 malum
3091 1556 3310 1624 incolet,
3365 1556 3560 1628 ubique
3591 1566 3742 1611 tran-

2157 1640 2418 1708 quillitate
2448 1640 2650 1707 fruens,
2678 1653 2732 1698 et
2757 1644 3066 1701 inu—mneras
3112 1647 3212 1702 sibi
3243 1657 3461 1703 nectens
3491 1663 3738 1704 coronas.

2155 1733 2254 1798 Qui
2278 1733 2418 1788 cnim
2452 1734 2576 1788 talis
2604 1745 2702 1799 cst,
2728 1747 2781 1790 et
2804 1737 2998 1793 invidia
3027 1749 3082 1795 et
3109 1739 3185 1793 ira
3215 1749 3272 1794 et
3295 1739 3460 1796 livore
3484 1755 3740 1812 arrogan-

2156 1826 2352 1895 tiaque,
2384 1841 2518 1879 vana
2543 1827 2709 1895 gloria
2741 1836 2796 1883 et
2819 1830 2955 1884 mala
2989 1832 3419 1901 concupiscentia
3441 1875 3453 1896 ,
3487 1834 3739 1904 omnique

2151 1915 2385 1970 absurdo
2413 1932 2596 1972 amore
2622 1927 2782 1988 atque
2807 1919 2994 1977 morbo
3021 1936 3208 1991 puram
3237 1923 3474 1978 servabit
3502 1925 3734 1978 animam

2149 2024 2320 2064 suam.
2342 2009 2800 2075 Quemadmodum
2831 2014 2972 2068 enim
3003 2015 3106 2070 sibi
3137 2015 3234 2084 ipsi
3275 2031 3434 2070 nemo
3465 2016 3732 2086 quidpiam

2150 2100 2272 2154 mali
2301 2100 2589 2166 intulerit,
2625 2103 2694 2156 ita
2738 2119 2913 2173 neque
2957 2105 3044 2160 hic
3096 2106 3376 2174 proximis.
3421 2107 3564 2162 Talis
3605 2124 3733 2162 vero

2147 2209 2270 2248 cum
2299 2194 2388 2261 sit,
2417 2211 2536 2249 cuin
2560 2197 2676 2265 ipso
2705 2197 2871 2252 stabit
2890 2197 3164 2264 Gabriclc,
3197 2200 3248 2252 in
3277 2208 3418 2253 terra
3453 2199 3729 2270 gradiens.

2147 2287 2209 2341 Et
2244 2288 2331 2357 qui
2383 2288 2662 2344 caritatem
2704 2290 2917 2358 quidem
2956 2290 3136 2357 habet,
3182 2292 3302 2346 talis
3330 2303 3410 2347 est
3441 2309 3453 2344 :
3487 2293 3573 2362 qui
3603 2309 3731 2348 vero

2144 2377 2294 2448 signa
2326 2377 2468 2442 facit,
2513 2388 2568 2433 et
2599 2379 2886 2455 perfectam
2929 2381 3090 2436 habet
3134 2383 3412 2437 scientiam
3448 2384 3563 2438 sine
3593 2385 3728 2438 cari-

2145 2479 2287 2535 tate;
2323 2471 2531 2525 etiamsi
2580 2472 2730 2527 mille
2779 2486 3019 2528 morinos
3045 2475 3406 2538 suscitaverit,
3439 2477 3566 2529 nihil
3610 2491 3725 2528 nia-

2139 2578 2302 2632 gnnm
2331 2563 2644 2628 lucrabitur,
2677 2564 2744 2619 ab
2765 2565 3012 2619 omnibus
3037 2565 3293 2634 abruptus
3309 2569 3726 2624 ctcumnemine

2139 2671 2518 2710 conservorum
2567 2672 2625 2711 se
2677 2659 3010 2712 comitiisccri
3067 2660 3296 2731 patiens.
3331 2661 3452 2716 Ideo
3480 2662 3724 2718 Christus

2139 2745 2388 2815 perfecta:
2421 2749 2473 2802 in
2515 2748 2689 2818 ipsum
2716 2750 2953 2804 caritatis
2982 2751 3191 2820 signum
3226 2751 3360 2805 dixit
3399 2767 3516 2808 esse
3543 2756 3719 2824 proxi-

2137 2854 2283 2892 mum
2333 2839 2576 2909 diligere.
2625 2840 2757 2894 Nam
2787 2847 2898 2896 ait:
2934 2842 2993 2897 Si
3041 2843 3210 2914 diligis
3267 2861 3364 2906 me,
3403 2844 3572 2913 Petre,
3602 2848 3719 2917 plus

2134 2930 2232 2996 Itis,
2267 2947 2416 3002 pasce
2441 2948 2555 2986 oves
2581 2949 2736 2986 meas.
2768 2933 3011 2987 Vidistin’
3037 2951 3141 3004 quo
3169 2946 3324 3004 pacto
3354 2937 3477 2991 hinc
3503 2953 3716 2994 rursum

2131 3023 2567 3087 subindicnverit,
2597 3025 2736 3095 quod
2769 3027 2870 3081 hoc
2895 3028 2962 3080 sit
2981 3027 3152 3097 majus
3183 3030 3479 3100 martyrio?
3509 3031 3717 3086 Etenim

2131 3115 2174 3169 si
2201 3115 2365 3170 lilium
2388 3117 2508 3187 quis
2538 3116 2758 3172 haberet
2787 3118 3062 3186 dilectum,
3097 3129 3153 3174 et
3181 3136 3276 3190 pro
3298 3137 3405 3191 quo
3425 3125 3583 3177 etiam
3600 3124 3718 3177 ani-

2130 3221 2270 3260 mam
2302 3206 2430 3262 dare
2485 3217 2701 3276 paratus
2747 3218 2917 3273 esset;
2968 3210 3160 3266 deinde
3201 3213 3464 3282 quispiam
3508 3224 3713 3282 patrem

2127 3307 2352 3364 amaret,
2385 3299 2494 3354 lilio
2534 3309 2711 3356 autem
2758 3302 2905 3356 nullo
2947 3303 3104 3357 modo
3151 3305 3380 3359 animam
3409 3307 3709 3374 adhiberet,

2127 3401 2329 3459 patrem
2380 3392 2664 3448 admodum
2711 3394 2964 3462 irritaret,
3015 3413 3186 3467 neque
3233 3413 3449 3453 sensum
3497 3411 3712 3472 caperet

2126 3482 2267 3538 illius
2294 3484 2346 3538 in
2368 3499 2426 3540 se
2445 3485 2666 3551 amoris,
2692 3501 2759 3541 eo
2792 3487 2931 3557 quod
2956 3487 3120 3542 lilium
3145 3499 3530 3546 contemneret.
3555 3492 3708 3559 Quod

2122 3575 2166 3629 si
2200 3574 2251 3628 in
2286 3585 2434 3645 patre
2461 3586 2517 3632 et
2545 3577 2652 3632 lilio
2683 3577 2783 3634 hoc
2803 3580 3084 3650 contingit,
3113 3581 3279 3636 multo
3315 3584 3484 3653 magis
3515 3585 3566 3638 in
3598 3585 3710 3641 Deo

2121 3677 2171 3722 et
2201 3667 2504 3724 hominibus
2534 3687 2546 3724 :
2576 3671 2843 3726 amantior
2869 3672 3012 3727 enim
3049 3674 3187 3728 Deus
3215 3684 3316 3738 est,
3337 3691 3496 3745 quam
3526 3685 3706 3747 patres

2119 3775 2328 3815 omnes.
2364 3760 2652 3830 Propterea
2674 3777 2794 3817 cum
2827 3763 3088 3818 dixisset:
3125 3763 3356 3819 Primum
3394 3777 3441 3819 et
3467 3784 3706 3838 nwgnum

2117 3851 2460 3906 mandatum:
2493 3852 2682 3925 Diliges
2726 3852 3002 3908 Dominum
3047 3854 3211 3910 Deum
3262 3865 3444 3926 tuum,
3483 3858 3703 3928 subjun-

2116 3949 2230 4000 xit:
2262 3945 2552 4001 Secundum
2607 3957 2794 4014 autem,
2829 3965 2926 4003 nec
2978 3949 3146 4017 siluit,
3198 3951 3291 4006 sed
3334 3952 3565 4021 adjecit,
3615 3953 3704 4008 Si-

2114 4037 2236 4091 mile
2260 4046 2332 4092 est
2362 4037 2478 4091 huic
2503 4054 2523 4091 .'
2548 4037 2743 4108 Diliges
2795 4041 3086 4109 proximum
3132 4052 3272 4096 tuum
3303 4044 3431 4097 sicut
3486 4046 3700 4115 teipsum

2118 4125 2329 4196 (Matth.
2352 4129 2444 4194 22,
2473 4129 2562 4201 58,
2590 4129 2702 4192 59).
2747 4131 2810 4186 Ει
2860 4133 2978 4187 vide
3028 4133 3298 4203 quomodo
3343 4151 3461 4189 cum
3510 4137 3697 4191 eadem

2113 4218 2225 4275 fero
2278 4221 2568 4294 hyperbole
2620 4224 2721 4279 hoc
2763 4224 2956 4294 exigat.
2997 4227 3069 4281 De
3122 4227 3230 4280 Deo
3286 4242 3514 4297 namque
3543 4228 3694 4294 dicit,

2113 4310 2197 4366 Ea:
2235 4321 2338 4365 toto
2387 4315 2538 4368 corde
2559 4323 2679 4379 tuo;
2719 4314 2785 4369 de
2836 4318 3079 4384 proximo
3135 4327 3311 4371 autem
3365 4329 3452 4372 tuo
3482 4361 3496 4379 ,
3545 4318 3697 4372 Sicut

2111 4402 2364 4472 teipsum;
2406 4404 2548 4474 quod
2601 4406 2822 4475 perinde
2874 4416 2958 4462 est
3013 4417 3172 4478 atque
3220 4409 3353 4464 illud
3382 4453 3398 4476 ,
3456 4409 3538 4464 Ea:
3588 4421 3695 4464 toto

2108 4495 2260 4549 corde
2295 4505 2401 4550 tuo.
2437 4497 2646 4551 Etenim
2693 4499 2736 4552 si
2785 4509 3035 4555 accurate
3076 4499 3176 4555 hoc
3206 4511 3544 4568 servaretur,
3587 4518 3694 4558 non

2107 4604 2314 4656 servus,
2344 4606 2448 4646 non
2476 4591 2612 4646 liber
2638 4602 2816 4656 esset;
2847 4610 2952 4648 non
2977 4594 3245 4664 princeps,
3278 4609 3382 4649 non
3412 4594 3693 4658 subditus;

2107 4692 2213 4736 non
2254 4681 2424 4749 dives,
2456 4698 2560 4737 non
2610 4700 2846 4755 pauper;
2876 4701 2981 4740 non
3028 4701 3244 4754 parvus,
3279 4703 3383 4741 non
3427 4703 3693 4756 magnus;

2107 4791 2212 4828 non
2258 4773 2504 4830 diabolus
2544 4791 2793 4846 umquam
2839 4777 3085 4847 cognitus
3131 4777 3320 4832 fuisset
3351 4795 3363 4832 :
3398 4791 3500 4831 non
3547 4776 3692 4843 dico,

2107 4865 2222 4931 llic,
2253 4867 2346 4923 sed
2391 4868 2599 4924 etiamsi
2629 4869 2766 4923 alius
2796 4869 2941 4932 talis,
2972 4869 3181 4923 etiamsi
3213 4879 3449 4932 cenltrm,
3482 4869 3693 4923 etiamsi

2107 4960 2367 5016 innmncri
2394 4961 2526 5017 tales
2547 4970 2749 5025 essent,
2770 4961 2902 5016 nihil
2933 4961 3248 5030 potuissent,
3265 4960 3352 5014 illa
3377 4961 3690 5015 exsistcntc.

2104 5050 2246 5118 Ignis
2272 5053 2413 5108 enim
2445 5052 2784 5122 injeCIiotiem
2833 5053 3007 5122 potius
3039 5052 3236 5106 furnum
3270 5052 3498 5116 tulisset,
3531 5066 3691 5121 quam

2102 5143 2373 5198 flammam
2418 5145 2654 5199 caritatis
2701 5144 2966 5199 diabolus.
3017 5143 3143 5199 Hrrc
3173 5159 3326 5198 muro
3368 5142 3560 5197 fortior
3585 5151 3690 5208 est,

2104 5237 2218 5292 bare
2245 5237 2526 5294 adamante
2550 5239 2782 5304 lirmior;
2814 5249 2867 5294 et
2891 5237 2936 5292 si
2965 5253 3123 5306 quam
3156 5237 3314 5292 aliain
3343 5236 3546 5290 dixeris
3574 5233 3690 5289 for-

2105 5331 2294 5386 tiorem
2343 5332 2642 5396 materiam,
2682 5331 2860 5384 omnia
2903 5338 3120 5400 superat
3160 5329 3399 5384 caritatis
3445 5325 3690 5381 firmitas.

2101 5421 2250 5476 Hanc
2279 5437 2378 5477 nec
2404 5421 2624 5488 divitiae,
2677 5437 2774 5477 nec
2799 5431 3085 5491 paupertas
3115 5420 3315 5483 vincit;
3366 5419 3474 5472 imo
3516 5418 3693 5488 potius

2100 5526 2208 5566 non
2235 5521 2378 5567 esset
2400 5523 2704 5582 paupertas,
2736 5527 2840 5566 non
2874 5512 3032 5566 nimia
3087 5509 3405 5565 divitiarum
3435 5508 3613 5577 capia,
3645 5506 3693 5561 si

2100 5605 2294 5658 caritas
2323 5611 2501 5667 esset,
2548 5601 2643 5657 sed
2671 5617 2733 5658 ea
2782 5602 2955 5657 solum
3003 5616 3121 5671 quae
3151 5616 3216 5655 ex
3268 5600 3512 5668 utrisque
3563 5606 3691 5653 sunt

2103 5697 2259 5752 bona.
2293 5693 2504 5763 Etenim
2534 5709 2598 5760 ex
2641 5695 2746 5752 illis
2774 5694 2980 5772 copiam
3009 5693 3424 5765 decerperemus
3448 5733 3465 5758 ,
3493 5706 3560 5754 ex
3593 5690 3694 5749 hac
