  <div class='ocr_page' id='page_1' title='image "/cluster/home/n/w/nwhite01/storage/ocr_20150623/61/hvd.32044054166368/276.png"; bbox 0 0 4094 6222; ppageno 0'>
   <div class='ocr_carea' id='block_1_1' title="bbox 369 263 476 320">
    <p class='ocr_par' dir='ltr' id='par_1_1' title="bbox 369 263 476 320">
     <span class='ocr_line' id='line_1_1' title="bbox 369 263 476 320; baseline 0 0"><span class='ocrx_word' id='word_1_1' title='bbox 369 263 476 320; x_wconf 70' lang='grc'>271</span> 
     </span>
    </p>
   </div>
   <div class='ocr_carea' id='block_1_2' title="bbox 364 376 1946 450">
    <p class='ocr_par' dir='ltr' id='par_1_2' title="bbox 364 376 1946 450">
     <span class='ocr_line' id='line_1_2' title="bbox 364 376 1946 450; baseline -0.002 -19"><span class='ocrx_word' id='word_1_2' title='bbox 364 393 456 450; x_wconf 84' lang='grc' dir='ltr'>σῃ.</span> <span class='ocrx_word' id='word_1_3' title='bbox 496 376 592 430; x_wconf 74' lang='grc' dir='ltr'>καὶ</span> <span class='ocrx_word' id='word_1_4' title='bbox 635 376 725 431; x_wconf 85' lang='grc' dir='ltr'>⁴ίνα</span> <span class='ocrx_word' id='word_1_5' title='bbox 766 377 1280 449; x_wconf 86' lang='grc' dir='ltr'>διαθερμαινώμεθα</span> <span class='ocrx_word' id='word_1_6' title='bbox 1325 379 1462 450; x_wconf 79' lang='grc' dir='ltr'>πρὸς</span> <span class='ocrx_word' id='word_1_7' title='bbox 1493 379 1777 450; x_wconf 78' lang='grc' dir='ltr'>ἀλλήλους,</span> <span class='ocrx_word' id='word_1_8' title='bbox 1816 377 1946 447; x_wconf 84' lang='grc' dir='ltr'>παρ’</span> 
     </span>
    </p>
   </div>
   <div class='ocr_carea' id='block_1_3' title="bbox 360 457 1951 531">
    <p class='ocr_par' dir='ltr' id='par_1_3' title="bbox 360 457 1951 531">
     <span class='ocr_line' id='line_1_3' title="bbox 360 457 1951 531; baseline 0 -20"><span class='ocrx_word' id='word_1_9' title='bbox 360 458 523 528; x_wconf 79' lang='grc' dir='ltr'>ἡμῶν</span> <span class='ocrx_word' id='word_1_10' title='bbox 576 460 776 524; x_wconf 79' lang='grc' dir='ltr'>αὐτοὺς</span> <span class='ocrx_word' id='word_1_11' title='bbox 830 462 1084 514; x_wconf 87' lang='grc' dir='ltr'>ἐκέλευσε</span> <span class='ocrx_word' id='word_1_12' title='bbox 1139 461 1458 531; x_wconf 78' lang='grc' dir='ltr'>τρέφεσθαι.</span> <span class='ocrx_word' id='word_1_13' title='bbox 1499 461 1600 514; x_wconf 84' lang='grc' dir='ltr'>Διά</span> <span class='ocrx_word' id='word_1_14' title='bbox 1647 461 1806 514; x_wconf 82' lang='grc' dir='ltr'>τοῦτο</span> <span class='ocrx_word' id='word_1_15' title='bbox 1855 457 1951 513; x_wconf 77' lang='grc' dir='ltr'>καὶ</span> 
     </span>
    </p>
   </div>
   <div class='ocr_carea' id='block_1_4' title="bbox 360 542 1948 614">
    <p class='ocr_par' dir='ltr' id='par_1_4' title="bbox 360 542 1948 614">
     <span class='ocr_line' id='line_1_4' title="bbox 360 542 1948 614; baseline -0.001 -16"><span class='ocrx_word' id='word_1_16' title='bbox 360 542 598 612; x_wconf 88' lang='grc' dir='ltr'>ἀλλαχοῦ</span> <span class='ocrx_word' id='word_1_17' title='bbox 635 560 790 612; x_wconf 89' lang='grc' dir='ltr'>φησι·</span> <span class='ocrx_word' id='word_1_18' title='bbox 823 546 1138 612; x_wconf 83' lang='grc' dir='ltr'>Κρείσσων</span> <span class='ocrx_word' id='word_1_19' title='bbox 1175 546 1359 614; x_wconf 77' lang='grc' dir='ltr'>λόγος</span> <span class='ocrx_word' id='word_1_20' title='bbox 1411 545 1658 614; x_wconf 76' lang='grc' dir='ltr'>ἀγαθὸς,</span> <span class='ocrx_word' id='word_1_21' title='bbox 1693 545 1728 610; x_wconf 82' lang='grc' dir='ltr'>ἢ</span> <span class='ocrx_word' id='word_1_22' title='bbox 1756 543 1948 608; x_wconf 88' lang='grc' dir='ltr'>δόσις·</span> 
     </span>
    </p>
   </div>
   <div class='ocr_carea' id='block_1_5' title="bbox 357 624 1955 696">
    <p class='ocr_par' dir='ltr' id='par_1_5' title="bbox 357 624 1955 696">
     <span class='ocr_line' id='line_1_5' title="bbox 357 624 1955 696; baseline 0 -18"><span class='ocrx_word' id='word_1_23' title='bbox 357 624 475 691; x_wconf 73' lang='grc' dir='ltr'>καὶ,</span> <span class='ocrx_word' id='word_1_24' title='bbox 518 625 675 680; x_wconf 86' lang='grc' dir='ltr'>Ἰδοὺ</span> <span class='ocrx_word' id='word_1_25' title='bbox 697 629 881 694; x_wconf 78' lang='grc' dir='ltr'>λόγος</span> <span class='ocrx_word' id='word_1_26' title='bbox 910 627 1060 693; x_wconf 83' lang='grc' dir='ltr'>ὑπὲρ</span> <span class='ocrx_word' id='word_1_27' title='bbox 1085 627 1236 695; x_wconf 91' lang='grc' dir='ltr'>δόμα</span> <span class='ocrx_word' id='word_1_28' title='bbox 1257 627 1500 696; x_wconf 75' lang='grc' dir='ltr'>ἀγαθός.</span> <span class='ocrx_word' id='word_1_29' title='bbox 1529 627 1640 682; x_wconf 90' lang='lat' dir='ltr'>Kal</span> <span class='ocrx_word' id='word_1_30' title='bbox 1668 627 1829 689; x_wconf 88' lang='grc' dir='ltr'>αὑτός</span> <span class='ocrx_word' id='word_1_31' title='bbox 1857 643 1955 695; x_wconf 81' lang='grc' dir='ltr'>φηο</span> 
     </span>
    </p>
   </div>
   <div class='ocr_carea' id='block_1_6' title="bbox 359 707 1952 782">
    <p class='ocr_par' dir='ltr' id='par_1_6' title="bbox 359 707 1952 782">
     <span class='ocr_line' id='line_1_6' title="bbox 359 707 1952 782; baseline -0.001 -20"><span class='ocrx_word' id='word_1_32' title='bbox 359 725 467 772; x_wconf 90' lang='grc' dir='ltr'>σιν,</span> <span class='ocrx_word' id='word_1_33' title='bbox 506 709 727 763; x_wconf 81' lang='grc' dir='ltr'>Ἕλεον</span> <span class='ocrx_word' id='word_1_34' title='bbox 773 707 922 782; x_wconf 68' lang='grc'>[2951</span> <span class='ocrx_word' id='word_1_35' title='bbox 976 709 1148 772; x_wconf 85' lang='grc' dir='ltr'>θέλω,</span> <span class='ocrx_word' id='word_1_36' title='bbox 1190 711 1287 764; x_wconf 79' lang='grc' dir='ltr'>καὶ</span> <span class='ocrx_word' id='word_1_37' title='bbox 1332 713 1404 764; x_wconf 88' lang='grc' dir='ltr'>οὐ</span> <span class='ocrx_word' id='word_1_38' title='bbox 1447 713 1688 766; x_wconf 80' lang='grc' dir='ltr'>θυσίαν.</span> <span class='ocrx_word' id='word_1_39' title='bbox 1735 708 1952 779; x_wconf 80' lang='grc' dir='ltr'>Ἐπειδὴ</span> 
     </span>
    </p>
   </div>
   <div class='ocr_carea' id='block_1_7' title="bbox 356 790 1950 863">
    <p class='ocr_par' dir='ltr' id='par_1_7' title="bbox 356 790 1950 863">
     <span class='ocr_line' id='line_1_7' title="bbox 356 790 1950 863; baseline 0.001 -19"><span class='ocrx_word' id='word_1_40' title='bbox 356 791 472 860; x_wconf 83' lang='grc' dir='ltr'>γάρ</span> <span class='ocrx_word' id='word_1_41' title='bbox 507 791 626 854; x_wconf 84' lang='grc' dir='ltr'>ἔθος</span> <span class='ocrx_word' id='word_1_42' title='bbox 654 793 782 856; x_wconf 91' lang='grc' dir='ltr'>τούς</span> <span class='ocrx_word' id='word_1_43' title='bbox 805 810 864 845; x_wconf 90' lang='grc' dir='ltr'>τε</span> <span class='ocrx_word' id='word_1_44' title='bbox 901 791 1390 863; x_wconf 87' lang='grc' dir='ltr'>εὐεργετουμένους</span> <span class='ocrx_word' id='word_1_45' title='bbox 1416 794 1610 862; x_wconf 84' lang='grc' dir='ltr'>φιλεῖν,</span> <span class='ocrx_word' id='word_1_46' title='bbox 1643 793 1769 856; x_wconf 86' lang='grc' dir='ltr'>τούς</span> <span class='ocrx_word' id='word_1_47' title='bbox 1801 810 1858 846; x_wconf 89' lang='grc' dir='ltr'>τε</span> <span class='ocrx_word' id='word_1_48' title='bbox 1890 790 1950 847; x_wconf 82' lang='grc' dir='ltr'>εὖ</span> 
     </span>
    </p>
   </div>
   <div class='ocr_carea' id='block_1_8' title="bbox 355 873 1952 948">
    <p class='ocr_par' dir='ltr' id='par_1_8' title="bbox 355 873 1952 948">
     <span class='ocr_line' id='line_1_8' title="bbox 355 873 1952 948; baseline 0.003 -23"><span class='ocrx_word' id='word_1_49' title='bbox 355 873 671 942; x_wconf 80' lang='grc' dir='ltr'>πάσχοντας</span> <span class='ocrx_word' id='word_1_50' title='bbox 704 876 840 944; x_wconf 73' lang='grc' dir='ltr'>πρὸς</span> <span class='ocrx_word' id='word_1_51' title='bbox 873 876 997 938; x_wconf 76' lang='grc' dir='ltr'>τοὺς</span> <span class='ocrx_word' id='word_1_52' title='bbox 1029 875 1450 944; x_wconf 79' lang='grc' dir='ltr'>εὐεργετοῦντας</span> <span class='ocrx_word' id='word_1_53' title='bbox 1485 877 1811 948; x_wconf 86' lang='grc' dir='ltr'>οίκειότερον</span> <span class='ocrx_word' id='word_1_54' title='bbox 1839 876 1952 929; x_wconf 89' lang='grc' dir='ltr'>δια-</span> 
     </span>
    </p>
   </div>
   <div class='ocr_carea' id='block_1_9' title="bbox 357 957 1952 1028">
    <p class='ocr_par' dir='ltr' id='par_1_9' title="bbox 357 957 1952 1028">
     <span class='ocr_line' id='line_1_9' title="bbox 357 957 1952 1028; baseline 0.001 -19"><span class='ocrx_word' id='word_1_55' title='bbox 357 957 598 1020; x_wconf 86' lang='grc' dir='ltr'>κεῖσθαι,</span> <span class='ocrx_word' id='word_1_56' title='bbox 659 957 957 1028; x_wconf 79' lang='grc' dir='ltr'>σύνδεσμον</span> <span class='ocrx_word' id='word_1_57' title='bbox 1014 958 1197 1025; x_wconf 80' lang='grc' dir='ltr'>φιλίας</span> <span class='ocrx_word' id='word_1_58' title='bbox 1245 959 1439 1023; x_wconf 88' lang='grc' dir='ltr'>ποιῶν,</span> <span class='ocrx_word' id='word_1_59' title='bbox 1487 959 1644 1012; x_wconf 83' lang='grc' dir='ltr'>τοῦτο</span> <span class='ocrx_word' id='word_1_60' title='bbox 1703 958 1952 1028; x_wconf 88' lang='grc' dir='ltr'>ἐνομοθέ-</span> 
     </span>
    </p>
   </div>
   <div class='ocr_carea' id='block_1_10' title="bbox 356 1039 1949 1112">
    <p class='ocr_par' dir='ltr' id='par_1_10' title="bbox 356 1039 1949 1112">
     <span class='ocr_line' id='line_1_10' title="bbox 356 1039 1949 1112; baseline 0.002 -20"><span class='ocrx_word' id='word_1_61' title='bbox 356 1056 544 1108; x_wconf 83' lang='grc' dir='ltr'>τησεν.</span> <span class='ocrx_word' id='word_1_62' title='bbox 587 1041 748 1094; x_wconf 83' lang='grc' dir='ltr'>Ἀλλά</span> <span class='ocrx_word' id='word_1_63' title='bbox 792 1042 854 1094; x_wconf 84' lang='grc' dir='ltr'>τὸ</span> <span class='ocrx_word' id='word_1_64' title='bbox 903 1039 1236 1112; x_wconf 82' lang='grc' dir='ltr'>ζητούμενον</span> <span class='ocrx_word' id='word_1_65' title='bbox 1289 1043 1464 1096; x_wconf 86' lang='grc' dir='ltr'>ἐκεῖνό</span> <span class='ocrx_word' id='word_1_66' title='bbox 1514 1046 1650 1106; x_wconf 85' lang='grc' dir='ltr'>ἐστι,</span> <span class='ocrx_word' id='word_1_67' title='bbox 1685 1043 1823 1107; x_wconf 87' lang='grc' dir='ltr'>πῶς,</span> <span class='ocrx_word' id='word_1_68' title='bbox 1853 1041 1949 1095; x_wconf 79' lang='grc' dir='ltr'>τοῦ</span> 
     </span>
    </p>
   </div>
   <div class='ocr_carea' id='block_1_11' title="bbox 355 1122 1950 1196">
    <p class='ocr_par' dir='ltr' id='par_1_11' title="bbox 355 1122 1950 1196">
     <span class='ocr_line' id='line_1_11' title="bbox 355 1122 1950 1196; baseline 0.003 -20"><span class='ocrx_word' id='word_1_69' title='bbox 355 1124 600 1194; x_wconf 75' lang='grc' dir='ltr'>Χριστοῦ</span> <span class='ocrx_word' id='word_1_70' title='bbox 636 1126 924 1196; x_wconf 85' lang='grc' dir='ltr'>ἀμφότερα</span> <span class='ocrx_word' id='word_1_71' title='bbox 969 1125 1141 1179; x_wconf 81' lang='grc' dir='ltr'>ταῦτα</span> <span class='ocrx_word' id='word_1_72' title='bbox 1184 1126 1524 1196; x_wconf 82' lang='grc' dir='ltr'>τελειότητος</span> <span class='ocrx_word' id='word_1_73' title='bbox 1553 1122 1692 1180; x_wconf 78' lang='grc' dir='ltr'>εἶναι</span> <span class='ocrx_word' id='word_1_74' title='bbox 1739 1128 1950 1196; x_wconf 84' lang='grc' dir='ltr'>φήσαν-</span> 
     </span>
    </p>
   </div>
   <div class='ocr_carea' id='block_1_12' title="bbox 354 1203 1946 1280">
    <p class='ocr_par' dir='ltr' id='par_1_12' title="bbox 354 1203 1946 1280">
     <span class='ocr_line' id='line_1_12' title="bbox 354 1203 1946 1280; baseline 0.002 -20"><span class='ocrx_word' id='word_1_75' title='bbox 354 1225 472 1270; x_wconf 89' lang='grc' dir='ltr'>τος,</span> <span class='ocrx_word' id='word_1_76' title='bbox 515 1203 669 1271; x_wconf 79' lang='grc' dir='ltr'>οὗτος</span> <span class='ocrx_word' id='word_1_77' title='bbox 697 1210 866 1279; x_wconf 76' lang='grc' dir='ltr'>χωρὶς</span> <span class='ocrx_word' id='word_1_78' title='bbox 911 1209 1135 1280; x_wconf 79' lang='grc' dir='ltr'>ἀγάπης</span> <span class='ocrx_word' id='word_1_79' title='bbox 1168 1209 1332 1280; x_wconf 89' lang='grc' dir='ltr'>ἀτελῆ</span> <span class='ocrx_word' id='word_1_80' title='bbox 1365 1209 1540 1264; x_wconf 85' lang='grc' dir='ltr'>ταῦτα</span> <span class='ocrx_word' id='word_1_81' title='bbox 1580 1205 1718 1263; x_wconf 79' lang='grc' dir='ltr'>εἷναί</span> <span class='ocrx_word' id='word_1_82' title='bbox 1760 1227 1946 1280; x_wconf 87' lang='grc' dir='ltr'>φησιν.</span> 
     </span>
    </p>
   </div>
   <div class='ocr_carea' id='block_1_13' title="bbox 355 1290 1951 1364">
    <p class='ocr_par' dir='ltr' id='par_1_13' title="bbox 355 1290 1951 1364">
     <span class='ocr_line' id='line_1_13' title="bbox 355 1290 1951 1364; baseline 0.003 -22"><span class='ocrx_word' id='word_1_83' title='bbox 355 1290 475 1343; x_wconf 89' lang='grc' dir='ltr'>Οὐκ</span> <span class='ocrx_word' id='word_1_84' title='bbox 519 1290 1018 1361; x_wconf 85' lang='grc' dir='ltr'>ἀντιφθεγγόμενος</span> <span class='ocrx_word' id='word_1_85' title='bbox 1064 1291 1236 1363; x_wconf 84' lang='grc' dir='ltr'>αὐτῷ,</span> <span class='ocrx_word' id='word_1_86' title='bbox 1290 1292 1364 1364; x_wconf 82' lang='grc' dir='ltr'>μὴ</span> <span class='ocrx_word' id='word_1_87' title='bbox 1411 1293 1644 1361; x_wconf 86' lang='grc' dir='ltr'>γένοιτο,</span> <span class='ocrx_word' id='word_1_88' title='bbox 1675 1292 1812 1346; x_wconf 75' lang='grc' dir='ltr'>ἀλλὰ</span> <span class='ocrx_word' id='word_1_89' title='bbox 1856 1293 1951 1346; x_wconf 75' lang='grc' dir='ltr'>καὶ</span> 
     </span>
    </p>
   </div>
   <div class='ocr_carea' id='block_1_14' title="bbox 357 1369 1950 1448">
    <p class='ocr_par' dir='ltr' id='par_1_14' title="bbox 357 1369 1950 1448">
     <span class='ocr_line' id='line_1_14' title="bbox 357 1369 1950 1448; baseline 0.003 -24"><span class='ocrx_word' id='word_1_90' title='bbox 357 1372 569 1443; x_wconf 84' lang='grc' dir='ltr'>σφόδρα</span> <span class='ocrx_word' id='word_1_91' title='bbox 607 1369 754 1444; x_wconf 86' lang='grc' dir='ltr'>αὐτῷ</span> <span class='ocrx_word' id='word_1_92' title='bbox 796 1375 1057 1447; x_wconf 81' lang='grc' dir='ltr'>συνᾴδων.</span> <span class='ocrx_word' id='word_1_93' title='bbox 1091 1377 1202 1429; x_wconf 82' lang='lat' dir='ltr'>Kal</span> <span class='ocrx_word' id='word_1_94' title='bbox 1249 1376 1358 1448; x_wconf 83' lang='grc' dir='ltr'>γάρ</span> <span class='ocrx_word' id='word_1_95' title='bbox 1407 1377 1501 1430; x_wconf 78' lang='grc' dir='ltr'>ἐπὶ</span> <span class='ocrx_word' id='word_1_96' title='bbox 1557 1376 1648 1430; x_wconf 80' lang='grc' dir='ltr'>τοῦ</span> <span class='ocrx_word' id='word_1_97' title='bbox 1693 1377 1950 1430; x_wconf 76' lang='grc' dir='ltr'>πλουσίου</span> 
     </span>
    </p>
   </div>
   <div class='ocr_carea' id='block_1_15' title="bbox 354 1453 1948 1530">
    <p class='ocr_par' dir='ltr' id='par_1_15' title="bbox 354 1453 1948 1530">
     <span class='ocr_line' id='line_1_15' title="bbox 354 1453 1948 1530; baseline 0.003 -20"><span class='ocrx_word' id='word_1_98' title='bbox 354 1457 459 1526; x_wconf 89' lang='grc' dir='ltr'>οὐχ</span> <span class='ocrx_word' id='word_1_99' title='bbox 493 1457 678 1520; x_wconf 85' lang='grc' dir='ltr'>ἁπλῶς</span> <span class='ocrx_word' id='word_1_100' title='bbox 708 1453 850 1515; x_wconf 73' lang='grc' dir='ltr'>εἶπε.</span> <span class='ocrx_word' id='word_1_101' title='bbox 886 1457 1182 1526; x_wconf 84' lang='grc' dir='ltr'>Πώλησόν</span> <span class='ocrx_word' id='word_1_102' title='bbox 1206 1475 1325 1515; x_wconf 88' lang='grc' dir='ltr'>σου</span> <span class='ocrx_word' id='word_1_103' title='bbox 1353 1461 1425 1514; x_wconf 83' lang='grc' dir='ltr'>τὰ</span> <span class='ocrx_word' id='word_1_104' title='bbox 1451 1460 1824 1530; x_wconf 83' lang='grc' dir='ltr'>ὑπάρχοντα,</span> <span class='ocrx_word' id='word_1_105' title='bbox 1851 1460 1948 1514; x_wconf 75' lang='grc' dir='ltr'>καὶ</span> 
     </span>
    </p>
   </div>
   <div class='ocr_carea' id='block_1_16' title="bbox 356 1539 1950 1614">
    <p class='ocr_par' dir='ltr' id='par_1_16' title="bbox 356 1539 1950 1614">
     <span class='ocr_line' id='line_1_16' title="bbox 356 1539 1950 1614; baseline 0.002 -21"><span class='ocrx_word' id='word_1_106' title='bbox 356 1539 466 1605; x_wconf 77' lang='grc' dir='ltr'>δὸς</span> <span class='ocrx_word' id='word_1_107' title='bbox 502 1540 783 1608; x_wconf 75' lang='grc' dir='ltr'>πτωχοῖς,</span> <span class='ocrx_word' id='word_1_108' title='bbox 806 1541 922 1595; x_wconf 82' lang='grc' dir='ltr'>ἀλλ’</span> <span class='ocrx_word' id='word_1_109' title='bbox 953 1544 1224 1614; x_wconf 86' lang='grc' dir='ltr'>ἐπήγαγε,</span> <span class='ocrx_word' id='word_1_110' title='bbox 1266 1543 1376 1597; x_wconf 82' lang='grc' dir='ltr'>Καί</span> <span class='ocrx_word' id='word_1_111' title='bbox 1412 1543 1589 1611; x_wconf 85' lang='grc' dir='ltr'>δεῦρο</span> <span class='ocrx_word' id='word_1_112' title='bbox 1629 1545 1950 1598; x_wconf 83' lang='grc' dir='ltr'>ἀκολούθει</span> 
     </span>
    </p>
   </div>
   <div class='ocr_carea' id='block_1_17' title="bbox 354 1623 1950 1698">
    <p class='ocr_par' dir='ltr' id='par_1_17' title="bbox 354 1623 1950 1698">
     <span class='ocr_line' id='line_1_17' title="bbox 354 1623 1950 1698; baseline 0.004 -23"><span class='ocrx_word' id='word_1_113' title='bbox 354 1641 480 1692; x_wconf 85' lang='grc' dir='ltr'>μοι.</span> <span class='ocrx_word' id='word_1_114' title='bbox 523 1623 587 1676; x_wconf 80' lang='grc' dir='ltr'><strong>Ἦ</strong></span> <span class='ocrx_word' id='word_1_115' title='bbox 613 1623 670 1677; x_wconf 85' lang='grc' dir='ltr'>δέ</span> <span class='ocrx_word' id='word_1_116' title='bbox 701 1624 1058 1694; x_wconf 80' lang='grc' dir='ltr'>ἀκολούθησις</span> <span class='ocrx_word' id='word_1_117' title='bbox 1089 1625 1254 1680; x_wconf 88' lang='grc' dir='ltr'>αὑτοῦ</span> <span class='ocrx_word' id='word_1_118' title='bbox 1285 1625 1474 1680; x_wconf 78' lang='grc' dir='ltr'>οὐδένα</span> <span class='ocrx_word' id='word_1_119' title='bbox 1513 1625 1658 1680; x_wconf 87' lang='grc' dir='ltr'>οῦτω</span> <span class='ocrx_word' id='word_1_120' title='bbox 1702 1626 1950 1698; x_wconf 82' lang='grc' dir='ltr'>μαθητὴν</span> 
     </span>
    </p>
   </div>
   <div class='ocr_carea' id='block_1_18' title="bbox 358 1706 1946 1782">
    <p class='ocr_par' dir='ltr' id='par_1_18' title="bbox 358 1706 1946 1782">
     <span class='ocr_line' id='line_1_18' title="bbox 358 1706 1946 1782; baseline 0.004 -24"><span class='ocrx_word' id='word_1_121' title='bbox 358 1706 714 1760; x_wconf 84' lang='grc' dir='ltr'>ἀποδείκνυσι</span> <span class='ocrx_word' id='word_1_122' title='bbox 746 1706 840 1761; x_wconf 90' lang='grc' dir='ltr'>τοῦ</span> <span class='ocrx_word' id='word_1_123' title='bbox 879 1709 1140 1779; x_wconf 77' lang='grc' dir='ltr'>Χριστοῦ,</span> <span class='ocrx_word' id='word_1_124' title='bbox 1177 1710 1254 1775; x_wconf 83' lang='grc' dir='ltr'>ὡς</span> <span class='ocrx_word' id='word_1_125' title='bbox 1297 1709 1358 1763; x_wconf 81' lang='grc' dir='ltr'>τὸ</span> <span class='ocrx_word' id='word_1_126' title='bbox 1395 1709 1658 1782; x_wconf 78' lang='grc' dir='ltr'>ἀλλήλους</span> <span class='ocrx_word' id='word_1_127' title='bbox 1705 1713 1946 1782; x_wconf 83' lang='grc' dir='ltr'>ἀγαπᾷν.</span> 
     </span>
    </p>
   </div>
   <div class='ocr_carea' id='block_1_19' title="bbox 371 1791 1953 1866">
    <p class='ocr_par' dir='ltr' id='par_1_19' title="bbox 371 1791 1953 1866">
     <span class='ocr_line' id='line_1_19' title="bbox 371 1791 1953 1866; baseline 0.004 -23"><span class='ocrx_word' id='word_1_128' title='bbox 371 1791 479 1844; x_wconf 77' lang='grc' dir='ltr'>Ἐν</span> <span class='ocrx_word' id='word_1_129' title='bbox 507 1792 616 1860; x_wconf 78' lang='grc' dir='ltr'>γάρ</span> <span class='ocrx_word' id='word_1_130' title='bbox 641 1793 831 1856; x_wconf 88' lang='grc' dir='ltr'>τούτῳ</span> <span class='ocrx_word' id='word_1_131' title='bbox 861 1792 1196 1862; x_wconf 74' lang='grc' dir='ltr'>γνώσονται</span> <span class='ocrx_word' id='word_1_132' title='bbox 1222 1793 1464 1859; x_wconf 83' lang='grc' dir='ltr'>πάντες,</span> <span class='ocrx_word' id='word_1_133' title='bbox 1503 1797 1688 1866; x_wconf 68' lang='grc' dir='ltr'>φησὶν,</span> <span class='ocrx_word' id='word_1_134' title='bbox 1725 1795 1814 1849; x_wconf 85' lang='grc' dir='ltr'>ὅτι</span> <span class='ocrx_word' id='word_1_135' title='bbox 1837 1813 1953 1865; x_wconf 83' lang='grc' dir='ltr'>μα-</span> 
     </span>
    </p>
   </div>
   <div class='ocr_carea' id='block_1_20' title="bbox 357 1876 1950 1947">
    <p class='ocr_par' dir='ltr' id='par_1_20' title="bbox 357 1876 1950 1947">
     <span class='ocr_line' id='line_1_20' title="bbox 357 1876 1950 1947; baseline 0.002 -17"><span class='ocrx_word' id='word_1_136' title='bbox 357 1876 538 1943; x_wconf 80' lang='grc' dir='ltr'>θηταί</span> <span class='ocrx_word' id='word_1_137' title='bbox 554 1878 675 1945; x_wconf 89' lang='grc' dir='ltr'>μού</span> <span class='ocrx_word' id='word_1_138' title='bbox 697 1876 858 1940; x_wconf 84' lang='grc' dir='ltr'>ἐστε,</span> <span class='ocrx_word' id='word_1_139' title='bbox 888 1878 998 1931; x_wconf 85' lang='grc' dir='ltr'>ἐὰν</span> <span class='ocrx_word' id='word_1_140' title='bbox 1029 1877 1296 1947; x_wconf 79' lang='grc' dir='ltr'>ἀγαπᾶτε</span> <span class='ocrx_word' id='word_1_141' title='bbox 1326 1878 1658 1947; x_wconf 80' lang='grc' dir='ltr'>ἀλλήλους.</span> <span class='ocrx_word' id='word_1_142' title='bbox 1684 1881 1794 1933; x_wconf 85' lang='lat' dir='ltr'>Kal</span> <span class='ocrx_word' id='word_1_143' title='bbox 1821 1881 1950 1934; x_wconf 84' lang='grc' dir='ltr'>ὅταν</span> 
     </span>
    </p>
   </div>
   <div class='ocr_carea' id='block_1_21' title="bbox 355 1959 1950 2032">
    <p class='ocr_par' dir='ltr' id='par_1_21' title="bbox 355 1959 1950 2032">
     <span class='ocr_line' id='line_1_21' title="bbox 355 1959 1950 2032; baseline 0.004 -20"><span class='ocrx_word' id='word_1_144' title='bbox 355 1959 419 2012; x_wconf 81' lang='grc' dir='ltr'>δὲ</span> <span class='ocrx_word' id='word_1_145' title='bbox 449 1959 605 2030; x_wconf 89' lang='grc' dir='ltr'>λέγῃ,</span> <span class='ocrx_word' id='word_1_146' title='bbox 634 1962 740 2026; x_wconf 89' lang='grc' dir='ltr'>Ὃς</span> <span class='ocrx_word' id='word_1_147' title='bbox 774 1960 851 2014; x_wconf 79' lang='grc' dir='ltr'>ἂν</span> <span class='ocrx_word' id='word_1_148' title='bbox 883 1961 1164 2030; x_wconf 79' lang='grc' dir='ltr'>ἀπολέσῃ</span> <span class='ocrx_word' id='word_1_149' title='bbox 1197 1962 1312 2031; x_wconf 81' lang='grc' dir='ltr'>τὴν</span> <span class='ocrx_word' id='word_1_150' title='bbox 1347 1963 1566 2032; x_wconf 74' lang='grc' dir='ltr'>ψυχὴν</span> <span class='ocrx_word' id='word_1_151' title='bbox 1595 1964 1782 2018; x_wconf 88' lang='grc' dir='ltr'>αὑτοῦ</span> <span class='ocrx_word' id='word_1_152' title='bbox 1825 1965 1950 2019; x_wconf 77' lang='grc' dir='ltr'>ἐνε-</span> 
     </span>
    </p>
   </div>
   <div class='ocr_carea' id='block_1_22' title="bbox 356 2043 1947 2118">
    <p class='ocr_par' dir='ltr' id='par_1_22' title="bbox 356 2043 1947 2118">
     <span class='ocr_line' id='line_1_22' title="bbox 356 2043 1947 2118; baseline 0.004 -22"><span class='ocrx_word' id='word_1_153' title='bbox 356 2060 466 2097; x_wconf 80' lang='grc' dir='ltr'>κεν</span> <span class='ocrx_word' id='word_1_154' title='bbox 491 2043 659 2114; x_wconf 85' lang='grc' dir='ltr'>ἐμοῦ,</span> <span class='ocrx_word' id='word_1_155' title='bbox 687 2045 932 2112; x_wconf 76' lang='grc' dir='ltr'>εὑρήσει</span> <span class='ocrx_word' id='word_1_156' title='bbox 965 2047 1180 2113; x_wconf 82' lang='grc' dir='ltr'>αὐτήν·</span> <span class='ocrx_word' id='word_1_157' title='bbox 1222 2048 1333 2114; x_wconf 73' lang='grc' dir='ltr'>καὶ,</span> <span class='ocrx_word' id='word_1_158' title='bbox 1368 2050 1472 2112; x_wconf 83' lang='grc' dir='ltr'>’ος</span> <span class='ocrx_word' id='word_1_159' title='bbox 1499 2047 1574 2101; x_wconf 86' lang='grc' dir='ltr'>ἂν</span> <span class='ocrx_word' id='word_1_160' title='bbox 1595 2049 1947 2118; x_wconf 74' lang='grc' dir='ltr'>ὁμολογήσῃ</span> 
     </span>
    </p>
   </div>
   <div class='ocr_carea' id='block_1_23' title="bbox 349 2127 1949 2202">
    <p class='ocr_par' dir='ltr' id='par_1_23' title="bbox 349 2127 1949 2202">
     <span class='ocr_line' id='line_1_23' title="bbox 349 2127 1949 2202; baseline 0.004 -22"><span class='ocrx_word' id='word_1_161' title='bbox 349 2144 432 2196; x_wconf 86' lang='grc' dir='ltr'>με</span> <span class='ocrx_word' id='word_1_162' title='bbox 464 2127 806 2196; x_wconf 80' lang='grc' dir='ltr'>ἔμπροσθεν</span> <span class='ocrx_word' id='word_1_163' title='bbox 841 2127 963 2183; x_wconf 83' lang='grc' dir='ltr'>τῶν</span> <span class='ocrx_word' id='word_1_164' title='bbox 995 2128 1340 2196; x_wconf 81' lang='grc' dir='ltr'>ἀνθρώπων,</span> <span class='ocrx_word' id='word_1_165' title='bbox 1385 2132 1740 2200; x_wconf 79' lang='grc' dir='ltr'>ὁμολογήσω</span> <span class='ocrx_word' id='word_1_166' title='bbox 1786 2133 1949 2202; x_wconf 67' lang='grc' dir='ltr'>κάγὼ</span> 
     </span>
    </p>
   </div>
   <div class='ocr_carea' id='block_1_24' title="bbox 354 2210 1949 2282">
    <p class='ocr_par' dir='ltr' id='par_1_24' title="bbox 354 2210 1949 2282">
     <span class='ocr_line' id='line_1_24' title="bbox 354 2210 1949 2282; baseline 0.004 -19"><span class='ocrx_word' id='word_1_167' title='bbox 354 2210 550 2264; x_wconf 81' lang='grc' dir='ltr'>αὐτὸν</span> <span class='ocrx_word' id='word_1_168' title='bbox 580 2213 924 2280; x_wconf 81' lang='grc' dir='ltr'>ἔμπροσθεν</span> <span class='ocrx_word' id='word_1_169' title='bbox 943 2212 1050 2266; x_wconf 87' lang='grc' dir='ltr'>τοῦ</span> <span class='ocrx_word' id='word_1_170' title='bbox 1071 2214 1304 2281; x_wconf 84' lang='grc' dir='ltr'>Πατρός</span> <span class='ocrx_word' id='word_1_171' title='bbox 1323 2232 1444 2282; x_wconf 84' lang='grc' dir='ltr'>μου</span> <span class='ocrx_word' id='word_1_172' title='bbox 1474 2213 1580 2268; x_wconf 86' lang='grc' dir='ltr'>τοῦ</span> <span class='ocrx_word' id='word_1_173' title='bbox 1601 2214 1672 2267; x_wconf 82' lang='grc' dir='ltr'>ἐν</span> <span class='ocrx_word' id='word_1_174' title='bbox 1699 2215 1822 2282; x_wconf 80' lang='grc' dir='ltr'>τοῖς</span> <span class='ocrx_word' id='word_1_175' title='bbox 1849 2218 1949 2270; x_wconf 83' lang='grc' dir='ltr'>οὐ·</span> 
     </span>
    </p>
   </div>
   <div class='ocr_carea' id='block_1_25' title="bbox 347 2295 1949 2368">
    <p class='ocr_par' dir='ltr' id='par_1_25' title="bbox 347 2295 1949 2368">
     <span class='ocr_line' id='line_1_25' title="bbox 347 2295 1949 2368; baseline 0.002 -16"><span class='ocrx_word' id='word_1_176' title='bbox 347 2295 571 2364; x_wconf 81' lang='grc' dir='ltr'>ρανοῖς</span> <span class='ocrx_word' id='word_1_177' title='bbox 595 2313 608 2326; x_wconf 93' lang='grc'>·</span> <span class='ocrx_word' id='word_1_178' title='bbox 631 2296 692 2348; x_wconf 87' lang='grc' dir='ltr'>οὐ</span> <span class='ocrx_word' id='word_1_179' title='bbox 717 2295 876 2350; x_wconf 84' lang='grc' dir='ltr'>τοῦτό</span> <span class='ocrx_word' id='word_1_180' title='bbox 905 2314 1092 2367; x_wconf 88' lang='grc' dir='ltr'>φησιν,</span> <span class='ocrx_word' id='word_1_181' title='bbox 1111 2298 1194 2350; x_wconf 81' lang='grc' dir='ltr'>ὅτι</span> <span class='ocrx_word' id='word_1_182' title='bbox 1223 2297 1282 2350; x_wconf 86' lang='grc' dir='ltr'>οὐ</span> <span class='ocrx_word' id='word_1_183' title='bbox 1323 2297 1390 2350; x_wconf 83' lang='grc' dir='ltr'>δι’</span> <span class='ocrx_word' id='word_1_184' title='bbox 1415 2298 1660 2368; x_wconf 80' lang='grc' dir='ltr'>ἀγάπην,</span> <span class='ocrx_word' id='word_1_185' title='bbox 1693 2299 1828 2354; x_wconf 85' lang='grc' dir='ltr'>ἀλλά</span> <span class='ocrx_word' id='word_1_186' title='bbox 1857 2301 1949 2355; x_wconf 86' lang='grc' dir='ltr'>τὺν</span> 
     </span>
    </p>
   </div>
   <div class='ocr_carea' id='block_1_26' title="bbox 357 2379 1944 2454">
    <p class='ocr_par' dir='ltr' id='par_1_26' title="bbox 357 2379 1944 2454">
     <span class='ocr_line' id='line_1_26' title="bbox 357 2379 1944 2454; baseline 0.003 -21"><span class='ocrx_word' id='word_1_187' title='bbox 357 2379 556 2451; x_wconf 85' lang='grc' dir='ltr'>μισθὸν</span> <span class='ocrx_word' id='word_1_188' title='bbox 599 2380 692 2434; x_wconf 81' lang='grc' dir='ltr'>τὸν</span> <span class='ocrx_word' id='word_1_189' title='bbox 729 2381 1099 2452; x_wconf 79' lang='grc' dir='ltr'>ἀποκείμενον</span> <span class='ocrx_word' id='word_1_190' title='bbox 1149 2383 1262 2445; x_wconf 84' lang='grc' dir='ltr'>τοῖς</span> <span class='ocrx_word' id='word_1_191' title='bbox 1301 2382 1484 2446; x_wconf 85' lang='grc' dir='ltr'>πόνοις</span> <span class='ocrx_word' id='word_1_192' title='bbox 1528 2383 1740 2448; x_wconf 80' lang='grc' dir='ltr'>τούτοις</span> <span class='ocrx_word' id='word_1_193' title='bbox 1776 2385 1944 2454; x_wconf 86' lang='grc' dir='ltr'>δηλοῖ·</span> 
     </span>
    </p>
   </div>
   <div class='ocr_carea' id='block_1_27' title="bbox 353 2462 1946 2536">
    <p class='ocr_par' dir='ltr' id='par_1_27' title="bbox 353 2462 1946 2536">
     <span class='ocr_line' id='line_1_27' title="bbox 353 2462 1946 2536; baseline 0.004 -21"><span class='ocrx_word' id='word_1_194' title='bbox 353 2463 486 2515; x_wconf 85' lang='grc' dir='ltr'>ἐπεί</span> <span class='ocrx_word' id='word_1_195' title='bbox 518 2463 599 2517; x_wconf 82' lang='grc' dir='ltr'>ὅτι</span> <span class='ocrx_word' id='word_1_196' title='bbox 631 2463 769 2533; x_wconf 85' lang='grc' dir='ltr'>μετά</span> <span class='ocrx_word' id='word_1_197' title='bbox 801 2462 894 2516; x_wconf 92' lang='grc' dir='ltr'>τοῦ</span> <span class='ocrx_word' id='word_1_198' title='bbox 928 2464 1232 2535; x_wconf 82' lang='grc' dir='ltr'>μαρτυρίου</span> <span class='ocrx_word' id='word_1_199' title='bbox 1264 2466 1359 2518; x_wconf 81' lang='grc' dir='ltr'>καὶ</span> <span class='ocrx_word' id='word_1_200' title='bbox 1383 2465 1542 2518; x_wconf 88' lang='grc' dir='ltr'>τοῦτο</span> <span class='ocrx_word' id='word_1_201' title='bbox 1581 2466 1754 2536; x_wconf 79' lang='grc' dir='ltr'>ζητεῖ,</span> <span class='ocrx_word' id='word_1_202' title='bbox 1783 2467 1946 2522; x_wconf 87' lang='grc' dir='ltr'>ἀλλα-</span> 
     </span>
    </p>
   </div>
   <div class='ocr_carea' id='block_1_28' title="bbox 353 2545 1948 2620">
    <p class='ocr_par' dir='ltr' id='par_1_28' title="bbox 353 2545 1948 2620">
     <span class='ocr_line' id='line_1_28' title="bbox 353 2545 1948 2620; baseline 0.004 -22"><span class='ocrx_word' id='word_1_203' title='bbox 353 2545 459 2617; x_wconf 80' lang='grc' dir='ltr'>χοῦ</span> <span class='ocrx_word' id='word_1_204' title='bbox 493 2547 698 2617; x_wconf 85' lang='grc' dir='ltr'>σφόδρα</span> <span class='ocrx_word' id='word_1_205' title='bbox 721 2546 853 2600; x_wconf 83' lang='grc' dir='ltr'>αὐτὸ</span> <span class='ocrx_word' id='word_1_206' title='bbox 877 2547 1117 2618; x_wconf 73' lang='grc' dir='ltr'>ᾐνίξατο,</span> <span class='ocrx_word' id='word_1_207' title='bbox 1148 2547 1320 2612; x_wconf 78' lang='grc' dir='ltr'>οὕτως</span> <span class='ocrx_word' id='word_1_208' title='bbox 1347 2549 1536 2603; x_wconf 88' lang='grc' dir='ltr'>είπών·</span> <span class='ocrx_word' id='word_1_209' title='bbox 1575 2551 1644 2605; x_wconf 80' lang='grc' dir='ltr'><em>Τὸ</em></span> <span class='ocrx_word' id='word_1_210' title='bbox 1679 2552 1798 2620; x_wconf 85' lang='grc' dir='ltr'>μὲν</span> <span class='ocrx_word' id='word_1_211' title='bbox 1837 2570 1948 2605; x_wconf 86' lang='grc' dir='ltr'>πο-</span> 
     </span>
    </p>
   </div>
   <div class='ocr_carea' id='block_1_29' title="bbox 354 2627 1948 2704">
    <p class='ocr_par' dir='ltr' id='par_1_29' title="bbox 354 2627 1948 2704">
     <span class='ocr_line' id='line_1_29' title="bbox 354 2627 1948 2704; baseline 0.005 -23"><span class='ocrx_word' id='word_1_212' title='bbox 354 2627 569 2697; x_wconf 78' lang='grc' dir='ltr'>τήριόν</span> <span class='ocrx_word' id='word_1_213' title='bbox 593 2647 714 2697; x_wconf 87' lang='grc' dir='ltr'>μου</span> <span class='ocrx_word' id='word_1_214' title='bbox 749 2631 980 2694; x_wconf 80' lang='grc' dir='ltr'>πίεσθε,</span> <span class='ocrx_word' id='word_1_215' title='bbox 1020 2631 1118 2684; x_wconf 76' lang='grc' dir='ltr'>καὶ</span> <span class='ocrx_word' id='word_1_216' title='bbox 1159 2631 1226 2684; x_wconf 83' lang='grc' dir='ltr'>τὸ</span> <span class='ocrx_word' id='word_1_217' title='bbox 1255 2631 1595 2702; x_wconf 81' lang='grc' dir='ltr'>βάπτισμα,</span> <span class='ocrx_word' id='word_1_218' title='bbox 1624 2634 1655 2688; x_wconf 87' lang='grc' dir='ltr'><strong><em>ὃ</em></strong></span> <span class='ocrx_word' id='word_1_219' title='bbox 1692 2635 1806 2704; x_wconf 75' lang='grc' dir='ltr'>ἐγὼ</span> <span class='ocrx_word' id='word_1_220' title='bbox 1831 2636 1948 2700; x_wconf 81' lang='grc' dir='ltr'>,βα-</span> 
     </span>
    </p>
   </div>
   <div class='ocr_carea' id='block_1_30' title="bbox 353 2711 1945 2790">
    <p class='ocr_par' dir='ltr' id='par_1_30' title="bbox 353 2711 1945 2790">
     <span class='ocr_line' id='line_1_30' title="bbox 353 2711 1945 2790; baseline 0.005 -24"><span class='ocrx_word' id='word_1_221' title='bbox 353 2711 652 2781; x_wconf 77' lang='grc' dir='ltr'>πτίζομαι.</span> <span class='ocrx_word' id='word_1_222' title='bbox 683 2713 1206 2781; x_wconf 73' lang='grc' dir='ltr'>βαπτισθήσεσθε·</span> <span class='ocrx_word' id='word_1_223' title='bbox 1237 2716 1503 2779; x_wconf 80' lang='grc' dir='ltr'>τουτέστι,</span> <span class='ocrx_word' id='word_1_224' title='bbox 1530 2719 1945 2790; x_wconf 82' lang='grc' dir='ltr'>Μαρτυρήσετε,</span> 
     </span>
    </p>
   </div>
   <div class='ocr_carea' id='block_1_31' title="bbox 357 2796 1951 2868">
    <p class='ocr_par' dir='ltr' id='par_1_31' title="bbox 357 2796 1951 2868">
     <span class='ocr_line' id='line_1_31' title="bbox 357 2796 1951 2868; baseline 0.006 -20"><span class='ocrx_word' id='word_1_225' title='bbox 357 2796 708 2867; x_wconf 83' lang='grc' dir='ltr'>σφαγήσεσθε</span> <span class='ocrx_word' id='word_1_226' title='bbox 747 2798 888 2868; x_wconf 84' lang='grc' dir='ltr'>ὑπὲρ</span> <span class='ocrx_word' id='word_1_227' title='bbox 930 2797 1088 2868; x_wconf 85' lang='grc' dir='ltr'>ἐμοῦ·</span> <span class='ocrx_word' id='word_1_228' title='bbox 1125 2799 1193 2853; x_wconf 87' lang='grc' dir='ltr'>τὸ</span> <span class='ocrx_word' id='word_1_229' title='bbox 1236 2799 1304 2852; x_wconf 83' lang='grc' dir='ltr'>δὲ</span> <span class='ocrx_word' id='word_1_230' title='bbox 1331 2801 1576 2855; x_wconf 79' lang='grc' dir='ltr'>καθίσαι</span> <span class='ocrx_word' id='word_1_231' title='bbox 1621 2803 1689 2856; x_wconf 81' lang='grc' dir='ltr'>ἐκ</span> <span class='ocrx_word' id='word_1_232' title='bbox 1734 2803 1951 2868; x_wconf 78' lang='grc' dir='ltr'>δεξιῶν</span> 
     </span>
    </p>
   </div>
   <div class='ocr_carea' id='block_1_32' title="bbox 356 2879 1950 2953">
    <p class='ocr_par' dir='ltr' id='par_1_32' title="bbox 356 2879 1950 2953">
     <span class='ocr_line' id='line_1_32' title="bbox 356 2879 1950 2953; baseline 0.006 -21"><span class='ocrx_word' id='word_1_233' title='bbox 356 2880 460 2934; x_wconf 75' lang='grc' dir='ltr'>καὶ</span> <span class='ocrx_word' id='word_1_234' title='bbox 501 2879 569 2944; x_wconf 82' lang='grc' dir='ltr'>ἐξ</span> <span class='ocrx_word' id='word_1_235' title='bbox 598 2881 940 2948; x_wconf 78' lang='grc' dir='ltr'>εὐωνύμων,</span> <span class='ocrx_word' id='word_1_236' title='bbox 970 2882 1070 2952; x_wconf 91' lang='grc' dir='ltr'>οὐχ</span> <span class='ocrx_word' id='word_1_237' title='bbox 1102 2880 1176 2943; x_wconf 74' lang='grc' dir='ltr'>ὥς</span> <span class='ocrx_word' id='word_1_238' title='bbox 1202 2899 1366 2934; x_wconf 88' lang='grc' dir='ltr'>τινων</span> <span class='ocrx_word' id='word_1_239' title='bbox 1395 2883 1728 2953; x_wconf 77' lang='grc' dir='ltr'>καθημένων</span> <span class='ocrx_word' id='word_1_240' title='bbox 1771 2888 1836 2941; x_wconf 89' lang='grc' dir='ltr'>ἐκ</span> <span class='ocrx_word' id='word_1_241' title='bbox 1863 2887 1950 2941; x_wconf 85' lang='grc' dir='ltr'>δε-</span> 
     </span>
    </p>
   </div>
   <div class='ocr_carea' id='block_1_33' title="bbox 357 2962 1950 3040">
    <p class='ocr_par' dir='ltr' id='par_1_33' title="bbox 357 2962 1950 3040">
     <span class='ocr_line' id='line_1_33' title="bbox 357 2962 1950 3040; baseline 0.006 -24"><span class='ocrx_word' id='word_1_242' title='bbox 357 2962 492 3029; x_wconf 66' lang='grc' dir='ltr'>ξιιῖδν</span> <span class='ocrx_word' id='word_1_243' title='bbox 540 2965 632 3016; x_wconf 79' lang='grc' dir='ltr'>καὶ</span> <span class='ocrx_word' id='word_1_244' title='bbox 683 2963 742 3028; x_wconf 85' lang='grc' dir='ltr'>ἐξ</span> <span class='ocrx_word' id='word_1_245' title='bbox 795 2964 1112 3034; x_wconf 85' lang='grc' dir='ltr'>εὐωνύμων,</span> <span class='ocrx_word' id='word_1_246' title='bbox 1145 2965 1280 3018; x_wconf 83' lang='grc' dir='ltr'>ἀλλά</span> <span class='ocrx_word' id='word_1_247' title='bbox 1325 2969 1425 3037; x_wconf 78' lang='grc' dir='ltr'>τὴν</span> <span class='ocrx_word' id='word_1_248' title='bbox 1466 2968 1730 3022; x_wconf 87' lang='grc' dir='ltr'>ἀνωτάτω</span> <span class='ocrx_word' id='word_1_249' title='bbox 1775 2969 1950 3040; x_wconf 80' lang='grc' dir='ltr'>λέγων</span> 
     </span>
    </p>
   </div>
   <div class='ocr_carea' id='block_1_34' title="bbox 358 3045 1946 3120">
    <p class='ocr_par' dir='ltr' id='par_1_34' title="bbox 358 3045 1946 3120">
     <span class='ocr_line' id='line_1_34' title="bbox 358 3045 1946 3120; baseline 0.008 -24"><span class='ocrx_word' id='word_1_250' title='bbox 358 3045 655 3116; x_wconf 85' lang='grc' dir='ltr'>προεδρίαν</span> <span class='ocrx_word' id='word_1_251' title='bbox 706 3063 766 3098; x_wconf 90' lang='grc' dir='ltr'>τε</span> <span class='ocrx_word' id='word_1_252' title='bbox 822 3047 917 3100; x_wconf 78' lang='grc' dir='ltr'>καὶ</span> <span class='ocrx_word' id='word_1_253' title='bbox 943 3047 1132 3118; x_wconf 82' lang='grc' dir='ltr'>τιμὴν,</span> <span class='ocrx_word' id='word_1_254' title='bbox 1158 3051 1270 3103; x_wconf 82' lang='grc' dir='ltr'>οὐκ</span> <span class='ocrx_word' id='word_1_255' title='bbox 1316 3050 1489 3104; x_wconf 80' lang='grc' dir='ltr'>ἐστιν</span> <span class='ocrx_word' id='word_1_256' title='bbox 1531 3050 1680 3120; x_wconf 81' lang='grc' dir='ltr'>ἐμὸν</span> <span class='ocrx_word' id='word_1_257' title='bbox 1712 3053 1946 3118; x_wconf 80' lang='grc' dir='ltr'>δοῦναι,</span> 
     </span>
    </p>
   </div>
   <div class='ocr_carea' id='block_1_35' title="bbox 359 3124 1949 3200">
    <p class='ocr_par' dir='ltr' id='par_1_35' title="bbox 359 3124 1949 3200">
     <span class='ocr_line' id='line_1_35' title="bbox 359 3124 1949 3200; baseline 0.007 -21"><span class='ocrx_word' id='word_1_258' title='bbox 359 3128 551 3199; x_wconf 66' lang='grc' dir='ltr'>φησιν,</span> <span class='ocrx_word' id='word_1_259' title='bbox 605 3129 743 3182; x_wconf 78' lang='grc' dir='ltr'>ἀλλ’</span> <span class='ocrx_word' id='word_1_260' title='bbox 782 3124 872 3195; x_wconf 80' lang='grc' dir='ltr'>οἷς</span> <span class='ocrx_word' id='word_1_261' title='bbox 923 3131 1300 3200; x_wconf 76' lang='grc' dir='ltr'>ἡτοίμασται.</span> <span class='ocrx_word' id='word_1_262' title='bbox 1358 3128 1491 3187; x_wconf 78' lang='grc' dir='ltr'>Εἶτα</span> <span class='ocrx_word' id='word_1_263' title='bbox 1545 3135 1762 3200; x_wconf 79' lang='grc' dir='ltr'>δεικνὺς</span> <span class='ocrx_word' id='word_1_264' title='bbox 1807 3137 1949 3190; x_wconf 91' lang='grc' dir='ltr'>τίσιν</span> 
     </span>
    </p>
   </div>
   <div class='ocr_carea' id='block_1_36' title="bbox 359 3212 1947 3288">
    <p class='ocr_par' dir='ltr' id='par_1_36' title="bbox 359 3212 1947 3288">
     <span class='ocr_line' id='line_1_36' title="bbox 359 3212 1947 3288; baseline 0.006 -25"><span class='ocrx_word' id='word_1_265' title='bbox 359 3212 713 3280; x_wconf 81' lang='grc' dir='ltr'>ἡτοίμασται.</span> <span class='ocrx_word' id='word_1_266' title='bbox 761 3212 995 3278; x_wconf 84' lang='grc' dir='ltr'>καλέσας</span> <span class='ocrx_word' id='word_1_267' title='bbox 1043 3215 1261 3280; x_wconf 82' lang='grc' dir='ltr'>αὐτοὺς,</span> <span class='ocrx_word' id='word_1_268' title='bbox 1303 3217 1488 3286; x_wconf 85' lang='grc' dir='ltr'>φησίν·</span> <span class='ocrx_word' id='word_1_269' title='bbox 1530 3219 1634 3284; x_wconf 86' lang='grc' dir='ltr'>⁸ος</span> <span class='ocrx_word' id='word_1_270' title='bbox 1665 3219 1776 3272; x_wconf 80' lang='grc' dir='ltr'>ἐὰν</span> <span class='ocrx_word' id='word_1_271' title='bbox 1801 3218 1947 3288; x_wconf 73' lang='grc' dir='ltr'>θέλῃ</span> 
     </span>
    </p>
   </div>
   <div class='ocr_carea' id='block_1_37' title="bbox 358 3291 1949 3371">
    <p class='ocr_par' dir='ltr' id='par_1_37' title="bbox 358 3291 1949 3371">
     <span class='ocr_line' id='line_1_37' title="bbox 358 3291 1949 3371; baseline 0.005 -22"><span class='ocrx_word' id='word_1_272' title='bbox 358 3295 432 3349; x_wconf 77' lang='grc' dir='ltr'>ἐν</span> <span class='ocrx_word' id='word_1_273' title='bbox 455 3295 599 3366; x_wconf 81' lang='grc' dir='ltr'>ὑμῖν</span> <span class='ocrx_word' id='word_1_274' title='bbox 625 3291 778 3350; x_wconf 78' lang='grc' dir='ltr'>εἶναι</span> <span class='ocrx_word' id='word_1_275' title='bbox 814 3295 1062 3364; x_wconf 86' lang='grc' dir='ltr'>πρῶτος,</span> <span class='ocrx_word' id='word_1_276' title='bbox 1086 3299 1242 3352; x_wconf 73' lang='grc' dir='ltr'>ἔστω</span> <span class='ocrx_word' id='word_1_277' title='bbox 1270 3300 1514 3353; x_wconf 83' lang='grc' dir='ltr'>πάντων</span> <span class='ocrx_word' id='word_1_278' title='bbox 1551 3300 1718 3371; x_wconf 86' lang='grc' dir='ltr'>ὐμῶν</span> <span class='ocrx_word' id='word_1_279' title='bbox 1749 3302 1949 3357; x_wconf 82' lang='grc' dir='ltr'>διάκο-</span> 
     </span>
    </p>
   </div>
   <div class='ocr_carea' id='block_1_38' title="bbox 359 3379 1948 3452">
    <p class='ocr_par' dir='ltr' id='par_1_38' title="bbox 359 3379 1948 3452">
     <span class='ocr_line' id='line_1_38' title="bbox 359 3379 1948 3452; baseline 0.004 -20"><span class='ocrx_word' id='word_1_280' title='bbox 359 3394 500 3445; x_wconf 83' lang='grc' dir='ltr'>νος·</span> <span class='ocrx_word' id='word_1_281' title='bbox 524 3379 1027 3450; x_wconf 81' lang='grc' dir='ltr'>ταπεινοφροσύνην</span> <span class='ocrx_word' id='word_1_282' title='bbox 1069 3380 1244 3451; x_wconf 87' lang='grc' dir='ltr'>δηλῶν</span> <span class='ocrx_word' id='word_1_283' title='bbox 1282 3383 1375 3436; x_wconf 77' lang='grc' dir='ltr'>καὶ</span> <span class='ocrx_word' id='word_1_284' title='bbox 1414 3383 1656 3452; x_wconf 81' lang='grc' dir='ltr'>ἀγάπην.</span> <span class='ocrx_word' id='word_1_285' title='bbox 1701 3385 1948 3452; x_wconf 78' lang='grc' dir='ltr'>Ἀγάπην</span> 
     </span>
    </p>
   </div>
   <div class='ocr_carea' id='block_1_39' title="bbox 368 3461 1946 3540">
    <p class='ocr_par' dir='ltr' id='par_1_39' title="bbox 368 3461 1946 3540">
     <span class='ocr_line' id='line_1_39' title="bbox 368 3461 1946 3540; baseline 0.003 -22"><span class='ocrx_word' id='word_1_286' title='bbox 368 3467 423 3518; x_wconf 73' lang='grc' dir='ltr'>δέ</span> <span class='ocrx_word' id='word_1_287' title='bbox 477 3461 876 3532; x_wconf 75' lang='grc' dir='ltr'>ἐπιτεταμένην</span> <span class='ocrx_word' id='word_1_288' title='bbox 923 3462 1161 3518; x_wconf 86' lang='grc' dir='ltr'>ἀπαιτεῖ.</span> <span class='ocrx_word' id='word_1_289' title='bbox 1199 3465 1296 3517; x_wconf 87' lang='grc' dir='ltr'>Διά</span> <span class='ocrx_word' id='word_1_290' title='bbox 1336 3464 1400 3536; x_wconf 82' lang='grc' dir='ltr'>δὴ</span> <span class='ocrx_word' id='word_1_291' title='bbox 1435 3466 1592 3519; x_wconf 85' lang='grc' dir='ltr'>τοῦτο</span> <span class='ocrx_word' id='word_1_292' title='bbox 1631 3467 1752 3521; x_wconf 85' lang='grc' dir='ltr'>οὐδὲ</span> <span class='ocrx_word' id='word_1_293' title='bbox 1787 3469 1946 3540; x_wconf 88' lang='grc' dir='ltr'>μέχρι</span> 
     </span>
    </p>
   </div>
   <div class='ocr_carea' id='block_1_40' title="bbox 255 3540 1947 3617">
    <p class='ocr_par' dir='ltr' id='par_1_40' title="bbox 255 3540 1947 3617">
     <span class='ocr_line' id='line_1_40' title="bbox 255 3540 1947 3617; baseline 0.008 -25"><span class='ocrx_word' id='word_1_294' title='bbox 255 3603 258 3610; x_wconf 29' lang='grc' dir='ltr'>ι</span> <span class='ocrx_word' id='word_1_295' title='bbox 359 3540 550 3594; x_wconf 85' lang='grc' dir='ltr'>τούτου</span> <span class='ocrx_word' id='word_1_296' title='bbox 608 3543 762 3615; x_wconf 82' lang='grc' dir='ltr'>ἐστη,</span> <span class='ocrx_word' id='word_1_297' title='bbox 807 3545 923 3599; x_wconf 82' lang='grc' dir='ltr'>ἀλλ’</span> <span class='ocrx_word' id='word_1_298' title='bbox 963 3546 1264 3616; x_wconf 83' lang='grc' dir='ltr'>ἐπήγαγεν·</span> <span class='ocrx_word' id='word_1_299' title='bbox 1309 3547 1535 3616; x_wconf 86' lang='grc' dir='ltr'>Ὥσπερ</span> <span class='ocrx_word' id='word_1_300' title='bbox 1590 3553 1624 3604; x_wconf 91' lang='grc' dir='ltr'>ό</span> <span class='ocrx_word' id='word_1_301' title='bbox 1672 3554 1803 3617; x_wconf 70' lang='grc' dir='ltr'>Υίίις</span> <span class='ocrx_word' id='word_1_302' title='bbox 1841 3553 1947 3606; x_wconf 88' lang='grc' dir='ltr'>τοῦ</span> 
     </span>
    </p>
   </div>
   <div class='ocr_carea' id='block_1_41' title="bbox 363 3623 1946 3700">
    <p class='ocr_par' dir='ltr' id='par_1_41' title="bbox 363 3623 1946 3700">
     <span class='ocr_line' id='line_1_41' title="bbox 363 3623 1946 3700; baseline 0.011 -27"><span class='ocrx_word' id='word_1_303' title='bbox 363 3623 678 3688; x_wconf 72' lang='grc' dir='ltr'>ἀνθρώπου</span> <span class='ocrx_word' id='word_1_304' title='bbox 719 3629 832 3682; x_wconf 82' lang='grc' dir='ltr'>οὐκ</span> <span class='ocrx_word' id='word_1_305' title='bbox 863 3625 1014 3699; x_wconf 83' lang='grc' dir='ltr'>ἦλθε</span> <span class='ocrx_word' id='word_1_306' title='bbox 1049 3629 1505 3700; x_wconf 83' lang='grc' dir='ltr'>διακονηθῆναι,</span> <span class='ocrx_word' id='word_1_307' title='bbox 1550 3635 1710 3688; x_wconf 79' lang='grc' dir='ltr'>ἀλλὰ</span> <span class='ocrx_word' id='word_1_308' title='bbox 1748 3635 1946 3690; x_wconf 82' lang='grc' dir='ltr'>διακο-</span> 
     </span>
    </p>
   </div>
   <div class='ocr_carea' id='block_1_42' title="bbox 362 3705 1946 3785">
    <p class='ocr_par' dir='ltr' id='par_1_42' title="bbox 362 3705 1946 3785">
     <span class='ocr_line' id='line_1_42' title="bbox 362 3705 1946 3785; baseline 0.011 -29"><span class='ocrx_word' id='word_1_309' title='bbox 362 3705 547 3771; x_wconf 83' lang='grc' dir='ltr'>νῆσαι</span> <span class='ocrx_word' id='word_1_310' title='bbox 581 3709 676 3761; x_wconf 75' lang='grc' dir='ltr'>καὶ</span> <span class='ocrx_word' id='word_1_311' title='bbox 715 3709 817 3761; x_wconf 72' lang='grc' dir='ltr'>δοῖ</span> <span class='ocrx_word' id='word_1_312' title='bbox 826 3726 925 3764; x_wconf 84' lang='grc' dir='ltr'>ναι</span> <span class='ocrx_word' id='word_1_313' title='bbox 958 3709 1073 3777; x_wconf 84' lang='grc' dir='ltr'>τὴν</span> <span class='ocrx_word' id='word_1_314' title='bbox 1100 3713 1314 3783; x_wconf 69' lang='grc' dir='ltr'>ψυχὴν</span> <span class='ocrx_word' id='word_1_315' title='bbox 1339 3716 1528 3770; x_wconf 78' lang='grc' dir='ltr'>αὐτοῦ</span> <span class='ocrx_word' id='word_1_316' title='bbox 1561 3719 1785 3785; x_wconf 82' lang='grc' dir='ltr'>λύτρον</span> <span class='ocrx_word' id='word_1_317' title='bbox 1812 3720 1946 3774; x_wconf 73' lang='grc' dir='ltr'>ἀντὶ</span> 
     </span>
    </p>
   </div>
   <div class='ocr_carea' id='block_1_43' title="bbox 361 3787 1946 3870">
    <p class='ocr_par' dir='ltr' id='par_1_43' title="bbox 361 3787 1946 3870">
     <span class='ocr_line' id='line_1_43' title="bbox 361 3787 1946 3870; baseline 0.01 -31"><span class='ocrx_word' id='word_1_318' title='bbox 361 3787 630 3842; x_wconf 80' lang='grc' dir='ltr'>πολλῶν·</span> <span class='ocrx_word' id='word_1_319' title='bbox 667 3791 881 3856; x_wconf 77' lang='grc' dir='ltr'>δεικνὺς</span> <span class='ocrx_word' id='word_1_320' title='bbox 912 3793 993 3846; x_wconf 84' lang='grc' dir='ltr'>ὅτι</span> <span class='ocrx_word' id='word_1_321' title='bbox 1025 3793 1170 3847; x_wconf 79' lang='grc' dir='ltr'>οὑτω</span> <span class='ocrx_word' id='word_1_322' title='bbox 1195 3797 1273 3848; x_wconf 85' lang='grc' dir='ltr'>δεῖ</span> <span class='ocrx_word' id='word_1_323' title='bbox 1299 3797 1498 3866; x_wconf 88' lang='grc' dir='ltr'>φιλεῖν,</span> <span class='ocrx_word' id='word_1_324' title='bbox 1537 3798 1613 3863; x_wconf 85' lang='grc' dir='ltr'>ὡς</span> <span class='ocrx_word' id='word_1_325' title='bbox 1649 3804 1742 3854; x_wconf 75' lang='grc' dir='ltr'>καὶ</span> <span class='ocrx_word' id='word_1_326' title='bbox 1777 3804 1946 3870; x_wconf 82' lang='grc' dir='ltr'>σφάτο</span> 
     </span>
    </p>
   </div>
   <div class='ocr_carea' id='block_1_44' title="bbox 361 3872 1945 3954">
    <p class='ocr_par' dir='ltr' id='par_1_44' title="bbox 361 3872 1945 3954">
     <span class='ocr_line' id='line_1_44' title="bbox 361 3872 1945 3954; baseline 0.007 -28"><span class='ocrx_word' id='word_1_327' title='bbox 361 3872 548 3927; x_wconf 77' lang='grc' dir='ltr'>τισθαι</span> <span class='ocrx_word' id='word_1_328' title='bbox 590 3875 731 3946; x_wconf 79' lang='grc' dir='ltr'>ὑπὲρ</span> <span class='ocrx_word' id='word_1_329' title='bbox 773 3875 882 3928; x_wconf 88' lang='grc' dir='ltr'>τῶν</span> <span class='ocrx_word' id='word_1_330' title='bbox 913 3877 1292 3946; x_wconf 72' lang='grc' dir='ltr'>ἀγαπωμένων</span> <span class='ocrx_word' id='word_1_331' title='bbox 1316 3897 1327 3910; x_wconf 86' lang='grc'>·</span> <span class='ocrx_word' id='word_1_332' title='bbox 1370 3881 1526 3934; x_wconf 78' lang='grc' dir='ltr'>τοῦτο</span> <span class='ocrx_word' id='word_1_333' title='bbox 1568 3882 1676 3952; x_wconf 84' lang='grc' dir='ltr'>γάρ</span> <span class='ocrx_word' id='word_1_334' title='bbox 1709 3885 1945 3954; x_wconf 87' lang='grc' dir='ltr'>μάλιστα</span> 
     </span>
    </p>
   </div>
   <div class='ocr_carea' id='block_1_45' title="bbox 361 3957 1945 4037">
    <p class='ocr_par' dir='ltr' id='par_1_45' title="bbox 361 3957 1945 4037">
     <span class='ocr_line' id='line_1_45' title="bbox 361 3957 1945 4037; baseline 0.008 -27"><span class='ocrx_word' id='word_1_335' title='bbox 361 3957 527 4011; x_wconf 89' lang='grc' dir='ltr'>αὐτόν</span> <span class='ocrx_word' id='word_1_336' title='bbox 556 3958 671 4011; x_wconf 88' lang='grc' dir='ltr'>ἐστι</span> <span class='ocrx_word' id='word_1_337' title='bbox 697 3958 889 4027; x_wconf 85' lang='grc' dir='ltr'>φιλεῖν.</span> <span class='ocrx_word' id='word_1_338' title='bbox 932 3960 1024 4012; x_wconf 76' lang='grc' dir='ltr'>Διὸ</span> <span class='ocrx_word' id='word_1_339' title='bbox 1059 3960 1154 4014; x_wconf 78' lang='grc' dir='ltr'>καὶ</span> <span class='ocrx_word' id='word_1_340' title='bbox 1190 3961 1268 4031; x_wconf 81' lang='grc' dir='ltr'>τῷ</span> <span class='ocrx_word' id='word_1_341' title='bbox 1299 3964 1488 4034; x_wconf 83' lang='grc' dir='ltr'>Πέτρῳ</span> <span class='ocrx_word' id='word_1_342' title='bbox 1528 3968 1712 4035; x_wconf 79' lang='grc' dir='ltr'>φησὶν,</span> <span class='ocrx_word' id='word_1_343' title='bbox 1749 3971 1820 4021; x_wconf 72' lang='lat' dir='ltr'><strong>El</strong></span> <span class='ocrx_word' id='word_1_344' title='bbox 1852 3986 1945 4037; x_wconf 67' lang='grc' dir='ltr'>φι-</span> 
     </span>
    </p>
   </div>
   <div class='ocr_carea' id='block_1_46' title="bbox 357 4039 1942 4122">
    <p class='ocr_par' dir='ltr' id='par_1_46' title="bbox 357 4039 1942 4122">
     <span class='ocr_line' id='line_1_46' title="bbox 357 4039 1942 4122; baseline 0.007 -28"><span class='ocrx_word' id='word_1_345' title='bbox 357 4039 494 4106; x_wconf 77' lang='grc' dir='ltr'>λεῖς</span> <span class='ocrx_word' id='word_1_346' title='bbox 514 4058 609 4109; x_wconf 87' lang='grc' dir='ltr'>με,</span> <span class='ocrx_word' id='word_1_347' title='bbox 632 4043 903 4111; x_wconf 85' lang='grc' dir='ltr'>ποίμαινε</span> <span class='ocrx_word' id='word_1_348' title='bbox 934 4043 1002 4098; x_wconf 85' lang='grc' dir='ltr'>τὰ</span> <span class='ocrx_word' id='word_1_349' title='bbox 1028 4045 1293 4113; x_wconf 77' lang='grc' dir='ltr'>πρόϐατά</span> <span class='ocrx_word' id='word_1_350' title='bbox 1313 4065 1454 4114; x_wconf 85' lang='grc' dir='ltr'>μου.</span> <span class='ocrx_word' id='word_1_351' title='bbox 1486 4049 1594 4100; x_wconf 82' lang='grc' dir='ltr'>Καὶ</span> <span class='ocrx_word' id='word_1_352' title='bbox 1617 4051 1703 4102; x_wconf 75' lang='grc' dir='ltr'>ἵνα</span> <span class='ocrx_word' id='word_1_353' title='bbox 1735 4051 1942 4122; x_wconf 80' lang='grc' dir='ltr'>μάθητε</span> 
     </span>
    </p>
   </div>
   <div class='ocr_carea' id='block_1_47' title="bbox 358 4123 1944 4206">
    <p class='ocr_par' dir='ltr' id='par_1_47' title="bbox 358 4123 1944 4206">
     <span class='ocr_line' id='line_1_47' title="bbox 358 4123 1944 4206; baseline 0.008 -31"><span class='ocrx_word' id='word_1_354' title='bbox 358 4123 490 4176; x_wconf 83' lang='grc' dir='ltr'>ὅσον</span> <span class='ocrx_word' id='word_1_355' title='bbox 549 4124 666 4176; x_wconf 62' lang='grc' dir='ltr'>ἐστὶ⁵</span> <span class='ocrx_word' id='word_1_356' title='bbox 711 4125 769 4178; x_wconf 77' lang='grc' dir='ltr'>τὸ</span> <span class='ocrx_word' id='word_1_357' title='bbox 801 4127 1149 4198; x_wconf 68' lang='grc' dir='ltr'>κατόρθωμα,</span> <span class='ocrx_word' id='word_1_358' title='bbox 1207 4129 1618 4201; x_wconf 69' lang='grc' dir='ltr'>ὑπογράψωμεν</span> <span class='ocrx_word' id='word_1_359' title='bbox 1655 4136 1826 4205; x_wconf 77' lang='grc' dir='ltr'>αὐτὴν</span> <span class='ocrx_word' id='word_1_360' title='bbox 1868 4135 1944 4206; x_wconf 85' lang='grc' dir='ltr'>τῷ</span> 
     </span>
    </p>
   </div>
   <div class='ocr_carea' id='block_1_48' title="bbox 357 4207 1940 4288">
    <p class='ocr_par' dir='ltr' id='par_1_48' title="bbox 357 4207 1940 4288">
     <span class='ocr_line' id='line_1_48' title="bbox 357 4207 1940 4288; baseline 0.007 -28"><span class='ocrx_word' id='word_1_361' title='bbox 357 4207 529 4279; x_wconf 86' lang='grc' dir='ltr'>λόγῳ,</span> <span class='ocrx_word' id='word_1_362' title='bbox 563 4208 743 4280; x_wconf 84' lang='grc' dir='ltr'>ἐπειδὴ</span> <span class='ocrx_word' id='word_1_363' title='bbox 777 4213 888 4274; x_wconf 86' lang='grc' dir='ltr'>τοῖς</span> <span class='ocrx_word' id='word_1_364' title='bbox 919 4212 1242 4282; x_wconf 83' lang='grc' dir='ltr'>πράγμασιν</span> <span class='ocrx_word' id='word_1_365' title='bbox 1270 4214 1440 4286; x_wconf 83' lang='grc' dir='ltr'>αὐτὴν</span> <span class='ocrx_word' id='word_1_366' title='bbox 1467 4216 1565 4286; x_wconf 83' lang='grc' dir='ltr'>οὐχ</span> <span class='ocrx_word' id='word_1_367' title='bbox 1591 4216 1807 4288; x_wconf 85' lang='grc' dir='ltr'>ὁρῶμέν</span> <span class='ocrx_word' id='word_1_368' title='bbox 1839 4235 1940 4270; x_wconf 86' lang='grc' dir='ltr'>που</span> 
     </span>
    </p>
   </div>
   <div class='ocr_carea' id='block_1_49' title="bbox 357 4293 1944 4372">
    <p class='ocr_par' dir='ltr' id='par_1_49' title="bbox 357 4293 1944 4372">
     <span class='ocr_line' id='line_1_49' title="bbox 357 4293 1944 4372; baseline 0.007 -27"><span class='ocrx_word' id='word_1_369' title='bbox 357 4293 719 4364; x_wconf 80' lang='grc' dir='ltr'>φαινομένην,</span> <span class='ocrx_word' id='word_1_370' title='bbox 757 4297 852 4348; x_wconf 58' lang='grc' dir='ltr'>καλ.</span> <span class='ocrx_word' id='word_1_371' title='bbox 891 4297 1256 4368; x_wconf 86' lang='grc' dir='ltr'>ἐννοήσωμεν,</span> <span class='ocrx_word' id='word_1_372' title='bbox 1296 4299 1372 4362; x_wconf 89' lang='grc' dir='ltr'>ώς</span> <span class='ocrx_word' id='word_1_373' title='bbox 1413 4302 1461 4352; x_wconf 82' lang='grc' dir='ltr'>εί</span> <span class='ocrx_word' id='word_1_374' title='bbox 1493 4302 1767 4370; x_wconf 79' lang='grc' dir='ltr'>πανταχοῦ</span> <span class='ocrx_word' id='word_1_375' title='bbox 1803 4303 1944 4372; x_wconf 83' lang='grc' dir='ltr'>μετά</span> 
     </span>
    </p>
   </div>
   <div class='ocr_carea' id='block_1_50' title="bbox 356 4375 1941 4453">
    <p class='ocr_par' dir='ltr' id='par_1_50' title="bbox 356 4375 1941 4453">
     <span class='ocr_line' id='line_1_50' title="bbox 356 4375 1941 4453; baseline 0.006 -23"><span class='ocrx_word' id='word_1_376' title='bbox 356 4377 638 4447; x_wconf 81' lang='grc' dir='ltr'>δαψιλείας</span> <span class='ocrx_word' id='word_1_377' title='bbox 691 4375 759 4449; x_wconf 79' lang='grc' dir='ltr'>ἦν</span> <span class='ocrx_word' id='word_1_378' title='bbox 800 4379 962 4451; x_wconf 85' lang='grc' dir='ltr'>αῦτη,</span> <span class='ocrx_word' id='word_1_379' title='bbox 1004 4381 1143 4434; x_wconf 87' lang='grc' dir='ltr'>πόσα</span> <span class='ocrx_word' id='word_1_380' title='bbox 1178 4381 1244 4435; x_wconf 82' lang='grc' dir='ltr'>ἀν</span> <span class='ocrx_word' id='word_1_381' title='bbox 1297 4385 1514 4450; x_wconf 86' lang='grc' dir='ltr'>ἐγένετο</span> <span class='ocrx_word' id='word_1_382' title='bbox 1559 4385 1758 4453; x_wconf 83' lang='grc' dir='ltr'>ἀγαθά.</span> <span class='ocrx_word' id='word_1_383' title='bbox 1806 4385 1941 4440; x_wconf 79' lang='grc' dir='ltr'>Οὔτε</span> 
     </span>
    </p>
   </div>
   <div class='ocr_carea' id='block_1_51' title="bbox 357 4461 1940 4536">
    <p class='ocr_par' dir='ltr' id='par_1_51' title="bbox 357 4461 1940 4536">
     <span class='ocr_line' id='line_1_51' title="bbox 357 4461 1940 4536; baseline 0.005 -21"><span class='ocrx_word' id='word_1_384' title='bbox 357 4467 468 4533; x_wconf 76' lang='grc' dir='ltr'>γάρ</span> <span class='ocrx_word' id='word_1_385' title='bbox 495 4462 679 4530; x_wconf 86' lang='grc' dir='ltr'>νόμων</span> <span class='ocrx_word' id='word_1_386' title='bbox 714 4461 838 4515; x_wconf 70' lang='grc' dir='ltr'>οὕτε</span> <span class='ocrx_word' id='word_1_387' title='bbox 878 4462 1245 4536; x_wconf 84' lang='grc' dir='ltr'>δικαστηρίων</span> <span class='ocrx_word' id='word_1_388' title='bbox 1283 4465 1413 4530; x_wconf 78' lang='grc' dir='ltr'>ἔδει,</span> <span class='ocrx_word' id='word_1_389' title='bbox 1447 4468 1508 4520; x_wconf 88' lang='grc' dir='ltr'>οὐ</span> <span class='ocrx_word' id='word_1_390' title='bbox 1543 4469 1842 4534; x_wconf 83' lang='grc' dir='ltr'>κολάσεων,</span> <span class='ocrx_word' id='word_1_391' title='bbox 1878 4472 1940 4524; x_wconf 89' lang='grc' dir='ltr'>οὐ</span> 
     </span>
    </p>
   </div>
   <div class='ocr_carea' id='block_1_52' title="bbox 356 4545 1942 4625">
    <p class='ocr_par' dir='ltr' id='par_1_52' title="bbox 356 4545 1942 4625">
     <span class='ocr_line' id='line_1_52' title="bbox 356 4545 1942 4625; baseline 0.006 -28"><span class='ocrx_word' id='word_1_392' title='bbox 356 4545 658 4615; x_wconf 85' lang='grc' dir='ltr'>τιμωριῶν,</span> <span class='ocrx_word' id='word_1_393' title='bbox 692 4545 791 4599; x_wconf 86' lang='grc' dir='ltr'>οὐκ</span> <span class='ocrx_word' id='word_1_394' title='bbox 825 4545 983 4600; x_wconf 82' lang='grc' dir='ltr'>ἀλλου</span> <span class='ocrx_word' id='word_1_395' title='bbox 1021 4547 1130 4601; x_wconf 85' lang='grc' dir='ltr'>τῶν</span> <span class='ocrx_word' id='word_1_396' title='bbox 1161 4548 1418 4604; x_wconf 89' lang='grc' dir='ltr'>τοιούτων</span> <span class='ocrx_word' id='word_1_397' title='bbox 1459 4552 1693 4616; x_wconf 79' lang='grc' dir='ltr'>οὐδενός.</span> <span class='ocrx_word' id='word_1_398' title='bbox 1725 4554 1787 4606; x_wconf 78' lang='lat' dir='ltr'><strong>El</strong></span> <span class='ocrx_word' id='word_1_399' title='bbox 1833 4554 1942 4625; x_wconf 85' lang='grc' dir='ltr'>γάρ</span> 
     </span>
    </p>
   </div>
   <div class='ocr_carea' id='block_1_53' title="bbox 357 4629 1940 4707">
    <p class='ocr_par' dir='ltr' id='par_1_53' title="bbox 357 4629 1940 4707">
     <span class='ocr_line' id='line_1_53' title="bbox 357 4629 1940 4707; baseline 0.005 -24"><span class='ocrx_word' id='word_1_400' title='bbox 357 4629 599 4692; x_wconf 69' lang='grc' dir='ltr'>ἅπαντες</span> <span class='ocrx_word' id='word_1_401' title='bbox 620 4631 852 4698; x_wconf 81' lang='grc' dir='ltr'>ήγάπων</span> <span class='ocrx_word' id='word_1_402' title='bbox 882 4630 976 4684; x_wconf 75' lang='grc' dir='ltr'>καὶ</span> <span class='ocrx_word' id='word_1_403' title='bbox 1003 4633 1317 4700; x_wconf 81' lang='grc' dir='ltr'>ήγαπῶντο,</span> <span class='ocrx_word' id='word_1_404' title='bbox 1343 4635 1492 4687; x_wconf 86' lang='grc' dir='ltr'>οὐδὲν</span> <span class='ocrx_word' id='word_1_405' title='bbox 1516 4635 1582 4689; x_wconf 84' lang='grc' dir='ltr'>ἀν</span> <span class='ocrx_word' id='word_1_406' title='bbox 1619 4649 1644 4676; x_wconf 77' lang='grc' dir='ltr'>ι</span> <span class='ocrx_word' id='word_1_407' title='bbox 1684 4637 1940 4707; x_wconf 71' lang='grc' dir='ltr'>ἠδίκησεν</span> 
     </span>
    </p>
   </div>
   <div class='ocr_carea' id='block_1_54' title="bbox 357 4711 1940 4790">
    <p class='ocr_par' dir='ltr' id='par_1_54' title="bbox 357 4711 1940 4790">
     <span class='ocr_line' id='line_1_54' title="bbox 357 4711 1940 4790; baseline 0.006 -28"><span class='ocrx_word' id='word_1_408' title='bbox 357 4711 558 4776; x_wconf 78' lang='grc' dir='ltr'>οὐδεὶς,</span> <span class='ocrx_word' id='word_1_409' title='bbox 594 4712 733 4766; x_wconf 84' lang='grc' dir='ltr'>ἀλλά</span> <span class='ocrx_word' id='word_1_410' title='bbox 773 4713 866 4766; x_wconf 76' lang='grc' dir='ltr'>καὶ</span> <span class='ocrx_word' id='word_1_411' title='bbox 911 4713 1063 4782; x_wconf 89' lang='grc' dir='ltr'>φόνοι</span> <span class='ocrx_word' id='word_1_412' title='bbox 1097 4715 1191 4768; x_wconf 81' lang='grc' dir='ltr'>καὶ</span> <span class='ocrx_word' id='word_1_413' title='bbox 1238 4717 1410 4785; x_wconf 87' lang='grc' dir='ltr'>μάχαι</span> <span class='ocrx_word' id='word_1_414' title='bbox 1456 4719 1551 4770; x_wconf 76' lang='grc' dir='ltr'>καὶ</span> <span class='ocrx_word' id='word_1_415' title='bbox 1584 4719 1810 4790; x_wconf 87' lang='grc' dir='ltr'>πόλεμοι</span> <span class='ocrx_word' id='word_1_416' title='bbox 1845 4721 1940 4775; x_wconf 74' lang='grc' dir='ltr'>καὶ</span> 
     </span>
    </p>
   </div>
   <div class='ocr_carea' id='block_1_55' title="bbox 360 4794 1938 4866">
    <p class='ocr_par' dir='ltr' id='par_1_55' title="bbox 360 4794 1938 4866">
     <span class='ocr_line' id='line_1_55' title="bbox 360 4794 1938 4866; baseline 0.008 -20"><span class='ocrx_word' id='word_1_417' title='bbox 360 4794 579 4858; x_wconf 84' lang='grc' dir='ltr'>στάσεις</span> <span class='ocrx_word' id='word_1_418' title='bbox 636 4796 731 4848; x_wconf 78' lang='grc' dir='ltr'>καὶ</span> <span class='ocrx_word' id='word_1_419' title='bbox 781 4797 1023 4866; x_wconf 75' lang='grc' dir='ltr'>ἁρπαγαὶ</span> <span class='ocrx_word' id='word_1_420' title='bbox 1061 4797 1155 4850; x_wconf 75' lang='grc' dir='ltr'>καὶ</span> <span class='ocrx_word' id='word_1_421' title='bbox 1195 4797 1500 4863; x_wconf 79' lang='grc' dir='ltr'>πλεονεξίαι</span> <span class='ocrx_word' id='word_1_422' title='bbox 1539 4803 1634 4855; x_wconf 78' lang='grc' dir='ltr'>καὶ</span> <span class='ocrx_word' id='word_1_423' title='bbox 1669 4803 1848 4856; x_wconf 89' lang='grc' dir='ltr'>πάντα</span> <span class='ocrx_word' id='word_1_424' title='bbox 1873 4804 1938 4858; x_wconf 83' lang='grc' dir='ltr'>ἂν</span> 
     </span>
    </p>
   </div>
   <div class='ocr_carea' id='block_1_56' title="bbox 358 4877 1941 4954">
    <p class='ocr_par' dir='ltr' id='par_1_56' title="bbox 358 4877 1941 4954">
     <span class='ocr_line' id='line_1_56' title="bbox 358 4877 1941 4954; baseline 0.008 -26"><span class='ocrx_word' id='word_1_425' title='bbox 358 4877 604 4930; x_wconf 86' lang='grc' dir='ltr'>ἐκποδὼν</span> <span class='ocrx_word' id='word_1_426' title='bbox 633 4878 874 4946; x_wconf 83' lang='grc' dir='ltr'>ἐγεγόνει</span> <span class='ocrx_word' id='word_1_427' title='bbox 897 4879 967 4932; x_wconf 82' lang='grc' dir='ltr'>τὰ</span> <span class='ocrx_word' id='word_1_428' title='bbox 987 4879 1220 4951; x_wconf 88' lang='grc' dir='ltr'>πονηρά,</span> <span class='ocrx_word' id='word_1_429' title='bbox 1249 4880 1344 4933; x_wconf 74' lang='grc' dir='ltr'>καὶ</span> <span class='ocrx_word' id='word_1_430' title='bbox 1372 4881 1563 4953; x_wconf 84' lang='grc' dir='ltr'>μέχρις</span> <span class='ocrx_word' id='word_1_431' title='bbox 1584 4885 1842 4954; x_wconf 56' lang='grc' dir='ltr'>ὀνόματος</span> <span class='ocrx_word' id='word_1_432' title='bbox 1872 4887 1941 4940; x_wconf 79' lang='grc' dir='ltr'>ἂν</span> 
     </span>
    </p>
   </div>
   <div class='ocr_carea' id='block_1_57' title="bbox 352 4958 1938 5033">
    <p class='ocr_par' dir='ltr' id='par_1_57' title="bbox 352 4958 1938 5033">
     <span class='ocr_line' id='line_1_57' title="bbox 352 4958 1938 5033; baseline -0.004 -12"><span class='ocrx_word' id='word_1_433' title='bbox 352 4958 598 5030; x_wconf 74' lang='grc' dir='ltr'>ἡγνοήθη</span> <span class='ocrx_word' id='word_1_434' title='bbox 643 4962 895 5032; x_wconf 79' lang='grc' dir='ltr'>ἡκακία.</span> <span class='ocrx_word' id='word_1_435' title='bbox 929 4962 1012 5016; x_wconf 90' lang='grc' dir='ltr'>Τά</span> <span class='ocrx_word' id='word_1_436' title='bbox 1042 4963 1224 5033; x_wconf 81' lang='grc' dir='ltr'>μέντοι</span> <span class='ocrx_word' id='word_1_437' title='bbox 1269 4965 1471 5033; x_wconf 78' lang='grc' dir='ltr'>σημεῖα</span> <span class='ocrx_word' id='word_1_438' title='bbox 1519 4965 1614 5019; x_wconf 68' lang='grc' dir='ltr'>οὐκ</span> <span class='ocrx_word' id='word_1_439' title='bbox 1666 4967 1733 5020; x_wconf 81' lang='grc' dir='ltr'>ἂν</span> <span class='ocrx_word' id='word_1_440' title='bbox 1779 4967 1938 5022; x_wconf 82' lang='grc' dir='ltr'>τοῦτο</span> 
     </span>
    </p>
   </div>
   <div class='ocr_carea' id='block_1_58' title="bbox 355 5043 1936 5122">
    <p class='ocr_par' dir='ltr' id='par_1_58' title="bbox 355 5043 1936 5122">
     <span class='ocr_line' id='line_1_58' title="bbox 355 5043 1936 5122; baseline 0.006 -27"><span class='ocrx_word' id='word_1_441' title='bbox 355 5043 672 5110; x_wconf 77' lang='grc' dir='ltr'>εἰργάσατο,</span> <span class='ocrx_word' id='word_1_442' title='bbox 703 5043 842 5098; x_wconf 83' lang='grc' dir='ltr'>ἀλλά</span> <span class='ocrx_word' id='word_1_443' title='bbox 867 5045 960 5099; x_wconf 82' lang='grc' dir='ltr'>καὶ</span> <span class='ocrx_word' id='word_1_444' title='bbox 990 5047 1070 5110; x_wconf 85' lang='grc' dir='ltr'>είς</span> <span class='ocrx_word' id='word_1_445' title='bbox 1097 5047 1400 5114; x_wconf 80' lang='grc' dir='ltr'>κενοδοξίαν</span> <span class='ocrx_word' id='word_1_446' title='bbox 1432 5047 1649 5119; x_wconf 85' lang='grc' dir='ltr'>ἐπαίρει</span> <span class='ocrx_word' id='word_1_447' title='bbox 1695 5050 1820 5114; x_wconf 77' lang='grc' dir='ltr'>τοὺς</span> <span class='ocrx_word' id='word_1_448' title='bbox 1861 5050 1936 5122; x_wconf 81' lang='grc' dir='ltr'>μὴ</span> 
     </span>
    </p>
   </div>
   <div class='ocr_carea' id='block_1_59' title="bbox 355 5127 1158 5196">
    <p class='ocr_par' dir='ltr' id='par_1_59' title="bbox 355 5127 1158 5196">
     <span class='ocr_line' id='line_1_59' title="bbox 355 5127 1158 5196; baseline 0.005 -19"><span class='ocrx_word' id='word_1_449' title='bbox 355 5127 732 5196; x_wconf 84' lang='grc' dir='ltr'>προσέχοντας</span> <span class='ocrx_word' id='word_1_450' title='bbox 758 5129 852 5181; x_wconf 76' lang='grc' dir='ltr'>καὶ</span> <span class='ocrx_word' id='word_1_451' title='bbox 882 5129 1158 5190; x_wconf 87' lang='grc' dir='ltr'>ἀπόνοιαν,</span> 
     </span>
    </p>
   </div>
   <div class='ocr_carea' id='block_1_60' title="bbox 430 5212 1936 5287">
    <p class='ocr_par' dir='ltr' id='par_1_60' title="bbox 430 5212 1936 5287">
     <span class='ocr_line' id='line_1_60' title="bbox 430 5212 1936 5287; baseline 0.005 -24"><span class='ocrx_word' id='word_1_452' title='bbox 430 5217 502 5274; x_wconf 81' lang='grc' dir='ltr'>ς’.</span> <span class='ocrx_word' id='word_1_453' title='bbox 539 5214 649 5265; x_wconf 86' lang='lat' dir='ltr'>Kal</span> <span class='ocrx_word' id='word_1_454' title='bbox 689 5212 753 5265; x_wconf 83' lang='grc' dir='ltr'>τὸ</span> <span class='ocrx_word' id='word_1_455' title='bbox 783 5213 848 5285; x_wconf 80' lang='grc' dir='ltr'>δὴ</span> <span class='ocrx_word' id='word_1_456' title='bbox 877 5214 1189 5283; x_wconf 85' lang='grc' dir='ltr'>θαυμαστὸν</span> <span class='ocrx_word' id='word_1_457' title='bbox 1214 5214 1312 5285; x_wconf 80' lang='grc' dir='ltr'>τῆς</span> <span class='ocrx_word' id='word_1_458' title='bbox 1356 5214 1596 5286; x_wconf 84' lang='grc' dir='ltr'>ἀγάπης,</span> <span class='ocrx_word' id='word_1_459' title='bbox 1627 5216 1709 5270; x_wconf 86' lang='grc' dir='ltr'>ὅτι</span> <span class='ocrx_word' id='word_1_460' title='bbox 1737 5216 1804 5270; x_wconf 79' lang='grc' dir='ltr'>τά</span> <span class='ocrx_word' id='word_1_461' title='bbox 1838 5217 1936 5287; x_wconf 83' lang='grc' dir='ltr'>μὲν</span> 
     </span>
    </p>
   </div>
   <div class='ocr_carea' id='block_1_61' title="bbox 357 5292 1937 5366">
    <p class='ocr_par' dir='ltr' id='par_1_61' title="bbox 357 5292 1937 5366">
     <span class='ocr_line' id='line_1_61' title="bbox 357 5292 1937 5366; baseline 0.004 -18"><span class='ocrx_word' id='word_1_462' title='bbox 357 5292 492 5348; x_wconf 64' lang='grc' dir='ltr'>ἄλλα</span> <span class='ocrx_word' id='word_1_463' title='bbox 540 5296 724 5364; x_wconf 89' lang='grc' dir='ltr'>ἀγαθά</span> <span class='ocrx_word' id='word_1_464' title='bbox 769 5295 881 5366; x_wconf 79' lang='grc' dir='ltr'>ἔχει</span> <span class='ocrx_word' id='word_1_465' title='bbox 931 5297 1354 5366; x_wconf 77' lang='grc' dir='ltr'>παρεξευγμένα</span> <span class='ocrx_word' id='word_1_466' title='bbox 1407 5297 1476 5350; x_wconf 76' lang='grc' dir='ltr'>τά</span> <span class='ocrx_word' id='word_1_467' title='bbox 1515 5298 1696 5351; x_wconf 89' lang='grc' dir='ltr'>κακά·</span> <span class='ocrx_word' id='word_1_468' title='bbox 1751 5295 1862 5354; x_wconf 73' lang='grc' dir='ltr'>οἷον</span> <span class='ocrx_word' id='word_1_469' title='bbox 1908 5303 1937 5355; x_wconf 89' lang='lat'>0</span> 
     </span>
    </p>
   </div>
   <div class='ocr_carea' id='block_1_62' title="bbox 354 5377 1937 5450">
    <p class='ocr_par' dir='ltr' id='par_1_62' title="bbox 354 5377 1937 5450">
     <span class='ocr_line' id='line_1_62' title="bbox 354 5377 1937 5450; baseline 0.007 -24"><span class='ocrx_word' id='word_1_470' title='bbox 354 5377 496 5446; x_wconf 81' lang='grc' dir='ltr'>ἀκτή</span> <span class='ocrx_word' id='word_1_471' title='bbox 509 5395 626 5446; x_wconf 88' lang='grc' dir='ltr'>μων</span> <span class='ocrx_word' id='word_1_472' title='bbox 654 5380 891 5446; x_wconf 75' lang='grc' dir='ltr'>φυσᾶται</span> <span class='ocrx_word' id='word_1_473' title='bbox 919 5379 1180 5442; x_wconf 86' lang='grc' dir='ltr'>πολλάκις</span> <span class='ocrx_word' id='word_1_474' title='bbox 1204 5379 1290 5433; x_wconf 83' lang='grc' dir='ltr'>διά</span> <span class='ocrx_word' id='word_1_475' title='bbox 1313 5379 1492 5443; x_wconf 89' lang='grc' dir='ltr'>τοῦτο,</span> <span class='ocrx_word' id='word_1_476' title='bbox 1529 5382 1556 5433; x_wconf 92' lang='lat'>0</span> <span class='ocrx_word' id='word_1_477' title='bbox 1585 5381 1760 5450; x_wconf 89' lang='grc' dir='ltr'>λέγειν</span> <span class='ocrx_word' id='word_1_478' title='bbox 1781 5382 1937 5446; x_wconf 78' lang='grc' dir='ltr'>εἰδὼς</span> 
     </span>
    </p>
   </div>
   <div class='ocr_carea' id='block_1_63' title="bbox 354 5459 1937 5533">
    <p class='ocr_par' dir='ltr' id='par_1_63' title="bbox 354 5459 1937 5533">
     <span class='ocr_line' id='line_1_63' title="bbox 354 5459 1937 5533; baseline 0.004 -21"><span class='ocrx_word' id='word_1_479' title='bbox 354 5461 452 5512; x_wconf 83' lang='grc' dir='ltr'>καὶ</span> <span class='ocrx_word' id='word_1_480' title='bbox 479 5459 631 5533; x_wconf 67' lang='grc' dir='ltr'>[ευ-4]</span> <span class='ocrx_word' id='word_1_481' title='bbox 667 5461 989 5532; x_wconf 82' lang='grc' dir='ltr'>δοξομανίαν</span> <span class='ocrx_word' id='word_1_482' title='bbox 1032 5464 1198 5525; x_wconf 83' lang='grc' dir='ltr'>νοσεῖ,</span> <span class='ocrx_word' id='word_1_483' title='bbox 1237 5464 1266 5514; x_wconf 94' lang='lat'>0</span> <span class='ocrx_word' id='word_1_484' title='bbox 1291 5464 1669 5533; x_wconf 74' lang='grc' dir='ltr'>ταπεινόφρων</span> <span class='ocrx_word' id='word_1_485' title='bbox 1708 5465 1775 5518; x_wconf 75' lang='grc' dir='ltr'>δι’</span> <span class='ocrx_word' id='word_1_486' title='bbox 1803 5467 1937 5520; x_wconf 78' lang='grc' dir='ltr'>αὐτὸ</span> 
     </span>
    </p>
   </div>
   <div class='ocr_carea' id='block_1_64' title="bbox 353 5542 1935 5618">
    <p class='ocr_par' dir='ltr' id='par_1_64' title="bbox 353 5542 1935 5618">
     <span class='ocr_line' id='line_1_64' title="bbox 353 5542 1935 5618; baseline 0.006 -26"><span class='ocrx_word' id='word_1_487' title='bbox 353 5542 514 5596; x_wconf 83' lang='grc' dir='ltr'>τοῦτο</span> <span class='ocrx_word' id='word_1_488' title='bbox 562 5545 824 5608; x_wconf 84' lang='grc' dir='ltr'>πολλάκις</span> <span class='ocrx_word' id='word_1_489' title='bbox 859 5546 998 5598; x_wconf 84' lang='grc' dir='ltr'>κατά</span> <span class='ocrx_word' id='word_1_490' title='bbox 1025 5545 1087 5598; x_wconf 80' lang='grc' dir='ltr'>τὸ</span> <span class='ocrx_word' id='word_1_491' title='bbox 1125 5546 1361 5609; x_wconf 78' lang='grc' dir='ltr'>συνειδὸς</span> <span class='ocrx_word' id='word_1_492' title='bbox 1393 5546 1536 5615; x_wconf 89' lang='grc' dir='ltr'>μέγα</span> <span class='ocrx_word' id='word_1_493' title='bbox 1575 5550 1779 5617; x_wconf 84' lang='grc' dir='ltr'>φρονεῖ·</span> <span class='ocrx_word' id='word_1_494' title='bbox 1816 5549 1848 5618; x_wconf 83' lang='grc' dir='ltr'><strong>ἡ</strong></span> <span class='ocrx_word' id='word_1_495' title='bbox 1879 5549 1935 5601; x_wconf 77' lang='grc' dir='ltr'>δι</span> 
     </span>
    </p>
   </div>
   <div class='ocr_carea' id='block_1_65' title="bbox 353 5627 1935 5700">
    <p class='ocr_par' dir='ltr' id='par_1_65' title="bbox 353 5627 1935 5700">
     <span class='ocr_line' id='line_1_65' title="bbox 353 5627 1935 5700; baseline 0.004 -21"><span class='ocrx_word' id='word_1_496' title='bbox 353 5627 545 5698; x_wconf 76' lang='grc' dir='ltr'>ἀγάπη</span> <span class='ocrx_word' id='word_1_497' title='bbox 573 5630 757 5699; x_wconf 83' lang='grc' dir='ltr'>πάσης</span> <span class='ocrx_word' id='word_1_498' title='bbox 783 5627 882 5698; x_wconf 82' lang='grc' dir='ltr'>τῆς</span> <span class='ocrx_word' id='word_1_499' title='bbox 913 5629 1167 5698; x_wconf 84' lang='grc' dir='ltr'>τοιαύτης</span> <span class='ocrx_word' id='word_1_500' title='bbox 1197 5627 1541 5699; x_wconf 83' lang='grc' dir='ltr'>ἀπήλλακται</span> <span class='ocrx_word' id='word_1_501' title='bbox 1566 5629 1762 5700; x_wconf 88' lang='grc' dir='ltr'>λύμης·</span> <span class='ocrx_word' id='word_1_502' title='bbox 1795 5632 1935 5686; x_wconf 86' lang='grc' dir='ltr'>κατά</span> 
     </span>
    </p>
   </div>
   <div class='ocr_carea' id='block_1_66' title="bbox 421 5783 1726 5848">
    <p class='ocr_par' dir='ltr' id='par_1_66' title="bbox 421 5783 1726 5848">
     <span class='ocr_line' id='line_1_66' title="bbox 421 5783 1726 5848; baseline -0.005 -13"><span class='ocrx_word' id='word_1_503' title='bbox 421 5794 447 5824; x_wconf 82' lang='grc' dir='ltr'>ι</span> <span class='ocrx_word' id='word_1_504' title='bbox 469 5783 632 5835; x_wconf 68' lang='lat' dir='ltr'><strong>Vetus</strong></span> <span class='ocrx_word' id='word_1_505' title='bbox 653 5790 906 5848; x_wconf 65' lang='lat' dir='ltr'>mlerprcs</span> <span class='ocrx_word' id='word_1_506' title='bbox 927 5784 1053 5847; x_wconf 60' lang='lat' dir='ltr'><strong>legit</strong></span> <span class='ocrx_word' id='word_1_507' title='bbox 1075 5785 1242 5834; x_wconf 79' lang='grc' dir='ltr'>οὐδένα</span> <span class='ocrx_word' id='word_1_508' title='bbox 1266 5784 1490 5846; x_wconf 70' lang='grc' dir='ltr'>ἄν,Μὶιὶ</span> <span class='ocrx_word' id='word_1_509' title='bbox 1515 5785 1648 5834; x_wconf 71' lang='grc' dir='ltr'>οὐδὲν</span> <span class='ocrx_word' id='word_1_510' title='bbox 1670 5786 1726 5833; x_wconf 77' lang='grc' dir='ltr'>ἄν</span> 
     </span>
    </p>
   </div>
   <div class='ocr_carea' id='block_1_67' title="bbox 1409 257 2629 318">
    <p class='ocr_par' dir='ltr' id='par_1_67' title="bbox 1409 257 2629 318">
     <span class='ocr_line' id='line_1_67' title="bbox 1409 257 2629 318; baseline -0.002 -1"><span class='ocrx_word' id='word_1_511' title='bbox 1409 263 1473 318; x_wconf 81' lang='grc' dir='ltr'>ΙΝ</span> <span class='ocrx_word' id='word_1_512' title='bbox 1516 261 1731 318; x_wconf 73' lang='lat' dir='ltr'>EPIST.</span> <span class='ocrx_word' id='word_1_513' title='bbox 1772 263 1792 316; x_wconf 88' lang='grc' dir='ltr'><strong>Ι</strong></span> <span class='ocrx_word' id='word_1_514' title='bbox 1829 261 1918 316; x_wconf 83' lang='lat' dir='ltr'>AD</span> <span class='ocrx_word' id='word_1_515' title='bbox 1947 258 2106 317; x_wconf 80' lang='lat' dir='ltr'>COR.</span> <span class='ocrx_word' id='word_1_516' title='bbox 2135 257 2370 316; x_wconf 83' lang='lat' dir='ltr'>HOMIL.</span> <span class='ocrx_word' id='word_1_517' title='bbox 2413 257 2629 315; x_wconf 77' lang='lat' dir='ltr'><strong>XXXII.</strong></span> 
     </span>
    </p>
   </div>
   <div class='ocr_carea' id='block_1_68' title="bbox 3521 267 3630 322">
    <p class='ocr_par' dir='ltr' id='par_1_68' title="bbox 3521 267 3630 322">
     <span class='ocr_line' id='line_1_68' title="bbox 3521 267 3630 322; baseline -0.009 0"><span class='ocrx_word' id='word_1_518' title='bbox 3521 267 3630 322; x_wconf 68' lang='lat'>9.7:!</span> 
     </span>
    </p>
   </div>
   <div class='ocr_carea' id='block_1_69' title="bbox 2055 371 3630 444">
    <p class='ocr_par' dir='ltr' id='par_1_69' title="bbox 2055 371 3630 444">
     <span class='ocr_line' id='line_1_69' title="bbox 2055 371 3630 444; baseline 0.007 -21"><span class='ocrx_word' id='word_1_519' title='bbox 2055 373 2165 444; x_wconf 87' lang='grc' dir='ltr'>γάρ</span> <span class='ocrx_word' id='word_1_520' title='bbox 2192 371 2286 426; x_wconf 90' lang='grc' dir='ltr'>τοῦ</span> <span class='ocrx_word' id='word_1_521' title='bbox 2318 372 2685 442; x_wconf 89' lang='grc' dir='ltr'>ἀγαπωμένου</span> <span class='ocrx_word' id='word_1_522' title='bbox 2715 371 2816 427; x_wconf 89' lang='grc' dir='ltr'>οὑκ</span> <span class='ocrx_word' id='word_1_523' title='bbox 2844 372 2908 427; x_wconf 82' lang='grc' dir='ltr'>ἄν</span> <span class='ocrx_word' id='word_1_524' title='bbox 2930 391 3012 436; x_wconf 88' lang='grc' dir='ltr'>τις</span> <span class='ocrx_word' id='word_1_525' title='bbox 3035 373 3303 444; x_wconf 77' lang='grc' dir='ltr'>ἐπαρθείη</span> <span class='ocrx_word' id='word_1_526' title='bbox 3339 377 3488 432; x_wconf 87' lang='grc' dir='ltr'>ποτέ.</span> <span class='ocrx_word' id='word_1_527' title='bbox 3522 381 3630 434; x_wconf 85' lang='lat' dir='ltr'>Kal</span> 
     </span>
    </p>
   </div>
   <div class='ocr_carea' id='block_1_70' title="bbox 2057 454 3627 528">
    <p class='ocr_par' dir='ltr' id='par_1_70' title="bbox 2057 454 3627 528">
     <span class='ocr_line' id='line_1_70' title="bbox 2057 454 3627 528; baseline 0.005 -21"><span class='ocrx_word' id='word_1_528' title='bbox 2057 461 2129 527; x_wconf 87' lang='grc' dir='ltr'>μή</span> <span class='ocrx_word' id='word_1_529' title='bbox 2159 473 2250 526; x_wconf 89' lang='grc' dir='ltr'>μοι</span> <span class='ocrx_word' id='word_1_530' title='bbox 2284 455 2381 526; x_wconf 79' lang='grc' dir='ltr'>θῇς</span> <span class='ocrx_word' id='word_1_531' title='bbox 2409 456 2506 508; x_wconf 83' lang='grc' dir='ltr'>ἐνα</span> <span class='ocrx_word' id='word_1_532' title='bbox 2543 454 2863 524; x_wconf 88' lang='grc' dir='ltr'>ἀγαπῶντα,</span> <span class='ocrx_word' id='word_1_533' title='bbox 2902 456 3038 510; x_wconf 88' lang='grc' dir='ltr'>ἀλλά</span> <span class='ocrx_word' id='word_1_534' title='bbox 3059 457 3268 521; x_wconf 86' lang='grc' dir='ltr'>πάντας</span> <span class='ocrx_word' id='word_1_535' title='bbox 3293 459 3516 528; x_wconf 79' lang='grc' dir='ltr'>ὁμοίως,</span> <span class='ocrx_word' id='word_1_536' title='bbox 3537 461 3627 516; x_wconf 75' lang='grc' dir='ltr'>καὶ</span> 
     </span>
    </p>
   </div>
   <div class='ocr_carea' id='block_1_71' title="bbox 2052 537 3628 611">
    <p class='ocr_par' dir='ltr' id='par_1_71' title="bbox 2052 537 3628 611">
     <span class='ocr_line' id='line_1_71' title="bbox 2052 537 3628 611; baseline 0.004 -22"><span class='ocrx_word' id='word_1_537' title='bbox 2052 539 2174 590; x_wconf 82' lang='grc' dir='ltr'>τότε</span> <span class='ocrx_word' id='word_1_538' title='bbox 2220 538 2390 606; x_wconf 76' lang='grc' dir='ltr'>αὐτῆς</span> <span class='ocrx_word' id='word_1_539' title='bbox 2437 537 2558 607; x_wconf 75' lang='grc' dir='ltr'>ὅψει</span> <span class='ocrx_word' id='word_1_540' title='bbox 2592 538 2692 608; x_wconf 77' lang='grc' dir='ltr'>τὴν</span> <span class='ocrx_word' id='word_1_541' title='bbox 2723 539 2956 608; x_wconf 87' lang='grc' dir='ltr'>ἀρετήν·</span> <span class='ocrx_word' id='word_1_542' title='bbox 3003 539 3204 609; x_wconf 81' lang='grc' dir='ltr'>μᾶλλον</span> <span class='ocrx_word' id='word_1_543' title='bbox 3233 539 3311 602; x_wconf 89' lang='grc' dir='ltr'>δέ,</span> <span class='ocrx_word' id='word_1_544' title='bbox 3352 542 3400 594; x_wconf 90' lang='grc' dir='ltr'>εί</span> <span class='ocrx_word' id='word_1_545' title='bbox 3429 541 3628 611; x_wconf 85' lang='grc' dir='ltr'>βούλει,</span> 
     </span>
    </p>
   </div>
   <div class='ocr_carea' id='block_1_72' title="bbox 2055 621 3631 696">
    <p class='ocr_par' dir='ltr' id='par_1_72' title="bbox 2055 621 3631 696">
     <span class='ocr_line' id='line_1_72' title="bbox 2055 621 3631 696; baseline 0.005 -24"><span class='ocrx_word' id='word_1_546' title='bbox 2055 621 2270 691; x_wconf 88' lang='grc' dir='ltr'>πρῶτον</span> <span class='ocrx_word' id='word_1_547' title='bbox 2305 621 2400 674; x_wconf 70' lang='lat' dir='ltr'>Eva</span> <span class='ocrx_word' id='word_1_548' title='bbox 2429 621 2792 692; x_wconf 82' lang='grc' dir='ltr'>ἀγαπώμενον</span> <span class='ocrx_word' id='word_1_549' title='bbox 2823 623 2918 676; x_wconf 71' lang='grc' dir='ltr'>καὶ</span> <span class='ocrx_word' id='word_1_550' title='bbox 2949 622 3044 675; x_wconf 72' lang='grc' dir='ltr'>ἕνα</span> <span class='ocrx_word' id='word_1_551' title='bbox 3075 623 3330 692; x_wconf 84' lang='grc' dir='ltr'>φιλοῦντα</span> <span class='ocrx_word' id='word_1_552' title='bbox 3359 624 3518 690; x_wconf 91' lang='grc' dir='ltr'>τίθει,</span> <span class='ocrx_word' id='word_1_553' title='bbox 3543 645 3631 696; x_wconf 82' lang='grc' dir='ltr'>φι-</span> 
     </span>
    </p>
   </div>
   <div class='ocr_carea' id='block_1_73' title="bbox 2053 704 3631 778">
    <p class='ocr_par' dir='ltr' id='par_1_73' title="bbox 2053 704 3631 778">
     <span class='ocr_line' id='line_1_73' title="bbox 2053 704 3631 778; baseline 0.004 -22"><span class='ocrx_word' id='word_1_554' title='bbox 2053 704 2248 757; x_wconf 87' lang='grc' dir='ltr'>λοῦντα</span> <span class='ocrx_word' id='word_1_555' title='bbox 2284 705 2489 774; x_wconf 88' lang='grc' dir='ltr'>μέντοι,</span> <span class='ocrx_word' id='word_1_556' title='bbox 2534 705 2610 768; x_wconf 84' lang='grc' dir='ltr'>ὼς</span> <span class='ocrx_word' id='word_1_557' title='bbox 2641 705 2815 773; x_wconf 83' lang='grc' dir='ltr'>φιλεῖν</span> <span class='ocrx_word' id='word_1_558' title='bbox 2843 706 3010 771; x_wconf 78' lang='grc' dir='ltr'>ἀξιον.</span> <span class='ocrx_word' id='word_1_559' title='bbox 3050 705 3162 776; x_wconf 81' lang='grc' dir='ltr'>Τὴν</span> <span class='ocrx_word' id='word_1_560' title='bbox 3193 707 3300 778; x_wconf 75' lang='grc' dir='ltr'>γάρ</span> <span class='ocrx_word' id='word_1_561' title='bbox 3327 709 3428 778; x_wconf 80' lang='grc' dir='ltr'>γῆν</span> <span class='ocrx_word' id='word_1_562' title='bbox 3458 709 3631 774; x_wconf 82' lang='grc' dir='ltr'>οὕτως</span> 
     </span>
    </p>
   </div>
   <div class='ocr_carea' id='block_1_74' title="bbox 2052 788 3632 863">
    <p class='ocr_par' dir='ltr' id='par_1_74' title="bbox 2052 788 3632 863">
     <span class='ocr_line' id='line_1_74' title="bbox 2052 788 3632 863; baseline 0.004 -23"><span class='ocrx_word' id='word_1_563' title='bbox 2052 788 2127 849; x_wconf 85' lang='grc' dir='ltr'>ὡς</span> <span class='ocrx_word' id='word_1_564' title='bbox 2145 789 2234 840; x_wconf 87' lang='grc' dir='ltr'>τὸν</span> <span class='ocrx_word' id='word_1_565' title='bbox 2255 789 2483 853; x_wconf 84' lang='grc' dir='ltr'>οὐρανὸν</span> <span class='ocrx_word' id='word_1_566' title='bbox 2505 791 2734 859; x_wconf 75' lang='grc' dir='ltr'>οἰκήσει,</span> <span class='ocrx_word' id='word_1_567' title='bbox 2755 790 3029 860; x_wconf 80' lang='grc' dir='ltr'>πανταχοῦ</span> <span class='ocrx_word' id='word_1_568' title='bbox 3057 792 3296 863; x_wconf 82' lang='grc' dir='ltr'>γαλήνης</span> <span class='ocrx_word' id='word_1_569' title='bbox 3317 793 3632 862; x_wconf 84' lang='grc' dir='ltr'>ἀπολαύων,</span> 
     </span>
    </p>
   </div>
   <div class='ocr_carea' id='block_1_75' title="bbox 2054 870 3635 946">
    <p class='ocr_par' dir='ltr' id='par_1_75' title="bbox 2054 870 3635 946">
     <span class='ocr_line' id='line_1_75' title="bbox 2054 870 3635 946; baseline 0.005 -24"><span class='ocrx_word' id='word_1_570' title='bbox 2054 872 2149 923; x_wconf 67' lang='grc' dir='ltr'>καὶ</span> <span class='ocrx_word' id='word_1_571' title='bbox 2175 870 2403 940; x_wconf 87' lang='grc' dir='ltr'>μυρίους</span> <span class='ocrx_word' id='word_1_572' title='bbox 2433 871 2610 942; x_wconf 82' lang='grc' dir='ltr'>ἐαυτῷ</span> <span class='ocrx_word' id='word_1_573' title='bbox 2634 872 2848 925; x_wconf 85' lang='grc' dir='ltr'>πλέκων</span> <span class='ocrx_word' id='word_1_574' title='bbox 2884 873 3198 942; x_wconf 79' lang='grc' dir='ltr'>στεφάνους.</span> <span class='ocrx_word' id='word_1_575' title='bbox 3245 875 3302 928; x_wconf 87' lang='grc' dir='ltr'><strong>Ὀ</strong></span> <span class='ocrx_word' id='word_1_576' title='bbox 3326 876 3434 946; x_wconf 87' lang='grc' dir='ltr'>γάρ</span> <span class='ocrx_word' id='word_1_577' title='bbox 3455 875 3635 930; x_wconf 84' lang='grc' dir='ltr'>τοιοῦ-</span> 
     </span>
    </p>
   </div>
   <div class='ocr_carea' id='block_1_76' title="bbox 2051 953 3633 1025">
    <p class='ocr_par' dir='ltr' id='par_1_76' title="bbox 2051 953 3633 1025">
     <span class='ocr_line' id='line_1_76' title="bbox 2051 953 3633 1025; baseline 0.005 -21"><span class='ocrx_word' id='word_1_578' title='bbox 2051 968 2142 1016; x_wconf 90' lang='grc' dir='ltr'>τος</span> <span class='ocrx_word' id='word_1_579' title='bbox 2169 955 2262 1005; x_wconf 72' lang='grc' dir='ltr'>καὶ</span> <span class='ocrx_word' id='word_1_580' title='bbox 2284 954 2479 1020; x_wconf 80' lang='grc' dir='ltr'>φθόνου</span> <span class='ocrx_word' id='word_1_581' title='bbox 2501 953 2596 1008; x_wconf 76' lang='grc' dir='ltr'>καὶ</span> <span class='ocrx_word' id='word_1_582' title='bbox 2629 954 2797 1025; x_wconf 74' lang='grc' dir='ltr'>ὀργῆς</span> <span class='ocrx_word' id='word_1_583' title='bbox 2820 957 2912 1008; x_wconf 75' lang='grc' dir='ltr'>καὶ</span> <span class='ocrx_word' id='word_1_584' title='bbox 2935 955 3228 1024; x_wconf 84' lang='grc' dir='ltr'>βασκανίας</span> <span class='ocrx_word' id='word_1_585' title='bbox 3255 959 3349 1010; x_wconf 72' lang='grc' dir='ltr'>καὶ</span> <span class='ocrx_word' id='word_1_586' title='bbox 3374 959 3633 1023; x_wconf 84' lang='grc' dir='ltr'>ἀπονοίας</span> 
     </span>
    </p>
   </div>
   <div class='ocr_carea' id='block_1_77' title="bbox 2053 1037 3632 1110">
    <p class='ocr_par' dir='ltr' id='par_1_77' title="bbox 2053 1037 3632 1110">
     <span class='ocr_line' id='line_1_77' title="bbox 2053 1037 3632 1110; baseline 0.004 -22"><span class='ocrx_word' id='word_1_587' title='bbox 2053 1037 2148 1088; x_wconf 70' lang='grc' dir='ltr'>καὶ</span> <span class='ocrx_word' id='word_1_588' title='bbox 2179 1037 2482 1103; x_wconf 78' lang='grc' dir='ltr'>κενοδοξίας</span> <span class='ocrx_word' id='word_1_589' title='bbox 2528 1037 2623 1092; x_wconf 77' lang='grc' dir='ltr'>καὶ</span> <span class='ocrx_word' id='word_1_590' title='bbox 2667 1041 2908 1108; x_wconf 78' lang='grc' dir='ltr'>πονηρᾶς</span> <span class='ocrx_word' id='word_1_591' title='bbox 2951 1040 3245 1110; x_wconf 81' lang='grc' dir='ltr'>ἐπιθυμίας</span> <span class='ocrx_word' id='word_1_592' title='bbox 3297 1042 3391 1095; x_wconf 72' lang='grc' dir='ltr'>καὶ</span> <span class='ocrx_word' id='word_1_593' title='bbox 3430 1044 3632 1106; x_wconf 79' lang='grc' dir='ltr'>παντὸς</span> 
     </span>
    </p>
   </div>
   <div class='ocr_carea' id='block_1_78' title="bbox 2054 1119 3634 1195">
    <p class='ocr_par' dir='ltr' id='par_1_78' title="bbox 2054 1119 3634 1195">
     <span class='ocr_line' id='line_1_78' title="bbox 2054 1119 3634 1195; baseline 0.004 -23"><span class='ocrx_word' id='word_1_594' title='bbox 2054 1119 2256 1191; x_wconf 75' lang='grc' dir='ltr'>ἔρωτος</span> <span class='ocrx_word' id='word_1_595' title='bbox 2287 1121 2491 1174; x_wconf 85' lang='grc' dir='ltr'>ἀτόπου</span> <span class='ocrx_word' id='word_1_596' title='bbox 2528 1121 2624 1174; x_wconf 68' lang='grc' dir='ltr'>καὶ</span> <span class='ocrx_word' id='word_1_597' title='bbox 2658 1123 2853 1186; x_wconf 89' lang='grc' dir='ltr'>παντὸς</span> <span class='ocrx_word' id='word_1_598' title='bbox 2882 1125 3188 1193; x_wconf 83' lang='grc' dir='ltr'>νοσήματος</span> <span class='ocrx_word' id='word_1_599' title='bbox 3224 1124 3634 1195; x_wconf 87' lang='grc' dir='ltr'>καθαρεύουσαν</span> 
     </span>
    </p>
   </div>
   <div class='ocr_carea' id='block_1_79' title="bbox 2051 1203 3634 1278">
    <p class='ocr_par' dir='ltr' id='par_1_79' title="bbox 2051 1203 3634 1278">
     <span class='ocr_line' id='line_1_79' title="bbox 2051 1203 3634 1278; baseline 0.004 -23"><span class='ocrx_word' id='word_1_600' title='bbox 2051 1203 2369 1274; x_wconf 87' lang='grc' dir='ltr'>διατηρήσει</span> <span class='ocrx_word' id='word_1_601' title='bbox 2410 1205 2509 1275; x_wconf 80' lang='grc' dir='ltr'>τὴν</span> <span class='ocrx_word' id='word_1_602' title='bbox 2561 1205 2753 1258; x_wconf 84' lang='grc' dir='ltr'>ἐαυτοῦ</span> <span class='ocrx_word' id='word_1_603' title='bbox 2803 1206 2999 1276; x_wconf 72' lang='grc' dir='ltr'>ψυχήν.</span> <span class='ocrx_word' id='word_1_604' title='bbox 3040 1207 3252 1278; x_wconf 81' lang='grc' dir='ltr'>Ὥσπερ</span> <span class='ocrx_word' id='word_1_605' title='bbox 3286 1207 3394 1277; x_wconf 85' lang='grc' dir='ltr'>γὰρ</span> <span class='ocrx_word' id='word_1_606' title='bbox 3441 1209 3634 1262; x_wconf 75' lang='grc' dir='ltr'>ἑαυτὸν</span> 
     </span>
    </p>
   </div>
   <div class='ocr_carea' id='block_1_80' title="bbox 2051 1287 3632 1360">
    <p class='ocr_par' dir='ltr' id='par_1_80' title="bbox 2051 1287 3632 1360">
     <span class='ocr_line' id='line_1_80' title="bbox 2051 1287 3632 1360; baseline 0.002 -20"><span class='ocrx_word' id='word_1_607' title='bbox 2051 1287 2151 1340; x_wconf 86' lang='grc' dir='ltr'>οὐκ</span> <span class='ocrx_word' id='word_1_608' title='bbox 2179 1287 2245 1340; x_wconf 84' lang='grc' dir='ltr'>ἀν</span> <span class='ocrx_word' id='word_1_609' title='bbox 2274 1305 2357 1351; x_wconf 90' lang='grc' dir='ltr'>τις</span> <span class='ocrx_word' id='word_1_610' title='bbox 2392 1288 2688 1357; x_wconf 89' lang='grc' dir='ltr'>ἐργάσαιτό</span> <span class='ocrx_word' id='word_1_611' title='bbox 2708 1307 2759 1342; x_wconf 93' lang='grc' dir='ltr'>τι</span> <span class='ocrx_word' id='word_1_612' title='bbox 2782 1290 2972 1352; x_wconf 81' lang='grc' dir='ltr'>κακὸν,</span> <span class='ocrx_word' id='word_1_613' title='bbox 2994 1289 3166 1354; x_wconf 76' lang='grc' dir='ltr'>οὕτως</span> <span class='ocrx_word' id='word_1_614' title='bbox 3191 1291 3310 1344; x_wconf 83' lang='grc' dir='ltr'>οὑδέ</span> <span class='ocrx_word' id='word_1_615' title='bbox 3340 1293 3464 1354; x_wconf 75' lang='grc' dir='ltr'>τοὺς</span> <span class='ocrx_word' id='word_1_616' title='bbox 3493 1291 3632 1360; x_wconf 79' lang='grc' dir='ltr'>πλη-</span> 
     </span>
    </p>
   </div>
   <div class='ocr_carea' id='block_1_81' title="bbox 2055 1365 3632 1444">
    <p class='ocr_par' dir='ltr' id='par_1_81' title="bbox 2055 1365 3632 1444">
     <span class='ocr_line' id='line_1_81' title="bbox 2055 1365 3632 1444; baseline 0.004 -22"><span class='ocrx_word' id='word_1_617' title='bbox 2055 1370 2169 1423; x_wconf 90' lang='grc' dir='ltr'>σίον</span> <span class='ocrx_word' id='word_1_618' title='bbox 2197 1365 2372 1435; x_wconf 75' lang='grc' dir='ltr'>οὗτος.</span> <span class='ocrx_word' id='word_1_619' title='bbox 2405 1373 2657 1437; x_wconf 82' lang='grc' dir='ltr'>Τοιοῦτος</span> <span class='ocrx_word' id='word_1_620' title='bbox 2680 1373 2736 1425; x_wconf 78' lang='grc' dir='ltr'>δὲ</span> <span class='ocrx_word' id='word_1_621' title='bbox 2759 1373 2855 1434; x_wconf 83' lang='grc' dir='ltr'>ὢν,</span> <span class='ocrx_word' id='word_1_622' title='bbox 2890 1374 3006 1442; x_wconf 87' lang='grc' dir='ltr'>μετ’</span> <span class='ocrx_word' id='word_1_623' title='bbox 3037 1375 3200 1427; x_wconf 81' lang='grc' dir='ltr'>αὐτοῦ</span> <span class='ocrx_word' id='word_1_624' title='bbox 3254 1375 3508 1444; x_wconf 79' lang='grc' dir='ltr'>στήσεται</span> <span class='ocrx_word' id='word_1_625' title='bbox 3537 1373 3632 1428; x_wconf 87' lang='grc' dir='ltr'>τοῦ</span> 
     </span>
    </p>
   </div>
   <div class='ocr_carea' id='block_1_82' title="bbox 2052 1452 3634 1528">
    <p class='ocr_par' dir='ltr' id='par_1_82' title="bbox 2052 1452 3634 1528">
     <span class='ocr_line' id='line_1_82' title="bbox 2052 1452 3634 1528; baseline 0.003 -24"><span class='ocrx_word' id='word_1_626' title='bbox 2052 1452 2294 1524; x_wconf 84' lang='grc' dir='ltr'>Γαϐριὴλ</span> <span class='ocrx_word' id='word_1_627' title='bbox 2335 1454 2427 1507; x_wconf 69' lang='grc' dir='ltr'>ἐπὶ</span> <span class='ocrx_word' id='word_1_628' title='bbox 2464 1454 2564 1524; x_wconf 81' lang='grc' dir='ltr'>τῆς</span> <span class='ocrx_word' id='word_1_629' title='bbox 2607 1456 2710 1526; x_wconf 79' lang='grc' dir='ltr'>γῆς</span> <span class='ocrx_word' id='word_1_630' title='bbox 2758 1455 3009 1526; x_wconf 77' lang='grc' dir='ltr'>βαδίζων.</span> <span class='ocrx_word' id='word_1_631' title='bbox 3059 1459 3168 1511; x_wconf 83' lang='lat' dir='ltr'>Kal</span> <span class='ocrx_word' id='word_1_632' title='bbox 3218 1460 3246 1511; x_wconf 96' lang='lat'>0</span> <span class='ocrx_word' id='word_1_633' title='bbox 3282 1459 3380 1528; x_wconf 82' lang='grc' dir='ltr'>μὲν</span> <span class='ocrx_word' id='word_1_634' title='bbox 3409 1455 3634 1528; x_wconf 83' lang='grc' dir='ltr'>ἀγάπην</span> 
     </span>
    </p>
   </div>
   <div class='ocr_carea' id='block_1_83' title="bbox 2053 1534 3634 1612">
    <p class='ocr_par' dir='ltr' id='par_1_83' title="bbox 2053 1534 3634 1612">
     <span class='ocr_line' id='line_1_83' title="bbox 2053 1534 3634 1612; baseline 0.006 -26"><span class='ocrx_word' id='word_1_635' title='bbox 2053 1534 2191 1604; x_wconf 79' lang='grc' dir='ltr'>ἔχων</span> <span class='ocrx_word' id='word_1_636' title='bbox 2233 1536 2502 1600; x_wconf 90' lang='grc' dir='ltr'>τοιοῦτος·</span> <span class='ocrx_word' id='word_1_637' title='bbox 2538 1539 2566 1590; x_wconf 90' lang='lat'>0</span> <span class='ocrx_word' id='word_1_638' title='bbox 2599 1537 2655 1590; x_wconf 83' lang='grc' dir='ltr'>δὲ</span> <span class='ocrx_word' id='word_1_639' title='bbox 2691 1543 2891 1609; x_wconf 88' lang='grc' dir='ltr'>σημεῖα</span> <span class='ocrx_word' id='word_1_640' title='bbox 2923 1540 3112 1607; x_wconf 86' lang='grc' dir='ltr'>ποιῶν,</span> <span class='ocrx_word' id='word_1_641' title='bbox 3144 1541 3238 1594; x_wconf 72' lang='grc' dir='ltr'>καὶ</span> <span class='ocrx_word' id='word_1_642' title='bbox 3266 1541 3467 1609; x_wconf 79' lang='grc' dir='ltr'>γνῶσιν</span> <span class='ocrx_word' id='word_1_643' title='bbox 3494 1541 3634 1612; x_wconf 79' lang='grc' dir='ltr'>ἔχων</span> 
     </span>
    </p>
   </div>
   <div class='ocr_carea' id='block_1_84' title="bbox 2053 1619 3632 1696">
    <p class='ocr_par' dir='ltr' id='par_1_84' title="bbox 2053 1619 3632 1696">
     <span class='ocr_line' id='line_1_84' title="bbox 2053 1619 3632 1696; baseline 0.004 -26"><span class='ocrx_word' id='word_1_644' title='bbox 2053 1619 2488 1690; x_wconf 87' lang='grc' dir='ltr'>ἀπηρτισμένην,</span> <span class='ocrx_word' id='word_1_645' title='bbox 2519 1620 2725 1691; x_wconf 87' lang='grc' dir='ltr'>ταύτης</span> <span class='ocrx_word' id='word_1_646' title='bbox 2763 1624 2910 1685; x_wconf 83' lang='grc' dir='ltr'>ἄνευ,</span> <span class='ocrx_word' id='word_1_647' title='bbox 2943 1623 3043 1677; x_wconf 83' lang='grc' dir='ltr'>κᾶν</span> <span class='ocrx_word' id='word_1_648' title='bbox 3075 1624 3300 1695; x_wconf 87' lang='grc' dir='ltr'>μυρίους</span> <span class='ocrx_word' id='word_1_649' title='bbox 3330 1624 3516 1696; x_wconf 79' lang='grc' dir='ltr'>ἐγείρῃ</span> <span class='ocrx_word' id='word_1_650' title='bbox 3545 1641 3632 1678; x_wconf 91' lang='grc' dir='ltr'>νε-</span> 
     </span>
    </p>
   </div>
   <div class='ocr_carea' id='block_1_85' title="bbox 2053 1701 3636 1779">
    <p class='ocr_par' dir='ltr' id='par_1_85' title="bbox 2053 1701 3636 1779">
     <span class='ocr_line' id='line_1_85' title="bbox 2053 1701 3636 1779; baseline 0.004 -26"><span class='ocrx_word' id='word_1_651' title='bbox 2053 1702 2242 1770; x_wconf 81' lang='grc' dir='ltr'>κροὺς,</span> <span class='ocrx_word' id='word_1_652' title='bbox 2271 1701 2423 1756; x_wconf 76' lang='grc' dir='ltr'>οὐδὲν</span> <span class='ocrx_word' id='word_1_653' title='bbox 2455 1703 2596 1773; x_wconf 88' lang='grc' dir='ltr'>μέγα</span> <span class='ocrx_word' id='word_1_654' title='bbox 2619 1703 2823 1776; x_wconf 81' lang='grc' dir='ltr'>ὀνήσει,</span> <span class='ocrx_word' id='word_1_655' title='bbox 2847 1708 3062 1760; x_wconf 89' lang='grc' dir='ltr'>πάντων</span> <span class='ocrx_word' id='word_1_656' title='bbox 3092 1707 3507 1779; x_wconf 79' lang='grc' dir='ltr'>ἀπερρηγμένος</span> <span class='ocrx_word' id='word_1_657' title='bbox 3540 1706 3636 1760; x_wconf 79' lang='grc' dir='ltr'>καὶ</span> 
     </span>
    </p>
   </div>
   <div class='ocr_carea' id='block_1_86' title="bbox 2053 1783 3636 1861">
    <p class='ocr_par' dir='ltr' id='par_1_86' title="bbox 2053 1783 3636 1861">
     <span class='ocr_line' id='line_1_86' title="bbox 2053 1783 3636 1861; baseline 0.004 -24"><span class='ocrx_word' id='word_1_658' title='bbox 2053 1783 2229 1837; x_wconf 74' lang='grc' dir='ltr'>οὐδενὶ</span> <span class='ocrx_word' id='word_1_659' title='bbox 2263 1784 2374 1838; x_wconf 87' lang='grc' dir='ltr'>τῶν</span> <span class='ocrx_word' id='word_1_660' title='bbox 2403 1786 2702 1842; x_wconf 84' lang='grc' dir='ltr'>συνδούλων</span> <span class='ocrx_word' id='word_1_661' title='bbox 2741 1789 3100 1858; x_wconf 85' lang='grc' dir='ltr'>ἀναμιγνύναι</span> <span class='ocrx_word' id='word_1_662' title='bbox 3136 1791 3326 1844; x_wconf 77' lang='grc' dir='ltr'>ἐαυτὸν</span> <span class='ocrx_word' id='word_1_663' title='bbox 3372 1791 3636 1861; x_wconf 86' lang='grc' dir='ltr'>ἀνεχόμε-</span> 
     </span>
    </p>
   </div>
   <div class='ocr_carea' id='block_1_87' title="bbox 2052 1867 3638 1943">
    <p class='ocr_par' dir='ltr' id='par_1_87' title="bbox 2052 1867 3638 1943">
     <span class='ocr_line' id='line_1_87' title="bbox 2052 1867 3638 1943; baseline 0.005 -25"><span class='ocrx_word' id='word_1_664' title='bbox 2052 1883 2163 1928; x_wconf 86' lang='grc' dir='ltr'>νος.</span> <span class='ocrx_word' id='word_1_665' title='bbox 2200 1867 2298 1919; x_wconf 88' lang='grc' dir='ltr'>Διά</span> <span class='ocrx_word' id='word_1_666' title='bbox 2319 1867 2384 1939; x_wconf 79' lang='grc' dir='ltr'>δὴ</span> <span class='ocrx_word' id='word_1_667' title='bbox 2407 1868 2566 1922; x_wconf 88' lang='grc' dir='ltr'>τοῦτο</span> <span class='ocrx_word' id='word_1_668' title='bbox 2598 1871 2693 1924; x_wconf 76' lang='grc' dir='ltr'>καὶ</span> <span class='ocrx_word' id='word_1_669' title='bbox 2715 1872 2743 1923; x_wconf 94' lang='lat'>0</span> <span class='ocrx_word' id='word_1_670' title='bbox 2771 1873 3005 1941; x_wconf 80' lang='grc' dir='ltr'>Χριστὸς</span> <span class='ocrx_word' id='word_1_671' title='bbox 3033 1873 3131 1942; x_wconf 87' lang='grc' dir='ltr'>τῆς</span> <span class='ocrx_word' id='word_1_672' title='bbox 3169 1874 3248 1936; x_wconf 87' lang='grc' dir='ltr'>είς</span> <span class='ocrx_word' id='word_1_673' title='bbox 3285 1874 3447 1927; x_wconf 77' lang='grc' dir='ltr'>αὑτὸν</span> <span class='ocrx_word' id='word_1_674' title='bbox 3476 1875 3638 1943; x_wconf 88' lang='grc' dir='ltr'>ἀκρι-</span> 
     </span>
    </p>
   </div>
   <div class='ocr_carea' id='block_1_88' title="bbox 2052 1948 3637 2026">
    <p class='ocr_par' dir='ltr' id='par_1_88' title="bbox 2052 1948 3637 2026">
     <span class='ocr_line' id='line_1_88' title="bbox 2052 1948 3637 2026; baseline 0.008 -27"><span class='ocrx_word' id='word_1_675' title='bbox 2052 1948 2182 2013; x_wconf 85' lang='grc' dir='ltr'>ϐοῦς</span> <span class='ocrx_word' id='word_1_676' title='bbox 2224 1951 2447 2021; x_wconf 87' lang='grc' dir='ltr'>ἀγάπης</span> <span class='ocrx_word' id='word_1_677' title='bbox 2486 1956 2712 2024; x_wconf 86' lang='grc' dir='ltr'>σημεῖον</span> <span class='ocrx_word' id='word_1_678' title='bbox 2750 1953 2951 2024; x_wconf 73' lang='grc' dir='ltr'>ἔφησεν</span> <span class='ocrx_word' id='word_1_679' title='bbox 2993 1950 3154 2017; x_wconf 77' lang='grc' dir='ltr'>εἶναι,</span> <span class='ocrx_word' id='word_1_680' title='bbox 3190 1956 3250 2008; x_wconf 85' lang='grc' dir='ltr'>τὺ</span> <span class='ocrx_word' id='word_1_681' title='bbox 3283 1957 3374 2009; x_wconf 82' lang='grc' dir='ltr'>τὸν</span> <span class='ocrx_word' id='word_1_682' title='bbox 3410 1957 3637 2026; x_wconf 79' lang='grc' dir='ltr'>πλησίον</span> 
     </span>
    </p>
   </div>
   <div class='ocr_carea' id='block_1_89' title="bbox 2053 2032 3637 2109">
    <p class='ocr_par' dir='ltr' id='par_1_89' title="bbox 2053 2032 3637 2109">
     <span class='ocr_line' id='line_1_89' title="bbox 2053 2032 3637 2109; baseline 0.007 -26"><span class='ocrx_word' id='word_1_683' title='bbox 2053 2032 2249 2100; x_wconf 79' lang='grc' dir='ltr'>φιλεῖν.</span> <span class='ocrx_word' id='word_1_684' title='bbox 2288 2035 2355 2088; x_wconf 78' lang='lat' dir='ltr'><strong>El</strong></span> <span class='ocrx_word' id='word_1_685' title='bbox 2401 2035 2510 2106; x_wconf 82' lang='grc' dir='ltr'>γάρ</span> <span class='ocrx_word' id='word_1_686' title='bbox 2539 2037 2736 2105; x_wconf 72' lang='grc' dir='ltr'>φιλεῖς</span> <span class='ocrx_word' id='word_1_687' title='bbox 2765 2054 2863 2106; x_wconf 90' lang='grc' dir='ltr'>με,</span> <span class='ocrx_word' id='word_1_688' title='bbox 2892 2039 3078 2109; x_wconf 74' lang='grc' dir='ltr'>φησὶν,</span> <span class='ocrx_word' id='word_1_689' title='bbox 3102 2035 3148 2092; x_wconf 84' lang='grc' dir='ltr'><em>ὦ</em></span> <span class='ocrx_word' id='word_1_690' title='bbox 3177 2039 3378 2108; x_wconf 83' lang='grc' dir='ltr'>Πέτρε,</span> <span class='ocrx_word' id='word_1_691' title='bbox 3410 2041 3637 2094; x_wconf 73' lang='grc' dir='ltr'>τούτων</span> 
     </span>
    </p>
   </div>
   <div class='ocr_carea' id='block_1_90' title="bbox 2051 2114 3635 2191">
    <p class='ocr_par' dir='ltr' id='par_1_90' title="bbox 2051 2114 3635 2191">
     <span class='ocr_line' id='line_1_90' title="bbox 2051 2114 3635 2191; baseline 0.005 -24"><span class='ocrx_word' id='word_1_692' title='bbox 2051 2114 2265 2180; x_wconf 83' lang='grc' dir='ltr'>πλέον,</span> <span class='ocrx_word' id='word_1_693' title='bbox 2297 2117 2577 2186; x_wconf 83' lang='grc' dir='ltr'>ποίμαινε</span> <span class='ocrx_word' id='word_1_694' title='bbox 2619 2121 2689 2173; x_wconf 83' lang='grc' dir='ltr'>τά</span> <span class='ocrx_word' id='word_1_695' title='bbox 2735 2120 3001 2188; x_wconf 80' lang='grc' dir='ltr'>πρόϐατά</span> <span class='ocrx_word' id='word_1_696' title='bbox 3035 2140 3177 2191; x_wconf 90' lang='grc' dir='ltr'>μου.</span> <span class='ocrx_word' id='word_1_697' title='bbox 3213 2118 3366 2185; x_wconf 77' lang='grc' dir='ltr'>Εἶδες</span> <span class='ocrx_word' id='word_1_698' title='bbox 3390 2121 3508 2185; x_wconf 87' lang='grc' dir='ltr'>πῶς</span> <span class='ocrx_word' id='word_1_699' title='bbox 3541 2125 3635 2177; x_wconf 78' lang='grc' dir='ltr'>καὶ</span> 
     </span>
    </p>
   </div>
   <div class='ocr_carea' id='block_1_91' title="bbox 2051 2197 3632 2276">
    <p class='ocr_par' dir='ltr' id='par_1_91' title="bbox 2051 2197 3632 2276">
     <span class='ocr_line' id='line_1_91' title="bbox 2051 2197 3632 2276; baseline 0.006 -27"><span class='ocrx_word' id='word_1_700' title='bbox 2051 2197 2301 2252; x_wconf 85' lang='grc' dir='ltr'>ἐντεῦθεν</span> <span class='ocrx_word' id='word_1_701' title='bbox 2329 2200 2489 2253; x_wconf 89' lang='grc' dir='ltr'>πάλιν</span> <span class='ocrx_word' id='word_1_702' title='bbox 2519 2202 2758 2272; x_wconf 69' lang='grc' dir='ltr'>ᾐνίξατο,</span> <span class='ocrx_word' id='word_1_703' title='bbox 2781 2205 2864 2256; x_wconf 80' lang='grc' dir='ltr'>ὅτι</span> <span class='ocrx_word' id='word_1_704' title='bbox 2903 2205 3202 2276; x_wconf 86' lang='grc' dir='ltr'>μαρτυρίου</span> <span class='ocrx_word' id='word_1_705' title='bbox 3239 2204 3421 2276; x_wconf 73' lang='grc' dir='ltr'>μεῖζον</span> <span class='ocrx_word' id='word_1_706' title='bbox 3442 2203 3598 2258; x_wconf 87' lang='grc' dir='ltr'>τοῦτο</span> <span class='ocrx_word' id='word_1_707' title='bbox 3617 2247 3632 2268; x_wconf 89' lang='grc'>,</span> 
     </span>
    </p>
   </div>
   <div class='ocr_carea' id='block_1_92' title="bbox 2051 2281 3632 2359">
    <p class='ocr_par' dir='ltr' id='par_1_92' title="bbox 2051 2281 3632 2359">
     <span class='ocr_line' id='line_1_92' title="bbox 2051 2281 3632 2359; baseline 0.004 -25"><span class='ocrx_word' id='word_1_708' title='bbox 2051 2281 2161 2335; x_wconf 84' lang='lat' dir='ltr'>Kal</span> <span class='ocrx_word' id='word_1_709' title='bbox 2197 2284 2306 2354; x_wconf 83' lang='grc' dir='ltr'>γὰρ</span> <span class='ocrx_word' id='word_1_710' title='bbox 2353 2287 2400 2338; x_wconf 85' lang='grc' dir='ltr'>εί</span> <span class='ocrx_word' id='word_1_711' title='bbox 2448 2286 2614 2339; x_wconf 88' lang='grc' dir='ltr'>παῖδά</span> <span class='ocrx_word' id='word_1_712' title='bbox 2644 2304 2725 2352; x_wconf 86' lang='grc' dir='ltr'>τις</span> <span class='ocrx_word' id='word_1_713' title='bbox 2767 2282 2914 2358; x_wconf 83' lang='grc' dir='ltr'>εἶχεν</span> <span class='ocrx_word' id='word_1_714' title='bbox 2944 2288 3248 2359; x_wconf 78' lang='grc' dir='ltr'>ἀγαπητὸν,</span> <span class='ocrx_word' id='word_1_715' title='bbox 3283 2290 3376 2342; x_wconf 75' lang='grc' dir='ltr'>καὶ</span> <span class='ocrx_word' id='word_1_716' title='bbox 3407 2288 3546 2359; x_wconf 82' lang='grc' dir='ltr'>ὑπὲρ</span> <span class='ocrx_word' id='word_1_717' title='bbox 3571 2282 3632 2342; x_wconf 69' lang='grc' dir='ltr'>οὗ</span> 
     </span>
    </p>
   </div>
   <div class='ocr_carea' id='block_1_93' title="bbox 2051 2366 3635 2443">
    <p class='ocr_par' dir='ltr' id='par_1_93' title="bbox 2051 2366 3635 2443">
     <span class='ocr_line' id='line_1_93' title="bbox 2051 2366 3635 2443; baseline 0.007 -27"><span class='ocrx_word' id='word_1_718' title='bbox 2051 2367 2146 2417; x_wconf 76' lang='grc' dir='ltr'>καὶ</span> <span class='ocrx_word' id='word_1_719' title='bbox 2172 2366 2272 2437; x_wconf 80' lang='grc' dir='ltr'>τὴν</span> <span class='ocrx_word' id='word_1_720' title='bbox 2298 2367 2475 2440; x_wconf 83' lang='grc' dir='ltr'>ψυχὴν</span> <span class='ocrx_word' id='word_1_721' title='bbox 2508 2369 2572 2422; x_wconf 86' lang='grc' dir='ltr'>ἂν</span> <span class='ocrx_word' id='word_1_722' title='bbox 2601 2371 2896 2433; x_wconf 89' lang='grc' dir='ltr'>ἐπέδωκεν,</span> <span class='ocrx_word' id='word_1_723' title='bbox 2921 2368 3041 2426; x_wconf 84' lang='grc' dir='ltr'>εἶτά</span> <span class='ocrx_word' id='word_1_724' title='bbox 3065 2389 3144 2436; x_wconf 88' lang='grc' dir='ltr'>τις</span> <span class='ocrx_word' id='word_1_725' title='bbox 3174 2373 3262 2426; x_wconf 80' lang='grc' dir='ltr'>τὸν</span> <span class='ocrx_word' id='word_1_726' title='bbox 3295 2372 3392 2443; x_wconf 90' lang='grc' dir='ltr'>μέν</span> <span class='ocrx_word' id='word_1_727' title='bbox 3423 2373 3635 2443; x_wconf 83' lang='grc' dir='ltr'>πατέρα</span> 
     </span>
    </p>
   </div>
   <div class='ocr_carea' id='block_1_94' title="bbox 2051 2446 3634 2527">
    <p class='ocr_par' dir='ltr' id='par_1_94' title="bbox 2051 2446 3634 2527">
     <span class='ocr_line' id='line_1_94' title="bbox 2051 2446 3634 2527; baseline 0.007 -30"><span class='ocrx_word' id='word_1_728' title='bbox 2051 2446 2248 2516; x_wconf 81' lang='grc' dir='ltr'>ἐφίλει,</span> <span class='ocrx_word' id='word_1_729' title='bbox 2287 2449 2364 2520; x_wconf 84' lang='grc' dir='ltr'>τῷ</span> <span class='ocrx_word' id='word_1_730' title='bbox 2394 2450 2450 2503; x_wconf 84' lang='grc' dir='ltr'>δὲ</span> <span class='ocrx_word' id='word_1_731' title='bbox 2487 2451 2636 2504; x_wconf 83' lang='grc' dir='ltr'>παιδὶ</span> <span class='ocrx_word' id='word_1_732' title='bbox 2671 2453 2793 2523; x_wconf 82' lang='grc' dir='ltr'>μηδ’</span> <span class='ocrx_word' id='word_1_733' title='bbox 2827 2454 2962 2517; x_wconf 82' lang='grc' dir='ltr'>ὅλως</span> <span class='ocrx_word' id='word_1_734' title='bbox 3009 2457 3285 2526; x_wconf 85' lang='grc' dir='ltr'>προσεῖχε,</span> <span class='ocrx_word' id='word_1_735' title='bbox 3332 2455 3535 2527; x_wconf 88' lang='grc' dir='ltr'>σφόδρα</span> <span class='ocrx_word' id='word_1_736' title='bbox 3567 2456 3634 2510; x_wconf 84' lang='grc' dir='ltr'>ἂν</span> 
     </span>
    </p>
   </div>
   <div class='ocr_carea' id='block_1_95' title="bbox 2053 2532 3635 2608">
    <p class='ocr_par' dir='ltr' id='par_1_95' title="bbox 2053 2532 3635 2608">
     <span class='ocr_line' id='line_1_95' title="bbox 2053 2532 3635 2608; baseline 0.006 -26"><span class='ocrx_word' id='word_1_737' title='bbox 2053 2532 2338 2602; x_wconf 83' lang='grc' dir='ltr'>παρώξυνε</span> <span class='ocrx_word' id='word_1_738' title='bbox 2373 2534 2463 2586; x_wconf 81' lang='grc' dir='ltr'>τὸν</span> <span class='ocrx_word' id='word_1_739' title='bbox 2493 2535 2726 2605; x_wconf 86' lang='grc' dir='ltr'>πατέρα,</span> <span class='ocrx_word' id='word_1_740' title='bbox 2757 2537 2849 2589; x_wconf 78' lang='grc' dir='ltr'>καὶ</span> <span class='ocrx_word' id='word_1_741' title='bbox 2869 2537 2969 2589; x_wconf 91' lang='grc' dir='ltr'>οὐκ</span> <span class='ocrx_word' id='word_1_742' title='bbox 2991 2536 3056 2590; x_wconf 80' lang='grc' dir='ltr'>ἂν</span> <span class='ocrx_word' id='word_1_743' title='bbox 3079 2537 3275 2608; x_wconf 74' lang='grc' dir='ltr'>ᾔσθετο</span> <span class='ocrx_word' id='word_1_744' title='bbox 3301 2538 3400 2607; x_wconf 78' lang='grc' dir='ltr'>τῆς</span> <span class='ocrx_word' id='word_1_745' title='bbox 3429 2538 3635 2601; x_wconf 78' lang='grc' dir='ltr'>οἰκείας</span> 
     </span>
    </p>
   </div>
   <div class='ocr_carea' id='block_1_96' title="bbox 2051 2614 3636 2691">
    <p class='ocr_par' dir='ltr' id='par_1_96' title="bbox 2051 2614 3636 2691">
     <span class='ocr_line' id='line_1_96' title="bbox 2051 2614 3636 2691; baseline 0.006 -25"><span class='ocrx_word' id='word_1_746' title='bbox 2051 2614 2275 2686; x_wconf 86' lang='grc' dir='ltr'>ἀγάπης</span> <span class='ocrx_word' id='word_1_747' title='bbox 2303 2616 2391 2670; x_wconf 83' lang='grc' dir='ltr'>διὰ</span> <span class='ocrx_word' id='word_1_748' title='bbox 2423 2616 2523 2689; x_wconf 82' lang='grc' dir='ltr'>τὴν</span> <span class='ocrx_word' id='word_1_749' title='bbox 2551 2619 2645 2672; x_wconf 90' lang='grc' dir='ltr'>τοῦ</span> <span class='ocrx_word' id='word_1_750' title='bbox 2677 2619 2864 2684; x_wconf 85' lang='grc' dir='ltr'>παιδὸς</span> <span class='ocrx_word' id='word_1_751' title='bbox 2887 2620 3212 2691; x_wconf 70' lang='grc' dir='ltr'>ὑπεροψίαν.</span> <span class='ocrx_word' id='word_1_752' title='bbox 3242 2622 3302 2674; x_wconf 74' lang='lat' dir='ltr'><strong>El</strong></span> <span class='ocrx_word' id='word_1_753' title='bbox 3329 2621 3385 2674; x_wconf 84' lang='grc' dir='ltr'>δέ</span> <span class='ocrx_word' id='word_1_754' title='bbox 3409 2622 3500 2674; x_wconf 76' lang='grc' dir='ltr'>ἐπὶ</span> <span class='ocrx_word' id='word_1_755' title='bbox 3529 2639 3636 2676; x_wconf 79' lang='grc' dir='ltr'>παο</span> 
     </span>
    </p>
   </div>
   <div class='ocr_carea' id='block_1_97' title="bbox 2051 2698 3635 2774">
    <p class='ocr_par' dir='ltr' id='par_1_97' title="bbox 2051 2698 3635 2774">
     <span class='ocr_line' id='line_1_97' title="bbox 2051 2698 3635 2774; baseline 0.005 -24"><span class='ocrx_word' id='word_1_756' title='bbox 2051 2698 2180 2768; x_wconf 82' lang='grc' dir='ltr'>τρὸς</span> <span class='ocrx_word' id='word_1_757' title='bbox 2218 2699 2314 2752; x_wconf 77' lang='grc' dir='ltr'>καὶ</span> <span class='ocrx_word' id='word_1_758' title='bbox 2345 2701 2532 2765; x_wconf 82' lang='grc' dir='ltr'>παιδὸς</span> <span class='ocrx_word' id='word_1_759' title='bbox 2561 2702 2719 2756; x_wconf 89' lang='grc' dir='ltr'>τοῦτο</span> <span class='ocrx_word' id='word_1_760' title='bbox 2755 2703 3063 2774; x_wconf 90' lang='grc' dir='ltr'>συμϐαίνει,</span> <span class='ocrx_word' id='word_1_761' title='bbox 3095 2703 3276 2774; x_wconf 87' lang='grc' dir='ltr'>πολλῷ</span> <span class='ocrx_word' id='word_1_762' title='bbox 3311 2704 3509 2774; x_wconf 87' lang='grc' dir='ltr'>μᾶλλον</span> <span class='ocrx_word' id='word_1_763' title='bbox 3541 2707 3635 2758; x_wconf 76' lang='grc' dir='ltr'>ἐπὶ</span> 
     </span>
    </p>
   </div>
   <div class='ocr_carea' id='block_1_98' title="bbox 2051 2781 3630 2857">
    <p class='ocr_par' dir='ltr' id='par_1_98' title="bbox 2051 2781 3630 2857">
     <span class='ocr_line' id='line_1_98' title="bbox 2051 2781 3630 2857; baseline 0.004 -25"><span class='ocrx_word' id='word_1_764' title='bbox 2051 2781 2186 2833; x_wconf 86' lang='grc' dir='ltr'>Θεοῦ</span> <span class='ocrx_word' id='word_1_765' title='bbox 2211 2784 2307 2836; x_wconf 75' lang='grc' dir='ltr'>καὶ</span> <span class='ocrx_word' id='word_1_766' title='bbox 2341 2783 2664 2854; x_wconf 89' lang='grc' dir='ltr'>ἀνθρώπων·</span> <span class='ocrx_word' id='word_1_767' title='bbox 2695 2788 2790 2840; x_wconf 64' lang='grc' dir='ltr'>καὶ</span> <span class='ocrx_word' id='word_1_768' title='bbox 2817 2787 2887 2853; x_wconf 90' lang='grc' dir='ltr'>γά</span> <span class='ocrx_word' id='word_1_769' title='bbox 2897 2804 2927 2857; x_wconf 90' lang='grc' dir='ltr'>ρ</span> <span class='ocrx_word' id='word_1_770' title='bbox 2954 2787 3207 2856; x_wconf 86' lang='grc' dir='ltr'>πατέρων</span> <span class='ocrx_word' id='word_1_771' title='bbox 3237 2787 3491 2839; x_wconf 75' lang='grc' dir='ltr'>ἁπάντων</span> <span class='ocrx_word' id='word_1_772' title='bbox 3518 2788 3630 2840; x_wconf 75' lang='grc' dir='ltr'>ἐστὶ</span> 
     </span>
    </p>
   </div>
   <div class='ocr_carea' id='block_1_99' title="bbox 2053 2865 3629 2939">
    <p class='ocr_par' dir='ltr' id='par_1_99' title="bbox 2053 2865 3629 2939">
     <span class='ocr_line' id='line_1_99' title="bbox 2053 2865 3629 2939; baseline 0.004 -23"><span class='ocrx_word' id='word_1_773' title='bbox 2053 2865 2538 2938; x_wconf 81' lang='grc' dir='ltr'>φιλοστοργότερος</span> <span class='ocrx_word' id='word_1_774' title='bbox 2561 2870 2588 2920; x_wconf 90' lang='lat'>0</span> <span class='ocrx_word' id='word_1_775' title='bbox 2614 2867 2766 2931; x_wconf 87' lang='grc' dir='ltr'>Θεός.</span> <span class='ocrx_word' id='word_1_776' title='bbox 2797 2870 2895 2921; x_wconf 89' lang='grc' dir='ltr'>Διά</span> <span class='ocrx_word' id='word_1_777' title='bbox 2920 2869 2984 2939; x_wconf 83' lang='grc' dir='ltr'>δὴ</span> <span class='ocrx_word' id='word_1_778' title='bbox 3014 2868 3172 2921; x_wconf 88' lang='grc' dir='ltr'>τοῦτο</span> <span class='ocrx_word' id='word_1_779' title='bbox 3211 2867 3401 2930; x_wconf 86' lang='grc' dir='ltr'>εἰπὼν,</span> <span class='ocrx_word' id='word_1_780' title='bbox 3429 2869 3629 2936; x_wconf 77' lang='grc' dir='ltr'>Πρώτη</span> 
     </span>
    </p>
   </div>
   <div class='ocr_carea' id='block_1_100' title="bbox 2051 2947 3636 3020">
    <p class='ocr_par' dir='ltr' id='par_1_100' title="bbox 2051 2947 3636 3020">
     <span class='ocr_line' id='line_1_100' title="bbox 2051 2947 3636 3020; baseline 0.004 -20"><span class='ocrx_word' id='word_1_781' title='bbox 2051 2947 2149 3000; x_wconf 76' lang='grc' dir='ltr'>καί</span> <span class='ocrx_word' id='word_1_782' title='bbox 2175 2949 2408 3018; x_wconf 82' lang='grc' dir='ltr'>μεγάλη</span> <span class='ocrx_word' id='word_1_783' title='bbox 2439 2951 2682 3018; x_wconf 75' lang='grc' dir='ltr'>ἐντολὴ,</span> <span class='ocrx_word' id='word_1_784' title='bbox 2723 2951 3076 3020; x_wconf 70' lang='grc' dir='ltr'>Ἀγαπήσεις</span> <span class='ocrx_word' id='word_1_785' title='bbox 3103 2952 3323 3020; x_wconf 76' lang='grc' dir='ltr'>Κύριον</span> <span class='ocrx_word' id='word_1_786' title='bbox 3350 2951 3457 3004; x_wconf 77' lang='grc' dir='ltr'>τὸν</span> <span class='ocrx_word' id='word_1_787' title='bbox 3486 2954 3636 3006; x_wconf 73' lang='grc' dir='ltr'>Θεόν</span> 
     </span>
    </p>
   </div>
   <div class='ocr_carea' id='block_1_101' title="bbox 2051 3033 3632 3106">
    <p class='ocr_par' dir='ltr' id='par_1_101' title="bbox 2051 3033 3632 3106">
     <span class='ocr_line' id='line_1_101' title="bbox 2051 3033 3632 3106; baseline 0.003 -21"><span class='ocrx_word' id='word_1_788' title='bbox 2051 3047 2192 3094; x_wconf 86' lang='grc' dir='ltr'>σου,</span> <span class='ocrx_word' id='word_1_789' title='bbox 2226 3034 2500 3104; x_wconf 88' lang='grc' dir='ltr'>ἐπήγαγε,</span> <span class='ocrx_word' id='word_1_790' title='bbox 2530 3034 2785 3103; x_wconf 86' lang='grc' dir='ltr'>Δευτέρα</span> <span class='ocrx_word' id='word_1_791' title='bbox 2822 3034 2910 3100; x_wconf 85' lang='grc' dir='ltr'>δὲ,</span> <span class='ocrx_word' id='word_1_792' title='bbox 2946 3035 3038 3088; x_wconf 73' lang='grc' dir='ltr'>καὶ</span> <span class='ocrx_word' id='word_1_793' title='bbox 3066 3035 3165 3088; x_wconf 89' lang='grc' dir='ltr'>οὐκ</span> <span class='ocrx_word' id='word_1_794' title='bbox 3194 3035 3469 3106; x_wconf 82' lang='grc' dir='ltr'>ἐσίγησεν,</span> <span class='ocrx_word' id='word_1_795' title='bbox 3495 3033 3632 3090; x_wconf 83' lang='grc' dir='ltr'>ἀλλά</span> 
     </span>
    </p>
   </div>
   <div class='ocr_carea' id='block_1_102' title="bbox 2052 3113 3632 3187">
    <p class='ocr_par' dir='ltr' id='par_1_102' title="bbox 2052 3113 3632 3187">
     <span class='ocr_line' id='line_1_102' title="bbox 2052 3113 3632 3187; baseline 0.005 -23"><span class='ocrx_word' id='word_1_796' title='bbox 2052 3113 2418 3187; x_wconf 85' lang='grc' dir='ltr'>προσέθηκεν,</span> <span class='ocrx_word' id='word_1_797' title='bbox 2466 3116 2669 3185; x_wconf 83' lang='grc' dir='ltr'>Ὁμοία</span> <span class='ocrx_word' id='word_1_798' title='bbox 2704 3115 2915 3185; x_wconf 85' lang='grc' dir='ltr'>αὐτῆς,</span> <span class='ocrx_word' id='word_1_799' title='bbox 2960 3117 3311 3187; x_wconf 75' lang='grc' dir='ltr'>Ἀγαπήσεις</span> <span class='ocrx_word' id='word_1_800' title='bbox 3340 3118 3443 3170; x_wconf 81' lang='grc' dir='ltr'>τὸν</span> <span class='ocrx_word' id='word_1_801' title='bbox 3478 3121 3632 3186; x_wconf 80' lang='grc' dir='ltr'>πλη-</span> 
     </span>
    </p>
   </div>
   <div class='ocr_carea' id='block_1_103' title="bbox 2051 3198 3626 3271">
    <p class='ocr_par' dir='ltr' id='par_1_103' title="bbox 2051 3198 3626 3271">
     <span class='ocr_line' id='line_1_103' title="bbox 2051 3198 3626 3271; baseline 0.002 -20"><span class='ocrx_word' id='word_1_802' title='bbox 2051 3198 2192 3251; x_wconf 86' lang='grc' dir='ltr'>σίον</span> <span class='ocrx_word' id='word_1_803' title='bbox 2222 3216 2338 3253; x_wconf 90' lang='grc' dir='ltr'>σου</span> <span class='ocrx_word' id='word_1_804' title='bbox 2377 3200 2457 3266; x_wconf 86' lang='grc' dir='ltr'>ὡς</span> <span class='ocrx_word' id='word_1_805' title='bbox 2485 3201 2722 3255; x_wconf 82' lang='grc' dir='ltr'>ἑαυτόν.</span> <span class='ocrx_word' id='word_1_806' title='bbox 2754 3201 2865 3254; x_wconf 89' lang='lat' dir='ltr'>Kal</span> <span class='ocrx_word' id='word_1_807' title='bbox 2890 3201 2991 3271; x_wconf 80' lang='grc' dir='ltr'>ὅρα</span> <span class='ocrx_word' id='word_1_808' title='bbox 3023 3201 3139 3263; x_wconf 88' lang='grc' dir='ltr'>πῶς</span> <span class='ocrx_word' id='word_1_809' title='bbox 3170 3200 3306 3271; x_wconf 86' lang='grc' dir='ltr'>μετά</span> <span class='ocrx_word' id='word_1_810' title='bbox 3328 3201 3427 3271; x_wconf 83' lang='grc' dir='ltr'>τῆς</span> <span class='ocrx_word' id='word_1_811' title='bbox 3455 3201 3626 3271; x_wconf 78' lang='grc' dir='ltr'>αὐτῆς</span> 
     </span>
    </p>
   </div>
   <div class='ocr_carea' id='block_1_104' title="bbox 2052 3280 3624 3355">
    <p class='ocr_par' dir='ltr' id='par_1_104' title="bbox 2052 3280 3624 3355">
     <span class='ocr_line' id='line_1_104' title="bbox 2052 3280 3624 3355; baseline 0.004 -24"><span class='ocrx_word' id='word_1_812' title='bbox 2052 3280 2234 3350; x_wconf 78' lang='grc' dir='ltr'>σχεδὸν</span> <span class='ocrx_word' id='word_1_813' title='bbox 2271 3281 2576 3353; x_wconf 83' lang='grc' dir='ltr'>ὑπερϐολῆς</span> <span class='ocrx_word' id='word_1_814' title='bbox 2604 3285 2826 3336; x_wconf 89' lang='grc' dir='ltr'>ἀπαιτεῖ</span> <span class='ocrx_word' id='word_1_815' title='bbox 2854 3283 2948 3335; x_wconf 84' lang='grc' dir='ltr'>καὶ</span> <span class='ocrx_word' id='word_1_816' title='bbox 2971 3283 3195 3352; x_wconf 87' lang='grc' dir='ltr'>ταύτην.</span> <span class='ocrx_word' id='word_1_817' title='bbox 3228 3284 3362 3354; x_wconf 71' lang='grc' dir='ltr'>Περὶ</span> <span class='ocrx_word' id='word_1_818' title='bbox 3391 3283 3488 3354; x_wconf 84' lang='grc' dir='ltr'>μὲν</span> <span class='ocrx_word' id='word_1_819' title='bbox 3513 3283 3624 3355; x_wconf 84' lang='grc' dir='ltr'>γάρ</span> 
     </span>
    </p>
   </div>
   <div class='ocr_carea' id='block_1_105' title="bbox 2050 3359 3619 3438">
    <p class='ocr_par' dir='ltr' id='par_1_105' title="bbox 2050 3359 3619 3438">
     <span class='ocr_line' id='line_1_105' title="bbox 2050 3359 3619 3438; baseline 0.003 -22"><span class='ocrx_word' id='word_1_820' title='bbox 2050 3364 2144 3417; x_wconf 88' lang='grc' dir='ltr'>τοῦ</span> <span class='ocrx_word' id='word_1_821' title='bbox 2181 3363 2318 3417; x_wconf 87' lang='grc' dir='ltr'>Θεοῦ</span> <span class='ocrx_word' id='word_1_822' title='bbox 2376 3383 2559 3436; x_wconf 88' lang='grc' dir='ltr'>φησιν,</span> <span class='ocrx_word' id='word_1_823' title='bbox 2603 3365 2705 3430; x_wconf 78' lang='grc' dir='ltr'>Ἐξ</span> <span class='ocrx_word' id='word_1_824' title='bbox 2744 3364 2892 3432; x_wconf 74' lang='grc' dir='ltr'>ὅλης</span> <span class='ocrx_word' id='word_1_825' title='bbox 2938 3365 3187 3434; x_wconf 85' lang='grc' dir='ltr'>καρδίας</span> <span class='ocrx_word' id='word_1_826' title='bbox 3222 3380 3358 3420; x_wconf 88' lang='grc' dir='ltr'>σου·</span> <span class='ocrx_word' id='word_1_827' title='bbox 3395 3359 3531 3438; x_wconf 63' lang='grc' dir='ltr'>περϊ</span> <span class='ocrx_word' id='word_1_828' title='bbox 3562 3366 3619 3420; x_wconf 77' lang='grc' dir='ltr'>δὲ</span> 
     </span>
    </p>
   </div>
   <div class='ocr_carea' id='block_1_106' title="bbox 2049 3446 3629 3521">
    <p class='ocr_par' dir='ltr' id='par_1_106' title="bbox 2049 3446 3629 3521">
     <span class='ocr_line' id='line_1_106' title="bbox 2049 3446 3629 3521; baseline 0.002 -19"><span class='ocrx_word' id='word_1_829' title='bbox 2049 3446 2142 3502; x_wconf 89' lang='grc' dir='ltr'>τοῦ</span> <span class='ocrx_word' id='word_1_830' title='bbox 2201 3448 2428 3520; x_wconf 88' lang='grc' dir='ltr'>πλησίον</span> <span class='ocrx_word' id='word_1_831' title='bbox 2479 3467 2595 3511; x_wconf 88' lang='grc' dir='ltr'>σου,</span> <span class='ocrx_word' id='word_1_832' title='bbox 2635 3449 2731 3515; x_wconf 83' lang='grc' dir='ltr'>Ὠς</span> <span class='ocrx_word' id='word_1_833' title='bbox 2770 3449 3006 3513; x_wconf 76' lang='grc' dir='ltr'>ἑαυτὸν,</span> <span class='ocrx_word' id='word_1_834' title='bbox 3055 3451 3191 3519; x_wconf 86' lang='grc' dir='ltr'>ὅπερ</span> <span class='ocrx_word' id='word_1_835' title='bbox 3234 3452 3346 3505; x_wconf 79' lang='grc' dir='ltr'>[σον</span> <span class='ocrx_word' id='word_1_836' title='bbox 3379 3452 3495 3504; x_wconf 75' lang='grc' dir='ltr'>ἐστὶ</span> <span class='ocrx_word' id='word_1_837' title='bbox 3529 3451 3629 3521; x_wconf 84' lang='grc' dir='ltr'>τῷ,</span> 
     </span>
    </p>
   </div>
   <div class='ocr_carea' id='block_1_107' title="bbox 2062 3530 3630 3604">
    <p class='ocr_par' dir='ltr' id='par_1_107' title="bbox 2062 3530 3630 3604">
     <span class='ocr_line' id='line_1_107' title="bbox 2062 3530 3630 3604; baseline 0.003 -20"><span class='ocrx_word' id='word_1_838' title='bbox 2062 3531 2164 3597; x_wconf 81' lang='grc' dir='ltr'>Ἐξ</span> <span class='ocrx_word' id='word_1_839' title='bbox 2186 3530 2334 3597; x_wconf 88' lang='grc' dir='ltr'>ὅλης</span> <span class='ocrx_word' id='word_1_840' title='bbox 2359 3537 2470 3598; x_wconf 84' lang='grc' dir='ltr'>τῆς</span> <span class='ocrx_word' id='word_1_841' title='bbox 2502 3531 2749 3600; x_wconf 84' lang='grc' dir='ltr'>καρδίας</span> <span class='ocrx_word' id='word_1_842' title='bbox 2777 3546 2914 3586; x_wconf 90' lang='grc' dir='ltr'>σου.</span> <span class='ocrx_word' id='word_1_843' title='bbox 2950 3533 3060 3586; x_wconf 88' lang='lat' dir='ltr'>Kal</span> <span class='ocrx_word' id='word_1_844' title='bbox 3098 3533 3204 3604; x_wconf 82' lang='grc' dir='ltr'>γάρ</span> <span class='ocrx_word' id='word_1_845' title='bbox 3238 3535 3286 3586; x_wconf 86' lang='grc' dir='ltr'>εί</span> <span class='ocrx_word' id='word_1_846' title='bbox 3317 3536 3455 3604; x_wconf 89' lang='grc' dir='ltr'>μετά</span> <span class='ocrx_word' id='word_1_847' title='bbox 3479 3535 3630 3604; x_wconf 83' lang='grc' dir='ltr'>ἀκρι-</span> 
     </span>
    </p>
   </div>
   <div class='ocr_carea' id='block_1_108' title="bbox 2050 3613 3626 3690">
    <p class='ocr_par' dir='ltr' id='par_1_108' title="bbox 2050 3613 3626 3690">
     <span class='ocr_line' id='line_1_108' title="bbox 2050 3613 3626 3690; baseline 0.004 -25"><span class='ocrx_word' id='word_1_848' title='bbox 2050 3614 2203 3676; x_wconf 84' lang='grc' dir='ltr'>ϐείας</span> <span class='ocrx_word' id='word_1_849' title='bbox 2225 3613 2385 3667; x_wconf 91' lang='grc' dir='ltr'>τοῦτο</span> <span class='ocrx_word' id='word_1_850' title='bbox 2415 3614 2762 3682; x_wconf 80' lang='grc' dir='ltr'>ἐφυλάττετο,</span> <span class='ocrx_word' id='word_1_851' title='bbox 2792 3616 2853 3668; x_wconf 84' lang='grc' dir='ltr'>οὑ</span> <span class='ocrx_word' id='word_1_852' title='bbox 2877 3615 3082 3679; x_wconf 86' lang='grc' dir='ltr'>δοῦλος,</span> <span class='ocrx_word' id='word_1_853' title='bbox 3106 3617 3206 3670; x_wconf 86' lang='grc' dir='ltr'>οὐκ</span> <span class='ocrx_word' id='word_1_854' title='bbox 3231 3617 3515 3690; x_wconf 72' lang='grc' dir='ltr'>ἐλεύθερος</span> <span class='ocrx_word' id='word_1_855' title='bbox 3537 3615 3626 3690; x_wconf 79' lang='grc' dir='ltr'>ἦν,</span> 
     </span>
    </p>
   </div>
   <div class='ocr_carea' id='block_1_109' title="bbox 2047 3697 3628 3772">
    <p class='ocr_par' dir='ltr' id='par_1_109' title="bbox 2047 3697 3628 3772">
     <span class='ocr_line' id='line_1_109' title="bbox 2047 3697 3628 3772; baseline 0.011 -23"><span class='ocrx_word' id='word_1_856' title='bbox 2047 3699 2150 3751; x_wconf 88' lang='grc' dir='ltr'>οὐκ</span> <span class='ocrx_word' id='word_1_857' title='bbox 2185 3697 2392 3767; x_wconf 83' lang='grc' dir='ltr'>ἀρχων,</span> <span class='ocrx_word' id='word_1_858' title='bbox 2429 3699 2530 3751; x_wconf 90' lang='grc' dir='ltr'>οὐκ</span> <span class='ocrx_word' id='word_1_859' title='bbox 2563 3698 2890 3770; x_wconf 87' lang='grc' dir='ltr'>ἀρχόμενος,</span> <span class='ocrx_word' id='word_1_860' title='bbox 2922 3700 2984 3753; x_wconf 89' lang='grc' dir='ltr'>οὐ</span> <span class='ocrx_word' id='word_1_861' title='bbox 3019 3700 3292 3766; x_wconf 86' lang='grc' dir='ltr'>πλούσιος.</span> <span class='ocrx_word' id='word_1_862' title='bbox 3334 3703 3396 3757; x_wconf 89' lang='grc' dir='ltr'>οὐ</span> <span class='ocrx_word' id='word_1_863' title='bbox 3438 3705 3628 3772; x_wconf 75' lang='grc' dir='ltr'>πένης.</span> 
     </span>
    </p>
   </div>
   <div class='ocr_carea' id='block_1_110' title="bbox 2047 3781 3626 3858">
    <p class='ocr_par' dir='ltr' id='par_1_110' title="bbox 2047 3781 3626 3858">
     <span class='ocr_line' id='line_1_110' title="bbox 2047 3781 3626 3858; baseline 0.005 -25"><span class='ocrx_word' id='word_1_864' title='bbox 2047 3783 2107 3834; x_wconf 88' lang='grc' dir='ltr'>οὑ</span> <span class='ocrx_word' id='word_1_865' title='bbox 2141 3781 2358 3852; x_wconf 86' lang='grc' dir='ltr'>μικρὸς,</span> <span class='ocrx_word' id='word_1_866' title='bbox 2395 3783 2456 3834; x_wconf 90' lang='grc' dir='ltr'>οὐ</span> <span class='ocrx_word' id='word_1_867' title='bbox 2487 3782 2680 3852; x_wconf 86' lang='grc' dir='ltr'>μέγας,</span> <span class='ocrx_word' id='word_1_868' title='bbox 2719 3783 2780 3836; x_wconf 84' lang='grc' dir='ltr'>οὐ</span> <span class='ocrx_word' id='word_1_869' title='bbox 2808 3782 3053 3848; x_wconf 87' lang='grc' dir='ltr'>διάϐολος</span> <span class='ocrx_word' id='word_1_870' title='bbox 3095 3785 3161 3838; x_wconf 82' lang='grc' dir='ltr'>ἂν</span> <span class='ocrx_word' id='word_1_871' title='bbox 3195 3785 3439 3858; x_wconf 84' lang='grc' dir='ltr'>ἐγνώσθη</span> <span class='ocrx_word' id='word_1_872' title='bbox 3475 3787 3626 3840; x_wconf 88' lang='grc' dir='ltr'>ποτέ·</span> 
     </span>
    </p>
   </div>
   <div class='ocr_carea' id='block_1_111' title="bbox 2047 3859 3629 3939">
    <p class='ocr_par' dir='ltr' id='par_1_111' title="bbox 2047 3859 3629 3939">
     <span class='ocr_line' id='line_1_111' title="bbox 2047 3859 3629 3939; baseline 0.002 -20"><span class='ocrx_word' id='word_1_873' title='bbox 2047 3867 2106 3919; x_wconf 91' lang='grc' dir='ltr'>οὐ</span> <span class='ocrx_word' id='word_1_874' title='bbox 2139 3865 2305 3933; x_wconf 91' lang='grc' dir='ltr'>λέγω,</span> <span class='ocrx_word' id='word_1_875' title='bbox 2333 3859 2521 3930; x_wconf 78' lang='grc' dir='ltr'>Οὗτος,</span> <span class='ocrx_word' id='word_1_876' title='bbox 2565 3865 2681 3918; x_wconf 86' lang='grc' dir='ltr'>ἀλλ’</span> <span class='ocrx_word' id='word_1_877' title='bbox 2705 3867 2752 3918; x_wconf 88' lang='grc' dir='ltr'>εί</span> <span class='ocrx_word' id='word_1_878' title='bbox 2793 3866 2887 3918; x_wconf 74' lang='grc' dir='ltr'>καὶ</span> <span class='ocrx_word' id='word_1_879' title='bbox 2916 3867 3098 3938; x_wconf 76' lang='grc' dir='ltr'>ἕτερος</span> <span class='ocrx_word' id='word_1_880' title='bbox 3129 3868 3388 3932; x_wconf 90' lang='grc' dir='ltr'>τοιοῦτος,</span> <span class='ocrx_word' id='word_1_881' title='bbox 3429 3871 3629 3939; x_wconf 84' lang='grc' dir='ltr'>μᾶλλον</span> 
     </span>
    </p>
   </div>
   <div class='ocr_carea' id='block_1_112' title="bbox 2045 3945 3628 4020">
    <p class='ocr_par' dir='ltr' id='par_1_112' title="bbox 2045 3945 3628 4020">
     <span class='ocr_line' id='line_1_112' title="bbox 2045 3945 3628 4020; baseline 0.001 -20"><span class='ocrx_word' id='word_1_882' title='bbox 2045 3947 2101 4000; x_wconf 78' lang='grc' dir='ltr'>δὲ</span> <span class='ocrx_word' id='word_1_883' title='bbox 2127 3949 2174 4000; x_wconf 90' lang='grc' dir='ltr'>εἰ</span> <span class='ocrx_word' id='word_1_884' title='bbox 2208 3947 2301 4001; x_wconf 66' lang='grc' dir='ltr'>καὶ</span> <span class='ocrx_word' id='word_1_885' title='bbox 2335 3947 2554 4009; x_wconf 81' lang='grc' dir='ltr'>ἐκατδν.</span> <span class='ocrx_word' id='word_1_886' title='bbox 2592 3947 2686 4001; x_wconf 73' lang='grc' dir='ltr'>καὶ</span> <span class='ocrx_word' id='word_1_887' title='bbox 2719 3949 2903 4018; x_wconf 90' lang='grc' dir='ltr'>μυρίοι</span> <span class='ocrx_word' id='word_1_888' title='bbox 2929 3949 3162 4002; x_wconf 87' lang='grc' dir='ltr'>τοιοῦτοι</span> <span class='ocrx_word' id='word_1_889' title='bbox 3193 3945 3354 4020; x_wconf 83' lang='grc' dir='ltr'>ἦσαν,</span> <span class='ocrx_word' id='word_1_890' title='bbox 3386 3952 3538 4004; x_wconf 84' lang='grc' dir='ltr'>οὐδὲν</span> <span class='ocrx_word' id='word_1_891' title='bbox 3562 3951 3628 4004; x_wconf 83' lang='grc' dir='ltr'>ἀν</span> 
     </span>
    </p>
   </div>
   <div class='ocr_carea' id='block_1_113' title="bbox 2048 4029 3628 4104">
    <p class='ocr_par' dir='ltr' id='par_1_113' title="bbox 2048 4029 3628 4104">
     <span class='ocr_line' id='line_1_113' title="bbox 2048 4029 3628 4104; baseline 0.003 -20"><span class='ocrx_word' id='word_1_892' title='bbox 2048 4032 2276 4101; x_wconf 75' lang='grc' dir='ltr'>ἴσχυσαν</span> <span class='ocrx_word' id='word_1_893' title='bbox 2323 4029 2537 4100; x_wconf 85' lang='grc' dir='ltr'>ἐκείνης</span> <span class='ocrx_word' id='word_1_894' title='bbox 2579 4029 2764 4102; x_wconf 81' lang='grc' dir='ltr'>οῦσης.</span> <span class='ocrx_word' id='word_1_895' title='bbox 2800 4030 3016 4084; x_wconf 81' lang='grc' dir='ltr'>Μᾶλλον</span> <span class='ocrx_word' id='word_1_896' title='bbox 3046 4031 3154 4102; x_wconf 83' lang='grc' dir='ltr'>γάρ</span> <span class='ocrx_word' id='word_1_897' title='bbox 3196 4029 3388 4102; x_wconf 85' lang='grc' dir='ltr'>χόρτος</span> <span class='ocrx_word' id='word_1_898' title='bbox 3429 4034 3628 4104; x_wconf 73' lang='grc' dir='ltr'>ἤνεγκε</span> 
     </span>
    </p>
   </div>
   <div class='ocr_carea' id='block_1_114' title="bbox 2048 4113 3625 4188">
    <p class='ocr_par' dir='ltr' id='par_1_114' title="bbox 2048 4113 3625 4188">
     <span class='ocr_line' id='line_1_114' title="bbox 2048 4113 3625 4188; baseline 0.001 -23"><span class='ocrx_word' id='word_1_899' title='bbox 2048 4113 2220 4184; x_wconf 82' lang='grc' dir='ltr'>πυρὸς</span> <span class='ocrx_word' id='word_1_900' title='bbox 2259 4113 2575 4184; x_wconf 81' lang='grc' dir='ltr'>ἐπαγωγὴν,</span> <span class='ocrx_word' id='word_1_901' title='bbox 2603 4113 2634 4184; x_wconf 83' lang='grc' dir='ltr'>ἢ</span> <span class='ocrx_word' id='word_1_902' title='bbox 2676 4113 2851 4182; x_wconf 90' lang='grc' dir='ltr'>φλόγα</span> <span class='ocrx_word' id='word_1_903' title='bbox 2879 4115 3096 4186; x_wconf 87' lang='grc' dir='ltr'>ἀγάπης</span> <span class='ocrx_word' id='word_1_904' title='bbox 3124 4117 3152 4168; x_wconf 93' lang='lat'>0</span> <span class='ocrx_word' id='word_1_905' title='bbox 3175 4115 3439 4177; x_wconf 88' lang='grc' dir='ltr'>διάϐολος.</span> <span class='ocrx_word' id='word_1_906' title='bbox 3475 4115 3625 4188; x_wconf 80' lang='grc' dir='ltr'>Αὕτη</span> 
     </span>
    </p>
   </div>
   <div class='ocr_carea' id='block_1_115' title="bbox 2045 4196 3629 4268">
    <p class='ocr_par' dir='ltr' id='par_1_115' title="bbox 2045 4196 3629 4268">
     <span class='ocr_line' id='line_1_115' title="bbox 2045 4196 3629 4268; baseline 0.002 -21"><span class='ocrx_word' id='word_1_907' title='bbox 2045 4196 2256 4264; x_wconf 84' lang='grc' dir='ltr'>τείχους</span> <span class='ocrx_word' id='word_1_908' title='bbox 2283 4196 2624 4266; x_wconf 73' lang='grc' dir='ltr'>ἰσχυροτέρα,</span> <span class='ocrx_word' id='word_1_909' title='bbox 2645 4196 2784 4266; x_wconf 81' lang='grc' dir='ltr'>αὕτη</span> <span class='ocrx_word' id='word_1_910' title='bbox 2807 4197 3113 4266; x_wconf 82' lang='grc' dir='ltr'>ἀδάμαντος</span> <span class='ocrx_word' id='word_1_911' title='bbox 3145 4199 3492 4268; x_wconf 77' lang='grc' dir='ltr'>στερροτέρα·</span> <span class='ocrx_word' id='word_1_912' title='bbox 3525 4198 3629 4250; x_wconf 72' lang='grc' dir='ltr'>κᾶν</span> 
     </span>
    </p>
   </div>
   <div class='ocr_carea' id='block_1_116' title="bbox 2046 4277 3627 4352">
    <p class='ocr_par' dir='ltr' id='par_1_116' title="bbox 2046 4277 3627 4352">
     <span class='ocr_line' id='line_1_116' title="bbox 2046 4277 3627 4352; baseline 0.002 -21"><span class='ocrx_word' id='word_1_913' title='bbox 2046 4279 2240 4348; x_wconf 78' lang='grc' dir='ltr'>ἑτέραν</span> <span class='ocrx_word' id='word_1_914' title='bbox 2265 4277 2470 4347; x_wconf 90' lang='grc' dir='ltr'>ταύτης</span> <span class='ocrx_word' id='word_1_915' title='bbox 2506 4279 2860 4350; x_wconf 77' lang='grc' dir='ltr'>ἰσχυροτέραν</span> <span class='ocrx_word' id='word_1_916' title='bbox 2886 4279 3045 4352; x_wconf 79' lang='grc' dir='ltr'>εἴπῃς</span> <span class='ocrx_word' id='word_1_917' title='bbox 3073 4279 3225 4352; x_wconf 80' lang='grc' dir='ltr'>ὓλην,</span> <span class='ocrx_word' id='word_1_918' title='bbox 3263 4282 3438 4335; x_wconf 90' lang='grc' dir='ltr'>πάντα</span> <span class='ocrx_word' id='word_1_919' title='bbox 3461 4283 3627 4352; x_wconf 73' lang='grc' dir='ltr'>ὑπερσι</span> 
     </span>
    </p>
   </div>
   <div class='ocr_carea' id='block_1_117' title="bbox 2045 4360 3621 4436">
    <p class='ocr_par' dir='ltr' id='par_1_117' title="bbox 2045 4360 3621 4436">
     <span class='ocr_line' id='line_1_117' title="bbox 2045 4360 3621 4436; baseline 0.002 -22"><span class='ocrx_word' id='word_1_920' title='bbox 2045 4360 2228 4416; x_wconf 89' lang='grc' dir='ltr'>ϐάλλει</span> <span class='ocrx_word' id='word_1_921' title='bbox 2257 4362 2351 4432; x_wconf 82' lang='grc' dir='ltr'>τῆς</span> <span class='ocrx_word' id='word_1_922' title='bbox 2375 4361 2599 4432; x_wconf 88' lang='grc' dir='ltr'>ἀγάπης</span> <span class='ocrx_word' id='word_1_923' title='bbox 2625 4362 2658 4433; x_wconf 88' lang='grc' dir='ltr'>ή</span> <span class='ocrx_word' id='word_1_924' title='bbox 2691 4361 3007 4433; x_wconf 77' lang='grc' dir='ltr'>στερρότης.</span> <span class='ocrx_word' id='word_1_925' title='bbox 3043 4363 3260 4436; x_wconf 89' lang='grc' dir='ltr'>Ταύτην</span> <span class='ocrx_word' id='word_1_926' title='bbox 3281 4365 3342 4417; x_wconf 88' lang='grc' dir='ltr'>οὐ</span> <span class='ocrx_word' id='word_1_927' title='bbox 3372 4364 3621 4425; x_wconf 84' lang='grc' dir='ltr'>πλοῦτος,</span> 
     </span>
    </p>
   </div>
   <div class='ocr_carea' id='block_1_118' title="bbox 2044 4442 3627 4520">
    <p class='ocr_par' dir='ltr' id='par_1_118' title="bbox 2044 4442 3627 4520">
     <span class='ocr_line' id='line_1_118' title="bbox 2044 4442 3627 4520; baseline 0.001 -21"><span class='ocrx_word' id='word_1_928' title='bbox 2044 4446 2105 4499; x_wconf 91' lang='grc' dir='ltr'>οὐ</span> <span class='ocrx_word' id='word_1_929' title='bbox 2138 4444 2301 4500; x_wconf 88' lang='grc' dir='ltr'>πενία</span> <span class='ocrx_word' id='word_1_930' title='bbox 2334 4447 2481 4516; x_wconf 79' lang='grc' dir='ltr'>νικᾷ·</span> <span class='ocrx_word' id='word_1_931' title='bbox 2512 4445 2710 4516; x_wconf 82' lang='grc' dir='ltr'>μᾶλλον</span> <span class='ocrx_word' id='word_1_932' title='bbox 2737 4445 2793 4498; x_wconf 82' lang='grc' dir='ltr'>δὲ</span> <span class='ocrx_word' id='word_1_933' title='bbox 2825 4445 2933 4499; x_wconf 85' lang='grc' dir='ltr'>οὐδ’</span> <span class='ocrx_word' id='word_1_934' title='bbox 2960 4447 3025 4500; x_wconf 83' lang='grc' dir='ltr'>ἀν</span> <span class='ocrx_word' id='word_1_935' title='bbox 3047 4442 3114 4518; x_wconf 79' lang='grc' dir='ltr'>ἦν</span> <span class='ocrx_word' id='word_1_936' title='bbox 3149 4447 3327 4511; x_wconf 83' lang='grc' dir='ltr'>πενία,</span> <span class='ocrx_word' id='word_1_937' title='bbox 3350 4449 3449 4500; x_wconf 90' lang='grc' dir='ltr'>οὐκ</span> <span class='ocrx_word' id='word_1_938' title='bbox 3472 4447 3627 4520; x_wconf 62' lang='lat'>[295}</span> 
     </span>
    </p>
   </div>
   <div class='ocr_carea' id='block_1_119' title="bbox 2044 4524 3622 4600">
    <p class='ocr_par' dir='ltr' id='par_1_119' title="bbox 2044 4524 3622 4600">
     <span class='ocr_line' id='line_1_119' title="bbox 2044 4524 3622 4600; baseline 0.001 -18"><span class='ocrx_word' id='word_1_939' title='bbox 2044 4527 2282 4599; x_wconf 89' lang='grc' dir='ltr'>ἀμετρία</span> <span class='ocrx_word' id='word_1_940' title='bbox 2307 4527 2561 4594; x_wconf 82' lang='grc' dir='ltr'>πλούτου,</span> <span class='ocrx_word' id='word_1_941' title='bbox 2593 4530 2640 4581; x_wconf 88' lang='grc' dir='ltr'>εί</span> <span class='ocrx_word' id='word_1_942' title='bbox 2664 4529 2852 4599; x_wconf 89' lang='grc' dir='ltr'>ἀγάπη</span> <span class='ocrx_word' id='word_1_943' title='bbox 2879 4524 2968 4598; x_wconf 81' lang='grc' dir='ltr'>ἦν,</span> <span class='ocrx_word' id='word_1_944' title='bbox 2996 4530 3133 4583; x_wconf 87' lang='grc' dir='ltr'>ἀλλά</span> <span class='ocrx_word' id='word_1_945' title='bbox 3162 4531 3228 4582; x_wconf 74' lang='grc' dir='ltr'>τὰ</span> <span class='ocrx_word' id='word_1_946' title='bbox 3252 4531 3310 4596; x_wconf 89' lang='grc' dir='ltr'>ἐξ</span> <span class='ocrx_word' id='word_1_947' title='bbox 3344 4530 3622 4600; x_wconf 80' lang='grc' dir='ltr'>ἑκατέρων</span> 
     </span>
    </p>
   </div>
   <div class='ocr_carea' id='block_1_120' title="bbox 2043 4610 3626 4682">
    <p class='ocr_par' dir='ltr' id='par_1_120' title="bbox 2043 4610 3626 4682">
     <span class='ocr_line' id='line_1_120' title="bbox 2043 4610 3626 4682; baseline -0.004 -17"><span class='ocrx_word' id='word_1_948' title='bbox 2043 4610 2226 4680; x_wconf 84' lang='grc' dir='ltr'>ἀγαθά</span> <span class='ocrx_word' id='word_1_949' title='bbox 2258 4612 2436 4682; x_wconf 86' lang='grc' dir='ltr'>μόνον.</span> <span class='ocrx_word' id='word_1_950' title='bbox 2464 4611 2575 4665; x_wconf 75' lang='grc' dir='ltr'>Καὶ</span> <span class='ocrx_word' id='word_1_951' title='bbox 2605 4610 2714 4682; x_wconf 82' lang='grc' dir='ltr'>γάρ</span> <span class='ocrx_word' id='word_1_952' title='bbox 2737 4611 2834 4682; x_wconf 82' lang='grc' dir='ltr'>τὴν</span> <span class='ocrx_word' id='word_1_953' title='bbox 2857 4611 2916 4676; x_wconf 82' lang='grc' dir='ltr'>ἐξ</span> <span class='ocrx_word' id='word_1_954' title='bbox 2938 4611 3144 4666; x_wconf 85' lang='grc' dir='ltr'>ἐκείνου</span> <span class='ocrx_word' id='word_1_955' title='bbox 3172 4613 3432 4682; x_wconf 85' lang='grc' dir='ltr'>ἀφθονίαν</span> <span class='ocrx_word' id='word_1_956' title='bbox 3455 4614 3626 4682; x_wconf 67' lang='grc' dir='ltr'>ἐκαρ.</span> 
     </span>
    </p>
   </div>
   <div class='ocr_carea' id='block_1_121' title="bbox 2043 4693 3626 4766">
    <p class='ocr_par' dir='ltr' id='par_1_121' title="bbox 2043 4693 3626 4766">
     <span class='ocr_line' id='line_1_121' title="bbox 2043 4693 3626 4766; baseline 0.003 -22"><span class='ocrx_word' id='word_1_957' title='bbox 2043 4693 2348 4765; x_wconf 88' lang='grc' dir='ltr'>πωσάμεθα</span> <span class='ocrx_word' id='word_1_958' title='bbox 2383 4693 2468 4753; x_wconf 83' lang='grc' dir='ltr'>ἂν,</span> <span class='ocrx_word' id='word_1_959' title='bbox 2505 4693 2598 4747; x_wconf 79' lang='grc' dir='ltr'>καὶ</span> <span class='ocrx_word' id='word_1_960' title='bbox 2629 4695 2729 4765; x_wconf 79' lang='grc' dir='ltr'>τήν</span> <span class='ocrx_word' id='word_1_961' title='bbox 2776 4696 2841 4747; x_wconf 92' lang='grc' dir='ltr'>ἐκ</span> <span class='ocrx_word' id='word_1_962' title='bbox 2882 4694 3084 4766; x_wconf 87' lang='grc' dir='ltr'>ταύτης</span> <span class='ocrx_word' id='word_1_963' title='bbox 3129 4696 3479 4766; x_wconf 87' lang='grc' dir='ltr'>ἀμεριμνίαν·</span> <span class='ocrx_word' id='word_1_964' title='bbox 3525 4695 3626 4748; x_wconf 70' lang='grc' dir='ltr'>καὶ</span> 
     </span>
    </p>
   </div>
   <div class='ocr_carea' id='block_1_122' title="bbox 2041 4776 3628 4849">
    <p class='ocr_par' dir='ltr' id='par_1_122' title="bbox 2041 4776 3628 4849">
     <span class='ocr_line' id='line_1_122' title="bbox 2041 4776 3628 4849; baseline 0.003 -19"><span class='ocrx_word' id='word_1_965' title='bbox 2041 4777 2166 4830; x_wconf 73' lang='grc' dir='ltr'>οὔτε</span> <span class='ocrx_word' id='word_1_966' title='bbox 2197 4776 2293 4831; x_wconf 87' lang='grc' dir='ltr'>τοῦ</span> <span class='ocrx_word' id='word_1_967' title='bbox 2321 4777 2556 4830; x_wconf 87' lang='grc' dir='ltr'>πλούτου</span> <span class='ocrx_word' id='word_1_968' title='bbox 2585 4777 2682 4840; x_wconf 84' lang='grc' dir='ltr'>τὰς</span> <span class='ocrx_word' id='word_1_969' title='bbox 2717 4779 3023 4849; x_wconf 88' lang='grc' dir='ltr'>φροντίδας,</span> <span class='ocrx_word' id='word_1_970' title='bbox 3067 4777 3188 4831; x_wconf 82' lang='grc' dir='ltr'>οὐτε</span> <span class='ocrx_word' id='word_1_971' title='bbox 3220 4779 3318 4848; x_wconf 84' lang='grc' dir='ltr'>τῆς</span> <span class='ocrx_word' id='word_1_972' title='bbox 3347 4779 3536 4841; x_wconf 90' lang='grc' dir='ltr'>πενίας</span> <span class='ocrx_word' id='word_1_973' title='bbox 3557 4779 3628 4835; x_wconf 79' lang='grc' dir='ltr'>τὸ.</span> 
     </span>
    </p>
   </div>
   <div class='ocr_carea' id='block_1_123' title="bbox 2039 4859 3617 4934">
    <p class='ocr_par' dir='ltr' id='par_1_123' title="bbox 2039 4859 3617 4934">
     <span class='ocr_line' id='line_1_123' title="bbox 2039 4859 3617 4934; baseline 0.001 -19"><span class='ocrx_word' id='word_1_974' title='bbox 2039 4859 2159 4924; x_wconf 86' lang='grc' dir='ltr'>δέος</span> <span class='ocrx_word' id='word_1_975' title='bbox 2184 4860 2557 4931; x_wconf 81' lang='grc' dir='ltr'>ὑπεμείναμεν</span> <span class='ocrx_word' id='word_1_976' title='bbox 2579 4861 2663 4915; x_wconf 85' lang='grc' dir='ltr'>ἀν.</span> <span class='ocrx_word' id='word_1_977' title='bbox 2694 4861 2801 4914; x_wconf 85' lang='lat' dir='ltr'>Kal</span> <span class='ocrx_word' id='word_1_978' title='bbox 2824 4861 2877 4914; x_wconf 92' lang='grc' dir='ltr'>τί</span> <span class='ocrx_word' id='word_1_979' title='bbox 2903 4861 3045 4929; x_wconf 88' lang='grc' dir='ltr'>λέγω</span> <span class='ocrx_word' id='word_1_980' title='bbox 3063 4861 3131 4914; x_wconf 88' lang='grc' dir='ltr'>τά</span> <span class='ocrx_word' id='word_1_981' title='bbox 3149 4860 3208 4926; x_wconf 90' lang='grc' dir='ltr'>ἐξ</span> <span class='ocrx_word' id='word_1_982' title='bbox 3232 4863 3398 4930; x_wconf 84' lang='grc' dir='ltr'>αὐτῆς</span> <span class='ocrx_word' id='word_1_983' title='bbox 3420 4863 3617 4934; x_wconf 84' lang='grc' dir='ltr'>κέρδη;</span> 
     </span>
    </p>
   </div>
   <div class='ocr_carea' id='block_1_124' title="bbox 2039 4942 3626 5017">
    <p class='ocr_par' dir='ltr' id='par_1_124' title="bbox 2039 4942 3626 5017">
     <span class='ocr_line' id='line_1_124' title="bbox 2039 4942 3626 5017; baseline 0.001 -19"><span class='ocrx_word' id='word_1_984' title='bbox 2039 4944 2183 4998; x_wconf 77' lang='grc' dir='ltr'>Αὐτὸ</span> <span class='ocrx_word' id='word_1_985' title='bbox 2207 4944 2314 5017; x_wconf 84' lang='grc' dir='ltr'>γάρ</span> <span class='ocrx_word' id='word_1_986' title='bbox 2339 4942 2462 4997; x_wconf 89' lang='grc' dir='ltr'>καθ’</span> <span class='ocrx_word' id='word_1_987' title='bbox 2490 4942 2650 4996; x_wconf 81' lang='grc' dir='ltr'>ἐαυτὸ</span> <span class='ocrx_word' id='word_1_988' title='bbox 2678 4943 2736 4995; x_wconf 79' lang='grc' dir='ltr'>τὸ</span> <span class='ocrx_word' id='word_1_989' title='bbox 2768 4943 2940 5012; x_wconf 87' lang='grc' dir='ltr'>φιλεῖν</span> <span class='ocrx_word' id='word_1_990' title='bbox 2973 4945 3227 5014; x_wconf 86' lang='grc' dir='ltr'>ἐννόησον</span> <span class='ocrx_word' id='word_1_991' title='bbox 3259 4947 3449 5016; x_wconf 78' lang='grc' dir='ltr'>ἡλίκον</span> <span class='ocrx_word' id='word_1_992' title='bbox 3476 4947 3626 5011; x_wconf 61' lang='grc' dir='ltr'>ἐστὶ,</span> 
     </span>
    </p>
   </div>
   <div class='ocr_carea' id='block_1_125' title="bbox 2041 5024 3626 5101">
    <p class='ocr_par' dir='ltr' id='par_1_125' title="bbox 2041 5024 3626 5101">
     <span class='ocr_line' id='line_1_125' title="bbox 2041 5024 3626 5101; baseline -0.001 -21"><span class='ocrx_word' id='word_1_993' title='bbox 2041 5027 2215 5098; x_wconf 87' lang='grc' dir='ltr'>πόσην</span> <span class='ocrx_word' id='word_1_994' title='bbox 2248 5027 2406 5097; x_wconf 88' lang='grc' dir='ltr'>φέρει</span> <span class='ocrx_word' id='word_1_995' title='bbox 2427 5025 2526 5095; x_wconf 84' lang='grc' dir='ltr'>τὴν</span> <span class='ocrx_word' id='word_1_996' title='bbox 2554 5024 2915 5096; x_wconf 82' lang='grc' dir='ltr'>εὐφροσύνην,</span> <span class='ocrx_word' id='word_1_997' title='bbox 2949 5026 3007 5078; x_wconf 91' lang='grc' dir='ltr'>ἐν</span> <span class='ocrx_word' id='word_1_998' title='bbox 3035 5027 3174 5099; x_wconf 86' lang='grc' dir='ltr'>πόσῃ</span> <span class='ocrx_word' id='word_1_999' title='bbox 3204 5028 3491 5101; x_wconf 89' lang='grc' dir='ltr'>καθίστησι</span> <span class='ocrx_word' id='word_1_1000' title='bbox 3519 5028 3626 5100; x_wconf 83' lang='grc' dir='ltr'>χά-.</span> 
     </span>
    </p>
   </div>
   <div class='ocr_carea' id='block_1_126' title="bbox 2043 5106 3619 5182">
    <p class='ocr_par' dir='ltr' id='par_1_126' title="bbox 2043 5106 3619 5182">
     <span class='ocr_line' id='line_1_126' title="bbox 2043 5106 3619 5182; baseline 0.003 -21"><span class='ocrx_word' id='word_1_1001' title='bbox 2043 5127 2151 5180; x_wconf 87' lang='grc' dir='ltr'>ριτι</span> <span class='ocrx_word' id='word_1_1002' title='bbox 2180 5109 2278 5180; x_wconf 75' lang='grc' dir='ltr'>τὴν</span> <span class='ocrx_word' id='word_1_1003' title='bbox 2308 5107 2507 5178; x_wconf 82' lang='grc' dir='ltr'>ψυχὴν,</span> <span class='ocrx_word' id='word_1_1004' title='bbox 2529 5107 2559 5160; x_wconf 83' lang='grc' dir='ltr'>δ</span> <span class='ocrx_word' id='word_1_1005' title='bbox 2585 5106 2819 5178; x_wconf 82' lang='grc' dir='ltr'>μάλιστα</span> <span class='ocrx_word' id='word_1_1006' title='bbox 2850 5108 3018 5177; x_wconf 86' lang='grc' dir='ltr'>αὐτῆς</span> <span class='ocrx_word' id='word_1_1007' title='bbox 3043 5111 3190 5163; x_wconf 88' lang='grc' dir='ltr'>ἐστιν</span> <span class='ocrx_word' id='word_1_1008' title='bbox 3218 5110 3514 5182; x_wconf 86' lang='grc' dir='ltr'>ἐξαίρετον.</span> <span class='ocrx_word' id='word_1_1009' title='bbox 3537 5113 3619 5166; x_wconf 79' lang='grc' dir='ltr'>Τά</span> 
     </span>
    </p>
   </div>
   <div class='ocr_carea' id='block_1_127' title="bbox 2042 5190 3616 5265">
    <p class='ocr_par' dir='ltr' id='par_1_127' title="bbox 2042 5190 3616 5265">
     <span class='ocr_line' id='line_1_127' title="bbox 2042 5190 3616 5265; baseline 0.003 -19"><span class='ocrx_word' id='word_1_1010' title='bbox 2042 5192 2142 5263; x_wconf 90' lang='grc' dir='ltr'>μέν</span> <span class='ocrx_word' id='word_1_1011' title='bbox 2177 5192 2288 5264; x_wconf 77' lang='grc' dir='ltr'>γὰρ</span> <span class='ocrx_word' id='word_1_1012' title='bbox 2326 5190 2462 5244; x_wconf 85' lang='grc' dir='ltr'>ἀλλα</span> <span class='ocrx_word' id='word_1_1013' title='bbox 2489 5190 2589 5261; x_wconf 85' lang='grc' dir='ltr'>τῆς</span> <span class='ocrx_word' id='word_1_1014' title='bbox 2622 5190 2824 5262; x_wconf 81' lang='grc' dir='ltr'>ἀρετῆς</span> <span class='ocrx_word' id='word_1_1015' title='bbox 2853 5192 2995 5263; x_wconf 86' lang='grc' dir='ltr'>μέρη</span> <span class='ocrx_word' id='word_1_1016' title='bbox 3043 5195 3467 5265; x_wconf 76' lang='grc' dir='ltr'>συνεζευγμένον</span> <span class='ocrx_word' id='word_1_1017' title='bbox 3505 5195 3616 5265; x_wconf 81' lang='grc' dir='ltr'>ἔχει</span> 
     </span>
    </p>
   </div>
   <div class='ocr_carea' id='block_1_128' title="bbox 2037 5269 3614 5348">
    <p class='ocr_par' dir='ltr' id='par_1_128' title="bbox 2037 5269 3614 5348">
     <span class='ocr_line' id='line_1_128' title="bbox 2037 5269 3614 5348; baseline 0.001 -20"><span class='ocrx_word' id='word_1_1018' title='bbox 2037 5277 2130 5329; x_wconf 86' lang='grc' dir='ltr'>τὸν</span> <span class='ocrx_word' id='word_1_1019' title='bbox 2171 5274 2353 5338; x_wconf 89' lang='grc' dir='ltr'>πόνον,</span> <span class='ocrx_word' id='word_1_1020' title='bbox 2383 5269 2496 5328; x_wconf 87' lang='grc' dir='ltr'>οἷον</span> <span class='ocrx_word' id='word_1_1021' title='bbox 2524 5273 2765 5344; x_wconf 89' lang='grc' dir='ltr'>νηστεία,</span> <span class='ocrx_word' id='word_1_1022' title='bbox 2806 5275 3148 5346; x_wconf 83' lang='grc' dir='ltr'>σωφροσύνη,</span> <span class='ocrx_word' id='word_1_1023' title='bbox 3190 5278 3485 5348; x_wconf 84' lang='grc' dir='ltr'>ἀγρυπνία,</span> <span class='ocrx_word' id='word_1_1024' title='bbox 3520 5279 3614 5346; x_wconf 83' lang='grc' dir='ltr'>βα-</span> 
     </span>
    </p>
   </div>
   <div class='ocr_carea' id='block_1_129' title="bbox 2039 5357 3627 5433">
    <p class='ocr_par' dir='ltr' id='par_1_129' title="bbox 2039 5357 3627 5433">
     <span class='ocr_line' id='line_1_129' title="bbox 2039 5357 3627 5433; baseline -0.001 -19"><span class='ocrx_word' id='word_1_1025' title='bbox 2039 5359 2294 5425; x_wconf 89' lang='grc' dir='ltr'>σκανίαν,</span> <span class='ocrx_word' id='word_1_1026' title='bbox 2355 5357 2672 5426; x_wconf 86' lang='grc' dir='ltr'>ἐπιθυμίαν,</span> <span class='ocrx_word' id='word_1_1027' title='bbox 2723 5358 3054 5428; x_wconf 79' lang='grc' dir='ltr'>ὑπεροψίαν·</span> <span class='ocrx_word' id='word_1_1028' title='bbox 3099 5361 3130 5430; x_wconf 87' lang='grc' dir='ltr'>ή</span> <span class='ocrx_word' id='word_1_1029' title='bbox 3165 5360 3221 5413; x_wconf 83' lang='grc' dir='ltr'>δέ</span> <span class='ocrx_word' id='word_1_1030' title='bbox 3251 5359 3439 5430; x_wconf 79' lang='grc' dir='ltr'>ἀγάπη</span> <span class='ocrx_word' id='word_1_1031' title='bbox 3479 5361 3627 5433; x_wconf 71' lang='grc' dir='ltr'>μετά</span> 
     </span>
    </p>
   </div>
   <div class='ocr_carea' id='block_1_130' title="bbox 2036 5441 3628 5516">
    <p class='ocr_par' dir='ltr' id='par_1_130' title="bbox 2036 5441 3628 5516">
     <span class='ocr_line' id='line_1_130' title="bbox 2036 5441 3628 5516; baseline -0.001 -18"><span class='ocrx_word' id='word_1_1032' title='bbox 2036 5443 2130 5498; x_wconf 87' lang='grc' dir='ltr'>τοῦ</span> <span class='ocrx_word' id='word_1_1033' title='bbox 2177 5442 2404 5513; x_wconf 85' lang='grc' dir='ltr'>κέρδους</span> <span class='ocrx_word' id='word_1_1034' title='bbox 2447 5441 2645 5512; x_wconf 80' lang='grc' dir='ltr'>πολλὴν</span> <span class='ocrx_word' id='word_1_1035' title='bbox 2681 5441 2793 5510; x_wconf 82' lang='grc' dir='ltr'>ἔχει</span> <span class='ocrx_word' id='word_1_1036' title='bbox 2834 5443 2928 5495; x_wconf 81' lang='grc' dir='ltr'>καὶ</span> <span class='ocrx_word' id='word_1_1037' title='bbox 2960 5443 3060 5512; x_wconf 81' lang='grc' dir='ltr'>τὴν</span> <span class='ocrx_word' id='word_1_1038' title='bbox 3092 5441 3304 5516; x_wconf 75' lang='grc' dir='ltr'>ἡδονὴν,</span> <span class='ocrx_word' id='word_1_1039' title='bbox 3336 5443 3431 5496; x_wconf 79' lang='grc' dir='ltr'>καὶ</span> <span class='ocrx_word' id='word_1_1040' title='bbox 3454 5445 3628 5502; x_wconf 78' lang='grc' dir='ltr'>πόνον,</span> 
     </span>
    </p>
   </div>
   <div class='ocr_carea' id='block_1_131' title="bbox 2036 5524 3628 5595">
    <p class='ocr_par' dir='ltr' id='par_1_131' title="bbox 2036 5524 3628 5595">
     <span class='ocr_line' id='line_1_131' title="bbox 2036 5524 3628 5595; baseline -0.001 -12"><span class='ocrx_word' id='word_1_1041' title='bbox 2036 5527 2248 5584; x_wconf 89' lang='grc' dir='ltr'>οὐδένα·</span> <span class='ocrx_word' id='word_1_1042' title='bbox 2283 5528 2378 5582; x_wconf 75' lang='grc' dir='ltr'>καὶ</span> <span class='ocrx_word' id='word_1_1043' title='bbox 2404 5525 2655 5594; x_wconf 79' lang='grc' dir='ltr'>καθάπερ</span> <span class='ocrx_word' id='word_1_1044' title='bbox 2687 5524 2914 5587; x_wconf 86' lang='grc' dir='ltr'>μέλιττα</span> <span class='ocrx_word' id='word_1_1045' title='bbox 2945 5526 3144 5593; x_wconf 86' lang='grc' dir='ltr'>ἀγαθὴ,</span> <span class='ocrx_word' id='word_1_1046' title='bbox 3185 5527 3253 5580; x_wconf 88' lang='grc' dir='ltr'>τά</span> <span class='ocrx_word' id='word_1_1047' title='bbox 3283 5528 3628 5595; x_wconf 81' lang='grc' dir='ltr'>πανταχόθεν.</span> 
     </span>
    </p>
   </div>
   <div class='ocr_carea' id='block_1_132' title="bbox 2039 5608 3626 5682">
    <p class='ocr_par' dir='ltr' id='par_1_132' title="bbox 2039 5608 3626 5682">
     <span class='ocr_line' id='line_1_132' title="bbox 2039 5608 3626 5682; baseline -0.002 -14"><span class='ocrx_word' id='word_1_1048' title='bbox 2039 5613 2345 5682; x_wconf 89' lang='grc' dir='ltr'>συνάγουσα</span> <span class='ocrx_word' id='word_1_1049' title='bbox 2379 5608 2581 5678; x_wconf 85' lang='grc' dir='ltr'>ἀγαθά,</span> <span class='ocrx_word' id='word_1_1050' title='bbox 2610 5611 2690 5672; x_wconf 85' lang='grc' dir='ltr'>εἰς</span> <span class='ocrx_word' id='word_1_1051' title='bbox 2718 5610 2818 5678; x_wconf 82' lang='grc' dir='ltr'>τὴν</span> <span class='ocrx_word' id='word_1_1052' title='bbox 2839 5609 2932 5661; x_wconf 86' lang='grc' dir='ltr'>τοῦ</span> <span class='ocrx_word' id='word_1_1053' title='bbox 2957 5608 3236 5677; x_wconf 81' lang='grc' dir='ltr'>φιλοῦντος</span> <span class='ocrx_word' id='word_1_1054' title='bbox 3265 5611 3626 5672; x_wconf 76' lang='grc' dir='ltr'>κατατίθεται,</span> 
     </span>
    </p>
   </div>
   <div class='ocr_carea' id='block_1_133' title="bbox 2035 5690 3614 5766">
    <p class='ocr_par' dir='ltr' id='par_1_133' title="bbox 2035 5690 3614 5766">
     <span class='ocr_line' id='line_1_133' title="bbox 2035 5690 3614 5766; baseline -0.006 -16"><span class='ocrx_word' id='word_1_1055' title='bbox 2035 5697 2236 5766; x_wconf 77' lang='grc' dir='ltr'>ψυχήν.</span> <span class='ocrx_word' id='word_1_1056' title='bbox 2263 5695 2380 5749; x_wconf 79' lang='grc' dir='ltr'>Κάν</span> <span class='ocrx_word' id='word_1_1057' title='bbox 2407 5690 2628 5761; x_wconf 85' lang='grc' dir='ltr'>δουλεύῃ</span> <span class='ocrx_word' id='word_1_1058' title='bbox 2652 5708 2755 5753; x_wconf 88' lang='grc' dir='ltr'>τις,</span> <span class='ocrx_word' id='word_1_1059' title='bbox 2781 5691 2912 5760; x_wconf 86' lang='grc' dir='ltr'>ήδίω</span> <span class='ocrx_word' id='word_1_1060' title='bbox 2929 5692 3026 5761; x_wconf 81' lang='grc' dir='ltr'>τῆς</span> <span class='ocrx_word' id='word_1_1061' title='bbox 3048 5690 3358 5763; x_wconf 88' lang='grc' dir='ltr'>ἐλευθερίας</span> <span class='ocrx_word' id='word_1_1062' title='bbox 3382 5695 3614 5762; x_wconf 64' lang='grc' dir='ltr'>ἀποφαία</span> 
     </span>
    </p>
   </div>
   <div class='ocr_carea' id='block_1_134' title="bbox 2039 5772 3610 5849">
    <p class='ocr_par' dir='ltr' id='par_1_134' title="bbox 2039 5772 3610 5849">
     <span class='ocr_line' id='line_1_134' title="bbox 2039 5772 3610 5849; baseline 0.006 -27"><span class='ocrx_word' id='word_1_1063' title='bbox 2039 5798 2118 5836; x_wconf 78' lang='grc' dir='ltr'>νει</span> <span class='ocrx_word' id='word_1_1064' title='bbox 2149 5781 2246 5849; x_wconf 79' lang='grc' dir='ltr'>τὴν</span> <span class='ocrx_word' id='word_1_1065' title='bbox 2272 5776 2532 5833; x_wconf 85' lang='grc' dir='ltr'>δουλείαν.</span> <span class='ocrx_word' id='word_1_1066' title='bbox 2566 5776 2622 5829; x_wconf 87' lang='lat'><strong>&#39;0</strong></span> <span class='ocrx_word' id='word_1_1067' title='bbox 2652 5774 2757 5844; x_wconf 81' lang='grc' dir='ltr'>γὰρ</span> <span class='ocrx_word' id='word_1_1068' title='bbox 2779 5772 2945 5842; x_wconf 78' lang='grc' dir='ltr'>φιλῶν</span> <span class='ocrx_word' id='word_1_1069' title='bbox 2967 5774 3058 5841; x_wconf 74' lang='grc' dir='ltr'>οὐχ</span> <span class='ocrx_word' id='word_1_1070' title='bbox 3089 5772 3260 5838; x_wconf 81' lang='grc' dir='ltr'>οὑτως</span> <span class='ocrx_word' id='word_1_1071' title='bbox 3290 5778 3610 5832; x_wconf 75' lang='grc' dir='ltr'>ἐπιτάττων.</span> 
     </span>
    </p>
   </div>
  </div>
