4094 6222
419 269 525 324 275
1101 264 1158 319 S.
1201 262 1490 317 .IOANMS
1529 257 2018 315 ειιιιϊδῡείἐδιι

2132 261 2392 315 RCIIIL‘P.
2435 261 2987 324 CONSTANTiNOP.
3579 278 3690 332 2η

413 389 490 450 ὡς
533 387 957 455 ἐπιταττόμενος
1008 385 1210 455 χαίρει,
1261 381 1436 435 καίτοι
1480 397 1543 448 γε
1594 379 1652 433 τὸ
1691 379 1999 432 ἐπιτάττειν

415 478 536 549 ἡδύ·
559 478 695 530 ἀλλά
727 477 1078 548 μετατίθησιν
1107 475 1244 546 αῦτη
1274 474 1384 526 τῶν
1409 473 1748 545 πραγμάτων
1777 471 1877 541 τὴν
1903 468 2003 539 φύ-

417 585 523 633 σιν,
566 569 659 622 xal
700 569 876 622 πάντα
927 569 983 619 ἐν
1028 564 1216 634 χερσὶν
1269 564 1468 634 ἔχουσα
1522 561 1880 634 παραγίνεται
1935 558 2005 612 τά

416 658 622 728 ἀγαθά,
657 659 840 728 πάσης
891 657 1095 728 μητρὸς
1141 658 1445 728 ἠπιωτέρα,
1497 657 1680 726 πάσης
1736 652 2006 724 βασιλῖδος

349 787 355 792 -
417 749 794 821 εὐπορωτέρα,
825 750 920 802 καὶ
951 748 1018 800 τά
1043 749 1274 802 ἐπίπονα
1307 749 1484 818 κοῦφα
1515 749 1658 801 ποιεῖ
1684 746 1776 798 καὶ
1809 747 2003 816 ῥᾷστα,

419 843 514 909 τὴν
551 840 650 909 μὲν
679 838 880 909 ἀρετὴν
918 836 1162 902 εὔκολον,
1195 839 1293 911 τὴν
1335 841 1392 893 δέ
1429 842 1628 894 κακίαν
1671 837 2007 908 πικροτάτην

417 935 550 1002 ἡμῖν
593 931 992 998 ἀποφαίνουσα.
1032 931 1232 986 Σκόπει
1268 933 1352 986 δέ·
1385 934 1458 986 T6
1489 935 1736 1006 δαπανᾷν
1763 930 2008 1002 λυπηρὸν

418 1021 558 1078 εἰναι
584 1025 732 1078 δοκεῖ
759 1025 853 1077 καὶ
880 1027 1024 1077 ποιεῖ
1054 1024 1187 1078 αὐτὸ
1213 1023 1354 1094 αῦτη
1381 1025 1500 1097 ἡδύ⁸
1530 1027 1593 1080 τὸ
1623 1025 1922 1097 λαμϐάνειν
1941 1021 2009 1077 τά

419 1116 621 1188 ἐτέρων
655 1116 774 1188 ἡδὺ,
814 1118 910 1170 xal
965 1117 1066 1170 οὐκ
1109 1117 1335 1188 ἀφίησιν
1389 1118 1520 1172 αὐτὸ
1571 1119 1855 1188 φαίνεσθαι
1884 1118 2007 1188 ἡδὺ,

417 1206 556 1259 ἀλλά
598 1206 822 1276 φεύγειν
853 1207 930 1272 ώς
970 1207 1242 1278 μοχθηρὸν
1289 1211 1716 1279 παρασκευάζει.
1747 1210 1915 1264 Πάλιν
1953 1209 2011 1262 τὺ

421 1298 607 1362 κακῶς
635 1298 834 1367 λέγειν,
867 1299 1040 1368 γλυκὺ
1081 1303 1246 1354 πᾶσιν
1280 1297 1419 1354 εἰναι
1461 1301 1638 1356 δοκεῖ·
1676 1303 1817 1374 αὕτη
1856 1303 2012 1358 τοῦτο

427 1392 524 1462 μὲν
557 1393 755 1463 μικρὸν
781 1393 1094 1463 ἀποφαίνει,
1119 1393 1180 1446 τὸ
1203 1394 1259 1446 δὲ
1287 1393 1468 1458 καλῶς
1491 1394 1689 1464 λέγειν,
1717 1396 1835 1468 ἡδύ·
1859 1396 2011 1449 οὐδὲν

422 1486 532 1557 γὰρ
569 1485 766 1550 οὓτως,
819 1486 896 1547 ώς
948 1486 1041 1540 τὸν
1085 1485 1410 1558 φιλούμενον
1455 1489 1846 1558 ἐγκωμιάζειν,
1878 1491 2013 1559 ἡμῖν

424 1576 546 1646 ἡδύ.
584 1577 752 1631 Πάλιν
797 1579 826 1630 6
857 1576 1026 1648 θυμὸς
1064 1579 1175 1648 ἔχει
1205 1579 1327 1634 τινὰ
1364 1580 1582 1652 ἡδονὴν,
1624 1580 1739 1634 ἀλλ’
1773 1579 2014 1635 ἐνταῦθα

425 1669 630 1736 οὐκέτι,
678 1669 814 1724 ἀλλά
847 1671 1024 1725 πάντα
1053 1671 1220 1725 αὐτοῦ
1267 1674 1337 1727 τά
1380 1673 1546 1746 νεῦρα
1585 1673 1874 1746 ἀνῄρηται·
1912 1673 2014 1728 κᾶν

426 1760 647 1835 λυπήσῃ
667 1762 760 1816 τὸν
784 1761 1042 1831 φιλοῦντα
1063 1763 1094 1815 6
1121 1762 1502 1835 ἀγαπώμενος,
1535 1765 1708 1836 θυμὸς
1740 1765 1839 1836 μὲν
1859 1763 2016 1820 οὐδα-

433 1854 536 1924 μοῦ
567 1853 839 1924 φαίνεται,
868 1852 1082 1924 δάκρυα
1113 1855 1171 1909 δὲ
1203 1856 1298 1911 καὶ
1339 1859 1741 1930 παρακλήσεις,
1781 1858 1876 1911 καί
1901 1860 2016 1912 ἱκε-

428 1945 635 2017 τηρίαι·
670 1947 922 2000 τοσοῦτον
960 1947 1155 2019 ἀπέχει
1185 1949 1278 2002 τοῦ
1313 1950 1736 2020 παροξυνθῆναι.
1776 1951 1896 2006 Κᾶν
1930 1951 2016 2026 ίδῃ

429 2035 835 2107 ἁμαρτάνοντα,
870 2038 1059 2091 πενθεῖ
1085 2041 1177 2093 xal
1203 2040 1474 2094 ὀδυνᾶται’
1501 2041 1638 2095 ἀλλὰ
1668 2043 1762 2095 καὶ
1796 2044 1827 2114 ή
1854 2043 2016 2115 ὀδύνη

429 2125 568 2198 αῦτη
595 2127 791 2201 ἡδονὴν
825 2129 1002 2201 φέρει.
1035 2132 1146 2203 Τῆς
1177 2131 1286 2202 γὰρ
1325 2133 1547 2203 ἀγάπης
1577 2137 1672 2186 καὶ
1707 2135 1776 2188 τά
1804 2137 2019 2208 δάκρυα

431 2220 526 2274 καὶ
570 2220 602 2292 ή
642 2220 787 2293 λύπη
841 2223 1076 2291 γέλωτος
1125 2225 1324 2289 παντὸς
1359 2226 1492 2295 ἡδίω
1539 2229 1631 2281 καί
1668 2231 1864 2300 χαρᾶς.
1905 2230 2018 2302 Οὐχ

431 2309 575 2364 οὕτω
622 2312 753 2382 γοῦν
793 2314 1164 2370 ἀναπαύονται
1219 2319 1268 2370 οἰ
1320 2317 1606 2384 γελῶντες,
1655 2318 1732 2382 ώς
1773 2322 1822 2373 οἱ
1878 2319 2018 2392 ὑπὲρ

434 2401 604 2470 φίλων
649 2403 964 2470 κλαίοντες·
1011 2404 1115 2459 κᾶν
1158 2407 1411 2476 ἀπιστῇς,
1464 2409 1688 2478 ἐπίσχες
1732 2409 1912 2463 αὐτῶν
1949 2409 2019 2464 τὰ
2081 2413 2088 2418 ’

433 2497 666 2571 δάκρυα,
727 2499 819 2552 καὶ
889 2498 964 2562 ώς
1031 2498 1098 2552 τέι
1166 2500 1442 2570 ἀνήκεστα
1516 2501 1809 2568 παθόντες,
1878 2503 2020 2558 οὕτω

434 2587 893 2660 δυσχεραίνουσιν.
929 2587 1068 2640 Ἀλλ’
1107 2588 1303 2660 ἡδονὴν
1343 2589 1476 2659 ἔχει,
1511 2592 1696 2660 φησὶν,
1733 2591 1935 2646 ἄτοπον
1958 2593 2021 2646 τὸ

437 2678 634 2746 φιλεῖν.
683 2678 921 2746 Ἄπαγε,
955 2679 1044 2731 καὶ
1099 2679 1358 2750 εὐφήμει,
1411 2681 1700 2751 ἄνθρωπε·
1733 2683 1885 2736 οὐδὲν
1911 2683 2020 2754 γάρ

436 2769 612 2834 οὔτως
666 2770 860 2840 ἡδονῆς
908 2769 1206 2840 καθαρεύει
1249 2772 1524 2842 τοιαύτης,
1554 2773 1630 2837 ώς
1659 2773 1849 2843 ἀγάπη
1885 2792 2022 2847 γνη.

442 2877 551 2915 σια.

512 3045 578 3108 ζ’.
599 3041 690 3114 Μὴ
721 3041 828 3111 γάρ
859 3057 947 3112 μοι
969 3041 1173 3112 ταύτην
1201 3042 1362 3116 εἴπῃς
1380 3043 1478 3113 τὴν
1509 3043 1732 3115 δημώδη
1767 3043 1862 3097 xal
1895 3045 2025 3113 ἀγο-

447 3138 618 3208 ραῖον,
655 3136 750 3189 καὶ
777 3133 930 3188 νόσον
966 3133 1165 3204 μᾶλλον
1197 3134 1228 3206 ἢ
1257 3134 1476 3205 ἀγάπην
1503 3131 1690 3202 οὖσαν,
1727 3134 1863 3190 ἀλλά
1895 3136 2026 3189 ταύ-

444 3246 544 3298 την
597 3227 665 3299 ἣν
714 3228 744 3280 6
795 3225 1008 3289 Παῦλος
1052 3225 1319 3298 ἐπιζητεῖ,
1359 3229 1458 3300 τὴν
1507 3229 1565 3282 :6
1609 3231 1888 3303 συμφέρον
1917 3233 2026 3285 τῶν

447 3320 830 3390 ἀγαπωμένων
854 3319 1187 3381 σκοποῦσαν,
1228 3321 1324 3372 καὶ
1345 3320 1465 3389 ὄψει
1485 3324 1568 3377 ὅτι
1594 3323 1849 3394 πατέρων
1879 3318 2024 3379 οὗτοι

448 3411 939 3484 φιλοστοργότεροι.
978 3413 1088 3466 Kal
1133 3416 1322 3486 ὥσπερ
1361 3415 1411 3468 οἱ
1445 3415 1704 3486 χρήματα
1744 3415 2028 3485 φιλοῦντες

448 3505 548 3558 οῦκ
585 3503 652 3558 ἂν
677 3504 881 3558 ἓλοιντο
905 3503 1212 3576 δαπανῆσαι
1245 3507 1524 3577 χρήματα,
1557 3506 1671 3560 ἀλλ’
1698 3507 1847 3578 ἥδιον
1878 3508 1943 3563 ἂν
1969 3508 2029 3562 ἐν

453 3595 783 3668 στενοχωρία
817 3596 1094 3665 γενέσθαι,
1133 3597 1164 3669 ἢ
1218 3599 1403 3652 ἐκεῖνα
1454 3599 1583 3652 ἰδεῖν
1633 3599 2024 3671 ἐλαττούμενα·

450 3688 594 3742 οῦτω
643 3691 738 3742 καὶ
777 3691 806 3742 6
837 3689 973 3760 πρός
996 3707 1114 3742 τινα
1151 3689 1322 3759 ἡδέως
1348 3689 1508 3761 ἔχων,
1544 3691 1711 3763 μυρία
1756 3693 1822 3746 ἂν
1855 3692 2030 3747 ἐλοιτο

451 3778 666 3842 παθεῖν,
704 3778 737 3846 ἢ
776 3779 868 3834 τὸν
905 3777 1269 3850 ἀγαπώμενον
1317 3781 1830 3854 καταϐλαπτόμενον
1879 3785 2028 3844 ἰδεῖν.

455 3856 713 3936 Πῶςόὗν,
738 3873 892 3942 φησὶ,
918 3873 1009 3927 τὸν
1042 3874 1239 3944 Ἰωσὴφ
1270 3876 1302 3944 ἡ
1329 3876 1598 3945 Αἰγυπτία
1623 3878 1874 3945 φιλοῦσα,
1897 3881 2033 3935 καθ-

455 3963 675 4036 υϐρίσαι
725 3965 1024 4034 ὴθέλησενς
1056 3966 1177 4019 Ὅτι
1221 3966 1426 4038 ταύτην
1459 3969 1633 4037 ἐφίλει
1679 3970 1776 4042 τὴν
1809 3971 2031 4044 ἀγάπην

451 4055 551 4127 τὴν
583 4054 732 4129 [296]
762 4055 1091 4128 διαϐολικήν.
1139 4057 1196 4110 '0
1243 4057 1425 4127 μέντοι
1466 4059 1662 4132 Ἰωσὴφ
1711 4062 1773 4116 οὐ
1803 4063 2030 4134 ταύτην,

455 4149 568 4204 ἀλλ’
591 4151 657 4219 ἣν
688 4151 716 4202 ὁ
750 4148 960 4211 Παῦλος
985 4147 1155 4219 ζητεῖ.
1211 4149 1487 4218 Ἐννόησον
1518 4146 1612 4203 οὖν
1642 4153 1773 4222 ὅσης
1811 4153 2034 4222 ἀγάπης

455 4239 621 4294 αὑτοῦ
669 4239 738 4292 τά
786 4241 1008 4310 ῥήματα
1055 4235 1143 4311 ἦν,
1177 4241 1270 4292 καὶ
1315 4240 1384 4294 τὰ
1430 4241 1732 4313 πράγματα
1776 4243 1812 4298 ἆ
1851 4243 2032 4316 ἐκείνη

456 4335 628 4403 ἔλεγε·
655 4332 1000 4401 Καθύϐρισόν
1023 4350 1090 4404 με
1119 4334 1213 4386 καὶ
1238 4334 1462 4405 ποίησον
1493 4335 1794 4406 μοιχαλίδα,
1827 4337 1922 4391 καί
1945 4337 2036 4390 τὸν

456 4430 627 4502 ἄνδρα
661 4429 937 4501 ἀδίκησον,
983 4431 1076 4482 καὶ
1106 4428 1203 4499 τὴν
1237 4430 1410 4484 οἰκίαν
1451 4430 1752 4500 ἀνάτρεψον
1794 4432 2033 4497 ἅπασαν,

458 4523 553 4574 καὶ
612 4521 806 4574 σαυτὸν
858 4521 958 4584 τῆς
1010 4521 1145 4592 πρὸς
1185 4521 1278 4573 τὸν
1303 4521 1434 4574 Θεὸν
1468 4521 1662 4575 ἔκϐαλε
1701 4523 2032 4594 παρρησίας·

460 4609 604 4682 ἆπερ
634 4610 696 4664 οὑ
730 4611 887 4681 μόνον
919 4612 1150 4677 ἐκεῖνον,
1209 4611 1325 4664 ἀλλ’
1365 4611 1484 4663 οὐδὲ
1533 4611 1732 4682 ἑαυτὴν
1777 4611 2036 4683 φιλούσης

458 4697 547 4774 ἦν.
580 4698 748 4768 Οὗτος
777 4703 834 4756 δέ
873 4703 1059 4773 ἐπειδὴ
1086 4703 1325 4774 γνησίως
1365 4704 1559 4770 ἐφίλει,
1588 4704 1792 4756 τούτων
1819 4705 2038 4758 πάντων

461 4795 664 4866 ἀπῆγε.
697 4795 807 4851 Kal
848 4796 934 4850 ἵνα
985 4795 1163 4868 μάθῃς
1209 4796 1291 4850 ὄτι
1329 4797 1498 4867 αὐτῆς
1548 4795 1792 4866 ἐκήδετο,
1828 4799 1890 4850 ἐκ
1940 4798 2039 4866 τῆς

463 4887 838 4956 παραινέσεως
869 4888 1002 4942 αὐτὸ
1032 4888 1340 4960 κατάμαθε.
1383 4890 1456 4942 Οὐ
1499 4888 1606 4960 γάρ
1648 4887 1907 4941 ἀπώσατο
1945 4889 2040 4960 μό-

463 4993 554 5030 νον
583 4978 773 5048 αὐτὴν,
804 4980 940 5034 ἀλλά
970 4981 1067 5035 καὶ
1095 4983 1413 5055 παραίνεσιν
1448 4983 1711 5054 εἰσήγαγε
1747 4983 1925 5035 πᾶσαν
1953 4983 2042 5036 δν-

463 5067 704 5141 ναμένην
740 5069 930 5124 σϐέσαι
973 5075 1168 5143 πυράν.
1220 5079 1286 5128 Ei
1320 5076 1430 5144 γὰρ
1474 5079 1506 5128 ό
1533 5076 1734 5142 κύριός
1754 5092 1896 5145 μου,
1933 5093 2041 5146 φη-

467 5161 573 5224 σὶν,
609 5161 681 5215 οὐ
723 5159 1005 5230 γινώσκει
1050 5163 1124 5215 δι’
1169 5165 1274 5232 ἐμὲ
1313 5167 1496 5219 οὐδὲν
1535 5167 1656 5222 τῶν
1692 5168 1762 5222 ἐν
1793 5167 1872 5232 τῷ
1899 5169 2044 5233 οἴκῳ

464 5250 673 5309 αὐτοῦ.
709 5250 925 5316 Εὐθέως
959 5253 1127 5325 αὐτὴν
1154 5254 1423 5322 ἀνέμνησε
1453 5257 1546 5308 τοῦ
1585 5259 1794 5328 ἀνδρὸς.
1837 5261 1921 5312 ίνα
1953 5261 2041 5314 ἐν-

464 5345 662 5419 τρέψῃ.
692 5345 802 5401 Kal
836 5346 936 5399 οὐκ
961 5342 1134 5407 εἶπεν,
1183 5346 1240 5398 Ὀ
1262 5347 1402 5416 ἀνήρ
1433 5364 1546 5406 σου.
1584 5349 1698 5402 ἀλλ’
1732 5350 1794 5402 ὀ
1839 5351 2044 5420 κύριός

464 5455 601 5508 μου,
637 5437 666 5491 δ
697 5437 900 5509 μᾶλλον
931 5437 1112 5492 ἰκανὸν
1151 5433 1219 5509 ἧν
1249 5437 1419 5507 αὐτὴν
1455 5443 1766 5508 κατασχεῖν.
1793 5429 1888 5495 καὶ
1923 5445 2043 5494 πεῖ-

470 5545 560 5582 σαι
588 5529 839 5600 ἐννοῆσαι
876 5529 960 5595 τίς
990 5525 1124 5583 οὖσα
1163 5531 1308 5592 τίνος
1336 5531 1456 5600 ἐρᾷ,
1481 5532 1563 5582 ὅτι
1601 5531 1858 5584 δέσποινα
1885 5527 2040 5590 οὖσα,

468 5617 675 5672 δούλου.
725 5621 788 5672 Εἰ
818 5621 928 5692 γάρ
969 5623 1174 5684 ἐκεῖνος
1213 5621 1422 5689 κύριος,
1479 5619 1574 5671 καὶ
1612 5621 1677 5672 σὺ
1722 5621 1906 5687 κυρία.
1954 5621 2046 5672 Δί-

473 5706 730 5779 σχύνθητι
784 5710 960 5765 τοίνυν
1012 5712 1108 5783 τὴν
1157 5712 1293 5782 πρὸς
1333 5711 1423 5763 τὸν
1451 5710 1635 5764 δοῦλον
1669 5711 1904 5782 ὁμιλίαν,
1953 5713 2044 5767 καὶ

2108 374 2360 447 ἐννόησον
2391 381 2536 446 τίνος
2574 379 2709 438 οὖσα
2737 388 2896 456 γυνὴ,
2939 387 3044 440 τίνι
3073 388 3252 459 βούλει
3285 393 3694 466 συμπλακῆναι,

2116 471 2208 524 καὶ
2250 473 2380 542 περί
2407 475 2528 528 τίνα
2556 477 2852 547 ἀχάριστος
2887 475 3014 554 γῦιῃ
3059 483 3152 536 καὶ
3179 483 3467 556 ἀγνώμων,
3492 493 3584 542 καὶ
3611 489 3698 542 ὅτι

2114 563 2223 630 ἐγὼ
2274 565 2496 620 πλείονα
2540 569 2692 640 αὐτῷ
2736 572 2996 643 ἀπονέμω
3035 573 3264 631 εὔνοιαν.
3299 579 3409 630 Kal
3442 579 3546 652 ὅρα
3580 581 3701 644 πῶς

2115 654 2332 722 ἐπαίρει
2383 655 2550 710 αὐτοῦ
2604 660 2704 722 τὰς
2753 661 3092 731 εὐεργεσίας.
3144 667 3360 737 Ἐπειδὴ
3405 670 3515 740 γὰρ
3544 672 3700 726 οὐδὲν

2115 741 2222 794 τῶν
2255 742 2474 814 ὑψηλῶν
2503 749 2750 817 ἐννοῆσαι
2781 749 3010 819 ἠδύνατο
3038 756 3069 824 ῆ
3099 753 3372 826 βάρϐαρος
3395 760 3578 831 ἐκείνη
3609 761 3702 814 καὶ

2119 833 2437 898 ἀκόλαστος,
2472 837 2581 890 διπῦ
2609 839 2718 891 τῶν
2751 840 3105 912 ἀνθρωπίνων
3134 845 3303 918 αὐτὴν
3329 849 3579 920 ἐντρέπει
3612 849 3703 904 λέ-

2116 939 2249 991 γων·
2293 928 2373 980 Οὐ
2405 927 2686 996 γινώσκει
2719 931 2791 983 δι’
2821 932 2927 1001 ἐμὲ
2953 934 3154 988 οὐδέν·
3193 939 3496 1001 τουτέστιν,
3531 942 3705 1013 Εὐερ-

2118 1019 2271 1085 γετεῖ
2305 1035 2372 1088 με
2403 1019 2637 1090 μεγάλα,
2669 1024 2760 1076 καὶ
2796 1025 2858 1079 ού
2887 1024 3123 1097 δύναμαι
3173 1029 3268 1084 τὸν
3296 1034 3607 1102 προστάτην
3642 1035 3702 1086 ἐν

2117 1113 2229 1176 τοῖς
2263 1111 2474 1182 κυρίοις
2500 1114 2721 1184 πλῆξαι.
2757 1117 2886 1188 Ἐμέ
2910 1117 3160 1189 δεύτερον
3185 1122 3410 1193 ἐποίησε
3437 1125 3704 1196 δεσπότην

2117 1205 2216 1272 τῆς
2261 1204 2467 1270 οἰκίας,
2519 1207 2636 1271 καὶ,
2673 1207 2884 1274 Οὐδείς
2931 1210 3309 1279 ὑπεξῄρηταί
3346 1231 3500 1283 μου,
3535 1215 3706 1283 πλὴν

2119 1293 2256 1347 σοῦ.
2297 1292 2562 1351 Ἐνταῦθα
2598 1298 2814 1370 ἐπαίρει
2859 1300 3029 1371 αὐτῆς
3059 1303 3120 1355 τὺ
3153 1303 3430 1374 φρόνημα,
3477 1306 3561 1358 ἵνα
3599 1307 3704 1359 κᾶν

2120 1382 2292 1449 οὕτως
2327 1387 2682 1459 αἰσχυνθῆναι
2714 1392 3130 1464 παρασκευάσῃ,
3157 1394 3249 1446 καὶ
3275 1394 3424 1466 δείξῃ
3459 1396 3705 1465 μεγάλην

2121 1471 2284 1530 οὖσαν
2319 1477 2418 1548 τὴν
2465 1481 2651 1550 τιμήν.
2679 1482 2788 1534 Kal
2811 1482 2933 1535 οὐδὲ
2963 1483 3124 1554 μέχρι
3165 1485 3354 1538 τούτου
3385 1485 3534 1558 ἔστη.
3569 1487 3707 1541 ἀλλὰ

2121 1569 2217 1621 καὶ
2245 1569 2527 1639 ἐπήγαγεν
2556 1571 2728 1642 ὄνομα
2759 1573 2940 1627 ἱκανὸν
2963 1574 3130 1645 αὐτὴν
3166 1581 3482 1646 κατασχεῐι,
3505 1578 3704 1646 λέγων·

2122 1657 2226 1712 Διὰ
2259 1659 2328 1712 τό
2365 1676 2440 1714 σε
2473 1662 2730 1731 γυναῖκα
2763 1664 2950 1718 αὑτοῦ
2979 1661 3153 1732 εἶναι,
3184 1667 3281 1720 καὶ
3315 1667 3442 1734 πῶς
3471 1668 3708 1738 ποιήσω

2123 1748 2189 1802 τὸ
2220 1748 2384 1820 ῥῆμα
2417 1751 2485 1806 τὸ
2517 1755 2786 1822 πονηρὸν
2824 1755 3031 1819 τοῦτοί
3079 1757 3240 1812 Ἀλλά
3284 1759 3337 1811 τί
3378 1760 3590 1827 λέγειςς
3622 1761 3706 1814 ὅτι

2122 1840 2183 1893 οὐ
2218 1841 2483 1913 πάρεστιν
2511 1845 2538 1896 6
2567 1845 2726 1917 ἀνὴρ,
2760 1846 2879 1900 οὐδὲ
2907 1843 3048 1900 οἶδεν
3070 1849 3152 1902 ὅτι
3171 1849 3476 1915 ἀδικεῖται;
3511 1851 3653 1904 Ἀλλ’
3679 1856 3708 1905 6

2123 1932 2254 1998 Θεὸς
2287 1934 2569 2006 ἐπόψεται.
2609 1936 2748 1990 Ἀλλ’
2783 1937 2882 1991 οὐκ
2929 1938 3218 2008 ἐκέρδανεν
3267 1941 3420 1994 οὐδὲν
3467 1941 3576 1995 ἀπὸ
3609 1943 3710 2013 τῆς

2127 2023 2436 2096 συμϐουλῆς
2469 2025 2674 2097 ἐκείνη,
2713 2027 2827 2081 ἀλλ’
2863 2029 3218 2083 ἐπεσπάσατο
3245 2032 3428 2084 αὐτόν.
3463 2032 3574 2102 Τὴν
3600 2033 3712 2102 γάρ

2123 2114 2330 2169 οἰκείαν
2359 2116 2554 2186 μανίαν
2576 2117 2860 2190 πληρῶσαι
2895 2117 3217 2192 βουλομένη,
3253 2122 3317 2175 οὐ
3355 2121 3585 2190 φιλοῦσα
3616 2123 3714 2176 τὸν

2137 2207 2358 2280 Ἰωσὴφ,
2393 2209 2565 2264 ταῦτα
2592 2211 2850 2282 ἔπραττε·
2879 2213 2972 2266 καὶ
2995 2213 3150 2284 δῆλον
3187 2214 3248 2280 ἐξ
3269 2209 3342 2269 ὧν
3373 2216 3510 2287 μετά
3537 2217 3714 2271 ταῦτα

2127 2301 2372 2372 ἐποίησε.
2406 2303 2516 2355 Kal
2546 2303 2655 2374 γάρ
2680 2304 3030 2375 δικαστήριον
3076 2305 3312 2372 καθίζει,
3339 2311 3431 2361 καὶ
3470 2326 3712 2378 κατηγο-

2129 2393 2252 2464 ρίαν
2275 2394 2508 2462 εἰσάγει,
2543 2397 2637 2448 καὶ
2662 2397 2731 2448 τὰ
2761 2395 2932 2468 ψευδῆ
2977 2402 3402 2469 καταμαρτυρεῖ,
3440 2401 3528 2451 καὶ
3569 2399 3712 2452 ἐκδίο

2125 2481 2256 2535 δωσι
2293 2481 2466 2554 θηρίῳ
2494 2484 2584 2537 τὸν
2615 2485 2768 2538 οὐδὲν
2801 2487 3120 2556 ἠδικηκότα,
3151 2489 3246 2543 καὶ
3296 2490 3376 2554 εἰς
3429 2489 3712 2561 δεσμωτήο

2133 2591 2244 2646 ριον
2275 2576 2553 2645 ἐμϐάλλει·
2589 2578 2790 2647 μᾶλλον
2815 2579 2890 2646 δὲ,
2921 2581 2980 2634 τό
3008 2597 3070 2650 γε
3091 2582 3260 2654 αὐτῆς
3289 2583 3474 2655 μέρος,
3503 2583 3597 2636 καὶ
3621 2585 3713 2636 ἀν-

2128 2666 2290 2722 εῖλεν·
2326 2667 2470 2722 οῦτω
2509 2669 2602 2722 τὸν
2648 2669 2911 2743 δικαστὴν
2942 2674 3275 2732 καθώπλισε.
3321 2677 3386 2729 Τί
3428 2671 3556 2742 οὗν;
3604 2671 3714 2747 ἄρα

2129 2763 2224 2816 καὶ
2251 2761 2444 2834 Ἰωσὴφ
2477 2763 2752 2831 τοιοῦτος;
2788 2767 3107 2822 Τοὺναντίον
3141 2770 3239 2838 μὲν
3266 2765 3358 2823 οὖν
3387 2769 3556 2824 ἅπαν·
3588 2769 3713 2823 οὔτε

2129 2855 2238 2926 γάρ
2266 2857 2539 2920 ἀντεῖπεν,
2565 2856 2689 2910 οὔτε
2724 2860 3067 2931 κατηγόρησε
3101 2861 3199 2931 τῆς
3224 2862 3505 2930 γυναικός.
3553 2863 3716 2916 Ἠπι-

2133 2949 2303 3020 στήθη
2331 2947 2440 3020 γάρ
2476 2949 2564 3012 ἂν,
2597 2951 2754 3021 φησί.
2791 2951 2900 3004 Kal
2939 2951 3048 3022 μὴν
3089 2953 3295 3024 σφόδρα
3330 2953 3588 3022 ἐφιλεῖτο,
3621 2955 3718 3008 καί

2131 3039 2288 3111 δῆλον
2313 3040 2414 3094 οὐκ
2434 3041 2541 3095 ἀπὸ
2569 3042 2667 3112 τῆς
2695 3043 2870 3113 ἀρχῆς
2903 3043 3084 3114 μόνον,
3107 3043 3240 3098 ἀλλά
3269 3045 3363 3098 καὶ
3387 3045 3494 3098 ἀπὸ
3513 3045 3608 3098 τοῦ
3629 3047 3718 3098 τέ-

2131 3133 2278 3198 λους.
2303 3134 2366 3188 Εἰ
2387 3133 2496 3207 γὰρ
2529 3135 2604 3207 μὴ
2637 3136 2844 3208 σφόδρα
2869 3137 3030 3190 αὐτὸν
3061 3136 3337 3209 βάρϐαρος
3369 3139 3575 3200 ἐκεῖνος
3597 3137 3719 3206 ἐφί-

2132 3227 2235 3293 λει,
2265 3228 2370 3282 κάν
2411 3229 2701 3282 ἀπέκτεινε
2737 3230 2972 3298 σιγῶντα
3015 3231 3110 3283 καί
3148 3229 3302 3282 οὐδὲν
3345 3229 3714 3298 ἀντιλέγοντα.

2133 3319 2244 3372 Καὶ
2287 3319 2396 3390 γὰρ
2436 3319 2732 3388 Αἰγύπτιος
2774 3315 2862 3392 ἦν,
2897 3322 2989 3374 καὶ
3026 3322 3229 3391 ἄρχων,
3267 3320 3362 3374 καί
3391 3322 3519 3392 περί
3557 3321 3718 3393 εὐνὴν

2135 3411 2484 3482 ἠδικημένος,
2517 3410 2667 3484 [297]
2689 3412 2764 3476 ώς
2786 3412 3025 3482 ἐνόμιζε,
3059 3411 3155 3466 καὶ
3183 3411 3334 3483 ποιρά
3363 3413 3600 3478 οἰκέτου,
3624 3415 3720 3467 καὶ

2135 3503 2346 3558 οἰκέτου
2377 3501 2603 3560 τοιαῦτα
2629 3505 3104 3578 εὐεργετηθέντος.
3132 3505 3270 3560 Ἀλλ’
3299 3505 3518 3577 ἐνίκησε
3547 3505 3720 3560 ταῦτα

2138 3596 2318 3651 πάντα
2355 3597 2384 3650 6
2429 3597 2593 3659 πόθος
2637 3597 2730 3650 καὶ
2766 3599 2798 3667 ἠ
2837 3597 3017 3668 χάρις,
3049 3598 3115 3668 ἢν
3146 3600 3175 3651 6
3205 3597 3336 3662 Θεὸς
3378 3597 3545 3652 αὑτοῦ
3590 3615 3720 3652 κατα

2139 3690 2282 3762 έχεε.
2315 3690 2474 3744 Μετά
2510 3690 2567 3744 δὲ
2599 3690 2698 3760 τῆς
2729 3689 2952 3762 χάριτος
2992 3692 3088 3744 καὶ
3123 3691 3222 3761 τῆς
3250 3692 3470 3763 ἀγάπης
3514 3691 3720 3762 ταύτης

2139 3782 2236 3836 καὶ
2297 3783 2573 3852 τεκμήρια
2623 3777 2767 3852 εἶχεν
2823 3783 2884 3836 οὐ
2931 3782 3125 3854 μικρὰ,
3173 3785 3222 3836 εἰ
3267 3783 3722 3852 δικαιολογεῖσθαι

2140 3873 2563 3939 ἐϐούλετο,αὑτά
2575 3874 2642 3926 τά
2660 3874 2869 3944 ἰμάτια.
2894 3875 2954 3927 Εἰ
2971 3873 3080 3946 γὰρ
3103 3873 3242 3946 αὑτὴ
3262 3869 3382 3946 ἦνή
3411 3873 3718 3945 βιασθεῖσα,

2138 3962 2228 4016 τὸν
2257 3961 2462 4034 χιτῶνα
2503 3963 2672 4034 αὐτῆς
2697 3963 3092 4036 περιερρἦθαι
3137 3963 3264 4028 ἔδει,
3303 3964 3401 4034 τὴν
3430 3964 3553 4035 δψιν
3585 3982 3718 4018 κατ-

2141 4054 2504 4128 εσπαράχθαι,
2536 4055 2597 4108 ού
2631 4053 2698 4110 τὰ
2739 4055 2948 4109 ἐκείνου
2999 4055 3250 4126 κατέχειν
3302 4057 3513 4126 ἰμάτια.
3557 4057 3723 4110 Ἀλλ’

2141 4149 2394 4217 ἢκουσε,
2419 4147 2604 4217 φησὶν,
2633 4145 2720 4200 ὅτι
2757 4146 2975 4215 ὓψωσα
3011 4146 3128 4215 τὴν
3155 4147 3384 4217 φωνὴν,
3410 4149 3507 4202 καί
3539 4164 3721 4202 κατα-

2141 4238 2339 4293 λιπὼν
2364 4239 2437 4292 τὰ
2469 4237 2668 4308 ίμάτια
2690 4237 2896 4296 αὐτοῦ,
2924 4237 3183 4306 ἀπῆλθε.
3226 4238 3382 4302 Τίνος
3415 4235 3506 4292 οὖν
3535 4240 3726 4292 ἕνεκεν

2143 4331 2238 4386 καὶ
2275 4331 2589 4397 ἀπέδυσας;
2619 4330 2671 4383 τί
2717 4329 2824 4402 γάρ
2867 4330 3112 4402 παθούσῃ
3145 4330 3263 4400 βίαν
3303 4332 3586 4401 ἀγαπητὸν
3614 4327 3722 4402 ἦνς

2144 4424 2217 4478 Τὸ
2246 4423 2624 4492 ἀπαλλαγῆναι
2649 4421 2741 4476 τοῦ
2765 4421 3128 4493 ἐνοχλοῦντος.
3166 4422 3308 4493 Ἐγὼ
3331 4424 3388 4477 δέ
3415 4424 3517 4478 οὐκ
3541 4422 3727 4477 ἐντεῦ-

2145 4515 2237 4570 θεν
2264 4517 2443 4586 μόνον,
2479 4515 2614 4569 ἀλλά
2642 4515 2738 4570 καὶ
2767 4517 2831 4570 ἐκ
2869 4515 2979 4570 τῶν
3009 4515 3148 4586 μετὰ
3169 4515 3341 4570 ταῦτα
3367 4517 3537 4584 δείξαι
3563 4516 3728 4586 δυνήο

2147 4625 2309 4678 σομαι
2364 4606 2528 4660 αὐτοῦ
2575 4605 2674 4678 τὴν
2704 4606 2917 4661 εὔνοιαν
2955 4609 3048 4662 καὶ
3075 4607 3172 4679 τὴν
3201 4607 3442 4678 ἀγάπην.
3477 4609 3590 4661 Kal
3617 4607 3729 4678 γὰρ

2145 4700 2234 4752 ὅτε
2269 4699 2348 4762 εἰς
2383 4697 2630 4768 ἀνάγκην
2663 4697 2889 4752 ἐνέπεσε
2921 4697 3014 4751 τοῦ
3049 4699 3150 4769 τὴν
3198 4699 3378 4752 αἰτίαν
3422 4699 3600 4751 εἰπεῖν
3631 4699 3728 4752 τοῦ

2145 4790 2519 4862 δεσμωτηρίου
2569 4789 2666 4844 καὶ
2712 4790 2815 4857 τῆς
2852 4791 2969 4844 ἐκεῖ
2996 4789 3300 4860 διατριϐῆς,
3327 4790 3448 4844 ούδέ
3484 4789 3605 4843 τότε
3643 4790 3730 4856 ἐξ·

2147 4887 2268 4938 εἶπε
2295 4884 2354 4938 τὸ
2381 4884 2587 4956 δρᾶμα,
2615 4883 2752 4940 ἀλλὰ
2778 4883 2831 4936 τί
2860 4901 3025 4956 φησι;
3049 4883 3156 4937 Καὶ
3191 4883 3306 4954 ἐγὼ
3325 4885 3437 4938 οὐκ
3466 4884 3732 4951 ἐποίησα

2146 4979 2346 5044 οὐδὲν,
2388 4979 2551 5034 ἀλλὰ
2587 4977 2790 5047 κλοπῇ
2836 4977 3110 5046 ἐκλάπην
3152 4977 3223 5031 ἐκ
3273 4976 3386 5046 γῆς
3425 4977 3729 5045 Ἐϐραίων·

2148 5070 2243 5124 καί
2275 5068 2513 5140 οὐδαμοῦ
2547 5070 2818 5140 μέμνηται
2837 5071 2936 5139 τῆς
2961 5067 3286 5139 μοιχαλίδος,
3311 5069 3431 5122 ούδέ
3457 5069 3706 5123 καλλωπί
3717 5101 3731 5112 ο

2149 5159 2301 5224 ζεται
2331 5160 2425 5214 ἐπὶ
2457 5159 2536 5230 τῷ
2567 5159 2872 5232 πράγματι,
2906 5160 2934 5212 ὃ
2963 5161 3069 5224 πᾶς
3107 5177 3190 5224 τις
3218 5155 3311 5214 οὖν
3342 5161 3408 5215 ἂν
3429 5162 3652 5228 ἔπαθεν,
3682 5164 3732 5216 εἰ

2149 5259 2242 5312 καὶ
2273 5258 2347 5329 μὴ
2383 5255 2692 5327 φιλοτιμίας
2726 5255 2932 5316 ἕνεκεν,
2959 5252 3074 5306 ἀλλ’
3100 5252 3238 5308 ὥστε
3280 5255 3354 5327 μὴ
3387 5255 3534 5322 δόξαι
3563 5272 3734 5326 πονη-

2151 5352 2250 5422 ρᾶς
2281 5350 2468 5403 ἐνεκεν
2490 5349 2668 5412 αἰτίας
2704 5348 2785 5410 εἰς
2809 5346 2870 5400 τὸ
2902 5345 3108 5420 οἴκημα
3133 5348 3504 5420 ἐμϐεϐλῆσθαι
3529 5351 3729 5403 ἐκεῖνο.

2150 5442 2213 5496 Εἰ
2243 5442 2352 5511 γὰρ
2382 5441 2476 5492 καὶ
2504 5439 2908 5510 ἁμαρτάνοντες
2939 5441 3236 5512 ἄνθρωποι,
3277 5441 3397 5496 οὐδὲ
3427 5441 3598 5505 οὕτως
3627 5444 3734 5497 ἀπ·-

2150 5534 2364 5604 έχονται
2394 5531 2487 5585 τοῦ
2523 5532 2697 5588 ταῦτα
2730 5533 3002 5602 ἐγκαλεῖν,
3035 5535 3213 5588 καίτοι
3243 5550 3306 5601 γε
3343 5532 3607 5603 αἰσχύνην
3637 5532 3735 5587 τοῦ

2152 5623 2476 5695 πράγματος
2505 5623 2783 5692 φέροντος,
2815 5624 2934 5686 πῶς
2959 5624 3059 5677 οὐκ
3093 5623 3240 5686 ἀξιον
3274 5624 3554 5694 θαυμάσαι
3583 5625 3733 5677 ἐκεῖ-

2152 5735 2259 5780 νον,
2289 5719 2368 5770 ίἓτι
2397 5717 2488 5770 καὶ
2523 5716 2759 5790 καθαρὸς
2785 5717 2860 5770 ὢν
2885 5718 2983 5771 οὐκ
3015 5713 3136 5771 εἷπε
3168 5717 3257 5770 τὸν
3290 5718 3466 5790 ἐρώτα
3495 5717 3594 5788 τῆς
3632 5733 3736 5790 γυ-
