4094 6222
408 297 515 355 273

404 430 534 469 vero
562 414 865 469 libertatem
896 427 926 466 a
953 412 1115 477 euris,
1164 426 1224 466 ac
1253 426 1423 480 neque
1451 411 1754 466 divitiarum
1786 412 1987 467 sollici-

405 504 658 566 tudines,
708 518 881 572 neque
937 501 1265 571 paupertatis
1313 512 1512 556 metum
1573 503 1983 558 sustineremus.

406 595 613 665 Ecquid
636 594 760 648 ilico
785 594 852 648 de
884 593 1047 647 lucris
1076 610 1141 647 ex
1170 594 1255 647 illa
1281 594 1487 662 partis?
1519 593 1633 663 Ipsa
1680 609 1894 664 quoque
1936 595 1986 649 in

399 704 463 743 se
487 687 728 751 dilectio,
759 694 953 756 quanta
986 686 1055 740 sit
1078 686 1381 753 considera,
1409 695 1661 755 quantam
1693 685 1825 741 ferat
1848 686 1988 740 heli-

397 781 552 845 tiam,
584 780 636 832 in
663 789 858 849 quanta
886 781 1052 848 gratia
1084 780 1376 833 constituat
1401 780 1632 834 animam
1659 798 1672 833 :
1703 780 1841 849 quod
1871 780 1989 850 qui-

397 872 524 926 dem
558 871 609 924 iu
633 870 720 924 illa
753 871 1013 924 eximium
1040 880 1141 924 est.
1165 871 1299 925 Alia:
1325 886 1557 941 namque
1583 872 1792 926 virtutis
1812 881 1988 942 partes

395 964 743 1034 conjunetum
774 964 977 1018 habent
1002 963 1243 1018 laborem
1267 980 1281 1029 ;
1309 965 1454 1020 verbi
1485 965 1675 1034 gratia,
1703 964 1980 1034 jejunium,

397 1056 752 1125 temperantia
775 1098 788 1122 ,
837 1054 1031 1125 vigilite
1056 1096 1070 1120 ,
1117 1056 1371 1110 invidiam
1396 1098 1410 1121 ,
1463 1056 1981 1125 concupiscentiam,

394 1157 766 1216 contemptum
789 1165 801 1199 :
822 1150 1018 1202 caritas
1047 1156 1225 1203 autem
1249 1165 1371 1203 cum
1398 1149 1547 1203 lucro
1577 1149 1793 1204 multam
1826 1150 1985 1204 habet

392 1242 558 1295 etiam
589 1242 936 1308 voluptatem,
966 1250 1020 1295 ct
1046 1241 1282 1296 laborem
1316 1242 1518 1295 nullum
1547 1259 1560 1293 :
1593 1251 1647 1296 et
1676 1242 1813 1296 sicut
1844 1241 1981 1294 bona

392 1334 535 1402 apis,
565 1333 802 1402 undique
849 1334 985 1387 bona
1031 1333 1310 1403 colligens,
1341 1333 1427 1388 illa
1460 1332 1674 1402 deponit
1707 1332 1758 1385 in
1807 1332 1980 1385 anima

391 1425 516 1493 ejus
544 1425 632 1493 qui
661 1424 849 1493 diligit.
884 1424 1107 1478 Etiamsi
1138 1426 1258 1495 quis
1304 1425 1525 1488 serviat,
1580 1424 1825 1478 libertate
1856 1438 1979 1475 sua-

388 1514 600 1569 viorem
651 1514 868 1568 exhibet
896 1518 1234 1570 servitutem.
1288 1515 1387 1582 Qui
1420 1515 1562 1569 enim
1592 1523 1735 1569 amat
1762 1528 1869 1567 non
1910 1513 1978 1565 ita

385 1607 583 1673 gaudet
612 1620 729 1659 cum
760 1606 1001 1674 imperat,
1040 1616 1097 1661 ut
1125 1623 1245 1661 cum
1290 1606 1604 1676 imperatur,
1634 1604 1844 1659 etiarnsi
1874 1603 1977 1657 im-

385 1713 582 1773 perare
609 1698 679 1755 sit
702 1698 995 1769 jucundum
1019 1716 1032 1760 ;
1062 1700 1154 1754 sed
1188 1701 1299 1768 ipsa
1328 1714 1508 1754 rerum
1530 1707 1772 1752 naturam
1802 1706 1977 1751 trans-

385 1804 583 1855 mutat,
614 1792 933 1863 advertitque
962 1792 1013 1845 in
1048 1807 1204 1844 manu
1228 1790 1366 1845 bona
1396 1790 1576 1844 omnia
1606 1790 1828 1852 habens,
1851 1803 1978 1859 qua-

385 1886 467 1939 vis
485 1894 656 1940 matre
673 1885 941 1951 blandior,
958 1884 1145 1954 quavis
1171 1882 1349 1953 regina
1378 1882 1692 1951 locupletior
1717 1899 1732 1936 :
1754 1896 1977 1951 qumque

383 1976 655 2031 laboriosa
683 1985 828 2040 sunt,
862 1976 997 2030 levia
1030 1985 1081 2030 et
1114 1973 1288 2028 facilia
1336 1974 1531 2032 reddit.
1562 1973 1811 2027 virtutem
1843 1972 1972 2026 faci-

384 2072 516 2131 lem,
571 2067 861 2137 nequitiam
908 2067 1312 2122 acerbissimam
1346 2065 1499 2120 nobis
1530 2064 1811 2119 exhibens.
1845 2065 1973 2118 Atti-

380 2160 661 2213 madverte
683 2170 859 2212 antem
895 2176 907 2211 :
942 2159 1254 2229 impendere
1284 2157 1492 2212 videtur
1520 2158 1799 2211 molestmu
1831 2172 1969 2217 esse.

382 2250 568 2305 ethoc
616 2249 700 2304 illa
731 2250 885 2304 dulce
913 2248 1129 2314 reddit;
1164 2250 1341 2304 aliena
1387 2250 1632 2318 accipere
1652 2248 1968 2318 jucundum,

380 2350 439 2396 et
469 2357 575 2395 non
604 2341 729 2394 sinit
757 2341 883 2393 illud
904 2340 1198 2409 jucundum
1228 2355 1511 2409 apparere,
1542 2340 1635 2395 sed
1666 2349 1721 2393 ut
1750 2356 1968 2409 pravum

380 2432 567 2502 fugere
587 2431 797 2486 suadet.
822 2430 1030 2485 Rursus
1059 2431 1386 2486 maledicere
1429 2445 1591 2486 suave
1617 2431 1865 2487 omnibus
1892 2431 1972 2485 vi-

379 2524 542 2578 detur
565 2538 725 2588 esse;
760 2525 869 2593 ipsa
900 2534 1077 2578 autem
1108 2525 1235 2579 illud
1267 2538 1505 2578 amarum
1546 2539 1667 2579 esse
1711 2523 1966 2591 declarat,

380 2623 438 2668 et
463 2613 783 2669 benedicere
815 2614 972 2669 dulce
1001 2634 1013 2669 :
1047 2616 1176 2669 nihil
1208 2616 1350 2669 enim
1381 2615 1532 2670 nobis
1576 2616 1648 2670 ita
1674 2631 1835 2670 suave
1864 2626 1965 2681 est,

380 2712 438 2758 ut
476 2704 695 2758 laudare
740 2720 862 2758 eum
909 2721 1067 2774 quem
1098 2721 1361 2760 amamus.
1394 2704 1602 2761 Rursus
1630 2706 1702 2758 ira
1734 2706 1962 2776 aliquam

380 2796 543 2852 habet
566 2798 924 2867 voluptatem;
951 2808 1003 2851 at
1032 2798 1117 2854 hic
1145 2814 1495 2869 nequaquam,
1525 2797 1618 2853 sed
1641 2813 1827 2853 omnes
1850 2797 1965 2867 ejus

378 2889 530 2942 nervi
549 2888 742 2942 sublati
767 2898 890 2943 sunt
918 2908 928 2940 :
956 2891 1165 2944 etiamsi
1198 2892 1243 2946 is
1270 2892 1357 2961 qni
1383 2891 1621 2961 diligitur
1640 2890 1875 2961 diligenti
1906 2906 1965 2945 se

378 2980 679 3033 molestiam
703 2980 918 3045 crearit,
941 2981 1014 3035 ira
1041 2997 1303 3052 nusquam
1325 2991 1564 3052 apparet,
1580 2982 1674 3037 sed
1693 2983 1960 3053 lacrymm,

377 3071 783 3127 adhortationes
805 3082 857 3127 et
885 3074 1301 3142 supplicationes
1336 3093 1348 3129 :
1384 3084 1584 3129 tantum
1615 3076 1766 3130 abest
1796 3086 1851 3129 ut
1873 3090 1966 3130 ex-

377 3174 679 3234 asperetur.
726 3166 942 3220 Etiamsi
968 3167 1143 3220 videat
1181 3178 1485 3235 peccantem
1506 3208 1521 3233 ,
1550 3168 1692 3237 luget
1720 3178 1774 3222 et
1797 3168 1959 3231 dolet;

378 3257 473 3312 sed
499 3257 655 3312 dolor
685 3258 771 3313 ille
794 3259 1116 3327 voluptatem
1147 3260 1317 3314 alfert.
1344 3261 1592 3315 Caritatis
1617 3260 1759 3314 enim
1793 3261 1965 3330 lacry-

377 3364 480 3402 mze
508 3357 564 3403 et
584 3349 739 3402 dolor
768 3351 877 3403 risu
901 3360 1026 3404 sunt
1051 3352 1193 3404 otnui
1220 3363 1270 3405 et
1300 3351 1493 3422 gaudio
1520 3353 1819 3408 suaviores.
1843 3352 1959 3407 Non

376 3440 513 3494 adeo
534 3442 694 3511 igitur
714 3444 997 3512 quiescunt
1034 3444 1066 3499 ii
1090 3446 1179 3516 qui
1212 3446 1408 3512 rident,
1443 3455 1499 3500 ut
1532 3447 1563 3499 ii
1589 3446 1676 3515 qui
1705 3462 1798 3515 pro
1824 3447 1955 3500 ami-

374 3533 454 3587 cis
485 3535 700 3603 plorant
733 3553 744 3589 :
775 3535 891 3591 etsi
924 3538 972 3591 id
1001 3552 1103 3591 non
1146 3538 1341 3603 credis,
1374 3539 1603 3607 reprime
1636 3539 1847 3592 illorum
1883 3539 1956 3590 la-

374 3640 609 3698 crymas,
643 3638 697 3683 et
726 3644 788 3682 ac
828 3629 870 3683 si
899 3629 1210 3699 gravissima
1245 3638 1569 3697 paterentur,
1602 3630 1671 3682 ita
1694 3644 1834 3698 agre
1879 3630 1957 3683 fe

374 3729 518 3772 runt.
548 3721 613 3773 At
634 3735 836 3784 amare,
869 3720 1100 3791 inquies,
1123 3720 1407 3773 absurdam
1430 3718 1589 3775 habet
1612 3720 1955 3789 voluptatem.

373 3810 549 3875 Absit,
573 3811 710 3865 booa
744 3812 922 3874 verba,
1198 3830 1210 3864 :
1244 3812 1370 3865 nihil
1396 3812 1536 3866 enim
1562 3812 1628 3865 ita
1660 3826 1848 3881 purum
1876 3820 1957 3865 est

372 3909 434 3955 ttt
469 3901 661 3955 caritas
682 3902 932 3972 genuina.

450 3992 506 4047 7.
546 3991 625 4047 Ne
655 3993 781 4046 Inibi
824 3995 965 4049 enim
996 3993 1141 4049 dicas
1169 3995 1309 4047 illam
1355 3994 1666 4063 popularem
1694 4002 1747 4047 et
1773 3992 1953 4047 furen-

371 4094 515 4151 sem,
556 4085 645 4157 qui
671 4095 751 4140 est
792 4088 967 4155 petius
992 4088 1229 4150 morbus,
1274 4102 1431 4157 quam
1464 4088 1657 4141 caritas
1686 4096 1739 4140 et
1783 4101 1952 4151 amor,

370 4177 472 4231 sed
502 4177 634 4231 hanc
661 4193 819 4248 quam
847 4178 1038 4232 Paulus
1066 4178 1275 4248 qumrit,
1327 4194 1446 4248 qua:
1472 4178 1612 4248 quod
1643 4178 1771 4232 utile
1817 4177 1952 4231 dile-

369 4268 475 4322 ctis
501 4278 581 4323 est
609 4280 836 4340 spectat,
869 4278 926 4326 et
953 4271 1161 4325 videbis
1194 4271 1313 4325 illos
1339 4285 1458 4325 esse
1506 4270 1743 4340 patrilms
1767 4285 1951 4323 aman-

368 4362 557 4417 tiores.
581 4365 657 4417 Ac
686 4363 1136 4433 quemadmodum
1167 4364 1198 4417 ii
1224 4364 1316 4434 qui
1343 4366 1595 4433 pecunias
1625 4371 1825 4425 amant,
1857 4378 1951 4431 pe-

367 4454 554 4508 cunias
580 4456 895 4525 impendere
917 4473 1024 4511 non
1059 4455 1349 4525 elegerint,
1382 4454 1476 4510 sed
1510 4455 1723 4509 suavius
1769 4463 1954 4524 putant

364 4544 422 4598 in
462 4548 705 4616 angustia
733 4562 873 4614 esse,
906 4563 1066 4619 quam
1108 4548 1226 4602 illas
1271 4548 1580 4602 imminutas
1608 4548 1790 4602 videre
1821 4563 1833 4600 :
1877 4549 1954 4602 sic

366 4645 423 4690 et
451 4637 540 4691 ille
564 4639 655 4706 qui
682 4653 808 4709 erga
830 4640 1055 4709 aliquem
1089 4639 1225 4694 bene
1262 4648 1315 4693 et
1339 4640 1574 4693 suaviter
1598 4639 1820 4694 alfeelus
1846 4646 1948 4704 est,

367 4727 646 4782 innumera
672 4730 779 4796 pati
800 4730 1064 4795 maluerit,
1085 4730 1509 4801 quamdilt-ctum
1535 4730 1713 4783 videre
1742 4730 1947 4784 ltestnu.

366 4819 649 4886 Quomodo
702 4821 881 4890 igitur,
941 4822 1170 4893 inquies,
1204 4823 1453 4894 {Egyptia
1486 4824 1595 4886 illa,
1642 4838 1763 4891 quze
1801 4822 1952 4877 ,1080-

366 4909 528 4977 phum
592 4912 838 4976 amabat,
895 4913 1041 4965 illum
1088 4913 1408 4966 contumelia
1470 4911 1690 4967 afcete
1741 4913 1949 4966 voluit?

365 5001 494 5064 Quia
530 5001 682 5054 illtun
710 5002 924 5056 amabat
952 5002 1239 5058 dilectione
1269 5002 1551 5057 diabolica.
1597 5002 1793 5073 Joseph
1823 5019 1950 5058 vero

365 5103 470 5143 non
498 5090 638 5146 hanc
685 5090 887 5158 habuit,
923 5093 1015 5147 sed
1045 5107 1159 5147 eam
1193 5109 1351 5163 quam
1387 5093 1579 5148 Paulus
1606 5094 1947 5151 dilectionem

364 5183 659 5249 quaerebat.
699 5182 881 5254 Cogita
933 5185 1092 5254 igitur
1132 5195 1341 5255 quauta-
1370 5187 1606 5240 caritatis
1639 5187 1752 5256 ejus
1786 5189 1948 5242 verba

364 5282 566 5336 essent,
595 5283 647 5327 et
673 5289 803 5345 quas
829 5290 913 5329 res
937 5276 1022 5328 illa
1047 5277 1253 5330 dicebat
1279 5294 1291 5329 :
1321 5277 1400 5331 ille
1424 5278 1749 5333 contumelia
1791 5277 1949 5333 allice

363 5371 420 5415 et
435 5361 733 5417 adulteram
759 5363 955 5420 redde:
986 5364 1229 5434 injuriam
1261 5369 1400 5421 infer
1420 5367 1620 5431 viro,et
1647 5368 1950 5422 totamsnb-

364 5462 514 5521 verte
542 5453 781 5520 domum,
817 5465 971 5524 teque
1002 5457 1171 5525 ipsum
1202 5457 1373 5527 abjiee
1397 5474 1424 5511 a
1455 5458 1643 5514 ducia
1686 5475 1844 5530 quam
1894 5462 1947 5516 in

366 5543 532 5596 Deum
561 5543 728 5597 habes
759 5561 772 5597 :
806 5562 922 5615 qum
949 5547 1108 5601 verba
1139 5548 1283 5603 illius
1303 5557 1475 5614 erant,
1508 5565 1625 5618 qua:
1655 5566 1751 5605 nec
1774 5551 1944 5617 illum,

362 5648 467 5688 nec
492 5635 724 5703 seipsam
764 5646 984 5691 amaret.
1037 5636 1133 5691 llic
1179 5649 1394 5704 autem,
1441 5641 1690 5710 qunniatn
1737 5643 1946 5697 sincere

365 5728 598 5789 atnabat,
651 5728 763 5785 haec
787 5731 962 5785 omnia
1003 5730 1215 5802 altjeeit.
1260 5734 1431 5803 Atque
1477 5745 1530 5789 ut
1560 5736 1767 5792 ediscas
1800 5737 1940 5807 quod

1395 293 1461 351 IN
1500 294 1715 350 EPIST.
1842 296 1932 353 AD
1968 295 2126 355 (.
2169 297 2398 356 IIOMIL.
2438 297 2656 356 XXXII.

2098 413 2213 483 ejus
2241 429 2423 468 curam
2452 424 2685 486 gereret,
2717 431 2781 472 ex
2806 416 2924 487 ejus
2947 418 3323 477 adhortatione
3352 422 3404 478 id
3445 427 3681 496 percipe.

2242 506 2401 560 modo
2440 508 2582 562 enim
2611 508 2753 562 illam
2803 511 3019 581 repulit,
3050 512 3145 567 sed
3172 522 3227 568 et
3255 513 3683 573 adhortationem

2097 595 2322 663 induxit,
2364 612 2483 668 qua:
2525 607 2730 668 poterat
2757 616 2969 656 omnem
3011 603 3280 658 ammam
3302 606 3682 676 exstinguere:

2096 686 2157 741 Si
2182 688 2315 741 enim
2335 688 2573 742 dominus
2600 707 2758 756 meus,
2781 691 2971 762 inquit,
2993 702 3199 763 praptcr
3224 711 3303 748 me
3322 696 3450 750 nihil
3468 698 3603 750 norit
3630 698 3684 751 in

2094 777 2243 831 domo
2285 794 2377 832 sua
2425 778 2576 849 (Gen.
2622 781 2716 856 59,
2761 782 2838 852 8).
2887 784 3075 838 Statim
3124 785 3197 839 illi
3236 788 3406 840 virum
3435 803 3589 841 suum
3620 789 3678 843 in

2094 878 2329 924 mentem
2360 871 2653 934 revocavit,
2686 880 2743 925 ut
2766 872 2900 927 illam
2940 874 3141 942 pudore
3168 874 3431 931 alliceret.
3460 877 3570 932 Nec
3596 878 3678 933 di-

2093 962 2189 1026 xit,
2228 962 2321 1016 Vir
2352 973 2492 1029 tuus,
2535 963 2629 1018 sed
2659 964 2907 1019 Dominus
2946 982 3105 1033 meus,
3137 969 3277 1037 quod
3307 969 3475 1039 magis
3500 982 3681 1039 posset

2094 1054 2239 1109 illam
2268 1057 2505 1112 retinere
2533 1065 2587 1111 et
2610 1058 2840 1112 suadere
2879 1058 3134 1129 cogitare,
3164 1075 3403 1130 quamam
3435 1078 3555 1117 cum
3588 1079 3679 1117 es-

2090 1155 2192 1214 set,
2241 1162 2398 1216 quem
2441 1158 2667 1214 amaret,
2715 1164 2907 1219 nempe
2945 1149 3160 1204 domina
3204 1166 3437 1205 servum.
3471 1152 3601 1206 Nam
3631 1154 3677 1207 si

2090 1237 2180 1292 illo
2207 1248 2291 1292 est
2317 1238 2589 1306 dominus,
2623 1248 2671 1294 el
2709 1251 2763 1294 ttt
2795 1240 3030 1295 domina.
3067 1242 3269 1296 Pudeat
3295 1254 3344 1297 te
3377 1244 3534 1313 igitur
3565 1246 3677 1299 col-

2089 1327 2250 1399 loquii
2281 1330 2401 1385 talis
2430 1347 2553 1387 cum
2581 1347 2760 1397 servo,
2812 1341 2866 1386 et
2887 1334 3057 1402 cogita
3086 1334 3237 1402 cujus
3263 1350 3383 1388 eum
3415 1336 3487 1388 sis
3517 1352 3674 1397 uxor,

2086 1435 2207 1474 cum
2237 1435 2342 1489 quo
2371 1422 2505 1476 velis
2533 1422 2699 1485 coire.
2724 1433 2778 1478 et
2806 1424 2857 1477 in
2884 1440 3042 1493 quem
3085 1425 3159 1479 sis
3191 1425 3417 1496 ingrata,
3449 1438 3500 1481 et
3528 1427 3668 1496 quod

2086 1524 2184 1579 ego
2225 1512 2480 1581 majorem
2513 1514 2803 1569 exhibeam
2851 1516 3305 1571 benevolentiam.
3341 1518 3471 1572 Vide
3492 1528 3671 1574 autem

2085 1602 2355 1670 quomodo
2385 1603 2499 1673 ejus
2529 1606 2750 1659 extollat
2775 1605 3057 1660 benecia.
3091 1606 3225 1673 Quia
3252 1611 3394 1662 enim
3424 1609 3556 1664 nihil
3581 1624 3673 1663 su-

2083 1692 2248 1749 blime
2292 1705 2499 1765 poterat
2545 1697 2771 1753 barbara
2813 1699 2900 1752 illa
2928 1709 2983 1755 et
3024 1701 3288 1771 impudica
3315 1704 3569 1773 cngitare,
3602 1706 3671 1759 ab

2084 1783 2330 1839 humanis
2359 1788 2504 1841 illam
2537 1788 2739 1857 pudore
2760 1789 3036 1856 sull'undit,
3068 1791 3254 1848 dicens
3284 1809 3298 1847 :
3336 1792 3557 1864 PrOpter
3585 1812 3665 1848 me

2082 1878 2213 1930 nihil
2238 1879 2495 1948 cognoscit
2521 1896 2538 1944 ,'
2564 1880 2614 1933 id
2645 1890 2749 1943 est.
2781 1881 2965 1952 Magna
2997 1882 3126 1937 mihi
3151 1883 3404 1940 beneficia
3435 1885 3666 1951 confert,

2083 1983 2179 2022 nec
2204 1983 2422 2039 possunt
2457 1979 2737 2039 patronum
2758 1971 2809 2024 in
2838 1972 2999 2026 rebus
3029 1975 3313 2044 prxecipuis
3340 1976 3553 2031 lmdere.
3584 1977 3667 2032 Me

2080 2059 2372 2114 secundum
2402 2060 2676 2115 dominum
2719 2061 2844 2117 fecit
2869 2062 3062 2117 domus
3081 2078 3213 2131 sum,
3246 2074 3299 2119 et
3331 2063 3524 2119 Nullus
3552 2068 3664 2122 exi-

2079 2152 2252 2213 ntilur,
2284 2153 2382 2206 nisi
2410 2162 2483 2205 lu.
2514 2153 2609 2208 llic
2630 2153 2744 2222 ejus
2770 2168 2985 2208 sensum
3015 2163 3069 2209 et
3091 2154 3328 2209 animum
3351 2157 3579 2220 extollit,
3607 2167 3665 2212 ut

2077 2241 2153 2296 sic
2198 2242 2342 2295 illam
2381 2242 2447 2296 ad
2488 2243 2745 2311 pudorem
2782 2243 3018 2310 inducat,
3049 2254 3101 2299 et
3132 2246 3385 2300 ostendat
3412 2261 3662 2317 magnum

2077 2349 2196 2389 esse
2226 2334 2506 2389 honorem.
2540 2334 2722 2405 Neque
2746 2335 2833 2390 hic
2860 2336 3116 2401 substitit,
3141 2337 3234 2391 sed
3264 2337 3423 2391 etiam
3455 2337 3664 2392 induxit

2076 2440 2272 2479 nomen
2317 2426 2458 2496 quod
2500 2436 2682 2495 posset
2728 2426 2871 2481 illam
2902 2428 3136 2483 retinere
3168 2428 3354 2484 dicens
3384 2447 3397 2482 :
3428 2428 3505 2483 Eo
3526 2430 3663 2500 quod

2075 2527 2129 2570 lu
2154 2517 2221 2570 sis
2240 2533 2371 2571 uxor
2388 2518 2532 2585 ejus;
2558 2529 2604 2571 et
2625 2518 2877 2588 quomodo
2894 2520 3081 2591 faciam
3102 2520 3301 2575 verbum
3324 2521 3419 2576 Itoc
3430 2521 3617 2576 malum
3635 2522 3662 2577 2

2073 2608 2180 2664 Sed
2203 2610 2328 2678 quid
2351 2610 2528 2663 dicis?
2555 2610 2669 2664 Non
2709 2611 2863 2668 adest
2909 2613 3011 2678 vir,
3044 2629 3217 2683 neque
3243 2617 3348 2670 scit
3376 2630 3436 2671 se
3467 2616 3658 2684 injuria

2073 2702 2209 2755 allici
2234 2702 2254 2754 ?
2281 2702 2385 2756 Sed
2416 2703 2552 2757 Deus
2583 2705 2824 2774 aspiciet.
2857 2708 2925 2759 At
2952 2706 3173 2762 nihilex
3197 2708 3285 2761 tali
3314 2709 3536 2763 consilio
3566 2709 3657 2764 illa

2075 2795 2273 2850 lucrata
2296 2807 2396 2857 est,
2414 2796 2509 2850 sed
2530 2797 2680 2851 illum
2703 2799 2942 2853 attraxit.
2970 2800 3226 2855 Furorem
3250 2815 3479 2871 namque
3499 2816 3655 2856 suum

2071 2887 2345 2956 complere
2372 2889 2581 2952 volens,
2616 2904 2723 2943 non
2753 2905 2940 2946 amans
2966 2890 3258 2962 Josephnm
3289 2894 3403 2947 bae
3430 2891 3574 2958 fecit,

2074 2979 2241 3047 palam
2267 2989 2426 3034 estex
2455 2981 2519 3034 iis
2537 2997 2654 3051 quze
2678 2992 2858 3051 postea
2882 2983 3200 3054 designavit.
3227 2984 3490 3040 Iudicium
3509 2986 3654 3041 enim

2070 3071 2367 3136 constituit,
2398 3082 2450 3125 et
2478 3074 2873 3129 accusationem
2904 3075 3086 3142 infert,
3115 3087 3276 3147 atque
3306 3077 3437 3133 falsa
3468 3078 3655 3133 testifi-

2069 3170 2241 3227 catur,
2289 3176 2351 3215 ac
2390 3160 2519 3217 ferae
2560 3163 2721 3246 tradit
2771 3182 2914 3229 etnn,
2959 3168 3051 3236 qui
3091 3182 3149 3222 se
3177 3168 3306 3222 nihil
3338 3168 3570 3233 lzcserat,
3599 3170 3650 3223 in

2068 3269 2445 3321 carceremque
2492 3255 2748 3324 conjicit;
2798 3258 2904 3311 imo
2954 3260 3149 3327 potius,
3206 3269 3462 3328 quautmn
3512 3261 3562 3313 itt
3593 3275 3652 3314 se

2068 3355 2202 3405 erat,
2238 3346 2434 3400 occidit
2470 3366 2482 3399 :
2516 3348 2585 3401 ita
2621 3363 2812 3417 nempe
2834 3348 3070 3416 judicom
3095 3353 3341 3405 armavit.
3394 3351 3530 3419 Quid
3557 3351 3654 3422 igi-

2069 3439 2194 3490 tur?
2221 3448 2405 3491 eratne
2441 3438 2640 3507 Juseph
2688 3442 2850 3493 etiam
2900 3441 3057 3494 talis?
3088 3442 3199 3495 lmo
3224 3453 3407 3497 eontra
3434 3460 3448 3505 ;
3479 3458 3652 3513 neque

2065 3529 2208 3582 enim
2239 3531 2584 3593 contradixit,
2617 3547 2791 3600 neque
2822 3535 3099 3589 mulierem
3129 3538 3419 3591 accusavit.
3450 3538 3538 3597 At,
3565 3538 3649 3590 in-

2066 3622 2239 3690 quies.
2270 3638 2374 3701 non
2408 3621 2670 3677 creditum
2710 3624 2780 3678 illi
2815 3624 3025 3680 fuisset.
3057 3626 3216 3696 Atqui
3249 3628 3401 3682 valde
3428 3628 3648 3682 amaba-

2066 3723 2173 3781 tur,
2204 3724 2261 3768 ut
2283 3715 2455 3783 palam
2497 3725 2601 3782 est,
2636 3731 2741 3769 non
2767 3733 2829 3770 cx
2856 3719 3117 3786 principio
3142 3720 3335 3785 Solum,
3368 3721 3460 3774 sed
3486 3722 3645 3778 etiam

2064 3824 2130 3863 ex
2162 3808 2284 3862 line.
2320 3807 2429 3862 Nisi
2457 3811 2599 3863 enim
2630 3810 2776 3864 illum
2815 3810 3073 3865 barbarus
3119 3813 3212 3868 ille
3247 3814 3470 3868 multum
3509 3813 3646 3868 dilc

2063 3901 2247 3962 xisset,
2275 3902 2434 3955 etiam
2460 3902 2740 3955 occidisset
2770 3903 3017 3958 silentem
3044 3915 3095 3957 et
3124 3905 3254 3959 nihil
3275 3906 3648 3961 contradicen-

2066 4000 2191 4046 tetn.
2215 3993 2422 4045 Etenim
2439 3992 2726 4064 Egyptius
2746 4003 2858 4047 erat
2876 4004 2928 4048 et
2948 3996 3217 4064 princeps,
3238 4006 3286 4049 et
3314 3996 3364 4048 in
3379 3994 3647 4065 conjugai.

2065 4084 2201 4137 lecto
2224 4082 2444 4138 allectus
2463 4085 2677 4152 injuria,
2699 4094 2755 4138 ut
2775 4086 3012 4153 putabat;
3032 4095 3080 4140 et
3101 4101 3131 4139 a
3154 4086 3372 4151 fanmlo,
3395 4101 3421 4138 a
3441 4085 3648 4142 famulo

2063 4174 2303 4243 inquam,
2335 4175 2427 4244 qui
2459 4184 2536 4228 tot
2566 4175 2823 4230 benecia
2855 4187 3156 4244 acceperat.
3189 4176 3292 4232 Sed
3325 4177 3438 4230 lucc
3465 4177 3644 4230 omnia

2062 4267 2187 4320 vicit
2228 4267 2446 4321 dilectio
2487 4277 2540 4322 et
2582 4268 2768 4336 gratia,
2815 4283 2972 4338 quam
3007 4268 3146 4324 llens
3174 4269 3225 4322 in
3255 4269 3405 4322 illum
3434 4267 3643 4322 inludit.

2059 4358 2192 4412 Cum
2216 4360 2381 4429 gratia
2405 4369 2580 4414 autem
2604 4372 2657 4413 et
2678 4360 2962 4415 dilectione
2986 4361 3083 4416 bac
3111 4360 3299 4415 iudicia
3326 4361 3507 4413 habuit
3535 4376 3640 4415 non

2062 4465 2242 4519 parva,
2273 4452 2315 4504 si
2342 4450 2462 4519 jure
2490 4451 2816 4506 eonlcndere
2847 4452 3121 4517 voluisset,
3152 4454 3262 4522 ipsa
3294 4452 3638 4507 vestimenta.

2061 4542 2116 4597 Si
2144 4544 2285 4598 enim
2319 4543 2402 4597 illa
2432 4544 2535 4597 vim
2568 4559 2721 4608 passa
2753 4545 2959 4604 luisset,
2990 4546 3266 4614 oportebat
3297 4555 3504 4613 ruptam
3528 4545 3643 4615 ejus

2061 4635 2227 4692 fuisse
2273 4637 2531 4703 tunicam,
2564 4636 2853 4692 laceratum
2904 4638 3126 4704 vultum,
3173 4654 3278 4692 non
3319 4639 3457 4691 illius
3486 4638 3646 4691 vesti-

2062 4741 2238 4781 menta
2274 4738 2476 4782 tenere.
2506 4727 2613 4783 Sed
2638 4729 2848 4785 audivit.
2882 4729 3072 4799 inquit,
3102 4729 3237 4797 quod
3262 4746 3425 4781 rorem
3455 4727 3639 4795 extuli,

2060 4830 2108 4873 et
2137 4820 2325 4873 relictis
2367 4820 2579 4874 vestibus
2617 4820 2737 4873 obiit
2772 4819 2919 4889 (Cen.
2954 4821 3049 4885 39,
3093 4820 3205 4890 la).
3235 4817 3342 4873 Cur
3366 4835 3494 4888 ergo
3520 4835 3639 4873 eum

2060 4914 2249 4967 exuisti
2273 4913 2295 4966 ?
2323 4914 2447 4981 quid
2491 4913 2595 4965 vim
2632 4911 2854 4980 patienti
2898 4911 3189 4981 optandum
3231 4912 3385 4967 erat?
3414 4910 3478 4965 Ut
3509 4910 3636 4965 libe-

2059 5012 2270 5057 raretur
2297 5004 2364 5055 ab
2392 5019 2457 5055 eo
2488 5003 2574 5070 qui
2605 5002 2703 5055 sibi
2733 5003 3036 5056 violentiam
3070 5002 3311 5059 inferret.
3348 5003 3457 5073 Ego
3511 5019 3637 5057 vero

2061 5111 2164 5148 non
2189 5094 2310 5147 hinc
2339 5101 2563 5153 tantum,
2595 5092 2687 5146 sed
2712 5093 2871 5147 etiam
2900 5110 2965 5147 ex
2988 5095 3333 5161 sequentibus
3355 5093 3641 5148 ostendere

2061 5185 2259 5253 possim
2303 5184 2419 5254 ejus
2460 5183 2882 5239 benevolentiam
2912 5196 2965 5240 et
2991 5202 3249 5243 amorem.
3285 5188 3488 5241 Etenim
3516 5201 3638 5240 cum

2059 5276 2110 5329 in
2141 5276 2513 5329 necessitatem
2544 5276 2750 5339 incidit,
2782 5286 2839 5331 ut
2861 5292 3077 5331 causam
3104 5278 3310 5334 diceret
3329 5276 3561 5331 carceris
3582 5287 3635 5329 et

2058 5367 2322 5422 diuturna:
2366 5369 2417 5421 in
2468 5368 2560 5421 illo
2611 5383 2811 5434 morae;
2858 5384 3030 5438 neque
3071 5379 3194 5422 tunc
3222 5369 3404 5421 drama
3435 5365 3560 5420 illud
3588 5372 3643 5420 et

2060 5476 2172 5518 rem
2202 5438 2405 5530 gestam
2434 5460 2641 5530 aperuit
2670 5478 2685 5525 ;
2733 5461 2826 5515 sed
2855 5461 2979 5530 quid
3009 5462 3076 5514 ait
3146 5460 3213 5513 Et
3248 5475 3337 5530 ego
3365 5458 3493 5512 nihil
3521 5459 3639 5527 (rei.

2053 5553 2144 5607 sed
2171 5553 2312 5626 [mlo
2340 5549 2568 5604 sublatus
2597 5565 2706 5602 sunt
2732 5564 2797 5601 ex
2821 5559 2953 5601 terra
2998 5547 3330 5601 llebraorum
3359 5547 3513 5619 (Gen.
3545 5548 3646 5607 40.

2054 5645 2164 5718 15).
2197 5645 2263 5699 Et
2293 5657 2553 5711 nusquam
2577 5651 2833 5695 memorat
2856 5640 3187 5707 adulteram;
3212 5657 3385 5712 neque
3405 5641 3474 5697 de
3496 5657 3557 5697 ea
3580 5659 3641 5697 ro

2054 5738 2339 5807 gloriatur,
2384 5732 2525 5804 quod
2566 5731 2815 5802 quislibet
2858 5731 2992 5786 alius
3036 5730 3269 5801 fecisset,
3298 5734 3507 5789 etiamsi
3537 5748 3639 5787 non
