4112 6224
433 299 537 354 275

433 411 623 484 gloria:
643 425 824 474 causa,
852 409 946 466 sed
975 424 1040 465 ne
1073 408 1343 463 videretur
1383 407 1519 461 mala
1547 406 1614 461 de
1642 421 1804 460 cau~a
1828 407 1882 460 in
1912 405 2018 462 tale

428 509 711 576 coniectus
758 504 922 560 fuisse
961 502 1313 558 domicilium.
1350 501 1404 556 Si
1433 501 1575 554 enim
1608 508 1889 570 peccantes
1914 499 2014 555 ho-

438 599 616 653 mines
643 612 814 667 neqne
841 597 918 650 sic
948 595 1218 650 abstinent
1244 608 1274 647 a
1309 594 1395 646 tali
1426 594 1783 656 accusatione.
1807 592 2016 648 etiamsi

431 707 525 746 res
565 691 798 746 dedecus
829 689 1054 743 atterat:
1099 687 1370 758 quomodo
1413 703 1519 742 non
1550 687 1743 757 dignus
1779 687 2016 740 admira-

427 783 580 838 tione
621 782 710 836 ille
758 789 861 846 est,
914 781 1056 851 quod
1107 796 1228 834 eum
1271 789 1416 836 esset
1465 795 1650 849 purus,
1693 796 1796 834 non
1825 779 2018 833 dixerit

427 887 674 926 amorem
730 871 988 936 mulieris,
1028 888 1202 941 neque
1242 881 1515 941 peccatum
1547 872 1892 942 evulgavcrit,
1923 886 2020 926 ne-

426 977 536 1031 que
563 962 722 1016 etiam
767 963 982 1034 quando
1030 965 1080 1019 in
1124 963 1315 1018 solium
1345 963 1587 1017 ascendit
1616 973 1668 1018 ct
1699 963 1912 1034 Egypti
1943 973 2023 1016 to-

433 1053 538 1106 tius
584 1069 678 1107 rex
721 1053 892 1109 factus
931 1066 1036 1120 est,
1069 1057 1274 1123 injurizc
1301 1055 1402 1110 sibi
1432 1071 1461 1109 a
1492 1055 1717 1109 muliere
1746 1054 1903 1108 illata:
1931 1069 2021 1108 re-

427 1142 686 1198 cordatus
708 1145 796 1209 sit,
830 1161 1004 1216 neque
1030 1146 1097 1199 ab
1129 1146 1217 1200 illa
1255 1160 1440 1214 pmnas
1460 1145 1783 1215 expetierit?

501 1233 556 1286 8.
599 1233 842 1290 Vidistin‘
871 1237 1140 1306 quomodo
1166 1239 1277 1306 ipse
1298 1237 1413 1306 ejus
1439 1252 1619 1290 curam
1645 1235 1896 1300 habebat;
1933 1233 2018 1288 illa

428 1341 558 1380 vero
587 1343 690 1380 non
713 1328 945 1396 amabat,
976 1331 1067 1383 sed
1095 1331 1328 1385 furebat?
1356 1329 1536 1400 Neque
1555 1331 1697 1384 enim
1725 1329 2018 1398 Josepbum

426 1417 708 1486 diligebat,
734 1419 826 1471 sed
864 1421 1075 1474 volebat
1105 1421 1379 1476 libidinem
1401 1421 1619 1490 explere
1644 1440 1656 1474 :
1677 1435 1800 1474 nam
1829 1420 1874 1475 si
1901 1421 2020 1489 quis

425 1506 545 1576 ipsa
567 1510 727 1562 verba
757 1520 1004 1565 accurate
1026 1513 1429 1575 examinaverit,
1454 1527 1512 1564 ea
1541 1512 1775 1566 furorem
1799 1512 2020 1566 omnino

430 1599 636 1666 spirant
657 1610 712 1654 et
745 1602 970 1657 cmdem.
1011 1603 1146 1668 Quid
1176 1605 1317 1659 enim
1365 1605 1480 1658 ait?
1510 1604 1769 1658 lndnxisti
1809 1621 2020 1674 puerum

427 1689 702 1745 Hebreum
726 1733 739 1756 ,
773 1703 825 1746 ut
857 1695 996 1747 nobis
1025 1695 1258 1749 illuderet
1290 1697 1308 1765 (
1333 1695 1459 1750 Gen.
1491 1696 1584 1764 '59,
1611 1697 1717 1766 17)
1753 1713 1766 1750 :
1813 1696 2018 1751 benefi-

421 1783 572 1837 cium
602 1784 791 1838 marito
821 1785 1190 1854 exprobrans:
1235 1795 1289 1840 et
1313 1786 1629 1841 vestimenta
1655 1787 2014 1853 ostendebat,

431 1875 576 1928 omni
627 1873 738 1928 fera
794 1877 1008 1930 szevior.
1069 1875 1176 1932 Sed
1220 1893 1324 1930 non
1375 1877 1444 1931 ita
1493 1877 1604 1932 ille.
1647 1877 1848 1947 Ecquid
1897 1877 2019 1933 dico

423 1967 548 2036 ejus
571 1982 694 2038 erga
726 1967 894 2038 ipsam
928 1967 1376 2036 benevolentiam,
1406 1970 1620 2040 quando
1647 1985 1773 2042 erga
1802 1971 2015 2036 fratres,

429 2057 526 2126 qui
553 2059 723 2127 ipsum
757 2073 896 2127 pene
922 2061 1266 2127 occiderant,
1298 2062 1419 2117 talis
1447 2071 1561 2117 erat
1582 2102 1597 2124 ,
1645 2071 1698 2116 et
1725 2077 2016 2133 numquam

425 2147 500 2202 de
541 2149 670 2220 ipsis
699 2151 783 2205 vel
812 2151 955 2206 intus
996 2152 1078 2207 vel
1121 2153 1248 2208 foris
1293 2153 1491 2224 aliquid
1532 2168 1694 2224 grave
1723 2154 1807 2209 vel
1853 2155 2021 2208 mole-

421 2246 568 2293 stum
596 2239 774 2295 dixit?
803 2240 929 2297 Ideo
957 2242 1149 2297 Paulus
1175 2244 1450 2298 caritatem
1479 2244 1611 2299 dixit
1636 2260 1756 2300 esse
1792 2253 2014 2299 matrem

423 2333 666 2386 omnium
715 2334 1016 2398 bonorum,
1058 2351 1284 2406 eamque
1324 2336 1539 2407 praefert
1582 2337 1748 2407 signis
1791 2336 2018 2406 aliisque

427 2421 860 2479 charismatibus.
921 2426 1382 2494 Quemadmodum
1430 2427 1574 2484 enim
1637 2427 1681 2482 si
1737 2438 1914 2483 vestes
1963 2437 2018 2484 et

428 2514 590 2570 calcei
619 2519 766 2572 aurei
799 2519 940 2586 sint,
989 2520 1096 2573 alio
1121 2521 1283 2574 etiam
1323 2519 1518 2575 indicio
1557 2535 1691 2590 opus
1720 2520 1974 2575 habemus
1998 2561 2014 2588 ,

424 2615 488 2661 «η
519 2623 807 2665 noscamus
834 2627 1012 2681 regem
1041 2628 1056 2676 ;
1098 2613 1141 2666 si
1174 2627 1304 2667 vero
1334 2628 1624 2682 purpuram
1665 2613 1938 2667 videamus
1963 2622 2018 2668 et

428 2695 712 2767 diadema,
747 2702 950 2756 nullum
994 2703 1138 2758 aliud
1180 2706 1327 2774 regni
1379 2706 1589 2775 signum
1636 2705 1818 2760 videre
1865 2722 2015 2777 qua:-

430 2790 642 2846 rimus:
692 2794 760 2846 ita
820 2795 906 2849 hic
951 2811 1180 2865 quoque.
1234 2795 1366 2851 Cum
1419 2799 1658 2852 caritatis
1707 2808 1789 2852 est
1847 2799 2017 2867 impo-

429 2880 589 2936 situm
643 2882 919 2951 diadema,
965 2886 1164 2941 sufficit
1208 2896 1266 2941 ut
1317 2886 1512 2942 Christi
1568 2902 1751 2942 verum
1779 2888 2014 2959 discipu-

429 2971 538 3025 lum
592 2975 878 3042 ostendat,
918 2992 1021 3031 non
1079 2978 1233 3032 nobis
1289 2987 1491 3031 tantum
1518 3019 1532 3044 ,
1573 2977 1666 3033 sed
1695 2980 1855 3033 etiam
1891 2977 2016 3033 infl-

433 3063 663 3121 delibus.
727 3064 795 3121 In
846 3067 942 3121 hoc
1008 3069 1184 3134 enim,
1240 3069 1452 3135 inquit,
1500 3079 1800 3140 cognoscent
1845 3085 2017 3125 omnes

430 3157 568 3226 quod
594 3157 833 3228 discipuli
864 3160 957 3213 mei
989 3160 1137 3226 estis,
1192 3160 1237 3212 si
1267 3149 1545 3226 ἀπέταμε.
1571 3162 1784 3214 invicem
1815 3161 2013 3232 (Joan.

433 3247 536 3312 15,
581 3248 716 3318 55).
787 3251 966 3320 Itaque
1017 3250 1116 3305 hoc
1159 3250 1368 3321 signum
1430 3252 1678 3306 omnibus
1725 3253 1892 3323 signis
1933 3262 2016 3309 est

434 3337 650 3407 majus,
711 3341 972 3410 siquidem
1043 3341 1096 3396 in
1155 3343 1272 3412 ipso
1319 3345 1662 3414 cognoscitur
1698 3346 2012 3416 discipulus.

434 3426 657 3483 Etiamsi
698 3431 840 3484 enim
876 3432 1089 3502 quidam
1119 3433 1396 3487 innumera
1436 3435 1599 3488 edant
1627 3437 1774 3506 signa
1800 3479 1814 3503 ,
1861 3437 1904 3491 si
1932 3438 2016 3491 in-

431 3519 602 3573 vicem
627 3519 938 3586 dissideant,
973 3523 1180 3577 ridiculi
1211 3524 1508 3580 infidelibus
1529 3537 1684 3580 erunt
1717 3545 1732 3582 :
1757 3528 2016 3597 quemado

432 3609 651 3665 modum
682 3611 724 3665 si
752 3612 954 3666 nullum
984 3613 1178 3668 faciant
1207 3615 1416 3684 signum
1443 3657 1457 3678 ,
1489 3626 1542 3671 et
1567 3631 1687 3672 sese
1715 3617 1868 3673 valde
1893 3635 2014 3674 mu-

433 3711 528 3756 tuo
575 3703 849 3772 diligant,
900 3714 955 3760 et
1003 3708 1288 3762 venerandi
1321 3717 1375 3763 et
1427 3709 1607 3764 invicti
1635 3711 1775 3779 apud
1825 3726 2015 3768 omnes

433 3793 742 3848 manebunt.
763 3794 893 3850 Nam
913 3807 966 3852 et
987 3797 1206 3853 Paulum
1229 3799 1348 3854 ideo
1367 3800 1642 3868 miramur,
1669 3819 1772 3857 non
1797 3815 2016 3875 propter

433 3893 676 3939 mortuos
703 3900 839 3956 quos
863 3889 1141 3944 suscitavit
1164 3932 1178 3953 ,
1209 3905 1312 3945 non
1345 3897 1566 3962 propter
1605 3893 1853 3962 leprosos
1878 3911 2015 3966 quos

432 3976 740 4044 mundavit,
773 3979 866 4034 sed
894 3979 1017 4050 quia
1047 3981 1260 4038 dicebat
1288 4023 1302 4049 ,
1336 3986 1460 4050 Quis
1491 3987 1799 4054 infirmatur,
1845 3998 1892 4041 et
1921 4005 2013 4058 ego

430 4085 532 4122 non
577 4070 854 4139 inﬁrmor?
899 4072 1011 4139 quis
1059 4074 1435 4129 scandalizatur
1462 4117 1476 4140 ,
1539 4086 1585 4130 et
1630 4093 1722 4144 ego
1751 4094 1850 4132 non
1892 4096 2013 4134 nror

427 4156 500 4225 (2.
522 4157 639 4213 Cor.
673 4161 760 4229 11,
789 4159 859 4216 29
885 4161 947 4232 )?
985 4161 1205 4216 Etiamsi
1234 4165 1376 4218 enim
1424 4165 1584 4220 millia
1615 4168 1681 4220 ad
1714 4167 1830 4224 haec
1858 4170 2009 4236 signa

429 4249 730 4318 adjeceris,
783 4269 877 4320 par
929 4253 1060 4307 nihil
1103 4255 1268 4310 dices.
1332 4255 1463 4310 Nam
1508 4267 1562 4312 et
1607 4258 1718 4328 ipse
1759 4260 2008 4328 dicebat,

433 4357 676 4411 magnam
720 4343 821 4397 sibi
872 4345 1175 4400 mercedem
1222 4349 1510 4416 repositam
1541 4364 1661 4404 esse
1685 4391 1700 4416 ,
1734 4365 1838 4405 non
1869 4353 2010 4422 qttod

431 4432 582 4500 signa
615 4432 866 4501 fecisset,
898 4435 992 4490 sed
1023 4439 1146 4506 quia
1177 4439 1401 4494 infirmis
1431 4440 1602 4495 factus
1627 4452 1710 4495 est
1742 4443 2006 4496 infirmus.

433 4525 678 4590 Quamam
705 4536 776 4580 est
805 4528 947 4581 enim
969 4565 984 4592 ,
1016 4528 1219 4598 inquit,
1260 4547 1374 4584 mra
1417 4549 1606 4587 merces
1632 4533 1656 4586 .9
1698 4532 1765 4588 Ut
1794 4549 2008 4604 evange-

429 4615 590 4670 lizans
616 4618 725 4671 sine
749 4628 954 4686 sumptu
986 4634 1167 4686 ponant
1184 4619 1508 4690 Eaangelium
1535 4623 1612 4693 (1.
1646 4623 1762 4676 Cor.
1794 4624 1850 4687 9,
1880 4623 2003 4694 l8).

1175 295 1230 352 S.
1268 293 1544 351 JOANNIS
1566 289 2035 349 CHRYSOSTOMI
2073 289 2386 350 ARCIIIEP.
2429 294 2958 355 CONSTANTINOP.

3609 303 3713 363 27G

2130 405 2197 461 Et
2225 422 2343 462 cum
2372 423 2430 464 se
2459 412 2715 481 apostolis
2739 417 3024 484 pra‘ponit.
3056 430 3160 470 non
3189 413 3336 482 dicit,
3369 416 3521 471 Plura
3551 434 3710 488 quam

2128 497 2225 568 ipsi
2259 501 2358 555 feci
2390 503 2561 572 signa,
2611 505 2704 559 sed
2730 545 2745 571 ,
2783 504 2909 560 Plus
2939 508 3042 560 illis
3073 507 3298 560 laboravi
3329 508 3345 578 (
3377 510 3429 563 1.
3466 508 3585 563 Cor.
3618 511 3710 573 15,

2129 589 2196 643 10
2225 591 2263 657 ).
2304 589 2442 657 Quin
2473 594 2630 647 etiam
2661 595 2796 649 fame
2825 596 2947 649 ideo
2976 599 3112 651 mori
3146 597 3388 664 volebat,
3417 614 3514 667 pro
3540 600 3711 654 salute

2127 679 2514 750 discipulorum
2550 701 2564 736 :
2595 683 2795 739 Bonum
2825 697 2898 741 est
2927 689 3068 742 enim
3097 730 3111 752 ,
3144 690 3316 759 inquit
3347 731 3362 754 ,
3393 691 3518 743 mihi
3548 693 3711 761 magis

2128 773 2278 833 mori,
2309 789 2460 842 quam
2480 785 2533 829 ut
2559 777 2912 845 gloriatione»:
2939 797 3098 832 meum
3125 781 3237 848 quis
3264 791 3464 834 eracuet
3486 782 3564 848 (I.
3587 781 3696 836 Cor.

2127 862 2183 932 9,
2216 863 2305 934 15)
2331 881 2345 927 ;
2376 881 2482 920 non
2507 867 2645 935 quod
2678 869 2790 938 ipse
2819 871 3156 939 gloriaretur,
3187 869 3280 926 sed
3322 886 3390 925 ne
3439 871 3711 928 videretur

2127 953 2256 1023 ipsis
2299 957 2648 1025 exprobrare.
2694 959 2961 1029 Nusquam
3010 963 3153 1016 enim
3204 963 3342 1018 solet
3392 963 3606 1033 gloriari
3657 966 3711 1022 in

2128 1042 2280 1100 bonis
2306 1047 2558 1116 operibus
2588 1051 2698 1103 suis
2727 1091 2740 1113 ,
2773 1051 2816 1104 si
2847 1060 3054 1120 tempus
3085 1053 3150 1107 ad
3182 1053 3230 1107 id
3262 1068 3367 1107 non
3400 1063 3585 1118 Vocet;
3613 1056 3710 1111 sed

2128 1135 2331 1190 etian‘isi
2360 1149 2577 1193 coactus
2604 1139 2672 1194 sit
2697 1182 2711 1204 ,
2749 1141 3084 1211 insipientem
3111 1158 3170 1198 se
3201 1155 3372 1200 vocat.

2201 1225 2396 1281 Paulus
2441 1230 2716 1298 aliquando
2756 1242 2957 1286 coactus
2995 1234 3264 1304 gloriatur.
3303 1265 3377 1276 —
3413 1235 3468 1291 Si
3497 1238 3710 1307 quando

2126 1327 2301 1372 autem
2344 1319 2638 1388 gloriatur,
2675 1321 2726 1375 in
2759 1322 3191 1390 infirmitatibus,
3240 1326 3290 1379 in
3323 1329 3665 1383 contumeliis
3691 1371 3708 1393 ,

2128 1407 2178 1460 in
2207 1422 2272 1462 eo
2302 1409 2441 1476 quod
2471 1410 2625 1464 valde
2667 1412 2986 1467 misereatur
3009 1430 3198 1469 eorum
3225 1417 3420 1486 quibus
3461 1418 3709 1474 molestia

2125 1511 2337 1553 creatur
2359 1542 2372 1563 ,
2417 1500 2468 1554 id
2497 1499 2618 1556 facit
2644 1518 2658 1568 ;
2709 1512 2762 1556 ut
2792 1503 2954 1558 etiam
2983 1504 3086 1558 hoc
3123 1506 3242 1559 loco
3267 1505 3397 1562 dicit
3427 1525 3440 1562 :
3473 1508 3597 1574 Quis
3626 1509 3709 1562 in-

2125 1589 2376 1659 ﬁrmatur,
2407 1601 2454 1644 et
2479 1608 2570 1662 ego
2597 1610 2700 1648 non
2736 1594 2970 1663 inﬁrmor
2993 1595 3019 1649 .9
3061 1596 3183 1650 ΙΙωο
3214 1597 3373 1652 verba
3405 1609 3528 1652 sunt
3559 1601 3706 1670 peri-

2124 1682 2260 1737 culis
2308 1684 2435 1753 ipsis
2476 1685 2676 1753 majura
2721 1704 2735 1740 :
2783 1685 3011 1757 ideoque
3054 1688 3141 1742 illa
3188 1689 3480 1758 posteriora
3511 1691 3702 1758 ponit,

2125 1788 2428 1828 sermonem
2465 1775 2818 1846 amplificans.
2864 1779 3106 1846 Quanam
3147 1793 3275 1849 ergo
3314 1795 3371 1834 re
3417 1795 3516 1835 nos
3561 1781 3707 1852 digni

2125 1862 2397 1930 fuerimus,
2432 1865 2476 1919 si
2506 1881 2627 1920 cum
2658 1867 2752 1922 illo
2779 1882 3182 1939 comparemur,
3213 1873 3304 1942 qui
3338 1886 3511 1942 neque
3542 1888 3708 1942 pecu-

2127 1955 2242 2011 nias
2271 1955 2593 2025 despicimus
2620 1967 2838 2029 propter
2870 1975 2968 2015 nos
3000 1961 3146 2030 ipsos
3168 2004 3184 2030 ,
3231 1979 3408 2033 neque
3434 1963 3705 2033 superﬂua

2125 2062 2191 2104 ex
2240 2049 2579 2104 facultatibus
2629 2053 2961 2121 erogamus?
3008 2055 3077 2107 At
3106 2069 3211 2108 non
3240 2054 3331 2110 ille
3357 2056 3436 2109 sic
3460 2097 3475 2120 ,
3523 2055 3614 2110 sed
3652 2065 3710 2112 et

2125 2140 2356 2194 animam
2386 2149 2441 2196 et
2468 2155 2664 2212 corpus
2691 2143 2972 2210 tradebat,
3005 2153 3062 2198 ut
3090 2147 3176 2214 qui
3211 2145 3358 2200 illum
3398 2146 3708 2216 lapidabant

2125 2240 2180 2286 ct
2207 2233 2446 2303 colaphis
2476 2234 2754 2290 cmdebaut
2779 2276 2793 2300 ,
2839 2253 3062 2307 regnum
3093 2250 3574 2310 consequerentur.
3616 2241 3707 2296 Sic

2125 2323 2265 2377 enim
2297 2339 2381 2378 me
2405 2365 2419 2388 ,
2451 2324 2660 2394 inquit,
2689 2325 2872 2380 docuit
2896 2327 3142 2382 Christus
3177 2329 3402 2398 diligere
3424 2370 3440 2393 ,
3481 2331 3570 2400 qui
3601 2347 3704 2385 no-

2125 2429 2247 2468 vum
2291 2415 2597 2470 mandatum
2629 2416 2842 2487 reliquit
2869 2417 2937 2472 de
2965 2418 3252 2474 dilectione
3272 2462 3286 2486 ,
3337 2429 3392 2474 et
3418 2423 3556 2490 quod
3587 2423 3704 2490 ipse

2123 2505 2378 2573 operibus
2424 2506 2679 2578 implevit.
2740 2509 2948 2564 Etenim
2992 2525 3114 2564 cum
3165 2511 3278 2567 Rex
3335 2512 3707 2568 universorum

2123 2606 2297 2661 esset,
2351 2606 2406 2653 et
2456 2599 2626 2655 beatae
2656 2599 2798 2656 illius
2850 2611 3092 2669 naturae;
3144 2603 3388 2660 homines
3417 2645 3433 2672 ,
3479 2611 3614 2674 quos
3639 2622 3706 2659 ex

2125 2689 2293 2744 nihilo
2323 2690 2575 2759 produxit
2598 2733 2613 2758 ,
2651 2702 2704 2746 et
2730 2694 2924 2762 quibus
2953 2695 3114 2747 millia
3152 2697 3378 2750 contulit
3407 2696 3661 2750 beneficia
3685 2737 3702 2761 ,

2125 2793 2185 2834 se
2213 2781 2534 2836 contumelia
2565 2783 2859 2838 allicientes
2880 2795 2932 2837 et
2963 2796 3278 2854 respucnles
3304 2803 3408 2840 non
3434 2797 3708 2842 aversatus

2123 2881 2227 2937 est,
2259 2872 2352 2927 sed
2379 2882 2433 2928 et
2459 2875 2620 2928 homo
2643 2875 2815 2930 factus
2839 2886 2919 2930 est
2953 2886 3172 2945 prepter
3198 2878 3318 2931 illos
3337 2917 3354 2943 ,
3383 2892 3502 2931 cum
3534 2892 3708 2932 mere-

2125 2965 2346 3020 tricibus
2390 2974 2444 3019 et
2470 2967 2768 3036 publicanis
2798 2979 3147 3023 conversatus
3177 2979 3301 3034 est,
3345 2969 3707 3024 dzemnniacos

2123 3058 2364 3121 curavit,
2396 3067 2449 3111 et
2477 3058 2665 3113 caelum
2709 3059 2971 3128 promisit.
3021 3059 3149 3114 Post
3181 3059 3293 3114 hare
3321 3069 3497 3114 autem
3525 3061 3705 3116 omnia

2123 3149 2568 3218 comprehensum
2612 3151 2784 3220 ipsum
2827 3151 3067 3220 colaphis
3104 3150 3452 3219 ceciderunt,
3502 3153 3704 3218 ligave—

2124 3249 2285 3306 runt,
2317 3240 2650 3310 flagellarunt
2675 3283 2691 3308 ,
2722 3242 3002 3296 irriserunt
3021 3284 3034 3309 ,
3065 3242 3280 3297 demum
3303 3243 3702 3298 crucifixcrunt.

2123 3330 2226 3386 Sed
2257 3348 2322 3385 ne
2348 3333 2426 3387 sic
2454 3332 2667 3402 quidem
2696 3334 2815 3388 illos
2843 3346 3116 3389 aversatus
3146 3345 3229 3389 est
3255 3377 3272 3399 ,
3313 3339 3404 3391 sed
3432 3351 3552 3391 cum
3584 3353 3708 3392 sur-

2123 3436 2241 3477 sum
2272 3432 2415 3478 esset
2443 3423 2494 3478 in
2522 3439 2680 3478 cruce
2701 3465 2716 3489 ,
2748 3425 2921 3488 dixit,
2957 3425 3134 3490 Pater,
3167 3427 3364 3480 dimitte
3390 3427 3493 3481 illis
3521 3443 3702 3495 pecca-

2123 3524 2228 3567 tum
2258 3516 2277 3584 (
2303 3513 2429 3570 Luc.
2475 3515 2569 3583 25,
2599 3516 2729 3586 54).
2763 3517 3047 3573 Latronem
3078 3534 3203 3574 vero
3229 3560 3243 3584 ,
3291 3521 3378 3589 qui
3409 3535 3531 3574 eum
3579 3530 3705 3576 ante

2121 3616 2499 3674 accusaverat,
2531 3609 2691 3663 etiam
2725 3611 2775 3664 in
2803 3611 3106 3680 paradisum
3136 3612 3425 3668 introduxit
3452 3654 3467 3677 ,
3496 3622 3551 3667 et
3577 3629 3702 3683 per-

2121 3710 2464 3769 sequutorem
2491 3699 2711 3754 Paulum
2737 3702 3035 3770 apostolum
3065 3703 3210 3765 fecit;
3243 3703 3343 3758 sibi
3372 3713 3549 3758 autem
3579 3719 3705 3774 pro-

2104 3790 2269 3859 prios
2321 3800 2375 3844 et
2424 3789 2670 3846 addictos
2718 3792 3012 3864 discipulos
3064 3795 3131 3850 ad
3184 3803 3411 3850 mortem
3487 3798 3704 3852 tradidit

2123 3893 2340 3952 propter
2365 3882 2579 3938 Judmos
2599 3925 2614 3943 .
2639 3885 2728 3955 qni
2760 3886 2930 3954 ipsum
2959 3888 3349 3941 crucifixerant.
3393 3887 3514 3942 llaec
3542 3889 3703 3958 igitur

2121 3978 2297 4032 omnia
2318 4019 2333 4042 ,
2355 3993 2475 4047 qua:
2509 3978 2600 4033 Dei
2627 3986 2750 4033 sunt
2769 4018 2784 4044 ,
2817 3995 2936 4049 qua:
2965 3978 3262 4046 hominum,
3293 3981 3430 4048 apud
3461 3997 3556 4034 nus
3582 3980 3699 4035 col-

2121 4070 2348 4140 ligentes
2371 4111 2384 4132 .
2413 4074 2528 4125 haec
2550 4071 2798 4140 praeclara
2822 4081 2968 4141 gesta
2990 4074 3326 4139 :emulcmur,
3349 4081 3401 4126 ct
3422 4074 3699 4128 caritatem

2119 4161 2531 4216 charismatibus
2558 4162 2808 4216 omnibus
2842 4163 3176 4231 superiorem
3225 4164 3564 4232 acquiramus
3587 4203 3604 4225 .
3644 4172 3702 4218 ut

2118 4262 2173 4306 et
2201 4253 2484 4322 prteseutia
2533 4263 2588 4306 et
2635 4252 2808 4306 futura
2858 4252 2995 4307 bona
3044 4269 3393 4323 assequamur
3425 4271 3438 4306 :
3469 4269 3697 4323 quoruut

2121 4346 2321 4398 utinam
2355 4359 2452 4397 nos
2477 4343 2762 4414 participes
2791 4343 2903 4398 fieri
2929 4345 3196 4413 contingat
3226 4385 3240 4409 ,
3271 4335 3438 4414 gratia
3465 4356 3518 4398 et
3549 4345 3699 4400 beni-

2116 4439 2318 4506 gnitate
2352 4437 2558 4491 Domini
2611 4437 2778 4491 nostri
2825 4437 2950 4492 Jesu
2993 4437 3234 4502 Christi,
3281 4439 3495 4508 quicum
3548 4438 3692 4494 Patri

2119 4545 2330 4600 unaque
2361 4530 2578 4598 Spiritui
2624 4539 2810 4584 sancto
2849 4531 3019 4600 gloria
3043 4571 3058 4593 ,
3107 4531 3389 4599 imperium
3415 4571 3429 4594 ,
3481 4530 3654 4584 honor
3682 4572 3698 4596 ,

2118 4639 2258 4677 nunc
2287 4631 2339 4676 et
2370 4637 2602 4692 semper,
2635 4631 2690 4676 et
2718 4622 2767 4675 in
2799 4622 2994 4676 smcula
3021 4623 3359 4677 seculorum.
3406 4623 3599 4677 Amen.

1725 4828 2064 4892 HOMILIA
2099 4830 2404 4891 XXXIII.

431 4971 560 5026 Car.
593 4974 684 5039 l5,
712 4990 760 5024 v.
808 4975 864 5028 4.
896 4974 1097 5029 Caritas
1143 4979 1340 5046 patiens
1371 4983 1472 5039 est,
1519 4973 1731 5046 benigna
1760 4985 1830 5031 est
1861 4991 1880 5029 :
1910 4993 2011 5032 non

573 5065 873 5132 minuuntur,
903 5086 1002 5122 non
1042 5071 1146 5139 agit
1177 5086 1479 5140 perperam,
1507 5086 1608 5125 non
1636 5071 1864 5141 inﬂatur.

506 5157 556 5210 1.
601 5156 888 5222 Postquam
939 5157 1082 5210 enim
1139 5160 1535 5227 pronuntiavit,
1589 5177 1687 5216 nec
1734 5160 1884 5226 fidei,
1913 5177 2012 5217 nec

430 5249 797 5313 scicntiazmec
824 5248 1120 5317 prepbetia:
1146 5264 1322 5318 neque
1349 5249 1857 5322 linguarnm,neque
1883 5252 2011 5309 eba—

428 5341 837 5404 rismatum,nec
868 5340 1116 5411 perfecta:
1142 5341 1397 5409 vitm,nec
1424 5345 1701 5416 martyrii,
1729 5346 1775 5400 si
1816 5348 2013 5402 caritas

431 5433 604 5501 absit,
641 5446 894 5504 magnam
921 5449 1042 5490 esse
1071 5435 1353 5492 utilitatem
1378 5478 1394 5504 ,
1425 5438 1730 5493 necessario
1756 5431 2013 5508 deinceps

430 5524 686 5580 describit
750 5522 1066 5582 immensam
1131 5528 1248 5599 ejus
1301 5529 1757 5600 pulchritudinem
1793 5570 1809 5596 ,
1857 5528 2008 5598 quasi

429 5614 744 5683 quibusdam
768 5616 1041 5673 coloribus
1067 5619 1277 5674 virtutis
1306 5619 1543 5689 partibus
1572 5619 1688 5688 ejus
1721 5617 2006 5686 imaginem

431 5718 730 5770 exornans,
758 5713 815 5758 et
852 5705 968 5776 ejus
1012 5711 1248 5765 membra
1280 5711 1454 5763 omnia
1501 5717 1746 5762 accurate
1792 5720 2012 5775 compo-

2123 4990 2279 5030 nens.
2305 4974 2374 5029 At
2397 4989 2466 5030 ne
2498 4984 2898 5044 praetercurras,
2926 4975 3122 5032 dilecte
3144 5016 3160 5043 ,
3193 4991 3251 5032 ea
3284 4991 3402 5046 qua:
3427 4975 3703 5040 dicuntur.

2120 5065 2214 5121 sed
2261 5082 2449 5122 eorum
2498 5066 2708 5136 singula
2755 5067 3006 5121 examina
3048 5068 3494 5138 diligentissime,
3538 5080 3597 5122 ut
3627 5068 3705 5123 rei

2124 5158 2432 5213 thesaurum
2466 5160 2648 5214 videas
2671 5202 2686 5222 ,
2719 5168 2772 5214 ct
2813 5160 3036 5231 pictoris
3062 5169 3258 5216 artem.
3294 5160 3574 5232 Perpende
3605 5161 3708 5232 igi-

2123 5258 2208 5302 tur
2237 5248 2376 5304 unde
2405 5250 2582 5303 statim
2635 5251 2918 5320 inceperit,
2952 5264 3006 5305 et
3033 5267 3189 5321 quam
3217 5253 3440 5321 primam
3469 5253 3708 5322 posuerit

2119 5343 2360 5396 omnium
2389 5343 2653 5398 bonorum
2681 5359 2920 5400 cmisam.
2951 5344 3088 5410 Quid
3119 5356 3296 5400 autem
3329 5344 3435 5401 hoc
3457 5345 3580 5401 est?
3610 5347 3709 5399 l’a-

2124 5433 2304 5488 tientia
2332 5450 2347 5497 ;
2398 5433 2513 5490 hare
2543 5434 2894 5505 philosophia:
2938 5438 3113 5491 omnis
3139 5445 3222 5492 est
3264 5437 3437 5491 radix.
3471 5436 3596 5492 Ideo
3622 5453 3709 5492 sa-

2120 5525 2274 5592 piens
2316 5523 2577 5593 quispiam
2617 5525 2870 5581 dicebat:
2915 5525 3002 5580 Vir
3030 5530 3225 5598 patiens
3263 5537 3336 5582 est
3375 5530 3553 5583 multa:
3582 5546 3705 5599 pru-

2118 5615 2301 5669 dentite
2337 5631 2355 5669 :
2396 5617 2484 5680 qui
2522 5629 2692 5670 autem
2735 5619 3001 5688 impatiens
3031 5629 3104 5673 est
3149 5619 3298 5673 valde
3341 5621 3583 5691 insipiens
3629 5631 3702 5673 est

2118 5707 2300 5779 (Prov.
2340 5709 2426 5780 14,
2449 5708 2564 5778 29).
2599 5709 2663 5765 Et
2705 5726 2825 5765 eum
2856 5711 2986 5766 urbe
3030 5712 3230 5766 munita
3261 5712 3428 5780 ipsam
3487 5728 3694 5778 compa-
