4094 6222
397 292 504 347 275

397 411 606 475 ναικὺς,
639 410 764 465 οὐδὲ
793 410 1169 482 ἐξεπόμπευσε
1192 410 1292 482 τὴν
1320 412 1593 483 ἁμαρτίαν
1628 452 1643 477 ,
1667 412 1787 465 ούδέ
1813 412 1973 484 ήνίκα

394 497 491 550 ἐπὶ
520 495 613 549 τὸν
639 495 827 566 θρόνον
862 494 1030 564 ἀνέϐη
1079 496 1174 548 καί
1201 495 1302 566 τῆς
1334 494 1608 564 Αἰγύπτου
1646 497 1827 567 πάσης
1854 496 1976 564 ἐγέ-

394 597 520 635 νετο
539 578 811 650 βασιλεὺς,
831 577 1241 650 ἐμνησικάκησε
1257 581 1323 651 τῇ
1338 578 1577 649 γυναικὶ,
1594 580 1712 634 οὐδὲ
1728 578 1974 651 ἀπῄτησε

394 663 558 732 δίκην
579 681 595 729 ;

473 815 713 889 η¹.Εἶδες
725 816 1124 891 πῶςαύτὸςμέν
1143 820 1385 891 ἐκήδετο,
1420 820 1600 891 ἐκείνη
1627 821 1683 876 δέ
1730 823 1830 878 οὐκ
1860 824 1978 892 ἐφί-

393 908 502 970 λει,
520 904 634 960 ἀλλ’
660 904 909 976 ἐμαίνετο
927 921 943 970 ;
963 905 1037 959 Οὐ
1058 904 1167 977 γὰρ
1185 904 1278 960 τὸν
1302 904 1498 978 Ἰωσὴφ
1513 906 1704 973 ἐφίλει,
1723 906 1857 960 ἀλλά
1879 906 1977 979 τὴν

399 987 696 1042 ἀκολασίαν
711 986 997 1059 πληρῶσαι
1018 987 1290 1044 ἐϐούλετο·
1312 990 1405 1043 καὶ
1420 988 1559 1043 αύτά
1584 990 1641 1043 δὲ
1665 990 1732 1044 τά
1757 991 1977 1061 ῥήματα

397 1072 455 1125 εί
499 1089 584 1135 τις
615 1070 922 1136 ἐξετάσειεν
966 1070 1230 1142 ἀκριϐῶς,
1270 1071 1408 1142 μετά
1448 1071 1620 1144 θυμοῦ
1661 1073 1757 1127 καί.
1781 1072 1977 1127 πολλοῦ

402 1154 589 1222 φόνου.
640 1153 706 1205 Τί
750 1154 861 1225 γάρ
903 1169 1103 1223 φησιν;
1138 1155 1472 1226 Εἰσήταγες
1497 1155 1681 1210 παῖδα
1706 1156 1979 1226 Ἐϐραῖον

298 1269 306 1276 ο
400 1233 710 1307 ἐμπαίζειν
766 1236 932 1306 ἡμῖν,
981 1235 1318 1300 ὀνειδίζουσα
1374 1239 1477 1311 τὴν
1535 1240 1857 1310 εὐεργεσίαν
1898 1240 1979 1313 τῷ

400 1319 594 1391 ἀνδρί·
639 1320 732 1373 καὶ
791 1319 861 1373 τά
913 1318 1104 1390 ἰμάτια
1154 1320 1471 1388 ἐπεδείκνυ,
1535 1321 1724 1395 θηρίου
1777 1323 1981 1388 παντὸς

401 1402 716 1472 ἀγριωτέρα
746 1402 1033 1473 γενομένη.
1075 1402 1218 1457 Ἀλλ’
1246 1404 1346 1458 οὐκ
1375 1406 1582 1470 ἐκεῖνος
1602 1405 1765 1461 οὕτω.
1795 1398 1908 1461 Καὶ
1926 1406 1979 1461 τί

401 1485 550 1553 λέγω
591 1484 689 1556 τὴν
743 1484 880 1554 πρὸς
925 1485 1129 1558 ταύτην
1168 1486 1406 1551 εῦνοιαν,
1444 1488 1578 1542 ὅπου
1605 1506 1670 1559 γε
1719 1491 1813 1544 καὶ
1842 1489 1981 1562 πρὸς

402 1568 534 1632 τοῦς
571 1566 857 1632 ἀνελόντας
889 1567 1151 1639 ἀδελφοὺς
1179 1570 1421 1637 τοιοῦτος
1454 1567 1544 1643 ἦν,
1576 1574 1668 1627 καί
1702 1572 1821 1627 οὐδὲ
1850 1572 1980 1646 περὶ

403 1649 630 1704 ἐκείνων
677 1649 831 1704 οὐδέν
880 1667 1013 1705 ποτε
1055 1647 1175 1706 εἷπε
1224 1652 1503 1726 δυσχερὲς,
1543 1656 1642 1709 οὐκ
1679 1655 1848 1723 ἔνδον,
1878 1652 1981 1710 οὐκ

403 1733 544 1800 ἐξω;
577 1733 676 1788 Διά
717 1733 877 1789 τοῦτο
922 1738 951 1791 ὁ
987 1736 1199 1801 Παῦλος
1237 1738 1337 1809 τὴν
1377 1739 1587 1812 μητέρα
1616 1740 1725 1794 τῶν
1757 1740 1979 1809 ἀγαθῶν

403 1818 668 1872 ἀπάντων
716 1817 922 1889 ταύτην
959 1815 1097 1873 εἶναί
1129 1836 1281 1891 φησι,
1322 1822 1415 1875 καί¹
1460 1824 1704 1893 σημείων
1740 1825 1833 1878 καὶ
1870 1824 1979 1878 τῶν

404 1899 583 1953 ἄλλων
611 1902 967 1971 χαρισμάτων
994 1902 1337 1975 προτίθησιν.
1360 1904 1572 1978 Ὠσπερ
1612 1906 1722 1979 γὰρ
1763 1907 1981 1978 χρυσῶν

408 1982 511 2052 μὲν
538 1982 772 2054 ἱματίων
819 1981 987 2038 όντων
1031 1985 1127 2038 καί⁵
1172 1986 1557 2059 ὑποδημάτων,
1605 1990 1839 2062 δεόμεθα
1885 1992 1981 2047 καὶ

404 2065 595 2148 ἐτέρου
642 2067 786 2130 τινὸς
826 2066 1180 2139 ἐνδείγματος
1213 2081 1263 2135 ι,
1308 2071 1449 2125 ὥστε
1488 2072 1584 2128 τὸν
1622 2074 1853 2146 βασιλέα
1883 2094 1982 2148 μα-

404 2147 557 2232 θείψ
595 2148 660 2232 ἂν
688 2148 745 2203 δέ
784 2150 884 2222 τὴν
917 2152 1210 2223 ἁλουργίδα
1246 2154 1445 2226 ἴδωμεν
1474 2158 1576 2232 καὶ
1620 2158 1682 2213 τὸ
1721 2147 1979 2232 διάδημα,

405 2230 567 2285 οὑδέν
614 2230 798 2318 ἐτερον
847 2233 1214 2309 ἐπιζητοῦμεν
1265 2238 1365 2310 τῆς
1403 2230 1678 2311 βασιλείας
1714 2243 1842 2298 ίδείν
1864 2230 1979 2318 ση-

410 2318 589 2401 μεξονθ
621 2315 761 2371 οὕτω
793 2318 857 2390 δὴ
900 2321 993 2373 καὶ
1019 2321 1270 2378 ἐνταῦθα.
1303 2322 1472 2379 Ὅταν
1518 2325 1580 2379 τὸ
1625 2327 1727 2398 τῆς
1762 2315 1981 2401 ἀγάπης

406 2399 681 2455 ἐπίκειται
722 2401 978 2475 διάδημα,
1027 2404 1189 2475 ἀρκεῖ
1236 2405 1405 2473 δεῖξαι
1449 2407 1544 2463 τοῦ
1578 2410 1836 2483 ιΧριστοῦ
1888 2399 1983 2468 τόν

404 2484 611 2557 ἀκριϐῆ
641 2484 909 2558 μαθητὴν,
942 2487 1040 2559 οὐχ
1067 2489 1199 2560 ἡμῖν
1223 2488 1404 2561 μόνον,
1432 2491 1571 2548 ἀλλά
1598 2497 1693 2549 καί⁸
1717 2499 1827 2561 τοῖς
1854 2498 1982 2552 ἀπί-

408 2583 576 2631 στοις.
628 2567 735 2623 Ἔν
779 2569 967 2638 τούτῳ
1006 2570 1137 2641 γὰρ,
1180 2573 1335 2643 φησὶ,
1368 2575 1701 2644 γνώσονται
1736 2578 1979 2648 πάντες,

407 2650 499 2704 ὅτι
538 2650 799 2719 μαθηταί
839 2653 958 2721 μού
999 2652 1160 2722 ἐστε,
1184 2654 1294 2710 ἐὰν
1331 2657 1599 2727 ἀγαπᾶτε
1646 2660 1979 2731 ἀλλήλους.

412 2733 578 2786 Ὥστε
606 2732 670 2786 τὸ
701 2736 926 2805 σημεῖον
953 2734 1112 2791 τοῦτο
1144 2738 1385 2809 σημείων
1411 2741 1666 2796 ἁπάντων
1694 2744 1895 2814 μεῖζον,
1932 2745 1988 2799 εί

408 2832 474 2883 γε
509 2817 566 2901 ἐν
593 2815 740 2901 αὐτῷ
764 2817 1091 2889 γνωρίζεται
1138 2821 1168 2874 ό
1208 2822 1479 2895 μαθητής.
1507 2825 1625 2880 Κᾶν
1660 2826 1769 2899 γὰρ
1814 2828 1983 2901 μυρία

410 2897 784 2983 ποιῶσίῃτινες
823 2904 1045 2973 σημεῖα,
1070 2904 1401 2968 στασιάζωσι
1435 2907 1493 2961 δὲ
1519 2908 1657 2979 πρὸς
1698 2897 1981 2983 ἀλλήλους,

411 2981 809 3067 καταγέλαστοι
840 2984 951 3049 τοῖς
973 2984 1224 3067 ἀπίστοις
1259 2986 1494 3043 ἐσονταιο
1527 2990 1715 3065 ῶσπερ
1740 2981 1843 3048 κᾶν
1875 3012 1985 3067 μη-

412 3062 503 3147 δὲν
560 3062 754 3118 ποιῶσι
805 3068 1048 3137 σημεῖον,
1095 3066 1246 3141 [298]
1296 3071 1552 3139 ἀγαπῶσι
1614 3062 1692 3128 δὲ’
1724 3062 1986 3147 ἀλλήλους

412 3146 682 3219 ἀκριϐῶς,
707 3150 801 3205 καὶ
837 3150 1106 3221 αἰδέσιμοι
1143 3154 1236 3207 καὶ
1289 3155 1576 3227 ἀχείρωτοι
1625 3161 1791 3214 πᾶσιν
1836 3146 1988 3227 ὄντες

411 3230 782 3301 διαμένουσιν.
833 3234 988 3290 Ἐπεί
1024 3237 1120 3291 καὶ
1157 3237 1370 3293 Παῦλον
1398 3239 1488 3294 διά
1514 3240 1674 3296 τοῦτο
1714 3244 1989 3316 θαυμάζοο

417 3330 540 3396 μεν,
575 3315 638 3369 οὐ
669 3315 760 3370 διὰ
793 3318 918 3382 τοὺς
953 3320 1179 3391 νεκροὺς
1218 3319 1311 3385 οὒς
1338 3322 1577 3396 ήγειρεν,
1609 3325 1728 3381 οὑδέ
1750 3315 1839 3382 διά
1865 3329 1989 3394 τοὺς

415 3394 653 3466 λεπροὺς
710 3397 806 3463 οὓς
851 3400 1196 3473 ἐκαθάρισεν,
1254 3404 1371 3459 ἀλλ’
1410 3394 1598 3479 ἐπειδὴ
1652 3409 1829 3479 ἔλεγε,
1895 3411 1991 3478 Τίς

417 3480 681 3545 ἀσθενεῖ,
711 3481 809 3537 καὶ
834 3485 947 3538 οὐκ
970 3484 1208 3541 ἀσθενῶ
1225 3504 1245 3552 ;
1264 3488 1358 3557 τίς
1386 3492 1866 3559 σκανδαλίζεται,
1891 3494 1992 3549 καὶ

417 3566 530 3620 οὐκ
556 3563 674 3653 ἐγὼ
696 3567 1029 3653 πορσῦμαα
1052 3571 1172 3625 Κάν
1200 3572 1310 3644 γάρ
1335 3575 1501 3646 μυρία
1529 3576 1667 3648 πρὸς
1690 3577 1862 3633 ταῦτα
1894 3579 1993 3653 θῇς

418 3649 646 3717 σημεῖα,
670 3649 826 3703 οὐδὲν
855 3651 968 3706 ίσον
989 3653 1153 3724 ἐρείςο
1185 3655 1308 3709 ἐπεὶ
1330 3657 1423 3711 καί
1444 3657 1607 3722 αὐτὸς
1638 3659 1829 3730 μισθὸν
1857 3649 1996 3717 ἀπο-

418 3730 633 3785 κεῖσθαι
685 3733 862 3801 μέγαν
908 3732 1111 3806 ἔφησεν
1168 3737 1341 3809 αὐτῷ,
1397 3740 1499 3794 οὐκ
1548 3741 1735 3814 ἐπειδὴ
1793 3746 1995 3815 σημεῖα

418 3815 613 3881 ἐποίει,
643 3815 761 3871 ἀλλ’
789 3817 976 3890 ἐπειδὴ
1004 3821 1118 3882 τοῖς
1142 3819 1427 3875 ἀσθενοῦσι
1469 3824 1694 3892 γέγονεν
1726 3826 1803 3891 ὼς
1830 3826 1995 3882 ἀσθεο

417 3896 540 3966 νής.
574 3898 671 3965 Πς
703 3898 812 3970 γάρ
833 3900 953 3969 μού
987 3900 1140 3966 ἐστι,
1175 3904 1359 3975 φησὶν,
1389 3908 1423 3959 ό
1446 3908 1699 3976 μισθός;
1730 3908 1864 3964 Ἵνα
1892 3912 1996 3966 εὐ·

415 3978 893 4052 αγγελιζόμενος,
930 3983 1245 4041 ἀδάπανον
1293 3986 1461 4055 θήσω
1503 3989 1571 4044 τὸ
1600 3993 1993 4061 libum-utor.

418 4061 537 4115 Καὶ
565 4063 694 4118 ὅταν
732 4064 844 4120 τῶν
866 4067 1183 4124 ἀποστόλων
1220 4070 1410 4125 ἐαυτὸν
1444 4072 1698 4146 προτιθῇ,
1730 4075 1792 4131 οὑ
1822 4075 1995 4147 λέγει,

487 4220 516 4247 ⁸
544 4206 803 4274 legem
820 4212 1090 4278 ἐνδύματος.

1447 287 1516 343 IN
1557 287 1775 345 EPIST.
1814 288 1830 343 I
1876 288 1965 342 AD
2000 287 2159 344 (ΞΟΠ.
2200 287 2438 347 HOMIL.
2470 288 2723 347 XXXIII.

3551 301 3655 357 276

2077 411 2446 482 Περισσότερα
2475 412 2655 466 αὐτῶν
2683 417 2884 484 σημεῖα
2905 412 3157 484 ἐποίησα·
3188 414 3346 482 ἀλλά,
3372 417 3661 486 Περισσός

2073 511 2250 563 τερον
2295 493 2494 549 αὐτῶν
2537 496 2855 551 ἐκοπίασα.
2900 497 3009 551 Καὶ
3055 497 3199 570 λιμῷ
3249 498 3306 554 δέ
3360 500 3449 554 διά
3499 501 3662 558 τοῦτο

2075 576 2329 631 ἐϐούλετο
2356 575 2647 631 ἀποθανεῖν
2669 578 2757 631 διὰ
2786 579 2885 650 τὴν
2916 581 3194 652 σωτηρίαν
3226 580 3339 636 τῶν
3375 582 3656 654 μαθητῶνο

2076 657 2281 712 Καλὸν
2316 658 2424 731 γάρ
2469 676 2571 729 μοι
2605 658 2868 729 μᾶλλον,
2908 662 3098 733 φησὶν,
3140 663 3488 731 ἀποθανεῖν,
3523 664 3562 733 ἢ
3593 665 3666 719 τὸ

2075 739 2357 810 καύχημά
2383 758 2504 809 μου
2531 742 2632 795 ἵνα
2657 760 2748 808 τις
2773 743 3034 812 κενώσῃθ
3056 745 3158 800 οὐκ
3179 746 3366 819 ἐπειδὴ
3393 749 3663 820 ἐκαυχᾶτο

2076 822 2259 887 αὑτὸς,
2300 823 2414 877 ἀλλ’
2448 823 2536 877 ἵνα
2578 825 2652 896 μὴ
2681 825 2806 898 δόξῃ
2833 826 3112 891 ὀνειδίζειν
3158 829 3361 893 αὐτοῖς.
3405 830 3661 900 Οὑδαμοῦ

2076 905 2186 975 γὰρ
2218 902 2325 960 οἶδε
2359 906 2667 978 καυχᾶσθαι
2692 908 2786 960 ἐπὶ
2820 911 2933 973 τοῖς
2957 909 3122 964 αὑτοῦ
3153 912 3558 985 κατορθώμασι,
3584 913 3661 986 μὴ

2077 988 2369 1053 καλοῦντος
2435 989 2651 1061 καιροῦ,
2708 990 2845 1046 ἀλλά
2905 994 3008 1047 κᾶν
3065 993 3410 1068 ἀναγκασθῇ,
3442 996 3659 1069 ἄφρονα

2083 1071 2279 1125 ἐαυτὸν
2308 1070 2481 1126 καλεῖ.

2148 1156 2212 1208 Εἰ
2244 1155 2302 1208 δέ
2349 1172 2480 1208 ποτε
2506 1154 2601 1208 καὶ
2633 1158 2928 1227 καυχᾶται,
2960 1158 3019 1211 ἐν
3048 1158 3373 1223 ἀσθενείαις,
3406 1162 3466 1213 ἐν
3496 1161 3660 1234 ὕϐρε-

2081 1254 2186 1303 σιν,
2217 1240 2278 1292 ἐν
2309 1238 2388 1309 τῷ
2414 1239 2660 1311 σφοδρῶς
2703 1241 2987 1310 συναλγεῖν
3025 1244 3138 1305 τοῖς
3177 1243 3657 1315 ἐπηρεαζομένοις·

2078 1321 2267 1394 ῶσπερ
2296 1318 2389 1377 οῦν
2418 1323 2513 1376 καὶ
2543 1321 2779 1377 ἐνταῦθά
2811 1340 2967 1396 φησι,
2999 1323 3097 1391 Τίς
3120 1325 3384 1389 ἀσθενεῖ,
3417 1327 3515 1381 καὶ
3547 1331 3659 1383 οὐκ

2078 1403 2349 1468 ἁσθενῶ;
2370 1403 2554 1458 Ταῦτα
2579 1404 2674 1458 καὶ
2700 1404 2960 1460 κινδύνων
2999 1407 3167 1478 μείζω
3195 1407 3265 1462 τά
3300 1409 3542 1480 ῥήματα·
3573 1411 3656 1465 διὸ

2080 1488 2176 1542 καί
2201 1487 2430 1558 ὕστερον
2452 1487 2592 1542 αὑτά
2611 1488 2844 1561 τίθησιν,
2872 1489 3051 1557 αὔξων
3076 1491 3169 1546 τὸν
3190 1491 3366 1560 λόγον.
3394 1492 3549 1560 Τίνος
3568 1491 3662 1549 οὖν

2081 1569 2148 1624 ἀν
2174 1568 2367 1641 εἴημεν
2401 1567 2541 1634 ἄξιοι
2584 1570 2745 1642 ἡμεῖς
2770 1572 2905 1643 πρὸς
2935 1574 3142 1627 ἐκεῖνον
3174 1572 3575 1647 ἐξεταζόμενοι,
3609 1577 3660 1630 οἰ

2083 1653 2224 1725 μήτε
2273 1652 2575 1725 χρημάτων
2615 1654 3086 1726 καταφρονοῦντες
3132 1656 3200 1710 δι’
3237 1659 3387 1729 ἡμᾶς
3439 1659 3659 1722 αὐτοὺς,

2081 1736 2219 1807 μήτε
2268 1735 2339 1789 τά
2381 1735 2613 1808 περιττά
2657 1737 2971 1807 προϊέμενοι
3002 1739 3110 1792 τῶν
3142 1738 3350 1806 δντωνς
3393 1741 3531 1794 Ἀλλ’
3561 1742 3662 1794 οῦκ

2079 1817 2285 1880 ἐκεῖνος
2313 1814 2507 1880 οὕτως,
2543 1816 2680 1870 ἀλλά
2708 1818 2802 1871 καὶ
2826 1818 2925 1890 τὴν
2951 1819 3129 1891 ψυχὴν
3154 1821 3250 1875 καὶ
3275 1822 3336 1875 τὸ
3370 1822 3529 1895 σῶμα
3556 1823 3660 1877 ἐπα

2079 1899 2272 1968 εδίδου,
2299 1899 2385 1953 ἵνα
2405 1900 2455 1953 οἰ
2478 1898 2802 1965 λιθάσαντες
2822 1901 2983 1956 αὐτὸν
3011 1904 3105 1957 καί
3129 1904 3477 1974 ραπίσαντες,
3506 1906 3661 1975 βασι-

2077 1983 2228 2046 λείας
2256 1983 2609 2053 ἐπιτύχωσιν.
2636 1982 2792 2037 Οῦτω
2819 1984 2929 2056 γάρ
2963 2002 3054 2056 με,
3089 1985 3273 2057 φησὶν,
3299 1988 3522 2059 ἀγαπᾷν
3546 1987 3661 2042 ἐδί-

2078 2064 2237 2134 δαξεν
2261 2067 2289 2119 ὁ
2308 2064 2565 2136 Χριστὸς,
2593 2065 2624 2118 δ
2644 2064 2743 2137 τὴν
2773 2066 2943 2138 καλὴν
2972 2067 3194 2140 ἐντολὴν
3218 2069 3535 2123 καταλιπὼν
3557 2070 3660 2140 τὴν

2079 2149 2209 2221 περὶ
2246 2146 2347 2217 τῆς
2374 2147 2617 2219 ἀγάπης,
2642 2147 2738 2202 καί.
2757 2148 2826 2221 ἣν
2850 2149 3012 2213 αὐτὸς
3035 2150 3126 2205 διὰ
3149 2151 3258 2205 τῶν
3284 2151 3460 2224 ἔργων
3492 2152 3662 2222 ἐπλή-

2084 2248 2245 2307 ρωσε.
2270 2232 2381 2285 Καὶ
2402 2230 2513 2302 γὰρ
2543 2229 2797 2302 βασιλεὺς
2822 2232 2933 2287 τῶν
2960 2233 3099 2288 ὅλων
3115 2236 3420 2306 τυγχάνων,
3445 2235 3660 2304 καὶτῆς

2084 2313 2359 2387 μακαρίας
2387 2313 2602 2385 ἐκείνης
2628 2313 2843 2384 φύσεως
2867 2313 2964 2379 ῶν,
2999 2318 3336 2389 ἀνθρώπους,
3356 2317 3449 2383 οὓς
3476 2319 3535 2386 ἐξ
3560 2319 3662 2374 οὑκ

2079 2398 2249 2453 όντων
2276 2396 2520 2469 ἐποίησε,
2551 2396 2647 2451 καὶ
2679 2395 2773 2461 οὓς
2814 2398 3003 2470 μυρία
3027 2399 3389 2472 εὐηργέτησε,
3434 2401 3661 2466 τούτους

2082 2478 2405 2552 ὑϐρίζοντας
2455 2479 2550 2532 καὶ
2599 2478 2958 2546 διαπτύοντας
3001 2482 3103 2537 οὐκ
3145 2484 3495 2556 ἀπεστράφη,
3523 2483 3663 2538 ἀλλά

2081 2562 2179 2616 καὶ
2208 2562 2497 2633 ἄνθρωπος
2526 2562 2743 2630 ἐγένετο
2773 2562 2841 2616 δι’
2867 2564 3086 2630 αὐτοὺς,
3112 2566 3209 2620 καί.
3247 2565 3660 2639 συνανεστράφη

2082 2644 2311 2716 πόρναις
2340 2644 2436 2699 καὶ
2459 2643 2739 2709 τελώναις,
2763 2646 2858 2701 καὶ
2884 2647 3010 2711 τοὺς
3030 2648 3404 2721 δαιμονῶντας
3449 2651 3657 2713 ἰάσατο,

2084 2728 2179 2780 καὶ
2200 2727 2291 2782 τὸν
2319 2727 2548 2799 οὐρανὸν
2575 2728 2957 2799 ἐπηγγείλατο.
2981 2730 3093 2785 Καὶ
3124 2731 3262 2802 μετά
3285 2732 3459 2786 ταῦτα
3484 2733 3664 2787 πάντα

2081 2807 2339 2874 λαϐόντες
2384 2810 2546 2869 αὑτὸν
2599 2812 2925 2883 ἐρράπισαν,
2976 2813 3196 2883 ἔδησαν,
3256 2814 3662 2886 ἐμαστίγωσαν,

2086 2892 2473 2963 κατεγέλασαν,
2498 2893 2654 2972 τέλος
2684 2894 3055 2968 ἐσταύρωσαν.
3083 2898 3191 2951 Καὶ
3219 2897 3340 2951 οῦδέ
3367 2897 3539 2962 οὕτως
3560 2898 3665 2951 ἀπ·-

2085 2977 2400 3050 εστρέφετο,
2432 2976 2568 3033 ἀλλά
2615 2979 2711 3033 καί
2750 2980 2863 3034 ἀνω
2891 2981 2967 3034 ὢν
3007 2983 3067 3035 ἐν
3108 2979 3187 3051 τῷ
3226 2981 3463 3052 σταυρῷ,
3507 2980 3661 3051 φησί’

2083 3060 2298 3129 Πάτερ,
2336 3059 2487 3130 ἇςρες
2522 3060 2728 3129 αὐτοῖς
2771 3062 2888 3132 τὴν
2944 3065 3258 3133 ἁμαρτίαν.
3314 3063 3419 3117 Τὸν
3464 3063 3522 3118 δέ
3558 3062 3666 3135 πρὸ

2084 3142 2278 3197 τούτου
2301 3143 2711 3215 κατηγοροῦντα
2747 3145 2952 3220 λῃστὴν
2980 3147 3074 3201 καὶ
3096 3148 3178 3211 είς
3205 3146 3533 3218 παράδεισον
3554 3146 3668 3199 είσ-

2085 3224 2287 3297 ήγαγε,
2331 3225 2427 3280 καὶ
2456 3224 2551 3279 τὸν
2582 3226 2819 3299 διώκτην
2852 3229 3064 3284 Παῦλον
3092 3229 3389 3284 ἀπόστολον
3418 3228 3666 3299 ἐποίησε,

2086 3308 2184 3364 καὶ
2212 3308 2339 3373 τοῦς
2363 3309 2596 3374 οἰκείους
2626 3312 2753 3375 τοὺς
2778 3312 2943 3367 αὑτοῦ
2970 3313 3065 3367 καὶ
3092 3312 3488 3385 ἀνακειμένους
3519 3310 3669 3383 αὐτῷ

2092 3391 2340 3465 μαθητὰς
2363 3393 2441 3455 εἰς
2466 3392 2695 3449 θάνατον
2723 3396 2955 3464 ἐξεδίδου
2984 3396 3073 3451 διά
3090 3397 3218 3461 τοὺς
3247 3395 3669 3467 σταυρώσαντας

2089 3474 2252 3530 αὐτὸν
2305 3475 2617 3542 Ἰουδαίους.
2653 3479 2820 3533 Ταῦτ’
2864 3478 2958 3534 οῦν
3014 3481 3228 3535 ἅπαντα
3283 3478 3414 3550 παρ’
3456 3479 3673 3542 ἐαυτοῖς

2092 3556 2443 3627 συλλέγοντες
2485 3559 2557 3613 τά
2581 3558 2676 3614 τοῦ
2709 3561 2868 3629 Θεοῦ,
2896 3561 2968 3615 τά
2991 3562 3099 3617 τῶν
3135 3562 3459 3635 ἀνθρώπων,
3497 3560 3673 3632 ζηλώρ

2092 3658 2276 3713 σωμεν
2301 3640 2476 3696 ταῦτα
2500 3642 2571 3696 τά
2605 3644 3031 3718 κατορθώματα,
3054 3646 3150 3700 καὶ
3176 3647 3275 3719 τὴν
3312 3644 3673 3717 χαρισμάτων

2091 3723 2354 3779 ἁπάντων
2377 3726 2659 3797 ἀνωτέραν
2690 3728 3023 3800 κτησώμεθα
3050 3731 3292 3801 ἀγάπην,
3325 3729 3411 3783 ῐνα
3451 3727 3675 3782 καὶτῶν

2091 3806 2376 3884 παρόντων
2433 3808 2529 3862 καὶ
2559 3809 2668 3862 τῶν
2704 3811 3007 3881 μελλόντων
3042 3813 3389 3884 ἐπιτύχωμεν
3430 3811 3671 3882 ἀγαθῶν·

2092 3883 2169 3946 ὧν
2209 3889 2421 3959 γένοιτο
2459 3891 2666 3957 πάντας
2699 3896 2847 3965 ἡμᾶς
2877 3896 3176 3966 ἐπιτυχεῖν,
3205 3883 3387 3966 χάριτι
3429 3897 3524 3949 καί.
3551 3894 3674 3963 φιλ-

2099 3972 2380 4049 ανθρωπίᾳ
2616 3975 2711 4029 τοῦ
2754 3977 2958 4048 Κυρίου
3006 3978 3165 4049 ήμῶν
3208 3977 3383 4047 Ἰησοῦ
3412 3975 3676 4047 Χριστοῦ,

2096 4047 2291 4131 μεθόὒ
2314 4056 2392 4128 τῷ
2418 4057 2615 4127 Πατρὶ,
2636 4057 2753 4129 ἀμα
2773 4058 2850 4131 τῷ
2871 4060 3013 4132 ἁγίῳ
3030 4047 3337 4130 Πνεύματι,
3362 4057 3511 4122 δόξα,
3535 4056 3676 4127 κρά-

2093 4156 2207 4204 τος,
2240 4140 2398 4212 τιμὴ,
2420 4139 2515 4195 νῦν
2535 4141 2630 4196 καί⁸
2653 4141 2761 4206 ἀεὶ,
2795 4144 2888 4199 καὶ
2912 4144 2993 4209 εἰς
3024 4144 3151 4208 τοὺς
3178 4140 3381 4209 αἰῶνας
3408 4139 3518 4195 τῶν
3544 4137 3676 4195 αίώ-

2097 4237 2227 4276 νων.
2262 4221 2458 4294 Ἀμήν.

1819 4648 2065 4703 OMIAIA
2111 4650 2233 4706 AI".

429 4799 489 4860 Ἡ
521 4800 730 4876 ἀγάπη
768 4806 1154 4878 μακροθυμεῖ,
1210 4806 1625 4877 χρηστεύεται,
1671 4804 1746 4860 οὐ
1800 4801 1992 4875 ζηλοῖ,

695 4891 769 4943 οὐ
797 4890 1237 4960 περπερεύεται,
1271 4893 1345 4945 οὐ
1383 4891 1729 4962 φυσιοῦται.

487 5061 556 5112 α’.
594 5056 811 5127 Ἐπειδὴ
850 5057 956 5130 γὰρ
996 5052 1332 5128 ἀπεφήνατο,
1359 5055 1440 5109 ὅτι
1477 5055 1572 5110 καὶ
1618 5053 1852 5116 πίστεως
1897 5052 1993 5109 καὶ

416 5142 676 5208 γνώσεως
711 5143 804 5196 καί
827 5140 1165 5214 προφητείας
1189 5140 1285 5192 καὶ
1309 5139 1570 5208 γλωσσῶν
1592 5138 1690 5191 καὶ
1714 5136 1986 5207 χαρισμά-

413 5242 526 5278 των
557 5227 652 5280 καὶ
673 5226 921 5298 ἰαμάτων
948 5228 1041 5283 καί
1072 5224 1186 5296 βίου
1214 5223 1384 5296 ἀκρου
1413 5230 1507 5277 καὶ
1535 5220 1835 5294 μαρτυρίου
1863 5219 1989 5274 ταύ-

411 5324 518 5379 της
548 5308 796 5383 ἀπούσης
827 5309 982 5365 οὐδὲν
1017 5308 1209 5378 ῦφελος
1245 5307 1406 5377 μέγα,
1456 5305 1771 5374 ἀναγκαίως
1801 5304 1989 5359 λοιπὸν

413 5391 729 5463 ὑπογράφει
760 5393 821 5447 τδ
850 5392 1047 5456 κάλλος
1082 5391 1253 5462 αὐτῆς
1287 5389 1348 5443 τὸ
1395 5390 1698 5461 ἀμήχανον,
1731 5390 1988 5462 καθάπερ

409 5476 529 5529 τισὶ
573 5474 833 5546 χρώμασι
880 5478 999 5539 τοῖς
1052 5474 1245 5546 μέρεσι
1284 5473 1384 5545 τῆς
1439 5473 1642 5544 ἀρετῆς
1670 5473 1768 5546 τὴν
1803 5473 1990 5528 εἰκόνα

412 5557 588 5627 αὐτῆς
634 5558 1024 5629 κατακοσμῶν,
1077 5556 1175 5611 καὶ
1219 5555 1291 5609 τά
1339 5555 1474 5627 μέλη
1513 5557 1682 5628 αὐτῆς
1719 5558 1990 5623 συντιθεὶς

418 5640 556 5713 μετά
616 5640 905 5711 ἀκριϐείας
963 5638 1198 5694 ᾶπαντα.
1256 5637 1421 5693 Ἀλλά
1476 5639 1550 5709 μὴ
1600 5641 1988 5716 παραδράμῃς,

415 5724 691 5795 ἀγαπητέ,
742 5725 812 5780 τὰ
863 5723 1155 5793 λεγόμενα,
1194 5721 1308 5776 ἀλλ’
1355 5721 1587 5779 ¹ἑκαστον
1620 5724 1799 5780 αὐτῶν
1849 5725 1989 5797 μετά

2095 4805 2300 4879 πολλῆς
2340 4806 2564 4875 ἐξέταζε
2607 4808 2706 4880 τῆς
2747 4807 3086 4881 ἐπιμελείας,
3120 4810 3209 4865 ἵνα
3258 4810 3353 4865 καὶ
3394 4811 3488 4866 τοῦ
3526 4815 3669 4888 πράο

2095 4905 2302 4961 γματος
2340 4892 2488 4965 εἰδῇς
2529 4893 2623 4946 τὸν
2658 4892 2955 4964 θησαυρὸν,
2997 4893 3092 4945 καὶ
3120 4892 3214 4946 τοῦ
3251 4894 3544 4966 ζωγράφου
3574 4898 3675 4969 τὴν

2088 4974 2306 5045 τέχνην.
2340 4977 2539 5029 Σκόπει
2593 4973 2726 5044 γοῦν
2768 4975 2931 5028 πόθεν
2971 4975 3174 5040 εὐθέως
3225 4977 3448 5051 ἤρξατο,
3497 4981 3590 5033 καί
3617 4982 3673 5035 τί

2089 5057 2301 5113 τέθεικε
2334 5058 2551 5130 πρῶτον
2574 5057 2634 5111 τὸ
2666 5057 2885 5113 πάντων
2918 5058 3090 5113 αίτιον
3116 5059 3224 5112 τῶν
3251 5060 3494 5129 ἀγαθῶν.
3522 5062 3589 5116 Τί
3615 5063 3670 5118 δὲ

2086 5139 2246 5193 τοῦτό
2299 5142 2446 5208 ἐστι;
2499 5140 2903 5213 Μακροθυμία⁹
2955 5140 3094 5212 αῦτη
3146 5143 3248 5214 τῆς
3293 5145 3608 5214 φιλοσοφίας
3635 5148 3672 5216 ἡ

2097 5222 2221 5306 ῥίζα
2251 5223 2449 5294 πάσης.
2479 5224 2570 5277 Διδ
2596 5224 2690 5278 καί
2717 5242 2799 5306 τις
2836 5224 2998 5295 σοφὸς
3026 5224 3180 5294 ἔλεγε
3204 5242 3220 5257 ο
3273 5228 3672 5306 Μακρόθιιμος

2093 5304 2248 5375 ἀνὴρ
2279 5306 2473 5374 πολὺς
2499 5308 2570 5361 ἐν
2597 5305 2911 5377 φρονήσει,
2939 5310 2972 5361 ὁ
2993 5306 3063 5361 δὲ
3098 5309 3469 5379 (mn-dme
3499 5304 3670 5378 ισχυ-

2084 5386 2210 5456 ρῶς
2263 5388 2485 5459 ἄφρων.
2539 5389 2650 5444 Καὶ
2702 5389 2859 5442 πόλει
2905 5388 2962 5443 δέ
3010 5389 3346 5461 παραϐαλὼν
3389 5392 3483 5444 καί
3527 5392 3667 5463 αὐτῇ

2097 5472 2312 5543 ἰσχυρᾷ,
2346 5471 2761 5543 ἀσφαλεστέραν
2794 5471 2965 5542 αὐτὴν
3014 5471 3217 5543 ἔφησεν
3266 5473 3483 5545 ἐκείνης
3506 5467 3666 5531 εἶναι.

2095 5556 2205 5611 Καὶ
2233 5558 2343 5628 γὰρ
2367 5556 2529 5609 ὅπλον
2565 5556 2710 5609 ἐστὶν
2736 5554 2970 5624 ἄμαχον,
3002 5555 3097 5607 καὶ
3138 5552 3350 5627 πύργος
3384 5572 3464 5618 τις
3491 5557 3668 5630 ἀρῤα..

2095 5641 2218 5712 γης,
2250 5639 2428 5694 πάντα
2473 5636 2873 5709 διακρουομένη
2914 5634 3116 5709 ῥᾳδίως
3148 5637 3218 5691 τά
3271 5637 3511 5713 λυπηρά.
3559 5642 3670 5695 Καὶ

2096 5722 2346 5794 καθάπερ
2378 5723 2457 5786 εἰς
2479 5720 2714 5775 ἄϐυσσον
2740 5717 2975 5792 σπινθὴρ
3000 5719 3259 5791 ἐμπεσὼν
3308 5723 3524 5796 ἐκείνην
3569 5724 3667 5793 μιν
